4012 6196
282 349 2161 386 *ΨΜ-*Ἢ

1108 498 1502 553 EMINENTISS.
1537 504 1615 556 ΕΤ
1649 502 2096 559 REVEBENDISS.
2132 510 2426 574 PRINCIPI,
2462 512 2542 563 ET
2577 513 2635 563 D.
2674 512 2734 564 Ι).

662 652 1201 787 FBANCISCO
1253 662 1698 791 ANTON10
1750 667 1884 793 DE
1940 669 2534 799 LORENZANA
2582 675 2711 800 ET
2758 676 3167 805 BUTRON

272 900 329 945 I.
375 901 433 941 ll.
471 898 528 941 Β.
563 900 976 946 PRESBYTERO
1018 906 1384 966 CARDINALI,
1420 913 1909 958 ABCBIBPISCOPO
1939 917 2299 971 TOLETANO,
2336 918 2769 961 ηῐενΑΜΑιιυιι
2806 920 3068 964 PIUHATI
3130 922 3208 964 ΕΤ
3232 922 3548 969 GENEBAIJ

358 988 1214 1055 INQUISITORi,CANCBLLAIIIO
1248 1013 1474 1056 ιιηοιη
1503 1015 1862 1072 ηΑετιειιΑε,
1899 1018 1936 1059 ιι

1962 1018 2048 1061 ζῧῐ
2087 1020 2119 1060 Δ
2152 1019 2454 1063 οοςειιιιε
2490 1018 2750 1078 ετΑτυε,
2786 1018 3113 1063 ιιιιιζοιιιιι
3145 1022 3318 1065 RBG“
3352 1022 3546 1067 onm-

358 1104 456 1147 N.S
489 1104 816 1150 HXSPANICI
847 1106 1071 1153 CAROLI
1102 1111 1175 1153 HI
1230 1114 1445 1157 MAGNA
1478 1114 1683 1160 CRUCE
1711 1117 1942 1160 INSIGNI

647 1105 816 1150 ANICI
847 1106 1071 1153 CAROLI
1102 1111 1175 1153 HI
1230 1114 1445 1157 MAGNA
1478 1114 1683 1160 οιιυεις
1711 1117 2058 1173 INSIGNITO,
2094 1117 2231 1161 κτα.

1452 1259 1885 1323 FAUSTINUS
1926 1263 2368 1325 AREVALUS.

346 1391 502 1455 Quod
531 1395 619 1447 diu
651 1397 962 1469 multumque
1013 1399 1295 1455 doctissimi
1342 1402 1525 1473 quique
1570 1403 1885 1472 exoptabani
1912 1443 1927 1469 ,
1982 1404 2037 1457 ut
2078 1402 2270 1459 lsidori
2307 1404 2618 1459 sanctissimi
2646 1404 2979 1473 Iiispalensis
3004 1406 3265 1476 pontiﬁcis
3304 1420 3459 1476 Opera
3487 1425 3547 1463 eo

269 1486 413 1539 cultu
441 1502 598 1556 eoque
625 1488 826 1554 ordine,
852 1491 938 1559 qui
968 1499 1173 1544 aetatem
1198 1492 1331 1546 hanc
1360 1504 1590 1548 nostram
1639 1497 1873 1560 deceret,
1922 1496 2090 1551 denuo
2118 1498 2171 1550 in
2202 1496 2364 1550 lucem
2391 1497 2676 1565 prodirent,
2697 1498 2877 1567 idpost
2902 1506 2974 1551 tot
2999 1498 3175 1552 irritos
3205 1500 3545 1567 plurimorum

266 1585 484 1628 conatus
514 1578 650 1644 quod
672 1594 766 1647 ego
791 1589 1038 1646 praestare
1062 1582 1118 1635 in
1146 1599 1226 1636 me
1245 1584 1610 1652 reccperim,in
1636 1586 1807 1639 varias
1831 1586 2055 1656 fortasse
2082 1587 2499 1656 reprehensiones
2521 1586 2805 1641 incurram.
2830 1588 3019 1641 Verum
3048 1589 3178 1642 nihil
3204 1606 3266 1642 ea
3296 1590 3359 1642 de
3383 1606 3544 1643 causa

267 1665 337 1719 ab
362 1664 570 1735 incepto
599 1668 892 1733 deterritus,
924 1680 973 1724 te
999 1681 1229 1736 auclore,
1257 1682 1305 1727 et
1337 1678 1544 1744 auspice
1566 1716 1582 1742 ,
1632 1675 1883 1745 princeps
1911 1675 2367 1744 eminentissime,
2419 1678 2472 1731 in
2504 1693 2601 1748 quo
2630 1693 2732 1730 uno
2771 1685 2821 1730 et
2867 1695 2983 1744 spes
3009 1688 3058 1733 et
3095 1681 3229 1732 ratio
3255 1680 3543 1733 studiorum

266 1773 499 1811 meorum
528 1765 605 1810 est
634 1760 802 1812 omnis
833 1762 1080 1828 reposita,
1112 1763 1283 1833 majus
1318 1764 1471 1816 etiam
1498 1765 1763 1834 quiddam,
1796 1781 1948 1837 quam
1977 1774 2225 1837 quantum
2254 1767 2473 1821 aliorum
2504 1767 2633 1819 votis
2664 1768 2793 1819 satis
2820 1783 2931 1821 esse
2956 1777 3146 1838 posset,
3176 1768 3392 1839 aggredi
3428 1785 3540 1821 sum

266 1866 449 1904 ausus.
477 1850 604 1905 Cum
642 1854 777 1906 enim
799 1853 948 1906 multi
971 1857 1227 1924 prtcclara
1253 1857 1508 1921 doctrina,
1542 1866 1592 1909 et
1631 1857 1838 1926 ingenio
1878 1858 1973 1912 viri
2016 1872 2130 1911 cum
2157 1865 2363 1929 patrum
2406 1866 2457 1910 et
2498 1858 2755 1927 majorum
2792 1859 3043 1912 memoria
3065 1899 3081 1925 ,
3130 1868 3235 1911 tum
3262 1859 3359 1911 hac
3384 1858 3541 1911 etiam

265 1956 447 2001 nostra
477 1950 581 2003 sive
608 1949 663 2002 in
695 1949 921 2017 Operum
949 1950 1179 2003 omnium
1210 1948 1272 2005 S.
1299 1948 1515 2016 Isidori,
1542 1951 1646 2003 sive
1671 1952 1725 2003 in
1756 1950 1905 2021 hujus
1934 1950 2011 2004 uel
2038 1951 2180 2004 illius
2210 1959 2409 2004 tantum
2434 1951 2709 2004 editionem
2738 1951 3125 2021 perpoliendam
3150 1948 3543 2004 absolvendum-

264 2057 362 2110 que
390 2040 632 2110 diligenti
660 2041 831 2095 studio
861 2040 1204 2105 incubuerint,
1237 2058 1451 2109 quorum
1472 2042 1926 2095 commentationes
1956 2042 2149 2110 partim
2186 2041 2349 2110 prwlo
2372 2041 2477 2094 illa:
2500 2041 2704 2110 quidem
2740 2039 3020 2109 subjectis,
3059 2040 3150 2093 sed
3178 2041 3453 2109 dispersae,
3491 2046 3543 2092 et

265 2148 391 2186 raro
422 2132 581 2186 obsite
608 2142 761 2199 sunt,
794 2132 985 2201 partim
1008 2132 1176 2184 adhuc
1201 2147 1326 2184 mss.
1358 2130 1607 2194 latebant,
1635 2147 1739 2184 non
1766 2131 1895 2183 satis
1924 2145 2005 2183 me
2032 2138 2121 2182 aut
2164 2129 2407 2182 charitati
2436 2129 2713 2199 pietatique
2740 2128 2987 2182 adversus
3028 2127 3305 2198 Hispania:
3345 2139 3540 2182 nostra:

267 2223 578 2291 Doetorem,
635 2233 726 2277 aut
772 2231 921 2294 grato
960 2223 1136 2276 animo
1184 2221 1431 2275 adversus
1469 2237 1557 2275 eos
1597 2220 1684 2291 qui
1729 2237 1810 2274 res
1863 2228 2033 2291 gestas
2081 2218 2191 2287 ejus
2235 2217 2710 2285 lucubrationesque
2754 2217 3107 2284 illustrarunt,
3139 2219 3396 2286 facturum
3425 2234 3537 2271 esse

263 2314 578 2377 existimavi,
611 2313 710 2366 nisi
724 2313 912 2365 “omnia
938 2311 1162 2366 aliorum
1190 2309 1501 2381 ejuscemodi
1547 2310 1740 2378 scripta
1766 2349 1781 2375 ,
1832 2310 1940 2362 suis
1969 2324 2180 2379 quceque
2215 2308 2340 2361 locis
2370 2318 2489 2373 apte
2538 2307 2825 2376 disposita,
2878 2308 2934 2360 in
2978 2323 3138 2361 unum
3172 2308 3327 2361 ueluti
3356 2323 3541 2377 corpus

263 2404 584 2473 colligerem,
615 2412 688 2468 et,
719 2400 883 2453 sicubi
912 2416 1040 2464 opus
1059 2415 1170 2453 esse
1194 2399 1484 2466 videretur,
1523 2398 1593 2451 ad
1636 2399 1740 2451 veri
1769 2414 2007 2453 normam
2038 2412 2352 2451 revocarem.
2396 2393 2483 2449 Ita
2523 2397 2757 2466 profecto
2796 2386 2931 2465 ﬁet,
2978 2407 3035 2450 ut
3080 2397 3298 2468 adjectis
3329 2397 3393 2451 iis
3428 2413 3541 2465 qua:

264 2512 361 2567 pro
387 2512 501 2548 mea
530 2495 665 2548 virili
691 2503 839 2563 parte
867 2494 1166 2564 adjicienda
1190 2509 1303 2547 esse
1326 2493 1530 2557 censui,
1574 2492 1684 2545 haec
1712 2508 1824 2545 mea
1852 2492 2007 2545 unius
2046 2490 2203 2544 editio
2230 2490 2399 2543 instar
2427 2490 2650 2543 aliarum
2690 2494 2919 2543 omnium
2958 2488 3135 2543 haberi
3164 2491 3342 2557 possit.
3385 2488 3538 2553 Quod

262 2602 431 2640 meum
461 2584 739 2639 consilium
760 2586 805 2638 si
831 2583 950 2648 tibi,
996 2583 1242 2655 princeps
1271 2582 1725 2645 eminentissime,
1776 2580 2098 2650 probabitur,
2144 2581 2223 2635 vel
2273 2581 2442 2651 potius
2480 2580 2726 2651 quoniam
2766 2579 2978 2651 probari
3003 2582 3096 2635 tibi
3117 2582 3232 2652 jam
3260 2582 3491 2637 intellexi
3515 2622 3531 2645 ,

262 2693 367 2731 non
409 2675 589 2729 dubito
626 2676 749 2747 quin
789 2674 919 2728 illud
947 2676 1104 2727 etiam
1134 2677 1307 2731 caeteri
1347 2692 1544 2739 omnes,
1576 2677 1653 2730 vel
1676 2676 1858 2731 iisdem
1886 2692 2001 2746 qua:
2035 2692 2116 2730 me
2143 2686 2408 2731 moverunt
2432 2718 2448 2744 ,
2494 2676 2761 2729 rationum
2806 2677 3076 2729 momentis
3118 2677 3408 2745 compulsi,
3460 2674 3542 2729 uel

253 2765 442 2832 iudicii
486 2768 561 2821 tui
604 2768 953 2837 pra-rogativa
1007 2767 1240 2833 incitati,
1290 2767 1561 2822 libentibus
1608 2768 1796 2822 animis
1826 2768 2098 2839 probaturi
2122 2768 2231 2823 sint
2257 2784 2276 2822 :
2302 2776 2456 2838 atque
2482 2766 2611 2821 adeo
2654 2766 2865 2837 reliquis
2921 2766 3024 2819 tuis
3066 2766 3445 2820 immortalibus
3484 2769 3540 2821 in

263 2862 578 2929 optimarum
618 2861 811 2912 artium
839 2859 1013 2913 studia
1039 2861 1235 2913 meritis
1265 2858 1566 2914 Isidorianu
1593 2876 1725 2914 nova
1747 2861 1928 2928 editio,
1959 2868 2015 2913 ut
2043 2876 2273 2932 auguror
2295 2868 2345 2913 ct
2367 2869 2510 2929 opto,
2533 2860 2688 2913 veluti
2709 2861 2945 2914 cumulus
2974 2860 3184 2917 accedet
3207 2876 3224 2913 :
3254 2876 3539 2931 nomenque

262 2957 436 3014 tuum,
490 2952 571 3003 cui
618 2950 749 3003 nihil
794 2950 865 3002 ad
923 2951 1418 3005 commendationem
1464 2949 1953 3023 amplitudinemque
1999 2955 2136 3022 quod
2168 2950 2293 3003 addi
2322 2951 2518 3019 possit,
2565 2951 2748 3021 fecisse
2790 2952 3043 3022 reliquum
3087 2950 3275 3005 videris
3300 2989 3317 3015 ,
3362 2958 3538 3004 tamen

261 3039 565 3094 inclarescet
593 3039 723 3092 illud
752 3039 958 3111 quidem
986 3041 1253 3111 aliquanto
1281 3041 1475 3111 magis,
1524 3056 1630 3093 non
1681 3039 1850 3094 minus
1898 3042 2038 3094 inter
2063 3040 2184 3094 illos
2212 3042 2299 3111 qui
2329 3056 2513 3095 sacras
2541 3041 2743 3095 litteras
2783 3043 3076 3111 patrocinio
3119 3058 3212 3096 suo
3266 3047 3499 3110 {ouerunt
3521 3083 3537 3103 ,

261 3132 459 3204 quique
486 3132 568 3185 sui
599 3145 866 3185 memores
893 3112 1030 3185 alios
1056 3129 1233 3186 fecere
1268 3130 1555 3195 merendo,
1609 3146 1766 3201 quam
1815 3130 1950 3184 inter
1995 3146 2083 3185 eos
2108 3171 2125 3197 ,
2154 3132 2240 3201 qui
2283 3129 2579 3183 earumdem
2608 3130 2896 3184 litterarum
2922 3131 3098 3185 studia
3144 3131 3215 3184 ad
3257 3148 3535 3201 perennem

259 3224 483 3278 nominis
511 3224 924 3278 recordationem
960 3225 1258 3295 famamque
1310 3222 1665 3276 excoluerunt.
1698 3218 1839 3275 Deus
1884 3230 1960 3287 te,
1990 3220 2417 3276 eminentissime
2441 3220 2731 3276 cardinalis
2752 3260 2768 3284 ,
2819 3231 2870 3275 et
2926 3222 3120 3291 [rzesul
3168 3222 3496 3292 amplissime
3517 3267 3536 3289 ,

260 3315 502 3370 litteratis
532 3315 654 3368 viris
675 3311 990 3369 Christiana:
1014 3314 1331 3385 reipublicte,
1355 3322 1509 3385 atque
1526 3313 1803 3379 Hispania:
1824 3329 1941 3366 cum
1962 3314 2141 3383 primis
2162 3322 2353 3367 nostra:
2368 3353 2383 3378 ,
2415 3314 2561 3384 cujus
2600 3322 2705 3367 tam
2726 3328 2971 3381 magnum
3000 3313 3170 3368 lumen
3195 3330 3269 3382 es,
3290 3316 3536 3385 sospitem

262 3406 663 3478 incolumemque
683 3416 847 3461 servet
873 3422 1029 3475 quam
1058 3405 1366 3460 diutissime.
1398 3405 1485 3459 Ita
1512 3402 1769 3460 t'ovebam.
1802 3402 1889 3458 Ex
1921 3404 2079 3468 Urbe,
2117 3401 2342 3459 Kalend.
2369 3404 2592 3460 Januar.
2621 3404 2748 3460 anni
2779 3401 2939 3458 i796.

1258 3674 2156 3824 ISIDORIA
2182 3676 2445 3820 NA
2489 3781 2531 3832 ο.

1430 3896 1575 3949 SIVE
1608 3896 1670 3948 IN
1705 3895 2055 3949 ΕΒΙΤΙΟΝΕΙ
2087 3895 2348 3946 OPERUI

319 4066 522 4274 S.
683 4060 1655 4272 ISIDOBI
1804 4055 3468 4275 HISPALENSIS

1366 4359 2389 4471 PROLEGOMENA.

270 3535 3536 3592 Μ

1451 4620 1833 4797 quam
1887 4610 2353 4788 prima.

374 4861 460 4913 DE
484 4862 881 4927 vm,1u-:ucs
905 4863 1144 4926 cssns,
1171 4862 1248 4914 ET
1273 4856 1595 4912 DOCTRINA
1617 4856 1668 4907 s.
1701 4852 1955 4904 ISIDORI.
1978 4853 2188 4912 usque
2212 4852 2622 4905 EDITIONIBUS
2645 4852 2850 4906 ouum
2881 4854 3163 4907 musosu
3199 4856 3404 4909 orcus

1575 4934 2200 4989 COMPLECTENTIBUS.

762 5156 991 5212 CAPUT
1032 5155 1321 5211 PRIMUM.
1942 5152 2037 5208 sed
2067 5165 2209 5207 nunc
2246 5158 2395 5206 certe
2418 5151 2754 5220 gravioribus
2789 5151 2951 5208 etiam
2978 5152 3048 5209 de
3075 5156 3253 5211 causis
3280 5156 3520 5227 proﬁteri

360 5255 626 5325 ‘Accurata
654 5266 862 5321 operum
891 5248 952 5303 S.
983 5247 1176 5302 Isidori
1204 5247 1361 5299 editio
1388 5244 1705 5315 difﬁcillima.
1939 5244 2141 5306 ausim,
2190 5242 2244 5297 in
2298 5243 2402 5298 hoc
2452 5242 2753 5298 studiorum
2800 5256 2999 5311 genere
3041 5244 3163 5314 plus
3212 5245 3411 5302 laboris
3459 5262 3523 5305 ac

449 5342 728 5399 Hethodus
757 5343 811 5395 in
842 5343 919 5396 Itis
952 5338 1335 5410 Prolegomenis
1366 5337 1623 5391 adhibita.
1935 5333 2266 5389 diﬂicu!tatis
2331 5332 2538 5397 inesse,
2593 5334 2961 5403 majoremque
3006 5335 3263 5391 doctrinm
3311 5338 3523 5407 copiam

322 5435 375 5488 1.
408 5433 727 5490 Periculosa:
752 5433 970 5503 plenum
993 5447 1127 5501 opus
1150 5430 1282 5483 alea:
1310 5425 1609 5494 aggredior.
1644 5424 1830 5479 Liceat
1934 5424 2158 5494 requiri,
2187 5438 2350 5492 quam
2380 5422 2539 5491 vulgo
2570 5422 2603 5477 ii
2630 5430 2822 5493 putant
2851 5424 2946 5492 qui
2983 5434 3078 5479 aut
3105 5441 3377 5494 nunquam
3421 5429 3521 5498 ipsi

250 5526 387 5579 cnim
421 5524 546 5578 mihi
593 5524 646 5577 id
676 5537 817 5577 nunc
858 5520 1088 5592 prniari,
1119 5516 1262 5589 quod
1309 5518 1459 5587 potui
1499 5516 1659 5570 etiam
1693 5526 1825 5581 tum,
1930 5514 2136 5585 experti
2166 5521 2327 5578 sunt,
2357 5522 2452 5568 aut
2481 5528 2550 5570 ne
2578 5514 2645 5569 de
2670 5529 2796 5571 vera
2827 5515 3043 5586 quidem
3072 5516 3329 5572 doctrinae
3359 5518 3520 5574 laude

250 5632 366 5669 cum
411 5615 481 5670 ad
535 5621 777 5669 veterum
825 5613 1147 5681 scriptorum
1219 5622 1385 5678 opera
1461 5621 1583 5661 cum
1637 5621 1825 5659 niami-
1921 5606 2163 5684 judicare
2185 5614 2431 5675 possunt.
2455 5603 2773 5662 Franciscus
2796 5604 3157 5671 Robertellus,
3176 5606 3266 5675 qui
3292 5607 3359 5663 de
3380 5617 3520 5673 arto.

248 5706 460 5779 scriptis
479 5699 1209 5773 exemplaribuscont‘erenda
1232 5700 1462 5771 primum
1479 5697 1818 5763 meaccinxi;
1923 5698 2039 5753 sive
2088 5694 2300 5752 ratione
2349 5695 2653 5765 corrigendi
2696 5697 3040 5767 antiquorum
3074 5696 3240 5784 liliros
3280 5698 3514 5773 dispuls-

531 5802 800 5861 Ρηιιοι..
848 5794 1140 5856 LXXXI.

3042 5790 3070 5851 1

40 5968 183 6085 ’δῆ
