4028 6200
367 383 428 436 ,,
561 387 564 390 -
667 369 670 374 ι
1099 367 1190 420 an
1223 361 1446 419 opttus
1489 358 1547 413 s.
1589 356 1833 414 lSiDORI
1877 351 2316 411 lltSPALENSlS
2353 350 2878 410 ruosecousus.
3562 362 3629 420 τε

359 489 563 546 tionem
591 483 784 545 edidit,
817 476 1148 540 Perridicult,
1180 471 1373 539 inquit,
1403 469 1552 524 multi
1582 475 1762 522 nostra
1788 473 1939 520 celate
1971 464 2012 522 Α
2045 464 2163 520 aliis
2186 465 2405 522 Gallicis
2435 466 2734 522 recensitos
2777 468 2832 524 in
2861 466 3128 537 publicam
3170 467 3346 525 lucem
3391 479 3450 525 et
3486 472 3631 528 utili-

358 577 520 632 videri
547 581 778 645 possunt,
807 569 913 640 qui,
966 581 1079 619 cum
1109 562 1297 616 nullius
1325 562 1398 615 rei
1425 559 1660 613 notitiam
1685 557 1938 619 habeant,

365 667 596 739 proﬁteri
626 679 680 717 se
708 660 956 716 librorum
999 662 1312 708 correctores
1346 650 1570 713 audent,
1617 664 1734 739 cum
1774 655 1942 739 tamen

357 736 684 826 corruptores
721 749 894 820 potius
931 746 1036 800 sint
1061 741 1384 814 appellandi.
1412 740 1575 809 Atque
1601 737 1802 791 utinam
1829 736 1946 826 lege

361 824 542 920 aliqua.
563 852 695 899 esset
721 840 1087 900 interdictum,
1129 851 1193 888 ne
1241 831 1477 888 omnibus
1504 829 1559 882 id
1587 828 1780 882 liceret.
1817 824 1944 920 Pri-A

357 917 499 998 mum
526 935 685 1007 igitur
711 931 766 985 id
791 939 1079 984 statuamus
1101 965 1116 990 ,
1145 926 1199 979 in
1245 924 1339 977 hac
1381 929 1564 977 nostra
1607 927 1719 973 arte
1756 917 1950 988 requiri

335 1027 624 1098 infinitam
661 1021 939 1096 quamdam
975 1017 1314 1072 eruditionem
1363 1018 1416 1086 2
1457 1013 1524 1067 in
1551 1029 1611 1066 eo
1645 1011 1736 1082 qui
1773 1023 1948 1064 emen-

346 1118 595 1170 datorem
623 1130 678 1168 se
697 1113 946 1166 librorum
970 1109 1073 1162 dici
1097 1108 1273 1176 cupit:
1303 1105 1466 1158 multa
1493 1101 1672 1173 legerit
1707 1107 1904 1170 oportet
1927 1135 1946 1166 ,

363 1208 523 1262 multa
561 1205 805 1269 audierit,
857 1202 1018 1256 multa
1047 1199 1240 1253 triverit
1271 1213 1396 1259 usu,
1449 1192 1949 1248 recentiores-etiam

367 1297 626 1351 evaluerit.

433 1386 490 1440 2.
526 1383 634 1442 Etsi
661 1385 803 1442 enim
837 1379 1178 1450 antiquorum
1208 1377 1408 1448 scripta
1451 1377 1520 1434 ad
1543 1383 1756 1432 veteres
1785 1372 1949 1430 libros

366 1476 619 1546 religiose
648 1473 911 1543 exigenda
940 1477 1090 1536 sunt,
1119 1477 1175 1526 ut
1218 1477 1422 1528 temere
1453 1469 1520 1526 ab
1567 1468 1646 1524 eis
1692 1464 1950 1522 recedere

367 1567 518 1625 nefas
546 1567 653 1632 sit,
687 1573 866 1620 tamen
915 1578 1038 1618 cum
1108 1561 1222 1632 ipsa
1273 1558 1596 1629 exemplaria
1635 1556 1951 1628 plerumque

367 1663 510 1716 inter
530 1674 590 1714 se
621 1657 860 1721 varient,
905 1667 1046 1722 smpe
1091 1652 1252 1707 etiam
1285 1662 1472 1722 aperte
1515 1650 1624 1706 sint
1654 1648 1910 1704 mendosa
1931 1685 1948 1712 ,

371 1755 459 1809 his
483 1751 560 1806 uti
597 1746 917 1818 conjicienli
943 1743 1262 1808 rationibus,
1291 1750 1346 1796 et
1373 1740 1573 1810 regulis
1601 1751 1824 1796 necesse
1847 1744 1949 1802 est,
1975 1799 1978 1802 λ

2048 564 2211 610 tatem
2241 557 2468 626 prodiit,
2513 559 2953 628 percommodum
2999 559 3131 614 mihi
3181 561 3407 628 accidit,
3453 565 3628 631 quod,

2033 661 2165 704 ctua
2209 647 2388 702 multm
2416 655 2676 718 praeterea
2708 649 2935 704 aliorum
2962 649 3283 707 eollationes
3322 653 3391 708 ad
3421 668 3508 708 me
3535 655 3631 710 de-

2047 735 2311 800 venerint,
2343 735 2668 806 praecipuum
2696 753 2876 794 incum
2905 753 3040 794 onus
3079 739 3242 794 fuerit
3271 741 3630 800 bibliothecas

2047 825 2340 894 Romanas,
2365 829 2432 882 ab
2453 829 2573 884 aliis
2601 831 2917 900 praeteritas,
2943 838 3220 898 excutere,
3243 841 3299 888 et
3325 834 3634 895 innumeros

2047 915 2452 986 antiquissimos
2481 934 2612 976 mss.
2635 920 2865 976 Codices
2883 961 2898 987 ,
2951 922 3045 992 qui
3077 923 3128 977 in
3160 924 3238 980 eis
3266 936 3657 995 asservandus,

2045 1007 2117 1062 ad
2163 1022 2394 1064 examen
2437 1009 2677 1066 studiose
2718 1025 2997 1068 revocare.
3049 1011 3394 1083 Spicilegium
3437 1014 3638 1070 Roma-

2051 1116 2178 1154 num
2219 1100 2270 1156 id
2289 1139 2306 1166 ,
2333 1101 2380 1158 si
2407 1102 2506 1168 vis,
2537 1102 2844 1172 appellabo,
2876 1117 2946 1158 ne
2986 1119 3111 1174 pars
3138 1105 3246 1160 ulla
3289 1107 3475 1174 gloriae
3501 1123 3639 1179 pra:-

2049 1191 2208 1248 claris
2259 1193 2360 1247 illis
2389 1193 2518 1248 viris
2543 1195 2635 1264 qui
2667 1195 2821 1264 primi
2852 1196 2905 1250 in
2953 1196 3057 1251 hac
3103 1197 3352 1267 palaestra
3403 1199 3636 1258 desuda-

2051 1289 2217 1348 ruut,
2249 1283 2490 1338 detracta
2517 1297 2640 1338 esse
2667 1283 2931 1338 videatur.
2975 1283 3082 1340 Sed
3124 1294 3302 1342 tamen
3332 1289 3400 1342 ad
3423 1290 3636 1360 copiam

2049 1370 2442 1440 exemplarium
2472 1371 2824 1427 ιηεερίδίιιοτί
2853 1373 2998 1444 quod
3039 1375 3250 1440 attinet,
3273 1383 3364 1431 tot
3382 1378 3512 1434 mihi
3545 1380 3636 1433 uni

2053 1461 2104 1515 in
2129 1460 2392 1516 Vaticana
2435 1462 2664 1532 aliisque
2691 1463 2948 1520 Romanis
2986 1466 3322 1522 bibliothecis
3348 1468 3552 1536 videre,
3581 1479 3637 1524 et

2051 1551 2304 1606 evolvere
2332 1552 2576 1622 contigit,
2614 1553 2758 1622 quod
2797 1555 2986 1610 cuncti
3014 1553 3249 1624 Operum
3279 1556 3478 1614 'Isidori
3520 1561 3636 1616 edi-

2054 1646 2200 1716 tores
2251 1655 2358 1694 non
2409 1649 2710 1706 recensent,
2760 1657 2828 1699 ne
2857 1633 2960 1698 illis
3003 1645 3222 1712 quidem
3249 1647 3490 1718 exceptis
3519 1663 3637 1718 quae

2053 1727 2213 1784 v..c.
2239 1729 2559 1787 Franciscus
2585 1732 2849 1790 Antonius
2869 1735 3128 1792 .Zaccaria
3173 1737 3228 1792 in
3267 1738 3638 1800 adumbratam

369 1856 504 1910 quas
540 1835 868 1910 ejuscemodi
921 1833 1052 1890 artis
1095 1832 1252 1904 periti
1291 1831 1531 1900 magistri
1577 1827 1947 1900 praescribunt.
1983 1833 2206 1896 Bsuam
2247 1821 2432 1876 lsidori
2462 1823 2754 1878 editionem
2797 1824 2908 1894 jam
2954 1825 3159 1896 pridem
3205 1828 3292 1884 vel
3337 1827 3642 1884 contulerat

370 1933 506 1987 Cum
545 1937 726 1986 autem
755 1926 1078 1996 conjectum
1132 1922 1247 1980 fieri
1295 1924 1504 1980 soleant
1529 1933 1621 1980 aut
1650 1919 1952 1986 additione,

369 2032 463 2078 aut
507 2019 810 2082 ablatione,
858 2027 952 2070 aut
977 2014 1430 2084 transpositione,
1481 2021 1576 2066 aut
1597 2010 1952 2072 extensione,

289 2149 306 2168 κ
370 2118 466 2166 aut
490 2107 860 2165 contractione
881 2145 899 2169 ,
943 2113 1034 2160 aut
1056 2105 1435 2167 distinctione,
1464 2109 1556 2156 aut
1583 2099 1953 2170 copulatione,

369 2210 466 2258 aut
491 2199 810 2266 mutatione,
837 2198 958 2268 quis
993 2196 1066 2250 ita
1093 2209 1266 2250 caicus
1305 2195 1398 2258 sit,
1428 2194 1558 2262 quin
1589 2191 1787 2258 videat,
1820 2204 1954 2246 neu-

371 2294 576 2363 tiquam
623 2291 676 2346 id
714 2286 902 2360 perlici
929 2301 1091 2357 posse
1133 2286 1251 2342 sine
1296 2294 1488 2342 exacta
1514 2281 1742 2352 quadam
1767 2280 1957 2336 notitia

371 2399 493 2440 cum
521 2380 832 2452 scriptionis
855 2377 1109 2445 antiquas,
1139 2390 1262 2432 cum
1305 2374 1594 2430 verborum
1641 2380 1696 2428 et
1725 2371 1956 2426 locutio-

375 2491 506 2532 num
533 2475 895 2543 antiquarum,
931 2483 1058 2526 cum
1085 2467 1251 2540 ipsius
1279 2465 1632 2536 antiquitatis,
1659 2478 1780 2519 cum
1809 2461 1959 2516 deni-

375 2581 480 2635 que
526 2564 824 2634 argumenti
867 2560 1015 2632 quod
1061 2558 1293 2634 scriptor
1318 2556 1570 2632 antiquus
1621 2553 1958 2610 tractandum

377 2666 470 2712 aut
498 2654 893 2728 explanandum
919 2649 1194 2720 suscepit?

445 2751 500 2804 '5.
531 2748 682 2818 Quod
711 2748 756 2802 si
785 2747 838 2800 in
861 2745 1138 2814 quibusvis
1158 2743 1279 2798 aliis
1304 2742 1580 2798 veteribus
1607 2738 1960 2808 scriptoribus

377 2839 722 2898 recensendis
741 2839 900 2894 obvia
939 2843 1022 2892 est
1053 2833 1352 2890 istiusmodi
1381 2832 1700 2894 difﬁcultas.
1739 2831 1865 2900 quid
1894 2830 1961 2884 de

379 2939 567 2988 nostro
595 2928 894 2998 Hispalensi
939 2924 1144 2982 Isidoro
1172 2923 1599 2980 existimabimus
1623 2961 1640 2986 ,
1685 2935 1845 2990 quem
1878 2919 1962 2974 vel

380 3022 610 3076 alterum
639 3017 934 3072 Varronem
986 3029 1110 3070 cum
1153 3013 1439 3068 Braulione
1487 3012 1960 3078 Czcsaraugustano

381 3110 670 3180 episcopo,
719 3106 808 3162 vel
849 3120 972 3162 cum
1021 3103 1140 3158 aliis
1179 3100 1408 3156 Plinium
1436 3101 1797 3158 Christianum
1838 3099 1961 3168 jure

2047 1910 2196 1982 ipse,
2219 1911 2315 1966 'vel
2343 1912 2412 1967 ab
2440 1912 2559 1967 aliis
2585 1913 2820 1970 conferri
2851 1926 3132 1972 curaverat
3157 1937 3170 1972 :
3195 1935 3422 1988 quorum
3456 1921 3526 1975 ad
3555 1938 3641 1978 me

2057 1999 2249 2056 delata:
2268 2009 2392 2057 sunt
2414 2002 2750 2067 collationes,
2783 2015 2839 2060 ut
2868 2008 3026 2074 paulo
3051 2017 3178 2064 ante
3219 2009 3390 2078 innui,
3418 2019 3478 2066 et
3495 2020 3642 2082 post-

2059 2091 2274 2146 modum
2305 2093 2606 2150 distinctius
2634 2096 2936 2166 explicabo.

2129 2183 2181 2236 6.
2217 2182 2424 2240 Laudes
2478 2184 2632 2241 Urbis
2677 2187 2780 2242 bac
2829 2188 2881 2242 in
2929 2197 3082 2258 parte
3129 2189 3320 2246 Petrus
3371 2187 3641 2258 Lazarus,

2058 2275 2346 2330 excellenti
2403 2277 2479 2330 vir
2527 2277 2772 2331 doctrina
2827 2287 2881 2332 et
2931 2281 3146 2348 ingenio
3197 2279 3482 2349 prmditus,
3516 2298 3645 2336 vere

2059 2362 2369 2434 praedicavit
2419 2364 2472 2417 in
2519 2365 2831 2434 praelatione
2876 2367 2942 2419 ad
2987 2367 3044 2421 S.
3089 2367 3352 2423 Brunonis
3400 2369 3643 2426 Astensis

2059 2453 2502 2508 commentarium
2524 2469 2686 2526 super
2699 2463 2928 2525 quatuor
2951 2456 3254 2526 Evangelia.
3279 2459 3465 2514 Urbem
3488 2462 3643 2530 hanc,

2059 2545 2249 2614 inquit,
2276 2548 2504 2602 omnium
2533 2549 2836 2620 principem,
2867 2567 2980 2619 qum
3009 2553 3179 2605 nntltis
3203 2553 3642 2621 prazclarissimis-

2061 2658 2157 2712 que
2177 2641 2600 2695 rebus'communi
2623 2642 2885 2696 hominum
2899 2643 3100 2712 judicio
3123 2652 3339 2698 crateras
3361 2647 3641 2708 antecellit.

2063 2729 2161 2784 hac
2187 2747 2278 2802 ego
2306 2732 2433 2786 nulli
2465 2730 2691 2784 arbitror
2731 2733 3053 2803 quantumvis
3103 2735 3436 2803 amplissima:
3488 2753 3643 2790 orna-

2065 2825 2377 2896 tissima’que
2405 2825 2718 2882 concedere:
2742 2827 2878 2898 quod
2905 2828 3153 2896 plurimas
3183 2829 3332 2884 habet
3360 2831 3644 2884 instructis-

2062 2915 2320 2986 simasque
2348 2913 2678 2969 bibliothecas
2701 2956 2718 2979 ,
2759 2913 3002 2970 Codicum
3028 2919 3316 2987 prwsertim
3347 2937 3469 2973 mss.
3501 2921 3646 2990 copia

2063 3008 2417 3071 abundantes;
2471 3015 2526 3059 ut
2572 3023 2637 3060 ea;
2678 3007 2770 3061 hoc
2823 3012 2971 3078 quasi
3017 3009 3272 3064 litterario
3307 3028 3442 3080 penu
3487 3014 3649 3066 multa

2066 3095 2398 3158 Graecorum,
2446 3095 2748 3150 Latinorum
2776 3140 2791 3166 ,
2840 3107 3132 3152 exterarum:
3181 3103 3408 3170 gentium
3452 3119 3647 3171 opera,

383 3201 555 3270 possis
593 3197 884 3270 appellare,
913 3194 1086 3256 Plinio
1113 3191 1275 3246 etiam
1309 3206 1500 3260 magna
1530 3207 1595 3245 ex
1627 3197 1780 3260 parte
1811 3189 1958 3242 locu—
1987 3189 2036 3254 C
2064 3187 2225 3240 multa
2282 3188 2567 3252 prwsertim
2638 3188 3047 3244 doctissimorum
3126 3190 3375 3248 Ecclesia:
3435 3193 3649 3247 Patrum

385 3290 705 3362 pletioremi
733 3287 872 3342 Nihil
899 3285 1041 3342 enim
1071 3283 1305 3340 Isidorus
1335 3282 1656 3337 intentatum
1702 3279 1958 3350 reliquit:

385 3382 670 3438 facultates
707 3394 896 3434 omnes
926 3377 1124 3446 attigit,
1152 3376 1408 3432 scientias
1433 3374 1697 3428 humanas
1726 3371 1962 3426 divinas-

385 3487 490 3544 que
519 3468 898 3540 pertractavit,
949 3453 1241 3536 scriptores
1269 3473 1482 3520 veteres
1511 3462 1764 3533 profanos
1787 3469 1843 3514 et
1871 3475 1963 3514 sa-

387 3562 766 3624 cros'evolvit,
819 3568 982 3630 atque
1026 3558 1084 3612 in
1125 3571 1280 3612 suum
1321 3569 1474 3611 usum
1521 3551 1834 3620 descripsit;
1869 3563 1968 3604 nec

389 3663 677 3712 contentus
705 3650 1062 3724 etymologico
1107 3663 1205 3704 suo
1244 3661 1410 3716 opere
1436 3643 1780 3700 scientiarum
1805 3655 1969 3711 ency-

387 3745 703 3817 clopazdiam
731 3740 1219 3811 comprehendere,
1269 3737 1434 3794 multa
1475 3733 1784 3802 singillatim
1811 3733 1864 3786 in
1891 3745 1974 3790 sa-

391 3855 602 3897 crarum
649 3839 948 3894 litterarum
992 3833 1435 3904 interpretatione
1463 3831 1584 3886 disse
1606 3830 1752 3894 ruit,
1804 3827 1972 3882 multa

393 3932 448 3988 in
476 3929 624 3986 omni
651 3928 757 3984 alio
805 3925 1088 3995 theologia:
1133 3938 1366 3992 genere,
1421 3922 1589 3978 multa
1638 3921 1694 3974 in
1732 3919 1973 3988 philoso-

393 4022 564 4092 phicis
613 4027 775 4098 atque
818 4015 1193 4082 astronomicis
1243 4014 1570 4094 argumentis
1619 4009 1784 4063 multa
1831 4009 1883 4058 in
1915 4022 1975 4060 re

394 4111 676 4176 litterario,
707 4107 1087 4175 chronologica
1105 4145 1126 4170 ,
1155 4113 1210 4159 et
1238 4105 1514 4160 historica.

445 4197 518 4257 ’4.
577 4201 648 4258 Ut
699 4210 880 4266 autem
931 4197 1164 4254 Isidorus
1207 4208 1274 4246 ex
1323 4187 1712 4264 antiquioribus
1762 4183 1976 4254 egregie

397 4293 665 4362 profecit,
717 4305 780 4343 ac
806 4288 975 4342 multa
1031 4281 1368 4351 antiquitatis
1421 4285 1810 4344 monumenta,
1859 4290 1978 4344 quae

398 4385 594 4438 frustra
631 4377 755 4432 alibi
787 4390 1016 4446 quaeras,
1062 4373 1217 4427 nobis
1244 4373 1608 4436 conservavit,
1641 4370 1716 4426 ita
1744 4368 1977 4426 vicissim

399 4472 490 4544 qui
519 4476 642 4542 post
669 4466 924 4521 Isidorum
957 4462 1272 4526 ﬂoruerunt,
1303 4460 1596 4532 prmsertim
1625 4456 1972 4514 ecclesiastici

2065 3277 2287 3345 scripta,
2334 3277 2412 3328 uel
2440 3274 2503 3327 ab
2530 3275 2736 3330 interitu
2767 3279 3024 3332 vindicata
3053 3283 3108 3334 in
3151 3282 3314 3335 lucem
3357 3293 3647 3353 aspectant-

2066 3383 2162 3438 que
2191 3367 2457 3420 hominum
2493 3369 2804 3436 prodierint,
2839 3371 2918 3424 uel
2939 3371 3156 3426 maculis
3176 3370 3356 3444 quibus
3381 3376 3650 3446 inquinata

2068 3467 2418 3526 apparuerant
2449 3458 2682 3522 detersis,
2713 3460 2782 3512 ad
2803 3477 2916 3514 eum
2944 3479 3090 3532 qumt
3122 3463 3184 3515 ab
3226 3465 3516 3520 auctoribus
3542 3469 3651 3522 suis

2067 3547 2394 3614 splendorem
2443 3549 2749 3613 habuerunt,
2799 3559 2849 3604 et
2893 3553 3120 3606 nativam
3165 3555 3316 3608 ueluti
3343 3556 3652 3626 elegantiam

2071 3638 2330 3707 potuerint
2374 3641 2690 3700 eruditorum
2737 3643 2963 3697 virorum
3013 3662 3168 3712 opera
3208 3649 3451 3700 revocari.
3505 3647 3654 3710 Quod

2072 3728 2276 3802 quidem
2299 3745 2390 3802 ego
2413 3721 2520 3790 non
2548 3731 2722 3798 colligi
2739 3731 2890 3783 modo
2917 3747 3084 3796 posse,
3111 3743 3234 3803 puto
3255 3751 3319 3787 ea:
3344 3737 3650 3807 majoribus,

2074 3830 2124 3876 et
2171 3821 2456 3892 insignibus
2511 3821 2742 3890 ejusdem
2789 3819 3126 3890 bibliothecis,
3183 3841 3312 3894 quas
3361 3834 3524 3884 exteri
3554 3833 3653 3902 ipsi

2076 3911 2306 3967 homines
2333 3909 2634 3977 peritissimi
2659 3909 2841 3962 harum
2870 3928 3061 3976 rerum,
3093 3912 3450 3984 Mabt'llonius,
3477 3920 3652 3978 Mont-

2077 4003 2353 4076 {auconius
2377 4001 2566 4068 aliique
2593 4003 3045 4070 commendarunt,
3077 4015 3126 4060 et
3153 4019 3398 4080 quantum
3431 4016 3536 4067 sint
3579 4018 3654 4072 vel

2077 4091 2290 4158 wdiﬁcii
2321 4091 2708 4162 magnificentia
2733 4091 2812 4163 4,
2844 4093 2922 4148 vel
2944 4095 3194 4154 librorum
3223 4104 3394 4170 capia,
3449 4105 3525 4160 vel
3553 4105 3654 4162 Co-

2078 4183 2247 4236 dicum
2274 4197 2399 4240 mss.
2431 4185 2738 4249 praestantia
2763 4187 2990 4255 eximite,
3039 4207 3187 4248 nemo
3226 4196 3390 4263 paulo
3407 4199 3656 4255 eruditior

2077 4273 2318 4343 ignorat;
2351 4275 2440 4325 sed
2475 4274 2699 4328 maxime
2723 4293 2788 4330 ea:
2813 4278 3097 4334 minoribus
3144 4284 3262 4337 aliis
3308 4287 3610 4358 quibusdam
3634 4331 3651 4358 ,

2079 4379 2194 4436 qua:
2213 4364 2298 4422 vix
2326 4365 2380 4418 in
2409 4367 2668 4420 hominum
2712 4369 2908 4438 faniam
2951 4373 3392 4445 cognitionemque
3419 4397 3658 4448 pervene-

2079 4462 2222 4509 runt.-
2259 4454 2401 4508 Adeo
2440 4455 2584 4507 nulla
2627 4465 2704 4510 est
2744 4474 2856 4526 qua:
2882 4475 2984 4514 non
3031 4477 3205 4516 rarum
3248 4465 3443 4530 aliqcid
3463 4483 3656 4535 repra-

399 4563 691 4630 scripmres
737 4555 1167 4626 frequentissime
1219 4553 1408 4609 [smmi
1460 4553 1697 4608 fontibus
1737 4553 1981 4609 hortulos
2013 4551 2066 4612 υ
2085 4552 2291 4598 sentare
2320 4552 2470 4614 atque
2493 4546 2748 4600 excellens
2775 4547 2844 4601 ad
2865 4548 3206 4604 litteraturam
3233 4552 3493 4610 hominum
3519 4561 3658 4614 utili-

403 4669 530 4711 suos
557 4651 866 4719 irrigarunt.
897 4647 977 4702 Ex
1003 4661 1111 4716 quo
1137 4661 1268 4702 sane
1312 4644 1632 4700 laboriosior
1655 4653 1710 4698 et
1737 4643 1980 4716 implica—

403 4743 512 4798 tior
537 4741 775 4798 redditur
816 4753 1040 4808 operum
1087 4735 1204 4804 ejus
1251 4735 1585 4809 recognitio:
1617 4749 1792 4803 neque
1839 4735 1988 4789 enim

404 4831 578 4886 solum
617 4843 729 4900 prae
786 4827 1034 4885 manibus
1079 4833 1136 4884 et
1177 4825 1351 4880 oculis
1399 4833 1612 4880 vetusta
1653 4825 1984 4896 exemplaria

405 4920 595 4977 isidori
643 4918 890 4976 habenda
945 4925 1102 4981 sunt,
1152 4916 1246 4971 sed
1281 4917 1440 4970 etiam
1473 4915 1758 4988 identidem
1797 4925 1890 4976 aut
1918 4917 1986 4980 ad

410 5013 532 5068 illos
581 5011 874 5080 scriptorcs
919 5008 1302 5064 recurrendum
1330 5009 1528 5076 estqui
1577 5008 1780 5065 Isidoro
1815 5009 1984 5066 facem

411 5101 798 5169 prmtuleruut,
843 5106 934 5154 aut
975 5097 1040 5152 ad
1071 5098 1170 5150 bos
1204 5098 1396 5170 quibus
1444 5097 1689 5164 praelusit
1733 5097 1983 5152 Isidorus.

413 5189 506 5246 llis
535 5189 784 5244 omnibus
807 5189 948 5243 inter
973 5202 1033 5242 se
1059 5185 1268 5242 collatis
1295 5200 1439 5254 saepe
1462 5187 1512 5256 3
1545 5185 1624 5252 ﬁt,
1671 5197 1729 5241 ut
1758 5187 1989 5243 Isidorus

413 5295 482 5334 ex
509 5277 626 5334 aliis
653 5277 968 5343 illustretur,
999 5275 1262 5330 interdum
1306 5275 1465 5330 etiam
1498 5281 1554 5328 ut
1583 5276 1670 5330 alii
1693 5291 1758 5330 ex
1785 5275 1988 5334 Isidoro

415 5371 768 5437 corrigantur.

486 5458 539 5512 5.
569 5458 830 5526 Quoniam
861 5470 992 5510 vero
1029 5455 1283 5510 librorum
1312 5463 1552 5510 veterum
1601 5453 1988 5524 niauuscripto-

419 5567 536 5606 rum
559 5553 716 5622 e0pia
747 5560 802 5606 et
824 5552 1060 5606 deiectus
1090 5552 1140 5606 in
1164 5551 1301 5607 hanc
1323 5567 1434 5606 rem
1463 5553 1801 5620 potissimum
1834 5553 1986 5618 facit,

381 5665 386 5672 ε
423 5653 477 5697 et
505 5644 631 5697 olim
679 5641 891 5713 quidem
923 5643 1157 5698 lsidorus
1198 5643 1397 5698 Matriti
1426 5658 1495 5698 ex
1532 5643 1716 5700 multis
1759 5646 1993 5714 antiquis

423 5725 817 5806 exemplaribus
853 5735 1182 5808 ilispanicis,
1235 5735 1430 5791 deinde
1475 5737 1636 5790 etiam
1670 5733 1885 5791 Parisiis
1927 5753 1992 5790 ex

2079 4642 2246 4692 latent
2266 4643 2314 4690 et
2343 4635 2628 4689 litterarum
2651 4637 3019 4692 incrementum
3046 4643 3224 4710 possit.

2158 4723 2209 4776 τ.
2242 4724 2318 4778 Ita
2347 4724 2778 4796 praeloquebatur
2805 4727 3057 4796 Lazerus,
3081 4745 3202 4785 cum
3225 4733 3489 4794 Brunonis
3516 4742 3660 4808 quod

2085 4816 2194 4872 dixi
2246 4817 2688 4872 commentarium
2733 4829 2764 4870 e
2800 4819 3022 4874 vetustis
3073 4821 3408 4882 bibliothecae
3437 4827 3661 4901 Collegii

2089 4908 2318 4965 Romani
2345 4908 2670 4962 membranis
2693 4907 2744 4961 in
2776 4909 3041 4978 publicam
3073 4911 3242 4968 lucem
3270 4917 3560 4977 emitteret.
3585 4924 3662 4979 Ac

2089 4999 2322 5069 portenti
2351 4997 2566 5066 quidem
2596 4997 2768 5052 simile
2793 5007 2904 5064 est,
2953 5009 3087 5069 quot
3125 5004 3252 5058 mihi
3305 5007 3660 5076 antiquissimi

2089 5088 2276 5143 lsidori
2301 5087 2528 5141 Codices
2559 5088 2612 5140 in
2645 5087 2801 5142 Urbis
2832 5089 3192 5156 bibliothecis,
3222 5093 3316 5148 sed
3347 5097 3578 5154 maxime
3609 5101 3663 5155 in

2091 5183 2344 5237 Vaticana
2387 5181 2739 5236 occurrerint.
2793 5179 3004 5236 Utinam
3053 5189 3262 5238 tantum
3307 5187 3434 5240 mihi
3465 5189 3532 5246 de
3579 5207 3666 5249 me

2091 5289 2311 5344 sperare
2355 5273 2610 5336 licuisset,
2639 5281 2698 5328 ut
2729 5288 2820 5329 eos
2848 5289 3036 5330 omnes
3063 5291 3164 5344 per
3183 5278 3351 5333 otium
3379 5296 3500 5338 cum
3531 5301 3662 5356 ope-

2093 5365 2239 5418 ribus
2278 5363 2389 5432 jam
2415 5363 2628 5418 excusis
2670 5363 2914 5418 conferre
2956 5375 3193 5424 vacaret.
3221 5369 3328 5423 Sed
3375 5373 3662 5442 quoniam,

2093 5462 2152 5506 ut
2180 5453 2354 5506 aiebat
2383 5451 2489 5517 ille,
2519 5452 2658 5506 bona
2683 5451 2822 5505 male
2843 5467 2970 5507 usus
2989 5456 3278 5520 sententia,
3313 5457 3444 5514 Vita:
3466 5478 3666 5516 summa

2095 5547 2258 5600 brevis
2287 5561 2426 5613 spem
2471 5559 2565 5598 nos
2595 5551 2726 5596 vetat
2765 5543 3010 5598 inchoare
3033 5545 3270 5615 longam,
3307 5547 3664 5604 festinandum

2097 5641 2194 5696 fuit
2216 5683 2230 5708 ,
2262 5657 2328 5696 ne
2353 5681 2368 5708 ,
2397 5639 2542 5709 quod
2571 5639 2691 5692 aliis
2736 5639 2788 5692 in
2837 5637 3040 5694 Isidoro
3069 5640 3386 5696 illustrando
3415 5641 3670 5697 laborau-

2099 5735 2240 5792 titus
2288 5733 2549 5802 contigit,
2603 5731 2730 5786 mihi
2777 5731 2940 5788 etiam
2993 5733 3370 5802 contingeret:
3401 5733 3492 5802 qui
3541 5731 3670 5788 dum

3721 5969 3874 6086 ευρ
