4060 6198
415 399 480 456 13
1070 494 1073 495 ν
1481 405 1884 465 ISIDORIANA.
1926 438 1993 450 -
2032 410 2208 468 PARS
2245 414 2284 468 1.
2324 414 2476 472 CAP.
2517 417 2577 472 II.
3607 433 3670 517 μ

409 514 592 568 omnia
641 513 940 611 consectari
987 522 1040 568 et
1096 514 1380 611 complecti
1428 519 1604 573 conati
1656 526 1807 585 sunt,
1861 517 1994 574 nihil
2022 527 2070 585 Α
2099 528 2242 579 tasse
2273 526 2415 581 utilis
2442 542 2560 583 esse
2591 529 2758 598 possit
2799 531 2862 586 ad
2889 532 3165 590 historiam
3181 535 3508 600 litterariam
3549 513 3671 611 qui-

408 603 764 656 cxtricarunt.
813 600 998 673 quue
1047 603 1210 658 etiam
1254 606 1421 674 magis
1469 608 1840 663 maturandum
1872 609 1992 677 fuit,

407 693 532 764 quia
564 692 860 764 periculum
891 701 1009 747 erat
1031 733 1046 758 ,
1091 709 1160 748 ne
1183 733 1198 760 ,
1250 697 1295 751 si
1324 709 1424 766 ego
1454 711 1740 765 cessarem,
1772 715 1875 754 non
1905 714 1992 755 so-

410 785 519 840 lum
577 800 711 840 mea:
766 785 817 839 in
865 784 1126 842 Isidorum
1171 788 1666 858 lucubratiunculat,
1709 793 1800 847 sed
1828 794 1990 849 etiam

407 877 635 933 aliorum
690 877 907 933 labores
930 919 945 944 ,
995 894 1130 949 quos
1157 882 1225 936 ab
1266 881 1483 937 interitu
1513 882 1778 940 vindicare
1809 885 1861 939 in
1908 900 1992 942 me

405 969 638 1041 suscepi,
682 969 900 1039 penitus
929 981 1335 1028 evanescerent.

477 1059 531 1114 8.
571 1058 740 1130 igitur
767 1075 890 1115 cum
923 1059 976 1115 in
1024 1063 1246 1132 singulis
1282 1063 1470 1121 lsidori
1519 1067 1773 1137 operibus
1800 1081 1988 1140 recog-

404 1149 698 1205 noscendis
745 1148 1119 1217 antiquissima
1166 1159 1221 1206 et
1279 1155 1720 1222 praestantissima
1765 1169 1992 1228 quaeque

400 1237 732 1310 exemplaria
757 1239 951 1293 sedulo
981 1240 1433 1308 pervolutaverim
1459 1284 1473 1310 ,
1519 1253 1717 1301 cetera
1770 1247 1823 1301 in
1853 1247 1988 1303 locis

399 1331 646 1387 obscuris
674 1338 730 1386 et
757 1328 1070 1387 difﬁcilibus
1109 1333 1507 1407 consuluerim,
1540 1352 1661 1392 cum
1709 1338 1991 1407 diligenter

398 1422 600 1492 scripta
627 1421 809 1476 omnia
838 1435 958 1490 quae
1000 1423 1236 1478 nondum
1283 1425 1424 1497 typis
1465 1428 1723 1497 imptessa
1760 1437 1905 1494 sunt,
1936 1437 1990 1484 et

399 1512 454 1568 in
503 1527 634 1568 mss.
682 1511 974 1567 Codicibus
1003 1512 1264 1569 lsidorum
1292 1524 1570 1573 auctorem
1607 1517 1866 1587 referunt,
1915 1518 1990 1574 in-

399 1603 804 1674 vestigaverim,
856 1601 1271 1675 descripserim,
1321 1609 1652 1678 collegerim,
1681 1625 1842 1682 opera
1873 1612 1985 1682 ipsa

399 1696 507 1766 iam
537 1695 678 1752 edita
706 1711 814 1751 non
845 1699 1256 1754 contemnendis
1281 1701 1536 1757 auctariis
1568 1703 1982 1773 compleverim:

398 1801 521 1844 cum
546 1787 860 1843 innumeros
879 1789 1099 1844 criticos
1121 1789 1578 1859 conjecturarum,
1607 1794 1984 1863 probabilium,

2093 613 2314 669 busdam
2343 616 2392 669 in
2415 619 2653 689 partibus
2685 620 3068 681 illustrandum.

2716 709 2946 767 CAPUT
2971 713 3034 768 ll.

2097 790 2309 865 Regula:
2339 794 2400 850 S.
2435 794 2661 851 Leandri
2680 799 2751 852 ad
2779 798 3134 859 Florentiuam
3159 822 3385 862 sororem
3411 823 3564 880 σαρκί
3595 815 3671 868 ul-

2166 883 2363 949 timum,
2388 886 2440 938 in
2468 902 2564 956 quo
2606 887 2668 940 de
2694 890 2884 956 patria,
2915 894 3229 960 parentibus,
3258 908 3306 950 et
3329 901 3573 969 fratribus
3606 905 3668 960 S.

2166 973 2358 1029 lsidori
2389 977 2577 1046 agitur,
2601 994 2714 1032 cum
2739 980 3112 1050 exemplaribus
3131 986 3300 1052 editis,
3330 998 3380 1043 et
3408 989 3539 1047 Mss.
3569 993 3671 1048 Go-

2167 1066 2314 1120 tlu'cis
2343 1069 2605 1122 collatum.

2167 1157 2218 1210 l.
2259 1176 2276 1208 ι
2312 1155 2428 1212 Jam
2456 1160 2520 1213 ad
2544 1167 2758 1229 portum
2781 1175 2970 1217 navem
2993 1165 3254 1222 orationis
3273 1166 3568 1239 dirigimus,
3595 1182 3670 1239 et,

2093 1263 2312 1305 emenso
2356 1249 2621 1307 dictorum
2652 1253 2864 1323 pelago,
2897 1254 2950 1309 in
2990 1255 3172 1324 llttpre
3217 1260 3526 1328 quiescendi
3572 1280 3671 1320 an-

2091 1341 2314 1395 cltoram
2344 1343 2596 1412 ponimus
2623 1362 2635 1397 :
2667 1342 2798 1401 ﬂatu
2828 1354 3008 1403 tamen
3039 1349 3318 1408 charitatis
3345 1360 3449 1409 tum
3478 1356 3670 1411 iterum

2093 1429 2144 1482 in
2177 1427 2422 1486 ﬂuctibus
2455 1433 2741 1489 verborum
2771 1437 3016 1492 revehor.
3053 1434 3128 1495 Te
3173 1456 3356 1512 quasso
3395 1443 3477 1516 6,
3518 1463 3676 1502 soror

2093 1518 2425 1588 Florentina,
2457 1539 2555 1593 per
2579 1526 2902 1598 beatamque
2929 1527 3246 1586 Trinitatem
3274 1533 3443 1589 unica:
3471 1534 3667 1591 divini-

2093 1609 2216 1664 tatis
2245 1611 2506 1679 obtestor,
2533 1621 2611 1680 ut,
2635 1629 2754 1684 qua:
2781 1615 2848 1672 de
2878 1626 3020 1673 terra
3050 1629 3160 1688 tua,
3191 1621 3332 1677 etde
3352 1625 3672 1693 cognatione

2091 1703 2330 1762 tuacum
2369 1701 2636 1758 Abraham
2667 1719 2880 1775 egressa
2909 1721 2991 1774 es,
3034 1722 3158 1764 cum
3188 1726 3357 1767 uxore
3394 1710 3528 1767 Loth
3560 1730 3666 1770 non

2090 1790 2345 1858 respicias
2382 1801 2530 1848 retro
2571 1793 2779 1866 (Cenes.
2820 1799 2955 1869 xu),
3008 1813 3076 1854 ne
3125 1799 3375 1857 efficiaris
3420 1805 3666 1874 exemplo

399 1878 852 1942 adversariorum,
879 1880 1414 1948 commentariorum,
1435 1881 1843 1938 annotationum
1864 1897 1986 1938 auc—
2015 1885 2062 1945 Β
2089 1879 2233 1935 malo
2263 1879 2643 1939 documentum
2686 1887 2909 1942 aliarum
2939 1889 3006 1944 ad
3035 1891 3270 1958 bonum;
3302 1900 3356 1946 et
3399 1909 3466 1947 ne
3519 1894 3568 1948 in
3615 1903 3668 1950 te

398 1975 586 2034 tores,
644 1967 734 2038 qui
787 1967 841 2022 in
894 1967 1129 2036 antiquis
1176 1983 1280 2039 qua
1336 1970 1533 2038 sacris,
1587 1985 1692 2039 qua
1744 1969 1984 2042 profanis

397 2057 753 2126 scriptoribus
799 2056 1130 2127 explicandis
1177 2072 1298 2114 cum
1345 2059 1504 2116 laude
1550 2062 1774 2128 versati,
1843 2077 1984 2133 saepe

398 2145 661 2201 lsidorum
693 2153 883 2202 testem
914 2147 1176 2213 excitant,
1223 2147 1468 2205 studiose
1515 2153 1982 2222 perlustraverim,

399 2249 612 2310 tempus
626 2237 739 2308 jam
766 2238 957 2294 adesse
989 2245 1138 2294 ratus
1159 2253 1298 2303 sum,
1330 2253 1438 2308 quo
1461 2239 1774 2296 immensam
1803 2255 1986 2311 quam-

397 2329 520 2383 dam
571 2343 749 2383 rerum
801 2329 1013 2393 silvam,
1054 2342 1118 2382 ac
1164 2342 1302 2398 pene
1347 2328 1572 2384 dixerim
1621 2329 1981 2399 farraginem,

397 2431 549 2478 certo
570 2420 759 2476 ordine
782 2419 1126 2486 collocarcm,
1155 2433 1218 2474 ac
1245 2434 1364 2474 mea
1391 2421 1674 2490 alienaque
1703 2422 1814 2476 suis
1839 2434 1984 2490 quae-

397 2529 502 2583 que
545 2514 680 2570 locis
724 2512 1122 2568 distribuerem.
1176 2511 1252 2566 lta
1294 2513 1437 2566 enim
1491 2521 1692 2581 statuo,
1744 2527 1864 2584 quae
1915 2513 1983 2567 ad

397 2603 583 2661 lsidori
617 2603 1052 2672 explanationem
1105 2611 1160 2656 et
1206 2602 1635 2656 emendationem
1683 2603 1977 2672 pertinent,

398 2711 459 2751 ea
489 2696 667 2750 omnia
695 2696 762 2749 ab
805 2710 912 2748 uno
941 2694 1187 2765 quamvis
1213 2693 1528 2749 doctissimo
1562 2694 1776 2750 homine
1805 2694 1894 2748 vix
1919 2709 1980 2750 ac

399 2803 465 2842 ne
489 2788 575 2840 vix
606 2785 818 2856 quidem
858 2785 1034 2854 colligi
1087 2799 1243 2854 posse
1275 2803 1286 2838 :
1319 2799 1493 2854 neque
1539 2801 1671 2841 vero
1698 2801 1727 2839 a
1761 2785 1942 2840 multis
1962 2826 1976 2852 ,

398 2881 498 2934 n'si
528 2895 665 2934 unus
687 2879 882 2948 aliquis
909 2877 1146 2948 privatas
1173 2893 1298 2934 suas
1328 2894 1458 2948 opes
1478 2878 1652 2944 palam
1675 2877 1978 2947 depromat,

400 2970 596 3039 quibus
628 2969 715 3022 alii
753 2968 915 3034 ali-is,
945 2975 1003 3020 ut
1041 2982 1160 3023 sese
1189 2967 1338 3022 dabit
1383 2970 1618 3031 occasio,
1666 2968 1977 3036 adjungant.

461 3060 514 3114 9.
547 3059 700 3127 Quod
731 3059 782 3130 5
821 3069 877 3112 ut
903 3058 1236 3114 commodius
1267 3057 1376 3123 flat,
1426 3058 1712 3112 editionem
1741 3059 1978 3112 omnium

397 3166 619 3221 operum
642 3151 828 3206 lsidori
856 3150 1118 3205 adornare
1141 3149 1435 3218 aggredior,
1463 3151 1513 3202 iu
1543 3164 1645 3218 qui
1669 3166 1789 3204 cum
1814 3149 1976 3204 multa

2090 1969 2207 2026 aliae
2235 1972 2452 2029 videant
2476 1977 2620 2046 quod
2649 1977 2702 2032 in
2731 1993 2790 2034 se
2815 1990 3041 2036 caveant
3067 1999 3080 2035 :
3114 1981 3202 2036 illa
3232 1996 3361 2039 vero
3382 1984 3500 2038 aliis
3528 1981 3668 2040 facta

2088 2072 2170 2116 est
2215 2065 2617 2122 condimentum
2663 2070 2956 2140 sapientim,
2999 2073 3096 2127 sibi
3149 2090 3277 2130 vero
3327 2075 3666 2130 simulacrum

2087 2151 2324 2206 stultitiae
2351 2170 2362 2206 :
2388 2154 2486 2210 sibi
2516 2157 2658 2210 enim
2701 2157 2885 2214 nocuit
2912 2159 3292 2228 malefactum,
3320 2163 3436 2218 aliis
3466 2163 3666 2234 profuit

2087 2243 2390 2313 exemplum
2420 2248 2771 2301 contrarium.
2801 2247 2880 2302 Ne
2918 2258 2970 2303 te
2999 2265 3231 2320 unquam
3259 2253 3453 2307 reverti
3484 2253 3548 2308 ad
3575 2269 3666 2325 ge-

2089 2329 2252 2384 nitale
2293 2331 2464 2385 solum
2493 2333 2748 2388 sollicitet
2777 2337 3054 2404 cogitatio,
3087 2340 3198 2406 ubi,
3242 2340 3284 2393 si
3327 2348 3379 2394 te
3408 2341 3552 2396 Deus
3579 2345 3666 2397 ha-

2087 2419 2258 2474 bitare
2284 2420 2561 2487 voluisset,
2615 2437 2722 2478 non
2770 2425 2898 2480 inde
2950 2427 3189 2496 ejiceret.
3222 2429 3330 2485 Sed
3371 2433 3495 2501 quia
3537 2435 3665 2489 utile

2087 2509 2365 2578 proposito
2397 2519 2489 2566 tuo
2521 2511 2634 2567 fore
2678 2513 2976 2585 prospexit,
3021 2517 3175 2583 bene,
3208 2519 3347 2575 sicut
3393 2523 3664 2579 Abraham

2087 2611 2116 2650 a
2143 2598 2427 2666 Chaldaeis,
2451 2609 2505 2654 et
2534 2608 2786 2671 tanquam
2805 2601 2961 2666 Loth,
2988 2612 3038 2660 te
3062 2607 3322 2662 abstraxit
3343 2623 3372 2663 a
3395 2609 3664 2668 Sodomis.

2089 2687 2326 2757 Denique
2355 2705 2593 2745 errorem
2623 2707 2803 2746 meum
2833 2693 2947 2762 ipse
2978 2693 3165 2763 fateor,
3208 2711 3292 2753 me
3324 2715 3662 2757 communem

2086 2786 2312 2832 matrem
2339 2791 2482 2849 saepe
2521 2779 2830 2846 allocutum,
2863 2773 3020 2838 nosse
3049 2786 3288 2853 cupiens,
3321 2788 3363 2840 si
3395 2788 3556 2844 vellet
3585 2805 3663 2845 re-

2087 2870 2220 2924 verti
2268 2869 2332 2924 ad
2373 2871 2615 2940 patriam.
2650 2871 2741 2926 llla
2793 2882 2992 2939 autem,
3021 2887 3137 2943 qure
3184 2891 3245 2931 sc
3296 2888 3519 2934 noverat
3566 2881 3662 2936 Dei

2087 2959 2360 3015 voluntate
2380 2975 2540 3014 causa
2567 2961 2690 3015 inde
2707 2962 2894 3016 salutis
2925 2965 3116 3029 exisse,
3147 2966 3248 3019 sub
3273 2965 3450 3021 divina
3475 2970 3660 3025 obtes-

2085 3050 2288 3105 tatione
2330 3050 2583 3106 dicebat:
2616 3052 2725 3108 Nec
2763 3054 2900 3108 velle
2949 3070 3006 3109 se
3037 3057 3232 3120 videre,
3281 3073 3379 3114 nec
3425 3075 3655 3131 unquam

2085 3141 2320 3193 visuram
2371 3141 2514 3194 illam
2545 3143 2770 3212 patriam
2800 3159 2935 3200 esse.
2971 3145 3036 3199 Et
3065 3161 3186 3200 cum
3219 3149 3423 3217 magnis
3452 3151 3664 3210 dicebat

397 3241 504 3298 sint
533 3254 692 3306 nova,
723 3249 833 3293 tum
861 3238 991 3292 nihil
1023 3253 1210 3293 eorum
1241 3237 1594 3304 desideretur,
1619 3253 1736 3308 qua:
1759 3239 1809 3292 in
1842 3253 1978 3308 prte-
2011 3248 2056 3311 ο
2087 3227 2298 3284 ﬂetibus
2325 3247 2336 3282 ε
2398 3228 2762 3303 Peregrinatio
2818 3249 2908 3289 me
2953 3235 3120 3290 Deum
3174 3237 3299 3292 fecit
3349 3253 3663 3313 agnoscere,

398 3331 714 3386 cedentibus
765 3329 1089 3385 editionibus
1137 3330 1311 3383 locum
1357 3330 1677 3384 habuerunt.
1723 3328 1978 3396 Quisnam

397 3430 576 3476 autem
607 3432 941 3491 opportunus
981 3420 1114 3475 ordo
1146 3420 1198 3473 in
1231 3429 1375 3474 tanta
1402 3436 1578 3475 rerum
1611 3421 1866 3476 varietate
1889 3421 1981 3474 a-l-

396 3512 567 3567 hiberi
600 3510 843 3579 poterit?
873 3508 1074 3574 Quibus
1102 3509 1324 3564 vinCulis
1354 3519 1460 3564 tam
1505 3511 1772 3580 disparata
1815 3526 1982 3564 mem-

395 3601 495 3657 bra
554 3599 998 3667 colligabuntur?
1038 3598 1222 3651 Dicam
1272 3600 1323 3652 in
1370 3597 1802 3667 Prolegomcnmn
1837 3600 1978 3668 fine,

395 3689 523 3761 quid
555 3689 607 3743 in
639 3702 861 3758 operum
893 3685 1101 3751 lsidori,
1138 3685 1620 3756 adjunctarumque
1646 3689 1982 3743 notationem

397 3777 698 3838 ordinanda
726 3777 961 3834 editione
991 3776 1384 3831 observandum
1416 3777 1518 3834 sit:
1550 3792 1694 3832 nunc
1728 3778 1777 3831 in
1808 3775 1984 3835 Prole-

397 3871 642 3941 gomcnis
672 3868 800 3939 quid
830 3868 1096 3938 agendum
1129 3868 1219 3932 sit,
1252 3869 1434 3938 paucis
1462 3883 1579 3938 exp:
1604 3886 1746 3923 nam.

469 3966 554 4020 l0.
592 3965 784 4020 Vetera
817 3970 1181 4029 monumenta,
1213 3977 1331 4032 quae
1375 3963 1440 4018 ad
1468 3963 1730 4018 Isidorum
1759 3965 1983 4035 propius

397 4056 678 4119 accedunt,
729 4053 901 4122 deque
945 4051 1063 4121 ejus
1093 4052 1221 4118 vita,
1271 4052 1452 4120 gestis,
1485 4051 1632 4106 obitu
1678 4066 1982 4108 sermonem

399 4146 618 4208 habent,
647 4152 897 4198 accurate
919 4141 1184 4211 descripta
1213 4142 1499 4205 exhibebo,
1525 4141 1590 4196 ad
1613 4143 1829 4198 codices
1853 4159 1978 4197 mss.

399 4235 691 4305 recognita,
718 4243 772 4288 et
797 4233 1264 4288 observationibus
1290 4233 1576 4287 illustrata.
1609 4232 1735 4288 [late
1764 4230 1982 4288 fundum

397 4328 464 4382 ad
478 4328 665 4382 seriem
683 4327 802 4381 vitae
827 4325 882 4380 S.
907 4323 1093 4380 Isidori
1117 4325 1396 4380 texendam
1412 4325 1758 4395 praestabunt.
1775 4322 1906 4378 Tum
1919 4323 1986 4379 de

399 4418 577 4472 multis
608 4433 788 4472 rerum
819 4417 1104 4487 capitibus,
1132 4430 1250 4484 quae
1275 4416 1385 4485 jam
1434 4414 1637 4484 pridem
1669 4417 1722 4469 in
1765 4422 1993 4470 controo.

401 4508 626 4562 versiam
660 4514 847 4562 vocata
876 4515 1019 4570 sunt,
1051 4505 1354 4575 peculiares
1390 4507 1790 4575 disquisitiones
1834 4505 1984 4559 insti-

2086 3321 2363 3390 peregrina
2395 3323 2614 3386 moriar,
2673 3333 2728 3378 et
2779 3325 2849 3377 ibi
2898 3327 3228 3396 sepulturam
3266 3329 3515 3399 habeam,
3567 3332 3660 3388 ubi

2085 3412 2176 3467 Dei
2206 3413 2566 3482 cognitionem
2613 3417 2818 3484 accepi.
2850 3415 3008 3472 Teste
3035 3416 3181 3484 Jesu,
3215 3420 3316 3475 hoc
3344 3419 3396 3475 in
3421 3423 3535 3490 ejus
3565 3439 3660 3478 cx-

2083 3502 2306 3571 pcriisse
2333 3503 2610 3558 desideriis
2640 3519 2842 3560 memor
2891 3521 3030 3573 sutn,
3062 3516 3139 3573 ut,
3171 3504 3377 3564 etiamsi
3405 3511 3493 3564 diu
3527 3513 3654 3568 vive-

2085 3600 2186 3658 ret,
2218 3594 2444 3663 patriam
2475 3595 2618 3649 illam
2666 3611 2771 3651 non
2811 3597 3090 3652 reviseret.
3131 3595 3232 3664 Tu,
3264 3614 3462 3669 quaso,
3503 3616 3657 3668 cave,

2083 3697 2238 3738 soror
2259 3684 2585 3751 Florentiae,
2613 3686 2758 3755 quod
2785 3699 2956 3741 mater
2982 3688 3174 3754 timuit,
3207 3699 3260 3745 et
3289 3691 3487 3746 malum
3514 3694 3659 3760 quod

2083 3775 2170 3829 illa
2192 3787 2409 3845 experta
2441 3776 2570 3846 fugit
2599 3787 2654 3830 tu
2681 3779 2970 3845 prudenter
2997 3780 3159 3834 evita.

2155 3867 2210 3921 2.
2251 3887 2268 3919 ε
2299 3868 2547 3922 Miserum
2578 3870 2700 3924 me!
2741 3870 2919 3937 doleo,
2953 3872 3044 3941 qui
3074 3872 3269 3928 ibidem
3315 3889 3652 3930 communem

2084 3955 2303 4012 fratrem
2353 3959 2620 4014 transmisi
2670 3957 3026 4027 Fulgentium,
3081 3964 3233 4031 cujus
3263 3965 3498 4033 pericula
3541 3968 3658 4036 jugi

2083 4046 2366 4103 formidine
2394 4051 2732 4117 pertimesco.
2762 4049 2952 4106 Tutior
2981 4061 3158 4108 tamen
3187 4056 3309 4122 erit,
3338 4057 3382 4109 si
3416 4064 3471 4110 tu
3500 4072 3654 4111 secu-

2085 4139 2215 4203 rior,
2256 4147 2311 4193 et
2336 4138 2527 4193 absens
2577 4154 2674 4211 pro
2717 4139 2808 4194 iilo
2835 4141 3092 4196 oraveris.
3124 4141 3199 4196 Ea
3241 4143 3360 4198 inde
3389 4153 3505 4198 arte
3533 4145 3654 4199 abs-

2083 4235 2256 4282 tracta
2285 4244 2365 4297 es,
2410 4237 2470 4282 ut
2492 4229 2535 4284 si
2568 4229 2763 4284 ibidem
2795 4241 2918 4284 nata
2951 4230 3130 4298 fueris,
3184 4247 3293 4287 non
3320 4234 3650 4288 memineris.

2084 4315 2238 4370 Nulla
2261 4327 2343 4372 est
2365 4319 2668 4373 recordatio
2692 4335 2810 4388 quae
2839 4332 3055 4376 moveat
3082 4321 3360 4376 desideriis
3389 4324 3654 4388 animam;

2084 4415 2139 4461 et
2166 4409 2325 4462 beata
2372 4422 2449 4471 es,
2500 4425 2618 4479 qum
2655 4411 2869 4480 ignoras
2898 4413 3037 4479 quod
3085 4411 3290 4466 doleas.
3337 4411 3450 4481 Ego
3478 4420 3656 4467 tamen

2086 4509 2340 4569 expertus
2370 4502 2579 4571 loquor,
2611 4505 2688 4558 sic
2739 4504 3034 4573 perdidisse
3086 4512 3285 4559 statum
3331 4513 3386 4559 et
3421 4505 3657 4574 speciem

401 4606 565 4651 luant.
599 4597 763 4664 Agam
791 4596 982 4650 deinde
1026 4596 1093 4650 de
1123 4595 1306 4649 lsidorl
1339 4595 1603 4664 doctrina,
1636 4596 1979 4663 auctoritate,
2011 4599 2062 4660 Ι)
2089 4591 2231 4648 illam
2261 4593 2510 4664 patriam,
2541 4604 2599 4648 ut
2627 4609 2726 4650 nec
2755 4595 2888 4650 liber
2921 4597 2971 4649 in
2998 4606 3060 4650 ea
3089 4595 3372 4665 quisquam
3403 4597 3654 4664 supersit,

399 4691 663 4744 laudibus.
697 4689 976 4744 Editiones
1006 4701 1227 4757 operum
1261 4687 1562 4741 distinctius
1591 4701 1980 4741 commemora—

398 4779 488 4843 bo,
535 4780 796 4846 adjunctis
839 4780 1000 4833 etiam
1031 4779 1295 4832 editorum
1345 4776 1764 4846 prtefatiunibus,
1820 4785 1982 4846 atque

397 4871 528 4940 ipsis
558 4869 693 4922 adeo
721 4868 963 4938 epistolis
991 4867 1351 4922 dedicatoriis.
1381 4865 1621 4920 Conatus
1649 4867 1875 4921 aliorum
1915 4867 1980 4920 ad

398 4976 591 5016 novam
614 4960 904 5014 editionem
927 4957 1334 5028 procurandam,
1359 4958 1539 5026 copias
1560 4966 1819 5027 praeterea
1845 4972 1982 5027 quas

391 5053 449 5108 in
476 5069 595 5109 eam
617 5067 730 5107 rem
759 5059 1146 5122 apparavt-rant
1178 5050 1483 5119 singillatim
1510 5065 1794 5118 exponam.

470 5143 558 5196 ll.
591 5141 726 5195 Tum
768 5141 832 5194 ad
865 5139 1050 5194 lsiduri
1078 5153 1240 5208 opera
1291 5141 1672 5204 enumeranta,
1704 5148 1759 5192 et
1796 5153 1920 5191 vera
1949 5151 1978 5192 a

399 5231 546 5287 falsis
573 5230 940 5298 distinguenda
973 5243 1208 5298 pergam,
1239 5229 1524 5296 praemissis
1573 5229 1807 5296 antiquis
1834 5229 1980 5295 ejus-

397 5323 610 5379 cemodi
642 5338 866 5392 operum
895 5321 1169 5390 catalogis.
1201 5321 1274 5376 De
1296 5321 1515 5390 singulis
1539 5336 1784 5376 seorsum
1806 5319 1982 5388 di-pu-

399 5417 530 5469 tabo
555 5430 571 5479 ;
596 5421 651 5465 et
670 5427 913 5481 quaenam
939 5413 1007 5465 ab
1036 5411 1150 5465 aliis
1173 5420 1440 5481 separata,
1465 5412 1604 5481 typis
1632 5426 1830 5466 excusa
1850 5427 1978 5480 pro-

397 5503 618 5568 dierint,
637 5502 957 5567 admonebo,
984 5502 1220 5571 nihilque
1240 5503 1401 5556 etiam
1431 5503 1618 5556 harum
1646 5503 1974 5572 peculiarum

398 5582 696 5651 editionum
726 5611 756 5648 a
783 5593 1031 5665 prteseuti
1059 5602 1117 5648 ut
1141 5594 1298 5661 absit,
1328 5609 1552 5664 operam
1577 5593 1735 5648 dabo.
1770 5593 1980 5648 Postre-

399 5701 490 5740 mo
516 5693 761 5740 veterum
803 5683 1060 5738 librorum
1093 5698 1243 5750 mss.,
1274 5684 1466 5753 quibus
1494 5683 1705 5753 adjutus
1732 5697 1872 5745 sum,
1904 5695 1982 5736 re-

401 5778 710 5834 Censionem
742 5774 1015 5833 adornabo
1044 5790 1148 5832 non
1173 5774 1610 5845 perfunctoriam,
1644 5780 1697 5831 et
1727 5788 1844 5844 quae
1867 5774 1976 5829 for-

2085 4697 2186 4738 nec
2218 4691 2357 4736 terra
2385 4683 2496 4752 ipsa
2525 4685 2679 4738 solita
2709 4686 2777 4738 sit
2804 4686 3052 4738 ubertate
3080 4683 3334 4746 fecunda;
3364 4693 3419 4738 et
3445 4700 3552 4738 non
3583 4686 3656 4738 si—

2083 4789 2151 4828 ne
2183 4773 2274 4828 Dei
2297 4773 2500 4841 judicio
2526 4794 2539 4826 :
2574 4784 2714 4829 terra
2746 4776 2907 4838 enim,
2942 4777 3026 4830 cui
3055 4775 3199 4830 cives
3227 4775 3395 4843 erepti
3427 4784 3572 4839 sunt,
3601 4785 3659 4830 et

2075 4863 2322 4920 concessi
2345 4873 2628 4930 extraneo,
2653 4877 2774 4918 mox
2800 4875 2858 4917 ut
2876 4863 3186 4932 dignitatem
3209 4864 3456 4934 perdidit,
3486 4865 3658 4918 caruit

2085 4963 2138 5010 ct
2177 4953 2521 5010 fecunditate.
2565 4955 2717 5023 Vide,
2747 4971 2903 5011 soror
2931 4955 3259 5020 Florentina,
3304 4955 3449 5024 quod
3480 4965 3531 5011 te
3560 4971 3658 5027 pa-

2084 5063 2236 5114 vens,
2270 5063 2618 5119 maerensque-
2646 5051 2984 5118 conveniam,
3034 5067 3101 5107 ne
3147 5060 3202 5107 te
3234 5065 3456 5122 serpens
3486 5054 3660 5122 praeri-

2083 5142 2196 5211 piat
2222 5155 2248 5194 a
2281 5141 2529 5210 paradiso
2557 5158 2572 5208 ;
2599 5150 2654 5196 et
2679 5143 2730 5196 in
2756 5157 2874 5196 eam
2901 5151 3065 5211 ponat
3088 5150 3306 5208 terram,
3336 5157 3454 5211 qua:
3479 5143 3658 5211 Spinas

2082 5240 2138 5287 et
2165 5233 2390 5286 tribulos
2417 5234 2703 5300 germinat,
2735 5233 2801 5287 de
2827 5247 2930 5302 qua
2959 5248 3169 5288 rursum
3202 5234 3246 5287 si
3281 5233 3412 5287 velis
3442 5241 3658 5286 manum

2083 5322 2394 5387 extendere,
2425 5332 2479 5377 et
2519 5325 2716 5392 lignum
2760 5325 2882 5378 vita:
2921 5325 3186 5379 edendum
3225 5337 3520 5390 assumere,
3549 5338 3657 5376 non

2081 5413 2409 5483 permittat-is
2429 5414 2709 5481 attingere.
2743 5412 2936 5470 Testor
2961 5416 3104 5469 enim
3145 5423 3197 5469 te
3219 5429 3340 5469 cum
3371 5413 3653 5481 propheta,

2081 5511 2154 5565 ct,
2180 5504 2395 5558 conscio
2414 5503 2539 5556 Jesu
2570 5503 2808 5576 Christo,
2852 5505 3116 5559 admoneo
3152 5504 3335 5558 dicens
3362 5521 3374 5556 :
3401 5502 3560 5571 Audi,
3589 5504 3654 5570 ﬁ-

2080 5593 2175 5662 lia,
2204 5604 2251 5646 et
2276 5595 2409 5659 ria‘e,
2439 5601 2490 5648 et
2512 5595 2706 5648 inclina
2728 5611 2903 5649 aurem
2927 5605 3083 5659 luant,
3108 5603 3156 5649 et
3176 5593 3470 5647 obliviscere
3495 5611 3654 5663 popa.

2080 5686 2185 5738 lum
2217 5693 2375 5748 tuum,
2407 5694 2458 5738 et
2483 5685 2688 5739 domum
2736 5687 2902 5754 patris
2941 5685 3034 5748 tui,
3078 5684 3195 5751 quia
3238 5683 3525 5751 concupiuit
3564 5699 3654 5736 rea

2076 5779 2292 5846 speciem
2317 5786 2476 5845 tuam,
2497 5784 2549 5829 et
2566 5777 2674 5845 ipse
2689 5784 2764 5830 est
2788 5777 2836 5844 ’1
2859 5773 3105 5828 Dominus
3138 5772 3275 5828 Deut
3289 5780 3404 5828 tuus
3427 5771 3651 5843 (Paulus.
