4012 6196
424 387 493 442 15
1173 377 1263 432 AD
1297 374 1525 435 OPERA
1564 367 1910 428 8.18mi)!“
1952 365 2393 427 HISPALENSIS
2437 368 2966 429 PROLEGOMENA.
3623 382 3694 437 ιθ

424 485 565 560 ιίιν,
602 491 686 558 Η,
729 489 833 560 Ιῗι).
881 487 1048 542 Nemo
1090 489 1293 540 mittens
1322 499 1532 539 manum
1563 498 1708 537 suam
1735 483 1788 534 in
1820 487 1996 532 aratro
2034 481 2072 536 Α
2104 460 2266 550 regis,
2300 483 2352 537 in
2382 497 2500 552 quo-
2511 483 2762 553 quiddam
2791 486 2890 539 sibi
2919 487 3213 557 antiquitas
3243 490 3548 561 vindicavit,
3585 497 3694 554 imo

422 595 470 637 et
497 582 771 652 respiciens
795 587 950 642 retro,
977 585 1126 646 aptus
1146 584 1223 629 est
1250 589 1406 644 regno
1425 571 1541 626 Dei.
1566 591 1583 624 ι
1611 570 1760 643 (Luc.
1785 586 1858 634 Ix,
1885 568 1998 637 (ἃ.)

491 675 545 728 5.
575 692 594 724 t
629 671 748 726 Noli
776 670 843 723 ab
884 684 951 723 eo
979 666 1197 720 evolare
1243 664 1369 720 nido
1397 662 1544 732 quod
1593 661 1798 715 invenit
1827 667 2004 714 turtur

420 764 512 818 ubi
537 767 768 831 reponat
795 757 970 828 pullos
997 769 1123 809 suos
1152 753 1376 824 (Psalm.
1409 751 1657 821 unm).
1681 749 2005 819 Simplicita-

423 856 488 909 tis
537 854 642 907 lilia
673 866 750 914 es,
802 863 920 919 quae
968 845 1200 902 Turture
1229 854 1403 900 matre
1433 853 1558 898 nata
1595 857 1676 898 es.
1710 841 1784 895 iln
1814 838 2003 896 eadem

422 959 524 1000 una
556 955 784 1010 persona
812 937 1166 1008 complurium
1196 933 1653 990 necessitudinum
1688 933 1856 985 uteris
1879 925 2004 983 offi-

421 1034 529 1088 cio.
557 1031 841 1086 Turturem
871 1043 968 1097 pro
991 1033 1164 1081 matre
1192 1025 1430 1095 respice:
1456 1021 1740 1077 Turturem
1762 1035 1861 1090 pro
1887 1033 2003 1072 ma-

417 1124 585 1190 gistra
614 1120 868 1174 attende:
901 1125 976 1184 et,
1023 1132 1142 1188 quze
1192 1123 1246 1170 te
1273 1113 1488 1169 Christo
1518 1109 1761 1182 quotidie
1793 1107 2004 1162 allecti-

419 1215 521 1269 bus
541 1222 783 1282 generat,
801 1209 1128 1273 chariorem,
1151 1221 1256 1275 qua
1285 1212 1408 1260 nata
1425 1219 1503 1270 es,
1525 1211 1716 1273 reputa
1743 1209 2004 1264 matrem;

420 1308 488 1363 ab
519 1306 662 1361 omni
689 1304 946 1376 procella,
977 1303 1044 1357 ab
1071 1301 1218 1356 omni
1257 1299 1531 1354 mundano
1559 1296 1772 1352 turbine
1802 1296 1853 1350 in
1892 1293 2009 1362 ejus

419 1407 476 1452 te
504 1397 706 1452 sinibus
726 1392 920 1449 conde.
953 1391 1036 1447 Sit
1063 1391 1156 1446 tibi
1184 1405 1351 1444 suave
1379 1387 1676 1458 ejuslateri
1702 1385 2005 1440 adhmrere:

419 1488 491 1542 sit
517 1486 610 1540 tibi
639 1484 794 1539 dulce
829 1481 945 1551 ejus
980 1480 1240 1552 gremium
1266 1478 1376 1549 jam
1392 1484 1694 1548 provectae,
1726 1473 1868 1546 quod
1893 1480 2012 1529 erat

422 1577 612 1633 infanti
642 1575 1025 1645 gratissimum.
1059 1591 1083 1624 λ»

495 1667 545 1719 4.
581 1684 600 1719 t
637 1664 919 1720 Postremo
949 1659 1316 1716 charissimam
1361 1666 1754 1726 te'germanam
1800 1667 2007 1723 quasso,

419 1763 481 1811 ut
506 1756 611 1810 mei
637 1753 842 1810 orando
872 1749 1198 1817 memineris,
1225 1763 1324 1804 nec
1347 1748 1576 1817 junioris
1609 1745 1788 1800 fratris
1815 1742 2008 1798 Isidori

2107 583 2349 628 nostrum
2394 584 2604 644 tempus
2648 575 2982 643 antiquitatis
3031 579 3182 634 ineo
3226 583 3506 639 scientiam
3562 589 3694 642 inta-

2105 663 2328 731 ginavit,
2372 664 2455 719 vir
2484 665 2537 719 in
2577 665 2723 720 omni
2755 666 3039 722 locutionis
3076 682 3276 738 genere
3295 673 3586 742 formatus,
3621 691 3696 734 .ut

2106 751 2357 822 imperito
2402 753 2672 823 doctoque
2717 754 3011 809 secundum
3065 759 3379 826 qualitatem
3412 771 3697 824 sermonis

2107 847 2362 902 existeret
2385 857 2564 917 aptus,
2595 862 2832 917 congrua
2862 865 2990 904 vero
3019 855 3428 922 opportunitate
3453 857 3582 927 loci,
3601 862 3698 915 .in—

2107 937 2456 1008 comparabiii
2503 937 2806 1007 eloquentia
2857 939 3055 996 clarus.
3105 941 3222 997 Jam
3279 961 3407 1002 vero
3465 961 3699 1019 quantus

2107 1029 2367 1098 sapientia
2400 1029 2578 1096 merit,
2610 1045 2678 1084 ex
2708 1031 2827 1099 ejus
2855 1031 3083 1087 diversis
3104 1035 3294 1090 studiis
3323 1046 3378 1092 et
3407 1039 3699 1100 elaboratis

2108 1121 2381 1190 opusculis
2401 1121 2654 1192 perfacile
2681 1122 2918 1192 prudens
2946 1124 3118 1180 lector
3144 1126 3442 1198 intelligere
3472 1135 3691 1200 poterit.

2103 1211 2539 1282 Deniquedeiis
2589 1213 2804 1281 quaead
2861 1214 3106 1268 notitiam
3148 1227 3385 1271 nostram
3435 1232 3698 1279 venerunt

2108 1303 2211 1358 ista
2277 1303 2717 1358 commemoravi.
2785 1302 2974 1358 Edidit
3031 1305 3210 1360 libros
3265 1307 3696 1370 Diﬂerentiarum

2109 1392 2267 1460 duos,
2320 1392 2598 1461 inquibus
2648 1392 2829 1448 subtili
2879 1393 3202 1451 discretione
3232 1411 3293 1451 ea
3331 1413 3449 1468 quae
3474 1401 3698 1459 confuse

2109 1499 2208 1538 usu
2226 1483 2589 1554 proferuntur,
2607 1499 2768 1538 sensu
2785 1485 3058 1540 discrevit.
3088 1485 3478 1544 Prommiorum
3499 1491 3694 1548 librum

2111 1589 2294 1640 unum,
2335 1575 2388 1628 in
2415 1589 2545 1644 quo,
2591 1574 2719 1644 quid
2758 1576 2987 1644 quisque
3033 1575 3168 1630 liber
3194 1587 3395 1632 sancta:
3422 1581 3697 1637 continent

2108 1661 2423 1732 Seripturae,
2454 1663 2600 1718 brevi
2640 1663 3021 1718 subnotatione
3067 1664 3327 1720 distinxit.
3371 1667 3597 1724 Deortu
3643 1681 3698 1726 ‹.ι

2113 1753 2261 1809 obitu
2287 1752 2504 1808 Patrum
2536 1754 2727 1808 librum
2754 1769 2937 1820 unum,
2971 1757 3022 1809 in
3060 1771 3169 1825 quo
3207 1771 3395 1812 eorum
3423 1768 3596 1828 gesta,
3619 1764 3700 1816 di-

421 1846 790 1908 obliviscaris,
833 1859 994 1915 quem
1025 1843 1150 1914 quia
1180 1842 1278 1897 sub
1323 1841 1418 1895 Dei
1462 1839 1710 1904 tuitione,
1755 1845 1811 1893 et
1839 1837 2010 1891 tribus
2045 1847 2087 1906 Β
2113 1843 2372 1913 gnitatem
2397 1858 2632 1913 quoque,
2662 1852 2718 1898 et
2768 1852 2993 1899 mortem
3023 1859 3233 1913 eorum,
3263 1854 3430 1918 atque
3459 1852 3700 1921 sepultu-

419 1941 692 2012 germanis
729 1937 1105 2009 superstitibus
1133 1943 1383 2007 parentes
1409 1933 1743 2001 reliquerunt
1768 1943 2012 1985 commu-

421 2048 538 2097 nes,
590 2016 717 2092 laeti,
751 2037 810 2084 et
854 2028 923 2082 de
951 2025 1069 2094 ejus
1114 2023 1244 2080 nihil
1265 2022 1631 2078 formidantes
1679 2019 1901 2074 infantia
1947 2017 2015 2072 ad

423 2123 707 2178 Dominum
731 2126 1124 2176 commearunt.
1149 2114 1319 2180 Quem
1345 2128 1466 2168 cum
1479 2125 1581 2179 ego
1611 2120 1671 2164 ut
1698 2107 2013 2164 vereiilium

424 2215 674 2276 habeam,
710 2224 811 2266 nec
850 2204 1145 2278 temporale
1187 2202 1386 2273 aliquid
1414 2202 1531 2271 ejus
1577 2200 1827 2256 charitati
1873 2213 2013 2268 prte-

423 2308 836 2376 ponam,.atque
885 2299 938 2353 in
977 2311 1046 2352 eo
1085 2309 1301 2366 pronus
1327 2293 1621 2348 dilectione
1657 2290 2012 2355 recumbam;

425 2408 577 2453 tanto
603 2412 725 2452 eum
755 2394 970 2450 charius
996 2390 1178 2459 dilige,
1222 2396 1480 2456 tantoque
1507 2386 1692 2440 Jesum
1723 2397 1886 2438 exora
1917 2397 2014 2450 pro

425 2490 538 2551 illo,
570 2494 774 2556 quanto
816 2481 954 2538 nosti
995 2495 1119 2535 eum
1148 2494 1180 2532 a
1227 2475 1540 2548 parentibus
1570 2472 1824 2529 tenerius
1853 2471 2016 2526 fuiSse

425 2582 702 2636 dilectum.
735 2575 930 2630 Certus
958 2587 1100 2637 sum,
1130 2569 1277 2640 quod
1319 2567 1501 2623 flectat
1534 2581 1631 2636 pro
1664 2564 1817 2618 nobis
1859 2576 2015 2616 aurts

425 2673 633 2727 divinas
657 2677 746 2724 tua
769 2665 1040 2735 virginalis
1063 2663 1238 2718 oratio
1266 2669 1374 2727 :et,
1399 2660 1445 2716 si
1465 2666 1702 2730 pactum,
1730 2655 1873 2725 quod
1890 2669 2013 2710 cum

423 2763 641 2819 Christo
658 2758 914 2832 pepigisti
949 2755 1268 2819 servaveris,
1309 2753 1447 2809 bene
1467 2751 1644 2820 agenti
1670 2749 1761 2804 tibi
1791 2747 2016 2802 debetur

425 2869 648 2920 corona,
671 2860 730 2908 et
756 2849 1064 2907 exbortanti
1088 2846 1334 2902 Leandro
1355 2843 1693 2916 praastabitur
1722 2841 1908 2902 venia;
1938 2847 2012 2903 et,

423 2948 471 3004 si
493 2941 925 3017 perseveraveris
950 2952 1120 3009 usque
1144 2937 1196 2992 in
1225 2936 1406 3000 fmem,
1426 2933 1574 2995 salva
1605 2931 1730 2987 eris.
1761 2931 1953 2983 Amen.
1991 2946 2009 2980 ι

495 3037 550 3091 5.
592 3033 782 3091 Varias
826 3032 924 3086 bas
966 3029 1222 3086 lectiones
1244 3025 1301 3080 .F
1307 3024 1536 3092 loreziup
1587 3019 2012 3090 tomJXllisp.

424 3141 568 3183 sacr.
599 3165 618 3191 ,
647 3120 878 3192 append.
912 3117 976 3186 5,
1019 3117 1215 3187 adjecit
1241 3130 1273 3170 e
1300 3115 1507 3170 duobus
1537 3127 1668 3167 mss.
1693 3109 2016 3180 exemplari-

2117 1947 2234 1987 ram
2277 1933 2585 1987 sententiali
2617 1932 2881 1989 brevitate
2920 1934 3356 1991 sulmotavitrAd
3381 1953 3700 2009 germanum

2115 2038 2270 2078 suum
2302 2022 2638 2092 Fulgentium
2669 2023 2979 2094 epismpum
3009 2025 3364 2092 Astigitanum
3397 2028 3700 2086 officiorum

2115 2113 2282 2169 libros
2297 2113 2453 2181 duos,
2480 2115 2530 2168 in
2553 2115 2748 2183 quibus
2767 2115 3026 2184 originem
3049 2117 3372 2186 officiorum,
3394 2135 3699 2176 curulium-

2115 2206 2367 2276 quodque
2394 2207 2446 2260 in
2467 2204 2712 2262 Ecclesia
2727 2206 2833 2261 .Dei
2859 2217 3068 2277 agatur,
3095 2209 3390 2280 interprete
3414 2227 3514 2268 suo
3540 2215 3698 2284 style,

2117 2311 2225 2351 non
2255 2297 2372 2350 sine
2402 2295 3011 2365 majorumauetoritate
3039 2299 3239 2353 elicuit.
3270 2299 3700 2374 Synnnymorum

2116 2387 2286 2442 libros
2309 2387 2466 2453 duos,
2505 2388 2697 2458 quibus
2724 2389 2790 2442 ad
2835 2390 3268 2446 consolationem
3314 2394 3524 2462 animm,
3555 2405 3610 2450 et
3635 2397 3700 2454 ad

2115 2493 2267 2548 spem
2303 2477 2670 2548 percipienda:
2701 2479 2888 2543 senae,
2940 2479 3311 2536 intercedente
3347 2485 3573 2540 rationis
3601 2501 3702 2541 ex-

2117 2568 2443 2651 hortatione,
2489 2568 2681 2623 erexit.
2732 2567 3027 2623 Denatura
3075 2585 3254 2643 rerum
3301 2573 3366 2626 ad
3395 2573 3702 2631 Sisebutum

2116 2674 2297 2730 regem
2322 2661 2512 2715 librum
2554 2676 2740 2724 unum,
2772 2661 2824 2714 in
2844 2676 2951 2729 quo
2982 2670 3091 2715 tam
3120 2662 3190 2717 de
3217 2662 3702 2721 ecclesiasticorum

2116 2752 2420 2816 doctorum,
2450 2767 2609 2821 quam
2637 2753 2800 2808 etiam
2845 2750 2913 2806 de
2961 2751 3406 2822 philosophorum
3455 2756 3704 2825 indagine

2116 2839 2345 2896 obscura
2374 2840 2614 2909 quzedam
2645 2840 2710 2894 de
2739 2839 3018 2894 elementis
3047 2839 3309 2895 absolvit.
3351 2842 3439 2897 De
3466 2848 3703 2901 numeris

2118 2929 2313 2985 librum
2345 2945 2529 2994 unum,
2558 2930 2608 2984 io
2631 2944 2748 2999 quo
2777 2929 3172 2984 arithmeticam
3203 2940 3426 3000 propter
3451 2949 3705 2990 numeros

2117 3019 2496 3076 ecclesiasticis
2538 3016 2830 3089 Scripturis
2875 3019 3107 3076 insertos
3143 3035 3212 3075 ex
3258 3030 3414 3091 parte
3444 3023 3621 3092 tetigit
3648 3025 3703 3095 9

2119 3110 2475 3180 disciplinam.
2524 3110 2600 3164 De
2645 3109 2950 3166 nominibus
2997 3108 3153 3180 Legis
3181 3119 3238 3167 et
3287 3110 3704 3183 Evangeliorum

423 3221 526 3274 bus
549 3214 809 3277 Gothicis,
859 3214 1031 3266 altero
1083 3207 1422 3264 bibliotheca:
1461 3203 1628 3272 regia:
1669 3201 2012 3263 Matritensis,
2044 3211 2090 3274 ρ
2120 3204 2314 3260 librum
2342 3221 2526 3270 unum,
2551 3203 2603 3259 in
2635 3218 2743 3273 quo
2767 3203 3003 3258 ostendit
3022 3204 3148 3275 quid
3179 3213 3490 3261 memorata:
3517 3221 3706 3278 ρει-ευ.

426 3313 600 3367 altero
648 3309 704 3363 S.
741 3303 1014 3362 ,αἰιηίιίθηὶ
1062 3299 1348 3366 Cucullati,
1381 3297 1587 3354 sive-de
1609 3297 1661 3349 la
1688 3293 1922 3366 Cogotla,
1957 3301 2016 3346 ut

423 3405 651 3468 dicunt;
691 3410 747 3456 et
799 3414 867 3455 ex
899 3393 1222 3454 editionibus
1269 3389 1605 3457 Sandovalii,
1663 3386 1903 3456 Tamayi,
1959 3390 2015 3438 et

424 3494 708 3552 llolstenii.
755 3487 1110 3548 Sandovalius
1138 3495 1194 3540 et
1214 3483 1503 3553 Tamayus,
1547 3487 1595 3533 et
1626 3479 1874 3532 immenso
1903 3475 2016 3529 die-

425 3597 612 3641 torum.
641 3584 818 3646 Tam.,
847 3579 1116 3635 verborum
1138 3583 1385 3630 revertor.
1414 3570 1594 3636 Tam.,
1618 3569 1740 3623 inde
1759 3567 2011 3638 ejecisset.

424 3677 553 3731 Mss.
594 3673 808 3730 Gotliici
847 3669 1080 3734 codices,
1125 3665 1244 3720 uelit
1291 3662 1493 3717 reverti.
1527 3657 1692 3714 Sand.
1740 3665 1796 3712 et
1836 3656 2012 3718 Tam.,

427 3775 641 3835 experta
671 3761 828 3834 fugit.
1577 3764 1582 3768 ·

497 3833 552 3908 ti.
587 3833 894 3906 lloistenius
912 3855 968 3902 et
987 3845 1104 3902 Nic.
1136 3841 1400 3897 Antonius
1421 3839 1475 3894 in
1497 3838 1674 3908 elogio
1694 3835 1750 3890 S.
1787 3833 2018 3902 Fulgen-

427 3949 507 4010 tii,
541 3961 688 4001 num.
732 3943 818 4005 12,
851 3939 1103 3994 Biblimh.
1160 3936 1279 3990 νει.
1317 3933 1490 4002 liisp.,
1543 3930 1624 3984 Ea
1673 3929 1796 3983 inde
1843 3936 2015 3981 wtate.

425 4039 552 4092 Mss.
581 4053 642 4090 ea
658 4033 793 4088 inde
815 4039 944 4085 arte.
978 4026 1168 4092 Sand.,
1197 4026 1241 4080 si
1279 4023 1587 4094 perdidisse.
1617 4017 1804 4082 Sand.,
1833 4015 2015 4081 Tam.,

425 4133 541 4183 vita:
569 4126 638 4179 ad
663 4123 935 4178 edendum.
967 4118 1133 4174 Sand.
1163 4125 1220 4170 et
1247 4114 1516 4184 Tamayus
1562 4112 1616 4164 in
1665 4109 1776 4180 ejus
1797 4122 2013 4178 pronus.

425 4217 616 4280 Sand.,
649 4215 827 4277 Tam.,
859 4207 1158 4282 parentiqu
1190 4206 1427 4259 terrenis.

495 4308 550 4360 .7.
584 4303 733 4359 Adde
761 4302 866 4368 bis,
895 4299 940 4355 si
961 4298 1166 4369 placet,
1199 4291 1483 4349 nonnullas
1511 4305 1659 4346 meas
1687 4287 2016 4346 observatio-

426 4411 542 4450 nes.
567 4390 873 4449 Iiolstenius
896 4403 1045 4444 num.
1071 4385 1095 4439 l
1128 4385 1400 4454 babetper
1422 4383 1622 4437 beatam
1643 4395 1860 4452 quoque.
1876 4375 2011 4433 Ibid.

427 4487 628 4552 llolst.,
655 4493 706 4537 te
732 4481 1010 4546 abstraxit,
1055 4493 1152 4549 pro
1181 4491 1290 4547 quo
1318 4475 1598 4530 Florezius
1640 4473 1812 4528 edidit
1841 4480 1887 4526 te
1917 4470 2014 4524 ad-

2116 3314 2201 3354 ure
2252 3298 2629 3370 mysterialiter
2677 3295 2996 3366 signiﬁcent.
3053 3296 3130 3352 De
3183 3297 3476 3353 bmresibus
3512 3298 3704 3353 librum

2118 3389 2388 3455 unum,fin
2437 3403 2546 3458 quo
2575 3385 2839 3457 majorum
2883 3395 3106 3442 secutus
3133 3387 3400 3457 exempla,
3441 3387 3704 3444 brevitate

2117 3496 2222 3551 qua
2249 3480 2423 3550 potuit
2461 3476 3346 3547 diﬂ'usacollegit.Sententiarum
3376 3479 3539 3534 libros
3566 3487 3700 3546 tres,

2117 3588 2257 3642 quos
2286 3570 2510 3627 ﬂoribus
2547 3585 2616 3625 ex
2660 3570 2810 3625 libris
2841 3584 2990 3640 papa:
3017 3569 3262 3640 Gregorii
3293 3570 3586 3626 moralibus
3610 3571 3703 3625 (ιε.

2118 3661 2344 3718 coravit.
2394 3661 2785 3717 Cbronicorutn
2815 3675 2845 3714 a
2893 3661 3156 3728 principio
3182 3659 3376 3713 .mundi
3426 3675 3594 3728 usque
3638 3660 3705 3715 ad

2121 3762 2332 3822 tempus
2358 3767 2536 3815 suum,
2567 3752 2759 3806 librum
2787 3763 2972 3810 unum,
3010 3749 3177 3803 nimia
3207 3748 3474 3805 brevitate
3501 3751 3706 3807 collec-

2119 3852 2255 3899 tum.
2285 3841 2485 3898 Contra
2515 3839 2748 3904 inda-os,
2778 3838 3084 3910 postulante
3109 3836 3424 3894 Florentina
3446 3853 3704 3909 germana

2119 3951 2215 3992 sua
2256 3935 2531 4004 proposito
2570 3933 2792 4000 virgine,
2825 3930 2992 3985 libros
3016 3930 3176 3998 duos,
3203 3928 3256 3983 in
3285 3930 3482 3999 quibus
3521 3934 3703 3989 omnia

2119 4039 2238 4094 quae
2279 4023 2410 4078 fndes
2453 4019 2717 4077 catholica
2757 4019 2949 4086 credit,
2980 4033 3046 4073 ex
3073 4018 3208 4088 legis
3237 4026 3293 4074 et
3322 4021 3704 4090 prophetarum

2120 4113 2440 4172 testimoniis
2490 4109 2829 4182 approbavit.
2858 4108 2937 4164 De
2975 4108 3117 4166 Viris
3154 4107 3468 4165 .lllustribus
3511 4110 3704 4166 librum

2120 4221 2306 4270 unum,
2329 4204 2415 4260 cui
2445 4216 2543 4258 nos
2571 4202 2674 4256 ista
2712 4198 3107 4269 subjuuximus.
3148 4200 3462 4257 Monasticte
3506 4203 3702 4271 regulae

2118 4298 2312 4354 librum
2340 4307 2524 4356 unum,
2564 4305 2728 4360 quem
2756 4304 2857 4361 pro
2877 4290 3075 4359 patriae
3103 4305 3222 4354 usu,
3264 4299 3320 4345 et
3349 4289 3702 4346 invalidorum

2119 4386 2312 4444 animis
2339 4383 2715 4441 decentissime
2758 4381 3096 4450 temperavit.
3143 4379 3226 4436 De
3253 4380 3459 4448 origine
3498 4379 3704 4435 Cotho-

2118 4496 2260 4546 rum,
2307 4487 2364 4536 et
2391 4492 2558 4547 regno
2611 4475 2954 4540 Suevorum,
3002 4481 3062 4528 et
3107 4474 3268 4528 etiam
3315 4471 3701 4525 Wandalorum

428 4579 606 4633 traxit.
639 4575 769 4629 Ibid.
801 4572 974 4628 Helst.
1005 4569 1293 4640 sepulcrum
1309 4567 1543 4620 habeam.
1569 4564 1726 4619 Num.
1749 4563 1785 4615 2
1817 4563 2010 4626 Holst.,
2043 4578 2093 4642 υ
2120 4568 2580 4634 historia,1ibmm
2602 4580 2790 4622 unum.
2812 4563 3178 4631 Quaestionum
3201 4562 3364 4617 libros
3388 4559 3543 4623 duos,
3562 4575 3702 4630 quos

426 4676 482 4721 ut
511 4667 586 4720 vel
605 4667 649 4719 si
673 4665 878 4718 ibidem.
896 4661 1043 4716 .lbid.
1071 4658 1422 4727 conjiciebam
1452 4657 1516 4710 de
1537 4672 1636 4727 qua
1664 4662 1868 4709 sursum
1894 4655 1940 4707 si
1959 4655 2017 4726 8

425 4757 572 4821 ιιειὴ,
601 4763 704 4810 etc.
738 4753 869 4808 ibid.
895 4749 1176 4814 llolst.,.in
1204 4756 1454 4802 aratrum.
1489 4746 1647 4801 Num.
1673 4746 1708 4800 5
1738 4744 2016 4800 Florezius

428 4858 477 4901 te
501 4844 696 4900 sinibus
724 4842 986 4898 concede:
1009 4850 1063 4896 et
1081 4842 1198 4912 jam
1226 4841 1455 4911 profecto
1484 4854 1583 4909 pro
1604 4839 1718 4908 jam
1745 4845 2016 4908 provectaz.

426 4937 618 4992 Melius
637 4936 762 5002 hoc,
793 4933 878 4988 vel
907 4933 1068 4986 simili
1098 4947 1258 4987 sensu
1270 4930 1386 5001 jam
1409 4931 1676 4998 profectis.
1701 4927 1856 4982 Mitto
1881 4928 2018 4982 alios

427 5027 790 5100 grammaticm
818 5039 1052 5090 errores,
1075 5025 1166 5092 qui
1191 5023 1290 5078 etsi
1316 5021 1546 5078 fortasse
1575 5019 1629 5074 in
1653 5017 1884 5073 Leandri
1912 5033 2016 5078 sa:-

427 5121 610 5179 culum
640 5117 860 5176 cadunt.
911 5123 1092 5170 tamen
1138 5113 1374 5170 librariis
1402 5111 1594 5168 melius
1613 5109 1928 5164 tribuentur
1957 5115 2017 5163 ut

429 5217 553 5273 nido
579 5213 716 5287 quod
739 5226 836 5283 pro
857 5209 979 5264 nido
1000 5224 1166 5278 quem,
1198 5216 1306 5261 etc.

1074 5296 1306 5354 CAPUT
1345 5294 1432 5350 lii.

437 5399 501 5454 S.
550 5393 849 5452 Braufionis
907 5389 1370 5461 Cwsaraugustani
1415 5384 1641 5457 episcopi
1695 5381 2016 5437 Prwuotatio

915 5482 1164 5536 librorum
1205 5478 1273 5532 D.
1310 5477 1528 5532 Isidori.

503 5579 557 5632 l.
603 5596 623 5629 ε
658 5575 894 5631 lsidorus
951 5575 1031 5627 vir
1085 5570 1351 5639 egregius,
1396 5567 1732 5637 ,Hispalensis
1764 5563 2020 5620 Ecclesiae

433 5670 741 5738 episcopus.
773 5664 1000 5721 Leandri
1027 5660 1265 5732 episcopi
1305 5671 1588 5714 successor
1615 5663 1671 5712 et
1711 5669 2019 5723 germanus,

433 5760 616 5818 ﬂoruit
649 5772 681 5812 a
707 5767 947 5825 tempore
989 5751 1219 5810 Mauritii
1261 5747 1620 5823 imperatoris,
1647 5753 1703 5803 et
1731 5744 2024 5802 Reccarcdi

2120 4665 2213 4736 qui
2242 4663 2372 4734 legit
2395 4669 2636 4719 veterum
2662 4665 3016 4715 tractatorum
3055 4653 3278 4710 multam
3305 4650 3701 4721 supellectilem

2112 4753 2479 4824 recognoscit.
2498 4749 2959 4824 Etymologiarum
2979 4743 3222 4802 codicem
3247 4741 3409 4797 nimia
3431 4741 3704 4809 magnitu-

2121 4848 2266 4914 dine,
2292 4846 2602 4901 distinctum
2631 4841 2700 4897 ab
2729 4856 2796 4896 eo
2813 4839 3006 4904 titulis,
3033 4853 3140 4892 non
3169 4835 3318 4890 libris
3342 4851 3356 4887 :
3390 4847 3551 4903 quem
3581 4832 3703 4903 quia

2121 4949 2312 5011 rogatu
2343 4953 2464 4993 meo
2482 4934 2640 4999 fecit,
2663 4933 2911 5004 quamvis
2938 4927 3309 4999 imperfectum
3331 4925 3446 4995 ipse
3469 4923 3706 4993 relique-

2121 5035 2211 5098 rit,
2234 5047 2335 5100 ego
2359 5032 2410 5086 in
2444 5028 2628 5098 viginti
2652 5025 2818 5081 libros
2843 5021 3016 5077 divisi.
3048 5019 3206 5086 Quod
3227 5031 3364 5087 opus
3392 5013 3705 5071 omnimodo

2116 5120 2474 5196 .pbilosOpbiae
2509 5115 2845 5174 conveniens
2870 5110 3114 5182 quisquis
3137 5107 3329 5164 crebra
3351 5103 3705 5161 meditatione

2122 5211 2432 5285 perlegerit,
2477 5225 2586 5264 non
2637 5206 2854 5276 ignotus
2895 5202 3197 5257 divinarum
3243 5199 3706 5265 humanarumque

2113 5316 2302 5358 rerum
2326 5298 2551 5354 scientia
2581 5294 2776 5350 me'rito
2796 5292 2920 5348 erit.
2950 5290 3023 5344 lbi
3050 5287 3357 5344 redundans
3371 5285 3704 5341 diversarum

2117 5393 2315 5448 artium
2343 5388 2627 5458 elegantia,
2664 5385 2756 5440 ubi
2783 5393 3113 5453 qumcunque
3135 5377 3248 5433 fere
3263 5377 3388 5432 sciri
3416 5376 3704 5445 debentur,

2123 5483 2370 5541 restricta
2401 5479 2635 5548 collegit.
2667 5477 2804 5532 Sunt
2849 5483 2905 5529 et
2950 5471 3054 5526 alia
3086 5469 3203 5538 ejus
3238 5469 3340 5524 viri
3371 5469 3541 5524 multa
3569 5483 3706 5539 opu-

2123 5571 2292 5636 scula,
2324 5579 2379 5625 et
2416 5570 2469 5623 in
2498 5565 2737 5622 Ecclesia
2768 5562 2862 5616 Dei
2891 5560 3061 5614 multo
3089 5573 3212 5613 cum
3253 5566 3574 5613 ornamento
3615 5557 3704 5612 in-

2123 5665 2340 5734 scripta.
2370 5661 2536 5728 Quem
2568 5658 2710 5712 Deus
2736 5659 2858 5726 post
2887 5659 2968 5707 tot
3003 5649 3244 5706 defectus
3272 5648 3560 5720 Hispanias,
3603 5663 3703 5704 no-

2127 5753 2353 5812 vissimis
2381 5747 2713 5821 temporibus
2751 5743 3036 5812 suscitans,
3076 5740 3244 5800 credo
3263 5739 3332 5796 ad
3352 5736 3702 5796 restauranda
