4060 6198
403 260 482 317 IT

1456 259 1856 317 ISIDORIANA.
1896 288 1967 299 —
2002 254 2177 311 PARS
2212 256 2254 313 I‘.
2293 258 2442 315 CAP.
2486 261 2570 317 IlI.
3606 280 3671 333 I8

403 377 747 445 antiquorum
778 382 1143 439 monumenta,
1173 386 1243 428 ne
1271 386 1657 443 usquequaque
1687 374 1982 428 rusticitate
2007 369 2061 427 A‘
2086 385 2228 428 anno
2245 376 2417 445 primo
2431 377 2678 432 Chintilac
2690 389 2981 448 mortuum,
2996 399 3117 441 nam
3140 388 3182 457 ι
3197 390 3239 457 ι
3259 386 3543 444 Cliintilam
3559 406 3667 450 cm-

406 474 884 527 rcterasccremus,
913 463 1066 531 quasi
1095 461 1379 530 quamdam
1410 463 1659 531 apposuit
1694 462 1981 517 destinam.

400 555 500 610 Cui
530 570 636 608 non
665 551 930 606 immerito
971 550 1100 604 illud
1133 550 1557 620 philosOphicum
1587 567 1617 603 a
1647 551 1801 606 nobis
1833 559 1985 619 apta-

407 656 526 703 tur:
555 643 689 708 Nos,
723 642 914 713 inquit,
941 644 993 695 in
1022 652 1197 696 nostra
1226 641 1350 694 urbe
1382 642 1762 712 peregrinantes
1782 658 1983 696 erran-

398 752 571 811 tesque
602 746 845 806 tanquam
868 735 1111 798 hospites,
1144 734 1216 785 tui
1235 733 1350 785 libri
1371 735 1517 802 quasi
1540 733 1747 787 domum
1766 734 1985 789 reduxe-

399 838 523 884 runt
549 836 645 893 ;ut
664 824 922 896 possimus
939 823 1237 893 aliquando,
1264 824 1424 892 qui‘et
1444 823 1793 889 nbi‘essemus,
1822 841 1984 895 agno—

398 936 559 976 scere.
591 918 665 972 Tu
695 925 899 972 (etatem
928 917 1135 983 patria,
1175 924 1225 966 tu
1265 915 1632 984 descriptiones
1679 925 1979 985 temporum,

396 1021 450 1064 tu
497 1023 777 1063 sacrorum
786 1006 934 1077 jura,
966 1014 1019 1057 tu
1060 1004 1407 1070 sacerdotum,
1439 1012 1491 1056 tu
1522 1003 1854 1057 domesticam
1882 1021 1981 1074 pu-

394 1100 679 1165 blicamque
698 1094 1053 1165 disciplinam,
1086 1102 1137 1146 tu
1166 1092 1385 1158 sedium,
1414 1093 1700 1162 regionum,
1731 1093 1979 1159 locorum,

396 1199 448 1243 tn
478 1195 705 1243 omnium
734 1186 1023 1240 divinarum
1069 1183 1508 1252 humanarumque
1548 1198 1716 1235 rerum
1749 1183 1980 1249 nomina,

395 1293 605 1347 genera,
665 1275 862 1345 officia,
928 1288 1113 1325 causas
1158 1272 1403 1338 aperuisti
1454 1270 1691 1338 (Cicerot
1730 1272 1980 1326 Academ.

394 1365 639 1432 ῥίπτει).
672 1363 789 1429 Quo
820 1377 952 1417 vero
982 1361 1199 1415 tlinnine
1220 1360 1563 1429 eloquentizc,
1599 1369 1652 1415 et
1674 1370 1805 1429 quot
1830 1359 1983 1429 jacu-

390 1459 457 1512 l's
501 1456 801 1510 divinarum
841 1453 1240 1523 Scripturarum
1274 1467 1366 1506 seu
1409 1451 1624 1505 Patrum
1657 1452 1980 1508 testimoniis

390 1545 827 1616 A‘cepltalitarum
866 1542 1092 1597 hzcresin
1141 1540 1458 1603 confuderit,
1500 1540 1776 1611 synodalia
1823 1551 1976 1608 gesta

388 1650 573 1690 coram
604 1649 671 1689 eo
702 1632 901 1703 Hispali
933 1640 1053 1687 acta
1085 1630 1383 1686 declarant.
1413 1628 1470 1685 lii
1501 1645 1603 1701 qua
1630 1638 1815 1685 contra
1846 1629 1982 1685 Gre-

2089 466 2231 535 pisse
2253 486 2355 523 acra
2370 470 2435 523 67
2445 470 2492 535 4,
2512 472 2563 526 id
2585 473 2871 531 estChristi
2890 476 3012 542 636,
3030 481 3371 549 cognoscitur
3396 498 3463 537 ex
3479 485 3666 538 conci-

2086 561 2160 616 lio
2173 563 2361 632 quinto
2383 564 2664 633 Toletano,
2681 583 2824 623 anno
2848 578 3027 624 autem
3052 573 3290 629 secundo
3315 572 3561 629 Chintilze
3582 576 3665 630 vi-

2084 650 2517 707 demushabitum
2535 665 2743 712 sextum
2772 660 3058 714 concilium
3091 661 3428 726 Toletannm,
3459 666 3541 719 cui
3555 666 3663 733 jam

2085 755 2192 795 non
2224 741 2453 798 Isidorus
2490 744 2627 814 (erat
2648 746 2789 801 enim
2816 749 2924 802 vita
2956 748 3213 821 functus),
3234 752 3327 806 sed
3358 752 3666 808 Honoratus

2084 828 2561 887 Isidorisuccessor
2586 833 2845 889 interfuit.
2866 836 3053 906 Itaque
3069 840 3412 895 veredictum
3429 841 3495 895 ab
3520 840 3658 895 Ildc-

2085 918 2237 973 tonso
2268 922 2939 991 cognoscimus,-ﬂoruisse
2967 926 3228 982 Isidorum
3271 946 3441 997 usque
3471 931 3538 984 ad
3578 932 3663 984 Si-

2082 1011 2375 1066 senandum
2400 1028 2597 1084 regem,
2626 1015 3015 1073 nullaomnino
3039 1018 3176 1073 facta
3205 1022 3476 1077 mentione
3497 1022 3662 1077 Chin-

2083 1100 2210 1167 tilae,
2242 1102 2330 1169 qui
2370 1102 2725 1159 Sisenandnm
2755 1118 2971 1163 secutus
2999 1116 3083 1163 est
3107 1126 3120 1161 :
3149 1124 3343 1178 nempe
3371 1111 3514 1180 quod
3543 1112 3663 1182 ipso

2082 1193 2257 1262 primo
2297 1208 2437 1248 anno
2463 1194 2708 1250 Chintilie
2746 1196 2979 1252 Isidorus
3007 1196 3319 1253 decesserit.
3354 1198 3491 1253 Vere
3519 1214 3659 1268 quo-

2080 1296 2187 1351 que
2216 1283 2343 1337 illud
2372 1285 2439 1338 ab
2468 1285 2656 1340 eodem
2689 1287 2957 1345 Ildel‘onso
2986 1289 3213 1356 dictum,
3257 1290 3530 1359 praefuisse
3560 1289 3659 1346 Isi-

2079 1371 2269 1429 dorum
2299 1375 2538 1429 ecclesia:
2578 1375 2876 1445 H'spalensi
2918 1377 3029 1434 fere
3084 1379 3440 1448 quadraginta
3467 1382 3659 1435 annis:

2080 1476 2273 1531 nempe
2300 1465 2444 1530 quod
2466 1465 2686 1519 omnino
2715 1467 2939 1535 triginta.
2957 1480 3163 1537 septem
3186 1472 3311 1525 anni
3342 1471 3560 1536 fuerint,
3591 1473 3659 1525 ab

2080 1566 2222 1606 anno
2253 1551 2355 1606 600
2388 1567 2554 1621 usque
2583 1554 2805 1622 ad'636,
2838 1565 2911 1610 ut.
2944 1559 3103 1627 paulo
3131 1568 3258 1615 ante
3304 1560 3356 1614 in
3390 1559 3663 1626 Leandro,

2079 1648 2137 1693 et
2166 1656 2305 1693 nunc
2336 1642 2387 1694 in
2416 1641 2621 1698 Isidoro
2647 1647 3073 1713 supputavimus.
3105 1666 3123 1699 ι

386 1724 596 1791 gorium
621 1722 857 1792 priuata:
886 1720 1103 1775 btcresis
1131 1719 1421 1774 antistitem
1453 1734 1570 1772 eam
1617 1719 1845 1773 asseruit
1871 1735 1962 1773 ve-

2146 1731 2201 1786 5.
2235 1732 2290 1786 In
2320 1735 2576 1802 praeclara
2602 1736 2837 1791 editione
2858 1736 3075 1793 Patrum
3106 1739 3490 1797 Toletanorum
3515 1743 3660 1798 idem

386 1814 620 1867 ritatem.
676 1810 821 1866 Obiit
847 1810 1178 1879 temporibus
1229 1809 1456 1863 Ileraclii
1513 1809 1871 1878 imperatoris,
1913 1819 1968 1863 et

392 1907 493 1977 ιο
534 1903 977 1960 ChristianiSsimi
1007 1902 1297 1957 Cliintilani
1344 1902 1505 1969 regis,
1547 1915 1676 1955 sana
1722 1901 1971 1955 doctrina

384 1996 724 2069 praastantiOr
743 1993 971 2057 cunctis,
994 2001 1047 2048 et
1069 1991 1338 2060 σορὶῡείοτ
1360 1992 1610 2060 operibus
1631 1990 1927 2045 charitatis.
1942 2009 1961 2042 ι

451 2085 506 2138 9..
535 2084 660 2140 Ihec
688 2084 1007 2153 przcnotatio
1040 2083 1297 2138 librorum
1322 2082 1510 2137 Isidori
1542 2098 1570 2136 a
1599 2083 1805 2139 Joanne
1828 2084 1967 2152 Bap-

382 2177 511 2231 tista
559 2174 723 2230 Perez
754 2174 890 2229 libro
938 2174 1123 2228 Isidori
1155 2174 1222 2227 de
1249 2174 1387 2228 Viris
1429 2173 1728 2229 Illustribus
1781 2175 1964 2229 addita

381 2267 504 2333 fuit,
533 2274 783 2334 tanquam
811 2271 973 2336 caput.
998 2263 1067 2318 47
1097 2264 1213 2335 ejus
1236 2264 1377 2331 libri,
1404 2265 1562 2330 notis,
1589 2279 1721 2333 quas
1744 2265 1966 2334 subjun-

379 2368 469 2423 ιο,
502 2355 792 2409 illustrata.

382 2441 541 2500 Νοτω
602 2444 823 2501 Joannis
890 2444 1141 2513 Baptista:
1204 2443 1368 2497 Perez
1426 2445 1481 2497 in
1539 2443 1962 2513 prwnotationrm

872 2532 1116 2587 librorum
1148 2532 1211 2587 S.
1241 2532 1461 2586 ISidori.’

455 2658 476 2693 s
511 2640 729 2696 Braulio
768 2640 1601 2711 episcOpnsthcsarangnstanus,
1636 2641 1789 2709 cujus
1819 2642 1956 2697 lldc-

378 2730 571 2786 tonsus
601 2731 1080 2797 meminit,auctor
1108 2740 1190 2784 est
1235 2730 1390 2799 hujus
1416 2731 1537 2784 vita:
1567 2731 1774 2794 Isidori,
1809 2741 1864 2785 ut
1892 2748 1959 2787 ex

378 2820 529 2876 libris
558 2822 781 2878 vetustls
807 2830 1038 2887 constat,
1062 2830 1117 2877 et
1144 2837 1209 2878 ex
1254 2822 1335 2877 bis
1364 2822 1607 2893 epistolis
1635 2821 1956 2891 Branlionik,

378 2929 498 2983 qua
525 2913 874 2986 Etymologiis
900 2913 1086 2969 Isidori
1130 2913 1307 2968 solent
1337 2915 1590 2982 pra-poni.
1625 2914 1756 2969 Nam
1788 2925 1842 2969 et
1871 2916 1959 2972 hic

377 3011 627 3070 testatur,
658 3013 847 3072 rogatu
873 3018 972 3060 suo
1000 3002 1452 3076 Etjmologiarum
1478 3004 1564 3060 libi
1580 3021 1667 3061 um
1695 3006 1762 3062 ab
1791 3006 1961 3063 lsido~

379 3104 440 3146 ru
468 3092 847 3161 compositum.

450 3178 613 3253 Quasi
638 3184 912 3253 quamdam
941 3186 1179 3255 apposuit
1200 3185 1471 3251 destinam,
1501 3193 1609 3241 etc.
1634 3186 1708 3241 Ita
1737 3189 1956 3246 omnino

376 3273 431 3328 in
463 3273 912 3345 vetustoCodice,
942 3292 1102 3345 quem
1127 3279 1302 3333 lucum
1327 3280 1416 3333 alii
1439 3297 1543 3334 non
1575 3281 1979 3353 intelligentes,.

373 3378 442 3418 ex
482 3365 696 3434 ingenio
740 3378 1138 3437 reposuerunt:
1191 3368 1754 3442 Quamdam-apposuil
1793 3375 1954 3430 lucem

373 3455 655 3512 distinare.
688 3456 867 3511 Utitur
896 3472 960 3513 ea
1004 3474 1139 3514 voce
1167 3460 1427 3530 Corippns
1455 3470 1617 3531 poeta
1661 3463 1787 3518 Afer
1818 3465 1955 3520 libro

371 3546 442 3600 de
470 3547 717 3601 laudibus
734 3546 927 3603 Justini
949 3548 1394 3620 lunioris,.nuper
1421 3552 1567 3609 edito
1588 3568 1619 3608 a
1642 3554 1956 3612 doctissimo

371 3631 583 3702 Ruyzio
608 3633 837 3702 Azagrio
864 3652 876 3687 ε

560 3742 619 3792 Et
638 3743 846 3795 Thomas
871 3745 1067 3811 libycas
1083 3752 1309 3799 nutantis
1323 3751 1510 3800 destina
1538 3758 1702 3804 teme.

372 3846 632 3903 Iis-illorum
664 3859 932 3906 mortuum
963 3853 1065 3907 sub
1093 3852 1326 3908 Chintila
1372 3855 1669 3911 Gothorum
1724 3872 1848 3927 rege
1877 3861 1971 3915 air

371 3936 606 3993 Braulio.
640 3938 717 3993 Ex
747 3955 855 4008 quo
882 3945 1169 3997 multorum
1212 3947 1532 4000 nostratium
1564 3962 1775 4008 errores
1818 3968 1953 4008 con-

370 4026 659 4081 vincuntur
701 4028 767 4083 de
795 4044 936 4083 anno
964 4031 1373 4088 mortisIsidori
1396 4035 1469 4089 in.
1493 4051 1601 4103 quo
1632 4040 1823 4096 mirum
1868 4052 1952 4098 est

370 4129 529 4183 quam
580 4116 787 4171 varient
817 4117 957 4172 inter
1000 4132 1061 4174 se
1091 4119 1315 4190 IIispan’t
1344 4123 1601 4179 historici.
1655 4127 1840 4198 Itaque
1894 4132 1949 4186 in

368 4207 593 4273 gratiam
617 4209 782 4263 nostri
812 4211 1047 4266 auctoris
1067 4211 1465 4283 Isidori,.quem
1496 4216 1569 4269 ina
1586 4219 1771 4285 primis
1802 4222 1962 4277 illus-

370 4298 617 4351 trandum
655 4301 1006 4368 suscepimus,
1048 4302 1189 4356 diem
1231 4314 1283 4357 et
1313 4319 1533 4371 annum,
1565 4324 1672 4376 quo
1705 4318 1949 4368 mortuus

368 4388 548 4453 fuerit,
579 4386 914 4443 deﬁniamus.
971 4390 1091 4454 Aio,
1144 4394 1441 4449 certissime
1488 4409 1756 4452 mortuum
1802 4416 1945 4457 anno

366 4475 563 4531 Cinisti
592 4476 714 4530 636.
741 4476 974 4532 Primum
996 4481 1119 4548 quia
1148 4480 1473 4551 Redemptus
1494 4483 1609 4552 ejus
1630 4487 1957 4557 discipulus,

365 4568 455 4637 qui
485 4568 687 4623 obitum
735 4568 942 4636 Isidori,
991 4586 1150 4638 quem
1199 4587 1433 4639 prtesens
1462 4576 1690 4642 viderat,
1743 4581 1959 4636 deseri-

365 4664 527 4725 hens,
549 4664 644 4725 ait,
684 4673 954 4718 mortuum
1000 4679 1106 4720 atra
1133 4664 1256 4729 664,
1303 4666 1370 4720 de
1397 4683 1506 4736 quo
1551 4686 1711 4725 nemo
1739 4673 1947 4729 dubitat

364 4753 492 4820 quin
525 4754 593 4807 sit
621 4768 793 4807 annus
820 4754 1015 4808 Christi
1046 4756 1183 4808 636..
1196 4754 1339 4807 Idem
1369 4770 1584 4824 quoque
1616 4759 1971 4829 Redemptus

363 4839 626 4895 lsidorum
682 4841 883 4896 inducit
933 4842 1188 4911 populum
1249 4843 1605 4910 atloqnentem
1654 4849 1944 4915 quatriduo

361 4936 491 4982 ante
520 4938 746 4983 mortem
788 4930 869 4984 his
898 4930 1074 4984 verbis
1100 4947 1115 4984 :
1146 4930 1230 4985 Ita
1255 4932 1471 5000 (inquit)
1493 4936 1630 4987 sacri
1659 4938 1820 5005 fontis
1840 4955 1945 4992 nn-

362 5019 453 5081 da,
473 5035 623 5089 quam
641 5020 791 5072 hodie
802 5020 1324 5089 devotusestpopulns
1338 5034 1694 5091 percepturus.
1715 5028 1781 5079 sit
1802 5029 1944 5082 vobis

362 5108 416 5160 in
439 5109 795 5162 remissionem
816 5118 1160 5177 peccatorum.
1194 5109 1326 5164 Cum
1358 5127 1487 5165 vero
1513 5124 1849 5184 compertum
1873 5118 1943 5173 sit

355 5215 432 5256 el.
455 5199 708 5253 omnibus
731 5198 1141 5268 Martyrologiis,
1172 5199 1435 5254 lsidorum
1464 5210 1732 5258 mortuum
1771 5208 1961 5275 pridie-

360 5288 543 5342 Nonas
570 5288 785 5358 Aprilis,
810 5290 853 5344 si
882 5288 1169 5345 Paschalcs
1196 5290 1378 5360 cyclos
1402 5293 1671 5358 consulas,
1701 5298 1937 5367 reperies

358 5377 541 5446 plane,
587 5379 691 5434 isto
718 5394 860 5435 anno
894 5377 998 5433 636
1029 5379 1231 5434 Pascha
1262 5380 1427 5435 fuisse
1472 5382 1644 5452 pridie
1672 5383 1937 5443 Kalendas

360 5468 585 5538 Aprilis,
627 5478 688 5525 et
729 5471 799 5525 ita
830 5471 1152 5540 baptismum
1182 5474 1691 5529 catechumenorum
1740 5476 1940 5532 solem-

360 5573 481 5612 nem
510 5560 795 5627 quatriduo
821 5562 1156 5630 praecessisse
1183 5572 1410 5617 mortem
1435 5564 1639 5619 Isidori.
1672 5566 1945 5622 l’mzlcrca»

360 5649 407 5703 si
422 5659 664 5707 mortuus
682 5659 762 5707 est
775 5651 873 5707 sub
887 5650 1136 5718 Chintila,
1171 5660 1227 5707 ut
1249 5654 1322 5708 ait
1341 5653 1575 5719 Braulio,
1607 5670 1824 5711 necesse
1853 5666 1936 5712 est

1983 3097 2030 3160 C

2068 1824 2204 1880 liber
2229 1826 2414 1880 Isidori
2444 1827 2512 1881 de
2557 1827 2697 1883 Viris
2724 1829 3021 1884 Illustribus
3050 1833 3353 1899 praemissus
3390 1834 3489 1887 fuit
3514 1835 3657 1889 llde-

2070 1916 2208 1972 tonsi
2264 1917 2453 1972 libello
2496 1917 2735 1986 ejusdem
2786 1920 2920 1973 tituli
2957 1938 2970 1973 :
3017 1921 3111 1976 sed
3165 1922 3225 1975 in
3268 1927 3657 1991 prmnotationo

2066 2005 2388 2067 Braulionis.
2407 2007 2519 2061 sive
2543 2008 2739 2061 Braulii
2757 2007 3010 2079 (utroque
3032 2012 3173 2064 enim
3196 2013 3355 2066 modo
3383 2014 3432 2067 id
3457 2029 3655 2069 nomen

2067 2093 2308 2161 ellertur,
2340 2106 2397 2148 ut
2429 2095 2576 2155 Taio,
2614 2096 2792 2176 Taius,
2840 2106 2895 2152 et
2936 2099 3152 2169 similia)
3182 2100 3249 2154 de
3292 2101 3477 2155 Isidori
3506 2103 3655 2159 libris

2065 2183 2209 2237 nulla
2228 2184 2538 2252 scriptionis
2565 2186 2800 2240 varietas
2827 2195 3082 2241 annotata
3111 2197 3213 2243 est.
3237 2188 3365 2243 Eam
3391 2191 3654 2247 olim.edi.-

2063 2272 2142 2327 dit
2163 2264 2547 2328 Con-tantinus
2570 2273 2858 2342 Cajetanus
2882 2276 2933 2331 in
2959 2292 3125 2347 opere
3153 2297 3167 2332 :
3193 2280 3299 2334 SS.
3335 2283 3485 2336 trium
3515 2286 3654 2352 epis-

2062 2379 2307 2432 coporum
2368 2362 2632 2431 religionis
2686 2364 3030 2419 Benedictina:
3100 2366 3346 2423 luminum
3376 2411 3389 2433 ,
3464 2367 3651 2424 Isidori

2065 2450 2417 2521 Hispalensis,
2471 2450 2728 2520 Ildefonsi
2768 2450 3022 2518 Toletani,
3084 2452 3320 2525 Gregorii
3365 2458 3652 2512 cardinal:s

2066 2538 2323 2596 9stiensis
2372 2540 2505 2595 Vita:
2532 2550 2583 2595 et
2612 2543 2860 2597 actiones.
2895 2541 3075 2599 Roma:
3106 2544 3265 2602 I606.
3309 2546 3436 2617 Ejus
3464 2548 3650 2605 obsera

2064 2634 2308 2688 vationes
2337 2649 2445 2689 non
2473 2634 2899 2703 prartermittam.

2064 2746 2391 2802 Constantini
2446 2745 2645 2801 abbatis
2699 2746 2938 2818 Cajetani
3002 2749 3057 2802 in
3116 2747 3288 2803 Vitam
3343 2748 3566 2816 Isidori,
3615 2768 3648 2805 α

2192 2839 2253 2892 S.
2296 2837 2506 2891 Braulio
2530 2838 2797 2907 scriptam,
2825 2846 2963 2891 nota:
2990 2854 3060 2891 ac.
3078 2840 3236 2893 varia:
3264 2840 3527 2893 lectiones.

2132 2950 2186 3004 4.
2225 2969 2241 3001 ι
2278 2948 2401 3003 Ilzec
2446 2948 2513 3003 de
2540 2947 2596 3004 S.
2629 2948 2836 3004 Isidoro
2864 2949 3043 3020 per-S.
3078 2949 3347 3005 Braulium
3394 2950 3531 3006 facta
3560 2962 3648 3005 λιι

2062 3043 2302 3108 testatio,
2335 3041 2468 3095 Vita:
2506 3040 2858 3110 inscriptione
2905 3042 3191 3109 insignitnr
3220 3042 3272 3095 in
3298 3040 3429 3097 .tine
3466 3045 3645 3111 operis

2061 3132 2298 3199 ejusdem
2329 3132 2515 3187 Isidori
2548 3132 2616 3187 de
2646 3131 2784 3185 Viris
2813 3131 3144 3187 Illnstribus:
3178 3141 3341 3203 atque
3379 3140 3458 3186 et—
3477 3133 3665 3203 ipsanr

2062 3224 2193 3280 Vita:
2224 3224 2377 3276 titulo
2405 3220 3135 3291 inscripseruntoLaurentins
3157 3223 3360 3285 Surias.
3395 3222 3646 3277 Francis-

2059 3329 2151 3369 cus
2179 3313 2409 3378 Ilareus,
2455 3311 3096 3381 ZachariasLippelous,
3138 3312 3335 3382 aliique
3360 3313 3469 3368 suis
3497 3312 3549 3366 in
3580 3313 3645 3367 li-

2057 3405 2169 3459 bris
2198 3404 2266 3459 de
2303 3412 2615 3458 sanctorum
2666 3402 2820 3456 Vitis.
2853 3401 3009 3471 Apud
3056 3403 3313 3469 quosdam
3344 3412 3521 3455 tamen
3568 3402 3640 3455 ita

2057 3492 2201 3561 legi:
2256 3492 2595 3547 Prwnotatio.
2630 3490 2878 3545 librorum
2933 3490 3004 3545 Β.
3051 3490 3243 3545 Isidori
3274 3508 3305 3544 a
3366 3489 3642 3545 Braulione

2054 3584 2786 3656 Casarauguatanoepiscopo
2827 3583 2988 3637 edita.
3019 3582 3289 3635 Braulium
3332 3581 3486 3649 hujus
3516 3581 3649 3646 vita},

2054 3674 2391 3743 scriptorem,
2424 3672 2689 3735 doctrina,
2739 3677 2793 3725 et
2830 3669 3115 3723 sanctitate
3144 3665 3313 3722 fuisse
3352 3667 3641 3732 illustrem,

2054 3772 2320 3819 testantur
2347 3778 2536 3817 omnes
2585 3762 2678 3819 qui
2730 3761 2870 3815 illius
2914 3760 3206 3814 meminere
3232 3776 3261 3825 ;-
3299 3758 3511 3814 addunt
3546 3761 3639 3817 alii

2052 3855 2256 3909 Isidoro
2291 3853 2537 3921 junctum
2567 3850 2845 3918 sanguine.
2876 3849 3037 3904 Certe
3064 3850 3353 3918 gloriosam
3379 3849 3496 3917 ejus
3524 3866 3638 3903 ωε·-

2052 3941 2278 3997 moriam
2308 3939 2528 4008 singulis
2554 3941 2707 3994 annis
2745 3948 2930 3994 sancta
2978 3939 3071 3992 Dei
3107 3940 3343 3994 Ecclesia
3380 3939 3637 3994 solemni-

2053 4040 2137 4086 ter
2176 4038 2466 4085 veneratur
2511 4029 2579 4082 ad
2626 4029 2941 4097 vigesimum
2971 4034 3179 4081 sextum
3229 4029 3426 4082 mensis
3455 4028 3630 4083 Martii

2050 4123 2227 4177 diem-
2259 4122 2333 4175 De
2361 4122 2548 4176 eodem
2588 4121 2646 4175 S.
2690 4120 2983 4175 llilet‘onsus
3033 4134 3155 4188 cap.
3202 4118 3261 4171 Η
3298 4118 3391 4175 lib.
3422 4120 3489 4173 de
3513 4119 3625 4173 Vir.

2049 4210 2270 4273 Illustr.,
2289 4220 2451 4278 atque
2472 4211 2651 4264 cmteri
2671 4224 2848 4264 rerum
2874 4208 3283 4279 IIispanicarum
3310 4208 3625 4279 scriptores.

2051 4302 2254 4356 Braulii
2286 4302 2502 4355 hortatu
2555 4301 2788 4355 Isidorus
2819 4300 3272 4370 Etymologiarum
3317 4304 3416 4370 12
3472 4300 3627 4355 volu-

2048 4407 2169 4445 men
2190 4407 2255 4447 ex
2289 4391 2549 4446 indefessa
2574 4392 2802 4445 lectione
2828 4390 3146 4459 conscripsit
3171 4407 3201 4441 ελ
3218 4389 3645 4459 opus-diffusum

1974 4457 2029 4517 D
2049 4489 2105 4534 et.
2128 4481 2363 4544 varium,
2416 4488 2577 4547 atque
2613 4494 2676 4535 ea
2713 4486 2871 4533 mtate
2899 4457 3318 4546 comparandum
3348 4480 3637 4535 miraculo.-

2125 4590 2145 4622 s
2173 4568 2457 4634 Caeterum,
2488 4584 2623 4639 quas
2648 4584 2719 4622 ex.
2746 4568 2864 4622 aliis
2892 4567 3199 4633 codicibus,
3227 4569 3311 4625 vel
3341 4584 3491 4633 mss.,
3535 4576 3640 4624 ant-

2047 4660 2177 4717 edit.
2222 4660 2399 4715 varias
2446 4659 2705 4713 lectiones
2743 4657 3053 4726 collegimus
3102 4658 3624 4727 adnotavimusque-,

2047 4751 2131 4805 hac
2154 4759 2296 4805 sunt.

2124 4860 2143 4892 ι
2178 4839 2244 4893 1η
2288 4857 2386 4911 quo
2421 4841 2663 4910 quiddam
2699 4841 2797 4894 sibi
2842 4841 3142 4911 antiquitas.
3172 4841 3229 4894 In
3259 4856 3369 4912 quo
3406 4840 3623 4910 quidem

2042 4929 2354 4996 antiquitas.
2388 4929 2656 4997 lmperito.
2693 4929 2943 4997 Imperio.
2975 4929 3387 4999 Opportunitate.
3418 4929 3620 4999 Impor-

2040 5021 2288 5075 tunitate.
2326 5018 2747 5073 Commemoravi.
2787 5018 3256 5073 Comtnemorabo.
3284 5017 3622 5073 Exhortatio-

2038 5130 2123 5167 ne.
2154 5110 2502 5167 Exoratione.
2533 5107 2831 5163 Elementis.
2865 5108 3163 5165 Electione.
3198 5108 3380 5172 Quem.
3422 5108 3625 5174 Qnarm

2039 5202 2220 5258 Nimia
2256 5200 2630 5271 magnitudine.
2664 5199 2852 5253 Nimiae
2878 5199 3275 5267 magnitudinis.
3307 5199 3643 5252 0mnimodo--

2037 5295 2374 5367 philosOphia:
2413 5291 2734 5345 conueniens.
2767 5290 3102 5347 Omnimodte
3130 5288 3482 5359 philosophiae
3522 5304 3613 5343 rc-

2039 5386 2260 5456 plctnm.
2318 5381 2440 5437 Non
2480 5385 2717 5452 ignotus-
2750 5382 2869 5436 Non
2914 5381 3198 5451 ignorabit.
3246 5380 3453 5434 Merito.
3496 5377 3613 5434 Non

2039 5475 2250 5527 merito.
2301 5472 2404 5525 lbi.
2458 5471 2577 5525 Ubi.
2636 5472 2769 5525 Cum»
2808 5481 3110 5526 ornamento
3136 5469 3405 5535 inscripta.
3448 5464 3612 5530 Quem

2042 5564 2199 5619 Deus.
2233 5564 2367 5617 Cum
2388 5572 2705 5620 ornamento
2727 5562 3102 5629 instrumenta,
3130 5574 3248 5631 qua:
3277 5557 3362 5615 hic
3383 5557 3617 5631 collegi:

2041 5656 2208 5722 Quem
2234 5654 2509 5709 Dominus.
