4028 6200
333 221 432 280 19-
1085 213 1175 269 AD
1213 211 1438 270 OPERA
1473 213 1531 268 S.
1575 209 1818 268 lSlDOltl
1855 205 2294 274 IIISPALENSIS
2331 217 2858 276 PROLEGOMENA.
3527 229 3598 284 20

416 352 433 381 ι
472 329 630 394 Quasi
666 325 942 398 quamdam
986 325 1223 398 apposuit
1267 325 1539 380 destinant.
1587 319 1663 408 lta
1695 319 1912 408 omnino
1942 321 1986 380 Α
2019 321 2188 392 ipsum
2232 325 2334 394 legi
2368 342 2380 378 :
2411 335 2461 380 tu
2491 329 2662 388 sedem
2689 333 2954 399 regionum
2985 347 3002 390 .'
3041 347 3161 404 quae
3200 334 3414 404 quidem
3439 349 3600 408 repo-

341 423 394 476 in
423 427 633 476 vetusto
660 417 864 472 codice.
897 413 1066 480 Quem
1110 411 1286 467 locum
1316 411 1402 464 alii
1441 425 1547 464 non
1576 407 1910 464 animadver-

341 515 533 572 tentcs,
565 522 632 562 ex
659 505 872 573 ingenio
891 507 1250 572 reposuerunt
1279 516 1290 551 :
1326 495 1484 561 Quasi
1511 491 1784 568 quamdam
1815 512 1910 566 ap-

339 603 508 669 posuit
527 601 688 654 lucem
702 596 968 652 destinari.
999 593 1098 647 Alii
1119 605 1249 646 vero
1275 609 1287 645 :
1305 588 1466 654 Quasi
1482 591 1730 660 quasdam
1751 605 1911 661 oppo-

341 691 440 744 suit
464 689 749 744 destinam.
779 686 890 754 Ego
919 683 1301 752 autempotius
1331 695 1605 737 censerem
1631 680 1913 750 legendum

341 795 370 832 e
403 794 460 834 se
489 797 501 831 :
536 775 837 842 Qut-indum,
874 789 980 828 non
1008 775 1311 844 quamdam,
1356 773 1590 842 apposuit
1621 771 1932 835 destinam;

339 872 382 926 si
435 869 642 925 destina
695 866 990 935 accipiatur
1019 879 1118 940 pro
1171 865 1355 928 misso,
1409 861 1494 916 vel
1532 859 1758 928 angelo;
1791 873 1913 916 cum

343 961 480 1014 Deus
509 956 857 1012 intormandac
885 955 1172 1026 Hispanico,
1215 953 1514 1010 rusticitate
1541 951 1798 1006 hactenus
1824 965 1917 1005 ve-

344 1049 649 1108 terasceuti,
699 1047 955 1103 lsidorum
1005 1047 1264 1116 legaverit
1302 1051 1705 1114 praeceptorem.
1741 1041 1916 1102 Utitur

341 1153 471 1194 sane
499 1154 562 1193 ea
585 1154 719 1194 voce
749 1138 1012 1210 Corippus
1040 1145 1194 1212 poeta
1223 1135 1348 1196 Afer
1378 1133 1488 1204 (lib.
1532 1133 1594 1187 de
1619 1131 1784 1186 Laud.
1814 1131 1914 1194 Ju-

343 1233 464 1286 stin.
491 1229 674 1300 Jun.):

527 1339 586 1396 Et
609 1340 819 1390 Thomas
845 1339 1032 1398 Libycae
1059 1339 1271 1388 nutantis
1295 1327 1484 1388 destina
1507 1345 1668 1386 terra}.

413 1419 480 1474 Et
519 1430 714 1490 prmter
761 1434 880 1472 cum
931 1419 1196 1474 Arnobius
1245 1418 1392 1488 (Adv.
1429 1427 1622 1490 gentes,
1679 1415 1768 1470 lib.
1815 1415 1912 1486 tt):

345 1509 464 1564 Non
516 1520 628 1578 post
683 1507 896 1564 Tlteutin
928 1507 1030 1580 [AL
1068 1505 1410 1575 Theutatemj,
1462 1505 1789 1576 :Egyptium,
1829 1514 1918 1560 aut

341 1604 454 1662 post
481 1594 738 1648 Atlantem
762 1595 836 1660 (ut
863 1591 1068 1666 quidam
1098 1590 1288 1660 ferunt)
1312 1597 1639 1658 gestatorem,
1666 1587 1916 1658 bajulum,

2017 411 2188 467 nenda
2219 414 2465 472 videntur
2497 417 2548 472 in
2592 419 2878 476 Braulione
2912 441 2925 476 :
2958 438 3065 478 non
3111 425 3256 478 enim
3303 426 3409 482 alio
3437 429 3599 484 modo

2017 503 2183 571 probe
2215 507 2477 562 sententia
2507 510 2770 580 procedit.
2797 512 2887 568 Sic
2912 513 3076 568 etiam
3101 514 3382 582 legendum
3411 517 3598 572 Imma-

2017 611 2297 667 uarumque
2333 615 2504 654 rerum
2558 602 2788 670 nomina,
2819 613 2877 660 ut
2899 604 3060 664 habet
3087 603 3342 676 Grialius,
3367 623 3476 666 non
3507 626 3598 666 no-

2018 688 2232 752 minum,
2264 697 2318 742 ut
2339 689 2478 758 apud
2508 689 2824 758 Cajetanum
2853 701 3049 750 exstat.

2089 773 2140 827 7.
2184 775 2240 828 ln
2291 777 2502 836 schedis
2533 778 2892 850 Zaccarianis,
2940 781 3007 838 ad
3057 783 3254 842 librum
3307 783 3496 842 Isidori
3532 788 3601 848 de

2021 863 2159 919 Viris
2190 864 2501 936 illustribus,
2535 871 2926 940 spectantibus,
2955 871 3296 930 collationem
3327 875 3602 932 Prmnota-

2023 953 2179 1008 tionis
2229 955 2424 1036 Braulii
2472 973 2593 1012 cum
2643 959 2812 1016 tribus
2865 976 2990 1017 mss.
3024 960 3311 1020 Codicibus
3363 965 3598 1031 invenio,

2021 1057 2124 1096 uno
2183 1044 2386 1100 scilicet
2433 1045 2678 1104 Romano
2736 1049 3074 1108 bibliothecae
3133 1051 3604 1114 Excellentissimae

2019 1131 2210 1188 domus
2240 1135 2492 1202 Alban’m,
2517 1139 2608 1208 qui
2639 1139 2768 1197 olim
2797 1140 2895 1198 fuit
2921 1142 3204 1198 cardinalis
3225 1125 3425 1210 Sirleti,
3448 1145 3602 1200 char-

2022 1238 2172 1282 tacvo
2205 1227 2368 1294 ιιι-4ο,
2418 1245 2648 1300 quocum
2679 1235 3027 1290 consentiunt
3052 1244 3159 1290 tres
3191 1235 3430 1291 Vaticani
3459 1252 3488 1292 a
3518 1252 3602 1294 me

2020 1319 2220 1384 m'lati,
2271 1319 2613 1390 Regio-Vat.,
2665 1321 2820 1390 Urb.,
2863 1333 2918 1380 ct
2945 1323 3199 1380 Ottobon.
3243 1325 3398 1391 1720,
3432 1327 3604 1381 altero

2021 1405 2346 1462 Bononiensi
2393 1409 2730 1468 bibliothecae
2775 1411 2830 1470 S.
2883 1411 3196 1480 Salvatoris,
3250 1422 3306 1470 et
3335 1415 3512 1482 tertio,
3545 1425 3604 1468 ut

2021 1510 2235 1563 censeo,
2261 1499 2347 1556 vel
2370 1513 2436 1556 ex
2461 1499 2562 1556 hac
2585 1502 2700 1571 ipsa
2729 1503 3052 1560 bibliotheca
3077 1503 3136 1560 S.
3170 1504 3486 1570 Salvatoris,
3519 1507 3602 1562 vel

2023 1602 2086 1639 ex
2115 1587 2434 1648 bibliotheca
2471 1591 2780 1650 Flarcntina
2811 1594 2869 1650 S.
2901 1595 3062 1650 Marci
3097 1613 3109 1648 :
3143 1595 3296 1652 deest
3325 1596 3465 1652 enim
3495 1595 3600 1651 bu-

343 1683 598 1738 tibicinem
623 1685 785 1748 illum,
825 1699 885 1740 ac
919 1682 1171 1736 destinam
1194 1681 1332 1735 cmlii’
1363 1680 1478 1750 Ipse
1505 1679 1718 1736 demum
1742 1679 1798 1738 S.
1829 1679 1921 1738 lsi-
1957 1683 1997 1744 Β
2019 1677 2106 1746 jus
2135 1679 2434 1736 collationis
2466 1682 2670 1742 titulus.
2703 1683 2889 1742 Varias
2933 1686 3126 1744 horum
3157 1686 3318 1744 trium
3361 1701 3490 1742 mss.
3523 1686 3600 1742 le-

345 1771 507 1828 dorus
539 1773 793 1848 (Breviar.
831 1775 1020 1848 Tolet.)

623 1865 766 1928 L’rbis
787 1867 1034 1928 Romuleae
1053 1867 1148 1926 jam
1173 1871 1284 1928 toga
1303 1867 1496 1914 candida

619 1927 824 1987 Septem
849 1927 1121 1986 pontiﬁcum
1145 1927 1332 1975 destina
1355 1929 1594 1987 promicat.

621 1987 794 2038 Missos
813 1987 1102 2048 Hesperiam
1123 2001 1243 2048 quos
1263 1989 1323 2035 ab
1346 1988 1572 2048 apmtolis

623 2049 849 2110 Assignat
871 2047 980 2096 lidei
1008 2047 1165 2109 prisca
1187 2049 1375 2097 relatio.

348 2124 481 2182 Vide
507 2127 768 2182 Joannem
811 2128 1098 2184 Meursinm
1139 2129 1190 2184 in
1221 2129 1419 2186 Critico
1450 2129 1781 2191 Arnobiano,
1827 2127 1916 2182 lib.

345 2233 406 2282 tt,
433 2217 607 2287 capite
631 2217 714 2272 l5.
742 2217 837 2273 Cui
877 2235 980 2274 non
1002 2220 1254 2273 immerito
1277 2219 1404 2272 illud
1445 2217 1862 2288 l’lu'losoplticum
1890 2233 1922 2270 a

347 2311 491 2365 nobis
537 2320 783 2381 aptatur:
817 2312 951 2378 Nos,
1001 2315 1188 2384 inquit,
1220 2320 1322 2372 etc.
1353 2311 1634 2370 Sententia
1685 2310 1798 2364 lucc
1839 2317 1922 2363 est

343 2397 617 2454 Ciceronis
653 2403 719 2456 de
750 2401 818 2454 Μ.
843 2401 1104 2464 Varrone,
1137 2401 1234 2458 lib.
1286 2417 1300 2458 ι
1352 2399 1515 2456 Acad.
1560 2399 1760 2465 Quaest.
1811 2413 1918 2456 non

347 2487 508 2555 longe
535 2503 566 2542 a
593 2490 876 2559 principio.

421 2595 440 2628 ι
479 2575 554 2631 Tu
583 2587 784 2633 aetatem
813 2582 1014 2649 patrias,
1039 2589 1144 2636 etc.
1174 2580 1300 2638 Haec
1328 2595 1541 2656 quoque
1570 2596 1637 2637 ex
1663 2580 1922 2636 Cicerone

347 2668 406 2724 S.
439 2668 762 2736 Augustinus
785 2671 968 2725 retulit
995 2673 1046 2724 in
1078 2671 1168 2725 lib.
1204 2688 1239 2726 tt
1263 2673 1329 2727 de
1354 2671 1514 2726 Civit.
1551 2671 1660 2724 Dei.

423 2776 442 2809 ι
483 2755 846 2829 Publieamquc
889 2761 1236 2831 disciplinam,
1279 2771 1332 2814 tu
1369 2761 1584 2826 aedium,
1635 2762 1920 2833 regionum.

348 2843 454 2900 Sed
495 2847 636 2914 apud
681 2849 998 2903 Ciceronem
1030 2849 1286 2918 legimus:
1323 2849 1397 2903 Tu
1427 2850 1662 2904 bellicam
1689 2850 1922 2919 discipli-

349 2953 488 3002 nam,
519 2945 570 2996 tu
601 2938 770 2996 sedent
799 2941 1083 3010 regionum.
1114 2939 1402 3009 Capiosior.
1451 2939 1716 3010 Copiosis.
1750 2960 1770 2994 ι

419 3028 522 3102 13
573 3026 626 3082 5.
679 3027 834 3093 Quod
874 3029 1160 3099 Cajetanus
1188 3033 1284 3096 ait,
1329 3046 1396 3088 ex
1435 3033 1794 3101 quorumdam
1821 3031 1926 3088 title
1953 3026 1997 3088 C

348 3115 686 3172 Braulionem
736 3118 938 3176 lsidoro
983 3121 1240 3188 sanguine
1281 3120 1527 3188 junctum
1575 3121 1758 3187 luisse,
1798 3123 1928 3180 nulli

347 3208 513 3266 veteri
563 3208 804 3268 innititur
844 3207 1213 3268 fundamento.
1265 3210 1482 3268 Frustra
1511 3214 1674 3268 etiam
1719 3213 1930 3272 laborat

349 3295 486 3354 idem
525 3297 812 3366 Cajetanus
843 3308 899 3358 ut
925 3301 1180 3368 destinam
1203 3303 1478 3358 masculini
1501 3305 1716 3373 generis
1743 3305 1927 3362 faciat.

351 3384 480 3440 Eam
502 3403 688 3446 vocem
718 3390 770 3450 in
799 3404 957 3446 sensu
983 3391 1199 3459 proprio
1221 3407 1320 3461 pro
1337 3391 1568 3457 vinculo,
1597 3409 1692 3449 seu
1711 3403 1926 3460 catena,

349 3492 450 3545 qua
481 3477 676 3546 aliquid
703 3479 998 3549 colligatur,
1027 3489 1081 3536 et
1109 3483 1433 3549 continetur,
1464 3497 1494 3538 ε
1527 3481 1766 3540 Vitruvio
1794 3499 1930 3552 quo-

349 3582 454 3635 que
473 3567 510 3628 l.
540 3584 590 3632 τι,
617 3583 737 3638 cap.
761 3569 856 3626 ult.
885 3579 1191 3640 usurpatam
1213 3572 1396 3637 fuisse,
1419 3573 1573 3632 multi
1595 3575 1884 3644 opinantur
1913 3594 1925 3630 :

351 3671 510 3726 quem
557 3667 734 3716 tamen
787 3659 962 3716 locum
1013 3663 1108 3718 alii
1148 3663 1303 3718 aliter
1329 3663 1530 3731 legunt.
1576 3665 1775 3722 Confer
1811 3674 1925 3724 not.

353 3746 555 3804 Loaiszn
601 3747 668 3804 ad
695 3748 786 3808 lib.
821 3763 877 3806 ιι.
923 3748 1168 3808 Septem.
1212 3749 1270 3808 S.
1311 3752 1496 3810 [sideri
1537 3767 1662 3824 cap.
1690 3753 1776 3810 40.
1809 3755 1928 3812 Nic.

353 3837 616 3894 Antonius
643 3840 681 3896 ι.
713 3855 764 3902 ν.
795 3857 844 3896 c.
878 3841 933 3908 5,
960 3859 1014 3898 ιι.
1045 3843 1135 3908 85,
1183 3854 1338 3915 putat
1365 3846 1708 3906 Braulionem
1755 3851 1806 3906 id
1836 3867 1934 3907 ex-

352 3927 608 3994 pressisse
641 3943 710 3986 ex
737 3928 1002 3998 Fulgentii
1027 3933 1185 3999 epist.
1217 3951 1254 4001 ι,
1283 3949 1400 4007 cap.
1448 3952 1518 4005 u;
1554 3939 1934 4010 interpretatur

354 4023 556 4082 alitem.
595 4018 851 4078 destinam
902 4035 1022 4079 esse
1047 4020 1438 4092 fulcimentum,
1471 4035 1564 4080 aut
1591 4029 1936 4082 ettbstruetio-

357 4122 500 4175 nem,
529 4125 634 4170 non
663 4112 955 4176 vinculum,
985 4115 1132 4181 quod
1156 4115 1398 4170 voluerat
1417 4114 1722 4180 Philander,
1753 4123 1808 4169 et
1833 4116 1930 4169 im-

354 4195 601 4266 probavit
627 4197 878 4258 Barthius
913 4199 1138 4256 Advers.
1169 4200 1208 4254 l.
1238 4215 1328 4263 xv,
1357 4215 1408 4255 c.
1438 4200 1524 4254 15.
1559 4199 1718 4257 Plura
1745 4204 1812 4258 de
1833 4203 1936 4263 hac

355 4299 486 4340 voce
537 4283 918 4344 Dictionarium
975 4285 1232 4354 Ducangii
1294 4303 1324 4342 ι
1389 4286 1646 4344 Maurinis
1696 4301 1928 4348 auctum.

2021 1769 2232 1830 ctfoues
2262 1771 2528 1826 indicabo.

2020 1860 2129 1938 14
2153 1860 2325 1916 Codex:
2352 1863 2624 1929 Albanius,
2656 1864 3026 1922 Ottobouianus
3053 1865 3217 1932 ΠΞΟ,
3259 1866 3448 1938 Regio-
3461 1867 3604 1922 Vati-

2091 1965 2250 2008 canus
2302 1949 2423 2016 549,
2457 1963 2504 2006 et
2537 1951 2760 2010 Urbinas
2805 1953 2929 2020 582,
2961 1973 3027 2012 ea;
3052 1957 3250 2020 eodem,
3301 1965 3357 2012 ut
3383 1956 3602 2024 videtur,

2092 2043 2324 2110 exempla
2358 2043 2619 2112 descripti.
2657 2043 2734 2102 De
2763 2043 2970 2102 Isidoro
2995 2049 3253 2118 episcopo.

2093 2133 2146 2184 8.
2195 2130 2260 2184 In
2308 2149 2404 2202 quo
2453 2135 2921 2204 quidquam-immo
2966 2154 3082 2196 vero
3129 2141 3414 2210 tempus-in
3465 2141 3605 2194 omni

2025 2236 2206 2288 genere
2223 2222 2496 2280 locutionis
2522 2233 2570 2278 et
2583 2227 2777 2296 peritus
2803 2227 3077 2300 doctusque
3089 2230 3336 2300 qualitate
3357 2231 3606 2286 sermonis

2022 2312 2258 2366 existeret
2273 2321 2320 2366 et
2342 2322 2574 2383 apertus.
2599 2315 2718 2368 Alb.
2743 2316 3015 2370 locutionis
3031 2319 3304 2388 formatus,
3323 2329 3372 2374 et
3391 2320 3602 2390 peritus,

2023 2410 2127 2464 ete.
2147 2433 2168 2441 -
2187 2402 2660 2470 incomparabiliter
2687 2404 2998 2476 eloquentia.
3019 2436 3044 2449 -
3069 2409 3292 2478 prudens
3323 2395 3606 2482 intelligere

2023 2493 2285 2563 potest-ad
2313 2504 2542 2548 nostram
2573 2497 2829 2552 notitiam.

2093 2584 2146 2640 9.
2191 2583 2372 2639 Edidit
2417 2591 2554 2642 enlm
2599 2589 2971 2644 libros-sanetur
2999 2589 3284 2662 Scriptura:
3321 2591 3603 2648 contineat-

2028 2676 2267 2742 Patrum,
2297 2678 2352 2730 in
2379 2694 2477 2750 quo
2504 2681 3098 2751 gesta-dignitatemque,
3145 2691 3194 2740 et
3223 2685 3604 2754 mortem-epis-

2026 2781 2206 2838 copam
2248 2768 2752 2840 ofﬁciorum-agatur
2782 2771 2836 2824 in
2880 2779 3105 2841 tempore
3132 2789 3224 2826 suo
3255 2789 3358 2828 non
3405 2774 3602 2830 siue-in

2026 2857 2206 2926 quibus
2237 2863 2305 2911 al
2331 2859 2734 2916 consolationem
2755 2863 2934 2916 animi.

2099 2947 2183 3002 10.
2231 2947 2398 3012 Quam
2446 2949 2511 3008 dc
2553 2949 3239 3024 pltilosophorum-quwdam
3289 2955 3355 3012 de
3409 2954 3601 3012 electis-

2029 3044 2246 3095 insertos
2271 3049 2318 3094 et
2346 3057 2409 3094 ea:
2439 3042 2886 3118 parte-Florentia
2905 3046 3363 3116 germana-credit,
3389 3057 3438 3100 et
3461 3047 3604 3116 legit,

2031 3141 2080 3187 et
2122 3133 2614 3204 prapltetarum-cui
2670 3150 2764 3188 nos
2813 3135 2916 3188 ista
2961 3135 3312 3206 subjungimus
3338 3136 3606 3190 -codicem

2031 3225 2204 3278 nimia:
2248 3223 2776 3293 magnitudinis-fecit,
2809 3241 2901 3295 ego
2949 3226 3002 3278 in
3047 3226 3228 3294 uiginti
3267 3226 3409 3282 libris
3438 3225 3606 3280 diuisi.

2034 3309 2182 3374 Quod
2246 3327 2422 3366 omnes
2487 3311 2934 3366 omnimodo-non
2980 3313 3237 3384 ignorabit
3296 3313 3608 3376 divinarum,

2032 3400 2472 3470 humanarumque
2523 3416 2692 3454 rerum
2739 3402 3008 3457 scientiam
3039 3443 3054 3470 ,
3111 3405 3293 3462 merita
3356 3405 3608 3476 erit-{ere

2031 3488 2186 3542 scribi
2222 3489 2447 3544 debetur.

2103 3580 2190 3634 lt.
2217 3581 2350 3636 Sunt
2377 3591 2546 3636 autem
2583 3583 2735 3652 hujus
2762 3583 2856 3638 uiri
2879 3583 3124 3651 opuscula
3151 3582 3310 3636 multa
3329 3583 3382 3636 in
3402 3583 3612 3639 ecclesia

2031 3684 2146 3724 cum
2196 3683 2498 3727 ornamento
2547 3674 3086 3741 instrumenta-quasi
3133 3673 3408 3742 quamdam
3453 3673 3612 3726 lucem

2033 3763 2270 3832 apposuit
2290 3763 2608 3816 destinari-a
2635 3761 2779 3814 nobis
2803 3761 3341 3831 appropﬁaMr—quasi
3361 3760 3612 3831 hospites-

2035 3861 2278 3921 tanquam
2306 3849 2620 3907 domum-ibi
2641 3861 2890 3903 essanun.

2107 3941 2194 3994 l2.
2229 3940 2303 3992 Tu
2329 3949 2499 3992 autem
2526 3938 2712 4006 patrice
2749 3939 2803 3990 in
2847 3936 3193 4007 descriptione
3222 3945 3528 4006 temporum,
3557 3938 3612 3992 in

2033 4045 2297 4084 sacrorum
2339 4030 2495 4082 vitam
2534 4027 2857 4082 sacerdotum
2889 4059 2910 4070 -
2935 4028 3192 4098 publicam
3237 4030 3564 4099 disciplinam
3585 4061 3611 4072 -

2038 4117 2242 4181 Quanto
2273 4134 2391 4172 vero
2417 4117 2890 4188 ﬂumine-hcerrsim
2929 4119 3462 4190 confuderit-speciali
3495 4128 3612 4175 actu

2037 4207 2322 4264 declarant.
2347 4207 2658 4272 Quam-eant
2687 4219 2938 4262 asserunt.

2541 4296 2714 4351 Codex
2748 4297 3106 4352 Bononiensis.

359 4372 702 4462 Braulionemr
733 4373 972 4462 imitatus
999 4374 1208 4434 videtur
1229 4376 1456 4434 Alvarus
1482 4377 1844 4439 Cordubensis
1880 4385 1934 4440 in
1972 4371 2018 4441 D
2115 4388 2202 4443 15.
2239 4389 2308 4444 Ut
2333 4391 2515 4460 perito,
2547 4390 2792 4458 doctoque
2818 4391 3064 4462 qualitate
3096 4392 3346 4446 sermonis
3374 4391 3611 4444 existeret

358 4460 582 4530 epistola
609 4461 804 4524 Abbati
829 4461 1160 4534 Speraindeo
1187 4463 1410 4532 directa,
1452 4475 1590 4526 tom.
1617 4467 1660 4524 ιι
1709 4469 1930 4529 Patrum

358 4550 626 4618 Toletan.,
683 4567 804 4623 pag.
862 4553 965 4614 637
999 4571 1014 4610 :
1047 4554 1337 4626 Prmcius,
1373 4567 1422 4612 et
1445 4561 1764 4628 omnipotens
1792 4563 1932 4620 Deus

362 4644 486 4706 hinc.
520 4642 574 4700 in
615 4659 729 4715 nec
747 4643 1058 4710 demimus.
1088 4655 1318 4720 tempora
1343 4660 1392 4706 ot
1410 4655 1630 4708 esuriem
1657 4654 1793 4710 verbi
1813 4654 1930 4718 Dei,

359 4747 512 4802 quam
558 4735 802 4803 patimur,
845 4735 1072 4790 ualidam
1105 4753 1194 4792 eos
1222 4739 1366 4795 nobis
1396 4743 1632 4812 apposuit
1657 4745 1931 4801 destinam.

361 4823 616 4891 Legerem
645 4823 934 4888 Praedem
961 4827 1280 4899 omnipotens
1309 4830 1449 4888 Deus
1475 4833 1600 4903 hac,
1631 4836 1686 4890 in
1705 4853 1818 4906 quin
1843 4838 1934 4892 de-

361 4915 604 4982 venimus.
631 4923 882 4984 tempore.

429 5003 484 5058 6.
515 5004 724 5064 Laudat
753 5022 968 5079 quoque
1017 5007 1306 5080 Cajetanus
1351 5015 1631 5084 lsidorum,
1681 5027 1935 5089 tanquam

362 5107 636 5156 auctorem
679 5100 862 5168 hymni
891 5117 904 5152 :
937 5099 1093 5157 Urbis
1123 5102 1387 5159 Romulea
1415 5123 1434 5159 :
1463 5122 1570 5162 non
1619 5107 1743 5174 alia,
1773 5118 1834 5164 ut
1861 5111 1940 5166 vi-

364 5189 519 5246 detur
545 5189 774 5253 ritioue,
805 5191 906 5246 nisi
933 5193 1057 5262 quia
1081 5194 1134 5246 in
1171 5195 1440 5250 breviario
1466 5196 1760 5254 lsidoriano
1779 5215 1936 5271 repe-

365 5277 500 5332 titur
539 5295 553 5331 :
597 5293 758 5347 quam
805 5295 996 5336 vanam
1043 5297 1164 5337 esse
1207 5284 1492 5338 observavi
1545 5285 1596 5339 in
1641 5287 1936 5358 Hymuodia

369 5365 651 5436 Hispaniae
677 5369 745 5426 ad
765 5369 906 5425 diem
953 5369 1020 5428 15
1045 5373 1189 5436 maii,
1222 5373 1310 5428 ubi
1337 5373 1403 5429 de
1431 5375 1693 5444 ejusmodi
1740 5379 1940 5450 hymno

369 5457 421 5510 in
447 5458 654 5516 laudem
681 5469 886 5531 septem
915 5461 1330 5530 apostolicorum
1360 5463 1606 5520 disserui.
1655 5466 1819 5524 Recte
1841 5470 1938 5524 ob-

369 5548 870 5624 scrvatCajetanus,
911 5554 964 5610 in
993 5553 1266 5612 Ciceronis
1295 5553 1470 5612 verbis
1497 5557 1634 5627 apud
1663 5567 1936 5618 auctorem

2035 4489 2500 4552 apertus-nostram
2522 4479 2996 4536 devenerunt-breui
3018 4481 3109 4535 sub
3130 4481 3611 4546 notatione-agatur

2034 4572 2090 4624 in
2115 4579 2338 4639 tempore
2357 4569 2498 4622 stilo.

2109 4659 2196 4716 14.
2229 4659 2403 4715 Etiam
2449 4659 2866 4730 philosophorum
2905 4659 3281 4729 indagine-non
3325 4654 3610 4726 ignorabit-

2038 4753 2323 4808 scicntiam.
2401 4751 2590 4806 Merito
2640 4751 2710 4804 ibi
2755 4750 3074 4807 redundans.
3097 4749 3194 4802 -in
3241 4749 3611 4814 descriptiones

2043 4853 2346 4910 temporum,
2388 4842 2442 4894 in
2487 4855 2754 4895 sacrarunt
2791 4839 2946 4892 vitam
2983 4839 3508 4893 sacerdotum-coram
3551 4853 3613 4890 eo

2041 4929 2297 4996 spinituali
2323 4937 2458 4981 actu.

2356 5016 2530 5073 Codex
2551 5017 2678 5070 alter
2702 5018 2920 5086 fortasse
2949 5015 3305 5070 Bononiensis.

2115 5109 2198 5162 15.
2231 5109 2294 5162 ln
2313 5125 2412 5179 quo
2447 5107 2778 5178 quidquid-ut
2802 5109 3016 5177 peritus,
3057 5107 3332 5173 doctusque
3369 5104 3614 5174 qualitate

2041 5197 2294 5253 sermonis
2315 5199 2556 5251 existeret
2577 5205 2626 5249 et
2653 5195 3098 5260 apertus-Quanto
3127 5211 3244 5248 vero
3274 5194 3482 5263 ﬂumine

2115 5288 2201 5342 lli.
2251 5288 2414 5341 Multa
2449 5293 2592 5349 sunt,
2623 5287 2814 5354 quibus
2861 5285 2912 5338 hi
2943 5300 3069 5339 mss.
3120 5283 3345 5339 Codices
3391 5285 3530 5338 inter
3555 5299 3616 5338 so

2043 5377 2389 5438 conveniunt,
2427 5377 2526 5446 15
2555 5375 2696 5429 etab
2724 5373 2957 5428 editione
2991 5373 3174 5426 Grialii
3202 5371 3470 5427 differunt.
3502 5371 3610 5426 No-

2047 5477 2134 5520 tan
2157 5467 2262 5519 lum
2311 5465 2594 5533 prmciguue,
2647 5463 2788 5531 quod
2845 5463 3094 5516 omittunt
3123 5465 3462 5532 Astigitanunt
3495 5468 3614 5530 post

2051 5557 2376 5630 Fulgentimu
2433 5558 2720 5626 episcopum
2775 5571 2793 5610 :
2849 5571 2970 5611 nam
3045 5555 3315 5613 Flarezius
3375 5568 3505 5612 tom.
3572 5553 3605 5606 ν
