4060 6198
395 293 456 344 2t
1436 283 1840 342 lSlDOlUANL
1882 315 1950 326 ο-
1993 285 2163 340 PARS
2201 284 2238 338 Ι.
2280 285 2432 342 CAP.
2478 288 2560 342 IV.
2779 287 2784 291 ’
3593 295 3664 351 93

396 409 546 476 llisp.
574 419 739 467 sacr.,
771 403 982 458 dissert.
1024 403 1075 469 4,
1101 409 1254 472 urget
1275 403 1560 458 lectionem
1582 401 1831 458 editionis
1861 399 1974 454 Ma-
2008 403 2052 462 A
2149 400 2239 456 21.
2271 400 2528 473 Bayerius
2556 403 2606 456 in
2635 410 2746 457 not‘.
2780 405 2846 459 ad
2879 404 3128 459 Biblioth.
3163 403 3237 458 lli.
3260 381 3330 474 p.‘
3361 406 3395 459 Ι.
3440 423 3490 474 v,
3541 424 3660 479 cap.

395 498 638 555 tritensis
685 495 1011 564 Fulgentium
1059 495 1353 564 episcOpum
1403 495 1746 566 Astigitanum
1791 501 1980 548 contra

392 588 726 644 cardinalem
758 585 998 653 Belluga,
1029 585 1118 654 qui
1149 584 1404 640 Codicum
1427 595 1726 640 nostrorum
1749 584 1982 652 scriptu-

397 693 512 732 ram
543 683 709 740 tenet,
736 682 795 729 ut
817 673 1070 728 defendat
1099 674 1434 743 Fulgentium
1481 682 1602 744 post
1630 674 1981 742 Astigitanam

396 769 580 824 sedem
613 766 821 821 rexisse
867 766 1030 819 etiam
1075 763 1574 833 Carthaginiensem
1625 766 1676 818 in
1706 764 1981 834 Hispania.

397 860 673 930 Scriptura
691 873 826 913 vero
847 855 1056 923 Grialii,
1077 871 1235 925 quam
1257 855 1497 925 plerique
1527 863 1755 918 mutant,
1781 853 1985 908 scilicet

400 968 500 1007 nan
520 953 725 1022 ignotus
752 950 1043 1002 divinarum
1073 948 1513 1017 humanarumque
1547 963 1717 999 rerum
1747 944 1983 1010 scientia,

399 1041 606 1095 ceteris
657 1038 994 1108 prmlercnda
1049 1045 1174 1093 est:
1219 1051 1340 1090 nam
1369 1038 1574 1106 ignotus
1628 1051 1724 1104 pro
1770 1035 1985 1104 ignarus

399 1147 428 1183 a
459 1129 743 1185 Braulione
768 1128 991 1196 aliisque
1019 1127 1135 1195 ejus
1155 1126 1447 1196 wqualihus
1474 1134 1779 1193 usurpatur,
1815 1134 1871 1176 ut
1895 1139 1952 1176 co
1969 1153 1983 1162 -

401 1221 576 1288 gnitus
599 1233 698 1287 pro
728 1233 941 1289 gnarus.
982 1216 1112 1270 Vide
1148 1216 1430 1286 epistolam
1470 1215 1658 1270 lsidori
1707 1215 1774 1269 ad
1810 1215 1983 1282 ἱρειιιιι

405 1308 743 1362 Braulionem
791 1304 1228 1362 archidiaconum
1260 1313 1406 1373 tunc,
1435 1319 1553 1374 qua:
1581 1304 1768 1373 incipit
1803 1320 1817 1355 :
1851 1301 1983 1366 Quia

403 1414 504 1453 non
545 1399 687 1452 valeo
715 1407 764 1451 te
785 1399 912 1468 frui.

473 1488 559 1541 t7.
589 1488 855 1542 Craterum
884 1501 1003 1568 cum
1033 1486 1276 1554 Bignmus
1317 1487 1368 1541 in
1406 1502 1501 1541 sua
1535 1485 1717 1541 Isidori
1751 1485 1987 1539 edizione

401 1578 850 1633 Praenotatioucm
873 1577 1069 1631 Braulii
1103 1579 1304 1647 primus
1328 1577 1572 1641 ediderit,
1609 1577 1893 1630 nonnullas
1919 1591 1985 1628 ex
2035 1597 2038 1599 ·

401 1685 466 1724 eo
487 1669 776 1724 varietates
807 1668 1046 1723 indicare
1077 1684 1186 1721 non
1212 1669 1429 1737 pigebit.
1461 1667 1667 1721 Titulus
1689 1666 1831 1734 apud
1860 1680 1983 1718 eum

2085 489 2140 558 4,
2189 507 2242 544 ιι.
2288 489 2376 556 9'5,
2410 507 2476 546 ex
2518 493 2741 548 vetustis
2782 494 3178 562 exemplaribus
3224 494 3470 564 producit
3524 498 3665 556 hanc

2085 579 2522 648 di~crepantinm,
2559 597 2719 650 quam
2764 586 3031 639 sustinere
3057 595 3282 639 conatur
3312 603 3324 639 :
3358 585 3472 656 Ego
3514 591 3566 642 in
3601 607 3664 645 xv

2085 663 2246 717 libros
2273 666 2424 719 divisi
2451 681 2547 735 pro
2575 665 2630 721 in
2660 685 2750 729 xx,
2779 669 2864 724 vel
2893 671 2947 723 in
2976 671 3178 740 viginti,
3210 680 3268 724 ut
3295 673 3491 728 habent
3519 676 3668 732 editi.

2087 754 2212 809 llaic
2241 757 2610 812 controversia
2638 759 2953 813 discutietur
2982 775 3100 828 cap.
3140 759 3228 813 48.
3261 761 3440 816 Nostri
3485 779 3674 821 onmes

2087 846 2299 902 codices
2326 848 2379 901 in
2403 846 2798 904 Prmnotatione
2827 851 3008 916 viginti
3033 852 3196 905 libros
3225 853 3276 906 in
3299 852 3479 907 licant.

2710 940 2940 995 CAPUT
2973 941 3059 995 IV.

2087 1031 2358 1089 Braulioni
2388 1036 2636 1090 asseritur
2678 1036 2927 1090 librorum
2969 1035 3161 1091 Isidori
3193 1038 3534 1105 Prwnotatio,
3561 1044 3674 1110 ejus

2158 1127 2366 1178 nomine
2395 1126 2619 1196 vulgata.
2654 1125 2729 1180 De
2758 1127 2863 1180 alia
2883 1127 3107 1182 uberiori
3133 1126 3532 1194 Prwnotatione,
3563 1145 3673 1202 qut!

2159 1217 2213 1270 in
2235 1217 2498 1271 nonnullis
2521 1233 2644 1270 mss.
2677 1226 2866 1282 exstat,
2897 1218 3208 1287 disputatur.

2161 1307 2211 1360 Ι.
2257 1306 2388 1360 Cum
2421 1313 2502 1358 tot
2531 1305 2636 1358 sint
2675 1316 2856 1359 vetera
2884 1306 3212 1375 exemplaria
3251 1320 3369 1376 qua:
3401 1305 3674 1362 Braulioni

2088 1398 2533 1470 pramotationem
2564 1396 2821 1451 librorum
2848 1395 3035 1450 lsidori
3067 1396 3328 1463 tribuunt,
3353 1394 3478 1466 quid
3499 1411 3675 1452 causa:

2087 1502 2208 1542 esse
2227 1487 2424 1551 dicam,
2461 1501 2559 1540 cur
2584 1493 2640 1541 et
2672 1487 2938 1556 superiori
2969 1486 3150 1542 ethoc
3171 1493 3358 1541 nostro
3388 1485 3584 1540 saeculo
3611 1501 3674 1540 ea

2087 1579 2154 1633 de
2179 1593 2242 1632 re
2269 1593 2540 1631 nonnemo
2567 1578 2713 1633 litem
2759 1579 2998 1634 excitare
3039 1577 3314 1633 voluerit?
3342 1578 3453 1632 Nic.
3510 1579 3675 1633 Anto-

2089 1666 2209 1720 nius
2236 1668 2286 1720 in
2319 1666 2645 1722 Bibliotheca
2666 1669 2835 1722 veteri
2867 1666 3102 1736 Hispana
3128 1683 3248 1722 cum
3277 1667 3468 1724 Isidori
3509 1683 3674 1737 opera

399 1766 481 1813 est
514 1775 526 1810 :
564 1756 710 1811 Beati
766 1756 954 1810 lsidori
1000 1756 1328 1826 Hispalensis
1363 1757 1597 1825 episcopi
1641 1756 1746 1810 vita
1779 1771 1876 1824 per
1923 1753 1979 1806 Β.
2022 1766 2351 1823 grecenset,
2403 1758 2520 1811 sine
2576 1757 2682 1810 ulla
2733 1757 3068 1810 dubitatione
3118 1757 3316 1828 passim
3374 1755 3701 1814 Braulimiis

402 1848 741 1904 Braulionem
771 1847 1304 1917 Cmsarangustanum
1347 1848 1640 1902 antistitem
1692 1848 1979 1916 descripta.

401 1939 534 1993 Nota
572 1938 796 2006 margini
825 1938 1039 2006 appicta
1070 1938 1164 2000 ait,
1197 1938 1332 1991 hanc
1375 1937 1562 1990 lsidori
1593 1937 1755 1989 vitam
1801 1936 1984 1989 haberi

403 2030 453 2079 in
478 2029 582 2082 line
607 2028 788 2096 operis
813 2026 1052 2096 ejusdem
1089 2026 1388 2082 Braulionis
1420 2026 1653 2096 (corrige
1681 2024 1890 2094 isidori)
1920 2025 1989 2079 de

409 2115 444 2166 ι·
454 2115 546 2171 iris
575 2113 891 2170 lllustribus.

798 2203 974 2259 Varia:
1001 2205 1242 2260 lectiones
1269 2221 1336 2259 ex
1367 2204 1597 2275 Bigna’o.

476 2291 566 2347 18.
597 2292 929 2362 Ιιιωσίηαιιὶι,
963 2303 1017 2348 ιιι
1046 2297 1100 2348 in
1130 2296 1270 2348 omni
1300 2311 1485 2364 genere
1512 2296 1784 2347 locutionis
1816 2297 1984 2363 {anita-

405 2391 507 2449 tus,
536 2393 584 2438 et
616 2386 805 2454 peritus
828 2386 1105 2456 doctusque
1133 2386 1380 2456 qualitate
1399 2386 1646 2438 sermonis
1684 2387 1911 2438 existens
1940 2394 1990 2438 et

407 2473 766 2544 apertus-Ego
794 2477 846 2527 in
876 2476 1052 2544 viginti
1075 2474 1220 2527 libris
1245 2475 1414 2527 divisi.
1448 2471 1590 2536 Quos
1620 2490 1794 2527 omnes
1822 2477 1989 2528 omni-

407 2563 576 2616 modo:
593 2563 930 2632 philosophia!
958 2563 1581 2633 repletosquisquis,etc.
1609 2580 1712 2616 non
1729 2564 1989 2633 ignorabit

407 2651 694 2705 divinarum
717 2654 1158 2722 humanarumque
1191 2668 1361 2705 rerum
1383 2653 1670 2706 scientiam.
1699 2651 1764 2704 Et
1787 2655 1989 2708 merito.

408 2742 503 2796 Est
527 2744 663 2796 enim
712 2743 782 2798 ibi
809 2744 1127 2810 redundans,
1159 2743 1383 2798 δια-τη
1410 2753 1582 2797 autem
1607 2745 1793 2811 patria:
1820 2747 1872 2796 in
1901 2746 1990 2797 de-

408 2836 683 2906 scriptione
711 2843 1022 2906 temporum,
1052 2845 1102 2888 et
1125 2852 1390 2890 sacrorum
1419 2837 1536 2889 vitis
1564 2837 1907 2898 sacerdotum,
1937 2845 1989 2886 tu

406 2923 738 2980 domesticam
783 2925 1040 2994 publicam
1070 2925 1417 2992 disciplinam,
1469 2934 1523 2976 tu
1555 2925 1775 2989 sedium,
1817 2925 1987 2993 regio-

405 3029 549 3077 num,
603 3014 850 3078 locorum,
880 3023 933 3066 tu
969 3015 1216 3079 omnium,
1240 3021 1559 3068 etc.-coram
1606 3029 1668 3066 eo
1685 3014 1991 3082 specialiter

2089 1849 2530 1918 praenotationem
2559 1848 2758 1902 laudat.
2793 1847 3058 1902 Prazterea
3083 1865 3202 1917 cap.
3234 1846 3286 1914 5,
3309 1847 3346 1901 l.
3378 1865 3430 1911 ν,
3464 1865 3515 1900 ιι.
3547 1846 3673 1910 9.15,

2087 1935 2326 2003 ejusdem
2356 1935 2428 1989 ita
2459 1936 2701 1990 meminit
2726 1953 2737 1987 :
2765 1935 2842 1988 De
2868 1935 3043 1990 labore
3065 1937 3216 2006 hujus
3247 1938 3420 2005 magni
3441 1937 3696 2006 prwsulis.

2090 2025 2436 2096 (Braulionis)
2466 2028 2517 2078 in
2551 2025 2994 2095 Etgmologiarum
3028 2023 3088 2079 S.
3124 2025 3316 2080 [sideri
3340 2026 3576 2095 magistri
3595 2025 3677 2079 sui

2087 2129 2240 2183 apere
2265 2115 2533 2166 exantlalo
2563 2111 2789 2164 diximus
2810 2113 2925 2180 jam
2959 2114 3012 2164 in
3054 2112 3280 2177 Isidoro,
3313 2111 3674 2182 Etgmologia-

2087 2222 2201 2258 rum
2242 2203 2362 2273 (ait)
2394 2205 2620 2257 codicem
2669 2204 2826 2256 nimia
2866 2204 3220 2272 magnitudine
3247 2203 3542 2257 distinctum
3574 2203 3674 2273 17

2088 2293 2152 2347 ab
2192 2311 2250 2347 eo
2291 2293 2468 2355 titulis,
2514 2310 2614 2346 non
2645 2293 2788 2346 libris
2811 2310 2828 2345 :
2852 2310 2998 2363 quem
3039 2296 3158 2362 quia
3194 2302 3374 2363 rogatu
3400 2310 3510 2346 meo
3534 2295 3688 2362 fecit,

2089 2385 2318 2454 quamvis
2333 2383 2682 2452 imperfectum
2703 2383 2813 2450 ipse
2837 2381 3118 2451 reliquerit,
3139 2399 3232 2452 ego
3247 2384 3301 2434 in
3324 2383 3500 2451 viginti
3522 2382 3694 2436 libros.

2090 2473 2259 2525 divisi.
2294 2469 2385 2542 (In
2415 2472 2722 2540 prwfatione
2758 2472 2828 2523 ad
2866 2471 2927 2523 S.
2967 2469 3237 2539 Pontificis
3270 2469 3491 2541 Opera.)
3525 2470 3676 2524 Pro:-

2091 2573 2167 2616 ter
2213 2561 2320 2616 Ittec
2372 2561 2639 2629 reliquisse
2668 2559 2997 2613 Braulionem
3046 2570 3096 2613 et
3124 2562 3226 2614 alia
3255 2563 3521 2630 apusculu,
3573 2578 3676 2615 non

2089 2652 2255 2706 solum
2287 2649 2600 2720 Ildefonsus,
2632 2649 2726 2702 sed
2771 2660 2820 2703 et
2853 2647 3088 2704 Isidorus
3116 2650 3379 2715 Pacensis,
3409 2668 3472 2704 ea:
3524 2667 3678 2722 eoque

2095 2739 2384 2795 Radericus
2408 2738 2475 2791 Tt
2487 2739 2686 2793 letanus
2712 2741 2959 2809 referunt.

2159 2829 2215 2884 2.
2248 2827 2341 2882 His
2363 2828 2541 2883 verbis
2572 2829 2622 2880 in
2654 2830 2858 2883 recenti
2884 2829 3180 2884 Matritensi
3213 2829 3456 2886 editione
3487 2830 3678 2886 Biblio-

2093 2920 2260 2973 theca“:
2312 2917 2557 2987 Hispana:
2602 2919 2742 2974 hanc
2791 2928 2972 2974 notam
3002 2921 3395 2975 eruditis-rimus
3427 2922 3681 2992 Bayerins

2092 3011 2362 3080 subjecit:
2393 3011 2799 3066 Prtenotationis
2846 3011 3038 3066 Isidori
3082 3012 3339 3083 Operam,
3382 3030 3534 3083 quam
3577 3032 3681 3068 uno

405 3111 524 3156 acta
547 3103 837 3168 declarant,
865 3120 982 3173 qute
1007 3113 1208 3167 contra,
1234 3113 1367 3168 etc.,
1396 3120 1509 3157 eam
1534 3112 1770 3157 asserunt
1799 3105 1984 3157 verita-
2018 3111 2068 3174 ρ
2094 3102 2241 3168 quasi
2262 3116 2348 3153 ore
2377 3099 2719 3170 bibliographi
2752 3100 3021 3155 Braulioni
3050 3103 3334 3168 ascribunt,
3362 3105 3558 3156 videtur
3586 3105 3681 3157 hoc

408 3199 757 3248 lem-summa
784 3195 1020 3248 doctrina
1050 3195 1400 3262 prtestantior.

479 3280 565 3334 i9.
597 3282 868 3337 Fabricius
895 3284 948 3336 in
992 3282 1318 3337 Bibliotheca
1347 3284 1709 3340 ecclesiastica
1754 3299 1820 3339 ex
1851 3285 1992 3342 Con-

409 3374 548 3429 eiliis
607 3373 1050 3444 llzspaniensibus
1101 3372 1306 3427 Loaisa:
1357 3374 1494 3428 libro
1538 3374 1723 3428 lidori
1756 3376 1822 3430 de
1851 3376 1995 3432 Viris

408 3463 711 3518 lliustribus
738 3465 912 3517 locum
942 3462 1108 3525 dedit,
1159 3464 1712 3532 pmnotationemque
1751 3465 1993 3519 Braulio-

407 3551 491 3606 nis
509 3550 758 3619 praeﬁxit.
779 3551 913 3609 Cum
939 3551 1057 3604 aliis
1075 3551 1185 3604 fere
1209 3554 1495 3606 consentit.
1528 3553 1650 3607 Haec
1675 3563 1852 3608 tamen
1881 3571 1994 3609 ma-

404 3642 492 3706 gis
544 3639 621 3692 illi
674 3640 934 3709 propria:
966 3641 1274 3692 auctoritate
1319 3643 1668 3708 explicuit-De
1706 3645 1997 3699 nominibus

407 3729 537 3801 legis
555 3736 606 3782 et
633 3730 1031 3799 evangeliorum,
1063 3731 1116 3782 in
1147 3745 1246 3796 quo
1262 3731 1518 3799 majorum
1540 3743 1740 3786 secutus
1766 3739 1995 3804 exempla

410 3820 651 3874 brevitate
677 3835 779 3889 qua
824 3819 989 3888 potuit
1036 3819 1230 3887 dimica
1265 3821 1653 3891 collegit.-illnd
1680 3824 2000 3895 philosophi—

411 3910 718 3970 antistitem.
772 3910 994 3962 asseruit
1032 3911 1316 3962 veritatem.
1369 3910 1620 3976 Fortasse
1661 3916 1996 3984 typograplto

413 4001 637 4056 Fabricii
658 4002 975 4055 exciderunt
995 4001 1162 4056 verba
1187 4004 1245 4055 in
1270 4018 1368 4072 quo
1393 4005 1636 4068 ostendit,
1659 4006 1784 4075 quid
1807 4023 1995 4059 memo-

411 4102 541 4144 rata:
575 4106 810 4158 persona:
846 4090 1210 4161 mysterialiter
1243 4093 1562 4161 signiﬁcent.
1595 4094 1673 4148 De
1695 4097 1992 4151 ha’resibus.

419 4179 522 4249 ιθ
549 4178 724 4234 Facile
777 4179 919 4233 enim
969 4178 1066 4232 fuit
1105 4194 1170 4232 ex
1201 4180 1377 4234 verbis
1404 4184 1785 4252 evangeliorum
1813 4185 1995 4240 librum

412 4285 568 4322 unum
595 4269 666 4324 ad
692 4269 796 4322 alia
819 4269 994 4322 delabi
1024 4267 1104 4321 De
1125 4267 1400 4322 hwresilrus
1433 4271 1619 4324 librum
1661 4290 1841 4327 unum.
1885 4273 1996 4328 Non

412 4356 590 4423 placet
635 4357 883 4424 explicuit
930 4372 1029 4425 pro
1065 4359 1238 4410 elicuit
1275 4373 1291 4409 :
1333 4373 1456 4411 nam
1511 4359 1724 4414 Braulio
1779 4364 1998 4416 verbum

414 4442 599 4497 lsidori
649 4445 802 4499 eliciti
830 4459 896 4498 ex
926 4445 1153 4514 epistola
1182 4447 1246 4499 ad
1283 4446 1619 4515 Fulgentium
1647 4449 1996 4520 descriptioni

415 4534 595 4602 operis
624 4533 1065 4590 accommodavit.
1092 4534 1266 4588 Minus
1289 4536 1449 4588 etiam
1484 4537 1654 4605 probo
1675 4539 1804 4590 illud
1829 4541 1999 4606 plu'lo-

417 4622 582 4693 ‘oplti,
606 4639 766 4692 quam
787 4625 916 4677 illud
943 4625 1370 4693 philosOphicam.
1401 4625 1490 4679 Sic
1513 4625 1765 4693 Eulogius
1789 4629 2004 4683 Cordu-

417 4714 599 4768 hensis
623 4714 776 4769 initio
802 4713 1126 4768 Memorialis
1145 4715 1469 4772 Sanctarum
1497 4715 1563 4769 de
1587 4732 1745 4770 versu
1767 4718 2001 4785 quodam

416 4801 636 4857 Javenei
650 4804 741 4858 :Ut
751 4814 827 4858 est
837 4805 966 4858 illud
976 4805 1410 4874 philosophicum:
1427 4803 1541 4858 Hoc
1549 4823 1698 4876 Opus,
1714 4816 1820 4862 etc.
1832 4850 1846 4871 ,
1861 4809 2002 4877 quod

417 4892 756 4948 observatum
779 4910 809 4948 a
830 4910 919 4950 me
946 4895 1046 4950 l'uit
1065 4896 1118 4948 in
1139 4903 1254 4950 not.
1279 4894 1345 4948 ad
1365 4893 1682 4963 Juvencmn,
1705 4898 1742 4949 l.
1773 4915 1811 4963 ι,
1832 4915 1881 4951 ν.
1907 4897 1994 4952 50.

488 4983 577 5038 20.
602 4984 993 5041 Ottobonianus
1018 4985 1154 5038 1720
1181 4986 1285 5040 etsi
1313 5001 1433 5040 cum
1465 4986 1690 5041 Albanio
1716 5000 1998 5053 consonat,

419 5076 710 5130 correctior
739 5085 913 5130 tamen
940 5076 1135 5131 alicubi
1170 5085 1276 5143 est,
1307 5085 1364 5130 ut
1407 5076 1560 5131 initio
1594 5096 1606 5128 :
1641 5079 1691 5131 in
1741 5081 1880 5132 omni
1907 5098 1997 5150 ge-

420 5179 540 5216 nere
564 5164 837 5218 locutionis
868 5169 1120 5235 formatus
1158 5175 1206 5218 et
1230 5165 1442 5232 peritus.
1474 5163 1866 5223 Ottobonianus
1893 5169 1998 5224 849

418 5262 475 5305 et
527 5268 749 5308 numero
790 5263 846 5307 et
893 5255 1079 5308 ordine
1125 5254 1356 5322 capitum
1410 5255 1477 5306 ab
1524 5254 1751 5309 Albania
1798 5255 1992 5310 dilicti.

420 5342 740 5398 Pracnotatio
796 5345 847 5398 in
897 5360 963 5398 eo
1015 5345 1338 5399 inscribitur.
1405 5344 1522 5397 Vita
1574 5345 1784 5414 lsidori,
1830 5349 1992 5402 tacito

419 5434 654 5487 auctoris
693 5435 925 5490 nomine.
959 5434 1230 5503 Scriptura
1261 5433 1377 5503 ejus
1402 5433 1511 5488 fere
1542 5435 1759 5489 editioni
1806 5438 1993 5493 Grialii

420 5523 676 5575 coltzrret.
709 5522 831 5576 Haec
855 5523 1171 5593 peculiaria;
1195 5533 1248 5574 ut
1271 5525 1452 5593 perito,
1480 5524 1722 5594 doctoque
1750 5528 1995 5597 qualitate

422 5614 672 5666 sermonis
718 5615 957 5667 existeret
1010 5621 1234 5680 apertus.
1271 5643 1293 5652 -
1323 5611 1650 5682 Fulgentium
1703 5618 1993 5687 episcopum

427 5703 1078 5774 Ofﬁciorum~Postulante
1107 5704 1498 5777 Florentia-ego
1523 5709 1572 5761 in
1599 5726 1663 5764 xx
1688 5709 1853 5778 libris,
1886 5722 1989 5768 etc.

2097 3189 2208 3243 loco
2238 3187 2434 3243 Noster
2480 3206 2582 3244 non
2629 3193 2940 3246 meminisse.
2997 3194 3150 3264 Atqui
3201 3211 3478 3265 nunquam.
3514 3197 3682 3248 minus

2095 3280 2470 3349 pra'tereunda,
2495 3298 2646 3350 quam
2676 3298 2828 3346 nunc,
2858 3291 2953 3350 est,
2983 3301 3095 3344 cum
3125 3285 3265 3339 litem
3290 3286 3352 3339 de
3392 3305 3450 3340 ea
3481 3294 3686 3344 moneat

2097 3371 2173 3423 vir
2195 3371 2432 3434 eximius,
2464 3371 2610 3438 civis,
2639 3388 2700 3424 ac
2729 3373 3031 3442 singularis,
3062 3375 3184 3428 dum
3206 3378 3350 3438 vixit,
3380 3378 3594 3442 amicus,
3622 3395 3682 3432 ac

2098 3460 2385 3513 studiorum
2421 3476 2654 3514 meorum
2683 3464 2859 3530 [utitor
2904 3461 3184 3534 Gregorius
3214 3465 3518 3536 Magansius
3569 3469 3683 3520 Sis-

2097 3551 2289 3604 carius.
2341 3548 2514 3606 Eccur
2565 3551 2794 3622 Bayerio
2842 3553 3012 3608 visum
3068 3554 3183 3619 fuit,
3232 3555 3348 3610 Nic.
3393 3557 3682 3609 Antonium

2099 3637 2509 3696 Prmnotationis
2537 3658 2646 3696 non
2674 3641 2980 3699 meminisse
2997 3648 3039 3696 't-
3077 3644 3206 3697 Nam
3240 3653 3292 3697 et
3320 3645 3469 3712 plura
3519 3651 3682 3700 verba

2097 3745 2162 3783 ex
2192 3745 2255 3783 ea
2284 3733 2496 3797 recitat,
2551 3739 2611 3784 et
2650 3747 2770 3786 eam
2803 3739 2958 3786 vocat
3009 3734 3368 3802 praefationem
3398 3735 3467 3786 ad
3509 3736 3683 3804 Opera

2101 3817 2160 3872 S.
2217 3817 2432 3882 Isidori,
2488 3818 2572 3872 vel
2622 3819 2746 3887 quia
2791 3835 2820 3872 ιι
2853 3819 3056 3876 Grialto
3093 3821 3356 3892 Operihus
3395 3824 3452 3877 S.
3495 3825 3680 3880 lsidori

2101 3907 2314 3974 praeﬁxa
2337 3914 2440 3968 est,
2473 3907 2556 3961 vel
2589 3908 2715 3974 quia
2744 3909 2813 3962 ab
2842 3911 2957 3978 ipso
2989 3910 3272 3967 Braulione
3299 3913 3421 3968 ideo
3457 3914 3686 3969 fortasse

2100 3997 2240 4052 facta
2293 3996 2413 4061 luit,
2461 4004 2520 4050 ut
2547 3999 2874 4066 praefationis
2901 4000 2966 4053 ad
2998 4000 3183 4054 isidori
3209 3999 3382 4071 Opera
3412 4003 3534 4057 loco
3563 4019 3684 4057 esse

2100 4094 2310 4157 posset:
2329 4087 2470 4154 quod
2494 4089 2886 4154 prcenotationis
2905 4089 3194 4156 appellatio
3219 4090 3411 4143 innuit.
3432 4091 3681 4156 Alioquin

2102 4178 2316 4233 Braulio
2365 4178 2809 4246 prmnotstionem
2866 4192 3016 4232 suam
3069 4178 3205 4234 libro
3256 4179 3444 4234 lsidori
3472 4181 3540 4234 de
3571 4181 3679 4235 Vir.

2101 4267 2298 4322 lliustr.
2364 4281 2423 4320 sc
2479 4266 2815 4334 subjunxisse
2871 4267 3121 4322 allirmat.
3172 4265 3252 4320 De
3295 4267 3440 4332 viris,
3490 4261 3710 4336 inquit,
3798 4252 3800 4254 V

2101 4357 2379 4411 illustribus
2403 4356 2594 4409 librum
2613 4373 2791 4423 unum,
2817 4359 2900 4410 cui
2923 4374 3015 4410 nos
3037 4359 3139 4411 is'a
3166 4357 3543 4427 subjunximus.

2175 4447 2227 4502 5.
2260 4447 2336 4502 De
2362 4447 2455 4500 lite
2483 4462 2614 4501 vero
2658 4463 2688 4500 a
2720 4447 2996 4517 Mayansio
3025 4456 3170 4501 mota
3201 4448 3327 4517 quid
3379 4449 3591 4504 dicam?
3638 4449 3687 4503 is

2111 4539 2162 4591 in
2184 4537 2298 4591 Nic.
2323 4537 2539 4592 Antonii
2563 4537 2700 4600 Vita,
2724 4536 2977 4591 Censurte
2999 4538 3301 4592 lictitiarum
3346 4538 3686 4592 historiarum

2106 4626 2343 4694 ejusdem
2377 4626 2577 4680 Nicolai
2625 4626 2864 4695 prazlixa,
2902 4643 2954 4680 ιι.
2991 4625 3114 4692 1-25,
3163 4629 3374 4693 asserit,
3403 4629 3539 4684 falso
3567 4644 3686 4684 eam

2110 4715 2555 4771 Prtenotationesn
2578 4713 2848 4769 Brautioni
2866 4717 3064 4780 tribui;
3097 4718 3256 4784 idque
3277 4717 3517 4787 pluribus
3545 4734 3572 4771 a
3605 4735 3684 4777 se.

2106 4807 2411 4874 ubicunque
2464 4807 2617 4860 locus
2670 4814 2766 4860 aut
2815 4806 3032 4860 occasio
3082 4805 3236 4873 lerat,
3297 4809 3584 4876 probatum
3625 4810 3686 4862 iri

2108 4899 2410 4969 pollicetur.
2449 4896 2578 4950 iure
2621 4895 2876 4966 Bayerius
2905 4897 3142 4952 rationes
3175 4899 3468 4966 desiderat,
3497 4901 3686 4969 quibus

2111 4989 2164 5043 in
2195 5002 2315 5043 eam
2364 4985 2684 5042 sententiam
2740 4984 3044 5056 Mayansius
3081 4996 3382 5058 pertractus
3405 4988 3505 5043 luit
3535 5007 3548 5043 :
3579 5003 3702 5042 non.

2106 5080 2249 5134 enim
2293 5079 2478 5148 gratis,
2535 5077 2728 5145 inquit,
2783 5086 2874 5131 aut
2920 5094 3018 5146 pro
3066 5079 3324 5146 lubidine,
3373 5095 3498 5150 qua
3519 5097 3588 5135 ex
3619 5095 3692 5134 eo

2107 5170 2404 5231 retulimus,
2446 5168 2652 5236 jactata
2705 5168 2865 5221 fuisse
2911 5169 3320 5223 existimandum
3346 5181 3448 5226 est.
3483 5171 3686 5223 Interea

2106 5278 2220 5314 vero
2250 5261 2473 5329 (pergit)
2502 5261 2625 5312 dum
2669 5276 2759 5313 eas
2788 5261 2843 5313 in
2863 5261 3096 5329 apricum
3125 5270 3254 5315 retas
3285 5263 3498 5330 profert,
3529 5277 3688 5314 unam

2101 5360 2344 5415 veterum,
2373 5359 2617 5421 quotquot
2644 5350 2876 5415 viderim,
2902 5349 3174 5418 Codicum,
3198 5368 3261 5405 ac
3299 5350 3677 5418 bibliagraplio-

2101 5457 2212 5494 rum
2250 5442 2362 5505 fere
2389 5440 2638 5502 omnium,
2679 5439 2856 5510 quibus
2886 5439 3202 5501 Braulionis,
3233 5456 3331 5507 qua
3357 5439 3422 5488 de
3457 5439 3682 5506 agimus,

2103 5531 2419 5584 I'ramotatio
2445 5531 2515 5582 ad
2551 5532 2946 5586 internoscenda
2993 5548 3240 5602 germana
3287 5529 3479 5583 Isidori
3512 5525 3710 5596 Opera-

2101 5621 2249 5674 rcluti
2278 5623 2391 5687 fax,
2423 5630 2473 5674 et
2502 5637 2754 5690 cynosura
2776 5639 2972 5690 seraper
2998 5625 3113 5687 fuit,
3147 5621 3532 5674 consensionem
3561 5624 3687 5675 satis

2103 5727 2347 5782 superque
2389 5714 2498 5781 {ore
2527 5711 2780 5778 existimo,
2815 5719 2869 5767 ut
2901 5712 3039 5767 nullo
3090 5720 3240 5780 pacto
3287 5727 3316 5762 a
3347 5709 3510 5778 gradu
3543 5724 3692 5781 quem
