4028 6200
348 255 419 313 25
1100 255 1191 311 AD
1226 255 1452 313 OPERA
1490 256 1547 311 8.
1590 252 1836 312 ISIDORI
1876 254 2311 313 ﬂlSPALENSlS
2351 256 2884 315 PROLEGOMENA.
3540 266 3611 320 24

350 372 593 425 hactenus
640 368 780 433 apud
829 370 1037 424 criticos
1102 371 1322 424 obtinuit
1374 385 1489 423 eam
1555 383 1919 422 removeamus.
1951 371 1997 428 Α
2027 365 2233 424 Joanne
2264 369 2454 426 Vossio
2480 371 2547 425 de
2577 369 2712 425 llist.
2747 369 2865 425 Lat.
2918 370 2955 424 I.
3004 384 3061 435 tt,
3088 386 3208 441 cap.
3237 372 3331 437 25,
3380 384 3435 428 et
3479 376 3617 433 inter

417 460 470 515 4.
502 459 763 529 Equidem
791 460 1048 532 Mayansii
1085 460 1380 516 doctrinam
1411 474 1474 516 ac
1512 458 1769 529 judicium
1807 459 1927 528 plu-

348 550 468 606 rimi
493 552 653 617 facio,
696 550 791 606 sed
819 565 1009 606 vereor
1036 565 1106 605 ne
1152 549 1490 604 falsariorum
1519 548 1791 603 fraudibus
1826 547 1926 601 im-

346 639 556 695 modice
587 640 844 700 irritatus,
893 640 943 691 in
991 638 1317 692 contrariam
1372 645 1581 707 portent
1637 636 1927 707 aliquando

346 729 719 800 propenderit,
750 736 829 791 ut,
851 728 939 781 ubi
971 727 1113 782 nulla
1159 737 1242 783 est
1272 726 1433 791 fraus,
1459 727 1700 783 fraudem
1750 727 1927 783 inesse

345 818 713 873 atlirmaverit.
777 817 854 872 De
926 818 1234 873 recentibus
1278 818 1492 888 quidem
1548 817 1927 873 cbronicorum

346 908 655 962 architectis
691 910 797 978 18
843 908 975 961 nihil
1023 922 1156 963 sane
1183 916 1291 974 est,
1310 924 1407 963 cur
1425 908 1717 976 quidquam
1747 907 1927 977 suspi-

345 1008 517 1063 cetur,
566 1014 689 1054 cum
737 999 1055 1069 pramotatio
1107 999 1307 1054 Braulii
1355 999 1408 1054 in
1461 998 1786 1054 membranis
1811 997 1932 1052 sine

345 1089 715 1144 controversia
756 1090 1147 1158 antiquioribus
1174 1088 1495 1159 reperiatur.
1526 1088 1783 1159 Bayerius
1811 1087 1930 1156 qui-

345 1181 466 1234 dem
516 1196 623 1235 non
676 1182 950 1251 exprimit,
984 1190 1119 1250 quot
1165 1195 1291 1236 mss.
1341 1178 1572 1235 Codices
1619 1179 1833 1245 viderit,
1876 1177 1929 1232 in

344 1268 540 1337 quibus
581 1268 632 1323 id
657 1284 795 1338 opus
833 1269 1105 1323 Braulioni
1142 1268 1461 1324 ascribatur.
1514 1267 1683 1341 Paulo
1721 1276 1849 1322 ante
1878 1267 1931 1321 in

346 1366 461 1413 not.
513 1357 582 1411 ad
633 1364 783 1412 num.
822 1357 930 1413 245
972 1357 1159 1422 refert,
1217 1358 1270 1413 in
1320 1356 1676 1412 Escurialensi
1729 1356 1931 1412 Codice

343 1447 548 1502 recenti
604 1447 843 1517 quidem,
895 1446 991 1503 sed
1019 1461 1051 1502 e
1075 1455 1259 1502 vetere
1290 1447 1397 1501 alio
1420 1446 1690 1517 descripto
1717 1456 1932 1501 exstare

343 1535 650 1604 digramm.,
700 1545 754 1591 et
782 1536 918 1607 plut.
956 1535 1010 1589 4.
1056 1552 1110 1591 n.
1135 1537 1227 1602 25,
1257 1536 1550 1591 Braulionis
1589 1536 1933 1603 Caesaraugu-

345 1628 488 1681 stani
506 1628 824 1682 additionem
842 1629 913 1683 ad
935 1628 1125 1683 librum
1144 1629 1339 1683 Isidori
1356 1629 1417 1683 de
1450 1628 1589 1683 Viris
1610 1627 1929 1694 Illustribus,

2033 460 2135 514 alia
2166 461 2233 515 de
2256 462 2646 530 prmnotatione
2671 478 2684 514 :
2718 459 2952 527 Braulio,
2979 463 3064 515 cui
3086 479 3196 531 prie
3222 463 3460 519 omnibus
3488 468 3616 534 ﬁdes

2030 549 2207 604 haberi
2227 551 2394 605 debet.

2100 640 2155 693 ’7.
2196 639 2367 703 Quale
2389 650 2560 694 autem
2581 640 2710 694 illud
2734 650 2833 707 est,
2858 642 3033 710 pergit
3061 652 3249 697 contra
3282 642 3621 702 Pellizeriutn

2028 728 2143 785 Nic.
2195 731 2491 794 Antonius,
2540 733 2675 803 quod
2722 749 2788 785 ea:
2837 733 3055 788 adverso
3113 734 3619 805 nobiscpponitur?

2032 820 2397 887 Braulionem,
2453 824 2498 876 si
2543 832 2723 876 auctor
2758 833 2891 877 esset
2938 828 3363 892 prsenotationis,
3408 830 3623 883 minime

2029 911 2535 965 accommodaturum
2579 912 2654 982 (in
2677 929 2816 966 more
2839 915 2972 967 enim
3003 915 3095 968 hoc
3125 932 3227 969 non
3256 916 3444 970 habent
3470 918 3617 971 Chri-

2029 1001 2187 1053 stiani
2216 1000 2564 1068 enromiaslw)
2605 1009 2785 1055 sancto
2816 1000 3021 1057 Isidoro
3048 1004 3303 1058 ethnicum
3331 1005 3479 1068 illud,
3526 1023 3617 1060 seu

2032 1092 2459 1161 philosOphicum,
2484 1100 2540 1143 ut
2567 1100 2732 1155 vocat,
2760 1093 3000 1162 elogium,
3032 1095 3167 1164 quod
3196 1112 3375 1164 nempe
3421 1094 3621 1150 Tullius

2033 1180 2096 1232 de
2142 1178 2219 1232 Μ.
2282 1178 2522 1234 Terentio
2574 1179 2808 1234 Varrone
2855 1179 3211 1244 Qusestionum
3266 1184 3436 1253 primo
3488 1185 3619 1240 libro

2032 1268 2453 1321 Academicorum
2482 1279 2717 1339 usurpat,
2738 1278 2786 1322 et
2806 1272 3063 1339 superiori
3085 1274 3252 1342 capite
3282 1274 3616 1329 adduximus.

2033 1357 2331 1413 Braulionis
2376 1376 2503 1413 sane
2546 1360 2709 1428 ipsius
2759 1361 2949 1425 studia,
3001 1373 3050 1415 et
3090 1365 3266 1433 genius
3314 1366 3620 1418 convincunt

2034 1452 2187 1519 plane
2232 1459 2306 1505 ntt
2370 1468 2485 1505 eum
2551 1454 2778 1519 potuisse
2844 1454 3235 1523 disciplinarum
3292 1458 3619 1511 saecularium

2036 1541 2361 1604 testimoniis,
2410 1558 2541 1612 quas
2576 1544 2630 1596 in
2674 1544 2985 1614 prcfatione
3013 1547 3129 1599 vita:
3151 1545 3213 1600 S.
3246 1544 3526 1601 xEmiliani
3554 1564 3621 1601 ea:

2035 1642 2183 1704 parte
2208 1649 2264 1686 se
2286 1634 2519 1703 attigisse
2565 1634 2789 1688 modeste
2823 1637 3057 1705 agnoscit
3084 1654 3097 1689 :
3128 1653 3221 1690 nec
3253 1640 3423 1691 minus
3450 1639 3501 1691 in
3524 1655 3621 1690 usu

344 1718 485 1787 quod
506 1727 590 1773 est
610 1719 846 1790 ‘ipsamet
872 1721 1210 1790 przenotatio,
1239 1719 1332 1778 sed
1361 1736 1393 1775 a
1423 1718 1649 1791 Bayerio
1677 1729 1928 1790 tanquam
1966 1732 2008 1790 Β
2036 1724 2274 1777 habuisse
2310 1740 2328 1777 :
2355 1726 2442 1792 qui
2480 1724 2534 1777 in
2581 1724 2759 1778 eadem
2788 1726 2904 1779 vita:
2931 1728 3243 1795 prcfatione
3291 1729 3450 1801 utitur
3476 1745 3625 1783 versu

344 1808 545 1877 aliquid
566 1808 635 1863 ab
662 1824 727 1864 ea
755 1809 1027 1864 diversum
1050 1810 1261 1865 videtur
1287 1811 1579 1866 recenseri.

416 1896 473 1952 5.
503 1897 690 1967 Neque
744 1914 874 1954 vero
918 1898 1176 1970 Bayerius
1228 1901 1487 1954 memoria
1518 1899 1759 1967 tenebat,
1786 1913 1935 1968 quac-

342 1990 575 2048 stionem
628 1992 770 2046 hanc
820 1981 994 2061 ipsam
1019 1991 1090 2046 de
1131 1992 1525 2061 prarnotatione
1574 1991 1875 2046 Braulionis
1902 2006 1934 2045 a

344 2079 462 2135 Nic.
491 2081 730 2137 Antonio
772 2080 935 2137 fuisse
964 2081 1244 2150 agitatam,
1276 2086 1625 2151 rationesque
1662 2080 1934 2137 Pellizerii

342 2178 531 2227 contra
558 2186 680 2226 eam
730 2171 949 2238 dilutas,
1003 2172 1326 2241 astipulante
1365 2172 1419 2226 in
1461 2172 1603 2226 notis
1629 2171 1934 2227 eodemmet

342 2262 590 2335 Bayerio.
616 2263 907 2318 Audiamus
933 2263 1048 2319 Nic.
1080 2265 1374 2318 Antonium
1400 2263 1437 2318 l.
1470 2280 1524 2331 v,
1554 2278 1603 2319 c.
1632 2262 1685 2327 4,
1710 2279 1764 2319 η.
1794 2262 1929 2317 l25:

344 2352 613 2409 Habemus
629 2356 764 2407 enim
787 2352 1141 2417 Braulionem,
1164 2365 1433 2421 utrumque
1458 2370 1583 2422 opus
1610 2355 1744 2407 inter
1765 2355 1931 2408 nostri

344 2441 580 2512 (lsidori)
635 2443 744 2495 alia
780 2449 1147 2496 recensentem.
1182 2442 1282 2507 Qui
1324 2442 1462 2493 enim
1510 2438 1936 2511 approbabimus,

343 2547 450 2585 non
496 2532 767 2601 scripsisse
816 2530 951 2583 hunc
995 2545 1111 2583 eam
1163 2530 1591 2598 prtenotationem
1622 2528 1685 2583 S.
1738 2527 1937 2583 Isidori

344 2620 615 2686 fibrarum,
634 2620 773 2690 quod
790 2622 844 2674 in
867 2620 1097 2674 animum
1123 2619 1220 2673 sibi
1242 2620 1384 2689 prius
1405 2618 1693 2683 inductum,
1712 2620 1937 2674 alterum

344 2709 592 2764 adversus
643 2710 1017 2779 possessionem
1064 2708 1400 2779 Hispalensis
1440 2710 1592 2763 telum
1624 2708 1936 2765 Pellizerius

343 2800 597 2854 uibrauit!
636 2799 870 2854 Primum
895 2800 991 2871 (ita
1019 2799 1117 2870 est)
1149 2800 1463 2870 prtenotatio
1491 2800 1593 2853 ista
1620 2802 1675 2853 in
1706 2802 1933 2855 editione

343 2887 644 2945 Natritensi
696 2890 861 2944 lucem
890 2891 1048 2953 vidit;
1079 2890 1171 2943 sed
1211 2906 1275 2944 ea:
1316 2891 1539 2960 antiquis
1590 2890 1755 2956 libris,
1805 2908 1933 2961 quos

344 2980 552 3048 optima:
573 2990 712 3034 nota:
734 2980 1100 3033 consuluerunt
1121 2980 1175 3032 hi
1194 2981 1281 3048 qui
1309 2980 1451 3049 apud
1476 2997 1569 3033 nos
1590 2997 1770 3034 curam
1814 2982 1932 3036 edi-

345 3070 499 3124 tionis
528 3070 766 3124 habuere.
800 3070 979 3141 Stylus
1010 3087 1208 3142 quoque
1234 3071 1401 3136 istius,
1421 3088 1523 3141 qua
1542 3072 1668 3125 vixit
1692 3070 1929 3140 Braulio,
1956 3094 2004 3156 ο

343 3161 512 3215 atatis
550 3170 809 3221 auctorem
857 3161 1031 3231 prodit
1061 3178 1079 3215 :
1109 3177 1202 3215 nec
1230 3161 1497 3216 dissimilis
1525 3170 1601 3215 est
1628 3162 1692 3215 ab
1721 3178 1802 3232 eo,
1832 3179 1931 3231 quo

344 3254 537 3323 scripta
577 3252 642 3307 ab
687 3255 865 3309 eodem
911 3254 1195 3309 Braulione
1232 3253 1497 3319 habemus,
1529 3271 1643 3307 cum
1673 3254 1845 3307 Vitam
1867 3255 1929 3310 S.

342 3343 646 3410 (Emiliani,
698 3354 806 3400 tum
856 3348 1100 3417 hymnum
1154 3350 1209 3401 in
1246 3349 1479 3419 ejusdem
1522 3348 1747 3415 laudem,
1796 3350 1934 3421 quod

344 3439 507 3509 (forte
531 3443 639 3512 qui)
671 3442 925 3497 breviario
953 3442 1193 3509 Gothico,
1220 3448 1326 3500 sive
1356 3444 1655 3501 Isidoriano
1685 3450 1934 3502 insertum

345 3531 508 3601 (forte
530 3532 775 3601 insanis)
800 3533 1005 3603 legitur,
1036 3543 1087 3588 et
1104 3535 1376 3606 epistolas,
1398 3552 1512 3607 qua:
1532 3551 1647 3591 cum
1673 3536 1931 3594 Isidoria-

344 3622 426 3674 nis
449 3621 602 3676 edita:
627 3633 769 3677 sunt.

417 3710 473 3765 0.
523 3712 731 3767 Nollem
762 3725 870 3769 tam
912 3716 1148 3772 liberalis
1182 3717 1369 3775 fuisset
1399 3719 1512 3776 Nic.
1560 3722 1828 3777 Antonius
1875 3734 1935 3777 ut

345 3804 676 3857 concesserit
700 3808 1143 3873 prmnotationem
1185 3809 1482 3866 Braulionis
1504 3813 1734 3881 primum
1759 3814 1935 3868 lucem

348 3892 544 3947 vidisse
592 3892 649 3947 in
696 3893 933 3951 editione
990 3897 1307 3965 Matritensi,
1341 3901 1444 3956 hoc
1476 3911 1559 3957 est
1594 3919 1744 3959 anno
1778 3902 1933 3959 1599.

347 3980 480 4042 Eam
509 3985 653 4040 enim
683 3985 1017 4055 Margarinus
1048 3988 1117 4044 de
1144 3990 1194 4044 la
1224 3989 1391 4060 Bigne
1421 4008 1531 4047 sum
1554 3995 1773 4047 editioni
1806 4008 1935 4060 ope-

346 4090 465 4129 rum
494 4075 683 4131 lsidori
726 4079 1002 4147 prmmisit,
1032 4077 1251 4147 Parisiis
1280 4097 1423 4133 anno
1454 4080 1588 4135 1580
1613 4089 1930 4147 procurata).

347 4165 488 4232 Quin
534 4176 590 4221 et
633 4167 815 4222 ltalice
858 4169 1131 4236 prodierat
1159 4169 1482 4221 Prtenotatio
1526 4167 1828 4221 Brauliouis
1881 4169 1932 4222 in

347 4260 595 4313 versione
631 4258 814 4312 Italica
843 4257 1278 4327 Synonymorum
1323 4272 1466 4311 anno
1516 4257 1674 4325 1570,
1722 4258 1791 4312 de
1828 4275 1933 4328 qua

347 4363 529 4401 sermo
553 4362 675 4417 cap.
708 4347 775 4401 70
805 4356 1064 4403 recurret.
1093 4332 1352 4418 Bayerius
1380 4349 1434 4401 in
1457 4357 1583 4403 nota
1611 4350 1885 4419 subjungit
1915 4368 1929 4405 :

350 4440 413 4493 Si
440 4436 534 4491 alii
579 4437 813 4492 deessent
844 4454 1038 4501 ctnnes,
1088 4454 1222 4492 unus
1252 4437 1630 4493 Escurialensis
1659 4441 1821 4494 codex
1851 4442 1929 4495 lit.
1966 4461 2016 4520 ι)

351 4529 398 4594 ρ
446 4531 576 4602 plut.
609 4546 671 4598 tt,
698 4546 839 4584 num.
871 4528 960 4591 24,
994 4545 1102 4584 aera
1127 4529 1253 4596 781,
1300 4530 1404 4582 sive
1432 4528 1620 4582 Christi
1651 4546 1789 4583 anno
1831 4531 1937 4585 7i3

350 4622 596 4688 scriptus,
628 4621 682 4673 in
710 4636 811 4691 quo
842 4619 1135 4674 Braulionis
1168 4619 1499 4688 pra'notatio,
1525 4630 1574 4672 et
1604 4620 1655 4673 in
1680 4636 1741 4673 ea
1768 4619 1932 4676 Chro-

351 4712 477 4775 nici,
532 4711 596 4765 de
631 4728 732 4781 quo
775 4711 1007 4781 agimus,
1064 4708 1272 4765 Isidoro
1320 4709 1629 4779 Ilispalcnsi
1671 4713 1936 4769 attributio

355 4803 565 4857 totidem
614 4811 765 4872 atque
807 4802 946 4873 apud
994 4801 1272 4867 Grialium,
1316 4802 1542 4872 ipsisque
1581 4804 1745 4858 verbis
1783 4807 1937 4872 plane

354 4909 464 4948 rem
508 4894 799 4963 conﬁceret.
850 4892 1039 4950 Plures
1084 4894 1221 4968 alios
1264 4893 1498 4959 codices,
1552 4894 1606 4948 in
1632 4895 1825 4964 quibus
1872 4912 1936 4951 ea

356 4983 681 5039 Praenotatio
726 4983 940 5053 legitur,
968 4992 1096 5040 ante
1123 5000 1324 5039 annum
1362 4983 1561 5039 Christi
1601 4986 1940 5041 millesimum

363 5078 467 5149 19
505 5086 755 5133 exaratos
779 5077 885 5132 alio
915 5077 1036 5133 loco
1075 5086 1258 5132 narrat
1303 5093 1363 5133 se
1390 5077 1607 5142 vidisse,
1636 5079 1843 5134 scilicet
1890 5080 1941 5133 in

360 5175 477 5224 net.
507 5166 575 5220 ad
617 5181 737 5237 cap.
771 5166 822 5232 ι,
856 5168 894 5221 1.
924 5183 978 5232 v,
1009 5184 1062 5221 n.
1094 5168 1182 5222 95.
1234 5167 1502 5223 Exscribit
1541 5168 1733 5224 deinde
1779 5169 1940 5223 verba

361 5254 554 5312 Oudini
596 5271 662 5311 ex
706 5256 964 5327 peculiari
999 5256 1377 5313 dissertatione
1401 5258 1470 5312 de
1497 5257 1725 5328 Scriptis
1752 5258 1811 5312 S.
1842 5258 1941 5314 lsi-

362 5349 480 5403 dori
527 5346 857 5417 llispalensis
893 5348 1090 5404 szeculo
1132 5364 1227 5412 vn,
1270 5356 1402 5403 tom.
1454 5347 1498 5413 l,
1536 5349 1641 5404 col.
1672 5348 1830 5403 1585.
1862 5351 1943 5403 Ad

366 5437 703 5492 indicandum
722 5448 857 5493 recte
879 5438 944 5491 de
971 5440 1208 5507 operibus
1234 5440 1365 5493 veris
1390 5447 1439 5492 et
1477 5440 1701 5493 indubiis
1742 5439 1804 5494 S.
1837 5438 1944 5494 Isi-

367 5528 480 5582 dori
525 5527 855 5598 Hispalensis
896 5529 1285 5598 archiepiscopi,
1323 5531 1662 5583 necessarium
1697 5530 1822 5584 duri
1866 5532 1947 5584 hic

371 5620 679 5686 pra’mittere
698 5619 1125 5686 pra'notationem
1152 5618 1395 5672 librorum
1442 5619 1577 5671 illius
1607 5636 1637 5670 a
1670 5617 1947 5674 Braulione

371 5706 836 5779 Cttsaraugustauo
891 5710 1130 5781 episcopo
1185 5708 1395 5765 editam.
1466 5706 1621 5764 Addit
1674 5708 1837 5780 plura
1881 5725 1948 5767 ex

2035 1816 2136 1869 isto
2158 1815 2452 1884 cujusdam,
2475 1823 2530 1868 ut
2558 1816 2652 1879 ait,
2685 1826 2907 1869 veterum
2927 1827 3196 1882 poetarum
3221 1834 3240 1872 :

2159 1904 2264 1952 Hoc
2280 1918 2422 1962 Opus,
2450 1904 2542 1954 hoc
2565 1908 2750 1954 etenim
2775 1905 2933 1954 farssn
2958 1921 3035 1955 me
3058 1908 3320 1958 subtrahet
3344 1911 3460 1969 igni.

2037 1985 2482 2054 Appositissimum
2527 1999 2779 2056 prwterea
2832 1996 2947 2051 est,
3010 1986 3318 2060 Isidoroque
3364 1990 3622 2060 applicari

2036 2079 2365 2132 sanctissimo
2405 2076 2817 2133 Christianorum
2872 2077 3099 2134 Varroni
3142 2098 3355 2149 prorsus
3409 2082 3620 2152 dignum

2034 2177 2174 2220 vetus
2218 2166 2368 2234 illud,
2418 2165 2654 2222 Romano
2702 2167 2828 2221 olim
2879 2167 3070 2221 dictum
3117 2185 3151 2221 a
3201 2168 3445 2223 Cicerone
3475 2185 3494 2223 :
3524 2187 3623 2238 par

2035 2259 2298 2330 utriusque
2347 2258 2576 2312 studium
2626 2258 3043 2327 indagandarum
3095 2259 3349 2329 originum
3374 2298 3390 2323 ,
3434 2276 3532 2326 par
3573 2266 3630 2313 et

2034 2348 2171 2400 circa
2194 2348 2329 2400 idem
2359 2357 2715 2417 argumentum
2741 2363 2851 2401 sese
2880 2347 3104 2415 prodens
3129 2348 3389 2400 doctrina.

2105 2438 2160 2489 8.
2208 2435 2493 2506 Sapienter
2545 2437 2658 2490 lucc
2712 2435 2825 2490 Nic.
2877 2437 3143 2492 Antonius
3191 2438 3437 2492 edisserit
3476 2456 3489 2491 :
3528 2440 3623 2509 qui

2035 2534 2217 2581 tamen
2272 2526 2412 2580 inter
2462 2526 2864 2596 disciplinarum
2912 2526 3252 2580 smcularium
3316 2528 3620 2583 testimonia

2034 2634 2141 2671 non
2170 2616 2353 2671 debuit
2378 2632 2587 2672 versum
2618 2617 2765 2670 illum
2793 2616 2910 2670 lloc
2932 2633 3077 2685 opus,
3102 2626 3235 2681 etc.,
3264 2615 3465 2672 referre
3493 2636 3506 2669 :
3538 2625 3622 2673 est

2032 2710 2179 2763 enim
2204 2722 2394 2764 versus
2415 2707 2735 2763 sanctissimi
2766 2717 2937 2778 poetae
2965 2706 3185 2763 iuvenci
3213 2708 3266 2761 in
3292 2710 3519 2777 prologo
3550 2710 3619 2764 ad

2034 2813 2257 2853 carmen
2271 2797 2593 2865 evangelicm
2620 2796 2881 2862 historiae,
2905 2797 2975 2850 ab
2996 2796 3117 2850 aliis
3141 2795 3334 2851 deinde
3355 2796 3620 2851 Christia-

2034 2887 2116 2940 nis
2138 2886 2487 2956 scriptoribus
2511 2887 2569 2940 in
2591 2901 2811 2941 suorum
2838 2901 3064 2955 operum
3109 2885 3537 2955 prmfationibus,
3565 2897 3621 2944 ut

2034 2979 2101 3032 ab
2121 2979 2366 3041 Alcuino,
2384 2992 2438 3033 et
2456 2976 2681 3046 Eulogio
2697 2977 3051 3041 Cordubensi,
3084 2986 3371 3045 usurpatos
3390 2994 3403 3031 :
3420 2978 3488 3033 de
3503 2979 3623 3047 qui.

2036 3070 2135 3123 bus
2162 3068 2270 3122 dixi
2302 3068 2351 3121 in
2378 3074 2490 3122 not.
2520 3067 2586 3121 ad
2609 3082 2659 3121 v.
2685 3065 2753 3121 50
2787 3066 2823 3119 l.
2856 3083 2871 3121 ι
2899 3064 3142 3130 iuvenci,
3173 3076 3228 3121 et
3251 3066 3363 3135 jam
3386 3076 3513 3123 ante
3536 3067 3619 3121 in-

2037 3156 2228 3211 dicavi.
2265 3155 2515 3210 Fortassc
2538 3155 2703 3210 etiam
2732 3154 2949 3209 Braulio
2974 3169 3043 3209 ex
3071 3153 3371 3223 Augustino
3418 3156 3620 3224 potius,

2037 3247 2126 3317 qui
2157 3245 2431 3301 Ciceronis
2460 3246 2623 3301 verba
2654 3246 2687 3298 l.
2721 3261 2774 3298 vr
2802 3245 2869 3299 de
2894 3243 3052 3300 Civit.
3085 3243 3199 3311 Dei,
3223 3259 3343 3313 sap.
3387 3244 3441 3308 ‘2,
3474 3244 3621 3299 adbi-

2037 3337 2174 3401 buit,
2198 3352 2358 3404 quam
2395 3351 2463 3390 ex
2505 3336 2621 3405 ipso
2668 3334 2931 3390 Cicerone
2976 3335 3209 3404 elogium
3240 3335 3496 3391 Varronis
3538 3334 3625 3390 (ιο.

2035 3428 2288 3496 sumpsit,
2323 3435 2378 3481 ut
2407 3425 2611 3481 Isidoro
2639 3426 3094 3481 accommodaret.
3122 3426 3200 3481 Ac
3230 3426 3541 3491 notandum,
3574 3427 3626 3482 in

2037 3519 2308 3574 nonnullis
2337 3518 2665 3573 editionibus
2706 3518 2847 3587 apud
2879 3518 3234 3585 Augustinum
3280 3518 3383 3585 legi
3413 3532 3629 3586 quoque

2037 3619 2091 3663 tu
2136 3610 2357 3673 sedium,
2388 3610 2481 3663 sed
2512 3609 2563 3662 in
2596 3609 2863 3677 plerisque
2892 3622 3019 3661 mss.
3071 3617 3122 3660 tu
3173 3608 3363 3668 sedem,
3406 3616 3463 3660 ut
3488 3607 3629 3677 apud

2035 3697 2376 3754 Ciceronem.
2409 3698 2662 3763 Quasdam
2694 3698 2855 3751 etiam
2885 3712 2951 3752 ex
2980 3696 3063 3758 iis,
3087 3711 3206 3763 quae
3229 3713 3376 3750 nunt.
3403 3697 3469 3749 10
3490 3697 3629 3751 refe-

2037 3806 2176 3855 ram,
2210 3788 2424 3841 Braulio
2445 3803 2513 3841 ex
2539 3786 2596 3839 S.
2631 3784 2976 3854 Hieronymo,
3008 3791 3066 3838 ut
3093 3784 3344 3847 arbitror,
3377 3787 3626 3855 sumpsit.

2108 3881 2215 3950 20
2244 3879 2297 3932 9.
2354 3879 2421 3931 l't
2473 3874 2879 3945 responsionem
2911 3874 3026 3928 Nic.
3057 3874 3275 3929 Antonii
3322 3877 3621 3940 continuet,

2038 3970 2185 4022 addit
2232 3969 2283 4019 in
2333 3975 2458 4019 nota
2512 3963 2809 4032 Bayerius,
2854 3962 3099 4019 Tulliano
3151 3964 3405 4023 Varronis
3451 3968 3628 4037 elogio

2037 4056 2195 4120 longe
2237 4052 2491 4121 superius
2536 4065 2678 4115 esse,
2710 4051 2854 4119 quod
2894 4066 2924 4105 a
2954 4061 3172 4108 centum
3203 4054 3314 4109 fere
3362 4054 3628 4123 Hispania:

2038 4141 2305 4205 Patribus,
2328 4150 2383 4195 et
2406 4142 2717 4211 proceribus
2742 4142 2975 4197 unanimi
3003 4146 3245 4198 omnium
3274 4148 3627 4202 consensione

2037 4233 2089 4286 in
2136 4247 2227 4285 vni
2259 4230 2515 4285 Toletona
2554 4229 2762 4299 synodo
2794 4231 2877 4284 tit.
2905 4229 2959 4297 2,
2991 4246 3045 4285 n.
3098 4231 3186 4299 32,
3222 4234 3396 4287 eidem
3436 4245 3628 4290 saneto

2035 4322 2245 4376 doctori
2262 4321 2384 4387 jure
2411 4335 2471 4373 ac:
2503 4321 2697 4373 merito
2721 4320 2977 4375 tributum
3009 4322 3231 4392 legimus
3263 4339 3276 4373 :
3311 4322 3447 4386 Quid
3465 4326 3619 4395 quod,

2038 4411 2335 4481 subjuugit,
2368 4409 2650 4463 Varronem
2678 4408 2859 4464 Cicero
2896 4411 2949 4464 in
2974 4411 3294 4464 Academicis
3322 4422 3625 4481 prcesentem

2038 4518 2267 4573 prwsens
2307 4500 2623 4571 alloquitur?
2652 4499 2868 4553 Braulio
2913 4504 3220 4555 exstinctum
3258 4518 3419 4570 nuper
3450 4501 3621 4557 1δίάο-

2039 4608 2151 4646 rem
2177 4592 2335 4655 dolet,
2386 4607 2534 4660 quem
2562 4591 2806 4643 viventem
2852 4593 3001 4643 unice
3028 4591 3300 4643 dilexerat.
3337 4589 3463 4654 Quis
3509 4610 3624 4648 vero

2038 4692 2144 4736 tam
2191 4682 2335 4735 chori
2376 4682 2560 4750 capitis
2590 4682 2845 4736 desiderio
2886 4681 3052 4748 pudor
3079 4692 3229 4742 esset,
3272 4692 3361 4734 aut
3404 4683 3626 4738 modus!

2040 4772 2181 4826 Illud
2214 4782 2400 4837 tamen,
2447 4771 2636 4842 inquis,
2668 4771 2733 4823 ab
2760 4772 2962 4824 ctlmico
2991 4774 3294 4841 profectum.
3340 4771 3482 4826 Esto.
3515 4773 3627 4828 Sed

2038 4880 2130 4917 cur
2150 4879 2252 4916 non
2276 4862 2409 4914 idem
2437 4862 2492 4914 in
2527 4860 2746 4926 Basilio,
2773 4859 3130 4928 Nazianzeno,
3162 4860 3501 4932 Hieronymo,
3522 4864 3626 4917 imo

2043 4966 2091 5008 et
2120 4957 2173 5008 in
2197 4953 2367 5008 Paulo
2396 4952 2856 5023 reprehendimus?

2295 5077 2309 5091 .
2333 5078 2346 5091 .
2377 5081 2388 5091 .
2419 5079 2431 5090 .
2460 5078 2471 5090 .
2496 5042 2540 5092 li
2558 5044 2778 5090 ubitarunt
2801 5040 2866 5089 dii
2890 5053 3085 5102 quoque
3108 5040 3285 5101 silvas,

2294 5106 2660 5166 Dardaniusque
2690 5102 2841 5151 Paris.

2046 5186 2226 5243 Potuit
2253 5202 2377 5242 cum
2426 5186 2544 5240 aliis
2572 5183 2834 5238 nominari
2872 5184 3218 5251 Augustinus,
3266 5184 3377 5251 qui,
3408 5190 3466 5236 ut
3494 5184 3625 5247 dixi,

2045 5287 2171 5333 ante
2198 5276 2536 5332 Braulionem
2567 5274 2922 5329 Ciceroniaua
2963 5274 3074 5343 ipsa
3102 5273 3169 5330 de
3197 5273 3434 5329 Varmne
3464 5275 3625 5329 verba

2048 5369 2101 5423 in
2123 5384 2272 5423 suam
2300 5366 2619 5423 sententiam
2653 5364 2893 5419 adduxit.
2944 5363 3123 5418 Potuit
3154 5364 3316 5417 etiam
3342 5379 3409 5419 ex
3433 5365 3616 5419 multo-

2049 5474 2166 5512 rum
2208 5457 2461 5528 opinione
2488 5455 2676 5519 asseri,
2703 5454 3041 5509 Braulionem
3096 5453 3280 5508 lsidori
3308 5453 3625 5523 discipulum

2050 5548 2229 5612 fuisse,
2261 5547 2505 5615 adeoque
2536 5546 2760 5601 libenter
2786 5542 2941 5609 hujus
2962 5542 3143 5597 laudes
3169 5556 3532 5612 exaggerasse.
3561 5544 3625 5599 Et

2054 5638 2246 5693 Riscus
2274 5638 2485 5704 quidem
2516 5644 2647 5691 tom.
2703 5632 2849 5687 ΧοΧΧ
2881 5632 3027 5700 llisp.
3069 5646 3205 5688 sacr.
3236 5650 3352 5704 cap.
3404 5633 3457 5698 7,
3489 5649 3542 5686 n.
3570 5634 3622 5699 6,

2052 5738 2212 5787 tract.
2244 5728 2330 5801 66,
2377 5744 2443 5787 ex
2494 5726 2683 5785 lsidori
2710 5723 2905 5782 litteris
2928 5723 2995 5780 ad
3016 5722 3357 5782 Braulionem
3400 5722 3623 5794 colligit,

4002 112 4020 415 ἶ

4015 580 4022 821 l
