4060 6198
428 231 503 287 25
1526 227 1940 287 ISIDORIANA.
1979 228 2249 288 —rtlns
2279 230 2318 287 ι.
2359 232 2509 291 (ιλιι.
2553 232 2641 289 IV.
2707 212 2711 217 ’
3638 245 3709 301 26

428 348 691 408 Isidorum
738 343 1036 401 Braulionis
1067 344 1230 400 fuisse
1257 345 1594 415 magistrum.
1642 347 1710 403 At
1758 364 1936 418 neque
1962 349 2017 404 in
2047 346 2091 405 Α
2123 358 2292 400 nem:
2337 346 2391 402 in
2441 363 2562 404 eam
2620 357 2799 407 tamen
2854 365 2988 408 casu
3052 368 3113 411 se
3160 354 3407 412 incidisse
3454 359 3511 415 in
3563 362 3713 429 regio

429 437 670 509 epistolis
697 434 886 490 lsidori
929 434 997 488 ad
1028 433 1389 501 Braulionem,
1431 451 1605 505 neque
1636 438 1688 491 in
1717 438 1834 493 aliis
1859 436 2019 505 hujus

428 527 496 581 ad
526 526 675 580 illum
710 523 915 578 mentio
940 523 1047 577 ulla
1083 524 1140 576 lit
1165 524 1280 593 ejus
1310 526 1600 594 magisterii
1635 544 1647 580 ε
1678 528 1826 595 quod
1857 528 2011 581 silen-

429 618 559 672 tium
589 617 641 669 in
672 613 1000 668 contrariam
1030 614 1355 668 sententiam
1403 616 1579 685 potius
1607 633 1706 672 nos
1729 618 1876 673 duc't
1909 636 1922 671 :
1956 633 2019 673 ac

425 708 598 765 solum
627 720 695 759 ex
742 704 823 757 his
847 703 1090 773 epistolis
1118 713 1331 760 constat
1360 705 1726 773 Braulionem,
1770 717 1823 762 et
1852 707 2020 761 Isido-

310 798 315 801 ⁸
427 815 544 854 rum
576 794 873 864 aliquando
900 794 1059 849 simul
1088 795 1251 852 fuisse
1281 809 1650 855 conversatos.
1708 799 1895 854 Melius
1927 799 2017 853 lti-

426 906 551 945 scus
596 889 883 944 Martinum
915 887 1204 943 Carrillum
1251 890 1450 969 rejicit,
1490 893 1609 966 qui.
1628 893 2014 958 aflirmaverat,

427 979 768 1035 Braulionem
827 976 1096 1035 lldefonso
1147 981 1405 1051 magistro
1454 998 1610 1037 usum
1667 984 1875 1039 fuisse:
1910 1000 2016 1038 non

426 1072 570 1127 enim
607 1077 824 1126 constat
868 1078 1170 1138 temporum
1213 1074 1373 1129 ratio.
1417 1075 1633 1131 Braulio
1662 1077 1776 1147 ipse
1803 1077 1856 1130 in
1898 1075 2016 1145 epi-

426 1162 566 1218 stola
595 1160 921 1216 dedicatoria
952 1161 1073 1215 vitae
1101 1162 1157 1217 S.
1187 1162 1461 1220 λεπιιὶιίαηί
1500 1164 1764 1223 Joannem
1794 1168 2015 1222 fratrem

426 1267 604 1315 suum,
634 1258 691 1305 et
736 1249 1191 1320 prtedecessorem
1232 1263 1433 1310 sancta:
1478 1257 1600 1311 vitie
1649 1257 2018 1326 doctrinaque

427 1341 791 1396 institutorem
838 1340 942 1395 sibi
994 1338 1154 1396 fuisse
1184 1343 1417 1399 allirmat
1445 1363 1459 1399 :
1491 1346 1559 1402 de
1588 1347 1706 1402 aliis
1748 1348 2016 1417 magistris

427 1444 693 1499 nusquam
721 1430 985 1485 meminit.
1011 1430 1211 1488 Confer
1239 1434 1465 1490 dicenda
1492 1452 1613 1507 cap.
1638 1438 1728 1492 20.

497 1520 585 1574 10.
615 1520 802 1575 Fuisse
833 1530 1014 1576 autem
1047 1523 1389 1581 Braulionem
1420 1529 1767 1587 sucularibus
1787 1530 2020 1601 discipli-

425 1608 508 1663 nis
539 1608 827 1675 imbutum,
857 1610 940 1663 vel
986 1619 1134 1666 certe
1183 1622 1429 1669 veterum
1478 1617 1696 1688 scriptis
1744 1621 2015 1675 eruditum

2121 434 2418 493 Matritensi
2486 438 2687 496 Codice
2739 442 3022 499 Variarum
3093 446 3385 501 lectionum
3456 447 3707 505 Roderit-i

2122 527 2367 583 Toletani
2396 572 2412 596 ,
2437 546 2467 585 a
2497 529 2705 588 Joanne
2739 533 2915 604 Lopez
2947 536 3016 589 de
3050 536 3194 591 Leon
3223 553 3366 595 anno
3396 539 3534 595 1566
3560 556 3709 595 com-

2120 619 2307 687 pilato,
2340 620 2432 673 fol.
2462 621 2585 687 lli,
2618 638 2737 693 pag.
2779 624 2815 677 2
2837 666 2852 690 ,
2888 626 3110 681 totidem
3156 636 3318 698 atque
3367 630 3495 699 ipsis
3534 632 3713 687 verbis

2120 720 2281 780 atque
2329 711 2470 781 apud
2520 713 2777 768 Grialium
2822 716 2877 771 in
2925 715 3160 785 Operum
3207 719 3393 775 lsidori
3446 722 3711 790 prologo;

2120 802 2220 857 nisi
2269 803 2415 870 quod
2460 818 2560 875 pro
2602 814 2841 875 quartam
2895 809 3170 863 editionem
3220 810 3492 875 Psalterii,
3546 823 3605 865 ut
3662 814 3714 866 iu

2120 890 2305 945 Grialii
2332 891 2498 958 edito,
2527 902 2765 963 quartam
2810 896 3205 952 translationem
3252 899 3307 953 in
3351 901 3502 968 regio
3528 900 3714 955 Μηνὶ-

2120 981 2258 1035 ιοηςί
2282 979 2481 1036 Codice
2508 981 2723 1049 legitur.
2755 982 2992 1037 Mariana
3018 985 3182 1040 etiam
3210 998 3448 1058 quartam
3473 988 3717 1044 I’salterii

2121 1074 2513 1128 translationem
2568 1074 2805 1143 legerat,
2857 1084 2916 1129 ut
2969 1077 3023 1130 in
3072 1076 3187 1145 ejus
3236 1079 3413 1134 verbis
3458 1080 3709 1134 vidimus.

2119 1163 2507 1231 Rolriguezius
2557 1164 2627 1219 de
2672 1165 2867 1221 Castro
2924 1174 3058 1221 tom.
3090 1164 3135 1220 ll
3204 1166 3461 1222 Bibliotb.
3515 1168 3667 1237 llisp.
3696 1209 3713 1234 ,

2120 1267 2241 1324 pag.
2262 1253 2389 1314 294.
2415 1270 2483 1310 ex
2498 1253 2697 1311 Codice
2718 1254 3100 1321 Escurialensi,
3124 1273 3232 1325 quo
3258 1255 3712 1328 Etymologiarum

2117 1345 2295 1398 versio
2366 1343 2603 1414 Hispana
2680 1346 3027 1411 continetur,
3082 1348 3280 1402 saeculo
3329 1363 3400 1401 xv
3451 1344 3714 1408 exarata,

2117 1434 2364 1491 eamdem
2388 1436 2692 1490 uberiorem
2722 1438 3168 1501 pnenotationem
3198 1452 3450 1492 sermone
3492 1437 3716 1505 antiquo

2117 1525 2356 1595 Hispano
2396 1525 2662 1582 redditam
2706 1528 2930 1599 protulit
2980 1546 2994 1582 :
3046 1529 3279 1599 incipit:
3333 1527 3508 1583 Isidro
3566 1527 3718 1583 noble

2117 1631 2302 1681 varon,
2332 1624 2441 1671 etc.

423 1700 795 1753 demonstrant
840 1700 958 1769 ejus
987 1717 1175 1772 opera,
1224 1721 1288 1761 ac
1342 1710 1639 1777 pnesertim
1683 1712 1907 1781 epistola
1947 1713 2016 1767 ad
2049 1708 2097 1779 Β
2192 1708 2299 1775 22
2342 1704 2430 1760 No
2462 1705 2543 1761 Ad
2584 1706 2723 1762 hanc
2764 1707 3009 1763 eamdem
3056 1707 3249 1763 Isidori
3275 1709 3452 1764 Vitam
3483 1726 3512 1764 2
3548 1710 3717 1764 Bratt-

424 1786 685 1858 Tajonem
732 1791 1125 1862 presbyterum,
1170 1803 1300 1851 tom.
1360 1797 1504 1852 XXX
1535 1801 1803 1870 Hispania:
1851 1819 2017 1859 sacra:

424 1893 546 1949 pag.
571 1876 668 1932 551
704 1895 821 1948 seq.
852 1881 1002 1951 Apud
1028 1894 1075 1936 te
1097 1884 1286 1940 habeas
1314 1883 1502 1957 fixum,
1530 1909 1613 1946 me
1639 1910 1789 1961 posse
1823 1912 2017 1949 remor~

424 1969 565 2032 dere,
598 1967 643 2021 si
663 1969 810 2022 velim
840 1986 859 2023 :
888 1987 1042 2038 posse
1057 1975 1503 2043 genuinumlaesus
1530 1982 1745 2053 infigere
1774 2000 1792 2036 :
1823 1985 1945 2052 quia
1967 1992 2018 2038 et

424 2074 517 2111 nos
532 2059 686 2128 juxta
715 2057 964 2113 Flaccum
985 2062 1260 2119 didicimus
1282 2066 1558 2135 litterulas,
1580 2082 1629 2125 et
1649 2089 1786 2143 saepe
1806 2091 2017 2129 manum

425 2148 605 2214 ferulte
633 2146 1014 2213 subtraximus;
1058 2161 1108 2204 et
1138 2153 1202 2207 de
1230 2156 1377 2210 nobis
1423 2158 1524 2212 dici
1574 2169 1738 2229 potest
1767 2179 1784 2216 :
1813 2161 2018 2218 Fenum

427 2236 577 2290 liabet
600 2237 653 2290 in
674 2254 855 2307 cornu,
877 2240 1031 2311 longe
1053 2244 1174 2313 fuge
1203 2260 1222 2298 .'
1251 2244 1355 2301 into
1384 2248 1515 2302 illud
1546 2249 1891 2321 Virgilianum
1911 2268 1930 2307 :

518 2349 579 2417 ξι
604 2363 693 2417 nos
720 2350 841 2409 tela,
867 2358 1027 2412 pater.
1052 2353 1341 2417 ferrumque
1375 2358 1502 2409 haud
1526 2360 1694 2410 debile
1717 2364 1893 2413 dextra

516 2410 627 2473 Sps:
642 2414 824 2475 gimus,
849 2410 901 2463 et
925 2422 1094 2465 nostro
1109 2410 1334 2480 sequiiur
1357 2421 1423 2471 de
1444 2423 1652 2474 vulnere
1669 2410 1890 2487 sanguis:

424 2515 529 2584 21
558 2511 626 2567 Et
655 2515 816 2584 paulo
846 2524 968 2587 post
992 2557 1005 2570 .

638 2621 714 2672 Ne
738 2623 918 2674 habeat
943 2626 1159 2690 ingratos
1180 2628 1339 2681 fabula
1365 2640 1529 2686 nostra
1550 2637 1704 2699 iocos,

423 2713 700 2769 “cundum
731 2712 990 2781 Ovidium,
1018 2735 1081 2773 oc
1107 2723 1386 2778 secundum
1413 2727 1634 2798 Appium
1668 2730 1909 2784 caninam
1935 2730 2016 2786 vi-

425 2803 636 2858 deamur
659 2820 899 2859 exercere
926 2808 1245 2877 facundiam.
1289 2812 1358 2868 Et
1392 2826 1519 2873 ante
1546 2819 1879 2887 puemisemt
1905 2838 1923 2875 :

670 2914 747 2966 Ne
770 2914 908 2967 faciat
932 2917 1101 2981 longas
1122 2921 1279 2974 fabula
1303 2936 1465 2977 nostra
1489 2942 1666 2979 moras.

493 3001 518 3053 Ι
536 3001 582 3057 l.
627 3002 1011 3095 Difﬁcillimum
1041 3023 1172 3081 ergo
1200 3022 1304 3077 est,
1332 3018 1479 3084 quod
1504 3017 1808 3091 Mayansius
1853 3038 2013 3095 argu-

422 3099 604 3148 menta
651 3093 760 3149 ulla
804 3096 1104 3165 probabilia
1156 3100 1450 3174 invenerit,
1491 3109 1687 3177 quibus
1734 3093 2008 3170 Braulioni

421 3182 755 3250 shjudicetur
814 3187 1137 3256 prtenotatio
1195 3188 1430 3262 Operum
1498 3197 1684 3256 lsidori
1709 3240 1726 3266 ,
1781 3218 1901 3272 quae
1954 3206 2007 3259 in

418 3272 745 3331 membranis
772 3288 804 3327 a
835 3273 1137 3334 Braulionis
1158 3288 1319 3337 :etate
1345 3299 1452 3339 non
1481 3287 1638 3358 longe
1664 3286 2006 3362 distantibus,

420 3357 726 3418 Braulionis
771 3364 992 3419 nomine
1033 3366 1288 3439 inscripta
1316 3357 1602 3444 reperitur.
1635 3377 1765 3445 Qua:
1792 3357 2006 3450 quidem

418 3449 487 3503 de
533 3464 598 3504 ea
645 3453 1038 3520 praenotatione
1081 3454 1320 3527 Operum
1365 3461 1555 3520 lsidori
1602 3466 1745 3523 dicta
1784 3449 2007 3540 intelligi

417 3538 707 3602 volumus,
755 3555 874 3609 quae
917 3544 1117 3599 dudum
1167 3550 1379 3617 vulgata
1409 3564 1528 3621 est,
1577 3568 1633 3613 et
1684 3538 2009 3620 editionibus

417 3627 609 3683 l~idori
662 3630 899 3699 praefixa.
942 3634 1075 3690 Nam
1122 3637 1179 3691 in
1218 3655 1346 3696 mss.
1372 3643 1658 3704 Codicibus
1704 3652 2007 3711 uberiorem

417 3718 579 3771 aliam
609 3728 826 3776 exstare
853 3733 1066 3780 constat
1096 3744 1111 3781 :
1136 3744 1258 3800 quae
1286 3734 1458 3803 qualis
1481 3738 1586 3808 sit,
1618 3757 1761 3800 nunc
1788 3758 2008 3802 accura-

418 3809 526 3865 tius
553 3809 982 3880 investigandum
1014 3826 1118 3874 est.

491 3897 578 3991 t2.
634 3897 869 3991 Grialius
922 3903 976 3958 in
1007 3909 1234 3981 prologo
1278 3913 1344 3969 ad
1400 3917 1659 3978 lectorem
1720 3927 1920 3991 refert,
1971 3946 2002 3985 a

417 3987 686 4082 Cpp-riano
735 3989 977 4082 ξηαπ-ει,
1028 4000 1121 4068 qui
1172 3998 1445 4062 nonnulla.
1485 4026 1646 4082 opera
1696 3987 2002 4074 Isidori'ad

416 4077 707 4135 editionem
733 4079 1097 4141 Matritensem
1126 4097 1458 4164 recognovit,
1490 4077 1543 4153 in
1576 4104 1741 4158 veteri
1767 4107 1998 4175 quadam

417 4164 718 4223 Braulionis
780 4175 1185 4240 pnenotiatione
1251 4179 1483 4252 Operum
1538 4187 1724 4245 lsidori
1783 4164 2000 4264 iepcrta

421 4257 533 4309 tunc
560 4253 724 4312 fuisse
753 4260 938 4329 verba,
964 4279 1083 4333 qua:
1100 4270 1258 4339 vulgo
1275 4273 1685 4334 desiderentur:
1716 4253 1997 4339 Moralium

415 4343 590 4436 libros
602 4342 664 4397 Β.
698 4344 933 4422 Gregorii
960 4366 1111 4426 papa:
1138 4371 1320 4431 rogatu
1350 4370 1707 4436 compendiose
1731 4372 1999 4428 abbrevia-

416 4436 485 4487 vit
509 4450 527 4487 :
551 4434 765 4491 Cantica
775 4445 1094 4500 canticorum
1114 4451 1341 4519 facunda
1351 4434 1673 4526 expositione
1685 4463 1959 4519 clucidarit
1982 4483 2002 4522 :
2032 4437 2077 4495 υ

413 4534 650 4626 qua-rtem
675 4528 952 4587 editionem
970 4534 1216 4593 Psalterii
1237 4544 1433 4599 edidit:
1454 4564 1608 4618 super
1630 4551 1788 4607 libros
1804 4553 2000 4626 Moysi,

412 4614 832 4713 et-l’salterium,
873 4638 923 4680 et
950 4641 1170 4699 quatuor
1210 4614 1849 4713 Evangelia'expositioni
1893 4614 1996 4703 non

412 4704 626 4761 minimo
673 4711 933 4769 insudarit

412 4792 549 4885 civili
570 4797 690 4865 jure
709 4807 1031 4871 permaxima
1051 4818 1333 4882 composuit
1352 4792 1709 4878 instrumentd.
1738 4792 1993 4885 Eamdem

412 5237 657 5350 imiteris:
689 5237 1100 5350 trtiuslationem
1157 5265 1395 5324 edidisse.
1451 5237 1983 5350 confes-epistola";

410 5327 656 5391 Burrielii
687 5340 825 5398 infra
854 5361 973 5417 cap.
1006 5350 1095 5407 40.
1507 5327 1643 5403 -.ν

485 5421 570 5479 13.
610 5427 867 5502 Bayerius
893 5438 944 5492 in
969 5450 1095 5497 nota
1132 5447 1199 5500 ad
1232 5464 1287 5503 n.
1322 5449 1487 5508 1601.
1516 5472 1548 5509 ν
1577 5457 1831 5519 Biblioth.
1860 5465 1977 5523 Vet.

406 5509 560 5613 flisp.
599 5528 860 5594 testatur,
895 5529 1111 5589 incerta:
1157 5539 1378 5608 originis
1421 5545 1617 5602 dudum
1658 5554 1757 5610 sibi
1813 5558 1980 5613 visam

406 5598 569 5667 fuisse
611 5610 914 5677 istiusmodi
961 5626 1256 5687 auctiorem
1311 5630 1609 5695 Braulionis
1637 5650 1981 5713 prsenotatio-

2100 4678 2399 4733 seminasse.

998 4722 1191 4778 studio.
1248 4723 1315 4778 In
1361 4732 1606 4786 canonico
1668 4753 1890 4808 quoque,
1948 4749 1999 4794 et

2121 1796 2267 1851 liene
2321 1797 2575 1867 scriptam
2624 1799 2898 1868 pertinent
2941 1800 3105 1856 verba
3163 1815 3285 1871 quze
3340 1811 3593 1871 tanquam
3649 1819 3716 1857 ex

2118 1892 2300 1962 aliquo
2365 1892 2668 1953 Braulionis
2734 1908 2986 1950 sermone
3053 1896 3285 1965 repetita
3332 1896 3718 1951 Constantinus

2117 1980 2410 2048 Cajetanus
2437 1981 2544 2038 loc.
2572 1983 2690 2049 cit.,
2724 1997 2845 2053 pag.
2878 1982 2933 2049 4,
2963 1985 3189 2053 protulit
3218 2003 3231 2038 :
3262 1984 3500 2055 Interea,
3530 1989 3718 2056 fratres

2120 2068 2448 2136 clmrissimi,
2479 2070 2695 2141 dignum
2723 2080 2819 2136 est,
2851 2082 2906 2125 ut
2935 2072 3069 2127 hunc
3096 2076 3481 2128 sanctissimum
3510 2077 3717 2144 confes-

2117 2175 2285 2212 sorem
2310 2157 2577 2213 Isidorum
2604 2162 2774 2215 omnis
2814 2161 3054 2217 laudibus
3082 2164 3287 2218 attollat
3316 2163 3549 2220 Ecclesia
3580 2179 3601 2221 :
3628 2165 3718 2219 sed

2116 2250 2344 2303 maxime
2372 2247 2778 2319 Hispaniarum,
2801 2268 2916 2323 qua:
2942 2269 3052 2322 prce
3087 2255 3285 2309 caeteris
3310 2256 3416 2325 ejus
3442 2258 3719 2326 specialius

2115 2337 2459 2391 saluberrima
2508 2340 2714 2409 refulsit
2761 2341 3020 2397 doctrina.
3073 2343 3216 2398 Nam
3257 2347 3390 2399 sicut
3440 2344 3716 2417 Gregorius

2117 2428 2298 2488 doctor
2328 2429 2506 2485 Roma:
2532 2434 2777 2486 successit
2812 2433 2966 2490 Petro
2991 2478 3005 2497 ,
3034 2438 3110 2490 ita
3145 2438 3206 2493 Β.
3243 2437 3482 2494 Isidorus
3524 2441 3580 2494 in
3611 2439 3714 2494 Ili-

2116 2520 2423 2587 spaniarum
2443 2520 2674 2591 partibus
2700 2523 2939 2579 doctrina
2950 2524 2984 2580 1
2990 2525 3151 2584 acobo
3188 2531 3431 2584 successit
3456 2530 3713 2597 apostolo.

2118 2606 2335 2663 Semina
2361 2624 2583 2678 uanique
2612 2610 2727 2666 vita
2753 2621 2991 2681 ceterum,
3010 2632 3125 2686 qua:
3147 2615 3470 2672 beatissimus
3488 2618 3717 2674 Iacobus

2115 2700 2407 2765 seminavit,
2433 2700 2515 2754 hic
2542 2700 2869 2757 beatissimus
2890 2704 3070 2760 doctor
3092 2705 3332 2761 Isidorus
3358 2708 3508 2762 verbo
3522 2708 3704 2776 prtedi-

2116 2790 2335 2846 cationis
2382 2791 2532 2863 quasi
2574 2810 2707 2849 unus
2743 2811 2810 2849 ea:
2856 2806 3078 2867 quatuor
3138 2798 3374 2868 paradisi
3412 2800 3712 2866 ﬂuminibus

2116 2881 2436 2950 sufﬁcienter
2462 2884 2700 2955 irrigavit
2724 2902 2737 2941 :
2770 2895 2923 2958 atque
2942 2891 3234 2944 universam
3262 2890 3578 2957 Hispaniam
3605 2902 3711 2945 tam

2117 2972 2351 3040 exemplo
2407 2971 2525 3026 boni
2574 2975 2744 3044 operis
2768 3017 2784 3041 ,
2840 2994 2993 3046 «om
3044 2981 3187 3050 fama
3233 2981 3526 3035 sanctitatis
3578 2981 3714 3036 velut

2034 3069 2083 3132 ς
2120 3060 2569 3130 splendidissimus
2588 3067 2713 3120 solis
2734 3070 2912 3124 radius
2934 3071 3262 3127 illuminavit.

2182 3149 2270 3204 15.
2314 3150 2420 3206 Etsi
2448 3163 2630 3210 autem
2659 3154 2956 3226 Cajetanus
2997 3176 3063 3215 ex
3116 3161 3417 3219 Braulionis
3461 3180 3711 3222 sermone

2110 3239 2165 3293 id
2218 3240 2453 3309 elogium
2508 3245 2732 3314 petitum
2782 3250 3078 3317 praemittit,
3114 3259 3294 3307 tamen
3350 3253 3404 3309 in
3458 3264 3585 3310 nota
3633 3259 3710 3313 sic

2109 3329 2316 3385 refert:
2351 3331 2591 3404 Elogium
2616 3336 2710 3390 hoc
2742 3338 2805 3392 S.
2838 3337 3047 3395 Isidoro
3069 3342 3375 3407 inscriptum
3396 3362 3428 3395 u
3449 3346 3511 3398 S.
3543 3345 3704 3398 Brau-

2109 3416 2178 3469 lio
2207 3419 2375 3486 potius
2405 3430 2699 3492 excerptum
2725 3440 2838 3478 esse
2876 3442 3133 3481 censerem
3167 3444 3233 3483 ea:
3272 3432 3517 3501 quopiam
3556 3434 3707 3486 istius

2108 3521 2345 3561 sermone
2390 3509 2446 3561 in
2486 3509 2627 3564 illius
2671 3512 2881 3568 laudent
2920 3520 3239 3588 conscripto,
3271 3536 3458 3590 quam,
3500 3530 3557 3573 ut
3611 3524 3706 3575 alii

2110 3596 2400 3664 affirmant,
2423 3613 2490 3652 ea:
2516 3615 2599 3665 ea,
2621 3618 2775 3671 quam
2796 3604 3131 3673 elucubravit,
3155 3606 3345 3661 Isidori
3387 3608 3525 3662 Vita.
3554 3607 3705 3674 Quod

2108 3690 2243 3743 enim
2283 3689 2355 3744 ibi
2412 3692 2650 3748 edisserit
2681 3696 2925 3761 Braulio,
2970 3715 3061 3752 nec
3112 3699 3320 3754 verbum
3367 3702 3607 3770 quidem,
3650 3712 3704 3756 ut

2106 3778 2324 3833 vidimus
2350 3820 2364 3841 ,
2395 3780 2531 3833 hunc
2566 3784 2618 3835 in
2649 3783 2814 3839 locum
2847 3788 3038 3841 attulit.
3081 3788 3338 3845 Cancrum
3380 3793 3579 3863 integer
3620 3794 3703 3845 hic

2105 3884 2292 3930 sermo,
2322 3884 2470 3937 quens
2511 3871 2741 3926 nancisci
2784 3874 2953 3929 adhuc
2981 3877 3190 3937 minime
3221 3882 3503 3947 potuimus,
3531 3889 3701 3936 exstat

2105 3958 2159 4010 in
2201 3957 2485 4027 antiquitus
2531 3975 2689 4013 manu
2738 3974 2955 4018 exarata
3008 3965 3204 4023 Isidori
3251 3968 3699 4040 Etymologiarum

2104 4064 2289 4115 opere,
2318 4048 2454 4119 quod
2501 4062 2792 4105 asservatur
2830 4054 2970 4123 apud
3001 4054 3374 4113 Cartltusianos
3417 4062 3698 4116 monachos

2102 4134 2318 4188 camabii
2347 4135 2496 4191 Aulus
2525 4136 2621 4191 Dei
2649 4138 2701 4192 in
2732 4156 2858 4209 agro
2886 4139 3354 4212 Ca'saraugustano
3390 4146 3499 4200 siti.
3551 4145 3697 4201 Illud

2100 4236 2272 4279 autem
2295 4244 2361 4280 ea:
2389 4228 2484 4282 hoc
2516 4230 2672 4284 etiam
2701 4232 2810 4286 loco
2839 4231 3051 4303 dignum
3080 4237 3527 4304 aniatadcersioue
3563 4257 3695 4295 cen-

2099 4317 2314 4370 sendum
2342 4328 2440 4386 cst,
2470 4322 2608 4390 quod
2647 4322 2912 4391 Braulius,
2942 4326 3020 4379 vir
3042 4344 3169 4382 sane
3197 4339 3246 4382 et
3276 4329 3439 4384 doctis
3468 4332 3623 4393 imus.
3642 4342 3694 4386 et

2104 4407 2482 4471 sanctissimus,
2512 4420 2633 4464 ante
2658 4414 2798 4468 mille
2818 4417 2977 4484 ferme
2996 4434 3160 4473 annos
3185 4429 3419 4476 testatum
3446 4424 3692 4491 voluerit,

2101 4495 2353 4551 Iacobum
2380 4502 2671 4568 apostolum
2701 4504 3079 4575 Hispaniarum
3105 4510 3369 4566 doctorem
3398 4516 3560 4583 fuisse
3580 4554 3597 4578 ,
3630 4532 3691 4570 ac
3804 4558 3807 4559 ν

2101 4595 2313 4640 (eterna:
2337 4588 2454 4642 vita:
2477 4593 2697 4654 semina,
2726 4611 2841 4661 qua:
2868 4595 2931 4650 B.
2964 4595 3200 4653 Isidorus
3221 4610 3401 4671 postea
3429 4606 3688 4673 irrigavit,

2446 4681 2585 4737 Male
2632 4694 2810 4739 autem
2842 4686 3044 4756 habet,
3073 4692 3217 4761 quod
3265 4692 3689 4754 Pseudo-Destri

2419 4771 2706 4827 uetoritate
2733 4771 3025 4842 Cajetanus
3053 4778 3104 4832 id
3133 4782 3459 4848 persuadere
3497 4786 3685 4841 Voluit.

2174 4855 2259 4907 l6.
2313 4855 2650 4916 Bullandiani
2722 4865 2906 4933 operis
2961 4869 3367 4929 continuatores
3419 4876 3484 4929 ad
3542 4877 3688 4934 diem

2098 5227 2217 5301 qua:
2245 5230 2313 5270 ex
2341 5215 2644 5276 Braulionis
2668 5236 2919 5282 sermone
2941 5227 3232 5299 Cajetanus
3259 5235 3499 5301 protulit.
3534 5235 3682 5293 Inter

2096 5298 2271 5391 Qpera
2327 5303 2384 5359 S.
2438 5305 2655 5364 Martini
2708 5298 3096 5385 Legionensis,
3148 5298 3420 5391 qui—ante
3475 5321 3679 5382 Lucam

2092 5384 2392 5447 Tudensem
2439 5392 2662 5466 floruit,
2698 5400 2853 5469 juxta
2904 5384 3183 5479 exemplar:
3229 5426 3295 5465 ex
3344 5416 3678 5483 autographa

2090 5482 2469 5552 transcriptum
2511 5487 2665 5556 jussu
2714 5492 3130 5554 Eminentissiini
3174 5500 3236 5552 ι).
3280 5500 3341 5553 D.
3383 5482 3676 5562 cardinalis

2092 5564 2365 5660 francisci
2390 5571 2607 5631 Antonii
2639 5578 2965 5648 Lorenzana,
2991 5587 3381 5659 archiepiscopi
3405 5590 3671 5660 Toletani,

2090 5653 2334 5726 Segoviac
2378 5662 2523 5721 edita
2572 5675 2704 5725 tom.
2753 5671 2843 5739 ιν,
2890 5690 3008 5744 pag.
3061 5676 3115 5742 5,
3163 5653 3343 5736 exstat
3386 5699 3569 5744 sermo
3612 5653 3669 5744 in
