4028 6200
305 233 372 289 ‘27
447 243 456 252 '
943 235 946 238 ’
1031 230 1124 286 AD
1156 229 1384 287 OPERA
1425 227 1482 282 S.
1523 218 1764 282 ISIDORI
1809 215 2248 276 IliSPALENSIS
2287 221 2818 282 PROLEGOMENA.
3484 229 3553 282 es

309 344 534 400 transitu
565 343 622 398 S.
651 343 840 400 lsidori
871 361 884 397 :
911 345 962 398 in
992 357 1102 412 quo
1145 341 1310 397 multa
1335 347 1460 395 sunt
1485 353 1553 393 ex
1579 329 1876 390 Braulionis
1907 333 1950 386 Δ
1977 330 2232 399 Patrum;
2277 335 2469 390 librum
2495 335 2914 394 Lamentationis
2939 381 2953 405 ,
2981 350 3141 406 quem
3173 338 3286 408 ipse
3314 338 3560 410 Synony-

308 435 698 505 pramotatione
738 434 848 502 iam
895 431 1098 499 vulgari
1145 431 1421 496 desumpta
1467 425 1574 498 23
1597 466 1612 489 ,
1643 423 1884 492 quaedam

307 523 468 578 etiam
499 537 616 590 quae
644 539 708 576 ex
735 521 924 576 isidori
955 519 1070 572 Vita
1097 557 1114 584 ,
1143 519 1228 572 vel
1259 515 1556 570 Brauliouis
1581 515 1648 568 de
1677 527 1743 567 eo
1771 527 1886 566 ser-

313 629 474 669 mone
494 655 508 678 ,
534 627 694 682 quem
733 612 1020 679 Caietanus
1062 615 1488 673 commemorat,
1520 605 1768 660 videntur
1793 604 1888 658 de-

311 709 518 772 cerpta.
547 701 624 758 ita
647 701 786 753 enim
817 698 890 751 ait
921 695 1178 750 Martinus
1209 713 1222 748 :
1256 694 1400 749 Situt
1435 695 1572 748 enim
1609 692 1896 763 Gregorius

309 797 486 849 doctor
530 793 670 846 Petri
708 788 929 858 apostoli
985 801 1248 842 successor
1315 788 1542 850 exstitit,
1591 789 1666 838 ita
1713 783 1890 837 beatas

311 883 546 936 Isidorus
571 879 766 932 Iacobo
804 878 1038 947 apostolo
1066 877 1312 931 successit
1339 892 1358 928 :
1388 877 1508 946 quia
1543 891 1711 928 semen
1740 883 1890 928 mter-

312 985 395 1024 τίω
441 969 598 1034 vita,
632 966 768 1036 quod
811 964 1134 1018 beatissimus
1170 963 1394 1017 Jacolms
1446 962 1751 1022 seminavit,
1809 959 1892 1012 hic

311 1059 488 1111 doctor
499 1058 732 1127 egregius
758 1056 908 1110 verbo
933 1056 1324 1134 pradicationis
1340 1055 1485 1123 quasi
1513 1065 1644 1104 unus
1663 1065 1728 1102 ex
1758 1065 1892 1120 φω-

311 1159 426 1202 tuor
436 1149 664 1218 paradisi
685 1149 980 1216 ﬂuminibus
1002 1147 1316 1216 sufﬁcienter
1331 1145 1582 1214 irrigavit,
1613 1153 1762 1212 a'que
1785 1142 1900 1194 uni-

273 1264 280 1270 -
309 1253 509 1294 uersam
527 1236 842 1304 Hispaniam
859 1247 962 1289 tam
977 1237 1210 1304 exemplo
1233 1234 1349 1287 boni
1369 1231 1560 1302 aperis,
1577 1247 1728 1302 quam
1751 1229 1896 1300 fama

313 1330 626 1396 sanctitatis,
655 1331 790 1384 velut
818 1327 1234 1399 splendidissima
1273 1324 1540 1394 lampada,
1563 1322 1892 1375 illuminavit.

383 1422 472 1474 Π.
503 1419 904 1474 Animadvertit
951 1417 1296 1473 doctissimus
1330 1414 1523 1468 editor
1575 1414 1630 1466 in
1661 1419 1786 1466 nota
1825 1410 1895 1464 ad

314 1511 462 1567 hunc
489 1511 664 1566 locum
691 1553 706 1576 ,
737 1511 876 1578 apud
907 1507 1286 1562 Bnllandianos
1333 1507 1446 1560 inec
1491 1505 1608 1574 ipsa
1633 1503 1798 1558 verba
1828 1517 1894 1557 ex

321 1618 424 1656 ms.
454 1600 590 1656 Cod.
624 1599 882 1653 Toletano
907 1598 1090 1652 habrri
1121 1615 1176 1650 n.
1205 1595 1293 1648 μ.
1323 1597 1464 1650 circa
1487 1595 1668 1659 linem,
1695 1594 1772 1648 uti
1793 1593 1895 1647 alia

1993 445 2199 484 morum
2230 432 2443 485 vocavit
2473 448 2486 484 :
2519 431 2726 487 libellos
2756 433 2889 486 duos
2920 431 2984 486 ad
3015 431 3376 486 Florentinam
3406 447 3560 485 soro-

1993 537 2104 576 rem
2135 529 2317 576 contra
2348 523 2635 591 nequitiam
2661 521 3001 584 Judmorum;
3042 521 3233 575 librum
3261 521 3328 574 de
3363 519 3572 574 Natura:

1992 625 2170 664 rerum
2199 609 2264 662 ad
2310 611 2612 664 Sisrhutum
2641 609 2966 679 principem;
2993 609 3187 662 librum
3225 607 3562 663 Diﬁerentia-

1993 714 2146 764 rum;
2177 697 2370 752 librum
2397 697 2818 754 Sententiarum.
2849 699 3077 768 Collegit
3101 701 3263 754 etiam
3291 699 3358 753 de
3384 687 3563 754 diver-

1992 788 2065 843 sis
2109 789 2436 857 auctoribus,
2479 791 2622 860 quod
2677 791 2792 860 ipse
2837 791 3198 859 cognominat,
3231 799 3563 844 secretorum

1993 876 2366 946 Expositiones
2406 889 2862 934 sacramentorum
2896 899 2906 930 :
2940 880 3132 948 quibus
3161 881 3213 932 in
3244 895 3404 933 unum
3433 893 3564 932 con-

1995 968 2200 1036 gestis,
2255 969 2392 1022 idem
2459 969 2591 1025 liber
2650 971 2848 1024 dicitur
2899 970 3282 1035 Qumstionum.
3338 967 3565 1036 Scripsit

1995 1072 2210 1127 quoque
2237 1057 2290 1112 in
2321 1058 2506 1113 ultimo
2528 1060 2592 1113 ad
2622 1061 2933 1129 petitionem
2957 1059 3256 1114 Braulionis
3293 1061 3566 1114 Caesarau-

1996 1147 2208 1214 gustani
2238 1147 2478 1216 episcopi
2507 1148 2697 1202 librum
2736 1147 3210 1217 Etymologiarum,
3240 1163 3398 1218 quem
3447 1164 3567 1202 cum

1949 1295 1954 1300 ,
1997 1234 2180 1288 multis
2203 1235 2358 1290 annis
2384 1244 2673 1290 conaretur
2697 1237 2976 1305 perﬁcere.
3008 1235 3059 1289 in
3091 1239 3208 1304 ejus
3237 1251 3400 1306 apere
3427 1237 3568 1289 diem

1996 1329 2294 1376 extremum
2327 1325 2470 1378 visus
2493 1331 2580 1378 est
2601 1324 2942 1378 conclusisse.
2991 1323 3197 1378 Floruit
3243 1325 3572 1392 temporibus

1999 1410 2312 1475 Reccaredi,
2335 1411 2604 1479 Liuvanis,
2629 1413 2918 1474 Witterici,
2937 1411 3286 1476 Gundemari,
3313 1413 3568 1475 Sisebuti,

1999 1499 2351 1556 Suiuthiianis
2375 1543 2389 1566 ,
2429 1511 2485 1557 et
2521 1503 2802 1558 Sisenandi
2831 1515 3014 1569 regum
3043 1517 3058 1556 :
3101 1503 3253 1556 annis
3291 1501 3402 1557 fere
3439 1515 3571 1568 qua—

2001 1589 2240 1658 dragint‘a
2289 1599 2480 1646 tenens
2523 1591 2868 1660 pontiﬁcatus
2891 1592 3173 1654 honorem,
3207 1590 3573 1656 insignemque

316 1691 558 1762 eiusdem
605 1689 867 1745 sermonis
897 1689 1016 1742 aliis
1045 1688 1097 1741 in
1129 1687 1385 1742 numeris.
1417 1683 1525 1740 Etsi
1569 1693 1750 1739 autem
1797 1699 1894 1753 pro
1923 1683 1978 1745 Β
2000 1679 2257 1736 doctrinm
2273 1691 2474 1734 sancte
2502 1681 2724 1749 gloriam
2753 1682 2956 1750 pariter
2983 1680 3327 1734 etdecorem.
3377 1697 3395 1729 ι

317 1781 736 1848 splendidissima
756 1778 1001 1848 lampada
1019 1777 1352 1832 Bollandiani
1369 1775 1654 1831 ediderunt
1674 1773 1904 1844 splendi-

317 1875 560 1927 dissimus
607 1869 732 1924 solis
773 1869 972 1932 radius,
1014 1875 1162 1932 recte
1209 1873 1392 1921 tamen
1445 1879 1516 1920 ex
1573 1865 1906 1934 autographa

325 1962 538 2016 Martini
585 1962 784 2014 retinet
817 1957 1244 2028 splendidissima
1291 1955 1563 2025 lampada;
1611 1969 1734 2008 nam
1773 1953 1910 2006 lam-

319 2052 459 2121 pado
481 2067 574 2121 pro
593 2052 791 2118 tantpns
809 2050 1062 2103 dixerunt
1093 2049 1329 2114 Plautus,
1361 2045 1552 2111 Pollio,
1575 2043 1904 2114 Fulgentius,

321 2155 376 2199 et
403 2146 494 2199 alii
523 2145 574 2198 in
603 2159 732 2200 mss.
763 2141 1086 2206 Codicibus,
1117 2149 1178 2196 ut
1205 2139 1496 2196 Salmasius
1525 2145 1581 2194 et
1609 2136 1912 2206 Ducangius

319 2237 690 2290 observarunt.

389 2323 480 2377 t8.
505 2323 781 2376 Florezins
808 2323 860 2374 in
893 2322 1043 2390 prmi.
1074 2320 1138 2373 ad
1169 2319 1416 2388 Append.
1451 2317 1504 2384 5,
1538 2325 1672 2373 tarn.
1703 2317 1774 2380 Υ,
1799 2333 1914 2372 non

319 2413 555 2476 dubitat,
585 2412 714 2480 quin
745 2412 976 2478 genuina
1007 2411 1074 2463 sit
1103 2409 1403 2463 Braulionis
1451 2409 1770 2478 prmnolatio
1791 2423 1912 2477 quae

322 2506 462 2560 libro
491 2503 680 2559 isidori
705 2504 776 2558 de
811 2504 918 2557 Vir.
945 2503 1146 2556 lllustr.
1177 2501 1516 2568 subiungitur
1545 2517 1560 2552 :
1591 2499 1751 2553 aliam
1779 2513 1912 2552 vero

324 2595 630 2650 uberiorem
669 2608 697 2648 a
741 2593 883 2649 Luca
935 2593 1170 2648 Tudensi
1192 2634 1207 2660 ,
1257 2605 1420 2662 quem
1469 2591 1595 2644 vitae
1644 2589 1834 2644 lsidori
1881 2603 1914 2643 a

326 2682 695 2737 Bollandiauis
739 2682 898 2736 editae
955 2688 1230 2735 auctorem
1285 2687 1460 2747 putat,
1512 2678 1743 2733 aliirmat
1791 2691 1916 2732 esse

327 2773 725 2844 interpolatum.
745 2771 934 2827 Riseus
959 2781 1087 2826 tom.
1110 2769 1258 2825 XXX
1281 2769 1430 2840 ilisp.
1453 2785 1619 2836 sacr.,
1639 2777 1794 2824 tract.
1821 2768 1910 2834 66,

325 2878 443 2932 rap.
477 2863 531 2929 7,
555 2879 611 2916 ιι.
637 2861 730 2929 65,
771 2861 1084 2926 existimat,
1135 2861 1454 2918 Sermonem
1497 2861 1798 2917 Braulionis
1845 2861 1915 2914 de

2071 1772 2126 1824 2.
2167 1771 2336 1842 Caput
2363 1772 2398 1826 9
2423 1773 2526 1828 hoc
2555 1781 2640 1826 est
2661 1771 2780 1826 Lbri
2819 1771 3068 1825 lldefonsi
3095 1770 3162 1824 de
3191 1768 3303 1823 \lir.
3357 1767 3576 1830 lllustr.,

2005 1861 2148 1928 quod
2195 1861 2353 1916 etiam
2405 1876 2435 1915 a
2481 1861 2834 1916 Constantino
2885 1859 3145 1928 Caietano
3198 1860 3338 1912 inter
3393 1857 3578 1911 lsidori

2007 1949 2180 2018 elogia
2207 1951 2498 2019 repositum
2524 1991 2538 2018 ,
2569 1950 2654 2004 bis
2683 1948 3238 2003 auimadversionibns
3263 1945 3580 2014 subiunctis.

2398 2059 2554 2115 Nota:
2581 2059 2906 2114 Constantini
2933 2059 3192 2129 Cajetani.

2079 2149 2133 2203 3.
2169 2169 2187 2201 ι
2217 2149 2296 2204 Es
2317 2151 2382 2205 iis
2409 2165 2528 2219 quae
2559 2165 2655 2205 nos
2687 2149 2846 2218 paulo
2877 2147 3097 2203 inferius
3126 2148 3194 2202 de
3230 2145 3288 2202 S.
3320 2147 3594 2204 lldei‘onso

2010 2241 2248 2297 notanda
2269 2241 2592 2306 censuimus,
2618 2251 2740 2294 eum
2758 2254 2787 2292 a
2813 2238 2870 2292 S.
2898 2237 3102 2294 Isidoro
3131 2252 3396 2294 summam
3423 2239 3582 2291 virtu-

2014 2343 2120 2388 tem
2147 2345 2211 2388 ac
2235 2347 2500 2386 summam
2541 2331 2840 2386 doctrinam
2867 2330 3128 2394 hausisse,
3146 2329 3256 2398 iam
3282 2330 3584 2384 eiucescere

2013 2425 2228 2496 poterit.
2259 2423 2524 2478 Prmterea
2550 2462 2564 2487 ,
2595 2421 2738 2492 quod
2785 2421 2851 2474 ad
2898 2419 2956 2474 S.
3003 2418 3252 2473 lldel‘onsi
3301 2419 3493 2472 librum
3519 2417 3586 2472 de

2015 2514 2155 2568 Viris
2179 2513 2476 2568 illustribus
2502 2511 2714 2574 attinet,
2731 2510 2906 2562 editus
2927 2517 3011 2563 est
3035 2508 3077 2561 is
3092 2523 3121 2560 a
3143 2505 3351 2561 Joanne
3375 2505 3583 2569 Griale,

2017 2605 2281 2660 virosane
2310 2602 2537 2668 erudito,
2567 2599 2768 2655 Matriti
2803 2597 2971 2663 1599,
3002 2607 3058 2653 et
3085 2613 3116 2651 a
3142 2595 3343 2651 Jacobo
3371 2593 3586 2648 Breulio

2015 2697 2172 2752 Gallo
2213 2693 2562 2750 Benedictino
2615 2691 2746 2745 460i
2809 2690 3050 2754 Parisiis,
3103 2689 3245 2742 inter
3289 2685 3346 2740 S.
3400 2684 3594 2740 Isidori

2016 2789 2189 2858 Opera
2215 2806 2229 2841 :
2260 2788 2488 2841 habetur
2529 2787 2689 2839 etiam
2717 2793 2851 2838 tom.
2897 2783 2941 2836 il
2987 2781 3094 2852 25
3123 2779 3391 2850 Hispaniae
3435 2777 3587 2831 illus-

2019 2885 2190 2945 tratae,
2224 2873 2560 2930 Francolurti
2601 2887 2829 2927 excusas
2879 2869 3036 2924 i603.
3076 2869 3185 2923 Nos
3221 2884 3290 2922 ex
3339 2865 3594 2922 vetustis-

329 2953 556 3017 Hdom,
588 2967 618 3006 ³
643 2951 906 3019 Caicum
929 2950 1222 3013 ιθυάτηιιπιν
1255 2951 1566 3006 “mimum
1593 2967 1700 3004 “0"
1731 2967 1850 3006 esse
1879 2969 1910 3007 ³
2019 2969 2156 3024 simo
2199 2983 2300 3022 ms.
2337 2965 2674 3020 bibliotheca
2715 2962 3024 3017 Casinensis
3071 2959 3270 3014 Codice
3299 2957 3506 3025 aliquot
3535 2955 3590 3010 in

330 3042 506 3111 capite
534 3041 598 3094 11
629 3039 868 3108 eiusdem
895 3039 1026 3094 Vitae
1047 3041 1188 3094 inter
1207 3039 1340 3094 Acta
1369 3039 1738 3106 Bollandiana,
1769 3040 1913 3108 quod
1942 3033 1990 3096 (ἶ
2021 3055 2149 3110 locis
2207 3062 2503 3110 suaman
2531 3051 2740 3106 mendis
2766 3051 3120 3106 correximus,
3163 3046 3272 3102 sed
3308 3046 3378 3101 de
3403 3043 3604 3100 eodm

331 3141 494 3200 caput
513 3131 825 3186 inscribitur
849 3147 865 3183 :
889 3130 1214 3187 Abbreviatio
1244 3132 1438 3196 Braulii
1455 3133 1911 3204 Caesaraugustam

333 3221 559 3290 episcopi
611 3221 678 3275 de
721 3222 826 3274 vita
869 3220 933 3275 S.
986 3220 1182 3277 [sideri
1237 3222 1614 3292 Hispaniarum
1669 3223 1911 3276 doctoris.

337 3309 555 3365 Minime
577 3309 794 3377 quidem
823 3311 1136 3378 repugnabo
1170 3329 1184 3364 :
1213 3312 1307 3366 sed
1335 3327 1453 3366 cum
1481 3313 1636 3382 plura
1657 3312 1819 3366 verba
1849 3325 1918 3365 ex

339 3399 442 3454 hac
479 3399 888 3454 abbreviatione
916 3400 1194 3470 desumpta
1217 3402 1272 3456 in
1302 3417 1554 3457 sermone
1579 3403 1636 3457 S.
1668 3401 1877 3456 Martini
1901 3441 1918 3467 ,

341 3490 434 3558 qui
461 3488 660 3544 Lucam
689 3489 990 3545 Tndensem
1028 3499 1190 3546 relate
1229 3493 1522 3562 praecessit,
1561 3493 1918 3561 reperiantur,

343 3579 648 3636 necessario
677 3579 964 3649 colligitur,
993 3578 1168 3634 Vitam
1195 3577 1253 3633 S.
1277 3579 1468 3634 isidori
1497 3595 1527 3634 a
1557 3577 1922 3633 Bollandianis

345 3673 569 3738 editam,
603 3672 690 3728 vel
727 3672 916 3726 saltem
961 3685 1083 3726 eam
1122 3671 1577 3727 abbreviationem
1621 3669 1924 3724 Braulionis

347 3766 490 3820 Luca
537 3763 772 3819 Τεύθιιεὶ
813 3764 1170 3835 antiquiorem
1193 3779 1314 3820 esse
1345 3779 1360 3816 :
1401 3779 1505 3832 qua
1531 3763 1599 3817 de
1625 3778 1684 3818 re
1712 3777 1831 3831 cap.
1859 3761 1925 3814 15

347 3857 509 3912 latius
533 3857 812 3912 disseram.
841 3854 1051 3912 Interea
1089 3855 1220 3912 satis
1259 3856 1334 3910 sit
1377 3854 1825 3918 animadvertere,
1859 3866 1928 3906 ne

347 3946 668 4016 ambiguitas
713 3945 965 4016 obrepat,
1025 3944 1351 4000 sententiam
1402 3943 1652 3998 eamdem
1704 3955 1824 3996 esse
1873 3941 1927 3996 in

347 4038 737 4109 pratuotatione
755 4037 994 4094 uberiori
1023 4035 1346 4102 Braulionis,
1375 4036 1429 4088 in
1465 4045 1738 4098 sermone,
1761 4045 1926 4100 quem

351 4131 639 4201 Caietanus
667 4131 932 4202 appellat,
959 4131 1012 4183 in
1039 4129 1174 4184 Viue
1215 4127 1404 4184 lsidori
1431 4127 1582 4182 initio
1607 4167 1626 4192 ,
1651 4135 1708 4182 et
1733 4127 1788 4182 in
1812 4141 1930 4183 ser-

351 4241 514 4281 mone
537 4225 600 4280 S.
627 4223 842 4278 Mar-sini
867 4237 886 4275 τ
909 4221 1006 4278 sed
1027 4219 1353 4290 pramotatio
1383 4219 1619 4284 uberior,
1643 4228 1699 4275 et
1721 4233 1899 4275 sermo
1915 4261 1936 4288 ,

2015 3145 2216 3199 Codice
2249 3145 2442 3198 iterum
2472 3141 2714 3198 inferi-us.

2093 3256 2112 3288 ι
2158 3233 2320 3288 Nam.
2347 3232 2682 3288 Francoiurt.
2715 3231 2824 3292 ed..
2851 3230 3018 3284 illam.
3052 3229 3127 3282 Is.
3151 3229 3231 3282 ita
3251 3243 3356 3282 ms.
3389 3227 3593 3291 Casiu.,

2017 3329 2110 3384 sed
2131 3327 2208 3380 bis
2237 3327 2340 3394 leg.
2371 3325 2586 3380 Madrit.
2617 3331 2673 3376 et
2701 3322 2918 3388 Bneui.;
2950 3320 3050 3375 llis
3079 3319 3326 3374 Francol'.
3361 3319 3430 3372 Et
3453 3319 3598 3372 obitu

2019 3417 2258 3482 Patrum,
2291 3415 2376 3472 vel
2412 3415 2552 3468 obitu
2581 3413 2946 3482 prophetarum
2971 3453 2985 3476 ,
3027 3409 3276 3464 Fraueol'.
3319 3417 3376 3462 et
3417 3407 3593 3461 Casio.

2023 3505 2176 3570 Quod
2215 3507 2323 3576 ipse
2373 3506 2699 3574 cognominat
2743 3511 3072 3556 secretorum.
3131 3497 3379 3553 Franrol.
3400 3535 3414 3561 ,
3465 3493 3602 3558 Quot

2021 3599 2131 3666 ipse
2155 3599 2387 3660 nominat
2415 3604 2644 3650 secret...
2669 3593 2736 3648 In
2759 3593 2874 3662 ejus
2913 3608 3083 3660 opere.
3128 3587 3398 3650 Francof.,
3441 3585 3602 3640 Im-

2024 3688 2159 3752 pleto
2185 3703 2357 3756 opere.
2391 3684 2618 3740 Floruit.
2647 3681 2920 3745 Franeoi‘.,
2949 3678 3172 3733 ϐίαι-κίε.
3221 3695 3244 3727 ι

2097 3777 2153 3831 4.
2195 3775 2385 3830 Loaisa
2411 3769 2463 3829 in
2489 3773 2696 3828 Concil.
2723 3769 2875 3838 ii‘isp.
2907 3784 2939 3823 e
2961 3783 3062 3822 suo
3089 3766 3288 3821 Codice
3323 3766 3402 3819 sic
3427 3764 3556 3832 legit
3587 3781 3600 3819 :

2033 3867 2158 3921 Post
2205 3864 2502 3922 Leandrum
2545 3859 2914 3931 Hispalensent
2949 3858 3154 3912 sedis...
3185 3856 3384 3925 pollens
3412 3872 3429 3907 :
3457 3855 3606 3908 illam

2032 3965 2258 4008 tantm...
2287 3971 2351 4008 ex
2379 3967 2506 4006 ea...
2537 3949 2827 4004 audientes.
2859 3948 3080 4017 Scripsit
3109 3961 3265 4014 opera
3301 3946 3492 3998 eximia
3515 3985 3529 4009 ,
3559 3953 3614 3997 et

2045 4063 2150 4100 non
2173 4061 2362 4114 pauca,
2381 4043 2434 4096 id
2459 4049 2608 4096 est...
2633 4041 2695 4094 de
2727 4037 2968 4104 0rtu,oel
2997 4037 3155 4092 Obitu
3175 4037 3605 4108 prophetarum...

2039 4135 2483 4190 Lamentationutn
2521 4148 2670 4204 quem
2711 4130 2823 4200 ipse
2850 4129 3154 4199 Synonyma
3183 4129 3487 4180 oocitarit...
3541 4129 3614 4177 ad

2035 4223 2424 4282 Florentium...
2454 4239 2600 4293 quem
2639 4221 2750 4289 ipse
2773 4218 3071 4272 nominat...
3103 4218 3238 4270 idem
3264 4215 3457 4268 liber...
3483 4229 3610 4284 quo-

353 4329 514 4383 quam
537 4311 832 4380 Caietanus
859 4317 1037 4374 vocat,
1063 4309 1244 4366 verbis
1271 4312 1432 4367 etiam
1478 4311 1666 4365 iisdem
1711 4313 1933 4366 omnino
1968 4383 2002 4387 _
2037 4333 2134 4387 que
2157 4316 2406 4369 ultimo...
2437 4313 2704 4381 perﬁcere,
2723 4308 2984 4380 inexpleto
3013 4323 3234 4376 opere...
3267 4303 3463 4358 σιω-κει
3491 4313 3612 4354 tem-

359 4401 702 4459 consentiunt
751 4419 768 4453 :

357 4495 416 4549 S.
449 4493 660 4549 Martini
685 4509 811 4549 cum
835 4495 984 4550 inter
1007 4511 1088 4563 se,
1117 4503 1230 4548 tum
1276 4507 1308 4548 a
1351 4493 1651 4551 Brauliouis
1695 4495 1934 4552 uberiori

363 4584 756 4655 mactatio”
781 4584 966 4640 multis
993 4585 1170 4638 verbis
1195 4583 1465 4640 diﬁerunt.

985 4671 1216 4728 CAPUT
1253 4673 1317 4729 ν.

365 4763 472 4834 QQ,
501 4761 742 4834 Elogittm
783 4763 975 4818 Isidon'
1004 4780 1070 4818 ea:
1111 4763 1380 4836 "defenso
1419 4765 1475 4818 in
1517 4765 1649 4819 libro
1695 4767 1759 4820 de
1799 4765 1940 4820 Viris

493 4856 808 4922 lllustribus,
832 4859 902 4910 ad
929 4865 1099 4912 vetera
1125 4860 1441 4930 exemplaria
1469 4863 1810 4930 recognitum.

447 4951 496 5004 i.
527 4967 554 5000 ι
587 4948 821 5004 Isidorus
849 4958 980 5018 post
1011 4949 1308 5004 Leandrum
1354 4949 1572 5003 fratrem
1617 4949 1948 5022 iiispalensis

372 5039 516 5094 satis
543 5039 832 5108 provincia:
853 5039 1064 5093 Bazticm
1091 5038 1402 5093 cathedram
1427 5040 1628 5092 tenuit:
1651 5041 1730 5093 vir
1751 5039 1950 5096 decore

372 5129 534 5184 simul
583 5135 639 5182 et
685 5127 902 5194 ingenio
949 5129 1184 5196 pollens;
1227 5143 1350 5183 nam
1399 5137 1558 5184 tantm
1603 5127 1952 5196 iucunditatis

373 5219 680 5272 atiluentem
711 5217 920 5286 copiam
947 5218 1000 5269 in
1025 5217 1331 5286 eloquendo
1361 5219 1676 5288 promeruit,
1702 5225 1758 5272 ut
1787 5217 1948 5270 uber-

377 5317 460 5361 tas
487 5307 798 5362 admiranda
819 5305 1036 5361 dicendi
1077 5323 1142 5363 es
1184 5323 1250 5363 eo
1301 5310 1351 5362 in
1400 5319 1675 5378 stuporem
1719 5315 1954 5362 verteret

379 5399 684 5463 audientes,
727 5411 794 5451 ex
823 5412 930 5466 quo
970 5399 1146 5451 audita
1177 5399 1256 5452 bis
1285 5401 1374 5467 qui
1403 5399 1676 5462 audisset,
1715 5414 1821 5451 non
1853 5397 1952 5452 nisi

381 5495 608 5561 repetita
638 5494 828 5561 saepius
857 5495 1272 5548 commendaret.
1304 5493 1526 5560 Scripsit
1570 5507 1730 5560 opera
1755 5501 1808 5544 ct
1833 5494 1918 5545 cxi

382 5587 509 5652 mia,
538 5595 592 5640 et
623 5603 727 5642 non
753 5597 947 5657 parva,
993 5587 1040 5642 id
1079 5597 1152 5643 cst
1175 5629 1190 5656 ,
1239 5587 1428 5642 librum
1460 5587 1524 5642 de
1553 5587 1683 5642 Ortu
1713 5595 1764 5640 et
1794 5586 1950 5640 Obitu

825 4409 882 4456 at
923 4401 1138 4458 initium
1185 4401 1315 4458 Viue
1363 4401 1583 4470 lsidori,
1637 4410 1691 4456 et
1739 4403 1934 4458 Sermo
1967 4383 2018 4442 Ι)
2039 4383 2253 4473 poribus
2279 4399 2578 4462 Reccaredi,
2613 4396 2958 4461 Gundemari,
2995 4394 3238 4458 suam,
3267 4391 3611 4455 Suintltilani,

2041 4504 2092 4548 et
2121 4491 2399 4548 Sisenandi
2427 4507 2626 4564 regunt,
2653 4497 2760 4544 etc.

2113 4581 2168 4637 5.
2207 4580 2266 4636 tn
2305 4579 2494 4636 codice
2522 4578 2767 4644 Albania,
2793 4577 2862 4632 de
2885 4591 2998 4644 quo
3013 4571 3470 4642 iam-dictum,_hse
3491 4577 3622 4624 sunt’

2044 4673 2206 4728 varia:
2233 4671 2524 4726 lectiones:
2549 4669 2625 4722 air
2647 4667 2882 4722 doctrina
2903 4665 3058 4718 simul
3065 4661 3257 4716 audin
3275 4661 3322 4712 is
3343 4660 3616 4728 (μιᾶς-ορειή

2046 4765 2306 4822 eximia...
2363 4761 2552 4814 librum
2582 4759 2652 4814 de
2700 4757 2856 4809 Ubitu
2910 4763 2964 4807 et
2999 4750 3130 4806 Orta
3167 4749 3446 4806 Patrum...
3507 4747 3618 4816 ipse

2045 4871 2332 4928 synonyma
2347 4850 2646 4906 vocitant...
2667 4860 2898 4902 sororem
2925 4857 3072 4896 suam
3093 4838 3606 4906 contra...coguonti'

2049 4948 2185 5000 mwit
2205 4943 2569 5012 Expositione:
2587 4942 3046 4991 sacramentorum.
3062 4929 3269 4984 Omittit
3287 4937 3616 4989 secretorum,

2051 5050 2150 5105 pro
2183 5049 2291 5101 quo
2329 5030 2518 5086 alicubi
2549 5029 2776 5081 fortasse
2829 5037 3018 5078 errore
3059 5017 3448 5090 typograpbieo
3487 5015 3620 5082 legi-

2053 5133 2137 5180 tur
2160 5132 2500 5178 sacratorum.
2535 5115 2890 5172 Retincndum
2903 5122 2986 5168 est
2999 5119 3312 5165 secretorum
3333 5122 3354 5160 :
3369 5105 3622 5159 dicuntur

2056 5216 2196 5272 enim
2219 5225 2415 5270 secreta
2443 5219 2786 5266 sacramenta
2813 5221 2934 5275 qua:
2957 5205 3010 5258 in
3039 5203 3220 5272 operis
3236 5197 3618 5269 prologomys-

2062 5308 2164 5360 tica
2201 5313 2594 5372 nuncupantur.
3493 5332 3496 5335 .

2127 5397 2180 5450 6.
2223 5395 2474 5450 Vaticana
2505 5388 2828 5459 exctnplaria
2859 5401 2968 5440 non
2999 5383 3166 5438 multa
3205 5380 3464 5436 exhibent
3487 5377 3626 5430 lide-

2057 5488 2192 5543 lnusi
2243 5487 2432 5538 librum
2482 5481 2550 5534 de
2599 5479 2710 5532 Vir.
2761 5475 2952 5528 lllustr.
3003 5470 3402 5528 Otobonianus
3451 5465 3618 5520 ΓΗΘ.

2063 5579 2288 5636 Urbinas
2341 5573 2482 5641 582,
2523 5581 2582 5630 ut
2626 5571 2682 5630 in
2727 5567 2864 5624 libro
2903 5565 3094 5620 isidori
3143 5563 3210 5620 tle
3267 5561 3378 5617 Vir.
3429 5559 3624 5614 illum.
