2006 3098
196 116 229 143 3i
560 115 606 143 AD
624 116 739 145 OPEllA
757 116 788 145 St
806 112 1166 144 lSlDOiil-mSPALENSlS
1187 115 1454 146 PROLE-GOMENA.
1471 124 1477 128 '
1788 120 1824 147 3‘2

197 179 341 210 timeretur
350 175 444 208 choro,
457 174 600 203 mulierum
609 174 701 202 turbas
711 173 816 207 longius
829 176 902 200 stare
915 179 983 207 pra:-
994 169 1020 199 Α
1034 171 1229 200 confessionem
1238 192 1245 205 ,
1268 173 1313 201 vel
1337 175 1500 208 oralionem,
1527 175 1660 204 residuam
1679 176 1771 211 egenis
1796 183 1825 205 et

195 221 278 256 cepit,
285 226 314 248 ut
327 220 355 247 io
363 220 522 254 accipiendo
532 220 590 254 ipse
599 218 727 254 panitent
732 218 794 250 iam,
800 218 918 244 virorum
927 222 985 244 tan-

197 271 268 297 tum,
289 274 343 293 non
358 266 479 297 illarum,
495 265 567 292 circa
579 270 640 290 eum
660 267 817 290 cerneretur
830 262 982 297 prmseutia.

196 310 238 342 Et,
260 310 322 337 dum
338 318 355 337 τι
371 309 505 344 praedictis
517 307 712 341 sacerdotibus,
726 307 760 334 ab
776 315 829 334 uno
844 307 959 334 cilicium
973 327 982 341 ,

195 356 230 382 ab
243 355 331 382 altero
343 361 424 388 super
436 360 466 380 se
478 352 547 379 mitti
564 356 724 386 exposceret
737 351 867 385 cinerem,
882 359 984 386 expan-

194 400 261 427 dens
278 406 375 426 manus
392 397 425 425 ad
441 397 557 430 malum,
580 397 615 424 ita
630 404 743 425 exorsus
764 401 806 425 est
819 397 930 424 dicens:
943 396 983 424 Tu

196 446 334 481 Deus,qu
347 445 417 473 nosti
431 445 513 473 corda
528 444 667 472 hominum
686 449 713 473 et
738 445 881 480 publicano
904 445 984 478 longe

195 492 293 527 posito,
308 491 370 518 dum
386 495 484 526 peetus
495 495 648 526 percuteret
661 499 751 525 suum,
765 491 860 519 dimitti
873 496 984 527 peccata

194 537 317 571 dignatus
326 543 356 564 es
371 535 446 571 (Luc.
459 536 549 570 xvnr):
559 536 604 571 qui
618 535 748 563 Latarum
760 537 936 564 dormientem
949 536 983 564 d‘e

193 585 371 609 monumento
377 585 438 616 post
443 581 635 609 resolutionem
642 582 731 609 carnis
739 581 880 616 dicquarta
891 581 982 615 digna-

194 630 237 653 tns
255 633 285 653 es
297 626 459 653 resuscitare
474 625 563 661 (Joan.
578 626 629 661 ιι),
651 631 679 654 et
693 627 805 654 Abraba:
825 626 983 661 patriarcha:

193 671 267 698 sinus
288 679 349 698 eum
371 672 518 706 reciperet,
533 672 662 704 voluisti;
682 672 790 706 suscipe
809 672 835 699 in
851 672 903 699 bac
916 672 983 699 hora

192 715 391 742 confessionem
412 722 513 748 meam,
534 720 562 743 et
580 720 702 750 peccata,
723 723 783 750 qua:
800 716 983 743 innumerabi-

193 758 254 786 liter
263 760 404 793 contraxi,
417 760 453 787 ab
462 760 547 787 oculis
563 761 677 788 transfer
697 761 749 788 tuis
763 769 772 789 ε
790 769 843 788 non
857 761 982 789 reminis-

192 805 263 832 caris
278 805 347 832 mala
363 813 434 839 mea,
445 810 472 832 et
493 805 641 839 iuventutis
653 806 750 833 delicta
769 814 802 833 ne
815 807 981 834 memineris.

1035 219 1196 253 pauperibus
1205 227 1268 247 mox
1279 220 1336 247 dari
1344 221 1578 256 jussitpecuniam.
1588 222 1637 250 Cui
1649 227 1738 251 tamen
1754 224 1825 253 fideli

1034 263 1069 290 sit
1095 264 1218 297 dubium,
1243 269 1272 291 ut
1295 273 1348 292 non
1363 266 1441 293 satim
1460 266 1571 293 dimisso
1594 269 1669 295 omni
1686 268 1823 303 facinore,

1034 307 1213 335 associaretur
1227 309 1402 336 societatibus
1419 311 1601 343 angelorum?
1615 310 1720 339 funerea
1742 319 1772 340 se
1791 314 1825 340 ab

1034 352 1159 380 omnibus
1183 353 1298 380 osculari
1313 354 1424 386 studuit,
1439 354 1531 382 dicens
1547 364 1553 381 :
1570 355 1598 383 Si
1612 363 1646 383 ex
1670 360 1728 384 toto
1742 358 1825 385 corde

1033 397 1188 425 dlmiseritis
1201 406 1232 425 ea
1246 404 1313 433 qua:
1337 399 1363 426 in
1384 407 1433 426 vos
1447 399 1558 427 adversa
1573 401 1615 428 vel
1630 409 1712 435 prava
1741 411 1826 437 usque

1034 442 1163 470 hactenus
1189 443 1282 474 intuli,
1297 444 1416 472 dimittet
1433 445 1508 472 vobis
1522 445 1635 473 Creator
1652 447 1826 481 omnipotens

1034 487 1235 515 omnia-delicta
1249 493 1337 516 vestra
1354 498 1360 515 :
1373 489 1410 516 ita
1425 493 1455 516 ut
1467 489 1536 517 sacri
1551 490 1632 517 fontis
1647 491 1728 523 unda,
1743 499 1824 525 quam

1034 533 1114 560 hodie
1136 533 1249 560 devotus
1261 538 1301 561 est
1317 535 1430 569 populus
1445 541 1638 570 percepturus,
1653 536 1686 563 sit
1707 538 1784 565 vobis
1798 538 1824 565 in

1034 577 1219 605 remissionem
1242 583 1411 613 peccatorum
1424 588 1431 606 :
1443 583 1471 606 et
1485 580 1537 607 hoc
1551 581 1672 607 osculum
1690 581 1760 609 inter
1771 590 1823 615 mo,

1034 628 1065 650 et
1075 630 1122 650 vos
1135 628 1243 651 maneat
1257 624 1283 651 in
1298 625 1479 652 testimonium
1495 625 1655 653 futurorum.
1676 626 1825 661 Completis

1035 666 1075 694 his
1089 668 1223 701 omnibus,
1237 669 1271 696 ad
1284 669 1406 697 cellulam
1421 670 1546 697 reductus
1557 675 1599 697 est
1615 680 1621 696 :
1638 674 1666 697 et
1679 679 1719 705 po:
1729 676 1740 698 t
1752 672 1823 699 diem

1034 713 1212 740 confessimnis
1226 713 1266 740 vel
1284 715 1447 748 pmn'tentim
1458 720 1594 749 quartum,
1606 717 1768 750 pastoralem
1777 717 1823 750 ju~

1034 758 1103 792 gitcr
1114 766 1215 790 curam,
1239 764 1269 786 et
1287 760 1365 786 linem
1387 768 1465 787 suum
1488 761 1683 800 consummavit
1705 761 1730 788 in
1745 770 1823 796 pace,

1035 809 1123 829 auten.
1139 802 1194 830 Sub
1208 803 1251 830 die
1269 804 1355 838 pridie
1381 804 1471 832 Minas
1495 805 1575 840 Aprs,
1599 805 1660 833 luna
1681 813 1749 838 xxn,
1769 814 1829 833 acra

193 849 249 883 Tu,
265 850 392 883 Domine,
412 858 465 878 non
489 851 601 885 posuisti
622 851 807 886 penitentiam
827 850 919 885 iustis,
934 851 980 886 qui
998 848 1019 877 Β
1032 854 1155 875 DCI-XXIV.
1172 857 1182 873 ι

193 903 246 922 non
263 899 444 930 peccaverunt
457 895 504 922 tibi
515 915 524 929 ,
546 896 593 923 sed
608 897 674 923 mihi
688 897 823 931 peecatori
833 917 841 929 ,
856 897 901 930 qui
916 904 981 931 pec~

192 941 250 968 cavi
275 948 356 975 super
380 949 519 969 numerum
541 949 633 969 arente
649 943 730 970 maris
753 943 827 978 (Luc.
841 943 897 977 xv).
923 942 987 969 Non

194 985 315 1013 inveniat
329 987 355 1013 in
369 993 412 1013 me
427 987 512 1014 hostis
524 988 649 1022 antiquus
662 988 732 1023 quod
748 989 850 1023 puniat.
862 988 982 1022 Tir-scis,

192 1031 254 1066 quia
270 1036 410 1066 postquam
426 1032 518 1059 infelix
529 1033 562 1059 ad
573 1041 640 1060 onus
652 1033 733 1063 istud,
751 1034 838 1067 potius
853 1041 933 1067 quam
948 1034 982 1060 ad

191 1076 336 1109 honorem,
358 1077 384 1104 in
400 1078 469 1105 hanc
483 1083 603 1106 sanctam
625 1079 765 1106 ecclesiam
789 1079 896 1114 indigne
918 1087 981 1115 per-

192 1122 263 1154 veni,
275 1130 386 1164 peceare
397 1130 532 1157 nunquam
543 1123 620 1151 sinivi
632 1132 639 1156 ;
649 1124 707 1156 sed,
719 1128 748 1151 ut
758 1124 848 1159 inique
861 1132 982 1159 agerem,

191 1166 323 1194 laboravi.
350 1166 395 1199 Et,
421 1168 485 1201 quia
509 1172 537 1194 tu
561 1168 652 1195 dixisti
669 1177 675 1195 :
692 1168 720 1195 In
740 1177 899 1204 quacunque
913 1170 980 1197 hora

192 1216 320 1248 peccator
330 1220 346 1239 a
361 1212 410 1239 viis
424 1213 479 1240 suis
501 1214 643 1240 reverterit
656 1213 762 1248 (Exerit.
781 1214 871 1249 xvm)‘,
888 1223 982 1243 omnes

193 1258 347 1293 iniquitates
361 1265 424 1285 suas
446 1257 565 1285 traderes
588 1258 733 1292 oblivioni;
750 1259 828 1293 hujus
855 1260 986 1295 praecepti

192 1311 297 1331 memor
309 1310 370 1331 sum
383 1303 431 1330 tui.
443 1302 536 1330 Clamo
547 1303 641 1337 utique
649 1311 782 1341 cumspe,
796 1308 826 1342 et
835 1304 932 1341 ﬁducia
948 1305 982 1332 ad

192 1351 229 1380 te,
245 1348 322 1382 cujus
334 1348 418 1376 cmlos
432 1348 553 1383 aspicere
567 1343 808 1386 ιξόσῆευξὴἨῐεῑηιιέ
821 1350 878 1383 p’t'ie
889 1349 980 1376 mult?-

193 1394 285 1422 tudine
299 1399 471 1429 peccatorum
484 1401 543 1428 qua:
556 1398 750 1422 eouversantur
762 1395 788 1422 in
803 1402 856 1422 me.
870 1394 980 1428 Adesto,

1033 901 1197 928 Commmini
1214 902 1333 937 Cajctani
1353 902 1381 929 in
1402 904 1558 937 superibrem
1581 903 1611 931 S.
1631 903 1727 931 [sideri
1740 904 1826 932 aditus

1152 937 1348 970 descriptionem
1364 944 1433 965 noue
1445 946 1476 964 ac
1490 940 1567 965 varia
1579 939 1710 966 lectiones.

1067 980 1095 1008 ἓ,
1119 990 1128 1007 ι
1147 981 1307 1009 Pnrelarum
1321 983 1372 1010 hoc
1386 983 1421 1010 de
1433 982 1461 1010 S.
1478 982 1572 1010 lsidori
1588 989 1676 1011 morte
1698 984 1821 1012 testimo-

1033 1027 1106 1054 nium
1118 1027 1206 1062 primo
1215 1028 1326 1061 legimus
1334 1028 1404 1055 illius
1410 1027 1541 1063 Operibus
1552 1029 1699 1063 pristinum,
1710 1029 1823 1056 editum-

1032 1081 1086 1108 que
1101 1074 1216 1105 Matriti,
1228 1074 1326 1101 deinde
1346 1074 1464 1101 Parisiis.
1486 1074 1553 1107 Quid
1568 1075 1602 1102 de
1617 1076 1700 1109 ipsius
1713 1081 1830 1103 auctore-

1033 1119 1182 1154 Redemplo
1197 1120 1294 1153 dicam,
1310 1128 1364 1148 non
1379 1121 1465 1148 habeo
1480 1130 1486 1147 :
1503 1121 1554 1148 nisi
1568 1121 1641 1156 quod
1656 1129 1689 1148 ex
1703 1122 1823 1155 ejusdem

1032 1166 1087 1200 ³ο
1108 1166 1198 1192 verbis
1225 1171 1353 1200 apparet.
1371 1166 1472 1194 Isidoro
1487 1167 1567 1194 fuisse
1588 1166 1764 1200 familiarem,
1781 1168 1830 1195 vvl'

1032 1215 1106 1238 certe
1118 1210 1302 1245 discipulum-1
1317 1216 1399 1246 atque
1421 1220 1480 1239 eam
1495 1212 1578 1247 ipsam
1601 1212 1774 1247 scriptioncm
1788 1215 1822 1242 ad

1032 1257 1187 1292 episcopum
1209 1257 1324 1291 aliquem
1347 1257 1478 1285 direxisse
1494 1267 1501 1285 :
1517 1259 1602 1292 inquit
1620 1259 1691 1286 enim
1706 1268 1712 1285 :
1734 1259 1832 1286 Visum-

1027 1304 1163 1340 .est.nu'l.ti.
1173 1308 1201 1330 ut
1211 1309 1259 1330 ture
1271 1304 1402 1331 sanctitati
1412 1304 1520 1331 ltreciter
1531 1312 1695 1338 exponerem,
1712 1306 1826 1340 qualiter

1119 1345 1304 1381 t'cq'ordutionis
1323 1349 1442 1376 dominus
1461 1358 1531 1376 meus
1547 1349 1675 1383 Isidorus,
1700 1355 1753 1377 etc.
1769 1350 1822 1377 Sed

1025 1387 1219 1430 'iie'démp'tum
1241 1395 1312 1423 hunc
1336 1394 1409 1422 illum
1434 1397 1558 1422 eumdem
1583 1402 1660 1428 esse,
1686 1396 1735 1423 eui-
1751 1395 1832 1422 idern’

191 1446 220 1469 et
229 1441 335 1476 suscipe
348 1441 499 1469 orationem
515 1446 614 1482 meam,
636 1443 743 1482 etimihi
759 1443 896 1477 peccetori
909 1443 980 1470 dona
1018 1440 1156 1482 :lsitiorns
1165 1440 1340 1482 respondens,
1352 1448 1443 1467 sacras
1455 1440 1596 1475 quasdam,
1607 1441 1641 1467 ab
1654 1447 1741 1474 eoque
1755 1447 1822 1474 pra:-

191 1486 298 1514 veniam
314 1486 486 1520 postulatam.
498 1480 574 1520 Quid:
587 1487 609 1515 si
622 1487 683 1515 em‘li
692 1481 761 1521 non
771 1484 832 1524 s’u'nft
847 1487 937 1516 mundi
954 1486 980 1524 En

1034 1480 1411 1528 ῥρςιὲςὲρηνξςαυςυειίοηεε,
1425 1492 1504 1512 nemo
1514 1505 1527 1516 ,.
1542 1485 1675 1520 putarim,
1690 1484 1821 1512 inliciabi-

191 1535 337 1566 conspectu
361 1536 419 1563 tuo,
442 1536 543 1567 quanto
568 1532 652 1566 magis
672 1540 723 1567 ego
738 1533 830 1565 homo,
854 1534 900 1568 qui
923 1533 977 1561 bibi
991 1529 1084 1562 Ctur.
1102 1531 1201 1558 Dilecto
1214 1532 1269 1566 ﬁlio
1284 1532 1310 1558 in
1330 1530 1432 1558 Christo
1449 1530 1605 1565 Redempto,
1624 1531 1821 1563 archidiaromr,

191 1576 267 1611 quasi
285 1583 369 1610 aquas
383 1576 550 1611 iniquitatem
563 1576 633 1611 (Job.
650 1578 706 1611 xv),
720 1582 748 1605 et
758 1578 858 1613 sumpsi
868 1599 876 1612 ,
891 1582 921 1605 ut
933 1585 980 1606 co-

191 1621 273 1650 lustra
284 1642 291 1654 ,
308 1623 466 1657 peccatum?
480 1623 527 1650 llis
545 1623 626 1657 igitur
640 1624 830 1652 consummatis
840 1644 848 1655 ,
861 1632 959 1659 corpus
971 1644 979 1657 ,

190 1671 219 1694 et
230 1667 387 1701 sanguinem
403 1668 509 1695 Domini
531 1676 591 1696 cum
613 1669 744 1703 profundo
758 1670 857 1703 gemitu
873 1670 979 1702 cordis,

190 1711 326 1746 indignum
340 1720 370 1740 se
381 1712 519 1747 judicans,
536 1712 570 1740 ab
590 1713 653 1748 ipsis
667 1714 783 1748 suscepit
799 1714 980 1748 pontificibus.

191 1758 292 1786 Deinde
305 1758 460 1786 eorumdem
475 1760 529 1794 29
537 1759 717 1793 sacerdotum,
730 1764 768 1792 et,
779 1761 932 1794 quicunque
946 1760 980 1787 de

191 1802 263 1830 clero
276 1807 373 1836 erant,
394 1803 491 1831 civium
506 1808 715 1837 cunctarumque
738 1804 853 1838 plebium
874 1804 980 1830 veniam

191 1846 363 1880 precabatur,
373 1847 479 1874 dicens:
492 1847 627 1881 Deprecor
640 1855 698 1881 vos,
710 1849 869 1876 sanctissimi
879 1848 981 1876 domini

192 1890 243 1917 mei
258 1891 421 1924 sacerdotes,
436 1897 610 1928 sanctamque
621 1895 855 1929 congregationem
867 1895 981 1923 clerico-

191 1942 251 1962 rum
261 1939 289 1962 et
301 1936 402 1970 populi,
413 1940 443 1964 ut
454 1945 502 1972 pro
513 1946 556 1965 me
566 1939 664 1966 infelici
677 1944 705 1966 et
717 1940 797 1975 pleno
812 1940 884 1967 omni
899 1940 980 1968 sorde

192 1979 310 2014 peccati,
332 1980 366 2008 ad
386 1981 527 2009 Dominum
550 1987 638 2011 vestra
658 1986 809 2020 porrigatur
823 1985 912 2013 oratio
929 1994 935 2012 :
951 1989 980 2013 ut

191 2025 236 2059 qui
252 2033 311 2053 meo
327 2027 422 2054 merito
443 2027 490 2055 Dei
505 2036 558 2055 non
578 2037 638 2056 sum
656 2029 751 2063 dignus
766 2031 911 2065 impetrare
923 2031 980 2058 cle-

192 2071 330 2104 mentiam,
343 2073 488 2100 intercessu
501 2077 592 2100 vestro
605 2081 710 2101 merear
720 2076 848 2109 consequi
859 2083 979 2103 meorum

191 2117 296 2145 veniam
310 2117 482 2144 delictorum.
495 2118 624 2146 Dimittite
638 2119 713 2152 mihi,
728 2120 850 2153 obsecro,
861 2121 979 2155 indigno,

191 2163 262 2197 quod
276 2164 302 2190 in
318 2169 536 2198 unumquemque
559 2165 680 2192 commisi
702 2170 819 2193 vestrum
836 2167 877 2194 :si
901 2175 979 2202 quem

1035 1576 1160 1604 Isidorus.
1182 1575 1277 1603 Exstat
1301 1577 1358 1603 hmc
1381 1575 1507 1610 espistola
1523 1576 1593 1603 inter
1615 1575 1708 1602 lsidori
1723 1574 1821 1609 Opera.

1031 1622 1109 1655 Quod
1134 1623 1156 1650 si
1183 1622 1300 1650 Isidorus
1322 1629 1384 1649 eum
1402 1626 1481 1649 vocat
1503 1621 1718 1652 acbidiaconum,
1734 1621 1779 1648 ille
1792 1629 1823 1648 so

1031 1670 1122 1705 ipsum
1135 1678 1190 1697 non
1205 1669 1254 1696 nisi
1269 1669 1409 1702 clericum,
1433 1668 1468 1696 ad
1491 1668 1599 1695 illorum
1627 1672 1777 1702 temporum
1795 1667 1832 1694 id-

1031 1713 1132 1742 releras
1144 1714 1377 1741 consuetudinem.

1071 1769 1080 1785 α
1099 1759 1241 1792 Habuerit,
1266 1758 1405 1792 Breulius;
1427 1758 1532 1791 habuit,
1549 1757 1630 1785 Matr.
1652 1756 1829 1785 Cod-Tanta

1031 1804 1203 1839 elemosyna.
1215 1803 1285 1832 Male
1296 1811 1360 1832 vero
1372 1804 1490 1836 Madrit.,
1500 1808 1599 1830 tantam
1611 1803 1824 1836 eleemotynam.—

1032 1850 1070 1877 Alt
1085 1851 1193 1877 oriente.
1205 1849 1301 1882 Madr.,
1309 1851 1415 1877 oriente.
1427 1849 1630 1876 Canoalesceret.
1643 1847 1739 1879 Madr.,
1751 1847 1822 1873 Con-

1031 1895 1258 1923 valuit.—Faceret.
1287 1894 1378 1926 Ferit,
1403 1893 1637 1920 Madr.-Dasilica.
1660 1891 1828 1924 Basilicam,~

1032 1941 1152 1968 Madrit.-
1166 1941 1291 1972 Ciliciam,
1307 1940 1339 1966 ab
1353 1939 1435 1966 altero
1453 1947 1529 1973 super
1547 1946 1574 1965 se
1587 1938 1654 1964 mitti
1674 1941 1823 1972 exposceret

1032 1987 1153 2013 cinerem.
1170 1985 1275 2012 Madrit.
1292 1985 1388 2011 vitiose
1403 1984 1477 2013 hab..
1494 1983 1578 2009 cilicio
1589 2003 1596 2015 ,
1614 1982 1646 2009 ab
1660 1982 1707 2008 alt.
1721 1990 1778 2015 sup.
1795 1989 1822 2008 se

1032 2032 1098 2058 mitti
1119 2039 1246 2065 exponere
1266 2028 1368 2056 tim-Et
1388 2033 1426 2055 ut.
1442 2028 1491 2060 Et,
1513 2027 1705 2062 Madr.~Aufer.
1727 2027 1821 2061 Differ,

1033 2075 1242 2103 Madr.-Finivi.
1264 2074 1367 2109 Siniui,
1393 2073 1665 2101 Madr.-Susurrones.
1690 2073 1821 2105 Sasurro,

1032 2121 1241 2149 Madr.oTantcit.
1253 2120 1360 2151 Breul..
1378 2119 1611 2147 Tandem-Amen.
1629 2118 1681 2146 Sub
1697 2118 1737 2143 die
1752 2117 1820 2151 prid.

1034 2166 1106 2194 Non.
1123 2166 1204 2201 April.
1221 2165 1328 2197 Breul.,
1343 2165 1417 2192 Prid.
1432 2164 1492 2191 Non
1507 2164 1590 2199 April;
1603 2163 1666 2190 Sed.
1682 2162 1748 2190 Cod.
1765 2162 1821 2188 Ma-

192 2208 341 2242 contcmpsi
355 2208 429 2240 odio,
444 2207 466 2235 si
481 2215 560 2242 quem
572 2208 653 2243 rejeei
668 2210 747 2244 impie
761 2211 898 2239 cbaritatis
912 2220 979 2239 con-
994 2210 1023 2240 D
1033 2212 1096 2240 drit.
1112 2212 1209 2239 vitiose
1224 2211 1306 2238 habet
1321 2219 1329 2237 τ
1344 2210 1418 2237 Prid.
1436 2209 1548 2236 Kalend.
1562 2209 1644 2243 April.
1670 2218 1680 2234 ι

191 2253 292 2286 sortio,
317 2253 339 2280 si
366 2260 446 2288 quem
473 2253 604 2281 maculavi
624 2255 748 2288 consilio,
773 2256 796 2283 si
813 2263 894 2290 quem
923 2257 980 2285 lrsi

192 2298 330 2326 irascendo
347 2307 354 2325 :
370 2298 496 2326 dimittite
517 2307 587 2327 nunc
600 2300 700 2335 petenti
716 2301 769 2328 imo
785 2306 812 2328 et
826 2302 978 2336 pii-nitenti.

192 2344 237 2378 Et,
249 2344 312 2372 dum
327 2351 376 2371 una
392 2352 458 2372 voce
469 2351 563 2372 omnes
573 2353 622 2380 pro
633 2353 666 2373 eo
680 2346 871 2380 indulgentiam
887 2351 980 2381 postu-

191 2390 310 2423 lassent,
324 2394 351 2417 et
364 2390 507 2425 unicuique
522 2390 604 2418 debiti
618 2399 665 2418 sua
682 2392 788 2419 vincula
799 2413 806 2424 ,
821 2393 864 2420 vel
885 2393 978 2420 chiro-

190 2434 291 2469 grapha
302 2435 491 2467 condonasset,
502 2435 706 2464 circumstantes
718 2437 814 2464 iterum
829 2437 978 2470 admonuit,

191 2480 283 2508 dicens
296 2489 302 2506 :
315 2480 481 2508 Sanctissimi
502 2481 602 2509 domini
625 2483 677 2509 mei
696 2482 831 2517 episcopi,
848 2486 875 2509 et
888 2490 982 2509 omnes

191 2524 238 2558 qui
252 2524 358 2557 adsunt,
373 2532 439 2559 rogo
453 2529 480 2553 et
494 2525 624 2558 obsecro,
641 2531 671 2553 ut
691 2527 850 2553 charitatem
865 2527 980 2553 invicem

150 2590 153 2593 .
191 2568 269 2595 vobis
288 2568 453 2601 exhibeatis.
475 2577 529 2597 non
548 2571 691 2598 reddentes
705 2572 803 2599 malum
819 2580 868 2606 pro
890 2571 980 2604 malo,

193 2620 244 2640 nec
256 2613 343 2641 velitis
355 2621 415 2642 esse
424 2622 583 2643 susurrones
594 2616 620 2643 in
631 2617 743 2651 populo.
752 2616 809 2644 Non
821 2617 940 2644 inveniat
955 2617 981 2644 in

192 2659 269 2687 vobis
279 2660 363 2688 hostis
373 2661 496 2696 antiquus
507 2662 579 2696 quod
590 2664 692 2698 puniat,
705 2664 899 2699 nonjrepcriata
909 2663 984 2691 vobis

192 2705 317 2733 relictum
331 2706 410 2741 lupus
423 2715 506 2742 rapax
521 2715 600 2741 quem
617 2708 737 2742 auferat,
753 2709 805 2737 sed
820 2710 909 2744 potius
922 2716 983 2736 cre-

195 2754 269 2783 ptam
283 2751 317 2779 ab
331 2760 379 2779 ore
392 2752 447 2787 lupi
460 2760 538 2779 ovem
552 2757 643 2787 pastor
662 2753 718 2781 suis
733 2755 850 2783 humeris
864 2761 983 2788 congau-

195 2794 262 2823 dens
287 2802 407 2833 reportet
432 2798 466 2826 ad
492 2799 561 2826 hanc
589 2798 702 2827 caulam.
726 2798 808 2834 Igitur
828 2806 888 2837 post
913 2803 982 2830 banc

1069 2257 1095 2283 5.
1114 2256 1175 2283 llme
1189 2260 1319 2291 praeterea
1343 2255 1375 2282 ad
1392 2255 1537 2288 marginem
1552 2254 1695 2287 Cajctanus
1708 2256 1821 2279 annota-

1032 2304 1071 2330 vit
1083 2313 1090 2330 :
1106 2304 1138 2330 ad
1152 2303 1234 2330 ψει-δτι
1249 2311 1255 2328 :
1268 2310 1375 2329 exorsus
1389 2306 1428 2328 est
1441 2301 1528 2327 dicetis
1540 2308 1549 2327 :
1561 2315 1596 2321 --
1607 2299 1698 2325 Oratio
1714 2298 1743 2326 S.
1767 2298 1821 2325 Isi-

1032 2350 1089 2377 dori
1109 2350 1243 2377 morientis
1263 2348 1298 2374 ad
1314 2347 1405 2374 Deum.
1421 2346 1461 2373 Ad
1476 2346 1556 2373 verba
1571 2344 1720 2379 publicano,
1743 2347 1796 2371 etc.
1812 2364 1821 2376 ,

1032 2396 1097 2424 citat
1123 2403 1182 2430 cap.
1210 2402 1275 2421 xvur
1298 2393 1399 2424 Luem;
1425 2392 1457 2419 ad
1487 2392 1567 2418 Verba
1583 2399 1590 2416 :
1606 2390 1649 2425 qui
1673 2389 1822 2422 Lazarum,

1033 2449 1095 2475 cap.
1111 2448 1137 2467 xl
1150 2440 1263 2475 Joann.;
1277 2439 1309 2465 ad
1324 2439 1415 2469 verba,
1432 2437 1480 2470 Tu,
1494 2436 1613 2468 Domine,
1628 2443 1679 2461 non
1694 2433 1801 2469 posuisti
1813 2452 1822 2465 ,

1033 2494 1092 2521 cap.
1103 2494 1137 2512 xv
1148 2485 1224 2512 Lucae
1234 2494 1241 2515 ;
1251 2484 1285 2511 ad
1297 2484 1387 2515 verba,
1398 2482 1430 2509 In
1441 2489 1590 2517 quacunque
1600 2481 1674 2511 hora,
1685 2487 1745 2513 cap.
1760 2485 1822 2506 xvnl

1033 2531 1147 2563 Ezech.;
1170 2531 1203 2557 ad
1227 2530 1319 2562 verba,
1344 2529 1419 2561 Quod
1438 2528 1460 2554 si
1470 2527 1543 2558 creti,
1563 2533 1623 2561 cap.
1650 2534 1683 2552 xv
1705 2524 1765 2551 Job.
1783 2523 1825 2550 Ad

1032 2576 1113 2604 verba
1127 2583 1218 2609 corpus
1231 2579 1256 2602 et
1269 2575 1437 2609 sanguinem,
1451 2589 1488 2594 —
1500 2571 1661 2599 Domi'nicum
1676 2577 1769 2604 corpus
1779 2569 1822 2595 dr-

1033 2625 1088 2647 cote
1101 2621 1187 2647 sumit.
1206 2619 1314 2646 Veniam
1328 2620 1391 2653 petit
1402 2618 1434 2644 ab
1448 2617 1582 2648 omnibus,
1594 2620 1618 2642 et
1638 2619 1712 2648 rogat
1729 2623 1776 2648 pro
1796 2622 1823 2640 se

1034 2665 1114 2692 arari.
1130 2664 1170 2691 Ad
1185 2664 1266 2691 verba
1279 2684 1287 2697 ,
1303 2663 1437 2690 admonuit
1452 2663 1550 2694 dicens,
1566 2677 1602 2682 —-
1616 2660 1656 2687 Ad
1670 2660 1822 2686 vlmritalem

1034 2719 1121 2738 omnes
1136 2711 1261 2737 hortatur.
1277 2709 1316 2735 Ad
1331 2709 1420 2739 verba,
1439 2707 1551 2734 osculari
1567 2706 1675 2737 studuit,
1686 2704 1823 2731 —0srulo

1035 2763 1122 2782 omnes
1133 2754 1239 2789 suscipit
1252 2754 1279 2780 in
1290 2754 1392 2789 signum
1402 2752 1547 2783 charitatis,
1564 2759 1621 2785 qua:
1636 2757 1766 2785 nunquam
1776 2756 1820 2776 es-

1035 2801 1104 2827 cidit.
1118 2801 1183 2834 Qua:
1195 2800 1270 2829 nolui
1284 2799 1394 2827 omnino
1409 2797 1589 2834 przetertuitti.
