4060 6198
412 394 484 454 33
1484 389 1900 449 ISlDORIANA.
1939 416 2007 429 -—
2047 386 2221 446 PARS
2261 390 2299 445 1.
2343 390 2494 445 CAP.
2540 388 2626 445 Vl.
3614 395 3684 451 54

483 510 540 565 4.
580 506 830 564 Narratio
859 506 1038 563 obitus
1061 504 1253 561 lsidori
1281 512 1598 561 conservata
1646 503 1745 557 fuit
1774 504 1826 557 in
1854 500 1993 557 llde—
2021 502 2071 560 A
2098 500 2240 554 enim
2269 500 2500 555 colostra
2528 502 2757 570 primum
2784 500 2889 567 lae,
2920 500 3066 572 quod
3095 501 3224 557 olim
3254 501 3489 558 maxime
3510 503 3563 558 in
3590 504 3683 561 de-

412 602 647 658 fonsiani
673 598 883 667 collegii
912 595 1312 666 Complutensis
1342 595 1563 661 Codice,
1595 603 1653 647 ut
1682 593 1797 648 Nic.
1828 592 2001 646 Anto-

413 695 535 748 nius
576 691 614 745 Ι.
644 706 696 753 v,
746 705 795 742 c.
830 688 884 747 5.
928 687 1065 741 Bibl.
1110 688 1231 741 Vet.
1278 684 1429 754 llisp.
1457 702 1510 738 n.
1539 682 1669 748 2l9,
1729 683 1893 736 refert
1931 696 1999 734 ex

414 779 700 837 Ambrosio
728 777 961 832 Morales
988 776 1026 830 l.
1057 791 1167 843 xu,
1195 790 1317 844 cap.
1365 774 1440 839 ‘2;
1491 774 1580 843 qui
1630 772 1813 827 Codex
1869 779 2001 823 tunc

413 874 883 944 septingentorum
913 882 1179 922 annorum
1200 865 1542 928 credebatur,
1573 871 1629 918 et
1658 877 1798 917 nunc
1820 869 1999 916 exstat

416 965 467 1018 in
485 959 848 1016 Escurialensi
870 957 1196 1013 bibliotheca
1217 956 1523 1026 digramm.,
1547 962 1604 1008 et
1620 954 1757 1023 plut.
1785 951 1836 1016 l,
1864 959 2001 1006 teste

416 1053 644 1124 Bayerio
664 1051 719 1105 in
750 1056 903 1112 ποις
940 1048 1031 1120 qui
1062 1048 1263 1117 pariter
1301 1045 1494 1101 asserit
1521 1043 1772 1099 eamdem
1812 1056 1999 1095 narra-

416 1144 620 1198 tionem
651 1139 915 1195 asservari
956 1139 1010 1192 in
1040 1134 1300 1190 Toletana
1344 1133 1566 1188 Joannis
1592 1131 1849 1202 Baptistae
1894 1127 2000 1184 Pe-

418 1232 547 1286 rezii
570 1228 949 1300 opusculorum
974 1224 1313 1280 collectione.
1334 1220 1462 1275 Eam
1476 1221 1755 1275 Florezius
1778 1228 1909 1272 tom.
1929 1215 2000 1269 IX

417 1318 567 1388 llisp.
600 1333 740 1371 sacr.
792 1328 914 1385 pag.
961 1312 1066 1367 566
1115 1310 1338 1381 protulit
1388 1325 1455 1364 ex
1504 1310 1650 1376 regio
1700 1304 1999 1359 Matritensi

414 1406 617 1463 Codice
656 1405 915 1475 inscripto
934 1444 947 1467 ,
980 1401 1340 1457 Scintillamm
1368 1399 1469 1468 31
1492 1397 1667 1450 Alvari
1705 1393 2001 1449 Corduben-

413 1498 487 1552 sis
511 1537 526 1561 ,
569 1496 657 1549 ubi
680 1494 873 1548 titulus
908 1492 995 1546 hic
1032 1489 1263 1557 legitur:
1293 1486 1483 1556 Incipit
1510 1486 1638 1539 liber
1678 1485 1740 1537 de
1779 1482 2000 1535 transitu

416 1588 700 1642 beatissimi
754 1584 948 1639 lsidori
1006 1578 1343 1652 Hispalensis
1398 1577 1664 1646 episcopi,
1715 1574 1881 1627 editus
1930 1571 2001 1624 ad

416 1677 752 1731 Braulionem
781 1675 1304 1743 Cesaraugustanum
1325 1670 1617 1738 episcopum
1646 1682 1678 1719 a
1718 1665 2000 1731 Redempto

414 1768 644 1837 ejusdem
680 1764 1003 1836 Hispalensis
1028 1762 1277 1816 Ecclesia
1302 1760 1504 1814 clerico.
1536 1756 1846 1813 Succedunt
1866 1754 2000 1809 Acta

418 1858 804 1917 translationis.

484 1953 538 2007 5.
575 1951 857 2005 Diversum
907 1946 973 2001 ab
1018 1944 1102 2001 his
1131 1944 1380 2000 omnibus
1406 1951 1539 2014 puto
1580 1956 1701 1998 esse
1742 1939 1997 1996 Codicem

414 2043 884 2100 membranaccum
910 2038 961 2092 in
988 2035 1083 2092 fol.
1112 2050 1309 2105 magno
1337 2034 1675 2089 bibliotheca
1701 2033 1862 2100 regia:
1888 2030 2000 2085 Ma-

416 2133 674 2196 tritensis,
706 2131 861 2200 cujus
890 2129 1136 2183 meminit
1162 2126 1586 2194 Christophorus
1616 2124 1916 2192 Rodriguez
1945 2123 1998 2178 in

417 2222 775 2296 Polygraphia
804 2220 1092 2291 llispanica
1119 2218 1187 2272 ad
1216 2232 1413 2272 annum
1442 2216 1598 2270 1057.
1627 2214 1855 2270 Exhibet
1879 2215 2001 2269 cha-

420 2312 647 2370 racteris
674 2310 897 2366 formam
926 2324 990 2365 ex
1020 2308 1078 2363 S.
1114 2307 1344 2361 Leandri
1372 2307 1508 2361 libro
1530 2304 1599 2359 ad
1633 2304 1996 2359 Florentinam

414 2417 658 2458 sororem
710 2400 778 2455 de
801 2397 1146 2455 Institutione
1174 2396 1440 2464 virginum
1474 2413 1488 2447 :
1524 2402 1635 2448 tum
1661 2393 1875 2448 titulum
1900 2392 1998 2446 ad-

414 2492 495 2547 dit
525 2509 537 2544 :
568 2490 721 2545 Liber
762 2491 825 2543 de
863 2488 1087 2542 transitu
1128 2486 1367 2540 Hisidori
1407 2486 1573 2539 editus
1607 2502 1641 2537 a
1670 2482 1949 2537 Braulione
1977 2499 1996 2537 :

411 2581 508 2637 sed
544 2582 596 2636 in
627 2580 922 2651 specimine
944 2578 1271 2634 cbaraeteris
1299 2579 1389 2630 azri
1420 2576 1591 2631 inciso
1619 2576 1813 2644 legitur
1832 2575 1997 2629 editus

413 2672 484 2724 ad
505 2671 785 2725 Braulione
805 2670 1326 2740 Cazsarangastanum
1344 2670 1641 2738 episcopum
1659 2685 1693 2721 a
1715 2666 1997 2735 Redempto

410 2760 639 2831 ejusdem
655 2759 703 2812 Η
712 2759 983 2830 ispalensis
999 2758 1246 2812 Ecclesia:
1260 2760 1464 2813 clerico.
1482 2758 1539 2813 ln
1557 2758 1836 2812 Braulione
1845 2757 1997 2814 deest

411 2852 607 2907 lineola
640 2852 936 2922 superponi
962 2852 1140 2915 solita,
1166 2866 1229 2905 ac
1253 2849 1481 2905 fortasse
1510 2858 1774 2906 vetustate
1793 2850 1992 2906 deleta:

411 2943 512 3011 legi
535 2942 679 2996 enim
707 2943 867 2996 debet
905 2940 1255 2995 Braulionem.
1306 2939 1530 2995 Exstant
1567 2941 1671 2995 alia
1702 2941 1754 2995 in
1801 2942 1993 2996 eodem

409 3032 625 3092 Codice,
659 3039 717 3084 ut
745 3030 898 3084 Liber
939 3031 1283 3101 generationis
1313 3030 1436 3084 Jesu
1474 3029 1664 3084 Christi
1690 3032 1767 3101 ﬁli
1796 3029 1987 3095 David,

409 3122 486 3190 ﬁli
536 3121 801 3174 Abraham
834 3136 850 3173 :
882 3119 1202 3190 Explanatio
1256 3118 1490 3173 Danielis
1535 3120 1833 3189 prophetat,
1880 3128 1987 3174 etc.

2102 592 2242 645 liciis
2272 599 2410 645 erat.
2433 591 2569 646 Cum
2599 601 2779 647 autem
2801 592 2986 648 Codex
3014 595 3319 649 consentiat
3346 610 3469 650 cum
3493 596 3684 652 editio-

2104 697 2172 736 ne
2198 679 2382 737 Grialii
2408 684 2459 735 in
2483 684 2565 737 his
2593 684 2768 737 verbis
2791 684 2959 752 pridie
2986 680 3255 739 Kalendas
3285 686 3500 756 Aprilis,
3530 701 3685 741 eum-

2101 771 2332 841 demque
2362 772 2506 825 diem
2535 770 2785 843 designet
2811 775 3086 845 exemplar
3114 791 3217 831 ms.
3239 775 3551 843 Gothicum,
3580 792 3688 846 quo

2101 860 2376 920 Florezius
2422 876 2553 918 usus
2597 873 2676 917 est
2700 902 2717 929 ,
2750 864 2888 919 ratio
2918 879 3016 919 cur
3041 864 3284 923 Breulius
3314 875 3370 921 et
3394 865 3685 935 Cajetanus

2102 951 2378 1015 mutarint,
2402 950 2833 1021 quandoquidem
2856 960 3040 1007 vetera
3064 963 3428 1015 monumenta.
3452 971 3681 1025 quorum

2103 1041 2357 1096 nonnulla
2385 1056 2510 1095 mox
2542 1041 2807 1106 indicabo,
2840 1042 2938 1111 ipsi
2970 1057 3078 1096 non
3108 1044 3357 1112 allegant,
3386 1045 3585 1115 petitur
3612 1061 3678 1099 ex

2100 1132 2188 1186 die
2216 1147 2324 1201 quo
2352 1132 2527 1186 obitus
2548 1130 2606 1185 S.
2630 1130 2820 1187 lsidori
2851 1133 2903 1186 in
2936 1132 3332 1205 Martyrologiis
3356 1136 3682 1202 celebratur,

2101 1222 2306 1277 scilicet
2340 1222 2514 1291 pridie
2542 1221 2724 1277 Nonas
2766 1222 2983 1292 Aprilis.
3016 1225 3179 1278 Addit
3222 1224 3529 1293 Cajetanus,
3575 1227 3679 1281 loc.

2103 1314 2223 1380 cit.,
2255 1328 2377 1384 pag.
2411 1312 2501 1379 58,
2530 1314 2817 1380 rationem,
2848 1314 2990 1383 quod
3021 1330 3164 1370 anno
3190 1316 3293 1368 L36
3319 1314 3519 1369 Pascha
3546 1317 3687 1371 cele-

2102 1404 2316 1461 bratum
2363 1404 2461 1460 luit
2490 1406 2660 1475 pridie
2690 1403 2808 1460 Kal.
2841 1405 3065 1475 Aprilis,
3098 1414 3154 1460 et
3200 1421 3323 1459 cum
3354 1405 3586 1459 lsidurus
3616 1422 3683 1459 ex

2105 1493 2388 1563 licdempti
2419 1494 2726 1550 narratione
2776 1504 2896 1564 post
2922 1495 3065 1550 diem
3094 1505 3343 1563 quartum
3392 1510 3422 1547 a
3471 1494 3682 1549 confes-

2102 1583 2256 1638 sione
2281 1584 2399 1653 ipso
2426 1584 2513 1638 die
2541 1582 2822 1639 Paschatis
2853 1593 3069 1654 peracta
3101 1583 3315 1647 abierit,
3346 1598 3686 1653 consequens

2102 1686 2187 1732 est
2213 1684 2270 1729 ut
2312 1676 2493 1730 obitus
2540 1675 2795 1731 acciderit
2823 1676 2997 1746 pridie
3025 1675 3202 1730 Nonas
3231 1674 3448 1743 Aprilis.

2174 1768 2226 1824 9.
2268 1768 2404 1823 lluic
2434 1767 2534 1837 ipsi
2586 1767 2783 1822 rationi
2832 1767 3070 1822 adhaeret
3098 1765 3214 1820 Nic.
3264 1765 3530 1820 Antonius
3559 1765 3594 1819 l.
3628 1780 3686 1833 v,

2033 1867 2077 1927 Β
2108 1861 2362 1917 Biblioth.
2399 1860 2519 1915 Vet.
2568 1858 2720 1928 llisp.
2746 1900 2762 1925 ,
2814 1875 2870 1912 n.
2901 1857 2998 1923 72,
3044 1856 3367 1921 admonens,
3418 1856 3469 1909 id
3516 1856 3690 1910 aviro

2107 1950 2424 2007 doctissimo
2446 1948 2653 2005 Joanne
2668 1946 2871 2003 Grialio
2893 1947 3235 2001 observatum
3263 1944 3317 1998 in
3341 1952 3459 1998 not.
3490 1943 3556 1997 ad
3582 1941 3689 1997 Re~

2107 2041 2313 2111 dempti
2358 2040 2674 2095 relationem
2718 2036 2971 2093 editionis
3004 2035 3359 2099 Matritensis,
3390 2042 3518 2089 aute
3539 2032 3686 2088 Con-

2105 2131 2401 2186 stantinum
2421 2127 2761 2197 Cajetanum,
2790 2125 2933 2181 illius
2952 2140 3131 2195 Operae
3156 2125 3548 2178 immemorem.
3578 2122 3686 2177 Sed

2100 2235 2227 2276 cum
2255 2218 2323 2273 ad
2345 2216 2628 2286 Redempti
2661 2215 2978 2269 relationem
2996 2213 3154 2267 nulla:
3175 2212 3285 2268 sint
3304 2210 3492 2266 Grialii
3519 2220 3683 2276 notae,

2099 2312 2353 2367 existimo
2373 2308 2487 2363 Nic.
2516 2308 2813 2363 Antonium
2838 2306 2924 2361 ιο.
2955 2305 3208 2376 Baptista:
3238 2303 3406 2360 Perez
3436 2312 3593 2361 notas
3618 2305 3685 2359 ad

2099 2400 2551 2471 praznotationem
2607 2398 2910 2453 Braulionis
2966 2396 3205 2452 indicare
3257 2396 3514 2451 voluisse.
3576 2395 3687 2450 Eas

2095 2490 2264 2545 habes
2290 2503 2454 2558 supra
2486 2502 2608 2558 cap.
2631 2486 2700 2555 5,
2731 2501 2801 2542 ex
2842 2486 3036 2555 quibus
3064 2500 3345 2554 agnosces,
3370 2483 3682 2556 Cajetanum

2097 2579 2315 2652 quidem
2364 2578 2569 2633 Perezii
2601 2586 2758 2633 notas
2787 2592 2894 2632 non
2926 2577 3234 2633 nominasse
3255 2618 3270 2642 ,
3302 2592 3366 2633 ex
3409 2578 3473 2631 iis
3502 2584 3682 2632 tamen

2096 2686 2252 2731 suam
2274 2670 2542 2725 rationem
2570 2667 2886 2738 sumpsisse,
2918 2668 3021 2733 vel,
3046 2668 3091 2722 si
3117 2676 3297 2737 negat,
3330 2667 3680 2738 subripuisse.

2098 2762 2272 2831 Auget
2317 2760 2680 2830 suspicionem
2728 2773 2903 2813 meam
2949 2757 3020 2812 de
3065 2757 3182 2812 Nic.
3225 2758 3445 2811 Antonii
3490 2758 3680 2827 lapsu,

2098 2854 2241 2925 quod
2270 2853 2430 2907 simul
2458 2852 2653 2922 allegat
2679 2850 2950 2905 Breulium
2972 2856 3100 2903 ante
3127 2848 3417 2903 editionem
3442 2845 3679 2918 Operam

2096 2945 2303 3000 lsidori.
2337 2943 2578 2998 Brculius
2599 2950 2781 2996 autem
2807 2940 2879 2993 ita
2894 2939 3170 3009 prtemittit
3191 2955 3206 2991 :
3232 2937 3520 3008 Conﬁrmat
3547 2939 3681 2992 hanc

2096 3034 2367 3104 Redempti
2389 3034 2681 3102 opinionem
2702 3032 2767 3084 de
2787 3047 2927 3084 anno
2943 3029 3191 3082 transitus
3218 3027 3281 3083 Β.
3306 3028 3499 3084 lsidori
3517 3027 3682 3083 Joan-

2092 3142 2185 3179 nes
2236 3122 2466 3181 Grialius
2511 3122 2605 3175 tali
2652 3130 2775 3175 nota
2820 3119 2889 3173 ad
2933 3121 3356 3189 prtenotationem
3385 3117 3683 3175 Braulionis

408 3210 612 3265 Auctor
639 3210 1036 3280 explanationis
1065 3224 1171 3263 non
1219 3210 1542 3263 nominatur.
1570 3207 1747 3274 Etas,
1771 3218 1827 3263 et
1854 3211 1987 3264 scri-
2012 3226 2057 3287 ρ
2092 3216 2324 3283 superius
2347 3214 2652 3267 recensitam
2679 3212 2948 3282 subjunt‘ta
2976 3228 2995 3265 :
3026 3218 3139 3266 tum
3168 3209 3448 3281 subiungit
3470 3220 3680 3279 notam,

408 3308 529 3369 ptor
548 3299 763 3355 Codicis
780 3300 851 3353 ita
875 3298 1218 3371 exprimitur:
1237 3296 1519 3352 Facundus
1540 3298 1746 3368 scripsit
1762 3313 1780 3351 :
1794 3313 1992 3351 memo-

405 3390 486 3444 ria
504 3393 616 3462 ejus
637 3393 705 3445 sit
725 3408 925 3459 semper
950 3405 969 3445 :
995 3407 1084 3444 era
1107 3389 1183 3445 bis
1203 3390 1510 3460 quadragies
1534 3398 1585 3443 et
1615 3388 1654 3441 V
1678 3398 1794 3459 post
1819 3390 1985 3444 mille-

405 3485 535 3536 sima
582 3493 831 3554 regnante
875 3484 1082 3538 domino
1130 3491 1345 3547 nostra,
1391 3492 1441 3536 et
1484 3482 1708 3553 glorioso
1755 3483 1987 3552 principe

404 3573 617 3625 domino
648 3571 991 3625 Fredenando
1019 3572 1179 3640 pro'is
1221 3572 1414 3625 domini
1445 3571 1739 3639 Sanctioni,
1780 3582 1829 3624 et
1858 3588 1985 3625 con-

405 3660 526 3730 iuge
552 3676 644 3712 sua
671 3660 899 3730 gloriosa
938 3659 1150 3713 domina
1180 3658 1397 3713 Sanctia
1434 3659 1633 3729 Regina
1659 3660 1818 3729 prolis
1846 3659 1986 3712 Ade-

406 3750 548 3819 {onsi
568 3749 851 3819 principis,
877 3764 1017 3803 anno
1061 3748 1208 3826 regni
1240 3748 1321 3802 sui
1341 3749 1438 3820 fuit
1461 3750 1671 3803 scritum
1700 3748 1795 3803 hoc
1836 3748 1982 3803 liber.

404 3844 593 3896 Attntts
622 3841 772 3909 regni
816 3839 1137 3896 Ferdinandi
1163 3841 1232 3895 ab
1259 3855 1324 3895 eo
1344 3881 1360 3908 ,
1391 3839 1484 3910 qui
1511 3838 1767 3895 Codicem
1795 3854 1986 3895 exara-

405 3933 515 3996 vit,
557 3932 746 3987 saltem
796 3931 848 3985 in
895 3931 997 3987 hac
1039 3930 1468 4000 subscriptione,
1497 3937 1558 3983 ut
1602 3927 1798 3983 editam
1844 3929 1981 3997 vidi,

403 4024 634 4078 omissus
661 4023 780 4088 fuit,
809 4023 902 4077 sed
932 4036 1104 4076 annus
1134 4021 1330 4076 Christi
1361 4029 1477 4076 erat
1509 4020 1667 4076 1647.

474 4116 526 4168 6.
553 4114 771 4169 Invenio
800 4114 854 4167 in
883 4112 1097 4167 schedis
1124 4111 1463 4166 Zaccarianis
1488 4110 1833 4166 collationem
1855 4125 1984 4165 nar-

402 4207 625 4261 rationis
647 4203 924 4274 Redempti
955 4218 1023 4258 ex
1048 4202 1283 4258 editione
1305 4201 1589 4256 Brculiana
1622 4200 1777 4264 1602,
1804 4202 1986 4255 nescio

403 4312 433 4350 a
461 4313 568 4366 quo
590 4297 781 4352 factam
808 4311 930 4350 cum
951 4295 1245 4365 exemplari
1268 4310 1369 4349 ms.
1396 4293 1743 4349 Vallieellano
1773 4292 1986 4363 Longo-

405 4388 623 4441 bartlico
648 4373 830 4440 saeculi
860 4401 913 4452 _x,
944 4400 1092 4439 num.
1118 4383 1206 4448 22,
1232 4398 1353 4453 pag.
1384 4383 1487 4436 135
1512 4391 1644 4449 terg.
1669 4383 1878 4437 Titulus
1904 4392 1987 4437 est

404 4477 459 4530 in
485 4475 683 4530 Codice
717 4492 730 4528 :
762 4475 944 4528 Obitus
972 4472 1038 4526 Β.
1061 4473 1124 4526 Β.
1154 4470 1347 4525 lsidori
1390 4472 1659 4539 Spalensis
1696 4473 1922 4542 episcopi
1951 4489 1983 4525 a

2090 3321 2250 3375 quam
2270 3304 2402 3371 dixi,
2424 3302 2511 3357 Jo.
2540 3303 2791 3374 Baptista:
2815 3302 3000 3369 Perez,
3023 3318 3054 3357 a
3084 3302 3299 3358 Breulio
3319 3317 3416 3373 per
3435 3318 3678 3358 errorem

2088 3394 2289 3451 Grialio
2333 3395 2607 3461 tributam,
2643 3394 2693 3449 in
2744 3410 2852 3465 qua
2905 3395 3083 3450 editor
3136 3392 3371 3451 Grialius
3418 3394 3681 3453 mendose

2088 3486 2265 3559 posuit
2290 3494 2547 3541 mortuum
2572 3500 2680 3539 wra
2718 3484 2824 3538 664
2852 3499 2951 3555 pro
2974 3484 3097 3539 6⁸14.

2160 3578 2245 3632 10.
2269 3577 2326 3632 ln
2358 3579 2507 3633 Actis
2530 3586 2843 3633 sanctorum
2867 3577 3007 3647 apud
3033 3577 3412 3632 Bollandianos
3436 3578 3503 3631 ad
3529 3576 3672 3633 diem

2087 3667 2123 3722 4
2150 3668 2347 3739 Aprilis
2379 3678 2554 3723 exstat
2587 3666 2705 3722 Vita
2735 3666 2956 3735 lsidori,
2986 3674 3210 3722 auctore
3236 3666 3471 3735 quodam
3499 3681 3673 3721 cano-

2087 3760 2210 3815 nico
2241 3756 2581 3826 Legionensi,
2612 3757 2666 3810 in
2704 3771 2809 3824 qua
2837 3755 3091 3809 inseritur
3118 3754 3358 3811 narratio
3388 3753 3675 3826 Redempti
3750 3748 3763 3758 ’

2086 3851 2155 3905 de
2183 3851 2333 3905 obitu
2374 3847 2593 3913 lsidori,
2634 3848 2729 3903 sed
2774 3848 3129 3918 interpolata,
3159 3848 3246 3904 vel
3284 3848 3352 3903 ab
3395 3848 3513 3919 ipso
3538 3848 3676 3904 Vitm

2085 3940 2386 4009 scriptore,
2436 3937 2522 3991 vel
2559 3937 2629 3992 ab
2674 3936 2781 3992 alio
2820 3952 2929 3992 non
2979 3938 3203 3991 multum
3252 3937 3563 4006 antiquiori.
3595 3937 3673 3992 Ea

2086 4033 2194 4087 vita
2223 4033 2276 4085 in
2298 4029 2697 4101 Appendicibus
2719 4028 3057 4099 proferetur:
3089 4044 3152 4083 ac
3182 4028 3337 4083 facile
3363 4045 3459 4100 per
3477 4045 3558 4094 se,
3581 4033 3674 4099 qui

2084 4123 2238 4191 velit,
2268 4136 2331 4177 ea
2357 4120 2668 4175 discrimina
2695 4119 2985 4174 observare
3014 4118 3232 4188 poterit,
3261 4118 3543 4188 quaeinter
3576 4135 3673 4188 ge-

2088 4214 2304 4268 nuinam
2337 4212 2620 4282 Redempti
2653 4212 2991 4273 relationem,
3015 4219 3071 4266 et
3099 4210 3239 4265 hanc
3277 4211 3435 4265 aliam
3461 4212 3674 4267 auctio-

2086 4318 2200 4358 rem
2224 4310 2531 4357 occurrunt.
2551 4301 2706 4367 Quod
2729 4300 2923 4354 attinet
2949 4298 3015 4352 ad
3037 4313 3237 4353 annum
3260 4299 3441 4353 obitus
3460 4298 3673 4366 lsidori,

2087 4400 2276 4447 auctor
2301 4394 2418 4459 ejus
2445 4392 2567 4445 vita:
2596 4407 2625 4444 a
2657 4390 2955 4460 Rcdempto
2978 4389 3135 4443 valde
3160 4388 3450 4459 discrepat.

2160 4484 2265 4555 33
2313 4484 2401 4538 Η.
2454 4482 2741 4551 Exemplar
2787 4480 3072 4537 Gothicum
3123 4481 3286 4547 regite
3333 4480 3673 4536 bibliotheca!

405 4565 689 4636 Redempto
717 4567 905 4621 clerico
932 4565 1231 4620 recensitus.
1264 4563 1578 4619 PridieKal.
1613 4566 1827 4635 Aprilis.
1863 4566 1986 4621 llzec
2022 4577 2066 4637 υ
2094 4572 2444 4640 Matritensis,
2483 4587 2550 4625 ex
2579 4586 2710 4636 quo,
2743 4578 2802 4624 ut
2830 4570 2959 4634 dixi,
2993 4570 3362 4624 narrationem
3392 4567 3675 4636 Redempti
3720 4644 3727 4651 ι

404 4666 531 4712 sunt
576 4658 946 4725 discrepantes
987 4655 1247 4712 lectiones
1271 4653 1483 4710 Codicis
1529 4671 1629 4710 ms.
1659 4674 1670 4707 :
1701 4657 1770 4709 ad
1800 4657 1984 4710 caelum

402 4747 780 4817 migrasset-ad
799 4748 1148 4819 paenitentiam
1185 4747 1669 4801 convaluit-scilicet
1690 4756 1738 4800 et
1772 4746 1988 4817 [lupar-

405 4838 606 4890 cinm...
648 4838 829 4892 adesse
862 4840 1135 4908 faceret-et
1163 4852 1279 4890 cum
1332 4845 1751 4907 magno-tantum
1791 4853 1854 4890 ac
1882 4853 1986 4891 non

403 4926 725 4983 illarum-die
749 4938 952 4999 quarto.

478 5019 531 5073 7.
560 5018 635 5071 Ab
659 5020 822 5075 oculis
844 5020 997 5089 differ
1021 5020 1140 5075 tuis.
1169 5018 1295 5075 Non
1317 5021 1609 5076 inveniat...
1634 5023 1806 5093 potius
1831 5037 1986 5093 quam

402 5110 648 5166 honorem
692 5114 747 5167 in
796 5123 1120 5168 sanctam...
1173 5112 1422 5169 laboravi.
1469 5112 1595 5169 Non
1636 5116 1988 5171 reminiscaris

402 5201 544 5253 mala
570 5217 704 5267 mea,
730 5212 780 5255 et
797 5201 1079 5269 iuventutis
1108 5203 1297 5257 delicta
1322 5219 1389 5257 ne
1418 5205 1728 5260 memineris.
1752 5205 1852 5270 Tn,
1881 5206 1988 5261 Do-

404 5289 574 5354 mine,
614 5306 719 5346 non
767 5293 1004 5362 posuisti,
1030 5302 1160 5358 etc.,
1191 5308 1368 5347 arenae
1412 5294 1592 5348 maris.
1641 5293 1713 5348 Et
1762 5297 1884 5366 quia
1932 5306 1985 5350 tu

400 5378 667 5433 dixisti-ut
707 5384 965 5449 claustra,
988 5382 1405 5451 peccatum-dum
1425 5400 1617 5453 magna
1655 5400 1773 5438 voce
1813 5385 1987 5439 indul-

398 5470 628 5540 gentiam
675 5488 791 5527 cum
844 5474 1084 5544 lacrymis
1127 5475 1674 5545 postulassent-Amen
1707 5492 1727 5531 .°
1762 5476 1853 5531 sub
1899 5478 1984 5533 die

400 5561 575 5631 pridie
600 5560 869 5619 Kalendas
898 5567 1110 5636 Aprilis.

468 5652 576 5725 32
600 5653 655 5708 8.
678 5655 888 5712 Omittit
909 5656 1090 5713 Codex
1118 5658 1262 5726 luna,
1286 5666 1419 5729 etc.,
1442 5676 1549 5716 tera
1572 5677 1785 5718 anuv.
1811 5663 1981 5734 Aper-

398 5748 517 5800 tum
551 5746 806 5804 mendum
853 5755 936 5805 est
972 5758 1028 5805 ut
1068 5752 1295 5807 claustra
1334 5768 1435 5822 pro
1460 5762 1518 5809 ut
1560 5755 1782 5811 celostra
1809 5770 1829 5811 .'
1855 5762 1981 5812 sunt

2095 4664 2372 4719 Florezius
2403 4671 2535 4718 tom.
2567 4661 2639 4716 IX
2676 4662 2830 4733 Hisp.
2861 4677 2999 4717 sacr.
3019 4700 3035 4727 ,
3068 4660 3296 4731 append.
3324 4659 3389 4726 7,
3433 4659 3677 4729 protulit,

2095 4753 2380 4809 nonnullas
2425 4753 2813 4821 discrepantias
2841 4752 2909 4805 ab
2935 4750 3173 4805 editione
3201 4746 3387 4804 Grialii
3411 4750 3674 4816 exhibet,

2094 4858 2229 4911 quas
2249 4843 2337 4897 hic
2364 4842 2655 4895 annotabo.
2684 4839 2938 4894 Habuerit
2963 4852 3014 4894 et
3033 4855 3131 4911 pro
3146 4839 3321 4893 habuit
3350 4838 3678 4911 ach-Migra-

2093 4932 2219 4986 rerit
2239 4946 2338 5001 pro
2380 4928 2794 5001 migrarit.-Hoc
2821 4946 2936 4983 tero
2963 4930 3187 5000 primum
3215 4929 3495 4999 compellor
3522 4945 3677 5000 agere

2093 5038 2189 5093 pro
2217 5022 2314 5075 hac
2341 5020 2688 5074 sollicitudine
2708 5036 2858 5090 quam
2895 5037 2961 5073 ea:
2985 5036 3160 5074 amore
3202 5020 3475 5074 charitatis
3526 5020 3582 5072 in
3613 5035 3675 5072 eo

2091 5114 2323 5183 offertis:
2347 5114 2554 5179 deinde,
2580 5127 2678 5181 pro
2699 5110 2831 5176 Qui:
2854 5129 2936 5167 res
2963 5129 3044 5166 me
3062 5113 3284 5180 primum
3308 5112 3554 5178 compulit
3577 5126 3674 5180 pro

2090 5206 2187 5258 hac
2206 5204 2553 5258 sollicitudine
2578 5219 2729 5273 quam
2754 5218 2818 5256 ea:
2844 5220 3019 5258 amore
3040 5204 3095 5257 in
3110 5219 3225 5257 eum
3245 5203 3466 5273 oﬂ'ertis,
3490 5209 3673 5255 vestra

2088 5295 2333 5349 charitati
2358 5292 2600 5365 (gratias)
2625 5309 2778 5364 agere
2796 5309 2814 5347 :
2831 5294 3034 5348 deinde.
3060 5293 3336 5350 Florezius
3364 5298 3670 5362 potaverat,

2087 5384 2347 5441 Grialium
2373 5385 2569 5452 legisse
2589 5384 2858 5439 charitatis
2881 5388 3080 5455 gratias
3101 5402 3282 5456 agere;
3299 5382 3393 5437 sed
3412 5382 3670 5451 deceptus

2090 5476 2188 5529 fuit
2208 5476 2402 5530 uncino
2422 5489 2532 5544 quo
2561 5474 2784 5531 verbum
2813 5478 3010 5546 gratias
3032 5485 3155 5545 post
3168 5473 3413 5528 charitati
3436 5471 3669 5529 Grialius

2089 5570 2322 5635 inclusit,
2350 5577 2410 5624 ut
2434 5571 2486 5625 in
2512 5568 2649 5624 Cod.
2676 5583 2777 5625 ms.
2809 5570 3007 5640 gratias
3035 5567 3223 5620 abesse
3249 5564 3665 5618 demonstraret.

2161 5660 2249 5715 η.
2285 5659 2460 5715 Pauca
2488 5676 2588 5732 pro
2615 5675 2797 5730 parva.
2814 5689 2886 5701 —
2906 5657 3071 5729 Igitur
3093 5656 3212 5708 dum
3238 5656 3395 5725 finem
3422 5671 3570 5710 suum
3594 5655 3669 5710 vir

2087 5756 2263 5811 beatus
2274 5769 2444 5811 nemo
2458 5768 2556 5825 pro
2566 5751 2704 5807 Dum
2716 5753 2869 5823 ﬁnem
2882 5763 3028 5805 suum
3041 5744 3552 5823 nescia—Fatigato
3562 5760 3669 5802 cere
