4060 6198
419 361 484 414 57
1477 359 1888 422 ISIDORIANA.
1933 395 1991 407 -—

2092 367 2218 425 ARS
2254 368 2292 424 Ι.
2333 370 2487 427 CAP.
2537 371 2642 426 Vli.
3602 389 3672 445 38

489 476 539 528 ι.
583 473 774 541 Magno
801 471 976 528 studio
1019 474 1128 542 egit
1173 471 1594 528 PseudoJuliani
1631 476 1990 542 architectus,
2022 490 2069 546 Α
2095 479 2158 533 ad
2189 497 2285 536 nos
2317 481 2558 538 mendosi
2584 482 2918 540 devenerint.
2956 483 3314 544 Couferantur
3342 505 3461 546 cum
3503 500 3672 551 versi-

419 574 478 622 ut
502 578 692 622 versus
717 578 852 631 quos
872 562 1015 632 apud
1041 563 1356 632 Cajetanum
1373 565 1458 620 vel
1483 565 1617 619 alios
1643 567 1822 636 potius
1849 568 1995 636 lege-

418 663 523 721 rat,
552 653 618 708 ad
646 652 802 707 metri
831 666 1070 706 normam
1100 653 1366 721 redigeret
1396 671 1408 707 :
1441 669 1541 710 nee
1563 656 1725 723 male,
1757 665 1815 711 ut
1841 668 1992 728 puto,

416 746 666 816 coniecit,
698 759 820 799 cum
847 747 1091 815 reposuit
1136 749 1207 800 Ac
1249 747 1397 800 reddi
1443 747 1666 804 Domino
1693 767 1839 821 quos.
1878 751 1995 806 Non

416 837 603 893 debuit
632 844 813 891 tamen
844 844 1150 906 postremos
1189 851 1376 893 versus
1421 839 1755 896 sollicitare:
1806 849 1997 899 auctor

417 929 556 984 cnim
585 927 795 996 antiqui
820 927 1074 997 epitaphii
1102 927 1325 985 innuero
1351 928 1562 984 videtur
1587 931 1847 1002 imagines
1866 946 1994 988 san-

417 1027 649 1080 ctorum,
680 1030 803 1085 quae
847 1015 900 1070 in
951 1018 1063 1087 ipso
1107 1017 1283 1087 altari,
1321 1019 1420 1074 sub
1447 1031 1556 1090 quo
1582 1017 1808 1094 carpora
1846 1021 1996 1093 jace-

417 1108 568 1172 bant,
599 1106 706 1162 coli
737 1115 1146 1164 consueverant.

489 1219 545 1274 5.
582 1217 907 1276 Mentionem
955 1217 1225 1287 Fulgentii
1273 1219 1417 1290 quod
1487 1219 1734 1290 iturusit,
1775 1223 1995 1280 omnino

419 1308 599 1378 inepte
624 1306 781 1374 fecit,
807 1309 1052 1378 quamvis
1087 1308 1140 1363 in
1169 1310 1309 1366 hanc
1337 1315 1658 1365 sententiam
1696 1311 1859 1366 verba
1887 1313 1996 1367 dis-

417 1399 582 1470 jungit
610 1395 838 1453 membra
857 1399 1073 1454 duorum
1100 1401 1390 1456 mutaverit
1417 1401 1473 1455 in
1499 1401 1747 1472 disjungit
1771 1401 1996 1457 membra

417 1489 686 1558 priorum;
719 1496 778 1542 ut
818 1487 1001 1544 multis
1047 1491 1226 1558 arguit
1251 1489 1367 1547 Nic.
1401 1490 1665 1547 Antonius
1705 1491 1743 1545 ι.
1776 1507 1810 1546 v
1857 1491 1992 1546 Bibl.

421 1576 558 1642 γει,
591 1592 648 1632 n.
675 1575 781 1641 52;
812 1576 905 1644 qui
929 1577 1218 1644 concludit,
1251 1587 1422 1633 totum
1443 1579 1772 1650 epitaphium
1801 1580 1997 1635 barba-

415 1666 579 1730 riora,
607 1679 769 1735 quam
795 1663 1172 1720 lldet'onsinum
1198 1665 1316 1732 init,
1344 1667 1630 1736 septimum
1653 1668 1876 1730 scilicet,
1910 1683 1998 1723 re-

412 1753 598 1809 dolere
627 1751 860 1807 secula;
890 1752 1034 1810 inter
1053 1754 1156 1809 alia
1183 1755 1440 1820 carmina,
1473 1770 1505 1810 a
1550 1753 1996 1812 Pseudo—Juliano

2097 570 2196 626 bus
2220 587 2356 640 quos
2409 571 2626 641 Eugenii
2670 573 2734 626 lll
2780 573 3024 633 Toletani
3055 587 3205 636 certo
3251 596 3371 638 esse
3419 595 3672 654 constat,

2095 678 2271 734 neque
2298 681 2568 735 magnum,
2601 676 2660 723 ιιι
2688 683 2788 738 ego
2829 680 2958 740 puto
2980 711 2998 738 ,
3036 674 3322 732 discrimen
3353 680 3669 738 invenietur.

2095 752 2150 808 In
2198 756 2435 812 secundo
2484 773 2644 812 versu
2692 759 2972 828 praeferam
3015 765 3336 835 scripturam
3380 770 3622 839 Cajetani
3657 791 3670 826 :

2095 841 2322 898 Leandri
2352 843 2657 915 Isidorique,
2689 849 2915 915 priorum
2943 867 3009 905 ea;
3045 853 3225 908 ordine
3253 864 3446 925 vatum,
3477 859 3576 916 nisi
3604 875 3671 915 ex

2077 934 2405 1008 conjectura
2436 935 2610 1004 malis,
2640 935 2885 1004 Leandri,
2921 941 3135 1012 lsidori,
3165 947 3447 1014 primorum
3486 965 3553 1004 ea:
3581 967 3673 1006 or-

2095 1024 2214 1079 dine
2233 1032 2426 1088 natum,
2451 1025 2538 1081 vel
2561 1028 2778 1096 primori
2797 1045 2863 1084 ea:
2882 1030 3063 1085 ordine
3082 1041 3272 1089 uatum.
3301 1036 3675 1107 Accipiebatur

2094 1127 2162 1172 eo
2190 1123 2434 1185 tempore
2460 1127 2594 1172 vates
2617 1134 2718 1189 pro
2745 1121 3047 1186 sacerdote,
3077 1124 3164 1180 vel
3188 1127 3441 1195 episcopo
3467 1145 3494 1181 εν
3526 1129 3672 1198 quod

2093 1203 2276 1259 multis
2312 1207 2572 1276 exemplis
2597 1207 2652 1263 in
2680 1207 3004 1266 Dictiouario
3047 1211 3302 1284 Ducangii
3347 1231 3381 1269 a
3421 1215 3673 1272 Maurinis

2095 1301 2254 1350 aucto
2282 1295 2683 1366 comprobatur.

2096 1473 2131 1529 h
2164 1382 2236 1532 ﬁ;
2257 1381 2315 1438 In
2340 1385 2579 1444 versibus
2603 1385 2946 1446 Bibliotheca:
2985 1389 3173 1447 lsidori
3215 1393 3293 1448 sic
3333 1393 3400 1450 de
3430 1392 3674 1450 Leandre

2137 1489 2166 1528 a
2241 1482 2326 1528 tur
2355 1492 2370 1529 :

2137 1482 2326 1529 abetur
2355 1492 2370 1529 :

2281 1585 2386 1655 Non
2413 1589 2528 1655 satis
2551 1589 2759 1649 antiquis
2778 1589 3064 1655 doctoribus
3081 1593 3235 1655 impar
3260 1591 3484 1655 tiaberis,

2345 1647 2568 1696 Leander
2593 1647 2760 1699 vates:
2785 1649 2876 1699 hoc
2899 1659 2981 1699 tua
2997 1651 3124 1700 dicta
3147 1647 3346 1702 docent.

2098 1748 2414 1817 Quanquam
2442 1762 2545 1820 ego
2572 1749 2626 1803 in
2664 1758 2975 1819 pervetusto
3022 1751 3219 1808 Codice
3261 1754 3497 1809 Archivii
3525 1754 3674 1810 Vati-

417 1843 592 1899 amcta
621 1842 910 1908 lldel’onso,
959 1843 1254 1916 repositum
1292 1844 1392 1900 fuit
1437 1844 1543 1900 hoc
1584 1845 1914 1915 epitaphium
1943 1845 1998 1901 in
2029 1840 2071 1901 Β
2099 1839 2219 1908 cani
2267 1839 2409 1896 hunc
2467 1840 2679 1894 titulum
2723 1841 2904 1896 inveni
2953 1842 3184 1911 Isidoro,
3231 1859 3338 1899 non
3385 1844 3670 1910 Leandre,

413 1935 651 2006 editione
699 1932 919 1988 Patrum
961 1931 1367 1988 Toletanorum.
1395 1931 1658 1988 Observat
1687 1941 1864 1988 tamen
1905 1948 1997 1988 sa-

414 2025 776 2095 pientissimus
799 2021 982 2078 Editor
1008 2022 1060 2076 in
1082 2031 1232 2090 nota,
1257 2023 1309 2076 in
1334 2021 1452 2076 Vita
1481 2022 1536 2076 S.
1565 2020 1777 2092 lsidori,
1801 2038 1832 2078 a
1855 2023 1998 2079 Luca

418 2113 678 2178 Tudensi,
731 2120 790 2166 ut
837 2112 1092 2177 creditur,
1134 2113 1358 2182 scripta,
1407 2113 1631 2182 reperiri
1678 2113 1783 2167 hoc
1828 2114 2000 2183 epita-

419 2202 604 2271 phiam
633 2202 730 2258 sub
774 2200 1025 2256 llJel‘onsi
1056 2201 1275 2255 nomine
1308 2219 1320 2254 :
1355 2201 1699 2256 nihilominus
1742 2201 1856 2257 Nic.
1890 2203 1998 2256 An-

419 2295 570 2350 tonio
595 2295 904 2360 assentitnr,
935 2295 1026 2362 qui
1053 2307 1228 2360 neque
1265 2291 1537 2357 llJelonsi,
1563 2307 1737 2360 neque
1778 2292 1999 2349 alterius

417 2383 623 2453 antiqui
649 2391 800 2452 putat
822 2396 962 2446 esse,
991 2397 1092 2452 qua
1120 2383 1313 2450 forma,
1346 2389 1406 2434 ut
1424 2380 1657 2450 explicat
1685 2379 1798 2434 Nic.
1830 2379 2000 2435 Anto-

418 2478 561 2542 nius,
592 2477 730 2545 apud
745 2476 1070 2529 collectorent
1095 2476 1362 2544 apparuit,
1391 2473 1454 2527 ab
1479 2490 1561 2539 ea,
1588 2489 1701 2542 qua
1718 2490 1784 2528 ea:
1812 2473 1999 2529 Codice

421 2567 628 2621 A‘icalai
656 2565 820 2619 Fabri
843 2567 1052 2634 propria
1083 2567 1254 2636 [arma
1286 2567 1406 2636 fuit,
1437 2581 1540 2619 non
1568 2581 1746 2635 parum
1775 2566 1996 2620 diversa.

415 2654 494 2710 De
522 2655 714 2721 forma,
744 2669 849 2724 qua
878 2653 1019 2726 apud
1054 2663 1328 2710 auctorem
1359 2654 1481 2710 vita:
1527 2655 1584 2708 S.
1617 2653 1803 2710 lsidoti
1833 2671 1999 2725 appa-

416 2747 546 2814 ruit,
575 2745 690 2801 Nie.
717 2748 982 2804 Antonius
1006 2748 1136 2803 nihil
1156 2748 1345 2806 statuit
1373 2764 1386 2800 :
1415 2748 1506 2818 qui
1537 2747 1696 2815 forte,
1733 2750 1856 2804 dum
1885 2753 1999 2805 haec

416 2841 698 2907 scriberet,
730 2841 871 2898 hanc
899 2857 1008 2910 pra:
1037 2841 1206 2896 oculis
1237 2857 1346 2896 non
1375 2841 1581 2895 habuit.
1614 2840 1672 2896 ln
1699 2857 1762 2897 ea
1793 2841 1913 2897 Vita
1937 2843 1994 2900 Β.

419 2927 610 2985 lsidori
651 2929 865 2998 legitur,
897 2931 973 2984 uti
1001 2930 1144 3000 apud
1171 2928 1692 2998 Pseudo-Julianum,
1724 2931 1807 2986 his
1831 2945 1997 2986 exce-

419 3020 562 3091 ptis:
593 3020 846 3086 Leandri,
878 3021 1091 3089 lsidori,
1122 3024 1423 3093 par-iamque
1437 3038 1502 3075 ea:
1521 3022 1700 3076 ordine
1726 3023 1998 3076 vatum-0!

419 3127 571 3180 quam
596 3114 874 3176 composita
901 3113 1145 3167 consors!
1175 3113 1254 3165 hic
1285 3112 1440 3184 digna
1461 3113 1692 3181 quiescit.
1723 3110 1998 3168 Omittitur

2100 1929 2414 1998 ascriptum,
2449 1929 2502 1984 in
2527 1943 2637 1998 quo
2657 1929 2883 2000 proinde
2903 1931 3179 2002 legebatur
3205 1931 3409 1990 Isidore
3436 1938 3674 2004 antistes,

2098 2033 2208 2074 non
2237 2019 2472 2074 Leander
2495 2029 2656 2076 vates.

2170 2125 2224 2182 9.
2264 2125 2324 2182 In
2351 2127 2536 2184 codice
2573 2127 2931 2185 Escurialensi
2977 2131 3160 2186 saeculi
3208 2147 3277 2186 xv
3318 2132 3590 2202 descripto
3637 2149 3668 2188 a

2100 2213 2455 2283 Rodriguezio
2481 2216 2549 2270 de
2576 2215 2786 2283 Castra,
2835 2225 2875 2272 ι.
2905 2217 2956 2284 ,ιι
3005 2218 3139 2274 Bibl.
3188 2219 3364 2290 Πίον..
3391 2235 3513 2292 pag.
3544 2222 3672 2289 286,

2098 2303 2155 2359 in
2183 2319 2290 2372 quo
2314 2313 2447 2374 ,sunt
2473 2303 2822 2375 Etymologia:
2849 2306 2904 2362 in
2932 2322 3235 2366 sermonem
3264 2311 3372 2381 38
3399 2311 3674 2381 antiquum

2099 2393 2393 2462 Hispanum
2421 2410 2712 2459 conversa},
2756 2403 2936 2451 exstat
2985 2397 3126 2452 idem
3172 2397 3514 2469 Epitaphium
3563 2409 3676 2458 tum

2098 2478 2330 2550 Latine,
2371 2490 2484 2536 tum
2515 2481 2770 2552 llispane,
2816 2482 2930 2537 fere
2973 2493 3033 2540 ut
3075 2484 3127 2538 in
3175 2487 3360 2542 coJice
3388 2487 3571 2546 Fabri.
3621 2490 3675 2545 ltt

2097 2572 2272 2642 primo
2300 2587 2456 2626 versu
2479 2574 2796 2644 geminorum
2825 2590 3041 2644 corpora
3074 2578 3296 2647 fratrum
3335 2594 3354 2634 :
3400 2577 3455 2632 in
3478 2593 3673 2633 secun-

2098 2662 2191 2726 do,
2219 2661 2494 2728 mendose,
2522 2678 2802 2731 parumque
2831 2677 2894 2715 ea:
2920 2663 3102 2717 ordine
3143 2673 3319 2719 natum
3347 2706 3364 2732 ,
3414 2667 3464 2720 in
3494 2667 3672 2730 tertio,

2098 2765 2246 2803 soror
2275 2752 2498 2804 devota:
2532 2751 2584 2802 in
2629 2759 2840 2819 quarto,
2876 2751 2920 2804 υ
2960 2769 3111 2824 quam
3147 2758 3430 2824 composita
3461 2773 3674 2811 concors

2098 2839 2179 2892 hic
2209 2839 2364 2910 digna
2395 2840 2604 2909 quiescit
2632 2855 2649 2892 :
2697 2841 2746 2892 in
2777 2841 2967 2908 quinto
2993 2882 3008 2906 ,
3060 2840 3298 2896 Isidorus
3332 2845 3525 2900 medius
3554 2861 3571 2897 .°
3619 2845 3672 2898 in

2096 2937 2271 2995 sexto,
2315 2929 2385 2982 Hi
2430 2931 2605 2999 quales
2634 2932 2835 3000 {uerunt
2858 2947 2880 2984 :
2919 2932 2970 2986 in
3009 2934 3260 3001 septimo,
3313 2933 3596 3002 Cognosces
3627 2945 3673 2987 et

2096 3038 2201 3075 eos.
2235 3022 2281 3075 A
2301 3023 2460 3076 lditnr
2486 3032 2696 3089 octavo,
2726 3023 2832 3093 Spe
2860 3035 3044 3089 certos,
3076 3026 3350 3098 plenosque
3365 3027 3489 3094 ﬁde,
3519 3042 3673 3094 super

2099 3113 2274 3165 omnia
2302 3112 2506 3166 charos.
2556 3111 2613 3165 In
2666 3129 2830 3179 nono,
2879 3113 3216 3184 Dogmatibus
3266 3132 3444 3170 cernes
3490 3117 3673 3170 horum

418 3201 621 3255 mentio
661 3199 946 3272 Fulgentii,
990 3215 1085 3256 seu
1132 3215 1318 3254 versus
1346 3217 1358 3254 :
1387 3198 1451 3253 In
1479 3199 1660 3270 quibus
1685 3199 1766 3253 ln'c
1796 3201 2004 3256 recubat
2028 3187 2075 3250 C
2104 3203 2321 3256 crevisse
2349 3203 2549 3272 ﬁdeles.
2585 3203 2636 3255 ln
2667 3202 2898 3271 decimo,
2941 3208 3009 3256 Ac
3038 3203 3178 3257 rredi
3211 3204 3432 3259 Domino
3472 3221 3572 3274 pro
3599 3209 3672 3258 Ac

420 3286 724 3358 Fulgentius
754 3305 772 3343 :
802 3291 997 3360 inspice
1025 3301 1126 3343 tres
1177 3289 1426 3358 Itos.-Spe
1472 3301 1637 3345 certos
1661 3332 1677 3359 ,
1725 3291 1998 3362 plenosque

417 3377 882 3448 ﬁde-Dogmatibus
914 3396 1093 3432 cernas
1125 3379 1334 3432 Itorunt-
1365 3380 1467 3448 37
1492 3379 1565 3430 Ac
1594 3380 1739 3432 reddi
1772 3380 1994 3435 Domino

415 3470 748 3540 quod-thue
771 3473 905 3524 viros
932 3471 1110 3524 credas
1135 3471 1373 3524 sublimes
1405 3473 1562 3527 vivere
1590 3472 1993 3542 semper,-Aspi-

413 3562 551 3612 ciens
582 3576 781 3611 sursum
809 3560 970 3627 pictos
1000 3562 1245 3612 contende
1271 3561 1456 3613 riderc.

484 3674 536 3728 6.
581 3672 714 3728 Cum
745 3687 873 3741 ergo
895 3683 1083 3728 auctor
1111 3672 1240 3727 Vita:
1268 3674 1322 3729 S.
1350 3674 1559 3740 lsidori,
1580 3672 1879 3742 quisaaculo
1903 3688 1993 3728 xm

414 3765 609 3820 vixisse
641 3764 900 3832 creditur,
929 3763 1258 3834 epitaphium
1303 3763 1491 3820 lsidori
1529 3763 1796 3818 lldefonso
1834 3763 1992 3817 attri-

410 3858 564 3922 buat,
595 3855 942 3924 quaerendum
973 3863 1076 3919 est,
1106 3869 1176 3910 an
1201 3854 1526 3924 ciuscemodi
1553 3869 1756 3918 versus,
1781 3854 1990 3908 etiamsi

410 3949 468 4003 S.
502 3944 749 4002 lldelonsi
779 3962 888 4000 non
933 3947 1073 4010 sint,
1108 3953 1285 3999 tamen
1326 3960 1454 3999 saec.
1506 3961 1630 4009 xm,
1662 3943 1990 4013 antiquiores

410 4039 618 4095 censeri
651 4035 875 4107 possint,
904 4034 1048 4106 quod
1071 4045 1256 4101 aperte
1274 4042 1433 4101 negat
1461 4033 1734 4088 Florezius
1764 4042 1895 4089 tom.
1920 4031 1985 4088 X.

411 4125 560 4197 llisp.
590 4143 752 4191 sacr.,
785 4141 905 4182 cum
937 4127 1003 4179 de
1030 4124 1088 4182 S.
1119 4123 1404 4192 Fulgentio
1430 4123 1558 4194 agit.
1592 4123 1848 4194 Equidem
1875 4125 1989 4178 ani-

411 4234 554 4274 mum
583 4233 682 4287 ego
709 4234 818 4272 non
849 4217 1042 4273 induco
1066 4257 1085 4284 ,
1131 4223 1188 4270 ut
1217 4217 1457 4281 credam,
1503 4217 1821 4284 scriptorem
1853 4216 1988 4271 Viue

409 4311 466 4366 S.
497 4310 706 4378 lsidori,
737 4324 802 4364 ac
828 4309 998 4364 multo
1024 4309 1220 4370 minus,
1252 4309 1296 4362 si
1319 4309 1365 4363 is
1392 4308 1551 4362 fuerit
1580 4307 1749 4363 Lucas
1777 4307 1988 4364 Tuden-

407 4400 500 4464 sis,
529 4399 610 4454 vir
646 4399 862 4470 probus,
891 4397 1222 4469 epitaphitun
1251 4397 1438 4453 lsidori
1473 4399 1838 4468 composuisse
1861 4442 1878 4468 ,
1929 4408 1986 4458 ut

407 4491 692 4555 lldefonso,
725 4498 976 4562 tanquam
1001 4489 1229 4556 auctori,
1279 4488 1404 4544 illud
1434 4489 1730 4560 attingeret.
1761 4488 1986 4561 Oportet

405 4593 554 4647 ergo,
587 4587 646 4636 ut
674 4594 1010 4644 censeamus,
1045 4579 1374 4649 epitaphium
1399 4577 1511 4646 jam
1555 4580 1680 4634 olim
1718 4579 1818 4634 sub
1847 4579 1987 4636 lide-

407 4669 542 4724 ΐοιιεί
572 4669 788 4724 nomine
810 4678 936 4724 ante
964 4668 1138 4723 Vitam
1169 4667 1356 4721 lsidori
1380 4668 1632 4737 scriptam
1656 4667 1982 4738 divulgatum

407 4759 592 4827 fuisse,
619 4759 762 4828 quod
806 4760 1038 4829 scriptor
1072 4758 1202 4812 Viue
1230 4756 1418 4812 lsidori
1445 4756 1585 4812 bona
1614 4756 1714 4810 [ide
1736 4757 1978 4828 arripuit.

407 4849 835 4906 Vetustissimum
859 4849 1109 4904 Codicetn
1130 4847 1414 4903 Gothicam
1443 4847 1719 4912 laudat,ut
1735 4848 1980 4911 vidimus,

406 4940 712 5010 Cajetanns,
743 4941 795 4995 in
825 4955 934 5009 quo
964 4939 1020 4993 bi
1047 4954 1231 4992 versus
1259 4951 1449 5005 magna
1477 4952 1538 4992 ex
1571 4946 1722 5006 parte
1747 4938 1984 4992 contine-

403 5031 619 5087 bantur.
662 5031 721 5086 ld
759 5031 803 5085 si
830 5045 1011 5086 verum
1041 5036 1144 5095 est,
1173 5026 1430 5095 majorem
1463 5025 1718 5096 epitaphii
1747 5035 1983 5083 vetusta-

405 5132 512 5176 tem
538 5123 742 5192 arguit,
786 5138 945 5192 quam
976 5136 1095 5188 qua:
1131 5136 1159 5174 a
1207 5119 1321 5173 Nic.
1371 5119 1605 5174 Antonio
1647 5119 1978 5188 agnoscitur.

403 5212 508 5265 Sed
529 5210 774 5279 Cajetani
807 5212 936 5265 tides
966 5211 1020 5266 in
1049 5210 1315 5266 veteribus
1338 5207 1665 5264 membranis
1693 5208 1982 5276 allegandis

403 5300 637 5355 Νειυὸωο
667 5317 731 5356 ac
760 5301 1027 5356 nonnullis
1069 5300 1187 5356 aliis
1215 5299 1357 5354 lluxa
1386 5307 1441 5353 et
1488 5299 1691 5355 incerta
1723 5299 1832 5352 visa
1876 5307 1978 5354 est.

475 5392 526 5444 7.
566 5393 812 5461 Alioquin
851 5394 975 5448 dum
1005 5407 1190 5448 versus
1218 5393 1384 5462 ipsos,
1435 5399 1494 5447 ut
1522 5391 1661 5460 apud
1706 5399 1980 5446 auctorem

399 5488 641 5534 veterem
667 5481 800 5536 Vitae
829 5484 884 5537 S.
915 5482 1122 5548 lsidori,
1161 5491 1216 5537 et
1241 5481 1551 5550 caietanum
1580 5489 1706 5535 sunt
1732 5523 1749 5549 ,
1779 5490 1983 5537 attente

402 5566 650 5638 inspicio,
691 5570 820 5626 nihil
864 5585 994 5626 sane
1037 5569 1274 5637 invenio,
1302 5585 1398 5625 cur
1423 5570 1621 5626 saeculo
1649 5587 1718 5624 vn
1752 5580 1848 5626 aut
1889 5587 1980 5626 vut

399 5657 644 5725 indignos
667 5659 938 5728 iudicem;
977 5660 1273 5731 praesertim
1305 5675 1427 5716 cum
1457 5658 1613 5714 facile
1639 5661 1730 5728 sit,
1775 5670 1832 5716 ut
1886 5663 1984 5720 de-

399 5749 719 5818 scriptorum
732 5749 957 5816 incuria,
980 5749 1126 5818 quod
1147 5751 1259 5812 fere
1284 5751 1338 5810 in
1356 5750 1473 5808 aliis
1492 5749 1740 5809 omnibus
1760 5753 1976 5820 accidit,

2016 4541 2066 4600 D

2099 3291 2265 3344 reddi.
2308 3290 2686 3346 Desiderantur
2712 3290 2818 3346 duo
2849 3292 3124 3360 postremi,
3159 3290 3323 3362 thue
3353 3293 3508 3359 viras,
3539 3301 3672 3360 etc.,

2097 3380 2192 3434 sed
2222 3381 2396 3433 vet-sio
2425 3378 2470 3430 ll
2492 3380 2709 3448 spanics
2736 3395 2831 3434 eos
2861 3379 3022 3434 fuisse
3043 3381 3236 3446 arguit.

2168 3470 2252 3523 l0.
2296 3469 2552 3539 Fuerunt,
2575 3471 2664 3540 qui
2691 3470 2962 3540 epitaphio
2987 3469 3171 3524 lsidori
3201 3486 3306 3528 non
3327 3471 3668 3528 lldelonsunt.

2095 3559 2187 3614 sed
2216 3561 2376 3613 alium
2405 3571 2676 3614 auctorem
2703 3568 3022 3626 quaerent,
3055 3558 3258 3614 scilicet
3298 3558 3661 3625 Braulionem,

2095 3648 2231 3704 Audi
2278 3648 2393 3706 Nic.
2424 3650 2711 3704 Antonium
2746 3649 2784 3704 ι.
2819 3665 2869 3713 ν,
2897 3663 3014 3716 cap.
3059 3646 3112 3713 5,
3155 3647 3288 3703 Bibl.
3320 3649 3437 3705 Vet.
3491 3649 3671 3719 Bisp.,

2093 3757 2148 3799 ιι.
2181 3740 2248 3794 67
2282 3757 2294 3794 :
2337 3739 2602 3794 Brauliani
2631 3747 2802 3792 tamen
2826 3736 3288 3807 Caesaraugustam
3313 3740 3554 3809 episcopo
3587 3750 3669 3794 at-

2091 3833 2332 3888 tributum
2360 3833 2548 3887 alicubi
2579 3833 2793 3900 legimus
2813 3831 3129 3901 epitaphium
3160 3832 3269 3887 SS.
3297 3832 3525 3890 Leandri
3549 3875 3566 3900 ,
3615 3850 3665 3889 et

2093 3924 2308 3987 lsidori,
2336 3923 2470 3992 quod
2500 3923 2743 3990 scriptum
2773 3931 2977 3975 exstare
3007 3923 3150 3974 aiunt
3177 3923 3245 3975 ad
3270 3923 3428 3990 ﬁnem
3456 3923 3665 3992 Etyma—

2091 4017 2344 4088 lagiarum
2373 4015 2435 4071 S.
2463 4013 2654 4070 [sideri
2678 4015 2732 4066 in
2753 4014 2881 4066 libro
2911 4011 3125 4067 Gut/tiro
3147 4015 3445 4066 monasterii
3469 4015 3529 4068 δ.
3560 4013 3668 4068 Do-

2090 4108 2265 4160 minici
2305 4107 2368 4159 de
2399 4105 2605 4160 Silos...
2635 4102 2789 4174 Atqui
2825 4103 3007 4156 litteris
3041 4101 3100 4156 D.
3131 4102 3343 4156 Antonii
3390 4101 3662 4172 (Lupiam)

2089 4198 2328 4268 Zupatw,
2349 4206 2397 4250 et
2427 4197 2632 4266 Aragon
2665 4195 2732 4247 ad
2760 4192 2882 4248 Rea.
2917 4191 2983 4246 Ρ.
3015 4191 3082 4244 F.
3111 4190 3420 4246 Ludovicunt
3441 4193 3504 4245 de
3531 4191 3666 4244 Mter

2091 4287 2542 4342 Benedictinot‘um
2583 4284 2838 4352 Hispana:
2885 4281 3297 4352 congregationis
3345 4280 3518 4334 Roma:
3544 4297 3665 4347 pro-

2090 4387 2375 4430 curatorem
2406 4374 2460 4426 Η
2500 4372 2774 4428 Februarii
2805 4373 2888 4427 die
2916 4372 3041 4426 anni
3094 4369 3252 4438 1657,
3293 4388 3359 4426 ea:
3390 4371 3450 4427 S.
3488 4369 3664 4424 [Emi-

2088 4469 2218 4522 liani
2245 4465 2554 4522 monasterio
2583 4465 2739 4529 datis,
2763 4463 3016 4518 distichon
3044 4461 3175 4516 illud
3203 4477 3220 4516 .'
3250 4525 3258 4539 ι

2211 4584 2339 4634 Crux
2364 4583 2468 4631 haec
2488 4582 2612 4632 alma
2635 4582 2768 4642 gerit
2789 4590 3062 4629 sanctorum
3083 4555 3286 4642 corpora
3312 4577 3534 4636 fratrum,

2214 4645 2416 4696 Leandri
2444 4641 2729 4706 lsidorique,
2759 4644 2968 4701 priorum
2995 4655 3055 4689 ex
3081 4641 3254 4688 Ordine
3281 4646 3459 4696 vatum,

2055 4749 2158 4824 .ita
2187 4747 2282 4815 legi
2330 4747 2383 4798 in
2415 4744 2627 4799 laudato
2657 4741 2913 4798 Exiliensi
2957 4740 3144 4800 Codice
3183 4740 3515 4812 comprobare
3545 4758 3665 4809 pos-

2085 4852 2256 4890 sumus
2290 4852 2303 4886 2

2195 4949 2330 5002 .Crux
2359 4948 2459 4996 haec
2479 4947 2602 4995 alma
2627 4947 2770 5009 gerit.
2794 4982 2806 4996 .
2834 4982 2847 4994 .
2874 4982 2887 4995 .
2915 4981 2927 4992 .
2951 4959 3150 5007 corpora
3172 4945 3202 4992 lt
3213 4953 3398 5003 atrum,

2205 5010 2414 5058 Leandri
2443 5008 2708 5068 lsidotipte
2735 5021 2900 5070 parum
2925 5021 2988 5055 ex
3011 5008 3183 5058 ordine
3205 5009 3449 5055 abbatum.

2087 5111 2228 5178 Quas
2250 5115 2448 5167 litteras
2476 5115 2705 5185 ejusdem
2734 5112 2947 5184 Zapata:
2979 5129 3134 5165 manu
3164 5112 3383 5180 scriptas
3411 5125 3558 5183 penes
3581 5123 3660 5160 me

2085 5207 2263 5262 habeo.
2299 5205 2450 5261 Nihil
2479 5215 2648 5260 tanten
2676 5205 2730 5257 id
2753 5220 2847 5258 nos
2877 5211 3095 5257 removet
3127 5219 3157 5254 a
3194 5203 3400 5255 saniore
3419 5198 3656 5268 judicio:

2087 5315 2202 5352 cum
2229 5315 2257 5351 e
2295 5313 2450 5349 manu
2489 5297 2590 5350 ista
2631 5301 2705 5348 tot
2734 5293 2866 5346 male
2897 5309 3038 5346 sana?
3065 5292 3298 5360 ﬁctiones
3329 5287 3612 5356 prodierint
3639 5303 3657 5339 :

2085 5390 2310 5460 ordoque
2337 5387 2575 5443 abbatum
2604 5387 2689 5440 via:
2719 5394 2793 5439 est
2819 5427 2834 5451 ,
2883 5395 2937 5438 ut
2966 5385 3207 5455 imputari
3235 5397 3344 5452 pra:
3369 5378 3657 5449 pontiﬁcali

2084 5479 2358 5552 dignitate,
2395 5494 2494 5549 qua
2524 5479 2686 5548 functi
2714 5476 2863 5530 ambo
2889 5487 3036 5543 sunt,
3079 5472 3413 5528 sanctissimis
3443 5470 3564 5524 viris
3594 5473 3657 5524 ab

2082 5572 2421 5642 ineptissimo,
2467 5582 2516 5625 et
2566 5571 2905 5626 rusticissimo
2943 5580 3114 5640 poeta,
3146 5567 3231 5637 qui
3283 5563 3494 5621 Braulio
3525 5577 3656 5618 certe

2085 5679 2185 5718 non
2211 5671 2307 5725 est,
2338 5672 2613 5716 mereatur.
2645 5660 2873 5716 Breviter
2901 5663 2962 5713 de
2993 5659 3091 5723 Itis,
3124 5667 3232 5710 etc.

2159 5752 2243 5806 tt.
2284 5751 2696 5825 Ineptissintum,
2719 5760 2781 5820 _ct
2805 5747 3211 5806 rustit-issimutn
3237 5755 3451 5818 poetam
3477 5757 3653 5810 vocat,
