  <div class='ocr_page' id='page_1' title='image "/cluster/home/n/w/nwhite01/storage/ocr_20150623/81/hvd.32044054758859/025.png"; bbox 0 0 4028 6200; ppageno 0'>
   <div class='ocr_carea' id='block_1_1' title="bbox 450 360 3726 430">
    <p class='ocr_par' dir='ltr' id='par_1_1' title="bbox 450 360 3726 430">
     <span class='ocr_line' id='line_1_1' title="bbox 450 360 3726 430; baseline -0.001 -2"><span class='ocrx_word' id='word_1_1' title='bbox 450 373 519 430; x_wconf 72' lang='grc'><strong>59</strong></span> <span class='ocrx_word' id='word_1_2' title='bbox 1193 371 1285 426; x_wconf 82' lang='grc' dir='ltr'><strong>ΑΙ)</strong></span> <span class='ocrx_word' id='word_1_3' title='bbox 1321 366 1552 425; x_wconf 75' lang='lat' dir='ltr'><strong>OPERA</strong></span> <span class='ocrx_word' id='word_1_4' title='bbox 1591 365 1652 422; x_wconf 91' lang='lat' dir='ltr'><strong>S.</strong></span> <span class='ocrx_word' id='word_1_5' title='bbox 1692 361 1938 419; x_wconf 79' lang='lat' dir='ltr'><strong>ISIDOHI</strong></span> <span class='ocrx_word' id='word_1_6' title='bbox 1976 360 2420 420; x_wconf 76' lang='lat' dir='ltr'><strong>IIISPALENSIS</strong></span> <span class='ocrx_word' id='word_1_7' title='bbox 2457 362 2989 422; x_wconf 69' lang='lat' dir='ltr'><strong>PROLEGOMENA.</strong></span> <span class='ocrx_word' id='word_1_8' title='bbox 3658 369 3726 426; x_wconf 64' lang='lat'><strong>£0</strong></span> 
     </span>
    </p>
   </div>
   <div class='ocr_carea' id='block_1_2' title="bbox 449 474 3725 562">
    <p class='ocr_par' dir='ltr' id='par_1_2' title="bbox 449 474 3725 562">
     <span class='ocr_line' id='line_1_2' title="bbox 449 474 3725 562; baseline -0.002 -15"><span class='ocrx_word' id='word_1_9' title='bbox 449 491 663 562; x_wconf 84' lang='lat' dir='ltr'><strong>qualem</strong></span> <span class='ocrx_word' id='word_1_10' title='bbox 695 488 929 543; x_wconf 86' lang='lat' dir='ltr'><strong>famosus</strong></span> <span class='ocrx_word' id='word_1_11' title='bbox 969 482 1231 538; x_wconf 75' lang='lat' dir='ltr'><strong>fabulator</strong></span> <span class='ocrx_word' id='word_1_12' title='bbox 1273 479 1473 548; x_wconf 83' lang='lat' dir='ltr'><strong>Zapata</strong></span> <span class='ocrx_word' id='word_1_13' title='bbox 1519 482 1909 545; x_wconf 75' lang='lat' dir='ltr'><strong>reprzesentat:</strong></span> <span class='ocrx_word' id='word_1_14' title='bbox 1942 474 2033 542; x_wconf 85' lang='lat' dir='ltr'><strong>qui</strong></span> <span class='ocrx_word' id='word_1_15' title='bbox 2062 477 2107 533; x_wconf 83' lang='grc' dir='ltr'><strong>Α</strong></span> <span class='ocrx_word' id='word_1_16' title='bbox 2139 475 2422 529; x_wconf 92' lang='lat' dir='ltr'><strong>transitum</strong></span> <span class='ocrx_word' id='word_1_17' title='bbox 2468 474 2835 544; x_wconf 89' lang='lat' dir='ltr'><strong>gloriosissimi</strong></span> <span class='ocrx_word' id='word_1_18' title='bbox 2866 478 3108 546; x_wconf 70' lang='lat' dir='ltr'><strong>prtesulis</strong></span> <span class='ocrx_word' id='word_1_19' title='bbox 3156 476 3346 532; x_wconf 63' lang='lat' dir='ltr'><strong>Isidori</strong></span> <span class='ocrx_word' id='word_1_20' title='bbox 3376 479 3553 536; x_wconf 89' lang='lat' dir='ltr'><strong>omnis</strong></span> <span class='ocrx_word' id='word_1_21' title='bbox 3593 497 3725 552; x_wconf 84' lang='lat' dir='ltr'><strong>gens</strong></span> 
     </span>
    </p>
   </div>
   <div class='ocr_carea' id='block_1_3' title="bbox 452 568 2028 642">
    <p class='ocr_par' dir='ltr' id='par_1_3' title="bbox 452 568 2028 642">
     <span class='ocr_line' id='line_1_3' title="bbox 452 568 2028 642; baseline -0.014 0"><span class='ocrx_word' id='word_1_22' title='bbox 452 595 513 642; x_wconf 83' lang='lat' dir='ltr'><strong>ut</strong></span> <span class='ocrx_word' id='word_1_23' title='bbox 537 586 636 641; x_wconf 86' lang='lat' dir='ltr'><strong>sibi</strong></span> <span class='ocrx_word' id='word_1_24' title='bbox 668 580 1040 638; x_wconf 87' lang='lat' dir='ltr'><strong>Benedictinos</strong></span> <span class='ocrx_word' id='word_1_25' title='bbox 1063 574 1327 629; x_wconf 84' lang='lat' dir='ltr'><strong>demereri</strong></span> <span class='ocrx_word' id='word_1_26' title='bbox 1372 578 1638 641; x_wconf 85' lang='lat' dir='ltr'><strong>pergeret,</strong></span> <span class='ocrx_word' id='word_1_27' title='bbox 1686 568 1890 623; x_wconf 86' lang='lat' dir='ltr'><strong>nullum</strong></span> <span class='ocrx_word' id='word_1_28' title='bbox 1920 582 2028 621; x_wconf 88' lang='lat' dir='ltr'><strong>non</strong></span> 
     </span>
    </p>
   </div>
   <div class='ocr_carea' id='block_1_4' title="bbox 450 655 2029 742">
    <p class='ocr_par' dir='ltr' id='par_1_4' title="bbox 450 655 2029 742">
     <span class='ocr_line' id='line_1_4' title="bbox 450 655 2029 742; baseline -0.015 -11"><span class='ocrx_word' id='word_1_29' title='bbox 450 676 617 731; x_wconf 82' lang='lat' dir='ltr'><strong>movit</strong></span> <span class='ocrx_word' id='word_1_30' title='bbox 646 672 895 742; x_wconf 85' lang='lat' dir='ltr'><strong>lapidem,</strong></span> <span class='ocrx_word' id='word_1_31' title='bbox 929 666 1131 721; x_wconf 89' lang='lat' dir='ltr'><strong>nullum</strong></span> <span class='ocrx_word' id='word_1_32' title='bbox 1177 678 1283 715; x_wconf 86' lang='lat' dir='ltr'><strong>non</strong></span> <span class='ocrx_word' id='word_1_33' title='bbox 1314 659 1469 714; x_wconf 72' lang='lat' dir='ltr'><strong>finxit</strong></span> <span class='ocrx_word' id='word_1_34' title='bbox 1496 667 1591 713; x_wconf 80' lang='lat' dir='ltr'><strong>aut</strong></span> <span class='ocrx_word' id='word_1_35' title='bbox 1618 657 1858 726; x_wconf 87' lang='lat' dir='ltr'><strong>corrupit</strong></span> <span class='ocrx_word' id='word_1_36' title='bbox 1895 655 2029 710; x_wconf 90' lang='lat' dir='ltr'><strong>scri—</strong></span> 
     </span>
    </p>
   </div>
   <div class='ocr_carea' id='block_1_5' title="bbox 451 746 2031 835">
    <p class='ocr_par' dir='ltr' id='par_1_5' title="bbox 451 746 2031 835">
     <span class='ocr_line' id='line_1_5' title="bbox 451 746 2031 835; baseline -0.013 -16"><span class='ocrx_word' id='word_1_37' title='bbox 451 775 620 835; x_wconf 93' lang='lat' dir='ltr'><strong>ptum.</strong></span> <span class='ocrx_word' id='word_1_38' title='bbox 654 760 807 828; x_wconf 91' lang='lat' dir='ltr'><strong>Quod</strong></span> <span class='ocrx_word' id='word_1_39' title='bbox 852 758 896 811; x_wconf 89' lang='lat' dir='ltr'><strong>si</strong></span> <span class='ocrx_word' id='word_1_40' title='bbox 940 754 1057 808; x_wconf 83' lang='lat' dir='ltr'><strong>Nic.</strong></span> <span class='ocrx_word' id='word_1_41' title='bbox 1104 751 1368 806; x_wconf 80' lang='lat' dir='ltr'><strong>Antonius</strong></span> <span class='ocrx_word' id='word_1_42' title='bbox 1411 750 1465 804; x_wconf 91' lang='lat' dir='ltr'><strong>in</strong></span> <span class='ocrx_word' id='word_1_43' title='bbox 1504 764 1571 804; x_wconf 89' lang='lat' dir='ltr'><strong>eo</strong></span> <span class='ocrx_word' id='word_1_44' title='bbox 1600 754 1825 818; x_wconf 82' lang='lat' dir='ltr'><strong>perstet,</strong></span> <span class='ocrx_word' id='word_1_45' title='bbox 1857 746 2031 815; x_wconf 84' lang='lat' dir='ltr'><strong>epita-</strong></span> 
     </span>
    </p>
   </div>
   <div class='ocr_carea' id='block_1_6' title="bbox 448 835 2029 922">
    <p class='ocr_par' dir='ltr' id='par_1_6' title="bbox 448 835 2029 922">
     <span class='ocr_line' id='line_1_6' title="bbox 448 835 2029 922; baseline -0.013 -14"><span class='ocrx_word' id='word_1_46' title='bbox 448 855 631 922; x_wconf 88' lang='lat' dir='ltr'><strong>phium</strong></span> <span class='ocrx_word' id='word_1_47' title='bbox 658 847 866 905; x_wconf 79' lang='lat' dir='ltr'><strong>Isidoti.</strong></span> <span class='ocrx_word' id='word_1_48' title='bbox 898 846 1059 900; x_wconf 89' lang='lat' dir='ltr'><strong>etiam</strong></span> <span class='ocrx_word' id='word_1_49' title='bbox 1091 858 1198 896; x_wconf 87' lang='lat' dir='ltr'><strong>non</strong></span> <span class='ocrx_word' id='word_1_50' title='bbox 1232 839 1612 906; x_wconf 74' lang='lat' dir='ltr'><strong>interpolatum</strong></span> <span class='ocrx_word' id='word_1_51' title='bbox 1635 850 1808 907; x_wconf 86' lang='lat' dir='ltr'><strong>neque</strong></span> <span class='ocrx_word' id='word_1_52' title='bbox 1833 835 2029 905; x_wconf 80' lang='lat' dir='ltr'><strong>depra-</strong></span> 
     </span>
    </p>
   </div>
   <div class='ocr_carea' id='block_1_7' title="bbox 448 927 2024 1008">
    <p class='ocr_par' dir='ltr' id='par_1_7' title="bbox 448 927 2024 1008">
     <span class='ocr_line' id='line_1_7' title="bbox 448 927 2024 1008; baseline -0.012 -12"><span class='ocrx_word' id='word_1_53' title='bbox 448 950 651 1006; x_wconf 76' lang='lat' dir='ltr'><strong>vatum,</strong></span> <span class='ocrx_word' id='word_1_54' title='bbox 679 944 855 1008; x_wconf 73' lang='lat' dir='ltr'><strong>poeta:</strong></span> <span class='ocrx_word' id='word_1_55' title='bbox 885 931 1199 1003; x_wconf 77' lang='lat' dir='ltr'><strong>ineptissimi</strong></span> <span class='ocrx_word' id='word_1_56' title='bbox 1240 938 1295 985; x_wconf 89' lang='lat' dir='ltr'><strong>et</strong></span> <span class='ocrx_word' id='word_1_57' title='bbox 1330 927 1668 985; x_wconf 83' lang='lat' dir='ltr'><strong>rusticissimi</strong></span> <span class='ocrx_word' id='word_1_58' title='bbox 1697 942 1836 996; x_wconf 88' lang='lat' dir='ltr'><strong>opus</strong></span> <span class='ocrx_word' id='word_1_59' title='bbox 1865 939 1986 979; x_wconf 84' lang='lat' dir='ltr'><strong>esse</strong></span> <span class='ocrx_word' id='word_1_60' title='bbox 2008 965 2024 991; x_wconf 98' lang='lat'><strong>,</strong></span> 
     </span>
    </p>
   </div>
   <div class='ocr_carea' id='block_1_8' title="bbox 447 1014 2027 1089">
    <p class='ocr_par' dir='ltr' id='par_1_8' title="bbox 447 1014 2027 1089">
     <span class='ocr_line' id='line_1_8' title="bbox 447 1014 2027 1089; baseline -0.009 -5"><span class='ocrx_word' id='word_1_61' title='bbox 447 1033 500 1084; x_wconf 91' lang='lat' dir='ltr'><strong>in</strong></span> <span class='ocrx_word' id='word_1_62' title='bbox 532 1031 687 1084; x_wconf 87' lang='lat' dir='ltr'><strong>aliam</strong></span> <span class='ocrx_word' id='word_1_63' title='bbox 718 1042 802 1081; x_wconf 93' lang='lat' dir='ltr'><strong>me</strong></span> <span class='ocrx_word' id='word_1_64' title='bbox 831 1027 979 1079; x_wconf 85' lang='lat' dir='ltr'><strong>abire</strong></span> <span class='ocrx_word' id='word_1_65' title='bbox 1008 1024 1331 1078; x_wconf 88' lang='lat' dir='ltr'><strong>sententiam</strong></span> <span class='ocrx_word' id='word_1_66' title='bbox 1363 1020 1640 1089; x_wconf 87' lang='lat' dir='ltr'><strong>proliteor.</strong></span> <span class='ocrx_word' id='word_1_67' title='bbox 1689 1014 2027 1071; x_wconf 79' lang='lat' dir='ltr'><strong>Mabillouius</strong></span> 
     </span>
    </p>
   </div>
   <div class='ocr_carea' id='block_1_9' title="bbox 448 1105 2025 1184">
    <p class='ocr_par' dir='ltr' id='par_1_9' title="bbox 448 1105 2025 1184">
     <span class='ocr_line' id='line_1_9' title="bbox 448 1105 2025 1184; baseline -0.01 -8"><span class='ocrx_word' id='word_1_68' title='bbox 448 1132 488 1176; x_wconf 86' lang='grc' dir='ltr'><strong>ι.</strong></span> <span class='ocrx_word' id='word_1_69' title='bbox 512 1122 553 1175; x_wconf 85' lang='lat' dir='ltr'><strong>l.</strong></span> <span class='ocrx_word' id='word_1_70' title='bbox 584 1120 779 1175; x_wconf 83' lang='lat' dir='ltr'><strong>Annal.</strong></span> <span class='ocrx_word' id='word_1_71' title='bbox 830 1115 1132 1179; x_wconf 86' lang='lat' dir='ltr'><strong>Benedict.,</strong></span> <span class='ocrx_word' id='word_1_72' title='bbox 1161 1128 1286 1184; x_wconf 80' lang='lat' dir='ltr'><strong>pag.</strong></span> <span class='ocrx_word' id='word_1_73' title='bbox 1316 1110 1445 1176; x_wconf 74' lang='lat'><strong>9.78,</strong></span> <span class='ocrx_word' id='word_1_74' title='bbox 1474 1109 1753 1165; x_wconf 79' lang='lat' dir='ltr'><strong>confirmat</strong></span> <span class='ocrx_word' id='word_1_75' title='bbox 1785 1108 1888 1162; x_wconf 90' lang='lat' dir='ltr'><strong>hoc</strong></span> <span class='ocrx_word' id='word_1_76' title='bbox 1908 1105 2025 1177; x_wconf 79' lang='lat' dir='ltr'><strong>epi-</strong></span> 
     </span>
    </p>
   </div>
   <div class='ocr_carea' id='block_1_10' title="bbox 448 1200 2025 1284">
    <p class='ocr_par' dir='ltr' id='par_1_10' title="bbox 448 1200 2025 1284">
     <span class='ocr_line' id='line_1_10' title="bbox 448 1200 2025 1284; baseline -0.008 -16"><span class='ocrx_word' id='word_1_77' title='bbox 448 1216 685 1284; x_wconf 88' lang='lat' dir='ltr'><strong>taphium</strong></span> <span class='ocrx_word' id='word_1_78' title='bbox 713 1214 819 1283; x_wconf 80' lang='lat'><strong>39</strong></span> <span class='ocrx_word' id='word_1_79' title='bbox 841 1211 1064 1264; x_wconf 85' lang='lat' dir='ltr'><strong>inveniri</strong></span> <span class='ocrx_word' id='word_1_80' title='bbox 1114 1208 1457 1275; x_wconf 84' lang='lat' dir='ltr'><strong>subjunctum</strong></span> <span class='ocrx_word' id='word_1_81' title='bbox 1487 1206 1683 1273; x_wconf 67' lang='lat' dir='ltr'><strong>regula:</strong></span> <span class='ocrx_word' id='word_1_82' title='bbox 1715 1202 1940 1257; x_wconf 86' lang='lat' dir='ltr'><strong>Leandri</strong></span> <span class='ocrx_word' id='word_1_83' title='bbox 1972 1200 2025 1255; x_wconf 91' lang='lat' dir='ltr'><strong>in</strong></span> 
     </span>
    </p>
   </div>
   <div class='ocr_carea' id='block_1_11' title="bbox 445 1292 2026 1374">
    <p class='ocr_par' dir='ltr' id='par_1_11' title="bbox 445 1292 2026 1374">
     <span class='ocr_line' id='line_1_11' title="bbox 445 1292 2026 1374; baseline -0.009 -16"><span class='ocrx_word' id='word_1_84' title='bbox 445 1305 677 1374; x_wconf 87' lang='lat' dir='ltr'><strong>quodam</strong></span> <span class='ocrx_word' id='word_1_85' title='bbox 708 1302 925 1356; x_wconf 85' lang='lat' dir='ltr'><strong>Codice.</strong></span> <span class='ocrx_word' id='word_1_86' title='bbox 958 1298 1219 1369; x_wconf 88' lang='lat' dir='ltr'><strong>Opinatur</strong></span> <span class='ocrx_word' id='word_1_87' title='bbox 1240 1340 1256 1363; x_wconf 95' lang='lat'><strong>,</strong></span> <span class='ocrx_word' id='word_1_88' title='bbox 1307 1297 1409 1353; x_wconf 86' lang='lat' dir='ltr'><strong>sub</strong></span> <span class='ocrx_word' id='word_1_89' title='bbox 1438 1310 1599 1351; x_wconf 88' lang='lat' dir='ltr'><strong>cruce</strong></span> <span class='ocrx_word' id='word_1_90' title='bbox 1643 1292 1824 1347; x_wconf 77' lang='lat' dir='ltr'><strong>forsan</strong></span> <span class='ocrx_word' id='word_1_91' title='bbox 1853 1301 2026 1345; x_wconf 88' lang='lat' dir='ltr'><strong>trans-</strong></span> 
     </span>
    </p>
   </div>
   <div class='ocr_carea' id='block_1_12' title="bbox 445 1381 2024 1459">
    <p class='ocr_par' dir='ltr' id='par_1_12' title="bbox 445 1381 2024 1459">
     <span class='ocr_line' id='line_1_12' title="bbox 445 1381 2024 1459; baseline -0.009 -14"><span class='ocrx_word' id='word_1_92' title='bbox 445 1407 599 1445; x_wconf 86' lang='lat' dir='ltr'><strong>versa</strong></span> <span class='ocrx_word' id='word_1_93' title='bbox 646 1398 797 1459; x_wconf 86' lang='lat' dir='ltr'><strong>parte</strong></span> <span class='ocrx_word' id='word_1_94' title='bbox 835 1388 991 1442; x_wconf 77' lang='lat' dir='ltr'><strong>simul</strong></span> <span class='ocrx_word' id='word_1_95' title='bbox 1036 1386 1268 1455; x_wconf 86' lang='lat' dir='ltr'><strong>jacuisse</strong></span> <span class='ocrx_word' id='word_1_96' title='bbox 1314 1392 1623 1437; x_wconf 88' lang='lat' dir='ltr'><strong>sanctorum</strong></span> <span class='ocrx_word' id='word_1_97' title='bbox 1669 1381 1768 1434; x_wconf 86' lang='lat' dir='ltr'><strong>tria</strong></span> <span class='ocrx_word' id='word_1_98' title='bbox 1797 1393 2024 1450; x_wconf 88' lang='lat' dir='ltr'><strong>corpora</strong></span> 
     </span>
    </p>
   </div>
   <div class='ocr_carea' id='block_1_13' title="bbox 443 1470 2024 1549">
    <p class='ocr_par' dir='ltr' id='par_1_13' title="bbox 443 1470 2024 1549">
     <span class='ocr_line' id='line_1_13' title="bbox 443 1470 2024 1549; baseline -0.008 -14"><span class='ocrx_word' id='word_1_99' title='bbox 443 1495 817 1549; x_wconf 83' lang='lat' dir='ltr'><strong>germanorum</strong></span> <span class='ocrx_word' id='word_1_100' title='bbox 852 1496 864 1531; x_wconf 94' lang='lat'><strong>:</strong></span> <span class='ocrx_word' id='word_1_101' title='bbox 898 1478 1158 1547; x_wconf 87' lang='lat' dir='ltr'><strong>picturam</strong></span> <span class='ocrx_word' id='word_1_102' title='bbox 1184 1476 1235 1529; x_wconf 92' lang='lat' dir='ltr'><strong>in</strong></span> <span class='ocrx_word' id='word_1_103' title='bbox 1263 1473 1518 1542; x_wconf 72' lang='lat' dir='ltr'><strong>adjuncto</strong></span> <span class='ocrx_word' id='word_1_104' title='bbox 1548 1470 1750 1540; x_wconf 88' lang='lat' dir='ltr'><strong>pariete</strong></span> <span class='ocrx_word' id='word_1_105' title='bbox 1774 1484 2024 1538; x_wconf 79' lang='lat' dir='ltr'><strong>expressa</strong></span> 
     </span>
    </p>
   </div>
   <div class='ocr_carea' id='block_1_14' title="bbox 443 1558 2025 1635">
    <p class='ocr_par' dir='ltr' id='par_1_14' title="bbox 443 1558 2025 1635">
     <span class='ocr_line' id='line_1_14' title="bbox 443 1558 2025 1635; baseline -0.009 -10"><span class='ocrx_word' id='word_1_106' title='bbox 443 1585 632 1625; x_wconf 88' lang='lat' dir='ltr'><strong>eorum</strong></span> <span class='ocrx_word' id='word_1_107' title='bbox 685 1568 888 1635; x_wconf 82' lang='lat' dir='ltr'><strong>elligies</strong></span> <span class='ocrx_word' id='word_1_108' title='bbox 929 1576 983 1621; x_wconf 89' lang='lat' dir='ltr'><strong>et</strong></span> <span class='ocrx_word' id='word_1_109' title='bbox 1028 1567 1217 1620; x_wconf 83' lang='lat' dir='ltr'><strong>merita</strong></span> <span class='ocrx_word' id='word_1_110' title='bbox 1268 1570 1699 1632; x_wconf 75' lang='lat' dir='ltr'><strong>repmseulasse.</strong></span> <span class='ocrx_word' id='word_1_111' title='bbox 1749 1558 2025 1627; x_wconf 81' lang='lat' dir='ltr'><strong>Cettjieit,</strong></span> 
     </span>
    </p>
   </div>
   <div class='ocr_carea' id='block_1_15' title="bbox 444 1650 2027 1721">
    <p class='ocr_par' dir='ltr' id='par_1_15' title="bbox 444 1650 2027 1721">
     <span class='ocr_line' id='line_1_15' title="bbox 444 1650 2027 1721; baseline -0.009 -4"><span class='ocrx_word' id='word_1_112' title='bbox 444 1665 606 1717; x_wconf 85' lang='lat' dir='ltr'><strong>verba</strong></span> <span class='ocrx_word' id='word_1_113' title='bbox 629 1662 814 1715; x_wconf 81' lang='lat' dir='ltr'><strong>Isidori</strong></span> <span class='ocrx_word' id='word_1_114' title='bbox 843 1661 909 1715; x_wconf 91' lang='lat' dir='ltr'><strong>de</strong></span> <span class='ocrx_word' id='word_1_115' title='bbox 930 1659 1041 1713; x_wconf 83' lang='lat' dir='ltr'><strong>Vir.</strong></span> <span class='ocrx_word' id='word_1_116' title='bbox 1066 1658 1286 1721; x_wconf 90' lang='lat' dir='ltr'><strong>Illustr.,</strong></span> <span class='ocrx_word' id='word_1_117' title='bbox 1308 1655 1610 1709; x_wconf 83' lang='lat' dir='ltr'><strong>Leandrum</strong></span> <span class='ocrx_word' id='word_1_118' title='bbox 1632 1650 1878 1707; x_wconf 82' lang='lat' dir='ltr'><strong>Recaredi</strong></span> <span class='ocrx_word' id='word_1_119' title='bbox 1900 1659 2027 1703; x_wconf 86' lang='lat' dir='ltr'><strong>tem-</strong></span> 
     </span>
    </p>
   </div>
   <div class='ocr_carea' id='block_1_16' title="bbox 442 1738 2024 1826">
    <p class='ocr_par' dir='ltr' id='par_1_16' title="bbox 442 1738 2024 1826">
     <span class='ocr_line' id='line_1_16' title="bbox 442 1738 2024 1826; baseline -0.011 -17"><span class='ocrx_word' id='word_1_120' title='bbox 442 1755 651 1826; x_wconf 80' lang='lat' dir='ltr'><strong>poribus</strong></span> <span class='ocrx_word' id='word_1_121' title='bbox 680 1753 936 1822; x_wconf 69' lang='lat' dir='ltr'><strong>floruissc,</strong></span> <span class='ocrx_word' id='word_1_122' title='bbox 969 1767 1030 1803; x_wconf 87' lang='lat' dir='ltr'><strong>ac</strong></span> <span class='ocrx_word' id='word_1_123' title='bbox 1055 1750 1329 1802; x_wconf 83' lang='lat' dir='ltr'><strong>terminum</strong></span> <span class='ocrx_word' id='word_1_124' title='bbox 1351 1747 1465 1798; x_wconf 73' lang='lat' dir='ltr'><strong>vita:</strong></span> <span class='ocrx_word' id='word_1_125' title='bbox 1499 1743 1772 1804; x_wconf 76' lang='lat' dir='ltr'><strong>clausisse,</strong></span> <span class='ocrx_word' id='word_1_126' title='bbox 1818 1755 1923 1794; x_wconf 92' lang='lat' dir='ltr'><strong>non</strong></span> <span class='ocrx_word' id='word_1_127' title='bbox 1952 1738 2024 1793; x_wconf 88' lang='lat' dir='ltr'><strong>ita</strong></span> 
     </span>
    </p>
   </div>
   <div class='ocr_carea' id='block_1_17' title="bbox 2132 564 3721 637">
    <p class='ocr_par' dir='ltr' id='par_1_17' title="bbox 2132 564 3721 637">
     <span class='ocr_line' id='line_1_17' title="bbox 2132 564 3721 637; baseline 0.006 -20"><span class='ocrx_word' id='word_1_128' title='bbox 2132 564 2435 622; x_wconf 85' lang='lat' dir='ltr'><strong>Gothorum</strong></span> <span class='ocrx_word' id='word_1_129' title='bbox 2465 567 2683 622; x_wconf 88' lang='lat' dir='ltr'><strong>occulto</strong></span> <span class='ocrx_word' id='word_1_130' title='bbox 2713 567 2804 621; x_wconf 80' lang='lat' dir='ltr'><strong>Dei</strong></span> <span class='ocrx_word' id='word_1_131' title='bbox 2825 568 3028 635; x_wconf 85' lang='lat' dir='ltr'><strong>judicio</strong></span> <span class='ocrx_word' id='word_1_132' title='bbox 3057 569 3241 637; x_wconf 75' lang='lat' dir='ltr'><strong>gentili</strong></span> <span class='ocrx_word' id='word_1_133' title='bbox 3272 570 3451 637; x_wconf 88' lang='lat' dir='ltr'><strong>gladio</strong></span> <span class='ocrx_word' id='word_1_134' title='bbox 3486 571 3721 628; x_wconf 86' lang='lat' dir='ltr'><strong>ferienda</strong></span> 
     </span>
    </p>
   </div>
   <div class='ocr_carea' id='block_1_18' title="bbox 2130 654 3719 725">
    <p class='ocr_par' dir='ltr' id='par_1_18' title="bbox 2130 654 3719 725">
     <span class='ocr_line' id='line_1_18' title="bbox 2130 654 3719 725; baseline 0.006 -18"><span class='ocrx_word' id='word_1_135' title='bbox 2130 663 2213 708; x_wconf 88' lang='lat' dir='ltr'><strong>est</strong></span> <span class='ocrx_word' id='word_1_136' title='bbox 2243 655 2459 709; x_wconf 83' lang='lat' dir='ltr'><strong>tradita.</strong></span> <span class='ocrx_word' id='word_1_137' title='bbox 2485 654 2850 710; x_wconf 87' lang='lat' dir='ltr'><strong>Transmariui</strong></span> <span class='ocrx_word' id='word_1_138' title='bbox 2880 672 3112 725; x_wconf 89' lang='lat' dir='ltr'><strong>namque</strong></span> <span class='ocrx_word' id='word_1_139' title='bbox 3131 656 3387 713; x_wconf 83' lang='lat' dir='ltr'><strong>Saraceni</strong></span> <span class='ocrx_word' id='word_1_140' title='bbox 3408 675 3560 716; x_wconf 89' lang='lat' dir='ltr'><strong>mare</strong></span> <span class='ocrx_word' id='word_1_141' title='bbox 3590 661 3719 716; x_wconf 86' lang='lat' dir='ltr'><strong>illud</strong></span> 
     </span>
    </p>
   </div>
   <div class='ocr_carea' id='block_1_19' title="bbox 2127 742 3723 824">
    <p class='ocr_par' dir='ltr' id='par_1_19' title="bbox 2127 742 3723 824">
     <span class='ocr_line' id='line_1_19' title="bbox 2127 742 3723 824; baseline 0.007 -27"><span class='ocrx_word' id='word_1_142' title='bbox 2127 744 2272 812; x_wconf 89' lang='lat' dir='ltr'><strong>quod</strong></span> <span class='ocrx_word' id='word_1_143' title='bbox 2300 742 2601 815; x_wconf 83' lang='lat' dir='ltr'><strong>Hispalensi</strong></span> <span class='ocrx_word' id='word_1_144' title='bbox 2634 747 2750 802; x_wconf 90' lang='lat' dir='ltr'><strong>urbi</strong></span> <span class='ocrx_word' id='word_1_145' title='bbox 2780 746 2970 802; x_wconf 88' lang='lat' dir='ltr'><strong>alludit</strong></span> <span class='ocrx_word' id='word_1_146' title='bbox 2998 747 3446 818; x_wconf 66' lang='lat' dir='ltr'><strong>transiri-tantes,</strong></span> <span class='ocrx_word' id='word_1_147' title='bbox 3493 752 3723 824; x_wconf 91' lang='lat' dir='ltr'><strong>primum</strong></span> 
     </span>
    </p>
   </div>
   <div class='ocr_carea' id='block_1_20' title="bbox 2128 833 3721 907">
    <p class='ocr_par' dir='ltr' id='par_1_20' title="bbox 2128 833 3721 907">
     <span class='ocr_line' id='line_1_20' title="bbox 2128 833 3721 907; baseline 0.009 -22"><span class='ocrx_word' id='word_1_148' title='bbox 2128 833 2376 887; x_wconf 81' lang='lat' dir='ltr'><strong>eamdem</strong></span> <span class='ocrx_word' id='word_1_149' title='bbox 2408 835 2593 889; x_wconf 89' lang='lat' dir='ltr'><strong>urbem</strong></span> <span class='ocrx_word' id='word_1_150' title='bbox 2624 845 2918 906; x_wconf 88' lang='lat' dir='ltr'><strong>ceperunt;</strong></span> <span class='ocrx_word' id='word_1_151' title='bbox 2949 836 3071 893; x_wconf 81' lang='lat' dir='ltr'><strong>dein</strong></span> <span class='ocrx_word' id='word_1_152' title='bbox 3102 838 3354 895; x_wconf 75' lang='lat' dir='ltr'><strong>B.eticam</strong></span> <span class='ocrx_word' id='word_1_153' title='bbox 3375 882 3390 907; x_wconf 94' lang='lat'><strong>,</strong></span> <span class='ocrx_word' id='word_1_154' title='bbox 3422 852 3478 898; x_wconf 87' lang='lat' dir='ltr'><strong>et</strong></span> <span class='ocrx_word' id='word_1_155' title='bbox 3509 842 3721 901; x_wconf 86' lang='lat' dir='ltr'><strong>Lusita-</strong></span> 
     </span>
    </p>
   </div>
   <div class='ocr_carea' id='block_1_21' title="bbox 2129 925 3722 1003">
    <p class='ocr_par' dir='ltr' id='par_1_21' title="bbox 2129 925 3722 1003">
     <span class='ocr_line' id='line_1_21' title="bbox 2129 925 3722 1003; baseline 0.012 -27"><span class='ocrx_word' id='word_1_156' title='bbox 2129 925 2269 978; x_wconf 90' lang='lat' dir='ltr'><strong>niam</strong></span> <span class='ocrx_word' id='word_1_157' title='bbox 2298 926 2628 995; x_wconf 78' lang='lat' dir='ltr'><strong>provinciam</strong></span> <span class='ocrx_word' id='word_1_158' title='bbox 2662 940 3008 999; x_wconf 87' lang='lat' dir='ltr'><strong>oecuparuut.</strong></span> <span class='ocrx_word' id='word_1_159' title='bbox 3037 931 3241 998; x_wconf 85' lang='lat' dir='ltr'><strong>Quibus</strong></span> <span class='ocrx_word' id='word_1_160' title='bbox 3272 933 3571 992; x_wconf 81' lang='lat' dir='ltr'><strong>Rudericus</strong></span> <span class='ocrx_word' id='word_1_161' title='bbox 3600 956 3722 1003; x_wconf 73' lang='lat' dir='ltr'><strong>rex,</strong></span> 
     </span>
    </p>
   </div>
   <div class='ocr_carea' id='block_1_22' title="bbox 2126 1018 3724 1090">
    <p class='ocr_par' dir='ltr' id='par_1_22' title="bbox 2126 1018 3724 1090">
     <span class='ocr_line' id='line_1_22' title="bbox 2126 1018 3724 1090; baseline 0.012 -23"><span class='ocrx_word' id='word_1_162' title='bbox 2126 1026 2415 1084; x_wconf 79' lang='lat' dir='ltr'><strong>aggregato</strong></span> <span class='ocrx_word' id='word_1_163' title='bbox 2444 1019 2689 1074; x_wconf 83' lang='lat' dir='ltr'><strong>exercitu</strong></span> <span class='ocrx_word' id='word_1_164' title='bbox 2710 1018 3036 1090; x_wconf 83' lang='lat' dir='ltr'><strong>Gothorum,</strong></span> <span class='ocrx_word' id='word_1_165' title='bbox 3066 1033 3305 1080; x_wconf 89' lang='lat' dir='ltr'><strong>armatus</strong></span> <span class='ocrx_word' id='word_1_166' title='bbox 3332 1029 3590 1084; x_wconf 90' lang='lat' dir='ltr'><strong>occurrit.</strong></span> <span class='ocrx_word' id='word_1_167' title='bbox 3616 1029 3724 1086; x_wconf 87' lang='lat' dir='ltr'><strong>Sed</strong></span> 
     </span>
    </p>
   </div>
   <div class='ocr_carea' id='block_1_23' title="bbox 2125 1108 3715 1185">
    <p class='ocr_par' dir='ltr' id='par_1_23' title="bbox 2125 1108 3715 1185">
     <span class='ocr_line' id='line_1_23' title="bbox 2125 1108 3715 1185; baseline 0.011 -25"><span class='ocrx_word' id='word_1_168' title='bbox 2125 1108 2251 1175; x_wconf 89' lang='lat' dir='ltr'><strong>quia</strong></span> <span class='ocrx_word' id='word_1_169' title='bbox 2277 1109 2529 1177; x_wconf 66' lang='lat' dir='ltr'><strong>praefatus</strong></span> <span class='ocrx_word' id='word_1_170' title='bbox 2543 1125 2661 1179; x_wconf 84' lang='lat' dir='ltr'><strong>rex,</strong></span> <span class='ocrx_word' id='word_1_171' title='bbox 2687 1113 2930 1181; x_wconf 85' lang='lat' dir='ltr'><strong>neglecta</strong></span> <span class='ocrx_word' id='word_1_172' title='bbox 2956 1115 3214 1184; x_wconf 78' lang='lat' dir='ltr'><strong>religione</strong></span> <span class='ocrx_word' id='word_1_173' title='bbox 3234 1116 3433 1185; x_wconf 90' lang='lat' dir='ltr'><strong>divina,</strong></span> <span class='ocrx_word' id='word_1_174' title='bbox 3460 1121 3715 1178; x_wconf 88' lang='lat' dir='ltr'><strong>vitiorum</strong></span> 
     </span>
    </p>
   </div>
   <div class='ocr_carea' id='block_1_24' title="bbox 2126 1198 3724 1277">
    <p class='ocr_par' dir='ltr' id='par_1_24' title="bbox 2126 1198 3724 1277">
     <span class='ocr_line' id='line_1_24' title="bbox 2126 1198 3724 1277; baseline 0.009 -24"><span class='ocrx_word' id='word_1_175' title='bbox 2126 1213 2185 1253; x_wconf 88' lang='lat' dir='ltr'><strong>se</strong></span> <span class='ocrx_word' id='word_1_176' title='bbox 2212 1198 2453 1267; x_wconf 89' lang='lat' dir='ltr'><strong>dominio</strong></span> <span class='ocrx_word' id='word_1_177' title='bbox 2480 1202 2917 1272; x_wconf 85' lang='lat' dir='ltr'><strong>mancipaverat,</strong></span> <span class='ocrx_word' id='word_1_178' title='bbox 2967 1206 3213 1273; x_wconf 85' lang='lat' dir='ltr'><strong>pretinus</strong></span> <span class='ocrx_word' id='word_1_179' title='bbox 3244 1207 3296 1261; x_wconf 94' lang='lat' dir='ltr'><strong>in</strong></span> <span class='ocrx_word' id='word_1_180' title='bbox 3331 1210 3505 1277; x_wconf 83' lang='lat' dir='ltr'><strong>fugam</strong></span> <span class='ocrx_word' id='word_1_181' title='bbox 3534 1226 3724 1267; x_wconf 89' lang='lat' dir='ltr'><strong>versus</strong></span> 
     </span>
    </p>
   </div>
   <div class='ocr_carea' id='block_1_25' title="bbox 2127 1293 3718 1373">
    <p class='ocr_par' dir='ltr' id='par_1_25' title="bbox 2127 1293 3718 1373">
     <span class='ocr_line' id='line_1_25' title="bbox 2127 1293 3718 1373; baseline 0.009 -30"><span class='ocrx_word' id='word_1_182' title='bbox 2127 1300 2179 1344; x_wconf 90' lang='lat' dir='ltr'><strong>ct</strong></span> <span class='ocrx_word' id='word_1_183' title='bbox 2206 1293 2381 1346; x_wconf 88' lang='lat' dir='ltr'><strong>omnis</strong></span> <span class='ocrx_word' id='word_1_184' title='bbox 2408 1294 2677 1350; x_wconf 83' lang='lat' dir='ltr'><strong>exercitus</strong></span> <span class='ocrx_word' id='word_1_185' title='bbox 2701 1294 2814 1351; x_wconf 88' lang='lat' dir='ltr'><strong>fere</strong></span> <span class='ocrx_word' id='word_1_186' title='bbox 2842 1298 2906 1350; x_wconf 81' lang='lat' dir='ltr'><strong>ad</strong></span> <span class='ocrx_word' id='word_1_187' title='bbox 2935 1297 3358 1355; x_wconf 82' lang='lat' dir='ltr'><strong>internecionem</strong></span> <span class='ocrx_word' id='word_1_188' title='bbox 3391 1318 3562 1373; x_wconf 89' lang='lat' dir='ltr'><strong>usque</strong></span> <span class='ocrx_word' id='word_1_189' title='bbox 3592 1306 3718 1372; x_wconf 89' lang='lat' dir='ltr'><strong>gla-</strong></span> 
     </span>
    </p>
   </div>
   <div class='ocr_carea' id='block_1_26' title="bbox 2126 1381 3721 1461">
    <p class='ocr_par' dir='ltr' id='par_1_26' title="bbox 2126 1381 3721 1461">
     <span class='ocr_line' id='line_1_26' title="bbox 2126 1381 3721 1461; baseline 0.008 -27"><span class='ocrx_word' id='word_1_190' title='bbox 2126 1381 2217 1435; x_wconf 87' lang='lat' dir='ltr'><strong>dio</strong></span> <span class='ocrx_word' id='word_1_191' title='bbox 2238 1382 2448 1437; x_wconf 84' lang='lat' dir='ltr'><strong>deletus</strong></span> <span class='ocrx_word' id='word_1_192' title='bbox 2473 1392 2575 1437; x_wconf 89' lang='lat' dir='ltr'><strong>est.</strong></span> <span class='ocrx_word' id='word_1_193' title='bbox 2607 1384 2862 1440; x_wconf 86' lang='lat' dir='ltr'><strong>Saraceni</strong></span> <span class='ocrx_word' id='word_1_194' title='bbox 2891 1388 3144 1459; x_wconf 85' lang='lat' dir='ltr'><strong>deinceps</strong></span> <span class='ocrx_word' id='word_1_195' title='bbox 3174 1390 3336 1459; x_wconf 87' lang='lat' dir='ltr'><strong>longe</strong></span> <span class='ocrx_word' id='word_1_196' title='bbox 3368 1392 3583 1461; x_wconf 80' lang='lat' dir='ltr'><strong>lateque</strong></span> <span class='ocrx_word' id='word_1_197' title='bbox 3624 1408 3721 1446; x_wconf 81' lang='lat' dir='ltr'><strong>va-</strong></span> 
     </span>
    </p>
   </div>
   <div class='ocr_carea' id='block_1_27' title="bbox 2128 1471 3722 1550">
    <p class='ocr_par' dir='ltr' id='par_1_27' title="bbox 2128 1471 3722 1550">
     <span class='ocr_line' id='line_1_27' title="bbox 2128 1471 3722 1550; baseline 0.009 -29"><span class='ocrx_word' id='word_1_198' title='bbox 2128 1479 2335 1536; x_wconf 88' lang='lat' dir='ltr'><strong>gantes,</strong></span> <span class='ocrx_word' id='word_1_199' title='bbox 2362 1471 2697 1539; x_wconf 89' lang='lat' dir='ltr'><strong>innumeras,</strong></span> <span class='ocrx_word' id='word_1_200' title='bbox 2730 1474 3084 1545; x_wconf 88' lang='lat' dir='ltr'><strong>horridasque</strong></span> <span class='ocrx_word' id='word_1_201' title='bbox 3124 1481 3298 1534; x_wconf 74' lang='lat' dir='ltr'><strong>cmdes</strong></span> <span class='ocrx_word' id='word_1_202' title='bbox 3323 1491 3722 1550; x_wconf 80' lang='lat' dir='ltr'><strong>perpetrarunt.</strong></span> 
     </span>
    </p>
   </div>
   <div class='ocr_carea' id='block_1_28' title="bbox 2127 1558 3719 1637">
    <p class='ocr_par' dir='ltr' id='par_1_28' title="bbox 2127 1558 3719 1637">
     <span class='ocr_line' id='line_1_28' title="bbox 2127 1558 3719 1637; baseline 0.008 -27"><span class='ocrx_word' id='word_1_203' title='bbox 2127 1558 2229 1624; x_wconf 85' lang='lat' dir='ltr'><strong>Qui</strong></span> <span class='ocrx_word' id='word_1_204' title='bbox 2272 1569 2501 1627; x_wconf 88' lang='lat' dir='ltr'><strong>quantas</strong></span> <span class='ocrx_word' id='word_1_205' title='bbox 2551 1576 2630 1615; x_wconf 75' lang='lat' dir='ltr'><strong>ea:</strong></span> <span class='ocrx_word' id='word_1_206' title='bbox 2648 1562 2725 1617; x_wconf 88' lang='lat' dir='ltr'><strong>les</strong></span> <span class='ocrx_word' id='word_1_207' title='bbox 2770 1573 3109 1633; x_wconf 81' lang='lat' dir='ltr'><strong>quantasque</strong></span> <span class='ocrx_word' id='word_1_208' title='bbox 3154 1578 3361 1637; x_wconf 80' lang='lat' dir='ltr'><strong>strages</strong></span> <span class='ocrx_word' id='word_1_209' title='bbox 3414 1578 3719 1627; x_wconf 87' lang='lat' dir='ltr'><strong>nostrorum</strong></span> 
     </span>
    </p>
   </div>
   <div class='ocr_carea' id='block_1_29' title="bbox 2127 1649 3718 1726">
    <p class='ocr_par' dir='ltr' id='par_1_29' title="bbox 2127 1649 3718 1726">
     <span class='ocr_line' id='line_1_29' title="bbox 2127 1649 3718 1726; baseline 0.006 -22"><span class='ocrx_word' id='word_1_210' title='bbox 2127 1649 2394 1715; x_wconf 85' lang='lat' dir='ltr'><strong>dederint,</strong></span> <span class='ocrx_word' id='word_1_211' title='bbox 2427 1659 2692 1706; x_wconf 87' lang='lat' dir='ltr'><strong>testantur</strong></span> <span class='ocrx_word' id='word_1_212' title='bbox 2720 1668 2905 1709; x_wconf 90' lang='lat' dir='ltr'><strong>eversa</strong></span> <span class='ocrx_word' id='word_1_213' title='bbox 2935 1663 3133 1723; x_wconf 89' lang='lat' dir='ltr'><strong>castra,</strong></span> <span class='ocrx_word' id='word_1_214' title='bbox 3168 1665 3223 1712; x_wconf 91' lang='lat' dir='ltr'><strong>et</strong></span> <span class='ocrx_word' id='word_1_215' title='bbox 3253 1659 3595 1726; x_wconf 73' lang='lat' dir='ltr'><strong>antiquarunm</strong></span> <span class='ocrx_word' id='word_1_216' title='bbox 3628 1677 3718 1714; x_wconf 85' lang='lat' dir='ltr'><strong>ur-</strong></span> 
     </span>
    </p>
   </div>
   <div class='ocr_carea' id='block_1_30' title="bbox 2128 1738 3721 1820">
    <p class='ocr_par' dir='ltr' id='par_1_30' title="bbox 2128 1738 3721 1820">
     <span class='ocr_line' id='line_1_30' title="bbox 2128 1738 3721 1820; baseline 0.008 -28"><span class='ocrx_word' id='word_1_217' title='bbox 2128 1738 2274 1793; x_wconf 85' lang='lat' dir='ltr'><strong>bium</strong></span> <span class='ocrx_word' id='word_1_218' title='bbox 2305 1740 2479 1795; x_wconf 87' lang='lat' dir='ltr'><strong>diruta</strong></span> <span class='ocrx_word' id='word_1_219' title='bbox 2531 1743 2749 1797; x_wconf 83' lang='lat' dir='ltr'><strong>moenia.</strong></span> <span class='ocrx_word' id='word_1_220' title='bbox 2784 1744 2857 1798; x_wconf 84' lang='lat' dir='ltr'><strong>Ea</strong></span> <span class='ocrx_word' id='word_1_221' title='bbox 2901 1754 3228 1816; x_wconf 87' lang='lat' dir='ltr'><strong>tempestate</strong></span> <span class='ocrx_word' id='word_1_222' title='bbox 3257 1748 3431 1804; x_wconf 90' lang='lat' dir='ltr'><strong>omnis</strong></span> <span class='ocrx_word' id='word_1_223' title='bbox 3473 1748 3721 1820; x_wconf 88' lang='lat' dir='ltr'><strong>Hispania</strong></span> 
     </span>
    </p>
   </div>
   <div class='ocr_carea' id='block_1_31' title="bbox 439 1829 3722 1913">
    <p class='ocr_par' dir='ltr' id='par_1_31' title="bbox 439 1829 3722 1913">
     <span class='ocr_line' id='line_1_31' title="bbox 439 1829 3722 1913; baseline -0.002 -14"><span class='ocrx_word' id='word_1_224' title='bbox 439 1846 612 1913; x_wconf 87' lang='lat' dir='ltr'><strong>rigide</strong></span> <span class='ocrx_word' id='word_1_225' title='bbox 633 1858 752 1898; x_wconf 87' lang='lat' dir='ltr'><strong>esse</strong></span> <span class='ocrx_word' id='word_1_226' title='bbox 782 1840 1116 1911; x_wconf 86' lang='lat' dir='ltr'><strong>accipienda,</strong></span> <span class='ocrx_word' id='word_1_227' title='bbox 1148 1847 1205 1891; x_wconf 93' lang='lat' dir='ltr'><strong>ut</strong></span> <span class='ocrx_word' id='word_1_228' title='bbox 1233 1834 1610 1889; x_wconf 85' lang='lat' dir='ltr'><strong>auctoritatem</strong></span> <span class='ocrx_word' id='word_1_229' title='bbox 1637 1829 1894 1900; x_wconf 86' lang='lat' dir='ltr'><strong>epitaphii</strong></span> <span class='ocrx_word' id='word_1_230' title='bbox 1916 1830 2033 1883; x_wconf 87' lang='lat' dir='ltr'><strong>ele-</strong></span> <span class='ocrx_word' id='word_1_231' title='bbox 2066 1834 2105 1892; x_wconf 77' lang='grc' dir='ltr'><strong>Β</strong></span> <span class='ocrx_word' id='word_1_232' title='bbox 2136 1832 2271 1886; x_wconf 76' lang='lat' dir='ltr'><strong>luxit</strong></span> <span class='ocrx_word' id='word_1_233' title='bbox 2300 1834 2624 1888; x_wconf 85' lang='lat' dir='ltr'><strong>monasteria</strong></span> <span class='ocrx_word' id='word_1_234' title='bbox 2666 1834 2719 1889; x_wconf 91' lang='lat' dir='ltr'><strong>in</strong></span> <span class='ocrx_word' id='word_1_235' title='bbox 2749 1850 2808 1890; x_wconf 90' lang='lat' dir='ltr'><strong>se</strong></span> <span class='ocrx_word' id='word_1_236' title='bbox 2835 1851 3021 1891; x_wconf 88' lang='lat' dir='ltr'><strong>eversa</strong></span> <span class='ocrx_word' id='word_1_237' title='bbox 3046 1879 3079 1903; x_wconf 87' lang='lat'><strong>,.</strong></span> <span class='ocrx_word' id='word_1_238' title='bbox 3113 1838 3386 1909; x_wconf 90' lang='lat' dir='ltr'><strong>cpiscopia</strong></span> <span class='ocrx_word' id='word_1_239' title='bbox 3412 1840 3681 1895; x_wconf 89' lang='lat' dir='ltr'><strong>destructa</strong></span> <span class='ocrx_word' id='word_1_240' title='bbox 3706 1881 3722 1904; x_wconf 87' lang='lat'><strong>,</strong></span> 
     </span>
    </p>
   </div>
   <div class='ocr_carea' id='block_1_32' title="bbox 437 1922 2031 1997">
    <p class='ocr_par' dir='ltr' id='par_1_32' title="bbox 437 1922 2031 1997">
     <span class='ocr_line' id='line_1_32' title="bbox 437 1922 2031 1997; baseline -0.009 -8"><span class='ocrx_word' id='word_1_241' title='bbox 437 1944 605 1990; x_wconf 77' lang='lat' dir='ltr'><strong>vent:</strong></span> <span class='ocrx_word' id='word_1_242' title='bbox 638 1932 1002 1988; x_wconf 84' lang='lat' dir='ltr'><strong>Florentinam</strong></span> <span class='ocrx_word' id='word_1_243' title='bbox 1031 1927 1231 1997; x_wconf 87' lang='lat' dir='ltr'><strong>Hispali</strong></span> <span class='ocrx_word' id='word_1_244' title='bbox 1266 1923 1624 1980; x_wconf 85' lang='lat' dir='ltr'><strong>verosimilius</strong></span> <span class='ocrx_word' id='word_1_245' title='bbox 1654 1922 1813 1977; x_wconf 87' lang='lat' dir='ltr'><strong>fuisse</strong></span> <span class='ocrx_word' id='word_1_246' title='bbox 1847 1922 2031 1991; x_wconf 87' lang='lat' dir='ltr'><strong>sepul-</strong></span> 
     </span>
    </p>
   </div>
   <div class='ocr_carea' id='block_1_33' title="bbox 445 2014 2032 2094">
    <p class='ocr_par' dir='ltr' id='par_1_33' title="bbox 445 2014 2032 2094">
     <span class='ocr_line' id='line_1_33' title="bbox 445 2014 2032 2094; baseline -0.006 -15"><span class='ocrx_word' id='word_1_247' title='bbox 445 2036 580 2088; x_wconf 85' lang='lat' dir='ltr'><strong>tam,</strong></span> <span class='ocrx_word' id='word_1_248' title='bbox 609 2039 769 2094; x_wconf 87' lang='lat' dir='ltr'><strong>qnam</strong></span> <span class='ocrx_word' id='word_1_249' title='bbox 802 2020 991 2090; x_wconf 81' lang='lat' dir='ltr'><strong>Astigi,</strong></span> <span class='ocrx_word' id='word_1_250' title='bbox 1024 2020 1168 2089; x_wconf 91' lang='lat' dir='ltr'><strong>quod</strong></span> <span class='ocrx_word' id='word_1_251' title='bbox 1193 2019 1280 2072; x_wconf 87' lang='lat' dir='ltr'><strong>alii</strong></span> <span class='ocrx_word' id='word_1_252' title='bbox 1314 2017 1551 2071; x_wconf 87' lang='lat' dir='ltr'><strong>tradunt.</strong></span> <span class='ocrx_word' id='word_1_253' title='bbox 1585 2015 1659 2070; x_wconf 90' lang='lat' dir='ltr'><strong>De</strong></span> <span class='ocrx_word' id='word_1_254' title='bbox 1688 2030 1830 2069; x_wconf 87' lang='lat' dir='ltr'><strong>anno</strong></span> <span class='ocrx_word' id='word_1_255' title='bbox 1853 2014 2032 2069; x_wconf 87' lang='lat' dir='ltr'><strong>obitus</strong></span> 
     </span>
    </p>
   </div>
   <div class='ocr_carea' id='block_1_34' title="bbox 437 2107 2028 2177">
    <p class='ocr_par' dir='ltr' id='par_1_34' title="bbox 437 2107 2028 2177">
     <span class='ocr_line' id='line_1_34' title="bbox 437 2107 2028 2177; baseline -0.009 -4"><span class='ocrx_word' id='word_1_256' title='bbox 437 2116 498 2173; x_wconf 86' lang='lat' dir='ltr'><strong>S.</strong></span> <span class='ocrx_word' id='word_1_257' title='bbox 547 2115 776 2171; x_wconf 82' lang='lat' dir='ltr'><strong>Leandri</strong></span> <span class='ocrx_word' id='word_1_258' title='bbox 831 2112 1155 2169; x_wconf 87' lang='lat' dir='ltr'><strong>sententiam</strong></span> <span class='ocrx_word' id='word_1_259' title='bbox 1209 2108 1505 2165; x_wconf 81' lang='lat' dir='ltr'><strong>Mabillouii</strong></span> <span class='ocrx_word' id='word_1_260' title='bbox 1557 2107 1780 2163; x_wconf 89' lang='lat' dir='ltr'><strong>minime</strong></span> <span class='ocrx_word' id='word_1_261' title='bbox 1835 2107 2028 2177; x_wconf 89' lang='lat' dir='ltr'><strong>probo.</strong></span> 
     </span>
    </p>
   </div>
   <div class='ocr_carea' id='block_1_35' title="bbox 439 2205 903 2275">
    <p class='ocr_par' dir='ltr' id='par_1_35' title="bbox 439 2205 903 2275">
     <span class='ocr_line' id='line_1_35' title="bbox 439 2205 903 2275; baseline -0.009 -14"><span class='ocrx_word' id='word_1_262' title='bbox 439 2206 638 2261; x_wconf 80' lang='lat' dir='ltr'><strong>Confer</strong></span> <span class='ocrx_word' id='word_1_263' title='bbox 667 2222 789 2275; x_wconf 87' lang='lat' dir='ltr'><strong>cap.</strong></span> <span class='ocrx_word' id='word_1_264' title='bbox 813 2205 903 2259; x_wconf 72' lang='lat' dir='ltr'><strong>2t).</strong></span> 
     </span>
    </p>
   </div>
   <div class='ocr_carea' id='block_1_36' title="bbox 511 2288 2031 2362">
    <p class='ocr_par' dir='ltr' id='par_1_36' title="bbox 511 2288 2031 2362">
     <span class='ocr_line' id='line_1_36' title="bbox 511 2288 2031 2362; baseline -0.004 -13"><span class='ocrx_word' id='word_1_265' title='bbox 511 2297 599 2351; x_wconf 73' lang='lat' dir='ltr'><strong>l2.</strong></span> <span class='ocrx_word' id='word_1_266' title='bbox 640 2296 795 2350; x_wconf 78' lang='lat' dir='ltr'><strong>Aliud</strong></span> <span class='ocrx_word' id='word_1_267' title='bbox 819 2304 993 2350; x_wconf 75' lang='lat' dir='ltr'><strong>exstat</strong></span> <span class='ocrx_word' id='word_1_268' title='bbox 1012 2293 1198 2348; x_wconf 72' lang='lat' dir='ltr'><strong>Isidori</strong></span> <span class='ocrx_word' id='word_1_269' title='bbox 1223 2291 1577 2362; x_wconf 88' lang='lat' dir='ltr'><strong>epitaphium,</strong></span> <span class='ocrx_word' id='word_1_270' title='bbox 1598 2292 1743 2359; x_wconf 91' lang='lat' dir='ltr'><strong>quod</strong></span> <span class='ocrx_word' id='word_1_271' title='bbox 1764 2288 2031 2344; x_wconf 88' lang='lat' dir='ltr'><strong>Ildcfonso</strong></span> 
     </span>
    </p>
   </div>
   <div class='ocr_carea' id='block_1_37' title="bbox 440 2379 2033 2457">
    <p class='ocr_par' dir='ltr' id='par_1_37' title="bbox 440 2379 2033 2457">
     <span class='ocr_line' id='line_1_37' title="bbox 440 2379 2033 2457; baseline -0.006 -15"><span class='ocrx_word' id='word_1_272' title='bbox 440 2388 640 2457; x_wconf 88' lang='lat' dir='ltr'><strong>pariter</strong></span> <span class='ocrx_word' id='word_1_273' title='bbox 663 2387 718 2441; x_wconf 89' lang='lat' dir='ltr'><strong>in</strong></span> <span class='ocrx_word' id='word_1_274' title='bbox 750 2387 1069 2441; x_wconf 79' lang='lat' dir='ltr'><strong>collectione</strong></span> <span class='ocrx_word' id='word_1_275' title='bbox 1088 2385 1389 2439; x_wconf 86' lang='lat' dir='ltr'><strong>carminum</strong></span> <span class='ocrx_word' id='word_1_276' title='bbox 1419 2380 1850 2450; x_wconf 75' lang='lat' dir='ltr'><strong>Pseudo-Juliani</strong></span> <span class='ocrx_word' id='word_1_277' title='bbox 1879 2379 2033 2433; x_wconf 84' lang='lat' dir='ltr'><strong>alliu-</strong></span> 
     </span>
    </p>
   </div>
   <div class='ocr_carea' id='block_1_38' title="bbox 439 2471 2030 2548">
    <p class='ocr_par' dir='ltr' id='par_1_38' title="bbox 439 2471 2030 2548">
     <span class='ocr_line' id='line_1_38' title="bbox 439 2471 2030 2548; baseline -0.004 -16"><span class='ocrx_word' id='word_1_278' title='bbox 439 2480 583 2547; x_wconf 92' lang='lat' dir='ltr'><strong>gitur</strong></span> <span class='ocrx_word' id='word_1_279' title='bbox 617 2495 629 2530; x_wconf 93' lang='lat'>:</span> <span class='ocrx_word' id='word_1_280' title='bbox 662 2477 802 2548; x_wconf 87' lang='lat' dir='ltr'><strong>quod</strong></span> <span class='ocrx_word' id='word_1_281' title='bbox 834 2477 992 2546; x_wconf 84' lang='lat' dir='ltr'><strong>plane</strong></span> <span class='ocrx_word' id='word_1_282' title='bbox 1020 2475 1384 2545; x_wconf 84' lang='lat' dir='ltr'><strong>apocryphum</strong></span> <span class='ocrx_word' id='word_1_283' title='bbox 1425 2481 1508 2528; x_wconf 89' lang='lat' dir='ltr'><strong>est</strong></span> <span class='ocrx_word' id='word_1_284' title='bbox 1529 2514 1544 2537; x_wconf 92' lang='lat'><strong>,</strong></span> <span class='ocrx_word' id='word_1_285' title='bbox 1578 2480 1691 2527; x_wconf 90' lang='lat' dir='ltr'><strong>tum</strong></span> <span class='ocrx_word' id='word_1_286' title='bbox 1721 2472 1846 2540; x_wconf 85' lang='lat' dir='ltr'><strong>quia</strong></span> <span class='ocrx_word' id='word_1_287' title='bbox 1888 2471 2030 2525; x_wconf 83' lang='lat' dir='ltr'><strong>nulla</strong></span> 
     </span>
    </p>
   </div>
   <div class='ocr_carea' id='block_1_39' title="bbox 439 2562 2029 2635">
    <p class='ocr_par' dir='ltr' id='par_1_39' title="bbox 439 2562 2029 2635">
     <span class='ocr_line' id='line_1_39' title="bbox 439 2562 2029 2635; baseline -0.005 -14"><span class='ocrx_word' id='word_1_288' title='bbox 439 2566 557 2635; x_wconf 83' lang='lat' dir='ltr'><strong>ejus</strong></span> <span class='ocrx_word' id='word_1_289' title='bbox 603 2568 859 2621; x_wconf 86' lang='lat' dir='ltr'><strong>memoria</strong></span> <span class='ocrx_word' id='word_1_290' title='bbox 904 2573 1029 2619; x_wconf 89' lang='lat' dir='ltr'><strong>ante</strong></span> <span class='ocrx_word' id='word_1_291' title='bbox 1064 2562 1574 2619; x_wconf 72' lang='lat' dir='ltr'><strong>PseudoJulianum</strong></span> <span class='ocrx_word' id='word_1_292' title='bbox 1615 2569 1867 2632; x_wconf 87' lang='lat' dir='ltr'><strong>apparet,</strong></span> <span class='ocrx_word' id='word_1_293' title='bbox 1919 2571 2029 2615; x_wconf 91' lang='lat' dir='ltr'><strong>tum</strong></span> 
     </span>
    </p>
   </div>
   <div class='ocr_carea' id='block_1_40' title="bbox 440 2652 2033 2727">
    <p class='ocr_par' dir='ltr' id='par_1_40' title="bbox 440 2652 2033 2727">
     <span class='ocr_line' id='line_1_40' title="bbox 440 2652 2033 2727; baseline -0.001 -17"><span class='ocrx_word' id='word_1_294' title='bbox 440 2657 566 2727; x_wconf 83' lang='lat' dir='ltr'><strong>quia</strong></span> <span class='ocrx_word' id='word_1_295' title='bbox 603 2654 789 2710; x_wconf 91' lang='lat' dir='ltr'><strong>Isidori</strong></span> <span class='ocrx_word' id='word_1_296' title='bbox 827 2655 1113 2720; x_wconf 61' lang='lat' dir='ltr'><strong>exsilium,</strong></span> <span class='ocrx_word' id='word_1_297' title='bbox 1160 2653 1307 2724; x_wconf 91' lang='lat' dir='ltr'><strong>quod</strong></span> <span class='ocrx_word' id='word_1_298' title='bbox 1355 2652 1812 2719; x_wconf 83' lang='lat' dir='ltr'><strong>fabulosutn&#39;est,</strong></span> <span class='ocrx_word' id='word_1_299' title='bbox 1862 2652 1913 2707; x_wconf 90' lang='lat' dir='ltr'><strong>in</strong></span> <span class='ocrx_word' id='word_1_300' title='bbox 1964 2667 2033 2708; x_wconf 83' lang='lat' dir='ltr'><strong>eo</strong></span> 
     </span>
    </p>
   </div>
   <div class='ocr_carea' id='block_1_41' title="bbox 441 2744 1464 2804">
    <p class='ocr_par' dir='ltr' id='par_1_41' title="bbox 441 2744 1464 2804">
     <span class='ocr_line' id='line_1_41' title="bbox 441 2744 1464 2804; baseline -0.006 0"><span class='ocrx_word' id='word_1_301' title='bbox 441 2755 912 2804; x_wconf 83' lang='lat' dir='ltr'><strong>commemoratur.</strong></span> <span class='ocrx_word' id='word_1_302' title='bbox 936 2744 1029 2801; x_wconf 88' lang='lat' dir='ltr'><strong>Sic</strong></span> <span class='ocrx_word' id='word_1_303' title='bbox 1054 2754 1234 2801; x_wconf 88' lang='lat' dir='ltr'><strong>autem</strong></span> <span class='ocrx_word' id='word_1_304' title='bbox 1264 2744 1425 2800; x_wconf 84' lang='lat' dir='ltr'><strong>habet</strong></span> <span class='ocrx_word' id='word_1_305' title='bbox 1450 2761 1464 2798; x_wconf 93' lang='lat'><strong>:</strong></span> 
     </span>
    </p>
   </div>
   <div class='ocr_carea' id='block_1_42' title="bbox 564 2853 1912 2917">
    <p class='ocr_par' dir='ltr' id='par_1_42' title="bbox 564 2853 1912 2917">
     <span class='ocr_line' id='line_1_42' title="bbox 564 2853 1912 2917; baseline -0.003 -11"><span class='ocrx_word' id='word_1_306' title='bbox 564 2856 708 2906; x_wconf 73' lang='lat' dir='ltr'><strong>Mens</strong></span> <span class='ocrx_word' id='word_1_307' title='bbox 732 2863 962 2917; x_wconf 82' lang='lat' dir='ltr'><strong>penetrat</strong></span> <span class='ocrx_word' id='word_1_308' title='bbox 982 2854 1156 2915; x_wconf 65' lang='lat' dir='ltr'><strong>caelos,</strong></span> <span class='ocrx_word' id='word_1_309' title='bbox 1176 2853 1271 2917; x_wconf 87' lang='lat' dir='ltr'><strong>hac</strong></span> <span class='ocrx_word' id='word_1_310' title='bbox 1292 2866 1468 2916; x_wconf 88' lang='lat' dir='ltr'><strong>corpus</strong></span> <span class='ocrx_word' id='word_1_311' title='bbox 1489 2853 1669 2903; x_wconf 84' lang='lat' dir='ltr'><strong>dormit</strong></span> <span class='ocrx_word' id='word_1_312' title='bbox 1692 2854 1743 2902; x_wconf 91' lang='lat' dir='ltr'><strong>in</strong></span> <span class='ocrx_word' id='word_1_313' title='bbox 1766 2866 1912 2916; x_wconf 85' lang='lat' dir='ltr'><strong>urna,</strong></span> 
     </span>
    </p>
   </div>
   <div class='ocr_carea' id='block_1_43' title="bbox 627 2916 1666 2978">
    <p class='ocr_par' dir='ltr' id='par_1_43' title="bbox 627 2916 1666 2978">
     <span class='ocr_line' id='line_1_43' title="bbox 627 2916 1666 2978; baseline -0.001 -13"><span class='ocrx_word' id='word_1_314' title='bbox 627 2917 780 2966; x_wconf 83' lang='lat' dir='ltr'><strong>Dulce</strong></span> <span class='ocrx_word' id='word_1_315' title='bbox 802 2918 954 2965; x_wconf 71' lang='lat' dir='ltr'><strong>decus</strong></span> <span class='ocrx_word' id='word_1_316' title='bbox 979 2918 1165 2978; x_wconf 80' lang='lat' dir='ltr'><strong>gentis,</strong></span> <span class='ocrx_word' id='word_1_317' title='bbox 1190 2916 1289 2964; x_wconf 81' lang='lat' dir='ltr'><strong>dux</strong></span> <span class='ocrx_word' id='word_1_318' title='bbox 1318 2916 1520 2974; x_wconf 77' lang='lat' dir='ltr'><strong>Isidore,</strong></span> <span class='ocrx_word' id='word_1_319' title='bbox 1548 2923 1666 2964; x_wconf 65' lang='lat' dir='ltr'><strong>tua.</strong></span> 
     </span>
    </p>
   </div>
   <div class='ocr_carea' id='block_1_44' title="bbox 564 2977 1839 3040">
    <p class='ocr_par' dir='ltr' id='par_1_44' title="bbox 564 2977 1839 3040">
     <span class='ocr_line' id='line_1_44' title="bbox 564 2977 1839 3040; baseline -0.001 -13"><span class='ocrx_word' id='word_1_320' title='bbox 564 2978 684 3036; x_wconf 78' lang='lat' dir='ltr'><strong>Quae</strong></span> <span class='ocrx_word' id='word_1_321' title='bbox 708 2980 794 3040; x_wconf 84' lang='lat' dir='ltr'><strong>tibi</strong></span> <span class='ocrx_word' id='word_1_322' title='bbox 818 2977 1082 3040; x_wconf 76' lang='lat' dir='ltr'><strong>discipulus</strong></span> <span class='ocrx_word' id='word_1_323' title='bbox 1100 2985 1275 3038; x_wconf 80' lang='lat' dir='ltr'><strong>sacrat,</strong></span> <span class='ocrx_word' id='word_1_324' title='bbox 1303 2990 1566 3039; x_wconf 69' lang='lat' dir='ltr'><strong>praesume,</strong></span> <span class='ocrx_word' id='word_1_325' title='bbox 1585 2980 1839 3040; x_wconf 83' lang='lat' dir='ltr'><strong>magister,</strong></span> 
     </span>
    </p>
   </div>
   <div class='ocr_carea' id='block_1_45' title="bbox 631 3038 1681 3100">
    <p class='ocr_par' dir='ltr' id='par_1_45' title="bbox 631 3038 1681 3100">
     <span class='ocr_line' id='line_1_45' title="bbox 631 3038 1681 3100; baseline 0 -13"><span class='ocrx_word' id='word_1_326' title='bbox 631 3040 722 3097; x_wconf 85' lang='lat' dir='ltr'><strong>Qui</strong></span> <span class='ocrx_word' id='word_1_327' title='bbox 746 3039 836 3087; x_wconf 89' lang='lat' dir='ltr'><strong>fuit</strong></span> <span class='ocrx_word' id='word_1_328' title='bbox 860 3038 1023 3088; x_wconf 72' lang='lat' dir='ltr'><strong>exsilii</strong></span> <span class='ocrx_word' id='word_1_329' title='bbox 1050 3051 1281 3100; x_wconf 86' lang='lat' dir='ltr'><strong>parsque,</strong></span> <span class='ocrx_word' id='word_1_330' title='bbox 1301 3038 1565 3100; x_wconf 78' lang='lat' dir='ltr'><strong>comesque</strong></span> <span class='ocrx_word' id='word_1_331' title='bbox 1589 3038 1681 3087; x_wconf 63' lang='lat' dir='ltr'><strong>tui;</strong></span> 
     </span>
    </p>
   </div>
   <div class='ocr_carea' id='block_1_46' title="bbox 564 3098 1843 3163">
    <p class='ocr_par' dir='ltr' id='par_1_46' title="bbox 564 3098 1843 3163">
     <span class='ocr_line' id='line_1_46' title="bbox 564 3098 1843 3163; baseline 0.002 -13"><span class='ocrx_word' id='word_1_332' title='bbox 564 3098 789 3163; x_wconf 82' lang='lat' dir='ltr'><strong>Carmina</strong></span> <span class='ocrx_word' id='word_1_333' title='bbox 815 3114 954 3149; x_wconf 87' lang='lat' dir='ltr'><strong>sume</strong></span> <span class='ocrx_word' id='word_1_334' title='bbox 980 3098 1159 3163; x_wconf 75' lang='lat' dir='ltr'><strong>libens,</strong></span> <span class='ocrx_word' id='word_1_335' title='bbox 1178 3098 1233 3150; x_wconf 72' lang='lat' dir='ltr'><strong>et</strong></span> <span class='ocrx_word' id='word_1_336' title='bbox 1255 3112 1403 3163; x_wconf 85' lang='lat' dir='ltr'><strong>quem</strong></span> <span class='ocrx_word' id='word_1_337' title='bbox 1423 3108 1473 3150; x_wconf 89' lang='lat' dir='ltr'><strong>tu</strong></span> <span class='ocrx_word' id='word_1_338' title='bbox 1485 3098 1635 3151; x_wconf 48' lang='lat' dir='ltr'><strong>&#39;vivus</strong></span> <span class='ocrx_word' id='word_1_339' title='bbox 1651 3102 1843 3163; x_wconf 67' lang='lat' dir='ltr'><strong>amasti,</strong></span> 
     </span>
    </p>
   </div>
   <div class='ocr_carea' id='block_1_47' title="bbox 632 3159 1632 3223">
    <p class='ocr_par' dir='ltr' id='par_1_47' title="bbox 632 3159 1632 3223">
     <span class='ocr_line' id='line_1_47' title="bbox 632 3159 1632 3223; baseline 0.001 -12"><span class='ocrx_word' id='word_1_340' title='bbox 632 3162 745 3211; x_wconf 84' lang='lat' dir='ltr'><strong>Post</strong></span> <span class='ocrx_word' id='word_1_341' title='bbox 764 3169 846 3211; x_wconf 85' lang='lat' dir='ltr'><strong>tua</strong></span> <span class='ocrx_word' id='word_1_342' title='bbox 865 3175 1066 3211; x_wconf 83' lang='lat' dir='ltr'><strong>securus</strong></span> <span class='ocrx_word' id='word_1_343' title='bbox 1090 3159 1206 3222; x_wconf 85' lang='lat' dir='ltr'><strong>fata,</strong></span> <span class='ocrx_word' id='word_1_344' title='bbox 1232 3159 1486 3223; x_wconf 80' lang='lat' dir='ltr'><strong>magister,</strong></span> <span class='ocrx_word' id='word_1_345' title='bbox 1507 3174 1632 3212; x_wconf 88' lang='lat' dir='ltr'><strong>ama.</strong></span> 
     </span>
    </p>
   </div>
   <div class='ocr_carea' id='block_1_48' title="bbox 567 3222 1683 3287">
    <p class='ocr_par' dir='ltr' id='par_1_48' title="bbox 567 3222 1683 3287">
     <span class='ocr_line' id='line_1_48' title="bbox 567 3222 1683 3287; baseline -0.001 -14"><span class='ocrx_word' id='word_1_346' title='bbox 567 3222 662 3287; x_wconf 71' lang='lat' dir='ltr'><strong>Ora</strong></span> <span class='ocrx_word' id='word_1_347' title='bbox 687 3236 774 3287; x_wconf 93' lang='lat' dir='ltr'><strong>pro</strong></span> <span class='ocrx_word' id='word_1_348' title='bbox 797 3224 935 3287; x_wconf 81' lang='lat' dir='ltr'><strong>nobis</strong></span> <span class='ocrx_word' id='word_1_349' title='bbox 958 3224 1172 3285; x_wconf 81' lang='lat' dir='ltr'><strong>miseris,</strong></span> <span class='ocrx_word' id='word_1_350' title='bbox 1197 3222 1683 3287; x_wconf 47' lang='lat' dir='ltr'><strong>clarissime&#39;doctor,</strong></span> 
     </span>
    </p>
   </div>
   <div class='ocr_carea' id='block_1_49' title="bbox 629 3282 1629 3346">
    <p class='ocr_par' dir='ltr' id='par_1_49' title="bbox 629 3282 1629 3346">
     <span class='ocr_line' id='line_1_49' title="bbox 629 3282 1629 3346; baseline 0 -11"><span class='ocrx_word' id='word_1_351' title='bbox 629 3284 671 3335; x_wconf 90' lang='grc' dir='ltr'>Ο</span> <span class='ocrx_word' id='word_1_352' title='bbox 687 3282 851 3333; x_wconf 67' lang='lat' dir='ltr'><strong>decus</strong></span> <span class='ocrx_word' id='word_1_353' title='bbox 873 3285 1135 3345; x_wconf 62' lang='lat' dir='ltr'><strong>Hisperie,</strong></span> <span class='ocrx_word' id='word_1_354' title='bbox 1158 3282 1435 3346; x_wconf 73' lang='lat' dir='ltr'><strong>relligionis</strong></span> <span class='ocrx_word' id='word_1_355' title='bbox 1456 3284 1629 3335; x_wconf 82' lang='lat' dir='ltr'><strong>honor.</strong></span> 
     </span>
    </p>
   </div>
   <div class='ocr_carea' id='block_1_50' title="bbox 567 3344 1841 3408">
    <p class='ocr_par' dir='ltr' id='par_1_50' title="bbox 567 3344 1841 3408">
     <span class='ocr_line' id='line_1_50' title="bbox 567 3344 1841 3408; baseline 0.002 -13"><span class='ocrx_word' id='word_1_356' title='bbox 567 3344 663 3404; x_wconf 84' lang='lat' dir='ltr'><strong>Da,</strong></span> <span class='ocrx_word' id='word_1_357' title='bbox 688 3359 828 3408; x_wconf 88' lang='lat' dir='ltr'><strong>rogo,</strong></span> <span class='ocrx_word' id='word_1_358' title='bbox 853 3355 905 3397; x_wconf 89' lang='lat' dir='ltr'><strong>te</strong></span> <span class='ocrx_word' id='word_1_359' title='bbox 928 3344 1141 3406; x_wconf 80' lang='lat' dir='ltr'><strong>facilem,</strong></span> <span class='ocrx_word' id='word_1_360' title='bbox 1162 3354 1211 3397; x_wconf 88' lang='lat' dir='ltr'><strong>te</strong></span> <span class='ocrx_word' id='word_1_361' title='bbox 1234 3344 1430 3408; x_wconf 78' lang='lat' dir='ltr'><strong>desine,</strong></span> <span class='ocrx_word' id='word_1_362' title='bbox 1446 3358 1635 3407; x_wconf 72' lang='lat' dir='ltr'><strong>quaeso,</strong></span> <span class='ocrx_word' id='word_1_363' title='bbox 1660 3348 1841 3408; x_wconf 88' lang='lat' dir='ltr'><strong>rogari.</strong></span> 
     </span>
    </p>
   </div>
   <div class='ocr_carea' id='block_1_51' title="bbox 630 3384 1775 3470">
    <p class='ocr_par' dir='ltr' id='par_1_51' title="bbox 630 3384 1775 3470">
     <span class='ocr_line' id='line_1_51' title="bbox 630 3384 1775 3470; baseline -0.001 -12"><span class='ocrx_word' id='word_1_364' title='bbox 630 3384 1211 3470; x_wconf 47' lang='lat' dir='ltr'><strong>&#39;i&#39;C-Jﬂé&#39;t-B&#39;céii&#39;ﬁiti:</strong></span> <span class='ocrx_word' id='word_1_365' title='bbox 1231 3384 1775 3470; x_wconf 58' lang='grc' dir='ltr'><strong>ἆῇἓῷἷιὶἱῖᾇὶἱέὗὸἕιῧῖ</strong></span> 
     </span>
    </p>
   </div>
   <div class='ocr_carea' id='block_1_52' title="bbox 565 3468 1834 3542">
    <p class='ocr_par' dir='ltr' id='par_1_52' title="bbox 565 3468 1834 3542">
     <span class='ocr_line' id='line_1_52' title="bbox 565 3468 1834 3542; baseline 0.005 -30"><span class='ocrx_word' id='word_1_366' title='bbox 565 3468 888 3542; x_wconf 50' lang='grc' dir='ltr'><strong>οιεριξίνξπὶφ</strong></span> <span class='ocrx_word' id='word_1_367' title='bbox 911 3468 1113 3542; x_wconf 64' lang='lat' dir='ltr'><strong>cingunt.</strong></span> <span class='ocrx_word' id='word_1_368' title='bbox 1135 3482 1286 3542; x_wconf 77' lang='lat' dir='ltr'><strong>curae,</strong></span> <span class='ocrx_word' id='word_1_369' title='bbox 1311 3468 1628 3542; x_wconf 61' lang='lat' dir='ltr'><strong>quemueusa</strong></span> <span class='ocrx_word' id='word_1_370' title='bbox 1653 3468 1834 3531; x_wconf 86' lang='lat' dir='ltr'><strong>pericla</strong></span> 
     </span>
    </p>
   </div>
   <div class='ocr_carea' id='block_1_53' title="bbox 628 3530 1490 3593">
    <p class='ocr_par' dir='ltr' id='par_1_53' title="bbox 628 3530 1490 3593">
     <span class='ocr_line' id='line_1_53' title="bbox 628 3530 1490 3593; baseline 0.001 -13"><span class='ocrx_word' id='word_1_371' title='bbox 628 3532 882 3593; x_wconf 68' lang='lat' dir='ltr'><strong>luti-stant,</strong></span> <span class='ocrx_word' id='word_1_372' title='bbox 906 3530 1017 3579; x_wconf 83' lang='lat' dir='ltr'><strong>coeli</strong></span> <span class='ocrx_word' id='word_1_373' title='bbox 1042 3532 1116 3579; x_wconf 84' lang='lat' dir='ltr'><strong>fac</strong></span> <span class='ocrx_word' id='word_1_374' title='bbox 1142 3539 1354 3580; x_wconf 75' lang='lat' dir='ltr'><strong>statione</strong></span> <span class='ocrx_word' id='word_1_375' title='bbox 1378 3530 1490 3581; x_wconf 84' lang='lat' dir='ltr'><strong>frui.</strong></span> 
     </span>
    </p>
   </div>
   <div class='ocr_carea' id='block_1_54' title="bbox 515 3634 2030 3707">
    <p class='ocr_par' dir='ltr' id='par_1_54' title="bbox 515 3634 2030 3707">
     <span class='ocr_line' id='line_1_54' title="bbox 515 3634 2030 3707; baseline -0.001 -16"><span class='ocrx_word' id='word_1_376' title='bbox 515 3639 603 3692; x_wconf 73' lang='lat' dir='ltr'><strong>l3.</strong></span> <span class='ocrx_word' id='word_1_377' title='bbox 645 3638 845 3693; x_wconf 84' lang='lat' dir='ltr'><strong>Auctor</strong></span> <span class='ocrx_word' id='word_1_378' title='bbox 872 3636 1005 3691; x_wconf 63' lang='lat' dir='ltr'><strong>Vitas</strong></span> <span class='ocrx_word' id='word_1_379' title='bbox 1034 3635 1242 3702; x_wconf 83' lang='lat' dir='ltr'><strong>Isilori,</strong></span> <span class='ocrx_word' id='word_1_380' title='bbox 1283 3645 1409 3707; x_wconf 89' lang='lat' dir='ltr'><strong>post</strong></span> <span class='ocrx_word' id='word_1_381' title='bbox 1445 3636 1635 3692; x_wconf 80' lang='lat' dir='ltr'><strong>lsidori</strong></span> <span class='ocrx_word' id='word_1_382' title='bbox 1664 3634 1993 3707; x_wconf 86' lang='lat' dir='ltr'><strong>epitaphium</strong></span> <span class='ocrx_word' id='word_1_383' title='bbox 2013 3676 2030 3703; x_wconf 87' lang='lat'><strong>,</strong></span> 
     </span>
    </p>
   </div>
   <div class='ocr_carea' id='block_1_55' title="bbox 446 3724 2031 3799">
    <p class='ocr_par' dir='ltr' id='par_1_55' title="bbox 446 3724 2031 3799">
     <span class='ocr_line' id='line_1_55' title="bbox 446 3724 2031 3799; baseline -0.002 -17"><span class='ocrx_word' id='word_1_384' title='bbox 446 3729 593 3799; x_wconf 87' lang='lat' dir='ltr'><strong>quod</strong></span> <span class='ocrx_word' id='word_1_385' title='bbox 623 3728 691 3781; x_wconf 91' lang='lat' dir='ltr'><strong>ab</strong></span> <span class='ocrx_word' id='word_1_386' title='bbox 716 3724 982 3780; x_wconf 79' lang='lat' dir='ltr'><strong>lldefonso</strong></span> <span class='ocrx_word' id='word_1_387' title='bbox 1010 3727 1368 3796; x_wconf 88' lang='lat' dir='ltr'><strong>compositum</strong></span> <span class='ocrx_word' id='word_1_388' title='bbox 1399 3727 1601 3784; x_wconf 87' lang='lat' dir='ltr'><strong>diserte</strong></span> <span class='ocrx_word' id='word_1_389' title='bbox 1627 3728 1843 3794; x_wconf 61' lang='lat' dir='ltr'><strong>asserit,</strong></span> <span class='ocrx_word' id='word_1_390' title='bbox 1880 3726 2031 3782; x_wconf 90' lang='lat' dir='ltr'><strong>scili-</strong></span> 
     </span>
    </p>
   </div>
   <div class='ocr_carea' id='block_1_56' title="bbox 448 3816 2032 3887">
    <p class='ocr_par' dir='ltr' id='par_1_56' title="bbox 448 3816 2032 3887">
     <span class='ocr_line' id='line_1_56' title="bbox 448 3816 2032 3887; baseline 0.001 -15"><span class='ocrx_word' id='word_1_391' title='bbox 448 3826 538 3872; x_wconf 85' lang='lat' dir='ltr'><strong>cet</strong></span> <span class='ocrx_word' id='word_1_392' title='bbox 562 3816 701 3870; x_wconf 76' lang='lat' dir='ltr'><strong>Crux</strong></span> <span class='ocrx_word' id='word_1_393' title='bbox 730 3818 839 3871; x_wconf 79' lang='lat' dir='ltr'><strong>Itwc</strong></span> <span class='ocrx_word' id='word_1_394' title='bbox 883 3817 1022 3870; x_wconf 76' lang='lat' dir='ltr'><strong>atina</strong></span> <span class='ocrx_word' id='word_1_395' title='bbox 1052 3819 1208 3887; x_wconf 81' lang='lat' dir='ltr'><strong>gerit,</strong></span> <span class='ocrx_word' id='word_1_396' title='bbox 1257 3826 1363 3873; x_wconf 86' lang='lat' dir='ltr'><strong>etc.</strong></span> <span class='ocrx_word' id='word_1_397' title='bbox 1389 3855 1409 3884; x_wconf 91' lang='lat'><strong>,</strong></span> <span class='ocrx_word' id='word_1_398' title='bbox 1438 3817 1682 3887; x_wconf 86' lang='lat' dir='ltr'><strong>adjungit</strong></span> <span class='ocrx_word' id='word_1_399' title='bbox 1729 3817 1876 3872; x_wconf 89' lang='lat' dir='ltr'><strong>aliud</strong></span> <span class='ocrx_word' id='word_1_400' title='bbox 1915 3817 2032 3873; x_wconf 86' lang='lat' dir='ltr'><strong>sine</strong></span> 
     </span>
    </p>
   </div>
   <div class='ocr_carea' id='block_1_57' title="bbox 452 3907 2032 3978">
    <p class='ocr_par' dir='ltr' id='par_1_57' title="bbox 452 3907 2032 3978">
     <span class='ocr_line' id='line_1_57' title="bbox 452 3907 2032 3978; baseline 0.001 -16"><span class='ocrx_word' id='word_1_401' title='bbox 452 3907 671 3962; x_wconf 85' lang='lat' dir='ltr'><strong>nomine</strong></span> <span class='ocrx_word' id='word_1_402' title='bbox 698 3908 932 3962; x_wconf 86' lang='lat' dir='ltr'><strong>auctoris</strong></span> <span class='ocrx_word' id='word_1_403' title='bbox 958 3924 973 3961; x_wconf 90' lang='lat'><strong>:</strong></span> <span class='ocrx_word' id='word_1_404' title='bbox 1004 3915 1168 3978; x_wconf 89' lang='lat' dir='ltr'><strong>atque</strong></span> <span class='ocrx_word' id='word_1_405' title='bbox 1194 3908 1329 3963; x_wconf 88' lang='lat' dir='ltr'><strong>adeo</strong></span> <span class='ocrx_word' id='word_1_406' title='bbox 1358 3908 1577 3964; x_wconf 90' lang='lat' dir='ltr'><strong>dubium</strong></span> <span class='ocrx_word' id='word_1_407' title='bbox 1606 3909 1863 3964; x_wconf 88' lang='lat' dir='ltr'><strong>lectorem</strong></span> <span class='ocrx_word' id='word_1_408' title='bbox 1906 3909 2032 3963; x_wconf 82' lang='lat' dir='ltr'><strong>red-</strong></span> 
     </span>
    </p>
   </div>
   <div class='ocr_carea' id='block_1_58' title="bbox 447 3999 2032 4069">
    <p class='ocr_par' dir='ltr' id='par_1_58' title="bbox 447 3999 2032 4069">
     <span class='ocr_line' id='line_1_58' title="bbox 447 3999 2032 4069; baseline -0.001 -15"><span class='ocrx_word' id='word_1_409' title='bbox 447 4000 548 4067; x_wconf 87' lang='lat' dir='ltr'><strong>dit,</strong></span> <span class='ocrx_word' id='word_1_410' title='bbox 575 4015 641 4054; x_wconf 87' lang='lat' dir='ltr'><strong>an</strong></span> <span class='ocrx_word' id='word_1_411' title='bbox 690 4000 793 4056; x_wconf 90' lang='lat' dir='ltr'><strong>hoc</strong></span> <span class='ocrx_word' id='word_1_412' title='bbox 819 4000 981 4055; x_wconf 88' lang='lat' dir='ltr'><strong>etiam</strong></span> <span class='ocrx_word' id='word_1_413' title='bbox 1026 4000 1256 4056; x_wconf 90' lang='lat' dir='ltr'><strong>alterum</strong></span> <span class='ocrx_word' id='word_1_414' title='bbox 1306 4000 1573 4059; x_wconf 85' lang='lat' dir='ltr'><strong>Ildefonso</strong></span> <span class='ocrx_word' id='word_1_415' title='bbox 1600 4000 1890 4069; x_wconf 82' lang='lat' dir='ltr'><strong>adjudicet.</strong></span> <span class='ocrx_word' id='word_1_416' title='bbox 1923 3999 2032 4053; x_wconf 82' lang='lat' dir='ltr'><strong>Sed</strong></span> 
     </span>
    </p>
   </div>
   <div class='ocr_carea' id='block_1_59' title="bbox 445 4090 2028 4161">
    <p class='ocr_par' dir='ltr' id='par_1_59' title="bbox 445 4090 2028 4161">
     <span class='ocr_line' id='line_1_59' title="bbox 445 4090 2028 4161; baseline -0.003 -14"><span class='ocrx_word' id='word_1_417' title='bbox 445 4107 595 4147; x_wconf 83' lang='lat' dir='ltr'><strong>certe</strong></span> <span class='ocrx_word' id='word_1_418' title='bbox 616 4093 681 4146; x_wconf 89' lang='lat' dir='ltr'><strong>ad</strong></span> <span class='ocrx_word' id='word_1_419' title='bbox 702 4092 1003 4148; x_wconf 86' lang='lat' dir='ltr'><strong>Gothorum</strong></span> <span class='ocrx_word' id='word_1_420' title='bbox 1029 4092 1248 4148; x_wconf 84' lang='lat' dir='ltr'><strong>Patrum</strong></span> <span class='ocrx_word' id='word_1_421' title='bbox 1275 4102 1517 4160; x_wconf 88' lang='lat' dir='ltr'><strong>tempora</strong></span> <span class='ocrx_word' id='word_1_422' title='bbox 1535 4092 1755 4145; x_wconf 89' lang='lat' dir='ltr'><strong>minime</strong></span> <span class='ocrx_word' id='word_1_423' title='bbox 1778 4090 2028 4161; x_wconf 89' lang='lat' dir='ltr'><strong>pertinet,</strong></span> 
     </span>
    </p>
   </div>
   <div class='ocr_carea' id='block_1_60' title="bbox 444 4180 2031 4253">
    <p class='ocr_par' dir='ltr' id='par_1_60' title="bbox 444 4180 2031 4253">
     <span class='ocr_line' id='line_1_60' title="bbox 444 4180 2031 4253; baseline -0.003 -14"><span class='ocrx_word' id='word_1_424' title='bbox 444 4198 567 4239; x_wconf 88' lang='lat' dir='ltr'><strong>cum</strong></span> <span class='ocrx_word' id='word_1_425' title='bbox 593 4193 648 4239; x_wconf 91' lang='lat' dir='ltr'><strong>et</strong></span> <span class='ocrx_word' id='word_1_426' title='bbox 677 4184 884 4238; x_wconf 86' lang='lat' dir='ltr'><strong>fabulas</strong></span> <span class='ocrx_word' id='word_1_427' title='bbox 909 4183 1205 4253; x_wconf 81' lang='lat' dir='ltr'><strong>permixtas</strong></span> <span class='ocrx_word' id='word_1_428' title='bbox 1232 4182 1429 4236; x_wconf 82' lang='lat' dir='ltr'><strong>habeat</strong></span> <span class='ocrx_word' id='word_1_429' title='bbox 1451 4220 1469 4247; x_wconf 90' lang='lat'><strong>,</strong></span> <span class='ocrx_word' id='word_1_430' title='bbox 1500 4188 1556 4236; x_wconf 90' lang='lat' dir='ltr'><strong>et</strong></span> <span class='ocrx_word' id='word_1_431' title='bbox 1582 4181 1821 4236; x_wconf 84' lang='lat' dir='ltr'><strong>versibus</strong></span> <span class='ocrx_word' id='word_1_432' title='bbox 1859 4180 2031 4236; x_wconf 85' lang='lat' dir='ltr'><strong>leoni-</strong></span> 
     </span>
    </p>
   </div>
   <div class='ocr_carea' id='block_1_61' title="bbox 446 4272 2032 4345">
    <p class='ocr_par' dir='ltr' id='par_1_61' title="bbox 446 4272 2032 4345">
     <span class='ocr_line' id='line_1_61' title="bbox 446 4272 2032 4345; baseline -0.003 -14"><span class='ocrx_word' id='word_1_433' title='bbox 446 4278 530 4331; x_wconf 88' lang='lat' dir='ltr'><strong>nis</strong></span> <span class='ocrx_word' id='word_1_434' title='bbox 568 4276 924 4345; x_wconf 86' lang='lat' dir='ltr'><strong>compositum</strong></span> <span class='ocrx_word' id='word_1_435' title='bbox 952 4275 1044 4341; x_wconf 86' lang='lat' dir='ltr'><strong>sit,</strong></span> <span class='ocrx_word' id='word_1_436' title='bbox 1070 4272 1259 4343; x_wconf 88' lang='lat' dir='ltr'><strong>quales</strong></span> <span class='ocrx_word' id='word_1_437' title='bbox 1287 4287 1350 4327; x_wconf 83' lang='lat' dir='ltr'><strong>ea</strong></span> <span class='ocrx_word' id='word_1_438' title='bbox 1371 4280 1534 4329; x_wconf 65' lang='lat' dir='ltr'><strong>attate</strong></span> <span class='ocrx_word' id='word_1_439' title='bbox 1560 4272 1616 4328; x_wconf 88' lang='lat' dir='ltr'><strong>in</strong></span> <span class='ocrx_word' id='word_1_440' title='bbox 1646 4272 1898 4342; x_wconf 82' lang='lat' dir='ltr'><strong>Hispania</strong></span> <span class='ocrx_word' id='word_1_441' title='bbox 1924 4287 2032 4327; x_wconf 87' lang='lat' dir='ltr'><strong>non</strong></span> 
     </span>
    </p>
   </div>
   <div class='ocr_carea' id='block_1_62' title="bbox 447 4365 2034 4436">
    <p class='ocr_par' dir='ltr' id='par_1_62' title="bbox 447 4365 2034 4436">
     <span class='ocr_line' id='line_1_62' title="bbox 447 4365 2034 4436; baseline 0 -13"><span class='ocrx_word' id='word_1_442' title='bbox 447 4375 661 4423; x_wconf 89' lang='lat' dir='ltr'><strong>constat</strong></span> <span class='ocrx_word' id='word_1_443' title='bbox 686 4368 738 4422; x_wconf 93' lang='lat' dir='ltr'><strong>iu</strong></span> <span class='ocrx_word' id='word_1_444' title='bbox 769 4383 867 4422; x_wconf 88' lang='lat' dir='ltr'><strong>usu</strong></span> <span class='ocrx_word' id='word_1_445' title='bbox 897 4367 1091 4435; x_wconf 88' lang='lat' dir='ltr'><strong>fuisse;</strong></span> <span class='ocrx_word' id='word_1_446' title='bbox 1123 4375 1272 4423; x_wconf 88' lang='lat' dir='ltr'><strong>certe</strong></span> <span class='ocrx_word' id='word_1_447' title='bbox 1299 4366 1442 4421; x_wconf 91' lang='lat' dir='ltr'><strong>inter</strong></span> <span class='ocrx_word' id='word_1_448' title='bbox 1466 4367 1698 4436; x_wconf 89' lang='lat' dir='ltr'><strong>genuina</strong></span> <span class='ocrx_word' id='word_1_449' title='bbox 1728 4365 1949 4434; x_wconf 85' lang='lat' dir='ltr'><strong>Eugenii</strong></span> <span class='ocrx_word' id='word_1_450' title='bbox 1977 4376 2034 4423; x_wconf 87' lang='lat' dir='ltr'><strong>et</strong></span> 
     </span>
    </p>
   </div>
   <div class='ocr_carea' id='block_1_63' title="bbox 446 4457 2032 4528">
    <p class='ocr_par' dir='ltr' id='par_1_63' title="bbox 446 4457 2032 4528">
     <span class='ocr_line' id='line_1_63' title="bbox 446 4457 2032 4528; baseline 0.001 -18"><span class='ocrx_word' id='word_1_451' title='bbox 446 4457 729 4526; x_wconf 71' lang='lat' dir='ltr'><strong>aequalium</strong></span> <span class='ocrx_word' id='word_1_452' title='bbox 759 4467 1007 4528; x_wconf 86' lang='lat' dir='ltr'><strong>poemata</strong></span> <span class='ocrx_word' id='word_1_453' title='bbox 1036 4472 1255 4513; x_wconf 83' lang='lat' dir='ltr'><strong>carmen</strong></span> <span class='ocrx_word' id='word_1_454' title='bbox 1297 4457 1686 4526; x_wconf 88' lang='lat' dir='ltr'><strong>longiusculum</strong></span> <span class='ocrx_word' id='word_1_455' title='bbox 1728 4457 2032 4527; x_wconf 73' lang='lat' dir='ltr'><strong>huiusmodi</strong></span> 
     </span>
    </p>
   </div>
   <div class='ocr_carea' id='block_1_64' title="bbox 2135 1919 3723 1992">
    <p class='ocr_par' dir='ltr' id='par_1_64' title="bbox 2135 1919 3723 1992">
     <span class='ocr_line' id='line_1_64' title="bbox 2135 1919 3723 1992; baseline 0.005 -18"><span class='ocrx_word' id='word_1_456' title='bbox 2135 1919 2300 1975; x_wconf 86' lang='lat' dir='ltr'><strong>libros</strong></span> <span class='ocrx_word' id='word_1_457' title='bbox 2324 1936 2493 1976; x_wconf 60' lang='lat' dir='ltr'><strong>sactae</strong></span> <span class='ocrx_word' id='word_1_458' title='bbox 2533 1922 2666 1992; x_wconf 87' lang='lat' dir='ltr'><strong>legis</strong></span> <span class='ocrx_word' id='word_1_459' title='bbox 2705 1924 2828 1992; x_wconf 87' lang='lat' dir='ltr'><strong>igne</strong></span> <span class='ocrx_word' id='word_1_460' title='bbox 2857 1927 3196 1991; x_wconf 88' lang='lat' dir='ltr'><strong>combustos,</strong></span> <span class='ocrx_word' id='word_1_461' title='bbox 3235 1927 3515 1986; x_wconf 90' lang='lat' dir='ltr'><strong>thesauros</strong></span> <span class='ocrx_word' id='word_1_462' title='bbox 3543 1931 3723 1985; x_wconf 85' lang='lat' dir='ltr'><strong>eccle-</strong></span> 
     </span>
    </p>
   </div>
   <div class='ocr_carea' id='block_1_65' title="bbox 2133 2010 3723 2086">
    <p class='ocr_par' dir='ltr' id='par_1_65' title="bbox 2133 2010 3723 2086">
     <span class='ocr_line' id='line_1_65' title="bbox 2133 2010 3723 2086; baseline 0.005 -18"><span class='ocrx_word' id='word_1_463' title='bbox 2133 2012 2334 2068; x_wconf 88' lang='lat' dir='ltr'><strong>siarum</strong></span> <span class='ocrx_word' id='word_1_464' title='bbox 2361 2013 2623 2084; x_wconf 83' lang='lat' dir='ltr'><strong>direptos,</strong></span> <span class='ocrx_word' id='word_1_465' title='bbox 2668 2029 2858 2070; x_wconf 88' lang='lat' dir='ltr'><strong>omnes</strong></span> <span class='ocrx_word' id='word_1_466' title='bbox 2886 2016 3092 2072; x_wconf 91' lang='lat' dir='ltr'><strong>incolas</strong></span> <span class='ocrx_word' id='word_1_467' title='bbox 3122 2017 3286 2083; x_wconf 89' lang='lat' dir='ltr'><strong>ferro,</strong></span> <span class='ocrx_word' id='word_1_468' title='bbox 3314 2010 3545 2086; x_wconf 85' lang='lat' dir='ltr'><strong>flamma,</strong></span> <span class='ocrx_word' id='word_1_469' title='bbox 3586 2019 3723 2076; x_wconf 76' lang='lat' dir='ltr'><strong>fauo</strong></span> 
     </span>
    </p>
   </div>
   <div class='ocr_carea' id='block_1_66' title="bbox 2131 2102 3724 2179">
    <p class='ocr_par' dir='ltr' id='par_1_66' title="bbox 2131 2102 3724 2179">
     <span class='ocr_line' id='line_1_66' title="bbox 2131 2102 3724 2179; baseline 0.003 -19"><span class='ocrx_word' id='word_1_470' title='bbox 2131 2115 2501 2176; x_wconf 86' lang='lat' dir='ltr'><strong>consumptos.</strong></span> <span class='ocrx_word' id='word_1_471' title='bbox 2542 2105 2780 2162; x_wconf 84' lang='lat' dir='ltr'><strong>Tandem</strong></span> <span class='ocrx_word' id='word_1_472' title='bbox 2811 2102 2983 2177; x_wconf 86' lang='lat' dir='ltr'><strong>pietas</strong></span> <span class='ocrx_word' id='word_1_473' title='bbox 3014 2110 3126 2175; x_wconf 90' lang='lat' dir='ltr'><strong>illa,</strong></span> <span class='ocrx_word' id='word_1_474' title='bbox 3174 2124 3294 2179; x_wconf 67' lang='lat' dir='ltr'><strong>qua:</strong></span> <span class='ocrx_word' id='word_1_475' title='bbox 3324 2126 3430 2165; x_wconf 92' lang='lat' dir='ltr'><strong>non</strong></span> <span class='ocrx_word' id='word_1_476' title='bbox 3460 2120 3542 2165; x_wconf 88' lang='lat' dir='ltr'><strong>est</strong></span> <span class='ocrx_word' id='word_1_477' title='bbox 3567 2110 3724 2165; x_wconf 85' lang='lat' dir='ltr'><strong>solita</strong></span> 
     </span>
    </p>
   </div>
   <div class='ocr_carea' id='block_1_67' title="bbox 2131 2196 3723 2269">
    <p class='ocr_par' dir='ltr' id='par_1_67' title="bbox 2131 2196 3723 2269">
     <span class='ocr_line' id='line_1_67' title="bbox 2131 2196 3723 2269; baseline 0.002 -19"><span class='ocrx_word' id='word_1_478' title='bbox 2131 2210 2262 2263; x_wconf 89' lang='lat' dir='ltr'><strong>eos,</strong></span> <span class='ocrx_word' id='word_1_479' title='bbox 2289 2210 2427 2264; x_wconf 89' lang='lat' dir='ltr'><strong>quos</strong></span> <span class='ocrx_word' id='word_1_480' title='bbox 2451 2196 2678 2267; x_wconf 89' lang='lat' dir='ltr'><strong>corripit</strong></span> <span class='ocrx_word' id='word_1_481' title='bbox 2704 2238 2721 2266; x_wconf 91' lang='lat'><strong>,</strong></span> <span class='ocrx_word' id='word_1_482' title='bbox 2760 2197 2828 2251; x_wconf 90' lang='lat' dir='ltr'><strong>ad</strong></span> <span class='ocrx_word' id='word_1_483' title='bbox 2857 2199 3281 2254; x_wconf 90' lang='lat' dir='ltr'><strong>internecionem</strong></span> <span class='ocrx_word' id='word_1_484' title='bbox 3306 2214 3474 2269; x_wconf 88' lang='lat' dir='ltr'><strong>usque</strong></span> <span class='ocrx_word' id='word_1_485' title='bbox 3503 2199 3683 2254; x_wconf 89' lang='lat' dir='ltr'><strong>delere</strong></span> <span class='ocrx_word' id='word_1_486' title='bbox 3707 2240 3723 2263; x_wconf 88' lang='lat'><strong>,</strong></span> 
     </span>
    </p>
   </div>
   <div class='ocr_carea' id='block_1_68' title="bbox 2130 2286 3726 2358">
    <p class='ocr_par' dir='ltr' id='par_1_68' title="bbox 2130 2286 3726 2358">
     <span class='ocr_line' id='line_1_68' title="bbox 2130 2286 3726 2358; baseline 0.003 -17"><span class='ocrx_word' id='word_1_487' title='bbox 2130 2288 2253 2351; x_wconf 86' lang='lat' dir='ltr'><strong>sed,</strong></span> <span class='ocrx_word' id='word_1_488' title='bbox 2303 2286 2658 2357; x_wconf 82' lang='lat' dir='ltr'><strong>ﬂagellando,</strong></span> <span class='ocrx_word' id='word_1_489' title='bbox 2705 2288 3124 2344; x_wconf 81' lang='lat' dir='ltr'><strong>misericorditer</strong></span> <span class='ocrx_word' id='word_1_490' title='bbox 3161 2291 3459 2358; x_wconf 79' lang='lat' dir='ltr'><strong>corrigere,</strong></span> <span class='ocrx_word' id='word_1_491' title='bbox 3512 2290 3726 2346; x_wconf 86' lang='lat' dir='ltr'><strong>animos</strong></span> 
     </span>
    </p>
   </div>
   <div class='ocr_carea' id='block_1_69' title="bbox 2134 2376 3724 2448">
    <p class='ocr_par' dir='ltr' id='par_1_69' title="bbox 2134 2376 3724 2448">
     <span class='ocr_line' id='line_1_69' title="bbox 2134 2376 3724 2448; baseline -0.001 -17"><span class='ocrx_word' id='word_1_492' title='bbox 2134 2376 2335 2445; x_wconf 74' lang='lat' dir='ltr'><strong>Pelagii</strong></span> <span class='ocrx_word' id='word_1_493' title='bbox 2357 2378 2657 2447; x_wconf 90' lang='lat' dir='ltr'><strong>cujusdam,</strong></span> <span class='ocrx_word' id='word_1_494' title='bbox 2680 2379 2772 2446; x_wconf 90' lang='lat' dir='ltr'><strong>qui</strong></span> <span class='ocrx_word' id='word_1_495' title='bbox 2795 2379 2941 2448; x_wconf 88' lang='lat' dir='ltr'><strong>regia</strong></span> <span class='ocrx_word' id='word_1_496' title='bbox 2972 2380 3193 2434; x_wconf 89' lang='lat' dir='ltr'><strong>traduce</strong></span> <span class='ocrx_word' id='word_1_497' title='bbox 3212 2379 3419 2435; x_wconf 82' lang='lat' dir='ltr'><strong>exstitit</strong></span> <span class='ocrx_word' id='word_1_498' title='bbox 3438 2380 3724 2448; x_wconf 64' lang='lat' dir='ltr'><strong>oriundus,</strong></span> 
     </span>
    </p>
   </div>
   <div class='ocr_carea' id='block_1_70' title="bbox 2133 2470 3725 2539">
    <p class='ocr_par' dir='ltr' id='par_1_70' title="bbox 2133 2470 3725 2539">
     <span class='ocr_line' id='line_1_70' title="bbox 2133 2470 3725 2539; baseline 0.001 -16"><span class='ocrx_word' id='word_1_499' title='bbox 2133 2470 2520 2534; x_wconf 55' lang='lat' dir='ltr'><strong>earroboravit,</strong></span> <span class='ocrx_word' id='word_1_500' title='bbox 2568 2476 2625 2524; x_wconf 92' lang='lat' dir='ltr'><strong>et</strong></span> <span class='ocrx_word' id='word_1_501' title='bbox 2651 2478 2840 2523; x_wconf 91' lang='lat' dir='ltr'><strong>contra</strong></span> <span class='ocrx_word' id='word_1_502' title='bbox 2870 2470 3173 2525; x_wconf 76' lang='lat' dir='ltr'><strong>Saracenos</strong></span> <span class='ocrx_word' id='word_1_503' title='bbox 3199 2470 3320 2524; x_wconf 90' lang='lat' dir='ltr'><strong>loco</strong></span> <span class='ocrx_word' id='word_1_504' title='bbox 3342 2509 3357 2534; x_wconf 92' lang='lat'><strong>,</strong></span> <span class='ocrx_word' id='word_1_505' title='bbox 3408 2471 3500 2539; x_wconf 92' lang='lat' dir='ltr'><strong>qui</strong></span> <span class='ocrx_word' id='word_1_506' title='bbox 3529 2471 3725 2527; x_wconf 85' lang='lat' dir='ltr'><strong>dicitur</strong></span> 
     </span>
    </p>
   </div>
   <div class='ocr_carea' id='block_1_71' title="bbox 2130 2559 3718 2628">
    <p class='ocr_par' dir='ltr' id='par_1_71' title="bbox 2130 2559 3718 2628">
     <span class='ocr_line' id='line_1_71' title="bbox 2130 2559 3718 2628; baseline 0 -12"><span class='ocrx_word' id='word_1_507' title='bbox 2130 2559 2277 2616; x_wconf 77' lang='lat' dir='ltr'><strong>Cora</strong></span> <span class='ocrx_word' id='word_1_508' title='bbox 2306 2560 2520 2615; x_wconf 71' lang='lat' dir='ltr'><strong>Sancta:</strong></span> <span class='ocrx_word' id='word_1_509' title='bbox 2550 2561 2746 2627; x_wconf 70' lang='lat' dir='ltr'><strong>Marizc,</strong></span> <span class='ocrx_word' id='word_1_510' title='bbox 2779 2560 3123 2628; x_wconf 85' lang='lat' dir='ltr'><strong>rebellando,</strong></span> <span class='ocrx_word' id='word_1_511' title='bbox 3156 2561 3235 2616; x_wconf 90' lang='lat' dir='ltr'><strong>eis</strong></span> <span class='ocrx_word' id='word_1_512' title='bbox 3272 2560 3474 2616; x_wconf 88' lang='lat' dir='ltr'><strong>bellum</strong></span> <span class='ocrx_word' id='word_1_513' title='bbox 3505 2561 3718 2616; x_wconf 79' lang='lat' dir='ltr'><strong>indixit.</strong></span> 
     </span>
    </p>
   </div>
   <div class='ocr_carea' id='block_1_72' title="bbox 2131 2647 3717 2723">
    <p class='ocr_par' dir='ltr' id='par_1_72' title="bbox 2131 2647 3717 2723">
     <span class='ocr_line' id='line_1_72' title="bbox 2131 2647 3717 2723; baseline 0.001 -17"><span class='ocrx_word' id='word_1_514' title='bbox 2131 2652 2376 2718; x_wconf 77' lang='lat' dir='ltr'><strong>Qualiter</strong></span> <span class='ocrx_word' id='word_1_515' title='bbox 2403 2661 2583 2706; x_wconf 87' lang='lat' dir='ltr'><strong>autem</strong></span> <span class='ocrx_word' id='word_1_516' title='bbox 2627 2647 2686 2706; x_wconf 89' lang='lat' dir='ltr'><strong>in</strong></span> <span class='ocrx_word' id='word_1_517' title='bbox 2713 2650 2965 2707; x_wconf 86' lang='lat' dir='ltr'><strong>conﬂictu</strong></span> <span class='ocrx_word' id='word_1_518' title='bbox 3010 2652 3104 2707; x_wconf 90' lang='lat' dir='ltr'><strong>illo</strong></span> <span class='ocrx_word' id='word_1_519' title='bbox 3154 2652 3335 2706; x_wconf 86' lang='lat' dir='ltr'><strong>divina</strong></span> <span class='ocrx_word' id='word_1_520' title='bbox 3385 2668 3577 2707; x_wconf 78' lang='lat' dir='ltr'><strong>manus</strong></span> <span class='ocrx_word' id='word_1_521' title='bbox 3617 2668 3717 2723; x_wconf 91' lang='lat' dir='ltr'><strong>pro</strong></span> 
     </span>
    </p>
   </div>
   <div class='ocr_carea' id='block_1_73' title="bbox 2133 2740 3721 2813">
    <p class='ocr_par' dir='ltr' id='par_1_73' title="bbox 2133 2740 3721 2813">
     <span class='ocr_line' id='line_1_73' title="bbox 2133 2740 3721 2813; baseline -0.002 -15"><span class='ocrx_word' id='word_1_522' title='bbox 2133 2742 2333 2798; x_wconf 90' lang='lat' dir='ltr'><strong>nostris</strong></span> <span class='ocrx_word' id='word_1_523' title='bbox 2355 2742 2696 2813; x_wconf 86' lang='lat' dir='ltr'><strong>pugnaverit,</strong></span> <span class='ocrx_word' id='word_1_524' title='bbox 2731 2756 2798 2796; x_wconf 80' lang='lat' dir='ltr'><strong>ex</strong></span> <span class='ocrx_word' id='word_1_525' title='bbox 2828 2743 2932 2797; x_wconf 91' lang='lat' dir='ltr'><strong>hoc</strong></span> <span class='ocrx_word' id='word_1_526' title='bbox 2970 2742 3170 2812; x_wconf 90' lang='lat' dir='ltr'><strong>poterit</strong></span> <span class='ocrx_word' id='word_1_527' title='bbox 3197 2740 3434 2810; x_wconf 86' lang='lat' dir='ltr'><strong>adverti,</strong></span> <span class='ocrx_word' id='word_1_528' title='bbox 3467 2741 3609 2813; x_wconf 90' lang='lat' dir='ltr'><strong>quod</strong></span> <span class='ocrx_word' id='word_1_529' title='bbox 3635 2757 3721 2796; x_wconf 78' lang='lat' dir='ltr'><strong>ar-</strong></span> 
     </span>
    </p>
   </div>
   <div class='ocr_carea' id='block_1_74' title="bbox 2133 2831 3725 2905">
    <p class='ocr_par' dir='ltr' id='par_1_74' title="bbox 2133 2831 3725 2905">
     <span class='ocr_line' id='line_1_74' title="bbox 2133 2831 3725 2905; baseline 0.002 -17"><span class='ocrx_word' id='word_1_530' title='bbox 2133 2848 2348 2889; x_wconf 87' lang='lat' dir='ltr'><strong>morum</strong></span> <span class='ocrx_word' id='word_1_531' title='bbox 2376 2833 2605 2904; x_wconf 87' lang='lat' dir='ltr'><strong>spicula,</strong></span> <span class='ocrx_word' id='word_1_532' title='bbox 2638 2848 2669 2888; x_wconf 90' lang='lat' dir='ltr'><strong>a</strong></span> <span class='ocrx_word' id='word_1_533' title='bbox 2715 2831 3001 2889; x_wconf 88' lang='lat' dir='ltr'><strong>Saracenis</strong></span> <span class='ocrx_word' id='word_1_534' title='bbox 3028 2834 3209 2899; x_wconf 89' lang='lat' dir='ltr'><strong>missa,</strong></span> <span class='ocrx_word' id='word_1_535' title='bbox 3240 2835 3293 2888; x_wconf 93' lang='lat' dir='ltr'><strong>in</strong></span> <span class='ocrx_word' id='word_1_536' title='bbox 3337 2848 3432 2889; x_wconf 91' lang='lat' dir='ltr'><strong>eos</strong></span> <span class='ocrx_word' id='word_1_537' title='bbox 3473 2835 3617 2905; x_wconf 82' lang='lat' dir='ltr'><strong>ipsos</strong></span> <span class='ocrx_word' id='word_1_538' title='bbox 3643 2836 3725 2892; x_wconf 77' lang='lat' dir='ltr'><strong>vis</strong></span> 
     </span>
    </p>
   </div>
   <div class='ocr_carea' id='block_1_75' title="bbox 2132 2924 3722 2995">
    <p class='ocr_par' dir='ltr' id='par_1_75' title="bbox 2132 2924 3722 2995">
     <span class='ocr_line' id='line_1_75' title="bbox 2132 2924 3722 2995; baseline -0.001 -15"><span class='ocrx_word' id='word_1_539' title='bbox 2132 2925 2311 2980; x_wconf 87' lang='lat' dir='ltr'><strong>divina</strong></span> <span class='ocrx_word' id='word_1_540' title='bbox 2339 2926 2596 2991; x_wconf 80' lang='lat' dir='ltr'><strong>retorsit;</strong></span> <span class='ocrx_word' id='word_1_541' title='bbox 2646 2932 2703 2980; x_wconf 90' lang='lat' dir='ltr'><strong>et</strong></span> <span class='ocrx_word' id='word_1_542' title='bbox 2746 2939 2908 2995; x_wconf 89' lang='lat' dir='ltr'><strong>rupes</strong></span> <span class='ocrx_word' id='word_1_543' title='bbox 2933 2924 3210 2995; x_wconf 61' lang='lat' dir='ltr'><strong>quaedam,</strong></span> <span class='ocrx_word' id='word_1_544' title='bbox 3260 2924 3355 2979; x_wconf 87' lang='lat' dir='ltr'><strong>Dei</strong></span> <span class='ocrx_word' id='word_1_545' title='bbox 3396 2935 3527 2979; x_wconf 90' lang='lat' dir='ltr'><strong>nutu</strong></span> <span class='ocrx_word' id='word_1_546' title='bbox 3555 2940 3722 2994; x_wconf 53' lang='lat' dir='ltr'><strong>prais-</strong></span> 
     </span>
    </p>
   </div>
   <div class='ocr_carea' id='block_1_76' title="bbox 2132 3014 3721 3084">
    <p class='ocr_par' dir='ltr' id='par_1_76' title="bbox 2132 3014 3721 3084">
     <span class='ocr_line' id='line_1_76' title="bbox 2132 3014 3721 3084; baseline -0.003 -10"><span class='ocrx_word' id='word_1_547' title='bbox 2132 3017 2294 3084; x_wconf 87' lang='lat' dir='ltr'><strong>cissa,</strong></span> <span class='ocrx_word' id='word_1_548' title='bbox 2331 3017 2557 3083; x_wconf 88' lang='lat' dir='ltr'><strong>corruit,</strong></span> <span class='ocrx_word' id='word_1_549' title='bbox 2589 3025 2645 3072; x_wconf 90' lang='lat' dir='ltr'><strong>et</strong></span> <span class='ocrx_word' id='word_1_550' title='bbox 2680 3032 2750 3072; x_wconf 77' lang='lat' dir='ltr'><strong>ex</strong></span> <span class='ocrx_word' id='word_1_551' title='bbox 2778 3016 3063 3072; x_wconf 88' lang='lat' dir='ltr'><strong>Saracenis</strong></span> <span class='ocrx_word' id='word_1_552' title='bbox 3092 3031 3199 3071; x_wconf 88' lang='lat' dir='ltr'><strong>non</strong></span> <span class='ocrx_word' id='word_1_553' title='bbox 3237 3014 3511 3070; x_wconf 88' lang='lat' dir='ltr'><strong>minimam</strong></span> <span class='ocrx_word' id='word_1_554' title='bbox 3542 3016 3721 3070; x_wconf 74' lang='lat' dir='ltr'><strong>multi~</strong></span> 
     </span>
    </p>
   </div>
   <div class='ocr_carea' id='block_1_77' title="bbox 2133 3106 3719 3178">
    <p class='ocr_par' dir='ltr' id='par_1_77' title="bbox 2133 3106 3719 3178">
     <span class='ocr_line' id='line_1_77' title="bbox 2133 3106 3719 3178; baseline 0.001 -17"><span class='ocrx_word' id='word_1_555' title='bbox 2133 3108 2373 3163; x_wconf 86' lang='lat' dir='ltr'><strong>tudinem</strong></span> <span class='ocrx_word' id='word_1_556' title='bbox 2405 3108 2758 3178; x_wconf 91' lang='lat' dir='ltr'><strong>opprimendo</strong></span> <span class='ocrx_word' id='word_1_557' title='bbox 2787 3107 3079 3162; x_wconf 75' lang='lat' dir='ltr'><strong>exstinxit:</strong></span> <span class='ocrx_word' id='word_1_558' title='bbox 3112 3106 3255 3177; x_wconf 91' lang='lat' dir='ltr'><strong>quod</strong></span> <span class='ocrx_word' id='word_1_559' title='bbox 3284 3106 3329 3160; x_wconf 92' lang='lat' dir='ltr'><strong>si</strong></span> <span class='ocrx_word' id='word_1_560' title='bbox 3358 3107 3477 3176; x_wconf 85' lang='lat' dir='ltr'><strong>quis</strong></span> <span class='ocrx_word' id='word_1_561' title='bbox 3505 3106 3572 3161; x_wconf 86' lang='lat' dir='ltr'><strong>ad</strong></span> <span class='ocrx_word' id='word_1_562' title='bbox 3602 3109 3719 3175; x_wconf 81' lang='lat' dir='ltr'><strong>ple-</strong></span> 
     </span>
    </p>
   </div>
   <div class='ocr_carea' id='block_1_78' title="bbox 2057 3195 3722 3267">
    <p class='ocr_par' dir='ltr' id='par_1_78' title="bbox 2057 3195 3722 3267">
     <span class='ocr_line' id='line_1_78' title="bbox 2057 3195 3722 3267; baseline -0.002 -14"><span class='ocrx_word' id='word_1_563' title='bbox 2057 3200 2105 3267; x_wconf 79' lang='lat' dir='ltr'><strong>c</strong></span> <span class='ocrx_word' id='word_1_564' title='bbox 2136 3214 2261 3255; x_wconf 90' lang='lat' dir='ltr'><strong>num</strong></span> <span class='ocrx_word' id='word_1_565' title='bbox 2282 3197 2514 3253; x_wconf 85' lang='lat' dir='ltr'><strong>voluerit</strong></span> <span class='ocrx_word' id='word_1_566' title='bbox 2540 3211 2786 3265; x_wconf 89' lang='lat' dir='ltr'><strong>noscere,</strong></span> <span class='ocrx_word' id='word_1_567' title='bbox 2820 3197 3097 3266; x_wconf 89' lang='lat' dir='ltr'><strong>lugubrem</strong></span> <span class='ocrx_word' id='word_1_568' title='bbox 3121 3195 3399 3251; x_wconf 88' lang='lat' dir='ltr'><strong>historiam</strong></span> <span class='ocrx_word' id='word_1_569' title='bbox 3421 3204 3722 3266; x_wconf 83' lang='lat' dir='ltr'><strong>temporum</strong></span> 
     </span>
    </p>
   </div>
   <div class='ocr_carea' id='block_1_79' title="bbox 2141 3287 2864 3357">
    <p class='ocr_par' dir='ltr' id='par_1_79' title="bbox 2141 3287 2864 3357">
     <span class='ocr_line' id='line_1_79' title="bbox 2141 3287 2864 3357; baseline -0.003 -14"><span class='ocrx_word' id='word_1_570' title='bbox 2141 3288 2361 3344; x_wconf 74' lang='lat' dir='ltr'><strong>illorum</strong></span> <span class='ocrx_word' id='word_1_571' title='bbox 2388 3287 2603 3343; x_wconf 87' lang='lat' dir='ltr'><strong>studeat</strong></span> <span class='ocrx_word' id='word_1_572' title='bbox 2625 3287 2822 3357; x_wconf 83' lang='lat' dir='ltr'><strong>legere.</strong></span> <span class='ocrx_word' id='word_1_573' title='bbox 2845 3307 2864 3341; x_wconf 75' lang='grc' dir='ltr'>ι</span> 
     </span>
    </p>
   </div>
   <div class='ocr_carea' id='block_1_80' title="bbox 2201 3397 3715 3472">
    <p class='ocr_par' dir='ltr' id='par_1_80' title="bbox 2201 3397 3715 3472">
     <span class='ocr_line' id='line_1_80' title="bbox 2201 3397 3715 3472; baseline 0.005 -22"><span class='ocrx_word' id='word_1_574' title='bbox 2201 3401 2307 3472; x_wconf 55' lang='grc' dir='ltr'><strong>δι</strong></span> <span class='ocrx_word' id='word_1_575' title='bbox 2344 3419 2361 3451; x_wconf 75' lang='grc' dir='ltr'>ι</span> <span class='ocrx_word' id='word_1_576' title='bbox 2392 3397 2565 3455; x_wconf 80' lang='lat' dir='ltr'><strong>Lectio</strong></span> <span class='ocrx_word' id='word_1_577' title='bbox 2595 3415 2652 3455; x_wconf 93' lang='lat' dir='ltr'><strong>u.</strong></span> <span class='ocrx_word' id='word_1_578' title='bbox 2685 3428 2755 3440; x_wconf 94' lang='lat'><strong><em>—</em></strong></span> <span class='ocrx_word' id='word_1_579' title='bbox 2775 3399 2869 3456; x_wconf 89' lang='lat' dir='ltr'><strong>Illo</strong></span> <span class='ocrx_word' id='word_1_580' title='bbox 2899 3416 2967 3456; x_wconf 79' lang='lat' dir='ltr'><strong>ex</strong></span> <span class='ocrx_word' id='word_1_581' title='bbox 2996 3410 3238 3472; x_wconf 89' lang='lat' dir='ltr'><strong>tempore</strong></span> <span class='ocrx_word' id='word_1_582' title='bbox 3266 3414 3478 3458; x_wconf 89' lang='lat' dir='ltr'><strong>rursum</strong></span> <span class='ocrx_word' id='word_1_583' title='bbox 3509 3402 3679 3472; x_wconf 86' lang='lat' dir='ltr'><strong>gloria</strong></span> <span class='ocrx_word' id='word_1_584' title='bbox 3697 3444 3715 3471; x_wconf 94' lang='lat'><strong>,</strong></span> 
     </span>
    </p>
   </div>
   <div class='ocr_carea' id='block_1_81' title="bbox 2132 3489 3722 3563">
    <p class='ocr_par' dir='ltr' id='par_1_81' title="bbox 2132 3489 3722 3563">
     <span class='ocr_line' id='line_1_81' title="bbox 2132 3489 3722 3563; baseline 0.001 -17"><span class='ocrx_word' id='word_1_585' title='bbox 2132 3502 2189 3546; x_wconf 90' lang='lat' dir='ltr'><strong>et</strong></span> <span class='ocrx_word' id='word_1_586' title='bbox 2233 3506 2456 3559; x_wconf 86' lang='lat' dir='ltr'><strong>regnum</strong></span> <span class='ocrx_word' id='word_1_587' title='bbox 2508 3489 2750 3545; x_wconf 82' lang='lat' dir='ltr'><strong>Gothicae</strong></span> <span class='ocrx_word' id='word_1_588' title='bbox 2778 3490 2955 3559; x_wconf 87' lang='lat' dir='ltr'><strong>gentis</strong></span> <span class='ocrx_word' id='word_1_589' title='bbox 3000 3493 3201 3547; x_wconf 86' lang='lat' dir='ltr'><strong>sensim</strong></span> <span class='ocrx_word' id='word_1_590' title='bbox 3254 3500 3417 3562; x_wconf 89' lang='lat' dir='ltr'><strong>atque</strong></span> <span class='ocrx_word' id='word_1_591' title='bbox 3462 3492 3722 3563; x_wconf 84' lang='lat' dir='ltr'><strong>paulatim</strong></span> 
     </span>
    </p>
   </div>
   <div class='ocr_carea' id='block_1_82' title="bbox 2133 3580 3721 3654">
    <p class='ocr_par' dir='ltr' id='par_1_82' title="bbox 2133 3580 3721 3654">
     <span class='ocr_line' id='line_1_82' title="bbox 2133 3580 3721 3654; baseline -0.001 -16"><span class='ocrx_word' id='word_1_592' title='bbox 2133 3583 2317 3654; x_wconf 74' lang='lat' dir='ltr'><strong>cmpit,</strong></span> <span class='ocrx_word' id='word_1_593' title='bbox 2347 3581 2513 3637; x_wconf 87' lang='lat' dir='ltr'><strong>veluti</strong></span> <span class='ocrx_word' id='word_1_594' title='bbox 2536 3580 2824 3649; x_wconf 84' lang='lat' dir='ltr'><strong>virgultum</strong></span> <span class='ocrx_word' id='word_1_595' title='bbox 2846 3596 2915 3637; x_wconf 85' lang='lat' dir='ltr'><strong>ex</strong></span> <span class='ocrx_word' id='word_1_596' title='bbox 2943 3582 3181 3638; x_wconf 85' lang='lat' dir='ltr'><strong>rediviva</strong></span> <span class='ocrx_word' id='word_1_597' title='bbox 3208 3582 3411 3650; x_wconf 86' lang='lat' dir='ltr'><strong>radice,</strong></span> <span class='ocrx_word' id='word_1_598' title='bbox 3435 3583 3721 3653; x_wconf 88' lang='lat' dir='ltr'><strong>pullulare,</strong></span> 
     </span>
    </p>
   </div>
   <div class='ocr_carea' id='block_1_83' title="bbox 2135 3672 3723 3742">
    <p class='ocr_par' dir='ltr' id='par_1_83' title="bbox 2135 3672 3723 3742">
     <span class='ocr_line' id='line_1_83' title="bbox 2135 3672 3723 3742; baseline -0.003 -13"><span class='ocrx_word' id='word_1_599' title='bbox 2135 3683 2192 3729; x_wconf 92' lang='lat' dir='ltr'><strong>et</strong></span> <span class='ocrx_word' id='word_1_600' title='bbox 2219 3672 2479 3728; x_wconf 89' lang='lat' dir='ltr'><strong>industria</strong></span> <span class='ocrx_word' id='word_1_601' title='bbox 2504 3686 2712 3741; x_wconf 86' lang='lat' dir='ltr'><strong>regum,</strong></span> <span class='ocrx_word' id='word_1_602' title='bbox 2739 3673 2852 3742; x_wconf 88' lang='lat' dir='ltr'><strong>qui,</strong></span> <span class='ocrx_word' id='word_1_603' title='bbox 2886 3672 3048 3740; x_wconf 88' lang='lat' dir='ltr'><strong>regali</strong></span> <span class='ocrx_word' id='word_1_604' title='bbox 3078 3680 3368 3725; x_wconf 88' lang='lat' dir='ltr'><strong>stemmate</strong></span> <span class='ocrx_word' id='word_1_605' title='bbox 3410 3672 3676 3740; x_wconf 84' lang='lat' dir='ltr'><strong>progeniti</strong></span> <span class='ocrx_word' id='word_1_606' title='bbox 3702 3709 3723 3737; x_wconf 89' lang='lat'><strong>,</strong></span> 
     </span>
    </p>
   </div>
   <div class='ocr_carea' id='block_1_84' title="bbox 2135 3759 3725 3835">
    <p class='ocr_par' dir='ltr' id='par_1_84' title="bbox 2135 3759 3725 3835">
     <span class='ocr_line' id='line_1_84' title="bbox 2135 3759 3725 3835; baseline -0.001 -18"><span class='ocrx_word' id='word_1_607' title='bbox 2135 3763 2344 3835; x_wconf 88' lang='lat' dir='ltr'><strong>apicem</strong></span> <span class='ocrx_word' id='word_1_608' title='bbox 2395 3762 2547 3831; x_wconf 87' lang='lat' dir='ltr'><strong>regni</strong></span> <span class='ocrx_word' id='word_1_609' title='bbox 2600 3762 2852 3816; x_wconf 88' lang='lat' dir='ltr'><strong>nobiliter</strong></span> <span class='ocrx_word' id='word_1_610' title='bbox 2895 3760 3286 3829; x_wconf 86' lang='lat' dir='ltr'><strong>gubernabant,</strong></span> <span class='ocrx_word' id='word_1_611' title='bbox 3334 3759 3563 3829; x_wconf 86' lang='lat' dir='ltr'><strong>singulis</strong></span> <span class='ocrx_word' id='word_1_612' title='bbox 3602 3777 3725 3816; x_wconf 86' lang='lat' dir='ltr'><strong>mo-</strong></span> 
     </span>
    </p>
   </div>
   <div class='ocr_carea' id='block_1_85' title="bbox 2136 3850 3717 3919">
    <p class='ocr_par' dir='ltr' id='par_1_85' title="bbox 2136 3850 3717 3919">
     <span class='ocr_line' id='line_1_85' title="bbox 2136 3850 3717 3919; baseline -0.001 -10"><span class='ocrx_word' id='word_1_613' title='bbox 2136 3853 2331 3909; x_wconf 90' lang='lat' dir='ltr'><strong>mentis</strong></span> <span class='ocrx_word' id='word_1_614' title='bbox 2356 3866 2721 3908; x_wconf 86' lang='lat' dir='ltr'><strong>succrescere.</strong></span> <span class='ocrx_word' id='word_1_615' title='bbox 2753 3850 2927 3906; x_wconf 86' lang='lat' dir='ltr'><strong>Fuere</strong></span> <span class='ocrx_word' id='word_1_616' title='bbox 2960 3864 3196 3919; x_wconf 87' lang='lat' dir='ltr'><strong>namque</strong></span> <span class='ocrx_word' id='word_1_617' title='bbox 3223 3850 3410 3914; x_wconf 87' lang='lat' dir='ltr'><strong>armis,</strong></span> <span class='ocrx_word' id='word_1_618' title='bbox 3438 3859 3495 3905; x_wconf 90' lang='lat' dir='ltr'><strong>et</strong></span> <span class='ocrx_word' id='word_1_619' title='bbox 3514 3851 3717 3908; x_wconf 86' lang='lat' dir='ltr'><strong>viribus</strong></span> 
     </span>
    </p>
   </div>
   <div class='ocr_carea' id='block_1_86' title="bbox 2135 3940 3720 4012">
    <p class='ocr_par' dir='ltr' id='par_1_86' title="bbox 2135 3940 3720 4012">
     <span class='ocr_line' id='line_1_86' title="bbox 2135 3940 3720 4012; baseline -0.001 -13"><span class='ocrx_word' id='word_1_620' title='bbox 2135 3944 2357 4006; x_wconf 86' lang='lat' dir='ltr'><strong>famosi,</strong></span> <span class='ocrx_word' id='word_1_621' title='bbox 2405 3941 2633 3997; x_wconf 88' lang='lat' dir='ltr'><strong>consilio</strong></span> <span class='ocrx_word' id='word_1_622' title='bbox 2658 3940 2809 4011; x_wconf 87' lang='lat' dir='ltr'><strong>clari,</strong></span> <span class='ocrx_word' id='word_1_623' title='bbox 2842 3941 3205 3997; x_wconf 87' lang='lat' dir='ltr'><strong>misericordia</strong></span> <span class='ocrx_word' id='word_1_624' title='bbox 3238 3979 3254 4009; x_wconf 85' lang='lat'><strong>,</strong></span> <span class='ocrx_word' id='word_1_625' title='bbox 3302 3950 3467 4012; x_wconf 88' lang='lat' dir='ltr'><strong>atque</strong></span> <span class='ocrx_word' id='word_1_626' title='bbox 3508 3941 3720 4012; x_wconf 76' lang='lat' dir='ltr'><strong>iustitia</strong></span> 
     </span>
    </p>
   </div>
   <div class='ocr_carea' id='block_1_87' title="bbox 2135 4028 3725 4104">
    <p class='ocr_par' dir='ltr' id='par_1_87' title="bbox 2135 4028 3725 4104">
     <span class='ocr_line' id='line_1_87' title="bbox 2135 4028 3725 4104; baseline 0.002 -18"><span class='ocrx_word' id='word_1_627' title='bbox 2135 4030 2417 4102; x_wconf 72' lang='lat' dir='ltr'><strong>pmcipui,</strong></span> <span class='ocrx_word' id='word_1_628' title='bbox 2467 4028 2712 4099; x_wconf 85' lang='lat' dir='ltr'><strong>religioni</strong></span> <span class='ocrx_word' id='word_1_629' title='bbox 2749 4030 2937 4098; x_wconf 89' lang='lat' dir='ltr'><strong>dediti,</strong></span> <span class='ocrx_word' id='word_1_630' title='bbox 2967 4031 3170 4102; x_wconf 91' lang='lat' dir='ltr'><strong>quique</strong></span> <span class='ocrx_word' id='word_1_631' title='bbox 3197 4034 3419 4102; x_wconf 86' lang='lat' dir='ltr'><strong>antiqua</strong></span> <span class='ocrx_word' id='word_1_632' title='bbox 3446 4034 3725 4104; x_wconf 68' lang='lat' dir='ltr'><strong>episcopia</strong></span> 
     </span>
    </p>
   </div>
   <div class='ocr_carea' id='block_1_88' title="bbox 2135 4120 3727 4189">
    <p class='ocr_par' dir='ltr' id='par_1_88' title="bbox 2135 4120 3727 4189">
     <span class='ocr_line' id='line_1_88' title="bbox 2135 4120 3727 4189; baseline 0 -12"><span class='ocrx_word' id='word_1_633' title='bbox 2135 4123 2494 4186; x_wconf 85' lang='lat' dir='ltr'><strong>innovaruut,</strong></span> <span class='ocrx_word' id='word_1_634' title='bbox 2541 4121 2790 4177; x_wconf 88' lang='lat' dir='ltr'><strong>basilicas</strong></span> <span class='ocrx_word' id='word_1_635' title='bbox 2836 4120 3154 4189; x_wconf 89' lang='lat' dir='ltr'><strong>fundarunt,</strong></span> <span class='ocrx_word' id='word_1_636' title='bbox 3197 4132 3252 4179; x_wconf 89' lang='lat' dir='ltr'><strong>et</strong></span> <span class='ocrx_word' id='word_1_637' title='bbox 3281 4125 3545 4180; x_wconf 83' lang='lat' dir='ltr'><strong>thesauris</strong></span> <span class='ocrx_word' id='word_1_638' title='bbox 3583 4122 3727 4178; x_wconf 82' lang='lat' dir='ltr'><strong>dita-</strong></span> 
     </span>
    </p>
   </div>
   <div class='ocr_carea' id='block_1_89' title="bbox 2136 4213 3730 4285">
    <p class='ocr_par' dir='ltr' id='par_1_89' title="bbox 2136 4213 3730 4285">
     <span class='ocr_line' id='line_1_89' title="bbox 2136 4213 3730 4285; baseline 0.001 -17"><span class='ocrx_word' id='word_1_639' title='bbox 2136 4221 2302 4281; x_wconf 89' lang='lat' dir='ltr'><strong>runt,</strong></span> <span class='ocrx_word' id='word_1_640' title='bbox 2345 4227 2500 4276; x_wconf 91' lang='lat' dir='ltr'><strong>auro,</strong></span> <span class='ocrx_word' id='word_1_641' title='bbox 2530 4220 2587 4266; x_wconf 87' lang='lat' dir='ltr'><strong>et</strong></span> <span class='ocrx_word' id='word_1_642' title='bbox 2613 4213 2857 4280; x_wconf 87' lang='lat' dir='ltr'><strong>gemmis,</strong></span> <span class='ocrx_word' id='word_1_643' title='bbox 2907 4213 3162 4284; x_wconf 85' lang='lat' dir='ltr'><strong>librisque</strong></span> <span class='ocrx_word' id='word_1_644' title='bbox 3190 4223 3454 4271; x_wconf 92' lang='lat' dir='ltr'><strong>ornarunt</strong></span> <span class='ocrx_word' id='word_1_645' title='bbox 3477 4255 3493 4279; x_wconf 91' lang='lat'><strong>,</strong></span> <span class='ocrx_word' id='word_1_646' title='bbox 3536 4230 3599 4271; x_wconf 93' lang='lat' dir='ltr'><strong>ac</strong></span> <span class='ocrx_word' id='word_1_647' title='bbox 3625 4230 3730 4285; x_wconf 89' lang='lat' dir='ltr'><strong>pro</strong></span> 
     </span>
    </p>
   </div>
   <div class='ocr_carea' id='block_1_90' title="bbox 2135 4303 3729 4375">
    <p class='ocr_par' dir='ltr' id='par_1_90' title="bbox 2135 4303 3729 4375">
     <span class='ocr_line' id='line_1_90' title="bbox 2135 4303 3729 4375; baseline 0.002 -16"><span class='ocrx_word' id='word_1_648' title='bbox 2135 4305 2339 4360; x_wconf 81' lang='lat' dir='ltr'><strong>viribus</strong></span> <span class='ocrx_word' id='word_1_649' title='bbox 2388 4303 2676 4358; x_wconf 88' lang='lat' dir='ltr'><strong>Christiani</strong></span> <span class='ocrx_word' id='word_1_650' title='bbox 2720 4304 2951 4358; x_wconf 88' lang='lat' dir='ltr'><strong>nominis</strong></span> <span class='ocrx_word' id='word_1_651' title='bbox 3002 4307 3229 4375; x_wconf 78' lang='lat' dir='ltr'><strong>gloriam</strong></span> <span class='ocrx_word' id='word_1_652' title='bbox 3278 4307 3587 4362; x_wconf 87' lang='lat' dir='ltr'><strong>dilataruut.</strong></span> <span class='ocrx_word' id='word_1_653' title='bbox 3643 4306 3729 4362; x_wconf 77' lang='lat' dir='ltr'><strong>Ex</strong></span> 
     </span>
    </p>
   </div>
   <div class='ocr_carea' id='block_1_91' title="bbox 2135 4392 3728 4463">
    <p class='ocr_par' dir='ltr' id='par_1_91' title="bbox 2135 4392 3728 4463">
     <span class='ocr_line' id='line_1_91' title="bbox 2135 4392 3728 4463; baseline 0 -15"><span class='ocrx_word' id='word_1_654' title='bbox 2135 4407 2364 4463; x_wconf 91' lang='lat' dir='ltr'><strong>quorum</strong></span> <span class='ocrx_word' id='word_1_655' title='bbox 2394 4392 2589 4447; x_wconf 89' lang='lat' dir='ltr'><strong>illustri</strong></span> <span class='ocrx_word' id='word_1_656' title='bbox 2619 4393 2869 4463; x_wconf 89' lang='lat' dir='ltr'><strong>prosapia</strong></span> <span class='ocrx_word' id='word_1_657' title='bbox 2896 4397 3115 4451; x_wconf 83' lang='lat' dir='ltr'><strong>emersit</strong></span> <span class='ocrx_word' id='word_1_658' title='bbox 3141 4396 3220 4450; x_wconf 91' lang='lat' dir='ltr'><strong>vir</strong></span> <span class='ocrx_word' id='word_1_659' title='bbox 3243 4396 3572 4452; x_wconf 84' lang='lat' dir='ltr'><strong>clarissimus</strong></span> <span class='ocrx_word' id='word_1_660' title='bbox 3592 4394 3728 4449; x_wconf 86' lang='lat' dir='ltr'><strong>Fre-</strong></span> 
     </span>
    </p>
   </div>
   <div class='ocr_carea' id='block_1_92' title="bbox 2137 4481 3728 4555">
    <p class='ocr_par' dir='ltr' id='par_1_92' title="bbox 2137 4481 3728 4555">
     <span class='ocr_line' id='line_1_92' title="bbox 2137 4481 3728 4555; baseline 0.001 -17"><span class='ocrx_word' id='word_1_661' title='bbox 2137 4482 2403 4538; x_wconf 87' lang='lat' dir='ltr'><strong>dinandus</strong></span> <span class='ocrx_word' id='word_1_662' title='bbox 2430 4482 2611 4538; x_wconf 83' lang='lat' dir='ltr'><strong>Sancii</strong></span> <span class='ocrx_word' id='word_1_663' title='bbox 2653 4486 2793 4553; x_wconf 88' lang='lat' dir='ltr'><strong>regis</strong></span> <span class='ocrx_word' id='word_1_664' title='bbox 2823 4481 2999 4552; x_wconf 86' lang='lat' dir='ltr'><strong>ﬁlius,</strong></span> <span class='ocrx_word' id='word_1_665' title='bbox 3047 4486 3174 4555; x_wconf 86' lang='lat' dir='ltr'><strong>qui,</strong></span> <span class='ocrx_word' id='word_1_666' title='bbox 3224 4495 3284 4540; x_wconf 89' lang='lat' dir='ltr'><strong>ut</strong></span> <span class='ocrx_word' id='word_1_667' title='bbox 3325 4495 3539 4555; x_wconf 89' lang='lat' dir='ltr'><strong>sceptra</strong></span> <span class='ocrx_word' id='word_1_668' title='bbox 3572 4485 3728 4554; x_wconf 86' lang='lat' dir='ltr'><strong>regni</strong></span> 
     </span>
    </p>
   </div>
   <div class='ocr_carea' id='block_1_93' title="bbox 448 4547 3726 4650">
    <p class='ocr_par' dir='ltr' id='par_1_93' title="bbox 448 4547 3726 4650">
     <span class='ocr_line' id='line_1_93' title="bbox 448 4547 3726 4650; baseline 0.002 -22"><span class='ocrx_word' id='word_1_669' title='bbox 448 4547 700 4650; x_wconf 49' lang='grc' dir='ltr'><strong>δι’)ἠδπξθ</strong></span> <span class='ocrx_word' id='word_1_670' title='bbox 729 4548 952 4650; x_wconf 45' lang='grc' dir='ltr'><strong>νυξκξτί·</strong></span> <span class='ocrx_word' id='word_1_671' title='bbox 969 4558 1225 4650; x_wconf 53' lang='grc' dir='ltr'><strong>Ῠρηδιθηδ</strong></span> <span class='ocrx_word' id='word_1_672' title='bbox 1249 4565 1362 4650; x_wconf 75' lang='lat'><strong>_”°&quot;_</strong></span> <span class='ocrx_word' id='word_1_673' title='bbox 1389 4550 1678 4650; x_wconf 55' lang='grc' dir='ltr'><strong>νθβῗτξξυτζ</strong></span> <span class='ocrx_word' id='word_1_674' title='bbox 1705 4549 1873 4650; x_wconf 48' lang='grc'><strong>8³⁸³1³³</strong></span> <span class='ocrx_word' id='word_1_675' title='bbox 1903 4564 2033 4618; x_wconf 65' lang='lat' dir='ltr'><strong>ergo</strong></span> <span class='ocrx_word' id='word_1_676' title='bbox 2060 4565 2113 4628; x_wconf 72' lang='grc' dir='ltr'>υ</span> <span class='ocrx_word' id='word_1_677' title='bbox 2139 4576 2396 4650; x_wconf 83' lang='lat' dir='ltr'><strong>possedit,</strong></span> <span class='ocrx_word' id='word_1_678' title='bbox 2425 4592 2534 4632; x_wconf 92' lang='lat' dir='ltr'><strong>non</strong></span> <span class='ocrx_word' id='word_1_679' title='bbox 2562 4586 2645 4632; x_wconf 85' lang='lat' dir='ltr'><strong>est</strong></span> <span class='ocrx_word' id='word_1_680' title='bbox 2678 4547 2861 4634; x_wconf 77' lang='lat' dir='ltr'><strong>nostra</strong></span> <span class='ocrx_word' id='word_1_681' title='bbox 2908 4547 3133 4634; x_wconf 65' lang='lat' dir='ltr'><strong>intentio</strong></span> <span class='ocrx_word' id='word_1_682' title='bbox 3158 4547 3437 4645; x_wconf 50' lang='lat' dir='ltr'><strong>evolvere,-</strong></span> <span class='ocrx_word' id='word_1_683' title='bbox 3461 4547 3726 4649; x_wconf 75' lang='lat' dir='ltr'><strong>quautam</strong></span> 
     </span>
    </p>
   </div>
   <div class='ocr_carea' id='block_1_94' title="bbox 449 4638 2030 4713">
    <p class='ocr_par' dir='ltr' id='par_1_94' title="bbox 449 4638 2030 4713">
     <span class='ocr_line' id='line_1_94' title="bbox 449 4638 2030 4713; baseline 0.001 -18"><span class='ocrx_word' id='word_1_684' title='bbox 449 4639 626 4695; x_wconf 90' lang='lat' dir='ltr'><strong>locum</strong></span> <span class='ocrx_word' id='word_1_685' title='bbox 653 4646 778 4697; x_wconf 88' lang='lat' dir='ltr'><strong>tunc</strong></span> <span class='ocrx_word' id='word_1_686' title='bbox 798 4640 1037 4708; x_wconf 86' lang='lat' dir='ltr'><strong>habebit,</strong></span> <span class='ocrx_word' id='word_1_687' title='bbox 1068 4655 1191 4695; x_wconf 92' lang='lat' dir='ltr'><strong>cum</strong></span> <span class='ocrx_word' id='word_1_688' title='bbox 1213 4642 1320 4694; x_wconf 87' lang='lat' dir='ltr'><strong>vita</strong></span> <span class='ocrx_word' id='word_1_689' title='bbox 1348 4641 1461 4711; x_wconf 88' lang='lat' dir='ltr'><strong>ipsa</strong></span> <span class='ocrx_word' id='word_1_690' title='bbox 1491 4638 1678 4697; x_wconf 80' lang='lat' dir='ltr'><strong>[sideri</strong></span> <span class='ocrx_word' id='word_1_691' title='bbox 1706 4640 2030 4713; x_wconf 88' lang='lat' dir='ltr'><strong>proferetur.</strong></span> 
     </span>
    </p>
   </div>
   <div class='ocr_carea' id='block_1_95' title="bbox 1038 4748 1439 4808">
    <p class='ocr_par' dir='ltr' id='par_1_95' title="bbox 1038 4748 1439 4808">
     <span class='ocr_line' id='line_1_95' title="bbox 1038 4748 1439 4808; baseline 0.002 -2"><span class='ocrx_word' id='word_1_692' title='bbox 1038 4748 1269 4806; x_wconf 81' lang='lat' dir='ltr'><strong>CAPUT</strong></span> <span class='ocrx_word' id='word_1_693' title='bbox 1306 4750 1439 4808; x_wconf 85' lang='lat' dir='ltr'><strong>VIII.</strong></span> 
     </span>
    </p>
   </div>
   <div class='ocr_carea' id='block_1_96' title="bbox 451 4837 2031 4910">
    <p class='ocr_par' dir='ltr' id='par_1_96' title="bbox 451 4837 2031 4910">
     <span class='ocr_line' id='line_1_96' title="bbox 451 4837 2031 4910; baseline 0.005 -20"><span class='ocrx_word' id='word_1_694' title='bbox 451 4837 561 4908; x_wconf 63' lang='grc'><strong>40</strong></span> <span class='ocrx_word' id='word_1_695' title='bbox 584 4838 714 4891; x_wconf 83' lang='lat' dir='ltr'><strong>Acta</strong></span> <span class='ocrx_word' id='word_1_696' title='bbox 755 4841 1110 4895; x_wconf 77' lang='lat' dir='ltr'><strong>translationis</strong></span> <span class='ocrx_word' id='word_1_697' title='bbox 1150 4842 1382 4910; x_wconf 77' lang='lat' dir='ltr'><strong>corporis</strong></span> <span class='ocrx_word' id='word_1_698' title='bbox 1426 4840 1488 4897; x_wconf 85' lang='lat' dir='ltr'><strong>S.</strong></span> <span class='ocrx_word' id='word_1_699' title='bbox 1545 4841 1743 4897; x_wconf 73' lang='lat' dir='ltr'><strong>[sideri</strong></span> <span class='ocrx_word' id='word_1_700' title='bbox 1768 4882 1783 4909; x_wconf 88' lang='lat'><strong>,</strong></span> <span class='ocrx_word' id='word_1_701' title='bbox 1830 4846 1900 4897; x_wconf 87' lang='lat' dir='ltr'><strong>ad</strong></span> <span class='ocrx_word' id='word_1_702' title='bbox 1934 4859 2031 4898; x_wconf 85' lang='lat' dir='ltr'><strong>ms.</strong></span> 
     </span>
    </p>
   </div>
   <div class='ocr_carea' id='block_1_97' title="bbox 522 4929 2035 5002">
    <p class='ocr_par' dir='ltr' id='par_1_97' title="bbox 522 4929 2035 5002">
     <span class='ocr_line' id='line_1_97' title="bbox 522 4929 2035 5002; baseline 0.004 -19"><span class='ocrx_word' id='word_1_703' title='bbox 522 4929 758 4983; x_wconf 83' lang='lat' dir='ltr'><strong>Codiccm</strong></span> <span class='ocrx_word' id='word_1_704' title='bbox 806 4929 1075 4984; x_wconf 78' lang='lat' dir='ltr'><strong>Gothicam</strong></span> <span class='ocrx_word' id='word_1_705' title='bbox 1122 4933 1278 5002; x_wconf 72' lang='lat' dir='ltr'><strong>regia:</strong></span> <span class='ocrx_word' id='word_1_706' title='bbox 1336 4932 1656 4988; x_wconf 73' lang='lat' dir='ltr'><strong>bibliotheca:</strong></span> <span class='ocrx_word' id='word_1_707' title='bbox 1709 4932 2035 4989; x_wconf 76' lang='lat' dir='ltr'><strong>Matritensis</strong></span> 
     </span>
    </p>
   </div>
   <div class='ocr_carea' id='block_1_98' title="bbox 522 5014 2032 5095">
    <p class='ocr_par' dir='ltr' id='par_1_98' title="bbox 522 5014 2032 5095">
     <span class='ocr_line' id='line_1_98' title="bbox 522 5014 2032 5095; baseline 0.005 -22"><span class='ocrx_word' id='word_1_708' title='bbox 522 5024 804 5091; x_wconf 80' lang='lat' dir='ltr'><strong>rccognita.</strong></span> <span class='ocrx_word' id='word_1_709' title='bbox 854 5014 1011 5075; x_wconf 73' lang='lat' dir='ltr'><strong>Aliud</strong></span> <span class='ocrx_word' id='word_1_710' title='bbox 1055 5023 1297 5076; x_wconf 82' lang='lat' dir='ltr'><strong>Actorum</strong></span> <span class='ocrx_word' id='word_1_711' title='bbox 1336 5026 1695 5081; x_wconf 79' lang='lat' dir='ltr'><strong>translationis</strong></span> <span class='ocrx_word' id='word_1_712' title='bbox 1742 5029 2032 5095; x_wconf 68' lang='lat' dir='ltr'><strong>exemplar.</strong></span> 
     </span>
    </p>
   </div>
   <div class='ocr_carea' id='block_1_99' title="bbox 526 5104 1417 5182">
    <p class='ocr_par' dir='ltr' id='par_1_99' title="bbox 526 5104 1417 5182">
     <span class='ocr_line' id='line_1_99' title="bbox 526 5104 1417 5182; baseline 0.003 -18"><span class='ocrx_word' id='word_1_713' title='bbox 526 5104 920 5167; x_wconf 74' lang='lat' dir='ltr'><strong>Observationes</strong></span> <span class='ocrx_word' id='word_1_714' title='bbox 945 5114 999 5166; x_wconf 91' lang='lat' dir='ltr'><strong>in</strong></span> <span class='ocrx_word' id='word_1_715' title='bbox 1028 5121 1240 5182; x_wconf 85' lang='lat' dir='ltr'><strong>utraque</strong></span> <span class='ocrx_word' id='word_1_716' title='bbox 1267 5114 1417 5167; x_wconf 83' lang='lat' dir='ltr'><strong>Acta.</strong></span> 
     </span>
    </p>
   </div>
   <div class='ocr_carea' id='block_1_100' title="bbox 526 5203 2035 5279">
    <p class='ocr_par' dir='ltr' id='par_1_100' title="bbox 526 5203 2035 5279">
     <span class='ocr_line' id='line_1_100' title="bbox 526 5203 2035 5279; baseline 0.003 -19"><span class='ocrx_word' id='word_1_717' title='bbox 526 5206 577 5260; x_wconf 86' lang='lat' dir='ltr'><strong>I.</strong></span> <span class='ocrx_word' id='word_1_718' title='bbox 614 5223 632 5257; x_wconf 75' lang='grc' dir='ltr'>ι</span> <span class='ocrx_word' id='word_1_719' title='bbox 666 5203 832 5275; x_wconf 79' lang='lat' dir='ltr'><strong>Hujus</strong></span> <span class='ocrx_word' id='word_1_720' title='bbox 860 5205 1075 5259; x_wconf 89' lang='lat' dir='ltr'><strong>beatum</strong></span> <span class='ocrx_word' id='word_1_721' title='bbox 1105 5222 1303 5278; x_wconf 89' lang='lat' dir='ltr'><strong>corpus</strong></span> <span class='ocrx_word' id='word_1_722' title='bbox 1347 5207 1525 5262; x_wconf 90' lang='lat' dir='ltr'><strong>divina</strong></span> <span class='ocrx_word' id='word_1_723' title='bbox 1574 5209 1924 5279; x_wconf 81' lang='lat' dir='ltr'><strong>dispositione</strong></span> <span class='ocrx_word' id='word_1_724' title='bbox 1967 5208 2035 5264; x_wconf 89' lang='lat' dir='ltr'><strong>ab</strong></span> 
     </span>
    </p>
   </div>
   <div class='ocr_carea' id='block_1_101' title="bbox 455 5298 2038 5372">
    <p class='ocr_par' dir='ltr' id='par_1_101' title="bbox 455 5298 2038 5372">
     <span class='ocr_line' id='line_1_101' title="bbox 455 5298 2038 5372; baseline 0.001 -19"><span class='ocrx_word' id='word_1_725' title='bbox 455 5298 755 5369; x_wconf 88' lang='lat' dir='ltr'><strong>Ilispaleusi</strong></span> <span class='ocrx_word' id='word_1_726' title='bbox 782 5298 913 5353; x_wconf 88' lang='lat' dir='ltr'><strong>urbe</strong></span> <span class='ocrx_word' id='word_1_727' title='bbox 933 5308 1054 5368; x_wconf 86' lang='lat' dir='ltr'><strong>post</strong></span> <span class='ocrx_word' id='word_1_728' title='bbox 1081 5314 1253 5355; x_wconf 90' lang='lat' dir='ltr'><strong>annos</strong></span> <span class='ocrx_word' id='word_1_729' title='bbox 1277 5314 1571 5355; x_wconf 72' lang='lat' dir='ltr'><strong>CCCCLXVIH</strong></span> <span class='ocrx_word' id='word_1_730' title='bbox 1599 5299 1785 5372; x_wconf 81' lang='lat' dir='ltr'><strong>[Forte</strong></span> <span class='ocrx_word' id='word_1_731' title='bbox 1808 5311 1922 5371; x_wconf 77' lang='lat' dir='ltr'><strong>post</strong></span> <span class='ocrx_word' id='word_1_732' title='bbox 1942 5318 2038 5355; x_wconf 88' lang='lat' dir='ltr'><strong>an-</strong></span> 
     </span>
    </p>
   </div>
   <div class='ocr_carea' id='block_1_102' title="bbox 456 5388 2038 5461">
    <p class='ocr_par' dir='ltr' id='par_1_102' title="bbox 456 5388 2038 5461">
     <span class='ocr_line' id='line_1_102' title="bbox 456 5388 2038 5461; baseline 0.004 -19"><span class='ocrx_word' id='word_1_733' title='bbox 456 5405 551 5444; x_wconf 79' lang='lat' dir='ltr'><strong>nos</strong></span> <span class='ocrx_word' id='word_1_734' title='bbox 577 5388 877 5461; x_wconf 69' lang='lat' dir='ltr'><strong>ccccxxvul</strong></span> <span class='ocrx_word' id='word_1_735' title='bbox 902 5398 987 5446; x_wconf 89' lang='lat' dir='ltr'><strong>est</strong></span> <span class='ocrx_word' id='word_1_736' title='bbox 1016 5391 1351 5459; x_wconf 78' lang='lat' dir='ltr'><strong>translatum,</strong></span> <span class='ocrx_word' id='word_1_737' title='bbox 1398 5400 1558 5460; x_wconf 88' lang='lat' dir='ltr'><strong>atque</strong></span> <span class='ocrx_word' id='word_1_738' title='bbox 1586 5392 1640 5446; x_wconf 87' lang='lat' dir='ltr'><strong>in</strong></span> <span class='ocrx_word' id='word_1_739' title='bbox 1670 5391 1803 5448; x_wconf 89' lang='lat' dir='ltr'><strong>urbe</strong></span> <span class='ocrx_word' id='word_1_740' title='bbox 1847 5392 2038 5461; x_wconf 87' lang='lat' dir='ltr'><strong>Legio—</strong></span> 
     </span>
    </p>
   </div>
   <div class='ocr_carea' id='block_1_103' title="bbox 460 5481 2037 5552">
    <p class='ocr_par' dir='ltr' id='par_1_103' title="bbox 460 5481 2037 5552">
     <span class='ocr_line' id='line_1_103' title="bbox 460 5481 2037 5552; baseline 0.003 -19"><span class='ocrx_word' id='word_1_741' title='bbox 460 5481 611 5535; x_wconf 88' lang='lat' dir='ltr'><strong>nensi</strong></span> <span class='ocrx_word' id='word_1_742' title='bbox 659 5481 925 5551; x_wconf 84' lang='lat' dir='ltr'><strong>condigne</strong></span> <span class='ocrx_word' id='word_1_743' title='bbox 973 5483 1178 5537; x_wconf 86' lang='lat' dir='ltr'><strong>honore</strong></span> <span class='ocrx_word' id='word_1_744' title='bbox 1218 5482 1505 5552; x_wconf 90' lang='lat' dir='ltr'><strong>sepultum.</strong></span> <span class='ocrx_word' id='word_1_745' title='bbox 1536 5481 1773 5548; x_wconf 86' lang='lat' dir='ltr'><strong>Qualiter</strong></span> <span class='ocrx_word' id='word_1_746' title='bbox 1811 5499 1941 5539; x_wconf 90' lang='lat' dir='ltr'><strong>vero</strong></span> <span class='ocrx_word' id='word_1_747' title='bbox 1985 5483 2037 5537; x_wconf 89' lang='lat' dir='ltr'><strong>id</strong></span> 
     </span>
    </p>
   </div>
   <div class='ocr_carea' id='block_1_104' title="bbox 457 5573 2040 5649">
    <p class='ocr_par' dir='ltr' id='par_1_104' title="bbox 457 5573 2040 5649">
     <span class='ocr_line' id='line_1_104' title="bbox 457 5573 2040 5649; baseline 0.006 -26"><span class='ocrx_word' id='word_1_748' title='bbox 457 5579 635 5625; x_wconf 89' lang='lat' dir='ltr'><strong>actum</strong></span> <span class='ocrx_word' id='word_1_749' title='bbox 680 5574 785 5641; x_wconf 91' lang='lat' dir='ltr'><strong>sit,</strong></span> <span class='ocrx_word' id='word_1_750' title='bbox 815 5573 915 5630; x_wconf 88' lang='lat' dir='ltr'><strong>etsi</strong></span> <span class='ocrx_word' id='word_1_751' title='bbox 944 5590 1052 5630; x_wconf 93' lang='lat' dir='ltr'><strong>non</strong></span> <span class='ocrx_word' id='word_1_752' title='bbox 1082 5573 1250 5641; x_wconf 89' lang='lat' dir='ltr'><strong>claro,</strong></span> <span class='ocrx_word' id='word_1_753' title='bbox 1279 5575 1457 5630; x_wconf 88' lang='lat' dir='ltr'><strong>veraci</strong></span> <span class='ocrx_word' id='word_1_754' title='bbox 1486 5583 1664 5633; x_wconf 87' lang='lat' dir='ltr'><strong>tamen</strong></span> <span class='ocrx_word' id='word_1_755' title='bbox 1699 5576 1872 5649; x_wconf 83' lang='lat' dir='ltr'><strong>stylo,</strong></span> <span class='ocrx_word' id='word_1_756' title='bbox 1914 5576 2040 5632; x_wconf 88' lang='lat' dir='ltr'><strong>huic</strong></span> 
     </span>
    </p>
   </div>
   <div class='ocr_carea' id='block_1_105' title="bbox 457 5663 1423 5737">
    <p class='ocr_par' dir='ltr' id='par_1_105' title="bbox 457 5663 1423 5737">
     <span class='ocr_line' id='line_1_105' title="bbox 457 5663 1423 5737; baseline 0.009 -22"><span class='ocrx_word' id='word_1_757' title='bbox 457 5663 610 5737; x_wconf 81' lang='lat' dir='ltr'><strong>operi</strong></span> <span class='ocrx_word' id='word_1_758' title='bbox 639 5664 857 5730; x_wconf 88' lang='lat' dir='ltr'><strong>dignum</strong></span> <span class='ocrx_word' id='word_1_759' title='bbox 887 5667 1137 5723; x_wconf 82' lang='lat' dir='ltr'><strong>duximus</strong></span> <span class='ocrx_word' id='word_1_760' title='bbox 1166 5669 1423 5724; x_wconf 89' lang='lat' dir='ltr'><strong>inserere.</strong></span> 
     </span>
    </p>
   </div>
   <div class='ocr_carea' id='block_1_106' title="bbox 2138 4667 3730 4737">
    <p class='ocr_par' dir='ltr' id='par_1_106' title="bbox 2138 4667 3730 4737">
     <span class='ocr_line' id='line_1_106' title="bbox 2138 4667 3730 4737; baseline 0.001 -14"><span class='ocrx_word' id='word_1_761' title='bbox 2138 4676 2195 4723; x_wconf 90' lang='lat' dir='ltr'><strong>et</strong></span> <span class='ocrx_word' id='word_1_762' title='bbox 2221 4682 2383 4737; x_wconf 89' lang='lat' dir='ltr'><strong>quam</strong></span> <span class='ocrx_word' id='word_1_763' title='bbox 2410 4668 2654 4724; x_wconf 88' lang='lat' dir='ltr'><strong>crebram</strong></span> <span class='ocrx_word' id='word_1_764' title='bbox 2695 4668 2986 4737; x_wconf 88' lang='lat' dir='ltr'><strong>perniciem</strong></span> <span class='ocrx_word' id='word_1_765' title='bbox 3015 4667 3299 4724; x_wconf 88' lang='lat' dir='ltr'><strong>Saracenis</strong></span> <span class='ocrx_word' id='word_1_766' title='bbox 3330 4668 3585 4724; x_wconf 89' lang='lat' dir='ltr'><strong>intulerit.</strong></span> <span class='ocrx_word' id='word_1_767' title='bbox 3629 4667 3730 4725; x_wconf 85' lang='lat' dir='ltr'><strong>llic</strong></span> 
     </span>
    </p>
   </div>
   <div class='ocr_carea' id='block_1_107' title="bbox 2140 4759 3729 4832">
    <p class='ocr_par' dir='ltr' id='par_1_107' title="bbox 2140 4759 3729 4832">
     <span class='ocr_line' id='line_1_107' title="bbox 2140 4759 3729 4832; baseline 0.001 -17"><span class='ocrx_word' id='word_1_768' title='bbox 2140 4761 2282 4815; x_wconf 89' lang='lat' dir='ltr'><strong>inter</strong></span> <span class='ocrx_word' id='word_1_769' title='bbox 2305 4760 2511 4830; x_wconf 87' lang='lat' dir='ltr'><strong>reliqua</strong></span> <span class='ocrx_word' id='word_1_770' title='bbox 2541 4759 2753 4831; x_wconf 90' lang='lat' dir='ltr'><strong>pietatis</strong></span> <span class='ocrx_word' id='word_1_771' title='bbox 2775 4774 2959 4829; x_wconf 83' lang='lat' dir='ltr'><strong>opera.</strong></span> <span class='ocrx_word' id='word_1_772' title='bbox 2984 4767 3105 4828; x_wconf 78' lang='lat' dir='ltr'><strong>qua:</strong></span> <span class='ocrx_word' id='word_1_773' title='bbox 3139 4760 3386 4832; x_wconf 88' lang='lat' dir='ltr'><strong>religiose</strong></span> <span class='ocrx_word' id='word_1_774' title='bbox 3413 4763 3597 4830; x_wconf 86' lang='lat' dir='ltr'><strong>gessit,</strong></span> <span class='ocrx_word' id='word_1_775' title='bbox 3632 4778 3729 4832; x_wconf 74' lang='lat' dir='ltr'><strong>pe-</strong></span> 
     </span>
    </p>
   </div>
   <div class='ocr_carea' id='block_1_108' title="bbox 2138 4850 3728 4921">
    <p class='ocr_par' dir='ltr' id='par_1_108' title="bbox 2138 4850 3728 4921">
     <span class='ocr_line' id='line_1_108' title="bbox 2138 4850 3728 4921; baseline 0.003 -16"><span class='ocrx_word' id='word_1_776' title='bbox 2138 4852 2226 4905; x_wconf 91' lang='lat' dir='ltr'><strong>tiit</strong></span> <span class='ocrx_word' id='word_1_777' title='bbox 2250 4867 2281 4905; x_wconf 89' lang='lat' dir='ltr'><strong>a</strong></span> <span class='ocrx_word' id='word_1_778' title='bbox 2310 4850 2604 4916; x_wconf 85' lang='lat' dir='ltr'><strong>Benabeth,</strong></span> <span class='ocrx_word' id='word_1_779' title='bbox 2638 4850 2966 4921; x_wconf 85' lang='lat' dir='ltr'><strong>Hispalensis</strong></span> <span class='ocrx_word' id='word_1_780' title='bbox 2990 4851 3137 4906; x_wconf 85' lang='lat' dir='ltr'><strong>urbis</strong></span> <span class='ocrx_word' id='word_1_781' title='bbox 3166 4865 3313 4921; x_wconf 88' lang='lat' dir='ltr'><strong>rege,</strong></span> <span class='ocrx_word' id='word_1_782' title='bbox 3337 4863 3602 4921; x_wconf 84' lang='lat' dir='ltr'><strong>quatenus</strong></span> <span class='ocrx_word' id='word_1_783' title='bbox 3623 4853 3728 4910; x_wconf 86' lang='lat' dir='ltr'><strong>sibi</strong></span> 
     </span>
    </p>
   </div>
   <div class='ocr_carea' id='block_1_109' title="bbox 2139 4940 3727 5014">
    <p class='ocr_par' dir='ltr' id='par_1_109' title="bbox 2139 4940 3727 5014">
     <span class='ocr_line' id='line_1_109' title="bbox 2139 4940 3727 5014; baseline 0.001 -17"><span class='ocrx_word' id='word_1_784' title='bbox 2139 4958 2338 5014; x_wconf 87' lang='lat' dir='ltr'><strong>corpus</strong></span> <span class='ocrx_word' id='word_1_785' title='bbox 2384 4944 2705 4999; x_wconf 64' lang='lat' dir='ltr'><strong>beatissima:</strong></span> <span class='ocrx_word' id='word_1_786' title='bbox 2742 4941 2961 5011; x_wconf 85' lang='lat' dir='ltr'><strong>virginis</strong></span> <span class='ocrx_word' id='word_1_787' title='bbox 3009 4940 3204 5007; x_wconf 65' lang='lat' dir='ltr'><strong>Justus,</strong></span> <span class='ocrx_word' id='word_1_788' title='bbox 3237 4941 3378 5011; x_wconf 91' lang='lat' dir='ltr'><strong>quod</strong></span> <span class='ocrx_word' id='word_1_789' title='bbox 3423 4942 3475 4995; x_wconf 92' lang='lat' dir='ltr'><strong>in</strong></span> <span class='ocrx_word' id='word_1_790' title='bbox 3533 4941 3727 4999; x_wconf 88' lang='lat' dir='ltr'><strong>eadem</strong></span> 
     </span>
    </p>
   </div>
   <div class='ocr_carea' id='block_1_110' title="bbox 2141 5030 3725 5103">
    <p class='ocr_par' dir='ltr' id='par_1_110' title="bbox 2141 5030 3725 5103">
     <span class='ocr_line' id='line_1_110' title="bbox 2141 5030 3725 5103; baseline -0.003 -15"><span class='ocrx_word' id='word_1_791' title='bbox 2141 5035 2276 5089; x_wconf 89' lang='lat' dir='ltr'><strong>urbe</strong></span> <span class='ocrx_word' id='word_1_792' title='bbox 2301 5034 2549 5103; x_wconf 88' lang='lat' dir='ltr'><strong>quiescit,</strong></span> <span class='ocrx_word' id='word_1_793' title='bbox 2577 5033 2919 5100; x_wconf 90' lang='lat' dir='ltr'><strong>concederet,</strong></span> <span class='ocrx_word' id='word_1_794' title='bbox 2965 5042 3024 5088; x_wconf 89' lang='lat' dir='ltr'><strong>nt</strong></span> <span class='ocrx_word' id='word_1_795' title='bbox 3059 5048 3181 5087; x_wconf 65' lang='lat' dir='ltr'><strong>eam</strong></span> <span class='ocrx_word' id='word_1_796' title='bbox 3212 5033 3278 5086; x_wconf 86' lang='lat' dir='ltr'><strong>ad</strong></span> <span class='ocrx_word' id='word_1_797' title='bbox 3309 5030 3493 5084; x_wconf 86' lang='lat' dir='ltr'><strong>urbem</strong></span> <span class='ocrx_word' id='word_1_798' title='bbox 3525 5030 3725 5100; x_wconf 60' lang='lat' dir='ltr'><strong>Legio-</strong></span> 
     </span>
    </p>
   </div>
   <div class='ocr_carea' id='block_1_111' title="bbox 2141 5118 3697 5188">
    <p class='ocr_par' dir='ltr' id='par_1_111' title="bbox 2141 5118 3697 5188">
     <span class='ocr_line' id='line_1_111' title="bbox 2141 5118 3697 5188; baseline -0.001 -12"><span class='ocrx_word' id='word_1_799' title='bbox 2141 5138 2265 5176; x_wconf 89' lang='lat' dir='ltr'><strong>nem</strong></span> <span class='ocrx_word' id='word_1_800' title='bbox 2297 5121 2629 5176; x_wconf 89' lang='lat' dir='ltr'><strong>transferret.</strong></span> <span class='ocrx_word' id='word_1_801' title='bbox 2663 5119 3017 5179; x_wconf 81' lang='lat' dir='ltr'><strong>Petitionibus</strong></span> <span class='ocrx_word' id='word_1_802' title='bbox 3036 5119 3212 5188; x_wconf 89' lang='lat' dir='ltr'><strong>cujus,</strong></span> <span class='ocrx_word' id='word_1_803' title='bbox 3242 5129 3299 5174; x_wconf 89' lang='lat' dir='ltr'><strong>ut</strong></span> <span class='ocrx_word' id='word_1_804' title='bbox 3327 5118 3515 5183; x_wconf 87' lang='lat' dir='ltr'><strong>voluit,</strong></span> <span class='ocrx_word' id='word_1_805' title='bbox 3540 5135 3697 5174; x_wconf 80' lang='lat' dir='ltr'><strong>assen</strong></span> 
     </span>
    </p>
   </div>
   <div class='ocr_carea' id='block_1_112' title="bbox 2142 5208 3721 5283">
    <p class='ocr_par' dir='ltr' id='par_1_112' title="bbox 2142 5208 3721 5283">
     <span class='ocr_line' id='line_1_112' title="bbox 2142 5208 3721 5283; baseline -0.004 -12"><span class='ocrx_word' id='word_1_806' title='bbox 2142 5229 2260 5271; x_wconf 88' lang='lat' dir='ltr'><strong>sum</strong></span> <span class='ocrx_word' id='word_1_807' title='bbox 2318 5212 2567 5283; x_wconf 73' lang='lat' dir='ltr'><strong>pnebuit,</strong></span> <span class='ocrx_word' id='word_1_808' title='bbox 2624 5221 2681 5267; x_wconf 89' lang='lat' dir='ltr'><strong>et</strong></span> <span class='ocrx_word' id='word_1_809' title='bbox 2724 5213 2773 5266; x_wconf 90' lang='lat' dir='ltr'><strong>ei</strong></span> <span class='ocrx_word' id='word_1_810' title='bbox 2826 5227 2887 5267; x_wconf 90' lang='lat' dir='ltr'><strong>se</strong></span> <span class='ocrx_word' id='word_1_811' title='bbox 2931 5212 3177 5265; x_wconf 88' lang='lat' dir='ltr'><strong>daturum</strong></span> <span class='ocrx_word' id='word_1_812' title='bbox 3226 5209 3550 5281; x_wconf 79' lang='lat' dir='ltr'><strong>repromisit.</strong></span> <span class='ocrx_word' id='word_1_813' title='bbox 3603 5208 3721 5275; x_wconf 88' lang='lat' dir='ltr'><strong>Qua</strong></span> 
     </span>
    </p>
   </div>
   <div class='ocr_carea' id='block_1_113' title="bbox 2144 5301 3717 5377">
    <p class='ocr_par' dir='ltr' id='par_1_113' title="bbox 2144 5301 3717 5377">
     <span class='ocr_line' id='line_1_113' title="bbox 2144 5301 3717 5377; baseline -0.006 -15"><span class='ocrx_word' id='word_1_814' title='bbox 2144 5306 2433 5377; x_wconf 86' lang='lat' dir='ltr'><strong>sponsione</strong></span> <span class='ocrx_word' id='word_1_815' title='bbox 2459 5313 2703 5374; x_wconf 80' lang='lat' dir='ltr'><strong>accepta,</strong></span> <span class='ocrx_word' id='word_1_816' title='bbox 2734 5303 3054 5359; x_wconf 84' lang='lat' dir='ltr'><strong>convocavit</strong></span> <span class='ocrx_word' id='word_1_817' title='bbox 3095 5319 3189 5359; x_wconf 80' lang='lat' dir='ltr'><strong>rex</strong></span> <span class='ocrx_word' id='word_1_818' title='bbox 3227 5301 3593 5357; x_wconf 83' lang='lat' dir='ltr'><strong>Frediuandus</strong></span> <span class='ocrx_word' id='word_1_819' title='bbox 3624 5315 3717 5353; x_wconf 82' lang='lat' dir='ltr'><strong>ve-</strong></span> 
     </span>
    </p>
   </div>
   <div class='ocr_carea' id='block_1_114' title="bbox 2145 5394 3717 5464">
    <p class='ocr_par' dir='ltr' id='par_1_114' title="bbox 2145 5394 3717 5464">
     <span class='ocr_line' id='line_1_114' title="bbox 2145 5394 3717 5464; baseline -0.004 -11"><span class='ocrx_word' id='word_1_820' title='bbox 2145 5398 2434 5454; x_wconf 89' lang='lat' dir='ltr'><strong>nerabilem</strong></span> <span class='ocrx_word' id='word_1_821' title='bbox 2466 5396 2699 5450; x_wconf 85' lang='lat' dir='ltr'><strong>Alvitum</strong></span> <span class='ocrx_word' id='word_1_822' title='bbox 2729 5394 3073 5464; x_wconf 79' lang='lat' dir='ltr'><strong>Legimiensis</strong></span> <span class='ocrx_word' id='word_1_823' title='bbox 3101 5395 3243 5450; x_wconf 88' lang='lat' dir='ltr'><strong>urbis</strong></span> <span class='ocrx_word' id='word_1_824' title='bbox 3272 5394 3585 5463; x_wconf 88' lang='lat' dir='ltr'><strong>episc0pum</strong></span> <span class='ocrx_word' id='word_1_825' title='bbox 3610 5432 3625 5457; x_wconf 89' lang='lat'><strong>,</strong></span> <span class='ocrx_word' id='word_1_826' title='bbox 3665 5400 3717 5446; x_wconf 70' lang='lat' dir='ltr'><strong>et</strong></span> 
     </span>
    </p>
   </div>
   <div class='ocr_carea' id='block_1_115' title="bbox 2142 5484 3707 5555">
    <p class='ocr_par' dir='ltr' id='par_1_115' title="bbox 2142 5484 3707 5555">
     <span class='ocr_line' id='line_1_115' title="bbox 2142 5484 3707 5555; baseline -0.004 -10"><span class='ocrx_word' id='word_1_827' title='bbox 2142 5486 2507 5545; x_wconf 60' lang='lat' dir='ltr'><strong>reverendum&#39;</strong></span> <span class='ocrx_word' id='word_1_828' title='bbox 2539 5488 2710 5542; x_wconf 90' lang='lat' dir='ltr'><strong>virum</strong></span> <span class='ocrx_word' id='word_1_829' title='bbox 2738 5484 3027 5541; x_wconf 85' lang='lat' dir='ltr'><strong>Ordonium</strong></span> <span class='ocrx_word' id='word_1_830' title='bbox 3072 5487 3472 5543; x_wconf 83' lang='lat' dir='ltr'><strong>Astoricenscm</strong></span> <span class='ocrx_word' id='word_1_831' title='bbox 3512 5486 3707 5555; x_wconf 72' lang='lat' dir='ltr'><strong>cpisco</strong></span> 
     </span>
    </p>
   </div>
   <div class='ocr_carea' id='block_1_116' title="bbox 2142 5573 3709 5653">
    <p class='ocr_par' dir='ltr' id='par_1_116' title="bbox 2142 5573 3709 5653">
     <span class='ocr_line' id='line_1_116' title="bbox 2142 5573 3709 5653; baseline -0.006 -17"><span class='ocrx_word' id='word_1_832' title='bbox 2142 5597 2291 5653; x_wconf 88' lang='lat' dir='ltr'><strong>pum,</strong></span> <span class='ocrx_word' id='word_1_833' title='bbox 2322 5578 2585 5647; x_wconf 82' lang='lat' dir='ltr'><strong>simulque</strong></span> <span class='ocrx_word' id='word_1_834' title='bbox 2613 5576 2922 5632; x_wconf 82' lang='lat' dir='ltr'><strong>Muuiouem</strong></span> <span class='ocrx_word' id='word_1_835' title='bbox 2950 5579 3202 5633; x_wconf 90' lang='lat' dir='ltr'><strong>comitem</strong></span> <span class='ocrx_word' id='word_1_836' title='bbox 3230 5593 3353 5633; x_wconf 91' lang='lat' dir='ltr'><strong>cum</strong></span> <span class='ocrx_word' id='word_1_837' title='bbox 3384 5591 3546 5630; x_wconf 89' lang='lat' dir='ltr'><strong>manu</strong></span> <span class='ocrx_word' id='word_1_838' title='bbox 3575 5573 3709 5629; x_wconf 80' lang='lat' dir='ltr'><strong>utili-</strong></span> 
     </span>
    </p>
   </div>
   <div class='ocr_carea' id='block_1_117' title="bbox 2146 5666 3709 5738">
    <p class='ocr_par' dir='ltr' id='par_1_117' title="bbox 2146 5666 3709 5738">
     <span class='ocr_line' id='line_1_117' title="bbox 2146 5666 3709 5738; baseline -0.007 -10"><span class='ocrx_word' id='word_1_839' title='bbox 2146 5682 2292 5737; x_wconf 90' lang='lat' dir='ltr'><strong>tum;</strong></span> <span class='ocrx_word' id='word_1_840' title='bbox 2324 5679 2378 5726; x_wconf 89' lang='lat' dir='ltr'><strong>et</strong></span> <span class='ocrx_word' id='word_1_841' title='bbox 2403 5684 2498 5725; x_wconf 90' lang='lat' dir='ltr'><strong>eos</strong></span> <span class='ocrx_word' id='word_1_842' title='bbox 2527 5669 2594 5723; x_wconf 88' lang='lat' dir='ltr'><strong>ad</strong></span> <span class='ocrx_word' id='word_1_843' title='bbox 2622 5668 2969 5723; x_wconf 86' lang='lat' dir='ltr'><strong>deferendum</strong></span> <span class='ocrx_word' id='word_1_844' title='bbox 2998 5670 3324 5738; x_wconf 77' lang='lat' dir='ltr'><strong>supradicta:</strong></span> <span class='ocrx_word' id='word_1_845' title='bbox 3348 5666 3565 5736; x_wconf 83' lang='lat' dir='ltr'><strong>virginis</strong></span> <span class='ocrx_word' id='word_1_846' title='bbox 3593 5680 3709 5718; x_wconf 89' lang='lat' dir='ltr'><strong>cor-</strong></span> 
     </span>
    </p>
   </div>
   <div class='ocr_carea' id='block_1_118' title="bbox 535 5748 3703 5835">
    <p class='ocr_par' dir='ltr' id='par_1_118' title="bbox 535 5748 3703 5835">
     <span class='ocr_line' id='line_1_118' title="bbox 535 5748 3703 5835; baseline 0.001 -29"><span class='ocrx_word' id='word_1_847' title='bbox 535 5770 556 5805; x_wconf 77' lang='grc' dir='ltr'><strong><em>ι</em></strong></span> <span class='ocrx_word' id='word_1_848' title='bbox 584 5748 760 5809; x_wconf 70' lang='lat' dir='ltr'><strong>Lectio</strong></span> <span class='ocrx_word' id='word_1_849' title='bbox 788 5771 821 5811; x_wconf 87' lang='grc' dir='ltr'><strong>ι.</strong></span> <span class='ocrx_word' id='word_1_850' title='bbox 852 5788 923 5799; x_wconf 88' lang='lat'><strong>-—</strong></span> <span class='ocrx_word' id='word_1_851' title='bbox 960 5759 1117 5815; x_wconf 81' lang='lat' dir='ltr'><strong>Anno</strong></span> <span class='ocrx_word' id='word_1_852' title='bbox 1157 5760 1317 5831; x_wconf 87' lang='lat' dir='ltr'><strong>igitur</strong></span> <span class='ocrx_word' id='word_1_853' title='bbox 1363 5761 1755 5832; x_wconf 80' lang='lat' dir='ltr'><strong>septuagesimo</strong></span> <span class='ocrx_word' id='word_1_854' title='bbox 1796 5760 1861 5830; x_wconf 79' lang='grc' dir='ltr'><strong>ν,</strong></span> <span class='ocrx_word' id='word_1_855' title='bbox 1919 5770 2043 5835; x_wconf 83' lang='lat' dir='ltr'><strong>post</strong></span> <span class='ocrx_word' id='word_1_856' title='bbox 2145 5776 2245 5832; x_wconf 89' lang='lat' dir='ltr'><strong>pus</strong></span> <span class='ocrx_word' id='word_1_857' title='bbox 2268 5759 2528 5832; x_wconf 85' lang='lat' dir='ltr'><strong>Hispalim</strong></span> <span class='ocrx_word' id='word_1_858' title='bbox 2557 5758 2718 5815; x_wconf 88' lang='lat' dir='ltr'><strong>misit.</strong></span> <span class='ocrx_word' id='word_1_859' title='bbox 2752 5757 2853 5825; x_wconf 84' lang='lat' dir='ltr'><strong>Qui</strong></span> <span class='ocrx_word' id='word_1_860' title='bbox 2881 5760 3160 5817; x_wconf 86' lang='lat' dir='ltr'><strong>venientes</strong></span> <span class='ocrx_word' id='word_1_861' title='bbox 3182 5773 3399 5817; x_wconf 85' lang='lat' dir='ltr'><strong>causam</strong></span> <span class='ocrx_word' id='word_1_862' title='bbox 3428 5771 3537 5813; x_wconf 65' lang='lat' dir='ltr'><strong>suae</strong></span> <span class='ocrx_word' id='word_1_863' title='bbox 3569 5755 3703 5825; x_wconf 76' lang='lat' dir='ltr'><strong>lega-</strong></span> 
     </span>
    </p>
   </div>
  </div>
