4060 6198
280 335 333 389 Η
1295 322 1701 381 ιδιῡοιιιΑΝΑ.
1743 349 1813 360 --
1850 319 2025 375 PARS
2067 319 2105 373 l.
2146 318 2297 372 CAP.
2348 316 2481 371 Vlll.
3464 318 3535 375 42

278 448 432 503 tionis
476 446 587 515 regi
631 442 901 499 Benaheth
932 441 1319 511 patefecerunt.
1351 438 1555 506 Quibus
1603 437 1693 491 ille
1722 435 1798 489 ait
1831 451 1845 487 :
1883 437 1926 495 Α
1958 432 2146 487 tissimi
2176 432 2381 496 lsidori,
2405 433 2495 502 qui
2528 432 2626 487 hac
2667 431 2720 486 in
2751 433 2884 489 urbe
2912 433 3195 490 sacerdotii
3220 436 3422 506 potitus
3447 446 3535 495 est

276 541 395 595 Seio
424 540 585 609 plane
607 578 624 603 ,
673 550 758 589 me
802 534 1019 589 domino
1045 540 1224 587 vestro
1250 530 1395 600 quod
1437 530 1614 585 dicitis
1644 528 1847 599 promi-

278 631 447 694 sisse;
478 627 571 682 sed
599 641 698 679 nee
723 638 844 693 ego,
875 639 973 678 nec
1003 624 1194 692 aliquis
1223 637 1289 677 ex
1318 622 1454 676 meis
1480 621 1631 674 vobis
1655 634 1850 688 corpus

276 720 415 786 quod
444 718 680 787 quteritis
708 716 973 770 ostendet.
1001 715 1114 771 Vos
1161 715 1258 785 ipsi
1283 714 1530 785 quaeriie,
1580 727 1634 768 et
1666 713 1851 767 iuven-

277 819 385 864 tum
418 810 613 873 tollite,
651 818 706 861 et
735 808 929 861 abite.»

345 897 517 951 Lectio
546 912 621 950 ιιι.
650 926 725 937 -
758 914 776 947 r
813 895 930 961 Quo
960 909 1220 967 responso
1251 902 1501 964 accepto,
1535 891 1853 949 venerabilis

281 987 562 1055 episcopus
607 984 816 1040 Alvitus
853 992 1063 1040 secreto
1091 984 1268 1039 socios
1315 984 1408 1037 tali
1452 998 1586 1038 voce
1613 984 1848 1037 affatur:

282 1077 347 1132 Ut
373 1078 590 1133 cernitis
614 1118 629 1143 ,
662 1093 697 1132 ο
725 1077 857 1131 socii
884 1119 898 1142 ,
930 1076 1097 1130 nostri
1138 1075 1341 1130 itineris
1371 1075 1607 1130 laborem
1648 1074 1744 1128 nisi
1775 1073 1853 1127 di-

280 1170 395 1223 vina
426 1169 698 1224 miseratio
726 1168 1063 1231 relevaverit,
1107 1168 1343 1222 frustrati
1371 1166 1703 1223 recedemus.
1746 1165 1853 1219 Ne-

280 1276 427 1314 cesse
454 1273 582 1326 ergo
610 1267 710 1323 est,
743 1258 1093 1324 dilectissimi,
1142 1266 1201 1311 ut
1240 1273 1270 1313 a
1320 1258 1431 1313 Deo
1461 1273 1616 1327 opem
1644 1272 1853 1325 quiera—

284 1364 414 1413 mus,
444 1356 499 1401 et
527 1348 627 1400 hoc
658 1346 832 1400 triduo
859 1345 1075 1414 jejuniis
1095 1354 1150 1400 et
1172 1347 1504 1403 orationibus
1531 1347 1855 1408 insistamus,

281 1446 542 1506 quatenus
572 1437 749 1491 divina
780 1436 1033 1506 majestas
1063 1438 1332 1492 occultum
1357 1438 1512 1492 nobis
1538 1437 1709 1492 sancti
1738 1452 1859 1492 cor-

284 1528 427 1598 poris
460 1528 765 1582 thesaurum
813 1527 1053 1582 revelare
1102 1528 1368 1598 dignetur.
1407 1527 1617 1583 Placuit
1653 1529 1859 1583 cunctis

284 1618 583 1673 exhortatio
611 1618 879 1686 pratsulis;
912 1626 966 1671 et
997 1618 1228 1673 triduum
1260 1619 1387 1673 illud
1410 1619 1630 1687 jejuniis
1657 1628 1712 1672 et
1737 1633 1859 1671 ora-

283 1708 509 1762 tionibus
540 1716 851 1775 exegerunt.
881 1706 1107 1776 Jamque
1133 1708 1218 1762 die
1247 1706 1670 1772 tertia,'emenso
1696 1707 1860 1779 olym-

1952 525 2135 589 iu'ula,
2169 534 2224 579 et
2252 525 2561 594 llispaniam
2590 541 2689 582 suo
2730 541 2896 596 opere
2925 527 3219 593 decoravit,
3249 537 3305 585 et
3323 531 3491 587 verbo
3516 572 3531 594 .

1950 630 2132 670 sumus
2157 615 2402 669 delaturi.
2438 614 2482 667 fl
2502 631 2561 671 cc
2590 616 2702 684 ait,
2734 624 2789 671 et
2818 616 3059 673 ordinem
3089 619 3315 675 visionis
3338 621 3419 676 eis
3447 637 3535 676 se-

1950 702 2126 756 riatim
2156 701 2423 770 patefecit.
2450 720 2468 753 ι

2024 790 2198 846 Lectio
2222 807 2275 845 v.
2298 821 2370 831 —
2400 809 2419 843 α
2448 789 2603 857 Quod
2641 792 2922 849 audientes
2942 832 2957 856 ,
3000 794 3111 850 Deo
3148 797 3349 863 gratias
3392 798 3534 853 refe-

1953 892 2111 951 runt;
2137 891 2194 939 et
2220 898 2401 953 regem
2435 882 2828 939 Saracenorum
2859 886 3014 940 simul
3043 887 3280 956 adeunt,
3321 896 3541 944 cuneta-

1953 989 2059 1044 que
2080 975 2129 1029 ei
2159 974 2446 1030 ordinatim
2484 975 2741 1043 pandunt.
2773 972 2977 1041 Quibus
3008 978 3232 1043 auditis,
3268 980 3391 1035 licet
3415 981 3539 1034 inli-

1954 1066 2107 1130 delis,
2157 1066 2407 1120 virtutem
2436 1072 2616 1119 tamen
2648 1064 2739 1119 Dei
2770 1066 3127 1134 perpendens,
3156 1070 3400 1136 expavit,
3430 1071 3539 1125 eis-

1955 1173 2059 1228 que
2082 1158 2186 1228 43
2212 1157 2525 1226 respondit»:
2555 1156 2641 1222 Et,
2665 1157 2707 1211 si
2730 1157 2991 1214 lsidorum
3021 1160 3169 1214 vobis
3198 1161 3392 1224 tribuo,
3417 1178 3539 1217 cum

1957 1266 2064 1320 quo
2112 1251 2201 1306 hic
2228 1266 2328 1322 ego
2355 1253 2651 1307 remaneo?
2688 1250 2794 1307 Sed
2837 1252 2962 1321 quia
2994 1253 3136 1308 viros
3167 1262 3328 1309 tanta:
3359 1264 3542 1309 aucto-

1958 1344 2135 1397 ritatis
2184 1342 2265 1398 fas
2314 1344 2415 1397 sibi
2469 1360 2576 1399 non
2630 1352 2749 1397 erat
2794 1359 3089 1413 spernere,
3139 1344 3231 1399 dat
3277 1345 3543 1400 licentiam

1959 1433 2197 1487 membra
2226 1432 2550 1487 confessoris
2584 1433 2871 1501 inquirere.
2918 1432 3047 1487 Mira
3091 1434 3313 1501 loquar;
3359 1436 3426 1488 ab
3466 1436 3545 1490 his

1960 1529 2137 1575 tamen
2169 1522 2256 1591 qui
2286 1521 2573 1576 interfuere
2604 1538 2688 1576 me
2728 1523 3043 1578 reminiscor
3077 1525 3317 1589 audisse;
3362 1526 3543 1595 sepul-

1962 1628 2109 1666 crum
2140 1612 2386 1666 videlicet
2406 1613 2648 1681 corporis
2676 1612 2838 1675 beati,
2888 1612 3012 1666 dum
3042 1623 3395 1683 quarreretnr,
3435 1630 3536 1671 ve-

1961 1703 2171 1770 stigium
2190 1703 2502 1771 virgineum
2526 1720 2630 1773 qua
2656 1703 2845 1758 beatus
2866 1704 3143 1759 confessor
3169 1707 3302 1759 trina
3330 1723 3543 1776 percus-

283 1814 366 1867 μιν,
398 1798 478 1852 sol
509 1798 849 1862 occubuerat,
882 1805 935 1850 et
962 1806 1151 1866 quarta
1177 1814 1279 1852 nox
1309 1806 1711 1867 supervenerat,
1736 1812 1857 1851 cum
1892 1810 1937 1868 Β
1963 1797 2113 1849 sione
2142 1796 2318 1850 locum
2349 1795 2682 1849 monumenti
2714 1804 3127 1859 monstraverat,
3163 1799 3215 1851 in
3246 1797 3361 1866 ipso
3391 1792 3545 1853 terrae

283 1887 599 1941 venerabilis
644 1887 835 1955 prmsul
881 1886 1089 1940 Alvitus
1120 1887 1341 1955 pervigil
1379 1887 1609 1941 orationi
1648 1886 1858 1941 insiste-

284 1977 390 2029 bat.
423 1975 647 2041 lnterea,
678 1975 802 2029 dum
833 1975 1018 2029 sellula
1048 1977 1265 2043 sedens,
1305 1991 1487 2030 secum
1524 1976 1704 2030 nescio
1732 1974 1859 2045 quid

283 2067 347 2123 de
378 2068 594 2137 psalmis
625 2068 923 2121 ruminaret
945 2107 959 2132 ,
1002 2081 1192 2121 somno
1223 2066 1559 2135 Opprimitur,
1589 2067 1862 2135 apparuit-

290 2173 395 2227 que
423 2159 470 2213 ei
500 2158 717 2228 quidam
740 2158 841 2223 vir,
874 2157 1179 2211 veneranda
1207 2158 1403 2212 canitie
1431 2167 1695 2228 comptus,
1729 2173 1864 2227 pon-

284 2248 465 2304 tificali
496 2248 658 2304 infula
685 2250 933 2312 amictus,
966 2250 1165 2317 talique
1195 2264 1315 2303 cum
1342 2265 1477 2303 voce
1503 2248 1608 2320 42
1633 2250 1859 2317 alloqui-

284 2348 369 2394 tur
397 2358 411 2394 :
442 2339 574 2393 Novi
602 2340 817 2409 quidem
865 2346 917 2394 te
943 2353 1064 2394 cum
1089 2338 1246 2393 soci's
1277 2340 1378 2393 tuis
1405 2340 1470 2392 ad
1501 2340 1607 2393 hoc
1629 2340 1860 2403 venisse,

283 2437 342 2483 ut
368 2445 561 2495 corpus
591 2428 911 2484 beatissima:
932 2427 1150 2496 virginis
1182 2426 1344 2482 Iusta:
1379 2428 1505 2481 hinc
1537 2428 1861 2481 transferen-

282 2524 364 2572 tes
391 2516 675 2573 deieratis:
708 2526 765 2571 et
806 2517 929 2571 licet
968 2532 1074 2570 non
1122 2516 1187 2571 sit
1240 2516 1431 2570 divina:
1470 2516 1758 2569 voluntatis
1807 2523 1863 2568 ut

283 2604 396 2658 haec
425 2605 611 2659 civitas
640 2605 891 2659 abscessu
920 2603 1078 2672 hujus
1103 2603 1377 2657 desoletur
1405 2603 1654 2672 virginis,
1685 2611 1861 2655 tamen

283 2711 388 2749 non
410 2711 610 2750 vacuos
633 2696 809 2750 divina
840 2696 1049 2750 bonitas
1082 2711 1177 2750 vos
1200 2695 1467 2759 remittet;
1500 2710 1693 2763 corpus
1714 2710 1865 2746 nam—

288 2802 390 2856 que
423 2803 596 2842 meum
642 2788 792 2842 vobis
834 2799 915 2842 est
943 2788 1240 2852 donatum;
1284 2787 1425 2856 quod
1473 2788 1725 2841 tollentes
1766 2801 1864 2840 au-

285 2877 439 2942 ferte,
483 2887 538 2933 ει
567 2879 742 2933 securi
785 2879 849 2932 all
882 2878 1096 2948 propria
1140 2887 1397 2932 remeate.
1433 2877 1600 2945 Quem
1633 2893 1751 2932 cum
1780 2893 1866 2932 re.

285 2966 552 3021 verendus
610 2968 691 3022 vir
738 2968 942 3022 Alvilus
991 2970 1347 3037 interrogaret
1391 2970 1509 3037 quis
1546 2976 1726 3035 esset,
1775 2969 1864 3037 qui

286 3054 408 3109 talia
438 3056 538 3112 sibi
569 3058 770 3111 monita
800 3058 1117 3129 injuugeret,
1151 3059 1226 3113 ait
1257 3079 1269 3113 :
1300 3058 1411 3127 Ego
1440 3075 1556 3113 sum
1586 3058 1867 3128 Hispania-

282 3159 401 3199 rum
431 3146 638 3212 doctor,
671 3146 891 3217 hujusce
920 3149 1065 3203 urbis
1104 3149 1326 3204 antistes
1353 3147 1603 3202 Isidorus.
1636 3148 1754 3214 Quo
1784 3147 1865 3201 di-

284 3242 393 3299 cto,
423 3250 492 3291 ex
521 3237 689 3295 oculis
716 3239 987 3294 cernentis
1016 3238 1256 3293 evanuit.
1288 3257 1305 3290 ι

357 3325 527 3381 Lectio
554 3324 623 3383 tv.
654 3360 724 3371 -
751 3346 769 3380 ι
803 3327 999 3383 Ριςεειιι
1033 3345 1158 3384 vero
1190 3328 1446 3396 evigilans
1485 3328 1675 3384 visioni
1703 3329 1867 3398 cmpit

279 3420 663 3489 congratulari,
694 3430 749 3476 et
777 3420 943 3475 Deum
977 3421 1234 3476 attentius
1263 3435 1515 3487 exorare,
1546 3418 1861 3489 efﬂagitans,

280 3513 356 3571 ut,
388 3504 436 3562 si
464 3522 531 3561 ex
573 3506 685 3561 Deo
711 3516 854 3560 esset
881 3507 993 3561 hzec
1019 3508 1173 3573 visio,
1206 3509 1395 3562 iterum
1423 3549 1437 3575 ,
1484 3517 1538 3562 et
1566 3509 1721 3563 tertio
1749 3508 1863 3578 ple-

279 3595 404 3647 nius
454 3594 853 3659 innotesceret;
906 3596 987 3648 sin
1032 3605 1245 3660 autem,
1300 3597 1615 3652 discederet.
1663 3597 1864 3653 Taliter

280 3703 468 3751 orans,
502 3701 711 3740 rursum
742 3686 1086 3742 obdormivit.
1123 3686 1189 3741 Et
1212 3703 1336 3742 ecce
1368 3689 1504 3742 idem
1533 3690 1645 3758 ipse
1670 3690 1749 3743 vir
1770 3704 1864 3758 ap-

279 3791 478 3845 parens
511 3791 616 3830 non
646 3775 944 3839 dissimilia,
979 3792 1137 3844 quam
1170 3777 1336 3845 prius,
1369 3776 1529 3831 verba
1559 3780 1861 3848 peroravit,

278 3879 601 3932 rursumque
631 3864 866 3917 evanuit.
900 3863 1317 3934 Expergefactus
1360 3866 1548 3918 iterum
1583 3865 1821 3934 pontifex
1843 3906 1859 3931 ,

282 3954 512 4007 alacrius
566 3953 757 4006 trinam
809 3953 1029 4007 visionis
1078 3954 1498 4008 admonitionem
1545 3969 1575 4008 a
1634 3954 1862 4009 Domino

280 4046 621 4114 implorabat.
652 4046 772 4111 Qui,
808 4046 931 4098 dum
962 4046 1211 4100 obnixius
1245 4045 1410 4099 Deum
1442 4056 1661 4113 oraret,
1702 4047 1862 4101 tertio

279 4151 471 4190 somno
494 4136 801 4204 corripitur.
834 4135 1030 4206 Virque
1051 4151 1210 4206 supra
1239 4125 1428 4199 dictus,
1463 4137 1626 4191 veluti
1658 4138 1820 4192 semel
1845 4180 1861 4205 ,

278 4240 441 4299 atque
470 4230 735 4295 secundo,
779 4230 828 4284 ei
856 4232 1143 4300 apparuit,
1192 4238 1246 4284 et
1274 4246 1391 4299 qua:
1422 4238 1579 4285 antea
1610 4231 1859 4295 dixerat,

281 4322 441 4376 tertio
473 4320 783 4390 replicavit;
816 4330 873 4375 et
903 4322 1046 4392 virga
1077 4322 1357 4391 pastorali,
1392 4337 1553 4392 quam
1590 4337 1749 4375 manu
1784 4331 1861 4375 te-

277 4412 461 4475 nebat,
496 4418 650 4464 terrae
678 4411 848 4465 solum
879 4413 1183 4480 percutiens
1214 4413 1392 4477 tertio,
1425 4412 1637 4477 locum,
1672 4412 1723 4465 in
1752 4426 1859 4481 quo

277 4518 475 4571 corpus
500 4510 743 4557 sanctum
773 4502 1154 4567 delitescebat,
1185 4502 1434 4566 Ostendit,
1468 4503 1650 4556 (licens
1676 4520 1688 4555 :
1738 4500 1855 4565 llic,

278 4591 388 4655 hic,
421 4592 509 4645 hic
532 4605 706 4645 meum
730 4593 966 4646 invenies
988 4607 1200 4661 Corpus.
1235 4591 1300 4644 Et
1342 4607 1408 4646 ne
1434 4600 1588 4660 putes
1613 4600 1663 4646 te
1690 4592 1859 4660 phan-

282 4680 472 4733 tastica
518 4680 724 4734 visione
760 4680 973 4746 deludi,
1022 4682 1124 4735 hoc
1165 4680 1265 4734 erit
1315 4680 1411 4733 tibi
1458 4681 1665 4749 signum
1709 4680 1857 4732 veri:

278 4767 429 4833 Mox,
463 4778 522 4821 ut
552 4786 727 4822 meum
759 4786 956 4829 corpus
989 4786 1149 4839 super
1178 4780 1376 4824 terram
1408 4770 1654 4823 eduxeris
1676 4808 1690 4831 ,
1742 4784 1860 4821 mo-

275 4859 436 4912 lestia
460 4874 587 4929 COrp
608 4863 698 4914 »τῖε
719 4861 1045 4928 εοτιτῖρίενὶε,
1068 4875 1226 4928 quam
1254 4861 1373 4915 finis
1394 4861 1515 4912 vita:
1538 4860 1715 4912 statim
1743 4860 1865 4912 sub-

274 4958 569 5016 sequetur;
619 4951 801 5018 sicque
831 4960 1024 5003 exutus
1063 4951 1164 5004 hoc
1212 4951 1428 5003 mortali
1478 4964 1745 5021 corpore,
1795 4950 1862 5002 ad

274 5054 381 5093 nos
409 5041 605 5094 venies.
644 5040 761 5106 Quo
792 5042 956 5105 dicto,
991 5042 1120 5094 visio
1145 5040 1325 5094 ablata
1356 5049 1455 5095 est.
1480 5039 1703 5107 Evigilat
1725 5057 1859 5109 pra:-

274 5132 382 5193 sul,
417 5138 593 5184 certus
640 5130 708 5183 de
747 5138 894 5184 tanta
945 5130 1165 5195 visione,
1199 5139 1253 5184 et
1298 5131 1445 5183 latus
1484 5130 1549 5183 de
1577 5145 1669 5183 sua
1700 5145 1861 5184 voca-

275 5223 459 5288 tione;
487 5223 735 5291 faetoque
766 5238 942 5287 mane,
977 5224 1041 5276 al
1071 5223 1249 5277 socios
1280 5222 1407 5274 dixit
1437 5239 1448 5273 :
1483 5220 1708 5291 Oportet
1738 5237 1857 5288 nos,

272 5312 631 5377 dilectissimi,
662 5314 896 5367 divinam
924 5315 1365 5383 omnipotentiam
1393 5314 1672 5367 submissis
1703 5314 1862 5368 vu'ti-

271 5404 381 5457 bus
407 5403 652 5469 adorare,
685 5406 774 5473 qui
804 5421 900 5460 nos
928 5421 1023 5460 sua
1052 5407 1222 5473 gratia
1255 5406 1553 5475 praecedere
1574 5414 1654 5460 est
1679 5406 1862 5474 digna-

270 5502 385 5554 tus.
430 5503 487 5547 et
518 5498 818 5549 mercedem
875 5498 1042 5549 nostri
1096 5496 1298 5551 itineris
1338 5496 1579 5551 frustrari
1630 5513 1733 5550 non
1780 5506 1863 5551 cst

267 5596 512 5650 passus;
543 5582 720 5636 divino
747 5585 887 5638 enim
922 5593 1047 5637 nutu
1079 5586 1427 5654 prohibemur
1464 5586 1701 5639 membra
1734 5587 1860 5639 hea-

270 5678 343 5721 ιω
391 5686 453 5721 ac
502 5670 611 5724 Deo
640 5672 826 5726 dicat:e
874 5674 1090 5740 virginis
1140 5673 1301 5729 Justus
1350 5676 1472 5729 hinc
1509 5676 1853 5741 abstrahi-re;

265 5762 371 5815 sed
402 5779 503 5816 non
530 5763 735 5817 minora
759 5765 1057 5819 deferemus
1088 5767 1327 5835 pignora,
1362 5767 1485 5820 dum
1519 5784 1712 5839 cerpus
1739 5770 1856 5822 hea-

450 5872 720 5931 Paraurn
771 5873 939 5931 LXX
958 5873 1061 5931 .‘il.

1962 1885 2078 1939 solo
2107 1885 2380 1939 inventum
2427 1894 2527 1938 est.
2571 1888 2688 1949 Quo
2734 1883 2945 1936 detecto
2972 1928 2985 1949 ,
3036 1893 3180 1939 tanta
3212 1886 3393 1941 odoris
3442 1888 3536 1941 fra-

1961 1978 2168 2046 grantia
2193 1978 2483 2039 emanavit,
2502 1985 2563 2031 ut
2583 1976 2806 2044 capillos
2828 1977 3015 2044 Cﬂ|liii<
3039 1985 3085 2028 rt
3113 1977 3290 2033 barba:
3310 1981 3544 2034 omnium

1962 2070 2053 2136 qui
2080 2069 2303 2123 aderant
2333 2068 2495 2123 veluti
2544 2066 2737 2121 nebula
2786 2076 2841 2119 ct
2894 2067 3115 2121 balsami
3164 2084 3287 2123 rore
3327 2070 3547 2139 perfun-

1962 2160 2131 2214 deret.
2148 2178 2164 2210 ι

2038 2247 2210 2301 Lectio
2235 2264 2305 2301 vi.
2335 2280 2406 2289 -—
2441 2265 2459 2297 ‹
2486 2244 2694 2315 Corpus
2729 2252 2906 2298 autem
2952 2246 3165 2299 beatum
3217 2248 3393 2315 ligneo
3425 2265 3547 2303 vas-

1964 2337 2105 2402 eulo,
2146 2351 2210 2389 ex
2232 2335 2481 2403 junipero
2513 2333 2678 2400 laeto,
2709 2342 2825 2386 erat
2854 2335 3125 2388 obtectum
3154 2353 3166 2386 :
3207 2337 3385 2390 statim
3416 2354 3545 2393 vero

1965 2434 2023 2480 ut
2050 2432 2341 2479 reseratum
2364 2432 2465 2487 est,
2494 2422 2844 2476 reverendum
2874 2425 3044 2477 virum
3076 2425 3309 2481 Alvitum
3342 2429 3563 2498 episco?

1965 2530 2091 2586 pum
2122 2513 2379 2584 aegritudo
2406 2512 2685 2580 corripuit,
2715 2520 2770 2566 et
2799 2512 3025 2581 septima
3052 2513 3158 2578 die,
3189 2524 3409 2585 accepta
3435 2533 3547 2586 poe-

1969 2605 2211 2667 nitentia,
2234 2603 2387 2671 juxta
2417 2601 2649 2657 edictum
2681 2602 2901 2656 visionis
2927 2603 3151 2671 angelis,
3180 2611 3237 2658 ut
3256 2605 3541 2673 credimus,

1964 2699 2208 2766 spiritum
2254 2693 2488 2749 tradidit.
2530 2692 2879 2749 Asturieensis
2911 2704 3086 2748 autem
3136 2697 3419 2767 episcopus
3447 2700 3545 2754 0r-

1966 2789 2174 2850 donius,
2205 2794 2260 2841 et
2286 2784 2460 2839 omnis
2487 2784 2775 2850 exercitus,
2815 2794 3033 2853 accepta
3064 2786 3217 2854 gleba
3258 2788 3400 2843 beati
3449 2789 3545 2845 lsi-

1966 2878 2104 2943 ἀοι-ἱ,
2135 2886 2185 2931 ct
2211 2890 2439 2946 corpore
2485 2874 2725 2945 prtesulis
2756 2875 3101 2942 chioncnsis
3131 2876 3307 2940 Alviti,
3352 2879 3418 2932 ad
3460 2896 3545 2935 re-

1966 2985 2085 3039 gem
2116 2966 2503 3023 Ferdinandurn
2551 2964 2872 3019 feslinabant
2928 2965 3203 3034 repedare.
3257 2967 3387 3022 Dum
3420 2986 3546 3026 vero

1967 3077 2161 3131 corpus
2200 3058 2492 3114 beatissimi
2523 3056 2708 3112 lsidori
2752 3057 2803 3111 in
2834 3057 3030 3125 lignum
3070 3062 3416 3127 gestatorium
3447 3079 3547 3134 po-

1894 3180 1937 3238 C
1970 3158 2217 3213 neretur,
2269 3165 2360 3202 rex
2418 3147 2805 3202 Saracenoru-u
2852 3149 3207 3218 suprad'ctus,
3249 3150 3544 3219 Benabeth,

1966 3242 2226 3294 crirtinam
2258 3239 2636 3303 holosericam,
2677 3240 2812 3293 miro
2837 3254 2999 3308 opere
3028 3250 3355 3307 contextam,
3380 3262 3540 3316 supra

1965 3346 2158 3398 corpus
2205 3330 2320 3398 ejus
2345 3329 2586 3397 jactavit,
2633 3340 2689 3385 et
2736 3344 2925 3397 magna
2975 3346 3042 3385 ex
3094 3332 3280 3389 intimo
3329 3347 3546 3405 pectore

1965 3420 2182 3473 trahens
2206 3420 2452 3488 suspiria,
2481 3419 2615 3473 dixit
2638 3438 2650 3471 :
2684 3418 2819 3475 Ecce
2837 3419 3042 3475 recedis
3068 3422 3134 3477 ab
3155 3423 3299 3491 hinc,
3324 3425 3543 3492 Isidore,

1962 3509 2045 3563 vir
2070 3509 2409 3576 venerande;
2461 3509 2575 3578 ipse
2614 3517 2792 3564 tamen
2843 3511 2978 3565 nosri
3006 3554 3021 3578 ,
3070 3520 3157 3567 tua
3202 3516 3449 3584 qualiter,
3491 3528 3547 3572 et

1964 3619 2082 3658 mea
2110 3619 2195 3659 res
2224 3613 2307 3658 est
2334 3622 2346 3655 :
2383 3602 2521 3657 unde
2561 3604 2668 3659 mei
2695 3619 2987 3657 memorem
3019 3614 3069 3657 te
3106 3620 3320 3677 semper
3349 3607 3543 3678 depre-

1962 3712 2058 3752 cor
2086 3711 2222 3751 esse.
2265 3694 2391 3749 Hrec
2419 3694 2484 3749 ab
2529 3694 2631 3749 illis
2662 3695 2751 3763 qui
2781 3693 2998 3748 audiere
3042 3710 3127 3748 me
3168 3697 3351 3753 recolo
3392 3700 3544 3755 audi-

1962 3789 2122 3843 visse.
2138 3808 2154 3840 ι
3068 3796 3069 3799 ‘

2035 3880 2203 3933 Lectio
2233 3896 2321 3932 vn.
2351 3908 2419 3917 -ο
2447 3897 2465 3928 ι
2494 3876 2696 3944 Quibus
2719 3878 2790 3933 ita
2817 3878 3068 3947 peractis,
3098 3880 3163 3935 ad
3182 3882 3395 3953 prepria
3420 3900 3541 3940 cum

1962 3986 2165 4025 summa
2196 3969 2373 4022 laetitia
2404 3976 2528 4021 sunt
2560 3969 2804 4036 reg-'essi.
2837 3968 2894 4022 ln
2930 3971 3159 4025 adventu
3190 3988 3415 4040 quorum
3445 3993 3541 4032 rex

1962 4060 2374 4126 gloriosissimus
2408 4057 2669 4111 Ferdinan
2692 4059 2773 4113 lus
2819 4072 3068 4127 magnum
3095 4061 3340 4116 exhibuit
3380 4081 3542 4134 appa-

1961 4157 2135 4203 ratum
2164 4167 2174 4201 :
2218 4157 2290 4213 et,
2325 4149 2449 4203 licet
2476 4150 2886 4204 eontristaretur
2919 4149 2985 4204 de
3015 4150 3161 4205 obitu
3194 4152 3541 4221 Legioneusis

1960 4242 2200 4309 prmsn'is
2236 4239 2416 4302 Alviti,
2446 4254 2606 4307 quem
2638 4241 2768 4293 mira
2809 4256 3021 4308 semper
3056 4252 3344 4298 veneratus
3372 4245 3543 4301 fuerat

1959 4328 2264 4391 dilectione,
2299 4336 2477 4382 tamen
2521 4330 2764 4384 occursui
2809 4330 3178 4399 gloriosissimi
3217 4334 3541 4391 confesso'is

1959 4417 2142 4471 lsidori
2175 4418 2509 4473 ambitiosam
2536 4419 2766 4488 praebuit
2792 4435 3069 4489 pompam;
3102 4437 3401 4493 corpusque
3426 4429 3542 4488 ejus

1965 4507 2176 4561 beatum
2202 4508 2251 4561 in
2284 4508 2557 4563 basilicam
2580 4508 2638 4561 Β.
2663 4506 2881 4565 Joannis
2911 4510 3177 4580 Baptistae,
3210 4529 3368 4582 quam
3400 4517 3538 4571 idem

1965 4614 2055 4649 rex
2106 4600 2315 4652 noviter
2354 4598 2743 4664 fabricaverat,
2795 4602 3085 4670 deposuit:
3138 4607 3541 4675 aggregatisque

1967 4688 2226 4741 universis
2274 4689 2423 4755 regni
2469 4689 2550 4743 sui
2594 4690 2858 4745 nobilibus
2888 4691 3014 4747 viris
3062 4700 3222 4762 atque
3251 4698 3539 4766 episcopis,

1965 4794 2082 4831 eam
2124 4779 2174 4831 in
2224 4779 2430 4834 honore
2458 4779 2778 4835 confessoris
2817 4783 3119 4836 consecrari
3170 4782 3331 4851 fecit;
3383 4789 3544 4845 hodie

1966 4884 2067 4935 que
2098 4886 2131 4922 x
2164 4866 2520 4922 Kalendarum
2547 4868 2777 4937 januarii
2819 4870 2932 4924 dies
2976 4871 3327 4931 dedicationis
3368 4880 3545 4935 cede-

1966 4959 2078 5021 size,
2107 4966 2159 5012 et
2191 4958 2549 5013 translationis
2577 4959 2717 5013 beati
2740 4960 3000 5025 antistitis
3034 4961 3222 5019 festive
3261 4972 3535 5023 annuatim

1962 5054 2287 5106 cc’ebratur.
2316 5053 2484 5107 Tanta
2522 5064 2699 5109 autem
2723 5056 3006 5111 devotione
3043 5058 3093 5112 in
3136 5059 3422 5119 festivitate
3453 5066 3538 5118 il'a

1962 5158 2056 5195 rex
2084 5142 2412 5196 clarissimus
2452 5160 2571 5197 cum
2608 5146 2751 5198 omni
2782 5145 2939 5201 domo
2969 5164 3059 5201 sua
3091 5150 3159 5203 ob
3188 5155 3537 5207 reverentiam

1963 5233 2009 5285 h-
2034 5233 2105 5285 aii
2129 5232 2451 5286 confessoris
2476 5235 2756 5289 humilitati
2782 5236 2989 5292 deditus
3022 5240 3180 5296 fuisse
3206 5244 3532 5310 perhibetur,

1966 5328 2043 5385 ut,
2076 5337 2195 5375 cum
2225 5332 2441 5376 ventum
2476 5323 2662 5379 fuisset
2688 5325 2753 5379 ad
2776 5327 3100 5397 convivium,
3132 5332 3389 5401 religiosis
3414 5337 3533 5403 qui-

1965 5410 2169 5479 busque
2200 5412 2330 5465 viris
2354 5413 2611 5468 delicatos
2631 5416 2797 5479 cibos,
2846 5416 3093 5486 deposito
3121 5422 3267 5487 regni
3292 5429 3534 5491 SttpCi't‘i-

1965 5500 2053 5562 lin,
2087 5500 2193 5570 [5.4
2220 5511 2505 5557 contentus
2536 5504 2654 5558 vice
2681 5503 2999 5559 famulorum
3025 5510 3267 5563 manibus
3305 5527 3456 5581 prop:
3475 5518 3537 5573 iis

1963 5600 2275 5658 apponeret,
2314 5592 2514 5661 Regina
2546 5609 2757 5663 quoque
2785 5612 2904 5649 cum
2953 5596 3070 5648 filiis
3110 5606 3165 5650 et
3192 5598 3396 5657 ti!i..hns
3425 5616 3539 5664 suis

1961 5681 2178 5747 reliquie
2226 5682 2548 5736 multitudini
2599 5700 2745 5738 more
2792 5686 3123 5741 servulorum
3175 5703 3334 5747 omne
3380 5704 3539 5756 obsc-

1959 5772 2143 5837 quium
2176 5773 2444 5829 humiliter
2473 5774 2811 5844 dependeret.
2843 5797 2859 5825 ι

2886 5888 2923 5945 2
