4012 6196
583 286 652 340 45
1327 289 1412 344 ΑΙ)
1451 289 1677 344 UPERA
1719 291 1775 346 S.
1821 290 2065 346 ιδιουίιι
2116 291 2141 345 li

2244 294 2558 352 E’ALENSIS
2598 296 3128 354 PROLEGOMENA.
3732 317 3792 364 ιι

651 404 823 460 Lectio
847 421 954 462 vut.
980 435 1050 448 -—
1075 423 1094 457 ι
1123 405 1180 460 In
1211 419 1277 461 co
1307 413 1482 459 autem
1511 405 1652 472 loco,
1680 419 1789 475 quo
1818 405 1986 460 sancti
2029 422 2155 461 cor-
2183 408 2232 466 Δ
2330 406 2382 462 ἐμ.
2430 427 2448 460 ι
2482 410 2630 464 Anna
2657 411 2832 480 igitur.
2894 411 3117 466 Videtur
3170 411 3400 469 adfuisse
3454 415 3687 484 prologus
3711 419 3798 471 ali-

580 496 726 564 poris
750 512 792 550 ri
812 495 941 566 liqui
961 516 988 549 n
1008 513 1037 550 a
1071 495 1212 551 ﬁdeli
1235 496 1390 565 plebe
1416 503 1761 561 venerantur,
1789 504 1932 551 tanta
1956 507 2011 553 et
2033 498 2159 553 talia

579 588 834 642 miracula
865 588 1120 641 Dominus
1148 595 1331 640 noster
1357 585 1512 640 Jesus
1537 586 1777 642 Christus
1800 587 1868 642 ad
1895 587 2159 644 honorem

575 687 630 733 et
655 679 878 748 gloriam
907 679 987 732 sui
1013 677 1241 732 nominis
1270 685 1354 732 est
1381 677 1628 746 dignatus
1656 679 1970 747 ostendere,
2001 682 2161 737 caecis

576 771 777 824 lumina
824 768 1198 834 restituendo,
1265 769 1440 824 surdis
1486 770 1724 824 auditum
1769 770 2156 838 reformando,

578 860 878 916 immundos
918 860 1141 930 spiritus
1169 876 1235 915 ex
1271 861 1504 917 obsessis
1533 861 1849 932 corporibus
1876 862 2159 917 eliminan-

575 951 666 1018 do,
693 951 899 1006 claudis
918 964 1157 1019 gressum
1181 952 1618 1020 redintegrando,
1645 959 1724 1019 ut,
1761 952 1807 1006 si
1838 952 2032 1022 aliquis
2058 967 2157 1022 pe-

567 1039 710 1097 ritus
734 1040 929 1096 litteris
957 1057 1021 1097 ea
1048 1041 1302 1107 traderet,
1337 1059 1441 1096 non
1467 1042 1685 1096 minima
1709 1042 1968 1097 librorum
1997 1043 2158 1100 volu-

575 1133 719 1188 mina
742 1131 1070 1201 conﬁceret;
1102 1134 1195 1190 sed
1220 1133 1411 1203 partim
1443 1133 1729 1202 imperitia,
1764 1135 1955 1203 partim
1991 1136 2160 1204 negli-

574 1224 753 1291 gentia
780 1224 994 1279 silentio
1021 1235 1146 1279 sunt
1175 1225 1409 1280 obtecta.
1461 1223 1613 1290 Quod
1661 1225 1704 1279 si
1761 1225 1979 1280 indubia
2028 1225 2158 1282 ﬁdes

566 1323 844 1383 petentum
872 1316 1070 1384 exigat,
1111 1331 1217 1370 non
1246 1314 1521 1370 dissimilia
1549 1313 1809 1369 Dominus
1848 1323 2033 1369 noster
2061 1314 2154 1370 Je-

569 1418 662 1458 sus
712 1405 955 1460 Christus
1010 1420 1106 1476 per
1153 1403 1519 1460 confessorem
1567 1420 1723 1459 suum
1769 1420 1942 1474 usque
1996 1405 2156 1460 hodie

565 1495 813 1562 dignatur
841 1497 1074 1565 operari.
1105 1495 1362 1566 Reliquiae
1389 1511 1517 1552 vero
1545 1497 1684 1554 beati
1723 1497 2048 1552 confessoris
2073 1498 2140 1552 ab

568 1583 868 1656 Hispalensi
896 1589 1026 1644 urbe
1056 1587 1343 1653 translata),
1370 1596 1533 1656 atque
1553 1586 1842 1656 Legionem
1865 1597 1989 1644 sunt
2014 1589 2158 1644 dela-

567 1689 633 1734 ta:
654 1695 795 1736 anno
822 1681 888 1734 ab
919 1680 1285 1736 incarn‘ttioue
1316 1681 1524 1735 Domini
1571 1681 1739 1736 nostri
1790 1681 1917 1736 Jesu
1955 1679 2154 1737 Christi

564 1787 602 1824 t.
629 1787 719 1826 ιι.
745 1770 823 1826 nl.
856 1769 1060 1842 (1065),
1090 1771 1380 1826 lndictioue
1399 1788 1436 1833 ι,
1469 1780 1822 1826 concurrente
1852 1771 1964 1826 ul.»

633 1861 810 1918 Lectio
836 1879 912 1918 ιι.
941 1895 1014 1906 -
1041 1883 1060 1916 ι
1088 1863 1170 1916 Ad
1215 1863 1428 1918 laudem
1469 1878 1685 1934 quoque
1717 1863 1981 1936 pontiﬁcis
2023 1865 2150 1919 almi

563 1953 774 2009 videtur
797 1955 1066 2024 pertinere
1093 1954 1242 2019 illul,
1275 1954 1437 2022 quod,
1460 1970 1580 2010 cum
1607 1953 1936 2024 Hispalensis
1957 1955 2147 2013 civitas

565 2052 784 2115 propter
811 2047 1044 2116 aequoris
1069 2045 1299 2100 calidum
1321 2060 1577 2115 vaporem
1608 2061 1876 2115 nunquam
1898 2048 1968 2103 sit
1990 2047 2145 2102 solita

566 2138 841 2194 uredinem
870 2138 1058 2206 glaciei
1091 2138 1321 2207 perpeti,
1345 2154 1412 2193 eo
1437 2150 1615 2195 tamen
1636 2155 1798 2208 anno,
1823 2156 1931 2210 quo
1953 2143 2147 2199 exinde

560 2228 716 2283 beata
745 2230 986 2284 membra
1015 2239 1140 2283 sunt
1169 2229 1460 2296 abstracta,
1490 2231 1625 2286 adeo
1650 2242 1839 2287 urente
1867 2233 2035 2302 glacie
2062 2243 2146 2290 est

560 2329 768 2386 exusta,
798 2319 944 2388 quod
973 2335 1148 2389 neque
1177 2321 1229 2374 in
1259 2321 1477 2388 vinetis,
1509 2336 1680 2390 neque
1709 2323 1760 2376 in
1791 2324 2025 2390 olivetis,
2049 2340 2142 2380 seu

562 2409 731 2466 ﬁcetis
779 2409 978 2478 aliquid
1025 2409 1234 2464 fructus
1280 2411 1618 2464 remanserit.
1680 2411 1830 2466 Dicat
1876 2413 2142 2482 quisque,

561 2509 722 2570 prout
764 2501 946 2555 sentit.
995 2498 1108 2570 Ego
1139 2506 1320 2554 autem
1367 2515 1551 2556 assero
1576 2541 1592 2565 ,
1638 2501 1751 2571 ipsa
1791 2521 2006 2575 quoque
2033 2506 2142 2560 ele-

562 2599 741 2646 menta
759 2590 1053 2646 discessum
1082 2591 1254 2646 sancti
1284 2591 1530 2661 corporis
1557 2594 1826 2661 sensisse;
1855 2597 2142 2652 sentiendo

561 2681 828 2749 doluisse;
860 2681 1168 2751 incolasque
1200 2681 1365 2748 urbis,
1413 2688 1564 2737 tanto
1587 2691 1816 2752 patrono
1836 2685 2138 2752 destitutos,

560 2773 861 2843 privatione
907 2772 1172 2828 fructuum
1203 2771 1296 2825 Dei
1335 2780 1466 2825 nutu
1497 2773 1846 2842 percussisse.
1891 2773 1982 2830 llis
2011 2792 2139 2832 vero

557 2873 614 2921 et
660 2865 967 2936 hujusmodi
1012 2863 1268 2935 operibus
1317 2863 1521 2920 electos
1565 2879 1694 2921 suos
1741 2866 1792 2919 in
1847 2877 2138 2938 conspectu

555 2958 858 3013 mortalium
886 2955 1171 3025 gloriﬁcat,
1198 2955 1287 3024 qui
1312 2955 1366 3010 in
1406 2956 1688 3024 prmsentia
1719 2956 1815 3012 Dei
1856 2954 2052 3026 Patris,
2084 2970 2139 3013 et

559 3057 867 3107 sanctorum
905 3049 1219 3118 angelorum
1273 3062 1369 3102 sua
1413 3047 1534 3103 illos
1578 3047 1784 3104 visione
1827 3059 2136 3106 remanet-at

2263 497 2400 566 quis,
2430 499 2520 567 qui
2551 499 2636 553 hic
2663 499 3015 554 desideratur.
3067 500 3214 556 Lect.
3244 501 3298 555 2.
3351 501 3453 558 Illo
3499 521 3563 558 ea:
3590 515 3796 576 tempore.

2265 587 2624 658 lnterponitur
2659 591 2744 645 hic
2767 591 2818 644 in
2848 605 2946 644 ms.
2977 592 3097 662 quia
3137 601 3214 658 et;
3245 608 3364 661 quae
3405 595 3472 648 ab
3514 596 3672 665 aliqua
3713 615 3799 666 pa-

2262 681 2498 735 renthesi
2552 682 2693 736 inter
2725 683 3132 737 describendum
3183 687 3539 753 prtetcrmissa
3586 688 3801 745 videntur

2261 771 2513 826 residua:
2571 775 2658 829 hic
2685 790 2814 829 vero
2840 777 2950 843 jam
2995 776 3282 830 turbabant
3320 793 3557 846 sensum,
3609 781 3800 849 ideoque

2260 864 2458 918 omissa
2502 871 2646 919 sunt.
2679 863 2822 920 Lect.
2861 865 2912 921 7.
2962 865 3024 918 Β.
3069 865 3292 921 Joannis
3335 867 3597 937 Baptista',
3647 887 3796 940 quam.

2260 951 2572 1018 Sandoval.,
2596 969 2717 1024 pag.
2744 956 2826 1021 10,
2854 955 2904 1009 in
2933 957 3172 1024 margine
3202 966 3381 1026 notat,
3406 959 3456 1014 in
3490 959 3583 1013 ita
3603 961 3798 1015 ecclesia

2260 1046 2523 1100 asservari
2568 1046 2839 1101 maxillam
2880 1046 2937 1100 S.
2993 1045 3216 1102 Joannis
3264 1047 3558 1118 Baptism:
3599 1059 3648 1104 et
3691 1053 3799 1118 quia

2258 1135 2497 1192 inventio
2520 1137 2710 1206 capitis
2737 1151 2766 1190 a
2790 1137 3017 1191 Baronio
3044 1146 3264 1192 notatur
3299 1140 3369 1194 ab
3399 1155 3542 1194 anno
3572 1139 3710 1205 1025,
3730 1141 3799 1195 di-

2258 1226 2490 1282 vinando
2515 1228 2724 1292 asserit,
2751 1227 3023 1297 Alphouso
3048 1228 3085 1282 V
3112 1228 3363 1284 donatam
3393 1246 3422 1285 a
3446 1233 3633 1288 comite
3651 1233 3797 1302 Aqui-

2265 1318 2425 1372 taniae
2451 1317 2756 1374 Guilielmo.

2328 1408 2380 1464 5.
2412 1429 2429 1462 ι
2463 1409 2745 1466 Lect.ead.
2771 1410 2824 1465 7.
2842 1409 3122 1466 Annuatim
3143 1412 3448 1467 celebratur.
3473 1413 3605 1470 llinc
3627 1415 3797 1478 discas.

2255 1503 2394 1558 hanc
2420 1503 2696 1558 historiam
2725 1504 2978 1574 scriptam
3000 1519 3118 1559 esse
3148 1519 3243 1573 pro
3272 1505 3588 1559 lectionibus
3607 1515 3718 1561 octo
3741 1509 3800 1562 ad

2254 1591 2572 1647 Matutinum
2601 1593 2909 1648 recitandis.
2963 1592 3067 1648 Sed
3092 1593 3362 1662 quomodo
3392 1610 3425 1648 ι
3472 1592 3681 1648 Kalend.
3711 1595 3803 1649 Ja-

2257 1687 2427 1739 nuarii
2456 1693 2699 1756 notatur,
2752 1685 3180 1756 quandoquidem
3203 1685 3393 1742 festum
3417 1694 3601 1754 agatur
3628 1701 3694 1740 xu
3719 1684 3803 1739 ka-

2187 1776 2229 1836 B
2258 1775 2474 1831 lendas?
2520 1775 2687 1830 Error
2706 1785 2806 1840 est,
2849 1775 2944 1830 sed
2991 1775 3133 1829 haud
3161 1775 3319 1829 dubie
3347 1776 3614 1845 antiquus,
3655 1790 3802 1844 quem

2249 1865 2504 1923 Actorum
2547 1867 2900 1938 prolixiorum
2929 1874 3120 1922 auctor
3171 1866 3519 1936 transcripsit.
3573 1864 3804 1921 Erroretn

2250 1965 2427 2012 tamen
2459 1973 2566 2014 non
2593 1965 2795 2014 tantum
2825 1956 3017 2028 probat
3043 1956 3334 2011 hodiernus
3360 1972 3504 2020 usus,
3557 1956 3646 2010 sed
3674 1957 3806 2010 anti-

2247 2049 2516 2117 quissima:
2545 2058 2599 2103 et
2638 2049 2780 2104 illius
2806 2049 2965 2119 plane
2993 2049 3172 2104 saeculi
3201 2049 3600 2117 inscriptiones,
3625 2049 3806 2103 litteris

2249 2139 2492 2196 Gothicis
2542 2141 2798 2209 legendae,
2863 2155 3022 2210 supra
3073 2141 3205 2210 pilas
3252 2141 3406 2206 duas,
3457 2139 3647 2207 quibus
3666 2140 3807 2209 parvi

2245 2229 2460 2298 quidam
2499 2229 2733 2286 fornices
2775 2231 3124 2295 sustinentur,
3182 2230 3362 2285 lumen
3393 2231 3680 2300 praebentes
3725 2232 3806 2286 iti-

2244 2320 2510 2374 trantibus
2539 2335 2568 2373 a
2598 2320 2834 2376 claustro
2855 2321 2921 2374 ad
2946 2321 3206 2390 capellam
3236 2337 3250 2373 :
3282 2335 3420 2389 quas
3447 2319 3810 2390 inscriptiones

2248 2410 2440 2464 recitat
2465 2410 2755 2465 Sandoval.
2780 2426 2834 2480 p.
2866 2409 2953 2472 16,
2980 2419 3034 2465 et
3062 2410 3148 2464 hic
3187 2410 3388 2465 relerre
3424 2410 3614 2480 placet,
3646 2420 3702 2464 ut
3728 2419 3811 2464 to-

2245 2505 2350 2551 tam
2399 2515 2535 2568 przcs
2570 2508 2712 2553 ntem
2763 2501 3039 2553 historiam
3093 2500 3375 2554 illustrem.
3428 2498 3602 2554 Prima
3653 2508 3730 2556 est
3795 2517 3808 2553 :

2243 2589 2416 2653 Hanc,
2457 2608 2607 2661 quant
2651 2593 2835 2656 cernis,
2890 2592 3086 2660 aulam,
3139 2601 3242 2646 etc.
3304 2591 3456 2661 (Vide
3508 2592 3642 2646 infra
3687 2607 3808 2661 cap.

2241 2679 2352 2750 28).
2399 2680 2841 2736 Alterazbeinde
2883 2681 2937 2735 in
2967 2697 3074 2736 arra
3120 2696 3265 2747 ICIII,
3313 2690 3456 2736 sexto
3505 2679 3630 2735 Idus
3660 2680 3812 2746 Maii,

2239 2773 2563 2827 adduxerunt
2588 2773 2659 2827 ibi
2685 2774 2747 2826 de
2769 2773 2889 2826 urbe
2914 2773 3065 2826 Abila
3087 2789 3268 2841 corpus
3293 2771 3357 2828 S.
3390 2772 3662 2836 Vincentii,
3696 2775 3811 2844 {ra-

2239 2874 2314 2918 ter
2343 2865 2402 2919 S.
2436 2863 2662 2928 Sabime,
2716 2861 3096 2933 Christetisque.
3151 2861 3323 2931 Ipsius
3378 2879 3516 2918 anno
3565 2866 3811 2934 praefatus

2237 2970 2349 3018 rex,
2379 2963 2634 3007 reuertens
2671 2953 2735 3007 de
2771 2952 2916 3006 hoste
2951 2952 3015 3005 ab
3043 2951 3166 3006 urbe
3210 2950 3467 3016 Valentia,
3492 2953 3610 3006 hinc
3631 2954 3702 3007 ibi
3731 2956 3814 3009 die

2235 3043 2466 3113 sabbato,
2513 3045 2637 3099 obiit
2659 3045 2742 3098 die
2765 3045 2918 3098 tertia
2939 3046 3092 3116 feria,
3123 3053 3264 3099 sexto
3299 3042 3564 3098 Kalendas
3610 3044 3815 3116 Janua-

554 3141 710 3198 Jesus
760 3115 1043 3206 Christus,
1096 3140 1187 3209 qui
1231 3155 1352 3194 cum
1391 3139 1581 3195 eodem
1622 3139 1782 3195 Patre
1828 3150 1885 3196 et
1934 3141 2134 3212 Spiritu
2161 3129 2208 3192 C
2237 3137 2325 3204 rii,
2355 3151 2459 3190 tera
2487 3151 2634 3191 item.
2679 3136 2902 3188 Sanccia
2935 3115 3130 3205 Regina
3178 3132 3288 3188 Deo
3319 3133 3557 3188 dedicata
3599 3115 3813 3206 peregit.

555 3242 746 3291 sancto
790 3249 927 3289 unus
957 3232 1100 3288 Deus
1131 3233 1282 3300 vivit,
1321 3238 1378 3286 et
1415 3241 1606 3301 regnat
1633 3248 1732 3303 per
1771 3249 2040 3304 nunquam
2075 3235 2139 3288 ﬁ-

554 3321 748 3378 nienda
775 3322 989 3377 secula.
1013 3323 1204 3376 Amen.
1233 3340 1251 3373 ι

623 3416 677 3470 3.
721 3413 982 3469 Nonnulla
1010 3413 1175 3468 verba
1225 3412 1290 3466 ad
1330 3421 1531 3468 rectam
1563 3414 1828 3469 scribendi
1874 3417 2137 3472 rationem

555 3504 824 3569 revocavi,
859 3509 916 3558 ut
955 3500 1131 3556 urbem
1169 3511 1412 3572 ceperunt
1439 3517 1538 3572 pro
1568 3512 1822 3573 coeperunt
1844 3547 1860 3573 ,
1911 3507 2137 3561 interne-

553 3595 752 3651 cionem
783 3610 881 3666 pro
908 3595 1325 3658 internicionem,
1357 3593 1497 3648 idem
1536 3609 1635 3663 pro
1674 3596 1889 3664 hisdem,
1921 3606 2026 3653 ctc.
2059 3599 2138 3654 Si-

553 3689 698 3745 milia
727 3688 782 3742 in
815 3687 1078 3757 sequioris
1105 3685 1205 3742 aevi
1235 3687 1597 3740 monumentis
1620 3687 1816 3756 passim
1858 3692 2136 3760 reperiun-

549 3786 658 3842 tur,
686 3776 797 3832 sive
813 3777 1151 3831 librariorum
1171 3775 1325 3843 vitio,
1354 3775 1468 3831 sive
1488 3783 1766 3830 auctorum
1786 3778 1946 3833 etiam
1969 3778 2136 3835 abusu

554 3868 787 3921 invecta.
819 3863 924 3919 Pro
963 3865 1213 3937 religione
1241 3865 1399 3920 dediti
1450 3867 1721 3931 substitui,
1763 3866 1889 3921 lect.
1937 3864 1990 3932 2,
2020 3867 2137 3920 reli-

556 3960 700 4031 gioni
729 3958 892 4013 dediti
918 3974 937 4012 :
969 3974 1092 4012 nam
1123 3960 1140 4013 i
1170 3958 1222 4014 in
1250 3976 1279 4013 e
1306 3959 1467 4015 facile
1499 3960 1552 4015 in
1582 3975 1710 4014 tnss.
1753 3967 2129 4015 commutatur.

557 4055 808 4112 Mendum
830 4063 984 4125 puto,
1014 4053 1176 4124 quod,
1209 4053 1334 4109 lect.
1361 4054 1415 4119 '5,
1440 4053 1716 4108 Florezius
1738 4051 1904 4106 edidit
1937 4067 1970 4103 a
2008 4050 2136 4105 socii

551 4161 650 4216 pro
677 4163 708 4200 ο
736 4145 882 4200 socii.
933 4143 1216 4198 Prmstaret
1244 4144 1404 4197 etiam
1445 4143 1625 4210 legere
1656 4142 1842 4208 talique
1876 4157 1988 4194 eum
2018 4157 2134 4194 race

551 4253 648 4308 pro
679 4238 871 4307 talique
889 4252 1001 4290 cum
1024 4251 1161 4290 voce.
1193 4233 1307 4290 Non
1339 4250 1466 4289 casu
1495 4237 1707 4290 videtur
1729 4235 2129 4304 factum,quod,

547 4327 673 4382 lect.
697 4324 750 4390 6,
767 4325 871 4379 duo
891 4324 995 4396 45
1017 4339 1204 4378 versus
1225 4325 1521 4378 hexametri
1543 4323 1698 4378 simul
1716 4323 2128 4393 conjttnguntm:

549 4417 674 4489 Ipse
702 4423 871 4471 tamen
901 4418 1058 4485 nosti,
1085 4425 1170 4470 tua
1196 4417 1436 4488 qualiter,
1453 4425 1500 4468 et
1530 4433 1643 4470 mea
1673 4433 1752 4470 res
1778 4426 1958 4470 est.—-—
1983 4415 2131 4470 Unde

2241 3225 2443 3282 Eodem
2491 3226 2677 3281 referri
2713 3234 2890 3296 potest
2937 3225 3258 3280 Ferdinandi
3296 3225 3438 3294 regis
3465 3225 3817 3295 epitaphium,

2240 3318 2348 3389 46
2369 3317 2672 3387 hujusmodi
2702 3316 2891 3370 litteris
2919 3316 3166 3371 similiter
3195 3313 3435 3371 Gothicis
3464 3316 3660 3371 tumbas
3699 3315 3822 3384 ejus

2240 3408 2584 3477 insculptum,
2621 3423 2651 3461 a
2691 3405 3014 3462 Saniovalio
3067 3416 3461 3477 consequenter
3510 3406 3574 3459 ad
3605 3406 3824 3475 priores

2239 3501 2610 3572 inscriptiones
2639 3502 2715 3556 sic
2741 3502 2969 3555 relatum
3022 3518 3036 3554 :
3073 3485 3175 3555 llic
3199 3509 3275 3555 est
3303 3501 3577 3555 tumulatus
3619 3499 3819 3554 Ferdi-

2237 3597 2440 3646 nandus
2484 3591 2727 3663 Magnus,
2778 3607 2868 3645 rex
2905 3592 3059 3646 totius
3104 3589 3396 3661 Hispania,
3443 3590 3584 3660 [ilius
3610 3589 3825 3644 Sanctii

2237 3685 2372 3755 regis
2425 3683 2801 3755 Pyrimcorum,
2832 3692 2879 3736 et
2913 3683 3127 3736 Tolosae.
3181 3681 3289 3734 Iste
3309 3681 3573 3733 transtulit
3593 3695 3829 3747 corpora

2237 3786 2528 3830 sanctorum
2581 3776 2634 3828 in
2661 3773 2918 3843 Legione,
2975 3771 3036 3826 Β.
3094 3769 3290 3824 Isidori
3327 3770 3701 3838 archiepiswpi
3753 3769 3827 3820 ab

2237 3864 2464 3936 Hispali,
2508 3864 2758 3918 Vincentii
2777 3862 3020 3932 martyris
3049 3860 3110 3912 ab
3139 3858 3305 3922 Avila,
3328 3867 3377 3912 et
3397 3859 3515 3929 fecit
3542 3859 3830 3914 ecclesiam

2233 3956 2367 4012 hanc
2395 3955 2669 4023 lapideam,
2699 3968 2813 4023 qua:
2834 3952 2954 4005 olim
2985 3951 3149 4019 fuerat
3175 3949 3331 4002 lutea.
3381 3946 3484 4002 Hic
3520 3947 3828 4017 prceliando

2235 4049 2354 4118 fecit
2379 4044 2478 4100 sibi
2515 4043 2805 4098 tributarios
2827 4057 3001 4096 omnes
3028 4039 3320 4094 Saracenos
3348 4036 3644 4106 Hispaniw,
3681 4039 3830 4106 cepit

2234 4138 2583 4201 Colimbriam,
2641 4133 2850 4201 Lameo,
2905 4132 3087 4196 Vasco,
3139 4142 3188 4186 et
3240 4131 3394 4184 alias.
3440 4128 3547 4183 Iste
3589 4131 3639 4182 ei
3685 4128 3837 4197 cepit

2232 4246 2393 4300 regna
2421 4226 2641 4290 Carciaz,
2681 4234 2730 4280 et
2762 4223 3058 4279 Veremudi.
3118 4218 3258 4276 Obiit
3307 4237 3359 4276 vt
3398 4219 3676 4274 Kalendas
3721 4217 3834 4271 Ja-

2233 4320 2422 4384 nuar.i,
2445 4334 2550 4372 arra
2579 4332 2726 4371 ucm.

2303 4409 2356 4464 6.
2404 4428 2422 4460 ι
2458 4408 2539 4462 Ad
2565 4408 2690 4462 lect.
2721 4405 2773 4459 8.
2805 4403 3000 4459 Christi
3020 4404 3309 4468 millesimo,
3338 4411 3444 4457 etc.
3477 4400 3668 4456 Annos
3694 4413 3841 4454 suos

545 4511 646 4564 mei
680 4525 954 4563 memorem
994 4518 1039 4561 te
1068 4523 1267 4576 semper
1315 4508 1562 4576 deprecor
1595 4525 1723 4561 esse.
1779 4506 1856 4561 Ac
1905 4506 2129 4560 fortasse
2161 4492 2211 4553 1)
2235 4499 2452 4570 Hispani
2482 4501 2529 4552 in
2564 4497 2786 4566 publicis
2828 4496 3154 4567 privatisque
3195 4494 3328 4548 actis
3353 4492 3542 4546 usitata
3573 4490 3680 4544 sibi
3711 4505 3837 4543 tera

549 4613 739 4656 auctor
763 4601 926 4656 alium
956 4600 1281 4671 praemittere
1309 4601 1480 4655 voluit
1527 4601 1608 4653 his
1629 4599 1805 4654 verbis
1829 4616 1841 4650 :
1884 4597 2017 4652 Ecce
2045 4614 2126 4650 re-

547 4695 686 4747 cedis
739 4693 944 4759 abhinc,
978 4691 1200 4758 lsidore,
1245 4694 1320 4746 uir
1365 4692 1651 4746 uenerande
1677 4707 1694 4744 :
1721 4692 1880 4745 verba
1921 4690 2080 4744 ctiam
2108 4725 2123 4752 ,

554 4798 622 4852 qu
642 4803 670 4835 υ
697 4783 1022 4853 praecedunt,
1053 4781 1262 4852 disjecti
1291 4782 1529 4838 membra
1553 4789 1726 4852 poeta:
1749 4782 2017 4837 videntur.

622 4875 674 4929 5.
719 4875 775 4930 in
826 4875 1096 4929 Atldetidis
1151 4874 1215 4929 ad
1247 4875 1392 4930 diem
1441 4873 1470 4927 4
1524 4875 1719 4945 Aprilis
1768 4872 2123 4939 Bollandiani,

548 4980 667 5036 pag.
699 4965 820 5028 901,
847 4965 961 5020 hmc
987 4964 1174 5019 eadem
1205 4964 1359 5028 Acta,
1401 4978 1521 5033 qua:
1575 4963 1805 5031 genuina
1839 4977 2014 5032 neque
2043 4963 2127 5015 in-

548 5058 810 5125 terpolata
839 5057 1045 5125 dicunt,
1096 5055 1384 5112 ediderunt
1408 5073 1473 5110 ea:
1501 5055 1604 5110 Ms.
1636 5054 1703 5108 D.
1733 5054 1954 5108 Joannis
1977 5053 2131 5108 Lucae

544 5149 720 5205 Cortes
752 5147 988 5218 Ilispal.,
1053 5148 1146 5202 sed
1205 5148 1417 5202 omissis
1472 5147 1655 5216 primis
1703 5146 1901 5213 verbis,
1959 5144 2128 5215 Hujus

546 5239 747 5294 beatum
794 5255 995 5309 corpus,
1054 5247 1184 5302 ete.,
1230 5246 1285 5292 et
1341 5237 1493 5291 initio
1549 5237 1729 5303 ducto,
1779 5236 1927 5290 Anno
1972 5237 2130 5306 igitur

541 5327 918 5400 septuagesimo
947 5328 1142 5397 quinto.
1196 5326 1446 5382 Codicem
1496 5342 1594 5380 tns.
1637 5327 1819 5380 dicunt
1848 5327 2124 5394 antiquum

543 5433 809 5472 annorum
831 5416 1110 5487 plusquam
1139 5416 1572 5486 quingentorum,
1605 5426 1697 5471 aut
1725 5427 2125 5485 sescentorum,

541 5506 734 5560 litteris
756 5503 868 5576 jam
891 5521 1029 5576 pene
1055 5506 1399 5574 fugientibus,
1438 5506 1540 5561 hoc
1569 5507 1726 5561 titulo
1755 5525 1768 5559 :
1800 5507 1924 5560 Acta
1955 5515 2126 5561 trans-

543 5593 752 5648 lationis
780 5596 1008 5664 corporis
1039 5595 1173 5651 beati
1204 5593 1399 5652 Isidori
1427 5596 1694 5668 Spalensis
1724 5597 1968 5670 episcopi.
2017 5596 2124 5654 Eo-

546 5697 666 5736 rum
693 5692 835 5741 notae
879 5687 962 5741 lim
989 5696 1146 5744 sunt:

2235 4590 2641 4645 numerabant:
2693 4587 2784 4657 qui
2865 4601 2982 4642 mos
3034 4585 3119 4638 vix
3179 4584 3391 4637 demum
3456 4595 3600 4634 anno
3679 4579 3840 4633 1585

2235 4694 2264 4733 a
2293 4677 2499 4733 Joanne
2527 4678 2544 4731 l
2568 4677 2814 4732 Castella:
2842 4691 2967 4745 rege
3013 4673 3257 4729 sublatus
3286 4679 3390 4738 est,
3421 4678 3559 4726 teste
3585 4669 3835 4724 Loaisa.

2234 4771 2514 4837 Quomodo
2535 4783 2662 4839 ergo
2691 4771 2778 4824 hic
2815 4775 3163 4822 numerantur
3184 4765 3310 4819 anni
3339 4765 3406 4819 ab
3435 4762 3846 4818 incarnatione

2235 4863 2480 4918 Domini?
2510 4860 2644 4915 Hinc
2670 4859 2964 4926 colligimus
2994 4865 3268 4912 auctorem
3298 4871 3404 4910 non
3423 4854 3588 4910 fuisse
3617 4852 3847 4922 Hispa-

2233 4969 2382 5022 num,
2426 4953 2520 5008 sed
2569 4951 2945 5006 verosimiliter
2989 4947 3197 5002 Gallum
3249 4962 3317 5000 ex
3363 4944 3850 5000 Cluniacensibus

2232 5047 2592 5100 monachum:
2656 5045 2740 5099 his
2772 5044 2914 5097 enim
2940 5043 3080 5096 inter
3123 5041 3227 5093 alia
3270 5036 3682 5091 reformationis
3731 5051 3850 5104 per

2229 5139 2375 5209 ipsos
2400 5137 2624 5192 inductae
2654 5145 2850 5205 puncta
2893 5134 3052 5186 etiam
3100 5144 3240 5186 cura!
3271 5129 3429 5181 fuisse
3457 5125 3718 5191 videtur,
3779 5135 3850 5178 ut

2232 5231 2449 5286 modum
2478 5227 2931 5282 numerandorum
2960 5236 3222 5277 annorum
3261 5217 3481 5283 Christi,
3518 5216 3637 5284 jam
3667 5215 3850 5272 .alihi

2231 5321 2428 5390 passim
2460 5326 2790 5385 usurpatum,
2839 5317 3000 5369 etiam
3052 5310 3195 5380 apud
3227 5308 3492 5378 lliSpauos
3521 5318 3849 5360 commen-

2227 5412 2420 5466 darent
2447 5417 2502 5464 et
2530 5414 2906 5478 propagarent.
2938 5422 2956 5456 ι
3207 5457 3214 5465 ,

2300 5502 2352 5555 7.
2375 5500 2724 5570 Suspicantur
2753 5493 3105 5558 Boflandiani,
3139 5500 3412 5545 auctorem
3442 5485 3608 5555 hujus
3641 5492 3854 5539 trans-

2225 5595 2442 5650 lationis
2470 5593 2630 5648 fuisse
2658 5589 3000 5645 llebrclmum
3021 5585 3339 5640 monarhum
3375 5580 3856 5640 Cluniacensem,

2227 5687 2315 5756 qui
2366 5683 2555 5740 eodem
2607 5692 2847 5752 tempore
2899 5677 3231 5733 consimilem
3286 5671 3714 5727 translationem
3786 5667 3857 5721 S.
