4012 6196
264 332 331 385 ικ
1315 316 1723 375 ISIDOIIIANA.
1769 342 1835 353 —
1878 312 2051 366 PARS
2091 312 2126 364 I.
2172 311 2321 368 CAP.
2366 310 2497 364 VIII.
3457 311 3524 364 46

269 439 503 499 ludaletii
529 454 560 493 e
592 450 758 506 regno
805 432 1121 489 Granatensi
1162 432 1213 485 in
1243 430 1569 498 Aragoniam
1598 424 1836 482 conscri-
1870 429 1912 479 Α
1946 425 2086 492 regis
2115 424 2439 494 llispalvnsis
2468 423 2880 492 Saracenorum,
2938 442 3058 482 cum
3098 443 3294 498 corpus
3339 426 3525 485 Isidori

261 536 387 608 psit,
436 532 635 589 editam
693 529 835 582 inter
872 526 1005 579 Acta
1058 522 1407 579 Bollandiana
1462 521 1529 575 ad
1579 520 1721 574 diem
1770 515 1841 571 '50

265 625 480 698 Aprilis.
540 622 618 677 De
644 634 752 690 quo
781 618 940 690 paulo
960 625 1085 688 post
1109 617 1300 672 dicam.
1332 613 1510 669 Mirari
1545 622 1721 667 tamen
1752 624 1843 664 su-

267 719 368 783 bit,
422 728 530 785 quo
560 717 723 782 pacto
778 709 831 762 in
863 715 971 760 tam
1001 706 1233 774 antiquis
1288 701 1678 765 monumentis,
1728 711 1845 769 qum

267 808 485 880 quidem
540 802 717 873 palam
774 799 826 853 in
889 796 1128 853 Ecclesia
1200 795 1561 850 recitabantur
1592 830 1607 855 ,
1675 802 1846 843 annus

268 894 653 954 incarnationis
700 888 983 945 dominicae
1012 901 1110 956 pro
1143 899 1249 939 tera
1279 883 1565 953 Hispanica
1609 880 1847 934 introsus

269 990 449 1044 fuerit.

341 1079 393 1130 8.
451 1071 753 1137 Florezius,
775 1068 866 1139 qui
894 1069 1008 1122 hzec
1037 1066 1221 1121 eadem
1248 1062 1379 1119 Acta
1414 1073 1543 1117 tom.
1585 1060 1659 1115 IX
1695 1060 1843 1129 Ilisp.

268 1169 423 1224 Sacr.
456 1164 700 1235 protulit,
723 1171 853 1215 tom.
882 1157 1096 1225 XXVII,
1122 1173 1176 1227 p.
1203 1155 1325 1217 I55,
1351 1155 1416 1227 de
1439 1153 1848 1208 historiatrans-

270 1256 487 1313 lationis
508 1252 563 1308 S.
594 1250 783 1305 Isidori
811 1248 940 1318 agit,
987 1261 1146 1316 quam
1178 1242 1330 1299 Lucae
1379 1241 1610 1297 Tudensi
1640 1240 1846 1309 adjudi-

271 1349 497 1405 candam
526 1350 731 1405 censet,
759 1348 1090 1410 repugnante
1116 1336 1277 1391 Risco
1298 1335 1693 1396 continuatore,
1712 1341 1843 1387 tom.

268 1438 507 1503 XXXIV,
542 1448 663 1507 pag.
689 1432 809 1498 198,
835 1431 958 1501 quia
981 1444 1043 1484 ea
1063 1428 1281 1484 historia
1310 1426 1446 1480 libro
1468 1423 1846 1478 miraculorum

270 1533 328 1588 S.
352 1528 565 1592 Isidori,
597 1542 625 1580 a
657 1524 801 1578 Luca
826 1519 1061 1575 Tudensi
1086 1527 1233 1574 certe
1270 1515 1595 1582 conscripto,
1626 1521 1844 1569 contra-

270 1624 347 1677 ria
400 1620 453 1673 in
484 1614 755 1671 nonnullis
781 1620 864 1667 est
896 1629 909 1663 :
958 1611 1199 1678 adeoque
1254 1605 1521 1676 posterior
1568 1603 1710 1657 Luca
1739 1601 1847 1657 Tu-

270 1711 443 1774 densi,
498 1721 673 1775 neque
710 1706 778 1758 ita
807 1702 909 1756 fide
939 1701 1097 1769 digna
1126 1699 1226 1767 ipsi
1256 1698 1483 1752 videtur.
1510 1694 1846 1763 Distinguere

1949 515 2164 568 tradidit
2192 534 2202 567 :
2239 514 2369 569 Ila'c
2395 518 2459 569 ab
2488 516 2594 571 illis
2619 518 2703 587 qui
2727 517 2934 572 audiere
2955 535 3035 573 me
3053 524 3224 577 recolo
3250 522 3526 579 audiuisse.

1947 604 2148 659 Auctor
2172 620 2300 674 ergo
2329 607 2662 677 synclirnnus
2690 608 2991 664 censendus
3010 618 3111 665 est.
3157 611 3262 667 Sed
3288 612 3434 668 itane
3464 630 3526 668 ea

1948 697 2078 751 Acta
2101 698 2308 752 sincera
2336 700 2780 766 existimabimus,
2810 710 2869 755 ut
2910 702 3040 757 nihil
3064 707 3285 759 omnino
3311 707 3524 764 aliunde

1948 787 2210 842 intrusum
2243 788 2436 844 fuerit?
2482 788 2641 845 Crrte
2670 807 2789 845 cum
2820 793 2886 846 ad
2929 808 3083 848 usum
3116 795 3430 866 lectionum,
3471 808 3529 855 ut

1948 876 2074 943 dixi,
2107 880 2514 935 accommodata
2536 882 2750 949 fuerint,
2785 900 2892 938 non
2924 886 3114 940 mirum
3150 889 3315 943 videri
3342 890 3523 957 debet,

1948 971 1989 1024 si
2017 971 2194 1039 aliqua
2222 978 2314 1025 aut
2335 972 2603 1041 prteterita
2639 972 2851 1036 fuerint,
2883 983 2974 1027 aut
3004 976 3232 1044 adjeCta.
3286 978 3352 1033 Et
3398 979 3522 1035 Bol-

1950 1062 2183 1116 landiani
2227 1063 2442 1133 quidem
2477 1064 2716 1117 nonnihil
2764 1066 3092 1135 praeteritum
3136 1068 3399 1124 innuunt:
3433 1071 3524 1127 sed

1950 1152 2017 1206 ab
2047 1153 2474 1221 interpolationis
2529 1152 2793 1209 fermento
2858 1171 2987 1225 pura
3043 1156 3174 1212 Acta
3229 1159 3521 1219 declarant.

1948 1241 2280 1296 Crediderim
2321 1252 2520 1310 tamen,
2553 1245 2836 1313 posteriori
2862 1254 3021 1302 aetate
3047 1247 3279 1315 adjecta,
3312 1265 3432 1319 que
3460 1250 3525 1306 de

1950 1333 2241 1398 miraculis,
2277 1333 2509 1388 lectione
2547 1334 2599 1401 8,
2634 1337 2904 1404 dicuntur,
2933 1337 3135 1392 silentio
3166 1340 3376 1393 obtectis
3404 1358 3524 1409 paro

1950 1425 2042 1477 tim
2088 1425 2361 1494 imperitia,
2394 1426 2582 1494 partim
2625 1427 2955 1498 negligentia.
3014 1427 3124 1501 48
3178 1428 3245 1483 Et
3284 1446 3402 1499 qua:
3447 1447 3523 1486 se-

1950 1523 2184 1583 quuntur
2218 1532 2230 1566 :
2266 1512 2416 1577 Quod
2443 1517 2488 1569 si
2514 1518 2724 1570 indubia
2752 1520 2878 1584 ﬁdes
2898 1529 3155 1589 petentum
3182 1522 3357 1594 exigat
3380 1564 3395 1587 ,
3428 1540 3528 1578 non

1954 1604 2226 1657 dissimilia
2245 1604 2493 1658 Dominus
2523 1616 2697 1660 noster
2724 1606 2874 1662 Jesus
2904 1608 3134 1665 Christus
3159 1628 3252 1681 per
3280 1616 3539 1683 confesso-

1950 1710 2058 1748 rem
2083 1710 2229 1746 suum
2258 1710 2414 1764 usque
2440 1695 2590 1748 laodie
2618 1696 2861 1767 dignatur
2888 1702 3110 1768 operari.

270 1810 449 1856 autem
506 1804 721 1868 oportet
766 1794 1047 1850 historiam
1110 1789 1507 1855 translationis,
1558 1788 1671 1843 sive
1714 1787 1845 1841 Acta
1876 1786 1926 1848 Β
2022 1783 2106 1837 12.
2164 1783 2295 1855 Nam
2326 1794 2684 1855 praeterquam
2710 1788 2853 1857 quod
2902 1791 3165 1859 sequioris
3200 1791 3296 1847 aevi
3327 1808 3389 1848 ea
3441 1793 3529 1848 fuit

269 1890 542 1952 uberiora,
598 1900 719 1955 quae
766 1881 1099 1938 Bollandiani
1125 1880 1192 1935 ad
1222 1878 1363 1935 diem
1386 1878 1420 1931 4
1445 1878 1641 1949 Aprilis
1671 1877 1851 1933 edide-

269 1987 412 2046 runt,
460 1978 529 2031 ab
578 1974 726 2030 Actis
773 1970 1110 2028 brevioribus
1152 1970 1432 2039 magisque
1480 1969 1706 2024 sinceris
1732 1983 1851 2037 qua:

276 2070 434 2124 iidem
468 2064 805 2121 Bollandiani
834 2062 888 2117 in
913 2059 1209 2132 appendiee
1230 2061 1296 2114 ad
1318 2060 1459 2115 diem
1485 2059 1519 2112 4
1545 2060 1761 2129 Aprilis,
1799 2067 1855 2113 et

271 2158 464 2214 deinde
500 2156 776 2211 Florezius
825 2163 955 2208 tom.
988 2152 1081 2220 IX,
1112 2151 1344 2222 append.
1392 2150 1447 2218 7,
1493 2150 1851 2218 divulgarunt.

269 2251 546 2307 Florezius
595 2263 628 2304 e
680 2263 782 2303 ms.
839 2245 1039 2301 Codice
1066 2242 1314 2310 Gothico,
1374 2241 1427 2297 in
1466 2257 1574 2313 quo
1617 2241 1854 2297 narratio

266 2357 483 2414 quoque
508 2339 789 2409 Redempti
811 2338 878 2394 de
908 2336 1056 2393 obitu
1100 2334 1309 2401 Isidori,
1357 2333 1573 2389 diverso
1602 2332 1851 2402 quamvis

266 2435 603 2496 charactere,
647 2438 795 2495 erat,
853 2428 985 2484 Acta
1036 2426 1141 2497 [.7
1189 2423 1462 2491 correxit,
1523 2430 1579 2477 et
1624 2420 1853 2492 prologo

265 2522 417 2579 brevi
447 2522 617 2587 auxit,
643 2534 803 2590 quem
832 2518 883 2573 in
904 2532 1003 2573 suo
1028 2513 1327 2585 exemplari
1381 2511 1679 2570 desiderari
1727 2508 1855 2564 Bol-

267 2612 505 2668 landiani
536 2611 900 2666 adverterant.

340 2702 397 2759 9.
440 2701 564 2757 litec
587 2714 801 2770 quoque
840 2696 975 2753 Acta
1016 2696 1067 2752 in
1096 2696 1330 2752 editione
1378 2709 1517 2750 nova
1546 2691 1847 2748 Matritensi

267 2805 404 2853 tom.
434 2791 479 2847 Il
499 2792 641 2847 inter
675 2789 1021 2860 appendices,
1070 2803 1124 2858 p.
1150 2787 1239 2851 61,
1297 2802 1365 2842 ex
1415 2785 1521 2840 alio
1559 2783 1854 2854 exemplari

267 2902 372 2942 ms.
405 2886 603 2939 inserta
624 2890 769 2948 sunt,
813 2882 865 2935 in
892 2895 1083 2935 novem
1138 2880 1394 2935 lectiones
1424 2895 1521 2949 pro
1563 2893 1661 2934 usu
1691 2876 1852 2933 oflicii

266 2976 619 3034 ecclesiastici
648 2973 951 3029 distributa.
976 2971 1080 3026 Sed
1107 2972 1351 3041 quamvis
1373 2970 1729 3025 editorinima
1752 2984 1852 3038 pa-

267 3068 394 3137 gina
445 3072 661 3121 moneat
712 3079 807 3119 cas
854 3063 1116 3118 lectiones
1165 3062 1234 3116 ad
1274 3061 1499 3115 litteram
1544 3059 1851 3129 desumptas

1954 1877 2307 1944 consuetudo,
2336 1884 2393 1931 ut
2420 1878 2649 1946 genuina
2680 1889 3023 1935 monumenta
3062 1882 3530 1953 interpolarentur.

1955 1966 2007 2020 in
2040 1966 2230 2021 olliciis
2259 1967 2641 2022 ecclesiasticis
2686 1971 2815 2025 satis
2846 1969 3152 2039 frequentes
3199 1984 3353 2029 erant
3396 1976 3530 2043 ejus-

1956 2055 2100 2109 modi
2125 2057 2469 2122 mutationes,
2510 2059 2801 2127 pmsertim
2845 2075 2967 2113 cum
3026 2062 3202 2115 nullus
3235 2072 3414 2117 certus
3441 2080 3529 2118 au-

1955 2153 2075 2199 ctor
2128 2145 2419 2200 lectionum
2469 2146 2817 2202 indicaretur.
2870 2147 3055 2219 Neque
3106 2152 3212 2205 alia
3255 2152 3324 2207 de
3378 2168 3532 2208 causa

1957 2237 2217 2294 lectiones
2245 2240 2497 2295 editionis
2528 2257 2682 2297 nova:
2708 2242 3036 2301 Matritensis
3069 2263 3096 2300 a
3127 2247 3354 2304 Florezii
3392 2250 3535 2306 Actis

1958 2328 2010 2383 in
2043 2329 2244 2393 multis,
2294 2337 2353 2384 ut
2388 2331 2501 2398 jam
2539 2333 2747 2398 monui,
2797 2334 3121 2405 discrepant.
3152 2336 3402 2394 Mendum
3433 2342 3536 2395 lor-

1960 2426 2105 2474 tasse
2135 2419 2187 2474 in
2214 2419 2319 2474 illis
2346 2428 2455 2489 est,
2486 2421 2629 2491 quod
2646 2436 2818 2477 annus
2840 2428 3261 2483 consecrationis
3274 2431 3536 2495 ecclesirc,

1955 2508 2081 2566 lect.
2114 2510 2167 2574 9,
2199 2510 2509 2580 designatur
2538 2511 2695 2579 1081,
2720 2511 2838 2567 Kal.
2863 2514 3122 2571 Januarii.
3151 2518 3284 2574 Acta
3310 2518 3539 2575 Florczii

1957 2607 2014 2655 et
2065 2600 2538 2658 Bollandianorum
2582 2604 2947 2660 translationis
3007 2614 3062 2661 et
3118 2610 3541 2666 consecrationis

1958 2708 2155 2748 annum
2184 2694 2492 2761 exprimunt
2533 2694 2691 2763 1063,
2750 2696 3041 2753 indictione
3090 2715 3127 2767 ι,
3177 2712 3536 2757 concurrente

1956 2800 2031 2851 ut,
2065 2801 2098 2840 x
2138 2784 2255 2839 Kal.
2287 2785 2505 2841 Januar.
2540 2786 2677 2843 llinc
2730 2786 3041 2857 Florezius,
3089 2802 3143 2846 et
3201 2792 3535 2848 Bollandiani

1957 2886 2186 2947 arguunt
2233 2888 2507 2933 auctorem
2560 2878 2817 2936 Actorum
2865 2878 3028 2936 fuisse
3070 2883 3392 2937 monachum
3448 2884 3539 2938 ali-

1955 2983 2115 3037 quem
2161 2968 2593 3034 Cluniacensem,
2644 2970 2789 3040 quod
2820 2987 2982 3027 teram
3037 2989 3143 3028 non
3190 2977 3534 3045 expresserit.

1956 3060 2209 3117 Fortasse
2263 3062 2313 3117 id
2344 3063 2506 3118 etiam
2553 3064 2620 3117 ad
2678 3064 3123 3135 interpolationes
3174 3067 3425 3135 pertinet.
3482 3066 3541 3122 In

269 3174 393 3214 esse
422 3173 488 3213 ex
529 3156 675 3213 Actis
705 3154 1071 3210 translationis
1097 3153 1154 3209 8.
1181 3152 1369 3209 Isidori
1406 3167 1437 3207 a
1467 3150 1710 3207 Florezio
1739 3151 1851 3207 edi-
1876 3144 1926 3212 Β
1957 3153 2054 3209 Ms.
2085 3152 2314 3209 Gothico
2343 3154 2685 3211 bibliothecae
2732 3156 2895 3225 regie
2941 3155 3264 3213 Matritensis
3311 3160 3540 3227 niarg'rni

272 3253 361 3316 tis,
393 3259 571 3306 tamen
596 3265 700 3304 non
732 3249 868 3303 levis
898 3256 981 3304 est
1011 3247 1194 3301 multis
1222 3246 1277 3301 in
1308 3246 1441 3300 locis
1477 3246 1619 3300 inter
1647 3253 1845 3299 utrum-

271 3360 377 3417 que
403 3343 678 3412 exemplar
704 3341 955 3407 varietas,
1009 3347 1070 3394 ut
1121 3338 1483 3395 necessarium
1514 3352 1730 3408 quoque
1773 3337 1846 3392 sit

271 3451 335 3491 ea
368 3435 456 3489 hic
485 3439 893 3502 repraesentare.

342 3524 431 3578 I0.
472 3524 582 3578 Sed
635 3522 779 3591 prius
822 3519 1215 3575 observandum
1265 3529 1379 3589 est,
1438 3520 1491 3575 in
1547 3518 1844 3589 exemplari

266 3616 437 3670 etiam
485 3611 709 3666 Florezii
752 3611 959 3666 initium
1006 3610 1263 3665 Actorum
1318 3610 1563 3664 mutilum
1612 3610 1780 3664 videri
1830 3625 1845 3663 :

267 3701 447 3773 Hujus
474 3698 677 3754 beatum
698 3716 905 3769 corpus,
958 3706 1063 3754 etc.
1122 3697 1233 3754 Etsi
1280 3699 1422 3753 enim
1466 3698 1708 3754 narratio
1738 3696 1847 3752 Re-

265 3789 472 3859 dempti
498 3788 773 3858 prrecedit,
807 3797 987 3843 tamen
1015 3786 1151 3842 Acta
1181 3787 1288 3842 alio
1316 3786 1630 3843 charactere
1652 3787 1849 3856 scripta

263 3891 410 3949 sunt,
436 3890 496 3937 et
522 3880 761 3935 auctoris
790 3880 946 3949 longe
963 3879 1277 3949 posterioris
1302 3893 1421 3933 esse
1441 3878 1656 3933 debent.
1687 3877 1851 3948 Equi-

264 3976 389 4029 dem
444 3986 642 4027 censeo
688 3970 822 4024 Acta
873 3972 1006 4040 ipsa,
1033 3985 1151 4039 quze
1181 3968 1452 4023 Florczius
1491 3967 1727 4029 exhibet,
1783 3982 1849 4021 ex

268 4061 595 4117 lectionibus
644 4058 810 4114 officii
858 4058 1205 4114 ecclesiastici
1272 4058 1324 4111 in
1365 4057 1451 4111 die
1484 4057 1851 4111 translationis

262 4165 385 4207 esse
409 4152 731 4219 desumpta:
787 4163 957 4220 quare
1005 4164 1127 4204 cum
1169 4148 1278 4216 jam
1341 4148 1393 4202 in
1441 4148 1620 4202 oflicio
1650 4149 1852 4203 mentio

264 4239 457 4295 Isidori
516 4240 875 4309 praecesserit,
917 4255 1023 4293 non
1062 4239 1292 4293 absurde
1322 4238 1529 4292 initium
1562 4238 1852 4293 lectionum

263 4332 518 4392 sumitur,
550 4332 665 4384 sive
707 4345 829 4383 cum
886 4329 1128 4383 Florezio
1157 4347 1170 4382 :
1218 4328 1393 4399 Hujus
1421 4328 1623 4383 beatum
1644 4344 1849 4399 corpus,

260 4427 377 4483 sive
406 4441 528 4480 cum
567 4425 949 4488 Bollandianis,
1001 4432 1055 4478 et
1076 4425 1313 4479 editione
1341 4440 1477 4479 nova
1506 4424 1801 4479 Matritensi
1835 4444 1848 4479 :

1950 3245 2179 3311 ascripta
2210 3253 2325 3299 erat
2354 3260 2461 3299 tera
2486 3261 2595 3311 uer,
2644 3246 2735 3316 qui
2776 3256 2858 3301 est
2898 3263 3072 3304 annus
3102 3247 3258 3302 1063.
3291 3248 3346 3303 ln
3370 3251 3538 3303 veteri

1951 3335 2323 3403 inscriptione,
2356 3350 2516 3404 quam
2546 3352 2665 3406 cap.
2695 3335 2763 3392 28
2794 3338 3038 3407 alleram,
3068 3339 3181 3395 haec
3210 3340 3395 3394 eadem
3429 3356 3536 3395 mra

1951 3432 2187 3489 notatur,
2251 3434 2306 3479 et
2336 3424 2451 3480 dies
2482 3425 2550 3480 12
2578 3425 2695 3482 Kal.
2724 3425 3000 3493 Januarii;
3045 3444 3203 3499 quem
3233 3429 3371 3483 diem
3403 3444 3538 3499 pre-

1951 3511 2227 3568 ferendum
2256 3513 2529 3570 Florezius
2558 3520 2772 3586 probat,
2828 3519 2953 3586 quia
2991 3519 3041 3572 in
3067 3516 3318 3572 Kalenda
3338 3519 3387 3572 io
3418 3534 3541 3588 per-

1951 3611 2139 3673 petuo,
2168 3603 2315 3659 edito
2340 3603 2496 3670 1578,
2520 3608 2829 3676 designatur
2862 3608 2976 3662 dies
2997 3606 3057 3662 21
3102 3607 3408 3663 Decembris
3436 3623 3536 3677 pro

1955 3695 2138 3764 templi
2161 3693 2522 3764 dedicatione,
2546 3707 2602 3751 et
2631 3697 2877 3767 corporis
2916 3695 3107 3753 Isidori
3138 3697 3490 3753 translatione
3521 3715 3535 3764 ;

1952 3789 2194 3857 quamvis
2223 3790 2452 3844 ecclesia
2494 3789 2858 3858 Legioncnsis,
2920 3800 2977 3845 ut
3003 3790 3542 3862 olisetvat'I‘amayus

1954 3886 2006 3939 in
2031 3883 2433 3954 Martyrologio,
2462 3884 2601 3939 diem
2626 3884 2695 3937 20
2724 3885 3022 3953 elegeritad
3054 3901 3373 3939 concursum
3419 3883 3539 3939 festi

1953 3974 2011 4030 S.
2036 3974 2078 4028 Τ
2082 3976 2255 4031 homae
2276 3974 2502 4046 apostoli
2530 3975 2858 4029 evitandum.
2885 3976 3045 4029 Addit
3067 3975 3362 4043 Florezius,
3393 3991 3536 4031 anno

1956 4064 2093 4120 1065
2113 4066 2254 4121 diem
2283 4064 2347 4119 21
2398 4064 2708 4121 Decembris
2737 4066 2985 4121 incidisse
3030 4066 3081 4120 in
3134 4065 3273 4120 diem
3309 4066 3543 4121 Domini-

1954 4175 2072 4213 cam
2093 4175 2108 4226 ;
2132 4172 2237 4227 qua
2264 4158 2370 4225 die,
2395 4173 2460 4213 ex
2489 4173 2755 4213 canonum
2778 4158 3109 4227 praescripto,
3136 4157 3376 4212 ecclesia:
3405 4173 3540 4213 con-

1955 4249 2155 4303 secrari
2178 4249 2464 4303 debebant.
2487 4248 2777 4319 Propterea
2805 4248 3178 4317 corrigendum
3209 4248 3284 4302 ait
3309 4248 3362 4303 in
3393 4248 3541 4304 Actis

1957 4348 2289 4394 concurrente
2319 4339 2357 4394 rI
2385 4355 2483 4410 pro
2504 4348 2836 4395 concurrente
2860 4338 2939 4405 ul,
2966 4350 3022 4396 et
3053 4339 3202 4395 initio
3229 4348 3346 4411 post
3373 4355 3541 4396 annos

1959 4446 2233 4485 CCCCXXVII
2264 4447 2361 4501 pro
2384 4446 2695 4487 CCCCLXVIII.

263 4519 416 4570 Anno
442 4518 620 4586 igitur,
652 4524 757 4569 etc.
800 4513 1146 4569 Conformata
1177 4521 1357 4568 autem
1387 4514 1549 4568 fuisse
1580 4513 1692 4569 haec
1718 4514 1851 4568 Acta
1880 4498 1939 4563 Β
2034 4521 2119 4575 ιδ,
2162 4498 2465 4576 varietates
2508 4529 2685 4575 autem
2714 4522 3041 4591 exemplaris
3068 4520 3539 4575 Bollandianorum

262 4608 316 4660 in
366 4622 575 4660 murem
621 4606 908 4660 lectionum
962 4605 1311 4659 ecclesiastici
1343 4604 1522 4669 ofﬁcii,
1582 4606 1726 4659 clare
1754 4605 1850 4659 de-

261 4704 551 4759 monstrat,
604 4694 748 4762 quod
802 4709 1046 4757 numero,
1097 4694 1210 4749 sive
1269 4694 1499 4748 lectione
1546 4694 1576 4746 7
1610 4693 1848 4762 legitur:

262 4784 538 4853 Hodieque
576 4801 608 4837 x
659 4782 1015 4838 Kalendarum
1061 4784 1303 4837 Januarii
1350 4784 1460 4837 dies
1513 4784 1851 4838 dedicationis

259 4874 514 4936 ecclesia,
547 4884 594 4927 et
617 4874 975 4928 translationis
1004 4872 1140 4927 beati
1169 4874 1414 4928 antistitis
1439 4875 1614 4944 festive
1644 4891 1851 4930 annua-

262 4969 355 5020 tim
406 4966 695 5021 celebratur
742 4984 759 5021 :
815 4982 936 5036 quae
983 4968 1142 5021 verba
1193 4967 1388 5022 desunt
1442 4968 1496 5022 in
1556 4969 1851 5038 exemplari

260 5058 521 5112 editionis
548 5073 700 5113 nova:
723 5057 1067 5124 Matritensis,
1109 5058 1161 5112 in
1216 5073 1325 5127 quo
1374 5058 1610 5128 alioquin
1656 5074 1851 5114 novem

259 5146 528 5201 lectiones
576 5148 924 5201 nominantur
966 5154 1021 5201 et
1071 5147 1487 5215 distinguuntur,
1516 5156 1573 5201 ut
1602 5163 1726 5203 mox
1754 5163 1851 5218 pa-

262 5237 423 5290 tebit.
456 5236 787 5291 Bollandiani
826 5237 882 5291 in
928 5246 1053 5293 octo
1084 5244 1289 5291 tantum
1312 5237 1571 5292 lectiones
1610 5236 1743 5291 Acta
1768 5237 1852 5292 di-

264 5327 481 5382 vident.

338 5418 428 5471 11.
474 5417 550 5472 De
603 5426 823 5474 auctore
869 5420 1127 5473 Actorum
1161 5417 1214 5472 id
1245 5426 1451 5473 tantum
1486 5419 1654 5488 liquet
1706 5417 1852 5488 quod

264 5510 383 5576 ipse
405 5518 587 5564 narrat
616 5510 740 5565 lect.
762 5510 817 5575 5,
871 5509 926 5563 ll
935 5511 1014 5563 ira
1040 5510 1224 5581 loquar
1252 5526 1272 5565 :
1326 5510 1389 5564 ab
1419 5512 1499 5565 Itis
1547 5520 1717 5565 tamen
1766 5512 1851 5583 qui

264 5603 551 5670 interfuere
602 5602 849 5673 (Hispali,
903 5602 1032 5657 dum
1061 5612 1391 5672 quaereretur
1415 5620 1613 5673 corpus
1641 5604 1850 5677 Isidori)

260 5706 348 5747 me
377 5693 681 5747 reminiscor
706 5694 932 5749 audisse.
979 5686 1047 5748 Et
1067 5692 1191 5749 lect.
1218 5691 1271 5760 6,
1328 5703 1450 5765 post
1488 5695 1656 5750 relata
1688 5696 1851 5753 verba

1960 4625 1988 4663 a
2037 4625 2135 4664 suo
2189 4609 2287 4665 has
2339 4609 2612 4664 Florezius
2650 4610 2975 4665 observavit.
3030 4609 3178 4665 Lect.
3216 4610 3267 4677 I,
3303 4606 3542 4673 Qualiter

1960 4700 2094 4753 enim
2123 4700 2197 4752 in.
2252 4698 2403 4754 Lect.
2436 4698 2487 4760 2.
2545 4697 2725 4754 Gloria
2750 4716 2981 4771 regnum.
3002 4726 3074 4737 —
3102 4715 3260 4765 auro,
3301 4700 3538 4769 gemmis.

1956 4821 2029 4831 ——
2055 4797 2329 4856 amarunt,
2373 4807 2467 4860 pro
2494 4791 2705 4845 viribus.
2736 4823 2805 4834 -—
2833 4792 3080 4859 prosapia
3125 4794 3321 4845 exstitit
3346 4791 3443 4847 rir.
3467 4823 3542 4837 --

1958 4889 2215 4951 sceptrum
2258 4882 2422 4951 regni.
2488 4912 2558 4921 —
2600 4890 2656 4933 ut
2708 4898 2820 4935 eum
2865 4880 2937 4934 ad
2999 4880 3407 4953 urbem—neque
3436 4882 3538 4935 ali-

1956 4972 2090 5043 quis.
2121 4970 2268 5027 Lect.
2295 4970 2349 5036 '5,
2384 4970 2615 5033 Itineris,
2644 4982 2692 5025 et
2712 4970 2964 5026 laborum.
2994 5001 3065 5010 —
3104 4970 3369 5026 miseratio
3400 4988 3540 5027 rere-

1954 5062 2155 5117 laverit.
2182 5092 2247 5102 -—
2278 5064 2443 5116 oratio
2495 5063 2751 5131 praesulis.
2796 5060 2945 5116 Lect.
2969 5059 3025 5128 4,
3059 5060 3228 5115 Enixe
3255 5077 3428 5115 orare.
3466 5091 3538 5102 —

1951 5152 2088 5207 idem
2109 5154 2203 5207 vir.
2235 5184 2306 5195 —
2327 5153 2406 5206 hic
2433 5152 2678 5206 invenies.
2711 5184 2783 5194 —
2824 5152 3173 5223 subsequetur.
3234 5151 3347 5217 Quo
3374 5152 3534 5205 dicto.

1951 5276 2023 5286 ——
2073 5242 2287 5313 Oportet
2334 5243 2673 5297 dilectissimi.
2726 5241 2872 5296 Lect.
2916 5240 2971 5309 5,
3021 5241 3147 5296 Cum
3194 5259 3294 5311 quo
3320 5258 3434 5311 ego.
3466 5272 3537 5284 —

1956 5333 2010 5387 Μ
2018 5336 2097 5387 ira
2123 5334 2321 5404 loquar.
2343 5363 2415 5373 —
2441 5334 2716 5420 interfuere
2739 5333 3040 5387 reminiscor
3060 5331 3258 5385 audire.
3290 5362 3359 5373 —
3385 5328 3534 5385 Lect.

1956 5423 2006 5489 6,
2034 5423 2283 5478 Prtesulis
2309 5423 2484 5477 Alriti.
2530 5418 2603 5466 -ὲ
2629 5440 2694 5478 ea:
2731 5423 2914 5477 intimo
2938 5439 3168 5486 corpore.
3199 5452 3269 5464 -—-
3300 5420 3445 5473 Lect.
3476 5418 3533 5484 8,

1956 5516 2084 5586 fides
2114 5516 2409 5585 petentium.
2452 5512 2510 5570 In
2542 5514 2647 5569 line
2673 5531 2686 5567 :
2741 5513 2972 5584 finienda
2998 5512 3299 5568 seculorum
3321 5510 3534 5567 swcula.

2029 5604 2114 5658 14.
2183 5604 2257 5659 De
2287 5606 2502 5659 nomine
2548 5605 2688 5673 regis
2728 5604 3053 5675 llispalnis
3105 5603 3534 5668 Saracenorum,

1956 5695 2047 5765 qui
2095 5694 2154 5751 S.
2207 5694 2393 5752 Isidori
2442 5710 2635 5765 corpus
2685 5694 2976 5759 concessit,
3048 5690 3302 5748 nonnulla
3347 5700 3430 5747 εει
3480 5690 3532 5746 in
