4028 6200
479 327 548 384 Π
1218 328 1305 382 ΑΙ)
1344 327 1568 382 OPEIlA
1610 325 1668 379 S.
1713 320 1955 378 ISIDORI
1997 319 2060 374 lll

2172 317 2428 377 tLENSlS
2471 321 2999 379 PROLEGOMENA.
3675 324 3744 379 Idl

480 439 874 511 exemplaribus
901 438 1180 495 dissensio.
1219 439 1272 492 In
1296 435 1737 506 lcetionibusﬁa
1756 429 2054 489 breviario-
2089 432 2128 486 Α
2161 429 2405 501 religiose
2451 433 2636 502 gessit,
2685 435 2839 504 petiit
2893 451 2922 489 a
2953 434 3202 490 Benadab
3240 435 3564 504 Hispalensis
3593 437 3748 489 urb‘s

481 549 597 587 rum
645 533 997 602 quorumdam
1056 545 1274 587 vocatur
1317 531 1528 585 Enetus.
1573 528 1632 583 ln
1666 527 1811 582 Actis
1843 524 2054 579 Bollan-

479 625 782 688 dianorum,
837 623 1083 690 Florezii,
1133 633 1184 677 et
1217 624 1333 676 aliis
1381 621 1720 677 uberioribus
1749 617 1889 688 apud
1912 617 2059 686 ipsos

480 716 858 769 llollandianos
907 714 1167 768 Bcnabeth
1222 731 1238 768 :
1299 715 1349 768 in
1397 713 1543 767 Actis
1601 727 1750 764 nove
1806 706 2059 764 editionis

479 803 802 859 Matritensis
845 805 1087 870 Iteuabet,
1147 813 1202 858 et
1249 801 1510 857 Benadab.
1560 799 1637 852 Ex
1670 799 1892 853 historia
1923 797 2056 870 Ara-

478 896 603 947 bum
654 893 902 948 Roderici
933 869 1182 947 Toletani
1207 907 1328 962 cap.
1361 889 1451 954 18,
1507 887 1794 957 colligitur,
1825 869 2057 941 transla-

479 986 680 1039 tionem
709 992 978 1054 peractam
1009 991 1268 1051 regnante
1298 981 1498 1051 Hispali
1529 980 1756 1034 ﬂabeth.
1784 977 1899 1033 Jam
1925 977 2058 1032 Acta

477 1088 596 1142 qum
617 1072 724 1125 divi
757 1086 909 1126 novat
937 1070 1190 1124 editionis
1236 1069 1578 1133 Matritensis,
1610 1067 1814 1122 mendis
1840 1067 2062 1137 quibus-

477 1167 599 1218 dam
631 1163 947 1227 emendatis,
977 1163 1092 1218 hate
1114 1172 1239 1216 sunt
1272 1179 1285 1215 :

551 1255 638 1307 15.
663 1253 836 1306 Lectio
861 1269 898 1307 ι.
927 1280 997 1290 -
1019 1271 1037 1303 ι
1076 1254 1232 1306 Anno
1260 1253 1418 1320 igitur
1447 1250 1844 1321 septuagesimo
1871 1248 2062 1318 quinto

480 1359 602 1417 post.
639 1349 924 1402 transitum
956 1346 1325 1416 gloriosissimi
1364 1347 1602 1416 prmsu'is
1640 1345 1846 1409 lsidori,
1887 1343 2063 1399 omnis

479 1453 610 1502 gens
639 1435 936 1491 Gothorum
967 1436 1178 1491 occulto
1215 1436 1306 1490 Dei
1333 1435 1536 1505 judicio
1566 1436 1751 1504 gentili
1778 1435 1953 1503 gladio
1981 1432 2063 1488 fe-

483 1527 664 1579 rienla
679 1535 759 1580 rst
781 1525 1370 1580 tradita.Transmarini
1396 1540 1625 1595 namque
1638 1524 1889 1580 Saraceni
1913 1539 2063 1578 mare

482 1617 605 1671 illud
634 1618 776 1687 quod
810 1617 1109 1686 Hispalensi
1139 1617 1255 1671 urbi
1282 1617 1469 1671 alludit
1498 1615 1923 1682 transfretantes,
1954 1615 2064 1684 pri-

481 1724 568 1760 mo
594 1708 838 1762 eamdem
861 1718 1141 1778 ceperunt.
1167 1709 1364 1763 Deinde
1385 1707 1634 1762 Bzcticam
1661 1715 1714 1760 et
1736 1706 2062 1762 Lusitaniam

2160 539 2308 594 rege,
2333 537 2596 596 quatenus
2622 528 2719 582 sibi
2743 544 2934 598 corpus
2965 528 3284 584 beatissima:
3307 527 3472 581 Jttstte
3502 527 3744 595 virginis,
3775 537 3802 568 "-

2160 617 2302 684 quod
2352 617 2403 670 in
2456 618 2644 670 eatem
2694 617 2825 671 uzbe
2870 617 3113 686 quiescit,
3155 616 3498 680 concederet,
3532 625 3589 668 ut
3620 630 3746 669 eam
3786 601 3800 654 Ϊ

2161 707 2227 760 ad
2251 705 2636 776 L‘gionensem
2683 709 2866 762 urbem
2898 708 3229 763 transferret.
3258 706 3612 762 Petitionibus
3645 721 3748 761 (ιιι-ο

2157 811 2263 862 ius,
2295 807 2354 850 ut
2401 799 2588 861 voluit,
2641 813 2916 853 assensum
2949 800 3194 869 praebuit,
3222 799 3359 855 etei
3396 813 3457 852 se
3491 797 3748 852 daturum

2162 891 2483 958 repromisit.
2517 912 2536 943 ι

2237 981 2323 1038 18.
2369 981 2546 1039 Lectio
2571 1001 2644 1040 tv.
2693 1015 2760 1026 —
2819 1003 2838 1038 t
2871 987 2988 1052 Qua
3019 986 3309 1057 sponsione
3339 994 3578 1056 accepta,
3621 1001 3754 1041 cnn-

2167 1073 2375 1127 vocavit
2419 1090 2515 1129 rex
2544 1073 2909 1130 Ferdinandus
2963 1076 3322 1131 venerabilem
3355 1076 3591 1130 Albitum
3645 1075 3752 1130 Le-

2161 1161 2430 1229 gionensis
2445 1163 2590 1218 urbis
2602 1163 2936 1233 episcopum,
2950 1166 3364 1220 etreverendum
3391 1166 3558 1218 virum
3575 1163 3755 1219 Ordo-

2164 1253 2308 1306 nium
2346 1252 2741 1310 Asturicensem
2769 1254 3100 1326 episcopum,
3136 1255 3398 1322 simulque
3436 1255 3752 1310 Munionem

2163 1343 2417 1398 comitem
2447 1359 2568 1398 cum
2597 1361 2759 1400 manu
2788 1346 3036 1410 militum,
3069 1355 3124 1400 et
3152 1361 3248 1401 eos
3295 1347 3361 1400 ad
3392 1345 3754 1400 deferendum

2164 1435 2479 1501 supradicta:
2509 1436 2728 1505 virginis
2763 1452 2955 1508 corpus
3005 1436 3264 1507 llispalim
3313 1439 3472 1494 misit.
3521 1437 3622 1504 Qui
3660 1453 3784 1492 ve-~

2166 1527 2397 1595 nientes,
2423 1541 2638 1581 causam
2661 1543 2770 1582 sua:
2817 1527 3100 1598 legationis
3122 1529 3233 1597 regi
3264 1528 3512 1584 Benadab
3542 1528 3759 1599 patetc-

2166 1623 2374 1670 cerunt.
2421 1615 2626 1683 Quibus
2653 1618 2742 1675 ille
2765 1619 2842 1674 ait
2874 1636 2886 1672 :
2916 1617 3044 1675 Scio
3071 1619 3230 1689 plane
3271 1635 3356 1675 me
3395 1620 3615 1676 domino
3657 1635 3763 1674 ve-

2167 1716 2300 1773 stro,
2329 1709 2471 1776 quod
2496 1709 2690 1776 dicitis,
2727 1710 3037 1780 promisisse
3070 1728 3082 1761 :
3132 1709 3230 1765 sed
3259 1725 3359 1765 nec
3385 1725 3507 1780 ego,
3575 1725 3763 1780 neque

484 1799 808 1867 provinciam
857 1807 1274 1868 occupaverunt.
1340 1799 1544 1864 Quibus
1590 1798 1889 1854 Rudericus
1935 1813 2027 1852 rex
2048 1839 2063 1860 .
2100 1798 2148 1858 B
2173 1804 2365 1874 aliquis
2385 1818 2453 1858 ex
2481 1801 2678 1856 nostris
2705 1799 2812 1855 tale
2839 1814 3036 1869 corpus
3062 1799 3204 1868 quod
3231 1800 3470 1869 quaeritis
3489 1799 3760 1855 ostendit.

483 1900 768 1960 aggregato
790 1892 1029 1946 exercitu
1060 1889 1380 1957 Gothorum,
1409 1898 1646 1944 armatus
1674 1889 1926 1944 occurrit.
1955 1888 2062 1944 Sed

485 1983 606 2051 quia
633 1982 883 2051 pimfatus
908 1998 1024 2048 rex,
1055 1982 1297 2051 neglecta
1312 1980 1571 2049 religione
1599 1981 2064 2047 divina,vitiorum

483 2090 541 2126 se
562 2074 802 2145 dominio
828 2074 1248 2143 mancipaverat,
1277 2073 1524 2142 protinus
1551 2073 1604 2126 in
1637 2071 1811 2140 fugam
1857 2087 2064 2139 versus,

482 2175 536 2219 et
558 2166 732 2220 omnis
762 2165 1033 2220 exercitus
1074 2163 1187 2219 fere
1216 2163 1282 2217 ad
1313 2163 1738 2218 internecionem
1761 2177 1930 2229 usque
1949 2160 2065 2230 gla-

482 2258 570 2310 dio
619 2257 824 2311 deletus
877 2263 978 2310 est.
1033 2254 1291 2310 Saraceni
1338 2254 1592 2324 deinceps
1648 2253 1806 2322 longe
1853 2252 2066 2321 lateque

483 2355 738 2413 vagantes
758 2346 1064 2398 innumeras
1090 2343 1441 2412 horridasque
1466 2343 1640 2398 caedes
1666 2349 2063 2412 perpetrarunt.

482 2437 583 2503 Qui
613 2444 838 2505 quantas
893 2435 1069 2490 caedes
1117 2442 1452 2503 quantasque
1497 2440 1704 2500 strages
1757 2440 2064 2486 nostrorum

484 2525 746 2589 dederint,
810 2532 1071 2578 testantur
1093 2537 1281 2578 eversa
1303 2529 1504 2584 castra,
1537 2531 1591 2575 et
1611 2521 1952 2590 antiquarum
1977 2535 2067 2573 ur-

482 2619 625 2671 bium
655 2617 827 2670 diruta
859 2615 1076 2671 muenia.
1109 2632 1130 2666 ι

560 2708 645 2761 16.
684 2703 858 2761 Lectio
887 2722 945 2760 ιι.
977 2737 1047 2748 -—
1079 2722 1098 2756 ι
1137 2701 1211 2758 Ea
1244 2709 1564 2774 tempestate
1591 2700 1765 2756 omnis
1806 2698 2063 2769 Hispania

488 2800 620 2853 luxit
666 2797 992 2852 monasteria
1039 2795 1091 2850 in
1121 2809 1180 2850 se
1219 2809 1430 2862 eversa,
1459 2792 1735 2863 episc0pia
1765 2791 2061 2856 destructa,

486 2893 649 2945 libros
670 2904 835 2945 sacrae
867 2887 999 2955 legis
1028 2885 1361 2953 combustos,
1403 2885 1684 2939 thesauros
1714 2881 2062 2937 ecclesiarum

485 2983 749 3051 direptos,
807 2994 995 3034 omnes
1048 2977 1254 3033 incolas
1301 2975 1464 3042 ferro,
1494 2974 1728 3039 ﬂamma,
1772 2972 1913 3028 fame
1940 2987 2064 3029 con-

486 3083 748 3144 sumptos.
792 3072 1030 3127 Tandem
1058 3071 1230 3142 pietas
1254 3070 1361 3137 illa,
1393 3084 1512 3140 qua:
1545 3084 1650 3124 non
1676 3076 1759 3124 est
1785 3067 1940 3124 solita
1969 3082 2066 3123 eos

2168 1893 2277 1949 Vos
2309 1895 2407 1965 ipsi
2436 1893 2677 1963 quaerite,
2711 1899 2766 1947 et
2785 1892 3058 1946 inventum
3085 1889 3276 1956 tollite,
3333 1890 3601 1958 abiteque.
3627 1889 3762 1946 Cac-

2169 1994 2364 2051 terum,
2397 1983 2782 2046 delitescendo,
2836 1997 2905 2037 an
2927 1997 3054 2037 vere
3072 1981 3332 2036 barbarus
3360 1989 3558 2035 nostrae
3600 1980 3763 2048 lega-

2170 2075 2303 2129 tioni
2327 2075 2428 2129 ista
2457 2073 2673 2138 dixerit,
2703 2087 2894 2144 parum
2924 2071 3305 2141 comperimus.
3363 2068 3472 2125 Sed
3511 2069 3765 2139 plerum-

2169 2181 2275 2236 que
2300 2167 2546 2220 humanae
2583 2165 2908 2228 voluntates,
2937 2172 2998 2216 ut
3023 2169 3147 2216 sunt
3173 2161 3541 2229 vehementes,
3590 2161 3667 2214 ita
3705 2169 3768 2216 et

2172 2257 2415 2312 mobiles.
2463 2255 2615 2323 Quod
2646 2254 2872 2310 audiens
2919 2253 3164 2324 egregius
3203 2251 3414 2308 Albitus
3441 2252 3757 2322 episcopus.

2170 2349 2349 2403 socios
2377 2356 2587 2402 secreto
2609 2346 2821 2412 atlatur,
2845 2346 2924 2401 sic
2942 2346 3126 2400 dicens
3153 2362 3168 2398 :
3211 2342 3282 2398 Ut
3308 2345 3595 2411 cernimus,
3637 2344 3759 2399 fra-

2173 2445 2300 2500 tres,
2329 2437 2427 2490 nisi
2450 2437 2626 2490 divina
2649 2435 2920 2490 miseratio
2942 2435 3110 2490 labori
3136 2435 3306 2489 nostri
3328 2434 3536 2491 itineris
3555 2434 3760 2490 subve-

2173 2529 2305 2593 niat,
2339 2527 2576 2582 frustrati
2600 2526 2926 2582 recedemus.
2981 2526 3353 2582 Necessarium
3384 2526 3566 2596 itaque
3598 2526 3757 2582 vide—

2175 2627 2276 2682 tur,
2311 2625 2418 2671 uta
2442 2618 2572 2686 Deo,
2627 2621 2714 2673 cui
2766 2617 2898 2672 nihil
2928 2617 3258 2689 impossibile
3278 2626 3382 2685 est,
3429 2633 3585 2689 opem
3611 2633 3758 2688 qua:-

2171 2716 2373 2777 rentes,
2402 2709 2505 2764 hoc
2531 2708 2704 2764 triduo
2727 2707 2942 2778 jejuniis
2971 2715 3026 2764 et
3055 2709 3390 2765 orationibus
3415 2709 3754 2775 insistamus,

2171 2808 2434 2869 quatenus
2459 2799 2636 2856 divina
2670 2801 2922 2869 maiestas
2947 2801 3217 2856 occultum
3245 2801 3398 2856 nobis
3422 2800 3594 2855 sancti
3623 2817 3756 2856 cor-

2173 2893 2321 2962 poris
2365 2893 2678 2948 thesaurum
2720 2894 2963 2949 revelare
2991 2893 3259 2963 dignetur.
3308 2892 3514 2948 Ptacuit
3537 2893 3756 2949 cunctis

2172 2983 2478 3038 exhortatio
2504 2983 2768 3054 praesulis,
2786 2991 2845 3037 ut
2874 2983 3178 3038 triduanum
3207 2982 3334 3038 illud
3363 2983 3608 3053 precibus
3627 2998 3757 3053 per-

2172 3082 2442 3142 ageretur.
2486 3072 2604 3128 Jam
2657 3073 2744 3130 die
2774 3075 2931 3129 tertia
2959 3088 3178 3129 emenso
3222 3075 3438 3146 olympo
3467 3075 3549 3131 sol
3581 3089 3756 3131 occu-

489 3181 627 3234 quos
675 3163 901 3234 corripit
931 3163 998 3218 ad
1045 3161 1470 3218 internecionem
1521 3173 1691 3229 usque
1719 3159 1918 3226 delere,
1969 3158 2065 3214 sed
2088 3157 2143 3228 α
2170 3164 2382 3228 buerat,
2432 3163 2716 3234 cumjusta
2747 3165 3165 3234 superveniente
3195 3175 3375 3232 nocte,
3425 3165 3759 3223 venerabilis

466 3255 809 3328 'ﬂagellando
840 3256 1257 3312 misericorditer
1286 3255 1575 3323 corrigere,
1630 3253 1838 3307 animos
1868 3249 2070 3319 Pelagii

487 3349 789 3419 cujusdam,
813 3348 902 3416 qui
932 3348 1076 3417 regia
1108 3347 1327 3401 traduce
1354 3345 1557 3400 exstitit
1577 3345 1853 3410 oriundus,
1885 3358 2070 3399 corro-

490 3441 719 3505 boravit,
775 3448 831 3493 et
881 3449 1071 3494 contra
1101 3437 1400 3492 Saracenos
1430 3436 1551 3492 loco
1591 3435 1684 3505 qui
1711 3435 1909 3490 dicitur
1933 3435 2070 3489 Cova

492 3533 703 3587 Sancta:
730 3529 938 3594 Mariw,
971 3527 1304 3594 rebellando,
1356 3527 1434 3584 eis
1462 3527 1660 3582 bellum
1693 3527 1902 3582 indixit.
1928 3525 2072 3593 Qua-

492 3624 610 3678 liter
636 3630 813 3676 autem
845 3622 894 3674 in
917 3618 1169 3676 conflictu
1200 3619 1292 3672 illo
1314 3617 1492 3672 divina
1523 3633 1713 3672 manus
1745 3631 1841 3686 pro
1872 3616 2070 3670 nostris

489 3713 942 3782 pugnaverit,hoc
963 3718 1140 3779 potest
1167 3707 1546 3778 adverti,quod
1575 3722 1844 3761 armorum
1866 3705 2069 3777 spicula

489 3819 518 3857 a
541 3802 826 3857 Saracenis
846 3801 1005 3856 missa
1049 3801 1101 3854 in
1131 3815 1227 3855 eos
1278 3799 1423 3869 ipsos
1452 3798 1533 3853 vis
1561 3797 1739 3853 divina
1768 3797 2066 3852 retorserit.

488 3893 664 3960 Quare
686 3907 845 3962 rupes
873 3891 1116 3960 qumdam
1147 3889 1240 3944 Dei
1269 3897 1402 3945 nutu
1425 3890 1644 3960 praecisa
1672 3889 1892 3954 corruit,
1921 3896 1978 3943 et
2002 3903 2070 3943 ex

490 3983 770 4039 Saracenis
823 3998 929 4036 non
983 3982 1260 4036 minimam
1291 3979 1686 4036 multitudinem
1715 3977 2068 4048 opprimendo

488 4077 764 4130 eXstinxit.
815 4073 968 4138 Quod
998 4073 1039 4125 si
1074 4073 1192 4142 quis
1222 4072 1286 4125 ad
1316 4072 1525 4141 plenius
1550 4069 1780 4123 voluerit
1819 4082 2064 4133 noscere,

490 4167 766 4235 lugubrem
819 4163 1092 4216 historiam
1147 4171 1448 4228 temporum
1481 4159 1690 4212 illorum
1745 4156 1957 4212 studeat
1986 4156 2067 4212 le-

490 4273 636 4326 gere.
682 4275 696 4306 ι

556 4348 639 4399 17.
684 4345 859 4398 Lectio
888 4361 970 4399 ιιι.
996 4375 1067 4386 -
1103 4363 1119 4394 ι
1157 4342 1251 4398 ιιιο
1279 4356 1345 4397 ex
1378 4349 1619 4410 tempore
1647 4355 1830 4398 rursus
1875 4341 2064 4408 gloria,

490 4446 545 4491 et
574 4451 796 4505 regnum
846 4434 1088 4487 Gothica:
1141 4432 1314 4501 gentis
1363 4431 1580 4497 sensim,
1621 4441 1782 4499 atque
1811 4430 2065 4500 paulatim

490 4527 655 4596 cmpit
682 4525 845 4579 veluti
875 4525 1160 4592 virgnitum
1192 4539 1256 4576 ex
1289 4522 1524 4576 rediviva
1569 4521 1747 4575 radice
1777 4520 2056 4590 pullulare,

491 4710 698 4779 apicem
751 4709 900 4778 rrgni
951 4708 1202 4762 nobiliter
1244 4705 1636 4774 gubernabant,
1685 4704 1905 4773 singulis
1957 4719 2070 4758 mo-

493 4802 684 4856 mentis
736 4816 1092 4856 succrescere.
1154 4800 1261 4870 50
1304 4797 1476 4852 Fuere
1528 4811 1754 4864 namque
1785 4795 1966 4861 armis,
2015 4804 2067 4851 et

494 4891 697 4946 viribus
751 4891 962 4954 famosi,
1011 4889 1236 4944 consilio
1279 4887 1430 4952 clari,
1489 4887 1853 4940 misericordia
1907 4895 2069 4954 atque

485 4984 690 5054 justitia
722 4983 990 5052 rmcipui,
1040 4983 1283 5051 religioni
1313 4983 1499 5040 dediti.
1529 4983 1631 5050 Qui
1656 4983 1819 5038 etiam
1849 4982 2060 5051 episco—

491 5076 574 5145 pia
599 5076 938 5140 innovarunt,
985 5073 1232 5128 basilicas
1286 5074 1660 5139 fundaverant,
1706 5083 1761 5127 et
1803 5073 2067 5128 thesauris

489 5170 746 5232 ditarunt,
797 5183 947 5230 auro,
1003 5175 1058 5221 et
1099 5167 1346 5235 gemmis,
1401 5165 1654 5235 hbrisque
1701 5172 1978 5230 ornarunt,
2005 5179 2069 5218 ac

495 5276 593 5330 pro
623 5259 824 5313 viribus
849 5257 1139 5311 Christiani
1171 5256 1402 5310 nominis
1436 5256 1659 5324 gloriam
1691 5254 2066 5308 dilataverunt.

498 5351 574 5406 Ex
605 5366 830 5420 quorum
861 5349 1047 5404 illustri
1098 5348 1342 5419 prosapia
1373 5346 1592 5401 emersit
1635 5346 1716 5398 vir
1747 5345 2075 5400 clarissimus

495 5442 860 5497 Ferdinandus
880 5441 1058 5496 Saneii
1087 5441 1227 5508 regis
1251 5440 1388 5493 tilius
1423 5458 1433 5492 :
1464 5438 1573 5508 qui,
1606 5446 1662 5491 ut
1683 5445 1893 5506 sceptra
1924 5438 2072 5507 regni

498 5531 752 5601 possedit,
771 5545 878 5586 non
901 5536 1184 5586 estnostra
1209 5527 1431 5582 intentio
1456 5529 1729 5593 evolvere,
1756 5527 1848 5583 sed
1877 5541 2074 5599 quanta

502 5622 684 5695 [Forte
704 5621 1002 5693 quantam],
1051 5631 1106 5679 et
1130 5637 1286 5692 quam
1317 5623 1557 5678 crebram
1597 5629 1887 5696 perniciem
1917 5629 2076 5686 Sara-

496 5717 645 5770 cenis
673 5718 925 5772 intulerit.
954 5716 1051 5772 llic
1082 5717 1222 5773 inter
1251 5717 1455 5788 reliqua
1495 5718 1713 5789 pictatis
1740 5735 1924 5790 opera,
1957 5736 2076 5790 qua:

2173 3257 2365 3327 prtesul
2395 3256 2604 3310 Albitus
2631 3255 2852 3326 pervigil
2881 3256 3111 3312 orationi
3136 3255 3433 3311 insistebat.
3475 3276 3492 3308 ι

2244 3345 2332 3401 19.
2358 3345 2535 3402 Lectio
2563 3363 2613 3401 v.
2643 3378 2715 3388 —
2746 3365 2768 3399 ‹
2802 3345 3012 3401 Interea
3033 3347 3159 3401 dum
3184 3346 3314 3401 sella
3340 3347 3581 3402 residens
3605 3349 3755 3404 fessa

2172 3436 2412 3491 membra
2440 3437 2712 3508 paulisper
2730 3443 3078 3503 sustentaret,
3120 3447 3282 3506 atque
3309 3452 3511 3503 secum,
3542 3441 3756 3509 nescio,

2171 3527 2298 3596 quid
2325 3528 2392 3582 de
2422 3526 2641 3596 psalmis
2661 3527 2892 3582 recitans
2919 3541 3028 3596 pra:
3057 3526 3220 3581 nimio
3242 3526 3542 3594 vigiliarum
3566 3527 3759 3585 labore

2170 3633 2360 3674 somno
2389 3618 2802 3687 opprimeretur,
2857 3618 3106 3689 apparuit
3129 3618 3182 3673 ei
3219 3617 3434 3689 quidam
3480 3618 3562 3672 vir
3589 3635 3759 3675 vene-

2171 3710 2336 3766 randa
2353 3713 2456 3784 51
2481 3710 2678 3766 canitie
2705 3719 2971 3779 comptus,
2995 3708 3289 3781 pontiﬁcali
3319 3709 3481 3764 infula
3502 3711 3756 3776 amictus,

2171 3816 2402 3872 eumque
2427 3801 2520 3854 tati
2565 3815 2699 3856 voce
2745 3800 3044 3868 alloquens,
3077 3801 3188 3854 ait:
3243 3799 3367 3856 Scio
3417 3801 3655 3869 quidem,
3700 3813 3757 3858 te

2172 3907 2290 3948 cum
2313 3891 2473 3946 sociis
2503 3891 2606 3946 tuis
2632 3891 2696 3945 ad
2726 3891 2828 3946 hoc
2847 3891 3074 3954 venisse,
3117 3898 3174 3945 ut
3201 3906 3398 3960 corpus
3431 3893 3755 3948 beatissima:

2169 3983 2390 4052 virginis
2416 3981 2581 4037 Justte
2607 3982 2731 4036 hinc
2767 3983 3151 4037 transferentes
3187 3981 3466 4037 vobiscum
3518 3983 3749 4038 ducatis.

2171 4072 2275 4127 Sed
2297 4073 2550 4142 quoniam
2581 4088 2687 4126 non
2718 4081 2800 4126 est
2845 4072 3040 4134 divina:
3070 4073 3383 4140 voluntatis,
3441 4082 3501 4128 ut
3529 4075 3644 4130 hzec
3673 4076 3751 4130 ci—

2171 4163 2306 4216 vitas
2329 4162 2579 4217 abscessu
2612 4161 2768 4230 hujus
2797 4163 3014 4230 virginis
3043 4162 3334 4230 desoletur,
3368 4164 3624 4218 immensa
3655 4163 3752 4219 Dei

2172 4257 2342 4326 pietas
2393 4270 2489 4308 vos
2531 4257 2804 4310 remittere
2841 4271 3042 4311 vacuos
3095 4271 3202 4309 non
3250 4256 3459 4324 patiens
3490 4299 3504 4323 ,
3554 4271 3753 4325 corpus

2171 4362 2348 4401 meum
2379 4347 2636 4401 donatum
2661 4357 2741 4401 est
2768 4347 2944 4415 vobis,
3000 4347 3142 4415 quod
3166 4347 3412 4401 tollentes
3440 4345 3507 4399 ad
3533 4346 3753 4415 propria

2172 4447 2432 4492 remeate.
2484 4438 2674 4503 Quem,
2727 4453 2849 4492 cum
2892 4437 3216 4492 reverendus
3262 4437 3345 4490 vir
3374 4436 3750 4504 interrogaret,

2090 4529 2142 4590 ι)
2167 4527 2284 4597 quis
2314 4535 2478 4593 esset,
2529 4525 2618 4596 qui
2663 4527 2788 4581 talia
2817 4526 2918 4582 sibi
2939 4527 3273 4596 injungeret,
3315 4525 3389 4579 ait
3421 4542 3435 4578 :
3492 4523 3602 4594 Ego
3632 4539 3754 4580 sum

490 4631 541 4673 et
573 4617 831 4672 industria
864 4631 1066 4685 regum,
1113 4615 1204 4684 qui
1257 4613 1418 4682 rt-gali
1468 4621 1754 4668 stemmate
1804 4613 2100 4682 progeniti"

2174 4619 2549 4689 Hispaniarum
2577 4619 2789 4685 doctor,
2845 4617 3111 4688 hujnsque
3133 4617 3281 4671 urbis
3327 4617 3551 4671 antistes
3579 4614 3752 4670 Isido-

2172 4729 2283 4768 rus.
2339 4712 2517 4779 Quare
2571 4711 2688 4766 haec
2729 4710 2930 4777 dicens,
2980 4709 3048 4763 ab
3091 4708 3261 4763 oculis
3305 4709 3574 4762 cernentis
3619 4721 3753 4761 eva-

2175 4806 2308 4860 nuit.
2347 4825 2366 4856 ι

2243 4894 2329 4949 20.
2365 4893 2540 4948 Lectio
2593 4909 2666 4948 Vl.
2698 4922 2765 4932 —
2815 4909 2835 4943 r
2869 4890 3102 4957 Vigilaus
3156 4898 3333 4944 autem
3366 4886 3560 4957 pnesul
3587 4886 3758 4956 carpit

2171 4985 2363 5042 visioni
2383 4983 2766 5054 congratulari,
2798 4995 2862 5034 ac
2889 4981 3171 5034 Dominum
3203 4979 3456 5033 attentius
3499 4991 3752 5032 exorare:

2168 5079 2485 5147 deprecans,
2515 5084 2576 5130 ut
2601 5076 2645 5130 si
2675 5089 2740 5128 ex
2771 5073 2883 5128 Deo
2908 5080 3054 5127 esset
3082 5072 3196 5126 hate
3234 5071 3366 5125 visio
3385 5107 3400 5132 ,
3433 5070 3650 5134 iterum,
3683 5088 3753 5127 ac

2170 5172 2334 5226 tertio
2363 5170 2572 5241 plenius
2596 5170 2976 5223 innotesceret.
3034 5166 3235 5220 Taliter
3263 5181 3424 5220 orans
3454 5181 3634 5220 rursus
3657 5168 3756 5221 ob-

2176 5263 2445 5326 dormivit,
2477 5270 2531 5316 et
2553 5275 2675 5315 ecce
2702 5259 2841 5314 idem
2890 5259 2969 5312 vir
2996 5259 3047 5312 in
3078 5260 3265 5313 eodem
3299 5255 3481 5311 habitu
3508 5274 3611 5311 non
3639 5258 3753 5312 dis-

2178 5351 2394 5417 similia,
2439 5365 2598 5416 quam
2649 5349 2796 5418 prius
2845 5348 3003 5402 verba
3044 5362 3324 5416 perorans,
3369 5361 3581 5400 rursum
3623 5362 3751 5400 cva-

2178 5444 2315 5498 nuit.
2369 5442 2784 5512 Expergelactus
2813 5441 3004 5493 iterum
3055 5438 3289 5507 pontifex
3335 5439 3563 5492 alacr‘us
3591 5437 3750 5492 etiam

2179 5533 2396 5589 visionis
2419 5532 2839 5586 adn‘tonitiotem
2883 5544 2912 5582 a
2961 5527 3184 5583 Domino
3237 5528 3576 5596 implorabat.
3627 5525 3752 5592 Qui,

2182 5627 2310 5682 dum
2339 5626 2546 5680 enixius
2601 5624 2762 5677 Deum
2800 5630 3072 5686 exoraret,
3129 5622 3285 5676 tertio
3311 5638 3498 5676 somno
3530 5617 3753 5687 corripi--

2184 5733 2288 5775 tur.
2322 5717 2469 5773 Tunc
2491 5717 2571 5770 vir
2597 5714 2932 5784 supradictus
2959 5715 3118 5769 veluti
3149 5715 3314 5769 semel
3347 5724 3397 5766 ct
3440 5711 3672 5766 secundo
3703 5709 3751 5764 ei
