4060 6198
369 331 435 384 t9
1444 340 1851 398 ISIDORIANA.
1889 374 1955 385 —
1995 343 2170 404 mas
2207 350 2246 404 l.
2288 351 2438 408 car.
2486 333 2575 409 rx".
3567 372 3633 424 so

366 463 656 518 apparens,
704 463 822 515 quae
849 458 974 506 ante
993 449 1222 549 dixerat,
1257 453 1416 510 tertio
1439 457 1739 526 replicavit,
1772 467 1939 529 atque
1972 463 2020 522 Α
2049 466 2284 521 exhibuit
2313 485 2585 539 pompam.
2639 471 2802 541 Cujus
2843 486 3085 530 sanctum
3116 494 3310 549 corpus
3340 481 3390 536 in
3415 483 3633 542 basilica

368 542 514 608 virga
543 555 704 610 quam
758 557 917 595 manu
967 543 1185 599 tenebat
1229 553 1386 600 teme
1421 548 1597 602 solum
1627 558 1709 602 ter
1754 566 1948 619 percu-

366 628 549 692 tiens,
605 629 782 683 locum
826 631 876 684 in
924 647 1031 698 quo
1079 641 1294 688 sanctus
1345 635 1625 690 thesaurus
1681 637 1945 697 latitabat.

365 717 630 784 ostendit,
661 719 846 774 dicens
873 739 886 773 :
922 720 1046 789 llic,
1069 722 1170 789 hic,
1197 726 1277 778 hic
1297 742 1463 779 meum
1485 727 1710 781 invenies
1740 745 1946 798 corpus.

369 809 548 876 Quare
599 825 669 864 ne
725 819 881 880 putes
927 820 978 865 te
1018 814 1394 882 phantasmate
1441 815 1640 881 deludi,
1702 819 1804 872 hoc
1850 819 1952 873 erit

368 902 466 956 tibi
494 903 702 970 signum
753 903 859 957 mei
915 905 1132 960 veridici
1180 907 1480 970 sermonis,
1522 907 1666 977 quod
1711 925 1836 962 mox
1892 917 1950 964 ut

367 1012 544 1050 meum
566 1012 764 1066 corpus
792 1013 953 1066 super
981 1006 1176 1053 terram
1199 999 1451 1054 eductum
1483 1000 1664 1064 fuerit,
1704 1003 1949 1056 molestia

365 1087 609 1156 corporis
627 1087 952 1158 corripieris,
977 1105 1135 1158 quam
1163 1090 1282 1146 ﬁnis
1305 1091 1428 1145 vita:
1473 1093 1802 1160 subsequens
1833 1093 1949 1165 (sic)

366 1186 560 1232 exutus
583 1178 688 1232 hoc
709 1179 922 1232 mortali
949 1195 1178 1249 corpore
1206 1181 1272 1234 ad
1303 1197 1401 1236 nos
1430 1197 1550 1236 cum
1577 1197 1776 1237 corona
1800 1183 1952 1251 justi-

365 1269 453 1322 tia':
478 1269 778 1338 pervenies.
829 1270 931 1336 Qui
981 1281 1266 1340 postquam
1316 1272 1570 1342 loquendi
1595 1272 1754 1328 ﬁnem
1804 1273 1946 1339 fecit,

364 1359 499 1415 visio
520 1360 697 1414 ablata
723 1369 823 1416 est.
839 1380 858 1413 ι

435 1448 525 1503 2i.
559 1449 737 1506 Lectio
758 1467 850 1506 vn.
870 1485 941 1496 —
975 1472 996 1506 ε
1029 1453 1270 1524 Surgens
1296 1471 1426 1526 ergo
1456 1459 1647 1527 praesul
1675 1473 1704 1511 a
1734 1473 1946 1525 somno,

361 1549 543 1598 certus
568 1541 635 1599 de
665 1552 814 1598 tanta
837 1544 1062 1612 visione,
1107 1546 1202 1602 sed
1228 1547 1405 1603 laetior
1427 1548 1496 1604 de
1523 1565 1619 1604 sua
1643 1551 1948 1619 vocatione,

363 1632 507 1688 facto
527 1633 638 1702 jam
670 1650 848 1701 mane,
872 1636 950 1691 sic
975 1637 1151 1692 socios
1177 1638 1443 1706 hortatur,
1472 1639 1657 1694 dicens
1688 1658 1700 1693 :
1726 1638 1950 1710 Oportet

363 1739 483 1788 nos,
510 1725 860 1791 dilectissimi,
915 1728 1362 1799 omnipotentiam
1389 1731 1563 1785 sumni
1608 1731 1782 1787 Patris
1811 1732 1946 1786 divi-

2055 556 2194 609 beati
2249 557 2468 614 Joannis
2513 561 2761 631 Baptistae
2795 606 2808 628 ,
2871 581 3029 634 quam
3081 568 3217 621 idem
3261 571 3637 630 serenissimus

2054 655 2167 710 rex,
2198 656 2252 700 ttt
2274 650 2432 716 paulo
2458 652 2626 718 (ante)
2673 656 2912 720 memini,
2967 656 3196 725 Legione
3229 661 3439 715 uoviter
3470 663 3632 718 fabri~

2053 747 2291 801 caverat,
2321 742 2574 806 reposuit.
2611 743 2812 796 Albitu-
2847 753 3022 797 autem
3052 762 3085 799 v
3123 749 3393 802 nerandus
3415 752 3638 807 antistes

2055 827 2106 880 in
2161 829 2384 882 ecclesia
2436 832 2606 884 beate
2656 833 2853 895 Marim.
2911 836 2996 889 cui
3046 839 3351 906 prtefuerat,
3396 841 3507 896 Deo
3538 859 3637 898 an-

2055 929 2270 982 nuente,
2301 921 2462 974 habet
2490 923 2847 991 sepulcrum.»

2121 1006 2210 1061 25.
2253 1005 2428 1062 Lectio
2469 1026 2544 1065 ix.
2592 1044 2663 1053 —
2716 1031 2733 1062 ‹
2772 1013 2934 1080 Igitur
2958 1025 3077 1084 post
3104 1031 3272 1074 annos
3319 1019 3423 1075 400
3462 1024 3639 1079 obitus

2053 1095 2134 1150 sui
2164 1097 2231 1152 ab
2276 1097 2667 1168 Hispalensium
2713 1103 2932 1159 civitate
2989 1109 3304 1164 translatum
3330 1121 3412 1168 est
3440 1130 3638 1185 corpus

2053 1186 2347 1241 beatissimi
2395 1188 2580 1244 lsidori
2611 1191 2935 1248 confessoris
2962 1193 3160 1252 ChriSIi
3182 1240 3196 1263 ,
3229 1205 3392 1270 atque
3422 1202 3639 1260 iuurbe

2055 1273 2368 1342 Legioucnsi
2397 1294 2517 1332 cum
2549 1279 2709 1350 digno
2733 1281 2937 1337 honore
2966 1285 3241 1341 conditum
3287 1298 3400 1356 est;
3446 1306 3628 1361 aggre-

2052 1367 2189 1434 gatis
2230 1369 2427 1422 etenim
2462 1371 2628 1426 totius
2687 1374 2836 1441 regni
2885 1375 2968 1429 sui
3025 1377 3293 1434 nobilibus
3347 1382 3638 1454 episcopis,

2053 1466 2107 1512 et
2130 1460 2412 1518 abbatibus
2434 1478 2523 1532 pra
2546 1464 2706 1518 latam
2730 1466 3011 1522 ecclesiam
3046 1485 3138 1524 rex
3183 1471 3236 1525 in
3261 1471 3465 1529 honore
3493 1476 3636 1532 beati

2053 1549 2377 1607 eottfessoris
2405 1557 2712 1610 consecrari
2739 1555 2865 1612 fecit
2895 1558 2999 1628 53
3040 1575 3182 1615 anno
3228 1561 3509 1619 dominicae
3548 1566 3636 1620 ln-

2052 1642 2380 1696 carnationis
2434 1645 2721 1700 millesimo
2769 1650 3102 1718 octogesimo
3165 1653 3341 1720 primo
3386 1653 3639 1711 Kalendis

2051 1727 2308 1786 Januarii.
2339 1733 2604 1789 Caeterum
2634 1751 2755 1791 cum
2786 1745 2932 1792 tanta
2956 1739 3243 1796 devotione
3266 1743 3319 1797 in
3351 1744 3638 1800 feslititato

360 1828 484 1868 nam
529 1816 714 1884 pronis
756 1817 1026 1874 mentibus
1072 1817 1342 1882 adorare;
1399 1819 1489 1890 qui
1522 1835 1620 1874 nos
1648 1836 1742 1875 sna
1772 1821 1940 1888 gratia
1984 1846 2022 1899 η
2055 1819 2141 1872 illa
2165 1836 2260 1874 rex
2287 1822 2701 1890 gloriosissimus
2730 1827 2798 1882 ob
2829 1830 3183 1885 reverentiam
3211 1835 3382 1890 sancti
3422 1838 3634 1892 antisti»

361 1907 664 1970 praecedere
687 1917 766 1963 est
797 1910 1068 1979 dignatus,
1118 1919 1176 1966 et
1203 1911 1506 1967 mercedem
1548 1914 1717 1967 nostri
1743 1913 1948 1968 itineris

362 1997 603 2052 frustrari
631 2015 737 2054 non
787 2010 870 2055 est
897 2016 1107 2070 passus.
1163 2001 1352 2057 Divino
1373 2003 1571 2058 etenim
1600 2011 1730 2058 nutu
1762 2002 1947 2072 prohi-

364 2089 554 2143 bemur
605 2092 844 2145 membra
877 2092 1049 2146 beata:
1082 2107 1146 2147 ac
1173 2092 1284 2148 Deo
1308 2094 1500 2148 dicata:
1527 2093 1746 2162 virginis
1782 2091 1948 2148 Iusta:

361 2176 488 2230 hinc
512 2178 844 2244 abstrahere,
897 2180 992 2234 sed
1023 2196 1130 2235 non
1181 2181 1389 2236 minora
1449 2180 1754 2236 deferemus
1781 2182 1942 2248 dona,

359 2269 488 2324 dum
515 2287 709 2340 corpus
750 2273 1044 2328 beatissimi
1074 2273 1285 2338 lsidori,
1332 2274 1422 2342 qui
1473 2273 1526 2329 in
1549 2274 1650 2328 hac
1675 2273 1808 2328 urbe
1853 2288 1942 2328 sa-

357 2361 582 2416 cerdotii
608 2365 807 2432 potitus
834 2373 917 2419 est
937 2364 1123 2429 infula,
1153 2374 1209 2420 et
1239 2372 1404 2420 lotam
1441 2362 1750 2434 Hispaniam
1781 2380 1944 2434 opere

358 2466 458 2506 suo
480 2452 754 2508 decoravit
783 2463 832 2508 et
862 2455 1050 2522 verbo,
1091 2454 1319 2509 delaturi
1375 2470 1580 2508 sumus.
1625 2453 1801 2521 Quare
1829 2455 1942 2509 haec

359 2541 578 2606 dicetis,
631 2543 875 2597 ordinem
933 2544 1156 2599 visionis
1201 2543 1319 2613 ejus
1381 2544 1616 2599 seriatim
1665 2544 1934 2614 patefeei'.

356 2629 507 2695 Quod
538 2631 837 2700 audientes,
881 2633 1171 2689 immensas
1219 2634 1330 2692 Deo
1374 2634 1575 2703 gratias
1619 2635 1938 2704 referendo,

357 2734 536 2787 regem
565 2719 957 2775 Saracenorum
977 2723 1080 2793 52
1103 2723 1260 2777 simul
1281 2722 1498 2788 adeunt,
1521 2723 1677 2792 eique
1693 2725 1936 2780 universa

355 2810 545 2863 ordine
569 2809 828 2878 pandunt.
874 2809 1100 2880 Expavit
1129 2811 1414 2879 barbarus,
1461 2817 1517 2866 et
1539 2811 1664 2866 licet
1685 2812 1932 2876 inﬁdelis,

353 2901 607 2954 virtutem
652 2909 828 2954 tamen
853 2899 1064 2955 Domini
1095 2900 1387 2967 admirans,
1431 2900 1568 2955 dixit
1593 2901 1668 2957 eis
1701 2918 1714 2954 :
1757 2899 1934 2968 Quare

351 2992 394 3044 si
427 2990 686 3046 lsidorum
713 2990 867 3045 vobis
896 2991 1097 3057 tribuo,
1145 3005 1266 3046 cum
1313 3007 1421 3061 quo
1467 2991 1555 3046 hic
1600 2992 1934 3047 remanebo?

349 3082 614 3136 Caeterum
634 3092 792 3138 tantae
809 3083 1146 3139 auctoritatis
1162 3082 1574 3153 virosspernere
1586 3099 1691 3139 non
1708 3084 1929 3151 audens,

2055 1909 2123 1963 tis
2171 1910 2458 1968 humilitati
2486 1914 2698 1972 deditus
2747 1918 2910 1975 fuisse
2937 1921 3276 1990 perhibetur,
3317 1934 3376 1980 ut
3418 1942 3538 1982 cum
3570 1930 3637 1984 ad

2047 2001 2350 2056 convivium
2380 2013 2596 2059 rentum
2642 2005 2834 2074 fuerat,
2884 2010 3147 2079 religiosis
3186 2014 3487 2086 quibusque
3511 2018 3635 2072 viris

2046 2089 2305 2146 delicatos
2326 2094 2494 2160 cibos,
2551 2096 2800 2166 deposito
2830 2100 2994 2169 regali
3037 2105 3325 2172 supercilio
3363 2108 3460 2161 via:
3486 2110 3632 2181 (vice)

2045 2180 2365 2237 famulorum
2399 2187 2627 2256 propriis
2654 2189 2904 2244 manibus
2926 2201 3242 2260 apponeret.
3273 2193 3476 2266 Regina
3500 2180 3622 2267 quo;

2043 2285 2149 2340 que
2177 2272 2391 2340 Saucia,
2446 2291 2567 2330 cum
2615 2275 2736 2333 ﬁliis
2765 2290 2819 2334 et
2841 2280 3050 2335 ﬁliabus
3072 2283 3202 2349 suis,
3253 2284 3474 2354 reliqua:
3500 2290 3626 2343 mul-

2045 2361 2262 2416 titudini
2290 2378 2449 2418 omne
2501 2366 2818 2435 obsequium
2875 2371 3147 2427 humiliter
3194 2375 3433 2431 exhibet.
3481 2378 3539 2432 In
3569 2395 3635 2435 eo

2042 2461 2220 2506 autem
2248 2453 2388 2518 loco,
2421 2470 2531 2522 quo
2553 2456 2696 2511 beati
2724 2461 2966 2528 corporis
3004 2462 3243 2533 reliquize
3284 2480 3315 2519 a
3346 2465 3487 2522 ﬁdeli
3540 2486 3628 2540 po-

2043 2544 2170 2614 pulo
2219 2556 2565 2614 venerantur,
2609 2557 2754 2604 tanta
2795 2562 2849 2606 et
2893 2554 3016 2608 talia
3070 2556 3323 2612 miracula
3379 2559 3636 2619 Dominus

2041 2646 2226 2692 noster
2245 2638 2310 2692 ad
2336 2638 2617 2706 honorem,
2647 2649 2704 2696 et
2746 2643 2968 2711 gloriam
2999 2647 3232 2703 nominis
3275 2651 3359 2706 sui
3389 2653 3636 2722 dignatus

2038 2736 2121 2782 est
2147 2727 2456 2794 ostendtre,
2496 2732 2639 2799 quod
2663 2734 2708 2787 si
2731 2734 2928 2802 aliquis
2959 2739 3164 2806 peritus
3213 2755 3275 2795 ea
3308 2744 3635 2801 membranis

2041 2819 2316 2885 traderet,
2395 2839 2503 2878 non
2554 2825 2772 2880 minima
2819 2827 3073 2884 librorum
3134 2832 3402 2888 volumina
3464 2838 3632 2892 conti-

2035 2920 2203 2964 ceret.
2245 2929 2264 2962 ι

2105 3001 2193 3057 24.
2236 3002 2425 3058 Edifor
2473 3003 2820 3074 Matritensis,
2875 3007 3001 3064 lect.
3051 3010 3102 3075 4,
3149 3011 3200 3065 in
3246 3012 3361 3078 lin.,
3423 3013 3632 3082 legebat

2033 3111 2230 3149 emesso
2253 3095 2476 3166 olympo,
2496 3104 2550 3150 et
2574 3097 2890 3166 eortjiciebat
2909 3117 2937 3152 e
2960 3102 3126 3155 medio
3153 3104 3377 3174 olympo.
3401 3103 3628 3160 Bestitoi

346 3173 1926 3244 datlicentiamconfessorismembrainquirere.Stupenda
1954 3206 1997 3264 ρ
2031 3202 2236 3240 menso
2281 3188 2504 3257 olympo.
2556 3187 2742 3244 Plures
2791 3191 2923 3244 alios
2974 3173 3366 3261 orthographia:
3419 3213 3632 3254 errores

345 3263 650 3332 loquuntur,
673 3265 738 3318 ab
761 3265 824 3318 iis
843 3274 1038 3331 tamen,
1057 3266 1147 3335 qui
1169 3265 1476 3331 interfuere,
1499 3267 1733 3336 prolata;
1755 3267 1893 3336 siqui
1909 3301 1923 3307 -

340 3353 464 3405 dem
482 3353 784 3422 sepulcrum
804 3354 947 3408 beati
966 3355 1212 3423 corporis
1227 3354 1353 3409 dum
1391 3365 1744 3424 quarreretur,
1760 3356 1927 3411 vesti-

337 3448 487 3516 gium
501 3449 689 3518 virgae,
701 3466 821 3504 cum
838 3467 941 3518 qua
958 3451 1468 3519 sanctusconfessor
1480 3451 1614 3506 trina
1629 3451 1928 3520 percussio-

339 3556 410 3594 ne
435 3540 615 3593 locum
639 3541 971 3593 monumenti
989 3549 1402 3606 monstraverat,
1427 3541 1478 3594 in
1496 3541 1612 3609 ipso
1629 3549 1784 3594 terra:
1807 3541 1924 3594 solo

335 3628 620 3680 inventum
643 3635 744 3681 est.
806 3625 924 3692 Quo
953 3626 1190 3690 detecto,
1226 3635 1374 3680 tanta
1420 3627 1606 3683 odoris
1635 3628 1922 3697 fragrantia

335 3713 632 3781 emanavit,
664 3722 723 3767 ut
753 3715 980 3783 capillos
1000 3714 1198 3784 capitis
1237 3723 1292 3768 et
1316 3713 1498 3768 barba:
1555 3715 1791 3769 omnium
1832 3717 1921 3786 qtti

334 3805 562 3859 aderant
590 3805 755 3860 veluti
781 3805 977 3860 nebula
1007 3812 1368 3874 nectarcoque
1396 3806 1619 3861 balsami
1651 3822 1770 3862 rore
1799 3824 1921 3877 per-

336 3897 604 3952 funderet.
650 3897 863 3967 Corpus
901 3906 1083 3952 autem
1125 3898 1340 3952 beatum
1400 3898 1577 3966 ligneo
1606 3899 1824 3954 vasculo
1853 3915 1920 3954 ex

329 3990 582 4060 iunipero
614 3991 776 4055 facto,
817 4000 937 4045 erat
976 3991 1254 4046 obtectum
1290 4009 1302 4043 :
1334 3991 1644 4059 statimque,
1678 4001 1734 4045 ut
1775 4007 1920 4048 rese-

335 4091 509 4135 ratum
550 4091 654 4145 Bal,
710 4082 1074 4136 venerabilem
1118 4082 1290 4136 virum
1323 4082 1559 4136 Albitum
1606 4083 1916 4152 episcopum

331 4172 592 4239 :rgritudo
623 4171 866 4240 corripit,
923 4185 986 4225 ac
1006 4171 1237 4240 septimo
1263 4171 1369 4234 die,
1401 4182 1623 4241 accepta
1653 4173 1920 4241 poeniten—

335 4265 428 4330 lia,
457 4263 709 4332 angelicis
740 4262 1009 4332 manibus,
1038 4272 1095 4317 ut
1119 4278 1239 4318 vera
1279 4262 1410 4319 ﬁdes
1431 4264 1620 4328 credit,
1671 4265 1915 4335 spiritum

333 4355 568 4410 tradidit.
606 4375 624 4407 ι

401 4443 490 4497 2'2.
522 4444 700 4499 Lectio
735 4461 843 4500 \‘lll.
879 4477 948 4486 —
996 4465 1014 4498 ι
1051 4444 1324 4500 Ordonius
1349 4454 1531 4501 autem
1557 4445 1914 4502 Astoricensis

329 4537 628 4604 epist-Opus,
683 4544 740 4589 et
767 4537 941 4591 omnis
965 4537 1255 4602 exercitus,
1303 4546 1522 4606 accepta
1570 4537 1724 4606 gleba
1769 4537 1910 4592 beati

329 4624 536 4689 lsidori,
587 4636 642 4680 et
688 4641 918 4697 corpore
959 4626 1307 4696 Legionensis
1362 4627 1624 4695 przesulis,
1678 4627 1789 4695 jam
1844 4627 1910 4680 ad

326 4731 507 4784 regem
578 4718 972 4774 Ferdinandum
1021 4733 1266 4774 remeare
1330 4719 1669 4773 festinabant.
1733 4719 1911 4784 Quare

324 4817 454 4865 cecc
481 4827 576 4866 rex
606 4810 995 4868 Saracenorum
1023 4812 1362 4880 supradictus
1383 4810 1622 4865 Benabet
1651 4827 1904 4865 coronam

325 4901 464 4957 miro
491 4917 657 4972 opere
679 4912 988 4958 cettextam
1020 4918 1180 4973 super
1200 4902 1590 4972 sarcophagum
1614 4903 1755 4956 beati
1777 4918 1907 4955 con-

323 4993 542 5048 feSsoris
563 4993 807 5063 jactavit,
857 5003 1021 5064 atque
1049 5009 1116 5048 ex
1142 4994 1248 5048 imo
1270 5002 1494 5063 pectore
1527 5007 1718 5061 magna
1750 4993 1906 5046 eruit-

320 5095 439 5139 tens
463 5086 711 5154 suspiria,
735 5086 868 5141 dixit
893 5104 905 5138 :
935 5084 1014 5139 En
1049 5085 1243 5140 abhinc
1270 5084 1472 5140 Isidore
1487 5084 1571 5139 vir
1600 5085 1902 5139 venerande

320 5177 558 5242 recedis;
593 5179 706 5248 ipse
735 5187 912 5233 tamen
936 5179 1098 5244 nosti,
1151 5186 1241 5232 tua
1263 5177 1492 5247 qualiter
1514 5218 1529 5243 ,
1585 5184 1641 5231 et
1667 5191 1784 5231 mea
1815 5192 1902 5232 res

315 5275 418 5321 est.
455 5265 580 5322 lltrc
605 5268 672 5324 ab
694 5268 796 5322 illis
823 5277 948 5322 sunt
975 5275 1126 5333 nota,
1157 5267 1248 5337 qui
1279 5267 1686 5338 praesentialiter
1713 5283 1772 5322 se
1801 5283 1898 5321 au-

312 5359 458 5412 disse
479 5362 658 5412 testati
685 5368 828 5414 sunt.
862 5359 1042 5429 Legati
1068 5375 1198 5415 vero
1227 5375 1349 5415 cum
1380 5367 1531 5414 tanto
1561 5358 1705 5414 dono
1744 5359 1897 5414 coali-

312 5458 400 5504 tus
424 5451 590 5507 misso
613 5452 716 5506 iter
739 5452 1073 5522 arripientes,
1131 5452 1198 5507 ad
1249 5451 1464 5522 propria
1505 5460 1630 5506 sunt
1674 5452 1894 5507 reversi.

310 5541 367 5597 In
425 5543 600 5600 reditu
643 5560 870 5615 quorum
922 5545 1338 5614 gloriosissimus
1390 5559 1486 5599 rex
1528 5544 1895 5600 Ferdinandus

309 5649 560 5704 magnum
603 5637 847 5692 exhibuit
898 5648 1234 5707 apparatum.
1294 5637 1397 5705 Qui
1448 5637 1571 5690 licet
1623 5635 1689 5690 de
1743 5637 1891 5691 obitu

310 5728 656 5796 l..egioncnsfs
705 5732 945 5801 episcctpi
999 5733 1430 5799 contristarotur,
1477 5739 1654 5786 tamen
1705 5731 1755 5784 in
1800 5731 1892 5784 ad-

310 5828 476 5876 ventu
529 5821 824 5876 beatissimi
895 5821 1218 5877 confessoris
1285 5821 1470 5880 lsidori
1547 5822 1884 5879 ambitiosam

2029 3279 2260 3343 correxi,
2309 3295 2445 3348 quos
2496 3279 2734 3336 indicare
2783 3283 2912 3336 nihil
2964 3283 3144 3340 refert.
3197 3286 3471 3342 Undeuam
3503 3309 3628 3343 \‘t'rn

2028 3369 2144 3424 hare
2173 3370 2533 3424 trans'ationis
2580 3371 2710 3425 Acta
2758 3373 3018 3442 originem
3049 3378 3282 3444 trahant,
3338 3395 3403 3434 ex
3453 3389 3628 3450 capte

2027 3461 2274 3529 sequenti
2306 3461 2529 3532 patebit.

2643 3553 2873 3609 CAPUT
2910 3555 2995 3610 IX.

2027 3640 2104 3696 De
2145 3643 2484 3724 translatione
2521 3646 2750 3724 corporis
2781 3645 3066 3724 S_._Isidori
3107 3652 3339 3724 narratio
3382 3667 3621 3724 excerpta

2249 3730 2313 3766 ex
2341 3712 2592 3768 Chronico
2611 3712 2856 3768 nimiae/ti
2883 3721 3125 3787 anonymi
3155 3719 3395 3774 Silensis.

2100 3822 2146 3875 i.
2197 3841 2212 3872 ι
2247 3821 2512 3877 Caeterum
2558 3823 2800 3877 Fernand
2844 3841 2869 3879 s
2896 3840 3011 3893 rex,
3043 3826 3304 3888 ordinatis
3336 3848 3428 3899 per
3455 3837 3620 3888 conti-

2023 3913 2108 3965 nia
2159 3914 2335 3978 rebus,
2386 3930 2505 3967 cum
2553 3914 2780 3984 primum
2829 3919 3201 3984 opiortunitas
3231 3924 3486 3990 temporis
3527 3926 3619 3979 ad-

2025 4005 2206 4070 venit,
2263 4015 2586 4075 congregato
2647 4022 2829 4060 rursus
2879 4010 3138 4074 exercitu,
3193 4012 3242 4063 in
3288 4012 3534 4069 Bmticam
3564 4028 3619 4071 et

2024 4097 2352 4152 Lusitaniam
2393 4098 2696 4168 provincias
2742 4099 3009 4155 hostiliter
3044 4101 3315 4170 profectus
3363 4114 3475 4172 est;
3517 4108 3611 4162 de-

2025 4189 2394 4260 populatisque
2439 4188 2790 4244 barbarorum
2842 4189 3022 4259 agris,
3071 4205 3134 4244 ac
3159 4191 3431 4263 plerisque
3479 4196 3612 4250 villis

2019 4277 2290 4340 incensis,
2353 4277 2525 4330 eidem
2583 4277 2902 4332 Abenhahct
2959 4277 3290 4348 llispalensis
3345 4298 3438 4336 rex
3493 4301 3630 4339 Cittlt,

2019 4369 2226 4437 magnis
2268 4369 2582 4424 muneribus
2625 4370 2880 4436 occurrit,
2926 4385 3156 4440 eumque
3184 4387 3279 4441 per
3305 4374 3610 4437 amicitiam,

2019 4475 2219 4531 perque
2239 4459 2403 4516 decus
2432 4461 2579 4529 regni
2611 4462 2878 4526 obsecrat,
2902 4477 2966 4517 ue
2993 4463 3166 4532 ipsum
3195 4463 3611 4538 [For-terteipsc;

2019 4567 2241 4621 regnum
2278 4567 2431 4606 suum
2479 4552 2732 4621 persequi
2788 4552 2930 4606 velit.
2979 4553 3291 4608 Fernandus
3339 4571 3467 4608 vero
3517 4571 3609 4609 rex

2017 4659 2168 4698 more
2219 4644 2481 4698 humanas
2511 4643 2685 4717 [more
2713 4642 2970 4714 humano]
3002 4646 3286 4701 miseratus
3315 4648 3608 4716 angustias,

2013 4735 2140 4788 dum
2205 4736 2452 4804 precibus
2507 4735 2773 4801 erantlzevi
2820 4737 3032 4790 barbari
3101 4737 3362 4804 ﬂectitur,
3422 4757 3608 4796 omnes

2013 4821 2240 4878 idoneos
2280 4824 2421 4879 viros
2469 4840 2534 4879 cx
2570 4824 2818 4880 llibtrttis
2869 4828 3118 4882 accersiri
3151 4827 3322 4898 jubet,
3379 4847 3604 4901 quorum

2009 4914 2237 4969 consilio
2283 4915 2531 4983 disponat
2572 4931 2730 4985 quem
2763 4916 2922 4971 linem
2952 4917 3428 4989 supplicationibus
3469 4924 3607 4993 regis

2011 5001 2315 5059 Maurorum
2346 5013 2531 5073 ponat.
2566 5010 2651 5068 At,
2695 5005 2784 5059 ubi
2821 5007 3103 5061 consilium
3133 5017 3268 5071 erat,
3301 5027 3366 5064 ex
3397 5012 3602 5066 consilii

2007 5092 2223 5148 decreto
2253 5103 2307 5148 et
2338 5111 2558 5149 munera
2586 5096 2798 5165 recipit,
2830 5104 2890 5150 et
2913 5111 3109 5166 corpus
3140 5101 3388 5170 martyris
3433 5101 3602 5154 beata:

2004 5183 2185 5248 Jusraz,
2217 5200 2336 5253 qua:
2367 5186 2492 5240 olim
2527 5185 2724 5256 llispali
2755 5203 2876 5239 cum
2907 5201 3104 5240 corona
3135 5189 3375 5258 martyrii
3417 5203 3602 5257 perre-

2005 5275 2081 5328 xit
2128 5275 2194 5328 ad
2245 5274 2554 5340 Christum,
2608 5285 2878 5344 quatenus
2925 5293 3042 5329 eam
3095 5279 3158 5330 ad
3215 5278 3599 5346 Legionensem

2004 5366 2190 5419 urbem
2237 5366 2541 5427 transferat,
2594 5365 2742 5420 reddi
2778 5365 2878 5420 sibi
2929 5367 3191 5436 imperat;
3235 5365 3600 5433 imperialibus

2001 5456 2151 5523 cujus
2176 5456 2234 5524 ju
2266 5456 2340 5512 sis
2364 5456 2505 5510 illico
2533 5457 2790 5512 barbarus
2819 5473 3094 5512 assensum
3126 5456 3231 5527 54
3257 5473 3345 5525 pr..
3367 5456 3522 5522 beas,
3548 5474 3577 5511 e

1999 5563 2057 5602 se
2086 5547 2333 5601 daturum
2363 5548 2682 5602 beatissime
2707 5550 2927 5617 virginis
2956 5563 3151 5615 corpus
3174 5545 3482 5616 spepondit.

2067 5636 2120 5690 ‘2.
2169 5655 2185 5687 ι
2207 5635 2321 5702 Qua
2365 5637 2656 5706 sponsione
2686 5645 2929 5703 accepta,
2961 5642 3240 5702 postquam
3268 5635 3332 5688 de
3363 5638 3588 5706 expedio

1999 5730 2146 5783 tione
2189 5729 2277 5782 illa
2330 5737 2544 5782 ventum
2603 5727 2792 5790 fuerat,
2848 5725 3079 5791 Legionc
3131 5740 3223 5779 rex
3277 5725 3587 5782 Ferttandus

1995 5828 2251 5874 convocat
2303 5817 2366 5872 ad
2419 5836 2476 5872 se
2527 5818 2754 5872 AlVllUlll
2785 5856 2798 5881 ,
2851 5815 3215 5884 ltttjttst‘r‘ttt-‘ztli
3256 5821 3413 5889 regia.
3439 5820 3582 5877 urbis
