4028 6200
383 312 444 366 ει
1133 307 1223 363 AD
1261 309 1489 364 OPERA
1529 309 1585 362 S.
1628 303 1869 364 lSlDORl
1913 303 2351 363 lllSPALENSIS
2389 304 2914 361 PROLEGOMENA.
3589 308 3659 367 52

389 421 744 479 venerabilem
772 422 1103 494 episcopum,
1133 429 1188 476 et
1209 418 1524 486 Ordoniurn,
1570 418 1965 475 Astoricenscm
1997 418 2043 476 Α
2070 417 2401 488 subsequens
2431 418 2570 493 (sic),
2599 428 2791 474 exutus
2819 420 2923 474 hoc
2952 419 3164 475 mortali
3192 435 3440 490 corpore,
3463 421 3531 477 ad
3559 436 3660 481 nos

383 513 735 570 reverendam
775 512 1088 576 antistitem,
1140 510 1404 579 simulque
1450 509 1756 565 Munioncm
1798 509 1972 564 comi-

382 614 512 668 tem,
543 610 600 659 et
623 619 718 660 eos
742 620 863 660 cum
894 618 1054 658 manu
1093 600 1321 656 militum
1347 601 1412 655 ad
1441 599 1790 656 deferendum
1833 615 1971 668 prae-

379 694 500 749 fataa
527 693 750 764 virginis
779 709 975 766 corpus
1002 691 1261 764 Hispalim
1309 693 1492 746 mittit.
1545 693 1646 759 Qui
1695 693 1972 746 venientes

378 784 628 839 mandata
652 783 792 853 regis
817 783 1133 839 Abenbabet
1152 781 1410 838 referunt.
1438 778 1641 848 Quibus
1666 781 1753 835 ille
1779 780 1968 845 :Novi,

377 873 569 941 inquit,
600 887 689 928 me
722 872 942 928 domino
972 879 1152 927 vestro
1180 871 1510 941 promisisse,
1540 869 1684 940 quod
1713 870 1966 940 quaeritis.

376 963 482 1018 Sed
513 979 611 1019 nec
638 978 760 1034 ego,
795 978 894 1017 nec
920 962 1112 1033 aliquis
1141 977 1381 1016 meorum
1409 961 1563 1016 vobis
1593 976 1787 1029 corpus
1825 959 1968 1030 quod

373 1051 693 1107 desideratis
740 1051 1028 1107 ostendere
1075 1051 1292 1120 poterit.
1348 1050 1455 1105 Vos
1500 1050 1598 1122 ipsi
1642 1051 1884 1119 quaerite,
1915 1057 1971 1106 et

373 1140 648 1195 inventum
677 1141 868 1206 tollite,
901 1143 1162 1196 abeuntes
1185 1156 1307 1196 cum
1339 1156 1492 1212 pace.
1523 1141 1785 1198 Catterum
1809 1180 1826 1208 ,
1875 1141 1970 1197 de-

370 1230 687 1296 litescendo,
739 1247 806 1286 an
854 1247 985 1288 vere
1029 1233 1288 1288 barbarus
1336 1241 1534 1289 nostrae
1584 1233 1837 1302 legationi
1868 1234 1969 1290 ista

369 1320 589 1388 dixerit,
617 1337 805 1392 parum
832 1324 1210 1394 comperimus.
1243 1324 1349 1380 Sed
1378 1324 1693 1395 plerumque
1723 1326 1968 1380 humanae

365 1411 699 1480 voluntates,
728 1421 788 1467 ut
811 1421 936 1467 sunt
959 1414 1324 1477 vehementes,
1356 1413 1429 1469 ita
1458 1423 1513 1469 et
1541 1415 1784 1470 mobiles.
1813 1413 1970 1481 Quod

365 1501 592 1557 audiens
614 1502 857 1570 egregius
887 1501 1091 1558 Alvitus
1121 1503 1426 1575 episcopus,
1452 1504 1629 1559 socios
1652 1520 1778 1560 suos
1808 1504 1964 1574 (allo-

364 1592 560 1664 quitur)
608 1592 688 1648 sic
713 1593 900 1649 dicens
925 1611 939 1647 :
964 1591 1036 1648 Ut
1063 1595 1350 1661 cernimus,
1381 1593 1593 1661 fratres,
1640 1595 1742 1649 nisi
1785 1595 1963 1649 divina

367 1685 640 1741 miseratio
673 1685 840 1740 labori
875 1687 1040 1742 nostri
1091 1687 1299 1743 itineris
1345 1686 1678 1753 subvenerit,
1724 1686 1961 1744 frustrati

2073 524 2194 564 cum
2245 523 2443 566 corona
2493 509 2712 579 iustitia:
2755 511 3052 579 pervenies.
3101 509 3204 577 Qui
3250 520 3535 584 postquam
3579 512 3661 570 lo-

2072 600 2271 671 quendi
2297 601 2455 656 linem
2484 599 2630 669 fecit,
2656 601 2793 655 visio
2822 601 2999 656 ablata
3028 608 3130 656 est.

2144 690 2198 746 5.
2236 711 2255 744 ι
2281 691 2516 762 Surgens
2536 704 2665 760 ergo
2692 691 2884 764 praesul
2912 707 2943 745 a
2968 707 3183 761 somno,
3210 699 3391 748 certus
3417 692 3484 747 de
3515 700 3660 748 tanta

2072 783 2301 852 visione,
2330 783 2424 839 sed
2451 783 2624 839 ἰωιίοῐ
2649 784 2715 839 de
2743 783 2825 838 sui
2846 783 3156 853 vocatione,
3187 781 3332 840 facto
3357 784 3468 853 jam
3499 800 3660 840 mane

2069 876 2250 932 socios
2297 874 2561 942 hortatur,
2611 876 2831 931 dicens:
2859 875 3085 945 Oportet
3132 890 3262 942 nos,
3311 876 3660 941 dilectissimi,

2068 965 2515 1035 omnipotentiam
2543 965 2736 1020 summi
2769 962 2942 1020 Patris
2972 963 3205 1018 divinam
3250 965 3435 1034 pronis
3464 965 3659 1018 menti-

2067 1054 2169 1111 bus
2217 1054 2467 1123 adorare,
2513 1055 2604 1124 qui
2655 1070 2773 1120 nos,
2824 1069 2921 1109 sua
2969 1055 3138 1122 gratia
3188 1055 3542 1124 praecedente,
3576 1067 3659 1111 est

2069 1143 2332 1214 dignatus,
2386 1151 2444 1200 et
2469 1143 2773 1199 mercedem
2803 1142 2971 1198 nostri
3001 1143 3246 1213 (itineris)
3279 1142 3522 1198 frustrari
3550 1159 3657 1198 non

2067 1242 2151 1291 est
2176 1248 2384 1304 passus.
2414 1232 2604 1290 Divino
2633 1234 2828 1289 etenim
2855 1244 2987 1289 nutu
3028 1233 3376 1304 prohibemur
3417 1234 3656 1289 membra

2067 1324 2259 1394 beatte,
2312 1325 2424 1380 Deo
2471 1324 2684 1388 dicatae,
2715 1325 2934 1394 virginis
2963 1323 3125 1379 Just-.13
3150 1325 3274 1380 hinc
3317 1324 3658 1392 abstrahere;

2066 1415 2162 1472 sed
2190 1430 2297 1470 non
2327 1415 2536 1470 minora
2564 1414 2854 1470 deferimus
2890 1413 3075 1489 [Forte
3119 1413 3443 1486 deferemus]
3494 1415 3657 1481 dona,

2065 1507 2192 1563 dum
2243 1523 2441 1578 corpus
2476 1507 2770 1564 beatissimi
2816 1505 3021 1572 lsidori,
3070 1509 3160 1576 qui
3201 1508 3299 1561 hac
3330 1506 3384 1561 in
3414 1506 3547 1562 urbe
3574 1522 3647 1562 sa.

2063 1599 2290 1657 cerdotii
2335 1599 2536 1670 potitus
2568 1607 2652 1655 est
2677 1598 2864 1668 infula,
2900 1607 2956 1655 et
2995 1607 3162 1655 totam
3205 1599 3514 1669 Hispaniam
3560 1613 3657 1655 suo

2064 1707 2231 1763 opere
2275 1691 2569 1759 decoravit,
2615 1701 2671 1747 et
2711 1692 2900 1759 verbo,
2949 1692 3180 1748 delaturi
3216 1708 3418 1748 sumus.
3452 1690 3518 1745 Et
3545 1691 3657 1746 haec

366 1776 698 1832 recedemus.
729 1775 1101 1832 Necessarium
1131 1779 1315 1848 itaque
1340 1777 1569 1844 videtur,
1611 1778 1962 1839 dilectissimi,
1999 1772 2041 1831 Β
2069 1782 2272 1852 dicens,
2303 1782 2546 1839 ordinem
2572 1781 2792 1837 visionis
2815 1781 2894 1836 eis
2921 1781 3158 1836 seriatim
3190 1779 3474 1851 patefecit;
3516 1777 3658 1847 quod

365 1875 425 1921 ut
451 1884 479 1922 a
507 1868 640 1937 Deo,
672 1869 755 1924 cui
789 1869 920 1924 nihil
951 1870 1280 1940 impossibile
1307 1879 1410 1937 est,
1442 1886 1598 1942 opem
1633 1879 1955 1941 quaerentes,

366 1957 540 2011 trilno
565 1957 784 2028 jejuniis
825 1968 879 2014 et
916 1960 1251 2016 orationibus
1295 1960 1640 2026 insistamus,
1691 1967 1957 2030 quatenus

361 2049 538 2103 divina
571 2050 822 2120 majestas
850 2052 1120 2105 occultum
1150 2051 1305 2107 nobis
1334 2050 1504 2106 sancti
1549 2050 1793 2120 corporis
1835 2049 1955 2104 the-

359 2156 578 2198 saurum
610 2143 850 2198 revelare
877 2141 1145 2214 dignetur.

430 2233 485 2288 5.
528 2253 546 2285 ι
575 2233 780 2290 Placuit
826 2235 1034 2292 cunctis
1081 2223 1386 2301 exhortatio
1439 2233 1698 2304 pusulis,
1752 2241 1809 2288 ttt
1856 2233 1953 2288 tri-

360 2325 528 2380 duum
579 2326 708 2382 illud
734 2327 984 2397 precibus
1011 2334 1351 2396 peragerent.
1383 2324 1612 2395 Jamque
1654 2325 1744 2381 die
1775 2323 1954 2390 tertia,

359 2431 580 2472 emenso
611 2415 852 2488 olympo,
879 2417 961 2472 sol
992 2417 1342 2481 occubuerat,
1374 2431 1520 2480 cum,
1545 2423 1738 2483 quarta
1768 2428 1958 2484 perve-

359 2508 541 2563 niente
568 2515 748 2572 nocte,
783 2507 1103 2562 venerabilis
1129 2506 1323 2577 praesul
1358 2505 1558 2561 Alvitu;
1581 2504 1801 2576 pervigil
1831 2519 1954 2559 ora-

359 2599 492 2654 tioni
542 2598 842 2655 insistebat.
887 2597 1119 2662 Interea,
1169 2597 1296 2653 dum
1343 2597 1476 2653 sella
1523 2596 1786 2664 residens,
1818 2597 1958 2650 fessa

358 2690 599 2747 membra
631 2689 903 2762 paulisper
931 2697 1282 2758 sustentaret,
1332 2696 1496 2758 atque
1548 2702 1731 2742 secum
1781 2684 1960 2742 nescio

359 2781 490 2852 quid
541 2780 610 2836 de
650 2781 870 2852 psalmis
918 2781 1171 2847 recitans,
1222 2796 1330 2851 prae
1358 2780 1524 2836 nimio
1553 2779 1852 2848 vigiliarum
1880 2776 1961 2831 la-

358 2874 493 2930 bore
538 2888 729 2931 somno
775 2873 1205 2944 opprimeretur,
1254 2872 1498 2943 apparuit
1528 2872 1578 2926 ei
1608 2871 1825 2940 quidam
1857 2869 1960 2941 vir,

360 2964 665 3020 veneranda
689 2965 887 3020 canitie
907 2972 1175 3034 comptus,
1202 2961 1497 3032 p0ntificali
1519 2959 1684 3016 infula
1712 2961 1957 3029 amictus,

357 3067 588 3124 eumque
639 3051 730 3106 tali
777 3067 912 3108 voce
957 3051 1258 3121 alloquens,
1302 3052 1378 3106 ait
1423 3049 1596 3106 :Scio
1642 3049 1857 3119 quidem
1910 3056 1963 3105 te

2059 1873 2361 1941 audientes,
2410 1873 2702 1930 immensas
2753 1872 2864 1928 Deo
2909 1871 3108 1943 gratias
3137 1869 3448 1937 referendo,
3477 1883 3659 1936 regem

2058 1966 2449 2023 Saracenorum
2499 1966 2657 2022 simul
2704 1965 2920 2030 adeunt,
2971 1966 3128 2034 eique
3178 1963 3427 2018 universa
3469 1960 3658 2016 ordine

2058 2057 2319 2128 pandunt.
2343 2056 2572 2127 Expavit
2591 2056 2872 2121 barbarus,
2895 2061 2951 2111 et
2971 2054 3097 2109 licet
3125 2052 3372 2117 infidelis,
3399 2050 3657 2104 virtutem

2059 2157 2240 2204 tamen
2277 2148 2498 2202 Domini
2542 2147 2833 2212 admirans,
2866 2145 3000 2200 dixit
3027 2142 3255 2206 eis:Et,
3306 2142 3352 2197 si
3398 2140 3658 2195 [siderum

2059 2241 2214 2296 vobis
2263 2240 2478 2308 tribuo,
2533 2255 2655 2295 cum
2707 2254 2815 2306 quo
2866 2238 2955 2293 hic
3004 2235 3344 2292 remanebo‘l
3391 2231 3657 2287 Caeterum

2061 2344 2223 2390 tanta:
2267 2333 2606 2390 auctoritatis
2648 2332 2794 2386 viros
2839 2344 3096 2401 spernere,
3139 2343 3248 2383 non
3294 2326 3517 2389 audens,
3568 2323 3656 2377 dat

2060 2427 2329 2482 licentiam
2382 2423 2708 2480 confessoris
2755 2423 2995 2477 membra
3043 2420 3336 2491 inquirere.
3387 2415 3659 2486 Stupcnda

2062 2519 2275 2586 loquor,
2329 2516 2396 2569 ab
2424 2515 2508 2570 his
2537 2521 2720 2568 tamen
2749 2513 2840 2583 qui
2873 2509 3165 2566 interfuere
3207 2507 3438 2579 prolata.
3484 2502 3659 2573 Siqui-

2061 2609 2186 2664 dem
2243 2607 2548 2678 sepulcrum
2601 2604 2747 2662 beati
2800 2603 3046 2674 corporis
3097 2601 3224 2656 dum
3281 2603 3655 2668 quaereretur,

2062 2699 2344 2768 vestigium
2393 2697 2555 2766 virga:
2598 2710 2721 2752 cum
2769 2709 2876 2765 qua
2931 2699 3152 2749 sanctus
3195 2688 3470 2746 confessor
3520 2686 3657 2741 trina

2063 2787 2411 2858 percussione
2439 2785 2616 2841 locum
2651 2781 2985 2839 monumenti
3013 2784 3428 2843 monstraverat,
3458 2777 3510 2830 in
3543 2776 3657 2844 ipso

2067 2887 2224 2935 terra
2267 2879 2384 2934 solo
2434 2879 2704 2933 inventum
2736 2883 2838 2932 est.
2870 2874 2987 2941 Quo
3015 2871 3254 2937 detecto,
3296 2877 3445 2924 tanta
3474 2868 3657 2923 odoris

2067 2968 2359 3039 fragrantia
2390 2968 2678 3032 emanavit,
2712 2974 2770 3021 ut
2795 2964 3019 3034 capillos
3045 2963 3235 3033 capitis
3259 2969 3314 3016 et
3341 2960 3520 3016 barba:
3541 2971 3656 3014 orn-

2067 3063 2212 3119 nium
2260 3062 2354 3132 qui
2399 3060 2626 3115 aderant
2672 3057 2839 3114 veluti
2891 3055 3087 3111 nebula
3137 3064 3500 3120 nectareoque
3552 3051 3658 3121 56

358 3159 481 3201 cum
510 3142 671 3199 sociis
700 3142 811 3199 tuis
835 3141 902 3196 ad
931 3141 1038 3198 hoc
1063 3143 1294 3206 venisse,
1325 3149 1385 3195 ut
1411 3156 1605 3211 corpus
1633 3139 1956 3195 beatissimze
1983 3133 2029 3196 C
2066 3156 2291 3212 balsami
2331 3169 2456 3210 τοι-θ
2483 3152 2846 3224 perfunderet.
2887 3149 3095 3220 corpus
3120 3156 3299 3204 autem
3337 3147 3553 3202 beatum
3594 3143 3659 3199 ιί-

358 3233 579 3302 virginis
619 3231 807 3301 Justze,
834 3231 958 3286 hinc
986 3230 1389 3295 transferentes,
1421 3231 1696 3284 vobiscum
1728 3228 1959 3284 ducatis.

363 3325 469 3382 Sed
499 3326 752 3396 quoniam
796 3340 902 3380 non
933 3332 1017 3380 est
1043 3323 1235 3379 divina:
1263 3322 1556 3379 voluntatis
1601 3330 1660 3376 ut
1689 3322 1804 3376 hinc
1828 3321 1960 3377 civi-

364 3425 447 3475 tas
497 3418 751 3473 abscessu
800 3415 958 3485 hujus
986 3415 1204 3484 virginis
1234 3414 1526 3480 desoletur,
1575 3413 1835 3468 immensa
1864 3410 1959 3467 Dei

359 3510 534 3580 pietas
579 3524 676 3565 vos
720 3509 998 3565 remittere
1037 3521 1240 3563 vacuos
1293 3521 1398 3561 non
1430 3506 1640 3577 patiens
1673 3504 1810 3576 (sic),
1842 3520 1962 3560 cor-

361 3617 466 3673 pus
507 3616 687 3657 meum
729 3599 985 3656 donatum
1015 3607 1100 3655 est
1125 3597 1320 3667 vobis,
1364 3596 1508 3668 quod
1555 3596 1839 3663 tollentes,
1893 3593 1961 3650 ad

361 3691 580 3761 propria
621 3697 877 3745 remeate.
911 3689 1080 3756 Quem
1111 3702 1234 3743 cum
1261 3687 1590 3743 reverendus
1618 3687 1700 3740 vir
1726 3686 1960 3741 interro-

359 3789 513 3851 garet
559 3781 680 3850 quis
713 3789 892 3848 esset,
940 3782 1030 3850 qui
1063 3780 1186 3835 talia
1215 3780 1318 3836 sibi
1350 3779 1674 3850 injuugeret,
1703 3781 1774 3834 ait
1802 3797 1815 3833 :
1846 3777 1960 3848 Ego

360 3887 476 3928 sum
525 3869 902 3942 Hispaniarum
953 3872 1165 3938 doctor,
1216 3871 1589 3943 hujuscemodi
1619 3871 1765 3927 urbis
1793 3871 1960 3926 antis-

362 3972 444 4020 tes
490 3963 748 4021 lsidorus.
803 3963 928 4022 Haec
958 3964 1160 4030 dicens,
1216 3964 1284 4021 ab
1336 3965 1510 4023 oculis
1540 3963 1806 4020 cem-mis
1833 3977 1961 4018 eva-

359 4056 494 4112 nuit.

434 4150 538 4222 55
577 4147 630 4204 4.
689 4167 709 4200 ‹
737 4147 1006 4216 Evigilans
1046 4155 1228 4201 autem
1275 4145 1509 4215 praesul,
1557 4145 1722 4215 coepit
1765 4145 1958 4204 visioni

361 4240 746 4310 congratul..ri,
778 4254 842 4293 ac
869 4239 1035 4292 Deum
1065 4235 1320 4290 attentius
1347 4249 1592 4302 exorare,
1638 4235 1954 4308 deprecans,

362 4343 443 4398 ut,
474 4333 518 4384 si
561 4344 627 4384 ex
659 4328 768 4382 D.o
799 4335 942 4382 esset
982 4328 1096 4381 haec
1123 4325 1279 4393 visio,
1310 4326 1503 4382 iterum
1553 4335 1610 4384 et
1654 4329 1814 4384 tertio
1843 4329 1958 4398 ple-

362 4424 485 4478 nius
515 4421 896 4475 innotesceret.
928 4416 1130 4472 Taliter
1155 4432 1336 4484 orans,
1369 4435 1554 4477 rursus
1593 4420 1952 4490 obdormivit;

2065 3259 2205 3315 gneo
2246 3242 2506 3309 vasculo,
2559 3257 2625 3297 ex
2668 3240 2920 3311 junipero
2966 3238 3146 3301 facto,
3198 3244 3316 3293 erat
3359 3236 3654 3300 obtectum,

2064 3339 2394 3406 statimque,
2445 3344 2503 3389 ut
2547 3342 2846 3389 reseratum
2897 3340 3020 3398 est,
3071 3328 3437 3387 venerabilem
3485 3327 3656 3381 virum

2063 3429 2299 3485 Alvitum
2329 3429 2639 3498 episcopum
2665 3424 2925 3495 aegritudo
2972 3421 3268 3493 corripuit,
3318 3435 3382 3477 ac
3426 3419 3658 3491 septimo

2062 3522 2170 3589 die,
2201 3529 2424 3590 accepta
2451 3519 2788 3591 paenitentia,
2817 3516 3070 3585 angelicis
3097 3513 3339 3570 manibus
3361 3552 3376 3579 ,
3421 3519 3482 3566 ut
3524 3523 3655 3564 vera

2063 3613 2195 3670 ﬁdes
2221 3612 2469 3680 credidit,
2505 3611 2752 3682 spiritum
2783 3609 3021 3665 tradidit.

2132 3703 2187 3760 6.
2251 3721 2271 3756 ι
2299 3702 2567 3759 Ordonius
2609 3708 2790 3756 autem
2837 3697 3194 3753 Astoricensis
3240 3695 3554 3764 episcopus,
3602 3697 3662 3744 et

2061 3794 2238 3852 omnis
2265 3793 2556 3856 exercitus,
2588 3796 2810 3858 accepta
2847 3787 3001 3857 gleba
3030 3784 3173 3840 beati
3200 3781 3408 3847 lsidori,
3437 3788 3493 3836 et
3534 3795 3661 3836 cor-

2061 3901 2193 3956 pore
2218 3883 2566 3953 Legionensis
2593 3877 2852 3948 prmsulis,
2877 3875 2989 3946 jam
3017 3874 3084 3928 ad
3114 3886 3293 3942 regem
3315 3870 3658 3926 Fernandum

2060 3973 2322 4041 repedare
2369 3969 2731 4030 festinabant,
2777 3979 2904 4018 cum
2951 3977 3082 4018 ecce
3125 3977 3222 4018 rex
3260 3959 3658 4016 Saracenorum

2059 4057 2395 4128 supradictus
2428 4055 2744 4109 Abenhabet
2788 4053 3050 4108 cortinam
3075 4093 3094 4120 ,
3144 4051 3278 4107 miro
3327 4065 3492 4120 opere
3531 4064 3660 4104 con-

2059 4156 2259 4204 textam
2283 4186 2302 4217 ,
2355 4161 2516 4216 super
2544 4145 2934 4215 sarcophagum
2963 4143 3108 4198 beati
3136 4142 3460 4199 confessoris
3482 4141 3657 4210 jacta-

2059 4240 2156 4306 vit,
2207 4247 2370 4310 atque
2397 4252 2462 4292 ex
2494 4236 2602 4293 imo
2631 4239 2852 4306 pectore
2896 4247 3088 4304 magna
3121 4234 3372 4289 emittens
3401 4231 3652 4302 suspiria,

2058 4327 2332 4386 dixitzEn
2376 4327 2592 4395 abhinc,
2638 4326 2862 4393 Isidore,
2909 4326 2991 4380 vir
3033 4322 3365 4389 venerande,
3407 4320 3653 4386 recedis;

2060 4425 2174 4494 ipse
2204 4429 2380 4477 tamen
2406 4419 2570 4486 nosti,
2603 4427 2691 4473 tua
2719 4417 2967 4488 qualiter,
3007 4425 3063 4472 et
3101 4431 3222 4472 mea
3263 4430 3351 4470 res
3391 4421 3493 4469 est.
3525 4411 3654 4466 Ilzec

361 4523 417 4568 et
464 4528 594 4568 ecce
643 4509 783 4566 idem
822 4509 910 4566 vir
948 4509 1000 4563 in
1049 4507 1238 4564 eodem
1286 4509 1472 4565 habitu
1517 4528 1624 4568 non
1675 4513 1952 4571 dissimilia
1982 4502 2036 4562 ι)
2059 4514 2126 4570 ab
2155 4513 2258 4568 illis
2287 4519 2413 4568 sunt
2441 4518 2568 4566 uota
2591 4509 2682 4580 qui
2711 4508 3118 4580 praesentialiter
3147 4522 3206 4563 se
3229 4505 3442 4561 audisse
3470 4502 3654 4558 testati

362 4615 524 4672 quam
554 4601 701 4671 prius
727 4599 891 4654 verba
921 4613 1200 4671 perorans,
1233 4615 1445 4655 rursum
1474 4603 1710 4658 evanuit.
1749 4601 1954 4675 Exper-

362 4693 607 4763 gefactus
653 4693 847 4748 iterum
898 4693 1178 4765 pontifex,
1226 4694 1456 4750 alacrius
1501 4697 1696 4751 trinam
1735 4696 1955 4752 visionis

366 4783 790 4839 admonitionem
836 4799 868 4840 a
901 4783 1129 4841 Domino
1179 4785 1520 4857 implorabat.
1551 4785 1674 4854 Qui,
1705 4787 1830 4841 dum
1857 4786 1954 4842 ob-

365 4873 560 4928 noxius
586 4870 770 4946 [Forte
789 4869 1056 4945 obnixius]
1083 4872 1250 4928 Deum
1280 4883 1551 4940 exoraret,
1579 4875 1739 4930 tertio
1762 4891 1955 4934 somno

365 4963 678 5032 corripitur.
733 4961 885 5018 Tunc
930 4964 1014 5018 vir
1056 4964 1429 5034 supradictus,
1473 4967 1637 5022 veluti
1684 4967 1850 5022 semel
1900 4975 1955 5022 ct

365 5053 620 5119 secundo,
652 5053 703 5109 ei
748 5069 1036 5125 apparens,
1066 5069 1184 5124 quat
1208 5062 1369 5110 antea
1413 5056 1624 5112 dixerat
1669 5061 1827 5116 tertio
1870 5076 1956 5116 re-

366 5149 615 5218 plicavit;
664 5156 829 5220 atque
872 5149 1042 5219 virga,
1093 5164 1256 5220 quam
1305 5164 1468 5204 manu
1516 5151 1751 5217 tenebat,
1798 5160 1957 5210 terra;

365 5241 538 5295 solum
583 5247 669 5296 ter
709 5241 1037 5312 percutiens,
1080 5241 1284 5311 locum,
1335 5241 1387 5296 in
1430 5256 1538 5311 quo
1575 5254 1792 5298 sanetus
1834 5245 1954 5298 the-

366 5346 560 5387 saurus
609 5331 874 5399 latitabat,
924 5330 1186 5401 ostendit,
1242 5331 1464 5387 dicens:
1497 5330 1632 5398 llic,
1686 5333 1812 5400 hic,
1869 5335 1956 5390 hic

368 5437 547 5478 meum
579 5422 820 5478 invenies
847 5436 1074 5491 corpus;
1107 5431 1161 5475 et
1203 5438 1272 5477 ne
1308 5430 1464 5492 putes
1492 5431 1545 5478 te
1579 5423 1957 5493 phantasmate

367 5514 568 5579 deludi,
596 5514 704 5570 hoc
747 5512 852 5568 erit
899 5512 990 5566 tibi
1030 5512 1241 5581 signum
1268 5513 1373 5568 mei
1402 5513 1623 5569 veridici
1671 5517 1952 5580 sermonis,

367 5609 515 5680 quod
561 5622 687 5662 mox
737 5616 795 5662 ιιι
839 5621 1018 5662 meum
1068 5622 1267 5678 corpus
1293 5622 1455 5677 super
1481 5615 1676 5664 terram
1703 5609 1954 5664 eductum

371 5700 552 5765 fuerit,
583 5697 828 5754 molestia
855 5701 1103 5771 corporis
1129 5699 1453 5771 corripicris,
1485 5713 1647 5770 quam
1675 5699 1794 5754 linis
1835 5699 1957 5754 vitae

2055 4611 2198 4661 sunt.
2250 4601 2437 4672 Legati
2469 4615 2604 4656 vero
2663 4614 2784 4654 cum
2838 4606 2986 4654 tanto
3037 4597 3184 4652 dono
3228 4595 3440 4651 coalitus
3485 4592 3651 4646 misso

2056 4698 2160 4753 iter
2201 4695 2542 4766 arripientes,
2587 4692 2656 4748 ad
2702 4692 2920 4763 propria
2963 4697 3090 4745 sunt
3131 4689 3357 4743 reversi.
3389 4685 3448 4740 In
3477 4683 3653 4739 reditu

2055 4804 2283 4859 quorum
2310 4786 2729 4858 gloriosissimus
2753 4799 2848 4839 rex
2876 4780 3188 4838 Fernantlus
3217 4793 3468 4849 magnum
3499 4776 3656 4834 exhi-

2055 4879 2174 4936 buit
2220 4886 2576 4949 apparatum;
2625 4875 2757 4946 qui,
2808 4873 2935 4928 licet
2987 4872 3055 4927 de
3102 4871 3256 4926 obitu
3304 4868 3654 4938 Legionensis

2057 4970 2296 5040 episcopi
2347 4967 2794 5030 contristaretur,
2848 4973 3027 5019 tamen
3077 4961 3308 5017 adventu
3357 4957 3649 5015 beatissimi

2057 5060 2382 5116 confessoris
2428 5058 2618 5115 lsidori
2674 5056 3008 5112 ambitiosam
3062 5052 3304 5110 exhibuit
3356 5063 3647 5121 pompam,

2057 5152 2208 5220 cujus
2235 5157 2476 5205 sanctum
2507 5163 2702 5218 corpus
2732 5147 2785 5201 in
2814 5145 3027 5200 basilica
3057 5143 3198 5198 beati
3243 5139 3462 5196 Joannis
3511 5137 3650 5205 Bap-

2059 5241 2215 5307 ti.~t.'e,
2244 5255 2404 5310 quam
2435 5239 2580 5294 idem
2609 5237 2982 5294 serenissimus
3010 5251 3125 5300 rex,
3179 5243 3237 5288 ut
3277 5231 3437 5302 paulo
3484 5227 3647 5300 (tmte)

2057 5332 2299 5398 tuemini,
2341 5330 2579 5400 Legione
2617 5329 2828 5384 noviter
2858 5325 3230 5387 fabricaverat,
3267 5322 3525 5392 reposuit.
3556 5319 3647 5373 Al-

2057 5424 2199 5479 vitus
2245 5430 2424 5476 autem
2469 5418 2806 5475 venerandus
2850 5417 3074 5471 antistes
3121 5416 3172 5469 in
3219 5413 3444 5478 ecclesia
3472 5411 3646 5467 beata:

2058 5515 2258 5584 Mariae,
2306 5515 2391 5571 cui
2437 5513 2740 5584 praefuerat,
2791 5511 2901 5566 Deo
2943 5518 3234 5573 annuente,
3275 5506 3437 5562 habet
3463 5503 3644 5575 sepul-

2055 5621 2228 5661 crum.
2514 5646 2522 5654 .

2129 5699 2182 5751 7.
2230 5715 2249 5750 ι
2277 5694 2442 5767 Igitur
2470 5702 2593 5766 post
2621 5707 2792 5750 annos
2821 5697 3242 5762 quatuorcentos
3267 5687 3442 5743 obitus
3470 5684 3551 5740 sui
3578 5681 3644 5737 ab
