4012 6196
289 289 361 342 53
1383 276 1784 337 lSlDOHIANA.
1829 308 1899 320 -—

2018 277 2114 333 ,κδ
2154 278 2194 334 Ι.
2237 277 2391 333 CAP.
2440 280 2505 335 Χ.
3510 282 3576 337 ει

289 402 688 472 Ilispalensium
714 404 929 460 civitate
958 399 1271 456 translatum
1300 402 1384 451 est
1407 407 1603 463 corpus
1630 389 1879 447 heatissi-
1909 393 1956 449 Α
1985 393 2177 444 doctor
2202 389 2453 455 eximius,
2502 390 2575 444 ita
2607 398 2663 444 ut
2689 391 2983 445 secundum
3013 392 3326 460 qualitatem
3371 408 3576 450 sermo-

287 496 362 549 mi
393 493 585 549 Isidori
614 495 939 551 confessoris
966 491 1186 555 Christi,
1217 498 1377 558 atque
1425 486 1478 541 in
1529 485 1662 539 urbe
1691 482 1888 550 Legio-

293 584 454 638 nensi
503 599 627 639 cum
656 585 819 653 digno
848 585 1055 638 honore
1107 579 1404 635 conditum.
1451 573 1765 643 Aggregatis
1806 578 1889 625 et-

288 676 437 731 enim
470 674 637 730 totius
660 676 810 745 regni
838 674 923 729 sui
956 672 1237 735 nobilibus,
1269 668 1554 739 episcopis,
1585 664 1890 731 abbatibus,

290 764 574 834 [tralatum
601 764 890 820 ecclesiam
922 780 1015 818 rex
1044 764 1095 816 in
1122 763 1325 815 honore
1351 755 1675 813 confessoris
1703 768 1891 808 conse-

289 854 431 907 crari
485 852 614 908 fecit
662 870 806 908 anno
852 852 1133 907 dominicae
1179 847 1564 904 incarnationis
1610 843 1893 899 millesimo

290 944 741 1013 quinquagesimo
782 944 1140 1015 (sexagesimo
1169 938 1460 1011 legendum)
1502 936 1759 999 secundo,
1792 951 1893 988 un-

290 1034 507 1087 decimo
538 1032 807 1088 Kalendas
834 1031 1092 1087 Januarii.
1121 1031 1386 1087 Caeterum
1416 1043 1536 1083 cum
1566 1035 1712 1081 tanta
1739 1024 1898 1079 devo-

291 1123 441 1177 tione
470 1124 521 1177 iu
557 1123 846 1177 festivitate
876 1123 961 1176 illa
993 1137 1084 1177 rex
1114 1119 1527 1190 gloriosissimus
1553 1116 1621 1171 ob
1646 1129 1897 1170 reveren-

292 1213 424 1265 tiam
454 1213 626 1267 sancti
658 1212 912 1267 antiStilis
954 1210 1241 1265 humilitati
1288 1208 1498 1263 deditus
1526 1206 1690 1261 fuisse
1720 1203 1899 1275 perhi-

291 1306 470 1365 betur.
500 1314 576 1368 ut,
604 1319 726 1358 cum
753 1305 817 1358 ad
842 1302 1145 1359 convivium
1169 1308 1387 1355 ventum
1417 1298 1610 1362 fuerat,
1636 1293 1899 1363 religiosis

290 1397 599 1465 quibusque
664 1394 795 1449 viris
859 1393 1121 1449 delicatos
1182 1391 1354 1456 cibos,
1417 1387 1666 1458 deposito
1731 1384 1897 1452 regali

290 1484 608 1551 supercilio,
638 1483 756 1536 vice
785 1481 1103 1536 famulorum
1135 1479 1366 1550 propriis
1393 1476 1638 1532 manibus
1657 1488 1899 1545 appone-

290 1581 393 1625 ret.
450 1570 653 1639 Regina
700 1586 915 1640 quoque
957 1569 1150 1624 Saucia
1177 1608 1191 1633 ,
1251 1584 1374 1623 cum
1416 1567 1536 1621 filiis
1581 1574 1636 1620 et
1689 1564 1898 1618 filiabus

289 1660 446 1725 suis,
498 1659 720 1727 reliqua:
764 1658 1087 1713 multitudini
1141 1673 1292 1712 mare
1337 1656 1676 1712 servulorum
1725 1668 1887 1707 omne

290 1749 615 1819 obsequium
647 1748 920 1802 humiliter
950 1748 1253 1803 exhiberet.

364 1839 417 1893 8.
469 1858 487 1890 ‹
516 1839 574 1892 1η
606 1853 673 1892 eo
702 1845 878 1891 autem
910 1837 1053 1903 loco,
1080 1853 1150 1906 qu
1172 1855 1186 1888 )
1211 1835 1353 1889 beati
1383 1834 1626 1904 corporis
1656 1832 1894 1902 reliquia:

294 1946 324 1983 a
377 1929 519 1982 ﬁdeli
569 1927 768 1997 populo
798 1936 1140 1992 venerantur,
1194 1935 1338 1980 tanta
1384 1934 1439 1981 et
1488 1926 1611 1981 talia
1641 1927 1898 1980 miracu'a

297 2020 554 2072 Dolmnus
584 2030 769 2073 neSter
797 2018 864 2071 ad
891 2018 1148 2073 honorem
1180 2019 1284 2089 57
1316 2028 1369 2073 et
1396 2019 1620 2088 gloriam
1668 2018 1899 2073 nominis

296 2112 376 2165 sui
406 2110 658 2179 dignatus
708 2118 791 2162 est
837 2108 1122 2163 ostendere
1146 2150 1160 2174 ,
1209 2108 1356 2178 quod
1384 2111 1429 2163 si
1460 2110 1650 2178 aliquis
1699 2109 1901 2178 peritus

296 2218 359 2256 ea
389 2201 719 2256 membranis
748 2201 1002 2266 traderet,
1037 2218 1144 2255 non
1176 2202 1393 2255 minima
1442 2202 1697 2257 librorum
1745 2202 1897 2256 volu-

297 2294 445 2347 mina
497 2291 811 2346 conficeret.
843 2289 950 2345 Sed
980 2292 1131 2357 mihi,
1168 2292 1254 2362 qui
1283 2306 1463 2359 regum
1493 2303 1640 2360 gesta
1672 2301 1903 2346 tantum-

297 2383 459 2436 modo
490 2381 732 2435 scribere
762 2381 1042 2450 proposui,
1074 2397 1180 2435 non
1212 2389 1296 2436 est
1324 2382 1548 2435 intentio
1572 2381 1622 2434 in
1658 2387 1903 2448 praesenti

298 2474 493 2527 horum
521 2470 704 2545 [Forte
734 2472 786 2526 in
818 2470 1249 2542 praesentiarum]
1278 2472 1526 2525 evolvere
1580 2480 1803 2541 quanta,
1851 2482 1906 2527 et

304 2578 473 2631 quam
532 2564 720 2615 crebra
775 2561 1033 2615 miracula
1091 2576 1187 2630 per
1236 2560 1559 2616 confessoris
1608 2562 1799 2615 merita
1853 2562 1907 2615 in

300 2654 643 2725 diversorum
674 2652 1040 2720 languentium
1070 2649 1404 2721 corporibus,
1436 2650 1675 2719 ejusdem
1718 2650 1904 2706 suffra-

302 2744 389 2812 gia
420 2743 803 2813 qumrentium,
834 2758 865 2796 a
893 2743 1076 2797 diviao
1107 2743 1299 2812 opilice
1326 2751 1450 2797 sunt
1477 2751 1751 2813 percepta.
1802 2737 1909 2813 Ipsi

303 2840 476 2906 gloria
494 2839 547 2892 in
580 2840 775 2893 saecula
806 2838 1148 2904 smeulorum,
1182 2852 1359 2890 amen.
1385 2856 1404 2889 ι

374 2926 427 2981 9.
473 2926 688 2980 Editum
738 2926 841 2980 hoc
889 2924 1195 2980 Chronicou
1250 2926 1351 2981 fuit
1401 2942 1431 2980 a
1484 2924 1730 2981 Florezio
1776 2937 1907 2981 tom.

303 3018 445 3075 XVII
476 3017 627 3088 Hisp.
661 3033 825 3083 sacr.,
858 3018 971 3088 qui,
1000 3033 1148 3072 num.
1200 3011 1250 3084 5,
1303 3017 1536 3089 Surgens
1588 3025 1709 3088 post
1751 3022 1915 3076 nostri

1996 479 2079 535 nis
2106 480 2354 535 omnibus
2389 480 2637 537 videlicet
2684 479 2907 545 Latinis,
2956 482 3176 548 Grrccis,
3224 492 3277 537 et
3325 482 3582 545 Ilebrznis.

1994 572 2325 641 sapientibus
2350 614 2367 641 ,
2413 589 2478 628 ac
2520 574 2696 629 minus
2740 574 3157 642 intelligentihus
3205 575 3256 629 in
3286 576 3589 631 eruditione

1995 662 2244 716 existeret
2277 671 2450 731 aptus,
2484 670 2643 730 atque
2672 662 3072 731 incomparabili
3105 665 3413 732 eloquentia
3446 674 3587 719 stre-

1997 767 2153 807 nuus.
2214 754 2320 824 58
2370 751 2553 805 Tanta:
2608 752 2916 821 sapientizc,
2971 761 3026 806 et
3077 752 3371 820 doctrinm,
3429 769 3591 824 atque

1997 843 2295 897 sanctitatis
2324 842 2422 897 fuit
2454 844 2538 895 hic
2570 843 2648 896 vir
2677 842 3112 912 gloriosissimus,
3162 852 3218 897 ut
3246 852 3396 898 recte
3423 843 3492 898 de
3522 860 3591 899 co

1996 935 2203 989 dicatur
2230 951 2241 986 :
2270 932 2401 986 Ecce
2445 934 2687 987 sacerdos
2735 949 2983 1003 magnus,
3023 935 3109 1003 qui
3160 935 3213 987 in
3262 934 3436 987 diebus
3484 936 3592 989 suis

1996 1024 2189 1093 placuit
2221 1023 2352 1088 Deo,
2401 1035 2450 1078 et
2480 1025 2714 1078 inventus
2742 1032 2817 1076 est
2840 1022 3011 1093 justus
3061 1020 3263 1092 (Eccli.
3310 1038 3455 1092 κων,
3503 1023 3590 1090 Ili,

2000 1112 2087 1176 l7,
2117 1124 2165 1165 et
2194 1128 2246 1177 L,
2277 1113 2351 1183 1).

2070 1205 2123 1259 2.
2171 1224 2189 1257 ι
2219 1204 2485 1261 Sacerdos
2516 1221 2711 1261 nomen
2740 1206 2901 1262 habet
2925 1207 3280 1276 compositum
3311 1220 3377 1260 ex
3403 1204 3593 1261 Graeco

2000 1306 2054 1352 et
2077 1297 2293 1351 Latino:
2317 1307 2371 1351 et
2396 1297 2861 1363 dicitursaccrdos,
2878 1298 3027 1368 quasi
3048 1313 3252 1351 sacrum
3278 1295 3599 1352 dans.Sicut

2001 1402 2095 1440 rex
2143 1395 2365 1441 vocatus
2411 1396 2493 1442 est
2522 1404 2549 1441 a
2579 1388 2814 1456 regendo
2840 1427 2857 1453 ,
2903 1388 2977 1443 ita
3023 1386 3273 1442 sacerdos
3318 1396 3597 1443 vocatura

2001 1475 2407 1539 sanctiﬁcando,
2439 1485 2495 1531 et
2523 1493 2551 1530 a
2583 1492 2792 1532 sacrum
2824 1476 3004 1532 dando
3048 1474 3204 1548 (Isid.
3233 1477 3270 1531 ι.
3302 1492 3371 1531 vn
3398 1475 3599 1547 Βίωνι,

2000 1584 2118 1637 cap.
2149 1567 2257 1640 1:2).
2314 1567 2391 1621 Ex
2419 1569 2592 1622 causis
2620 1569 2819 1638 quippe
2849 1568 3057 1624 duabus
3097 1569 3321 1638 quisque
3368 1568 3601 1623 ellicitur

2001 1659 2253 1714 sacerdos
2302 1674 2543 1727 magnus.
2600 1660 2776 1714 Prima
2822 1659 3091 1723 videlicet,
3146 1669 3205 1715 ut
3249 1662 3387 1716 bene
3433 1662 3596 1727 vivat,

1925 1768 1972 1827 Β
2003 1748 2261 1814 secunda,
2291 1759 2349 1804 ut
2377 1750 2513 1805 bene
2541 1750 2752 1805 doceat.
2787 1750 3041 1817 Quamvis
3068 1751 3206 1806 bene
3236 1751 3376 1804 vivat
3408 1750 3600 1804 doctor

1997 1840 2418 1908 ecclesiasticus;
2471 1848 2670 1907 tamen,
2717 1841 2762 1895 si
2809 1842 2949 1896 bene
2996 1856 3105 1896 non
3153 1840 3331 1907 docet,
3376 1853 3594 1897 nonest

1997 1945 2242 2001 magnus.
2290 1931 2356 1985 Et
2403 1932 2647 2002 quamvis
2695 1932 2834 1987 bene
2882 1933 3094 1997 doceat,
3146 1941 3344 1999 tamen,
3386 1933 3431 1988 si
3462 1935 3599 1988 bene

2000 2035 2107 2073 non
2136 2020 2284 2083 vivit,
2318 2034 2543 2089 magnus
2570 2021 2791 2075 omnino
2833 2036 2941 2075 non
2987 2021 3108 2075 erit.
3154 2020 3467 2076 Necessaria
3518 2031 3601 2076 est

2001 2110 2161 2179 igitur
2205 2111 2448 2166 doctrina
2494 2126 2616 2166 cum
2665 2110 2809 2165 bona
2854 2110 3151 2164 vitaznam
3202 2109 3447 2166 doctrina
3486 2112 3605 2167 sine

2004 2202 2146 2255 bona
2194 2202 2303 2254 vita
2347 2202 2625 2255 doctorem
2673 2207 3015 2267 arrogantem
3058 2196 3268 2264 reddit;
3321 2206 3377 2253 et
3420 2216 3608 2255 rursus

2006 2293 2113 2346 vita
2151 2292 2268 2346 sine
2308 2290 2549 2345 doctrina
2594 2289 2870 2344 doctorem
2899 2288 3141 2342 inutilem
3164 2287 3291 2343 facit
3319 2286 3475 2355 (Isid.
3508 2290 3602 2343 tib.

2006 2401 2061 2438 Ill
2091 2384 2264 2450 Seat.,
2294 2400 2339 2436 c.
2373 2383 2486 2453 36).
2517 2379 2669 2436 Unde
2713 2381 2971 2434 Dominus
3017 2379 3071 2434 in
3119 2377 3406 2448 Evangelia
3434 2379 3561 2434 dicit
3591 2398 3603 2431 :

2009 2471 2109 2538 Qui
2155 2474 2360 2528 solverit
2403 2488 2561 2525 unum
2590 2470 2653 2525 de
2681 2470 2944 2525 mandatis
2993 2471 3141 2538 istis,
3180 2479 3230 2523 et
3276 2468 3502 2525 docuerit
3533 2472 3607 2525 sic

2010 2567 2282 2633 homines,
2332 2566 2573 2619 minimus
2622 2563 2885 2618 vocabitur
2934 2564 2987 2617 in
3037 2581 3193 2636 regno
3221 2564 3611 2637 ctelorum:qtti

2010 2662 2179 2708 autem
2204 2654 2415 2723 fecerit,
2441 2663 2491 2708 et
2518 2653 2783 2718 docuerit,
2812 2669 3029 2723 magnus
3082 2652 3427 2709 t'ocabitur'in
3457 2671 3614 2725 regno

2012 2747 2253 2801 cartorum
2300 2745 2516 2818 (Matth.
2568 2762 2617 2811 v,
2668 2743 2776 2816 l9).
2821 2743 2880 2799 In
2907 2745 3012 2800 hoc
3042 2744 3163 2800 loco
3189 2758 3414 2815 regnum
3442 2745 3615 2801 caelo-

2012 2854 2132 2892 rum
2162 2851 2396 2905 congreg
2416 2836 2509 2891 itio
2536 2844 2619 2890 est
2649 2835 2962 2890 electorum.
2994 2833 3149 2906 Saepe
3185 2834 3464 2906 Scriptura
3512 2835 3618 2891 Ec-

2015 2930 2230 2986 clesiam
2254 2929 2486 2983 fidelium
2516 2943 2739 2997 regnum
2764 2928 3022 2984 cmlorum
3050 2935 3230 2998 vocat,
3270 2928 3394 2999 quia
3422 2944 3520 2998 pro
3550 2944 3617 2983 eo

2015 3020 2159 3090 quod
2183 3018 2252 3073 ad
2280 3020 2519 3074 ccelestia
2570 3019 2807 3084 anhelat,
2836 3019 2947 3088 jam
2980 3020 3033 3074 in
3062 3034 3125 3074 ea
3156 3018 3412 3075 Dominus
3461 3020 3617 3088 quasi

305 3110 521 3179 supplet
551 3109 769 3172 itineris,
803 3108 946 3177 quod
996 3105 1224 3163 fortasse
1251 3122 1359 3162 non
1390 3115 1475 3162 est
1505 3108 1864 3163 necessarium
1896 3124 1908 3161 :
1942 3141 1989 3203 Ο
2019 3110 2073 3164 in
2103 3108 2244 3165 etelo
2272 3116 2480 3177 regnat.
2515 3108 2617 3174 Qui
2646 3122 2775 3177 ergo
2802 3108 3024 3162 solverit
3065 3122 3230 3163 unum
3257 3106 3325 3161 de
3354 3108 3621 3161 mandatis

310 3207 496 3271 posset
542 3199 684 3252 enim
733 3197 955 3265 intelligi
983 3197 1266 3252 mercedem
1295 3207 1547 3253 nostram.
1576 3198 1767 3252 Addidi
1796 3208 1916 3252 ante

308 3298 428 3360 post
460 3289 638 3358 paulo,
688 3304 741 3341 n.
775 3286 827 3340 6.
866 3284 1128 3341 Ordonius
1157 3295 1345 3341 autem.
1398 3288 1582 3343 Annus
1628 3303 1915 3343 consecra-

310 3380 472 3434 tionis
499 3378 744 3432 ecclesiae
769 3378 839 3431 ab
868 3378 985 3431 aliis
1013 3377 1206 3432 dicitur
1233 3377 1390 3432 1065.
1424 3378 1541 3432 Non
1585 3380 1751 3434 multo
1797 3389 1919 3452 post

310 3477 505 3523 auctor
550 3468 839 3531 scribebat,
873 3468 1077 3524 scilicét
1103 3471 1298 3523 smculo
1327 3485 1398 3523 xu
1429 3470 1646 3526 ineunte
1672 3514 1688 3537 ,
1735 3480 1794 3525 ut
1840 3472 1917 3527 rei

310 3570 483 3629 gestae
511 3561 707 3613 veritas
736 3560 956 3614 minime
986 3560 1039 3614 in
1070 3560 1288 3615 dubium
1315 3564 1490 3617 vocari
1514 3564 1702 3633 possit,
1731 3580 1921 3633 quam-

313 3653 395 3706 vis
443 3650 580 3705 Acta
627 3649 817 3705 deinde
862 3651 1183 3720 quibusdam
1212 3651 1589 3707 additamentis
1618 3662 1774 3707 aucta
1802 3653 1919 3709 fue-

315 3744 443 3798 rint.
497 3743 700 3798 Auetor
746 3741 998 3799 Chronici
1050 3754 1132 3800 est
1176 3742 1466 3816 Hispanus,
1518 3744 1625 3800 imo
1669 3744 1835 3799 Gallis
1862 3760 1922 3800 se

317 3833 653 3887 contrarium
685 3833 830 3888 clare
860 3833 1166 3902 profitetur.
1198 3834 1554 3890 Nihiiominus
1599 3849 1796 3888 annum
1838 3835 1920 3888 in-

318 3924 651 3980 carnationis
701 3924 983 3979 dominica:
1032 3934 1420 3980 commemorat
1469 3943 1482 3978 :
1533 3925 1679 3996 quod
1728 3926 1922 3980 mirum

318 4015 450 4069 mihi
481 4014 697 4076 accidit,
731 4015 831 4068 nisi
861 4014 1165 4069 Chronicou
1198 4015 1299 4070 hac
1341 4015 1393 4068 in
1432 4022 1586 4084 parte
1632 4014 1924 4083 interpola-

320 4113 434 4158 tum
481 4104 745 4158 dicamus.
795 4103 1059 4159 Cteterum
1106 4104 1240 4158 Acta
1270 4120 1336 4159 ex
1367 4105 1469 4159 hoc
1496 4103 1765 4158 Chronico
1806 4118 1926 4159 esse

321 4196 611 4265 desumpta
656 4194 1056 4251 demenstratur
1085 4214 1150 4251 ex
1210 4213 1356 4251 num.
1408 4196 1459 4264 6,
1501 4207 1555 4250 ut
1601 4199 1758 4268 paulo
1807 4207 1927 4252 ante

323 4292 555 4356 memini,
585 4306 707 4359 qua:
734 4292 897 4346 verba
948 4292 1001 4345 in
1051 4292 1198 4347 Actis
1242 4306 1457 4361 quoque
1504 4300 1764 4360 apparent
1794 4308 1805 4343 :
1832 4290 1924 4345 sed

326 4389 515 4434 auctor
543 4379 795 4435 Chronici
826 4396 887 4435 ea
918 4382 1179 4448 adhibuit,
1211 4382 1335 4451 quia
1365 4397 1424 4438 re
1448 4397 1573 4435 vera
1606 4380 1763 4450 paulo
1802 4388 1928 4434 ante

326 4472 647 4526 meminerat
676 4470 911 4527 basilica:
940 4472 1080 4528 illius
1108 4488 1268 4542 quam
1298 4488 1394 4527 rex
1423 4472 1757 4527 fundaverat.

970 4585 1198 4641 CAPUT
1225 4585 1290 4640 Χ.

330 4674 514 4730 Sermo
546 4676 608 4732 S.
640 4676 860 4750 Martini
906 4677 1239 4750 Legionensis
1285 4681 1339 4732 in
1370 4680 1587 4732 transitu
1618 4678 1679 4733 S.
1712 4676 1926 4732 Isidori.

764 4747 819 4802 Ν
824 4760 922 4803 otte
948 4747 999 4802 in
1030 4751 1162 4802 hunc
1204 4765 1508 4802 sermonem.

403 4837 455 4892 l.
505 4858 523 4889 α
550 4837 786 4893 Isidorus
817 4839 895 4893 vir
924 4840 1187 4908 egregius,
1231 4838 1447 4892 natione
1474 4836 1928 4907 Carthaginensis,

333 4945 362 4983 a
392 4929 553 4985 Patre
588 4930 883 4988 Severiano
911 4933 1141 5001 genitus,
1176 4932 1504 5002 Ilispalensis
1532 4931 1783 4988 Ecclesia:
1810 4936 1927 5004 epi-

333 5034 570 5091 scopus,
620 5021 849 5076 Leandri
895 5024 1132 5093 episcopi
1184 5023 1388 5078 exstitit
1436 5036 1721 5090 germanus
1769 5033 1929 5093 atque

334 5128 618 5170 successor
651 5115 1039 5169 sanctissimus.
1072 5112 1165 5168 Vir
1192 5114 1294 5169 iste
1319 5113 1658 5169 beatissimus
1686 5129 1716 5167 a
1748 5115 1928 5185 pueri-

337 5204 409 5258 tia
457 5206 650 5259 studiis
696 5204 993 5259 litterarum
1042 5204 1306 5272 traditus,
1354 5202 1574 5268 Latinis,
1634 5202 1832 5260 Gratcis
1878 5214 1934 5260 et

340 5293 623 5350 Ilebrait-is
650 5295 844 5350 litteris
871 5297 1183 5361 instructus,
1234 5294 1380 5348 omni
1426 5276 1711 5348 locutionis
1738 5309 1934 5364 genere

339 5384 622 5449 formatus,
673 5385 850 5440 suavis
898 5385 1135 5454 eloquio,
1184 5384 1396 5452 ingenio
1442 5384 1932 5453 prmstantissimus,

344 5473 448 5527 vita
495 5488 713 5544 quoque
759 5482 921 5542 atque
966 5473 1209 5528 doctrina
1256 5471 1355 5526 fuit
1397 5472 1724 5527 clarissimus
1753 5485 1799 5527 κ.
1848 5474 1937 5529 Sic

346 5576 580 5631 namque
624 5562 693 5618 de
738 5563 937 5617 virtute
988 5562 1040 5616 in
1092 5563 1342 5617 virtutem
1394 5562 1678 5633 proficiens
1727 5561 1936 5618 refulsit

2021 3198 2231 3253 Domini
2278 3199 2446 3253 nostri
2492 3197 2618 3254 Jesu
2666 3197 2885 3264 Christi,
2938 3198 2990 3252 il
3038 3206 3139 3262 est,
3179 3198 3270 3267 qui
3299 3197 3426 3252 illud
3455 3212 3623 3268 Opere

2019 3303 2127 3343 non
2157 3286 2477 3357 impleverit,
2508 3296 2558 3340 et
2585 3286 2815 3341 docuerit
2842 3286 2915 3339 sic
2944 3286 3199 3353 homines,
3250 3294 3309 3340 ut
3345 3285 3475 3339 illud
3522 3286 3623 3339 im-

2020 3378 2220 3449 pleant,
2249 3379 2491 3432 minimus
2523 3377 2783 3432 vocabitur
2809 3378 2862 3430 in
2894 3393 3049 3447 regno
3081 3376 3321 3431 caelorum
3351 3416 3367 3442 ,
3415 3375 3626 3430 scilicet

2022 3472 2075 3526 in
2126 3472 2545 3540 congregatione
2601 3470 2855 3523 fidelium.
2905 3469 2982 3523 Ae
3039 3469 3084 3523 si
3134 3478 3320 3538 aperte
3370 3468 3619 3523 diceret:

2022 3561 2123 3628 Qui
2151 3562 2404 3615 mandata
2437 3578 2555 3616 mea
2588 3562 2811 3631 implere
2843 3562 3159 3629 neglexerit,
3208 3570 3263 3616 et
3291 3562 3534 3616 homines
3565 3570 3623 3616 ut

2024 3654 2279 3723 impleant
2306 3654 2394 3707 illa
2424 3655 2689 3716 docuerit,
2722 3655 2965 3707 mittimus
2994 3652 3271 3717 vocabitur,
3321 3653 3621 3713 scilicet,in

2022 3754 2207 3801 sancta
2246 3744 2489 3800 Ecclesia
2522 3744 2867 3812 imperfectus
2912 3744 3033 3798 erit.
3065 3742 3140 3799 De
3170 3746 3274 3800 hoc
3320 3746 3483 3800 etiam
3513 3746 3623 3800 Do-

2025 3836 2198 3890 minus
2223 3835 2348 3889 alibi
2379 3834 2549 3889 dicit:
2579 3834 2785 3900 Dicunt,
2834 3846 2884 3889 et
2930 3852 3033 3890 non
3079 3838 3295 3907 faciunt.
3329 3836 3621 3904 Sequitur:

2028 3922 2127 3988 Qui
2156 3933 2325 3977 autem
2356 3924 2552 3994 fecerit,
2584 3924 2634 3977 id
2662 3937 2765 3990 est,
2815 3926 2905 3993 qui
2953 3940 3117 3994 opere
3145 3926 3446 3994 impleverit
3476 3942 3627 3978 titan-

2026 4016 2149 4070 data
2196 4030 2336 4078 mea,
2384 4022 2431 4067 et
2467 4014 2695 4067 docuerit
2740 4016 2972 4069 homines
3006 4025 3065 4069 ut
3096 4014 3349 4083 impleant
3380 4015 3489 4079 illa,
3521 4031 3628 4068 ma-

2029 4122 2158 4175 gnus
2187 4107 2282 4158 erit
2316 4104 2529 4174 (Matth.
2563 4121 2714 4171 xxiii,
2746 4106 2824 4174 5),
2854 4106 3057 4160 scilicet
3102 4106 3326 4159 idoneus
3356 4107 3409 4160 in
3438 4116 3625 4161 sancta

2030 4192 2285 4249 Ecclesia.
2339 4190 2601 4263 Operibus
2644 4209 2775 4263 ergo
2830 4194 3193 4249 confirmanda
3221 4204 3305 4249 est
3332 4194 3630 4251 sacerdotis

2030 4283 2358 4355 praedicatio,
2391 4285 2464 4338 ita
2497 4293 2572 4351 ut,
2600 4285 2743 4354 quod
2772 4285 2930 4340 docet
2960 4286 3145 4351 verbo,
3178 4285 3405 4340 instruat
3442 4300 3626 4341 exem-

2031 4378 2141 4448 plo.

2103 4469 2155 4523 5.
2205 4488 2223 4521 ι
2250 4469 2391 4525 Bene
2441 4471 2602 4525 etiam
2648 4469 2774 4524 illud
2822 4470 3072 4525 convenit
3109 4470 3175 4524 ad
3206 4469 3629 4527 confirmandum

2034 4561 2138 4616 hoc
2187 4562 2573 4630 testimonium,
2621 4560 2765 4629 quod
2817 4562 3010 4630 legitur
3039 4561 3090 4615 in
3121 4559 3358 4616 Canticis
3387 4562 3629 4618 tantico-~

2032 4668 2149 4706 rum
2178 4670 2190 4705 :
2214 4651 2297 4705 En
2326 4652 2563 4706 lectulum
2593 4652 2890 4707 Salomonis
2920 4655 3189 4723 sexaginta
3220 4655 3376 4725 {ortcs
3400 4653 3637 4708 ambiunt

2031 4760 2096 4797 ex
2125 4745 2419 4815 fortissimis
2460 4742 2664 4808 Israel;
2708 4761 2881 4800 omnes
2912 4753 3136 4798 tenentes
3185 4746 3410 4815 gladios,
3460 4758 3511 4801 et
3560 4749 3627 4801 ad

2033 4835 2165 4888 bella
2187 4834 2499 4889 doctissimi:
2520 4835 2915 4907 uniuscujusque
2940 4832 3091 4889 ensis'
3102 4852 3253 4905 super
3274 4838 3440 4907 femur
3458 4853 3608 4892 suum
3619 4890 3636 4918 ο

2030 4936 2239 4999 propter
2268 4927 2473 4980 timores
2506 4935 2785 4981 nocturnos
2817 4925 2991 4994 (Cant.
3024 4942 3099 4990 ιιι,
3136 4926 3189 4994 7,
3219 4926 3297 4994 8).
3349 4926 3634 4992 Salomon,

2030 5018 2230 5090 quippe
2276 5016 2529 5087 pacificus
2577 5017 2982 5087 interpretatur.
3034 5015 3163 5084 Quis
3199 5030 3326 5085 ergo
3357 5031 3452 5087 per
3480 5016 3635 5070 Sato-

2032 5122 2267 5170 monem,
2304 5105 2405 5160 nisi
2450 5103 2696 5160 Christus
2733 5104 3046 5172 intellig'tur
3092 5101 3351 5175 (Gregor.
3400 5104 3452 5156 in
3498 5103 3669 5179 hunc

2033 5197 2181 5266 loc.),
2212 5196 2277 5251 de
2305 5212 2412 5266 quo
2440 5196 2697 5266 scriptum
2727 5203 2808 5251 est
2834 5213 2844 5246 :
2876 5193 2999 5264 Ipse
3036 5202 3111 5248 est
3148 5210 3254 5263 pax
3299 5204 3497 5257 nostra,
3545 5192 3633 5263 qui

2036 5290 2155 5359 fecit
2181 5297 2395 5359 utraque
2419 5302 2577 5339 unum
2608 5283 2763 5357 (Eph.
2800 5301 2853 5349 ιι,
2889 5283 2994 5355 Ii).
3030 5284 3138 5355 59
3184 5282 3431 5338 Lectulus
3476 5279 3634 5335 Salo-

2038 5383 2232 5449 monis,
2260 5381 2463 5436 scilicet
2490 5378 2711 5443 Christi,
2742 5388 2927 5432 snneta
2957 5376 3189 5432 Ecclesia
3218 5386 3318 5439 eet,
3348 5373 3471 5443 quia
3502 5374 3631 5428 dum

2034 5474 2104 5529 ab
2132 5473 2411 5528 mundanis
2436 5470 2878 5527 sollicitudinibus
2899 5468 3120 5531 recedit,
3142 5466 3268 5522 dum
3281 5480 3374 5519 cor
3386 5466 3455 5520 ab
3482 5466 3634 5521 omni

2034 5572 2248 5619 terrena
2287 5561 2608 5632 contagione
2659 5576 2756 5633 per
2800 5558 3169 5633 paenitentiam
3215 5555 3479 5613 mundare
3521 5571 3628 5611 non

422 5724 445 5749 ·
485 5712 577 5770 Sic
605 5730 704 5771 ms.
735 5714 910 5781 'I‘olet,
962 5717 1030 5773 ab
1057 5715 1396 5773 Ilenschenio
1442 5715 1666 5783 editum,
1712 5734 1859 5774 num.
1896 5716 1929 5772 5
1965 5727 2018 5777 et
2053 5718 2141 5773 42.
