4028 6200
433 274 504 328 εςδ
1181 272 1269 327 AD
1307 271 1534 326 OPERA
1575 270 1632 327 S.
1677 267 1922 326 ISIDOBI
1961 268 2399 330 lllSPALENSIS
2440 273 2968 335 PROLEGUSIENA.
3637 290 3706 346 56

412 387 625 454 desinit,
656 386 887 456 dumque
919 394 1032 440 toto
1063 385 1256 439 m‘ntis
1303 385 1567 439 desiderio
1616 383 1682 438 ad
1733 383 2008 440 ctelestem
2039 387 2088 448 Α
2115 385 2200 451 tit,
2232 386 2304 440 ita
2337 386 2526 443 beatus
2575 387 2806 447 Isidorus
2853 391 3057 448 Jacobo
3107 398 3358 464 apostolo
3407 405 3704 460 successit:

410 482 638 550 patriam
667 482 857 548 tendit,
887 480 1037 549 quasi
1070 479 1320 534 lectulum
1367 479 1512 543 facit,
1546 480 1596 533 in
1629 495 1735 548 quo
1762 479 2006 534 Christus

409 572 799 626 delectabiliter
838 571 1140 640 requiescit.
1192 569 1344 624 Uade
1376 572 1488 640 ipse
1519 571 1871 626 amicabiliter
1897 573 2009 626 suis

407 662 684 733 discipulis
731 663 858 717 dicit
907 680 919 714 :
969 661 1100 714 Ecce
1147 679 1242 733 ego
1295 663 1551 717 vobiscum
1606 680 1718 718 sum
1768 664 2005 718 omnibus

403 756 578 811 diebus
602 772 758 827 usque
783 755 850 809 ad
870 759 1361 810 consummationem
1382 758 1560 812 saeculi
1580 757 1792 827 (Hattlt.
1819 773 2003 830 xxvnt,

406 847 513 916 ΞΟ).
553 845 616 899 Ει
643 847 834 900 iterum
868 861 962 916 per
990 849 1305 918 prOphetam
1354 848 1520 902 dicit:
1547 846 1908 913 Inambulabo,
1956 853 2007 902 et

400 955 488 991 cro
516 938 568 990 in
599 937 725 1002 illis,
757 947 806 990 et
834 938 936 1007 ipsi
962 947 1109 991 erunt
1139 938 1263 991 mihi
1293 941 1532 1007 populus,
1581 947 1630 992 et
1657 957 1751 1010 ego
1783 955 1871 993 ero
1899 939 2004 993 illis

403 1028 544 1083 Dens
575 1029 756 1100 (Leuit.
789 1045 936 1094 XXVI,
969 1029 1079 1099 12).
1123 1029 1410 1099 Sexaginta
1443 1032 1608 1088 fortes
1634 1032 1722 1103 qui
1753 1033 2002 1087 lectulum

401 1119 703 1174 Salomonis
731 1120 972 1175 ambiunt
1018 1121 1269 1190 prmlatos
1300 1121 1551 1177 Ecclesim
1575 1124 1882 1186 ostendunt,
1914 1127 2003 1193 qui

399 1225 518 1265 eam
549 1211 726 1267 verbis
754 1220 917 1282 atque
944 1213 1203 1283 exemplis
1230 1215 1413 1269 muniu
1441 1222 1496 1283 .t,
1547 1224 1602 1270 et
1630 1217 1696 1270 ab
1726 1231 1788 1271 ea
1819 1216 2002 1272 hostes

397 1302 634 1357 visibiles
664 1313 719 1357 ct
747 1303 1041 1358 invisibiles
1076 1313 1183 1358 tam
1229 1306 1563 1360 orationibus
1602 1321 1762 1375 quam
1809 1307 2003 1377 prmdi-

397 1393 698 1449 nationibus
728 1393 994 1464 repellunt
1020 1413 1032 1448 :
1062 1394 1272 1461 Omnes,
1306 1396 1497 1466 inquit,
1524 1406 1750 1450 tenentes
1773 1397 1998 1468 gladios,

397 1494 447 1539 et
493 1484 563 1537 ad
607 1482 743 1538 bella
791 1485 1075 1540 doctissimi
1121 1489 1367 1541 existunt.
1419 1487 1554 1554 Quid
1601 1503 1698 1557 per
1743 1488 1998 1555 gladium,

397 1575 498 1630 nisi
528 1576 749 1632 verbum
777 1576 870 1632 Dei
901 1576 1178 1646 figuratur,
1207 1587 1262 1634 et
1288 1579 1413 1647 quid
1448 1595 1542 1648 per
1569 1595 1776 1645 manus,
1808 1581 2002 1650 quibus

396 1665 598 1734 gladios
626 1673 830 1732 tenent,
860 1668 960 1722 nisi
992 1669 1236 1738 operatio
1265 1669 1610 1739 designatur?
1641 1670 1774 1737 Quia
1803 1671 1997 1727 videli-

2111 477 2236 546 quia
2289 495 2472 536 semen
2501 492 2715 538 aeterna:
2744 485 2889 553 vitzr,
2919 487 3058 556 quod
3089 489 3432 548 beatissimus
3482 493 3706 551 Jarobus

2109 566 2411 634 seminavit,
2461 570 2546 626 hic
2589 571 2782 628 doctor
2808 579 3052 644 egregius
3098 580 3265 635 verbo
3312 583 3707 651 prccdicationis

2109 662 2259 729 quasi
2292 679 2430 718 unus
2459 680 2523 719 ex
2555 675 2786 734 quatuor
2815 669 3048 737 paradisi
3096 671 3400 730 ﬂuminibus
3439 677 3710 735 suﬂicien-

2109 758 2191 806 ter
2219 752 2477 822 irrigavit,
2511 765 2673 825 atque
2699 758 3002 814 universam
3035 761 3343 832 Hispaniam
3376 775 3483 821 tam
3518 785 3703 824 exem-

2109 843 2198 912 plo
2225 845 2348 899 bnni
2380 847 2558 914 operis
2582 863 2742 916 quam
2772 851 2909 904 fama
2937 854 3240 910 sanctitatis
3270 857 3417 912 velut
3465 859 3704 928 splendi-

2107 935 2325 990 dissima
2354 935 2378 974 δ
2404 938 2647 1008 lampada
2678 941 3009 998 illuminavit.

2177 1025 2231 1080 5.
2281 1046 2298 1078 ι
2328 1026 2574 1083 Ezechiel
2615 1033 2874 1100 propheta
2906 1034 2958 1086 in
2991 1035 3194 1089 visione
3221 1049 3453 1112 quatuor
3497 1043 3703 1096 anima-

2107 1115 2235 1170 lium
2264 1119 2342 1173 sic
2380 1119 2455 1174 ait
2497 1121 2636 1176 inter
2681 1125 3000 1179 castermEt
3039 1130 3342 1194 similitudo,
3374 1133 3564 1201 inquit,
3594 1136 3707 1188 ani-

2105 1206 2338 1276 malium,
2369 1219 2419 1262 et
2443 1222 2676 1281 aspectus
2704 1231 2879 1269 eorum
2925 1221 3072 1288 quasi
3121 1219 3402 1275 carbonum
3451 1224 3586 1293 ignis
3621 1242 3706 1278 ar-

2106 1295 2356 1367 dentium,
2379 1309 2427 1354 et
2457 1305 2602 1373 quasi
2631 1314 2866 1374 aspectus
2893 1305 3255 1378 lampadarum
3283 1311 3493 1381 (Ezeclt.
3525 1329 3560 1377 ι,
3593 1313 3701 1382 15).

2106 1386 2209 1443 Per
2235 1403 2468 1459 quatuor
2517 1395 2630 1449 lucc
2679 1398 2928 1452 animalia
2970 1400 3256 1455 multitudo
3284 1411 3597 1458 sanctorum
3624 1416 3705 1460 est

2107 1479 2329 1550 ﬁgurata
2374 1501 2388 1537 :
2436 1497 2686 1554 aspectus
2732 1505 2862 1544 vero
2917 1480 3103 1546 eorum
3159 1494 3480 1550 carbonibus
3535 1497 3704 1568 ignis,

2103 1578 2264 1640 atque
2294 1572 2600 1629 ardentibus
2627 1586 2972 1646 comparatur
3016 1580 3372 1652 lampadibus,
3403 1585 3527 1654 quia
3558 1587 3707 1654 quis-

2103 1661 2222 1731 quis
2254 1666 2454 1721 sanctis
2483 1667 2612 1722 viris
2639 1669 3002 1739 conjungitur,
3054 1688 3122 1727 ex
3170 1690 3357 1730 eorum
3402 1677 3704 1732 imitatione

394 1766 482 1812 cet
530 1756 655 1812 dum
707 1758 928 1815 verbum
978 1759 1072 1815 Dei
1110 1775 1274 1830 opere
1320 1762 1610 1831 complent,
1644 1762 1786 1831 quod
1829 1765 1994 1819 corde
2027 1760 2074 1820 B
2101 1763 2263 1825 atque
2289 1756 2531 1812 doctrina
2582 1759 2634 1813 in
2681 1776 2864 1816 amore
2889 1762 3161 1819 Creatoris
3210 1770 3523 1826 accenditur
3573 1771 3700 1841 (Ea:

395 1846 592 1914 sciunt,
626 1849 794 1917 magis
823 1864 886 1904 ac
915 1850 1081 1918 magis
1109 1866 1326 1920 semper
1354 1853 1496 1906 docti
1525 1853 1768 1908 inimicos
1805 1851 1990 1908 Eccle-

392 1939 486 1993 sia:
515 1939 777 2008 sapientia
807 1948 862 1995 et
892 1941 1200 1998 fortitudine
1230 1943 1467 1999 vincunt.
1499 1944 1577 1998 Ad
1608 1945 1745 2000 bella
1776 1945 1992 2016 spirita-

393 2036 459 2090 lia
491 2037 784 2093 doctissimi
815 2045 957 2101 sunt,
992 2040 1112 2109 quia
1149 2041 1294 2110 prius
1340 2041 1390 2094 in
1440 2055 1499 2094 se
1522 2082 1535 2106 ,
1589 2041 1780 2096 deinde
1809 2042 1862 2096 in
1891 2039 1994 2096 sibi

391 2128 557 2198 subjc.
581 2130 647 2182 tis
693 2129 836 2184 vitia
869 2144 1113 2185 resecare
1156 2131 1350 2186 sciunt.
1403 2131 1480 2184 Al
1531 2131 1668 2187 bella
1697 2128 1994 2190 doctissimi

390 2219 644 2284 existunt,
677 2220 801 2289 quia
829 2219 922 2274 Dei
956 2231 1240 2291 prrecepta,
1294 2237 1412 2292 qum
1460 2223 1625 2278 verbo
1677 2222 1989 2292 prtedicant,

390 2323 555 2379 opere
611 2310 912 2378 perficiunt.
969 2310 1107 2366 Sunt
1161 2313 1226 2366 al
1281 2312 1418 2366 bella
1477 2315 1767 2382 prudentes
1829 2321 1993 2382 atque

388 2399 702 2464 doctissimi,
734 2401 860 2468 quia
887 2401 1064 2469 gladio
1089 2401 1428 2455 discretiz-n's
1473 2402 1526 2454 in
1569 2416 1630 2456 se
1675 2410 1731 2455 et
1775 2402 1829 2455 in
1876 2402 1994 2456 aliis

390 2488 647 2556 subjectis
676 2489 774 2544 sibi
799 2487 1072 2557 superﬂua
1099 2496 1361 2552 resccant,
1387 2503 1448 2540 ac
1471 2489 1808 2544 delectabilia
1835 2489 1994 2558 hujus

389 2579 594 2633 mundi.
655 2579 730 2634 De
784 2579 977 2648 quibus
1030 2579 1167 2634 bene
1222 2578 1466 2633 subditur
1512 2597 1523 2632 :
1579 2577 1992 2650 Uniuscujusque

387 2671 524 2723 ensis
571 2685 724 2739 super
771 2670 938 2740 femur
979 2685 1149 2735 suum,
1181 2680 1390 2740 propter
1436 2669 1642 2723 timores
1687 2677 1986 2724 nocturnos.

389 2761 523 2828 Quid
557 2777 652 2831 per
676 2776 882 2829 ensem,
912 2762 1011 2817 nisi
1039 2763 1271 2832 rigorem
1301 2763 1749 2831 conversationis,
1779 2771 1832 2818 et
1860 2763 1990 2833 quid

386 2867 484 2922 per
511 2852 706 2919 femur,
733 2853 834 2908 nisi
866 2853 1043 2907 carnis
1072 2853 1365 2923 appetitum
1397 2853 1729 2922 accipimus?
1775 2852 1988 2910 Praelati

388 2956 518 3012 ergo
550 2942 801 2998 Ecclesie
828 2986 842 3010 ,
894 2945 980 3014 qni
1015 2945 1139 3014 ‘jam
1189 2945 1253 2998 ad
1295 2945 1548 3000 virtutum
1598 2941 1986 3016 perfectionem

385 3045 771 3106 pervenerunt,
819 3051 1033 3106 semper
1081 3053 1263 3094 ensem
1307 3053 1468 3109 super
1513 3038 1689 3095 femur
1716 3055 1868 3094 suuzn
1901 3039 1981 3095 le-

2099 1843 2316 1916 (ἕτερον.
2349 1847 2386 1901 ι.
2417 1864 2436 1903 t
2461 1848 2620 1903 Hom.
2653 1853 2707 1903 in
2739 1851 2952 1918 Exeo/1.,
2983 1853 3142 1909 Hom.
3176 1855 3227 1920 5,
3261 1875 3315 1911 η.
3346 1857 3421 1928 6).
3474 1859 3578 1915 Sed
3625 1870 3704 1915 ta-

2097 1952 2220 1991 men
2269 1938 2374 1994 hoc
2420 1938 2560 1993 inter
2605 1941 2866 1996 carbones
2907 1951 2963 1997 et
3002 1944 3274 2014 lampades
3321 1947 3504 2016 distat,
3553 1951 3700 2019 quod

2096 2028 2359 2083 carbones
2410 2029 2626 2096 quidem
2680 2031 2890 2098 ardent,
2943 2035 3039 2088 διὰ
3089 2036 3154 2090 ab
3195 2051 3262 2091 eo
3289 2038 3408 2093 loco
3454 2041 3705 2096 tenebras

2097 2137 2204 2175 non
2229 2123 2502 2192 expellunt
2553 2125 2604 2178 in
2649 2140 2757 2192 quo
2783 2125 2984 2194 jaceat.
3017 2129 3310 2198 Lampades
3340 2142 3540 2196 autem,
3573 2135 3702 2203 quia

2097 2229 2290 2284 magno
2336 2215 2672 2271 ﬂammarum
2721 2217 2920 2274 lumine
2947 2221 3326 2289 resplendent,
3374 2222 3595 2280 ditfusas
3645 2225 3698 2280 in

2096 2306 2321 2362 circuitu
2370 2308 2618 2363 tenebras
2655 2308 2975 2363 illuminant.
3026 2310 3105 2364 Ex
3152 2326 3256 2380 qua
3298 2327 3357 2367 re
3407 2314 3701 2368 notmdutn

2095 2404 2199 2464 et,
2250 2397 2374 2464 quia
2419 2405 2544 2452 sunt
2588 2398 2829 2468 plerique
2875 2409 3183 2455 sanctorum
3226 2400 3298 2456 ita
3347 2403 3618 2473 simplices
3644 2415 3702 2460 et

2095 2486 2313 2552 occulti,
2343 2495 2506 2556 atque
2532 2487 2588 2542 in
2615 2489 2912 2544 minoribus
2953 2490 3085 2545 locis
3123 2492 3223 2546 sub
3257 2506 3453 2561 magno
3481 2493 3700 2550 silentio

2095 2577 2419 2644 absconditi,
2449 2586 2506 2632 ut
2533 2577 2643 2633 vita
2671 2593 2856 2633 eorum
2891 2579 2982 2634 vix
3012 2581 3078 2634 ab
3107 2580 3224 2636 aliis
3253 2583 3424 2652 possit
3452 2585 3696 2652 agnosci.

2095 2668 2230 2734 Quid
2278 2669 2460 2740 itaque
2507 2677 2631 2726 sunt
2678 2671 2784 2733 isti,
2825 2671 2926 2729 nisi
2973 2672 3256 2739 carbones,
3310 2675 3402 2744 qui
3453 2677 3554 2731 etsi
3602 2691 3700 2746 per

2092 2758 2358 2814 fervorem
2405 2760 2623 2831 spiritus
2669 2761 2915 2816 ardorem
2961 2762 3178 2827 habent,
3229 2773 3406 2819 tamen
3459 2763 3696 2837 exempli

2093 2850 2288 2904 famam
2318 2867 2424 2905 nm
2453 2852 2673 2918 habent,
2707 2867 2807 2906 nec
2837 2853 2890 2907 in
2923 2852 3111 2908 alienis
3138 2855 3389 2909 cordibus
3422 2856 3676 2910 tenebras

2091 2949 2436 3011 peccatorum
2465 2941 2788 3010 illuminant,
2817 2944 2941 3011 quia
2965 2944 3127 2998 vitam
3155 2959 3306 2998 suam
3330 2945 3449 3001 aliis
3469 2947 3692 3001 omnino

2090 3031 2301 3086 celant?
2328 3029 2685 3100 Sibimetipsis
2715 3031 2929 3100 quidem
2961 3035 3173 3088 accensi
3215 3044 3375 3094 sunt,
3428 3035 3522 3090 sed
3573 3037 3694 3090 aliis

386 3134 549 3191 runt,
601 3127 726 3196 quia
777 3126 956 3196 rigore
1001 3129 1428 3183 conversationis
1475 3129 1770 3198 appetitum
1814 3129 1989 3184 carnis
2015 3130 2062 3194 ο
2093 3120 2339 3191 exemplo
2368 3121 2581 3175 luminis
2612 3137 2716 3176 non
2744 3130 2886 3176 sunt.
2921 3122 3013 3178 Isti
3041 3124 3285 3193 quamvis
3313 3126 3537 3180 ardeant
3568 3127 3691 3195 igne

386 3215 598 3272 assidue
646 3215 916 3287 frangunt,
967 3231 1035 3273 ne
1086 3218 1274 3283 hostis,
1325 3233 1486 3287 quem
1536 3220 1590 3273 in
1639 3229 1796 3274 nocte
1825 3217 1985 3288 hujus

388 3309 566 3362 n.un,li
623 3309 1028 3379 pertimescunt,
1083 3317 1307 3380 repente
1357 3311 1599 3378 veniens,
1646 3327 1740 3366 eos
1779 3310 1985 3366 debiles

385 3413 450 3454 ac
476 3399 766 3455 dissolutos
796 3400 846 3454 in
879 3399 973 3454 Dei
1009 3415 1172 3468 Opere
1201 3400 1455 3466 inveniat,
1489 3408 1543 3455 et
1573 3415 1668 3469 per
1695 3399 1984 3468 voluptatis

386 3491 664 3546 mollitiem
695 3499 747 3546 et
775 3491 952 3548 carnis
979 3487 1392 3548 delectationem
1421 3491 1627 3546 facilius
1673 3507 1731 3546 se
1777 3491 1984 3560 sibique

383 3583 654 3652 subjectos
698 3583 946 3654 drcipiat,
995 3591 1160 3652 atque
1201 3583 1268 3638 ad
1313 3584 1556 3653 graviora
1607 3591 1827 3654 peccata
1857 3599 1983 3654 per-

386 3671 569 3730 ducat.

454 3766 508 3822 4.
556 3786 573 3818 ι
599 3777 622 3804 α
659 3766 752 3820 lllc
781 3780 909 3836 ergo
941 3769 991 3822 in
1024 3782 1188 3836 regno
1219 3767 1499 3835 caelorum,
1529 3767 1635 3822 hoc
1665 3775 1746 3822 est
1789 3767 1842 3821 in
1883 3765 1984 3821 Ec-

385 3859 570 3927 clesia,
599 3869 826 3914 vocatur
873 3874 1028 3926 magn
1069 3876 1113 3923 s,
1140 3861 1228 3928 qui
1261 3875 1324 3916 ea
1355 3874 1473 3929 qua:
1503 3859 1756 3930 praedicat
1783 3860 1981 3925 verbis,

383 3951 539 4007 bonis
588 3951 771 4021 imp'et
817 3951 1088 4021 Operibus.
1140 3951 1361 4005 Dii-atur
1408 3965 1536 4018 ergo
1588 3950 1656 4004 de
1700 3952 1858 4004 beato
1886 3949 1972 4004 lsi-

383 4042 520 4100 doro
544 4061 557 4095 :
585 4043 718 4098 Ecce
762 4044 1003 4099 sacerdos
1052 4061 1288 4114 magnus,
1331 4044 1416 4114 qui
1444 4044 1497 4096 in
1527 4041 1702 4094 diebus
1731 4043 1837 4094 suis
1865 4040 1983 4108 pla-

382 4137 485 4190 cuit
519 4135 648 4203 Deo,
679 4144 728 4190 et
755 4137 990 4190 inventus
1018 4144 1092 4188 est
1117 4136 1309 4204 justus.
1342 4132 1551 4186 Revera
1582 4145 1825 4197 magnus,
1859 4129 1984 4198 quia

383 4235 548 4294 opera
601 4226 694 4280 Dei
749 4236 868 4292 qua:
922 4224 1100 4277 verbis
1153 4221 1481 4291 praedicavit,
1517 4220 1670 4274 factis
1722 4219 1980 4290 implevit.

385 4311 551 4368 Recte
600 4313 784 4381 utique
813 4312 1004 4366 dicitur
1053 4309 1306 4365 sacerdos
1352 4323 1594 4380 magnus,
1645 4325 1803 4380 quem
1845 4310 1986 4366 Deus

383 4403 658 4458 suscitavit
687 4403 954 4472 Hispaniae
984 4401 1286 4458 novissimis
1329 4403 1439 4474 60
1488 4403 1820 4472 temporibus
1863 4411 1986 4473 post

2087 3211 2277 3265 divinae
2325 3210 2602 3266 charitatis
2625 3251 2640 3277 ,
2690 3221 2868 3266 tamen
2918 3213 3050 3268 alios
3082 3230 3186 3266 non
3219 3215 3517 3269 accendunt
3549 3215 3691 3270 fama

2085 3301 2404 3364 sanctitatis,
2457 3317 2557 3356 nec
2609 3303 2715 3373 61
2749 3303 2912 3357 verbo
2941 3303 3354 3372 prteliCationia
3383 3303 3692 3374 Lampades

2086 3405 2216 3446 vero
2244 3391 2452 3460 longius
2488 3392 2688 3457 lucent,
2719 3399 2774 3446 et
2802 3408 2923 3447 cum
2957 3393 3008 3447 in
3039 3394 3144 3448 alio
3177 3396 3291 3448 loco
3319 3397 3446 3462 sint,
3491 3395 3543 3448 in
3573 3395 3686 3450 alio

2087 3481 2468 3551 resplendent,
2515 3482 2639 3551 quia
2669 3482 2974 3552 quicunque
3014 3485 3262 3554 exemplo
3309 3483 3433 3538 boni
3485 3485 3690 3554 operis,

2086 3581 2142 3628 et
2188 3575 2354 3629 verbo
2399 3575 2792 3645 praedicationis
2820 3574 3084 3645 refulget,
3135 3577 3250 3646 ejus
3298 3577 3481 3646 opinio
3527 3577 3695 3646 longe

2092 3665 2328 3734 lateque,
2363 3675 2421 3720 ut
2448 3667 2670 3738 lampas,
2702 3667 2864 3720 lutet.
2898 3665 3030 3720 Cum
3061 3675 3240 3721 autem
3272 3666 3506 3734 proximi
3544 3667 3692 3724 bona

2087 3760 2203 3830 ejus
2232 3761 2474 3828 audiunt,
2522 3776 2615 3830 per
2645 3761 2758 3814 lucc
2786 3761 2852 3814 ad
2882 3774 3121 3814 amorem
3170 3760 3470 3815 ccclestium
3518 3762 3695 3818 bono-

2088 3867 2204 3905 rum
2223 3860 2570 3919 consurgunt.
2602 3849 2655 3904 ln
2672 3866 2736 3905 eo
2757 3858 2956 3914 autem,
2981 3850 3123 3919 quod
3151 3865 3210 3906 se
3237 3866 3334 3921 per
3358 3851 3497 3907 bona
3525 3870 3694 3925 opera

2088 3943 2362 4006 exhibent,
2388 3943 2536 4008 quasi
2559 3957 2623 3995 ex
2652 3941 2910 4011 lampadis
2936 3941 3137 3998 lumine
3163 3942 3526 4012 resplendent.
3553 3945 3692 4001 Cum
3777 3939 3787 3960 '

2086 4045 2216 4099 ergo
2245 4031 2414 4086 sancti
2443 4030 2540 4083 viri
2569 4030 2828 4099 quosdam
2853 4030 3007 4100 juxta
3043 4046 3102 4087 se
3147 4034 3348 4102 positos
3377 4035 3528 4103 quasi
3564 4046 3690 4090 tan-

2091 4123 2286 4193 gendo,
2313 4123 2378 4177 ad
2408 4137 2645 4178 amorem
2675 4123 2860 4193 patria:
2883 4123 3117 4180 caelestis
3147 4125 3462 4191 accendunt,
3491 4129 3693 4183 carbo-

2092 4230 2188 4268 nes
2239 4220 2365 4267 sunt
2410 4230 2422 4263 :
2470 4213 2683 4281 quando
2737 4228 2866 4269 vero
2917 4215 3233 4283 quibusdam
3286 4217 3445 4286 longe
3495 4221 3692 4287 positis

2087 4305 2287 4370 lucent,
2317 4319 2388 4358 ne
2415 4304 2465 4358 in
2495 4303 2727 4374 peccatis
2754 4305 2865 4362 suis
2895 4305 3096 4379 [Forte,
3129 4309 3340 4378 peccati
3385 4308 3488 4380 sui]
3529 4318 3690 4366 tene-

2086 4398 2212 4452 bras
2258 4406 2534 4464 corruant,
2583 4412 2769 4452 eornm
2816 4399 2993 4454 itineri
3040 4399 3312 4471 lampades
3355 4402 3508 4456 ﬁunt.
3557 4402 3691 4460 Jure

383 4501 464 4548 tot
510 4491 768 4557 delectus,
821 4491 982 4548 credo
1007 4534 1021 4560 ,
1072 4493 1139 4547 ad
1183 4494 1588 4548 restaurandam
1638 4493 1981 4563 antiquorum
2012 4499 2061 4558 ο
2089 4505 2216 4559 ergo
2242 4489 2520 4560 lampades
2546 4490 2905 4560 appellantur,
2945 4493 3036 4560 qui
3068 4500 3122 4547 et
3148 4493 3391 4564 exempla
3423 4495 3688 4550 virtutum

383 4585 696 4655 sapientTam
727 4584 984 4648 virorum,
1026 4599 1144 4654 quae
1174 4599 1283 4655 pra:
1311 4585 1474 4640 nimia
1503 4585 1819 4654 antiquitate
1848 4601 1984 4655 pene

381 4675 490 4746 jam
520 4673 793 4730 defecerat
821 4675 871 4729 in
902 4675 1147 4731 humanis
1173 4675 1442 4731 mentibus
1466 4692 1481 4742 ;
1513 4690 1582 4730 ne
1607 4675 1805 4733 diutius
1834 4677 1985 4746 igno-

383 4765 576 4830 rantia,
626 4779 690 4818 ac
731 4764 1027 4820 rusticitate
1054 4773 1416 4822 veterasceret
1456 4765 1686 4836 populus
1726 4765 1986 4821 Christia-

385 4871 502 4910 nus.
547 4853 640 4909 Sic
687 4869 920 4925 namque
959 4855 1148 4926 plenus
1185 4855 1448 4911 charitate
1489 4863 1545 4910 ct
1585 4855 1847 4926 sapientia
1877 4871 1983 4910 non

385 4944 668 4999 abscondit
697 4945 749 4998 in
781 4952 923 5000 terra
955 4946 1151 5001 talenta
1197 4946 1299 5002 sibi
1345 4945 1579 5012 credita;
1633 4945 1726 5002 sed
1757 4947 1807 5000 in
1836 4962 1984 5001 com-

387 5051 548 5092 mune
577 5036 826 5089 omnibus
852 5035 1031 5091 divisit
1062 5037 1170 5101 illa,
1203 5045 1365 5106 atque
1392 5045 1453 5091 nt
1480 5037 1652 5092 bonus
1679 5038 1985 5107 negotiator

391 5129 616 5184 Domino
647 5128 939 5198 reportavit
983 5128 1274 5201 duplicata,
1305 5128 1429 5183 dum
1459 5130 1746 5183 multorum
1776 5137 1984 5184 mentes

390 5216 726 5289 praedicando
751 5217 1058 5274 sollicitavit
1078 5219 1146 5274 ad
1165 5217 1403 5275 coelestia
1428 5217 1800 5274 desideranda.
1829 5217 1984 5274 Sicut

389 5313 530 5366 enim
557 5311 846 5379 Gregorius
873 5310 1060 5365 doctor
1081 5310 1226 5366 Petri
1254 5311 1482 5382 apostoli
1514 5325 1793 5366 successor
1817 5311 1982 5366 exsti-

462 5454 486 5481 λ
527 5443 623 5501 Ms.
672 5443 872 5515 Tolet.,
905 5445 1045 5515 apud
1097 5443 1403 5499 lienschen.
1450 5459 1495 5498 c.
1529 5444 1613 5508 11,
1671 5460 1817 5498 num.
1869 5443 1979 5509 45,

389 5515 528 5568 circa
565 5514 819 5569 medium.

461 5582 488 5620 δ
522 5581 665 5654 Edit.
697 5585 847 5649 ibid.,
871 5584 1316 5654 splendidissimus
1337 5583 1459 5637 solis
1483 5585 1676 5654 radius.
1713 5583 1976 5652 Lampada

394 5669 490 5720 pro
521 5653 789 5722 lampades
836 5672 864 5707 a
900 5652 1154 5709 ‘l’ollione
1181 5655 1422 5722 usurpari
1473 5655 1544 5707 ait
1587 5652 1862 5722 Dut’rcsne.
1911 5669 1976 5707 ex

394 5737 522 5780 mss.
551 5720 836 5778 Codicibus
853 5725 1154 5780 observavit
1183 5720 1542 5780 Salmasius...
1571 5732 1626 5778 et
1652 5722 1790 5793 apud
1823 5721 1976 5776 Plau-

2089 4591 2359 4653 przcstant,
2391 4592 2447 4638 et
2474 4584 2653 4638 lumen
2681 4583 2808 4638 boni
2835 4585 3013 4653 operis
3043 4601 3139 4654 per
3168 4586 3331 4640 vitam
3376 4595 3431 4642 et
3456 4590 3687 4644 verbum

2085 4673 2204 4727 aliis
2248 4671 2637 4728 demonstrant.
2685 4671 2891 4727 Revera
2921 4680 2979 4727 ut
3008 4673 3279 4743 lampades
3308 4676 3683 4746 resplendent,

2085 4764 2175 4834 qui
2203 4771 2258 4818 et
2287 4779 2381 4833 per
2409 4777 2648 4819 amorem
2679 4764 2970 4828 Creatoris,
3003 4773 3057 4820 et
3084 4781 3181 4836 per
3209 4766 3477 4823 ﬂammam
3523 4771 3684 4826 bona:

2085 4855 2475 4925 praedicationis
2502 4855 2569 4909 de
2595 4854 2847 4911 cordibus
2892 4866 3233 4925 peccatorum
3282 4861 3530 4915 tenebras
3588 4877 3682 4916 re-

2085 4945 2294 5016 pellunt
2317 4945 2535 5001 erroris.
2567 4943 2668 5010 Qui
2697 4945 2856 5014 igitur
2884 4946 2936 4999 in
2963 4948 3176 5002 occulto
3219 4950 3357 5004 bene
3403 4950 3553 5016 vivit,
3586 4952 3684 5006 Sed

2086 5035 2205 5090 aliis
2252 5050 2357 5090 non
2409 5035 2640 5104 prolicit,
2693 5035 2856 5088 carbo
2902 5043 2983 5089 est
3015 5052 3028 5088 :
3060 5036 3150 5104 qui
3199 5053 3328 5093 vero
3378 5039 3683 5095 imitatim:c

2085 5125 2382 5180 sanctitatis
2412 5125 2460 5178 in
2492 5123 2728 5179 Ecclesia
2760 5125 2986 5195 positus,
3026 5125 3204 5180 lumen
3245 5142 3313 5182 ex
3353 5143 3413 5184 se
3454 5131 3682 5185 rectitu-

2083 5218 2223 5272 dinis
2249 5217 2428 5271 multis
2457 5217 2676 5287 praebet,
2709 5217 2912 5286 lampas
2941 5224 3046 5287 est,
3074 5219 3197 5287 quia
3223 5229 3279 5274 et
3306 5221 3408 5276 sibi
3438 5221 3593 5276 ardet
3621 5230 3680 5277 et

2083 5310 2200 5364 aliis
2231 5309 2395 5364 lucet.

2083 5449 2194 5495 tum
2225 5456 2240 5494 :
2269 5439 2403 5510 [ene
2433 5439 2564 5510 hanc
2593 5438 2906 5507 lampadam.
2940 5437 3131 5493 Sermo
3157 5441 3317 5510 etiam
3360 5441 3449 5507 56,
3484 5443 3534 5496 in
3566 5442 3680 5510 Ap-

2082 5509 2242 5578 pend.
2286 5508 2568 5576 Fulgentii,
2601 5509 2737 5561 hanc
2765 5522 2950 5562 vocem
2982 5518 3237 5578 usurpat:
3269 5509 3313 5563 0
3360 5510 3492 5566 bona
3539 5508 3678 5566 lam-

2081 5581 2242 5648 pado,
2293 5579 2463 5644 inquit
2503 5586 2738 5649 auctor,
2765 5594 2866 5649 non
2918 5594 3029 5647 qua:
3075 5579 3242 5649 diligit
3289 5583 3551 5645 swculum,
3583 5580 3680 5634 sed

2081 5647 2194 5717 qua:
2224 5649 2388 5712 ἀξιὶιιὶι
2418 5647 2704 5720 ctelum1_et
2730 5647 2862 5720 intra
2888 5663 2902 5700 :
2929 5651 3060 5720 Sunt
3099 5647 3244 5720 multi
3288 5653 3372 5720 qui
3394 5654 3528 5706 diem
3574 5667 3671 5705 va-

2081 5716 2198 5772 cant
2230 5718 2541 5788 lampadem.
2579 5716 2736 5786 (Nota
2766 5732 2796 5771 ο
2818 5717 2875 5770 lit
2913 5717 2985 5773 ris
3018 5717 3067 5772 5.
3101 5716 3358 5788 Martini.)
