4060 6198
407 306 436 336 νε

404 306 471 361 57
1466 316 1869 374 ISIDOlilANA.
1909 350 1967 362 —

2069 321 2193 376 ,λης
2234 323 2272 376 l.
2307 325 2467 382 CAP.
2514 328 2578 384 Χ.
3589 347 3658 400 58

475 420 522 473 6.
569 438 590 472 ‹
637 419 804 476 Recte
831 435 960 491 ergo
998 423 1084 478 hic
1123 424 1463 482 beatissimus
1503 431 1584 482 vir
1626 429 1821 486 lucenti
1849 432 1982 484 lam-
2023 438 2060 493 Λ
2091 443 2310 499 cautus,
2357 437 2410 490 in
2442 439 2666 492 consilio
2709 442 2978 509 providus,
3013 446 3063 500 in
3096 447 3278 504 habitu
3322 451 3562 518 humilis,
3607 458 3657 512 in

403 512 530 580 padi
560 521 922 582 comparatur,
943 516 1067 583 quia
1095 525 1150 570 et
1194 528 1484 586 praesentes
1513 529 1567 574 ct
1595 523 1844 576 absentes
1875 535 1981 576 tam

402 610 572 663 verbo
602 609 991 679 praedicationis
1025 628 1184 680 quam
1217 613 1354 667 fama
1385 615 1682 668 sanctitatis
1714 615 1982 670 illumina-

403 700 514 761 bat,
548 715 752 768 eosque
782 700 849 754 ad
885 717 1122 756 antorem
1154 704 1387 760 cmlestis
1421 707 1606 774 patria:
1634 708 1979 762 accendebat.

401 789 655 857 Congrue
684 790 947 858 siquidem
977 791 1208 847 lucerna:
1233 795 1440 848 ardenti
1473 807 1834 865 comparatur,
1856 800 1980 866 quia

401 891 454 936 et
485 883 536 935 in
567 897 752 936 amore
797 881 888 936 Dci
919 892 972 936 et
1013 885 1241 952 proximi
1282 886 1504 940 ardebat
1525 926 1541 952 ,
1577 897 1629 942 et
1659 887 1725 942 de
1755 890 1979 942 aliorum

399 972 650 1026 cordibus
671 972 919 1026 tenebras
931 985 1268 1042 peccatorum
1283 975 1568 1044 effugabat.
1583 978 1897 1045 Quicunque
1914 980 1979 1032 ad

399 1079 521 1118 eum
543 1063 1014 1130 accedebant,sua:
1030 1066 1338 1120 assiduitate
1366 1067 1606 1134 visionis,
1630 1076 1685 1121 et
1714 1084 1813 1122 usu
1835 1069 1979 1123 lucu-

401 1155 578 1219 tinnis,
603 1163 766 1225 atque
787 1155 1034 1224 exemplo
1059 1156 1180 1210 boni
1213 1157 1393 1227 operis
1414 1157 1590 1211 lumen
1617 1159 1857 1213 veritatis
1885 1173 1978 1212 ac-

396 1244 688 1313 cipiebant,
711 1244 841 1298 etin
866 1243 1132 1300 desiderio
1152 1255 1365 1301 mternce
1390 1247 1522 1302 lucis
1543 1248 1974 1304 inardescebant.

471 1354 521 1408 7.
557 1364 581 1389 ι
619 1373 639 1407 ι
683 1353 781 1409 Hic
808 1355 949 1410 enim
972 1356 1055 1408 vir
1083 1357 1420 1412 beatissimus
1457 1367 1651 1414 caetera
1679 1361 1978 1415 sanctitatis

396 1462 591 1516 opera,
624 1461 743 1516 qua:
775 1446 826 1499 in
856 1445 1053 1500 Christi
1085 1445 1316 1502 Ecclesia
1357 1449 1632 1517 sapienter
1655 1451 1788 1518 egit,
1821 1450 1977 1504 mali-

395 1554 553 1606 gnam
603 1537 1036 1607 Acephalitarum
1078 1539 1321 1594 haeresim
1353 1541 1625 1606 confidit,
1656 1551 1816 1610 atque
1857 1542 1976 1597 des-

396 1631 583 1695 truxit,
604 1631 694 1699 qui
717 1630 770 1684 in
794 1629 1008 1684 Christo
1029 1630 1161 1684 duas
1177 1631 1500 1688 substantias
1521 1629 1794 1699 negantes,
1813 1647 1972 1686 unam

393 1714 443 1774 in
466 1719 582 1788 ejus
601 1735 832 1790 persona
861 1728 1105 1774 naturam
1146 1721 1520 1789 pmdicnbant,
1547 1724 1670 1777 dum
1697 1722 1842 1776 illum
1866 1739 1970 1776 non

2087 539 2207 577 men
2227 542 2270 578 'a
2298 528 2505 583 sobrius
2525 572 2540 596 ,
2577 533 2626 582 in
2660 535 2901 588 oratione
2931 535 3188 600 devotus,
3219 541 3495 598 honestate
3525 564 3660 615 psm-

2085 612 2290 679 clarus,
2345 619 2489 671 omni
2538 619 2779 676 bonitate
2823 627 3160 693 conspicuus.
3208 631 3468 688 Praeterea
3509 612 3660 704 pater

2086 705 2291 758 exstitit
2318 706 2658 772 clericorum,
2690 715 3000 769 consolator
3027 723 3391 791 mmrentium,
3423 733 3658 782 tutamen

2085 791 2406 859 pupillorum
2435 810 2499 848 ac
2527 797 2824 864 viduarum,
2857 803 3097 857 levamen
3126 822 3527 878 Oppressornm,
3559 815 3653 870 de-

2083 883 2264 938 fensor
2292 886 2510 953 civium,
2545 901 2857 957 persecutor
2885 895 3285 964 haereticorum,
3319 905 3543 958 malleus
3569 925 3660 960 su-

2083 975 2389 1042 perborum.
2437 978 2503 1032 Et
2531 981 2653 1049 quid
2684 983 2913 1051 amplius
2951 986 3163 1042 dicam?
3205 990 3490 1062 Speculum
3540 1013 3656 1049 om-

2084 1063 2226 1118 nium
2252 1065 2516 1122 bonorum
2558 1069 2729 1126 factus
2760 1081 2842 1126 est
2873 1076 3098 1142 mundo,
3129 1086 3182 1132 et
3214 1079 3364 1145 ideo,
3399 1092 3453 1135 ut
3485 1101 3557 1137 cr.
3578 1086 3659 1138 di-

2082 1169 2200 1208 mus
2224 1196 2241 1222 ,
2285 1155 2395 1224 jim
2425 1159 2539 1214 sine
2573 1163 2676 1215 line
2713 1171 2902 1230 regnat
2937 1180 3058 1218 cum
3089 1165 3322 1222 Christo.
3354 1169 3492 1226 Obiit
3523 1184 3658 1229 tein-

2082 1259 2213 1312 pore
2253 1245 2481 1302 Heraclii
2528 1251 2865 1320 imperatoris
2889 1295 2903 1318 ,
2950 1264 3005 1309 et
3035 1267 3056 1294 ο
3090 1256 3354 1314 Suintilla:
3384 1260 3652 1331 Hispania:

2079 1337 2218 1404 regis
2251 1354 2264 1390 :
2296 1339 2401 1409 63
2433 1340 2571 1395 illius
2599 1342 2848 1398 videlicet
2883 1345 3143 1415 lIeraclii,
3174 1350 3262 1419 qui
3295 1367 3508 1407 crucem
3557 1356 3652 1410 ilo-

2079 1427 2366 1492 minicam,
2410 1445 2568 1497 quam
2622 1432 2815 1502 impius
2864 1451 2958 1490 rex
3006 1437 3242 1494 Cosdroe
3270 1452 3658 1512 asportavcral,

2083 1517 2200 1571 loco
2224 1533 2322 1572 suo
2352 1518 2739 1593 Hierosolymis
2768 1527 3003 1581 restituit
3031 1540 3195 1598 atque
3221 1533 3497 1588 exaltavit.
3527 1537 3658 1591 Dor-
3709 1535 3717 1562 κ

2077 1605 2231 1659 mivit
2275 1616 2452 1663 autem
2503 1611 2693 1667 beatus
2736 1613 2970 1672 Isidorus
2998 1635 3117 1672 cum
3149 1622 3388 1689 patribus
3414 1625 3524 1679 suis
3565 1643 3655 1680 era

2081 1709 2260 1763 θοις,
2309 1712 2438 1752 sana
2487 1700 2729 1757 doctrina
2773 1719 3012 1776 sanoque
3061 1711 3287 1766 consilio
3318 1717 3658 1782 praestantior

392 1785 580 1867 verm“
604 1785 811 1878 'Deum,
840 1827 904 1868 ac
931 1813 1026 1866 Dei
1064 1785 1255 1867 mium
1275 1853 1289 1876 ’
1335 1813 1426 1868 sed
1467 1817 1835 1869 tantummodo
1877 1831 1965 1884 pu_
2012 1795 2054 1853 Β
2081 1785 2313 1884 cunctis,
2343 1795 2396 1841 et
2417 1790 2666 1857 copiosus
2697 1793 2951 1861 operibus
2977 1797 3276 1866 charitatis,
3307 1802 3657 1873 sepultusque

392 1921 508 1958 rum
553 1906 826 1960 hominem
873 1903 1035 1959 fuisse
1074 1905 1404 1959 asserebant.
1435 1904 1694 1974 Gregorio
1745 1920 1975 1972 namque

391 2001 622 2064 prmfatac
651 2001 870 2056 hmresis
926 1999 1163 2054 antistite
1185 2008 1460 2070 superato,
1491 2012 1541 2054 et
1569 2008 1872 2054 sanctarum
1897 2007 1976 2054 te.

395 2093 659 2148 stimuniis
686 2091 1082 2160 Scripturarum
1113 2090 1434 2145 auctoritate
1453 2091 1699 2145 convicto
1726 2131 1741 2155 ,
1769 2089 1971 2154 docuit,

391 2183 526 2234 duas
556 2180 605 2234 in
627 2179 843 2234 Christo
867 2178 1029 2235 fuisse
1051 2187 1288 2243 naturas,
1313 2179 1549 2234 divinam
1571 2179 1776 2234 scilicet
1796 2188 1852 2233 et
1873 2179 1972 2234 hu-

391 2284 628 2324 manam.
658 2269 899 2324 Divinam
918 2309 934 2334 ,
965 2284 1070 2338 qua
1100 2269 1209 2323 Deo
1240 2267 1384 2323 Patri
1407 2283 1617 2338 semper
1645 2277 1727 2323 est
1753 2277 1977 2324 coaeter-

391 2377 513 2426 nus,
543 2369 599 2416 et
625 2360 942 2431 comqualis;
983 2361 1293 2427 humanam,
1324 2375 1427 2429 qua
1469 2375 1566 2428 pro
1598 2368 1780 2414 nostra
1804 2360 1976 2416 salute

391 2451 764 2521 temporaliter
793 2450 908 2506 ﬁeri
933 2451 1184 2520 dignatus
1210 2451 1318 2522 62
1347 2459 1429 2505 est
1451 2449 1614 2503 Filius
1644 2451 1898 2513 hominis,
1923 2451 1972 2504 id

388 2549 474 2598 est
505 2539 756 2609 Virginis.
786 2539 854 2594 Et
883 2539 1012 2609 quid
1051 2540 1118 2594 de
1159 2539 1298 2594 illius
1344 2538 1632 2594 sanctitue
1674 2546 1837 2608 atque
1884 2554 1972 2592 sa-

390 2632 590 2702 pientia
619 2632 831 2687 dicam?
870 2631 1132 2687 Nimirum
1176 2632 1407 2685 humana
1449 2631 1630 2698 lingua
1660 2630 1724 2684 ad
1757 2630 1973 2700 plenum

391 2735 614 2776 narrare
643 2738 751 2777 non
782 2721 996 2784 sufficit,
1029 2731 1225 2792 quanta
1256 2721 1396 2776 bona
1422 2721 1561 2774 Deus
1591 2737 1689 2790 per
1717 2736 1838 2775 eum
1869 2718 1971 2776 Ec-

390 2809 570 2866 clesia:
593 2825 703 2864 sua:
726 2811 976 2874 contulit,
1003 2825 1269 2878 quamque
1293 2809 1436 2863 utilis
1459 2809 1723 2878 ignoranti
1749 2809 1973 2879 populo,

388 2915 456 2955 ac
499 2901 801 2957 senescenti
849 2901 1052 2955 mundo
1086 2900 1280 2965 fuerit,
1325 2900 1455 2954 dum
1495 2900 1548 2954 in
1571 2899 1836 2954 Chronica
1877 2915 1972 2954 sua

384 2999 575 3048 aetates
603 2992 807 3058 saeculi,
836 3001 891 3047 et
923 3000 1226 3061 temporum
1257 2991 1424 3046 series
1447 2991 1676 3059 aperuit.
1706 2990 1972 3045 Chronica

387 3083 593 3148 Grece,
626 3081 817 3138 Latine
853 3083 1022 3138 series
1050 3093 1350 3153 tempormn
1389 3083 1708 3153 appellatur.
1738 3082 1974 3137 Chronos

383 3173 528 3226 enim
550 3169 755 3240 Crarce,
797 3182 990 3243 tempus
1016 3172 1397 3243 interpretatur
1416 3170 1626 3227 Latine.
1646 3172 1970 3242 Temporum

385 3261 544 3328 igitur
585 3264 752 3318 series
777 3273 831 3318 et
858 3263 1038 3318 smculi
1067 3273 1253 3318 mtales
1297 3265 1558 3318 nescienti
1605 3266 1804 3335 populo
1845 3281 1972 3336 ape-

382 3353 524 3415 ruit;
571 3368 846 3406 sacrorum
881 3352 1002 3421 jura
1047 3354 1318 3419 Ostendit;
1371 3356 1738 3410 sacerdotibus
1790 3356 1970 3411 ectle-

379 3445 600 3500 siastica
632 3445 805 3500 officia
835 3455 889 3498 et
923 3445 1119 3512 gvadus
1161 3454 1478 3502 cunctorum
1518 3448 1763 3503 ordinum
1804 3465 1970 3518 expo-

377 3537 515 3600 suit;
547 3536 760 3602 regibus
788 3543 842 3588 et
872 3535 1200 3603 principibus
1239 3537 1384 3604 leges
1413 3537 1676 3604 instituit;
1699 3539 1968 3608 judicibus

377 3624 665 3677 avaritiam
715 3622 1019 3687 interdixit;
1068 3623 1281 3677 civibus
1321 3633 1376 3678 et
1404 3627 1613 3680 cunctis
1655 3628 1966 3682 domesucis

378 3713 506 3768 fidei
537 3714 748 3782 populis
771 3712 1108 3781 disciplinam
1141 3711 1500 3768 Christianam
1546 3715 1815 3784 religionis
1845 3717 1966 3770 iusi-

380 3805 567 3861 nuavit
599 3822 612 3858 :
645 3804 709 3858 ad
739 3805 982 3858 ultimum
1006 3819 1138 3858 vero
1167 3805 1374 3859 sedium
1400 3844 1415 3870 ,
1461 3806 1766 3875 regionum,
1813 3807 1963 3862 loco-

378 3912 525 3960 rum,
557 3895 795 3951 odnium
825 3893 1129 3948 divinarum
1166 3895 1633 3963 humanarumque
1663 3912 1840 3951 rerum
1872 3913 1962 3952 no-

379 3990 551 4054 mina,
582 4002 806 4056 genera,
836 3987 1013 4043 ol‘licia
1035 4030 1050 4056 ,
1082 4003 1273 4043 causas
1297 4028 1312 4053 ,
1361 3996 1414 4043 et
1460 4003 1687 4060 quaeque
1733 3990 1960 4045 obscura

379 4089 542 4150 atque
569 4081 635 4134 ab
665 4079 911 4134 humanis
955 4079 1224 4134 mentibus
1255 4079 1365 4133 fere
1400 4078 1512 4148 jam
1544 4089 1748 4135 remota
1770 4123 1785 4149 ,
1827 4081 1975 4150 seria

377 4170 554 4226 bendo
596 4169 866 4238 patefecit.
898 4167 925 4205 δ
970 4169 1176 4223 Floruit
1221 4169 1485 4238 sapientia
1514 4211 1530 4237 ,
1579 4178 1634 4224 et
1673 4172 1960 4228 sancutate

379 4261 706 4329 temporibus
732 4259 960 4314 Mauritii
991 4269 1047 4316 et
1070 4259 1260 4314 I’hocm
1293 4261 1702 4330 imperatorum,
1727 4264 1823 4317 sub
1848 4263 1957 4318 Re-

378 4351 576 4408 caredo
607 4366 732 4420 rege
766 4353 1086 4408 Gothorum.
1139 4351 1264 4407 Fuit
1308 4353 1450 4407 enim
1500 4353 1552 4407 in
1601 4353 1958 4425 elcemosynis

379 4443 557 4512 largus
579 4485 595 4510 ,
643 4443 1012 4514 hospitalitate
1055 4445 1358 4514 praecipuus
1381 4485 1394 4508 ,
1425 4445 1589 4498 corde
1616 4459 1865 4510 severus,
1900 4444 1951 4498 in

377 4537 641 4590 sententia
670 4551 850 4602 verax,
883 4536 935 4590 in
961 4535 1163 4604 judicio
1205 4533 1380 4602 justus
1405 4577 1419 4600 ,
1473 4534 1524 4587 in
1577 4534 1957 4602 praedicatione

377 4628 642 4694 assiduus,
675 4627 727 4681 in
758 4626 1137 4681 exhortatione
1186 4623 1356 4686 tctus,
1413 4623 1466 4676 in
1517 4623 1788 4676 lucrandis
1845 4623 1957 4677 Deo

375 4719 655 4774 animabus
698 4719 1008 4780 studiosus,
1063 4716 1116 4770 in
1160 4714 1500 4784 expositione
1552 4714 1958 4782 Scripturarum

447 4879 473 4906 ι
504 4869 600 4924 Ms.
629 4869 801 4925 Tolet.
830 4871 886 4922 n"
916 4867 986 4922 45
1013 4866 1151 4937 apud
1181 4863 1483 4920 Henschen.

446 4941 474 5050 ξ
504 4937 959 5075 gitgojnnen‘r‘egis
985 5004 1246 5062 Suintillze
1277 5019 1439 5058 manu
1469 5001 1652 5075 infida,
1684 5009 1738 5055 et
1765 5016 1954 5075 recen-

373 5081 499 5138 tiori
551 5081 629 5148 (et
678 5080 774 5134 abs
826 5071 995 5148 dubio
1045 5084 1165 5148 post
1210 5076 1469 5148 scriptum
1528 5071 1957 5148 salmanticense

373 5142 673 5220 exemplar,
694 5147 837 5218 quod
868 5146 1028 5200 habet
1046 5142 1334 5220 Suintillw)
1363 5149 1550 5198 nostro
1575 5142 1674 5196 Ms.
1703 5142 1957 5220 non_fue-

373 5223 444 5274 rit
479 5213 812 5289 appositum,
837 5216 1672 5289 _rccte_coaptabantur‘terimus
1718 5213 1858 5289 regis
1901 5224 1958 5266 et

372 5281 754 5344 annus-obitus
783 5287 965 5340 isidori
989 5283 1110 5346 622,
1133 5281 1235 5336 seu
1285 5298 1389 5336 aera
1417 5282 1542 5335 660.
1567 5281 1670 5335 Sed
1699 5284 1950 5349 quoniam

372 5359 475 5414 Ms.
487 5357 802 5413 Toletanutn
819 5371 941 5410 eum
965 5356 1160 5408 habeat
1175 5369 1410 5408 errorem
1433 5354 1482 5407 in
1499 5353 1745 5418 assignari
1767 5356 1813 5404 la
1825 5368 1954 5420 tera,

372 5438 427 5482 et
452 5437 634 5497 postea
653 5428 754 5483 sub
776 5438 901 5495 rege
921 5424 1160 5492 Cintilla,
1178 5440 1270 5480 seu
1288 5424 1573 5497 Cintillano
1595 5424 1735 5497 dicat
1757 5423 1956 5476 obiisse

373 5494 654 5573 Isidorum,
680 5514 785 5551 non
813 5494 1132 5564 ambigimus
1165 5503 1408 5573 nostrum
1439 5494 1955 5573 Ms.reoilem_ert_‘ore

375 5567 646 5622 laborasse
669 5597 685 5627 ι,
719 5584 876 5633 quem
913 5583 1106 5622 sanare
1142 5567 1314 5619 voluit
1352 5572 1643 5618 corrector.
1686 5564 1954 5633 Allucina-

373 5645 487 5708 tum
518 5632 744 5708 dicimus
770 5646 1067 5697 auctorem,
1092 5651 1184 5687 seu
1215 5635 1483 5704 exscripta
1515 5650 1596 5708 ein
1619 5633 1832 5708 Codicis
1855 5632 1954 5686 To-

379 5701 560 5769 letani,
589 5716 713 5757 cum
758 5695 1481 5758 asseruertt'auuummortis
1525 5696 1582 5750 ὃ.
1625 5695 1807 5756 Isidori
1836 5719 1953 5757 esse

2079 1883 2162 1929 est
2217 1877 2266 1930 in
2318 1889 2598 1934 senectute
2643 1881 2806 1936 bona.
2839 1883 3069 1953 Interea,
3103 1887 3292 1944 fratres
3335 1892 3652 1960 charissimi,

2078 1966 2296 2034 dignum
2327 1979 2409 2024 est
2455 1978 2514 2024 ut
2563 1971 2706 2026 hunc
2756 1976 3152 2030 sanctissimum
3183 1981 3545 2038 confessorem
3577 1995 3657 2038 at-

2076 2059 2276 2113 tentius
2305 2075 2612 2128 exoremus,
2641 2073 2902 2132 quatenus
2932 2083 3028 2135 pro
3055 2070 3208 2124 nobis
3238 2072 3445 2128 miseris
3469 2090 3658 2142 pecca-

2077 2150 2302 2214 toribus,
2337 2151 2426 2218 qui
2466 2151 2640 2207 adhuc
2669 2155 2720 2207 in
2754 2157 3004 2223 periculis
3033 2161 3328 2214 aiimarutn
3353 2173 3654 2219 nostrarum

2075 2239 2351 2294 constituti
2373 2256 2574 2303 sumus,
2597 2243 2736 2311 apud
2763 2244 2926 2298 Deum
2956 2245 3279 2304 intercessor
3300 2251 3496 2304 existat
3523 2253 3656 2306 assi-

2075 2328 2234 2393 duus,
2267 2337 2324 2381 ut
2353 2329 2469 2396 ejus
2499 2332 2875 2386 sacratissimis
2905 2335 3109 2389 meritis
3152 2345 3206 2390 et
3247 2339 3494 2405 precibus
3533 2348 3658 2409 post

2078 2418 2215 2472 hanc
2256 2420 2422 2471 vitam
2454 2420 2520 2471 ad
2552 2421 2871 2476 societatem
2902 2425 3018 2478 elec
3044 2441 3198 2479 orum
3230 2426 3322 2482 Dei
3376 2433 3657 2499 pervenire

2075 2508 2362 2579 possimus.
2409 2507 2532 2577 Ipso
2583 2520 2889 2578 prmstante,
2922 2515 3014 2582 qui
3043 2515 3096 2567 in
3129 2514 3388 2572 Trinitate
3417 2521 3654 2588 perfecta

2076 2601 2204 2655 vivit
2230 2610 2287 2656 et
2320 2611 2510 2670 regnat
2541 2601 2678 2656 Deus
2718 2619 2814 2673 per
2854 2606 3032 2660 omnia
3079 2608 3270 2663 saecula
3318 2612 3654 2668 smculorum.

2076 2693 2269 2747 Amen.
2320 2712 2338 2742 ι

2145 2804 2198 2858 8.
2240 2805 2294 2859 In
2325 2806 2652 2876 amplissima
2682 2807 2914 2877 Operum
2957 2809 3016 2865 S.
3056 2811 3268 2867 Martini
3303 2813 3653 2883 Legionensis

2073 2893 2327 2960 editione,
2363 2905 2496 2949 tom.
2522 2896 2610 2962 IV,
2644 2912 2767 2967 pag.
2799 2897 2833 2952 5
2862 2907 2916 2952 et
2938 2915 3091 2971 seqq.
3125 2912 3298 2956 exstat
3327 2903 3413 2957 hic
3452 2921 3654 2972 sermo,

2073 2987 2248 3041 editus
2280 2987 2435 3055 juxta
2479 2989 2757 3058 exemplar
2801 3005 2868 3043 ex
2913 2993 3248 3062 autographo
3295 2993 3652 3062 descri,tum,

2077 3088 2136 3134 ut
2164 3089 2358 3134 extera
2387 3079 2444 3135 S.
2477 3079 2690 3135 Martini
2721 3079 2917 3151 Opera.
2950 3081 3138 3138 Sermo
3178 3087 3524 3140 centonarius
3551 3097 3652 3150 est,

2003 3148 2048 3210 (ἶ
2080 3188 2145 3228 ex
2177 3171 2405 3228 diversis
2426 3181 2668 3227 veterum
2700 3173 2977 3242 particulis
3000 3173 3124 3230 hinc
3150 3176 3275 3230 inde
3302 3179 3496 3233 assulis
3516 3193 3655 3232 eum-

2076 3269 2262 3332 pactus
2296 3279 2309 3314 :
2341 3261 2432 3331 qui
2458 3278 2583 3316 usus
2612 3271 2725 3316 erat
2765 3262 2972 3316 Martini
3005 3262 3353 3334 Legionensis
3386 3267 3645 3320 aliorum-

2070 3369 2174 3422 que
2203 3351 2439 3406 Patrum.
2473 3350 2748 3420 Qumdam,
2794 3362 2850 3406 ut
2897 3355 3066 3419 vides,
3106 3365 3230 3410 sunt
3261 3373 3327 3412 ex
3359 3357 3654 3414 Braulionis

2068 3443 2464 3512 praznotatione
2494 3444 2756 3510 breviori,
2803 3461 2896 3501 seu
2919 3446 3147 3514 genuina
3178 3446 3409 3517 Operum
3440 3449 3650 3516 lsidori,

2067 3532 2308 3605 qumdain
2339 3549 2405 3587 ex
2434 3536 2826 3602 prmnotatione
2859 3536 3111 3602 uberiori,
3144 3538 3256 3592 sive
3305 3538 3650 3608 interpolata,

2065 3624 2309 3691 qurelam
2355 3641 2419 3678 ex
2448 3613 2854 3679 continuatione
2883 3625 3133 3681 Chronici
3165 3626 3462 3692 lsidoriani,
3496 3629 3649 3695 cujus

2066 3723 2340 3768 auctorem
2393 3713 2451 3768 S.
2500 3713 2824 3769 Ildefonsum
2878 3714 3048 3770 Lucas
3091 3715 3354 3771 Tudensis
3399 3735 3427 3771 a
3460 3721 3646 3772 Serttil.

2064 3805 2204 3858 Nihil
2236 3816 2410 3858 tamen
2441 3805 2706 3858 Martinus
2737 3805 3034 3876 desumpsit
3061 3849 3075 3872 ,
3123 3808 3263 3876 quod
3293 3807 3526 3862 fabulam
3557 3827 3644 3864 rc-

2064 3895 2268 3961 doleat,
2298 3895 2409 3949 sive
2439 3894 2583 3964 quod
2614 3895 2666 3949 in
2691 3911 2855 3965 opera
2885 3900 3234 3964 correctiora,
3283 3901 3524 3956 minusve
3558 3903 3640 3954 in-

2067 3987 2327 4059 terpolata
2354 3987 2624 4052 inciderit,
2641 3987 2754 4042 sive
2776 3989 2917 4056 quod
2949 3990 3154 4044 subacti
3176 3989 3370 4058 judicis
3397 3994 3645 4047 acumine

2063 4095 2194 4134 usus
2221 4077 2602 4148 probatissima
2630 4092 2856 4147 quicque
2881 4077 3149 4146 selegerit.
3185 4077 3297 4133 Hoc
3324 4091 3469 4134 ουκ-ιε
3501 4082 3645 4134 colli-

2062 4185 2187 4238 gere
2216 4171 2368 4231 licet,
2401 4179 2525 4223 ante
2566 4169 2763 4224 Lucam
2793 4171 3101 4240 episcopum
3135 4169 3435 4224 Tudcnsem
3478 4175 3644 4225 exsti—

2064 4262 2189 4316 ti-se
2217 4261 2457 4330 qumdam
2489 4270 2865 4328 monumenta,
2901 4276 3020 4330 qua:
3049 4261 3100 4314 in
3138 4262 3302 4315 vitam
3350 4263 3406 4316 S.
3454 4263 3644 4318 lsidori

2061 4353 2258 4408 inser-ta
2309 4360 2454 4419 sunt,
2509 4364 2564 4406 et
2601 4368 2719 4422 qua:
2767 4354 2834 4408 ab
2880 4354 2995 4422 ipso
3044 4353 3186 4408 Luca
3231 4355 3381 4409 multi
3412 4357 3640 4412 conlicta

2061 4445 2397 4498 existimant.
2453 4443 2528 4498 De
2569 4459 2711 4499 anno
2759 4445 2935 4499 obitus
2963 4443 3022 4499 S.
3054 4445 3241 4500 Isidori
3290 4462 3442 4501 error
3486 4458 3642 4504 vetus

2061 4543 2161 4599 est,
2191 4543 2248 4588 ut
2287 4550 2354 4589 ex
2383 4534 2502 4587 Vita
2529 4534 2587 4589 S.
2618 4533 2808 4590 Isidori
2836 4536 2976 4605 apud
3010 4535 3388 4591 Bollandianos
3427 4538 3638 4607 colligi-

2057 4634 2143 4679 tur
2168 4641 2181 4678 :
2207 4639 2364 4693 quem
2387 4640 2626 4679 errorem
2646 4634 2864 4680 secutus
2891 4627 3100 4681 viJetur
3122 4626 3403 4682 Martinus.
3430 4628 3636 4684 Confer

2060 4724 2242 4770 notam
2272 4715 2516 4769 editoris.

2058 4866 2504 4922 sexcentesimum
2553 4865 2871 4937 vigesimum
2920 4865 3216 4921 secundum
3267 4881 3283 4920 :
3329 4864 3438 4934 jam
3493 4867 3634 4920 enim

2060 4951 2250 4992 omnes
2279 4950 2600 5005 consensere
2639 4937 2691 4990 in
2739 4938 3132 4992 sexcentesimo
3180 4937 3452 5005 trigesimo
3480 4947 3635 4989 sexto

2061 5007 2162 5060 nisi
2213 5005 2532 5075 auctoritate
2573 5004 2858 5075 Redempti
2902 5007 3084 5061 clerici
3122 5007 3234 5062 sive
3261 5004 3634 5061 archidiaconi

2060 5075 2297 5154 ejusdem
2328 5074 2402 5154 S._
2429 5074 2794 5154 praesulis,_S.
2813 5075 3126 5141 Braulionis,
3151 5085 3206 5131 et
3227 5075 3282 5130 S.
3310 5075 3631 5154 lldephpnsi.

2059 5145 2163 5200 Sed
2193 5161 2300 5199 non
2332 5145 2548 5211 mirum,
2578 5145 2856 5214 praefatum
2880 5155 3176 5210 auctorem,
3207 5161 3301 5199 seu
3331 5145 3628 5211 exscripto-

2057 5231 2169 5270 rem
2200 5217 2251 5268 in
2283 5215 2430 5269 illum
2460 5231 2698 5270 errorem
2729 5216 2934 5285 lapsum
2961 5234 2972 5269 :
3005 5231 3126 5285 nam
3148 5217 3220 5270 ita
3244 5216 3435 5285 misere
3458 5225 3634 5285 curcu-

2062 5287 2180 5339 tivit
2205 5286 2305 5340 hac
2336 5287 2387 5340 in
2417 5301 2494 5349 re,
2526 5294 2584 5338 ut
2605 5282 2832 5354 primum
2866 5286 3012 5340 dicat
3035 5284 3340 5354 defunctum
3371 5282 3628 5354 lsidorutn

2058 5356 2386 5430 temporibus
2415 5349 2709 5430 Cintillani,
2731 5364 3073 5430 _postea_e_um
3106 5349 3632 5430 floruisse-usquead

2055 5417 2433 5489 Sise'nandum,
2455 5433 2510 5478 et
2528 5417 2706 5480 statim
2729 5417 2873 5481 illum
2903 5425 3099 5479 obiisse
3122 5417 3632 5490 temporibusSuin—

2060 5493 2227 5567 t_i_llani
2277 5509 2382 5567 tera
2430 5493 2566 5556 660,
2614 5511 2805 5551 novem
2847 5495 3096 5548 videlicet
3146 5493 3308 5567 annis
3344 5501 3628 5567 antequam

2057 5563 2386 5618 Sisenatulus
2415 5579 2638 5631 regnare
2668 5567 2949 5634 inciperet,
2974 5572 3027 5616 et
3051 5560 3451 5634 quatuordccim
3478 5568 3625 5634 ante-

2055 5649 2217 5701 quam
2248 5626 2595 5700 Ciutillanus;
2625 5626 3213 5702 quod'miranturbaud
3239 5626 3394 5684 [IL-usi
3415 5629 3631 5684 licuiqu

2057 5698 2364 5759 adnotasse.
2399 5698 2801 5774 (Notacth'os'is
2831 5705 2888 5754 S.
2920 5698 3182 5767 Martini.)
