4028 6200
410 294 476 349 59
1136 289 1226 343 AD
1263 287 1488 342 OPEllA
1529 287 1585 341 S.
1635 282 1882 341 ISIDORI
1923 281 2367 339 IIISPALENSIS
2407 281 2928 340 PROLEGOMENA.
3273 321 3278 326 -
3594 293 3670 352 σο

911 404 1020 476 35
1061 413 1082 438 -
1122 400 1352 457 CAPUT
1396 400 1488 454 χι.

415 539 600 592 Sermo
629 537 689 592 S.
725 536 945 590 Martini
971 534 1387 605 Legionensisjn
1415 532 1850 605 translationes.
1885 533 1990 589 Isi-

486 609 733 662 doricum
763 608 914 659 notis.
949 605 1011 660 S.
1043 601 1274 658 Hartino
1300 601 1606 673 Legionensi
1629 603 1866 657 doctrina
1893 620 1990 657 cae-

488 678 609 730 litus
658 675 848 730 lsidori
894 691 987 745 ope
1025 676 1219 745 infusa.
1262 671 1627 742 Alii—Hispani
1659 673 1846 728 steculo
1899 687 1994 728 xnt

489 745 683 800 Isidori
711 745 887 799 laudes
917 743 1197 798 celebrant.

493 863 540 914 l.
598 879 617 913 ι
671 859 796 915 Νοη
845 859 1037 913 timebit
1077 859 1250 912 domui
1302 871 1410 911 sum
1441 873 1473 909 a
1513 855 1790 928 frigoribus
1826 857 1992 920 nivis;

419 968 594 1006 omnes
651 951 788 1004 enim
843 949 1112 1003 domestici
1167 951 1278 1019 ejus
1325 948 1490 1002 vestiti
1537 954 1655 1000 sunt
1707 945 1994 1011 duplicibus

421 1048 599 1116 (Prov.
629 1063 776 1112 xxxt,
805 1043 917 1115 2i).
946 1045 1100 1099 Anno
1129 1043 1196 1098 ab
1219 1043 1592 1098 lncarnatione
1633 1039 1844 1094 Domini
1881 1039 1992 1094 fere

419 1137 701 1190 millesimo
730 1136 1022 1190 centesimo
1058 1133 1465 1202 quadragesimo
1501 1132 1730 1202 septimo
1777 1131 1994 1185 nuntius

420 1226 611 1281 summi
641 1225 818 1294 Regis,
849 1225 1096 1280 videlicet
1125 1225 1373 1294 angelus,
1415 1239 1572 1293 quem
1621 1223 1784 1276 mittit
1815 1221 1994 1276 Domi-

420 1331 520 1372 nus
569 1317 620 1370 in
663 1316 888 1372 circuitu
939 1317 1236 1370 timentium
1266 1331 1389 1370 eum
1419 1314 1642 1384 (Psalm.
1673 1328 1869 1373 xxxm,
1912 1311 1992 1380 8),

421 1421 557 1460 unus
584 1419 650 1459 ex
695 1406 774 1459 eis
799 1406 892 1473 qui
921 1421 1134 1474 semper
1162 1405 1346 1459 vident
1388 1404 1576 1459 faciem
1607 1403 1778 1457 Patris
1806 1401 1894 1471 qui
1940 1402 1992 1454 in

421 1496 570 1550 ccelis
599 1502 680 1549 est
713 1493 923 1564 (Matth.
957 1511 1104 1559 xvnt,
1136 1495 1259 1565 10),
1304 1495 1441 1550 felici
1490 1509 1704 1549 rumore
1733 1493 1996 1548 nuntiavit

421 1584 474 1638 in
506 1585 651 1638 curia
679 1585 872 1640 summi
901 1584 1247 1653 Imperatoris
1271 1626 1287 1652 ,
1326 1584 1416 1652 qui
1446 1583 1678 1653 imperat
1702 1583 1909 1643 ventis,
1941 1588 1996 1636 et

421 1673 555 1726 mari
586 1672 750 1743 (Ibid.
779 1689 892 1741 vm,
913 1673 1027 1743 26),
1058 1674 1256 1743 parari,
1287 1674 1369 1728 vel
1399 1674 1577 1744 potius
1611 1671 1850 1742 reparari
1889 1670 1990 1725 do-

2015 400 2065 458 Α
2091 397 2369 453 militatem
2389 407 2756 469 reprzesentat.
2785 399 2931 456 Nosti
2953 401 3138 470 etiam,
3161 402 3524 462 beatissimam
3545 407 3667 464 Vir-

2092 489 2269 558 ginem
2298 499 2522 546 matrem
2551 491 2760 547 Domini
2790 502 3014 563 utroque
3042 496 3350 565 specialiter
3391 497 3554 556 fuisse
3574 516 3670 554 ve-

2092 579 2295 634 stitam.
2329 580 2481 636 Unde
2509 592 2565 636 et
2603 583 2670 638 de
2713 597 2775 638 ea
2819 584 3074 652 scriptum
3120 595 3240 642 est:
3271 587 3450 642 Gloria
3480 589 3668 645 Libani

2092 667 2216 721 data
2243 677 2318 723 est
2347 671 2394 724 ei
2425 687 2444 725 :
2473 671 2625 726 decor
2653 672 2894 738 Carmeli,
2930 683 2980 728 et
3004 675 3175 730 Saron
3207 675 3362 747 (Isai.
3397 694 3556 744 xxxv,
3584 678 3667 750 2).

2092 757 2161 814 Et
2190 760 2302 829 ipsa
2330 762 2396 817 de
2415 777 2475 817 se
2502 763 2574 817 ait
2600 780 2612 815 :
2647 762 2782 828 Quia
2805 766 3026 835 respexit
3055 765 3302 822 Dominus
3329 769 3669 825 humilitatem

2091 853 2297 908 ancilla:
2321 869 2428 908 sua:
2459 854 2610 927 (Luc.
2633 871 2670 922 ι,
2701 855 2811 927 48).
2845 855 2903 912 1η
2942 866 3196 928 apparatu
3222 874 3434 930 quoque
3476 860 3669 914 harum

2092 943 2320 996 vestium
2344 943 2485 998 idem
2514 943 2839 1012 attenditur;
2871 963 2994 1000 nam
3027 949 3189 1002 vestis
3218 948 3354 1002 linea
3381 949 3549 1005 multo
3587 951 3670 1005 ls—

2092 1029 2222 1085 bore
2249 1041 2302 1086 et
2330 1032 2643 1088 difﬁcultate
2676 1033 2946 1104 perficitur
2969 1055 2983 1104 ;
3009 1052 3113 1090 non
3148 1052 3314 1108 usque
3339 1037 3473 1093 adeo
3504 1040 3671 1095 vestis

2095 1120 2268 1177 lanea.
2309 1123 2388 1177 Ad
2419 1125 2560 1180 hunc
2589 1126 2802 1180 modum
2832 1129 3090 1181 mun.litia
3122 1130 3362 1198 corporis
3391 1129 3559 1183 multo
3584 1128 3667 1183 la-

2092 1211 2224 1266 bore
2253 1215 2531 1286 multoque
2560 1223 2754 1269 conatu
2777 1217 2979 1272 utiliter
3003 1217 3249 1284 habetur,
3275 1227 3330 1274 et
3348 1219 3666 1285 custoditur,

2095 1310 2280 1370 utpote
2309 1303 2395 1357 cui
2421 1303 2621 1358 resistit
2646 1303 2737 1359 lex
2761 1307 3140 1372 membrorum,
3173 1307 3342 1362 fomes
3369 1316 3423 1362 et
3444 1307 3672 1375 languor

2093 1401 2320 1459 naturae,
2345 1393 2590 1450 stimulus
2612 1396 2808 1458 carnis,
2836 1411 2995 1465 quem
3026 1399 3137 1468 pali
3165 1414 3222 1454 se
3251 1399 3412 1454 etiam
3433 1399 3673 1469 Aposto-

2093 1479 2176 1535 lus
2197 1479 2284 1550 (ΙΙ
2309 1479 2426 1534 Cor.
2461 1498 2557 1550 ιιι,
2581 1482 2633 1553 7)
2663 1481 2968 1549 confitetur,
2994 1503 3177 1556 prava,
3201 1496 3255 1543 et
3281 1487 3423 1542 fluxa
3448 1503 3677 1543 consue-

2096 1570 2242 1635 tudo,
2275 1573 2512 1626 exterior
2538 1573 2726 1629 aliena:
2753 1577 2892 1631 cutis
2915 1578 3229 1634 illecebrosa
3259 1580 3507 1646 tentatio,
3532 1581 3674 1635 inte-

2095 1660 2206 1715 rior
2235 1661 2404 1716 hostis
2431 1663 2695 1718 incentiva
2719 1668 3007 1736 suggestio.

421 1775 566 1815 mum
604 1762 746 1817 beati
775 1761 980 1830 lsidori,
1024 1761 1352 1833 Hispalensis
1379 1763 1648 1832 quondam
1679 1760 1992 1829 metropoli-
2023 1754 2070 1814 Β
2165 1747 2220 1802 5-
2268 1767 2286 1800 ε
2321 1748 2398 1803 De
2441 1751 2551 1806 Ιίηο
2594 1763 2774 1808 amem
2813 1756 3027 1824 Planum
3074 1765 3182 1822 εει,
3227 1758 3352 1827 (illia
3382 1759 3613 1828 Primum
3639 1773 3672 1812 ³

422 1851 536 1905 tani
557 1853 812 1921 episcopi,
845 1853 982 1907 intra
1011 1869 1194 1908 muros
1219 1853 1366 1908 urbis
1394 1853 1739 1922 Legionensis
1771 1850 1991 1918 religio-

421 1953 604 1992 sorum
625 1939 940 1995 clericorum
962 1941 1134 1994 ordini
1155 1949 1210 1996 et
1230 1941 1622 1997 inbabitationi.
1641 1938 1758 2007 Quo
1778 1953 1994 1994 rumore

423 2035 691 2096 suscepto,
715 2029 1032 2084 venerabilis
1053 2027 1212 2084 Pater
1240 2030 1563 2099 Augustinus
1583 2029 1860 2084 catholicae
1881 2026 1994 2082 Eo-

424 2115 602 2169 clesiae
626 2115 815 2171 doctor
839 2118 1083 2186 egregius
1105 2158 1120 2183 ,
1163 2119 1584 2187 gratulabundus
1610 2128 1667 2174 et
1698 2118 1990 2182 exsultans,

424 2202 698 2258 dominum
754 2204 1018 2261 lsidorum
1063 2207 1201 2262 inter
1255 2208 1589 2265 confessores
1643 2209 1992 2279 praecipuum,

425 2293 606 2348 nescio
627 2295 753 2364 quid
775 2310 954 2351 secum
983 2297 1327 2360 meditantem
1346 2341 1362 2366 ,
1385 2300 1597 2354 intuens
1613 2338 1628 2364 ,
1658 2299 1738 2354 sic
1764 2315 1886 2354 eum
1914 2299 1994 2353 al-

427 2382 661 2451 loquitur
693 2403 704 2436 :
737 2383 872 2450 Quid
900 2394 1019 2453 est,
1060 2390 1351 2443 reverende
1388 2390 1585 2455 frater,
1628 2391 1771 2459 quod
1819 2401 1994 2444 tecum

425 2470 640 2526 volvis?
678 2471 925 2542 Nunquid
980 2475 1180 2544 aliquid
1223 2475 1292 2531 de
1333 2476 1621 2547 Scripturis
1667 2479 1996 2551 exponendis

425 2561 737 2617 meditaris?
777 2563 884 2620 Sed
926 2564 980 2619 in
1018 2565 1120 2622 hac
1157 2567 1326 2636 patria
1361 2569 1640 2639 spirituum
1688 2570 1913 2638 cmlum,
1944 2569 1994 2623 iJ

423 2657 508 2702 est
556 2648 868 2720 Scriptura,
932 2669 1040 2709 non
1092 2655 1396 2711 extenditur
1458 2659 1595 2713 sicut
1661 2660 1846 2728 pellis,
1903 2659 1996 2714 sed

425 2737 658 2806 plicatur
704 2739 843 2795 sicut
886 2741 1020 2797 liber
1074 2741 1230 2813 (lsai.
1276 2761 1469 2812 xxxiv,
1512 2747 1567 2817 4)
1619 2763 1766 2802 :nec
1815 2748 1997 2818 plebes

426 2823 665 2882 doctrina
709 2829 951 2900 indigere
977 2835 1285 2900 cognoscis,
1317 2837 1438 2907 quia
1469 2837 1558 2891 hic
1595 2838 1842 2907 impletur
1870 2837 1996 2894 illud

425 2920 571 2988 quod
622 2921 881 2992 scriptum
930 2935 1015 2979 est
1067 2943 1080 2978 :
1128 2925 1252 2981 Non
1305 2928 1502 2983 docebit
1565 2931 1641 2984 vir
1705 2932 1998 3001 proximum

425 3021 572 3059 suum
602 3048 617 3074 ,
649 3025 823 3064 omnes
847 3011 982 3064 enim
1005 3024 1311 3082 cognoscent
1333 3033 1413 3069 me
1438 3033 1470 3070 a
1498 3018 1710 3073 minimo
1739 3034 1897 3090 usque
1931 3018 1999 3072 ad

2094 1846 2235 1893 terra
2263 1840 2533 1911 avellitur,
2565 1843 2760 1900 deinde
2787 1845 2840 1900 in
2870 1846 3150 1904 fasciculos
3175 1851 3484 1921 colligatur,
3510 1852 3563 1906 in
3587 1851 3672 1906 la-

2091 1945 2213 1985 cum
2242 1931 2573 2003 demittitur,
2607 1937 2673 1991 ad
2718 1939 2887 1994 solem
2921 1941 3257 2008 exsiccatur,
3289 1943 3584 2011 quisquiliis
3613 1952 3675 2000 et

2091 2028 2248 2091 stupa
2275 2024 2612 2092 emundatur,
2644 2043 2740 2099 per
2767 2029 2943 2084 colum
2971 2031 3024 2084 in
3055 2031 3142 2086 tila
3169 2032 3448 2102 redigitur,
3473 2034 3524 2087 in
3546 2033 3672 2102 glo-

2093 2127 2210 2168 mos
2236 2116 2620 2184 complicatnr,
2662 2119 2712 2173 in
2742 2121 2900 2176 telam
2928 2121 3236 2177 extenditur
3263 2130 3318 2178 et
3344 2124 3672 2189 contexitur,

2094 2205 2307 2260 tandem
2336 2207 2588 2264 inciditur
2632 2219 2686 2266 et
2727 2212 2972 2280 insuitur,
3022 2223 3078 2269 et
3117 2215 3194 2270 sic
3237 2215 3672 2286 superpellicium

2093 2307 2324 2369 aptatur.
2356 2301 2544 2358 Linum
2572 2306 2711 2359 enim
2741 2307 2808 2361 de
2835 2315 2977 2361 terra
3015 2308 3214 2373 oritur,
3244 2324 3343 2378 per
3369 2309 3512 2378 quod
3539 2325 3673 2365 can-

2093 2388 2226 2443 dens
2265 2389 2427 2446 decor
2456 2393 2731 2448 munditias
2753 2432 2769 2460 ,
2818 2403 2873 2449 et
2905 2397 3201 2466 corporalis
3233 2405 3394 2466 atque
3418 2399 3676 2468 spiritalis

2094 2479 2313 2534 castitas
2336 2480 2662 2550 designatur.
2687 2481 2876 2538 Linum
2899 2499 3026 2553 ergo
3048 2485 3277 2555 primum
3304 2501 3334 2539 a
3357 2493 3502 2541 terra
3523 2486 3677 2541 avel-

2096 2568 2253 2632 litur,
2283 2570 2406 2640 quia
2441 2571 2745 2641 quicunque
2783 2588 2946 2629 causa
2984 2575 3191 2630 timoris
3227 2582 3281 2630 et
3325 2576 3524 2631 amoris
3577 2576 3676 2631 Dei

2097 2658 2410 2713 munditiam
2439 2662 2702 2716 castitatis
2739 2663 2935 2719 habere
2963 2664 3264 2732 desiderat,
3319 2681 3540 2722 necesse
3569 2675 3672 2730 est,

2099 2756 2159 2801 ut
2178 2750 2406 2818 primum
2439 2759 2727 2818 terrenam,
2761 2767 2824 2807 ac
2851 2757 3164 2810 stecularem
3204 2757 3674 2812 conversationem

2098 2837 2330 2906 deserat,
2363 2856 2530 2910 seque
2558 2842 2732 2912 ipsum
2759 2844 3004 2900 societati
3036 2845 3408 2916 religiosorum
3441 2848 3674 2903 virorum

2101 2929 2410 3000 coniungat.
2461 2929 2769 3002 Congruum
2820 2944 2905 2990 est
2949 2936 3113 2990 etiam
3153 2936 3278 2991 inde
3317 2939 3680 3008 corporaliter

2099 3019 2325 3088 quisque
2353 3020 2536 3094 [Forte
2561 3023 2852 3098 quemque]
2890 3026 3179 3095 recedere,
3220 3028 3309 3084 ubi
3345 3044 3406 3084 se
3434 3031 3680 3085 meminit

426 3097 676 3168 majorem
717 3097 848 3167 (Jer.
881 3117 1036 3168 xxxt,
1067 3103 1180 3174 54).
1223 3105 1354 3160 Cum
1393 3116 1602 3174 autem,
1653 3119 1714 3164 ut
1753 3110 1993 3178 videtur,
2025 3098 2070 3158 C
2102 3111 2246 3165 vitiis
2275 3111 2596 3169 deservisse.
2637 3097 2963 3186 Plerumque
2995 3118 3138 3172 enim
3185 3118 3310 3172 dum
3336 3127 3572 3174 mutatur
3598 3119 3680 3175 lo-

425 3183 493 3238 de
536 3186 795 3256 regimine
837 3199 894 3245 et
941 3191 1288 3260 dispositione
1329 3194 1688 3253 Ecclesiarum
1737 3201 1999 3258 sollicitus

425 3273 518 3341 sis,
553 3283 730 3332 tamen
765 3277 832 3333 de
855 3293 919 3334 ea
945 3295 1065 3349 qua:
1094 3290 1146 3338 te
1171 3284 1459 3353 spiritalius
1485 3286 1666 3360 [Forte
1693 3289 1999 3362 specialius]

426 3364 842 3440 familiariusque
863 3371 1142 3444 contingit,
1170 3375 1329 3431 decet
1352 3387 1409 3432 ut
1431 3379 1756 3435 solliciteris.
1783 3380 2000 3452 Loquor

427 3466 606 3512 autem
633 3459 700 3514 de
727 3476 790 3517 ea
819 3477 937 3533 quae
966 3464 1106 3520 intra
1131 3483 1314 3523 muros
1340 3469 1485 3525 urbis
1513 3470 1859 3540 Legionensis
1883 3477 2000 3532 the-

424 3563 643 3606 saurum
671 3555 912 3624 corporis
934 3556 1010 3612 tui
1029 3559 1331 3628 continens,
1352 3562 1613 3633 religiosis
1631 3565 1844 3623 clericis
1865 3584 2000 3639 prmo

429 3651 647 3710 paratur
673 3645 1037 3703 inhabitanda.
1577 3699 1586 3710 κ

496 3730 549 3784 2.
596 3750 626 3822 «ί
649 3732 730 3787 Ad
762 3735 874 3790 haec
895 3737 1140 3796 dominus
1187 3743 1417 3801 Isidorus
1443 3763 1458 3800 :
1487 3745 1776 3818 Sollicitor,
1807 3751 1996 3822 inquit,

425 3834 588 3886 super
615 3821 729 3888 his;
769 3824 863 3879 sed
888 3828 1150 3897 praecipue
1176 3830 1242 3886 de
1270 3833 1594 3894 indumentis
1617 3839 1729 3896 Deo
1756 3821 1999 3899 servien-

428 3911 557 3965 tium
588 3913 638 3965 in
675 3912 834 3970 domo
868 3916 957 3971 illa
986 3919 1338 3979 clericorum:
1367 3927 1473 4001 65
1505 3945 1628 3985 nam
1654 3934 1819 3989 victui
1852 3935 1999 4004 ipso-

425 4015 542 4055 rum
577 4002 685 4071 jam
710 4008 1009 4064 necessaria
1048 4025 1117 4067 ex
1141 4027 1332 4083 magna
1366 4027 1518 4085 parte
1555 4023 1760 4090 paravi,
1790 4030 1846 4076 et
1872 4002 1997 4078 reli-

423 4105 526 4160 qua
551 4092 898 4151 snllicientius
922 4102 1266 4168 praeparabo;
1297 4105 1390 4157 sed
1419 4113 1560 4158 terra
1583 4105 1674 4160 illa
1695 4123 1802 4162 non
1827 4110 1994 4165 abun-

423 4179 516 4234 dat
555 4183 809 4239 vestibus.
851 4185 984 4241 Volo
1013 4197 1190 4241 autem
1217 4227 1232 4253 ,
1277 4205 1371 4244 eos
1420 4191 1679 4248 habentes
1719 4198 1915 4254 victum
1944 4208 1994 4254 et

424 4269 692 4333 vestitum,
714 4271 777 4326 iis
805 4281 1088 4329 contentos
1125 4290 1244 4330 esse
1276 4276 1331 4347 (I
1362 4277 1494 4333 Tim.
1538 4297 1622 4347 vt,
1655 4281 1732 4354 8).
1765 4287 1844 4340 Ad
1884 4288 1997 4346 haec

430 4356 590 4410 Pater
617 4357 964 4429 Augustinus,
986 4360 1049 4416 Et
1077 4377 1199 4434 ego,
1232 4366 1428 4436 inquit,
1458 4372 1748 4440 providebo
1779 4377 1857 4432 his
1877 4377 2003 4435 filiis.

2099 3215 2234 3267 cus,
2275 3210 2514 3257 mutatur
2543 3205 2705 3258 etiam
2745 3207 2942 3262 mentis
2984 3205 3224 3264 allectus.
3272 3209 3472 3264 Deinde
3510 3211 3679 3265 linum

2097 3291 2208 3360 66
2231 3291 2286 3345 in
2325 3291 2638 3349 fascisculos
2668 3295 2980 3365 colligatur,
3023 3299 3148 3366 quia
3178 3307 3388 3369 oportet
3416 3299 3559 3353 illum
3584 3301 3679 3369 qui

2101 3382 2245 3452 prius
2273 3384 2562 3438 carnaliter
2593 3385 2822 3442 vivendo
2848 3402 2944 3456 per
2971 3388 3186 3445 illicitos
3209 3397 3358 3445 actus
3385 3387 3673 3457 deﬂuebat,

2100 3481 2161 3528 ut
2190 3475 2404 3531 vinculo
2426 3477 2620 3534 divina:
2657 3479 2934 3537 charitatis
2959 3481 3248 3538 obstrictus
3277 3498 3398 3538 sese
3426 3484 3562 3538 intra
3593 3484 3678 3538 sui

2098 3565 2278 3620 cordis
2320 3566 2608 3637 hospitium
2653 3569 2953 3640 recolligat.
2999 3570 3190 3627 Linum
3221 3582 3343 3642 post
3371 3573 3482 3626 haec
3510 3572 3562 3626 in
3600 3573 3679 3627 la-

2100 3669 2221 3709 cum
2251 3655 2570 3714 demittitur.
2605 3656 2708 3715 Per
2735 3661 2935 3730 lacum,
2964 3663 3090 3730 quia
3129 3677 3342 3730 semper
3361 3671 3445 3717 est
3465 3664 3518 3716 in
3545 3664 3677 3729 imo,

2099 3747 2442 3816 compunctio
2470 3751 2647 3804 cordis
2683 3751 2974 3819 figuratur;
3003 3753 3127 3820 quia
3157 3753 3296 3807 sicut
3325 3753 3490 3808 linum
3513 3756 3566 3810 in
3598 3757 3680 3810 la-

2100 3851 2220 3890 cum
2247 3835 2432 3911 [Forte
2457 3839 2510 3893 in
2538 3838 2680 3909 lacu]
2707 3839 2994 3895 mnndatur
3021 3849 3077 3897 et
3103 3842 3353 3910 abluitur,
3383 3845 3453 3898 ita
3495 3862 3683 3916 pecca-

2100 3932 2187 3980 tor
2231 3928 2284 3980 in
2334 3928 2580 3998 lacrymis
2606 3930 3032 3996 compunctionis
3055 3973 3071 3998 ,
3115 3947 3234 4000 quae
3264 3949 3384 3988 cum
3414 3936 3682 4004 profundo

2098 4015 2297 4081 gemitu
2327 4015 2560 4084 pectoris
2589 4017 2853 4083 oriuntur,
2883 4033 2913 4072 a
2940 4022 3175 4089 peccatis
3203 4031 3258 4077 et
3281 4024 3422 4079 vitiis
3452 4029 3681 4078 munda-

2099 4108 2187 4154 tur
2213 4107 2376 4170 atque
2396 4102 2648 4158 abluitur.
2679 4105 2880 4162 Deinde
2901 4109 2967 4163 ad
2991 4110 3160 4164 solem
3187 4114 3509 4169 exsiccatur.
3536 4115 3680 4171 Deus

2097 4198 2181 4246 est
2208 4206 2365 4248 verus
2394 4193 2473 4249 sol
2495 4193 2744 4264 iustitiae,
2785 4213 2815 4252 a
2843 4200 2994 4268 cujus
3023 4203 3205 4257 calore
3234 4220 3392 4260 nemo
3415 4221 3473 4261 se
3499 4216 3678 4276 potest

2098 4285 2450 4356 abscondere,
2482 4291 2690 4347 scilicet
2715 4293 2783 4348 ab
2803 4294 2918 4363 ejus
2946 4299 3271 4364 cognitione.
3299 4300 3493 4355 Calore
3515 4303 3678 4372 igitur

2097 4379 2282 4434 aeterni
2314 4380 2443 4436 solis
2471 4383 2780 4439 exsiccatur
2803 4386 2858 4440 in
2886 4386 3104 4444 homine
3137 4390 3353 4446 illicitos
3382 4392 3576 4447 humor
3613 4393 3674 4447 li-

424 4443 531 4548 tuis
541 4445 883 4548 indumenta.
922 4447 1137 4519 Lrgitur
1167 4462 1345 4509 autem
1373 4459 1512 4526 apud
1541 4461 1882 4519 Salomonem
1923 4468 1990 4523 de
2023 4466 2070 4524 D
2095 4469 2318 4528 bidinis;
2353 4472 2480 4539 quia
2510 4473 2649 4530 illius
2676 4491 2965 4535 succensus
2988 4481 3327 4548 cognitione,
3362 4497 3424 4538 ac
3462 4482 3676 4538 fervore

425 4532 649 4590 muliere
666 4549 771 4605 qua
793 4537 892 4590 iam
911 4577 926 4602 ,
957 4540 1098 4610 quod
1129 4558 1231 4597 non
1259 4547 1448 4600 timebit
1485 4549 1656 4606 domui
1685 4571 1794 4609 sua:
1822 4573 1854 4610 a
1893 4559 1992 4629 [ri-

420 4621 627 4693 goribus
651 4626 781 4680 nivis
813 4625 992 4697 (Prov.
1017 4647 1174 4695 xxxt,
1199 4631 1308 4705 2i),
1352 4644 1407 4690 et
1431 4650 1647 4696 czete‘ra.
1691 4643 1766 4696 De
1794 4621 1904 4715 qua.
1939 4657 1994 4705 et

420 4713 614 4810 ili-idem
643 4716 886 4774 subditur
914 4737 928 4776 :
961 4721 1194 4792 Operata
1221 4733 1297 4780 est
1336 4729 1496 4784 linum
1518 4743 1567 4786 et
1596 4734 1772 4790 lauant
1803 4713 1991 4810 (Ibid.,

378 4847 382 4856 ,
423 4803 532 4872 ιδ).
590 4805 668 4860 Ad
721 4807 862 4865 hunc
897 4825 1026 4880 ergo
1055 4816 1270 4871 modum
1311 4833 1410 4888 ego
1456 4820 1546 4881 his,
1598 4825 1757 4896 filiis,
1797 4803 1854 4884 et
1891 4803 1990 4886 (ιοέ

374 4897 387 4973 ξ
419 4897 655 4950 mesticis
681 4897 783 4953 tuis
806 4908 1011 4955 vestem
1040 4901 1308 4974 duplicem
1339 4923 1405 4963 ex
1443 4912 1552 4968 lino
1596 4914 1823 4985 Iamque
1859 4936 1990 4977 con-

379 5008 388 5058 έ
420 4994 617 5039 textam
645 4985 825 5059 [Forte
852 4993 1174 5065 contexam],
1216 5002 1646 5069 superpellicium
1692 5011 1900 5067 scilicet
1938 5024 1994 5069 et

419 5091 608 5147 cepam
629 5119 645 5143 ,
691 5077 744 5131 in
771 5093 997 5147 quorum
1026 5083 1196 5140 altero
1218 5090 1559 5158 munditiam,
1590 5095 1641 5149 in
1669 5097 1840 5155 altero
1869 5103 1992 5158 volo

422 5163 776 5222 humilitatem
815 5169 1064 5240 intelligi;
1095 5175 1238 5243 quod
1272 5192 1337 5232 ex
1391 5179 1624 5249 ipsarum
1657 5200 1872 5257 quoque
1899 5208 1995 5246 ve-

417 5256 576 5309 stium
598 5259 779 5315 colore
801 5268 856 5314 et
877 5272 1137 5330 apparatu
1163 5273 1338 5334 potest
1363 5273 1598 5339 agnosci.
1632 5274 1763 5332 Nam
1792 5294 1989 5352 corpo-

418 5347 488 5400 ris
516 5349 771 5405 munditia
803 5353 1092 5410 candorem
1129 5355 1320 5422 habet,
1367 5368 1421 5414 et
1450 5363 1670 5434 nigredo
1703 5371 1862 5427 vestis
1888 5347 1990 5428 hu-

488 5498 724 5586 :Quare
751 5504 834 5560 hic
861 5514 917 5561 et
955 5521 1184 5586 sequens
1212 5527 1390 5586 sermo
1430 5516 1481 5570 in
1513 5523 1866 5583 translatione
1891 5528 1990 5586 lsi-

414 5569 648 5658 dori,_‘de
673 5587 779 5658 qua
807 5592 905 5658 nec
935 5569 1152 5658 verbum
1175 5581 1337 5658 ullum
1369 5569 1991 5658 exhibent,-

414 5641 819 5709 pnetitulentur,
842 5644 979 5702 haud
1003 5648 1156 5706 facile
1182 5653 1489 5724 suspiceris.
1516 5641 1986 5727 Tutus‘éniiii'ié's'é

2095 4560 2391 4628 charitatis,
2421 4565 2600 4618 statim
2624 4568 2831 4623 recedit
2858 4570 2926 4624 ab
2957 4569 3253 4626 intentione
3283 4573 3430 4642 pravi
3471 4574 3671 4644 operis.

2095 4650 2380 4708 Mundatur
2408 4657 2570 4711 etiam
2612 4658 2776 4714 linum
2809 4661 2876 4716 ab
2903 4671 3058 4732 stupa
3089 4671 3145 4718 et
3165 4664 3498 4734 quisquiliis,
3545 4667 3670 4735 quia

2093 4743 2318 4812 quihbet
2341 4759 2631 4804 conversus
2656 4765 2752 4818 per
2773 4752 3142 4820 paenitentiam
3167 4754 3453 4809 inundatur
3473 4757 3540 4810 ab
3569 4757 3672 4810 illi—

2093 4833 2214 4888 citis
2252 4843 2307 4888 et
2353 4840 2696 4906 supervacuis
2739 4841 3060 4898 actionibus.
3087 4844 3274 4899 Litium
3307 4847 3432 4901 item
3459 4863 3555 4917 per
3581 4863 3673 4902 co-

2095 4924 2202 4979 lnm
2233 4927 2286 4981 in
2313 4927 2400 4982 fila
2426 4928 2701 4998 redigitur.
2734 4933 2921 4989 Colum
2952 4944 3191 5004 gestator
3217 4939 3268 4993 in
3297 4939 3510 4994 sinistra
3530 4978 3546 5005 ,
3592 4937 3672 4992 fu-

2094 5031 2211 5072 sum
2260 5035 2388 5074 vero
2437 5022 2491 5076 in
2538 5023 2754 5078 dextera
2788 5043 2800 5078 :
2833 5035 2888 5080 et
2934 5029 3075 5083 sicut
3113 5029 3446 5085 descendunt
3493 5029 3575 5084 ﬁla
3605 5029 3671 5084 de

2093 5109 2214 5163 civlo
2235 5149 2250 5173 ,
2289 5110 2368 5166 sic
2409 5128 2596 5168 omnes
2639 5125 2787 5170 actus
2816 5119 2958 5172 servi
2989 5117 3083 5172 Dei
3107 5119 3173 5174 de
3199 5119 3398 5188 praelati
3429 5121 3508 5174 sui
3539 5134 3668 5190 pen-

2093 5197 2224 5252 dent
2251 5200 2500 5266 arbitrio,
2533 5202 2606 5256 ita
2637 5212 2693 5257 ut
2737 5204 2866 5259 nihil
2897 5206 2945 5260 ei
2975 5220 3133 5275 agere
3174 5208 3334 5264 liceat
3370 5209 3488 5264 sine
3528 5207 3668 5262 illius

2093 5290 2338 5344 consilio.
2371 5291 2571 5346 Deinde
2620 5293 2670 5347 in
2716 5295 2924 5362 glomos
2975 5298 3368 5366 complicatur;
3401 5297 3524 5367 quia
3567 5294 3666 5351 sub

2093 5381 2316 5451 imperio
2337 5383 2418 5437 sui
2443 5386 2714 5454 pur-positi
2745 5388 3102 5457 restringitur.
3143 5388 3270 5445 Post
3291 5390 3406 5446 ham
3424 5391 3478 5445 in
3506 5389 3662 5444 telam

2092 5543 2264 5613 vertat
2294 5536 2542 5613 (fortasse
2565 5548 2734 5613 versat
2757 5583 2771 5604 ,
2809 5556 2905 5596 seu
2937 5545 3106 5613 vertit)
3146 5545 3196 5598 in
3229 5558 3288 5598 re
3318 5544 3536 5600 omnino
3566 5542 3663 5596 mi-

2090 5606 2253 5685 randa
2280 5643 2297 5672 ,
2342 5608 2501 5685 cuius
2538 5609 2712 5685 ﬁdem
2768 5626 2934 5685 petms
2989 5606 3242 5670 lectorem
3289 5614 3656 5685 relinquimus.

2093 5672 2260 5745 (Nota
2289 5672 2498 5732 edito'ris
2529 5677 2590 5734 S.
2618 5672 2883 5750 Martini.)
