4012 6196
298 278 369 336 6|
1369 275 1781 333 lSlDOlllANA.
1819 304 1891 317 -—
1929 275 2110 332 PARS
2152 276 2191 331 Ι.
2232 275 2392 333 CAP.
2435 278 2501 334 XI
3503 293 3571 350 σε

305 392 619 465 extenditur
646 399 702 447 et
724 390 1049 455 contexitur,
1074 389 1222 457 dum,
1240 388 1464 460 iubente
1488 389 1731 460 prmlato,
1761 387 1891 443 foris
1918 388 1967 448 A
1994 385 2155 441 beato
2185 387 2479 457 Augustino
2504 390 2833 447 sullicicntcr
2862 394 2990 449 estis
3019 394 3261 451 instructi
3285 436 3300 462 ,
3328 406 3383 451 et
3411 412 3573 467 regu.

300 498 361 542 et
390 487 537 541 intus
566 483 933 548 discurrendo,
958 483 1099 538 bona
1123 497 1240 553 qut-
1260 490 1439 553 potest
1460 489 1732 552 operatur.
1756 479 1887 535 Tela

301 576 525 631 tandem
556 574 839 641 inciditur,
870 583 923 629 et
950 575 1212 637 insuitur,
1262 574 1390 628 dum
1433 588 1622 628 servus
1652 572 1745 625 Dei
1774 587 1892 642 per-

302 664 449 720 fecte
476 662 733 717 mundum
778 663 1114 729 contemnit,
1155 662 1385 717 visibilia
1415 663 1674 733 despicit,
1724 676 1890 730 seque

302 754 481 823 ipsum
511 754 563 806 in
592 752 1050 822 contemplatione
1084 751 1166 807 sui
1207 750 1479 807 Creatoris
1507 752 1771 807 introrsus
1800 767 1889 807 re-

300 845 541 913 colligit;
579 844 733 914 quasi
766 842 877 912 jam
911 858 941 896 a
973 843 1200 897 tumultu
1229 843 1510 913 praesentis
1547 844 1727 897 saeculi
1765 842 1892 897 inci-

300 933 471 999 ditur,
522 942 577 989 et
613 940 829 987 aeternae
874 932 1057 1001 patria:
1086 932 1289 987 civibus
1327 940 1507 986 mente
1536 940 1592 986 et
1622 930 1889 986 desiderio

300 1020 551 1087 insuitur,
583 1020 689 1076 hoc
718 1028 799 1075 est
828 1020 1138 1087 inuectitur,
1190 1029 1247 1073 ut
1292 1019 1630 1074 dulcedinem
1657 1020 1890 1074 caelestis

302 1112 495 1179 regni,
546 1126 710 1180 quam
741 1110 980 1181 perfecte
1005 1109 1239 1165 nondum
1270 1118 1470 1181 potest,
1497 1110 1685 1165 saltem
1716 1110 1890 1181 suspi-

300 1200 475 1254 rando
505 1199 784 1268 degustet;
827 1207 882 1253 et
924 1198 1003 1254 sic
1028 1200 1465 1269 superpellieium
1493 1198 1659 1253 totius
1688 1200 1891 1254 mundi-

301 1289 411 1354 tiae,
443 1298 500 1343 et
522 1288 823 1344 honestatis
846 1296 1065 1358 aptatur
1084 1330 1100 1358 ,
1133 1289 1259 1358 quia
1284 1289 1394 1358 jam
1423 1289 1670 1344 societati
1692 1289 1870 1360 perle-

298 1387 513 1433 etorum
543 1379 769 1434 idoneus
797 1379 1044 1434 eflicitur.

369 1466 423 1520 4.
474 1486 493 1519 ι
528 1467 646 1521 Jam
680 1483 774 1537 per
796 1469 892 1524 Dei
921 1468 1168 1538 gratiam,
1202 1468 1416 1535 fratres,
1455 1470 1888 1541 superpellicium

297 1556 543 1621 habetis;
590 1558 684 1612 sed
714 1566 891 1613 tamen
923 1560 1083 1614 ovina
1112 1575 1247 1628 capa
1276 1560 1451 1615 adhuc
1478 1560 1745 1628 indigetis.
1782 1559 1888 1613 La-

298 1661 398 1701 nea
441 1656 497 1701 et
548 1648 699 1717 nigra
743 1651 908 1705 vestis
957 1650 1319 1705 humilitatem
1366 1650 1597 1705 insinuat
1626 1650 1887 1719 religiosae

1996 476 2197 531 laribus
2225 479 2580 547 vestimentis,
2626 479 2878 537 videlicet
2917 484 3298 555 superpellicio
3328 494 3382 539 et
3408 501 3570 555 capa,

1992 565 2275 635 dupliciter
2294 567 2486 624 induti.
2512 568 2569 623 ln
2589 571 2989 640 superpellicio,
3018 575 3155 628 sicut
3188 574 3298 643 jam
3326 576 3572 644 supradi-

1991 665 2135 710 ctum
2166 665 2267 723 est,
2298 657 2553 712 munditia
2601 661 2797 716 mentis
2840 670 2895 717 et
2943 665 3187 733 corporis
3235 664 3568 734 designatur.

1991 745 2193 802 Cavete
2219 748 2400 815 igitur,
2423 748 2635 815 fratres,
2663 766 2731 805 ne
2761 751 2943 807 subter
2970 755 3404 823 superpellicium
3422 757 3572 809 dam-

1990 838 2182 894 nabilis
2212 839 2378 893 lateat
2405 839 2714 896 fornicatio.
2762 842 2888 897 Mihi
2919 844 3160 911 credite;
3192 847 3570 916 superpellicio

1992 944 2097 981 non
2138 928 2393 995 induitur,
2435 930 2679 999 quisquis
2707 930 3070 989 fornicatione
3121 936 3389 1004 polluitur.
3435 937 3569 1003 Quid

1991 1020 2209 1088 prodest
2253 1019 2384 1075 foris
2410 1029 2535 1075 ante
2579 1022 2766 1077 oculos
2812 1024 3087 1079 hominum
3140 1029 3571 1097 superpellicium

1992 1109 2278 1166 ostendere
2316 1126 2455 1180 aqua
2495 1113 2759 1178 ablutum,
2811 1122 2866 1169 et
2908 1114 3053 1169 intus
3097 1125 3225 1171 ante
3254 1118 3440 1172 oculos
3478 1119 3574 1174 Dei

1997 1208 2213 1267 portare
2278 1215 2476 1269 corpus
2524 1201 2882 1257 fornicatione
2938 1204 3238 1273 pollutum?
3291 1206 3396 1259 Aut
3447 1207 3574 1276 quid

1990 1289 2211 1359 prodest
2232 1289 2361 1345 foris
2382 1291 2434 1345 in
2457 1300 2749 1362 conspectu
2772 1294 2884 1364 68
2906 1294 3179 1348 hominum
3203 1294 3573 1350 demonstrare

1990 1380 2303 1433 munditiam
2344 1382 2540 1448 vestis,
2591 1390 2646 1437 et
2674 1384 2945 1438 occultare
2975 1385 3294 1439 intrinsecus
3338 1387 3572 1441 immun-

1988 1470 2173 1523 ditiam
2204 1469 2574 1527 fornicationis
2597 1474 2619 1526 ?
2649 1473 2790 1527 Nihil
2817 1474 3024 1529 celatur
3046 1483 3171 1529 ante
3194 1475 3357 1529 Deum
3387 1494 3397 1527 :
3430 1477 3574 1531 videt

1991 1559 2227 1625 occulta,
2256 1561 2344 1626 qui
2372 1560 2496 1615 fecit
2520 1562 2855 1616 abscondita.
2897 1562 3084 1617 Omnia
3114 1564 3275 1629 nuda,
3308 1573 3363 1618 et
3387 1574 3571 1634 aperta

1990 1655 2115 1701 sunt
2158 1650 2328 1704 oculis
2369 1650 2485 1719 ejus
2530 1651 2715 1719 (Hebr.
2748 1670 2819 1717 1v,
2860 1654 2965 1723 15).
3012 1654 3120 1709 Vos
3152 1655 3311 1723 igitur
3340 1672 3571 1725 moneo,

296 1737 750 1792 conversationis.
778 1738 924 1793 Lana
956 1740 1116 1808 igitur
1138 1740 1364 1809 primum
1395 1740 1665 1804 tondetur,
1697 1740 1890 1796 deinde
1922 1744 1966 1803 Β
1994 1738 2348 1808 dilectissimi,
2398 1757 2465 1796 ne
2492 1742 2668 1796 velitis
2710 1758 2829 1797 esse
2857 1743 3105 1813 sepulcra
3134 1745 3410 1809 dealbata,
3451 1760 3571 1815 qua:

296 1828 593 1883 mandatur
618 1836 675 1882 et
702 1828 958 1897 abluitur,
990 1829 1114 1884 colo
1143 1829 1511 1899 suspenditur,
1545 1831 1598 1885 in
1631 1830 1715 1884 (ita
1746 1830 1887 1885 redi-

296 1918 461 1982 gitur,
498 1917 701 1971 texitur
735 1927 790 1971 et
820 1918 1049 1973 insuitur
1074 1959 1089 1984 ,
1135 1927 1190 1973 et
1234 1920 1313 1974 sie
1340 1935 1471 1990 capa
1504 1921 1795 1990 perlicitur.
1830 1920 1885 1975 ln

297 2008 419 2062 lana
452 2007 547 2063 Dei
572 2007 715 2063 dona
738 2009 1119 2077 ostenduntur,
1142 2026 1260 2079 qua:
1290 2011 1445 2067 nobis
1467 2026 1498 2065 a
1528 2012 1639 2067 Deo
1672 2014 1722 2066 in
1752 2029 1888 2082 pne-

297 2098 438 2151 senti
500 2097 611 2150 vita
673 2098 993 2153 tribuuntur.
1045 2098 1191 2152 Lana
1239 2114 1368 2168 ergo
1423 2100 1711 2168 tondetur,
1763 2118 1887 2156 cum

296 2197 521 2258 propter
580 2187 745 2242 Deum
794 2198 1008 2244 terrena
1062 2191 1361 2245 substantia
1409 2192 1677 2259 abjicitur.
1743 2193 1885 2249 Lana

295 2280 451 2349 quasi
482 2280 774 2333 mundatur
802 2289 855 2334 et
884 2280 1149 2344 abluitur,
1182 2297 1303 2335 cum
1335 2281 1619 2350 largitione
1648 2283 1886 2338 eleemo-

293 2385 551 2440 synarum
573 2371 677 2441 67
700 2370 865 2425 homo
890 2386 918 2423 a
943 2372 1181 2441 peccatis
1202 2372 1509 2426 mundatur.
1539 2370 1691 2427 Unde
1715 2372 1842 2426 illud
1870 2390 1883 2426 :

294 2459 433 2513 Date
460 2462 876 2530 elemosynam,
914 2468 964 2515 et
999 2477 1114 2515 ecce
1149 2461 1321 2516 omnia
1366 2464 1558 2516 munda
1596 2474 1714 2517 sunt
1749 2464 1888 2517 vobis

296 2549 453 2620 (Luc.
485 2566 572 2617 ιι,
605 2550 719 2621 41).
747 2550 883 2607 Colo
912 2552 1032 2606 lana
1077 2552 1447 2622 suspenditur,
1502 2553 1627 2607 dum
1677 2568 1883 2608 summa

293 2642 573 2711 vigilantia
604 2642 924 2708 attenditur,
955 2657 1023 2697 ne
1050 2642 1249 2712 aliquid
1278 2658 1439 2697 causa
1464 2643 1769 2712 jactantize,
1801 2644 1887 2697 vel

295 2734 472 2788 inanis
501 2732 688 2802 gloriae.
718 2747 900 2786 amore
924 2732 1211 2787 tribuatur.
1238 2732 1296 2786 In
1329 2732 1415 2787 fila
1448 2734 1737 2802 redigitur,
1764 2749 1885 2789 cum

294 2826 531 2880 discrete
604 2825 947 2895 eleemosyna
1015 2824 1258 2893 largitur.
1332 2824 1475 2879 Lana
1542 2825 1882 2890 contexitur,

293 2916 513 2985 quando
567 2915 821 2985 operibus
869 2915 1251 2971 misericordiae
1307 2916 1549 2969 studiose
1603 2914 1881 2968 insi-titur.

297 3006 424 3060 Tela
458 3005 789 3075 praeciditur,
805 3020 925 3059 cum
950 3007 1063 3073 jam
1093 3004 1340 3058 voluntas
1368 3004 1597 3059 habendi
1619 3004 1685 3057 ab
1706 3003 1885 3058 animo

1998 1830 2130 1885 loris
2175 1831 2392 1901 quidem
2443 1842 2705 1902 apparent
2752 1834 3058 1889 hominibus
3107 1838 3378 1905 speciosa,
3429 1837 3573 1893 intus

1990 1930 2169 1976 autem
2200 1923 2356 1992 plena
2385 1932 2511 1978 sunt
2538 1925 2749 1980 ossibus
2780 1937 3137 1991 mortuorum,
3172 1936 3226 1981 et
3250 1929 3524 1984 vermibus
3549 1970 3564 1996 ,

1990 2020 2152 2081 atque
2182 2014 2328 2068 omni
2356 2016 2610 2083 spurcitia
2640 2015 2855 2086 (Matth.
2892 2033 3042 2081 χχιιι,
3077 2018 3189 2087 27).

2059 2120 2111 2173 7.
2161 2139 2178 2171 ι
2214 2120 2361 2191 Capa
2390 2139 2457 2179 ex
2487 2124 2606 2177 lana
2642 2125 2945 2179 contexitur
2976 2127 3111 2191 ovis,
3143 2136 3195 2181 et
3232 2128 3352 2182 idco
3380 2128 3559 2182 humi-

1990 2217 2195 2273 litatem
2242 2220 2503 2286 significat
2548 2221 2815 2289 religiosae
2864 2224 3316 2278 conversationis.
3387 2224 3571 2293 Igitur,

1990 2313 2287 2368 charissimi
2311 2354 2326 2377 ,
2378 2315 2617 2368 solerter
2647 2315 2956 2383 parvidete,
2986 2331 3053 2369 ne
3106 2316 3259 2384 lupus
3289 2317 3449 2371 lateat
3474 2318 3574 2372 sub

1990 2402 2147 2455 ovina
2178 2404 2336 2471 pelle.
2369 2402 2521 2457 Unde
2552 2403 2810 2458 Dominus
2838 2405 2889 2458 in
2922 2404 3214 2473 Evangelio
3250 2425 3262 2459 :
3306 2408 3567 2463 Attendite

1991 2508 2023 2544 a
2055 2493 2204 2562 falsis
2232 2494 2528 2562 prophetis,
2560 2494 2646 2563 qui
2674 2496 2880 2547 veniunt
2929 2495 2998 2547 ad
3026 2512 3116 2549 vos
3161 2498 3214 2549 in
3260 2499 3571 2551 vestimentis

1988 2583 2177 2647 ovium,
2198 2583 2504 2636 intrinsecus
2522 2592 2692 2637 autem
2712 2594 2832 2637 sunt
2853 2585 2957 2655 lupi
2987 2603 3204 2656 rapaces
3228 2586 3441 2656 (Matth.
3476 2605 3569 2649 νιι,

1995 2670 2106 2740 15).
2137 2670 2316 2739 Lupus
2356 2672 2488 2727 latet
2515 2673 2615 2726 sub
2642 2673 2782 2742 pelle
2807 2676 2987 2740 ovina,
3020 2676 3234 2742 quando
3264 2679 3364 2732 sub
3389 2678 3572 2732 habitu

1994 2762 2255 2830 regularis
2306 2763 2429 2817 vita:
2490 2763 2621 2817 latet
2669 2764 2981 2830 simulatio,
3036 2767 3345 2832 di-cordia,
3401 2778 3562 2837 atque

1992 2851 2208 2906 invidia.
2262 2851 2373 2906 Sub
2421 2853 2561 2922 pelle
2613 2854 2776 2908 etiam
2825 2854 2983 2909 ovina
3042 2855 3196 2924 lupus
3247 2856 3396 2921 latet,
3449 2872 3569 2911 eum

1990 2943 2214 3010 quilibet
2238 2944 2521 2998 simulator
2549 2944 2646 2997 sub
2674 2945 2853 3013 specie
2882 2944 3155 3013 religionis
3186 2946 3441 3014 proximis
3462 2948 3575 3001 suis

1990 3042 2173 3088 nocet.
2222 3032 2401 3103 Lupus
2448 3049 2616 3103 rapax
2664 3043 2747 3089 est
2789 3035 3133 3103 intrinsecus,
3175 3037 3291 3105 qui,
3333 3038 3569 3092 exterius

296 3097 539 3169 Ρθῖίυθίθ
566 3097 889 3192 θηωδίίλυτ·
922 3096 1159 3192 und”?
1192 3097 1422 3151 ins'm‘"
1438 3138 1453 3165 ν
1480 3112 1601 3192 ΨΜ
1626 3095 1887 3192 jam__q"_i’
1911 3108 1960 3170 (ἶ
1991 3095 2352 3180 innocentiam
2399 3095 2701 3181 simulando
2758 3142 2866 3181 non
2938 3095 3141 3191 cessat,
3195 3095 3569 3192 detrahendo,

296 3190 427 3244 libet
447 3204 743 3244 conversus
784 3188 851 3244 de
890 3188 1061 3243 activa
1092 3189 1199 3241 vita
1233 3188 1603 3243 conscendens
1625 3229 1640 3253 ,
1684 3186 1886 3241 relictis

296 3278 569 3342 omnibus,
599 3278 723 3331 vitae
761 3277 1194 3346 contemplativa:
1227 3277 1482 3331 inseritur
1505 3318 1519 3343 ,
1570 3285 1732 3346 atque
1762 3291 1887 3330 eo:-

295 3372 539 3443 jungitur
558 3413 573 3439 ,
604 3382 661 3427 et
687 3372 764 3427 sic
790 3372 1050 3441 regularis
1079 3386 1210 3442 capa
1237 3370 1535 3443 perficitur,
1566 3370 1691 3424 dum
1722 3370 1823 3425 sibi
1852 3386 1881 3424 a

296 3463 414 3519 Deo
468 3478 565 3533 per
608 3462 806 3518 bonam
852 3462 1223 3532 operationem
1256 3460 1627 3517 indumentum
1668 3470 1884 3516 (eterna:

291 3555 484 3625 gloriae
511 3564 867 3625 promeretur.

362 3668 417 3720 5.
468 3683 489 3717 ς
522 3663 719 3720 lterum
747 3665 1087 3722 beatissimus
1109 3664 1436 3736 Augustinus
1461 3672 1707 3719 sanctum
1738 3664 1876 3718 allo-

296 3756 489 3824 quitur
531 3755 816 3821 lsidorum,
868 3758 1054 3813 dicens
1102 3775 1116 3811 :
1162 3757 1474 3813 Reverende
1524 3756 1706 3821 frater,
1755 3772 1885 3813 ecce

296 3861 489 3903 omnes
535 3848 864 3905 domesticos
913 3859 1055 3917 tuos,
1107 3850 1246 3905 sicut
1288 3850 1533 3920 promisi,
1584 3849 1884 3920 duplicibus

292 3935 623 3991 indumentis
672 3938 881 3993 vestivi.
934 3938 1050 3994 Non
1094 3952 1224 4008 ergo
1271 3940 1462 3994 timeas
1510 3939 1647 3993 ultra
1702 3938 1883 3994 domui

295 4033 401 4079 tute
442 4041 471 4078 a
504 4026 675 4081 niveis
724 4026 1044 4094 frigoribus,
1086 4027 1213 4083 dum
1257 4043 1444 4083 omnes
1483 4027 1761 4083 domestici
1805 4028 1882 4083 tui

293 4115 475 4169 vestiti
509 4124 636 4169 sunt
662 4115 981 4186 duplicibus.
1017 4116 1251 4172 Primum
1268 4117 1880 4187 eisaptavisuperpelli-

292 4207 458 4272 cium,
492 4223 599 4276 quo
628 4207 961 4278 significatur
989 4210 1247 4264 munditia
1280 4210 1474 4264 mentis
1509 4218 1565 4265 et
1595 4210 1879 4279 corporis;

295 4297 491 4352 deinde
521 4313 710 4367 capam
739 4300 897 4353 ovina
930 4300 1051 4354 lana
1080 4308 1389 4355 contextam
1410 4341 1423 4365 ,
1469 4301 1522 4354 in
1551 4315 1657 4369 qua
1699 4308 1882 4354 osten-

294 4391 442 4444 ditur
486 4390 792 4446 innocentia
844 4391 967 4445 vita:
1012 4400 1067 4445 et
1114 4392 1387 4446 humilitas
1428 4391 1874 4447 conversationis.

1989 3218 2398 3285 murmurando,
2445 3218 2794 3285 susurrando,
2843 3221 3130 3274 comedere
3156 3235 3351 3274 carnes
3378 3220 3567 3289 proxi-

1988 3323 2195 3361 morum
2225 3323 2445 3363 suorum
2475 3309 2528 3363 in
2556 3309 2785 3364 occulto.
2819 3308 3073 3363 Habitum
3101 3324 3231 3377 ergo
3272 3309 3566 3379 religionis,

1997 3396 2215 3465 fratres,
2264 3415 2425 3468 quem
2481 3401 2814 3470 praetenditis
2858 3402 3060 3471 specie,
3112 3402 3268 3456 bonis
3316 3402 3571 3471 operibus

1990 3492 2230 3562 implete.
2262 3491 2379 3547 Non
2406 3494 2661 3562 quaeratis
2686 3493 2828 3549 aliud
2858 3509 2976 3549 esse
3003 3494 3055 3548 in
3082 3495 3322 3561 occulto,
3346 3503 3400 3548 et
3421 3493 3565 3547 aliud

1989 3582 2041 3636 in
2069 3582 2301 3651 publico.
2330 3582 2634 3639 Concordet
2658 3584 2866 3638 animus
2896 3585 3117 3638 interius
3147 3599 3269 3637 cum
3299 3582 3566 3651 religiosis

1984 3673 2240 3727 vestibus.
2290 3672 2593 3729 Concordet
2637 3674 2743 3728 vita
2791 3690 2913 3729 cum
2964 3676 3162 3743 lingua.
3213 3674 3444 3730 Sanctus
3483 3682 3568 3729 est

1985 3762 2218 3825 habitus,
2261 3773 2477 3817 sanctus
2502 3764 2573 3819 sit
2593 3764 2826 3817 animus.
2854 3763 3051 3819 Sancta
3076 3775 3201 3820 sunt
3223 3767 3569 3830 vestimenta,

1986 3861 2172 3908 sancta
2219 3854 2329 3909 sint
2372 3869 2535 3922 opera
2563 3862 2763 3909 vestra.
2807 3855 3077 3911 Habentes
3104 3858 3303 3925 igitur,
3335 3857 3570 3911 dilectis-

1984 3942 2125 4008 simi,
2151 3943 2350 3999 victum
2381 3952 2435 3996 et
2459 3944 2728 4009 vestitum,
2754 3945 2837 3999 his
2861 3947 3100 4000 contenti
3129 3955 3303 4001 estote
3326 3951 3341 4015 (
3368 3946 3398 3999 1
3430 3946 3565 4000 Tim.

1985 4050 2058 4098 Vl,
2108 4034 2196 4102 8),
2253 4044 2308 4088 et
2352 4033 2554 4087 nullum
2602 4035 2744 4102 apud
2795 4050 2890 4089 vos
2943 4036 3219 4089 retineatis
3263 4038 3560 4105 proprium.

1986 4121 2181 4177 Procul
2201 4123 2360 4176 dubio
2392 4122 2506 4191 ipse
2530 4122 2656 4176 facit
2678 4120 2875 4177 furtum
2902 4124 2992 4192 qui
3022 4125 3073 4178 in
3104 4141 3385 4179 commune
3409 4126 3571 4180 habet

1986 4214 2166 4268 omnia
2210 4226 2331 4266 cum
2379 4213 2587 4267 emteris
2636 4212 2908 4279 fratribus,
2958 4223 3014 4268 et
3054 4214 3193 4284 apud
3245 4230 3303 4269 se
3354 4213 3555 4283 aliquid

1986 4303 2147 4357 habet
2171 4302 2568 4357 absconditum.
2592 4300 2783 4357 Omnia
2812 4304 2864 4358 in
2893 4319 3175 4360 commune
3199 4320 3321 4359 cum
3352 4307 3562 4360 caeteris

1980 4392 2235 4448 fratribus
2284 4392 2583 4462 possidere,
2635 4402 2688 4449 et
2735 4394 2879 4463 apud
2921 4410 2981 4450 se
3032 4395 3175 4449 aliud
3231 4395 3563 4453 abscondere

293 4480 375 4535 Tu
430 4481 626 4550 igitur,
670 4482 978 4537 venerande
1021 4483 1186 4536 frater
1225 4481 1447 4546 Isidore,
1491 4482 1569 4535 eis
1622 4482 1877 4537 victualia
1908 4468 2109 4552 anid
2157 4494 2242 4539 est
2296 4483 2462 4549 aliud,
2514 4484 2616 4538 nisi
2665 4494 2784 4554 post
2833 4494 3061 4540 mortem
3115 4486 3347 4555 seipsum
3397 4488 3572 4556 poenis

292 4572 627 4627 suflicientér
654 4573 894 4644 acquive,
921 4582 978 4626 ut
1004 4572 1131 4627 dum
1161 4574 1400 4629 vestibus
1427 4574 1734 4636 abundant,
1760 4575 1878 4629 sine

293 4660 587 4729 indigentia
616 4662 728 4719 Deo
758 4664 967 4733 possint
1008 4664 1232 4717 servire.
1277 4662 1397 4717 Tibi
1427 4665 1588 4718 etiam
1617 4664 1879 4733 competit

292 4769 392 4809 eos
420 4760 670 4821 monere,
704 4756 829 4811 dum
856 4771 916 4813 es
947 4771 1180 4826 praesens
1206 4756 1399 4827 spiritu
1427 4764 1484 4810 et
1520 4770 1751 4825 corpore
1769 4794 1785 4819 ,
1819 4763 1878 4810 ut

293 4845 537 4915 regulam
582 4846 683 4901 sibi
724 4862 755 4901 a
794 4863 883 4903 me
917 4848 1217 4903 institutam
1249 4861 1373 4902 cum
1401 4848 1549 4901 omni
1588 4846 1877 4903 devotione

291 4936 546 4991 studeant
586 4938 826 5008 implere.
871 4937 1117 4994 Praedica
1153 4938 1318 4994 etiam
1367 4938 1493 5003 illis,
1540 4946 1599 4993 ut
1641 4939 1878 4995 studiose

292 5027 632 5096 spiritalibus
658 5028 955 5083 inhaereant
983 5028 1196 5094 ofﬁciis,
1229 5043 1319 5093 ne,
1350 5028 1490 5096 quod
1521 5029 1680 5094 absit,
1711 5039 1880 5084 terre-

291 5117 377 5171 nis
405 5117 660 5172 delectati
688 5118 864 5183 bonis,
897 5120 1117 5173 omnino
1145 5125 1367 5174 careant
1394 5119 1627 5173 aeternis.
1655 5118 1735 5173 Ad
1767 5119 1877 5175 hate

293 5214 483 5261 noster
525 5216 785 5276 patronus
823 5216 1042 5264 sanctus
1071 5206 1304 5263 Isidorus
1334 5224 1348 5261 :
1373 5206 1419 5262 0
1446 5209 1880 5264 reverentissime

289 5295 459 5353 Pater
510 5298 840 5367 Augustine,
885 5299 965 5354 sic
1012 5306 1067 5353 te
1109 5298 1267 5353 decet
1311 5312 1406 5353 eos
1456 5299 1689 5363 hortari,
1739 5299 1879 5354 bene

286 5386 498 5441 vivere.
540 5384 907 5456 Omnipotenti
936 5388 1049 5443 Deo
1091 5387 1375 5445 referimus
1404 5390 1647 5445 actiones
1675 5390 1879 5458 gratia-

289 5494 433 5544 rum,
463 5479 556 5548 qui
603 5487 657 5534 te
683 5480 961 5536 constituit
999 5480 1280 5537 doctorem
1327 5490 1636 5537 sanctarum
1693 5480 1877 5537 Eccle-

290 5570 519 5627 ciarum.

359 5661 414 5716 6.
464 5681 484 5716 ι
534 5660 696 5725 Ecce.
740 5664 934 5719 fratres
963 5664 1288 5731 charissimi,
1319 5680 1417 5733 per
1462 5665 1551 5720 Dei
1582 5666 1806 5736 gratiam
1843 5682 1875 5722 a

1982 4574 2239 4630 tradere?
2268 4574 2369 4640 Qui
2400 4575 2455 4629 in
2500 4588 2787 4629 commune
2838 4574 3003 4628 habet
3044 4589 3165 4628 cum
3206 4575 3417 4628 creteris
3466 4574 3571 4629 fra-

1980 4665 2149 4719 tnbus
2196 4665 2399 4718 vit-tum
2430 4673 2485 4719 et
2522 4664 2798 4731 vestitum,
2843 4674 2899 4718 et
2925 4664 3070 4717 aliud
3099 4665 3292 4718 retinet
3329 4665 3557 4719 abscon-

1978 4756 2168 4824 ditum,
2218 4757 2348 4826 quid
2391 4766 2474 4813 est
2515 4758 2658 4812 aliud
2709 4770 2869 4824 quam
2923 4754 3266 4809 manifestum
3316 4753 3569 4811 furtum?

1978 4847 2140 4918 Ergo,
2156 4848 2346 4904 fratres
2371 4848 2695 4915 charissimi,
2716 4848 2925 4902 divitias
2952 4848 3298 4910 contemnite,
3328 4863 3557 4917 panper-

1981 4946 2145 4994 tatem
2165 4939 2394 5008 diligite,
2418 4947 2632 4995 terrena
2661 4938 2939 5008 despicite,
2969 4938 3206 4994 caelestia
3230 4937 3557 4993 desiderate.

1982 5029 2123 5083 Nihil
2152 5027 2478 5099 superfluum
2509 5028 2783 5097 qumratis,
2816 5028 2948 5081 nihil
2977 5027 3118 5097 apud
3146 5043 3240 5082 vos
3266 5028 3569 5091 retineatis,

1982 5121 2112 5176 nihil
2141 5120 2502 5186 abscondatis,
2540 5120 2587 5174 si
2638 5119 2705 5173 ad
2744 5133 3079 5174 communem
3109 5118 3421 5173 societatem
3451 5116 3565 5170 ele—

1982 5220 2193 5267 ctorum
2218 5211 2309 5266 Dei
2341 5212 2622 5282 pervenire
2649 5210 2985 5266 desideratis.
3023 5210 3101 5263 Ad
3127 5225 3284 5279 quam
3312 5224 3406 5261 vos
3435 5223 3563 5276 per-

1984 5303 2182 5359 ducere
2221 5303 2468 5372 dignetur
2518 5303 2606 5359 ille
2650 5305 2739 5371 qui
2768 5302 2821 5356 in
2869 5301 3129 5357 Trinitate
3158 5300 3390 5373 perfecta
3423 5300 3560 5354 vivit

1985 5401 2041 5448 et
2064 5402 2254 5462 regnat
2279 5393 2419 5448 Deus
2442 5409 2535 5462 per
2554 5394 2730 5448 omnia
2755 5392 2947 5449 saeula
2968 5392 3297 5445 szeculoruiu.
3327 5388 3514 5441 Amen.
3534 5406 3557 5439 ι

2052 5484 2228 5555 698.
2241 5483 2658 5554 Sequitur,tom.
2672 5484 2737 5538 IV
2754 5483 2986 5553 Operutn
3002 5484 3058 5535 S.
3074 5479 3281 5534 Martini
3298 5521 3315 5538 .
3330 5493 3450 5547 pag.
3468 5477 3555 5541 Si,

1983 5589 2162 5630 sermo
2191 5576 2455 5630 secundus
2487 5579 2535 5631 in
2569 5576 2918 5630 translatione
2956 5573 3009 5627 S.
3039 5570 3245 5624 lsidori.
3294 5570 3403 5625 Sed
3434 5586 3561 5624 cum

1985 5665 2119 5722 nihil
2147 5665 2291 5721 aliud
2321 5667 2616 5733 contineat,
2680 5666 2778 5720 nisi
2809 5665 2947 5719 idem
2977 5661 3299 5731 colloquium
3331 5664 3469 5718 inter
3495 5659 3559 5715 S.
