4028 6200
387 318 450 372 63
1115 313 1202 367 AD
1240 311 1466 366 OPERA
1507 309 1565 365 S.
1607 307 1852 364 ISIDOBI
1892 305 2328 362 [IISPALENSIS
2367 307 2900 365 PRULEGOMENA.
3599 307 3670 362 (3.:

388 425 738 496 AuguStinum
769 435 824 481 et
851 425 908 479 S.
941 423 1222 488 Isidorum,
1255 421 1441 476 iisdem
1469 427 1522 473 et
1546 417 1808 474 similibus
1838 415 1969 471 alle-
2000 417 2044 478 Δ
2072 415 2326 471 coloribus
2365 418 2672 487 prasclaram
2704 417 2991 484 humilium,
3017 417 3074 470 in
3102 433 3202 486 qu
3233 415 3424 469 Christi
3455 416 3676 484 confes-

387 519 552 588 goriis
573 525 911 581 exornatum,
945 530 1122 584 operae
1169 513 1400 581 pretium
1447 528 1552 566 non
1601 519 1684 566 est
1723 525 1844 564 eum
1873 509 1968 563 de-

388 609 642 662 scribere.
677 607 933 660 Martinus
965 619 1090 659 vero
1120 605 1252 658 Acta
1287 603 1651 658 translationis
1675 617 1780 655 non
1813 601 1972 654 attin-

389 700 484 766 git,
511 699 652 764 quia,
685 713 805 752 cum
831 712 896 750 eo
925 704 1186 764 tempore,
1215 705 1272 750 ut
1301 696 1522 750 credere
1551 709 1762 762 aequum
1789 701 1889 755 est,
1919 693 1969 746 in

391 786 630 841 Ecclesia
673 785 986 853 Legionensi
1035 785 1342 855 legerentur
1381 785 1494 854 ipsa
1539 784 1671 838 Acta
1717 782 1972 852 genuina,

393 877 444 930 in
473 877 731 930 lectiones
753 875 1367 944 distiucta,supcrlluum
1391 883 1505 929 erat
1532 874 1776 928 eamdem
1805 873 1964 928 histo-

393 968 523 1020 riam
568 981 848 1032 sermone,
897 967 1010 1019 sive
1043 966 1259 1019 honﬁlia
1293 966 1583 1034 explicare.
1617 963 1802 1032 Neque
1847 978 1976 1018 vero

392 1073 611 1112 necesse
631 1065 712 1112 est
741 1066 801 1110 ut
827 1072 918 1110 cre
938 1057 1130 1122 lamus,
1162 1056 1514 1125 colloquium,
1547 1055 1689 1122 quod
1721 1053 1978 1107 Martinus

393 1156 596 1212 narrat,
632 1149 770 1200 inter
811 1147 868 1200 S.
899 1145 1252 1213 Augustinum
1280 1155 1334 1200 et
1369 1147 1426 1201 S.
1457 1145 1718 1200 Isidorum
1751 1159 1875 1198 vere
1905 1143 1978 1197 ita

392 1237 651 1291 accidisse
684 1254 695 1288 :
727 1235 898 1304 potuit
928 1237 1072 1290 enim
1103 1235 1382 1301 Martinus,
1414 1245 1471 1289 ut
1500 1236 1736 1290 sermoni
1762 1250 1860 1288 suo
1891 1250 1978 1287 ar-

389 1335 704 1396 gumentum
731 1325 1022 1395 jucundum
1047 1335 1329 1395 quaereret,
1355 1327 1499 1381 hunc
1519 1326 1671 1395 quasi
1693 1325 1979 1395 apologum

394 1417 726 1485 excogitare.
1321 1403 1324 1406 ί

463 1507 518 1562 9.
553 1511 850 1576 Antequam
875 1523 1003 1562 vero
1031 1523 1058 1561 a
1099 1507 1158 1562 S.
1187 1507 1418 1562 Martino
1449 1508 1786 1570 recedamus,
1831 1505 1984 1576 juvat

393 1596 600 1654 referre
628 1613 733 1665 qua
763 1598 974 1652 ratione
1002 1614 1068 1652 ex
1099 1597 1214 1652 rudi
1237 1607 1293 1653 et
1321 1598 1598 1652 illitterato
1624 1605 1864 1667 repente,
1883 1597 1980 1650 de-

397 1697 679 1758 precatore
709 1688 946 1754 Isidoro,
979 1687 1154 1742 lactus
1198 1686 1358 1742 fuerit
1397 1687 1760 1742 doetissimus.
1805 1684 1982 1738 Vitam

396 1777 454 1832 S.
474 1777 686 1831 Martini
709 1777 920 1846 scripsit
940 1776 1110 1832 Lucas
1125 1776 1382 1831 diaconus
1408 1775 1776 1845 Legionensis,
1793 1782 1980 1842 postea
2017 1779 2060 1838 Β

399 1868 688 1936 episcopus
715 1866 1005 1928 Tudensis,
1054 1867 1107 1920 in
1155 1881 1222 1920 eo
1253 1881 1418 1936 Opere
1466 1864 1608 1934 quod
1658 1862 1984 1927 inscribitur,

397 1953 478 2008 De
506 1956 768 2010 miraculis
799 1955 860 2010 S.
895 1954 1108 2010 Isidori.
1140 1953 1216 2008 Ea
1243 1964 1420 2010 exstat
1452 1963 1582 2009 tom.
1615 1952 1636 2006 1
1662 1950 1898 2023 Operum
1924 1951 1984 2006 S.

400 2045 653 2112 Martini;
685 2047 735 2100 in
761 2047 912 2115 cujus
932 2046 1093 2117 cap.l
1131 2047 1210 2102 sic
1240 2047 1464 2114 legimus
1490 2063 1502 2098 :
1534 2045 1733 2101 Eodem
1765 2053 1988 2114 tempore

398 2136 705 2190 venerabilis
737 2139 852 2190 rita:
899 2136 1162 2192 Martinus
1205 2137 1492 2208 presbyter,
1533 2137 1815 2191 canonicus
1843 2135 1987 2205 ejus-

398 2224 514 2279 dem
536 2229 858 2290 monasterii,
894 2242 1048 2297 quem
1076 2226 1234 2298 paulo
1276 2236 1398 2280 ante
1427 2229 1662 2298 superius
1689 2225 1986 2291 memoravi,

397 2316 1074 2385 intellectu-Scripturarum
1109 2319 1312 2371 interno
1352 2322 1460 2388 fere
1483 2319 1666 2376 idiota,
1698 2317 1790 2370 sed
1829 2317 1989 2369 virtu-

403 2419 508 2462 tum
563 2409 798 2478 operibus
849 2410 1230 2478 sapientissime
1293 2410 1512 2476 ﬂorcbat
1565 2411 1806 2478 insignis.
1861 2407 1986 2472 llic,

401 2499 631 2570 quamvis
659 2510 790 2552 esset
813 2499 1172 2552 ecclesiasticis
1194 2499 1385 2568 ofﬁciis
1406 2498 1604 2560 doctus,
1637 2507 1702 2554 et.
1721 2507 1778 2549 ut
1797 2496 1989 2549 dictum

401 2599 496 2654 cst,
545 2590 804 2642 internum
843 2588 1234 2659 Scripturarum
1273 2605 1374 2642 non
1412 2597 1616 2657 caperet
1653 2587 1987 2654 intellectum,

407 2691 650 2750 tanquam
679 2679 782 2732 ille.
810 2679 898 2750 qui
917 2679 1372 2749 grammaticorum
1405 2678 1611 2732 scholas
1631 2693 1859 2748 unquam
1887 2677 1988 2730 mi-

405 2771 542 2824 nime
571 2772 1000 2842 frequentaverat,
1055 2780 1226 2822 tamen
1271 2771 1436 2822 inerat
1486 2767 1631 2841 [Ms..
1657 2766 1901 2838 inhierat]
1941 2767 1990 2820 ei

401 2861 722 2932 intelligendi
759 2877 935 2914 sacras
967 2861 1266 2927 Scripturas
1295 2875 1548 2913 sumntum
1581 2858 1913 2922 desiderium,
1941 2867 1990 2912 et

405 2952 746 3016 orationibus,
773 2960 824 3004 et
843 2953 1063 3022 jejuniis
1091 2952 1385 3014 insistebat,
1409 2950 1632 3004 serviens
1663 2949 1884 3003 Domino
1907 2949 1991 3003 die

407 3057 470 3094 ac
517 3051 665 3094 nocte
703 3043 756 3094 in
794 3043 978 3112 spiritu
1027 3043 1274 3095 veritatis.
1303 3042 1411 3096 Sed
1438 3042 1559 3095 dum
1589 3050 1736 3094 nocte
1764 3041 1990 3109 quadam

2073 521 2243 560 sorcm
2287 506 2550 562 Isidorum
2597 507 2750 561 laude
2797 507 2978 560 celebri
3027 507 3210 560 extulit
3259 505 3501 576 gloriose.
3535 502 3676 558 Eam

2074 597 2310 650 nancisci
2341 613 2445 651 non
2485 597 2665 666 potui,
2700 605 2759 650 ut
2809 597 2934 652 huic
2961 597 3083 650 loco
3123 596 3437 650 iusererem.
3476 594 3681 647 Riscus

2077 695 2206 740 tom.
2237 685 2428 740 XXXV
2455 687 2603 757 Ilisp.
2633 702 2797 753 sacr.,
2830 699 2948 755 pag.
2979 685 3084 740 277
3113 701 3292 754 seqq.,
3321 685 3430 753 agit
3451 683 3522 738 de
3566 684 3680 736 hoc

2079 778 2237 832 I‘etro
2267 777 2553 838 Munionis,
2604 778 2716 832 sive
2757 777 2967 842 Muuoz,
3015 792 3174 844 quem
3224 777 3300 830 ait
3344 775 3676 844 episcopum

2077 863 2464 932 Lr-gionensem
2495 866 2657 920 fuisse
2689 866 2755 919 ab
2783 881 2924 921 anno
2955 864 3091 919 1205
3122 866 3187 919 ad
3233 863 3394 948 £9.07,
3443 863 3574 917 inde
3607 861 3680 916 ad

2077 959 2260 1012 sedem
2288 957 2780 1028 Compostellauam
2811 959 3150 1014 translatum.
3195 960 3270 1012 Ex
3299 958 3491 1013 eodem
3518 956 3681 1010 Luca

2079 1049 2310 1104 Tu.leusi
2354 1051 2406 1105 in
2463 1051 2686 1120 prologo
2735 1051 2918 1106 laudat
2969 1051 3158 1105 Riscus
3202 1064 3324 1119 pag.
3355 1049 3482 1116 279,
3531 1048 3682 1102 duos

2079 1142 2213 1197 alios
2242 1141 2486 1196 doctrina
2518 1143 2844 1198 excellentes
2875 1143 3048 1208 viros,
3081 1141 3368 1196 Martinam
3400 1141 3678 1194 decanum

2082 1230 2489 1298 Legionensem,
2535 1239 2589 1284 et
2637 1230 3029 1285 Veremundum
3060 1230 3529 1286 archidiaconum.
3579 1227 3682 1296 qui

2080 1337 2268 1376 versus
2297 1323 2349 1376 in
2378 1321 2434 1376 S.
2475 1321 2666 1376 Isidori
2707 1323 2920 1377 laudem
2965 1323 3314 1393 scripserunt,
3365 1330 3420 1376 et
3469 1319 3677 1376 eodem

2081 1411 2280 1466 smculo
2309 1427 2404 1466 xui
2435 1409 2680 1469 ﬂoruisse
2704 1411 2977 1466 videntur.

2684 1568 2912 1624 CAPUT
2943 1569 3053 1622 XII.

2085 1679 2417 1734 Contirutario
2473 1677 2846 1734 Chrenicorum
2907 1680 2967 1734 Β.
3035 1679 3228 1733 Isidori
3290 1679 3684 1747 archiepiscopi

2161 1751 2516 1817 Hispalensis,
2564 1768 2654 1819 per
2702 1749 2763 1802 Β.
2813 1749 3182 1819 νΙιάερΙιοηςυηι
3227 1751 3683 1816 archiepiscopum

2162 1819 2484 1880 Toletanum,
2505 1818 2618 1872 uta
2641 1819 2778 1870 Luca
2805 1818 3029 1873 Tudensi
3050 1823 3317 1876 asseritar.
3351 1820 3684 1887 composita:

2159 1891 2213 1942 in
2252 1907 2351 1960 qua
2381 1889 2629 1960 nonnulla
2666 1888 2908 1960 fabulosa
2960 1889 3022 1941 de
3053 1889 3115 1960 S.
3150 1887 3376 1960 Isidoro
3406 1899 3524 1940 sunt
3573 1891 3684 1940 ad-

2159 1955 2332 2013 mista.
2372 1957 2527 2012 Nota:
2557 1959 2624 2010 ad
2653 1955 2786 2011 hanc
2832 1959 3290 2010 continuationem.
3320 1955 3580 2010 Manili-nt
3615 1975 3686 2010 ea:

2159 2029 2382 2084 editione
2415 2028 2629 2081 Patrum
2654 2027 3039 2081 Toletanorum.

2159 2141 2212 2194 1.
2261 2157 2279 2192 ι
2323 2138 2586 2206 Quoniam
2632 2138 2920 2207 pra'clarus
2961 2137 3151 2191 doctor
3205 2136 3437 2192 Isidorus
3485 2146 3688 2192 :ctates

2090 2229 2293 2297 mundi,
2321 2237 2376 2284 et
2401 2226 2754 2297 quorumdam
2786 2228 3171 2295 imperatorum
3199 2233 3255 2280 et
3284 2240 3468 2294 regum
3500 2226 3684 2280 histo-

2091 2321 2198 2373 rias
2235 2319 2303 2371 ab
2333 2316 2560 2370 exordio
2590 2314 2772 2369 mundi
2806 2329 2973 2384 usque
3021 2313 3090 2368 ad
3137 2323 3345 2384 tempus
3393 2315 3689 2370 Sisenandi

2091 2409 2230 2475 regis
2259 2407 2562 2461 Gothorum
2599 2405 2758 2460 docili
2811 2406 3148 2475 compendio‘
3183 2408 3453 2477 patefecit,
3504 2424 3608 2464 nos
3652 2425 3686 2463 a

2089 2506 2333 2566 tempore
2379 2512 2488 2566 quo
2531 2498 2645 2566 ipse
2690 2496 2850 2551 desiit
2894 2513 3172 2554 sumamus
3217 2500 3560 2572 principium,
3615 2515 3690 2557 ne

2093 2587 2431 2658 praesentium
2471 2588 2694 2643 heroum
2734 2591 2992 2646 memoria
3023 2607 3052 2644 a
3083 2591 3380 2648 futurorum
3409 2595 3690 2650 mentibus

2091 2677 2350 2731 diluatur.

2161 2771 2263 2838 71
2284 2765 2336 2823 2.
2371 2785 2389 2820 ι
2417 2767 2545 2823 Era
2569 2784 2781 2838 DCLXXI,
2806 2785 2947 2826 armo
2969 2770 3179 2842 imperii
3205 2772 3439 2829 Heraclii
3469 2774 3688 2832 decimo

2092 2876 2125 2914 ο
2161 2869 2312 2925 tavo,
2363 2869 2486 2930 post
2517 2861 2873 2916 Suiutilanum
2906 2879 3086 2931 regem
3137 2863 3464 2920 Sisenandus
3494 2875 3689 2936 regnat

2093 2953 2245 3006 annis
2299 2953 2486 3006 tribus.
2537 2952 2643 3007 Iste
2685 2953 2889 3022 synoda
2941 2952 3060 3024 (sic)
3113 2955 3487 3025 episcoporum
3539 2959 3686 3026 egit,

2095 3044 2305 3114 patiens
2329 3042 2439 3108 luit,
2459 3043 2657 3114 regulis
2681 3045 2961 3100 catholicis
2984 3045 3299 3102 ortltbdoxis
3319 3047 3485 3101 stetit.
3505 3047 3686 3102 Toleti

406 3131 620 3203 pervigil
646 3133 871 3188 orationi
909 3135 1197 3196 insisteret,
1246 3135 1485 3204 apparuit
1514 3135 1560 3186 ei
1605 3132 1782 3187 beatus
1811 3133 1991 3186 doctor
2018 3144 2063 3204 ο
2099 3137 2271 3190 liuivit
2308 3136 2492 3190 vitam.

409 3223 666 3284 Isidorus,
698 3226 868 3294 ferens
891 3225 1160 3294 paruulum
1189 3225 1374 3302 librum
1405 3226 1457 3277 in
1501 3222 1759 3288 manibus,
1791 3223 1992 3277 ctdixit

407 3315 527 3370 illi:
550 3315 912 3386 Accipehunc,
944 3317 1125 3370 dilecte
1156 3317 1246 3383 mi,
1277 3327 1326 3369 et
1351 3317 1590 3380 comede;
1642 3324 1692 3368 et
1734 3314 1876 3368 dabit
1904 3313 1996 3368 tibi

419 3404 672 3460 Dominus
719 3424 988 3460 sacrarunt
1031 3408 1300 3460 scientiam
1341 3407 1749 3476 Scripturarum,
1781 3407 1902 3474 quia
1931 3406 1996 3476 [i-

411 3499 544 3552 delis
573 3508 620 3551 et
639 3499 812 3568 justus
839 3501 1072 3552 inventus
1097 3515 1150 3552 es
1171 3501 1226 3552 in
1246 3499 1398 3552 domo
1423 3498 1556 3568 ejus.
1581 3497 1796 3551 Obtinui
1841 3498 1998 3550 etiam

411 3606 443 3642 a
475 3588 696 3644 Domino
731 3589 857 3644 Iesu
912 3590 1114 3644 Christo
1157 3597 1214 3644 ut
1252 3591 1477 3660 accipias
1521 3590 1771 3661 quidquid
1807 3606 1838 3642 a
1889 3589 1998 3644 Deo

415 3683 654 3751 petieris;
683 3691 732 3736 et
759 3683 861 3736 eris
891 3683 1160 3736 consocius
1198 3682 1567 3737 miraculorum
1606 3698 1719 3752 qua:
1749 3681 1999 3736 Dominus

413 3786 504 3838 per
531 3787 611 3822 me
647 3772 703 3824 in
732 3771 828 3824 hac
868 3773 1084 3826 ecclesia
1123 3782 1388 3843 aperatur.
1437 3772 1552 3846 Ego
1596 3789 1710 3828 sum
1763 3772 2000 3828 Isidorus

419 3858 570 3928 hujus
601 3859 702 3913 loci
746 3867 1022 3928 patronus,
1053 3872 1102 3915 et
1148 3879 1210 3916 ea
1261 3879 1374 3933 quae
1424 3873 1470 3917 te
1518 3863 1746 3935 Spiritus
1792 3873 2001 3917 sanctus

420 3949 649 4003 docuerit
675 3951 903 4005 studebis
921 3951 973 4004 in
1002 3953 1222 4022 gloriam
1249 3953 1440 4009 Christi
1462 3955 1685 4008 nominis
1701 3957 2001 4024 propinare.

489 4041 573 4096 10.
607 4041 810 4096 Addam
839 4059 959 4112 quas
987 4043 1158 4101 Lucas
1180 4045 1442 4100 Tudensis
1467 4061 1589 4113 cap.
1615 4043 1700 4106 1‘2,
1725 4051 1907 4096 narrat
1936 4043 2004 4097 de

422 4133 612 4188 eodem
671 4133 900 4190 Martino
949 4134 1267 4204 chionensi
1299 4153 1313 4187 :
1345 4134 1472 4188 Cum
1503 4135 1556 4186 in
1585 4133 1854 4187 scribendo
1891 4149 2006 4186 ma-

421 4239 579 4277 nuum
607 4233 656 4276 et
687 4224 1012 4278 brachiorum
1041 4241 1251 4278 suorum
1273 4227 1380 4295 ⁷ο
1400 4224 1600 4294 pondus
1628 4225 1880 4278 sustinere
1902 4241 2005 4279 non

424 4323 614 4382 posset,
648 4315 768 4382 fecit
793 4315 862 4367 ad
899 4313 1180 4386 quamdam
1207 4314 1404 4368 trabem
1433 4315 1488 4367 in
1534 4313 1742 4369 sublimi
1771 4315 2006 4385 colligari

426 4404 595 4470 funes.
626 4417 752 4472 quos
789 4420 880 4471 per
907 4405 1149 4472 scapulas
1179 4411 1226 4456 et
1270 4402 1486 4456 brachia
1515 4403 1724 4469 ducens,
1757 4405 2008 4474 quodam-

422 4491 575 4544 modo
603 4507 876 4560 suspensus
905 4491 1175 4546 imbecillis
1203 4493 1435 4562 corporis
1464 4493 1664 4562 pondus
1693 4493 1851 4546 levius
1881 4495 2007 4548 tole-

423 4583 590 4646 rabat,
615 4595 663 4636 et
691 4586 764 4636 sic
808 4587 860 4637 in
893 4583 1080 4638 tabulis
1109 4587 1294 4638 ceratis
1336 4584 1583 4649 scribens,
1617 4583 1852 4638 tradebat
1877 4586 2010 4640 scri-

424 4673 675 4740 ptoribus,
698 4675 784 4744 qui
816 4675 879 4728 ab
901 4693 960 4730 eo
994 4675 1189 4729 dictata
1211 4675 1286 4729 vel
1306 4675 1582 4745 compilata
1613 4675 1732 4748 [Ms
1758 4674 2006 4748 copilatu]

423 4761 734 4830 scribebant,
757 4767 1126 4837 transferentes
1145 4767 1200 4819 in
1219 4781 1554 4836 pergamena.
1579 4764 1651 4820 Ex
1675 4781 1782 4837 quo
1816 4781 2004 4835 arguo,

429 4853 530 4906 hnc
557 4854 830 4923 exemplar
859 4856 934 4909 sic
975 4856 1028 4909 in
1072 4857 1410 4925 pergamenis
1455 4856 1780 4926 descriptum
1812 4857 1864 4912 in
1895 4857 2008 4911 edi-

429 4947 573 5000 tione
592 4944 823 5016 Operum
845 4949 1028 5003 vocari
1049 4949 1459 5018 autographum.
1484 4947 1618 5003 Hinc
1638 4949 1798 5003 etiam
1817 4949 2005 5019 liquet,

432 5053 582 5089 nsum
637 5037 935 5092 tabularum
989 5050 1287 5094 ceratarum
1333 5039 1399 5093 ad
1471 5039 1722 5094 saeculum
1771 5057 1900 5108 xut,
1953 5041 2008 5096 in

431 5127 684 5198 llispauia
721 5144 1112 5198 perseverasse.
1157 5129 1213 5186 In
1242 5130 1390 5186 Actis
1417 5131 1718 5186 Academiae
1759 5132 2012 5188 Barcino-

433 5219 610 5276 nensis
631 5235 748 5291 cap.
781 5220 836 5289 2,
867 5237 985 5292 pag.
1017 5222 1142 5288 505,
1173 5224 1502 5278 mentionem
1531 5223 1692 5292 hujus
1733 5239 1860 5279 usus
1887 5232 2012 5294 post

435 5308 683 5362 saeculum
713 5325 742 5363 x
769 5326 876 5364 non
901 5310 1054 5365 facile
1081 5311 1302 5365 inveniri
1341 5309 1599 5366 innuitur.

507 5398 594 5451 11.
623 5397 766 5454 Idem
799 5399 966 5456 Lucas
993 5401 1272 5466 Tudensis,
1307 5415 1428 5470 cap.
1460 5401 1547 5467 15,
1581 5401 1746 5460 refert
1791 5401 2006 5458 Petrum

437 5483 608 5540 virum
659 5489 944 5543 admodum
993 5491 1284 5545 litteratum
1335 5501 1392 5546 et
1437 5493 1696 5563 probum,
1745 5494 2006 5550 decanum

441 5573 843 5644 legionensem,
876 5579 966 5648 qui
997 5580 1242 5648 precibus
1292 5581 1349 5637 S.
1382 5583 1614 5646 Martini,
1645 5583 2008 5639 intercedente

438 5665 496 5720 S.
525 5664 750 5736 Isidoro,
779 5668 914 5724 febri
944 5679 1204 5742 quartana
1229 5673 1489 5730 liberatus
1517 5672 1711 5741 fuerat,
1739 5681 1794 5728 et
1821 5684 2006 5743 postea

438 5757 922 5827 Corripostcllanam
955 5765 1091 5819 rexit
1131 5763 1427 5825 Ecclesium
1451 5809 1465 5837 ,
1493 5765 1711 5820 edidisse
1743 5765 2005 5820 rhetoricis

2169 3229 2222 3283 5.
2261 3247 2280 3279 ε
2317 3225 2448 3281 Era
2481 3244 2726 3293 DCLXXI",
2755 3244 2895 3283 anno
2930 3228 3139 3298 imperii
3167 3227 3394 3284 llcraclii
3424 3229 3645 3299 Vlgt'Sllll
3673 3248 3690 3280 ι

2099 3321 2273 3389 primo
2297 3319 2631 3372 Chintilanus
2663 3333 2884 3386 regnum
2910 3321 3139 3388 accepit.
3164 3319 3376 3390 Sycoda
3402 3320 3550 3389 plura
3584 3319 3690 3373 To-

2099 3411 2189 3464 lcti
2216 3427 2335 3465 cum
2362 3409 2630 3479 episcopis
2659 3409 2784 3476 egit,
2837 3418 2892 3463 et
2939 3409 3207 3464 subditum
3244 3421 3462 3477 regi-um
3497 3408 3546 3460 in
3580 3406 3614 3457 li
3639 3409 3686 3460 ‘e

2100 3501 2362 3557 Catholica
2395 3499 2642 3554 lirmavit.
2677 3499 2940 3570 Regnavit
2985 3515 3156 3555 annos
3184 3499 3439 3568 quinque,
3472 3512 3690 3551 menses

2100 3599 2351 3661 quatuor.
2382 3589 2536 3645 Anno
2575 3598 2730 3646 sexto
2775 3591 2926 3658 regni
2955 3589 3245 3644 Chiutilani
3295 3589 3483 3643 doctor
3510 3595 3564 3641 et
3611 3588 3690 3641 lc-

2101 3681 2320 3751 gislator
2349 3679 2724 3750 Hispaniarum
2751 3680 3158 3735 Isidorusstans
3189 3679 3238 3730 in
3270 3678 3518 3744 ecclesia,
3561 3693 3688 3746 per-

2102 3781 2225 3828 acto
2253 3785 2503 3828 sermone
2553 3771 2618 3824 ad
2651 3770 2929 3840 populum,
2957 3777 3009 3820 et
3040 3767 3347 3837 expandens
3379 3783 3593 3821 manum
3623 3768 3691 3821 ad

2105 3861 2332 3928 cmlum,
2363 3875 2426 3915 ac
2465 3859 2787 3913 benedicens
2825 3857 3100 3922 omnibus,
3156 3855 3264 3910 Deo
3297 3857 3396 3910 sibi
3429 3857 3694 3911 hactenus

2106 3952 2360 4006 traditum
2411 3961 2626 4016 gregem
2673 3946 3086 4010 commendans,
3145 3947 3453 4002 felicissimo
3496 3965 3694 4004 somno

2105 4037 2428 4096 obdormivit
2467 4038 2517 4091 in
2557 4035 2806 4101 Domino,
2833 4036 2984 4091 senio
3015 4037 3351 4093 sanctissimo
3377 4039 3689 4094 decoratus.

2105 4129 2321 4185 Exstitit
2357 4129 2555 4199 quippe
2583 4129 2772 4200 spiritu
2803 4129 3101 4199 prophetia:
3141 4131 3338 4196 clarus,
3371 4131 3424 4185 in
3452 4133 3695 4185 elcemo-

2106 4223 2252 4295 synis
2279 4221 2477 4291 largus,
2501 4221 2866 4292 hospitalitate
2897 4223 3212 4292 praecipuus,
3244 4222 3407 4278 corde
3441 4238 3692 4287 serenus,

2107 4315 2161 4369 in
2191 4313 2454 4368 sententia
2480 4327 2667 4380 verax,
2698 4312 2752 4366 in
2776 4312 2979 4382 judicio
3000 4313 3200 4382 justus,
3228 4314 3279 4368 in
3311 4314 3692 4383 praedicatione

2109 4403 2375 4467 assiduus,
2429 4403 2480 4457 in
2530 4403 2905 4458 exhortatione
2951 4405 3123 4471 hctus,
3175 4405 3227 4458 in
3279 4405 3547 4460 lucrandis
3577 4406 3694 4460 Deo

2040 4496 2388 4582 Danimabns
2439 4495 2736 4561 studiosus,
2792 4496 2846 4549 in
2898 4497 3234 4564 expo~itione
3291 4497 3692 4566 Scripturarum

2111 4594 2327 4650 cautus,
2363 4585 2414 4638 in
2445 4585 2671 4640 consilio
2712 4586 2985 4656 providus,
3019 4587 3072 4640 in
3119 4587 3307 4642 habitu
3351 4587 3597 4654 humilis,
3637 4590 3693 4645 in

2109 4689 2293 4730 mensa
2324 4669 2556 4740 sbbrius,
2603 4674 2657 4728 in
2687 4676 2936 4730 oratione
2967 4676 3210 4741 devotus,
3243 4679 3524 4733 honestate
3555 4695 3692 4747 DRE-

2109 4765 2304 4831 clarus,
2355 4779 2570 4836 semper
2608 4780 2706 4835 pro
2735 4765 2972 4821 Ecclesia
3009 4781 3072 4820 ac
3099 4768 3338 4823 veritatis
3380 4769 3692 4824 dclensione

2109 4853 2244 4908 mori
2275 4869 2500 4922 pronus,
2553 4861 2610 4908 et
2651 4854 2704 4908 in
2729 4854 2879 4909 omni
2909 4855 3149 4910 bonitate
3179 4857 3517 4926 conspicuus.
3547 4857 3691 4912 Prac-

2109 4951 2254 4999 terea
2282 4951 2436 5013 pater
2461 4943 2667 4998 exstitit
2695 4943 3038 5008 clericorum,
3059 4945 3252 5001 doctor
3275 4955 3332 5001 et
3361 4956 3692 5002 sustentatur

2111 5035 2498 5089 monachorum
2529 5049 2594 5088 ac
2621 5034 2929 5089 monialium
2947 5077 2961 5101 ,
2987 5037 3298 5092 consolator
3325 5039 3687 5102 maerentium,

2109 5132 2350 5179 tutamen
2373 5124 2693 5193 pupillorum
2716 5139 2779 5180 ac
2804 5125 3101 5191 viduarum,
3134 5127 3372 5182 levamen
3398 5144 3688 5198 oppresso-

2109 5230 2250 5282 rum,
2297 5214 2547 5270 defensor
2569 5215 2784 5282 civium,
2837 5215 3054 5270 attritor
3078 5217 3453 5285 superborum,
3501 5234 3689 5290 perse-

2113 5320 2267 5365 cutor
2287 5319 2341 5364 et
2361 5310 2583 5364 malleus
2603 5309 2995 5364 haereticorum.
3016 5307 3176 5363 Rexit
3195 5310 3690 5380 archipraesulatum

2113 5399 2444 5470 Hispalensis
2461 5398 2720 5454 Ecclesia:
2749 5400 3098 5467 quadraginta
3127 5401 3298 5464 annis,
3327 5401 3552 5456 diversis
3587 5403 3689 5456 ful-

2112 5506 2241 5562 gens
2267 5491 2644 5547 miraculorum
2675 5491 2866 5560 signis,
2899 5492 3159 5560 primatio
3180 5493 3438 5561 dignitate
3466 5493 3682 5559 ﬂorens,

2113 5592 2169 5638 et
2195 5581 2418 5638 Romani
2448 5595 2602 5651 papa:
2631 5582 2682 5636 in
2713 5579 2977 5651 Hispaniis
3005 5583 3147 5637 vices
3171 5597 3380 5652 gerens.
3421 5582 3687 5639 Sacerdo—

2116 5673 2277 5737 tibus,
2309 5672 2523 5741 regibus
2553 5680 2608 5726 et
2653 5672 2864 5742 populis
2889 5657 3100 5727 divinas
3138 5681 3190 5728 et
3241 5675 3501 5730 humanas
3543 5676 3688 5744 leges

2117 5760 2352 5828 tradidit,
2403 5768 2458 5816 et
2488 5759 2730 5816 Romano
2760 5761 2981 5816 antistiti
3011 5761 3281 5817 humiliter
3303 5763 3520 5819 obedire
3551 5779 3686 5834 pra:-
