4060 6198
373 279 441 334 65

1456 268 1863 329 lSZDURIANA.
1895 293 1963 306 -—
2004 263 2182 322 P4118
2220 265 2260 320 I.
2300 257 2454 320 CAP.
2499 263 2615 318 XII.

3570 259 3635 312 66

372 394 537 464 cepit.
567 389 882 447 Nolentibus
915 387 1133 442 obedire
1179 383 1612 441 maledictionem
1644 380 1856 442 intulit,
1897 381 1952 430 et
1981 375 2034 433 Α
2127 375 2180 430 6.
2206 375 2286 430 Ad
2317 389 2478 464 teram
2523 388 2774 429 DCLXX!“
2800 373 2868 428 de
2891 371 3339 439 Chindasuintho,
3373 372 3640 444 Hispanias

375 501 472 541 eos
499 499 529 538 a
564 482 797 537 ﬁdelium
838 480 1109 534 consortio
1146 476 1436 546 separavit.
1487 472 1665 527 Multis
1692 471 1950 524 librorum

375 574 738 629 voluminibus
763 571 958 626 Christi
987 568 1283 624 Ecclesium
1312 565 1636 625 informavit,
1662 570 1716 618 et
1745 564 1795 614 in
1823 573 1954 630 pace

373 666 583 733 quievit
613 679 716 718 ara
747 678 975 718 noun.
1008 661 1254 716 Toletum
1279 658 1346 712 ad
1383 656 1642 728 synodum
1673 653 1954 724 episcopos

375 756 716 817 convocavit,
746 763 803 809 et
827 769 924 809 ore
958 752 1273 824 prophetico
1297 749 1377 804 eis
1414 747 1496 803 sui
1526 746 1703 802 obitus
1732 744 1873 799 diem
1901 750 1955 798 et

380 848 648 918 Hispaniis
673 854 900 901 ventura
926 844 1191 914 praedixit.

473 941 616 988 Sidus
641 938 925 995 honestatis,
952 935 1031 983 lux
1053 947 1258 994 morum,
1284 932 1353 982 sol
1375 932 1645 992 probitatis,

477 1002 594 1051 Haec
619 1002 689 1049 ait
711 1003 758 1047 in
777 1000 956 1060 synodo
973 997 1130 1060 Toleti
1156 999 1225 1060 vir
1244 1005 1383 1060 sacer
1400 995 1494 1060 ille

537 1063 769 1120 Ismenus,
796 1055 884 1118 per
901 1071 1047 1121 quem
1067 1058 1228 1121 ﬂoruit
1249 1057 1378 1121 alma
1396 1055 1516 1102 ﬁdes
1542 1066 1555 1105 :

475 1126 526 1174 Si
551 1118 882 1180 servaveritis,
909 1118 1018 1180 Quae
1037 1119 1172 1167 vobis
1189 1118 1552 1180 praecipiuntur,

544 1187 648 1256 72
681 1191 905 1256 Servahit
920 1189 1143 1256 Christus
1168 1200 1251 1236 vos
1276 1189 1321 1256 in
1339 1197 1508 1256 arnore
1519 1196 1627 1256 suo.

479 1247 794 1305 Fiunt—cntum
821 1251 971 1307 dabit,
996 1263 1053 1298 ac
1070 1249 1254 1306 oleum,
1276 1248 1408 1296 dabit
1435 1247 1609 1308 Optima
1634 1255 1865 1305 quaeque,

543 1320 592 1366 Si
628 1327 747 1375 pura
769 1318 935 1375 mente
956 1310 1295 1375 complaceatis
1317 1310 1382 1375 ei_.

479 1380 528 1428 Si
554 1369 879 1438 neglexeritis
903 1386 980 1430 es,
1005 1369 1543 1438 nonimpunenferetis,

542 1432 660 1488 Cum
686 1443 824 1485 recte
845 1447 984 1491 prava
1011 1435 1171 1492 puniat
1197 1439 1298 1480 acta
1321 1432 1470 1478 Deus.

481 1501 599 1550 Inde
622 1499 795 1548 Cadent
817 1490 961 1544 Gothi
985 1490 1145 1554 bellis,
1173 1501 1222 1541 et
1249 1495 1481 1540 barbarus
1502 1490 1656 1554 hostis

545 1562 638 1608 Vos
659 1563 850 1620 premet
872 1549 1141 1620 innumera
1157 1554 1314 1620 clade,
1334 1556 1528 1620 timore,
1545 1549 1701 1620 lfame.

479 1623 616 1673 Tunc
637 1612 998 1675 convertimini,
1027 1624 1142 1666 tunc
1165 1617 1360 1663 crimina
1398 1612 1612 1675 plangite
1638 1613 1820 1665 vestra,

545 1684 600 1731 Et
619 1686 778 1730 statim
799 1679 1032 1726 Dominus
1058 1678 1312 1725 auxiliator
1334 1677 1443 1725 erit.

481 1744 646 1795 Gloria
673 1742 825 1801 major
848 1741 943 1788 erit
967 1739 1102 1788 vobis
1128 1753 1139 1786 :
1165 1747 1218 1787 et
1241 1737 1395 1801 gratia
1419 1734 1595 1786 Christi

542 1799 760 1857 Extollet
780 1802 962 1852 Gothos
989 1801 1221 1850 uberiore
1254 1799 1396 1846 bono.

461 1889 514 1942 4.
554 1907 572 1940 ι
601 1887 677 1942 De
700 1884 865 1955 gestis
891 1882 1008 1953 ejus
1036 1883 1150 1937 haec
1179 1882 1319 1936 inter
1345 1891 1530 1948 regum
1559 1876 1725 1931 Actus
1748 1879 1974 1927 annota-

394 1982 588 2045 vimus,
605 1976 731 2046 quia
757 1975 868 2044 ipse
890 1973 958 2028 de
983 1971 1237 2042 praeclara
1262 1982 1444 2038 regum
1469 1965 1765 2020 Gothorum
1787 1962 1974 2030 stirpe,

396 2079 546 2143 patre
592 2067 886 2124 Severiano
932 2061 1342 2130 Carthaginensi
1389 2059 1552 2122 duce,
1601 2055 1808 2110 exstitit
1855 2066 1980 2123 pro-

398 2171 630 2215 creatus.
666 2155 792 2210 Post
823 2153 1104 2207 transitum
1143 2159 1320 2204 autem
1369 2147 1485 2217 ejus
1533 2160 1718 2200 mense
1747 2158 1856 2197 uno
1883 2154 1977 2194 rex

399 2249 693 2307 catholicus
744 2246 1097 2301 Chintilianus
1146 2242 1320 2298 Toleti
1369 2240 1632 2305 decessit,
1683 2239 1828 2292 bono
1876 2234 1982 2287 ﬁne

401 2343 730 2413 perfunctus.
808 2335 1082 2390 Successit
1143 2332 1454 2388 beatissimo
1513 2327 1724 2384 doctori
1775 2325 1982 2380 Isidoro

403 2437 786 2500 Theodisclus,
832 2432 1049 2487 natione
1078 2428 1327 2492 Graecus,
1380 2425 1640 2480 varietate
1684 2422 1982 2489 linguarum

404 2531 612 2591 doctus,
639 2524 876 2580 exterius
904 2520 1174 2576 locutione
1203 2516 1422 2579 nitidus,
1453 2513 1676 2569 interius
1701 2518 1902 2572 autem,
1925 2515 1984 2561 ut

406 2618 584 2672 exitus
625 2609 1033 2674 demonstravit,
1077 2607 1175 2664 sub
1204 2605 1363 2662 ovina
1391 2603 1532 2674 pelle
1561 2602 1717 2672 lupus
1745 2598 1982 2654 voracis-

405 2710 592 2764 simus.
625 2704 756 2760 Nam
780 2703 945 2758 libros
972 2697 1232 2770 quosdam
1255 2695 1322 2751 de
1345 2693 1550 2748 naturis
1579 2705 1757 2746 rerum
1787 2698 1843 2744 et
1870 2694 1986 2740 arte

407 2799 710 2866 medicinae,
762 2808 972 2851 necnon
1001 2799 1056 2845 et
1097 2789 1164 2844 de
1201 2798 1316 2841 arte
1363 2783 1605 2851 notoria,
1645 2795 1782 2850 quos
1833 2787 1988 2847 pater

408 2893 645 2950 Isidorus
687 2885 917 2944 facundo
963 2882 1105 2954 stylo
1153 2882 1551 2947 composuerat,
1595 2880 1650 2928 et
1696 2870 1890 2925 nedum
1921 2867 1988 2921 ad

409 2986 686 3059 publicum
712 2988 994 3040 venerant,
1017 2976 1071 3030 in
1093 2972 1273 3029 odium
1306 2969 1424 3024 ﬁdei
1449 2965 1705 3035 corrupit,
1738 2975 1988 3017 resecans

413 3054 562 3143 vera,
587 3084 642 3131 et
671 3075 916 3130 inserens
937 3067 1068 3122 falsa
1089 3083 1102 3120 :
1123 3072 1283 3133 atque
1304 3077 1400 3132 per
1427 3057 1708 3130 quemdam
1732 3054 1988 3117 Arabum,

413 3169 630 3224 nomine
659 3165 1010 3226 Avicennam,
1058 3159 1126 3212 de
1185 3155 1377 3209 Latino
1407 3153 1460 3207 in
1488 3151 1771 3206 Arabicum
1815 3155 1992 3202 trans-

414 3263 555 3316 tulit.
588 3258 686 3314 Hic
715 3257 768 3312 in
794 3255 878 3310 bis
903 3261 958 3308 et
984 3251 1103 3306 aliis
1129 3248 1370 3321 pluribus
1399 3244 1628 3300 inﬁdelis
1649 3243 1916 3302 inventus,
1943 3245 1998 3292 et

415 3367 678 3408 erroneus
699 3351 752 3406 in
778 3345 1019 3402 articulis
1047 3342 1167 3398 ﬁdei
1189 3337 1588 3409 comprobatus,
1616 3349 1713 3404 per
1733 3328 1997 3402 synodum

419 3445 488 3497 ab
517 3435 966 3508 archiepiscOpali
996 3432 1256 3502 dignitate
1283 3426 1603 3496 degradatus
1631 3431 1730 3478 est.
1778 3420 2000 3474 Assere-

419 3533 700 3598 batvenim
751 3527 1034 3582 Dominum
1081 3530 1322 3578 nostrum
1369 3517 1548 3574 Jesum
1577 3515 1847 3570 Christum
1880 3525 2002 3566 cum

420 3625 586 3677 Patre
617 3627 672 3676 et
714 3616 917 3688 Spiritu
960 3621 1147 3670 sancto
1191 3627 1296 3665 non
1340 3625 1459 3664 esse
1487 3623 1650 3662 unum
1681 3606 1846 3659 Deum
1867 3645 1882 3669 ,
1909 3601 2004 3657 sed

423 3712 607 3782 potius
637 3707 966 3777 adoptivum.
1009 3703 1135 3768 llic,
1171 3708 1229 3755 ut
1267 3698 1467 3754 dictum
1498 3705 1597 3760 est,
1639 3696 1876 3766 privatus
1904 3693 2005 3747 ho-

426 3818 560 3858 nore
589 3796 877 3856 sacerdotii
905 3795 972 3848 ad
997 3792 1200 3847 Arabes
1230 3787 1460 3853 transiit,
1480 3795 1533 3841 et
1571 3793 1733 3840 secta:
1773 3782 2006 3853 pseudo-

429 3890 706 3961 prophetac
737 3883 1024 3939 Mabometi
1053 3878 1312 3944 adhaesit,
1369 3884 1423 3933 et
1465 3876 1617 3946 plura
1646 3873 1828 3930 docuit
1853 3872 2008 3927 dete-

430 3978 617 4034 standa
671 3974 771 4030 sub
826 3974 1155 4042 imperatore
1209 3966 1482 4022 Heraclio.
1542 3965 1692 4020 Tunc
1755 3961 2012 4032 temporis

432 4069 662 4138 dignitas
704 4065 964 4136 primatis:
995 4061 1252 4117 translata
1283 4066 1366 4114 est
1405 4057 1473 4112 ad
1518 4055 1813 4113 Ecclesiam
1853 4054 2015 4109 Tole-

437 4169 636 4211 lanam.
681 4173 700 4207 I

510 4245 562 4300 5.
608 4244 688 4300 Ita
737 4243 913 4314 pergit
979 4241 1136 4310 hujus
1183 4238 1600 4296 continuationis
1642 4237 2016 4309 supposititius

439 4348 646 4404 auctor,
694 4337 780 4392 vel
824 4335 1212 4404 interpolator,
1255 4332 1421 4386 multa
1478 4345 1702 4385 narrans
1746 4346 1865 4400 quce
1909 4343 2016 4382 non

442 4430 614 4483 solum
653 4427 887 4495 antiquis
934 4424 1293 4480 monumentis
1339 4423 1520 4478 innixa
1570 4437 1678 4475 non
1721 4427 1873 4484 sunt,
1923 4418 2015 4473 sed

444 4520 546 4574 illis
585 4519 745 4572 etiam
799 4525 923 4571 sunt
971 4515 1258 4570 contraria.
1290 4513 1449 4568 Addit
1490 4512 1720 4581 longiori
1767 4525 2016 4566 sermone

445 4609 732 4664 Mabometi
784 4607 1060 4662 historiam
1102 4603 1396 4660 mendaciis
1436 4610 1745 4658 contextam
1778 4618 1791 4654 :
1823 4601 1889 4654 de
1915 4614 2022 4668 quo

447 4701 557 4755 hmc
578 4697 864 4766 conﬁngit:
897 4699 1280 4759 Verumtamen,
1308 4705 1363 4748 ut
1388 4697 1571 4766 fertur,
1596 4693 1828 4748 diabolus
1853 4703 2024 4746 trans-

448 4792 679 4861 ﬁgurans
710 4790 832 4844 sein
852 4789 1091 4860 angelum
1113 4789 1215 4856 73
1240 4787 1382 4840 lucis,
1409 4784 1643 4854 quaedam
1658 4785 1704 4836 ei
1721 4781 2029 4853 praedicebat

450 4888 644 4955 futura.
682 4879 829 4935 Unde
864 4888 960 4944 est,
991 4887 1044 4932 ut
1070 4879 1122 4930 in
1153 4877 1365 4931 exordio
1393 4891 1502 4928 sua:
1529 4874 1758 4928 subdola:
1777 4873 2031 4942 prtedica-

453 4976 604 5030 tionis
636 4973 806 5028 adiret
847 4972 1180 5041 Hispaniam,
1210 4979 1258 5023 et
1286 4969 1535 5024 Corduba:
1575 4985 1682 5023 sua:
1727 4969 2032 5038 perditionis

453 5076 648 5123 sectam
692 5066 914 5121 doceret.
947 5064 1161 5117 Dicebat
1187 5065 1322 5117 enim
1362 5062 1539 5117 Iesum
1570 5062 1828 5116 Christum
1859 5062 2037 5117 Domi-

457 5172 580 5209 num
602 5157 663 5209 de
697 5153 906 5225 Virgine
926 5170 1035 5207 esse
1059 5162 1235 5206 natum
1264 5155 1561 5222 operatione
1591 5153 1818 5223 Spiritus
1848 5155 2036 5221 sancti,

459 5266 561 5301 non
594 5258 764 5301 tamen
812 5263 921 5300 esse
961 5245 1146 5299 Deum.
1200 5243 1349 5308 Quod
1396 5261 1508 5298 cum
1556 5247 1846 5300 beatissimo
1890 5245 2040 5300 Patri

465 5337 671 5392 Isidoro
725 5339 1014 5391 nuntiatum
1065 5337 1266 5407 fuisset,
1317 5337 1402 5405 qui
1455 5347 1573 5388 tunc
1622 5337 1964 5390 revertebatur
2007 5355 2040 5392 a

467 5427 707 5480 Romana
736 5428 900 5486 curia,
922 5427 1191 5495 confestim
1220 5427 1358 5478 misit
1387 5427 1668 5490 ministros,
1693 5430 1776 5497 qui
1801 5438 2041 5497 caperent

464 5535 599 5572 eum.
634 5518 742 5574 Sed
762 5517 999 5572 diabolus
1026 5516 1324 5572 Mahameto
1353 5521 1616 5589 apparuit,
1642 5529 1690 5572 et
1715 5537 1868 5589 quam
1893 5522 2044 5575 citius

469 5611 685 5681 fugeret,
713 5611 1001 5681 imperat-it.
1046 5609 1375 5663 Mahumetus
1423 5620 1593 5664 autem
1633 5621 1748 5682 post
1789 5614 1964 5683 fugam
1993 5614 2047 5668 in

468 5701 706 5776 Africam
728 5711 779 5756 et
805 5701 1047 5758 Arabiam
1071 5702 1469 5758 innumerabiles
1495 5702 1665 5773 plebes
1694 5704 1916 5770 seduxit,
1942 5714 2045 5763 etc.

2053 477 2198 532 rege,
2226 465 2303 519 sic
2329 462 2494 518 refert
2521 481 2533 514 :
2565 460 2750 517 Libros
2780 471 3075 514 sanctorum
3121 460 3336 514 Patrum
3367 463 3640 532 diligenter

2053 553 2172 623 fecit
2192 552 2437 622 perquiri,
2461 562 2509 604 et
2539 552 2773 604 instituta
2801 550 2862 603 B.
2887 548 3078 604 Isidori
3108 551 3331 618 ﬁrmiter
3357 551 3641 605 observari.

2057 641 2158 695 Hic
2211 641 2468 710 perﬁdum
2524 639 2883 694 Theodisclum
2949 639 3311 706 llispalensem
3352 641 3645 710 episcopum

2054 733 2294 803 synodali
2340 732 2597 785 sententia
2643 731 2920 797 exsulavit,
2959 739 3007 783 et
3054 730 3359 800 dignitatem
3385 729 3647 800 primatia:

2057 821 2327 875 transtulit
2361 819 2430 871 ad
2452 818 2740 871 Eeclesiam
2764 817 3084 872 Toletanam.

2127 911 2180 966 7.
2205 909 2373 964 Lucas
2393 908 2656 962 Tudensis
2674 907 2943 962 Chronico
2983 906 3172 962 lsidori
3197 908 3453 974 uberiori,
3483 923 3648 979 quam

2058 1002 2200 1072 quod
2229 999 2516 1072 genuinum
2546 1000 2852 1053 Chronicon
2883 998 3002 1066 ejus
3030 1006 3145 1066 est,
3181 1000 3318 1054 hanc
3363 1001 3647 1054 continua-

2063 1094 2263 1146 tionem
2295 1090 2544 1144 lldcl'onsi
2593 1089 2814 1143 nomine
2843 1089 3074 1142 attexuit
3100 1106 3110 1140 :
3137 1089 3250 1143 sive
3281 1089 3393 1157 ipse
3422 1089 3647 1143 additio-

2064 1196 2158 1236 nes
2177 1180 2244 1235 ad
2273 1179 2579 1233 Chronicon
2611 1177 2820 1242 lsidori,
2873 1186 2929 1231 et
2977 1184 3146 1232 totam
3189 1177 3330 1231 hanc
3372 1179 3655 1232 continua-

2064 1270 2266 1325 tionem
2292 1267 2647 1334 conﬁnxerit,
2679 1275 2736 1320 ut
2769 1266 3009 1321 nonnulli
3064 1273 3276 1336 putant,
3317 1267 3432 1321 sive
3459 1268 3653 1322 saltem

2064 1360 2307 1431 quaedam
2337 1356 2606 1413 Chronico
2651 1357 2836 1411 lsidori
2869 1357 3163 1426 adjecerit,
3197 1365 3252 1410 et
3282 1359 3654 1412 continuatio—

2067 1464 2188 1502 nem
2219 1445 2468 1501 lldefonsi
2497 1445 2923 1513 interpolaverit,
2971 1446 3105 1512 sive,
3139 1446 3285 1514 quod
3334 1445 3540 1516 aequius
3569 1456 3653 1502 est

2069 1537 2318 1604 credere,
2353 1536 2660 1591 Chronicon
2691 1544 2744 1589 et
2793 1536 3278 1599 continuationem,
3331 1535 3405 1590 ita
3448 1534 3558 1604 jam
3589 1539 3661 1591 ab

2071 1626 2251 1694 aliquo
2279 1624 2566 1694 antiquiori
2597 1623 2851 1694 amp'iata
2874 1633 2928 1678 et
2954 1625 3292 1694 interpolata,
3315 1625 3531 1680 incaute
3559 1640 3663 1693 pro

2001 1747 2045 1808 Β
2071 1717 2317 1784 genuinis
2365 1716 2655 1785 acceperit.
2707 1715 2964 1786 Bayerius
3007 1717 3060 1769 in
3106 1724 3222 1771 not.
3260 1717 3326 1770 ad
3366 1715 3504 1770 Bibl.
3539 1715 3661 1770 Vct.

2074 1808 2224 1879 HiSp.
2253 1809 2369 1862 Nic.
2403 1808 2620 1862 Antonii
2649 1807 2684 1861 l.
2717 1825 2767 1873 v,
2801 1823 2947 1861 num.
2983 1806 3107 1872 ⁸525,
3145 1815 3397 1874 testatur,
3427 1808 3480 1860 in
3504 1805 3667 1861 Escu-

2074 1899 2292 1954 rialensi
2323 1898 2523 1952 Codice
2554 1898 2632 1950 lit.
2667 1899 2724 1962 Β,
2756 1897 2892 1967 plut.
2931 1897 2980 1960 l,
3013 1913 3157 1951 num.
3191 1897 3248 1964 9,
3291 1912 3427 1965 opus
3453 1903 3667 1951 exstare

2077 1989 2180 2043 hoc
2205 1989 2360 2042 titulo
2389 2007 2401 2042 :
2425 1989 2570 2042 Beati
2598 1987 2858 2058 Ildefonsi
2879 1988 3250 2057 archiepiscopi
3275 1988 3512 2040 Toletani
3541 2002 3668 2040 con—

2078 2081 2295 2132 tinuatio
2324 2079 2572 2132 Historiae
2594 2077 2877 2132 Gothorum
2897 2095 2929 2130 a
2957 2078 3267 2146 temporibus
3289 2078 3567 2131 Sisenandi
3595 2077 3666 2130 ad

2083 2168 2528 2221 Reccesuinthum.

2152 2259 2207 2311 8.
2240 2257 2407 2325 llujus
2435 2255 2647 2310 Codicis
2675 2239 2916 2323 qtttcnam
2948 2259 3017 2308 sit
3059 2265 3313 2320 vetustas,
3362 2255 3673 2325 expenden-

2081 2347 2207 2400 dum
2237 2354 2410 2410 esset,
2454 2360 2517 2399 ac
2547 2345 2854 2410 videndum,
2887 2360 3014 2398 num
3059 2361 3178 2398 cum
3209 2346 3608 2400 continuatione
3637 2359 3669 2399 a

2087 2438 2226 2491 Luca
2251 2433 2486 2488 Tudensi
2517 2434 2658 2486 edita
2687 2435 3008 2488 consentiat.
3028 2433 3322 2490 Rodericus
3351 2434 3667 2500 Toletanus,

2084 2527 2174 2596 qui
2201 2524 2358 2578 Luem
2389 2523 2650 2578 Tudensis
2677 2522 2898 2592 mqualis
2937 2523 3062 2586 fuit,
3115 2522 3310 2587 refert,
3342 2523 3670 2580 lldet'onsunt

2085 2615 2366 2685 scripsisse
2404 2613 2705 2668 Gothorum
2757 2620 3003 2681 tempora
3047 2628 3077 2666 a
3107 2613 3296 2682 qttinto
3326 2629 3468 2668 anno
3513 2613 3673 2667 Suin-

2089 2705 2232 2760 tliilte
2284 2719 2455 2774 usque
2503 2703 2570 2757 ad
2643 2712 2890 2758 octavum
2957 2703 3224 2757 decimum
3294 2702 3676 2759 Reccesuinthi

2092 2812 2292 2852 annum
2319 2813 2334 2851 :
2367 2795 2520 2865 cujus
2548 2795 2708 2849 verba
2738 2810 2859 2864 cap.
2891 2809 3004 2864 seq.
3038 2795 3330 2864 proferam.
3381 2795 3496 2850 Hoc
3525 2804 3676 2850 certe

2092 2890 2284 2958 arguit,
2306 2890 2506 2943 Lucam
2535 2887 2835 2943 Tudensem
2864 2887 3024 2942 totius
3052 2887 3492 2952 continuationis,
3511 2903 3672 2957 quam

2090 2982 2189 3036 sub
2219 2981 2467 3036 lldefonsi
2498 2980 2715 3033 nomine
2741 2979 2927 3044 edidit,
2959 2987 3234 3034 auctorem
3283 2995 3389 3034 non
3433 2996 3572 3042 esse,
3619 2989 3682 3035 ut

2098 3072 2416 3127 Laurentius
2458 3071 2524 3124 de
2564 3069 2765 3123 Padilla
2812 3068 3044 3122 afﬁrmat
3109 3069 3163 3123 in
3209 3068 3327 3123 Vita
3373 3069 3430 3124 S.
3489 3069 3679 3125 lsidori

2100 3165 2239 3218 inter
2288 3161 2434 3216 Vitas
2481 3169 2790 3215 sanctorum
2837 3159 3125 3228 HiSpanim.
3196 3155 3604 3214 Producendum
3650 3176 3683 3215 a

2102 3254 2256 3309 nobis
2283 3261 2366 3308 est
2395 3251 2656 3307 monitum
2701 3249 2982 3309 clarissimi
3010 3249 3231 3304 editoris
3265 3247 3363 3302 PP.
3389 3249 3566 3311 Tolet,
3595 3258 3631 3303 t.
3664 3248 3684 3302 Ι

2103 3343 2171 3397 ad
2195 3341 2667 3397 Continuationem
2698 3338 2756 3394 S.
2788 3338 3060 3406 lldefonsi,
3111 3354 3228 3407 qua:
3257 3353 3322 3394 ex
3353 3347 3392 3393 t.
3437 3339 3502 3394 lV
3535 3340 3684 3410 llisp.

2105 3433 2299 3488 illustr.
2329 3445 2518 3486 recusa
2563 3429 2635 3484 ibi
2666 3435 2752 3484 est
2793 3428 2936 3484 inter
2961 3442 3125 3498 opera
3166 3427 3222 3482 S.
3259 3427 3530 3494 lldefonsi,
3563 3444 3690 3500 sup-

2106 3525 2364 3599 positilia.

2179 3617 2288 3690 74
2315 3615 2368 3670 9.
2399 3614 2567 3668 Lucas
2599 3611 2854 3666 Tudensis
2882 3611 3167 3680 episc0pus,
3213 3611 3297 3680 qui
3315 3610 3464 3679 jussu
3498 3609 3693 3665 Beren-

2112 3711 2272 3778 gariaz
2301 3706 2492 3777 regina:
2515 3703 2804 3757 Chronicon
2843 3699 3022 3751 mundi
3055 3697 3274 3752 scribere
3319 3715 3591 3769 aggressus
3620 3709 3698 3753 est

2110 3799 2300 3854 steculo
2332 3811 2442 3858 xui,
2478 3795 2672 3862 primus
2709 3790 2807 3860 fuit
2834 3789 2919 3858 qui
2967 3788 3105 3842 illius
3134 3783 3303 3858 operis
3330 3790 3477 3859 quasi
3508 3788 3700 3859 funda-

2112 3896 2286 3942 menta
2319 3885 2576 3953 jacturus,
2625 3887 2739 3948 post
2779 3875 3069 3932 Chronicon
3111 3876 3174 3929 ab
3206 3875 3413 3930 Isidoro
3453 3879 3700 3945 scriptum

2113 3994 2272 4049 usque
2300 3975 2368 4028 ad
2395 3971 2622 4027 Sisebuti
2660 3985 2874 4040 regnum
2894 4009 2911 4035 ,
2959 3968 3106 4021 nobis
3137 3967 3356 4022 obtrusit
3396 3975 3699 4034 pra’sentem

2117 4071 2520 4142 prosecutionem
2555 4063 2950 4129 Chronicorum,
2998 4071 3242 4126 tanquam
3292 4059 3355 4111 ab
3388 4058 3704 4129 Ildephonso

2120 4163 2367 4218 Toletano
2398 4157 2616 4230 prwsule
2656 4155 3010 4221 compositam,
3057 4152 3202 4221 cujus
3233 4152 3401 4221 operis
3431 4149 3574 4203 nulla
3601 4166 3703 4202 an-

2123 4255 2277 4307 terior
2297 4250 2534 4305 exstabat
2557 4247 2822 4302 memoria.
2855 4244 3004 4298 Unde
3033 4242 3282 4295 Tudensis
3310 4241 3442 4295 illud
3459 4241 3705 4305 hauserit,

2123 4346 2374 4398 incertum
2403 4350 2496 4395 est.
2537 4341 2689 4402 Sunt,
2723 4341 2808 4409 qui
2839 4354 2949 4390 cum
2983 4334 3263 4387 Laurentio
3284 4333 3347 4387 de
3376 4332 3584 4386 Patilla
3610 4348 3706 4397 ιιι-

2044 4471 2100 4533 D
2127 4445 2258 4500 tant,
2301 4443 2460 4489 totum
2484 4433 2536 4486 id
2563 4433 2696 4501 quod
2726 4431 2815 4486 sub
2840 4429 3140 4500 Ildephonsi
3179 4428 3386 4482 nomine
3411 4428 3707 4490 venditavit,

2128 4526 2285 4595 fuisse
2312 4524 2375 4577 ab
2403 4523 2495 4577 illo
2513 4523 2806 4591 con/ictum.
2835 4521 2876 4571 Λ
2902 4519 3048 4574 nobis
3066 4535 3325 4589 nunquam
3347 4516 3709 4587 impetrabunt,

2130 4624 2186 4669 ut
2208 4617 2270 4668 de
2290 4617 2396 4668 riro
2425 4613 2582 4683 probo
2612 4613 2800 4666 temere
2827 4612 3135 4682 cogitemus;
3177 4609 3357 4662 mirari
3387 4617 3555 4660 tamen
3587 4609 3715 4662 satis

2133 4726 2235 4763 non
2267 4724 2534 4776 possumus
2565 4715 2760 4760 tantam
2801 4706 2896 4758 viri
2925 4703 3299 4764 credulitatem,
3333 4703 3418 4770 qui
3450 4710 3522 4754 tot
3563 4701 3715 4772 fabu-

2134 4798 2302 4851 larum
2342 4805 2580 4864 portenta
2610 4812 2712 4847 non
2752 4793 2952 4855 viderit,
2995 4791 3174 4860 quibus
3205 4791 3313 4843 haec
3345 4790 3573 4843 historia:
3599 4805 3721 4858 pars

2139 4898 2243 4942 tota
2273 4895 2512 4940 contexta
2540 4893 2633 4937 est.
2666 4881 2838 4946 Quare
2859 4883 2972 4952 jam
3001 4881 3170 4935 nullus
3213 4891 3288 4934 est
3314 4881 3606 4946 historicus,
3639 4881 3721 4949 qui

2135 4995 2248 5032 eum
2273 4977 2404 5030 vrlut
2425 4985 2764 5029 commentum
2782 4974 3010 5034 putidum
3035 4990 3134 5027 non
3164 4974 3430 5042 despiciat,
3454 4973 3723 5041 indignum

2138 5083 2351 5138 prorsus
2373 5065 2507 5136 quod
2531 5064 2589 5120 S.
2629 5063 2928 5134 Itdephonsi
2959 5063 3238 5133 aliquando
3263 5063 3610 5115 existimatum
3635 5061 3722 5111 sit.

2212 5160 2300 5214 10.
2349 5158 2498 5212 Inter
2544 5157 2652 5210 alia
2701 5157 3103 5229 quamplurima,
3153 5155 3214 5209 S.
3249 5153 3509 5207 Isidor-um
3557 5149 3727 5203 sedem

2145 5250 2510 5319 Hispalensem
2539 5259 2783 5320 tanquam
2815 5250 3086 5318 primatent
3116 5247 3393 5301 obtinuisse
3422 5244 3609 5295 diserte
3641 5258 3729 5295 as-

2147 5361 2171 5397 s
2201 5344 2270 5397 rit
2309 5342 2734 5395 mendacissinms
2779 5340 3166 5393 consarcinator
3195 5350 3465 5405 nugarum,
3507 5331 3729 5386 Theodi-

2147 5434 2310 5488 selum
2347 5431 2616 5500 quemdam
2648 5430 2980 5484 introducens
3022 5430 3163 5482 illius
3193 5439 3558 5483 successorem,
3600 5424 3728 5476 nulli

2151 5527 2396 5578 hactenus
2427 5533 2583 5576 antea
2611 5533 2816 5586 notum,
2870 5537 2962 5573 nec
3012 5520 3132 5572 ullis
3175 5513 3452 5585 prtesulum
3481 5514 3731 5584 catalogis

2155 5618 2452 5686 ascriptum,
2487 5616 2548 5671 ob
2577 5615 2856 5686 apostasia:
2884 5613 3100 5664 crimina
3140 5607 3391 5676 dignitate
3421 5605 3728 5674 depositum,

2157 5708 2576 5779 exsulantemque
2593 5721 2611 5760 :
2629 5719 2728 5777 qua
2757 5699 3029 5756 occasione
3053 5699 3399 5770 primatialcm
3427 5697 3734 5764 dignitatem
