4012 6196
380 251 446 304 67
1116 247 1204 301 AD
1241 246 1466 302 OPERA
1508 247 1564 304 S.
1606 246 1852 302 ISIDURI
1893 245 2337 302 IIISPALENSIS
2374 245 2909 302 PROLEGOMENA.
3560 251 3627 308 (38

385 369 454 423 ud
511 365 797 421 Ecclesium
856 362 1160 417 Toletanam
1211 363 1514 416 translatam
1570 371 1959 420 commentatur.
1991 366 2038 424 Α
2065 378 2196 418 vero
2239 363 2413 432 gentis
2455 362 2689 418 historiis
2731 361 2783 416 id
2831 375 2938 415 non
2981 360 3272 430 accidit?);
3303 370 3480 419 tamen
3520 382 3627 423 non

453 459 539 511 II.
564 456 701 510 Huic
730 453 919 526 fubulte
957 455 1118 507 aliam
1148 469 1250 506 non
1291 453 1460 506 minus
1489 455 1714 523 ineptam
1734 455 1950 508 uttexuit

379 550 441 603 de
469 547 780 601 Multumetis
808 545 952 611 impii
978 542 1240 612 propheta:
1281 542 1502 596 adventu
1530 545 1583 597 in
1612 543 1945 614 Hispaniam,

377 638 585 707 ejusque
621 633 872 689 Corduba:
909 632 1277 699 praedicatione
1312 633 1579 696 instituta;
1625 649 1771 701 quem
1799 634 1951 704 fingit

376 729 441 780 de
466 726 634 781 reditu
656 723 732 777 Μ.
757 721 946 775 Isidori
975 737 1039 774 ea:
1071 719 1206 774 Urbe
1232 722 1550 775 admonitum
1573 738 1606 773 a
1627 720 1832 775 diabolo
1857 739 1952 774 au-

378 821 590 891 fugisse,
632 825 782 884 atqu_e
824 832 885 868 ea
915 815 1116 868 ratione
1142 815 1368 882 vincula,
1399 831 1648 879 carceres,
1679 831 1954 886 poenasque

369 915 484 982 jam
508 910 571 963 ab
595 907 800 962 Isidoro
826 907 1047 960 indictas
1075 906 1314 960 evasisse.

451 1002 536 1053 I'2.
571 997 697 1062 Quis
746 1000 856 1052 haec
899 998 1055 1068 legat,
1099 999 1184 1067 qui
1232 997 1503 1051 historiam
1540 1015 1713 1052 verum
1738 999 1952 1070 infamis

374 1091 658 1161 prophetae,
681 1089 892 1160 ejusque
911 1089 1027 1142 vitae
1047 1087 1434 1158 chronologiam
1453 1089 1812 1150 observaverit,
1831 1090 1952 1160 quin

375 1186 478 1238 ista
506 1190 746 1253 portenta
795 1197 897 1234 non
943 1179 1130 1244 rideat,
1175 1197 1239 1233 ac
1267 1181 1483 1233 miretur
1518 1179 1750 1234 homines
1797 1182 1955 1251 fuisse

297 1265 300 1267 Α
378 1275 462 1343 qui
493 1282 563 1326 tot
593 1272 802 1326 insulsis
831 1269 1052 1324 anilibus
1098 1268 1286 1341 fabulis
1316 1269 1392 1323 vel
1419 1270 1698 1342 fingendis.
1723 1271 1800 1324 vel
1825 1287 1951 1324 nar-

377 1363 558 1415 randis
585 1361 959 1414 delectarentur
980 1360 1005 1412 .9

453 1452 538 1505 I5.
565 1452 694 1505 Marc
713 1451 789 1505 vel
810 1452 984 1504 leviter
1021 1451 1252 1504 indicata
1276 1451 1406 1505 satis
1446 1453 1550 1505 sint
1572 1452 1641 1504 ad
1663 1453 1812 1522 hujus
1840 1469 1952 1506 mo-

379 1545 605 1596 numenti
637 1542 915 1612 falsitatem
961 1541 1301 1607 suadendum,
1335 1553 1487 1613 atque
1528 1542 1591 1595 ab
1642 1542 1954 1612 Ildephanso

379 1644 556 1688 nostra
597 1634 738 1687 illius
783 1632 1030 1686 invidiam
1073 1630 1433 1702 ablegandum.
1486 1629 1585 1694 Qui
1614 1631 1765 1701 plura
1805 1632 1950 1697 velit,

377 1721 614 1776 consulat
665 1721 734 1774 D.
793 1719 1071 1774 Nicolaum
1119 1721 1402 1774 Antonium
1441 1721 1496 1774 in
1554 1719 1614 1774 S.
1649 1720 1875 1786 Isidoro,
1908 1731 1957 1774 et
1989 1721 2032 1780 Β

377 1811 707 1882 Ildephonso,
730 1812 816 1865 ubi
844 1812 936 1865 has
965 1811 1164 1882 fabulas
1187 1810 1373 1880 diﬂ'use
1402 1811 1724 1882 insequitur:
1746 1819 1851 1865 tum
1883 1811 1947 1865 Ρ.

379 1902 571 1958 Floras
617 1905 672 1956 in
719 1912 855 1957 tanta
887 1903 927 1956 V
968 1901 1243 1973 Hispania:
1282 1919 1464 1966 sacrae,
1505 1912 1553 1956 et
1594 1902 1739 1963 alibi,
1769 1903 1856 1956 ubi
1889 1903 1952 1956 de

380 1993 616 2061 primatis
664 1993 913 2061 dignitate
942 1991 1000 2045 S.
1037 1990 1286 2044 Ecclesia:
1319 1991 1581 2046 Toletante
1625 1991 1775 2045 verba
1804 1993 1949 2063 facit.

452 2078 536 2131 M.
571 2077 684 2132 Nos
720 2080 917 2131 interea
963 2078 1074 2146 ejus
1113 2079 1389 2132 editionem
1420 2091 1845 2148 repratsentamus
1884 2081 1954 2133 ad

376 2169 639 2238 exemplar
667 2169 771 2238 75
800 2168 1041 2222 editionis
1089 2169 1243 2237 facta:
1279 2184 1311 2220 a
1354 2167 1636 2222 Francisco
1679 2168 1858 2222 Scotto
1896 2170 1951 2222 in

379 2269 505 2314 tum.
544 2258 590 2312 il
635 2258 910 2328 Hispania!
950 2257 1251 2323 illustratw,
1323 2260 1410 2329 qui
1458 2275 1572 2313 eam
1621 2275 1686 2313 ea:
1731 2259 1954 2313 Tudensi

379 2350 700 2418 transcripsit
733 2364 848 2400 cum
885 2347 976 2400 hoc
1022 2347 1200 2402 eodem
1243 2348 1392 2402 titulo
1419 2365 1565 2419 quem
1613 2350 1949 2421 prwﬁgimus.

454 2436 540 2490 15.
568 2436 818 2502 Quaedam
849 2437 1008 2490 etiam
1034 2445 1158 2490 sunt
1179 2451 1300 2504 qua:
1327 2451 1392 2490 ex
1421 2437 1524 2491 hac
1549 2439 1955 2495 continuatione

380 2529 437 2582 S.
462 2527 721 2582 Martinus
746 2526 1090 2597 Legionensis
1113 2528 1164 2582 in
1186 2544 1342 2583 suum
1362 2544 1666 2586 sermonem
1693 2531 1759 2587 de
1777 2540 1954 2590 trans-

381 2619 458 2673 itu
506 2618 563 2672 S.
609 2616 795 2672 Isidori
839 2618 1138 2685 transtulit,
1180 2627 1240 2672 ut
1266 2618 1377 2674 fere
1405 2628 1516 2676 tota
1542 2621 1632 2676 illa
1660 2623 1950 2692 periodus,

382 2707 596 2763 Exstitit
635 2708 818 2780 quippe
843 2709 1027 2776 spiritu
1070 2710 1355 2781 prophetia:
1382 2713 1571 2780 clarus,
1610 2724 1715 2769 etc.
1745 2713 1956 2770 Omittit

381 2804 559 2852 autem
587 2797 769 2862 verba,
794 2805 1106 2851 sustentatur
1129 2802 1497 2856 monachorum
1523 2819 1584 2856 ac
1608 2805 1907 2860 monialium
1935 2822 1952 2860 :

384 2902 448 2943 ac
474 2886 701 2941 fortasse
737 2887 789 2941 in
822 2887 1054 2957 aliquam
1085 2887 1540 2946 continuationem
1583 2894 1760 2950 minus
1789 2895 1955 2950 inter-

379 2976 613 3046 polatam
636 2976 837 3031 incidit.
862 2976 976 3032 Hoc
998 2977 1187 3032 Isidori
1209 2979 1438 3047 elogium
1461 2982 1654 3050 partim
1676 2981 1958 3054 descripsit

381 3067 543 3122 etiam
575 3067 954 3122 Constantinus
982 3067 1270 3137 Cajetanus
1299 3070 1404 3126 loc.
1436 3072 1529 3126 cit.
1555 3113 1569 3137 ,
1595 3088 1715 3142 pag.
1752 3073 1851 3138 I5,
1886 3091 1950 3130 ex
1982 3096 2030 3157 α

383 3159 663 3214 Chronicis
697 3158 852 3214 Lucae
872 3199 887 3225 ,
921 3160 1128 3213 diaconi
1157 3159 1426 3228 Tudensis,
1462 3171 1518 3217 ut
1543 3164 1620 3217 ait
1651 3184 1664 3216 ε
1695 3165 1791 3220 sed
1831 3165 1948 3220 dia-

381 3263 575 3302 conum
617 3247 1000 3315 Legioucnsem
1039 3249 1285 3318 primum,
1320 3266 1383 3306 ac
1423 3251 1614 3306 deinde
1643 3253 1949 3323 episcopum

385 3335 685 3392 Tudeusem
709 3336 892 3391 debuit
918 3352 1132 3391 vocare.

459 3425 544 3479 I6.
562 3424 674 3479 Jam
690 3425 937 3493 ﬁgmenta
955 3439 1073 3493 qua:
1100 3425 1151 3479 in
1172 3425 1585 3481 Continuatione
1610 3427 1949 3496 supposititia

381 3515 626 3571 Ildefonsi
662 3514 986 3581 referuntur,
1038 3513 1151 3569 luse
1181 3515 1420 3584 explodit
1457 3513 1572 3570 Nic.
1603 3514 1866 3570 Antonius
1895 3515 1949 3568 in

383 3605 519 3660 Bibl.
551 3612 656 3657 vet.
686 3603 834 3672 liisp.
857 3643 871 3668 ,
903 3605 991 3658 ubi
1034 3604 1100 3658 de
1143 3603 1346 3657 Isidoro
1376 3602 1749 3672 Ildefonsoque
1792 3605 1900 3673 agit
1933 3621 1946 3657 :

385 3695 487 3749 iter
513 3708 641 3748 vero
668 3692 954 3747 Mahometi
981 3693 1034 3746 in
1076 3692 1383 3762 Hispaniam
1412 3693 1548 3747 adeo
1578 3693 1783 3762 prolixe
1813 3693 1926 3748 refu

385 3794 483 3850 tat,
512 3793 570 3838 ut
597 3785 673 3837 vel
705 3783 925 3836 Fabium
953 3784 1154 3837 valeant
1182 3785 1447 3838 delassare
1471 3824 1486 3848 ,
1529 3784 1672 3854 quod
1699 3784 1955 3855 Bayerius

384 3874 658 3931 annotavit
683 3891 698 3939 ;
728 3889 792 3928 ea
813 3873 990 3928 fabula
1019 3889 1140 3942 cap.
1167 3872 1238 3926 25
1264 3877 1500 3930 breviter
1528 3891 1558 3929 a
1590 3878 1742 3931 nobis
1767 3877 1956 3946 explo-

386 3965 562 4020 detur.
597 3963 751 4017 Plura
783 3963 946 4018 cliam
977 3963 1192 4018 disserit
1218 3964 1284 4020 de
1309 3967 1601 4036 corruptis,
1631 3975 1690 4020 ut
1719 3968 1951 4034 ﬁngitur,

385 4057 454 4112 ab
500 4056 766 4112 Avicenna
816 4055 872 4110 S.
907 4056 1096 4110 Isidori
1134 4055 1418 4126 Operibus,
1472 4065 1527 4110 et
1551 4057 1619 4109 de
1654 4055 1953 4110 Theodiscli

386 4148 652 4217 apostasia
682 4164 697 4200 :
725 4147 793 4201 de
820 4147 1013 4214 quibus
1055 4162 1152 4199 nos
1196 4145 1351 4199 infra.
1391 4145 1664 4198 Florezius
1702 4153 1830 4198 tom.
1860 4143 1950 4213 IX,

391 4251 515 4307 pag.
543 4235 648 4289 ειη
692 4251 833 4302 seq.,
860 4235 1213 4297 demonstrat,
1245 4233 1447 4287 Isidoro
1477 4233 1805 4289 Honoratum
1835 4251 1955 4290 suc-

387 4327 610 4380 cessisse
631 4342 662 4378 a
684 4325 770 4379 die
795 4323 858 4376 I2
877 4325 1000 4376 maii
1025 4322 1127 4376 656
1151 4323 1216 4377 ad
1244 4323 1385 4377 diem
1415 4323 1481 4376 12
1507 4325 1810 4380 novembris
1831 4323 1952 4393 641,

387 4425 446 4470 ut
469 4415 706 4483 arguitur
726 4429 791 4467 ex
814 4413 1160 4483 inscriptione
1182 4415 1461 4482 sepulcrali
1487 4413 1766 4481 Honorati,
1793 4430 1952 4484 quam

2049 453 2180 507 satis
2225 452 2555 520 intelligitur,
2606 465 2714 519 quo
2766 458 2921 518 pacto
2967 452 3065 506 viri
3110 451 3304 521 docti,
3356 463 3414 508 ut
3459 453 3628 516 Lucas

2051 540 2312 594 Tudensis
2351 539 2548 608 aliique
2593 539 2895 606 hujusmodi
2944 539 3152 595 fabellis
3194 543 3426 598 anilibus
3467 544 3626 602 Iidem

2051 631 2410 700 praestiterint.
2445 629 2732 698 Postquam
2759 637 2944 684 autem
2989 631 3250 698 ejusmodi
3281 645 3586 690 commenta
3611 677 3627 702 ,

2051 720 2118 775 ab
2148 723 2227 774 e's
2255 719 2574 790 accepta,ad
2604 720 2848 788 aliosque
2875 733 2939 773 ex
2969 733 3156 774 eorum
3181 723 3426 778 manibus
3452 730 3630 780 trans-

2052 813 2212 867 missa
2253 821 2395 877 sunt,
2443 813 2648 867 facilius
2697 813 2893 866 malum
2945 827 3164 884 serpere
3194 817 3301 886 76
3345 817 3532 888 cmpit,
3577 825 3633 874 et

2052 920 2159 958 non
2193 905 2366 958 solum
2399 905 2449 958 in
2471 904 2590 958 aliis
2619 904 2784 969 libris,
2811 905 2905 958 sed
2932 905 3092 959 etiam
3123 907 3173 960 in
3203 907 3460 976 Iiturgicis
3483 908 3633 964 locus

2054 991 2320 1061 ﬁgmentis
2363 994 2516 1048 datus
2545 1002 2651 1060 est,
2693 1009 2812 1062 qua:
2856 993 3108 1048 falsorum
3140 995 3514 1052 chronicorum
3543 1013 3630 1052 ar-

2052 1083 2266 1138 chitecti
2311 1083 2510 1138 saccqu
2545 1099 2632 1137 xvi
2661 1091 2912 1151 exeunte,
2965 1092 3020 1138 et
3049 1085 3294 1154 sequenti
3320 1086 3628 1144 avidissime

2053 1172 2413 1241 arripuerunt.

2647 1281 2874 1338 CAPUT
2910 1283 3042 1338 XIII.

2066 1391 2183 1445 Vita
2230 1393 2291 1447 S.
2343 1392 2539 1448 Isidori
2586 1411 2618 1446 α
2668 1395 3026 1450 Bollandianis
3073 1398 3212 1452 edita
3261 1418 3329 1453 an
3373 1412 3629 1458 auctorem

2125 1461 2310 1540 habeat
2359 1463 2555 1540 [rurant
2600 1463 2905 1540 Tudensem_.
2955 1466 3036 1540 lia
3064 1470 3180 1540 vita
3229 1472 3296 1522 ad
3323 1473 3630 1540 appendices

2125 1533 2334 1608 rejecta,
2349 1533 2641 1608 defenditur
2663 1533 2827 1608 [nicas
2853 1534 3101 1608 Tudensis
3131 1549 3312 1592 contra
3333 1533 3628 1608 nonnullos,

2125 1603 2211 1670 qui
2257 1617 2371 1655 eum
2416 1603 2470 1654 in
2509 1601 2775 1655 Chronicis
2823 1614 2871 1655 et
2922 1603 3228 1661 lsidorianis
3277 1609 3424 1662 rebus
3467 1601 3628 1666 multa

2129 1670 2348 1738 ﬁnxisse
2416 1671 2752 1726 contendunt.
2813 1673 3006 1728 Auctor
3065 1675 3183 1730 libri
3239 1679 3302 1731 de
3352 1678 3624 1736 Hiraculis

2129 1738 2189 1793 S.
2228 1739 2422 1793 Isidori
2447 1742 2682 1811 quisnam
2711 1743 2886 1811 fuerit.

2123 1851 2170 1904 I.
2192 1850 2528 1921 Propositum
2551 1853 2676 1906 mihi
2703 1851 2876 1908 fuerat
2893 1855 2997 1910 hoc
3022 1856 3141 1911 loco
3164 1856 3336 1912 Vitam
3361 1859 3414 1914 S.
3437 1860 3626 1917 Isidori

2053 1941 2352 2007 recudere,
2399 1955 2556 2008 quam
2615 1942 2815 2009 przevio
2866 1942 3179 1999 doctissimo
3233 1951 3626 2004 commentario

2052 2025 2385 2082 Bollandiani
2426 2028 2566 2082 inter
2593 2029 2723 2082 Acta
2771 2039 3076 2084 sanctorum
3109 2033 3172 2086 ad
3201 2033 3338 2087 diem
3369 2033 3401 2085 4
3429 2035 3626 2104 Aprilis

2052 2119 2371 2172 retulerunt.
2405 2117 2511 2171 Sed
2547 2133 2668 2172 cum
2701 2134 2804 2173 non
2838 2135 3024 2188 parum
3047 2123 3168 2176 vitae
3197 2123 3308 2191 ejus
3339 2125 3625 2182 methodus

2054 2213 2356 2260 nostrorum
2388 2205 2817 2277 Prolegometmn
2849 2209 3089 2263 ordinem
3122 2210 3502 2266 interturbaret
3523 2253 3538 2277 ,
3567 2222 3624 2268 et

2054 2296 2266 2352 aliunde
2313 2307 2461 2365 gesta
2504 2313 2623 2367 quas
2660 2298 2728 2372 in
2758 2313 2820 2353 ea
2859 2309 3177 2354 enarrantur
3213 2302 3403 2358 idonee
3430 2319 3497 2358 ex
3524 2306 3624 2360 alia

2053 2386 2177 2441 Vita
2209 2387 2442 2440 breviori
2472 2401 2593 2455 cap.
2625 2401 2737 2455 seq.
2771 2387 3108 2451 producenda
3137 2392 3372 2459 suppleri
3399 2395 3626 2464 possint,

2059 2476 2393 2532 commodius
2422 2476 2592 2530 visum
2621 2476 2719 2530 fuit
2741 2477 2913 2531 Vitam
2943 2494 2972 2529 a
3006 2478 3362 2535 Bollandianis
3390 2483 3626 2539 illustra-

2058 2575 2167 2622 tam
2209 2583 2329 2622 cum
2371 2568 2603 2623 uberiori
2643 2567 2864 2623 historia
2913 2571 3294 2634 translationis,
3341 2582 3395 2627 et
3447 2590 3628 2630 narra-

2058 2657 2204 2711 tione
2232 2655 2582 2724 quorumdam
2613 2656 2992 2712 miraculorum
3033 2657 3100 2712 ad
3140 2660 3462 2728 appendices
3499 2663 3630 2732 reji-

2058 2760 2203 2802 cere.
2253 2745 2437 2815 Neque
2483 2747 2626 2802 enim
2660 2762 2723 2801 ea
2759 2748 2979 2802 omnino
3016 2752 3351 2818 prtetermitti
3397 2767 3428 2807 a
3470 2754 3625 2811 nobis

2058 2835 2236 2900 debet,
2264 2850 2385 2890 cum
2417 2834 2668 2891 Zaccaria
2698 2836 2765 2891 ad
2793 2852 2903 2891 sua:
2931 2838 3203 2893 intentatae
3227 2839 3476 2897 editionis
3501 2859 3627 2912 pro-

2061 2924 2339 2993 legomena
2371 2940 2618 2994 magnum
2649 2925 2942 2980 subsidium
2974 2927 3026 2980 in
3057 2927 3158 2982 hac
3187 2927 3306 2983 Vita
3336 2938 3391 2985 et
3417 2930 3630 2987 Bollan-

2059 3014 2340 3070 dianorum
2370 3016 2755 3071 commentario
2784 3016 3078 3072 collocasse
3106 3017 3371 3075 videatur.

2127 3125 2181 3179 2.
2233 3125 2444 3179 Interea
2492 3126 2604 3180 haec
2631 3125 2738 3179 duo
2784 3141 2812 3178 a
2859 3126 3012 3181 nobis
3052 3128 3415 3197 investiganda
3465 3143 3630 3201 sunt,

2054 3217 2299 3286 quisnam
2329 3215 2444 3284 ejus
2477 3215 2605 3270 Vitae
2634 3222 2819 3270 auctor
2844 3215 3024 3284 fuerit,
3047 3226 3100 3272 et
3127 3233 3193 3272 an
3224 3219 3393 3276 Lucas
3418 3221 3631 3280 Tuden-

2055 3305 2149 3370 sis,
2180 3304 2270 3373 qui
2291 3304 2443 3371 vulgo
2470 3311 2658 3358 auctor
2685 3312 2953 3372 censetur,
2980 3307 3304 3362 architectus
3331 3310 3627 3370 fabularum

2052 3393 2228 3464 fuerit,
2252 3395 2433 3463 qumin
2457 3395 2642 3450 Isidori
2664 3397 2797 3451 Acta
2821 3398 3164 3468 irrepserunt.
3197 3401 3310 3458 Nic.
3341 3404 3624 3475 Antonius,

2052 3498 2173 3537 cum
2202 3483 2475 3553 exemplar
2494 3485 2629 3540 Vita:
2657 3485 2712 3539 S.
2746 3486 2935 3542 Isidori
2962 3487 3028 3542 ad
3064 3489 3440 3550 Bollandianos
3468 3497 3633 3566 misit,

2053 3574 2260 3629 censuit
2311 3583 2585 3629 auctorem
2613 3576 2748 3630 Vita:
2779 3593 2885 3632 non
2917 3594 3035 3634 esse
3084 3580 3281 3636 Lucam
3310 3583 3631 3654 Tudeusem,
3710 3631 3718 3637 .

2055 3667 2346 3734 mu'tisque
2392 3667 2697 3722 rationibus
2725 3669 2774 3722 id
2818 3670 3140 3738 persuadere
3184 3686 3410 3731 conatus
3438 3687 3540 3746 est,
3571 3689 3629 3734 ut

2055 3757 2110 3811 in
2150 3757 2352 3826 prmvio
2381 3756 2848 3814 Bollandianorum
2889 3765 3278 3820 commentario
3307 3767 3517 3835 legitur.
3568 3771 3630 3826 Ili

2063 3863 2172 3902 non
2221 3847 2370 3900 inviti
2419 3848 2655 3915 Opinioni
2703 3848 2817 3904 Nic.
2866 3850 3081 3906 Antonii
3127 3854 3500 3921 adhaeserunt;
3539 3861 3630 3915 sed

2060 3954 2182 3992 cum
2214 3938 2453 3993 rationes
2481 3937 2597 3991 Nic.
2631 3940 2844 3992 Antonii
2875 3941 2926 3993 in
2962 3956 3028 3994 eo
3059 3944 3290 3998 maxime
3315 3947 3630 4015 niterentur,

2062 4029 2204 4097 quod
2235 4027 2402 4098 stylus
2429 4027 2684 4081 Chronici
2714 4027 2872 4082 Luce
2894 4027 3154 4084 Tudensis
3193 4041 3248 4086 et
3277 4035 3406 4089 Vita:
3435 4036 3624 4092 Isidori

2057 4117 2292 4171 diversus
2313 4125 2471 4179 esset,
2499 4132 2563 4171 ac
2589 4118 2750 4169 multa
2780 4119 2920 4172 inter
2943 4133 3000 4172 se
3021 4122 3288 4175 contraria
3318 4123 3367 4175 in
3395 4132 3625 4193 utroque

2056 4207 2159 4262 hoc
2171 4222 2332 4276 opere
2344 4219 2908 4270 commemorarentur,
2931 4208 3283 4264 observarunt
3300 4211 3632 4269 Bollandiani

2057 4311 2212 4367 posse
2237 4295 2486 4362 aliquem,
2509 4296 2599 4364 qui
2620 4297 2865 4351 eumdem
2892 4306 3164 4352 auctorem
3189 4301 3466 4369 utriusque
3495 4319 3629 4374 ope-

2057 4384 2130 4440 ris
2180 4391 2474 4448 assereret,
2522 4398 2798 4452 opponere
2861 4384 3034 4439 Vitam
3079 4386 3135 4441 S.
3184 4387 3370 4443 Isidori
3414 4405 3443 4443 a
3494 4390 3634 4445 Luca

387 4464 635 4557 accuiate
685 4500 954 4556 describit.
978 4464 1061 4556 rIn
1111 4464 1355 4570 catalbgo
1410 4464 1957 4575 IEmilianeusijpost

2065 4476 2236 4531 adhuc
2258 4475 2487 4530 diacono
2509 4475 2563 4529 in
2592 4477 2841 4532 cmnobio
2872 4477 3186 4545 chionensi
3213 4479 3268 4534 S.
3301 4477 3484 4534 Isidori
3508 4498 3634 4536 con-

391 4589 720 4645 IIonoratum
765 4590 1063 4645 collocatur
1111 4591 1392 4656 Antonius,
1441 4607 1614 4660 neque
1661 4592 1962 4648 Theodiscli

393 4697 589 4736 nomen
625 4687 920 4748 comparet,
954 4681 1202 4749 quamvis
1228 4679 1510 4750 Epiphanii
1542 4682 1734 4736 intrusi
1763 4698 1960 4738 uowen

392 4786 498 4824 non
527 4771 682 4825 desit.
715 4769 868 4824 Hunc
890 4771 1190 4840 catalogum
1231 4785 1348 4840 cap.
1400 4770 1471 4825 24
1511 4771 1799 4841 proferam.
1830 4770 1962 4826 Cum

391 4867 569 4914 autem
597 4858 890 4914 lldel‘ousus
919 4875 1060 4915 anno
1091 4860 1158 4914 18
1199 4861 1574 4916 Reccesuinthi
1607 4863 1749 4931 regis
1779 4861 1965 4918 deces-

389 4951 540 5018 serit,
571 4950 906 5004 manil‘estum
934 4958 1018 5005 est
1045 4965 1168 5005 eum
1193 4967 1298 5006 non
1330 4953 1568 5020 potuisse
1595 4953 1960 5008 cantinuatio-

393 5055 512 5092 nem
567 5038 816 5094 Chronici
865 5039 1153 5108 perducere
1200 5041 1264 5094 ad
1313 5042 1518 5096 obitum
1576 5057 1747 5111 usque
1796 5042 1962 5112 ipsius

393 5127 794 5193 Reccesuinthi,
839 5135 900 5182 ut
946 5129 1085 5198 apud
1141 5128 1336 5184 Lucam
1388 5129 1690 5186 Tudensem
1744 5131 1958 5200 legitur.

398 5214 510 5271 lIac
536 5232 604 5270 ex
632 5224 784 5285 parte
823 5217 1059 5271 narratio
1091 5217 1338 5274 Roderici
1366 5219 1611 5274 Toletani
1651 5232 1796 5276 Stare
1832 5235 1960 5290 pos-

395 5316 496 5368 set,
525 5308 615 5375 qui
643 5305 962 5361 Ildet‘onsum
996 5314 1236 5377 tempora
1283 5309 1584 5366 Gothorum
1611 5312 1886 5381 scripsisse
1929 5327 1962 5367 a

394 5397 579 5464 quinto
618 5411 760 5450 anno
805 5395 1083 5452 Suinthilae
1112 5413 1279 5467 usque
1305 5401 1373 5454 ad
1415 5411 1664 5456 octavum
1695 5402 1960 5457 decimum

401 5485 772 5540 lteccesuinthi
804 5486 1112 5543 afﬁrmavit.
1162 5490 1357 5545 Mirum
1395 5501 1542 5546 certe
1570 5509 1676 5548 non
1707 5501 1792 5548 est
1818 5495 1962 5562 quod

397 5585 493 5638 per
513 5579 593 5624 tot
621 5573 880 5628 bellorum
904 5587 959 5629 et
984 5576 1296 5645 ignorantiae
1326 5581 1377 5633 in
1409 5579 1659 5650 Hispania
1678 5583 1883 5654 .stccula
1910 5584 1963 5637 in

400 5659 676 5713 historiam
701 5673 933 5718 nostram
960 5669 1138 5722 mu'tze
1165 5669 1354 5725 fabula:
1382 5671 1695 5740 irrepserint
1714 5674 1787 5745 (in
1814 5675 1963 5743 cujus

2067 4568 2319 4638 scriptam
2356 4567 2539 4634 luisse,
2578 4567 2880 4624 Chronic0n
2913 4571 3014 4639 77
3046 4585 3194 4634 vero,
3242 4581 3296 4624 et
3324 4571 3424 4624 alia
3471 4587 3632 4641 Opera

2069 4659 2135 4714 ab
2160 4660 2347 4714 eodem
2375 4659 2482 4729 jam
2523 4661 2736 4716 seniore
2785 4661 3038 4731 episcopo
3093 4660 3365 4730 Tudensi,
3415 4678 3479 4717 ac
3522 4679 3630 4717 ma-

2072 4755 2256 4810 turiori
2300 4754 2524 4824 judicio.

2141 4866 2195 4920 3.
2225 4864 2349 4919 Ilaec
2363 4865 2477 4919 Nic.
2505 4864 2875 4919 Antoniuslih.
2909 4879 2995 4918 rm
3023 4863 3274 4918 Bibliotln.
3306 4872 3414 4918 vet.
3457 4865 3629 4935 Hisp..

2062 4973 2115 5012 n.
2143 4955 2244 5022 68,
2273 4969 2393 5009 cum
2425 4954 2790 5023 expetnlisset,
2825 4952 2886 5020 ju
2907 4954 3084 5007 licium
3114 4971 3183 5023 qu
3209 4953 3508 5007 idamxnodo
3538 4970 3628 5008 eo.

2061 5048 2233 5101 hibuit
2258 5064 2271 5099 :
2296 5044 2452 5099 Nunc
2470 5049 2614 5110 sisto,
2639 5046 2826 5114 inquit,
2856 5055 2904 5098 et
2930 5047 3338 5099 doctissimorum
3364 5047 3624 5099 hominum

2060 5137 2362 5190 sententiam
2398 5151 2502 5188 non
2530 5135 2759 5206 improbo
2791 5151 2809 5188 :
2839 5137 3065 5205 potuisse
3103 5135 3236 5187 hanc
3279 5135 3626 5203 di/ferentiam

2063 5227 2228 5280 aetatis
2253 5229 2569 5292 maturioris,
2601 5235 2692 5280 aut
2719 5227 3054 5294 provectioris
3087 5228 3330 5280 varietate
3355 5230 3590 5280 excusari
3613 5245 3632 5292 ;

2065 5333 2165 5371 non
2188 5318 2316 5372 adeo
2343 5332 2536 5384 tamen,
2564 5329 2618 5371 ut
2645 5319 2911 5388 episcopus
2928 5319 3041 5388 jam
3070 5317 3319 5371 Tudensis
3346 5319 3633 5372 Chronicon

2068 5408 2254 5474 Lucas,
2305 5412 2442 5479 quod
2492 5411 2658 5475 aiunt,
2699 5411 2983 5479 scripserit,
3033 5411 3118 5480 qui
3161 5410 3434 5464 diaconum
3470 5426 3526 5463 se
3565 5409 3634 5462 ad

2069 5499 2434 5568 Berengariam
2462 5499 2514 5552 id
2539 5500 2741 5552 mittens
2771 5501 3099 5569 nuncupavit.
3134 5497 3293 5552 Addit
3319 5498 3432 5554 Nic.
3465 5499 3632 5552 Anto-

2069 5589 2188 5642 nius
2211 5631 2225 5654 ,
2257 5588 2346 5643 vix
2374 5589 2474 5642 sibi
2503 5588 2719 5641 dubium
2750 5601 2868 5642 esse
2890 5627 2904 5652 ,
2937 5587 3062 5655 quin
3090 5603 3226 5642 unus
3255 5587 3500 5656 idemque
3529 5603 3624 5640 au-

2067 5687 2184 5733 ctor
2226 5681 2295 5735 sit
2341 5677 2472 5732 Vitae
2513 5677 2570 5731 S.
2619 5675 2804 5732 Isidori
2864 5685 2919 5731 et
2972 5676 3218 5733 Historiae
3273 5677 3632 5732 translationis
