4060 6198
421 265 490 319 69
1475 266 1885 325 ISIDORIANA.
1925 294 1998 309 —
2032 266 2207 323 PARS
2247 269 2284 326 Ι.
2327 270 2477 326 CAP.
2520 270 2655 327 Xlll.
3608 284 3672 337 7d

417 382 479 439 S.
508 381 698 437 lsidori
727 383 984 453 episc0pi,
1014 399 1133 457 qua:
1158 384 1211 440 in
1250 384 1434 442 codice
1470 399 1571 441 suo
1600 384 1866 441 Toletano
1892 396 1993 436 an-
2022 380 2074 440 Δ
2100 380 2386 449 polationis
2430 392 2707 440 auctorem
2749 400 2890 442 esse.
2919 385 3241 446 lldcfonsum
3284 390 3470 447 lsidori
3498 392 3674 449 Chro-

418 487 557 528 nexa
584 481 667 528 est
696 473 828 528 Vita:
858 492 870 527 :
904 473 1040 531 adeo
1087 483 1145 531 ut
1171 476 1370 534 nullius
1396 477 1590 531 horum
1620 490 1868 546 operum,
1900 478 1994 529 aut

416 564 699 633 utriusque
724 563 839 619 laus
868 564 1102 620 Tudensi
1130 566 1201 621 sit
1236 567 1621 636 consignanda.
1654 566 1729 621 De
1772 567 1995 622 historia

415 654 784 710 translationis
828 670 947 724 cap.
993 656 1025 709 8
1074 656 1329 723 diximus,
1358 672 1479 727 quae
1514 666 1665 714 certe
1705 656 1847 712 Luca
1888 659 1996 714 Tu-

414 748 566 803 densi
610 748 882 816 antiquior
921 756 1035 815 est,
1067 757 1122 804 et
1150 752 1216 805 ab
1246 760 1467 807 auctore
1507 751 1847 807 translationi
1877 751 1993 809 fere

415 840 607 910 mquali
635 841 963 909 conscripta,
996 842 1236 911 quamvis
1263 852 1472 913 postea,
1509 852 1567 899 ut
1597 844 1902 913 hujusmodi
1936 845 1989 898 in

414 932 779 986 monumentis
809 931 1056 987 accidere
1080 933 1237 999 solet,
1269 935 1592 1005 interpolata
1624 934 1805 1000 fuerit,
1831 945 1888 991 ut
1909 946 1994 993 est

415 1025 556 1077 ineo
582 1021 681 1077 Ms.
716 1022 1000 1090 Toletano,
1025 1039 1092 1079 ex
1121 1026 1500 1082 traditionibus
1527 1027 1734 1083 scilicet
1754 1028 1990 1098 scriptis,

412 1123 503 1169 aut
532 1114 890 1179 documentis,
919 1128 1039 1183 qua:
1068 1116 1249 1170 multis
1278 1118 1579 1172 communia
1610 1126 1786 1183 erant,
1828 1119 1993 1173 adeo-

411 1221 517 1275 que
556 1220 586 1260 a
631 1204 856 1260 diversis
882 1205 1233 1275 scriptoribus
1278 1208 1333 1261 in
1381 1209 1492 1263 suis
1536 1210 1789 1278 operibus
1818 1217 1992 1265 trans-

410 1294 566 1361 crilii,
597 1300 691 1347 aut
737 1294 1020 1363 compilari
1065 1304 1336 1365 poterant.
1379 1298 1551 1353 Lucas
1596 1301 1649 1354 in
1677 1300 1946 1354 Chronico
1974 1344 1987 1366 ,

411 1387 556 1457 quod
594 1393 746 1441 certo
786 1386 856 1439 ab
885 1385 1003 1455 ipso
1051 1386 1309 1455 scriptum
1341 1398 1587 1457 constat,
1624 1390 1989 1448 translationis

410 1490 629 1545 quoque
654 1475 918 1539 meminit,
952 1485 1006 1530 et
1034 1476 1301 1532 diversum
1334 1479 1585 1547 quiddam
1618 1490 1799 1536 narrat
1826 1501 1837 1535 :
1867 1498 1985 1536 cum

412 1569 553 1624 enim
586 1568 719 1620 Acta
743 1567 996 1632 referant,
1023 1566 1080 1621 8.
1104 1568 1363 1623 lsidorum
1393 1570 1510 1624 solo
1532 1571 1710 1625 Albito
1736 1573 1990 1644 episcopi

413 1658 758 1728 apparuisse,
789 1657 985 1737 deinde
1011 1658 1246 1712 Albitum
1275 1656 1509 1714 Ordonio
1540 1660 1796 1730 episc0po
1831 1676 1988 1715 reve-

2099 472 2242 535 nico,
2266 474 2379 528 sive
2407 474 2654 531 Historiae
2677 476 2975 533 Gothorum
2998 483 3427 552 supplementum
3456 483 3673 554 aliquod

2097 562 2357 630 adiecisse
2385 580 2504 635 cap.
2554 582 2733 637 super.
2768 570 2935 623 innui.
2970 570 3026 625 la
3076 573 3459 629 vetustissimis
3504 588 3676 628 mem-

2096 651 2297 717 branis,
2329 656 2524 722 quibus
2555 656 2904 730 Etymologize
2925 660 3114 717 lsidori
3142 665 3509 730 continentur,
3532 681 3677 735 saepe

2096 743 2271 812 reperi
2305 744 2609 801 Chronicon
2660 748 2874 806 brevius
2918 751 3105 808 lsidori
3156 755 3224 807 ab
3269 754 3421 809 initio
3468 755 3673 820 mundi,

2095 834 2474 904 supputatione
2516 840 2774 907 temporis
2804 841 3012 910 adjecta
3042 859 3213 912 usque
3241 844 3310 899 ad
3346 844 3676 900 Reccesuin-

2097 926 2245 981 thum
2278 943 2456 997 regem
2491 946 2504 981 :
2536 944 2644 997 quo
2674 939 2918 1001 tempore
2944 933 3242 989 lldefonsus
3267 935 3467 1001 ﬂoruit,
3494 924 3674 1006 quem,

2096 1026 2155 1074 ut
2183 1020 2377 1075 librum
2407 1019 2592 1075 lsidori
2637 1023 2704 1076 de
2733 1022 2845 1076 Vir.
2876 1022 3076 1078 Illustr.
3108 1027 3460 1092 continuavit,
3510 1027 3583 1079 ita
3621 1034 3678 1078 et

2096 1111 2400 1167 Chronicon
2430 1112 2535 1168 hoc
2564 1112 2776 1179 lsidori,
2803 1115 3139 1185 etprtccipue
3163 1116 3451 1170 Historiam
3473 1115 3681 1170 Gotho-

2095 1216 2215 1255 rum
2266 1201 2611 1257 continuasse
2656 1202 2815 1257 facile
2845 1202 2991 1258 credi
3021 1211 3220 1273 potest.
3268 1202 3598 1257 Persuadent
3630 1203 3679 1255 irl

2097 1294 2318 1347 omnino
2350 1294 2513 1348 verba
2545 1293 2796 1349 Boderici
2827 1293 3075 1349 Toletani
3105 1309 3173 1348 ex
3202 1294 3438 1349 editione
3477 1295 3679 1347 recenti

2098 1383 2316 1436 Patrum
2370 1382 2754 1437 Toletanorum
2802 1391 2933 1437 tom.
2987 1382 3093 1447 lll,
3152 1384 3204 1437 in
3258 1383 3507 1452 prolog.,
3569 1383 3681 1437 sive

2095 1473 2251 1541 epist.
2281 1488 2515 1542 nuncup.
2550 1472 2616 1526 ad
2648 1473 2813 1527 libros
2839 1471 2906 1527 de
2932 1472 3067 1527 Ra-b.
3099 1471 3251 1542 Hisp.
3279 1474 3528 1543 Tempore
3545 1474 3681 1527 enim

2094 1566 2397 1619 vastationis
2428 1564 2656 1617 Arabum
2698 1566 2894 1629 scripta
2945 1574 2995 1619 et
3032 1565 3151 1619 libri
3179 1582 3290 1619 cum
3320 1574 3562 1634 pereunte
3588 1584 3682 1634 pa-

2097 1654 2195 1706 tria
2234 1656 2519 1723 perierunt,
2560 1654 2659 1706 nisi
2696 1652 2833 1724 quod
2871 1670 3039 1723 pauca
3086 1654 3410 1724 diligentiam
3450 1652 3682 1709 custodia

412 1748 665 1802 lationem
695 1735 1036 1817 designasse,
1068 1748 1244 1803 Lucas
1272 1758 1458 1804 contra
1490 1751 1564 1803 ait
1593 1769 1606 1803 :
1644 1749 1788 1804 Tunc
1817 1769 1991 1822 appa-
2026 1735 2067 1794 Β
2093 1760 2315 1798 evasere.
2350 1744 2534 1817 Itaque
2575 1761 2635 1798 ea
2664 1761 2777 1817 qua:
2807 1761 2871 1797 ex
2901 1744 3049 1798 libris
3080 1744 3345 1799 beatorum
3378 1744 3592 1810 lsidori,
3631 1756 3682 1799 et

411 1839 514 1890 ruit
559 1836 805 1890 ambobus
855 1837 1109 1906 episcopis
1154 1838 1420 1893 orantibus
1475 1839 1670 1895 Christi
1724 1842 1991 1913 confessor

411 1924 668 1991 Isidorus,
700 1936 747 1979 et
778 1925 1000 1980 ostendit
1025 1927 1098 1980 eis
1126 1928 1207 1981 sui
1235 1931 1466 2000 corporis
1495 1931 1685 1986 locum.

480 2018 535 2072 4.
567 2018 642 2072 De
671 2025 892 2073 auctare
920 2033 1050 2073 vero
1068 2017 1204 2074 Vitte
1233 2021 1405 2075 simile
1443 2021 1703 2091 judicium
1734 2023 1950 2092 profero
1975 2064 1989 2090 ,

411 2108 574 2162 alium
601 2123 723 2162 eum
756 2108 915 2162 fuisse
944 2124 975 2162 a
1006 2107 1148 2163 Luca
1182 2109 1435 2176 Tudensi,
1469 2128 1532 2167 ac
1564 2129 1784 2182 prorsus
1808 2114 1991 2169 diver-

408 2214 529 2253 sum
561 2198 627 2253 ab
668 2204 889 2252 auctore
930 2198 1351 2255 continuationis
1391 2200 1644 2256 Chronici
1691 2200 1988 2267 lsidoriani,

407 2289 627 2345 nomine
666 2287 913 2342 lldefonsi
942 2302 974 2340 a
1008 2287 1147 2342 Luca
1200 2287 1434 2345 Tudensi
1466 2306 1587 2345 cum
1618 2292 1737 2347 a'iis
1767 2292 1991 2346 chroni-

408 2380 488 2435 cis
507 2379 768 2433 collecttc.
794 2377 1151 2433 Consentiunt
1192 2378 1226 2433 ii
1255 2379 1344 2449 qui
1375 2395 1503 2435 mss.
1536 2380 1762 2437 Codices
1788 2383 1843 2438 in
1870 2384 1991 2453 qui-

410 2470 513 2525 bus
558 2469 677 2523 Vita
719 2469 906 2524 lsidori
952 2470 1282 2536 continetur,
1335 2470 1706 2540 inspexerunt,
1759 2474 1991 2528 auctoris

411 2576 608 2617 nomen
659 2577 766 2616 non
811 2561 1060 2631 exprimi.
1110 2559 1446 2615 Bollandiani
1494 2561 1834 2617 inscribunt:
1871 2562 1990 2616 Vita

410 2652 473 2707 S.
518 2651 709 2706 lsidori
731 2694 746 2717 ,
777 2662 986 2707 auctore
1022 2653 1270 2708 canonico
1301 2655 1528 2726 regulari
1557 2654 1775 2709 cmnobii
1808 2652 1993 2725 Legio-

410 2743 583 2795 nensis
612 2742 672 2796 S.
706 2741 922 2796 lsidori.
969 2742 1155 2799 Nullus
1197 2744 1333 2799 alius
1363 2745 1637 2814 profertur
1666 2755 1855 2802 auctor
1894 2734 2007 2803 eo?

411 2849 527 2887 rum
573 2843 873 2904 temporum
900 2877 914 2901 ,
946 2835 1037 2904 qui
1070 2835 1244 2889 Vitam
1275 2836 1438 2890 ullam
1470 2837 1525 2892 S.
1560 2837 1752 2894 lsidori
1782 2853 1811 2893 a
1840 2839 1983 2894 Luca

409 2921 642 2977 Tudensi
689 2926 1044 2995 compositam
1074 2934 1319 2982 testetur.
1351 2928 1486 2994 Quid
1516 2943 1646 2999 ergo
1676 2937 1759 2984 est
1788 2945 1988 2998 causa),

409 3026 507 3066 cur
555 3013 755 3068 Lucam
808 3025 1086 3071 auctorem
1136 3015 1271 3071 Vita:
1325 3017 1657 3074 credamus?
1718 3018 1983 3087 Ostendi,

409 3118 527 3172 cap.
562 3102 625 3172 4,
665 3105 815 3174 plura
845 3120 963 3160 esse
994 3106 1153 3161 verba
1186 3115 1240 3160 et
1280 3110 1606 3177 sententias,
1652 3124 1771 3177 qua:
1800 3110 1852 3164 in
1884 3112 1987 3166 hac
2016 3089 2063 3153 Ο

413 3196 530 3250 Vita
575 3205 629 3251 et
668 3197 720 3250 in
760 3212 1008 3253 sermone
1048 3197 1262 3253 Martini
1301 3198 1671 3269 Legionensis,
1711 3203 1803 3271 qui
1844 3201 1989 3257 Luca

408 3286 638 3344 Tudensi
689 3291 960 3359 antiquior
998 3291 1117 3357 fuit,
1147 3292 1341 3347 eodem
1373 3302 1634 3348 contextu
1675 3295 1987 3363 exprimun-

408 3390 493 3432 tur
525 3396 538 3433 :
573 3389 627 3434 et
662 3396 782 3448 quae
810 3382 990 3451 potius
1034 3380 1296 3437 Martinus
1324 3399 1389 3438 ex
1417 3383 1535 3437 Vita
1562 3426 1578 3453 ,
1606 3398 1765 3453 quant
1803 3392 1990 3440 auctor

407 3468 543 3523 Vita:
572 3485 640 3523 ex
672 3469 896 3524 Martino
925 3471 1137 3527 videtur
1163 3473 1574 3544 deprompsisse.

482 3560 590 3627 73
640 3558 693 3610 5.
741 3555 875 3611 Cum
918 3569 1096 3613 autem
1126 3564 1365 3629 quaedam
1403 3564 1614 3619 diversa
1646 3574 1931 3620 narrentur
1957 3581 1987 3621 a

406 3648 554 3703 Luca
568 3647 801 3703 Tudensi
824 3648 876 3702 in
902 3649 1216 3719 praefatione
1236 3653 1301 3707 ad
1323 3654 1561 3723 syllogen
1578 3654 1985 3723 Cbronicorum,

405 3748 465 3794 et
490 3739 557 3793 ab
586 3746 810 3794 auctore
837 3739 973 3795 Vita:
1010 3739 1222 3807 lsidori,
1272 3742 1417 3798 hunc
1444 3744 1511 3798 ab
1542 3744 1633 3798 illo
1663 3744 1989 3814 distinguere

406 3839 642 3903 oportet.
684 3830 869 3902 Neque
907 3848 1225 3903 permovere
1268 3850 1369 3891 nos
1400 3836 1559 3892 debet
1600 3835 1985 3894 Bollandiano-

407 3938 527 3976 rum
574 3923 745 3989 ratio,
774 3923 916 3993 quod
949 3926 1125 3994 potuit
1166 3925 1336 3981 Lucas
1382 3928 1708 3983 sententiam
1755 3938 1984 3987 mutare.

406 4014 540 4070 Nam
583 4016 695 4070 sive
740 4025 867 4071 ante
908 4017 1213 4074 Chronicon
1253 4017 1453 4074 Lucam
1484 4019 1661 4074 Vitam
1706 4018 1763 4075 S.
1798 4018 1987 4077 lsidori

405 4106 687 4176 scripsisse
717 4106 994 4176 fingamus,
1020 4110 1131 4164 sive
1153 4120 1273 4180 post
1298 4110 1626 4179 Chronicon,
1656 4111 1723 4167 de
1750 4128 1857 4181 quo
1887 4114 1987 4166 mi-

408 4195 553 4250 nime
574 4195 672 4249 sibi
696 4206 944 4253 constant
971 4199 1061 4268 qui
1089 4199 1623 4267 Chronicon,Vitam,
1652 4210 1707 4256 et
1733 4202 1985 4257 Transla-

408 4284 607 4339 tionem
638 4285 694 4341 S.
734 4286 918 4343 lsidori
944 4289 1116 4343 eidem
1144 4289 1301 4347 Lucae
1332 4292 1609 4359 tribuunt,
1654 4294 1697 4347 si
1747 4295 1814 4348 de
1864 4294 1986 4351 facti

409 4376 635 4445 alicujus
690 4379 917 4434 veritate
964 4382 1259 4451 dubitavit,
1317 4391 1411 4437 aut
1459 4385 1771 4455 Opinionem
1823 4387 1982 4441 aliam

2096 1833 2376 1902 Ildefonsi,
2421 1845 2469 1888 et
2518 1833 2718 1888 lsidori
2768 1834 3006 1888 Junioris
3037 1874 3051 1897 ,
3105 1844 3152 1887 et
3205 1832 3373 1887 Idacii
3422 1834 3683 1888 Gallttciaz

2094 1928 2339 1998 episcopi,
2389 1935 2439 1980 et
2487 1928 2712 1996 Sulpicii
2758 1926 3094 1998 Aquitanici,
3129 1935 3179 1980 et
3208 1926 3442 1980 conciliis
3471 1924 3683 1979 Toleta-

2094 2019 2290 2072 nis.....
2316 2027 2365 2071 et
2391 2019 2508 2071 aliis
2531 2019 2819 2086 scripturis,
2847 2034 2976 2088 quas
2999 2017 3061 2070 de
3082 2018 3416 2081 membranis,
3446 2026 3495 2069 et
3517 2016 3685 2086 picta-

2093 2111 2186 2164 ciis
2211 2110 2466 2165 laboriose
2491 2112 2824 2180 investigatas
2848 2110 3154 2164 laboriosius
3182 2111 3467 2180 compilavi,
3489 2126 3520 2161 a
3551 2120 3680 2162 tent-

2096 2217 2220 2270 pore
2247 2199 2439 2271 Japhet
2480 2198 2598 2254 Noe
2641 2202 2739 2269 filii
2770 2217 2927 2272 usque
2956 2201 3024 2253 ad
3053 2209 3248 2267 tempus
3277 2210 3518 2266 vestrum,
3559 2200 3611 2270 gl
3648 2231 3673 2242 -

2092 2290 2373 2343 riosissime
2397 2305 2490 2343 rex
2520 2288 2815 2354 Femmde,
2848 2290 2916 2342 ad
2947 2290 3217 2343 historiam
3254 2291 3522 2359 Hispania:
3542 2306 3670 2343 con-

2097 2380 2389 2441 texendam,
2435 2395 2587 2449 quam
2637 2379 2874 2445 sollicite,
2930 2379 3252 2449 postulastis,
3304 2388 3454 2449 prout
3510 2381 3676 2449 potui,

2093 2471 2315 2539 ﬁdeliter
2346 2467 2597 2522 laboravi.

2164 2561 2273 2631 79
2318 2559 2370 2614 7.
2417 2558 2573 2625 Quod
2616 2556 2883 2628 Sulpicius
2930 2559 3285 2629 Aquitanicus
3335 2574 3364 2613 a
3412 2559 3678 2616 Roderico

2093 2653 2405 2707 nominatur
2427 2690 2443 2716 ,
2486 2649 2539 2704 id
2565 2650 2881 2704 crediderim
2913 2651 3285 2719 accipiendum
3317 2651 3383 2705 de
3406 2650 3678 2707 Chronico

2096 2746 2241 2816 quod
2269 2760 2299 2799 e
2325 2744 2654 2799 membranis
2674 2742 2974 2814 Hispanicis
2998 2746 3198 2814 primus
3220 2745 3382 2799 edidit
3409 2744 3682 2801 Florczius

2095 2848 2228 2893 tom.
2260 2837 2325 2893 ιγ
2355 2837 2506 2907 Ηὶερ.
2537 2852 2675 2893 sacr.
2726 2838 2830 2893 hoc
2883 2838 3037 2892 titulo
3070 2855 3083 2891 :
3118 2837 3373 2909 Epitome,
3394 2838 3676 2893 Chronico-

2093 2948 2207 2986 rum
2234 2932 2408 2985 Severi
2440 2929 2680 2999 Sulpicii.
2720 2929 2924 2984 Desinit
2950 2945 3056 2983 tera
3083 2930 3208 2994 77l,
3241 2931 3353 2985 sive
3381 2946 3522 2985 anno
3553 2930 3678 2984 733.

2097 3023 2313 3077 Dubitat
2370 3021 2667 3088 Florezius,
2716 3035 2784 3073 an
2824 3019 3125 3088 hujusmodi
3170 3019 3460 3075 chronicon
3501 3021 3679 3090 aliqua

2093 3129 2160 3167 ex
2188 3119 2342 3181 parte
2372 3110 2572 3165 Severo
2602 3108 2841 3179 Sulpicio
2871 3111 3030 3165 tribui
3060 3110 3248 3180 possit.
3281 3110 3675 3165 Libenter‘cre-

2093 3202 2340 3266 diderim,
2378 3201 2636 3256 Severum
2664 3200 2932 3255 Chronica
2975 3200 3152 3270 aliqua
3198 3201 3478 3270 scripsisse
3502 3243 3517 3268 ,
3557 3215 3677 3269 qum

2092 3296 2230 3351 alius
2255 3302 2467 3364 postea,
2497 3301 2553 3347 ut
2582 3293 2633 3346 in
2666 3292 2770 3348 hoc
2799 3308 3023 3362 operum
3045 3306 3241 3361 genere
3273 3296 3412 3347 solet
3438 3294 3671 3357 evenire,

2092 3389 2145 3443 in
2175 3387 2448 3458 epitomen
2488 3385 2790 3454 redegerit,
2839 3385 3283 3455 interpolaverit,
3328 3386 3674 3440 continuave-

2090 3483 2179 3536 rit.
2214 3480 2295 3535 Ad
2322 3481 2429 3536 hoc
2460 3480 2620 3534 etiam
2645 3478 2974 3547 Chronicon,
3005 3478 3117 3535 sive
3138 3480 3204 3533 ad
3236 3478 3481 3535 Roderici
3509 3479 3671 3533 verba

2091 3573 2395 3642 respexisse
2439 3579 2569 3641 puto
2616 3568 2880 3625 Joannem
2913 3568 3313 3625 Gerundensem
3346 3570 3399 3623 in
3448 3568 3674 3639 prologo

2093 3662 2567 3732 Anacephalzeosis
2613 3660 2900 3730 Hispanire,
2950 3660 3040 3729 qui
3089 3658 3675 3715 lsidorianaallistoria:

2091 3755 2391 3811 Gothorum
2422 3753 2598 3820 aliqua
2628 3749 2950 3805 Ildefonsum
2980 3758 3033 3803 et
3059 3748 3354 3819 Sulpicium
3397 3750 3666 3805 addidisse

2094 3846 2271 3901 tradit.
2302 3844 2485 3911 Neque
2510 3841 2652 3896 enim
2682 3848 2784 3904 est,
2812 3854 2908 3894 cur
2932 3854 3053 3893 cum
3082 3839 3197 3893 Nic.
3231 3838 3465 3896 Antonio
3493 3840 3586 3895 lib.
3620 3857 3673 3905 v,

2091 3935 2304 3990 Biblint.
2335 3931 2456 3987 Vet.
2488 3946 2606 4000 cap.
2635 3930 2686 3995 6,
2716 3945 2861 3983 num.
2897 3928 3022 3991 527,
3054 3926 3457 3985 Gerundensem
3487 3946 3673 3985 emen-

2093 4029 2300 4091 demus,
2359 4033 2412 4077 et
2467 4036 2566 4091 pro
2619 4018 2858 4088 Sulpicio
2908 4016 3181 4071 lulianum
3231 4016 3345 4071 sive
3407 4016 3670 4071 lsidorum

2092 4113 2381 4169 Pacensem
2421 4112 2676 4179 legamus.

2162 4206 2216 4259 8.
2252 4203 2551 4258 Mirandum
2598 4208 2780 4254 tamen
2812 4198 3003 4268 magis,
3036 4197 3179 4268 quod
3226 4195 3341 4252 Nic.
3386 4197 3670 4265 Antonius,

2090 4297 2188 4362 ib.,
2258 4310 2408 4350 num.
2461 4291 2604 4359 525,
2652 4298 2863 4346 asserat
2911 4288 3371 4344 continuationem
3417 4286 3671 4342 Chronici

2093 4386 2371 4443 lsidoriani
2400 4384 2515 4438 sola
2545 4383 2872 4438 auctoritate
2901 4381 3166 4436 Tudensis
3213 4378 3479 4435 lldel‘onso
3509 4379 3672 4434 tribui

406 4470 713 4537 assumpsit,
742 4470 927 4524 debuit
957 4471 1059 4526 hoc
1086 4473 1258 4541 ipsum
1290 4474 1586 4540 advertere,
1615 4491 1736 4529 cum
1767 4476 1833 4529 ad
1858 4492 1979 4531 sen-
2016 4471 2067 4533 D
2092 4493 2269 4550 posse,
2299 4484 2355 4531 et
2380 4475 2544 4539 illico,
2575 4488 2720 4527 num.
2765 4472 2889 4538 527,
2922 4472 2977 4525 in
3008 4471 3253 4526 eamdem
3292 4485 3407 4524 rem
3438 4469 3672 4524 auctori-

408 4562 629 4613 tentiam
679 4561 1070 4615 retractandam
1100 4564 1390 4617 deventum
1434 4565 1550 4618 fuit.
1585 4565 1640 4618 ln
1670 4565 1982 4634 prtefatione

406 4652 471 4705 ad
497 4651 759 4707 Chronica
791 4662 1016 4707 matrem
1045 4653 1103 4709 S.
1144 4654 1331 4709 lsidori
1365 4653 1704 4711 Theodoram
1737 4659 1983 4729 appella-

406 4741 481 4795 vit
508 4759 521 4794 :
555 4743 668 4796 haec
695 4743 881 4797 eadem
909 4743 962 4796 in
984 4743 1106 4797 Vita
1138 4744 1331 4800 dicitur
1355 4745 1605 4799 Turtura.
1635 4745 1744 4801 Cur
1766 4748 1809 4801 si
1840 4748 1978 4803 idem

404 4841 485 4886 est
516 4834 791 4901 utriusque
834 4834 1012 4902 operis
1040 4844 1226 4889 auctor
1249 4877 1264 4901 ,
1308 4835 1522 4891 diverso
1551 4852 1669 4892 eam
1702 4851 1980 4909 nuncupat

404 4927 643 4985 nomine.
667 4932 759 4978 aut
784 4940 890 4979 non
922 4924 1121 4979 indicat
1144 4926 1408 4982 rationem
1440 4943 1538 4981 cur
1558 4929 1717 4982 aliam
1748 4930 1979 4985 tenuerit

401 5017 723 5069 sententiam
745 5016 768 5067 ‘I
1749 5000 1752 5004 ’

471 5106 525 5161 6.
557 5106 741 5162 Exstat
770 5108 983 5177 quidem
1016 5106 1191 5163 fabula
1220 5109 1288 5163 de
1318 5108 1609 5164 Mahometi
1640 5110 1690 5165 in
1721 5111 1979 5182 Hispania

403 5197 782 5265 prmdicatione
812 5207 919 5252 tam
944 5199 998 5253 in
1028 5198 1146 5254 Vita
1176 5199 1384 5267 lsidori,
1417 5217 1575 5271 quam
1619 5204 1667 5257 in
1698 5207 1980 5262 continua-

403 5292 552 5345 tione
578 5290 831 5347 Chronici
859 5292 1172 5356 lsidoriani,
1221 5296 1438 5353 nomine
1479 5296 1728 5354 lldefonsi
1774 5314 1803 5353 a
1837 5299 1977 5356 Luca

400 5381 543 5437 inter
589 5384 723 5440 alias
768 5385 1020 5441 historias
1048 5385 1241 5441 relata.
1287 5387 1393 5443 Sed
1441 5398 1798 5460 praeterquam
1835 5394 1980 5463 quod

400 5472 559 5543 longe
587 5475 737 5545 plura
765 5475 867 5530 hac
897 5475 966 5531 de
990 5491 1049 5532 re
1074 5477 1129 5531 in
1160 5476 1280 5532 Vita
1309 5478 1497 5536 lsidori
1528 5492 1833 5547 narrantur,
1861 5498 1981 5552 quae

399 5564 456 5619 in
483 5566 887 5622 continuatione
906 5564 1156 5623 Chronici
1179 5568 1458 5625 lsidoriani
1479 5585 1586 5625 non
1614 5573 1974 5641 reperiuntur,

395 5661 621 5718 minime
647 5671 859 5719 constat
884 5660 1083 5720 Lucam
1107 5663 1224 5733 ejus
1246 5662 1666 5719 continuationis
1693 5672 1785 5721 aut
1811 5664 1978 5721 inter—

2094 4580 2257 4624 tatem
2287 4564 2537 4621 Roderici
2564 4564 2779 4632 alleget.
2812 4562 2974 4616 Multa
3006 4560 3313 4631 hujusmodi
3340 4576 3527 4631 parum
3566 4560 3670 4615 sibi

2089 4658 2480 4719 consentientia
2526 4657 2579 4710 in
2630 4654 2957 4709 Bibliotheca
3009 4651 3211 4719 Veteri,
3253 4653 3453 4723 quippe
3502 4666 3669 4721 opere

2090 4746 2397 4816 posthumo,
2430 4749 2485 4797 et
2521 4740 2667 4809 quod
2695 4746 2884 4792 auctor
2905 4736 2971 4789 ad
3014 4736 3192 4789 limam
3240 4751 3347 4790 non
3388 4735 3667 4789 revocavit

2088 4841 2398 4895 occurrunt,
2451 4831 2611 4886 etiam
2663 4837 2783 4898 post
2814 4826 3024 4898 Baycrii
3052 4826 3319 4881 eruditam
3360 4828 3664 4881 rescensio-

2089 4946 2231 4984 nem.
2262 4928 2352 4982 Sic
2383 4925 2562 4995 igitur,
2593 4936 2740 4975 num.
2774 4918 2900 4987 525,
2933 4920 3007 4973 ait
3036 4918 3151 4973 Nic.
3186 4919 3451 4973 Antonius
3486 4937 3498 4972 :
3528 4918 3593 4970 At
3621 4920 3665 4972 si

2084 5039 2258 5077 revera
2283 5018 2537 5090 Ildefonsi
2563 5025 2639 5070 est
2664 5014 3022 5085 (continuatio
3040 5010 3429 5068 Chronicorum
3456 5011 3663 5077 lsidori)

2086 5117 2257 5186 aliqua
2309 5130 2373 5168 ea:
2414 5120 2565 5183 parte
2601 5109 2736 5182 quod
2766 5126 2866 5164 non
2908 5109 3014 5162 alia
3039 5124 3193 5180 quam
3236 5105 3393 5159 Luca:
3435 5104 3664 5175 ejusdem

2088 5207 2339 5261 Tudensis
2368 5203 2673 5257 auctoritate
2701 5200 2972 5272 afﬁrmare
3000 5212 3290 5267 possumus,
3333 5203 3470 5248 certe
3513 5193 3665 5263 plura

2086 5307 2205 5353 sunt
2253 5311 2416 5360 norm,
2465 5304 2513 5347 et
2542 5293 2726 5345 ali/na:
2766 5305 2949 5342 manus
2975 5288 3203 5358 antiquis
3234 5291 3465 5339 consula.
3514 5280 3660 5344 Mox,

2084 5406 2232 5443 num.
2263 5387 2387 5452 327,
2441 5382 2837 5440 exscribithtec
2887 5381 3050 5435 verba
3103 5377 3351 5433 Roderici
3418 5374 3661 5428 Toletani

2084 5482 2174 5535 lib.
2207 5497 2262 5543 l',
2296 5494 2412 5548 cap.
2453 5475 2544 5537 2‘2.
2586 5475 2654 5529 de
2694 5474 2825 5528 Reb.
2872 5471 3023 5542 Hisp.
3060 5490 3071 5524 :
3103 5470 3173 5524 Et
3201 5485 3314 5522 cum
3346 5467 3521 5520 beatus
3554 5463 3663 5517 Isi-

2082 5575 2238 5625 dorus
2285 5569 2572 5639 scripsisset
2618 5564 2899 5621 Cothorum
2942 5564 3191 5630 originem
3221 5575 3377 5630 usque
3416 5559 3483 5611 ad
3512 5559 3661 5627 quin—

2086 5673 2189 5716 tum
2240 5676 2433 5714 annum
2476 5658 2609 5729 regis
2664 5656 2925 5721 Suintilaa,
2982 5655 3042 5709 S.
3107 5650 3405 5721 lldefonsus
3456 5650 3665 5721 scripsit
