4012 6196
361 220 420 275 71
1043 239 1052 246 ·
1117 222 1208 276 AD
1247 223 1474 276 0PEIIA
1513 222 1569 274 S.
1617 221 1864 278 ISIDORI
1905 221 2349 278 lllSPAl.ENSIS
2389 223 2914 279 I‘ROLEGOMENA.
3573 251 3639 304 ιη

357 337 592 400 tempora
615 327 922 398 Gothorum,
967 331 1276 400 Alanorum,
1325 332 1702 398 Vandalorum,
1725 345 1776 388 et
1807 335 1940 388 Sue—
1971 339 2018 394 A
2047 337 2224 406 pergit
2251 353 2264 389 :
2290 337 2562 400 exsulavit,
2606 348 2656 390 et
2697 341 3004 408 dignitatem
3051 341 3314 408 primatiw
3368 345 3642 400 transtulit

356 437 533 474 verum
561 439 592 474 a
619 424 796 492 quinto
825 439 964 476 anno
997 423 1243 478 Saintin
1270 440 1429 492 usque
1457 425 1526 476 ad
1547 434 1780 478 octavum
1807 425 1939 479 deci-

357 527 494 563 mum
531 509 852 565 Recesuindi.
885 511 1154 566 llactenus
1185 511 1368 566 Codex
1397 530 1494 568 ms.
1526 513 1817 569 Toletanus
1842 534 1856 578 ;
1886 516 1936 570 in

361 599 479 652 aliis
533 601 790 654 mendose
835 599 1090 652 additur:
1143 599 1212 652 Et
1259 599 1494 656 Isidorus
1533 601 1740 668 Iunior,
1785 605 1868 676 qui
1906 623 1938 656 a

361 689 614 756 principio
669 689 846 740 mundi
891 689 1070 754 incipit
1099 689 1362 755 chronica,
1409 709 1570 760 usque
1607 693 1676 745 ad
1705 703 1938 746 octavum

359 779 608 832 deciumm
661 778 966 832 lleccsuindi
1017 797 1211 834 annum
1266 783 1488 850 ﬁdeliter
1530 795 1846 852 prosecutus,
1891 797 1940 839 et

357 885 514 936 usque
561 867 630 919 ad
675 867 1072 924 destructionem
1123 870 1399 942 Hispania:
1449 891 1540 939 per
1587 875 1784 928 Arabes
1833 877 1941 944 ipse

359 963 582 1028 scripsit.
611 961 724 1016 Nic.
755 961 1018 1017 Antonius
1045 964 1116 1017 ita
1149 967 1422 1032 emendat,
1451 975 1506 1020 et
1532 966 1941 1035 conjungithare

359 1054 520 1106 verba
567 1069 688 1108 cum
737 1055 1154 1123 superioribus:
1207 1074 1238 1110 a
1286 1060 1462 1128 quinto
1510 1076 1650 1112 (nino
1698 1059 1941 1113 Suintilre

361 1161 517 1212 usque
563 1144 632 1196 ad
679 1153 912 1198 octavum
955 1145 1202 1198 decimum
1255 1145 1560 1200 Recesnindi
1607 1164 1821 1200 annum.
1874 1147 1940 1200 Et

365 1233 600 1286 Isidorus
657 1232 844 1288 Junior
891 1245 1189 1301 prosecutus
1235 1253 1392 1300 usque
1437 1237 1505 1288 ad
1545 1238 1940 1292 destrucionem

363 1324 635 1394 Ilispanice
680 1341 770 1394 per
797 1323 990 1378 Arabes
1021 1326 1130 1395 ipse
1157 1327 1384 1396 scripsit.
1413 1327 1590 1380 Malim
1615 1339 1794 1382 tamen
1819 1346 1938 1384 crc-

363 1417 492 1470 derc
557 1416 1026 1485 interpolationem
1081 1419 1196 1472 sive
1265 1419 1686 1475 additnncntum
1731 1424 1842 1492 80
1891 1423 1942 1476 id
1987 1411 1992 1414 ’

359 1525 478 1564 esse
507 1508 730 1578 alicujus
763 1528 774 1562 :
813 1525 920 1563 non
948 1511 1090 1564 enim
1121 1512 1208 1564 hic
1237 1521 1354 1565 erat
1383 1513 1530 1566 locus
1559 1523 1614 1566 ut
1647 1514 1942 1570 Rodericus

359 1602 428 1656 de
477 1601 680 1656 Isidoro
731 1599 954 1656 iuniore
999 1603 1162 1656 verba
1209 1602 1432 1670 laceret,
1481 1605 1774 1672 praesertim
1819 1621 1940 1661 cum

2039 425 2108 476 ad
2137 425 2432 479 Ecclesium
2463 425 2793 481 Toletanam.

2113 515 2196 568 11.
2230 514 2536 570 Tenendum
2564 532 2693 585 ergo
2723 525 2823 582 est,
2865 519 3188 574 lldel‘onsum
3234 519 3485 576 Historiae
3522 523 3638 580 ϐου

2041 604 2252 658 tliorum
2284 604 2476 659 Isidori
2505 608 2938 675 supplementum
2967 611 3030 662 ad
3061 627 3158 664 sua
3191 627 3360 680 usque
3395 623 3642 684 tempora

2041 693 2322 761 adiecisse,
2344 695 2488 764 quod
2517 697 2606 750 alii
2652 708 2859 767 postea,
2888 707 2948 754 ut
2979 701 3092 768 ipsa
3119 701 3306 758 lsidori
3346 703 3644 774 Chronica,

2041 799 2108 837 ex
2137 783 2254 836 aliis
2281 787 2642 840 monumentis
2687 787 2902 842 falsisve
2933 789 3072 856 vulgi
3119 793 3426 846 rumoribus
3467 812 3644 850 auxe-

2041 887 2185 938 runt,
2239 883 2296 928 et
2355 874 2747 944 interpolarunt
2803 886 2929 932 ante
2987 878 3235 934 Roderici
3265 883 3539 952 Toletani,
3589 897 3648 942 ct

2043 960 2202 1016 Lucae
2231 961 2493 1018 Tudensis
2520 975 2786 1034 tempora.
2817 966 2895 1021 Ac
2945 967 3170 1022 fortasse
3211 967 3457 1038 Pelag'us
3502 973 3646 1028 Ove-

2045 1053 2227 1118 tensis,
2261 1053 2523 1123 fabulosus
2553 1055 2748 1116 diclus,
2788 1056 3098 1110 nonnullam
3129 1059 3182 1111 in
3227 1059 3310 1113 bis
3341 1063 3644 1131 i:.terpola-

2045 1143 2278 1196 tionibns
2299 1155 2503 1212 partem
2529 1145 2712 1199 habuit
2738 1164 2752 1198 :
2787 1161 2933 1213 nam,
2963 1155 3023 1200 ut
3049 1147 3226 1202 dicam
3257 1166 3305 1205 c.
3333 1151 3423 1218 77,
3449 1154 3501 1207 in
3533 1157 3644 1227 syl-

2045 1230 2165 1298 loge
2195 1231 2585 1288 Chronicornm
2631 1234 2828 1300 Pelagii
2859 1235 3140 1294 Ovelensis
3183 1244 3451 1310 reperitur
3475 1247 3644 1301 etiam

2045 1323 2467 1392 Supplementum
2501 1325 2568 1379 Β.
2621 1326 2896 1399 lldefonsi.
2941 1328 3004 1382 Et
3052 1333 3249 1386 saeculo
3291 1335 3512 1402 quidem
3542 1355 3638 1404 ιιι,

2044 1425 2151 1478 quo
2185 1411 2426 1483 Pelagius
2473 1418 2626 1484 vixit,
2667 1434 2728 1471 ea
2760 1419 2977 1474 licentia
3021 1421 3248 1476 invaluit
3295 1433 3538 1482 veterum
3573 1431 3642 1485 li-

2045 1502 2172 1556 bros
2199 1503 2434 1560 ite-dandi
2479 1509 2802 1577 apocrypbis
2841 1510 3222 1572 additionibus.
3271 1523 3328 1567 ut
3355 1518 3646 1576 conlirmat

2045 1587 2284 1644 Mariana
2313 1593 2363 1646 in
2390 1602 2543 1650 tract.
2575 1595 2642 1650 de
2677 1595 2900 1652 Praedic.
2935 1608 2988 1652 et
3024 1601 3253 1656 Advent.
3283 1603 3338 1656 S.
3371 1605 3558 1662 Jacobi
3587 1611 3643 1664 in

369 1693 604 1747 Isidorus
643 1691 851 1758 junior,
909 1693 1022 1747 sive
1071 1691 1321 1747 patenbis
1367 1693 1668 1749 Chronicon
1707 1711 1860 1750 suum
1911 1711 1940 1750 a
1982 1713 2022 1766 Β
2051 1678 2378 1750 Hispaniam,
2407 1701 2527 1754 cap.
2561 1686 2626 1737 12
2657 1705 2668 1739 :
2704 1686 2918 1754 Calixti,
2957 1689 3140 1760 inquit,
3169 1692 3356 1747 librum
3384 1699 3644 1754 sincerum

369 1784 700 1850 temporibus
747 1782 932 1836 ls-‘dori
977 1782 1306 1852 Hispalensis
1333 1785 1666 1840 inchoaverit
1689 1825 1706 1852 ,
1737 1795 1792 1842 et
1821 1797 1944 1858 post

361 1872 778 1926 destructionem
813 1872 1082 1942 Hispania:
1107 1888 1204 1943 per
1232 1873 1438 1928 Arabes
1467 1874 1532 1928 ad
1565 1875 1746 1944 plures
1773 1893 1944 1933 annos

361 1965 778 2020 cantinuaverit.

433 2053 486 2106 9.
519 2053 654 2108 Cum
695 2067 823 2122 ergo
867 2053 1165 2109 Radericus
1195 2053 1508 2119 Toletanus,
1551 2063 1606 2110 et
1634 2054 1804 2111 Lucas
1833 2056 1940 2110 Tn-

362 2142 542 2196 densis
571 2143 763 2196 eodem
803 2143 996 2196 smculo
1029 2141 1306 2198 ﬂoruerint
1334 2181 1350 2206 ,
1383 2143 1623 2213 ineptum
1654 2153 1735 2200 est
1761 2145 1941 2214 suspi-

361 2235 506 2300 cari,
537 2234 996 2288 continuationem
1027 2235 1276 2290 Clironici
1307 2235 1584 2290 lsidoriani
1603 2279 1618 2304 ,
1659 2251 1778 2306 qua:
1807 2235 1944 2291 lide-

363 2323 500 2380 lonsi
545 2341 742 2380 nomen
772 2324 1006 2395 praefert,
1037 2341 1068 2378 a
1111 2325 1254 2380 Luca
1283 2325 1566 2380 conﬁctam
1612 2326 1794 2380 fuisse.
1827 2325 1942 2380 lmo

363 2415 478 2469 Nic.
509 2414 790 2480 Antonius,
827 2415 918 2469 lib.
953 2432 1000 2479 ν,
1033 2432 1086 2469 n.
1123 2414 1246 2481 215,
1276 2416 1706 2486 θοιῂἱείιιιυοειηι
1720 2415 1942 2472 Tuden-

361 2521 472 2560 sem
505 2521 568 2560 ex
601 2505 867 2560 Roderico
895 2505 1157 2562 Toletano
1195 2505 1562 2577 desumpsisso
1588 2522 1706 2578 qua:
1731 2507 1798 2562 de
1825 2507 1940 2578 pri-

365 2603 509 2648 matu
540 2610 604 2648 ex
634 2593 932 2664 llispalensi
964 2595 1089 2650 sede
1121 2595 1188 2654 ad
1209 2595 1526 2650 Toletanam
1547 2597 1615 2652 ob
1637 2596 1942 2658 Theodiscli

362 2683 598 2752 cpiscolii
641 2683 970 2753 llispalensis
1008 2685 1334 2754 apostasiam
1371 2685 1634 2742 translato
1679 2689 1732 2742 in
1762 2691 1940 2744 conti-

365 2774 618 2828 nuatione
649 2775 899 2830 Chronici
931 2775 1208 2831 lsidoriani
1237 2775 1562 2832 referuntur.
1599 2777 1747 2834 Unde
1772 2779 1940 2836 Lucas

365 2865 640 2933 Tudensis,
689 2867 879 2938 inquit,
919 2885 1010 2940 per
1049 2885 1130 2922 me
1183 2868 1630 2940 desumpserit.....
1689 2871 1942 2942 Suspecta

362 2961 499 3014 enim
539 2961 912 3032 quodammodo
957 2961 1064 3014 ha'c
1091 2963 1219 3015 mihi
1251 2973 1370 3016 sunt
1400 2979 1426 3016 e
1471 2961 1710 3018 Roderici
1739 2965 1940 3018 calamo

2049 1785 2297 1842 nusquam
2345 1785 2546 1828 exstare
2593 1785 2786 1828 certum
2841 1777 3020 1840 habeo,
3064 1781 3154 1832 sed
3199 1783 3551 1841 additionibus
3591 1799 3644 1843 et

2045 1861 2343 1915 centonibus
2368 1863 2555 1918 alienis
2584 1865 2795 1934 ftedum,
2830 1870 3082 1938 frequenti
3111 1871 3223 1939 ejus
3251 1875 3431 1927 saeculi
3471 1895 3638 1946 mare,

2043 1965 2142 2017 quo
2171 1959 2392 2004 veterum
2433 1955 2627 2023 scripta
2676 1955 3026 2010 additionibus
3071 1958 3418 2028 locupletandi
3467 1971 3639 2036 specie

2043 2038 2242 2092 miseris
2290 2041 2457 2107 potius
2509 2043 2675 2096 modis
2721 2045 3021 2114 fcedarunt:
3064 2048 3210 2117 cujus
3251 2051 3472 2106 licentiae
3529 2071 3636 2110 non

2042 2141 2200 2179 unum
2223 2132 2510 2198 exemplum
2531 2143 2722 2186 exstat.
2757 2135 2864 2189 Sed
2893 2145 3108 2190 exstant
3137 2141 3300 2193 etiam
3329 2141 3640 2211 liujusmodi

2044 2219 2368 2286 corruptela:
2391 2223 2640 2290 exempla
2675 2223 2832 2293 longe
2861 2235 2986 2280 ante
3015 2229 3268 2283 sarculum
3295 2248 3388 2286 xu.

2119 2305 2206 2360 12.
2236 2307 2312 2363 Ne
2341 2325 2467 2364 vero
2485 2309 2684 2366 Lucam
2712 2313 3012 2369 Tudensem
3039 2327 3312 2373 auctorem
3333 2321 3636 2382 fabularum

2044 2409 2164 2466 qua:
2210 2398 2264 2452 in
2303 2409 2486 2455 vetera
2521 2401 2613 2455 illa
2651 2403 2905 2459 chronica
2951 2405 3284 2476 irrepserunt
3326 2415 3636 2486 credamus,

2045 2497 2284 2556 spectata
2329 2488 2444 2557 ejus
2471 2491 2659 2560 ‘pietas
2705 2492 2936 2558 suadet;
2967 2503 3024 2548 ut
3055 2503 3202 2550 recte
3235 2499 3284 2551 in
3332 2503 3540 2558 monito
3569 2505 3638 2558 ad

2045 2579 2504 2636 continuationem
2529 2583 2918 2639 Chronicorum
2947 2586 3151 2650 lsidori,
3179 2589 3446 2649 l'delonso
3473 2599 3640 2652 osori-

2044 2679 2215 2740 ptam,
2247 2673 2606 2728 observatur:
2645 2675 2801 2740 Sunt,
2849 2679 3022 2747 inquit
3070 2683 3414 2740 doctissimus
3439 2687 3632 2752 editor,

2043 2763 2128 2831 qui
2156 2779 2268 2816 cum
2310 2762 2590 2820 Laurentio
2619 2767 2682 2820 de
2713 2768 2922 2822 Padilla
2965 2781 3168 2841 putant,
3201 2783 3362 2830 totum
3411 2780 3467 2831 id
3499 2784 3634 2850 quod

2043 2851 2134 2904 sub
2167 2853 2422 2923 Ildefonsi
2451 2859 2658 2911 nomine
2685 2861 2962 2914 venditavit
3006 2863 3223 2938 (Lucas)
3255 2870 3414 2938 fuisse
3441 2871 3504 2923 ab
3543 2873 3636 2928 illo

2043 2943 2336 3010 conﬁctam.
2373 2945 2414 2996 Α
2447 2945 2592 2998 nobis
2624 2963 2885 3018 nunquam
2933 2951 3308 3022 impetrabunt,
3338 2967 3395 3010 ut
3440 2959 3502 3013 de
3525 2961 3632 3017 uiro

361 3049 649 3114 venientia;
698 3051 782 3120 qui
829 3058 1142 3120 perpetuam
1177 3052 1308 3104 hanc
1369 3051 1634 3108 Τοιειαηω
1684 3055 1942 3123 prinum-,8
1977 3077 2020 3137 C
2049 3031 2206 3137 probo
2230 3042 2414 3137 temere
2444 3037 3033 3137 cogitemus..--All'on_sus
3060 3041 3279 3100 Garsias
3305 3046 3636 3110 Matamorus

364 3141 758 3212 prtrrogativam
785 3143 860 3194 ita
889 3143 1076 3196 acriter
1107 3149 1243 3196 omni
1277 3155 1500 3216 tempore
1519 3155 1712 3200 tutatus
1740 3149 1856 3216 fuit,
1887 3157 1940 3201 ut

361 3231 657 3286 brevissimo
705 3233 879 3297 etiam,
929 3233 1064 3303 quod
1111 3235 1472 3300 laudavimus,
1528 3239 1698 3306 capite
1723 3238 1798 3291 bis
1828 3255 1942 3292 eam

362 3337 524 3392 neque
562 3325 850 3376 necessario
895 3326 1221 3394 expresserit.
1264 3325 1424 3394 Atqui
1471 3325 1640 3381 Lucas
1680 3325 1942 3382 Tudensis

361 3425 504 3466 anno
557 3411 692 3466 1:236
748 3429 904 3468 suum
961 3413 1264 3468 Chronicon
1315 3415 1579 3482 absolvit,
1645 3416 1942 3472 Rodericus

363 3515 494 3554 vero
532 3511 738 3568 sept-m
781 3511 896 3572 post
929 3519 1100 3558 annos
1138 3521 1150 3556 :
1184 3519 1249 3558 ex
1289 3520 1398 3573 quo
1452 3505 1726 3562 Florezius
1768 3509 1942 3576 arguit

369 3596 501 3644 tom.
553 3589 687 3646 XXII
731 3591 880 3662 l-lisp.
928 3593 1104 3660 Sacr.,
1155 3610 1208 3663 p.
1247 3595 1364 3660 123,
1399 3595 1720 3652 Rodericnm
1763 3599 1942 3668 potius

365 3682 544 3736 verbis
599 3683 859 3738 Tudcnsis
925 3701 1120 3754 usum,
1175 3703 1335 3755 quam
1393 3698 1582 3742 contra
1641 3689 1940 3744 Tudensem

367 3768 448 3823 Ro
471 3771 634 3824 lerici.
666 3773 770 3824 Sed
801 3775 970 3826 multo
999 3776 1166 3842 magis
1193 3790 1404 3843 acquum
1435 3788 1518 3831 est
1547 3779 1788 3842 credere,
1817 3787 1943 3832 ante

370 3861 646 3930 uniusque
692 3869 905 3916 mtatem
946 3865 1402 3920 continuationem
1445 3866 1722 3922 [sidoriani
1768 3867 1938 3924 Chro-

367 3949 470 4003 uici
519 3950 824 4016 exstitisse,
885 3967 1044 4021 quam
1097 3953 1392 4010 llodericus
1443 3957 1494 4010 in
1554 3971 1650 4010 sua
1706 3955 1941 4010 Historia

363 4039 748 4094 conscribenda
793 4056 900 4110 pra:
950 4043 1116 4096 oculis
1165 4043 1432 4105 habuerit,
1487 4043 1659 4097 Lucas
1709 4059 1840 4098 vero
1889 4045 1942 4099 in

366 4129 750 4183 Cln'onfcorum
781 4131 1155 4186 collectionem
1188 4132 1484 4186 admiserit.

439 4217 525 4270 10.
564 4217 714 4270 Diiat
749 4217 968 4285 aliquis,
1022 4217 1344 4273 Rodericum
1391 4219 1796 4276 continuatione
1847 4235 1942 4291 ge-

367 4310 530 4362 nuina
561 4323 714 4362 usum
747 4307 931 4375 fuisse,
961 4325 1122 4378 quam
1155 4309 1324 4364 Lucas
1351 4311 1713 4380 interpolavit.
1745 4311 1942 4370 Verum

365 4415 540 4469 neque
582 4398 636 4452 id
680 4399 930 4454 sustineri
977 4407 1174 4469 potest.
1208 4399 1322 4456 Etsi
1361 4401 1501 4454 enim
1548 4399 1840 4456 Rolericus
1873 4403 1942 4460 de

363 4491 744 4560 priedicatione
773 4489 1064 4545 Mahometi
1095 4491 1147 4546 in
1179 4489 1434 4560 Hispania
1459 4492 1621 4546 verba
1663 4509 1768 4548 non
1799 4493 1939 4562 fecit,

365 4595 560 4654 tamen,
595 4595 650 4640 ut
679 4601 820 4640 nunc
848 4585 1112 4650 dicebam,
1141 4585 1298 4638 aliam
1328 4585 1396 4640 de
1434 4585 1758 4642 Theodisclo
1789 4575 1944 4642 labu-

363 4676 491 4746 lam,
521 4693 642 4746 qua:
671 4679 722 4731 in
751 4693 811 4731 ea
833 4676 1236 4731 continuatione
1273 4676 1489 4746 legitur,
1528 4677 1818 4747 adoptavit,
1849 4677 1941 4734 lib.

363 4784 426 4836 ll,
449 4785 496 4824 c.
529 4769 618 4834 21,
649 4769 715 4824 de
745 4769 1065 4838 Reb.llisp.,
1089 4769 1176 4822 ubi
1207 4769 1370 4822 mima
1401 4769 1504 4822 alia
1533 4769 1597 4822 ad
1628 4770 1846 4824 verbum
1876 4785 1944 4824 ex

361 4873 424 4912 ea
449 4859 852 4912 continuatione
877 4859 942 4912 de
965 4871 1090 4925 rege
1115 4859 1475 4913 Cindasuin.'o
1497 4859 1738 4927 protulit,
1755 4867 1804 4912 et
1830 4859 1944 4914 hinc

367 4949 416 5002 in
449 4963 559 5001 rem
593 4957 828 5001 nostram
855 4965 868 5000 :
899 4947 1077 5000 Libros
1102 4959 1397 5002 sanctorum
1427 4948 1642 5002 Patrum
1671 4949 1943 5019 diligenter

365 5043 482 5110 fecit
505 5040 750 5110 perquiri,
785 5051 832 5092 et
861 5041 1104 5094 instituta
1137 5041 1270 5094 beati
1302 5041 1494 5094 Isidori
1523 5043 1742 5110 ﬁrmiter
1765 5041 1940 5096 obser-

361 5133 488 5186 vari.
516 5130 618 5183 llic
637 5129 891 5200 perﬁdum
916 5129 1244 5184 Theodistum
1267 5132 1630 5200 Hispalenscm
1653 5135 1942 5202 episcopum

362 5223 600 5292 synodali
643 5222 898 5276 sententia
949 5221 1001 5274 in
1053 5222 1288 5274 exsilium
1341 5222 1501 5286 misit,
1552 5230 1600 5274 et
1640 5221 1940 5292 dignitatem

363 5312 800 5380 primatiaa,quam
815 5309 878 5364 ab
898 5313 1104 5382 antiquo
1120 5311 1384 5374 habuerat,
1406 5313 1555 5365 totius
1574 5310 1942 5380 approbatione

365 5403 564 5456 concilii
595 5403 857 5456 Toletance
895 5399 1142 5456 Ecclesia:
1169 5401 1510 5471 conﬁrmavit.
1539 5400 1616 5453 Ad
1641 5413 1806 5468 marg.
1841 5417 1941 5456 no-

366 5499 504 5544 lutttr
536 5507 601 5544 ex
639 5491 764 5545 Mss.
803 5489 1036 5560 Compl.,
1070 5499 1124 5544 et
1161 5489 1231 5542 al.
1283 5489 1534 5543 exsulavit
1576 5503 1672 5557 pro
1705 5490 1944 5544 exsulare

364 5583 690 5651 fecit.Atquc
712 5586 963 5638 exsulavit
992 5583 1181 5652 legitur
1201 5583 1253 5635 in
1289 5581 1730 5646 continuatione;
1761 5581 1812 5634 in
1835 5596 1940 5650 qua

367 5679 542 5725 tamen
561 5671 752 5725 desunt
777 5675 883 5744 ει
911 5675 1162 5746 nonnulla
1193 5671 1353 5727 verba
1379 5671 1542 5726 Rodei
1559 5671 1624 5724 ici
1653 5689 1668 5740 ;
1697 5673 1770 5728 ita
1795 5673 1937 5728 enim

2051 3119 2118 3174 de
2145 3119 2398 3176 Acadcm.
2433 3133 2488 3178 et
2518 3125 2663 3180 doct.
2709 3126 2857 3197 Hisp.
2897 3131 3020 3196 vir.,
3063 3145 3250 3189 censet
3299 3137 3496 3194 Lucam
3529 3141 3638 3199 Tu-

2043 3209 2286 3276 densem,
2319 3219 2372 3265 et
2409 3211 2732 3268 Rodericum
2757 3215 3072 3273 Toletanum
3101 3238 3204 3276 non
3233 3225 3304 3276 ad
3325 3227 3636 3298 voluptatem

2043 3303 2266 3366 aurium,
2299 3305 2388 3356 sed
2417 3305 2485 3357 ad
2509 3308 2828 3376 memoriam,
2858 3319 2908 3364 et
2934 3311 3001 3364 ad
3024 3313 3280 3382 judicium
3309 3322 3633 3387 posteritatis

2041 3393 2326 3460 scripsisse,
2375 3405 2424 3448 et
2445 3411 2599 3464 quam
2625 3413 2658 3449 α
2701 3399 2898 3454 deliciis
2923 3404 3074 3472 longe
3107 3412 3213 3456 tam
3255 3404 3320 3458 ab
3351 3408 3557 3479 ineptiis
3581 3422 3634 3466 et

2041 3482 2305 3536 mendacio
2325 3486 2504 3553 procul
2528 3487 2774 3556 abfuisse.

2117 3570 2203 3624 15.
2233 3571 2310 3629 De
2335 3576 2608 3643 prreclaris
2633 3575 2790 3632 Luca:
2815 3577 3080 3636 Tudensis
3107 3584 3291 3651 gestis,
3324 3601 3386 3640 ac
3415 3589 3633 3656 pietate,

2045 3661 2194 3731 (ujus
2223 3664 2384 3718 etiam
2417 3667 2691 3736 precibus,
2740 3669 2864 3723 dum
2896 3673 3120 3738 viveret,
3157 3672 3324 3727 Deum
3361 3677 3629 3735 mirabilia

2043 3758 2285 3826 quaedam
2311 3771 2593 3828 operatum
2623 3761 2948 3830 l'oissc,satis
2973 3761 3120 3818 [inna
3142 3767 3321 3834 Opinio
3345 3780 3446 3834 est,
3473 3771 3628 3839 plura

2045 3849 2319 3904 Florezius
2353 3860 2480 3906 tom.
2505 3851 2646 3906 XXII
2693 3853 2842 3923 Hisp.
2876 3871 2984 3909 sac.
3029 3855 3180 3921 Quod
3210 3869 3386 3912 autem
3415 3861 3480 3915 ad
3514 3879 3628 3918 rem

2048 3949 2281 3996 nostram
2314 3943 2562 3997 maxime
2589 3945 2740 4010 iacit,
2770 3948 2881 4014 ips»
2929 3943 3105 4000 Lucas
3147 3949 3200 4001 in
3245 3949 3394 4005 libris
3440 3963 3628 4008 contra

2043 4033 2359 4102 Albigenses
2387 4035 2440 4088 in
2475 4044 2713 4090 veterum
2739 4037 3062 4105 scriptorum
3101 4049 3449 4110 corruptores
3477 4061 3632 4100 acer-

2046 4123 2178 4178 rime
2217 4123 2504 4178 invehitur.
2537 4123 2720 4194 Neque
2770 4127 2921 4195 juvat
2961 4145 3256 4198 opponere,
3288 4131 3488 4188 Lucam
3537 4153 3632 4192 eos

2045 4215 2284 4282 potuisse
2337 4215 2752 4285 reprehendere,
2792 4218 2880 4286 qui
2939 4233 3205 4290 erronea,
3250 4235 3342 4276 aut
3380 4225 3630 4282 lueretica

2046 4307 2194 4360 libris
2215 4305 2434 4360 Patrum
2463 4307 2848 4374 immiscerent,
2870 4311 2998 4380 quin
3021 4327 3117 4367 eos
3141 4314 3520 4382 improbaverit
3539 4321 3631 4387 qui

1973 4437 2018 4496 Β
2049 4397 2181 4451 falsa
2222 4397 2487 4466 quaedam,
2513 4407 2570 4451 ut
2603 4399 2878 4468 religionis
2914 4417 3131 4456 causam
3175 4403 3510 4470 adjuvarent,
3550 4409 3631 4462 in-

2047 4497 2390 4543 terserercnt.
2416 4492 2522 4558 82
2557 4489 2684 4542 Nam
2710 4490 2745 4543 Ι.
2774 4507 2827 4554 ιι,
2854 4507 2972 4560 cap.
3011 4493 3096 4556 11,
3119 4502 3303 4561 aperte
3333 4497 3408 4547 ait
3438 4513 3451 4547 :
3480 4495 3631 4559 Quod

2045 4593 2212 4636 autem
2241 4581 2438 4646 dicunt,
2461 4583 2634 4652 aliqua
2651 4599 2762 4636 esse
2787 4583 3050 4653 ﬁngenda,
3085 4585 3202 4636 licet
3229 4601 3348 4636 vera
3379 4603 3480 4638 non
3503 4589 3626 4653 sint,

2045 4674 2113 4726 ad
2135 4673 2325 4727 Christi
2369 4673 2592 4726 nominis
2621 4675 2842 4743 gloriam
2889 4673 3242 4740 dilatandam,
3289 4691 3404 4728 cum
3437 4675 3498 4731 Β.
3527 4678 3628 4732 Job

2042 4763 2342 4832 simpliciter
2364 4763 2725 4834 respondemus
2751 4779 2768 4816 :
2792 4763 3039 4836 Nunquid
3071 4763 3264 4834 indiget
3294 4763 3434 4819 Deus
3465 4781 3628 4824 vestro

2045 4855 2332 4922 mendacio,
2363 4865 2417 4906 ut
2456 4857 2735 4925 loquamini
2763 4855 2908 4910 dolos
2936 4873 3027 4924 pro
3057 4857 3156 4910 eo?
3201 4855 3352 4911 Unde
3374 4861 3448 4911 ait
3471 4877 3628 4930 orga-

2045 4961 2166 4998 num
2208 4945 2435 5013 Spiritus
2483 4947 2645 4998 sancti
2683 4943 2994 5016 (Gregorius
3049 4945 3272 5015 Magnns
3313 4949 3367 5000 in
3414 4963 3476 5003 ea
3525 4949 3626 5005 Job

2044 5037 2250 5105 verba),
2293 5035 2429 5089 Deus
2469 5035 2734 5090 mendacio
2763 5053 2866 5090 non
2911 5047 3046 5107 eget,
3075 5039 3196 5108 quia
3235 5040 3422 5092 veritas
3453 5041 3626 5111 fulciri

2045 5143 2148 5180 non
2186 5125 2367 5197 quaerit
2393 5127 2587 5180 auxilio
2615 5127 2877 5196 falsitatis.
2919 5126 3138 5181 Minime
3177 5143 3305 5198 ergo
3353 5131 3515 5184 etiam
3557 5146 3628 5186 ex

2049 5215 2202 5270 Luca:
2231 5215 2493 5270 Tudensis
2519 5217 2782 5270 sententia
2807 5217 3049 5270 excusari
3080 5227 3273 5286 potest,
3315 5219 3406 5288 qui
3435 5219 3626 5276 lsidori

2047 5319 2140 5361 aut
2167 5307 2416 5363 lldcfunsi
2443 5308 2660 5362 nomine
2689 5323 2752 5362 ea
2800 5308 3038 5362 venditet
3065 5324 3182 5377 qua:
3211 5325 3305 5364 eos
3347 5328 3622 5382 nunquam

2043 5399 2320 5469 Scripsisse
2348 5399 2467 5464 scit,
2493 5400 2734 5468 quamvis
2773 5399 2895 5452 talia
2921 5414 2985 5454 ea
3015 5399 3120 5454 sint
3141 5415 3261 5471 quae
3289 5403 3527 5471 alioquin
3557 5403 3622 5458 ad

2045 5487 2240 5544 Christi
2269 5489 2499 5544 nominis
2537 5489 2760 5559 gloriam
2800 5489 3124 5544 dilatandam
3155 5491 3428 5559 pertinere
3471 5493 3620 5548 vide-

2043 5587 2249 5634 rentur.

2117 5669 2202 5724 11.
2237 5668 2370 5726 Eum
2409 5671 2650 5728 veritatis
2697 5685 2958 5739 amorem,
2987 5685 3148 5742 quem
3189 5671 3418 5731 candide
3447 5671 3620 5728 Lucas
