4060 6198
356 330 427 389 7'5
1417 336 1910 396 lSIDORlANA.-—-
1952 338 2129 398 PARS
2159 342 2200 395 Ι.
2242 343 2389 398 CAP.
2436 343 2569 400 XIII.
3528 345 3595 401 74

355 444 658 517 profitetur,
682 444 969 511 Florezius,
994 446 1100 500 loc.
1134 450 1247 511 cit.,
1277 461 1397 517 pag.
1428 449 1551 517 124,
1592 452 1730 506 ultro
1760 465 1927 521 agno-
1956 459 2003 513 Α
2031 466 2119 504 rus
2144 453 2467 522 scriptorum,
2508 454 2584 506 vel
2610 455 2905 507 minutorum
2930 455 3046 507 vitio
3074 454 3340 524 reperitur.
3364 452 3594 525 Quapro-

347 534 486 598 scit;
546 534 641 588 sed
702 532 1046 587 nihilominus
1104 543 1378 589 auctorem
1452 536 1925 607 interpolationum

353 622 601 677 eumdem
652 620 848 676 Lucam
904 636 1024 678 esse
1063 624 1359 685 contendit,
1409 627 1533 693 quia
1595 628 1799 682 scilicet
1848 628 1928 682 vir

351 713 498 767 bono
519 726 583 766 ac
602 709 830 779 simplici
852 711 1033 766 animo
1054 713 1302 779 praeditus
1317 714 1415 767 sibi
1446 714 1497 767 id
1521 715 1679 769 licere
1702 717 1925 784 putavit,

348 800 607 871 quoniam
637 799 689 852 in
722 797 1036 868 prtefatione
1059 798 1167 868 jam
1195 801 1442 869 advertit,
1472 802 1571 857 sibi
1599 804 1928 874 propositum

349 907 476 947 esse
523 892 799 948 historiam
847 893 1133 959 conficere,
1181 896 1232 949 in
1281 911 1384 964 qua
1435 907 1646 953 veteres
1692 898 1929 954 historici

352 981 630 1052 conjuncti
677 985 1141 1053 conspicerentur.
1184 985 1299 1041 Hoc
1351 999 1526 1041 autem
1570 991 1794 1053 monito,
1837 1005 1932 1045 eos

352 1072 644 1140 scriptores
668 1071 928 1139 exhibuit,
954 1082 1010 1126 ut
1038 1074 1326 1141 legentium
1353 1076 1569 1130 utilitati
1608 1078 1777 1144 magis
1804 1093 1934 1133 con-

354 1173 673 1219 sentaneum
710 1178 830 1218 esse
864 1162 1116 1231 credidit,
1145 1164 1323 1220 multis
1359 1165 1573 1233 additis,
1616 1168 1931 1235 quibusdam

354 1253 600 1318 resectis,
628 1252 748 1308 aliis
791 1266 891 1306 suo
919 1253 1059 1323 stylo
1086 1255 1369 1309 enarratis.
1401 1254 1526 1311 Haac
1560 1257 1762 1325 optima
1791 1266 1934 1313 esset

352 1340 514 1397 Luae
552 1342 813 1405 defensio,
858 1350 1118 1410 quantum
1164 1344 1380 1413 quidem
1424 1344 1492 1399 ad
1542 1346 1655 1400 veri
1699 1346 1929 1401 studium

351 1434 567 1497 attinet,
614 1433 661 1487 si
690 1447 876 1487 revera
916 1433 1033 1502 ipse
1088 1433 1141 1487 in
1188 1433 1589 1503 prmfationibus
1622 1435 1929 1504 indicasset,

348 1540 413 1577 se
436 1540 542 1577 non
575 1522 805 1592 genuina
829 1522 1018 1577 lsidori
1062 1523 1399 1595 aliorumque
1445 1524 1696 1580 chronica
1732 1542 1932 1596 reprae-

348 1625 709 1678 sentaturum,
755 1613 850 1669 sed
872 1630 972 1669 suo
999 1615 1140 1685 stylo
1187 1619 1608 1682 accommodata,
1639 1626 1694 1671 et
1722 1633 1789 1672 ex
1816 1618 1935 1673 aliis

352 1707 717 1762 monumentis
746 1706 1094 1776 locupletata.
1129 1706 1315 1762 Simile
1348 1709 1653 1778 exemplum
1681 1710 1733 1763 in
1764 1710 1933 1779 prima

2029 550 2142 608 pter
2168 558 2259 612 ego
2282 544 2336 595 in
2366 544 2515 614 hujus
2544 545 2712 613 aperis
2740 561 2991 598 annorum
3023 545 3377 609 concordiam,
3417 556 3598 597 utcun-

2029 646 2124 700 que
2150 634 2312 700 potui,
2353 634 2601 687 laboravi.
2643 634 2880 703 Corrigat
2902 642 3071 686 tamen
3100 634 3354 687 catholica
3390 634 3598 698 veritas,

2031 720 2075 771 si
2104 721 2224 790 quid
2253 724 2384 790 forte
2410 724 2464 774 in
2504 723 2583 774 his
2612 724 2688 775 vel
2729 724 2845 774 aliis
2873 723 3130 789 opusculis
3161 725 3285 775 meis
3312 739 3393 776 me
3420 722 3601 776 viderit

2030 809 2277 864 deviasse.
2306 809 2449 865 Sane
2476 813 2521 864 si
2542 811 2816 866 lsidoriani
2845 812 3094 867 Chronici
3119 814 3448 869 continuatio
3475 826 3602 869 ante

2031 895 2228 953 Lucam
2258 899 2556 955 Tuden:em
2599 917 2705 955 non
2744 902 3032 967 existebat,
3065 918 3171 971 quo
3212 913 3369 972 pacto
3408 903 3451 957 is
3486 904 3603 958 sine

2032 984 2227 1041 falsarii
2276 998 2405 1043 nota
2441 1005 2558 1044 eam
2597 991 2770 1059 potuit
2799 1005 2908 1044 non
2945 989 3120 1045 solum
3152 990 3478 1059 conﬁngere,
3506 992 3600 1047 sed

2030 1078 2192 1133 etiam
2214 1080 2483 1135 lldefonso
2518 1081 2828 1149 imputare?

2106 1170 2192 1222 17.
2242 1169 2309 1224 Ut
2336 1180 2517 1225 autem
2560 1174 2627 1225 ad
2655 1181 2929 1226 auctorem
2968 1170 3102 1224 Vitae
3132 1171 3604 1240 translationisque

2030 1257 2089 1313 S.
2131 1259 2320 1315 lsidori
2344 1261 2579 1327 redeam,
2610 1276 2734 1316 eum
2784 1260 2980 1319 Lucam
3011 1260 3313 1316 Tudensem
3351 1275 3469 1315 esse
3496 1278 3603 1315 non

2031 1350 2215 1418 credo,
2263 1352 2492 1420 primum
2532 1352 2657 1420 quia
2708 1350 2775 1405 de
2817 1359 3037 1405 auctore
3083 1365 3149 1405 ex
3188 1350 3335 1403 nullo
3364 1359 3604 1405 veterum

2032 1440 2339 1496 testimonio
2366 1449 2461 1495 aut
2499 1456 2602 1495 ms.
2646 1439 2847 1495 Codice
2871 1447 3102 1503 constat,
3128 1440 3320 1495 deinde
3351 1440 3476 1509 quia
3504 1441 3605 1495 etsi

2032 1532 2182 1601 p'ura
2211 1533 2467 1587 chronico
2504 1531 2680 1598 Luem,
2711 1546 2775 1585 ac
2803 1531 2959 1596 Vitae,
2989 1539 3045 1585 et
3090 1531 3424 1587 translationi
3453 1545 3604 1586 com-

2030 1620 2213 1675 munia
2234 1630 2377 1688 sunt,
2411 1631 2585 1675 tamen
2612 1620 2728 1675 haec
2767 1622 2903 1676 ratio
2932 1621 3105 1675 solum
3137 1622 3329 1689 arguit,
3361 1637 3429 1676 ex
3464 1623 3606 1676 anti-

2030 1709 2310 1778 quioribus
2374 1711 2741 1765 monumentis
2807 1710 3048 1764 divirsos
3112 1720 3362 1765 auctores
3417 1710 3606 1765 eadem

349 1809 510 1869 parte
532 1797 784 1861 historiae,
817 1812 937 1865 qua:
968 1812 1109 1852 nunc
1135 1797 1331 1851 dicitur
1355 1797 1615 1860 Miscella,
1645 1812 1931 1867 praecesse-
1963 1823 2008 1882 Β
2033 1800 2197 1855 verba
2225 1801 2514 1870 sumpsisse
2540 1818 2554 1853 :
2585 1800 2816 1869 denique
2850 1800 2974 1868 quia
3003 1810 3111 1853 tam
3143 1801 3195 1855 in
3220 1800 3338 1855 Vita
3360 1816 3520 1869 quam
3552 1800 3606 1854 in

350 1900 476 1957 rat;
497 1904 619 1944 nam
642 1890 889 1945 undecim
920 1890 1125 1959 priores
1156 1889 1275 1944 libri
1305 1899 1430 1945 sunt
1468 1891 1656 1946 decem
1687 1891 1930 1961 Entropii

352 1983 494 2048 libri,
550 1982 745 2050 quibus
793 1979 990 2036 Paulus
1037 1980 1355 2035 Warnefridi
1408 1982 1635 2037 subinde
1688 1984 1929 2050 quaadam

353 2074 598 2143 adjunxit
622 2091 635 2127 :
662 2072 978 2142 Eutropium
1004 2071 1200 2126 Paulus
1220 2072 1360 2127 idem
1386 2074 1682 2139 continuat,
1708 2072 1929 2126 Paulum

354 2163 702 2233 Landulphus
748 2162 964 2231 Sagax:
999 2161 1089 2215 alii
1134 2162 1236 2215 alia
1268 2161 1605 2224 addiderunt,
1638 2171 1732 2215 ant
1766 2162 1932 2215 inter-

350 2254 624 2324 polarunt.
657 2254 730 2308 Dc
758 2252 921 2307 Paulo
957 2267 1087 2307 vero
1129 2250 1238 2306 Leo
1264 2251 1594 2307 Marsicanus
1620 2252 1656 2304 Ι.
1693 2268 1731 2317 ι,
1760 2267 1808 2305 c.
1841 2250 1926 2314 15,

351 2343 556 2399 Chron.
588 2344 768 2398 Casin.
794 2361 808 2395 :
837 2341 1418 2412 Ejusdevadelpergie
1458 2352 1641 2412 rogatu
1669 2343 1724 2395 in
1748 2341 1929 2395 Histo-

350 2436 437 2489 ria
474 2432 729 2495 Romana,
776 2449 928 2500 quam
975 2430 1248 2501 Eutropius
1289 2431 1504 2484 breviter
1549 2440 1926 2501 composuerat,

347 2525 579 2591 plurima
614 2523 733 2576 hinc
782 2521 903 2575 inde
938 2521 1002 2573 de
1031 2521 1256 2575 historiis
1300 2520 1659 2573 ecclesiasticis
1705 2520 1925 2573 addidit.

354 2614 471 2670 Hoc
500 2614 551 2668 in
581 2615 691 2684 ipsa
728 2613 1077 2682 inscriptione
1114 2612 1295 2680 operis
1320 2611 1581 2665 innuitur.
1608 2611 1926 2681 Adelperga,

348 2708 469 2761 sive
496 2705 792 2775 Aldeberga
822 2707 929 2761 dux
960 2703 1334 2759 Beneventana
1374 2703 1490 2767 fuit,
1531 2702 1638 2758 ﬁlia
1671 2702 1930 2759 Desiderii

350 2812 515 2867 regis.

426 2888 513 2942 15.
564 2888 643 2942 Ex
682 2887 836 2943 Luca:
885 2887 1145 2941 Tudensis
1186 2886 1501 2955 praefatione
1548 2885 1661 2940 huic
1698 2884 1927 2955 proferri

348 2986 575 3049 possunt
608 2996 621 3031 :
651 2979 906 3032 Astrictus
954 2978 1222 3048 praeceptis
1266 2976 1650 3046 gloriasissima:
1707 2991 1769 3028 ac
1801 2993 1925 3043 pru-

346 3069 663 3124 dentissimae
690 3067 1068 3137 Hispanian
1110 3067 1301 3137 regina
1321 3066 1544 3119 domina:
1573 3065 1919 3134 Berengariaz,

2035 1889 2385 1946 translatione
2405 1892 2643 1961 qumdam
2682 1898 2807 1945 sunt
2839 1890 3032 1960 quibus
3060 1889 3232 1945 Lucas
3267 1890 3320 1944 in
3342 1890 3608 1945 Chronico

2031 1979 2347 2048 refragatur,
2377 1980 2505 2048 quin
2534 1980 2647 2034 lucc
2678 1979 2815 2034 ratio
2845 1994 2912 2034 ex
2940 1979 3148 2034 diversa
3173 1989 3350 2043 astate,
3373 1995 3479 2047 qua
3506 1980 3609 2033 Lu-

2030 2083 2125 2122 cas
2161 2068 2370 2123 diversa
2398 2084 2562 2138 opera
2613 2069 2905 2137 scripserit,
2938 2070 3204 2124 debilitari
3249 2072 3439 2139 possit,
3484 2084 3606 2127 cum

2031 2159 2210 2228 potius
2236 2159 2477 2213 videatur
2504 2156 2675 2212 Lucas
2700 2159 2879 2212 omnia
2906 2175 3001 2214 sua
3037 2174 3202 2228 opera
3241 2170 3367 2214 ante
3398 2164 3607 2230 episco-

2033 2257 2215 2316 patum
2247 2247 2632 2317 composuisse,
2675 2256 2732 2301 ut
2759 2247 2963 2316 colligit
2983 2248 3258 2303 Florezius
3281 2258 3411 2303 tom.
3436 2248 3606 2315 XXII,

2032 2350 2155 2406 pag.
2188 2336 2310 2400 l33,
2341 2344 2399 2390 et
2433 2335 2634 2390 clarius
2661 2350 2782 2403 pag.
2808 2334 2928 2389 145.

2104 2426 2189 2478 18.
2217 2425 2330 2496 84
2346 2424 2636 2480 Contendit
2664 2432 2841 2477 tamen
2864 2424 3159 2492 Florezius,
3193 2426 3391 2480 Lucam
3416 2435 3605 2482 aucto-

2030 2533 2147 2572 rem
2177 2517 2311 2572 Vitae
2348 2532 2412 2571 ac
2437 2516 2805 2571 translationis
2832 2531 2984 2583 esse,
3013 2518 3135 2587 quia
3165 2527 3359 2579 auctor,
3378 2528 3461 2575 est
3491 2520 3609 2575 libri

2030 2608 2099 2664 de
2144 2608 2413 2664 Miraculis
2438 2606 2496 2663 8.
2522 2606 2743 2673 Isidori;
2793 2616 2849 2663 et
2899 2618 3089 2663 auctor
3116 2608 3248 2663 Vitae
3282 2626 3346 2665 ac
3385 2612 3609 2665 transla-
3654 2654 3665 2668 .

2033 2705 2195 2760 tionis
2221 2704 2463 2759 diversus
2498 2719 2607 2759 non
2630 2710 2714 2758 est
2740 2701 2808 2756 ab
2837 2710 3058 2756 auctore
3081 2702 3259 2772 operis
3286 2703 3353 2758 de
3380 2703 3609 2758 Miracu-

2031 2796 2115 2850 lis.
2151 2794 2443 2849 Videndum
2486 2808 2657 2861 nunc,
2688 2791 2957 2863 quodnam
2982 2792 3052 2847 sit
3080 2792 3184 2847 hoc
3208 2808 3344 2862 opus
3363 2793 3431 2849 de
3453 2794 3609 2848 Mira-

2028 2888 2163 2943 cnlis
2198 2886 2254 2941 8.
2286 2886 2495 2941 lsidori.
2528 2885 2644 2940 Nic.
2678 2885 2942 2940 Antonius
2966 2885 3160 2940 librum
3187 2886 3254 2941 de
3281 2886 3550 2941 Miraculis
3579 2904 3609 2942 a

2029 2978 2396 3033 translationis
2444 2977 2668 3031 historia
2724 2977 2990 3031 diversum
3044 2993 3152 3030 non
3200 2992 3320 3032 esse
3358 2979 3611 3045 conjicie-

2025 3070 2118 3124 hat
2163 3070 2199 3124 ι.
2232 3085 2344 3133 vni,
2395 3084 2448 3123 n.
2489 3067 2549 3121 71
2590 3084 2602 3119 :
2635 3082 2759 3121 nam
2810 3076 3092 3136 postquam
3146 3066 3214 3122 de
3247 3068 3611 3124 translationis

349 3174 482 3228 quia,
512 3168 568 3211 ut
598 3159 951 3214 chronicorum
990 3158 1172 3225 libros,
1209 3172 1241 3207 a
1270 3154 1415 3208 beato
1449 3153 1651 3208 Isidoro
1677 3164 1727 3207 et
1748 3171 1781 3208 a
1809 3157 1921 3226 qui-

2031 3163 2248 3217 historia
2298 3163 2425 3230 egit,
2477 3159 2680 3213 addidit
2726 3158 2942 3212 :Plane
2994 3160 3238 3228 scriptum
3298 3159 3394 3213 hoc
3452 3171 3620 3213 trans-

344 3250 566 3303 busdam
592 3249 710 3303 aliis
737 3250 914 3319 peritis
938 3248 1001 3301 de
1028 3247 1245 3301 historia
1284 3262 1459 3317 regum
1496 3244 1852 3316 Hispanorum
1876 3255 1925 3300 et

350 3340 690 3408 quorumdam
730 3339 951 3392 aliorum
978 3338 1161 3400 editos,
1190 3334 1288 3389 sibi
1326 3336 1597 3388 scriberem
1622 3335 1927 3403 imperavit,

346 3432 484 3483 hanc
537 3430 765 3499 prazmisi
818 3428 1198 3497 praefationem.
1238 3425 1296 3479 In
1335 3424 1605 3494 Hispaniae
1657 3425 1932 3479 illustratio

345 3530 483 3575 tom.
519 3519 582 3572 ιν
619 3520 821 3573 editum
850 3524 937 3571 est
966 3517 1237 3581 Astrictis;
1276 3517 1371 3572 sed
1406 3518 1515 3586 83
1541 3531 1729 3571 sensus
1771 3513 1934 3584 exigit

343 3612 623 3673 Astrictus,
649 3618 705 3662 et
736 3608 811 3661 ita
849 3605 1104 3674 scriptum
1138 3606 1349 3674 reperio
1379 3606 1433 3659 in
1454 3605 1655 3659 Codice
1674 3605 1932 3660 Vaticano

344 3700 504 3767 7004,
540 3700 669 3755 olim
692 3697 969 3753 Francisci
1000 3696 1193 3751 Peniae.
1233 3695 1361 3749 Post
1390 3695 1539 3764 plura
1569 3693 1742 3749 Lucas
1774 3712 1787 3747 :
1819 3693 1933 3751 Nos

342 3809 463 3847 vero
505 3791 575 3845 ad
626 3789 787 3844 libros
830 3789 1189 3843 chronicorum
1240 3804 1272 3839 a
1312 3786 1521 3840 doctore
1561 3784 1931 3855 Hispaniarum

344 3881 557 3935 Isidoro
605 3882 769 3935 editos
835 3895 1047 3933 manum
1114 3878 1402 3942 mittimus,
1449 3876 1729 3930 secundum
1779 3880 1934 3931 etiam

343 3972 593 4043 quosdam
636 3974 787 4038 alios,
837 3970 1194 4040 Hispanorum
1236 3985 1411 4040 regum
1460 3979 1507 4021 et
1538 3969 1756 4022 aliorum
1804 3986 1933 4038 quo-

344 4062 584 4116 rumdam
618 4063 804 4115 seriem
839 4059 1211 4130 prosequendo,
1241 4059 1508 4127 prwceptis
1548 4058 1935 4127 gloriosissima:

349 4154 727 4222 Hispaniarum
755 4154 947 4223 reginae
972 4151 1197 4204 domina:
1220 4148 1548 4217 Hei-engaria:
1575 4151 1715 4202 omni
1736 4150 1935 4202 deside-

345 4246 424 4299 rio
454 4244 803 4298 desiderantes
832 4242 1053 4309 ﬁdeliter
1080 4240 1399 4309 satisfacere.
1427 4236 1555 4306 Ipsa
1587 4239 1755 4303 enim,
1788 4237 1932 4306 cujus

344 4337 614 4391 catholicis
641 4336 909 4404 praeceptis
943 4349 1051 4386 non
1079 4332 1197 4385 licet
1230 4347 1320 4383 nec
1346 4329 1465 4383 libet
1494 4330 1754 4393 resistere,
1808 4328 1934 4381 mihi

345 4428 505 4482 Luca
533 4427 745 4497 indigno
784 4424 1022 4485 diacono,
1070 4433 1125 4475 ut
1153 4423 1247 4475 hoc
1274 4421 1590 4491 perﬁcerem,
1637 4421 1928 4489 imperavit.

418 4517 509 4572 16.
540 4517 716 4572 Verba
766 4515 856 4569 illa
886 4514 1083 4583 quibus
1112 4526 1239 4567 usus
1285 4509 1457 4563 Lucas
1504 4517 1605 4574 est,
1648 4508 1727 4560 Ad
1773 4507 1930 4563 libros

344 4624 557 4662 manum
584 4608 848 4669 mittimus,
881 4615 1011 4668 etc.,
1058 4604 1282 4657 innuere
1324 4598 1590 4661 videntur,
1622 4614 1727 4652 non
1757 4598 1930 4653 solum

348 4714 378 4751 a
414 4696 555 4750 Luca
585 4694 933 4751 describenda
981 4693 1144 4747 fuisse
1188 4690 1466 4752 chronica,
1500 4688 1594 4742 sed
1636 4687 1690 4741 in
1736 4703 1930 4743 novam

348 4789 576 4843 formam
611 4785 923 4854 redigenda.
950 4784 1157 4839 Vellem
1188 4792 1389 4846 tamen,
1431 4779 1628 4834 clarius
1668 4776 1722 4831 id
1764 4793 1932 4847 expo-

345 4881 575 4946 suisset;
616 4895 740 4933 nam
792 4885 921 4933 sunt
970 4877 1073 4930 alia
1127 4888 1246 4943 qua:
1296 4871 1541 4935 suadent,
1593 4870 1928 4939 propositum

345 4980 559 5027 tantum
594 4970 754 5026 Lucae.
794 4970 958 5024 fuisse
996 4976 1054 5022 ut
1092 4965 1469 5023 chronicorum
1499 4963 1697 5018 seriem
1736 4971 1790 5018 et
1818 4962 1931 5017 col-

346 5060 641 5118 lectionem
672 5061 964 5117 ordinaret.
992 5058 1149 5125 Quid,
1178 5057 1326 5126 quod
1368 5056 1539 5111 Lucas
1577 5056 1692 5125 ipse
1738 5056 1927 5120 innuit,

346 5156 479 5209 nihil
500 5170 561 5209 se
588 5160 939 5216 mutaturum.
972 5152 1071 5206 nisi
1094 5149 1238 5219 quod
1266 5148 1656 5216 exscriptorum
1688 5148 1819 5202 vitio
1839 5156 1933 5201 aut

341 5246 531 5301 fraude
576 5253 889 5314 corruptum
930 5242 1261 5313 reperisset?
1289 5240 1346 5294 In
1392 5240 1616 5309 prologo
1646 5239 1713 5293 ad
1761 5239 1930 5293 lsido-

341 5337 551 5390 tianum
591 5335 891 5390 Gothorum
940 5331 1243 5386 Chronicon
1283 5347 1295 5382 :
1334 5328 1457 5381 Jam
1504 5345 1674 5395 nunc,
1722 5328 1929 5396 inquit,

340 5428 410 5481 ad
436 5436 581 5499 gesta
601 5443 780 5498 regum
807 5426 1090 5480 Gothorum
1115 5439 1323 5476 manum
1353 5423 1623 5483 mittimus,
1649 5419 1929 5473 Chronico-

338 5537 456 5574 rum
476 5520 664 5573 librum
688 5517 881 5572 Isidori
909 5516 1133 5569 doctoris
1164 5512 1545 5582 Hispaniarum
1572 5509 1849 5563 secundum
1872 5510 1927 5562 in

336 5626 493 5676 opere
523 5618 904 5680 proponentes;
950 5616 1122 5659 tamen
1151 5604 1432 5666 sciendum,
1487 5602 1623 5671 quod
1652 5600 1705 5652 in
1753 5616 1926 5669 regum

337 5697 624 5753 Gothorum
648 5700 796 5762 serie,
820 5708 869 5751 et
890 5698 944 5750 in
976 5695 1328 5748 Romanorum
1356 5695 1747 5762 imperatorum,
1779 5700 1929 5759 atque

330 5789 563 5847 aliorum
582 5788 872 5859 principum
902 5788 1010 5857 fere
1030 5786 1210 5851 ubique
1238 5784 1435 5839 discors
1462 5798 1711 5836 annorum
1751 5797 1927 5834 nume-

617 5881 887 5940 Pnuor..
932 5873 1225 5934 LXXXI.

2034 3253 2209 3305 tulisse
2235 3252 2288 3304 in
2343 3251 2668 3304 vernaculam
2712 3250 2993 3318 (linguam)
3024 3249 3220 3302 videtur
3265 3248 3407 3302 nobis
3443 3249 3610 3303 Joan-

2033 3360 2122 3397 nes
2163 3344 2227 3397 de
2259 3343 2445 3397 Rabies
2473 3344 2525 3395 in
2567 3360 2625 3395 eo
2675 3340 2805 3395 libro
2839 3343 2923 3409 qui
2963 3342 3090 3394 solet
3124 3340 3271 3410 vulgo
3310 3342 3356 3393 ei
3402 3340 3611 3404 ascribi,

2035 3431 2271 3485 Historia
2299 3433 2362 3484 de
2400 3432 2474 3484 los
2520 3432 2766 3501 milagros
2807 3430 2871 3483 de
2910 3430 2971 3484 S.
3013 3429 3217 3484 Isidem
3247 3430 3514 3496 arzobispo
3550 3432 3612 3482 de

2035 3521 2231 3575 Sevilla
2270 3530 2611 3590 nuncupatus,
2661 3530 2710 3574 et
2754 3537 2892 3574 anno
2920 3517 3059 3573 1525
3104 3522 3159 3572 in
3208 3520 3371 3572 lucem
3422 3521 3611 3573 editus.

2036 3610 2237 3664 Dubius
2267 3610 2501 3664 haerebat
2548 3610 2600 3663 in
2633 3608 2961 3668 Bibliotheca
2997 3623 3156 3671 nova,
3190 3607 3353 3661 verbo
3380 3606 3613 3663 Jmuuzs

2035 3716 2104 3754 DE
2135 3699 2377 3764 ROBLES;
2400 3699 2469 3753 de
2488 3715 2594 3767 quo
2622 3699 2697 3752 ait
2723 3697 3040 3761 :Scripsisse
3066 3696 3275 3763 dicitur,
3298 3695 3372 3749 De
3401 3697 3452 3749 la
3479 3708 3613 3750 trus-

2036 3790 2205 3843 lacion
2234 3808 2265 3860 y
2296 3792 2541 3858 milagros
2569 3789 2653 3841 del
2691 3788 2915 3857 glorioso
2945 3786 3059 3841 Sun
3091 3784 3297 3840 Isidoro
3344 3786 3613 3855 arzabispo

2002 3883 2099 3935 ‘de
2146 3881 2360 3944 Sevilla,
2407 3879 2761 3941 Salmanticaa,
2795 3888 2851 3930 ut
2903 3879 3203 3946 suspicor...
3236 3876 3336 3939 Qui
3384 3886 3613 3929 transtu-

2035 3975 2176 4036 lisse,
2228 3984 2318 4025 aut
2371 3971 2637 4040 scripsisse
2679 3969 2805 4022 mihi
2849 3970 3048 4021 videtur
3086 3968 3330 4035 anonymi
3378 3984 3503 4035 apus
3550 3968 3613 4021 do

2045 4063 2165 4117 Vita
2193 4063 2253 4118 S.
2290 4061 2502 4125 lsidori,
2551 4070 2600 4114 et
2651 4058 2806 4112 Luca:
2838 4058 3108 4120 Tudensis,
3139 4056 3185 4110 si
3231 4072 3334 4109 non
3380 4066 3429 4108 et
3459 4056 3608 4125 hujus

2034 4167 2109 4210 est
2131 4156 2343 4210 laudata
2374 4155 2492 4207 Vita
2510 4195 2525 4219 ,
2550 4152 2775 4207 libellum
2805 4151 2867 4203 de
2908 4148 3245 4202 translatione
3273 4158 3321 4201 et
3347 4149 3611 4201 miraculis

2034 4245 2264 4315 ejusdem
2304 4243 2469 4296 sancti
2511 4242 2734 4295 doctoris
2758 4256 2776 4292 :
2804 4254 2917 4308 qua:
2955 4236 3054 4290 duo
3089 4252 3241 4303 penes
3272 4252 3349 4288 me
3393 4251 3518 4287 mss.
3547 4252 3611 4288 ea:

2036 4334 2222 4390 Codice
2275 4333 2535 4388 To'etana:
2587 4331 2844 4395 ecclesite,
2899 4344 2990 4381 nec
3038 4327 3281 4379 hactenus
3329 4326 3485 4387 edita,
3528 4341 3610 4378 re-

2034 4425 2282 4477 missurus
2323 4422 2615 4491 propediem
2655 4436 2767 4473 sum
2808 4418 2876 4470 ad
2917 4417 3120 4469 clariss.
3161 4414 3322 4467 virum
3361 4412 3607 4483 Godefri—

2037 4511 2159 4565 dum
2196 4510 2599 4576 Henschenium,
2644 4516 2748 4563 etc.
2784 4506 3003 4559 Librum
3030 4503 3282 4558 describit
3315 4502 3608 4566 Florezius,

2035 4604 2124 4671 qui
2176 4602 2325 4655 vidit.
2359 4600 2536 4654 Editio
2581 4598 2824 4653 absoluta
2854 4596 2951 4649 fuit
2992 4595 3079 4648 die
3114 4593 3150 4645 2
3189 4593 3421 4647 Januarii
3452 4592 3610 4657 1523’,

2035 4689 2393 4753 Salmanticm,
2428 4699 2483 4743 ut
2519 4703 2587 4741 ex
2632 4696 2902 4756 postremo
2941 4683 3066 4737 folio
3093 4683 3278 4752 liquet.
3333 4682 3390 4736 In
3439 4684 3611 4753 primo

2036 4778 2163 4833 folio
2189 4788 2272 4833 est
2300 4779 2474 4846 imago
2494 4775 2551 4832 S.
2577 4775 2783 4839 lsidori,
2814 4783 2870 4828 et
2897 4774 2997 4826 alia
3026 4771 3084 4826 S.
3115 4771 3326 4827 Martini
3353 4771 3611 4828 Canonici

2036 4870 2400 4940 Legionensis,
2429 4869 2482 4923 in
2509 4868 2680 4922 altera
2705 4867 2817 4920 haec
2846 4866 2962 4919 libri
2985 4866 3258 4934 inscriptio
3290 4883 3303 4916 :
3337 4864 3609 4919 Comienza

2032 4966 2085 5017 la
2115 4962 2328 5016 historia
2377 4960 2458 5013 del
2497 4976 2617 5029 mug
2643 4957 3070 5011 bienaventurado
3110 4956 3172 5011 S.
3205 4956 3411 5011 Isidoro
3456 4974 3608 5010 areo-

2034 5056 2178 5121 bispo
2205 5053 2269 5106 de
2300 5051 2511 5115 Sevilla,
2541 5051 2777 5125 primado
2802 5058 2849 5101 et
2880 5048 3058 5101 doctor
3089 5049 3515 5102 excellentissimo
3546 5047 3607 5099 de

2033 5153 2269 5199 nuestras
2303 5142 2558 5212 Espaﬁas,
2583 5142 2634 5195 la
2662 5143 2782 5209 quat
2809 5158 2863 5194 se
2882 5140 3051 5194 divide
3077 5157 3140 5193 en
3171 5149 3271 5193 tres
3302 5150 3490 5208 partes.
3522 5137 3605 5190 En

2033 5239 2085 5288 la
2124 5238 2346 5303 primera
2385 5250 2440 5286 se
2487 5235 2718 5287 contiene
2743 5248 2801 5285 su
2842 5232 2979 5291 vida.
3005 5243 3051 5284 et
3090 5232 3287 5300 origen.
3322 5228 3404 5282 En
3446 5231 3497 5281 la
3527 5242 3605 5279 se.

2034 5326 2205 5397 gunda
2233 5343 2292 5379 su
2320 5325 2542 5395 glorioso
2571 5324 2888 5393 pasamiento
2915 5321 2977 5375 de
3003 5331 3107 5375 este
3130 5322 3259 5390 siglo
3288 5336 3319 5371 a
3347 5319 3400 5371 la
3429 5333 3592 5385 perpe-

2033 5425 2119 5467 tua
2142 5412 2623 5467 bienaventuranza.
2647 5409 2724 5463 En
2754 5411 2805 5463 la
2836 5419 3031 5463 tercera
3052 5425 3106 5462 se
3132 5408 3362 5462 contiene
3386 5404 3438 5457 la
3466 5411 3603 5457 tras-

2006 5504 2270 5557 'ladacion
2301 5502 2364 5555 de
2396 5519 2454 5555 su
2482 5512 2629 5556 sunto
2669 5517 2856 5570 cuerpo
2879 5500 2943 5553 de
2971 5501 3023 5551 la
3049 5496 3237 5551 ciudad
3265 5495 3328 5547 de
3353 5493 3545 5547 Sevilla
3570 5512 3601 5549 α

2030 5594 2082 5647 la
2102 5594 2292 5647 ciudad
2319 5593 2383 5646 de
2402 5592 2564 5648 Leon.
2590 5592 2628 5646 Y
2653 5593 2864 5661 despues
2895 5590 2959 5643 de
2980 5589 3101 5642 toda
3130 5588 3182 5641 la
3219 5584 3369 5638 dicha
3392 5584 3601 5639 historia

2030 5701 2085 5738 se
2113 5682 2254 5753 sigue
2280 5683 2329 5735 el
2376 5681 2507 5735 libro
2543 5681 2801 5750 principal
2848 5678 2912 5731 de
2958 5678 3035 5730 los
3081 5675 3328 5745 miraglos
3374 5673 3492 5744 (sic)
3526 5676 3588 5727 de

2029 5778 2211 5831 mismo
2240 5782 2388 5829 sunto
2420 5772 2644 5826 Isidoro.
2704 5770 2778 5824 ιο
2808 5768 2929 5840 qual
2980 5768 3101 5821 todo
3149 5769 3233 5837 {ne
3276 5766 3464 5821 sacado
3495 5786 3521 5817 ο
3544 5771 3596 5821 ta

3073 5861 3110 5918 3
