4060 6198
294 412 368 470 77
1319 402 1728 458 lSlDORIANA.
1774 431 1838 441 -—
1884 402 2057 456 PARS
2100 403 2136 455 l.
2181 404 2330 458 CAP.
2375 402 2512 457 XIV.
3500 404 3569 458 '78

300 538 404 578 nus
428 518 675 589 agnovit,
717 526 768 570 et
799 516 909 571 Deo
957 517 1156 584 gratias
1194 528 1389 583 agens,
1438 516 1776 583 amplexatus
1796 522 1879 568 est
1909 527 1953 578 Α
1983 529 2117 577 ram,
2147 530 2250 568 non
2280 517 2346 569 ad
2379 520 2487 571 lion
2508 531 2658 580 irem,
2688 516 2782 570 sed
2834 515 2901 571 ad
2956 532 3114 583 onus,
3147 530 3253 570 non
3283 516 3348 569 ad
3377 513 3527 585 princ
3549 545 3574 556 -

295 628 421 667 eum
454 627 467 661 :
503 617 623 677 post
673 607 1033 674 evangelicam
1074 620 1199 659 vero
1242 604 1525 659 lectionem
1569 602 1893 659 valefaciens

298 700 368 757 ad
396 697 683 754 ecclesiam
710 695 1079 764 llispalensem
1109 696 1224 764 ipsa
1262 703 1423 749 nocte
1447 693 1623 757 rediit,
1654 701 1708 747 et
1736 693 1888 748 cleri-

295 805 394 848 cos
421 788 714 844 matutinas
748 786 932 842 laudes
972 786 1169 855 reperit
1189 786 1574 847 celebrantes.)

370 880 427 934 ι.
467 898 485 931 ‹
520 878 603 933 Ad
630 878 916 933 utilitatem
962 877 1193 931 fidelium
1236 877 1433 931 multos
1475 878 1643 932 libros
1671 892 1892 946 compo-

301 970 639 1036 suit,multas
668 969 901 1023 haereses
922 968 1256 1037 exstirpavit,
1287 968 1469 1020 Ariqu
1494 967 1888 1021 condemnavit.

303 1060 472 1126 Hujus
516 1058 661 1125 Arii,
722 1058 1021 1127 presbyteri
1078 1056 1460 1118 Alexandrini,
1519 1058 1723 1110 insania
1770 1074 1890 1111 cum

304 1151 600 1206 insanirent
628 1150 816 1216 impii,
844 1147 1139 1201 Athanasio
1168 1147 1423 1216 expulso,
1455 1145 1687 1200 Eusebio
1715 1157 1894 1201 exter-

301 1242 530 1308 minato,
554 1239 760 1293 Hilario
785 1239 1109 1307 proscripto,
1160 1235 1497 1306 Leovigildus
1522 1252 1617 1291 rex
1634 1276 1650 1302 ,
1705 1236 1895 1304 Hispa-

306 1330 517 1383 niarum
550 1328 806 1383 ecclesias
834 1341 1182 1395 persequens,
1201 1325 1475 1380 Masonam
1504 1326 1892 1382 Emeritensem

303 1424 637 1492 episcopum,
654 1427 707 1473 et
720 1418 1019 1473 Leandrum
1044 1416 1411 1487 llispalensem
1429 1418 1893 1487 archiepisc0pum

313 1510 597 1578 relegavit.
630 1508 863 1564 Isidorus
893 1518 1074 1561 autem
1097 1509 1319 1561 scientia
1349 1510 1546 1571 clarus,
1573 1522 1769 1576 genere
1799 1523 1898 1559 no-

306 1599 447 1661 bilis,
485 1613 715 1667 corpore
768 1598 1011 1667 pulcher,
1050 1598 1287 1652 moribus
1342 1599 1542 1666 gravis,
1586 1598 1896 1668 eloquentia

304 1692 509 1755 suavis,
545 1691 686 1745 inter
712 1690 1046 1745 oblatrantes
1073 1691 1395 1745 Arianorum
1448 1691 1775 1759 frequentias
1795 1704 1897 1744 nec

307 1781 472 1837 minis
495 1790 744 1844 terretur,
770 1794 870 1834 nec
900 1779 1170 1833 blanditiis
1191 1780 1547 1845 demulcetur,
1572 1781 1665 1834 sed
1687 1780 1897 1835 fervore

1996 606 2250 673 pandum,
2310 607 2405 659 sed
2448 608 2515 660 ad
2568 606 3067 675 serviendnm,non
3114 606 3184 661 ad
3238 606 3576 661 subditorum

1996 696 2264 762 marsupia
2303 696 2633 759 evacuanda,
2670 697 2765 751 sed
2816 696 2883 750 ad
2922 697 3159 752 facinora
3206 698 3573 766 exstirpanda,

1998 800 2104 839 non
2132 785 2200 838 ad
2222 786 2479 853 quietem,
2512 787 2605 840 sed
2651 788 2722 841 ad
2765 789 3024 854 laborem,
3056 788 3295 858 episcopi
3322 789 3581 857 dignitate

1994 889 2054 928 se
2081 884 2353 941 vocatum,
2380 890 2487 929 non
2518 876 2690 930 minus
2733 878 2985 946 cperibus
3032 893 3191 947 quam
3242 878 3579 934 sermonibus

1996 964 2281 1018 fatebatur.

2067 1054 2119 1107 7.
2168 1074 2185 1105 ι
2222 1055 2377 1111 Circa
2418 1058 2695 1115 scholares
2744 1059 2816 1112 ita
2872 1056 3134 1113 sollicitus
3161 1069 3296 1123 erat,
3321 1068 3382 1113 ut
3429 1069 3582 1130 pater

1995 1145 2325 1213 singulorum
2354 1150 2688 1217 probaretur.
2722 1148 2809 1215 Et,
2839 1159 2899 1203 ut
2950 1158 3256 1204 removeret
3280 1150 3346 1205 ab
3372 1152 3451 1206 eis
3480 1167 3583 1205 ma-

2000 1237 2185 1289 teriam
2210 1239 2455 1306 vagandi,
2489 1250 2641 1294 extra
2671 1242 2855 1295 urbem
2887 1240 3258 1310 llispalensem
3289 1242 3437 1294 mine
3469 1243 3585 1309 pul-

1996 1325 2309 1381 chritudinis
2333 1332 2633 1384 construxit
2660 1332 3069 1394 monasterium,
3085 1346 3114 1384 a
3142 1346 3249 1399 quo
3272 1332 3403 1385 nulli
3422 1333 3583 1387 scho-

1998 1417 2096 1471 lari
2126 1420 2356 1473 exeundi
2383 1431 2509 1476 ante
2536 1423 2948 1491 quadriennium
2984 1424 3253 1477 licentiam
3311 1422 3587 1491 prmbeba-

1999 1518 2085 1562 tur
2106 1526 2119 1561 :
2144 1510 2403 1577 quosdam
2423 1513 2534 1582 89
2554 1528 2681 1566 vero
2701 1513 2939 1575 ditiores,
2955 1514 3045 1583 qui
3070 1513 3244 1567 inesse
3256 1514 3586 1568 monasterio

1998 1601 2341 1667 recusabant,
2371 1618 2439 1656 ne
2468 1614 2862 1671 gyrovagantes
2888 1614 3098 1658 mentes
3120 1618 3151 1656 a
3170 1602 3347 1657 studio
3361 1617 3585 1657 revoca--

1998 1700 2140 1757 rent,
2196 1690 2385 1747 ferreis
2431 1694 2761 1761 astringebat
2811 1695 3160 1764 compedibus
3192 1713 3206 1748 :
3237 1711 3302 1750 ex
3353 1711 3583 1764 quorum

2000 1780 2229 1848 collegio
2276 1782 2498 1837 emicuit
2539 1782 2858 1851 lldefousus,
2888 1794 2943 1840 et
2998 1786 3244 1841 Braulius
3300 1786 3587 1857 episcopus

306 1870 589 1925 charitatis
614 1885 904 1925 succensus
956 1868 1175 1924 fulmina
1205 1870 1370 1926 divini
1410 1871 1608 1939 eloquii
1652 1872 1898 1925 ardentia
1932 1894 1977 1953 Β
2002 1871 2526 1940 Caesaraugustanus.
2560 1872 2624 1927 Et
2667 1876 2792 1942 quia
2822 1891 2930 1930 non
2977 1892 3193 1945 semper
3244 1877 3443 1931 docere
3492 1893 3587 1930 eos

305 1961 611 2026 emittebat,
646 1961 843 2029 quibus
872 1963 1209 2017 sazvientium
1232 1963 1587 2018 obumbrabat
1627 1973 1895 2031 aspectus.

310 2051 478 2124 (Adiit
506 2054 668 2107 etiam
703 2052 1035 2108 Recaredum
1095 2054 1391 2123 Leovigilli
1440 2056 1579 2123 regis
1608 2055 1796 2119 filium,
1846 2066 1899 2107 ιι

311 2158 432 2197 eum
454 2144 521 2196 ab
554 2142 746 2195 Ariaua
773 2144 959 2197 heresi
988 2144 1053 2197 ad
1088 2144 1244 2199 fidem
1292 2146 1613 2200 catholicam
1675 2162 1897 2201 revocu-

311 2233 433 2302 vit.)
452 2232 664 2287 Mortuo
687 2244 861 2287 autem
885 2232 1056 2289 Toleti
1074 2235 1455 2290 miserabiliter
1476 2235 1811 2303 Leovigildo,
1844 2246 1899 2289 et

311 2323 605 2378 substituto
637 2325 688 2376 in
718 2337 881 2390 regno
911 2324 1176 2380 catholico
1226 2324 1522 2391 Recaredo,
1548 2341 1791 2381 reversus
1818 2335 1900 2379 cst

312 2414 560 2469 Leander
587 2430 617 2467 a
646 2414 993 2483 Carthagine,
1024 2426 1079 2469 et
1109 2430 1211 2485 pax
1243 2414 1491 2471 Ecc’esize
1538 2416 1807 2483 restituta,
1845 2426 1899 2469 et

312 2504 514 2559 Ariana
552 2506 773 2559 bteresis
794 2507 1111 2574 exstirpata,
1137 2513 1191 2559 et
1214 2504 1393 2571 Suevi,
1445 2506 1536 2575 qui
1592 2505 1897 2560 Gallaeciam

230 2580 246 2591 ’
309 2588 649 2663 obtinebant,
681 2598 962 2653 consecuti
986 2607 1111 2652 sunt
1132 2598 1417 2666 baptisma.

378 2690 494 2761 88
520 2688 575 2743 5.
611 2707 629 2740 ι
667 2688 927 2759 (Cernens
947 2702 1077 2756 ergo
1130 2688 1373 2743 Leander
1428 2689 1616 2743 lsidori
1644 2696 1900 2742 constan-

309 2782 465 2849 tiam,
489 2778 670 2836 nescio
690 2796 796 2848 quo
820 2791 1122 2850 praeventus
1148 2781 1430 2850 praesagio,
1454 2795 1540 2844 ne,
1573 2795 1633 2833 se
1658 2780 1893 2841 dimi-sn,

311 2885 483 2925 causa
512 2869 907 2939 przedicationis
961 2870 1041 2923 vel
1073 2869 1143 2924 ob
1170 2869 1338 2937 aliud,
1366 2880 1653 2925 extraneas
1693 2878 1901 2939 peteret

312 2964 593 3031 regiones;
621 2963 703 3017 vel
733 2979 802 3017 ne
830 2963 1214 3031 virginitatem,
1240 2978 1402 3032 quam
1428 2966 1496 3017 ab
1527 2961 1748 3017 infantia
1779 2978 1900 3019 cus-

309 3053 566 3119 audierat,
597 3052 702 3107 levi
731 3051 931 3105 famine
973 3052 1285 3115 macularet,
1317 3053 1372 3106 in
1420 3051 1555 3107 cella
1606 3068 1747 3117 eum,
1777 3066 1901 3121 rege

307 3152 367 3196 et
395 3142 576 3197 tnnltis
596 3156 736 3210 aegre
768 3141 1079 3206 ferentibus,
1098 3142 1333 3197 reclusit.
1368 3141 1483 3196 Rex
1508 3158 1637 3196 vero
1666 3141 1898 3195 Recareo

2005 1962 2417 2029 przesentialiter
2472 1970 2703 2030 poterat,
2734 1962 3038 2033 ubicunque
3092 1964 3379 2033 magistros
3431 1974 3589 2032 aptos

2001 2054 2226 2117 sciebat,
2260 2069 2418 2121 prece
2441 2064 2495 2108 et
2522 2056 2698 2124 pretio
2720 2071 2815 2109 eos
2845 2056 3096 2125 ducebat,
3128 2068 3186 2111 ut
3242 2059 3295 2111 in
3323 2059 3587 2114 scholari-

2000 2147 2101 2198 bus
2127 2145 2385 2199 docendis
2406 2145 2597 2200 darent
2620 2162 2841 2216 operam
2872 2144 3145 2201 efficacem
3171 2165 3186 2213 ;
3215 2146 3385 2202 fomes
3436 2166 3587 2202 nam-

1999 2250 2105 2302 que
2124 2243 2180 2290 et
2216 2236 2699 2300 occasio‘bzeresis,
2728 2246 2784 2290 et
2812 2237 2975 2290 totius
3002 2237 3127 2290 mali
3164 2238 3345 2307 lapsus
3376 2255 3586 2293 morum

1999 2325 2315 2379 clericorum
2334 2333 2391 2379 et
2417 2324 2812 2392 religiosorum,
2839 2326 3018 2393 segnis
3049 2338 3390 2395 contemptus
3417 2329 3588 2383 scien~

2000 2415 2087 2466 tize
2113 2413 2536 2481 Scripturarum.
2565 2414 2740 2484 Super
2790 2415 3073 2483 religiosos
3100 2433 3318 2487 quoque
3343 2434 3584 2473 summo-

1998 2516 2128 2571 pere
2158 2502 2436 2569 vigilabat,
2463 2519 2528 2557 ue
2549 2504 2670 2573 quis
2690 2518 2876 2559 eorum
2907 2506 3089 2575 inopia
3119 2517 3471 2576 mergeretur,
3496 2520 3587 2563 aut

2001 2594 2151 2649 verbi
2205 2593 2299 2647 Dei
2346 2594 2521 2648 inedia
2573 2595 2859 2665 deperiret.
2893 2595 3149 2663 Quamvis
3189 2600 3350 2653 etiam
3381 2616 3492 2654 sua:
3533 2610 3587 2655 ct

2000 2685 2231 2736 aliorum
2263 2684 2596 2738 consulendo
2618 2686 2798 2750 saluti,
2832 2687 3113 2741 mulierum
3135 2689 3329 2743 vitaret
3352 2705 3587 2757 [mesen-

2002 2774 2150 2838 tiam,
2176 2788 2527 2844 quascunque
2557 2782 2737 2829 tamen
2766 2778 3200 2835 sanctimoniales
3246 2781 3297 2834 in
3346 2781 3438 2835 Dei
3472 2783 3584 2836 lau-

2000 2863 2154 2919 dibus
2182 2854 2429 2919 cerneret
2462 2875 2861 2933 permanentes,
2898 2869 3032 2922 mira
3053 2868 3339 2924 affectione
3363 2888 3585 2925 venera-

2000 2954 2179 3020 batur,
2210 2962 2263 3009 et
2292 2954 2521 3011 assiduis
2550 2955 2921 3025 largitionibus
2949 2961 3286 3028 providebat.
3319 2961 3422 3016 Per
3464 2962 3580 3015 llis-

2001 3045 2174 3114 panize
2211 3046 2377 3101 etiam
2425 3047 2701 3114 regionem
2732 3046 2960 3116 plurima
2981 3057 3037 3103 et
3065 3049 3286 3119 pulchra
3305 3050 3585 3105 aedificavit

2002 3138 2353 3192 monasteria.

306 3234 412 3287 dus
439 3243 495 3286 et
520 3233 672 3286 multi
701 3232 787 3285 alii
812 3233 961 3287 cells:
988 3233 1328 3297 assistebant,
1358 3242 1415 3287 et
1439 3232 1506 3287 de
1534 3231 1691 3287 fente’
1711 3231 1896 3285 Salta-
1924 3254 1966 3311 ς
2071 3229 2127 3283 8.
2157 3248 2176 3280 ι
2205 3227 2321 3284 Non
2346 3238 2527 3284 autem
2556 3238 2842 3286 wntentus
2871 3231 2961 3285 uni
2985 3231 3086 3285 soli
3132 3232 3419 3300 p'rovmcize
3464 3249 3586 3302 pro~

307 3324 444 3377 toris
473 3322 597 3377 almi
632 3322 816 3377 lsidori
844 3323 1161 3392 sapientiam
1211 3321 1552 3376 hauriebant.
1584 3320 1717 3375 Cum
1740 3322 1898 3391 igitur

309 3411 555 3467 Leander
602 3413 760 3467 linem
815 3429 964 3468 suum
1016 3416 1475 3484 appropinquasse
1522 3423 1893 3483 cognosceret,

306 3502 533 3560 fratrem
582 3520 736 3560 suum
793 3505 1056 3561 [siderum
1107 3522 1139 3560 a
1185 3508 1319 3562 cella
1350 3506 1605 3572 educi,et
1634 3507 1734 3560 sibi
1765 3522 1899 3575 pra:-

308 3594 521 3649 seutari
577 3602 852 3660 precatur.
884 3592 1037 3658 Quod
1060 3608 1179 3648 cum
1208 3593 1414 3649 lsidoro
1445 3596 1772 3657 retulissent,
1806 3597 1898 3664 qui

306 3683 419 3755 jam
449 3696 674 3752 parvam
705 3681 951 3735 cellulam
974 3681 1223 3735 omnibus
1246 3682 1633 3749 temporalibus
1665 3681 1897 3753 (divitiis)

310 3775 688 3847 pmponebat,
734 3774 808 3827 ait
842 3791 854 3823 :
910 3772 1135 3836 Scitote,
1165 3787 1253 3826 me
1301 3773 1367 3826 ab
1395 3774 1493 3827 hac
1520 3771 1653 3827 cella
1684 3773 1901 3827 minime

310 3881 683 3935 egressurum,
709 3864 945 3933 quandiu
1002 3864 1167 3917 frater
1207 3878 1357 3917 meus
1383 3873 1655 3933 superstes
1684 3863 1901 3918 exstite-

309 3956 406 4021 rit,
432 3957 543 4025 ipse
570 3955 709 4008 enim
733 3954 834 4008 hoc
858 3953 1134 4021 proposito
1157 3954 1481 4007 sacramenti
1516 3953 1792 4023 lirmavit.)

387 4046 437 4098 6.
475 4064 493 4095 ι
534 4044 702 4100 Beato
736 4044 897 4112 igitur
924 4042 1171 4099 Leandre
1195 4044 1334 4098 inter
1364 4045 1587 4111 angelos
1616 4046 1897 4111 translato,

312 4152 406 4192 rex
425 4134 745 4199 Recaredus,
780 4135 1069 4203 principes,
1105 4135 1363 4204 episcopi,
1394 4144 1447 4189 et
1473 4136 1655 4205 pepuli
1680 4136 1732 4189 in
1758 4137 1899 4204 epis-

310 4242 511 4295 ωνυω
545 4226 865 4279 unanimiter
917 4225 1217 4293 elegerunt,
1277 4236 1350 4285 et,
1386 4226 1512 4279 licet
1566 4226 1902 4290 invitutn,de

311 4317 451 4371 cella
498 4315 817 4371 eduxerunt.
854 4315 1027 4384 (Quod
1063 4332 1185 4369 cum
1236 4318 1535 4370 nuntiatum
1566 4325 1709 4371 esset
1739 4316 1900 4369 beato

314 4408 580 4477 Gregorio
602 4423 775 4477 papae,
806 4408 1127 4461 electionem
1157 4408 1506 4463 libentissime
1536 4406 1896 4470 continuavit,

315 4498 539 4569 pallium
566 4496 774 4563 tribuit,
802 4505 878 4562 et,
896 4508 954 4549 ut
976 4498 1234 4566 primatiie
1259 4498 1519 4551 honorem
1550 4498 1605 4549 in
1631 4495 1900 4565 Hispaniis

315 4588 1053 4656 exsequeretur,concessit.)
1072 4587 1361 4642 Decorutur
1388 4587 1549 4654 igitur
1578 4586 1739 4639 infula
1768 4604 1898 4655 pnn-

314 4680 483 4736 sulari
518 4698 530 4731 :
558 4695 769 4749 semper
797 4689 914 4734 erat
943 4681 1201 4749 prudens,
1226 4694 1440 4748 semper
1459 4689 1659 4745 castus,
1690 4695 1905 4747 semper

315 4781 595 4834 constans,
628 4770 1054 4841 semperjustus,
1099 4786 1313 4840 semper
1358 4769 1631 4825 modestus
1664 4789 1674 4822 :
1709 4771 1905 4839 ubique

321 4865 489 4926 utilis,
520 4864 720 4933 ubique
740 4862 984 4925 devotus,
1017 4861 1322 4931 passionem
1350 4858 1546 4914 Christi
1575 4875 1789 4930 semper
1808 4861 1904 4914 ha-

321 4956 457 5008 bens
481 4954 533 5006 in
565 4954 736 5008 oculis
776 4970 789 5006 :
832 4954 951 5023 plus
1004 4954 1173 5007 amari
1194 4960 1476 5021 appetens,
1502 4965 1664 5019 quam
1688 4950 1902 5006 timeri;

321 5047 492 5113 magis
522 5046 797 5114 prodesse,
825 5060 983 5114 quam
1014 5059 1280 5114 praeesse:
1306 5042 1543 5112 jejuniis,
1563 5050 1615 5096 et
1642 5043 1901 5097 orationi-

322 5140 442 5198 bus,
466 5145 523 5191 et
549 5146 859 5191 sanctarum
886 5136 1280 5205 Scripturarum
1297 5134 1728 5189 meditationibus
1754 5134 1908 5188 insis-

323 5238 444 5281 trns
460 5245 472 5279 :
491 5242 557 5281 ex
569 5227 839 5282 vilissimis
849 5228 1001 5290 cibis,
1020 5225 1204 5281 nonad
1216 5225 1582 5295 cupiditatem,
1606 5225 1699 5280 sed
1724 5240 1911 5279 neces-

322 5324 540 5377 sitatem
558 5322 765 5378 modica
795 5337 1031 5385 sumens,
1053 5321 1153 5375 sibi
1172 5335 1383 5389 parcus,
1413 5318 1531 5372 aliis
1552 5319 1914 5387 largus,eam-

323 5416 470 5477 dem,
500 5430 661 5484 quam
698 5415 844 5482 prius
867 5457 882 5481 ,
929 5413 1251 5481 sequebatur
1285 5411 1658 5466 humilitatem.
1698 5410 1873 5464 luerat
1898 5451 1914 5475 ,

322 5508 477 5575 quasi
510 5508 803 5577 proprium,
835 5506 1066 5573 gaudere
1086 5520 1208 5559 cum
1239 5502 1611 5573 gaudentibus,
1639 5500 1767 5554 flere
1794 5516 1916 5554 cmn

323 5596 594 5663 (letalibus,
626 5598 834 5651 miseris
858 5595 1213 5665 contpatiens,
1231 5593 1602 5661 eleemosynas
1630 5591 1706 5645 eis
1730 5590 1922 5658 largis-

325 5690 461 5743 sime
493 5688 782 5743 tribuebat.
812 5686 871 5740 ln
902 5685 1170 5753 prosperis
1198 5692 1253 5738 et
1282 5682 1519 5736 adversis
1549 5697 1686 5735 unus
1707 5695 1920 5749 semper

323 5782 506 5835 vultus
556 5781 762 5835 cunctis
800 5779 971 5832 laztior
1000 5776 1339 5831 occurrebat.
1364 5774 1421 5829 In
1466 5782 1616 5827 tanto
1644 5772 1917 5840 dignitatis

328 5870 570 5930 culmine
597 5871 929 5934 sublimatus,
961 5884 1067 5923 non
1098 5866 1164 5921 ad
1194 5865 1525 5930 cathedram,
1556 5864 1649 5919 sed
1699 5864 1763 5917 ad
1818 5878 1913 5918 cu-

1932 4632 1982 4689 1)

1999 3320 2285 3390 desse,qui
2306 3322 2543 3375 omnium
2574 3319 2806 3376 fidelium
2835 3321 3045 3375 utilitati
3085 3336 3143 3375 se
3189 3330 3371 3375 natum
3395 3322 3584 3376 crede-

2000 3408 2114 3473 bat,
2145 3424 2241 3477 per
2264 3410 2511 3465 civitates
2564 3418 2620 3464 et
2658 3410 2907 3477 regiones
2930 3424 3195 3478 egressus,
3230 3411 3448 3464 verbum
3489 3410 3586 3465 Del

1999 3497 2343 3565 praedicabat.
2370 3498 2518 3567 (lude
2549 3499 2693 3551 venit
2723 3498 2967 3563 llomam,
3001 3498 3051 3551 id
3075 3499 3345 3553 humiliter
3374 3514 3585 3553 summo

2000 3588 2256 3657 pontifice
2286 3590 2622 3658 postulante:
2653 3591 2725 3645 ibi
2745 3591 2936 3660 eXpedi
2964 3591 3008 3644 is
3035 3591 3283 3658 negotiis,
3306 3604 3581 3658 regressus

2000 3688 2083 3734 est
2122 3680 2174 3733 in
2219 3680 2524 3748 Hispaniam
2556 3698 2677 3735 cum
2703 3682 2929 3734 honore.
2962 3680 3128 3748 Cujus
3173 3680 3459 3737 adventum
3483 3700 3584 3737 au-

2002 3770 2213 3825 dientes
2233 3768 2421 3825 Callici
2446 3771 2755 3839 etllispani,
2783 3787 2905 3851 cum
2930 3772 3173 3828 siccitate
3194 3774 3333 3828 aeris
3363 3776 3582 3830 labora-

2001 3867 2142 3921 rent,
2172 3867 2228 3913 et
2281 3873 2346 3912 ex
2388 3861 2578 3927 pluvia:
2630 3846 3092 3930 defectnﬂfruges,
3122 3865 3361 3929 arbores,
3417 3875 3583 3934 atque

2003 3948 2180 4003 herbae
2195 3958 2590 4013 arescerent,et
2619 3951 2861 4006 homines
2879 3968 2947 4006 ex
2978 3954 3091 4021 ipsa
3114 3955 3431 4021 intemperie
3460 3970 3584 4022 gra-

2003 4058 2123 4097 vem
2152 4042 2453 4097 molestiam
2484 4058 2769 4112 corporum
2797 4044 3147 4108 sustinerent,
3179 4060 3297 4098 cum
3331 4047 3579 4099 crucibus

2003 4142 2059 4187 et
2084 4134 2422 4203 lampadibus
2444 4136 2511 4189 de
2539 4134 2761 4203 singulis
2810 4136 3115 4190 civitatibus
3144 4136 3194 4189 ei
3216 4136 3425 4189 obviam
3457 4151 3583 4203 pro-

2002 4226 2285 4293 cedebant,
2310 4234 2370 4278 ut
2412 4243 2509 4294 pro
2562 4227 2640 4281 eis
2686 4226 2966 4281 Dominum
3023 4236 3352 4295 precaretur.
3380 4226 3584 4281 Narbo-

2004 4330 2197 4368 nenses
2220 4330 2349 4368 vero
2397 4316 2578 4384 populi
2628 4316 2933 4370 clamabant
2975 4317 3041 4369 ad
3091 4332 3214 4370 eum
3239 4315 3586 4371 dicenteszo

2002 4406 2091 4474 pie
2119 4403 2496 4473 Hispaniarum
2520 4406 2710 4460 doctor
2737 4406 2937 4460 Isidore
2963 4407 2974 4457 ἔ
3013 4408 3115 4460 tuis
3162 4408 3496 4462 orationibus
3519 4408 3586 4458 ab

2004 4496 2407 4549 imminentibus
2456 4498 2709 4563 periculis
2761 4514 2891 4551 erue
2914 4513 3032 4552 nos.
3090 4499 3156 4550 At
3220 4498 3330 4562 ille,
3368 4496 3587 4551 elevans

2008 4602 2198 4639 manus
2220 4585 2286 4639 ad
2306 4586 2520 4651 cmlum,
2550 4585 2832 4641 Dominum
2857 4588 3197 4656 precabatur,
3222 4590 3363 4655 quod
3386 4588 3451 4640 ad
3479 4590 3587 4655 glo-

2008 4680 2141 4731 riam
2170 4678 2252 4731 sui
2276 4678 2510 4732 nominis
2530 4679 2730 4748 populo
2781 4694 2880 4734 suo
2913 4679 3285 4733 remissionem
3342 4692 3588 4748 peccato-

2008 4784 2147 4833 rum,
2170 4784 2458 4836 corporum
2480 4770 2790 4836 sanitatem,
2819 4770 2960 4823 aeris
3011 4770 3345 4838 temperiem,
3381 4770 3589 4839 pluvia-

2007 4874 2125 4913 rum
2151 4859 2510 4928 largitionem,
2536 4868 2699 4928 atque
2744 4861 3012 4914 fructuum
3052 4860 3433 4914 abundantiam
3488 4862 3591 4914 im-

2006 4952 2191 5023 pertiri
2219 4952 2605 5021 dignaretur.0
2624 4953 2756 5005 mira
2782 4953 3042 5009 orationis
3070 4954 3271 5007 virtus!
3302 4969 3423 5007 cum
3450 4955 3589 5007 enim

2009 5046 2150 5098 aeris
2197 5052 2339 5099 esset
2380 5043 2543 5097 nimia
2588 5044 2876 5109 serenitas,
2908 5054 2963 5100 et
3007 5045 3141 5100 solis
3183 5044 3375 5099 ardore
3414 5044 3589 5098 omnia

2011 5144 2315 5199 :nstuarent,
2351 5150 2542 5205 magna
2571 5139 2855 5192 subsecuta
2897 5146 2981 5192 est
3009 5138 3198 5207 pluviae
3244 5135 3590 5197 abundantia,

2014 5236 2070 5282 et
2098 5228 2241 5281 aeris
2263 5230 2571 5297 temperies,
2596 5237 2651 5284 et
2668 5244 2954 5304 corporum
2976 5230 3199 5294 sanitas,
3222 5245 3287 5282 ac
3330 5230 3590 5282 fructuum

2018 5320 2364 5375 abundantia.
2394 5319 2673 5377 Profectus
2701 5322 2845 5387 inde,
2870 5322 3178 5376 curationes
3201 5320 3592 5390 mgritudinum,

2021 5412 2271 5466 similiter
2299 5422 2355 5465 et
2386 5412 2578 5481 pluvia:
2612 5414 3011 5467 comitabantur
3039 5414 3209 5480 eum.)

2093 5505 2146 5559 9.
2178 5522 2197 5555 ι
2230 5503 2513 5572 (Veniente
2533 5512 2711 5559 autem
2758 5520 2823 5557 eo
2878 5504 3017 5557 haud
3049 5501 3233 5572 procul
3278 5500 3344 5552 ab
3373 5496 3591 5567 liispali,

2023 5595 2323 5648 nuntiatum
2346 5602 2429 5647 est
2456 5594 2531 5659 ei,
2554 5594 2700 5662 quod
2745 5594 2961 5661 quidam
2992 5592 3355 5645 Maclmmetus
3391 5589 3592 5641 inaudi-

2024 5694 2200 5740 tarum
2222 5684 2533 5753 opiuiomun
2555 5700 2649 5741 ore
2671 5685 2887 5755 vipereo
2913 5683 3171 5736 infecerat
3197 5680 3506 5743 audientes;
3545 5690 3594 5737 et

2021 5774 2206 5837 draco,
2260 5788 2464 5841 magna:
2528 5774 2693 5827 trabis
2738 5772 3090 5842 quantitatem
3138 5769 3405 5823 excedens
3437 5812 3449 5833 ,
3502 5786 3595 5821 oro

2023 5862 2385 5918 ﬂammivomo
2412 5864 2520 5931 90
2545 5858 2632 5931 pia
2665 5864 2779 5931 (sic)
2803 5858 3055 5914 suburbia
3087 5859 3288 5929 redegit
3328 5860 3377 5913 in
3407 5859 3592 5914 solitu-
