4028 6200
519 411 587 467 79
1259 411 1347 466 Al)
1386 408 1612 466 OPERA
1644 408 1712 466 ‘S.
1751 408 1996 465 ISIDORI
2033 405 2472 465 IIISP'ALENSIS
2509 402 3032 465 PROLEGUMENA.
3706 408 3774 464 80

515 529 717 581 dinem.
754 524 872 590 Quo
901 521 1282 591 audito,'misit
1306 523 1545 587 nuntios,
1577 522 1667 590 qui
1694 521 2092 577 Machametum
2125 522 2166 576 Λ
2198 531 2325 571 cens
2357 535 2369 570 :
2404 517 2761 573 Revertantur
2812 520 3003 573 animae
3051 520 3239 572 horum
3285 518 3351 572 ad
3403 529 3627 589 corpora
3651 535 3770 588 sua,

519 618 747 674 vinculis
795 617 1069 671 astrictum
1102 627 1200 668 suo
1255 612 1510 667 adventui
1560 607 2094 681 praesentarenLSed

512 709 735 765 humani
786 706 996 776 generis
1038 704 1281 759 inimicus
1311 704 1558 773 apparuit
1578 703 1762 757 dicens
1790 701 2096 755 Machome-

519 808 575 853 to
603 816 617 853 :
651 799 999 853 Adversarius
1022 805 1204 852 noster
1230 795 1380 849 ade-t
1412 794 1681 848 Isidorus:
1714 793 1970 847 velociter
1990 791 2090 859 igi~

516 900 607 945 tur
634 891 701 944 ab
720 887 984 959 'lliSpania
1024 886 1258 949 discede,
1288 885 1541 955 quoniam
1590 884 1705 951 ejus
1757 884 2091 953 praesentiam

521 996 622 1036 nec
643 990 719 1046 tu,
738 995 837 1035 nec
866 978 1041 1047 angeli
1072 977 1164 1030 Dei
1191 976 1414 1045 potestis
1442 975 1725 1029 sustinere.
1753 973 1850 1028 Cui
1876 972 2092 1028 Maelio-

520 1080 694 1125 metus
720 1088 732 1121 :
758 1068 894 1134 Quid
923 1075 1006 1122 est
1029 1067 1136 1121 hoc
1162 1066 1441 1129 nevitatis,
1459 1064 1603 1133 quod
1657 1064 2094 1132 angelimortalis

518 1159 752 1215 hominis
804 1156 1141 1228 prmsentiam
1188 1156 1451 1211 sustinere
1491 1169 1599 1208 non
1650 1151 1967 1207 valentiAd
1993 1153 2095 1207 hoc

519 1250 795 1306 diabolus:
824 1249 901 1305 Ne
930 1250 1147 1314 dixeris,
1178 1246 1573 1314 novitatis,'sed
1598 1246 1835 1317 plurimm
1858 1246 2088 1313 antiqui-

520 1342 664 1396 tatis.
681 1340 812 1395 Nam
843 1340 1046 1410 primus
1076 1339 1258 1403 homo,
1280 1336 1366 1391 cui
1395 1336 1567 1405 angeli
1592 1336 1828 1404 deputati
1851 1343 2004 1390 erant
2026 1334 2093 1387 ad

520 1430 844 1497 custodiam,
871 1430 939 1483 de
976 1428 1225 1495 paradiso
1267 1428 1485 1495 ejectns
1511 1434 1594 1480 est
1638 1425 2094 1480 circumventione

517 1523 745 1589 diaboli;
776 1533 830 1576 et
851 1522 1023 1590 angeli
1050 1522 1142 1574 Dei
1174 1522 1227 1574 in
1257 1520 1402 1573 nullo
1432 1534 1550 1572 cum
1569 1518 1757 1586 juvare
1782 1524 2090 1585 potuerunt.

518 1612 615 1669 Cui
647 1612 1012 1668 Machometus
1039 1630 1051 1663 :
1079 1609 1161 1675 Et,
1188 1611 1230 1664 si
1260 1608 1448 1664 Isidori
1477 1607 1725 1662 instantia
1758 1620 1845 1660 me
1874 1604 2094 1660 minime

519 1704 780 1776 proficere
809 1703 1143 1775 prmsciebas,
1176 1716 1343 1769 quare
1364 1708 1531 1755 totam
1557 1698 1863 1768 Hispaniam
1886 1711 1983 1766 per
2008 1709 2095 1750 me

519 1800 847 1852 lucraturum
877 1793 1098 1851 dixisti?
1122 1792 1200 1847 Ad
1226 1792 1328 1846 hoc
1353 1790 1598 1845 diabolus
1627 1804 1640 1841 :
1672 1786 1751 1841 Ex
1796 1786 1975 1841 divina
2005 1800 2091 1841 re—

2193 609 2445 675 quoniam
2468 610 2674 663 amicus
2704 609 2796 663 Dei
2826 608 3062 663 Isidorus
3084 616 3202 663 orat
3231 624 3329 677 pro
3359 608 3483 678 eis.)

2265 700 2405 752 13.1
2442 698 2739 753 Veniebant
2795 710 2974 753 autem
3014 699 3081 753 ad
3118 714 3241 753 eum
3292 699 3489 761 alii,-ut
3526 700 3775 754 audirent

2192 790 2410 844 alterius
2436 792 2749 860 sapientiam
2782 789 3085 845 Salomonis
3110 808 3125 856 ;
3151 790 3259 854 alii,
3295 798 3353 844 ut
3383 790 3625 845 viderent
3650 806 3774 845 eum

2192 883 2445 936 tniracula
2473 881 2911 948 facientem;alii
2962 896 3092 936 vero
3148 888 3413 935 tentantes
3455 895 3775 949 eum;quo-

2192 992 2309 1031 rum
2340 992 2477 1033 unus
2504 978 2600 1032 fuit
2628 976 2941 1045 Gregorius,
2975 976 3257 1031 haereticus
3305 976 3551 1045 antistes,
3582 977 3675 1045 qui
3723 977 3776 1032 in

2191 1068 2397 1138 synodo
2446 1066 2649 1136 Hispali
2707 1068 2974 1122 celebrata
3039 1080 3223 1121 coram
3258 1066 3521 1133 judicibus
3548 1082 3672 1121 cum
3703 1081 3776 1120 eo

2192 1157 2489 1228 diSputans,
2519 1158 2791 1211 admirans
2813 1156 2866 1210 in
2889 1156 3131 1210 doctrina
3161 1156 3304 1224 ejus,
3336 1172 3442 1211 non
3459 1164 3780 1225 exspectans

2190 1247 2510 1299 sententiam
2537 1246 2794 1314 judicum,
2841 1260 2900 1299 se
2952 1245 3149 1299 victum
3202 1245 3472 1309 clamavit,
3509 1245 3779 1314 episc0pis

2193 1347 2371 1390 autem
2418 1346 2473 1391 et
2512 1338 2763 1392 omnibus
2812 1335 3296 1404 congaudentibus.
3328 1336 3536 1407 (Ctecus
3579 1335 3777 1400 astitit,

2192 1440 2389 1494 rogans
2416 1426 2694 1491 Isidorum,
2729 1436 2787 1480 ut
2816 1426 2993 1480 lumen
3023 1440 3118 1495 per
3146 1442 3269 1479 eum
3318 1427 3560 1495 recipere
3601 1437 3779 1479 mere-

2192 1527 2361 1580 retur,
2392 1516 2682 1586 Gregorius
2706 1534 2854 1581 vero,
2881 1518 3093 1573 intuens
3145 1518 3568 1573 dissimulantem
3600 1517 3776 1572 Isido-

2194 1626 2331 1676 rum,
2360 1618 2611 1680 precatur
2637 1619 2693 1665 ut
2721 1610 3089 1664 chirothecam
3146 1623 3303 1678 quam
3339 1624 3499 1663 manu
3527 1610 3770 1674 tenebat,

2194 1699 2293 1753 sibi
2324 1698 2638 1768 porrigeret.
2662 1714 2766 1769 qua
2799 1700 3102 1767 impetrata,
3127 1699 3379 1760 surrexit,
3409 1706 3463 1753 et
3490 1698 3617 1753 (reci
3649 1713 3780 1752 ocu-

2195 1788 2275 1843 los
2299 1789 2367 1843 de
2418 1803 2481 1843 ea
2509 1788 2628 1858 (sic)
2671 1797 2915 1857 tangens,
2944 1788 3076 1842 dixit
3107 1806 3120 1841 :
3157 1788 3411 1842 Dominus
3435 1786 3589 1842 Jesus
3619 1786 3777 1841 Chri-

517 1890 785 1944 velatione
813 1887 1040 1956 cognovi
1074 1900 1194 1940 eum
1228 1884 1413 1940 Romae
1462 1882 1813 1947 remansisse;
1845 1880 1939 1937 sed
1964 1895 2092 1950 pro-
2119 1874 2169 1938 B
2194 1887 2331 1944 stus,
2364 1878 2455 1949 qui
2478 1878 2667 1935 oculos
2697 1879 2875 1933 cordis
2905 1878 3009 1931 mei
3041 1892 3135 1946 per
3190 1877 3686 1932 beatumlsidorum
3713 1879 3779 1933 il-

517 1982 687 2050 posita
709 1981 898 2034 divinae
922 1979 1209 2034 voluntatis
1235 1979 1399 2030 alt....
1422 1975 1568 2030 in....
1584 1974 1854 2029 videretur
1873 1982 2092 2043 prppter

516 2074 805 2141 nequitiam
846 2070 1142 2136 hominum,
1166 2076 1219 2122 et
1270 2075 1489 2138 propter
1532 2065 1899 2136 paenitentiam
1927 2081 1940 2117 :
1966 2078 2091 2134 pro-

516 2172 635 2232 pter
673 2162 986 2231 nequitiam,
1018 2168 1075 2213 ut
1123 2174 1312 2227 pro....
1349 2166 1505 2212 terra:
1553 2155 1921 2227 promissionis
1970 2154 2091 2208 filiis

519 2252 684 2309 Israel
719 2270 732 2305 :
767 2250 1007 2305 nondum
1041 2250 1205 2313 enim,
1238 2249 1312 2302 ait
1341 2248 1635 2317 Scriptura,
1658 2246 1941 2317 completa:
1966 2254 2091 2299 sunt

516 2346 823 2414 iniquitates
855 2342 1286 2396 Amorrbtcorum
1320 2358 1332 2392 :
1362 2347 1583 2408 propter
1608 2340 1999 2408 ptenitentiam,
2032 2345 2091 2391 ut

516 2436 568 2487 in
587 2434 787 2504 populo
816 2432 1024 2496 Ninive,
1053 2431 1139 2485 cui
1171 2438 1390 2498 propter
1420 2430 1787 2497 paenitentiam
1841 2431 2090 2484 misertus

516 2533 599 2579 est
620 2523 779 2578 Deus.
804 2521 954 2575 Nunc
984 2519 1142 2588 igitur
1163 2518 1355 2572 festina
1380 2518 1590 2581 hinc,et
1618 2518 1817 2572 vadein
1834 2518 2085 2584 Africam,

520 2618 575 2669 in
605 2622 818 2684 gentem
848 2626 1097 2680 magnam
1122 2609 1366 2674 futurus;
1390 2607 1660 2677 docesque
1692 2607 1875 2672 (Forte
1922 2609 2088 2663 doce-

515 2706 639 2776 que)
673 2706 742 2759 ibi
773 2712 1035 2775 pnccepta
1055 2716 1203 2768 mea;
1228 2700 1464 2755 nondum
1493 2700 1633 2754 enim
1666 2702 1945 2770 completas
1966 2708 2089 2755 sunt

514 2797 824 2866 iniquitates
852 2793 1230 2863 Hispanorum.
1256 2790 1576 2847 Convocatis
1619 2791 1799 2861 itaque
1817 2790 1951 2857 suis,
1982 2790 2090 2844 Ma-

515 2889 798 2945 chometus
825 2893 1017 2941 cuncta
1045 2883 1286 2938 narravit
1328 2882 1407 2937 eis
1452 2898 1549 2952 per
1568 2882 1833 2948 ordinem,
1862 2890 1918 2936 et
1935 2896 2089 2936 acce-

514 2978 703 3031 leravit
745 2975 967 3044 fugam;
1021 2981 1075 3028 et
1126 2972 1349 3027 veniens
1393 2973 1446 3027 in
1473 2971 2087 3041 Africam,innumeram

515 3066 900 3121 lsmaelitarum
925 3072 1139 3134 gentem
1165 3062 1397 3117 seduxit.
1426 3062 1715 3119 Venientes
1744 3072 1922 3117 autem
1940 3079 2087 3117 nun-

514 3158 570 3212 tii
597 3156 785 3212 lsidori
806 3154 1129 3219 Cordubam,
1157 3162 1213 3207 et
1257 3168 1365 3207 non
1411 3152 1744 3209 invenientes
1789 3152 2089 3209 Machome-

2192 1970 2492 2038 luminavit,
2524 1969 2711 2025 oculos
2736 1969 2978 2038 corporis
3004 1968 3075 2022 tui
3096 1968 3359 2022 illunrinet
3408 1967 3616 2022 meritis
3639 1968 3777 2036 ejus.

2191 2059 2310 2127 Quo
2324 2061 2492 2127 dicto,
2513 2061 2772 2130 sanguine
2798 2060 2865 2116 de
2889 2061 3060 2116 oculis
3083 2059 3209 2115 caeci
3232 2067 3572 2128 erumpente,
3604 2060 3781 2114 visum

2190 2154 2443 2225 recepit.)

2265 2244 2351 2297 I4.
2382 2264 2401 2296 ι
2425 2245 2587 2300 Diem
2614 2254 2793 2299 autem
2827 2244 3006 2298 obitus
3036 2243 3117 2297 sui
3163 2241 3435 2311 discipulis
3486 2243 3781 2311 praesignia-

2192 2337 2287 2400 vit,
2312 2346 2366 2391 et
2387 2338 2647 2393 sollicitus
2675 2336 2741 2391 de
2769 2349 2931 2403 grege
2953 2335 3053 2389 sibi
3079 2335 3368 2389 commisso
3396 2377 3411 2400 ,
3443 2338 3619 2389 omnis
3660 2332 3777 2389 His-

2192 2428 2366 2497 pania:
2396 2428 2702 2495 episcopos,
2735 2427 2977 2489 abbates,
3034 2434 3089 2477 et
3137 2425 3427 2494 principes,
3472 2425 3649 2480 Toleti
3703 2426 3771 2481 ad

2191 2521 2455 2591 synodum
2486 2521 2825 2584 convocavit,
2857 2518 2946 2572 ubi
3002 2518 3159 2572 ﬁnem
3210 2518 3552 2586 praedicavit,
3585 2535 3775 2589 pacem
3821 2562 3840 2584 .

2194 2612 2442 2675 ﬁrmavit,
2471 2621 2527 2667 et
2546 2612 2779 2666 haereses
2805 2610 3200 2666 condemnavit.
3224 2609 3323 2679 Et,
3353 2625 3628 2678 regressus
3654 2612 3776 2667 Ilis-

2196 2705 2375 2773 palim,
2394 2704 2568 2773 largas
2591 2704 2962 2775 eleemosynas
2993 2702 3139 2769 fecit,
3154 2710 3210 2757 et
3237 2702 3384 2770 gravi
3403 2701 3555 2758 febre
3580 2704 3775 2772 fessus,

2193 2796 2259 2851 ad
2289 2795 2572 2851 ecclesiam
2603 2810 2662 2850 se
2690 2794 2887 2850 deferri
2905 2793 3103 2863 jussit;
3135 2802 3191 2847 et
3216 2792 3356 2848 facta
3399 2794 3647 2849 oratione
3680 2810 3779 2865 pro

2192 2886 2346 2940 venia
2393 2895 2755 2955 peccatorum,
2785 2884 3052 2939 Viaticum
3104 2885 3358 2953 suscepit,
3402 2891 3458 2937 et
3510 2884 3778 2938 residuam

2192 2976 2476 3045 pecuniam
2506 2975 2631 3030 fecit
2659 2975 2986 3045 pauperibus
3006 2974 3219 3041 erogari
3244 2991 3260 3039 ;
3291 2981 3347 3028 et
3373 2974 3507 3028 dans
3532 2974 3779 3029 osculum

2194 3066 2465 3133 omnibus,
2495 3065 2561 3118 ad
2590 3065 2781 3119 cellam
2811 3080 2960 3119 suam
2975 3063 3240 3133 reportari
3268 3079 3327 3119 se
3355 3065 3501 3122 fecit.
3518 3064 3780 3120 Omnibus

2194 3162 2372 3209 autem
2427 3154 2729 3219 silentibus,
2781 3161 2836 3207 et
2889 3154 3095 3207 obitum
3150 3140 3620 3222 exspectantibus;
3656 3163 3780 3222 post

514 3256 644 3313 tttm,
664 3246 730 3299 ad
758 3260 905 3300 mare
934 3258 1100 3312 usque
1120 3250 1527 3313 persequentes,
1552 3242 1865 3311 quibusdam
1900 3242 1968 3299 de
1980 3244 2090 3299 suis
2112 3253 2166 3317 (ζ
2196 3245 2335 3299 diem
2397 3252 2642 3314 quartam
2685 3243 3039 3297 confessionis
3084 3257 3211 3308 suae,
3235 3251 3383 3297 stans
3422 3244 3474 3297 in
3523 3243 3778 3305 ecclesia,

512 3337 697 3406 captis,
730 3335 929 3390 reversi
951 3342 1074 3389 sunt
1100 3333 1169 3387 ad
1196 3342 1436 3388 sanctum
1465 3332 1790 3404 doctorem.)

582 3425 669 3479 10.
707 3444 727 3477 t
765 3423 895 3478 Era
926 3440 1076 3478 nam
1108 3424 1449 3493 prophetavit
1477 3423 1844 3479 Machometus
1867 3424 1918 3477 in
1950 3432 2085 3478 tem-

512 3532 643 3589 pore
668 3512 900 3572 Sisebu’ti
920 3515 1237 3579 Gothorum,
1270 3523 1325 3570 et
1346 3516 1398 3569 in
1428 3524 1673 3585 tempore
1712 3514 1941 3569 ﬂeraclii
1977 3513 2087 3570 Ro-

511 3608 653 3661 mani
682 3606 1039 3677 imperatoris.
1066 3605 1259 3660 Decem
1289 3605 1443 3658 annis
1489 3612 1691 3659 sectam
1740 3604 1998 3668 obtinuit;
2032 3612 2088 3658 et

509 3700 644 3754 obiit
696 3715 803 3753 mra
837 3714 1046 3765 DCLXVI,
1070 3714 1211 3753 anno
1268 3696 1497 3753 IIeracIii
1522 3714 1650 3766 xvn,
1677 3707 1732 3754 et
1778 3699 2011 3754 docente
2032 3699 2084 3755 in

508 3788 757 3858 Hispania
784 3789 1010 3843 Isidoro.

576 3878 661 3932 II.
696 3895 715 3929 ι
753 3876 1080 3948 (Accedente
1104 3885 1281 3931 autem
1334 3892 1400 3933 eo
1444 3878 1512 3933 ad
1563 3878 1741 3935 locum
1770 3880 1860 3949 qui
1884 3877 2085 3935 Sancta

507 3967 711 4023 Eulalia
744 3966 957 4031 dicitur,
995 3967 1243 4036 apparuit
1285 3967 1567 4022 horrendae
1637 3968 1858 4022 visionis
1908 3969 2084 4022 bellua

505 4058 883 4114 immanissima
922 4072 992 4112 ex
1029 4072 1124 4112 ore
1152 4057 1300 4125 cujus
1328 4056 1659 4109 ﬂammarum
1693 4058 1918 4123 strepitu
1940 4057 2085 4109 soni-

506 4162 591 4204 tus
612 4149 947 4203 audiebatur.
971 4146 1299 4199 Hortabatur
1320 4159 1447 4197 vero
1477 4159 1608 4198 suos
1636 4151 1875 4206 sanctus,
1905 4152 1963 4197 ut
1991 4158 2079 4198 se-

504 4242 620 4295 curi
644 4239 977 4294 accederent.
1008 4234 1572 4304 Appmpinquantibus
1618 4234 1743 4300 illis,
1772 4234 1955 4299 draco,
1988 4236 2081 4291 de-

504 4330 669 4384 misso
698 4328 894 4396 capite,
917 4325 1083 4380 stetit.
1117 4324 1215 4378 Cui
1236 4333 1452 4380 sanctus
1477 4342 1490 4378 :
1523 4323 1580 4379 In
1603 4326 1842 4390 nomine,
1886 4326 2079 4395 inquit,

504 4422 632 4477 Jesu
660 4419 855 4474 Christi
885 4417 1135 4488 prascipio
1157 4416 1275 4481 tibi,
1305 4425 1364 4470 ut
1418 4431 1510 4471 eas
1552 4419 1603 4472 in
1634 4416 1808 4474 locum
1834 4419 1920 4473 ubi
1951 4420 2081 4475 nulli

507 4529 708 4569 noceas
730 4520 1008 4567 creaturzc.
1032 4509 1111 4564 Ad
1132 4511 1235 4565 hoc
1260 4525 1503 4581 serpens,
1526 4528 1647 4566 cum
1669 4514 1826 4570 sibilo
1854 4523 1909 4570 et
1939 4525 2079 4571 stre-

506 4608 621 4677 pitu
641 4605 919 4668 recedens,
949 4618 1209 4672 nusquam
1233 4605 1582 4673 comparuit.)
1656 4626 1666 4635 ο

576 4701 680 4770 91
715 4697 801 4751 12.
834 4716 850 4748 t
882 4694 1145 4767 (Cumque
1175 4695 1653 4765 appropinquasset
1681 4696 1915 4753 Isidorus
1962 4698 2079 4755 His-

506 4790 692 4861 palim,
719 4787 953 4843 occurrit
979 4786 1027 4841 ei
1053 4785 1333 4840 multitudo
1372 4785 1712 4851 clericorum,
1738 4788 2079 4854 scholarium,

505 4879 913 4942 monachorum,
946 4883 1001 4930 et
1022 4876 1278 4929 laicorum
1309 4891 1429 4929 cum
1458 4889 1653 4943 magno
1680 4877 1902 4945 gaudio;
1933 4886 1987 4933 et
2016 4894 2081 4933 ex

502 4966 902 5037 compressione
933 4965 1206 5018 turbartnn
1232 4965 1693 5029 concurrentium,
1724 4976 1781 5020 ut
1802 4976 2084 5034 tangerent

504 5058 737 5112 limbrias
758 5056 927 5110 sancti
950 5054 1401 5121 Patris,quaadam
1430 5056 1621 5109 mulier
1643 5071 1921 5125 praegnans
1946 5074 2081 5129 pra:-

502 5152 678 5204 focata
700 5144 1009 5215 exspiravit.
1036 5142 1190 5211 Quod
1218 5158 1445 5199 cernens
1483 5157 1721 5215 sanctus,
1744 5147 1877 5203 tiens
1906 5150 2079 5205 oravit

503 5239 811 5303 Dominum,
836 5243 891 5290 et
915 5234 1147 5289 surrexit
1168 5234 1364 5289 mulier
1384 5234 1569 5291 dicens
1594 5254 1607 5289 :
1643 5236 1965 5294 Benedictus
1993 5248 2071 5308 tu,

501 5328 684 5390 Pater,
715 5326 838 5394 quia
870 5339 966 5393 per
991 5331 1045 5377 te
1077 5338 1176 5391 ego
1204 5332 1259 5377 et
1280 5323 1418 5378 filius
1446 5340 1597 5380 meus
1648 5325 1858 5381 liberati
1889 5344 2075 5386 sumus

498 5421 568 5476 de
596 5433 757 5474 manu
788 5415 1006 5470 inimici.
1038 5413 1105 5467 Et
1125 5415 1417 5470 sciscitanti
1446 5417 1644 5486 populo
1672 5420 1902 5487 qualiter
1949 5436 2073 5476 eve-

502 5514 666 5567 nisset
693 5510 765 5578 ei,
788 5506 1099 5580 respondit:
1132 5505 1506 5578 Egredientem
1530 5511 1767 5575 animam
1810 5528 1982 5568 meam
2021 5522 2077 5570 et

501 5604 735 5657 animam
768 5600 859 5655 lilii
883 5598 1115 5667 mci,qui
1138 5598 1189 5652 in
1218 5608 1372 5653 utero
1399 5606 1499 5665 est,
1532 5610 1745 5657 caterva
1774 5604 2071 5661 dzemonum

504 5692 729 5745 nexibus
757 5691 926 5759 igneis
949 5703 1042 5745 eas
1062 5690 1129 5743 ad
1163 5690 1349 5759 ptinas
1389 5704 1609 5761 carpere
1654 5693 1948 5762 parabant;
1978 5697 2071 5753 sed

503 5780 740 5849 glorioso
770 5778 929 5835 Patre
957 5795 1053 5849 pro
1102 5779 1256 5835 nobis
1284 5788 1491 5839 orante.
1523 5781 1701 5837 audita
1724 5792 1806 5838 est
1834 5801 1957 5853 vox,
1990 5789 2068 5843 di-

2190 3346 2407 3410 peracto
2461 3350 2709 3391 sermone
2755 3336 2819 3389 ad
2857 3335 3131 3405 populum,
3164 3335 3423 3405 expandit
3470 3350 3662 3390 manus
3712 3335 3779 3388 ad

2188 3430 2405 3494 coelum,
2454 3437 2509 3483 et
2538 3427 2860 3482 benedicens
2888 3427 3154 3491 omnibus,
3187 3440 3405 3496 gregem
3456 3425 3568 3481 Deo
3626 3441 3780 3482 com-

2188 3522 2425 3585 mittens,
2455 3530 2703 3574 sanctum
2750 3519 2859 3573 Deo
2911 3518 3125 3571 tradidit
3153 3518 3422 3587 spiritum.
3455 3517 3521 3571 Et
3549 3519 3615 3572 de
3646 3534 3774 3573 cor-

2188 3627 2321 3683 pore
2340 3611 2454 3679 ejus
2480 3619 2629 3663 tanta
2656 3608 2865 3664 effluxit
2913 3609 3205 3677 fragrantia
3234 3609 3473 3662 omnium
3499 3610 3605 3680 92
3649 3624 3776 3664 aro-

2188 3710 2390 3757 malum
2416 3702 2634 3755 vincens
2654 3700 2896 3764 odorem,
2928 3708 2987 3752 ut
3014 3714 3202 3753 omnes
3219 3699 3306 3767 qni
3336 3700 3559 3753 aderant
3578 3700 3772 3754 coeles-

2191 3792 2230 3847 ti
2262 3791 2466 3861 perfrui
2508 3790 2838 3845 beatitudine
2864 3788 3196 3842 viderentur.
3229 3788 3565 3843 Diversarum
3594 3799 3773 3845 autem

2187 3882 2562 3952 mgritttdinnm
2616 3886 3007 3933 concurrerunt
3060 3876 3274 3943 inﬁrmi,
3307 3880 3417 3946 qui,
3448 3895 3554 3934 non
3598 3881 3770 3934 solum

2188 3981 2335 4027 tactu
2365 3970 2625 4038 corporis,
2653 3968 2746 4022 sed
2777 3968 2895 4022 solo
2924 3967 3093 4023 odore
3134 3969 3370 4038 pristina:
3409 3973 3771 4026 restituuntur

2186 4062 2425 4119 sanitati.
2456 4061 2643 4115 Plures
2672 4060 2920 4113 viderunt
2949 4059 3065 4127 ejus
3092 4062 3326 4115 animam
3356 4062 3423 4116 ab
3453 4064 3657 4132 angelis
3680 4063 3769 4133 ju-

2186 4154 2475 4209 bilantibus
2497 4153 2550 4206 in
2580 4152 2808 4207 sublime
2835 4151 3056 4219 deferri,
3082 4160 3138 4208 et
3165 4151 3436 4208 Christum
3467 4171 3588 4209 cum
3616 4158 3768 4210 innu-

2186 4244 2430 4298 merabili
2448 4251 2755 4297 sanctorum
2782 4242 3037 4313 (caterva)
3062 4244 3111 4299 ei
3136 4244 3347 4298 obviam
3364 4246 3765 4313 procedentem.

2185 4335 2414 4403 Quidam
2442 4335 2716 4389 familiaris
2736 4335 2854 4401 ejus
2880 4335 3059 4399 tristis,
3092 4346 3275 4404 raptus
3304 4336 3358 4390 in
3388 4337 3608 4403 exstasi,
3638 4336 3765 4390 vidit

2186 4442 2310 4481 eum
2348 4442 2468 4482 cum
2518 4426 2859 4494 virginitatis,
2893 4434 2948 4480 et
2991 4425 3347 4481 confessionis
3378 4443 3577 4483 corona
3628 4429 3766 4482 inter

2186 4519 2502 4575 innocentes
2549 4519 2838 4588 primatum
2887 4527 3108 4583 tenere,
3158 4528 3214 4573 et
3274 4519 3539 4574 dicentem
3595 4519 3696 4573 sibi
3747 4534 3761 4569 :

2107 4591 2162 4653 D
2189 4613 2505 4677 Consolare,
2533 4611 2655 4681 quia
2674 4620 2892 4681 paratus
2913 4626 3030 4665 sum
3055 4626 3149 4680 per
3176 4624 3261 4664 me
3283 4610 3539 4663 auxilium
3572 4610 3761 4679 implo-

2189 4704 2461 4759 ratorihus
2505 4701 2687 4774 [Forte
2737 4700 3167 4771 implorantibus]
3250 4699 3391 4753 ferre
3443 4691 3758 4754 subsidium.

2186 4791 2330 4846 Obiit
2356 4799 2536 4847 autem
2590 4805 2697 4844 tera
2727 4806 2830 4843 Lxx
2853 4804 2928 4843 llll
2963 4790 3122 4858 (deest
3145 4786 3251 4859 nc),
3286 4788 3624 4857 episcopatus
3678 4787 3757 4842 sui

2186 4898 2252 4935 xt.
2310 4896 2473 4947 anno,
2507 4878 2673 4933 Nonis
2720 4878 2933 4945 Aprilis,
2989 4886 3233 4946 tempore
3285 4877 3563 4932 Cinciliani
3619 4876 3757 4944 regis

2183 4970 2448 5041 Hispania:
2475 4978 2529 5024 et
2558 4968 2803 5025 lieraclei
2833 4968 3170 5035 imperatoris
3196 4966 3590 5036 Romanorum,
3616 4968 3755 5021 illius

2183 5059 2274 5129 qui
2312 5074 2527 5115 crucem
2557 5057 2769 5113 Domini
2795 5073 2826 5111 a
2849 5058 3086 5112 Cosdroe
3126 5056 3340 5110 allatam
3374 5056 3753 5129 Hierosolymis

2181 5148 2433 5213 restituit,
2478 5156 2532 5203 et
2584 5147 2861 5203 exaltavit.
2890 5146 2953 5200 Et
3006 5146 3246 5216 sepultus
3270 5156 3352 5202 est
3373 5147 3573 5217 Hispali
3619 5149 3752 5203 inter
3813 5158 3821 5199 Υ

2181 5238 2481 5295 Leandrum
2511 5239 2729 5293 fratrem
2758 5255 2931 5303 suum,
2965 5246 3021 5294 et
3074 5238 3333 5307 virginem
3386 5237 3749 5295 Florentinam

2176 5347 2418 5387 sororem
2453 5346 2627 5385 suam.
2665 5331 3067 5386 Testamentum
3097 5330 3298 5384 nullum
3322 5328 3471 5397 fecit,
3493 5331 3639 5400 quia,
3658 5344 3749 5383 an-

2174 5431 2393 5494 tequam
2421 5423 2614 5484 obiret,
2640 5422 2964 5491 pauperibus
2985 5421 3256 5476 distribuit
3281 5423 3460 5476 omnia
3513 5437 3632 5492 quae
3657 5422 3749 5475 ha-

2177 5515 2359 5570 bebat.
2395 5513 2560 5585 (Duas
2582 5513 2828 5568 lucernas
2855 5498 2976 5567 arte
3001 5512 3233 5567 naturali
3264 5512 3391 5569 fecit
3419 5514 3532 5583 ipse
3561 5525 3747 5583 perpe-

2180 5605 2272 5659 tim
2294 5604 2566 5671 ardentes,
2589 5618 2812 5673 quarum
2844 5619 2949 5659 una
2994 5604 3061 5659 ad
3094 5613 3278 5675 caput,
3300 5606 3458 5660 aliam
3486 5605 3552 5660 ad
3586 5601 3744 5674 pedes

2176 5704 2490 5776 posuerunt,
2522 5704 2581 5753 ut
2616 5697 2871 5753 continue
2920 5712 3117 5767 corpus
3168 5698 3560 5754 sanctissimum
3588 5696 3738 5751 illus-

2178 5799 2426 5862 trarent.)
