4060 6198
382 286 448 343 st
1453 297 1511 352 ts
1538 296 1857 378 DORIANA.
1898 329 1967 339 —
2007 299 2180 356 mas
2220 300 2257 355 l.‘
2300 302 2452 360 (λιι).
2496 305 2607 359 xv.
3575 325 3642 378 ιη

460 401 548 457 15.
588 420 607 453 ι
644 400 799 457 Anno
821 410 998 458 autem
1020 420 1160 460 Lxxx
1185 415 1309 475 post
1336 409 1538 463 obitum
1582 411 1771 466 lsidori
1825 420 1961 466 tem-
1997 425 2038 475 Α
2068 422 2193 477 tem,
2219 415 2431 483 penitus
2447 417 2557 485 jam
2586 418 2791 489 pridem
2819 420 3102 491 invaserat,
3131 436 3440 484 constanter
3469 435 3641 501 palam

382 508 520 564 pore
550 492 795 550 Hoderici
823 504 978 565 capta
1010 506 1091 552 est
1120 497 1373 569 Hispania
1410 517 1439 554 a
1478 503 1764 560 Saracenis
1792 521 1965 576 usque

380 583 450 637 ad
482 598 694 649 covam,
724 599 845 653 quae
869 584 1063 641 dicitur
1086 586 1295 644 Sanctae
1328 591 1529 656 Μαι-ιω,
1562 594 1649 650 ubi
1697 596 1961 667 Pelagius,

380 689 451 728 ex
478 676 624 741 regia
652 674 872 730 traduce
927 677 1204 743 oriundus,
1229 689 1283 735 et
1311 682 1399 737 alii
1438 695 1557 753 post
1581 701 1703 741 eum
1733 687 1961 744 Sarace-

389 779 490 817 nos
544 764 771 817 vitiliter
822 778 1282 835 expugnaverunt.
1320 773 1475 828 Anno
1518 785 1695 830 autem
1751 777 1960 836 Domini

378 852 538 916 1062,
564 864 824 922 regnante
854 871 980 925 rege
1005 858 1297 925 Ferrando,
1323 863 1432 917 lilio
1454 868 1593 934 regis
1620 866 1819 934 Sancii,
1837 885 1959 925 cum

377 959 548 999 uxore
575 960 672 998 sua
694 944 901 1011 Santia,
918 950 1234 1005 translatum
1265 960 1349 1008 est
1374 969 1572 1024 corpus
1599 959 1739 1013 beati
1771 958 1961 1016 lsidori

376 1034 431 1087 in
458 1033 643 1087 urbem
668 1033 1056 1102 Legionensem
1088 1055 1116 1092 x
1147 1037 1413 1097 Kalendas
1437 1042 1697 1100 Januarii.
1737 1066 1757 1098 ι

445 1122 535 1175 16.
570 1123 691 1177 Haec
717 1123 833 1177 Vita
857 1140 885 1178 a
912 1124 1175 1183 Roderico
1212 1129 1517 1186 Cerratensi
1574 1136 1779 1207 scripta
1803 1154 1956 1195 com-

375 1212 629 1281 pendium
678 1214 949 1281 quoddam
979 1226 1063 1271 est
1092 1219 1312 1275 alterius
1338 1221 1477 1277 Vita:
1521 1239 1551 1278 a
1593 1225 1957 1286 Bollandianis

373 1304 555 1368 editae,
586 1313 811 1361 auctore
846 1307 1118 1365 Canonico
1142 1312 1483 1383 Legionensi,
1516 1320 1605 1388 qui
1639 1320 1810 1379 Lucas
1841 1324 1953 1379 Tu-

372 1396 565 1452 densis
607 1414 636 1452 a
698 1400 968 1455 nonnullis
1023 1404 1277 1459 creditur.
1311 1406 1473 1463 Multa
1534 1411 1584 1464 in
1624 1428 1687 1467 ea
1714 1424 1835 1468 sunt
1862 1426 1955 1471 aut

367 1474 555 1555 aperte
595 1487 746 1553 falsa,
780 1498 873 1543 aut
922 1490 1113 1546 saltem
1157 1494 1340 1562 dubia,
1387 1508 1442 1551 et
1488 1504 1833 1573 apOCrypha;
1887 1522 1951 1561 ea

368 1578 671 1644 pnesertim
703 1594 822 1648 qua:
852 1579 1125 1638 Florezius
1155 1587 1363 1641 uncinis
1389 1589 1569 1644 clausa
1596 1607 1716 1647 esse
1745 1594 1947 1662 voluit;

363 1668 459 1735 qui
491 1668 682 1724 breves
709 1679 868 1726 notas
888 1673 1148 1742 adjunxit.
1173 1675 1331 1731 Num.
1361 1678 1415 1744 ἓ,
1441 1681 1493 1734 in
1543 1686 1642 1736 nis.
1676 1695 1791 1738 erat
1812 1688 1947 1756 δραι,

364 1774 466 1827 pro
495 1774 602 1827 quo
625 1759 898 1817 Florezius
926 1765 1091 1820 edidit
1142 1770 1498 1838 spiritualiter,
1528 1784 1582 1828 et
1626 1779 1948 1845 conjiCtebat
1983 1796 2022 1853 Β

360 1849 675 1916 specialiter,
706 1859 799 1904 aut
821 1851 1013 1920 aliquid
1039 1855 1361 1924 hujusmodi.
1395 1860 1717 1933 Suspicabar
1754 1868 1942 1939 dilige-

358 1936 450 1988 bat
474 1954 705 2006 puerum.
741 1940 891 2009 Spali
939 1943 1061 2010 (pro
1113 1944 1340 2019 Hispali)
1380 1962 1528 2005 extra
1557 1958 1801 2023 patriam,
1835 1936 1942 2014 etc.

360 2024 516 2079 Num.
547 2026 603 2093 5,
651 2031 790 2097 apud
850 2030 1230 2091 Bollandianos
1283 2042 1455 2095 nescio
1497 2046 1543 2097 si
1594 2062 1728 2115 quo;
1761 2049 1813 2102 in
1842 2064 1939 2103 ms.

357 2113 585 2170 Florezii
618 2119 828 2173 videtur
856 2121 1020 2177 luisse
1049 2128 1273 2179 nescitur
1300 2146 1418 2199 quo.
1443 2129 1573 2185 Ibid.
1607 2113 1942 2193 Dollandiani

356 2208 542 2275 legunt
571 2210 936 2279 temporalibus
977 2214 1210 2269 divitiis:
1240 2233 1337 2274 ms.
1393 2218 1623 2277 Florezii
1645 2228 1842 2282 omittit
1862 2230 1942 2284 di-

353 2300 509 2360 vitiis,
538 2302 681 2368 quod
712 2304 763 2356 in
794 2306 1115 2371 compendio
1140 2308 1273 2364 Vita:
1327 2314 1583 2369 omissum
1616 2316 1843 2377 fortasse
1874 2326 1941 2378 ab

353 2389 473 2458 ipso
505 2389 770 2447 Roderico
793 2404 896 2449 est.
929 2396 1086 2451 Num.
1138 2398 1223 2466 14,
1257 2416 1355 2470 pro
1383 2402 1554 2460 Nonis
1579 2408 1774 2480 Aprilis
1815 2413 1939 2469 Flo-

355 2480 534 2534 rezius
563 2481 667 2551 legi
692 2482 846 2551 jubet
877 2484 1025 2539 Prid.
1058 2486 1203 2544 Non.
1230 2491 1381 2562 Apr.,
1413 2510 1535 2550 nam
1566 2500 1653 2555 die
1681 2500 1715 2553 4
1746 2504 1939 2571 Aprilis

352 2568 615 2628 lsidorum
670 2577 989 2642 decessisse.
1020 2584 1321 2640 communis
1349 2596 1403 2641 et
1444 2604 1614 2659 prope
1663 2594 1769 2665 93
1791 2605 1937 2651 certa

347 2663 617 2717 sententia
646 2673 747 2719 est.
772 2667 927 2721 Num.
955 2668 1040 2735 15,
1064 2673 1439 2743 corrigendum
1465 2688 1549 2735 est
1571 2683 1715 2752 quod
1734 2663 1940 2743 dicitur

346 2766 489 2805 anno
516 2765 683 2808 autem
706 2773 883 2823 Lux;
916 2760 969 2814 in
1000 2762 1134 2817 actis
1174 2767 1536 2825 translationis
1556 2771 1750 2842 legitur
1771 2792 1935 2833 Lxxv.

420 2841 508 2896 ΓΙ.
534 2843 769 2900 Dubitari
802 2851 962 2904 etiam
991 2861 1187 2921 potest,
1219 2870 1287 2909 an
1325 2859 1415 2913 alii
1461 2862 1570 2916 sint
1598 2841 1935 2924 librariorum

344 2947 579 3000 errores,
624 2946 681 2991 ut
733 2956 877 2994 nutu.
914 2942 1003 3010 15,
1048 2946 1245 3015 synodo
1287 2947 1499 3021 Hispali
1545 2955 1801 3013 celebrato
1838 2976 1935 3030 pro

343 3023 624 3097 celebrata,
647 3038 703 3083 et
726 3047 874 3087 nunt.
906 3032 991 3098 14,
1021 3051 1221 3091 crucem
1242 3037 1456 3095 Domini
1484 3060 1517 3097 a
1548 3044 1771 3103 Cosdroe
1799 3023 1933 3105 alla-

2064 505 2354 571 arguebat;
2386 516 2444 560 ut
2484 523 2650 577 prope
2691 509 2850 565 fuerit
2879 520 2939 567 ut
2982 515 3050 570 ab
3080 517 3292 574 Arianis
3334 533 3638 583 necaretur.

2062 590 2168 645 Sed
2217 594 2484 649 cohibitus
2539 612 2570 650 a
2618 597 2882 666 Leandro,
2925 601 3068 659 hunc
3122 606 3224 662 sibi
3275 625 3640 669 successorem

2062 683 2179 737 lore
2206 686 2572 755 praesagiente,
2605 697 2678 754 ct,
2709 699 2766 742 ut
2813 706 2873 745 se
2898 694 3251 751 commodiori
3296 703 3526 770 tempori
3558 720 3643 757 re-

2060 782 2318 840 servaret,
2348 776 2675 844 admonitus,
2708 778 3126 849 indignationem
3167 793 3509 859 temperavit.
3540 793 3642 863 lgi-

2063 866 2148 910 tur
2172 856 2417 915 Leandro
2446 864 2553 916 vita
2577 863 2779 931 ﬁtncto,
2817 867 3049 926 Isidorus
3075 856 3435 945 magno'regis
3467 856 3642 937 Reca-

2060 950 2175 1004 redi
2202 961 2259 1004 et
2294 952 2477 1022 pepuli
2521 968 2786 1011 consensu
2843 959 2895 1012 in
2924 959 3225 1030 Hispalensi
3275 968 3639 1040 archiepisco-

2059 1052 2186 1111 patu
2214 1044 2491 1100 suﬁicitur.
2525 1047 2693 1113 Quam
2725 1051 3041 1107 electionem
3072 1054 3129 1108 S.
3179 1055 3469 1127 Gregorius
3500 1080 3638 1136 papa

2058 1133 2430 1201 conﬁrmavit,
2478 1137 2636 1205 eique
2710 1140 2926 1207 pallium
3001 1144 3146 1198 misit
3196 1146 3249 1200 in
3306 1133 3635 1220 Hispaniain.

2057 1218 2324 1286 Quantum
2353 1240 2479 1279 vero
2519 1228 2758 1294 poutilex
2810 1229 3002 1297 factus,
3041 1234 3151 1304 94
3190 1234 3352 1292 fuerit
3388 1218 3640 1297 constans

2056 1321 2111 1366 et
2141 1312 2376 1381 humilis,
2407 1317 2613 1385 patiens
2642 1328 2694 1371 et
2743 1320 3019 1389 benignus,
3053 1329 3388 1396 compatiens
3431 1334 3639 1391 miseris

2055 1414 2111 1457 ct
2140 1410 2481 1475 pauperibus,
2506 1419 2562 1463 et
2599 1414 2807 1467 cunctis
2843 1415 3129 1473 virtutibus
3159 1420 3463 1491 insignitus,
3517 1429 3636 1480 nul-

2055 1494 2154 1549 lius
2180 1496 2359 1565 lingua
2387 1499 2657 1556 sulticeret
2704 1504 2769 1557 ad
2811 1507 3159 1564 narrandum.
3184 1510 3497 1569 Construxit
3527 1533 3638 1572 mo-

2054 1586 2328 1651 nasteria,
2364 1597 2420 1642 et
2456 1591 2680 1659 collegia
2736 1594 3016 1651 aediﬁcavit
3049 1616 3062 1652 :
3098 1599 3148 1653 in
3178 1603 3393 1672 quibus,
3444 1607 3633 1662 studiis

2053 1676 2220 1731 sacris
2246 1686 2300 1731 et
2335 1679 2531 1737 dixinis
2562 1682 2881 1739 lectionibus
2926 1705 3141 1757 vacans,
3176 1693 3435 1760 plurimos
3474 1699 3637 1755 disci-

2051 1765 2226 1833 pulos,
2254 1767 2344 1834 qui
2368 1768 2433 1823 ad
2475 1787 2597 1825 eum
2625 1771 2986 1840 conﬂuebant,
3019 1781 3260 1835 erudivit
3287 1800 3300 1835 :
3334 1784 3473 1839 inter
3499 1801 3635 1855 quos

2048 1853 2147 1908 fuit
2177 1855 2235 1909 Β.
2263 1856 2580 1925 l'ldefonsus,
2607 1860 3162 1924 ToletanteEcclesia:
3201 1882 3386 1940 postea
3426 1853 3636 1933 archie-

2046 1946 2316 2015 piscopus.
2363 1949 2592 2019 Scripsit
2633 1954 2826 2009 librum
2874 1956 3354 2030 Etytnologiarum,
3386 1973 3441 2021 et
3490 1970 3634 2023 sacri

2044 2038 2278 2094 Canonis
2322 2041 2487 2097 libros
2528 2044 2788 2113 plurimos
2838 2058 3235 2106 commentatus
3282 2062 3411 2108 est:
3453 2065 3508 2111 et
3553 2066 3634 2112 tot

2044 2136 2301 2199 tantoque
2345 2133 2447 2186 alia
2480 2134 2756 2189 volumina
2794 2138 3009 2207 scripsit
3039 2149 3096 2193 ut
3138 2142 3371 2200 humana
3405 2148 3490 2202 vix
3524 2149 3632 2203 vita

2043 2221 2205 2276 tantis
2230 2221 2455 2279 suffecta
2484 2225 2757 2282 laboribus
2786 2227 3051 2284 videatur.
3094 2231 3198 2286 Sed
3240 2234 3332 2302 qui
3361 2235 3473 2292 Deo
3516 2246 3631 2292 stu-

2041 2309 2190 2377 dent,
2242 2313 2376 2367 nihil
2407 2330 2516 2368 non
2552 2316 2793 2383 proclive
2834 2319 3094 2384 sentiunt,
3137 2322 3267 2377 nihil
3299 2325 3491 2381 frustra
3536 2344 3630 2384 co-

2042 2410 2257 2467 nantur,
2291 2403 2422 2458 nihil
2476 2420 2585 2459 non
2613 2421 2681 2461 ex
2702 2416 2833 2463 voto
2867 2421 3294 2481 consequuntur.
3324 2415 3444 2471 Fuit
3472 2419 3629 2473 deni-

2039 2505 2146 2559 que
2185 2492 2374 2547 lsidori
2413 2502 2565 2548 tanta
2600 2495 2858 2551 doctrina:
2886 2513 2950 2554 ac
2995 2501 3300 2558 sanctitatis
3335 2503 3538 2574 Opinio,
3572 2518 3629 2564 ut

2037 2590 2232 2636 coacto
2276 2582 2507 2638 concilio
2576 2587 2837 2654 generali,
2893 2588 3033 2645 ultro
3088 2588 3247 2646 fuerit
3297 2609 3327 2647 a
3376 2596 3630 2665 pontiﬁce

2038 2674 2276 2730 maximo
2304 2685 2547 2732 vocatus.
2593 2676 2695 2734 Ubi
2724 2681 2915 2735 mirum
2955 2692 3057 2747 est,
3087 2694 3342 2753 quantum
3375 2690 3628 2759 ponderis

2037 2770 2093 2817 et
2121 2766 2457 2821 auctoritatis
2484 2766 2733 2824 habuerit
2762 2771 2814 2823 in
2844 2772 3066 2840 singulis
3095 2775 3255 2831 rebus
3285 2775 3477 2833 lsidori
3497 2795 3626 2835 sen-

2040 2854 2205 2909 tentia
2236 2856 2378 2923 apud
2409 2857 2718 2926 pontiﬁcem
2748 2867 2807 2914 et
2832 2876 3018 2916 omnes
3047 2864 3315 2932 praelatos.
3361 2866 3625 2924 Reversus

2038 2953 2217 3000 autem
2248 2945 2301 3000 in
2330 2946 2661 3017 Hispaniam,
2695 2964 2815 3004 cum
2845 2966 2997 3007 suam
3027 2963 3254 3009 mortem
3277 2964 3333 3010 et
3358 2956 3624 3028 Hispanire

2038 3035 2395 3090 vastationem
2426 3050 2455 3089 a
2478 3035 2761 3093 Saracenis
2786 3040 2997 3108 publice
3036 3044 3391 3112 praedixisset,
3424 3046 3622 3115 migra~

342 3125 451 3168 sum
485 3133 581 3186 pro
610 3119 855 3177 ablatam.
881 3123 1178 3183 Rodericus
1201 3128 1534 3191 Cerratensis
1565 3137 1768 3195 ordinis
1795 3139 1932 3197 Prm-

2042 3127 2119 3180 vit
2143 3143 2175 3182 e
2197 3128 2307 3182 vita
2333 3128 2506 3197 pridie
2532 3129 2713 3185 Nonas
2740 3131 2956 3201 Aprilis,
2985 3148 3126 3189 anno
3157 3134 3367 3191 Domini
3393 3152 3620 3194 sexcen-

343 3203 641 3261 dicatorum
670 3209 859 3265 claruit
881 3215 1078 3269 saeculo
1102 3231 1215 3283 xm,
1233 3217 1382 3275 Vitas
1407 3232 1716 3281 sanctorum
1745 3243 1815 3283 ex
1841 3246 1939 3284 an-

341 3293 507 3365 tiquis
525 3298 873 3355 ecclesiarum
897 3304 1176 3361 breviariis
1201 3308 1427 3380 aliisque
1446 3320 1807 3375 monumentis
1830 3320 1935 3375 col-

341 3382 492 3452 legit,
520 3388 754 3444 nondum
776 3392 968 3459 editas,
996 3398 1180 3464 paucis
1205 3403 1480 3471 exceptis,
1510 3420 1627 3474 qua:
1656 3408 1709 3462 in
1740 3408 1931 3479 Hispa-

338 3477 427 3531 nia
457 3477 626 3534 Sacra
664 3483 894 3550 vulgata:
942 3496 1085 3542 sunt.
1131 3489 1259 3557 Ejus
1312 3496 1643 3552 mentionem
1683 3516 1781 3555 nec
1812 3477 1928 3558 Nic.

335 3567 608 3626 Antonius
636 3571 687 3626 in
712 3572 1091 3632 Bibliotlt.Vet.
1126 3579 1298 3648 Hisp.,
1321 3600 1421 3638 nec
1446 3586 1700 3655 Bayerius
1728 3591 1780 3645 in
1811 3603 1928 3649 not.

335 3661 563 3716 faciunt.
612 3662 886 3720 Florezitts
936 3674 1066 3722 tom.
1102 3686 1159 3724 ιιι
1210 3670 1360 3743 Hisp.
1394 3673 1570 3740 Sacr.,
1630 3695 1750 3749 pag.
1804 3684 1928 3752 596,

248 3734 255 3739 ί
335 3770 483 3806 num.
518 3752 553 3805 4
574 3752 844 3825 Append.,
869 3773 932 3813 ex
964 3760 1080 3829 ipso
1107 3734 1442 3820 Cerratensis
1472 3734 1653 3837 opere,
1684 3734 1925 3841 quisnam

334 3845 382 3899 is
406 3848 570 3899 homo
600 3846 783 3916 fuerit,
826 3852 1059 3921 collegit,
1088 3869 1248 3924 quem
1289 3872 1460 3929 prope
1490 3861 1731 3918 medium
1756 3882 1924 3923 saecu-

331 3937 443 3992 lum
477 3954 566 3993 xm
594 3940 875 4010 scripsisse
904 3942 1155 4000 afﬁrmat.

406 4027 494 4081 18.
529 4028 583 4083 In
627 4032 794 4085 veteri
836 4033 1075 4090 editione
1114 4036 1375 4093 librorum
1405 4041 1462 4096 S.
1512 4042 1699 4102 lsidori
1733 4059 1920 4106 contra

331 4114 565 4181 Judmos,
613 4134 731 4187 qua:
761 4120 828 4174 ad
871 4138 1068 4177 annum
1102 4124 1237 4179 1485
1281 4130 1532 4200 refertur,
1564 4145 1622 4189 ut
1651 4152 1917 4208 exponam

331 4220 452 4274 cap.
484 4206 571 4271 66,
602 4217 726 4262 sunt
753 4223 1004 4281 excerpta
1034 4216 1273 4283 quzedam
1304 4234 1368 4273 ex
1400 4222 1500 4278 hac
1517 4223 1654 4291 Vita,
1687 4206 1745 4281 ut
1772 4231 1919 4285 vidc-

328 4303 441 4362 tur,
484 4297 567 4350 vel
614 4314 680 4353 ex
728 4299 1047 4357 lectionibus
1100 4306 1322 4375 alicujus
1386 4309 1549 4367 cilicii
1597 4314 1655 4370 S.
1702 4317 1911 4375 lsidori.

329 4386 463 4440 Cum
506 4388 556 4440 in
600 4389 666 4443 iis
718 4389 997 4461 Excerptis
1048 4394 1273 4463 legatur,
1315 4402 1541 4453 nescitur
1581 4421 1680 4472 quo
1730 4407 1913 4462 ductus

2042 3216 2234 3270 tesimo
2262 3217 2535 3285 trigesimo
2577 3220 2787 3288 quinto,
2832 3220 3134 3279 Sisenando
3164 3224 3215 3278 in
3247 3224 3505 3296 Hispania
3530 3244 3620 3284 re-

2037 3314 2269 3373 gnante,
2293 3308 2640 3378 sepultusque
2668 3310 2768 3365 luit
2800 3309 3020 3383 Hispali.
3052 3313 3201 3368 Unde
3235 3324 3419 3384 postea
3448 3326 3619 3374 trans-

2034 3395 2177 3450 latus
2205 3406 2286 3451 est
2314 3398 2367 3451 in
2401 3399 2584 3454 urbem
2608 3399 2896 3470 Legionem
2919 3419 2949 3458 a
2977 3404 3259 3461 Fernando
3293 3406 3346 3471 Ι,
3372 3406 3618 3466 Castellae

2034 3486 2191 3539 simul
2222 3495 2279 3541 et
2308 3487 2557 3555 Legionis
2587 3503 2733 3560 rege,
2765 3492 2857 3558 qui
2886 3492 2991 3547 hoc
3021 3493 3088 3547 ab
3120 3494 3291 3549 Eneto
3319 3495 3613 3565 Saraceno,

2034 3573 2235 3643 Hispali
2266 3587 2543 3648 regnante,
2568 3581 2777 3649 magnis
2816 3583 3061 3651 precibus
3095 3590 3149 3637 et
3189 3587 3420 3653 prmmiis
3446 3588 3616 3659 impe-

2033 3668 2193 3721 travit
2228 3670 2423 3738 :cujus
2474 3673 2692 3726 nomine
2722 3673 2974 3741 templum
3014 3673 3333 3731 mdiﬁoatum
3387 3687 3469 3734 est
3513 3679 3615 3736 Le-

2027 3756 2222 3823 gione;
2247 3758 2334 3811 ubi
2373 3759 2640 3827 sepultus,
2669 3761 2939 3816 miraculis
2969 3762 3167 3828 clarus,
3197 3764 3391 3820 colitur
3421 3782 3608 3838 magna

2028 3846 2215 3915 populi
2245 3847 2529 3913 religione.
2568 3868 2587 3900 ι

2306 3935 2633 3990 Constantini
2668 3937 2869 3992 abbatis
2896 3940 3136 4010 Cajetani
3164 3951 3322 3997 notae.

2090 4020 2145 4075 2.
2200 4021 2354 4076 Hanc
2393 4024 2454 4078 S.
2485 4022 2678 4079 lsidori
2729 4024 2859 4081 Viue
2889 4028 3178 4082 Historiam
3224 4031 3492 4087 habuimus
3541 4053 3606 4089 ea:

2020 4126 2079 4163 eo
2126 4109 2296 4166 libello
2346 4114 2433 4183 qui
2481 4114 2751 4184 sejunctim
2799 4118 3077 4186 impressus
3121 4119 3419 4191 Antuerpia:
3468 4124 3606 4177 15ἷῖ

2019 4203 2364 4271 amplectitur,
2388 4213 2444 4257 ut
2471 4222 2531 4260 eo
2571 4206 2682 4261 loco
2702 4217 3040 4275 pramotatur,
3072 4209 3245 4279 Festa.
3272 4221 3600 4279 sanctorum,

2018 4297 2073 4342 et
2097 4304 2283 4343 eorum
2312 4290 2497 4348 Ofﬁcia
2542 4295 2789 4364 propria,
2820 4299 3143 4352 auctoritate
3179 4302 3472 4369 apostolica
3516 4320 3601 4359 rc-

2015 4388 2192 4447 cepta,
2221 4395 2341 4447 qua:
2366 4382 2419 4435 in
2450 4384 2638 4439 ordine
2667 4386 2773 4439 divi
2804 4385 2991 4442 Jacobi
3022 4390 3073 4443 in
3105 4389 3356 4460 Hispania
3395 4397 3598 4464 specia-

327 4478 528 4544 spiritu,
557 4491 737 4547 posset
757 4496 905 4535 num.
935 4481 968 4535 5
997 4483 1128 4538 Vita:
1154 4486 1369 4540 retineri
1406 4468 1647 4556 nescitur,
1679 4510 1775 4563 pro
1803 4512 1912 4565 quo
1942 4513 1991 4571 ι)
2019 4468 2138 4523 mer
2164 4472 2524 4571 celebrf?fu_r'
2558 4473 2761 4571 ξαάωη-
2800 4479 2913 4571 "(ef
2948 4496 3143 4551 q'mque
3169 4493 3465 4538 “nuarum
3496 4486 3598 4541 Μ’

326 4564 601 4623 Florezius
629 4569 797 4624 edidit
824 4574 1017 4627 nescio.

923 4680 1151 4737 CAPUT
1190 4684 1302 4740 XV.

324 4779 591 4839 Lectiones
631 4787 685 4839 in
716 4789 848 4858 [esto
890 4789 952 4845 S.
986 4789 1181 4845 lsidori
1227 4812 1292 4848 ea:
1319 4794 1595 4854 Breviariis
1633 4804 1858 4875 antiquis
1885 4824 1903 4860 :

501 4878 698 4949 liymni
729 4898 747 4934 :
778 4885 1025 4937 memoria
1055 4886 1109 4938 in
1131 4886 1248 4940 aliis
1270 4887 1417 4943 libris
1446 4890 1720 4963 liturgicis.

392 4992 443 5044 L
492 5010 511 5042 ι
544 4991 800 5057 Isidorus,
829 4995 1047 5050 natione
1076 4995 1358 5066 Hispanus,
1393 5015 1461 5054 ex
1489 5001 1635 5057 Nova
1677 5005 1900 5061 Cartha-

317 5083 463 5151 gine,
511 5084 597 5138 cui
640 5092 793 5152 pater
848 5086 1014 5155 ipsius
1056 5087 1379 5145 Severianus
1424 5091 1817 5161 dominabatur,
1868 5116 1898 5154 a

314 5172 517 5227 sanctis
574 5174 705 5229 viris
774 5175 1014 5232 Leandro
1085 5178 1490 5253 archiepiscOpo
1558 5184 1893 5256 Hispalensi,

314 5270 367 5315 et
418 5260 699 5332 Fulgentio
752 5266 1006 5334 episcopo
1058 5264 1396 5335 Astigitano,
1467 5271 1717 5330 fratribus
1763 5279 1893 5344 suis,

312 5356 502 5406 sancte
554 5360 611 5406 et
666 5353 958 5409 liberaliter
1003 5355 1055 5409 in
1103 5356 1279 5412 studio
1351 5359 1646 5418 litterarum
1696 5367 1890 5423 educa-

312 5450 401 5497 tus
445 5451 527 5496 est
566 5462 579 5497 :
618 5452 674 5499 et
734 5445 1001 5515 ingentem
1056 5447 1353 5504 doctrinam
1410 5452 1633 5519 Latine,
1707 5457 1893 5516 Graece

309 5543 473 5603 atque
503 5534 769 5592 Hebraice
810 5554 929 5593 cum
970 5554 1161 5608 magna
1206 5543 1440 5598 nominis
1477 5546 1721 5602 claritate
1760 5566 1893 5604 con-

310 5636 547 5681 secutus.
597 5626 696 5684 Hic
739 5631 1050 5687 adolescens
1096 5632 1269 5689 adhuc
1316 5635 1560 5692 hreresim
1608 5638 1889 5705 Arianam,

311 5729 427 5782 qua
452 5733 487 5786 g
522 5727 667 5773 ntent
688 5719 1007 5792 Gothorum,
1035 5722 1296 5794 Hispania:
1324 5726 1581 5784 latissime
1610 5728 1891 5788 dominan-

2015 4574 2295 4627 spanorum
2328 4560 2522 4631 Ofﬁcia
2566 4566 2620 4618 in
2669 4569 2823 4621 totius
2862 4567 3163 4639 Hispanicae
3202 4572 3448 4630 Ecclesia
3475 4594 3597 4646 gra-

2013 4648 2140 4698 tiam
2184 4648 2311 4701 l'ius
2349 4648 2410 4711 V,
2444 4649 2723 4719 Gregorius
2762 4654 2813 4706 Χ
2821 4654 2939 4719 Ill,
2987 4666 3036 4710 et
3077 4659 3255 4713 Siculus
3294 4662 3335 4714 γ
3371 4680 3434 4717 ea
3481 4668 3598 4736 ipsa

2012 4739 2316 4791 auctoritate
2336 4742 2620 4804 apostolica
2646 4746 3037 4813 conﬁrmarunt,
3063 4759 3112 4801 et
3133 4766 3511 4822 concesserunt,
3540 4768 3597 4811 ut

2010 4843 2074 4879 ea:
2127 4828 2350 4883 editione
2377 4834 2671 4886 earumdem
2709 4833 2901 4890 Romre
2926 4839 3064 4907 facta
3098 4840 3238 4895 i609
3281 4858 3593 4916 compertum

2013 4915 2183 4970 imbui.
2213 4919 2439 4988 Denique
2465 4923 2598 4976 hanc
2624 4925 2793 4993 ipsam
2836 4928 2896 4982 S.
2925 4926 3120 4983 lsidori
3156 4931 3284 4987 Vitae
3324 4915 3592 4995 historiam

2004 5018 2125 5061 ante
2145 5011 2421 5065 concilium
2453 5013 2828 5084 Tridentinum,
2883 5021 2935 5074 in
2979 5022 3207 5092 ejusdem
3243 5027 3434 5082 lsidori
3460 5033 3588 5101 festo

2002 5097 2104 5163 die,
2136 5116 2228 5166 per
2276 5099 2515 5157 lectiones
2556 5106 2678 5159 item
2728 5108 3045 5175 distinctam,
3089 5111 3326 5167 Romana
3356 5116 3587 5171 Ecclesia

2001 5189 2267 5255 recitabat,
2298 5201 2353 5245 ut
2396 5196 2566 5249 videre
2611 5207 2687 5251 est
2714 5200 2769 5252 in
2829 5216 2888 5254 eo
2924 5201 3191 5259 Breviario
3238 5210 3373 5276 quod
3408 5210 3513 5279 95
3553 5229 3583 5264 a

1999 5281 2267 5337 Cardinali
2298 5284 2582 5344 Francisco
2624 5291 2935 5362 Quignonio,
2972 5298 3123 5366 jussu
3158 5298 3432 5355 Clementis
3472 5302 3580 5358 VI]

2002 5388 2151 5439 papae
2204 5377 2511 5444 confectum,
2559 5378 2715 5435 Pauli
2758 5381 2855 5437 III
2904 5402 3022 5441 vero
3070 5391 3382 5458 recognitum
3431 5400 3589 5464 atque-

1999 5461 2191 5515 editum
2235 5474 2329 5517 est.
2386 5466 2497 5529 Qua
2526 5469 2590 5522 de
2616 5487 2773 5525 causa
2823 5491 2973 5528 sacra
3024 5476 3237 5531 istorum
3269 5461 3593 5548 Ofﬁciorum‘

2000 5554 2307 5608 auctoritate
2352 5567 2401 5610 et
2445 5575 2536 5615 nos
2582 5562 2636 5614 in
2698 5562 2793 5617 hoc
2844 5566 3089 5635 apusculo
3144 5582 3245 5620 non
3292 5569 3449 5624 semel
3496 5573 3589 5628 usi-

1999 5658 2191 5695 sumus.

2072 5734 2121 5786 5.
2156 5734 2210 5790 lu
2243 5735 2512 5797 Breviario
2535 5742 2906 5813 Quignoniano
2939 5745 3033 5801 has
3064 5748 3281 5806 easdem
3314 5750 3380 5807 ιο(
3402 5752 3583 5814 tiones
