  <div class='ocr_page' id='page_1' title='image "/cluster/home/n/w/nwhite01/storage/ocr_20150623/81/hvd.32044054758859/047.png"; bbox 0 0 4028 6200; ppageno 0'>
   <div class='ocr_carea' id='block_1_1' title="bbox 466 279 3722 351">
    <p class='ocr_par' dir='ltr' id='par_1_1' title="bbox 466 279 3722 351">
     <span class='ocr_line' id='line_1_1' title="bbox 466 279 3722 351; baseline 0.005 -21"><span class='ocrx_word' id='word_1_1' title='bbox 466 281 535 331; x_wconf 61' lang='grc' dir='ltr'>δῦ</span> <span class='ocrx_word' id='word_1_2' title='bbox 1214 284 1301 336; x_wconf 75' lang='grc' dir='ltr'><strong>ΑΙ)</strong></span> <span class='ocrx_word' id='word_1_3' title='bbox 1343 284 1566 337; x_wconf 71' lang='grc' dir='ltr'><strong>ΟΡΙΞΠΑ</strong></span> <span class='ocrx_word' id='word_1_4' title='bbox 1611 283 1667 338; x_wconf 87' lang='lat' dir='ltr'><strong>S.</strong></span> <span class='ocrx_word' id='word_1_5' title='bbox 1711 281 1957 340; x_wconf 79' lang='lat' dir='ltr'><strong>lSlDUHl</strong></span> <span class='ocrx_word' id='word_1_6' title='bbox 1997 279 2434 338; x_wconf 79' lang='lat' dir='ltr'><strong>lllSPALENSlS</strong></span> <span class='ocrx_word' id='word_1_7' title='bbox 2470 283 2996 351; x_wconf 72' lang='lat' dir='ltr'><strong>PROLEGOMENA,</strong></span> <span class='ocrx_word' id='word_1_8' title='bbox 3657 293 3722 348; x_wconf 63' lang='grc'><strong>84</strong></span> 
     </span>
    </p>
   </div>
   <div class='ocr_carea' id='block_1_2' title="bbox 465 375 3722 480">
    <p class='ocr_par' dir='ltr' id='par_1_2' title="bbox 465 375 3722 480">
     <span class='ocr_line' id='line_1_2' title="bbox 465 375 3722 480; baseline 0.003 -28"><span class='ocrx_word' id='word_1_9' title='bbox 465 397 518 452; x_wconf 92' lang='lat' dir='ltr'><strong>in</strong></span> <span class='ocrx_word' id='word_1_10' title='bbox 551 393 684 450; x_wconf 82' lang='lat' dir='ltr'><strong>festo.</strong></span> <span class='ocrx_word' id='word_1_11' title='bbox 713 394 769 448; x_wconf 94' lang='lat' dir='ltr'><strong>S.</strong></span> <span class='ocrx_word' id='word_1_12' title='bbox 797 393 982 454; x_wconf 82' lang='lat' dir='ltr'><strong>Isidori</strong></span> <span class='ocrx_word' id='word_1_13' title='bbox 1005 404 1239 464; x_wconf 77' lang='lat' dir='ltr'><strong>ex-tare,</strong></span> <span class='ocrx_word' id='word_1_14' title='bbox 1266 396 1554 464; x_wconf 87' lang='lat' dir='ltr'><strong>Cajetanus</strong></span> <span class='ocrx_word' id='word_1_15' title='bbox 1579 396 1788 463; x_wconf 91' lang='lat' dir='ltr'><strong>innuit;</strong></span> <span class='ocrx_word' id='word_1_16' title='bbox 1812 396 1954 466; x_wconf 89' lang='lat' dir='ltr'><strong>quod</strong></span> <span class='ocrx_word' id='word_1_17' title='bbox 1978 410 2060 478; x_wconf 3' lang='lat' dir='ltr'><strong>cx,</strong></span> <span class='ocrx_word' id='word_1_18' title='bbox 2080 396 2123 454; x_wconf 83' lang='lat' dir='ltr'><strong>A</strong></span> <span class='ocrx_word' id='word_1_19' title='bbox 2155 393 2341 450; x_wconf 89' lang='lat' dir='ltr'><strong>Isidori</strong></span> <span class='ocrx_word' id='word_1_20' title='bbox 2391 401 2832 455; x_wconf 75' lang='lat' dir='ltr'><strong>commemoratio</strong></span> <span class='ocrx_word' id='word_1_21' title='bbox 2886 409 3080 466; x_wconf 77' lang='lat' dir='ltr'><strong>exstat,</strong></span> <span class='ocrx_word' id='word_1_22' title='bbox 3112 375 3381 475; x_wconf 77' lang='lat' dir='ltr'><strong>Tamayus</strong></span> <span class='ocrx_word' id='word_1_23' title='bbox 3422 403 3477 462; x_wconf 80' lang='lat' dir='ltr'><strong>in</strong></span> <span class='ocrx_word' id='word_1_24' title='bbox 3506 405 3722 480; x_wconf 78' lang='lat' dir='ltr'><strong>Martyr.</strong></span> 
     </span>
    </p>
   </div>
   <div class='ocr_carea' id='block_1_3' title="bbox 466 486 2041 558">
    <p class='ocr_par' dir='ltr' id='par_1_3' title="bbox 466 486 2041 558">
     <span class='ocr_line' id='line_1_3' title="bbox 466 486 2041 558; baseline 0.003 -22"><span class='ocrx_word' id='word_1_25' title='bbox 466 496 620 558; x_wconf 79' lang='lat' dir='ltr'><strong>parte</strong></span> <span class='ocrx_word' id='word_1_26' title='bbox 663 500 853 540; x_wconf 89' lang='lat' dir='ltr'><strong>verum</strong></span> <span class='ocrx_word' id='word_1_27' title='bbox 902 495 1003 541; x_wconf 90' lang='lat' dir='ltr'><strong>est.</strong></span> <span class='ocrx_word' id='word_1_28' title='bbox 1047 486 1306 556; x_wconf 79' lang='lat' dir='ltr'><strong>Congruit</strong></span> <span class='ocrx_word' id='word_1_29' title='bbox 1355 487 1496 541; x_wconf 89' lang='lat' dir='ltr'><strong>enim</strong></span> <span class='ocrx_word' id='word_1_30' title='bbox 1549 487 1881 542; x_wconf 84' lang='lat' dir='ltr'><strong>Breviarium</strong></span> <span class='ocrx_word' id='word_1_31' title='bbox 1907 486 2041 553; x_wconf 87' lang='lat' dir='ltr'><strong>Qui-</strong></span> 
     </span>
    </p>
   </div>
   <div class='ocr_carea' id='block_1_4' title="bbox 464 575 2040 648">
    <p class='ocr_par' dir='ltr' id='par_1_4' title="bbox 464 575 2040 648">
     <span class='ocr_line' id='line_1_4' title="bbox 464 575 2040 648; baseline -0.001 -17"><span class='ocrx_word' id='word_1_32' title='bbox 464 578 789 648; x_wconf 87' lang='lat' dir='ltr'><strong>gnonianum</strong></span> <span class='ocrx_word' id='word_1_33' title='bbox 835 592 958 634; x_wconf 88' lang='lat' dir='ltr'><strong>cum</strong></span> <span class='ocrx_word' id='word_1_34' title='bbox 1010 575 1092 631; x_wconf 89' lang='lat' dir='ltr'><strong>his</strong></span> <span class='ocrx_word' id='word_1_35' title='bbox 1142 575 1464 631; x_wconf 69' lang='lat' dir='ltr'><strong>lectionibus</strong></span> <span class='ocrx_word' id='word_1_36' title='bbox 1513 591 1685 644; x_wconf 89' lang='lat' dir='ltr'><strong>usque</strong></span> <span class='ocrx_word' id='word_1_37' title='bbox 1729 577 1796 630; x_wconf 87' lang='lat' dir='ltr'><strong>ad</strong></span> <span class='ocrx_word' id='word_1_38' title='bbox 1855 577 2040 636; x_wconf 84' lang='lat' dir='ltr'><strong>verba.</strong></span> 
     </span>
    </p>
   </div>
   <div class='ocr_carea' id='block_1_5' title="bbox 465 663 2042 738">
    <p class='ocr_par' dir='ltr' id='par_1_5' title="bbox 465 663 2042 738">
     <span class='ocr_line' id='line_1_5' title="bbox 465 663 2042 738; baseline -0.001 -16"><span class='ocrx_word' id='word_1_39' title='bbox 465 667 680 738; x_wconf 75' lang='lat' dir='ltr'><strong>pallium</strong></span> <span class='ocrx_word' id='word_1_40' title='bbox 718 667 856 724; x_wconf 88' lang='lat' dir='ltr'><strong>misit</strong></span> <span class='ocrx_word' id='word_1_41' title='bbox 907 667 960 722; x_wconf 88' lang='lat' dir='ltr'><strong>in</strong></span> <span class='ocrx_word' id='word_1_42' title='bbox 1007 665 1340 736; x_wconf 83' lang='lat' dir='ltr'><strong>Hispaniam.</strong></span> <span class='ocrx_word' id='word_1_43' title='bbox 1370 665 1504 719; x_wconf 89' lang='lat' dir='ltr'><strong>Tum</strong></span> <span class='ocrx_word' id='word_1_44' title='bbox 1532 667 1748 728; x_wconf 86' lang='lat' dir='ltr'><strong>omittit,</strong></span> <span class='ocrx_word' id='word_1_45' title='bbox 1782 663 2042 728; x_wconf 84' lang='lat' dir='ltr'><strong>Quantum</strong></span> 
     </span>
    </p>
   </div>
   <div class='ocr_carea' id='block_1_6' title="bbox 464 756 2042 824">
    <p class='ocr_par' dir='ltr' id='par_1_6' title="bbox 464 756 2042 824">
     <span class='ocr_line' id='line_1_6' title="bbox 464 756 2042 824; baseline -0.003 -12"><span class='ocrx_word' id='word_1_46' title='bbox 464 773 582 812; x_wconf 75' lang='lat' dir='ltr'><strong>vero</strong></span> <span class='ocrx_word' id='word_1_47' title='bbox 623 757 855 824; x_wconf 72' lang='lat' dir='ltr'><strong>pontifex</strong></span> <span class='ocrx_word' id='word_1_48' title='bbox 888 757 1077 824; x_wconf 77' lang='lat' dir='ltr'><strong>factus,</strong></span> <span class='ocrx_word' id='word_1_49' title='bbox 1114 771 1283 824; x_wconf 90' lang='lat' dir='ltr'><strong>usque</strong></span> <span class='ocrx_word' id='word_1_50' title='bbox 1313 756 1378 808; x_wconf 90' lang='lat' dir='ltr'><strong>ad</strong></span> <span class='ocrx_word' id='word_1_51' title='bbox 1407 757 1590 819; x_wconf 87' lang='lat' dir='ltr'><strong>verba,</strong></span> <span class='ocrx_word' id='word_1_52' title='bbox 1619 771 1684 808; x_wconf 80' lang='lat' dir='ltr'><strong>ea:</strong></span> <span class='ocrx_word' id='word_1_53' title='bbox 1722 765 1836 808; x_wconf 66' lang='grc' dir='ltr'><strong>τοῖο</strong></span> <span class='ocrx_word' id='word_1_54' title='bbox 1861 771 2042 809; x_wconf 87' lang='lat' dir='ltr'><strong>conse-</strong></span> 
     </span>
    </p>
   </div>
   <div class='ocr_carea' id='block_1_7' title="bbox 465 845 2044 918">
    <p class='ocr_par' dir='ltr' id='par_1_7' title="bbox 465 845 2044 918">
     <span class='ocr_line' id='line_1_7' title="bbox 465 845 2044 918; baseline 0.001 -19"><span class='ocrx_word' id='word_1_55' title='bbox 465 855 706 918; x_wconf 73' lang='grc' dir='ltr'><strong>ψιιυιιιιν.</strong></span> <span class='ocrx_word' id='word_1_56' title='bbox 739 845 952 900; x_wconf 90' lang='lat' dir='ltr'><strong>Obitum</strong></span> <span class='ocrx_word' id='word_1_57' title='bbox 983 848 1039 900; x_wconf 85' lang='lat' dir='ltr'><strong>S.</strong></span> <span class='ocrx_word' id='word_1_58' title='bbox 1068 845 1257 900; x_wconf 89' lang='lat' dir='ltr'><strong>Isidori</strong></span> <span class='ocrx_word' id='word_1_59' title='bbox 1284 846 1519 912; x_wconf 77' lang='lat' dir='ltr'><strong>assignat</strong></span> <span class='ocrx_word' id='word_1_60' title='bbox 1547 862 1685 901; x_wconf 86' lang='lat' dir='ltr'><strong>anno</strong></span> <span class='ocrx_word' id='word_1_61' title='bbox 1714 845 1906 900; x_wconf 83' lang='lat' dir='ltr'><strong>Christi</strong></span> <span class='ocrx_word' id='word_1_62' title='bbox 1935 848 2044 900; x_wconf 87' lang='lat' dir='ltr'><strong>nati</strong></span> 
     </span>
    </p>
   </div>
   <div class='ocr_carea' id='block_1_8' title="bbox 466 937 2045 1001">
    <p class='ocr_par' dir='ltr' id='par_1_8' title="bbox 466 937 2045 1001">
     <span class='ocr_line' id='line_1_8' title="bbox 466 937 2045 1001; baseline -0.001 -9"><span class='ocrx_word' id='word_1_63' title='bbox 466 940 831 994; x_wconf 70' lang='lat' dir='ltr'><strong>sexcentesimo</strong></span> <span class='ocrx_word' id='word_1_64' title='bbox 867 937 1106 1001; x_wconf 84' lang='lat' dir='ltr'><strong>vigesimo</strong></span> <span class='ocrx_word' id='word_1_65' title='bbox 1147 937 1390 993; x_wconf 79' lang='lat' dir='ltr'><strong>secundo.</strong></span> <span class='ocrx_word' id='word_1_66' title='bbox 1422 937 1602 998; x_wconf 82' lang='lat' dir='ltr'><strong>Addit,</strong></span> <span class='ocrx_word' id='word_1_67' title='bbox 1643 938 1928 998; x_wconf 80' lang='lat' dir='ltr'><strong>translatus</strong></span> <span class='ocrx_word' id='word_1_68' title='bbox 1969 946 2045 991; x_wconf 87' lang='lat' dir='ltr'><strong>est</strong></span> 
     </span>
    </p>
   </div>
   <div class='ocr_carea' id='block_1_9' title="bbox 464 1025 2040 1097">
    <p class='ocr_par' dir='ltr' id='par_1_9' title="bbox 464 1025 2040 1097">
     <span class='ocr_line' id='line_1_9' title="bbox 464 1025 2040 1097; baseline 0.001 -17"><span class='ocrx_word' id='word_1_69' title='bbox 464 1029 514 1080; x_wconf 84' lang='lat' dir='ltr'><strong>in</strong></span> <span class='ocrx_word' id='word_1_70' title='bbox 546 1027 720 1086; x_wconf 82' lang='lat' dir='ltr'><strong>urbem</strong></span> <span class='ocrx_word' id='word_1_71' title='bbox 753 1025 1030 1096; x_wconf 81' lang='lat' dir='ltr'><strong>Legionem</strong></span> <span class='ocrx_word' id='word_1_72' title='bbox 1068 1044 1098 1079; x_wconf 83' lang='grc' dir='ltr'><strong><em>η</em></strong></span> <span class='ocrx_word' id='word_1_73' title='bbox 1134 1026 1414 1081; x_wconf 85' lang='lat' dir='ltr'><strong>Fernando</strong></span> <span class='ocrx_word' id='word_1_74' title='bbox 1445 1044 1561 1096; x_wconf 86' lang='lat' dir='ltr'><strong>rege</strong></span> <span class='ocrx_word' id='word_1_75' title='bbox 1591 1026 1898 1097; x_wconf 80' lang='lat' dir='ltr'><strong>Legionensi</strong></span> <span class='ocrx_word' id='word_1_76' title='bbox 1920 1043 1938 1080; x_wconf 91' lang='lat'><strong><em>:</em></strong></span> <span class='ocrx_word' id='word_1_77' title='bbox 1968 1027 2040 1081; x_wconf 74' lang='lat' dir='ltr'><strong>le—</strong></span> 
     </span>
    </p>
   </div>
   <div class='ocr_carea' id='block_1_10' title="bbox 463 1115 2045 1188">
    <p class='ocr_par' dir='ltr' id='par_1_10' title="bbox 463 1115 2045 1188">
     <span class='ocr_line' id='line_1_10' title="bbox 463 1115 2045 1188; baseline -0.001 -18"><span class='ocrx_word' id='word_1_78' title='bbox 463 1119 670 1171; x_wconf 89' lang='lat' dir='ltr'><strong>ctiones</strong></span> <span class='ocrx_word' id='word_1_79' title='bbox 697 1132 726 1169; x_wconf 92' lang='lat' dir='ltr'><strong>a</strong></span> <span class='ocrx_word' id='word_1_80' title='bbox 748 1116 1005 1186; x_wconf 85' lang='lat' dir='ltr'><strong>Cajetano</strong></span> <span class='ocrx_word' id='word_1_81' title='bbox 1027 1117 1300 1188; x_wconf 76' lang='lat' dir='ltr'><strong>productae</strong></span> <span class='ocrx_word' id='word_1_82' title='bbox 1334 1126 1530 1171; x_wconf 85' lang='lat' dir='ltr'><strong>vocant.</strong></span> <span class='ocrx_word' id='word_1_83' title='bbox 1558 1115 1797 1171; x_wconf 79' lang='lat' dir='ltr'><strong>Castella:</strong></span> <span class='ocrx_word' id='word_1_84' title='bbox 1818 1118 1968 1170; x_wconf 80' lang='lat' dir='ltr'><strong>simul</strong></span> <span class='ocrx_word' id='word_1_85' title='bbox 1995 1127 2045 1171; x_wconf 87' lang='lat' dir='ltr'><strong>et</strong></span> 
     </span>
    </p>
   </div>
   <div class='ocr_carea' id='block_1_11' title="bbox 466 1206 2043 1277">
    <p class='ocr_par' dir='ltr' id='par_1_11' title="bbox 466 1206 2043 1277">
     <span class='ocr_line' id='line_1_11' title="bbox 466 1206 2043 1277; baseline 0.001 -17"><span class='ocrx_word' id='word_1_86' title='bbox 466 1207 704 1277; x_wconf 78' lang='lat' dir='ltr'><strong>Legionis</strong></span> <span class='ocrx_word' id='word_1_87' title='bbox 732 1223 942 1277; x_wconf 82' lang='lat' dir='ltr'><strong>regem;</strong></span> <span class='ocrx_word' id='word_1_88' title='bbox 982 1208 1124 1275; x_wconf 88' lang='lat' dir='ltr'><strong>quod</strong></span> <span class='ocrx_word' id='word_1_89' title='bbox 1155 1207 1367 1276; x_wconf 79' lang='lat' dir='ltr'><strong>quidem</strong></span> <span class='ocrx_word' id='word_1_90' title='bbox 1399 1223 1584 1261; x_wconf 77' lang='lat' dir='ltr'><strong>verum</strong></span> <span class='ocrx_word' id='word_1_91' title='bbox 1614 1217 1716 1268; x_wconf 86' lang='lat' dir='ltr'><strong>est,</strong></span> <span class='ocrx_word' id='word_1_92' title='bbox 1761 1215 1816 1261; x_wconf 86' lang='lat' dir='ltr'><strong>et</strong></span> <span class='ocrx_word' id='word_1_93' title='bbox 1854 1206 2043 1262; x_wconf 88' lang='lat' dir='ltr'><strong>eodem</strong></span> 
     </span>
    </p>
   </div>
   <div class='ocr_carea' id='block_1_12' title="bbox 464 1297 2043 1366">
    <p class='ocr_par' dir='ltr' id='par_1_12' title="bbox 464 1297 2043 1366">
     <span class='ocr_line' id='line_1_12' title="bbox 464 1297 2043 1366; baseline 0.001 -17"><span class='ocrx_word' id='word_1_94' title='bbox 464 1299 625 1349; x_wconf 66' lang='lat' dir='ltr'><strong>modo</strong></span> <span class='ocrx_word' id='word_1_95' title='bbox 655 1298 970 1366; x_wconf 77' lang='lat' dir='ltr'><strong>exprimitur</strong></span> <span class='ocrx_word' id='word_1_96' title='bbox 1000 1298 1049 1350; x_wconf 94' lang='lat' dir='ltr'><strong>in</strong></span> <span class='ocrx_word' id='word_1_97' title='bbox 1093 1297 1407 1352; x_wconf 70' lang='lat' dir='ltr'><strong>lectionibus</strong></span> <span class='ocrx_word' id='word_1_98' title='bbox 1439 1298 1578 1351; x_wconf 90' lang='lat' dir='ltr'><strong>inter</strong></span> <span class='ocrx_word' id='word_1_99' title='bbox 1604 1297 1779 1352; x_wconf 84' lang='lat' dir='ltr'><strong>ofﬁcia</strong></span> <span class='ocrx_word' id='word_1_100' title='bbox 1828 1297 2043 1365; x_wconf 77' lang='lat' dir='ltr'><strong>propria</strong></span> 
     </span>
    </p>
   </div>
   <div class='ocr_carea' id='block_1_13' title="bbox 463 1387 2045 1456">
    <p class='ocr_par' dir='ltr' id='par_1_13' title="bbox 463 1387 2045 1456">
     <span class='ocr_line' id='line_1_13' title="bbox 463 1387 2045 1456; baseline -0.001 -16"><span class='ocrx_word' id='word_1_101' title='bbox 463 1395 793 1450; x_wconf 81' lang='lat' dir='ltr'><strong>sanctorum,</strong></span> <span class='ocrx_word' id='word_1_102' title='bbox 825 1389 918 1455; x_wconf 86' lang='lat' dir='ltr'><strong>qui</strong></span> <span class='ocrx_word' id='word_1_103' title='bbox 960 1389 1012 1441; x_wconf 90' lang='lat' dir='ltr'><strong>in</strong></span> <span class='ocrx_word' id='word_1_104' title='bbox 1043 1387 1294 1456; x_wconf 84' lang='lat' dir='ltr'><strong>Hispania</strong></span> <span class='ocrx_word' id='word_1_105' title='bbox 1343 1389 1702 1451; x_wconf 79' lang='lat' dir='ltr'><strong>celebrantur,</strong></span> <span class='ocrx_word' id='word_1_106' title='bbox 1735 1389 2045 1455; x_wconf 74' lang='lat' dir='ltr'><strong>Autuerpim</strong></span> 
     </span>
    </p>
   </div>
   <div class='ocr_carea' id='block_1_14' title="bbox 465 1477 2045 1550">
    <p class='ocr_par' dir='ltr' id='par_1_14' title="bbox 465 1477 2045 1550">
     <span class='ocr_line' id='line_1_14' title="bbox 465 1477 2045 1550; baseline 0.002 -22"><span class='ocrx_word' id='word_1_107' title='bbox 465 1477 605 1530; x_wconf 77' lang='lat' dir='ltr'><strong>l7l6</strong></span> <span class='ocrx_word' id='word_1_108' title='bbox 651 1479 862 1534; x_wconf 78' lang='lat' dir='ltr'><strong>excusis</strong></span> <span class='ocrx_word' id='word_1_109' title='bbox 890 1496 908 1533; x_wconf 93' lang='lat'><strong><em>:</em></strong></span> <span class='ocrx_word' id='word_1_110' title='bbox 940 1497 1078 1533; x_wconf 89' lang='lat' dir='ltr'><strong>anno</strong></span> <span class='ocrx_word' id='word_1_111' title='bbox 1118 1479 1320 1534; x_wconf 85' lang='lat' dir='ltr'><strong>Domini</strong></span> <span class='ocrx_word' id='word_1_112' title='bbox 1368 1482 1741 1535; x_wconf 72' lang='lat' dir='ltr'><strong>sexcentesimo</strong></span> <span class='ocrx_word' id='word_1_113' title='bbox 1785 1481 2045 1550; x_wconf 84' lang='lat' dir='ltr'><strong>trigesimo</strong></span> 
     </span>
    </p>
   </div>
   <div class='ocr_carea' id='block_1_15' title="bbox 463 1569 2046 1640">
    <p class='ocr_par' dir='ltr' id='par_1_15' title="bbox 463 1569 2046 1640">
     <span class='ocr_line' id='line_1_15' title="bbox 463 1569 2046 1640; baseline 0.001 -21"><span class='ocrx_word' id='word_1_114' title='bbox 463 1569 661 1640; x_wconf 82' lang='lat' dir='ltr'><strong>quinto,</strong></span> <span class='ocrx_word' id='word_1_115' title='bbox 693 1570 984 1625; x_wconf 85' lang='lat' dir='ltr'><strong>Sisenando</strong></span> <span class='ocrx_word' id='word_1_116' title='bbox 1007 1572 1060 1622; x_wconf 89' lang='lat' dir='ltr'><strong>in</strong></span> <span class='ocrx_word' id='word_1_117' title='bbox 1085 1569 1344 1639; x_wconf 75' lang='lat' dir='ltr'><strong>Hispania</strong></span> <span class='ocrx_word' id='word_1_118' title='bbox 1381 1578 1647 1640; x_wconf 86' lang='lat' dir='ltr'><strong>regnante.</strong></span> <span class='ocrx_word' id='word_1_119' title='bbox 1681 1569 1841 1640; x_wconf 82' lang='lat' dir='ltr'><strong>Cujus</strong></span> <span class='ocrx_word' id='word_1_120' title='bbox 1863 1585 2046 1638; x_wconf 83' lang='lat' dir='ltr'><strong>corpus</strong></span> 
     </span>
    </p>
   </div>
   <div class='ocr_carea' id='block_1_16' title="bbox 463 1662 2047 1734">
    <p class='ocr_par' dir='ltr' id='par_1_16' title="bbox 463 1662 2047 1734">
     <span class='ocr_line' id='line_1_16' title="bbox 463 1662 2047 1734; baseline -0.001 -19"><span class='ocrx_word' id='word_1_121' title='bbox 463 1663 716 1726; x_wconf 85' lang='lat' dir='ltr'><strong>sepul&#39;um</strong></span> <span class='ocrx_word' id='word_1_122' title='bbox 743 1665 911 1732; x_wconf 82' lang='lat' dir='ltr'><strong>primo</strong></span> <span class='ocrx_word' id='word_1_123' title='bbox 940 1663 1171 1734; x_wconf 79' lang='lat' dir='ltr'><strong>Hispali,</strong></span> <span class='ocrx_word' id='word_1_124' title='bbox 1205 1663 1387 1717; x_wconf 86' lang='lat' dir='ltr'><strong>deinde</strong></span> <span class='ocrx_word' id='word_1_125' title='bbox 1411 1664 1719 1725; x_wconf 78' lang='lat' dir='ltr'><strong>translatum</strong></span> <span class='ocrx_word' id='word_1_126' title='bbox 1753 1662 1849 1731; x_wconf 80' lang='lat' dir='ltr'><strong>{uit</strong></span> <span class='ocrx_word' id='word_1_127' title='bbox 1877 1663 1931 1714; x_wconf 88' lang='lat' dir='ltr'><strong>in</strong></span> <span class='ocrx_word' id='word_1_128' title='bbox 1960 1678 2047 1714; x_wconf 87' lang='lat' dir='ltr'><strong>ur-</strong></span> 
     </span>
    </p>
   </div>
   <div class='ocr_carea' id='block_1_17' title="bbox 2147 487 3724 568">
    <p class='ocr_par' dir='ltr' id='par_1_17' title="bbox 2147 487 3724 568">
     <span class='ocr_line' id='line_1_17' title="bbox 2147 487 3724 568; baseline 0.008 -29"><span class='ocrx_word' id='word_1_129' title='bbox 2147 487 2294 557; x_wconf 83' lang='lat' dir='ltr'><strong>llisp.</strong></span> <span class='ocrx_word' id='word_1_130' title='bbox 2327 497 2574 544; x_wconf 82' lang='lat' dir='ltr'><strong>recenset</strong></span> <span class='ocrx_word' id='word_1_131' title='bbox 2595 489 2932 559; x_wconf 85' lang='lat' dir='ltr'><strong>llispalense,</strong></span> <span class='ocrx_word' id='word_1_132' title='bbox 2963 491 3308 558; x_wconf 83' lang='lat' dir='ltr'><strong>Toletanum,</strong></span> <span class='ocrx_word' id='word_1_133' title='bbox 3337 493 3724 568; x_wconf 74' lang='lat' dir='ltr'><strong>Placentinum,</strong></span> 
     </span>
    </p>
   </div>
   <div class='ocr_carea' id='block_1_18' title="bbox 2144 576 3724 654">
    <p class='ocr_par' dir='ltr' id='par_1_18' title="bbox 2144 576 3724 654">
     <span class='ocr_line' id='line_1_18' title="bbox 2144 576 3724 654; baseline 0.007 -23"><span class='ocrx_word' id='word_1_134' title='bbox 2144 576 2490 645; x_wconf 86' lang='lat' dir='ltr'><strong>choviense,</strong></span> <span class='ocrx_word' id='word_1_135' title='bbox 2563 578 3009 645; x_wconf 89' lang='lat' dir='ltr'><strong>Salmanticense,</strong></span> <span class='ocrx_word' id='word_1_136' title='bbox 3077 581 3422 649; x_wconf 84' lang='lat' dir='ltr'><strong>Zamorensc,</strong></span> <span class='ocrx_word' id='word_1_137' title='bbox 3474 583 3724 654; x_wconf 73' lang='lat' dir='ltr'><strong>Sagunti-</strong></span> 
     </span>
    </p>
   </div>
   <div class='ocr_carea' id='block_1_19' title="bbox 2145 667 3728 742">
    <p class='ocr_par' dir='ltr' id='par_1_19' title="bbox 2145 667 3728 742">
     <span class='ocr_line' id='line_1_19' title="bbox 2145 667 3728 742; baseline 0.008 -22"><span class='ocrx_word' id='word_1_138' title='bbox 2145 683 2293 731; x_wconf 91' lang='lat' dir='ltr'><strong>num,</strong></span> <span class='ocrx_word' id='word_1_139' title='bbox 2323 667 2614 735; x_wconf 82' lang='lat' dir='ltr'><strong>Abulense,</strong></span> <span class='ocrx_word' id='word_1_140' title='bbox 2653 667 3166 739; x_wconf 88' lang='lat' dir='ltr'><strong>Compostellanum,</strong></span> <span class='ocrx_word' id='word_1_141' title='bbox 3206 671 3574 742; x_wconf 89' lang='lat' dir='ltr'><strong>Cordubense,</strong></span> <span class='ocrx_word' id='word_1_142' title='bbox 3623 677 3728 733; x_wconf 81' lang='lat' dir='ltr'><strong>illi-</strong></span> 
     </span>
    </p>
   </div>
   <div class='ocr_carea' id='block_1_20' title="bbox 2146 759 3723 836">
    <p class='ocr_par' dir='ltr' id='par_1_20' title="bbox 2146 759 3723 836">
     <span class='ocr_line' id='line_1_20' title="bbox 2146 759 3723 836; baseline 0.006 -24"><span class='ocrx_word' id='word_1_143' title='bbox 2146 759 2467 822; x_wconf 86' lang='lat' dir='ltr'><strong>beritannm,</strong></span> <span class='ocrx_word' id='word_1_144' title='bbox 2518 759 2812 828; x_wconf 79' lang='lat' dir='ltr'><strong>Burgense,</strong></span> <span class='ocrx_word' id='word_1_145' title='bbox 2863 760 3238 832; x_wconf 85' lang='lat' dir='ltr'><strong>Palentiuum,</strong></span> <span class='ocrx_word' id='word_1_146' title='bbox 3295 765 3723 836; x_wconf 78' lang='lat' dir='ltr'><strong>Pautpilonense,</strong></span> 
     </span>
    </p>
   </div>
   <div class='ocr_carea' id='block_1_21' title="bbox 2145 850 3725 923">
    <p class='ocr_par' dir='ltr' id='par_1_21' title="bbox 2145 850 3725 923">
     <span class='ocr_line' id='line_1_21' title="bbox 2145 850 3725 923; baseline 0.007 -19"><span class='ocrx_word' id='word_1_147' title='bbox 2145 850 2699 920; x_wconf 75' lang='lat' dir='ltr'><strong>Cmsaratigtistanunt,</strong></span> <span class='ocrx_word' id='word_1_148' title='bbox 2755 856 3100 912; x_wconf 82' lang='lat' dir='ltr'><strong>Asturieense</strong></span> <span class='ocrx_word' id='word_1_149' title='bbox 3152 875 3280 922; x_wconf 88' lang='lat' dir='ltr'><strong>ms.,</strong></span> <span class='ocrx_word' id='word_1_150' title='bbox 3311 858 3725 923; x_wconf 83' lang='lat' dir='ltr'><strong>Turiasonense,</strong></span> 
     </span>
    </p>
   </div>
   <div class='ocr_carea' id='block_1_22' title="bbox 2146 944 3731 1020">
    <p class='ocr_par' dir='ltr' id='par_1_22' title="bbox 2146 944 3731 1020">
     <span class='ocr_line' id='line_1_22' title="bbox 2146 944 3731 1020; baseline 0.006 -23"><span class='ocrx_word' id='word_1_151' title='bbox 2146 944 2576 1013; x_wconf 82' lang='lat' dir='ltr'><strong>Dominicanum,</strong></span> <span class='ocrx_word' id='word_1_152' title='bbox 2607 946 3055 1015; x_wconf 87' lang='lat' dir='ltr'><strong>Benedictinum;</strong></span> <span class='ocrx_word' id='word_1_153' title='bbox 3114 967 3232 1019; x_wconf 79' lang='lat' dir='ltr'><strong>quae</strong></span> <span class='ocrx_word' id='word_1_154' title='bbox 3260 947 3439 1006; x_wconf 84' lang='lat' dir='ltr'><strong>omnia</strong></span> <span class='ocrx_word' id='word_1_155' title='bbox 3483 951 3626 1020; x_wconf 87' lang='lat' dir='ltr'><strong>apud</strong></span> <span class='ocrx_word' id='word_1_156' title='bbox 3674 969 3731 1006; x_wconf 87' lang='lat' dir='ltr'><strong>se</strong></span> 
     </span>
    </p>
   </div>
   <div class='ocr_carea' id='block_1_23' title="bbox 2146 1036 3733 1105">
    <p class='ocr_par' dir='ltr' id='par_1_23' title="bbox 2146 1036 3733 1105">
     <span class='ocr_line' id='line_1_23' title="bbox 2146 1036 3733 1105; baseline 0.006 -18"><span class='ocrx_word' id='word_1_157' title='bbox 2146 1048 2287 1098; x_wconf 88' lang='lat' dir='ltr'><strong>esse,</strong></span> <span class='ocrx_word' id='word_1_158' title='bbox 2345 1036 2391 1088; x_wconf 89' lang='lat' dir='ltr'><strong>si</strong></span> <span class='ocrx_word' id='word_1_159' title='bbox 2431 1036 2652 1096; x_wconf 81' lang='lat' dir='ltr'><strong>credere</strong></span> <span class='ocrx_word' id='word_1_160' title='bbox 2700 1039 2920 1104; x_wconf 84' lang='lat' dir='ltr'><strong>dignum</strong></span> <span class='ocrx_word' id='word_1_161' title='bbox 2951 1049 3050 1105; x_wconf 83' lang='lat' dir='ltr'><strong>est,</strong></span> <span class='ocrx_word' id='word_1_162' title='bbox 3107 1049 3352 1096; x_wconf 82' lang='lat' dir='ltr'><strong>testatur.</strong></span> <span class='ocrx_word' id='word_1_163' title='bbox 3402 1042 3535 1096; x_wconf 88' lang='lat' dir='ltr'><strong>Cum</strong></span> <span class='ocrx_word' id='word_1_164' title='bbox 3567 1042 3733 1096; x_wconf 84' lang='lat' dir='ltr'><strong>Urba-</strong></span> 
     </span>
    </p>
   </div>
   <div class='ocr_carea' id='block_1_24' title="bbox 2147 1125 3733 1195">
    <p class='ocr_par' dir='ltr' id='par_1_24' title="bbox 2147 1125 3733 1195">
     <span class='ocr_line' id='line_1_24' title="bbox 2147 1125 3733 1195; baseline 0.003 -18"><span class='ocrx_word' id='word_1_165' title='bbox 2147 1140 2245 1178; x_wconf 87' lang='lat' dir='ltr'><strong>nus</strong></span> <span class='ocrx_word' id='word_1_166' title='bbox 2283 1125 2327 1178; x_wconf 85' lang='grc' dir='ltr'><strong>ΙΙ</strong></span> <span class='ocrx_word' id='word_1_167' title='bbox 2368 1125 2653 1194; x_wconf 83' lang='lat' dir='ltr'><strong>primatum</strong></span> <span class='ocrx_word' id='word_1_168' title='bbox 2686 1126 3061 1195; x_wconf 86' lang='lat' dir='ltr'><strong>Hispaniarum</strong></span> <span class='ocrx_word' id='word_1_169' title='bbox 3110 1129 3225 1183; x_wconf 88' lang='lat' dir='ltr'><strong>sedi</strong></span> <span class='ocrx_word' id='word_1_170' title='bbox 3269 1129 3540 1184; x_wconf 75' lang='lat' dir='ltr'><strong>Toletana:</strong></span> <span class='ocrx_word' id='word_1_171' title='bbox 3593 1147 3733 1184; x_wconf 86' lang='lat' dir='ltr'><strong>anno</strong></span> 
     </span>
    </p>
   </div>
   <div class='ocr_carea' id='block_1_25' title="bbox 2152 1215 3734 1289">
    <p class='ocr_par' dir='ltr' id='par_1_25' title="bbox 2152 1215 3734 1289">
     <span class='ocr_line' id='line_1_25' title="bbox 2152 1215 3734 1289; baseline 0.004 -20"><span class='ocrx_word' id='word_1_172' title='bbox 2152 1215 2288 1269; x_wconf 77' lang='lat'><strong>1088</strong></span> <span class='ocrx_word' id='word_1_173' title='bbox 2316 1217 2570 1281; x_wconf 83' lang='lat' dir='ltr'><strong>restituit,</strong></span> <span class='ocrx_word' id='word_1_174' title='bbox 2603 1232 2668 1276; x_wconf 82' lang='lat' dir='ltr'><strong>ac</strong></span> <span class='ocrx_word' id='word_1_175' title='bbox 2691 1216 3054 1281; x_wconf 81' lang='lat' dir='ltr'><strong>conﬁrmavit,</strong></span> <span class='ocrx_word' id='word_1_176' title='bbox 3087 1221 3242 1274; x_wconf 87' lang='lat' dir='ltr'><strong>simul</strong></span> <span class='ocrx_word' id='word_1_177' title='bbox 3275 1221 3491 1289; x_wconf 85' lang='lat' dir='ltr'><strong>pallium</strong></span> <span class='ocrx_word' id='word_1_178' title='bbox 3521 1222 3734 1276; x_wconf 72' lang='lat' dir='ltr'><strong>archie~</strong></span> 
     </span>
    </p>
   </div>
   <div class='ocr_carea' id='block_1_26' title="bbox 2147 1305 3735 1383">
    <p class='ocr_par' dir='ltr' id='par_1_26' title="bbox 2147 1305 3735 1383">
     <span class='ocr_line' id='line_1_26' title="bbox 2147 1305 3735 1383; baseline 0.005 -25"><span class='ocrx_word' id='word_1_179' title='bbox 2147 1307 2371 1376; x_wconf 86' lang='lat' dir='ltr'><strong>piscopo</strong></span> <span class='ocrx_word' id='word_1_180' title='bbox 2409 1306 2675 1362; x_wconf 86' lang='lat' dir='ltr'><strong>Toletano</strong></span> <span class='ocrx_word' id='word_1_181' title='bbox 2706 1309 2779 1382; x_wconf 33' lang='lat' dir='ltr'><strong>ID.</strong></span> <span class='ocrx_word' id='word_1_182' title='bbox 2826 1305 3100 1365; x_wconf 87' lang='lat' dir='ltr'><strong>Bernardo</strong></span> <span class='ocrx_word' id='word_1_183' title='bbox 3135 1311 3300 1376; x_wconf 89' lang='lat' dir='ltr'><strong>misit,</strong></span> <span class='ocrx_word' id='word_1_184' title='bbox 3329 1327 3438 1381; x_wconf 90' lang='lat' dir='ltr'><strong>quo</strong></span> <span class='ocrx_word' id='word_1_185' title='bbox 3468 1313 3519 1366; x_wconf 88' lang='lat' dir='ltr'><strong>in</strong></span> <span class='ocrx_word' id='word_1_186' title='bbox 3551 1313 3735 1383; x_wconf 63' lang='lat' dir='ltr'><strong>praeci-</strong></span> 
     </span>
    </p>
   </div>
   <div class='ocr_carea' id='block_1_27' title="bbox 2148 1395 3735 1468">
    <p class='ocr_par' dir='ltr' id='par_1_27' title="bbox 2148 1395 3735 1468">
     <span class='ocr_line' id='line_1_27' title="bbox 2148 1395 3735 1468; baseline 0.003 -19"><span class='ocrx_word' id='word_1_187' title='bbox 2148 1397 2270 1464; x_wconf 90' lang='lat' dir='ltr'><strong>puis</strong></span> <span class='ocrx_word' id='word_1_188' title='bbox 2295 1395 2673 1452; x_wconf 80' lang='lat' dir='ltr'><strong>festivitatibus</strong></span> <span class='ocrx_word' id='word_1_189' title='bbox 2712 1407 2978 1462; x_wconf 84' lang='lat' dir='ltr'><strong>uteretur,</strong></span> <span class='ocrx_word' id='word_1_190' title='bbox 3010 1401 3152 1454; x_wconf 90' lang='lat' dir='ltr'><strong>inter</strong></span> <span class='ocrx_word' id='word_1_191' title='bbox 3186 1415 3323 1468; x_wconf 88' lang='lat' dir='ltr'><strong>quas</strong></span> <span class='ocrx_word' id='word_1_192' title='bbox 3349 1401 3590 1456; x_wconf 85' lang='lat' dir='ltr'><strong>nominat</strong></span> <span class='ocrx_word' id='word_1_193' title='bbox 3621 1399 3735 1453; x_wconf 86' lang='lat' dir='ltr'><strong>Nn-</strong></span> 
     </span>
    </p>
   </div>
   <div class='ocr_carea' id='block_1_28' title="bbox 2148 1485 3667 1543">
    <p class='ocr_par' dir='ltr' id='par_1_28' title="bbox 2148 1485 3667 1543">
     <span class='ocr_line' id='line_1_28' title="bbox 2148 1485 3667 1543; baseline 0.005 -5"><span class='ocrx_word' id='word_1_194' title='bbox 2148 1487 2252 1543; x_wconf 87' lang='lat' dir='ltr'><strong>tale</strong></span> <span class='ocrx_word' id='word_1_195' title='bbox 2285 1485 2347 1540; x_wconf 88' lang='lat' dir='ltr'><strong>S.</strong></span> <span class='ocrx_word' id='word_1_196' title='bbox 2388 1485 2581 1542; x_wconf 82' lang='lat' dir='ltr'><strong>Isidori</strong></span> <span class='ocrx_word' id='word_1_197' title='bbox 2609 1497 2660 1540; x_wconf 91' lang='lat' dir='ltr'><strong>et</strong></span> <span class='ocrx_word' id='word_1_198' title='bbox 2687 1487 2938 1543; x_wconf 84' lang='lat' dir='ltr'><strong>Leandri.</strong></span> <span class='ocrx_word' id='word_1_199' title='bbox 3666 1485 3667 1488; x_wconf 34' lang='grc'><em>“</em></span> 
     </span>
    </p>
   </div>
   <div class='ocr_carea' id='block_1_29' title="bbox 2219 1575 3732 1650">
    <p class='ocr_par' dir='ltr' id='par_1_29' title="bbox 2219 1575 3732 1650">
     <span class='ocr_line' id='line_1_29' title="bbox 2219 1575 3732 1650; baseline 0.005 -22"><span class='ocrx_word' id='word_1_200' title='bbox 2219 1575 2270 1629; x_wconf 87' lang='grc'><strong>6.</strong></span> <span class='ocrx_word' id='word_1_201' title='bbox 2315 1579 2445 1632; x_wconf 77' lang='lat' dir='ltr'><strong>Cum</strong></span> <span class='ocrx_word' id='word_1_202' title='bbox 2490 1587 2669 1633; x_wconf 85' lang='lat' dir='ltr'><strong>autem</strong></span> <span class='ocrx_word' id='word_1_203' title='bbox 2701 1578 2936 1636; x_wconf 79' lang='lat' dir='ltr'><strong>ofﬁcium</strong></span> <span class='ocrx_word' id='word_1_204' title='bbox 2965 1579 3021 1634; x_wconf 92' lang='lat' dir='ltr'><strong>S.</strong></span> <span class='ocrx_word' id='word_1_205' title='bbox 3050 1581 3234 1636; x_wconf 83' lang='lat' dir='ltr'><strong>Isidori</strong></span> <span class='ocrx_word' id='word_1_206' title='bbox 3277 1596 3376 1650; x_wconf 90' lang='lat' dir='ltr'><strong>pro</strong></span> <span class='ocrx_word' id='word_1_207' title='bbox 3406 1590 3516 1637; x_wconf 88' lang='lat' dir='ltr'><strong>tota</strong></span> <span class='ocrx_word' id='word_1_208' title='bbox 3549 1582 3732 1636; x_wconf 58' lang='lat' dir='ltr'><strong>Eccle-</strong></span> 
     </span>
    </p>
   </div>
   <div class='ocr_carea' id='block_1_30' title="bbox 2149 1669 3732 1732">
    <p class='ocr_par' dir='ltr' id='par_1_30' title="bbox 2149 1669 3732 1732">
     <span class='ocr_line' id='line_1_30' title="bbox 2149 1669 3732 1732; baseline 0.001 -8"><span class='ocrx_word' id='word_1_209' title='bbox 2149 1670 2228 1724; x_wconf 85' lang='lat' dir='ltr'><strong>sia</strong></span> <span class='ocrx_word' id='word_1_210' title='bbox 2257 1669 2589 1724; x_wconf 86' lang='lat' dir='ltr'><strong>recitandum</strong></span> <span class='ocrx_word' id='word_1_211' title='bbox 2620 1671 2672 1728; x_wconf 90' lang='lat' dir='ltr'><strong>in</strong></span> <span class='ocrx_word' id='word_1_212' title='bbox 2711 1670 3010 1732; x_wconf 80' lang='lat' dir='ltr'><strong>Romanum</strong></span> <span class='ocrx_word' id='word_1_213' title='bbox 3058 1672 3384 1728; x_wconf 82' lang='lat' dir='ltr'><strong>Breviarium</strong></span> <span class='ocrx_word' id='word_1_214' title='bbox 3439 1674 3732 1728; x_wconf 73' lang='lat' dir='ltr'><strong>immissum</strong></span> 
     </span>
    </p>
   </div>
   <div class='ocr_carea' id='block_1_31' title="bbox 466 1753 3733 1828">
    <p class='ocr_par' dir='ltr' id='par_1_31' title="bbox 466 1753 3733 1828">
     <span class='ocr_line' id='line_1_31' title="bbox 466 1753 3733 1828; baseline 0.003 -24"><span class='ocrx_word' id='word_1_215' title='bbox 466 1753 576 1808; x_wconf 80' lang='lat' dir='ltr'><strong>bent</strong></span> <span class='ocrx_word' id='word_1_216' title='bbox 618 1753 897 1826; x_wconf 74' lang='lat' dir='ltr'><strong>Legionem</strong></span> <span class='ocrx_word' id='word_1_217' title='bbox 943 1772 976 1822; x_wconf 71' lang='grc' dir='ltr'><em>ᾳ</em></span> <span class='ocrx_word' id='word_1_218' title='bbox 1023 1754 1300 1808; x_wconf 66' lang='grc' dir='ltr'><strong>Ρειπιιηάο</strong></span> <span class='ocrx_word' id='word_1_219' title='bbox 1347 1755 1512 1822; x_wconf 80' lang='lat' dir='ltr'><strong>primo</strong></span> <span class='ocrx_word' id='word_1_220' title='bbox 1542 1753 1789 1808; x_wconf 70' lang='lat' dir='ltr'><strong>Castellaa-</strong></span> <span class='ocrx_word' id='word_1_221' title='bbox 1818 1753 1971 1812; x_wconf 79' lang='lat' dir='ltr'><strong>simul</strong></span> <span class='ocrx_word' id='word_1_222' title='bbox 2000 1761 2047 1806; x_wconf 80' lang='lat' dir='ltr'><strong>et</strong></span> <span class='ocrx_word' id='word_1_223' title='bbox 2083 1769 2126 1828; x_wconf 78' lang='grc' dir='ltr'><strong>Β</strong></span> <span class='ocrx_word' id='word_1_224' title='bbox 2154 1757 2260 1812; x_wconf 92' lang='lat' dir='ltr'><strong>hoc</strong></span> <span class='ocrx_word' id='word_1_225' title='bbox 2305 1759 2502 1813; x_wconf 56' lang='lat' dir='ltr'><strong>sarculo</strong></span> <span class='ocrx_word' id='word_1_226' title='bbox 2551 1756 2730 1822; x_wconf 80' lang='lat' dir='ltr'><strong>fuerit,</strong></span> <span class='ocrx_word' id='word_1_227' title='bbox 2773 1758 2928 1826; x_wconf 81' lang='lat' dir='ltr'><strong>juvat</strong></span> <span class='ocrx_word' id='word_1_228' title='bbox 2974 1759 3232 1816; x_wconf 87' lang='lat' dir='ltr'><strong>lectiones</strong></span> <span class='ocrx_word' id='word_1_229' title='bbox 3273 1775 3440 1815; x_wconf 91' lang='lat' dir='ltr'><strong>novas</strong></span> <span class='ocrx_word' id='word_1_230' title='bbox 3482 1762 3586 1816; x_wconf 90' lang='lat' dir='ltr'><strong>hoc</strong></span> <span class='ocrx_word' id='word_1_231' title='bbox 3617 1762 3733 1815; x_wconf 64' lang='lat' dir='ltr'><strong>locs</strong></span> 
     </span>
    </p>
   </div>
   <div class='ocr_carea' id='block_1_32' title="bbox 465 1841 2053 1912">
    <p class='ocr_par' dir='ltr' id='par_1_32' title="bbox 465 1841 2053 1912">
     <span class='ocr_line' id='line_1_32' title="bbox 465 1841 2053 1912; baseline -0.001 -16"><span class='ocrx_word' id='word_1_232' title='bbox 465 1841 708 1912; x_wconf 82' lang='lat' dir='ltr'><strong>Legionis</strong></span> <span class='ocrx_word' id='word_1_233' title='bbox 750 1860 887 1912; x_wconf 86' lang='lat' dir='ltr'><strong>rege,</strong></span> <span class='ocrx_word' id='word_1_234' title='bbox 921 1852 1025 1900; x_wconf 83' lang='lat' dir='ltr'><strong>etc.</strong></span> <span class='ocrx_word' id='word_1_235' title='bbox 1074 1844 1297 1912; x_wconf 82' lang='lat' dir='ltr'><strong>Reliqua</strong></span> <span class='ocrx_word' id='word_1_236' title='bbox 1330 1845 1382 1902; x_wconf 88' lang='lat' dir='ltr'><strong>in</strong></span> <span class='ocrx_word' id='word_1_237' title='bbox 1431 1843 1512 1895; x_wconf 86' lang='lat' dir='ltr'><strong>his</strong></span> <span class='ocrx_word' id='word_1_238' title='bbox 1543 1844 1695 1896; x_wconf 90' lang='lat' dir='ltr'><strong>novis</strong></span> <span class='ocrx_word' id='word_1_239' title='bbox 1733 1841 2053 1904; x_wconf 84' lang='lat' dir='ltr'><strong>lectionibus</strong></span> 
     </span>
    </p>
   </div>
   <div class='ocr_carea' id='block_1_33' title="bbox 466 1930 2048 2004">
    <p class='ocr_par' dir='ltr' id='par_1_33' title="bbox 466 1930 2048 2004">
     <span class='ocr_line' id='line_1_33' title="bbox 466 1930 2048 2004; baseline -0.003 -18"><span class='ocrx_word' id='word_1_240' title='bbox 466 1934 689 2004; x_wconf 79' lang='lat' dir='ltr'><strong>aliisque</strong></span> <span class='ocrx_word' id='word_1_241' title='bbox 732 1935 1127 2002; x_wconf 87' lang='lat' dir='ltr'><strong>antiquioribus</strong></span> <span class='ocrx_word' id='word_1_242' title='bbox 1153 1933 1293 2002; x_wconf 89' lang='lat' dir='ltr'><strong>apud</strong></span> <span class='ocrx_word' id='word_1_243' title='bbox 1329 1931 1646 2002; x_wconf 89' lang='lat' dir='ltr'><strong>Cajetanum</strong></span> <span class='ocrx_word' id='word_1_244' title='bbox 1699 1930 2048 1996; x_wconf 87' lang='lat' dir='ltr'><strong>conveniunt,</strong></span> 
     </span>
    </p>
   </div>
   <div class='ocr_carea' id='block_1_34' title="bbox 467 2023 2054 2092">
    <p class='ocr_par' dir='ltr' id='par_1_34' title="bbox 467 2023 2054 2092">
     <span class='ocr_line' id='line_1_34' title="bbox 467 2023 2054 2092; baseline -0.002 -15"><span class='ocrx_word' id='word_1_245' title='bbox 467 2025 567 2078; x_wconf 89' lang='lat' dir='ltr'><strong>nisi</strong></span> <span class='ocrx_word' id='word_1_246' title='bbox 611 2024 754 2092; x_wconf 90' lang='lat' dir='ltr'><strong>quod</strong></span> <span class='ocrx_word' id='word_1_247' title='bbox 807 2026 859 2077; x_wconf 93' lang='lat' dir='ltr'><strong>in</strong></span> <span class='ocrx_word' id='word_1_248' title='bbox 910 2025 991 2078; x_wconf 91' lang='lat' dir='ltr'><strong>his</strong></span> <span class='ocrx_word' id='word_1_249' title='bbox 1038 2025 1190 2078; x_wconf 90' lang='lat' dir='ltr'><strong>novis</strong></span> <span class='ocrx_word' id='word_1_250' title='bbox 1239 2024 1433 2092; x_wconf 77' lang='lat' dir='ltr'><strong>legitur</strong></span> <span class='ocrx_word' id='word_1_251' title='bbox 1474 2023 1755 2089; x_wconf 72' lang='lat' dir='ltr'><strong>suffectura</strong></span> <span class='ocrx_word' id='word_1_252' title='bbox 1803 2036 1913 2074; x_wconf 86' lang='lat' dir='ltr'><strong>esse</strong></span> <span class='ocrx_word' id='word_1_253' title='bbox 1955 2035 2054 2090; x_wconf 88' lang='lat' dir='ltr'><strong>pro</strong></span> 
     </span>
    </p>
   </div>
   <div class='ocr_carea' id='block_1_35' title="bbox 464 2111 2052 2184">
    <p class='ocr_par' dir='ltr' id='par_1_35' title="bbox 464 2111 2052 2184">
     <span class='ocr_line' id='line_1_35' title="bbox 464 2111 2052 2184; baseline -0.003 -17"><span class='ocrx_word' id='word_1_254' title='bbox 464 2115 681 2183; x_wconf 65' lang='lat' dir='ltr'><strong>sup‘ecta</strong></span> <span class='ocrx_word' id='word_1_255' title='bbox 708 2131 818 2169; x_wconf 81' lang='lat' dir='ltr'><strong>esse</strong></span> <span class='ocrx_word' id='word_1_256' title='bbox 846 2115 987 2184; x_wconf 88' lang='lat' dir='ltr'><strong>apud</strong></span> <span class='ocrx_word' id='word_1_257' title='bbox 1012 2113 1346 2183; x_wconf 88' lang='lat' dir='ltr'><strong>Cajetanum.</strong></span> <span class='ocrx_word' id='word_1_258' title='bbox 1377 2113 1686 2180; x_wconf 84' lang='lat' dir='ltr'><strong>Lectiones,</strong></span> <span class='ocrx_word' id='word_1_259' title='bbox 1734 2122 1791 2165; x_wconf 91' lang='lat' dir='ltr'><strong>ut</strong></span> <span class='ocrx_word' id='word_1_260' title='bbox 1816 2126 1847 2164; x_wconf 89' lang='lat' dir='ltr'><strong>a</strong></span> <span class='ocrx_word' id='word_1_261' title='bbox 1881 2111 2052 2165; x_wconf 89' lang='lat' dir='ltr'><strong>cardi-</strong></span> 
     </span>
    </p>
   </div>
   <div class='ocr_carea' id='block_1_36' title="bbox 469 2200 2053 2272">
    <p class='ocr_par' dir='ltr' id='par_1_36' title="bbox 469 2200 2053 2272">
     <span class='ocr_line' id='line_1_36' title="bbox 469 2200 2053 2272; baseline -0.004 -12"><span class='ocrx_word' id='word_1_262' title='bbox 469 2206 573 2260; x_wconf 85' lang='lat' dir='ltr'><strong>nali</strong></span> <span class='ocrx_word' id='word_1_263' title='bbox 610 2205 912 2272; x_wconf 83' lang='lat' dir='ltr'><strong>Quignonio</strong></span> <span class='ocrx_word' id='word_1_264' title='bbox 943 2207 994 2258; x_wconf 89' lang='lat' dir='ltr'><strong>in</strong></span> <span class='ocrx_word' id='word_1_265' title='bbox 1024 2221 1126 2262; x_wconf 86' lang='lat' dir='ltr'><strong>suo</strong></span> <span class='ocrx_word' id='word_1_266' title='bbox 1154 2203 1426 2260; x_wconf 85' lang='lat' dir='ltr'><strong>Breviario</strong></span> <span class='ocrx_word' id='word_1_267' title='bbox 1455 2203 1613 2257; x_wconf 80' lang='lat' dir='ltr'><strong>editze</strong></span> <span class='ocrx_word' id='word_1_268' title='bbox 1658 2211 1804 2268; x_wconf 91' lang='lat' dir='ltr'><strong>sunt,</strong></span> <span class='ocrx_word' id='word_1_269' title='bbox 1835 2200 2053 2270; x_wconf 84' lang='lat' dir='ltr'><strong>prodie-</strong></span> 
     </span>
    </p>
   </div>
   <div class='ocr_carea' id='block_1_37' title="bbox 473 2290 2054 2364">
    <p class='ocr_par' dir='ltr' id='par_1_37' title="bbox 473 2290 2054 2364">
     <span class='ocr_line' id='line_1_37' title="bbox 473 2290 2054 2364; baseline -0.004 -15"><span class='ocrx_word' id='word_1_270' title='bbox 473 2305 599 2356; x_wconf 82' lang='lat' dir='ltr'><strong>runt</strong></span> <span class='ocrx_word' id='word_1_271' title='bbox 619 2297 812 2350; x_wconf 84' lang='lat' dir='ltr'><strong>deinde</strong></span> <span class='ocrx_word' id='word_1_272' title='bbox 841 2297 895 2349; x_wconf 92' lang='lat' dir='ltr'><strong>in</strong></span> <span class='ocrx_word' id='word_1_273' title='bbox 919 2296 1149 2364; x_wconf 89' lang='lat' dir='ltr'><strong>quodam</strong></span> <span class='ocrx_word' id='word_1_274' title='bbox 1176 2295 1450 2350; x_wconf 84' lang='lat' dir='ltr'><strong>Breviario</strong></span> <span class='ocrx_word' id='word_1_275' title='bbox 1479 2293 1722 2350; x_wconf 81' lang='lat' dir='ltr'><strong>Romano</strong></span> <span class='ocrx_word' id='word_1_276' title='bbox 1743 2291 1810 2346; x_wconf 87' lang='lat' dir='ltr'><strong>de</strong></span> <span class='ocrx_word' id='word_1_277' title='bbox 1828 2290 2054 2348; x_wconf 87' lang='lat' dir='ltr'><strong>Camera</strong></span> 
     </span>
    </p>
   </div>
   <div class='ocr_carea' id='block_1_38' title="bbox 471 2379 2054 2456">
    <p class='ocr_par' dir='ltr' id='par_1_38' title="bbox 471 2379 2054 2456">
     <span class='ocr_line' id='line_1_38' title="bbox 471 2379 2054 2456; baseline -0.005 -16"><span class='ocrx_word' id='word_1_278' title='bbox 471 2395 796 2456; x_wconf 74' lang='lat' dir='ltr'><strong>nuncupato,</strong></span> <span class='ocrx_word' id='word_1_279' title='bbox 829 2386 1068 2440; x_wconf 80' lang='lat' dir='ltr'><strong>Venetiis</strong></span> <span class='ocrx_word' id='word_1_280' title='bbox 1106 2389 1369 2450; x_wconf 82' lang='lat' dir='ltr'><strong>impresso</strong></span> <span class='ocrx_word' id='word_1_281' title='bbox 1396 2385 1448 2440; x_wconf 91' lang='lat' dir='ltr'><strong>in</strong></span> <span class='ocrx_word' id='word_1_282' title='bbox 1481 2384 1573 2436; x_wconf 87' lang='lat' dir='ltr'><strong>fol.</strong></span> <span class='ocrx_word' id='word_1_283' title='bbox 1620 2398 1762 2436; x_wconf 89' lang='lat' dir='ltr'><strong>anno</strong></span> <span class='ocrx_word' id='word_1_284' title='bbox 1791 2379 1951 2445; x_wconf 76' lang='grc'><strong>1550,</strong></span> <span class='ocrx_word' id='word_1_285' title='bbox 1996 2388 2054 2432; x_wconf 92' lang='lat' dir='ltr'><strong>ut</strong></span> 
     </span>
    </p>
   </div>
   <div class='ocr_carea' id='block_1_39' title="bbox 471 2468 2052 2540">
    <p class='ocr_par' dir='ltr' id='par_1_39' title="bbox 471 2468 2052 2540">
     <span class='ocr_line' id='line_1_39' title="bbox 471 2468 2052 2540; baseline -0.004 -12"><span class='ocrx_word' id='word_1_286' title='bbox 471 2476 625 2531; x_wconf 83' lang='lat' dir='ltr'><strong>facile</strong></span> <span class='ocrx_word' id='word_1_287' title='bbox 654 2484 784 2530; x_wconf 89' lang='lat' dir='ltr'><strong>tunc</strong></span> <span class='ocrx_word' id='word_1_288' title='bbox 831 2482 956 2528; x_wconf 86' lang='lat' dir='ltr'><strong>ante</strong></span> <span class='ocrx_word' id='word_1_289' title='bbox 1003 2473 1080 2527; x_wconf 87' lang='lat' dir='ltr'><strong>Pii</strong></span> <span class='ocrx_word' id='word_1_290' title='bbox 1120 2473 1158 2526; x_wconf 82' lang='lat' dir='ltr'><strong>V</strong></span> <span class='ocrx_word' id='word_1_291' title='bbox 1190 2471 1631 2540; x_wconf 77' lang='lat' dir='ltr'><strong>constitutionem</strong></span> <span class='ocrx_word' id='word_1_292' title='bbox 1674 2471 1742 2524; x_wconf 91' lang='lat' dir='ltr'><strong>de</strong></span> <span class='ocrx_word' id='word_1_293' title='bbox 1779 2468 2052 2522; x_wconf 80' lang='lat' dir='ltr'><strong>Breviario</strong></span> 
     </span>
    </p>
   </div>
   <div class='ocr_carea' id='block_1_40' title="bbox 478 2557 2051 2631">
    <p class='ocr_par' dir='ltr' id='par_1_40' title="bbox 478 2557 2051 2631">
     <span class='ocr_line' id='line_1_40' title="bbox 478 2557 2051 2631; baseline -0.004 -12"><span class='ocrx_word' id='word_1_294' title='bbox 478 2565 723 2619; x_wconf 74' lang='lat' dir='ltr'><strong>Romano</strong></span> <span class='ocrx_word' id='word_1_295' title='bbox 779 2562 1122 2627; x_wconf 81' lang='lat' dir='ltr'><strong>reformando</strong></span> <span class='ocrx_word' id='word_1_296' title='bbox 1173 2561 1436 2631; x_wconf 76' lang='lat' dir='ltr'><strong>ejusmodi</strong></span> <span class='ocrx_word' id='word_1_297' title='bbox 1491 2560 1732 2620; x_wconf 85' lang='lat' dir='ltr'><strong>auctiora</strong></span> <span class='ocrx_word' id='word_1_298' title='bbox 1779 2557 2051 2612; x_wconf 82' lang='lat' dir='ltr'><strong>Breviaria</strong></span> 
     </span>
    </p>
   </div>
   <div class='ocr_carea' id='block_1_41' title="bbox 471 2651 2048 2730">
    <p class='ocr_par' dir='ltr' id='par_1_41' title="bbox 471 2651 2048 2730">
     <span class='ocr_line' id='line_1_41' title="bbox 471 2651 2048 2730; baseline -0.005 -19"><span class='ocrx_word' id='word_1_299' title='bbox 471 2675 571 2730; x_wconf 81' lang='lat' dir='ltr'><strong>pro</strong></span> <span class='ocrx_word' id='word_1_300' title='bbox 602 2652 757 2712; x_wconf 78' lang='lat' dir='ltr'><strong>libita</strong></span> <span class='ocrx_word' id='word_1_301' title='bbox 785 2656 1052 2712; x_wconf 88' lang='lat' dir='ltr'><strong>editorum</strong></span> <span class='ocrx_word' id='word_1_302' title='bbox 1075 2664 1169 2714; x_wconf 87' lang='lat' dir='ltr'><strong>aut</strong></span> <span class='ocrx_word' id='word_1_303' title='bbox 1199 2653 1655 2724; x_wconf 78' lang='lat' dir='ltr'><strong>typographorum</strong></span> <span class='ocrx_word' id='word_1_304' title='bbox 1675 2651 2048 2719; x_wconf 82' lang='lat' dir='ltr'><strong>vulgabantur.</strong></span> 
     </span>
    </p>
   </div>
   <div class='ocr_carea' id='block_1_42' title="bbox 538 2743 2052 2816">
    <p class='ocr_par' dir='ltr' id='par_1_42' title="bbox 538 2743 2052 2816">
     <span class='ocr_line' id='line_1_42' title="bbox 538 2743 2052 2816; baseline -0.005 -10"><span class='ocrx_word' id='word_1_305' title='bbox 538 2747 593 2806; x_wconf 71' lang='grc'><strong>4.</strong></span> <span class='ocrx_word' id='word_1_306' title='bbox 647 2747 926 2808; x_wconf 74' lang='lat' dir='ltr'><strong>Recitas-e</strong></span> <span class='ocrx_word' id='word_1_307' title='bbox 970 2763 1186 2816; x_wconf 90' lang='lat' dir='ltr'><strong>quoque</strong></span> <span class='ocrx_word' id='word_1_308' title='bbox 1230 2746 1528 2802; x_wconf 75' lang='lat' dir='ltr'><strong>Humanam</strong></span> <span class='ocrx_word' id='word_1_309' title='bbox 1579 2743 1874 2800; x_wconf 84' lang='lat' dir='ltr'><strong>Ecclesiam</strong></span> <span class='ocrx_word' id='word_1_310' title='bbox 1913 2743 2052 2798; x_wconf 88' lang='lat' dir='ltr'><strong>hanc</strong></span> 
     </span>
    </p>
   </div>
   <div class='ocr_carea' id='block_1_43' title="bbox 469 2832 2050 2906">
    <p class='ocr_par' dir='ltr' id='par_1_43' title="bbox 469 2832 2050 2906">
     <span class='ocr_line' id='line_1_43' title="bbox 469 2832 2050 2906; baseline -0.004 -10"><span class='ocrx_word' id='word_1_311' title='bbox 469 2839 657 2896; x_wconf 82' lang='lat' dir='ltr'><strong>lsidori</strong></span> <span class='ocrx_word' id='word_1_312' title='bbox 690 2839 866 2890; x_wconf 85' lang='lat' dir='ltr'><strong>Vitam</strong></span> <span class='ocrx_word' id='word_1_313' title='bbox 906 2853 1003 2906; x_wconf 89' lang='lat' dir='ltr'><strong>per</strong></span> <span class='ocrx_word' id='word_1_314' title='bbox 1029 2837 1288 2892; x_wconf 86' lang='lat' dir='ltr'><strong>lectiones</strong></span> <span class='ocrx_word' id='word_1_315' title='bbox 1330 2834 1656 2900; x_wconf 78' lang='lat' dir='ltr'><strong>distinctam,</strong></span> <span class='ocrx_word' id='word_1_316' title='bbox 1684 2848 1752 2888; x_wconf 81' lang='lat' dir='ltr'><strong>ex</strong></span> <span class='ocrx_word' id='word_1_317' title='bbox 1778 2832 2050 2889; x_wconf 81' lang='lat' dir='ltr'><strong>Breviario</strong></span> 
     </span>
    </p>
   </div>
   <div class='ocr_carea' id='block_1_44' title="bbox 469 2924 2050 3002">
    <p class='ocr_par' dir='ltr' id='par_1_44' title="bbox 469 2924 2050 3002">
     <span class='ocr_line' id='line_1_44' title="bbox 469 2924 2050 3002; baseline -0.003 -18"><span class='ocrx_word' id='word_1_318' title='bbox 469 2931 844 3002; x_wconf 83' lang='lat' dir='ltr'><strong>Quignoniano</strong></span> <span class='ocrx_word' id='word_1_319' title='bbox 887 2929 1092 2996; x_wconf 84' lang='lat' dir='ltr'><strong>colligit</strong></span> <span class='ocrx_word' id='word_1_320' title='bbox 1136 2926 1444 2994; x_wconf 88' lang='lat' dir='ltr'><strong>Cajetanus.</strong></span> <span class='ocrx_word' id='word_1_321' title='bbox 1491 2924 1584 2980; x_wconf 85' lang='lat' dir='ltr'><strong>sed</strong></span> <span class='ocrx_word' id='word_1_322' title='bbox 1636 2925 1810 2984; x_wconf 83' lang='lat' dir='ltr'><strong>minus</strong></span> <span class='ocrx_word' id='word_1_323' title='bbox 1856 2924 2050 2979; x_wconf 91' lang='lat' dir='ltr'><strong>idoneo</strong></span> 
     </span>
    </p>
   </div>
   <div class='ocr_carea' id='block_1_45' title="bbox 466 3016 2049 3094">
    <p class='ocr_par' dir='ltr' id='par_1_45' title="bbox 466 3016 2049 3094">
     <span class='ocr_line' id='line_1_45' title="bbox 466 3016 2049 3094; baseline -0.005 -17"><span class='ocrx_word' id='word_1_324' title='bbox 466 3029 810 3094; x_wconf 74' lang='lat' dir='ltr'><strong>argumento.</strong></span> <span class='ocrx_word' id='word_1_325' title='bbox 834 3020 951 3076; x_wconf 83' lang='lat' dir='ltr'><strong>Non</strong></span> <span class='ocrx_word' id='word_1_326' title='bbox 978 3021 1121 3074; x_wconf 86' lang='lat' dir='ltr'><strong>enim</strong></span> <span class='ocrx_word' id='word_1_327' title='bbox 1144 3017 1383 3074; x_wconf 85' lang='lat' dir='ltr'><strong>Ecclesia</strong></span> <span class='ocrx_word' id='word_1_328' title='bbox 1411 3016 1651 3072; x_wconf 78' lang='lat' dir='ltr'><strong>Romana</strong></span> <span class='ocrx_word' id='word_1_329' title='bbox 1695 3032 1892 3070; x_wconf 87' lang='lat' dir='ltr'><strong>novum</strong></span> <span class='ocrx_word' id='word_1_330' title='bbox 1922 3016 2049 3074; x_wconf 87' lang='lat' dir='ltr'><strong>illud</strong></span> 
     </span>
    </p>
   </div>
   <div class='ocr_carea' id='block_1_46' title="bbox 2161 1849 3419 1918">
    <p class='ocr_par' dir='ltr' id='par_1_46' title="bbox 2161 1849 3419 1918">
     <span class='ocr_line' id='line_1_46' title="bbox 2161 1849 3419 1918; baseline 0.002 -16"><span class='ocrx_word' id='word_1_331' title='bbox 2161 1865 2459 1918; x_wconf 85' lang='lat' dir='ltr'><strong>apponere.</strong></span> <span class='ocrx_word' id='word_1_332' title='bbox 2496 1858 2554 1903; x_wconf 92' lang='lat' dir='ltr'><strong>ut</strong></span> <span class='ocrx_word' id='word_1_333' title='bbox 2582 1865 2702 1905; x_wconf 87' lang='lat' dir='ltr'><strong>cum</strong></span> <span class='ocrx_word' id='word_1_334' title='bbox 2730 1851 3004 1904; x_wconf 71' lang='lat' dir='ltr'><strong>veteribus</strong></span> <span class='ocrx_word' id='word_1_335' title='bbox 3033 1849 3379 1906; x_wconf 74' lang='lat' dir='ltr'><strong>conterantur</strong></span> <span class='ocrx_word' id='word_1_336' title='bbox 3406 1870 3419 1904; x_wconf 90' lang='lat'><strong><em>:</em></strong></span> 
     </span>
    </p>
   </div>
   <div class='ocr_carea' id='block_1_47' title="bbox 2155 1939 3736 2011">
    <p class='ocr_par' dir='ltr' id='par_1_47' title="bbox 2155 1939 3736 2011">
     <span class='ocr_line' id='line_1_47' title="bbox 2155 1939 3736 2011; baseline 0.004 -17"><span class='ocrx_word' id='word_1_337' title='bbox 2155 1939 2418 1996; x_wconf 86' lang='lat' dir='ltr'><strong>Lectiones</strong></span> <span class='ocrx_word' id='word_1_338' title='bbox 2461 1942 2516 1994; x_wconf 87' lang='lat' dir='ltr'><strong>in</strong></span> <span class='ocrx_word' id='word_1_339' title='bbox 2551 1941 2682 2011; x_wconf 77' lang='lat' dir='ltr'><strong>festo</strong></span> <span class='ocrx_word' id='word_1_340' title='bbox 2731 1940 2794 1996; x_wconf 89' lang='lat' dir='ltr'><strong>S.</strong></span> <span class='ocrx_word' id='word_1_341' title='bbox 2844 1940 3038 1996; x_wconf 81' lang='lat' dir='ltr'><strong>Isidori</strong></span> <span class='ocrx_word' id='word_1_342' title='bbox 3083 1958 3149 1995; x_wconf 74' lang='lat' dir='ltr'><strong>ea:</strong></span> <span class='ocrx_word' id='word_1_343' title='bbox 3196 1941 3460 1997; x_wconf 80' lang='lat' dir='ltr'><strong>Breviario</strong></span> <span class='ocrx_word' id='word_1_344' title='bbox 3501 1943 3736 2001; x_wconf 86' lang='lat' dir='ltr'><strong>Romano</strong></span> 
     </span>
    </p>
   </div>
   <div class='ocr_carea' id='block_1_48' title="bbox 2575 2030 3310 2102">
    <p class='ocr_par' dir='ltr' id='par_1_48' title="bbox 2575 2030 3310 2102">
     <span class='ocr_line' id='line_1_48' title="bbox 2575 2030 3310 2102; baseline 0.001 -19"><span class='ocrx_word' id='word_1_345' title='bbox 2575 2031 2841 2102; x_wconf 81' lang='lat' dir='ltr'><strong>recognito</strong></span> <span class='ocrx_word' id='word_1_346' title='bbox 2872 2031 3009 2088; x_wconf 65' lang='lat' dir='ltr'><strong>:.die</strong></span> <span class='ocrx_word' id='word_1_347' title='bbox 3029 2030 3064 2083; x_wconf 67' lang='grc'>4</span> <span class='ocrx_word' id='word_1_348' title='bbox 3094 2030 3310 2100; x_wconf 78' lang='lat' dir='ltr'><strong>Aprilis.</strong></span> 
     </span>
    </p>
   </div>
   <div class='ocr_carea' id='block_1_49' title="bbox 2226 2117 3737 2187">
    <p class='ocr_par' dir='ltr' id='par_1_49' title="bbox 2226 2117 3737 2187">
     <span class='ocr_line' id='line_1_49' title="bbox 2226 2117 3737 2187; baseline 0.003 -15"><span class='ocrx_word' id='word_1_349' title='bbox 2226 2121 2277 2174; x_wconf 88' lang='lat'><strong>7.</strong></span> <span class='ocrx_word' id='word_1_350' title='bbox 2309 2117 2484 2176; x_wconf 79' lang='lat' dir='ltr'><strong>Lectio</strong></span> <span class='ocrx_word' id='word_1_351' title='bbox 2512 2134 2585 2172; x_wconf 86' lang='lat' dir='ltr'><strong>tv.</strong></span> <span class='ocrx_word' id='word_1_352' title='bbox 2614 2145 2688 2156; x_wconf 91' lang='lat'><strong><em>—</em></strong></span> <span class='ocrx_word' id='word_1_353' title='bbox 2718 2137 2737 2170; x_wconf 71' lang='grc' dir='ltr'>ι</span> <span class='ocrx_word' id='word_1_354' title='bbox 2771 2117 3002 2174; x_wconf 82' lang='lat' dir='ltr'><strong>Isidorus</strong></span> <span class='ocrx_word' id='word_1_355' title='bbox 3033 2118 3250 2174; x_wconf 87' lang='lat' dir='ltr'><strong>natione</strong></span> <span class='ocrx_word' id='word_1_356' title='bbox 3279 2117 3566 2187; x_wconf 88' lang='lat' dir='ltr'><strong>Hispanus,</strong></span> <span class='ocrx_word' id='word_1_357' title='bbox 3606 2121 3737 2178; x_wconf 91' lang='lat' dir='ltr'><strong>doc-</strong></span> 
     </span>
    </p>
   </div>
   <div class='ocr_carea' id='block_1_50' title="bbox 2154 2206 3736 2280">
    <p class='ocr_par' dir='ltr' id='par_1_50' title="bbox 2154 2206 3736 2280">
     <span class='ocr_line' id='line_1_50' title="bbox 2154 2206 3736 2280; baseline 0.001 -14"><span class='ocrx_word' id='word_1_358' title='bbox 2154 2220 2242 2266; x_wconf 91' lang='lat' dir='ltr'><strong>tor</strong></span> <span class='ocrx_word' id='word_1_359' title='bbox 2267 2211 2534 2280; x_wconf 81' lang='lat' dir='ltr'><strong>egregius,</strong></span> <span class='ocrx_word' id='word_1_360' title='bbox 2586 2224 2654 2263; x_wconf 85' lang='lat' dir='ltr'><strong>ex</strong></span> <span class='ocrx_word' id='word_1_361' title='bbox 2703 2223 2842 2262; x_wconf 91' lang='lat' dir='ltr'><strong>nova</strong></span> <span class='ocrx_word' id='word_1_362' title='bbox 2888 2206 3212 2275; x_wconf 80' lang='lat' dir='ltr'><strong>Carthagine</strong></span> <span class='ocrx_word' id='word_1_363' title='bbox 3252 2207 3546 2264; x_wconf 82' lang='lat' dir='ltr'><strong>Severiano</strong></span> <span class='ocrx_word' id='word_1_364' title='bbox 3582 2219 3736 2279; x_wconf 83' lang='lat' dir='ltr'><strong>patre</strong></span> 
     </span>
    </p>
   </div>
   <div class='ocr_carea' id='block_1_51' title="bbox 2153 2294 3736 2372">
    <p class='ocr_par' dir='ltr' id='par_1_51' title="bbox 2153 2294 3736 2372">
     <span class='ocr_line' id='line_1_51' title="bbox 2153 2294 3736 2372; baseline 0.001 -16"><span class='ocrx_word' id='word_1_365' title='bbox 2153 2294 2441 2372; x_wconf 71' lang='lat' dir='ltr'><strong>previncize</strong></span> <span class='ocrx_word' id='word_1_366' title='bbox 2482 2302 2620 2356; x_wconf 90' lang='lat' dir='ltr'><strong>duce</strong></span> <span class='ocrx_word' id='word_1_367' title='bbox 2668 2311 2844 2360; x_wconf 85' lang='lat' dir='ltr'><strong>natus.</strong></span> <span class='ocrx_word' id='word_1_368' title='bbox 2893 2315 2924 2354; x_wconf 89' lang='lat' dir='ltr'><strong>a</strong></span> <span class='ocrx_word' id='word_1_369' title='bbox 2970 2301 3170 2355; x_wconf 86' lang='lat' dir='ltr'><strong>sanctis</strong></span> <span class='ocrx_word' id='word_1_370' title='bbox 3196 2301 3463 2369; x_wconf 87' lang='lat' dir='ltr'><strong>episcopis</strong></span> <span class='ocrx_word' id='word_1_371' title='bbox 3490 2300 3736 2358; x_wconf 73' lang='lat' dir='ltr'><strong>Leonidro</strong></span> 
     </span>
    </p>
   </div>
   <div class='ocr_carea' id='block_1_52' title="bbox 2154 2389 3735 2464">
    <p class='ocr_par' dir='ltr' id='par_1_52' title="bbox 2154 2389 3735 2464">
     <span class='ocr_line' id='line_1_52' title="bbox 2154 2389 3735 2464; baseline 0 -14"><span class='ocrx_word' id='word_1_372' title='bbox 2154 2394 2476 2464; x_wconf 86' lang='lat' dir='ltr'><strong>llispalensi,</strong></span> <span class='ocrx_word' id='word_1_373' title='bbox 2511 2403 2565 2448; x_wconf 87' lang='lat' dir='ltr'><strong>et</strong></span> <span class='ocrx_word' id='word_1_374' title='bbox 2594 2391 2875 2458; x_wconf 85' lang='lat' dir='ltr'><strong>Fulgentio</strong></span> <span class='ocrx_word' id='word_1_375' title='bbox 2903 2389 3312 2458; x_wconf 85' lang='lat' dir='ltr'><strong>Carthagineusi</strong></span> <span class='ocrx_word' id='word_1_376' title='bbox 3343 2390 3592 2447; x_wconf 84' lang='lat' dir='ltr'><strong>fratribus</strong></span> <span class='ocrx_word' id='word_1_377' title='bbox 3621 2395 3735 2450; x_wconf 85' lang='lat' dir='ltr'><strong>suis</strong></span> 
     </span>
    </p>
   </div>
   <div class='ocr_carea' id='block_1_53' title="bbox 2153 2480 3734 2555">
    <p class='ocr_par' dir='ltr' id='par_1_53' title="bbox 2153 2480 3734 2555">
     <span class='ocr_line' id='line_1_53' title="bbox 2153 2480 3734 2555; baseline 0.002 -20"><span class='ocrx_word' id='word_1_378' title='bbox 2153 2486 2240 2555; x_wconf 83' lang='lat' dir='ltr'><strong>pie</strong></span> <span class='ocrx_word' id='word_1_379' title='bbox 2263 2493 2318 2537; x_wconf 75' lang='lat' dir='ltr'><strong>et</strong></span> <span class='ocrx_word' id='word_1_380' title='bbox 2340 2483 2631 2537; x_wconf 83' lang='lat' dir='ltr'><strong>liberaliter</strong></span> <span class='ocrx_word' id='word_1_381' title='bbox 2657 2481 2930 2542; x_wconf 78' lang='lat' dir='ltr'><strong>educatus,</strong></span> <span class='ocrx_word' id='word_1_382' title='bbox 2965 2480 3181 2542; x_wconf 83' lang='lat' dir='ltr'><strong>Latinis,</strong></span> <span class='ocrx_word' id='word_1_383' title='bbox 3200 2480 3397 2537; x_wconf 60' lang='lat' dir='ltr'><strong>Graecis</strong></span> <span class='ocrx_word' id='word_1_384' title='bbox 3425 2491 3479 2537; x_wconf 89' lang='lat' dir='ltr'><strong>et</strong></span> <span class='ocrx_word' id='word_1_385' title='bbox 3509 2483 3734 2538; x_wconf 85' lang='lat' dir='ltr'><strong>Hebrai-</strong></span> 
     </span>
    </p>
   </div>
   <div class='ocr_carea' id='block_1_54' title="bbox 2152 2571 3732 2641">
    <p class='ocr_par' dir='ltr' id='par_1_54' title="bbox 2152 2571 3732 2641">
     <span class='ocr_line' id='line_1_54' title="bbox 2152 2571 3732 2641; baseline -0.001 -10"><span class='ocrx_word' id='word_1_386' title='bbox 2152 2577 2230 2632; x_wconf 84' lang='lat' dir='ltr'><strong>cis</strong></span> <span class='ocrx_word' id='word_1_387' title='bbox 2277 2575 2492 2639; x_wconf 88' lang='lat' dir='ltr'><strong>litteris,</strong></span> <span class='ocrx_word' id='word_1_388' title='bbox 2533 2572 2833 2641; x_wconf 77' lang='lat' dir='ltr'><strong>divinisque</strong></span> <span class='ocrx_word' id='word_1_389' title='bbox 2871 2572 2976 2641; x_wconf 76' lang='lat'><strong>97</strong></span> <span class='ocrx_word' id='word_1_390' title='bbox 3006 2580 3061 2624; x_wconf 89' lang='lat' dir='ltr'><strong>et</strong></span> <span class='ocrx_word' id='word_1_391' title='bbox 3112 2571 3359 2625; x_wconf 82' lang='lat' dir='ltr'><strong>humanis</strong></span> <span class='ocrx_word' id='word_1_392' title='bbox 3405 2573 3607 2640; x_wconf 81' lang='lat' dir='ltr'><strong>legibus</strong></span> <span class='ocrx_word' id='word_1_393' title='bbox 3655 2576 3732 2629; x_wconf 89' lang='lat' dir='ltr'><strong>in-</strong></span> 
     </span>
    </p>
   </div>
   <div class='ocr_carea' id='block_1_55' title="bbox 2151 2661 3732 2731">
    <p class='ocr_par' dir='ltr' id='par_1_55' title="bbox 2151 2661 3732 2731">
     <span class='ocr_line' id='line_1_55' title="bbox 2151 2661 3732 2731; baseline -0.001 -12"><span class='ocrx_word' id='word_1_394' title='bbox 2151 2675 2407 2730; x_wconf 89' lang='lat' dir='ltr'><strong>structus,</strong></span> <span class='ocrx_word' id='word_1_395' title='bbox 2431 2663 2579 2722; x_wconf 83' lang='lat' dir='ltr'><strong>omni</strong></span> <span class='ocrx_word' id='word_1_396' title='bbox 2607 2662 2949 2717; x_wconf 88' lang='lat' dir='ltr'><strong>scientiarum</strong></span> <span class='ocrx_word' id='word_1_397' title='bbox 2988 2670 3148 2731; x_wconf 86' lang='lat' dir='ltr'><strong>atque</strong></span> <span class='ocrx_word' id='word_1_398' title='bbox 3171 2661 3590 2724; x_wconf 73' lang='lat' dir='ltr'><strong>Christianarum</strong></span> <span class='ocrx_word' id='word_1_399' title='bbox 3614 2665 3732 2720; x_wconf 82' lang='lat' dir='ltr'><strong>vir-</strong></span> 
     </span>
    </p>
   </div>
   <div class='ocr_carea' id='block_1_56' title="bbox 2151 2751 3730 2825">
    <p class='ocr_par' dir='ltr' id='par_1_56' title="bbox 2151 2751 3730 2825">
     <span class='ocr_line' id='line_1_56' title="bbox 2151 2751 3730 2825; baseline -0.001 -15"><span class='ocrx_word' id='word_1_400' title='bbox 2151 2765 2321 2812; x_wconf 89' lang='lat' dir='ltr'><strong>tutum</strong></span> <span class='ocrx_word' id='word_1_401' title='bbox 2367 2769 2564 2825; x_wconf 78' lang='lat' dir='ltr'><strong>genere</strong></span> <span class='ocrx_word' id='word_1_402' title='bbox 2603 2751 3071 2823; x_wconf 77' lang='lat' dir='ltr'><strong>pmestautissimus</strong></span> <span class='ocrx_word' id='word_1_403' title='bbox 3123 2753 3314 2807; x_wconf 86' lang='lat' dir='ltr'><strong>evasit.</strong></span> <span class='ocrx_word' id='word_1_404' title='bbox 3356 2753 3544 2809; x_wconf 81' lang='lat' dir='ltr'><strong>Adhuc</strong></span> <span class='ocrx_word' id='word_1_405' title='bbox 3588 2753 3730 2809; x_wconf 87' lang='lat' dir='ltr'><strong>ado-</strong></span> 
     </span>
    </p>
   </div>
   <div class='ocr_carea' id='block_1_57' title="bbox 2151 2841 3727 2910">
    <p class='ocr_par' dir='ltr' id='par_1_57' title="bbox 2151 2841 3727 2910">
     <span class='ocr_line' id='line_1_57' title="bbox 2151 2841 3727 2910; baseline -0.001 -10"><span class='ocrx_word' id='word_1_406' title='bbox 2151 2846 2359 2902; x_wconf 90' lang='lat' dir='ltr'><strong>lescens</strong></span> <span class='ocrx_word' id='word_1_407' title='bbox 2400 2844 2644 2899; x_wconf 67' lang='lat' dir='ltr'><strong>haeresim</strong></span> <span class='ocrx_word' id='word_1_408' title='bbox 2697 2843 2969 2906; x_wconf 81' lang='lat' dir='ltr'><strong>Arianam,</strong></span> <span class='ocrx_word' id='word_1_409' title='bbox 3001 2856 3121 2910; x_wconf 62' lang='lat' dir='ltr'><strong>quae</strong></span> <span class='ocrx_word' id='word_1_410' title='bbox 3148 2851 3362 2909; x_wconf 87' lang='lat' dir='ltr'><strong>gentem</strong></span> <span class='ocrx_word' id='word_1_411' title='bbox 3403 2841 3727 2909; x_wconf 81' lang='lat' dir='ltr'><strong>Gothorum,</strong></span> 
     </span>
    </p>
   </div>
   <div class='ocr_carea' id='block_1_58' title="bbox 2151 2931 3729 3006">
    <p class='ocr_par' dir='ltr' id='par_1_58' title="bbox 2151 2931 3729 3006">
     <span class='ocr_line' id='line_1_58' title="bbox 2151 2931 3729 3006; baseline -0.002 -15"><span class='ocrx_word' id='word_1_412' title='bbox 2151 2936 2418 3006; x_wconf 65' lang='lat' dir='ltr'><strong>Hispaniae</strong></span> <span class='ocrx_word' id='word_1_413' title='bbox 2445 2933 2702 2988; x_wconf 88' lang='lat' dir='ltr'><strong>latissime</strong></span> <span class='ocrx_word' id='word_1_414' title='bbox 2739 2932 3122 2994; x_wconf 85' lang='lat' dir='ltr'><strong>dominantem,</strong></span> <span class='ocrx_word' id='word_1_415' title='bbox 3149 2931 3260 2998; x_wconf 87' lang='lat' dir='ltr'><strong>jam</strong></span> <span class='ocrx_word' id='word_1_416' title='bbox 3283 2931 3487 3001; x_wconf 85' lang='lat' dir='ltr'><strong>pridem</strong></span> <span class='ocrx_word' id='word_1_417' title='bbox 3519 2933 3729 2988; x_wconf 82' lang='lat' dir='ltr'><strong>invase-</strong></span> 
     </span>
    </p>
   </div>
   <div class='ocr_carea' id='block_1_59' title="bbox 2150 3021 3730 3106">
    <p class='ocr_par' dir='ltr' id='par_1_59' title="bbox 2150 3021 3730 3106">
     <span class='ocr_line' id='line_1_59' title="bbox 2150 3021 3730 3106; baseline -0.003 -24"><span class='ocrx_word' id='word_1_418' title='bbox 2150 3036 2255 3094; x_wconf 88' lang='lat' dir='ltr'><strong>rat,</strong></span> <span class='ocrx_word' id='word_1_419' title='bbox 2310 3033 2458 3085; x_wconf 80' lang='lat' dir='ltr'><strong>tanta</strong></span> <span class='ocrx_word' id='word_1_420' title='bbox 2493 3021 2796 3079; x_wconf 86' lang='lat' dir='ltr'><strong>constantia</strong></span> <span class='ocrx_word' id='word_1_421' title='bbox 2846 3022 3022 3091; x_wconf 83' lang='lat' dir='ltr'><strong>palam</strong></span> <span class='ocrx_word' id='word_1_422' title='bbox 3062 3023 3413 3090; x_wconf 82' lang='lat' dir='ltr'><strong>Oppugnavit,</strong></span> <span class='ocrx_word' id='word_1_423' title='bbox 3445 3031 3503 3084; x_wconf 84' lang='lat' dir='ltr'><strong>ut</strong></span> <span class='ocrx_word' id='word_1_424' title='bbox 3542 3038 3730 3106; x_wconf 66' lang='lat' dir='ltr'><strong>parum</strong></span> 
     </span>
    </p>
   </div>
   <div class='ocr_carea' id='block_1_60' title="bbox 466 3106 2042 3191">
    <p class='ocr_par' dir='ltr' id='par_1_60' title="bbox 466 3106 2042 3179">
     <span class='ocr_line' id='line_1_60' title="bbox 466 3106 2042 3179; baseline -0.006 -11"><span class='ocrx_word' id='word_1_425' title='bbox 466 3111 793 3178; x_wconf 76' lang='lat' dir='ltr'><strong>Breviarium</strong></span> <span class='ocrx_word' id='word_1_426' title='bbox 815 3124 1048 3179; x_wconf 85' lang='lat' dir='ltr'><strong>unquam</strong></span> <span class='ocrx_word' id='word_1_427' title='bbox 1072 3108 1381 3177; x_wconf 83' lang='lat' dir='ltr'><strong>adoptavit:</strong></span> <span class='ocrx_word' id='word_1_428' title='bbox 1407 3106 1502 3174; x_wconf 19' lang='lat' dir='ltr'><strong>sed,</strong></span> <span class='ocrx_word' id='word_1_429' title='bbox 1523 3107 1696 3161; x_wconf 88' lang='lat' dir='ltr'><strong>solum</strong></span> <span class='ocrx_word' id='word_1_430' title='bbox 1724 3107 2042 3162; x_wconf 85' lang='lat' dir='ltr'><strong>auctoritate</strong></span> 
     </span>
    </p>
   </div>
   <div class='ocr_carea' id='block_1_61' title="bbox 2149 3106 3730 3191">
    <p class='ocr_par' dir='ltr' id='par_1_61' title="bbox 2152 3110 3730 3189">
     <span class='ocr_line' id='line_1_61' title="bbox 2152 3110 3730 3189; baseline -0.002 -17"><span class='ocrx_word' id='word_1_431' title='bbox 2152 3116 2398 3178; x_wconf 84' lang='lat' dir='ltr'><strong>abfuerit,</strong></span> <span class='ocrx_word' id='word_1_432' title='bbox 2429 3113 2561 3189; x_wconf 24' lang='lat' dir='ltr'><strong>quin.</strong></span> <span class='ocrx_word' id='word_1_433' title='bbox 2596 3111 2664 3166; x_wconf 87' lang='lat' dir='ltr'><strong>ab</strong></span> <span class='ocrx_word' id='word_1_434' title='bbox 2705 3110 2971 3164; x_wconf 65' lang='lat' dir='ltr'><strong>haereticis</strong></span> <span class='ocrx_word' id='word_1_435' title='bbox 3002 3119 3303 3165; x_wconf 88' lang='lat' dir='ltr'><strong>necaretur.</strong></span> <span class='ocrx_word' id='word_1_436' title='bbox 3348 3111 3592 3167; x_wconf 88' lang='lat' dir='ltr'><strong>Leandro</strong></span> <span class='ocrx_word' id='word_1_437' title='bbox 3625 3114 3730 3169; x_wconf 81' lang='lat' dir='ltr'><strong>vita</strong></span> 
     </span>
    </p>
   </div>
   <div class='ocr_carea' id='block_1_62' title="bbox 466 3197 2039 3272">
    <p class='ocr_par' dir='ltr' id='par_1_62' title="bbox 466 3197 2039 3272">
     <span class='ocr_line' id='line_1_62' title="bbox 466 3197 2039 3272; baseline -0.006 -15"><span class='ocrx_word' id='word_1_438' title='bbox 466 3202 763 3272; x_wconf 85' lang='lat' dir='ltr'><strong>apostolica</strong></span> <span class='ocrx_word' id='word_1_439' title='bbox 799 3200 1100 3256; x_wconf 75' lang='lat' dir='ltr'><strong>confectum</strong></span> <span class='ocrx_word' id='word_1_440' title='bbox 1129 3199 1246 3262; x_wconf 80' lang='lat' dir='ltr'><strong>fuit,</strong></span> <span class='ocrx_word' id='word_1_441' title='bbox 1297 3207 1356 3264; x_wconf 84' lang='lat' dir='ltr'><strong>ut</strong></span> <span class='ocrx_word' id='word_1_442' title='bbox 1401 3197 1671 3266; x_wconf 79' lang='lat' dir='ltr'><strong>privatim,</strong></span> <span class='ocrx_word' id='word_1_443' title='bbox 1702 3197 1791 3265; x_wconf 90' lang='lat' dir='ltr'><strong>qui</strong></span> <span class='ocrx_word' id='word_1_444' title='bbox 1823 3197 2039 3258; x_wconf 79' lang='lat' dir='ltr'><strong>vellent,</strong></span> 
     </span>
    </p>
   </div>
   <div class='ocr_carea' id='block_1_63' title="bbox 465 3288 2041 3364">
    <p class='ocr_par' dir='ltr' id='par_1_63' title="bbox 465 3288 2041 3364">
     <span class='ocr_line' id='line_1_63' title="bbox 465 3288 2041 3364; baseline -0.004 -16"><span class='ocrx_word' id='word_1_445' title='bbox 465 3294 632 3364; x_wconf 78' lang='lat' dir='ltr'><strong>petita</strong></span> <span class='ocrx_word' id='word_1_446' title='bbox 661 3301 716 3354; x_wconf 83' lang='lat' dir='ltr'><strong>et</strong></span> <span class='ocrx_word' id='word_1_447' title='bbox 744 3293 964 3350; x_wconf 88' lang='lat' dir='ltr'><strong>obtenta</strong></span> <span class='ocrx_word' id='word_1_448' title='bbox 1005 3292 1154 3361; x_wconf 89' lang='lat' dir='ltr'><strong>prius</strong></span> <span class='ocrx_word' id='word_1_449' title='bbox 1187 3289 1461 3354; x_wconf 79' lang='lat' dir='ltr'><strong>facultate,</strong></span> <span class='ocrx_word' id='word_1_450' title='bbox 1492 3304 1558 3344; x_wconf 89' lang='lat' dir='ltr'><strong>eo</strong></span> <span class='ocrx_word' id='word_1_451' title='bbox 1599 3297 1898 3344; x_wconf 87' lang='lat' dir='ltr'><strong>uterentur.</strong></span> <span class='ocrx_word' id='word_1_452' title='bbox 1927 3288 2041 3354; x_wconf 84' lang='lat' dir='ltr'><strong>Qua</strong></span> 
     </span>
    </p>
   </div>
   <div class='ocr_carea' id='block_1_64' title="bbox 465 3378 2040 3456">
    <p class='ocr_par' dir='ltr' id='par_1_64' title="bbox 465 3378 2040 3456">
     <span class='ocr_line' id='line_1_64' title="bbox 465 3378 2040 3456; baseline -0.006 -17"><span class='ocrx_word' id='word_1_453' title='bbox 465 3386 534 3440; x_wconf 90' lang='lat' dir='ltr'><strong>de</strong></span> <span class='ocrx_word' id='word_1_454' title='bbox 561 3401 622 3452; x_wconf 81' lang='lat' dir='ltr'><strong>se</strong></span> <span class='ocrx_word' id='word_1_455' title='bbox 648 3385 800 3456; x_wconf 88' lang='lat' dir='ltr'><strong>plura</strong></span> <span class='ocrx_word' id='word_1_456' title='bbox 847 3383 954 3440; x_wconf 81' lang='lat' dir='ltr'><strong>dixi</strong></span> <span class='ocrx_word' id='word_1_457' title='bbox 997 3384 1050 3440; x_wconf 90' lang='lat' dir='ltr'><strong>in</strong></span> <span class='ocrx_word' id='word_1_458' title='bbox 1080 3383 1392 3453; x_wconf 87' lang='lat' dir='ltr'><strong>Appendice</strong></span> <span class='ocrx_word' id='word_1_459' title='bbox 1436 3384 1667 3440; x_wconf 83' lang='lat' dir='ltr'><strong>secunda</strong></span> <span class='ocrx_word' id='word_1_460' title='bbox 1697 3381 1765 3435; x_wconf 89' lang='lat' dir='ltr'><strong>ad</strong></span> <span class='ocrx_word' id='word_1_461' title='bbox 1801 3378 2040 3450; x_wconf 78' lang='lat' dir='ltr'><strong>Hymnu—</strong></span> 
     </span>
    </p>
   </div>
   <div class='ocr_carea' id='block_1_65' title="bbox 463 3471 2040 3546">
    <p class='ocr_par' dir='ltr' id='par_1_65' title="bbox 463 3471 2040 3546">
     <span class='ocr_line' id='line_1_65' title="bbox 463 3471 2040 3546; baseline -0.004 -17"><span class='ocrx_word' id='word_1_462' title='bbox 463 3478 604 3532; x_wconf 86' lang='lat' dir='ltr'><strong>diam</strong></span> <span class='ocrx_word' id='word_1_463' title='bbox 629 3476 988 3546; x_wconf 82' lang='lat' dir='ltr'><strong>Hispanicam,</strong></span> <span class='ocrx_word' id='word_1_464' title='bbox 1018 3489 1138 3546; x_wconf 75' lang='lat' dir='ltr'><strong>quae</strong></span> <span class='ocrx_word' id='word_1_465' title='bbox 1162 3482 1273 3532; x_wconf 87' lang='lat' dir='ltr'><strong>tota</strong></span> <span class='ocrx_word' id='word_1_466' title='bbox 1311 3474 1364 3534; x_wconf 81' lang='lat' dir='ltr'><strong>in</strong></span> <span class='ocrx_word' id='word_1_467' title='bbox 1392 3473 1650 3534; x_wconf 82' lang='lat' dir='ltr'><strong>Breviarii</strong></span> <span class='ocrx_word' id='word_1_468' title='bbox 1681 3471 2040 3541; x_wconf 84' lang='lat' dir='ltr'><strong>Quignoniani</strong></span> 
     </span>
    </p>
   </div>
   <div class='ocr_carea' id='block_1_66' title="bbox 463 3561 2042 3636">
    <p class='ocr_par' dir='ltr' id='par_1_66' title="bbox 463 3561 2042 3636">
     <span class='ocr_line' id='line_1_66' title="bbox 463 3561 2042 3636; baseline -0.003 -15"><span class='ocrx_word' id='word_1_469' title='bbox 463 3567 587 3622; x_wconf 78' lang='lat' dir='ltr'><strong>tatis</strong></span> <span class='ocrx_word' id='word_1_470' title='bbox 629 3566 962 3636; x_wconf 80' lang='lat' dir='ltr'><strong>explicandis</strong></span> <span class='ocrx_word' id='word_1_471' title='bbox 987 3573 1252 3619; x_wconf 86' lang='lat' dir='ltr'><strong>versatur.</strong></span> <span class='ocrx_word' id='word_1_472' title='bbox 1296 3563 1436 3619; x_wconf 85' lang='lat' dir='ltr'><strong>Usus</strong></span> <span class='ocrx_word' id='word_1_473' title='bbox 1480 3577 1622 3626; x_wconf 82' lang='lat' dir='ltr'><strong>nunc</strong></span> <span class='ocrx_word' id='word_1_474' title='bbox 1647 3576 1765 3618; x_wconf 86' lang='lat' dir='ltr'><strong>sum</strong></span> <span class='ocrx_word' id='word_1_475' title='bbox 1808 3561 2042 3616; x_wconf 90' lang='lat' dir='ltr'><strong>editione</strong></span> 
     </span>
    </p>
   </div>
   <div class='ocr_carea' id='block_1_67' title="bbox 466 3653 2042 3726">
    <p class='ocr_par' dir='ltr' id='par_1_67' title="bbox 466 3653 2042 3726">
     <span class='ocr_line' id='line_1_67' title="bbox 466 3653 2042 3726; baseline -0.002 -15"><span class='ocrx_word' id='word_1_476' title='bbox 466 3657 805 3726; x_wconf 74' lang='lat' dir='ltr'><strong>LugdunenSI</strong></span> <span class='ocrx_word' id='word_1_477' title='bbox 854 3656 980 3717; x_wconf 82' lang='lat' dir='ltr'><strong>anni</strong></span> <span class='ocrx_word' id='word_1_478' title='bbox 1026 3653 1183 3720; x_wconf 73' lang='grc'>1555,</span> <span class='ocrx_word' id='word_1_479' title='bbox 1231 3670 1394 3723; x_wconf 89' lang='lat' dir='ltr'><strong>quam</strong></span> <span class='ocrx_word' id='word_1_480' title='bbox 1442 3661 1570 3708; x_wconf 90' lang='lat' dir='ltr'><strong>tunc</strong></span> <span class='ocrx_word' id='word_1_481' title='bbox 1622 3653 1675 3710; x_wconf 86' lang='lat' dir='ltr'><strong>in</strong></span> <span class='ocrx_word' id='word_1_482' title='bbox 1717 3653 2042 3708; x_wconf 86' lang='lat' dir='ltr'><strong>bibliotheca</strong></span> 
     </span>
    </p>
   </div>
   <div class='ocr_carea' id='block_1_68' title="bbox 465 3740 2043 3816">
    <p class='ocr_par' dir='ltr' id='par_1_68' title="bbox 465 3740 2043 3816">
     <span class='ocr_line' id='line_1_68' title="bbox 465 3740 2043 3816; baseline -0.003 -16"><span class='ocrx_word' id='word_1_483' title='bbox 465 3745 731 3816; x_wconf 82' lang='lat' dir='ltr'><strong>imperiali</strong></span> <span class='ocrx_word' id='word_1_484' title='bbox 761 3746 1078 3801; x_wconf 76' lang='lat' dir='ltr'><strong>existentem</strong></span> <span class='ocrx_word' id='word_1_485' title='bbox 1108 3743 1344 3810; x_wconf 88' lang='lat' dir='ltr'><strong>laudavi,</strong></span> <span class='ocrx_word' id='word_1_486' title='bbox 1375 3757 1438 3796; x_wconf 86' lang='lat' dir='ltr'><strong>ac</strong></span> <span class='ocrx_word' id='word_1_487' title='bbox 1464 3740 1657 3797; x_wconf 81' lang='lat' dir='ltr'><strong>deinde</strong></span> <span class='ocrx_word' id='word_1_488' title='bbox 1684 3757 1756 3795; x_wconf 75' lang='lat' dir='ltr'><strong>ex</strong></span> <span class='ocrx_word' id='word_1_489' title='bbox 1793 3742 2043 3796; x_wconf 86' lang='lat' dir='ltr'><strong>auctione</strong></span> 
     </span>
    </p>
   </div>
   <div class='ocr_carea' id='block_1_69' title="bbox 465 3831 2040 3904">
    <p class='ocr_par' dir='ltr' id='par_1_69' title="bbox 465 3831 2040 3904">
     <span class='ocr_line' id='line_1_69' title="bbox 465 3831 2040 3904; baseline -0.004 -14"><span class='ocrx_word' id='word_1_490' title='bbox 465 3834 705 3904; x_wconf 89' lang='lat' dir='ltr'><strong>ejusdem</strong></span> <span class='ocrx_word' id='word_1_491' title='bbox 746 3834 1088 3888; x_wconf 74' lang='lat' dir='ltr'><strong>bibliotheca:</strong></span> <span class='ocrx_word' id='word_1_492' title='bbox 1114 3833 1242 3886; x_wconf 89' lang='lat' dir='ltr'><strong>mihi</strong></span> <span class='ocrx_word' id='word_1_493' title='bbox 1273 3833 1602 3900; x_wconf 84' lang='lat' dir='ltr'><strong>comparavi.</strong></span> <span class='ocrx_word' id='word_1_494' title='bbox 1638 3831 1827 3888; x_wconf 86' lang='lat' dir='ltr'><strong>Plures</strong></span> <span class='ocrx_word' id='word_1_495' title='bbox 1855 3847 1918 3888; x_wconf 86' lang='lat' dir='ltr'><strong>ac</strong></span> <span class='ocrx_word' id='word_1_496' title='bbox 1957 3833 2040 3885; x_wconf 89' lang='lat' dir='ltr'><strong>di-</strong></span> 
     </span>
    </p>
   </div>
   <div class='ocr_carea' id='block_1_70' title="bbox 465 3921 2044 3992">
    <p class='ocr_par' dir='ltr' id='par_1_70' title="bbox 465 3921 2044 3992">
     <span class='ocr_line' id='line_1_70' title="bbox 465 3921 2044 3992; baseline -0.001 -15"><span class='ocrx_word' id='word_1_497' title='bbox 465 3939 650 3980; x_wconf 84' lang='lat' dir='ltr'><strong>versas</strong></span> <span class='ocrx_word' id='word_1_498' title='bbox 688 3925 819 3979; x_wconf 90' lang='lat' dir='ltr'><strong>alias</strong></span> <span class='ocrx_word' id='word_1_499' title='bbox 849 3923 1089 3992; x_wconf 87' lang='lat' dir='ltr'><strong>ejusdem</strong></span> <span class='ocrx_word' id='word_1_500' title='bbox 1118 3922 1376 3977; x_wconf 84' lang='lat' dir='ltr'><strong>Breviarii</strong></span> <span class='ocrx_word' id='word_1_501' title='bbox 1428 3921 1692 3984; x_wconf 81' lang='lat' dir='ltr'><strong>editiones</strong></span> <span class='ocrx_word' id='word_1_502' title='bbox 1732 3922 1784 3975; x_wconf 91' lang='lat' dir='ltr'><strong>in</strong></span> <span class='ocrx_word' id='word_1_503' title='bbox 1829 3921 2044 3976; x_wconf 87' lang='lat' dir='ltr'><strong>schedis</strong></span> 
     </span>
    </p>
   </div>
   <div class='ocr_carea' id='block_1_71' title="bbox 465 4011 2041 4086">
    <p class='ocr_par' dir='ltr' id='par_1_71' title="bbox 465 4011 2041 4086">
     <span class='ocr_line' id='line_1_71' title="bbox 465 4011 2041 4086; baseline -0.006 -12"><span class='ocrx_word' id='word_1_504' title='bbox 465 4018 581 4086; x_wconf 74' lang='lat'><strong>96</strong></span> <span class='ocrx_word' id='word_1_505' title='bbox 629 4023 842 4074; x_wconf 82' lang='lat' dir='ltr'><strong>notatas</strong></span> <span class='ocrx_word' id='word_1_506' title='bbox 889 4015 1080 4078; x_wconf 88' lang='lat' dir='ltr'><strong>habeo,</strong></span> <span class='ocrx_word' id='word_1_507' title='bbox 1113 4028 1232 4081; x_wconf 68' lang='lat' dir='ltr'><strong>quae</strong></span> <span class='ocrx_word' id='word_1_508' title='bbox 1282 4013 1492 4068; x_wconf 63' lang='lat' dir='ltr'><strong>caeteris</strong></span> <span class='ocrx_word' id='word_1_509' title='bbox 1534 4013 1586 4066; x_wconf 87' lang='lat' dir='ltr'><strong>in</strong></span> <span class='ocrx_word' id='word_1_510' title='bbox 1631 4027 1694 4066; x_wconf 88' lang='lat' dir='ltr'><strong>ea</strong></span> <span class='ocrx_word' id='word_1_511' title='bbox 1747 4011 2041 4079; x_wconf 77' lang='lat' dir='ltr'><strong>appendice</strong></span> 
     </span>
    </p>
   </div>
   <div class='ocr_carea' id='block_1_72' title="bbox 464 4095 2039 4173">
    <p class='ocr_par' dir='ltr' id='par_1_72' title="bbox 464 4095 2039 4173">
     <span class='ocr_line' id='line_1_72' title="bbox 464 4095 2039 4173; baseline -0.008 -13"><span class='ocrx_word' id='word_1_512' title='bbox 464 4103 749 4173; x_wconf 85' lang='lat' dir='ltr'><strong>descriptis</strong></span> <span class='ocrx_word' id='word_1_513' title='bbox 777 4103 895 4157; x_wconf 89' lang='lat' dir='ltr'><strong>addi</strong></span> <span class='ocrx_word' id='word_1_514' title='bbox 922 4109 1194 4172; x_wconf 89' lang='lat' dir='ltr'><strong>poterunt,</strong></span> <span class='ocrx_word' id='word_1_515' title='bbox 1227 4099 1492 4168; x_wconf 87' lang='lat' dir='ltr'><strong>siquando</strong></span> <span class='ocrx_word' id='word_1_516' title='bbox 1518 4097 1816 4165; x_wconf 85' lang='lat' dir='ltr'><strong>Hymnodia</strong></span> <span class='ocrx_word' id='word_1_517' title='bbox 1846 4095 2039 4165; x_wconf 86' lang='lat' dir='ltr'><strong>Hispa-</strong></span> 
     </span>
    </p>
   </div>
   <div class='ocr_carea' id='block_1_73' title="bbox 466 4183 2038 4256">
    <p class='ocr_par' dir='ltr' id='par_1_73' title="bbox 466 4183 2038 4256">
     <span class='ocr_line' id='line_1_73' title="bbox 466 4183 2038 4256; baseline -0.006 -8"><span class='ocrx_word' id='word_1_518' title='bbox 466 4195 584 4249; x_wconf 81' lang='lat' dir='ltr'><strong>nica</strong></span> <span class='ocrx_word' id='word_1_519' title='bbox 607 4193 813 4248; x_wconf 89' lang='lat' dir='ltr'><strong>auctior</strong></span> <span class='ocrx_word' id='word_1_520' title='bbox 837 4189 1238 4256; x_wconf 85' lang='lat' dir='ltr'><strong>correctiorque</strong></span> <span class='ocrx_word' id='word_1_521' title='bbox 1277 4188 1456 4241; x_wconf 90' lang='lat' dir='ltr'><strong>denuo</strong></span> <span class='ocrx_word' id='word_1_522' title='bbox 1487 4185 1628 4254; x_wconf 85' lang='lat' dir='ltr'><strong>typis</strong></span> <span class='ocrx_word' id='word_1_523' title='bbox 1656 4183 2038 4244; x_wconf 83' lang='lat' dir='ltr'><strong>committetur.</strong></span> 
     </span>
    </p>
   </div>
   <div class='ocr_carea' id='block_1_74' title="bbox 464 4272 2043 4340">
    <p class='ocr_par' dir='ltr' id='par_1_74' title="bbox 464 4272 2043 4340">
     <span class='ocr_line' id='line_1_74' title="bbox 464 4272 2043 4340; baseline -0.006 -3"><span class='ocrx_word' id='word_1_524' title='bbox 464 4281 674 4340; x_wconf 73' lang='lat' dir='ltr'><strong>[nterea</strong></span> <span class='ocrx_word' id='word_1_525' title='bbox 695 4279 994 4334; x_wconf 86' lang='lat' dir='ltr'><strong>describam</strong></span> <span class='ocrx_word' id='word_1_526' title='bbox 1024 4275 1182 4328; x_wconf 87' lang='lat' dir='ltr'><strong>aliam</strong></span> <span class='ocrx_word' id='word_1_527' title='bbox 1223 4274 1536 4336; x_wconf 86' lang='lat' dir='ltr'><strong>editionem,</strong></span> <span class='ocrx_word' id='word_1_528' title='bbox 1563 4289 1592 4326; x_wconf 90' lang='lat' dir='ltr'><strong>a</strong></span> <span class='ocrx_word' id='word_1_529' title='bbox 1621 4287 1705 4325; x_wconf 90' lang='lat' dir='ltr'><strong>me</strong></span> <span class='ocrx_word' id='word_1_530' title='bbox 1738 4272 2043 4340; x_wconf 87' lang='lat' dir='ltr'><strong>nuperrime</strong></span> 
     </span>
    </p>
   </div>
   <div class='ocr_carea' id='block_1_75' title="bbox 465 4366 2042 4441">
    <p class='ocr_par' dir='ltr' id='par_1_75' title="bbox 465 4366 2042 4441">
     <span class='ocr_line' id='line_1_75' title="bbox 465 4366 2042 4441; baseline -0.002 -17"><span class='ocrx_word' id='word_1_531' title='bbox 465 4381 768 4441; x_wconf 85' lang='lat' dir='ltr'><strong>coemptam</strong></span> <span class='ocrx_word' id='word_1_532' title='bbox 815 4384 881 4422; x_wconf 83' lang='lat' dir='ltr'><strong>ex</strong></span> <span class='ocrx_word' id='word_1_533' title='bbox 932 4367 1083 4428; x_wconf 87' lang='lat' dir='ltr'><strong>libris</strong></span> <span class='ocrx_word' id='word_1_534' title='bbox 1143 4366 1439 4436; x_wconf 89' lang='lat' dir='ltr'><strong>duplicibus</strong></span> <span class='ocrx_word' id='word_1_535' title='bbox 1487 4366 1824 4420; x_wconf 68' lang='lat' dir='ltr'><strong>bihiiotheca:</strong></span> <span class='ocrx_word' id='word_1_536' title='bbox 1869 4367 2042 4434; x_wconf 84' lang='lat' dir='ltr'><strong>Ange-</strong></span> 
     </span>
    </p>
   </div>
   <div class='ocr_carea' id='block_1_76' title="bbox 2146 3198 3730 3271">
    <p class='ocr_par' dir='ltr' id='par_1_76' title="bbox 2146 3198 3730 3271">
     <span class='ocr_line' id='line_1_76' title="bbox 2146 3198 3730 3271; baseline -0.004 -10"><span class='ocrx_word' id='word_1_537' title='bbox 2146 3207 2348 3266; x_wconf 86' lang='lat' dir='ltr'><strong>functo,</strong></span> <span class='ocrx_word' id='word_1_538' title='bbox 2394 3204 2462 3257; x_wconf 90' lang='lat' dir='ltr'><strong>ad</strong></span> <span class='ocrx_word' id='word_1_539' title='bbox 2489 3202 2858 3271; x_wconf 78' lang='lat' dir='ltr'><strong>Hispalensetn</strong></span> <span class='ocrx_word' id='word_1_540' title='bbox 2909 3198 3223 3254; x_wconf 85' lang='lat' dir='ltr'><strong>cathedram</strong></span> <span class='ocrx_word' id='word_1_541' title='bbox 3252 3199 3450 3258; x_wconf 89' lang='lat' dir='ltr'><strong>invitus</strong></span> <span class='ocrx_word' id='word_1_542' title='bbox 3489 3202 3730 3268; x_wconf 87' lang='lat' dir='ltr'><strong>quidem,</strong></span> 
     </span>
    </p>
   </div>
   <div class='ocr_carea' id='block_1_77' title="bbox 2144 3287 3732 3360">
    <p class='ocr_par' dir='ltr' id='par_1_77' title="bbox 2144 3287 3732 3360">
     <span class='ocr_line' id='line_1_77' title="bbox 2144 3287 3732 3360; baseline -0.003 -10"><span class='ocrx_word' id='word_1_543' title='bbox 2144 3296 2240 3350; x_wconf 89' lang='lat' dir='ltr'><strong>sed</strong></span> <span class='ocrx_word' id='word_1_544' title='bbox 2282 3299 2505 3360; x_wconf 84' lang='lat' dir='ltr'><strong>urgente</strong></span> <span class='ocrx_word' id='word_1_545' title='bbox 2551 3291 2604 3344; x_wconf 91' lang='lat' dir='ltr'><strong>in</strong></span> <span class='ocrx_word' id='word_1_546' title='bbox 2649 3288 2834 3360; x_wconf 81' lang='lat' dir='ltr'><strong>primis</strong></span> <span class='ocrx_word' id='word_1_547' title='bbox 2883 3287 3190 3342; x_wconf 80' lang='lat' dir='ltr'><strong>Reccaredo</strong></span> <span class='ocrx_word' id='word_1_548' title='bbox 3232 3302 3378 3356; x_wconf 88' lang='lat' dir='ltr'><strong>rege,</strong></span> <span class='ocrx_word' id='word_1_549' title='bbox 3427 3303 3732 3358; x_wconf 83' lang='lat' dir='ltr'><strong>magnoque</strong></span> 
     </span>
    </p>
   </div>
   <div class='ocr_carea' id='block_1_78' title="bbox 2144 3379 3733 3453">
    <p class='ocr_par' dir='ltr' id='par_1_78' title="bbox 2144 3379 3733 3453">
     <span class='ocr_line' id='line_1_78' title="bbox 2144 3379 3733 3453; baseline -0.004 -14"><span class='ocrx_word' id='word_1_550' title='bbox 2144 3386 2305 3440; x_wconf 85' lang='lat' dir='ltr'><strong>etiam</strong></span> <span class='ocrx_word' id='word_1_551' title='bbox 2332 3383 2485 3446; x_wconf 90' lang='lat' dir='ltr'><strong>cleri,</strong></span> <span class='ocrx_word' id='word_1_552' title='bbox 2517 3380 2808 3453; x_wconf 86' lang='lat' dir='ltr'><strong>populique</strong></span> <span class='ocrx_word' id='word_1_553' title='bbox 2847 3393 3134 3441; x_wconf 86' lang='lat' dir='ltr'><strong>consensu,</strong></span> <span class='ocrx_word' id='word_1_554' title='bbox 3166 3379 3474 3441; x_wconf 87' lang='lat' dir='ltr'><strong>assumitur,</strong></span> <span class='ocrx_word' id='word_1_555' title='bbox 3505 3379 3733 3447; x_wconf 79' lang='lat' dir='ltr'><strong>ejusque</strong></span> 
     </span>
    </p>
   </div>
   <div class='ocr_carea' id='block_1_79' title="bbox 2143 3469 3732 3538">
    <p class='ocr_par' dir='ltr' id='par_1_79' title="bbox 2143 3469 3732 3538">
     <span class='ocr_line' id='line_1_79' title="bbox 2143 3469 3732 3538; baseline -0.006 -7"><span class='ocrx_word' id='word_1_556' title='bbox 2143 3477 2463 3532; x_wconf 86' lang='lat' dir='ltr'><strong>electionem</strong></span> <span class='ocrx_word' id='word_1_557' title='bbox 2487 3480 2704 3527; x_wconf 89' lang='lat' dir='ltr'><strong>sanctus</strong></span> <span class='ocrx_word' id='word_1_558' title='bbox 2731 3470 3021 3538; x_wconf 82' lang='lat' dir='ltr'><strong>Gregorius</strong></span> <span class='ocrx_word' id='word_1_559' title='bbox 3051 3469 3288 3535; x_wconf 77' lang='lat' dir='ltr'><strong>Magnus,</strong></span> <span class='ocrx_word' id='word_1_560' title='bbox 3324 3469 3518 3522; x_wconf 82' lang='lat' dir='ltr'><strong>nedum</strong></span> <span class='ocrx_word' id='word_1_561' title='bbox 3543 3478 3732 3522; x_wconf 82' lang='lat' dir='ltr'><strong>aucto-</strong></span> 
     </span>
    </p>
   </div>
   <div class='ocr_carea' id='block_1_80' title="bbox 2143 3556 3732 3633">
    <p class='ocr_par' dir='ltr' id='par_1_80' title="bbox 2143 3556 3732 3633">
     <span class='ocr_line' id='line_1_80' title="bbox 2143 3556 3732 3633; baseline -0.005 -13"><span class='ocrx_word' id='word_1_562' title='bbox 2143 3568 2301 3620; x_wconf 86' lang='lat' dir='ltr'><strong>ritate</strong></span> <span class='ocrx_word' id='word_1_563' title='bbox 2339 3563 2634 3633; x_wconf 91' lang='lat' dir='ltr'><strong>apostolica</strong></span> <span class='ocrx_word' id='word_1_564' title='bbox 2671 3559 3036 3622; x_wconf 77' lang='lat' dir='ltr'><strong>conﬁrmasse,</strong></span> <span class='ocrx_word' id='word_1_565' title='bbox 3067 3556 3163 3618; x_wconf 85' lang='lat' dir='ltr'><strong>sed</strong></span> <span class='ocrx_word' id='word_1_566' title='bbox 3193 3565 3248 3610; x_wconf 89' lang='lat' dir='ltr'><strong>et</strong></span> <span class='ocrx_word' id='word_1_567' title='bbox 3274 3557 3525 3622; x_wconf 60' lang='lat' dir='ltr'><strong>electum,</strong></span> <span class='ocrx_word' id='word_1_568' title='bbox 3556 3565 3732 3613; x_wconf 86' lang='lat' dir='ltr'><strong>trans-</strong></span> 
     </span>
    </p>
   </div>
   <div class='ocr_carea' id='block_1_81' title="bbox 2143 3643 3728 3720">
    <p class='ocr_par' dir='ltr' id='par_1_81' title="bbox 2143 3643 3728 3720">
     <span class='ocr_line' id='line_1_81' title="bbox 2143 3643 3728 3720; baseline -0.007 -10"><span class='ocrx_word' id='word_1_569' title='bbox 2143 3657 2308 3710; x_wconf 87' lang='lat' dir='ltr'><strong>misso</strong></span> <span class='ocrx_word' id='word_1_570' title='bbox 2337 3654 2404 3708; x_wconf 89' lang='lat' dir='ltr'><strong>de</strong></span> <span class='ocrx_word' id='word_1_571' title='bbox 2443 3666 2595 3706; x_wconf 91' lang='lat' dir='ltr'><strong>more</strong></span> <span class='ocrx_word' id='word_1_572' title='bbox 2632 3649 2814 3720; x_wconf 88' lang='lat' dir='ltr'><strong>pallio,</strong></span> <span class='ocrx_word' id='word_1_573' title='bbox 2847 3647 3152 3710; x_wconf 87' lang='lat' dir='ltr'><strong>decorasse,</strong></span> <span class='ocrx_word' id='word_1_574' title='bbox 3210 3643 3345 3712; x_wconf 82' lang='lat' dir='ltr'><strong>quin</strong></span> <span class='ocrx_word' id='word_1_575' title='bbox 3383 3645 3544 3698; x_wconf 87' lang='lat' dir='ltr'><strong>etiam</strong></span> <span class='ocrx_word' id='word_1_576' title='bbox 3573 3661 3728 3699; x_wconf 84' lang='lat' dir='ltr'><strong>suum</strong></span> 
     </span>
    </p>
   </div>
   <div class='ocr_carea' id='block_1_82' title="bbox 2143 3732 3728 3813">
    <p class='ocr_par' dir='ltr' id='par_1_82' title="bbox 2143 3732 3728 3813">
     <span class='ocr_line' id='line_1_82' title="bbox 2143 3732 3728 3813; baseline -0.005 -13"><span class='ocrx_word' id='word_1_577' title='bbox 2143 3755 2200 3800; x_wconf 90' lang='lat' dir='ltr'><strong>et</strong></span> <span class='ocrx_word' id='word_1_578' title='bbox 2245 3742 2558 3813; x_wconf 76' lang='lat' dir='ltr'><strong>apostolica:</strong></span> <span class='ocrx_word' id='word_1_579' title='bbox 2609 3739 2754 3794; x_wconf 88' lang='lat' dir='ltr'><strong>sedis</strong></span> <span class='ocrx_word' id='word_1_580' title='bbox 2801 3739 2853 3792; x_wconf 92' lang='lat' dir='ltr'><strong>in</strong></span> <span class='ocrx_word' id='word_1_581' title='bbox 2895 3737 3144 3790; x_wconf 87' lang='lat' dir='ltr'><strong>universa</strong></span> <span class='ocrx_word' id='word_1_582' title='bbox 3181 3732 3438 3804; x_wconf 88' lang='lat' dir='ltr'><strong>Hispania</strong></span> <span class='ocrx_word' id='word_1_583' title='bbox 3463 3736 3728 3794; x_wconf 84' lang='lat' dir='ltr'><strong>vicarium</strong></span> 
     </span>
    </p>
   </div>
   <div class='ocr_carea' id='block_1_83' title="bbox 2151 3831 2855 3902">
    <p class='ocr_par' dir='ltr' id='par_1_83' title="bbox 2151 3831 2855 3902">
     <span class='ocr_line' id='line_1_83' title="bbox 2151 3831 2855 3902; baseline -0.017 -9"><span class='ocrx_word' id='word_1_584' title='bbox 2151 3835 2496 3893; x_wconf 79' lang='lat' dir='ltr'><strong>constituisse</strong></span> <span class='ocrx_word' id='word_1_585' title='bbox 2525 3831 2855 3902; x_wconf 87' lang='lat' dir='ltr'><strong>perhibetur.</strong></span> 
     </span>
    </p>
   </div>
   <div class='ocr_carea' id='block_1_84' title="bbox 2214 3916 3726 3988">
    <p class='ocr_par' dir='ltr' id='par_1_84' title="bbox 2214 3916 3726 3988">
     <span class='ocr_line' id='line_1_84' title="bbox 2214 3916 3726 3988; baseline -0.005 -8"><span class='ocrx_word' id='word_1_586' title='bbox 2214 3926 2390 3980; x_wconf 89' lang='lat' dir='ltr'><strong>Lectio</strong></span> <span class='ocrx_word' id='word_1_587' title='bbox 2433 3939 2488 3976; x_wconf 92' lang='lat' dir='ltr'><strong>v.</strong></span> <span class='ocrx_word' id='word_1_588' title='bbox 2519 3952 2589 3963; x_wconf 89' lang='lat'><strong>-—</strong></span> <span class='ocrx_word' id='word_1_589' title='bbox 2624 3940 2644 3972; x_wconf 70' lang='grc' dir='ltr'>ί</span> <span class='ocrx_word' id='word_1_590' title='bbox 2686 3921 2744 3973; x_wconf 85' lang='lat' dir='ltr'><strong>In</strong></span> <span class='ocrx_word' id='word_1_591' title='bbox 2784 3919 3096 3988; x_wconf 88' lang='lat' dir='ltr'><strong>episcopatu</strong></span> <span class='ocrx_word' id='word_1_592' title='bbox 3123 3925 3378 3986; x_wconf 83' lang='lat' dir='ltr'><strong>quantum</strong></span> <span class='ocrx_word' id='word_1_593' title='bbox 3408 3916 3568 3971; x_wconf 87' lang='lat' dir='ltr'><strong>fuerit</strong></span> <span class='ocrx_word' id='word_1_594' title='bbox 3595 3933 3726 3976; x_wconf 89' lang='lat' dir='ltr'><strong>con-</strong></span> 
     </span>
    </p>
   </div>
   <div class='ocr_carea' id='block_1_85' title="bbox 2142 4003 3725 4077">
    <p class='ocr_par' dir='ltr' id='par_1_85' title="bbox 2142 4003 3725 4077">
     <span class='ocr_line' id='line_1_85' title="bbox 2142 4003 3725 4077; baseline -0.007 -7"><span class='ocrx_word' id='word_1_595' title='bbox 2142 4025 2311 4076; x_wconf 87' lang='lat' dir='ltr'><strong>stans,</strong></span> <span class='ocrx_word' id='word_1_596' title='bbox 2338 4011 2572 4070; x_wconf 88' lang='lat' dir='ltr'><strong>humilis,</strong></span> <span class='ocrx_word' id='word_1_597' title='bbox 2619 4008 2853 4077; x_wconf 87' lang='lat' dir='ltr'><strong>patiens,</strong></span> <span class='ocrx_word' id='word_1_598' title='bbox 2897 4007 3221 4071; x_wconf 87' lang='lat' dir='ltr'><strong>misericors,</strong></span> <span class='ocrx_word' id='word_1_599' title='bbox 3253 4005 3306 4059; x_wconf 90' lang='lat' dir='ltr'><strong>in</strong></span> <span class='ocrx_word' id='word_1_600' title='bbox 3343 4003 3642 4060; x_wconf 88' lang='lat' dir='ltr'><strong>Christiana</strong></span> <span class='ocrx_word' id='word_1_601' title='bbox 3671 4015 3725 4059; x_wconf 88' lang='lat' dir='ltr'><strong>ct</strong></span> 
     </span>
    </p>
   </div>
   <div class='ocr_carea' id='block_1_86' title="bbox 2141 4093 3725 4165">
    <p class='ocr_par' dir='ltr' id='par_1_86' title="bbox 2141 4093 3725 4165">
     <span class='ocr_line' id='line_1_86' title="bbox 2141 4093 3725 4165; baseline -0.008 -6"><span class='ocrx_word' id='word_1_602' title='bbox 2141 4101 2505 4159; x_wconf 86' lang='lat' dir='ltr'><strong>ecclesiastica</strong></span> <span class='ocrx_word' id='word_1_603' title='bbox 2546 4096 2822 4165; x_wconf 89' lang='lat' dir='ltr'><strong>disciplina</strong></span> <span class='ocrx_word' id='word_1_604' title='bbox 2861 4094 3205 4149; x_wconf 87' lang='lat' dir='ltr'><strong>instauranda</strong></span> <span class='ocrx_word' id='word_1_605' title='bbox 3243 4093 3519 4157; x_wconf 86' lang='lat' dir='ltr'><strong>sollicitus,</strong></span> <span class='ocrx_word' id='word_1_606' title='bbox 3551 4108 3725 4161; x_wconf 75' lang='lat' dir='ltr'><strong>eaque</strong></span> 
     </span>
    </p>
   </div>
   <div class='ocr_carea' id='block_1_87' title="bbox 2141 4183 3724 4256">
    <p class='ocr_par' dir='ltr' id='par_1_87' title="bbox 2141 4183 3724 4256">
     <span class='ocr_line' id='line_1_87' title="bbox 2141 4183 3724 4256; baseline -0.007 -10"><span class='ocrx_word' id='word_1_607' title='bbox 2141 4191 2306 4246; x_wconf 85' lang='lat' dir='ltr'><strong>verbo</strong></span> <span class='ocrx_word' id='word_1_608' title='bbox 2333 4198 2388 4244; x_wconf 88' lang='lat' dir='ltr'><strong>et</strong></span> <span class='ocrx_word' id='word_1_609' title='bbox 2432 4188 2646 4256; x_wconf 88' lang='lat' dir='ltr'><strong>scriptis</strong></span> <span class='ocrx_word' id='word_1_610' title='bbox 2678 4184 2995 4240; x_wconf 89' lang='lat' dir='ltr'><strong>stabilienda</strong></span> <span class='ocrx_word' id='word_1_611' title='bbox 3039 4184 3358 4247; x_wconf 76' lang='lat' dir='ltr'><strong>indefessus,</strong></span> <span class='ocrx_word' id='word_1_612' title='bbox 3388 4190 3548 4251; x_wconf 88' lang='lat' dir='ltr'><strong>atque</strong></span> <span class='ocrx_word' id='word_1_613' title='bbox 3575 4183 3724 4237; x_wconf 88' lang='lat' dir='ltr'><strong>oumi</strong></span> 
     </span>
    </p>
   </div>
   <div class='ocr_carea' id='block_1_88' title="bbox 2143 4275 3723 4344">
    <p class='ocr_par' dir='ltr' id='par_1_88' title="bbox 2143 4275 3723 4344">
     <span class='ocr_line' id='line_1_88' title="bbox 2143 4275 3723 4344; baseline -0.007 -7"><span class='ocrx_word' id='word_1_614' title='bbox 2143 4283 2357 4337; x_wconf 89' lang='lat' dir='ltr'><strong>demum</strong></span> <span class='ocrx_word' id='word_1_615' title='bbox 2399 4280 2653 4334; x_wconf 88' lang='lat' dir='ltr'><strong>virtutum</strong></span> <span class='ocrx_word' id='word_1_616' title='bbox 2685 4283 3002 4330; x_wconf 84' lang='lat' dir='ltr'><strong>ornamento</strong></span> <span class='ocrx_word' id='word_1_617' title='bbox 3030 4275 3332 4344; x_wconf 79' lang='lat' dir='ltr'><strong>insignitus,</strong></span> <span class='ocrx_word' id='word_1_618' title='bbox 3382 4277 3576 4331; x_wconf 88' lang='lat' dir='ltr'><strong>nullius</strong></span> <span class='ocrx_word' id='word_1_619' title='bbox 3621 4275 3723 4328; x_wconf 88' lang='lat' dir='ltr'><strong>lin-</strong></span> 
     </span>
    </p>
   </div>
   <div class='ocr_carea' id='block_1_89' title="bbox 2142 4365 3723 4442">
    <p class='ocr_par' dir='ltr' id='par_1_89' title="bbox 2142 4365 3723 4442">
     <span class='ocr_line' id='line_1_89' title="bbox 2142 4365 3723 4442; baseline -0.004 -15"><span class='ocrx_word' id='word_1_620' title='bbox 2142 4389 2244 4442; x_wconf 81' lang='lat' dir='ltr'><strong>gua</strong></span> <span class='ocrx_word' id='word_1_621' title='bbox 2290 4385 2546 4427; x_wconf 88' lang='lat' dir='ltr'><strong>enarrare</strong></span> <span class='ocrx_word' id='word_1_622' title='bbox 2589 4365 2875 4424; x_wconf 79' lang='lat' dir='ltr'><strong>sufficeret.</strong></span> <span class='ocrx_word' id='word_1_623' title='bbox 2917 4365 3199 4421; x_wconf 84' lang='lat' dir='ltr'><strong>Monastici</strong></span> <span class='ocrx_word' id='word_1_624' title='bbox 3238 4382 3452 4437; x_wconf 90' lang='lat' dir='ltr'><strong>quoque</strong></span> <span class='ocrx_word' id='word_1_625' title='bbox 3493 4365 3723 4421; x_wconf 87' lang='lat' dir='ltr'><strong>instituti</strong></span> 
     </span>
    </p>
   </div>
   <div class='ocr_carea' id='block_1_90' title="bbox 465 4455 3720 4546">
    <p class='ocr_par' dir='ltr' id='par_1_90' title="bbox 465 4455 3720 4546">
     <span class='ocr_line' id='line_1_90' title="bbox 465 4455 3720 4546; baseline -0.002 -28"><span class='ocrx_word' id='word_1_626' title='bbox 465 4462 581 4519; x_wconf 65' lang='lat' dir='ltr'><strong>lica</strong></span> <span class='ocrx_word' id='word_1_627' title='bbox 611 4480 624 4513; x_wconf 89' lang='lat'><strong>:</strong></span> <span class='ocrx_word' id='word_1_628' title='bbox 654 4475 776 4529; x_wconf 63' lang='lat' dir='ltr'><strong>quae</strong></span> <span class='ocrx_word' id='word_1_629' title='bbox 805 4459 968 4514; x_wconf 89' lang='lat' dir='ltr'><strong>editio</strong></span> <span class='ocrx_word' id='word_1_630' title='bbox 994 4456 1120 4512; x_wconf 92' lang='lat' dir='ltr'><strong>olim</strong></span> <span class='ocrx_word' id='word_1_631' title='bbox 1151 4458 1206 4512; x_wconf 92' lang='lat' dir='ltr'><strong>in</strong></span> <span class='ocrx_word' id='word_1_632' title='bbox 1251 4457 1573 4516; x_wconf 84' lang='lat' dir='ltr'><strong>bibliotheca</strong></span> <span class='ocrx_word' id='word_1_633' title='bbox 1614 4457 1918 4515; x_wconf 87' lang='lat' dir='ltr'><strong>Passioneia</strong></span> <span class='ocrx_word' id='word_1_634' title='bbox 1947 4475 2040 4512; x_wconf 78' lang='lat' dir='ltr'><strong>ex-</strong></span> <span class='ocrx_word' id='word_1_635' title='bbox 2070 4488 2117 4546; x_wconf 66' lang='grc' dir='ltr'><strong><em>Β</em></strong></span> <span class='ocrx_word' id='word_1_636' title='bbox 2146 4479 2239 4536; x_wconf 84' lang='lat' dir='ltr'><strong>per</strong></span> <span class='ocrx_word' id='word_1_637' title='bbox 2281 4460 2590 4527; x_wconf 88' lang='lat' dir='ltr'><strong>Hispaniam</strong></span> <span class='ocrx_word' id='word_1_638' title='bbox 2637 4464 2916 4527; x_wconf 87' lang='lat' dir='ltr'><strong>promotor</strong></span> <span class='ocrx_word' id='word_1_639' title='bbox 2968 4463 3025 4510; x_wconf 89' lang='lat' dir='ltr'><strong>et</strong></span> <span class='ocrx_word' id='word_1_640' title='bbox 3065 4455 3420 4526; x_wconf 84' lang='lat' dir='ltr'><strong>ampliﬁcator</strong></span> <span class='ocrx_word' id='word_1_641' title='bbox 3465 4457 3720 4521; x_wconf 85' lang='lat' dir='ltr'><strong>eximius,</strong></span> 
     </span>
    </p>
   </div>
   <div class='ocr_carea' id='block_1_91' title="bbox 465 4547 2040 4618">
    <p class='ocr_par' dir='ltr' id='par_1_91' title="bbox 465 4547 2040 4618">
     <span class='ocr_line' id='line_1_91' title="bbox 465 4547 2040 4618; baseline -0.003 -12"><span class='ocrx_word' id='word_1_642' title='bbox 465 4552 663 4616; x_wconf 85' lang='lat' dir='ltr'><strong>stabat,</strong></span> <span class='ocrx_word' id='word_1_643' title='bbox 705 4559 762 4604; x_wconf 92' lang='lat' dir='ltr'><strong>ut</strong></span> <span class='ocrx_word' id='word_1_644' title='bbox 799 4566 865 4604; x_wconf 83' lang='lat' dir='ltr'><strong>ex</strong></span> <span class='ocrx_word' id='word_1_645' title='bbox 907 4556 1191 4602; x_wconf 88' lang='lat' dir='ltr'><strong>stemmate</strong></span> <span class='ocrx_word' id='word_1_646' title='bbox 1219 4556 1463 4618; x_wconf 79' lang='lat' dir='ltr'><strong>apparet.</strong></span> <span class='ocrx_word' id='word_1_647' title='bbox 1490 4547 1700 4602; x_wconf 88' lang='lat' dir='ltr'><strong>Titulus</strong></span> <span class='ocrx_word' id='word_1_648' title='bbox 1741 4557 1824 4602; x_wconf 88' lang='lat' dir='ltr'><strong>est</strong></span> <span class='ocrx_word' id='word_1_649' title='bbox 1855 4565 1868 4599; x_wconf 76' lang='grc' dir='ltr'>ε</span> <span class='ocrx_word' id='word_1_650' title='bbox 1916 4547 2040 4602; x_wconf 69' lang='lat' dir='ltr'><strong>Bre~</strong></span> 
     </span>
    </p>
   </div>
   <div class='ocr_carea' id='block_1_92' title="bbox 464 4640 2039 4710">
    <p class='ocr_par' dir='ltr' id='par_1_92' title="bbox 464 4640 2039 4710">
     <span class='ocr_line' id='line_1_92' title="bbox 464 4640 2039 4710; baseline -0.002 -13"><span class='ocrx_word' id='word_1_651' title='bbox 464 4643 684 4702; x_wconf 76' lang='lat' dir='ltr'><strong>viariam</strong></span> <span class='ocrx_word' id='word_1_652' title='bbox 715 4641 1002 4698; x_wconf 83' lang='lat' dir='ltr'><strong>Romanum</strong></span> <span class='ocrx_word' id='word_1_653' title='bbox 1030 4656 1094 4694; x_wconf 76' lang='lat' dir='ltr'><strong>ea:</strong></span> <span class='ocrx_word' id='word_1_654' title='bbox 1123 4656 1277 4694; x_wconf 87' lang='lat' dir='ltr'><strong>sacra</strong></span> <span class='ocrx_word' id='word_1_655' title='bbox 1318 4642 1635 4703; x_wconf 80' lang='lat' dir='ltr'><strong>potissimum</strong></span> <span class='ocrx_word' id='word_1_656' title='bbox 1678 4640 1953 4710; x_wconf 76' lang='lat' dir='ltr'><strong>Scriptura</strong></span> <span class='ocrx_word' id='word_1_657' title='bbox 1988 4652 2039 4694; x_wconf 85' lang='lat' dir='ltr'><strong>et</strong></span> 
     </span>
    </p>
   </div>
   <div class='ocr_carea' id='block_1_93' title="bbox 463 4729 2034 4800">
    <p class='ocr_par' dir='ltr' id='par_1_93' title="bbox 463 4729 2034 4800">
     <span class='ocr_line' id='line_1_93' title="bbox 463 4729 2034 4800; baseline -0.001 -16"><span class='ocrx_word' id='word_1_658' title='bbox 463 4731 694 4800; x_wconf 77' lang='lat' dir='ltr'><strong>probatis</strong></span> <span class='ocrx_word' id='word_1_659' title='bbox 723 4740 1018 4784; x_wconf 81' lang='lat' dir='ltr'><strong>sanctorum</strong></span> <span class='ocrx_word' id='word_1_660' title='bbox 1049 4729 1274 4783; x_wconf 80' lang='lat' dir='ltr'><strong>historiis</strong></span> <span class='ocrx_word' id='word_1_661' title='bbox 1307 4745 1468 4798; x_wconf 84' lang='lat' dir='ltr'><strong>nuper</strong></span> <span class='ocrx_word' id='word_1_662' title='bbox 1508 4731 1814 4799; x_wconf 73' lang='lat' dir='ltr'><strong>confectum,</strong></span> <span class='ocrx_word' id='word_1_663' title='bbox 1849 4747 1910 4782; x_wconf 86' lang='lat' dir='ltr'><strong>ac</strong></span> <span class='ocrx_word' id='word_1_664' title='bbox 1942 4731 2034 4783; x_wconf 86' lang='lat' dir='ltr'><strong>de-</strong></span> 
     </span>
    </p>
   </div>
   <div class='ocr_carea' id='block_1_94' title="bbox 463 4820 2033 4890">
    <p class='ocr_par' dir='ltr' id='par_1_94' title="bbox 463 4820 2033 4890">
     <span class='ocr_line' id='line_1_94' title="bbox 463 4820 2033 4890; baseline -0.001 -16"><span class='ocrx_word' id='word_1_665' title='bbox 463 4838 566 4875; x_wconf 82' lang='lat' dir='ltr'><strong>nuo</strong></span> <span class='ocrx_word' id='word_1_666' title='bbox 610 4837 700 4888; x_wconf 83' lang='lat' dir='ltr'><strong>per</strong></span> <span class='ocrx_word' id='word_1_667' title='bbox 745 4820 978 4879; x_wconf 80' lang='lat' dir='ltr'><strong>eumdem</strong></span> <span class='ocrx_word' id='word_1_668' title='bbox 1025 4830 1286 4876; x_wconf 79' lang='lat' dir='ltr'><strong>auctorem</strong></span> <span class='ocrx_word' id='word_1_669' title='bbox 1337 4822 1628 4874; x_wconf 83' lang='lat' dir='ltr'><strong>accuratius</strong></span> <span class='ocrx_word' id='word_1_670' title='bbox 1677 4822 1992 4890; x_wconf 56' lang='lat' dir='ltr'><strong>recognitum</strong></span> <span class='ocrx_word' id='word_1_671' title='bbox 2018 4861 2033 4882; x_wconf 89' lang='lat'><strong>,</strong></span> 
     </span>
    </p>
   </div>
   <div class='ocr_carea' id='block_1_95' title="bbox 464 4911 2042 4983">
    <p class='ocr_par' dir='ltr' id='par_1_95' title="bbox 464 4911 2042 4983">
     <span class='ocr_line' id='line_1_95' title="bbox 464 4911 2042 4983; baseline -0.001 -17"><span class='ocrx_word' id='word_1_672' title='bbox 464 4929 622 4983; x_wconf 84' lang='lat' dir='ltr'><strong>eaque</strong></span> <span class='ocrx_word' id='word_1_673' title='bbox 647 4912 911 4981; x_wconf 82' lang='lat' dir='ltr'><strong>diligentia</strong></span> <span class='ocrx_word' id='word_1_674' title='bbox 940 4912 1034 4965; x_wconf 83' lang='lat' dir='ltr'><strong>hoc</strong></span> <span class='ocrx_word' id='word_1_675' title='bbox 1061 4913 1115 4964; x_wconf 88' lang='lat' dir='ltr'><strong>in</strong></span> <span class='ocrx_word' id='word_1_676' title='bbox 1145 4927 1283 4964; x_wconf 83' lang='lat' dir='ltr'><strong>anno</strong></span> <span class='ocrx_word' id='word_1_677' title='bbox 1326 4928 1358 4964; x_wconf 91' lang='lat' dir='ltr'><strong>a</strong></span> <span class='ocrx_word' id='word_1_678' title='bbox 1401 4911 1600 4965; x_wconf 77' lang='lat' dir='ltr'><strong>mendis</strong></span> <span class='ocrx_word' id='word_1_679' title='bbox 1635 4913 1712 4964; x_wconf 87' lang='lat' dir='ltr'><strong>ita</strong></span> <span class='ocrx_word' id='word_1_680' title='bbox 1738 4921 2042 4981; x_wconf 72' lang='lat' dir='ltr'><strong>purgatum,</strong></span> 
     </span>
    </p>
   </div>
   <div class='ocr_carea' id='block_1_96' title="bbox 461 4997 2035 5070">
    <p class='ocr_par' dir='ltr' id='par_1_96' title="bbox 461 4997 2035 5070">
     <span class='ocr_line' id='line_1_96' title="bbox 461 4997 2035 5070; baseline -0.003 -14"><span class='ocrx_word' id='word_1_681' title='bbox 461 5013 515 5056; x_wconf 85' lang='lat' dir='ltr'><strong>ut</strong></span> <span class='ocrx_word' id='word_1_682' title='bbox 537 4999 702 5055; x_wconf 73' lang='lat' dir='ltr'><strong>Monii</strong></span> <span class='ocrx_word' id='word_1_683' title='bbox 723 4999 976 5070; x_wconf 78' lang='lat' dir='ltr'><strong>judicium</strong></span> <span class='ocrx_word' id='word_1_684' title='bbox 1010 5015 1112 5053; x_wconf 89' lang='lat' dir='ltr'><strong>non</strong></span> <span class='ocrx_word' id='word_1_685' title='bbox 1157 5003 1497 5069; x_wconf 83' lang='lat' dir='ltr'><strong>pertimescat.</strong></span> <span class='ocrx_word' id='word_1_686' title='bbox 1523 4997 1649 5053; x_wconf 87' lang='lat' dir='ltr'><strong>Cum</strong></span> <span class='ocrx_word' id='word_1_687' title='bbox 1677 5001 1938 5070; x_wconf 82' lang='lat' dir='ltr'><strong>privilegio</strong></span> <span class='ocrx_word' id='word_1_688' title='bbox 1967 5001 2035 5052; x_wconf 85' lang='lat' dir='ltr'><strong>ad</strong></span> 
     </span>
    </p>
   </div>
   <div class='ocr_carea' id='block_1_97' title="bbox 463 5090 2036 5161">
    <p class='ocr_par' dir='ltr' id='par_1_97' title="bbox 463 5090 2036 5161">
     <span class='ocr_line' id='line_1_97' title="bbox 463 5090 2036 5161; baseline 0 -16"><span class='ocrx_word' id='word_1_689' title='bbox 463 5093 781 5146; x_wconf 85' lang='lat' dir='ltr'><strong>decennium.</strong></span> <span class='ocrx_word' id='word_1_690' title='bbox 844 5090 1082 5161; x_wconf 84' lang='lat' dir='ltr'><strong>Lugduni</strong></span> <span class='ocrx_word' id='word_1_691' title='bbox 1145 5091 1282 5158; x_wconf 87' lang='lat' dir='ltr'><strong>apud</strong></span> <span class='ocrx_word' id='word_1_692' title='bbox 1336 5091 1562 5146; x_wconf 68' lang='lat' dir='ltr'><strong>Itmredes</strong></span> <span class='ocrx_word' id='word_1_693' title='bbox 1604 5090 1785 5145; x_wconf 84' lang='lat' dir='ltr'><strong>Jacobi</strong></span> <span class='ocrx_word' id='word_1_694' title='bbox 1831 5090 2036 5145; x_wconf 73' lang='lat' dir='ltr'><strong>Iuncta:</strong></span> 
     </span>
    </p>
   </div>
   <div class='ocr_carea' id='block_1_98' title="bbox 465 5179 2034 5251">
    <p class='ocr_par' dir='ltr' id='par_1_98' title="bbox 465 5179 2034 5251">
     <span class='ocr_line' id='line_1_98' title="bbox 465 5179 2034 5251; baseline -0.001 -16"><span class='ocrx_word' id='word_1_695' title='bbox 465 5179 622 5235; x_wconf 78' lang='grc'><strong>1556.</strong></span> <span class='ocrx_word' id='word_1_696' title='bbox 654 5179 830 5234; x_wconf 87' lang='lat' dir='ltr'><strong>Editio</strong></span> <span class='ocrx_word' id='word_1_697' title='bbox 859 5190 942 5236; x_wconf 87' lang='lat' dir='ltr'><strong>est</strong></span> <span class='ocrx_word' id='word_1_698' title='bbox 989 5182 1042 5234; x_wconf 91' lang='lat' dir='ltr'><strong>in</strong></span> <span class='ocrx_word' id='word_1_699' title='bbox 1074 5180 1225 5249; x_wconf 86' lang='lat' dir='ltr'><strong>folio,</strong></span> <span class='ocrx_word' id='word_1_700' title='bbox 1265 5182 1452 5251; x_wconf 83' lang='lat' dir='ltr'><strong>quain</strong></span> <span class='ocrx_word' id='word_1_701' title='bbox 1493 5180 1661 5237; x_wconf 87' lang='lat' dir='ltr'><strong>forma</strong></span> <span class='ocrx_word' id='word_1_702' title='bbox 1707 5180 2034 5236; x_wconf 87' lang='lat' dir='ltr'><strong>Breviarimn</strong></span> 
     </span>
    </p>
   </div>
   <div class='ocr_carea' id='block_1_99' title="bbox 463 5268 2034 5338">
    <p class='ocr_par' dir='ltr' id='par_1_99' title="bbox 463 5268 2034 5338">
     <span class='ocr_line' id='line_1_99' title="bbox 463 5268 2034 5338; baseline 0.003 -16"><span class='ocrx_word' id='word_1_703' title='bbox 463 5268 896 5338; x_wconf 77' lang='lat' dir='ltr'><strong>Q’uignonianum</strong></span> <span class='ocrx_word' id='word_1_704' title='bbox 936 5270 1137 5325; x_wconf 91' lang='lat' dir='ltr'><strong>editum</strong></span> <span class='ocrx_word' id='word_1_705' title='bbox 1186 5272 1421 5327; x_wconf 88' lang='lat' dir='ltr'><strong>nondum</strong></span> <span class='ocrx_word' id='word_1_706' title='bbox 1474 5270 1735 5324; x_wconf 82' lang='lat' dir='ltr'><strong>videram.</strong></span> <span class='ocrx_word' id='word_1_707' title='bbox 1787 5269 2034 5326; x_wconf 69' lang='lat' dir='ltr'><strong>llaeretici</strong></span> 
     </span>
    </p>
   </div>
   <div class='ocr_carea' id='block_1_100' title="bbox 460 5361 2032 5432">
    <p class='ocr_par' dir='ltr' id='par_1_100' title="bbox 460 5361 2032 5432">
     <span class='ocr_line' id='line_1_100' title="bbox 460 5361 2032 5432; baseline -0.001 -16"><span class='ocrx_word' id='word_1_708' title='bbox 460 5364 686 5432; x_wconf 76' lang='lat' dir='ltr'><strong>iactant,</strong></span> <span class='ocrx_word' id='word_1_709' title='bbox 725 5361 998 5417; x_wconf 78' lang='lat' dir='ltr'><strong>rarissima</strong></span> <span class='ocrx_word' id='word_1_710' title='bbox 1041 5377 1159 5416; x_wconf 84' lang='lat' dir='ltr'><strong>esse</strong></span> <span class='ocrx_word' id='word_1_711' title='bbox 1208 5361 1362 5429; x_wconf 86' lang='lat' dir='ltr'><strong>huius</strong></span> <span class='ocrx_word' id='word_1_712' title='bbox 1401 5361 1660 5416; x_wconf 86' lang='lat' dir='ltr'><strong>Breviarii</strong></span> <span class='ocrx_word' id='word_1_713' title='bbox 1685 5361 2032 5430; x_wconf 85' lang='lat' dir='ltr'><strong>exemplaria,</strong></span> 
     </span>
    </p>
   </div>
   <div class='ocr_carea' id='block_1_101' title="bbox 462 5450 2036 5522">
    <p class='ocr_par' dir='ltr' id='par_1_101' title="bbox 462 5450 2036 5522">
     <span class='ocr_line' id='line_1_101' title="bbox 462 5450 2036 5522; baseline -0.003 -13"><span class='ocrx_word' id='word_1_714' title='bbox 462 5453 606 5522; x_wconf 84' lang='lat' dir='ltr'><strong>quod</strong></span> <span class='ocrx_word' id='word_1_715' title='bbox 634 5453 883 5508; x_wconf 85' lang='lat' dir='ltr'><strong>catholici</strong></span> <span class='ocrx_word' id='word_1_716' title='bbox 915 5452 1042 5506; x_wconf 90' lang='lat' dir='ltr'><strong>illud</strong></span> <span class='ocrx_word' id='word_1_717' title='bbox 1071 5450 1292 5506; x_wconf 88' lang='lat' dir='ltr'><strong>abolere</strong></span> <span class='ocrx_word' id='word_1_718' title='bbox 1338 5451 1657 5506; x_wconf 89' lang='lat' dir='ltr'><strong>studuerint.</strong></span> <span class='ocrx_word' id='word_1_719' title='bbox 1702 5451 1806 5507; x_wconf 89' lang='lat' dir='ltr'><strong>Sed</strong></span> <span class='ocrx_word' id='word_1_720' title='bbox 1843 5461 2036 5522; x_wconf 77' lang='lat' dir='ltr'><strong>praeter</strong></span> 
     </span>
    </p>
   </div>
   <div class='ocr_carea' id='block_1_102' title="bbox 466 5543 2034 5615">
    <p class='ocr_par' dir='ltr' id='par_1_102' title="bbox 466 5543 2034 5615">
     <span class='ocr_line' id='line_1_102' title="bbox 466 5543 2034 5615; baseline -0.002 -16"><span class='ocrx_word' id='word_1_721' title='bbox 466 5546 578 5602; x_wconf 79' lang='lat' dir='ltr'><strong>inec</strong></span> <span class='ocrx_word' id='word_1_722' title='bbox 590 5545 718 5612; x_wconf 89' lang='lat' dir='ltr'><strong>duo,</strong></span> <span class='ocrx_word' id='word_1_723' title='bbox 731 5561 852 5615; x_wconf 67' lang='lat' dir='ltr'><strong>quae</strong></span> <span class='ocrx_word' id='word_1_724' title='bbox 867 5546 996 5612; x_wconf 81' lang='lat' dir='ltr'><strong>dixi,</strong></span> <span class='ocrx_word' id='word_1_725' title='bbox 1011 5543 1354 5614; x_wconf 76' lang='lat' dir='ltr'><strong>exemplaria,</strong></span> <span class='ocrx_word' id='word_1_726' title='bbox 1371 5557 1470 5610; x_wconf 79' lang='lat' dir='ltr'><strong>ego</strong></span> <span class='ocrx_word' id='word_1_727' title='bbox 1481 5545 1608 5598; x_wconf 87' lang='lat' dir='ltr'><strong>olim</strong></span> <span class='ocrx_word' id='word_1_728' title='bbox 1626 5546 1723 5599; x_wconf 86' lang='lat' dir='ltr'><strong>tria</strong></span> <span class='ocrx_word' id='word_1_729' title='bbox 1738 5545 1838 5598; x_wconf 86' lang='lat' dir='ltr'><strong>alia</strong></span> <span class='ocrx_word' id='word_1_730' title='bbox 1856 5545 2034 5612; x_wconf 81' lang='lat' dir='ltr'><strong>acqui-</strong></span> 
     </span>
    </p>
   </div>
   <div class='ocr_carea' id='block_1_103' title="bbox 463 5636 2028 5704">
    <p class='ocr_par' dir='ltr' id='par_1_103' title="bbox 463 5636 2028 5704">
     <span class='ocr_line' id='line_1_103' title="bbox 463 5636 2028 5704; baseline -0.001 -15"><span class='ocrx_word' id='word_1_731' title='bbox 463 5637 718 5704; x_wconf 67' lang='lat' dir='ltr'><strong>sivi,qua:</strong></span> <span class='ocrx_word' id='word_1_732' title='bbox 747 5638 842 5690; x_wconf 88' lang='lat' dir='ltr'><strong>viri</strong></span> <span class='ocrx_word' id='word_1_733' title='bbox 866 5637 1096 5691; x_wconf 89' lang='lat' dir='ltr'><strong>illustres</strong></span> <span class='ocrx_word' id='word_1_734' title='bbox 1123 5652 1154 5691; x_wconf 93' lang='lat' dir='ltr'><strong>a</strong></span> <span class='ocrx_word' id='word_1_735' title='bbox 1182 5652 1268 5691; x_wconf 90' lang='lat' dir='ltr'><strong>me</strong></span> <span class='ocrx_word' id='word_1_736' title='bbox 1297 5639 1438 5691; x_wconf 90' lang='lat' dir='ltr'><strong>dono</strong></span> <span class='ocrx_word' id='word_1_737' title='bbox 1460 5636 1637 5690; x_wconf 88' lang='lat' dir='ltr'><strong>oblata</strong></span> <span class='ocrx_word' id='word_1_738' title='bbox 1667 5644 2028 5704; x_wconf 88' lang='lat' dir='ltr'><strong>acceptarunt.</strong></span> 
     </span>
    </p>
   </div>
   <div class='ocr_carea' id='block_1_104' title="bbox 535 5723 2035 5798">
    <p class='ocr_par' dir='ltr' id='par_1_104' title="bbox 535 5723 2035 5798">
     <span class='ocr_line' id='line_1_104' title="bbox 535 5723 2035 5798; baseline -0.001 -19"><span class='ocrx_word' id='word_1_739' title='bbox 535 5723 589 5779; x_wconf 84' lang='lat'><strong>5.</strong></span> <span class='ocrx_word' id='word_1_740' title='bbox 637 5725 679 5778; x_wconf 82' lang='grc' dir='ltr'><strong>Ε</strong></span> <span class='ocrx_word' id='word_1_741' title='bbox 721 5727 993 5782; x_wconf 82' lang='lat' dir='ltr'><strong>I:reviariis</strong></span> <span class='ocrx_word' id='word_1_742' title='bbox 1043 5727 1362 5798; x_wconf 77' lang='lat' dir='ltr'><strong>pervetustis</strong></span> <span class='ocrx_word' id='word_1_743' title='bbox 1415 5725 1695 5797; x_wconf 66' lang='lat' dir='ltr'><strong>Hispani-.13,</strong></span> <span class='ocrx_word' id='word_1_744' title='bbox 1747 5727 1796 5779; x_wconf 94' lang='lat' dir='ltr'><strong>in</strong></span> <span class='ocrx_word' id='word_1_745' title='bbox 1843 5726 2035 5795; x_wconf 87' lang='lat' dir='ltr'><strong>quibus</strong></span> 
     </span>
    </p>
   </div>
   <div class='ocr_carea' id='block_1_105' title="bbox 2147 4546 3716 4624">
    <p class='ocr_par' dir='ltr' id='par_1_105' title="bbox 2147 4546 3716 4624">
     <span class='ocr_line' id='line_1_105' title="bbox 2147 4546 3716 4624; baseline -0.003 -18"><span class='ocrx_word' id='word_1_746' title='bbox 2147 4555 2295 4624; x_wconf 90' lang='lat' dir='ltr'><strong>plura</strong></span> <span class='ocrx_word' id='word_1_747' title='bbox 2316 4549 2615 4608; x_wconf 81' lang='lat' dir='ltr'><strong>construxit</strong></span> <span class='ocrx_word' id='word_1_748' title='bbox 2644 4547 2988 4607; x_wconf 86' lang='lat' dir='ltr'><strong>monasteria.</strong></span> <span class='ocrx_word' id='word_1_749' title='bbox 3020 4547 3244 4616; x_wconf 81' lang='lat' dir='ltr'><strong>collegia</strong></span> <span class='ocrx_word' id='word_1_750' title='bbox 3275 4547 3459 4602; x_wconf 88' lang='lat' dir='ltr'><strong>itidem</strong></span> <span class='ocrx_word' id='word_1_751' title='bbox 3483 4546 3716 4603; x_wconf 69' lang='lat' dir='ltr'><strong>mitifica-</strong></span> 
     </span>
    </p>
   </div>
   <div class='ocr_carea' id='block_1_106' title="bbox 2144 4638 3720 4712">
    <p class='ocr_par' dir='ltr' id='par_1_106' title="bbox 2144 4638 3720 4712">
     <span class='ocr_line' id='line_1_106' title="bbox 2144 4638 3720 4712; baseline -0.006 -13"><span class='ocrx_word' id='word_1_752' title='bbox 2144 4647 2239 4712; x_wconf 92' lang='lat' dir='ltr'><strong>vit,</strong></span> <span class='ocrx_word' id='word_1_753' title='bbox 2260 4644 2373 4709; x_wconf 87' lang='lat' dir='ltr'><strong>ubi,</strong></span> <span class='ocrx_word' id='word_1_754' title='bbox 2399 4641 2587 4697; x_wconf 91' lang='lat' dir='ltr'><strong>studiis</strong></span> <span class='ocrx_word' id='word_1_755' title='bbox 2603 4639 2770 4694; x_wconf 88' lang='lat' dir='ltr'><strong>sacris</strong></span> <span class='ocrx_word' id='word_1_756' title='bbox 2797 4646 2851 4698; x_wconf 87' lang='lat' dir='ltr'><strong>et</strong></span> <span class='ocrx_word' id='word_1_757' title='bbox 2873 4638 3190 4693; x_wconf 86' lang='lat' dir='ltr'><strong>lectionibus</strong></span> <span class='ocrx_word' id='word_1_758' title='bbox 3215 4653 3432 4702; x_wconf 88' lang='lat' dir='ltr'><strong>vacans,</strong></span> <span class='ocrx_word' id='word_1_759' title='bbox 3458 4638 3720 4706; x_wconf 90' lang='lat' dir='ltr'><strong>plurimos</strong></span> 
     </span>
    </p>
   </div>
   <div class='ocr_carea' id='block_1_107' title="bbox 2141 4728 3718 4805">
    <p class='ocr_par' dir='ltr' id='par_1_107' title="bbox 2141 4728 3718 4805">
     <span class='ocr_line' id='line_1_107' title="bbox 2141 4728 3718 4805; baseline -0.006 -15"><span class='ocrx_word' id='word_1_760' title='bbox 2141 4735 2452 4805; x_wconf 89' lang='lat' dir='ltr'><strong>discipulos,</strong></span> <span class='ocrx_word' id='word_1_761' title='bbox 2484 4732 2577 4802; x_wconf 91' lang='lat' dir='ltr'><strong>qui</strong></span> <span class='ocrx_word' id='word_1_762' title='bbox 2605 4730 2668 4785; x_wconf 89' lang='lat' dir='ltr'><strong>ad</strong></span> <span class='ocrx_word' id='word_1_763' title='bbox 2706 4745 2828 4784; x_wconf 92' lang='lat' dir='ltr'><strong>eum</strong></span> <span class='ocrx_word' id='word_1_764' title='bbox 2857 4728 3199 4782; x_wconf 85' lang='lat' dir='ltr'><strong>conﬂuebant</strong></span> <span class='ocrx_word' id='word_1_765' title='bbox 3221 4767 3237 4793; x_wconf 94' lang='lat'><strong>,</strong></span> <span class='ocrx_word' id='word_1_766' title='bbox 3277 4728 3548 4794; x_wconf 87' lang='lat' dir='ltr'><strong>erudivit,</strong></span> <span class='ocrx_word' id='word_1_767' title='bbox 3578 4744 3718 4796; x_wconf 89' lang='lat' dir='ltr'><strong>quos</strong></span> 
     </span>
    </p>
   </div>
   <div class='ocr_carea' id='block_1_108' title="bbox 2143 4817 3718 4883">
    <p class='ocr_par' dir='ltr' id='par_1_108' title="bbox 2143 4817 3718 4883">
     <span class='ocr_line' id='line_1_108' title="bbox 2143 4817 3718 4883; baseline -0.008 -1"><span class='ocrx_word' id='word_1_768' title='bbox 2143 4829 2282 4881; x_wconf 90' lang='lat' dir='ltr'><strong>inter</strong></span> <span class='ocrx_word' id='word_1_769' title='bbox 2308 4824 2477 4880; x_wconf 88' lang='lat' dir='ltr'><strong>sancti</strong></span> <span class='ocrx_word' id='word_1_770' title='bbox 2504 4821 2802 4876; x_wconf 88' lang='lat' dir='ltr'><strong>lldefonsus</strong></span> <span class='ocrx_word' id='word_1_771' title='bbox 2826 4818 3142 4883; x_wconf 84' lang='lat' dir='ltr'><strong>Toletanus,</strong></span> <span class='ocrx_word' id='word_1_772' title='bbox 3186 4827 3242 4872; x_wconf 87' lang='lat' dir='ltr'><strong>et</strong></span> <span class='ocrx_word' id='word_1_773' title='bbox 3269 4817 3485 4873; x_wconf 84' lang='lat' dir='ltr'><strong>Braulio</strong></span> <span class='ocrx_word' id='word_1_774' title='bbox 3511 4818 3718 4872; x_wconf 62' lang='lat' dir='ltr'><strong>Caesar-</strong></span> 
     </span>
    </p>
   </div>
   <div class='ocr_carea' id='block_1_109' title="bbox 2140 4907 3716 4984">
    <p class='ocr_par' dir='ltr' id='par_1_109' title="bbox 2140 4907 3716 4984">
     <span class='ocr_line' id='line_1_109' title="bbox 2140 4907 3716 4984; baseline -0.003 -14"><span class='ocrx_word' id='word_1_775' title='bbox 2140 4923 2468 4984; x_wconf 88' lang='lat' dir='ltr'><strong>augustanus</strong></span> <span class='ocrx_word' id='word_1_776' title='bbox 2532 4910 2767 4980; x_wconf 91' lang='lat' dir='ltr'><strong>episcopi</strong></span> <span class='ocrx_word' id='word_1_777' title='bbox 2829 4911 3187 4964; x_wconf 90' lang='lat' dir='ltr'><strong>emicuerunt.</strong></span> <span class='ocrx_word' id='word_1_778' title='bbox 3246 4907 3447 4963; x_wconf 87' lang='lat' dir='ltr'><strong>Coacto</strong></span> <span class='ocrx_word' id='word_1_779' title='bbox 3510 4907 3716 4978; x_wconf 80' lang='lat' dir='ltr'><strong>HiSpali</strong></span> 
     </span>
    </p>
   </div>
   <div class='ocr_carea' id='block_1_110' title="bbox 2136 4998 3717 5072">
    <p class='ocr_par' dir='ltr' id='par_1_110' title="bbox 2136 4998 3717 5072">
     <span class='ocr_line' id='line_1_110' title="bbox 2136 4998 3717 5072; baseline -0.004 -12"><span class='ocrx_word' id='word_1_780' title='bbox 2136 5006 2367 5061; x_wconf 89' lang='lat' dir='ltr'><strong>concilio</strong></span> <span class='ocrx_word' id='word_1_781' title='bbox 2397 5002 2790 5072; x_wconf 84' lang='lat' dir='ltr'><strong>Aoepbaloruut</strong></span> <span class='ocrx_word' id='word_1_782' title='bbox 2832 5000 3077 5054; x_wconf 63' lang='lat' dir='ltr'><strong>haeresim</strong></span> <span class='ocrx_word' id='word_1_783' title='bbox 3111 4998 3376 5064; x_wconf 77' lang='lat' dir='ltr'><strong>Hispania:</strong></span> <span class='ocrx_word' id='word_1_784' title='bbox 3399 4998 3511 5066; x_wconf 87' lang='lat' dir='ltr'><strong>jam</strong></span> <span class='ocrx_word' id='word_1_785' title='bbox 3558 5002 3717 5056; x_wconf 79' lang='lat' dir='ltr'><strong>mini-</strong></span> 
     </span>
    </p>
   </div>
   <div class='ocr_carea' id='block_1_111' title="bbox 2140 5089 3712 5160">
    <p class='ocr_par' dir='ltr' id='par_1_111' title="bbox 2140 5089 3712 5160">
     <span class='ocr_line' id='line_1_111' title="bbox 2140 5089 3712 5160; baseline -0.001 -13"><span class='ocrx_word' id='word_1_786' title='bbox 2140 5103 2360 5157; x_wconf 87' lang='lat' dir='ltr'><strong>tantem,</strong></span> <span class='ocrx_word' id='word_1_787' title='bbox 2390 5093 2501 5148; x_wconf 90' lang='lat' dir='ltr'><strong>acri</strong></span> <span class='ocrx_word' id='word_1_788' title='bbox 2544 5099 2600 5146; x_wconf 90' lang='lat' dir='ltr'><strong>et</strong></span> <span class='ocrx_word' id='word_1_789' title='bbox 2645 5090 2919 5159; x_wconf 88' lang='lat' dir='ltr'><strong>eloquenti</strong></span> <span class='ocrx_word' id='word_1_790' title='bbox 2967 5089 3326 5158; x_wconf 86' lang='lat' dir='ltr'><strong>disputatione</strong></span> <span class='ocrx_word' id='word_1_791' title='bbox 3364 5089 3520 5158; x_wconf 89' lang='lat' dir='ltr'><strong>fregit</strong></span> <span class='ocrx_word' id='word_1_792' title='bbox 3549 5099 3712 5160; x_wconf 83' lang='lat' dir='ltr'><strong>atque</strong></span> 
     </span>
    </p>
   </div>
   <div class='ocr_carea' id='block_1_112' title="bbox 2137 5179 3712 5250">
    <p class='ocr_par' dir='ltr' id='par_1_112' title="bbox 2137 5179 3712 5250">
     <span class='ocr_line' id='line_1_112' title="bbox 2137 5179 3712 5250; baseline -0.002 -11"><span class='ocrx_word' id='word_1_793' title='bbox 2137 5185 2406 5240; x_wconf 87' lang='lat' dir='ltr'><strong>contrivit.</strong></span> <span class='ocrx_word' id='word_1_794' title='bbox 2431 5182 2656 5238; x_wconf 78' lang='lat' dir='ltr'><strong>Tantam</strong></span> <span class='ocrx_word' id='word_1_795' title='bbox 2682 5179 2822 5250; x_wconf 88' lang='lat' dir='ltr'><strong>apud</strong></span> <span class='ocrx_word' id='word_1_796' title='bbox 2850 5195 3038 5235; x_wconf 87' lang='lat' dir='ltr'><strong>omnes</strong></span> <span class='ocrx_word' id='word_1_797' title='bbox 3059 5179 3357 5233; x_wconf 83' lang='lat' dir='ltr'><strong>sanctitatis</strong></span> <span class='ocrx_word' id='word_1_798' title='bbox 3375 5188 3432 5234; x_wconf 88' lang='lat' dir='ltr'><strong>et</strong></span> <span class='ocrx_word' id='word_1_799' title='bbox 3454 5179 3712 5236; x_wconf 68' lang='lat' dir='ltr'><strong>doctrinm</strong></span> 
     </span>
    </p>
   </div>
   <div class='ocr_carea' id='block_1_113' title="bbox 2141 5267 3712 5340">
    <p class='ocr_par' dir='ltr' id='par_1_113' title="bbox 2141 5267 3712 5340">
     <span class='ocr_line' id='line_1_113' title="bbox 2141 5267 3712 5340; baseline -0.001 -12"><span class='ocrx_word' id='word_1_800' title='bbox 2141 5276 2332 5329; x_wconf 73' lang='lat' dir='ltr'><strong>tamam</strong></span> <span class='ocrx_word' id='word_1_801' title='bbox 2360 5274 2582 5340; x_wconf 88' lang='lat' dir='ltr'><strong>adeptus</strong></span> <span class='ocrx_word' id='word_1_802' title='bbox 2603 5281 2704 5335; x_wconf 89' lang='lat' dir='ltr'><strong>est,</strong></span> <span class='ocrx_word' id='word_1_803' title='bbox 2727 5280 2788 5324; x_wconf 88' lang='lat' dir='ltr'><strong>ut</strong></span> <span class='ocrx_word' id='word_1_804' title='bbox 2813 5270 2996 5337; x_wconf 88' lang='lat' dir='ltr'><strong>elapso</strong></span> <span class='ocrx_word' id='word_1_805' title='bbox 3022 5268 3105 5320; x_wconf 87' lang='lat' dir='ltr'><strong>vix</strong></span> <span class='ocrx_word' id='word_1_806' title='bbox 3129 5269 3196 5322; x_wconf 90' lang='lat' dir='ltr'><strong>ab</strong></span> <span class='ocrx_word' id='word_1_807' title='bbox 3219 5267 3334 5336; x_wconf 91' lang='lat' dir='ltr'><strong>ejus</strong></span> <span class='ocrx_word' id='word_1_808' title='bbox 3357 5270 3503 5325; x_wconf 88' lang='lat' dir='ltr'><strong>obitu</strong></span> <span class='ocrx_word' id='word_1_809' title='bbox 3529 5281 3712 5327; x_wconf 79' lang='lat' dir='ltr'><strong>sexto-</strong></span> 
     </span>
    </p>
   </div>
   <div class='ocr_carea' id='block_1_114' title="bbox 2139 5357 3709 5427">
    <p class='ocr_par' dir='ltr' id='par_1_114' title="bbox 2139 5357 3709 5427">
     <span class='ocr_line' id='line_1_114' title="bbox 2139 5357 3709 5427; baseline 0 -10"><span class='ocrx_word' id='word_1_810' title='bbox 2139 5366 2346 5420; x_wconf 82' lang='lat' dir='ltr'><strong>decimo</strong></span> <span class='ocrx_word' id='word_1_811' title='bbox 2401 5377 2561 5426; x_wconf 90' lang='lat' dir='ltr'><strong>anno,</strong></span> <span class='ocrx_word' id='word_1_812' title='bbox 2616 5361 2863 5415; x_wconf 88' lang='lat' dir='ltr'><strong>universa</strong></span> <span class='ocrx_word' id='word_1_813' title='bbox 2915 5357 3174 5411; x_wconf 83' lang='lat' dir='ltr'><strong>Toletana</strong></span> <span class='ocrx_word' id='word_1_814' title='bbox 3227 5358 3432 5427; x_wconf 85' lang='lat' dir='ltr'><strong>synodo</strong></span> <span class='ocrx_word' id='word_1_815' title='bbox 3479 5360 3709 5416; x_wconf 80' lang='lat' dir='ltr'><strong>duorum</strong></span> 
     </span>
    </p>
   </div>
   <div class='ocr_carea' id='block_1_115' title="bbox 2137 5449 3710 5523">
    <p class='ocr_par' dir='ltr' id='par_1_115' title="bbox 2137 5449 3710 5523">
     <span class='ocr_line' id='line_1_115' title="bbox 2137 5449 3710 5523; baseline -0.001 -15"><span class='ocrx_word' id='word_1_816' title='bbox 2137 5469 2298 5523; x_wconf 86' lang='lat' dir='ltr'><strong>supra</strong></span> <span class='ocrx_word' id='word_1_817' title='bbox 2323 5451 2710 5521; x_wconf 85' lang='lat' dir='ltr'><strong>quinquaginta</strong></span> <span class='ocrx_word' id='word_1_818' title='bbox 2739 5449 3111 5518; x_wconf 85' lang='lat' dir='ltr'><strong>episcoporum</strong></span> <span class='ocrx_word' id='word_1_819' title='bbox 3143 5449 3452 5517; x_wconf 83' lang='lat' dir='ltr'><strong>plaudente,</strong></span> <span class='ocrx_word' id='word_1_820' title='bbox 3483 5452 3710 5521; x_wconf 80' lang='lat' dir='ltr'><strong>ipsoque</strong></span> 
     </span>
    </p>
   </div>
   <div class='ocr_carea' id='block_1_116' title="bbox 2134 5537 3707 5610">
    <p class='ocr_par' dir='ltr' id='par_1_116' title="bbox 2134 5537 3707 5610">
     <span class='ocr_line' id='line_1_116' title="bbox 2134 5537 3707 5610; baseline 0 -14"><span class='ocrx_word' id='word_1_821' title='bbox 2134 5545 2295 5597; x_wconf 88' lang='lat' dir='ltr'><strong>etiam</strong></span> <span class='ocrx_word' id='word_1_822' title='bbox 2337 5549 2524 5598; x_wconf 86' lang='lat' dir='ltr'><strong>sancto</strong></span> <span class='ocrx_word' id='word_1_823' title='bbox 2565 5539 2834 5596; x_wconf 88' lang='lat' dir='ltr'><strong>lldefonso</strong></span> <span class='ocrx_word' id='word_1_824' title='bbox 2861 5537 3204 5605; x_wconf 77' lang='lat' dir='ltr'><strong>sullragante,</strong></span> <span class='ocrx_word' id='word_1_825' title='bbox 3236 5539 3426 5594; x_wconf 91' lang='lat' dir='ltr'><strong>doctor</strong></span> <span class='ocrx_word' id='word_1_826' title='bbox 3464 5544 3707 5610; x_wconf 83' lang='lat' dir='ltr'><strong>egregius</strong></span> 
     </span>
    </p>
   </div>
   <div class='ocr_carea' id='block_1_117' title="bbox 2136 5627 3704 5692">
    <p class='ocr_par' dir='ltr' id='par_1_117' title="bbox 2136 5627 3704 5692">
     <span class='ocr_line' id='line_1_117' title="bbox 2136 5627 3704 5692; baseline -0.003 -4"><span class='ocrx_word' id='word_1_827' title='bbox 2136 5633 2409 5688; x_wconf 73' lang='lat' dir='ltr'><strong>catholica:</strong></span> <span class='ocrx_word' id='word_1_828' title='bbox 2431 5630 2682 5686; x_wconf 72' lang='lat' dir='ltr'><strong>Ecclesiae</strong></span> <span class='ocrx_word' id='word_1_829' title='bbox 2721 5629 3066 5682; x_wconf 79' lang='lat' dir='ltr'><strong>novissimum</strong></span> <span class='ocrx_word' id='word_1_830' title='bbox 3095 5627 3278 5692; x_wconf 86' lang='lat' dir='ltr'><strong>decus,</strong></span> <span class='ocrx_word' id='word_1_831' title='bbox 3312 5629 3365 5683; x_wconf 90' lang='lat' dir='ltr'><strong>in</strong></span> <span class='ocrx_word' id='word_1_832' title='bbox 3389 5632 3704 5684; x_wconf 58' lang='lat' dir='ltr'><strong>seculorum</strong></span> 
     </span>
    </p>
   </div>
   <div class='ocr_carea' id='block_1_118' title="bbox 2141 5719 3702 5791">
    <p class='ocr_par' dir='ltr' id='par_1_118' title="bbox 2141 5719 3702 5791">
     <span class='ocr_line' id='line_1_118' title="bbox 2141 5719 3702 5791; baseline -0.001 -16"><span class='ocrx_word' id='word_1_833' title='bbox 2141 5726 2243 5782; x_wconf 89' lang='lat' dir='ltr'><strong>tiue</strong></span> <span class='ocrx_word' id='word_1_834' title='bbox 2271 5722 2626 5789; x_wconf 85' lang='lat' dir='ltr'><strong>doctissimus,</strong></span> <span class='ocrx_word' id='word_1_835' title='bbox 2660 5729 2716 5775; x_wconf 88' lang='lat' dir='ltr'><strong>et</strong></span> <span class='ocrx_word' id='word_1_836' title='bbox 2753 5734 2874 5775; x_wconf 88' lang='lat' dir='ltr'><strong>cum</strong></span> <span class='ocrx_word' id='word_1_837' title='bbox 2904 5719 3203 5776; x_wconf 81' lang='lat' dir='ltr'><strong>reverentia</strong></span> <span class='ocrx_word' id='word_1_838' title='bbox 3233 5720 3582 5774; x_wconf 87' lang='lat' dir='ltr'><strong>nominandus</strong></span> <span class='ocrx_word' id='word_1_839' title='bbox 3609 5736 3702 5791; x_wconf 64' lang='grc' dir='ltr'><strong>ενα</strong></span> 
     </span>
    </p>
   </div>
  </div>
