4012 6196
312 351 382 405 ,δ
1366 340 1773 397 ismontANA.
1817 368 1886 380 -
1927 337 2100 395 rans
2133 340 2170 395 t.
2217 342 2368 398 car.
2412 343 2527 401 xv.
2948 406 2951 413 ,
3511 350 3579 403 es

314 466 505 537 pellari
538 462 831 527 meruerit;
863 474 1092 530 eumque
1126 468 1341 516 sanctus
1366 460 1580 513 Rraulio
1605 475 1713 513 non
1739 457 1899 513 modo
1928 460 1977 515 Α
2006 455 2221 513 Danum
2260 476 2351 515 suo
2379 462 2577 515 muneri
2607 478 2709 515 non
2740 462 3013 533 defuerunt
3057 464 3167 535 99
3211 464 3582 533 postulatam,

312 557 580 627 Gregorio
622 554 814 622 Magno
868 554 1281 623 comparaverit,
1335 552 1431 608 sed
1483 561 1538 606 et
1590 550 1895 605 erudiendae

313 648 586 719 Hispania:
640 648 759 701 loco
787 644 975 701 Jacobi
1026 645 1256 715 apostoli
1303 646 1517 700 ctelitus
1545 644 1728 699 datum
1778 658 1899 699 esse

313 740 607 796 censuerit.

386 831 566 886 Lectio
595 846 668 885 γι.
706 861 777 872 —
822 848 841 880 ι
878 829 1102 899 Scripsit
1140 829 1373 883 Isidorus
1415 829 1580 883 libros
1620 828 1895 899 Etymolo-

315 925 546 990 giarum,
571 928 628 973 et
664 919 732 973 de
775 918 1163 974 Ecclesiasticis
1192 918 1412 985 Ofﬁciis,
1444 919 1683 986 aliosque
1711 934 1897 986 quam-

320 1013 582 1083 plurimos
605 1009 925 1065 Christiana:
963 1019 1018 1064 et
1045 1010 1419 1064 ecclesiastiezc
1444 1009 1736 1079 disciplina:
1763 1009 1899 1063 adeo

317 1105 493 1168 utiles,
522 1112 580 1157 ut
625 1112 842 1158 sanctus
888 1102 996 1157 Leo
1054 1118 1189 1171 papa
1236 1112 1457 1171 quartus
1503 1102 1568 1155 ad
1613 1101 1898 1170 episcopos

314 1194 608 1250 Britannim
634 1195 871 1249 scribere
911 1209 1020 1249 non
1043 1193 1388 1255 dubitaverit,
1423 1194 1559 1247 sicut
1587 1192 1897 1263 Hieronymi

314 1299 369 1343 et
421 1288 725 1355 Augustini,
762 1289 833 1341 ita
886 1287 1074 1341 lsidori
1121 1286 1262 1341 dicta
1311 1285 1587 1341 retinenda
1634 1301 1775 1352 esse,
1808 1286 1894 1338 ubi

312 1382 602 1449 contigerit
626 1380 936 1433 inusitatum
961 1379 1255 1445 negotium,
1270 1377 1411 1445 quod
1429 1393 1523 1446 per
1545 1392 1779 1431 canones
1801 1376 1899 1429 mi-

314 1472 459 1524 nime
488 1468 696 1523 deliniri
720 1468 908 1537 possit.
935 1465 1122 1521 Plures
1145 1469 1305 1521 etiam
1328 1482 1391 1521 ex
1425 1467 1661 1535 ejusdem
1686 1466 1898 1534 scriptis

310 1562 605 1618 sententia:
628 1562 769 1615 inter
797 1560 1085 1616 canonicas
1114 1559 1367 1614 Ecclesia:
1398 1560 1541 1625 leges
1570 1559 1751 1613 relata:
1770 1573 1900 1611 con-

310 1655 636 1723 spiciuntur.
667 1653 777 1723 98
817 1650 1035 1705 Praefuit
1075 1652 1304 1706 concilio
1348 1650 1609 1705 Toletano
1656 1666 1725 1713 tv,
1777 1665 1896 1702 om-

313 1745 458 1797 nium
490 1742 761 1811 Hispania:
788 1741 1163 1796 celeberrimo.
1196 1741 1435 1809 Denique
1464 1757 1584 1794 cum
1613 1740 1679 1792 ab
1706 1739 1894 1809 Hispa-

2001 550 2085 613 qni
2113 550 2335 604 collectis
2355 551 2579 621 undique
2610 552 2914 606 testimoniis
2941 554 3300 607 excellentiam
3330 556 3578 611 doctrina:

2002 638 2061 691 S.
2090 637 2280 692 Isidori
2300 642 2595 708 plrnissime
2630 642 3072 703 demonstrarunt.
3102 645 3241 697 edito
3270 647 3426 698 etiam
3444 649 3576 716 typis

2001 727 2250 797 suffragio
2294 730 2683 783 eminentissimi
2727 731 2922 783 domini
2967 731 3255 785 cardinalia
3312 733 3576 806 Beltugtc,

2001 833 2173 870 causa:
2218 817 2477 881 relatoris,
2519 821 2606 887 qui
2649 821 3124 876 animadversiones
3154 839 3183 875 a
3215 840 3296 876 me
3334 833 3585 895 tanquam

2002 907 2122 973 ﬁdei
2162 917 2452 976 promotore
2492 910 2679 978 factas,
2728 911 2874 961 docte
2912 910 2976 963 de
3002 927 3145 964 more
3183 914 3487 979 confutavit,
3526 924 3575 967 et

2000 1000 2149 1063 plura
2197 999 2398 1050 addidit
2435 1000 2490 1052 in
2531 999 3028 1053 commendationem
3072 1002 3278 1054 eximite
3322 1002 3575 1057 doctrina:

1999 1086 2227 1155 ejusdem
2256 1086 2319 1141 S.
2352 1085 2569 1141 Isidori.

2074 1178 2160 1231 iO.
2207 1177 2360 1244 Quod
2397 1180 2439 1233 si
2468 1169 2724 1234 lectiones
2766 1180 2823 1235 8.
2869 1180 3058 1235 lsidori
3105 1179 3173 1233 ad
3222 1182 3579 1236 vetustissima

2002 1277 2349 1323 monumenta
2378 1269 2654 1335 exigenda:
2683 1277 2886 1332 essent,
2920 1269 3024 1323 illis
3055 1268 3231 1338 potius
3263 1269 3336 1322 uti
3366 1278 3581 1339 pra-sta-

2002 1366 2104 1423 ret,
2155 1373 2276 1426 quze
2343 1360 2397 1413 in
2451 1359 2641 1413 ofﬁciis
2693 1361 2923 1429 propriis
2978 1370 3284 1415 sanctorum
3340 1362 3582 1415 ecclesiae

2002 1446 2293 1513 Toletanm,
2324 1449 2478 1501 editis
2509 1449 2701 1502 Matriti
2742 1465 2809 1503 ex
2858 1452 3211 1520 typographia
3244 1450 3386 1515 regia
3419 1448 3574 1510 i618,

2002 1546 2231 1601 exstant,
2274 1540 2477 1593 sciliCet
2511 1558 2523 1591 :

2072 1628 2139 1681 In
2180 1630 2401 1684 secundo
2451 1642 2701 1685 nocturno
2744 1648 2809 1684 ex
2838 1630 3052 1685 Brautio
3080 1630 3575 1701 Cmaraugustano,

2001 1730 2048 1773 et
2098 1719 2367 1791 lt'defonso
2414 1720 2663 1775 Toletano
2707 1722 3126 1791 archiepiscopis,
3178 1732 3227 1776 et
3291 1722 3580 1793 Redempto

312 1836 399 1889 nia
448 1834 703 1887 Arianam
760 1833 1003 1885 hzercsim
1064 1833 1415 1899 eliminasset,
1471 1841 1645 1886 morte
1696 1846 1792 1885 sua
1839 1840 1892 1884 et

2009 1809 2195 1863 fsidori
2241 1811 2514 1880 discipulo,
2560 1820 2711 1879 atque
2749 1827 2814 1864 ea;
2849 1812 2962 1880 ipso
3007 1810 3232 1877 Isidoro,
3277 1823 3327 1867 et
3357 1815 3579 1867 concilio

311 1926 463 1993 regni
498 1924 800 1979 vastatione
830 1939 859 1978 a
888 1924 1283 1977 Saracenorum
1326 1922 1491 1977 armis
1519 1922 1730 1992 publice
1763 1936 1894 1988 prie-

311 2017 579 2077 nuntiata,
601 2022 882 2082 postquam
913 2013 1264 2081 quadraginta
1293 2013 1507 2067 circiter
1535 2028 1703 2067 annos
1745 2027 1895 2066 suam

311 2104 545 2159 rexisset
581 2102 889 2164 ecclesiam,
925 2100 1126 2171 Hispali
1159 2102 1407 2170 migravit
1437 2102 1490 2155 in
1520 2101 1713 2157 caelum
1754 2116 1897 2154 anno

310 2194 712 2249 sexcentesimo
763 2192 1040 2260 trigesimo
1095 2201 1269 2246 sexto.
1329 2190 1454 2260 Ejus
1509 2206 1704 2259 corpus
1761 2192 1900 2244 inter

312 2284 615 2338 mandrum
659 2284 899 2345 fratrem,
930 2290 985 2337 et
1004 2280 1371 2335 Florentinam
1408 2296 1670 2345 sororem,
1693 2267 1761 2335 ἰιι
1787 2282 1900 2349 ipse

310 2375 685 2441 mandaverat,
728 2376 902 2445 primo
932 2374 1227 2435 conditum.
1269 2373 1638 2429 Ferdinandus
1674 2376 1895 2444 primus,

309 2471 561 2526 Castellte
589 2476 643 2523 et
672 2468 923 2538 Legionis
961 2483 1078 2534 rex,
1108 2468 1177 2523 ab
1205 2466 1374 2522 Eneto
1395 2466 1665 2521 Saraceno
1696 2466 1899 2537 llispali

311 2562 628 2615 dominante
699 2572 896 2627 nugae
964 2559 1140 2628 pretio
1221 2558 1556 2627 redemptum
1610 2556 1900 2626 Legionem

311 2650 624 2715 transtulit,
664 2656 721 2703 et
765 2648 817 2702 in
848 2647 965 2718 ejus
996 2647 1257 2702 honorem
1292 2646 1550 2715 templum
1580 2646 1902 2700 mdificatum

309 2748 414 2802 est,
462 2732 556 2793 ubi
604 2737 873 2792 miraculis
922 2737 1098 2792 clarus
1143 2751 1335 2807 magna
1386 2736 1569 2807 populi
1616 2736 1902 2791 devotione

311 2831 528 2884 colitur.
582 2848 602 2881 ι
1144 2877 1149 2881 ,

383 2925 438 2979 8.
468 2923 796 2979 Concessum
822 2923 921 2977 fuit
941 2920 1175 2979 officium
1196 2922 1254 2977 S.
1281 2922 1468 2978 lsidori
1487 2922 1741 2993 episcopi,
1772 2938 1901 2978 con-

314 3014 534 3071 fessoris
560 3024 617 3070 et
644 3015 903 3080 doctoris,
929 3030 1051 3069 cum
1078 3014 1161 3069 his
1188 3013 1509 3068 lectionibus
1534 3030 1630 3082 pro
1655 3013 1901 3068 universa

314 3107 556 3163 Ecclesia
577 3104 1095 3161 ablnnocentioXlll
1115 3105 1201 3159 die
1226 3104 1297 3158 25
1313 3105 1508 3175 Aprilis
1528 3104 1683 3172 {79.2,
1708 3104 1774 3160 de
1793 3120 1900 3174 quo

1999 1900 2300 1971 Hispalensi
2330 1917 2386 1964 ιι,
2415 1917 2531 1970 cap.
2570 1900 2655 1955 12.

2070 2016 2157 2068 il.
2218 2014 2392 2069 Lectio
2423 2033 2495 2069 tv.
2530 2048 2602 2057 —-
2646 2034 2664 2067 ι
2717 2015 2951 2072 Isidorus
3005 2018 3223 2071 natione
3278 2015 3573 2085 Hispanus,

1999 2114 2153 2175 patre
2204 2106 2495 2161 Severiano
2543 2106 2833 2174 provincia:
2881 2105 3360 2173 Carthaginensis,
3406 2113 3581 2157 matre

2000 2199 2229 2253 Turtnra
2260 2206 2411 2252 ortus
2441 2208 2542 2253 est.
2574 2198 2618 2250 Α
2663 2198 2863 2253 sanctis
2908 2199 3034 2251 viris
3074 2197 3321 2251 Leandro
3367 2196 3577 2250 archie—

1999 2292 2221 2361 piscopo
2247 2288 2571 2360 Hispalensi,
2593 2298 2646 2345 et
2672 2288 2953 2357 Fulgentio
2974 2289 3230 2358 episcopo
3255 2287 3575 2355 Astigitano,

2000 2382 2254 2437 fratribus
2279 2382 2409 2446 suis,
2442 2389 2629 2435 sancte
2654 2388 2708 2435 et
2737 2379 3031 2434 liberaliter
3056 2379 3333 2443 educatus,
3365 2377 3574 2443 Latine,

2000 2475 2185 2532 Grmce
2223 2482 2387 2545 atque
2414 2472 2680 2528 Hebraice
2708 2471 2921 2534 doctus,
2972 2471 3024 2525 in
3056 2470 3295 2525 omnium
3344 2470 3584 2539 discipli-

2004 2582 2192 2622 narum
2221 2580 2420 2634 genere
2442 2566 2693 2620 eximiam
2724 2564 3042 2619 eruditionis
3070 2564 3282 2618 landem
3314 2578 3576 2618 consecu-

2003 2666 2090 2712 tus
2118 2665 2221 2714 est.
2254 2655 2584 2711 Adolescens
2611 2669 2733 2710 cum
2776 2662 2918 2710 esset
2944 2654 3139 2717 adhuc,
3190 2653 3442 2706 Arianam
3475 2654 3582 2706 hie-

2004 2747 2169 2811 resin,
2215 2760 2375 2816 quam
2423 2743 2722 2800 Gothorum
2753 2758 2901 2797 arma
2932 2743 2985 2798 in
3026 2741 3334 2813 Hispaniam
3366 2742 3583 2796 invexe-

2003 2847 2145 2904 rant,
2175 2845 2479 2907 serpentem
2510 2836 2750 2905 quotidie
2776 2835 2955 2900 latius,
2983 2850 3047 2891 ea
3089 2836 3337 2890 libertate
3367 2844 3421 2889 ct
3449 2851 3583 2890 con-

2005 2932 2201 2983 stantia
2232 2928 2412 2996 palam
2458 2927 2848 2993 insectabatur,
2883 2935 2942 2981 ut
2980 2941 3169 2995 parum
3196 2927 3424 2980 abfuerit
3451 2927 3579 2994 quin

2007 3020 2074 3075 ab
2116 3019 2326 3073 Arianis
2372 3025 2679 3072 necaretur.
2729 3016 2773 3069 A
2821 3017 3011 3085 quibus
3055 3016 3200 3071 onmi
3232 3015 3585 3086 persuaderi-ti

2007 3107 2233 3164 artiﬁcio
2260 3108 2501 3162 adhibito
2530 3116 2732 3162 tentata
2758 3105 2873 3174 ejus
2919 3106 3050 3161 fides
3080 3105 3441 3175 nequidquam
3484 3116 3584 3158 est.

314 3199 483 3254 videri
507 3206 685 3267 potest
709 3196 1023 3253 Benedictus
1038 3194 1176 3262 XIV,
1201 3194 1235 3248 I.
1270 3211 1321 3249 tv
1350 3173 1416 3250 de
1438 3194 1651 3259 Beatif.,
1674 3173 1822 3265 part.
1840 3212 1896 3260 ιι.
1927 3173 1977 3236 (ἶ
2008 3201 2251 3257 Leandro
2280 3201 2441 3269 igitur
2468 3199 2574 3253 vita
2607 3173 2809 3260 functo,
2856 3197 3086 3255 Isidorus
3117 3173 3258 3263 regis
3290 3173 3585 3249 Reccaredi

315 3306 437 3360 cap.
472 3290 563 3354 il,
612 3304 759 3342 num.
817 3284 915 3351 15,
973 3287 1065 3356 qui
1121 3287 1385 3341 rationem
1429 3286 1575 3339 addit
1616 3304 1629 3339 :
1679 3286 1903 3341 Sanctus

318 3383 502 3452 quippe
554 3381 633 3432 hic
675 3380 789 3449 jam
831 3390 1073 3447 tanquam
1101 3377 1281 3431 doctor
1325 3377 1588 3431 colebatur
1633 3380 1687 3430 in
1729 3380 1899 3447 regnis

326 3469 720 3538 Hispaniarum,
750 3476 800 3520 et
825 3468 878 3520 in
916 3465 1166 3520 Ecclesiis
1191 3466 1481 3529 insularum
1503 3479 1553 3520 et
1593 3469 1902 3521 continentis

322 3557 598 3611 ludiarum
629 3557 735 3627 regi
765 3555 1015 3610 catholico
1058 3555 1402 3624 subjectarum
1421 3596 1434 3617 ,
1477 3572 1540 3609 ea:
1568 3558 1751 3609 litteris
1777 3574 1903 3625 apo-

318 3648 521 3702 stolicis
562 3644 794 3716 Gregorii
822 3642 999 3708 XIII,
1036 3646 1125 3699 ubi
1173 3645 1294 3699 haec
1327 3646 1577 3699 habentur
1616 3647 1680 3699 de
1726 3648 1901 3716 ofﬁcio

322 3740 380 3792 S.
415 3738 613 3792 Iaidori
656 3754 675 3790 :
722 3736 855 3789 Item
887 3738 1137 3806 festivitas
1190 3736 1249 3793 S.
1296 3735 1487 3790 lsidori
1531 3737 1901 3805 archiepiscopi

322 3828 674 3899 llispalensis,
715 3844 808 3898 pro
837 3844 936 3896 quo
978 3827 1256 3881 celebretur
1295 3828 1527 3897 ofﬁcium
1566 3827 1811 3891 doctoris,
1854 3838 1903 3881 et

320 3921 559 3973 recitatur
586 3917 749 3972 Credo
773 3921 823 3971 in
852 3918 1193 3971 celebratione
1221 3920 1413 3985 missar,
1442 3927 1544 3973 etc.

388 4016 442 4069 9.
484 4012 738 4079 Quaedam
778 4013 831 4066 in
871 4013 955 4066 his
982 4012 1301 4066 lectionibus
1331 4012 1648 4075 traduntur,
1688 4026 1807 4079 qua:
1836 4027 1903 4067 ex

318 4104 683 4157 monumentis
725 4101 1120 4172 antiquioribus
1160 4109 1215 4155 et
1251 4101 1397 4155 aetati
1442 4101 1499 4155 S.
1540 4101 1730 4155 Isidori
1775 4118 1903 4170 pro-

319 4196 693 4269 pinquioribus
719 4212 829 4252 non
854 4204 1142 4260 constant;
1172 4195 1376 4250 scilicet
1401 4194 1542 4264 quod
1581 4194 1905 4251 Severianus

319 4298 473 4357 pater
494 4288 549 4341 8.
576 4287 760 4342 lsidori
784 4287 892 4341 dux
914 4287 1075 4342 fuerit
1098 4286 1385 4355 provincia:
1407 4284 1902 4354 Carthaginiensis;

321 4383 466 4453 quod
514 4383 825 4451 Fulgentius
863 4382 1360 4450 Carthaginiensem
1407 4380 1778 4450 episcopatum
1820 4388 1904 4436 te-

321 4473 499 4526 nuerit
518 4489 532 4535 ;
558 4471 702 4542 quod
725 4471 938 4526 Braulio
952 4471 1054 4525 sub
1066 4470 1343 4538 disciplina
1366 4469 1554 4525 lsidori
1577 4471 1867 4541 profecerit
1888 4490 1903 4526 :

2007 3293 2305 3358 voluntate,
2349 3300 2404 3346 et
2448 3289 2707 3359 singulari
2759 3287 3093 3358 Hispalensis
3140 3285 3319 3355 populi
3384 3285 3586 3346 laetitia,

2007 3396 2288 3437 successor
2317 3381 2370 3434 in
2416 3381 2755 3449 episcopatu,
2786 3377 2876 3431 diu
2927 3376 3260 3445 multumque
3288 3386 3588 3442 repugnans

2005 3476 2237 3545 eligitur.

2076 3564 2255 3619 Lectio
2291 3580 2347 3618 ν.
2376 3595 2449 3606 -
2478 3582 2495 3615 ι
2534 3561 2781 3617 Pontifex
2828 3561 3019 3625 factus,
3063 3559 3369 3626 intelligens
3411 3571 3470 3610 se
3517 3555 3581 3608 al

2007 3674 2161 3723 onus,
2191 3673 2297 3711 non
2320 3656 2386 3709 ad
2410 3657 2671 3709 honorem
2692 3662 2963 3717 vocatum,
2989 3650 3180 3703 mirum
3204 3658 3303 3713 est,
3327 3657 3586 3716 quantum

2006 3751 2243 3805 omnium
2272 3749 2527 3803 virtutum
2557 3744 2874 3799 excellentia
2922 3750 2977 3795 et
3015 3741 3300 3810 singularis
3328 3740 3586 3793 doctrina:

2007 3841 2315 3915 praestantia
2348 3842 2651 3893 universam
2675 3834 2989 3905 Hispaniam
3016 3832 3387 3889 illustraverit.
3418 3830 3588 3883 Disci-

2007 3935 2161 4005 pulos
2188 3934 2388 3987 multos
2416 3929 2662 3993 instituit,
2694 3928 2748 3981 in
2778 3942 3006 3995 quorum
3040 3939 3265 3978 numero
3291 3920 3590 3975 lldefunsus

2009 4026 2127 4091 fuit,
2161 4023 2436 4078 Toletaoze
2465 4020 2710 4076 ecclesia:
2751 4027 2937 4087 pestea
2981 4015 3435 4083 archiepiscopus.
3466 4010 3590 4062 Elo-

2007 4115 2227 4187 qtentia
2253 4113 2352 4167 fuit
2380 4109 2698 4166 admirabili.
2736 4106 3120 4161 Monacborum
3146 4103 3384 4172 regulam
3409 4100 3584 4155 durio-

2008 4222 2120 4261 rem
2170 4204 2509 4274 temperavit,
2552 4209 2608 4255 et
2650 4198 2982 4254 infirmorum
3015 4193 3369 4250 imbecillitati
3408 4192 3587 4245 mitio-

2010 4314 2123 4353 rem
2163 4296 2415 4352 reddidit.
2465 4291 2723 4347 Conciliis
2750 4288 3053 4358 Hispalensi
3096 4302 3130 4339 ιι
3162 4293 3216 4341 et
3243 4283 3505 4338 Toletano
3534 4296 3585 4335 tv

2011 4388 2237 4461 praefuit,
2291 4389 2345 4441 in
2391 4385 2586 4454 quibus
2630 4382 2697 4436 ad
2748 4377 3121 4436 constituenda
3170 4375 3290 4430 lidei
3334 4373 3586 4441 dogmata

2012 4478 2188 4548 magni
2231 4492 2447 4546 semper
2493 4475 2591 4529 luit
2617 4471 2873 4542 ponderis
2913 4469 3103 4524 lsidori
3130 4466 3417 4523 sententia.
3449 4462 3581 4518 Grec

320 4564 463 4632 quod
504 4563 647 4617 idem
696 4562 912 4617 Braulio
941 4570 1130 4616 auctor
1174 4561 1245 4615 sit
1297 4562 1713 4629 comparationis
1764 4563 1903 4618 inter
1939 4547 1986 4603 ί)
2009 4570 2217 4637 gorinm
2248 4564 2532 4634 quemdam
2562 4562 2756 4633 Syrum
2786 4561 3122 4630 episcOpum,
3157 4555 3591 4625 Arephalitarum

319 4655 639 4723 Gregorium
662 4653 933 4722 Magnum,
954 4654 1043 4721 qui
1065 4652 1223 4707 Petro
1245 4654 1521 4715 successit,
1552 4663 1606 4708 et
1620 4652 1900 4721 lsidorum,

319 4751 412 4821 qui
440 4748 647 4803 Iacobo
678 4744 923 4817 apostolo
962 4748 1016 4800 in
1054 4746 1345 4801 erudienda
1374 4744 1631 4814 Hispania
1656 4789 1670 4811 ,
1703 4747 1771 4802 de
1797 4762 1903 4815 qua

322 4858 447 4912 cap.
478 4841 531 4906 4,
562 4842 671 4896 dixi
699 4858 714 4906 ;
746 4838 891 4909 quod
928 4838 1195 4908 Hispania;-
1224 4838 1579 4891 vastationem
1608 4852 1639 4890 a
1670 4838 1901 4893 Sarace-

322 4950 517 4991 norum
561 4933 725 4987 armis
753 4931 963 5001 publice
1000 4929 1484 5000 praenuntiaverit:
1536 4927 1680 4999 quod
1706 4945 1903 4997 corpus

321 5047 480 5088 suum
523 5032 665 5084 inter
721 5024 1021 5080 Leandrum
1066 5022 1284 5077 fratrem
1323 5030 1379 5075 et
1420 5021 1786 5076 Florentinam
1816 5038 1905 5075 so-

324 5136 503 5175 rorem
534 5118 693 5175 condi
721 5116 1075 5181 mandaverit,
1103 5122 1164 5167 ut
1202 5113 1306 5167 alia
1335 5114 1580 5187 omittam
1609 5112 1677 5167 de
1700 5113 1900 5167 contir-

324 5215 587 5276 matione,
636 5210 821 5282 pallio,
869 5218 925 5263 et
974 5208 1158 5262 vicarii
1205 5206 1486 5276 apostolici
1540 5222 1780 5259 munere.
1832 5207 1909 5260 De

323 5305 523 5377 quibus
566 5302 818 5357 omnibus
843 5301 954 5368 agit
980 5299 1253 5355 Florezius
1282 5306 1414 5353 tom.
1463 5296 1533 5351 IX
1560 5296 1709 5367 llisp.
1741 5312 1904 5361 sacr.,

323 5410 452 5467 pag.
490 5394 628 5454 193;
670 5401 727 5448 et
760 5391 1082 5447 Benedictus
1117 5390 1357 5461 pontifex
1401 5385 1538 5452 XIV,
1570 5388 1660 5456 qui
1691 5403 1907 5456 promo-

325 5488 461 5541 toris
491 5484 615 5538 fidei
642 5498 865 5537 munere
905 5491 1033 5536 tunc
1061 5480 1411 5549 iungebatur,
1451 5494 1573 5534 cum
1602 5479 1717 5533 haec
1744 5493 1906 5533 causa

326 5575 516 5631 Roma:
536 5576 735 5643 agitata
764 5583 865 5638 est,
884 5572 1263 5641 responsiones
1292 5571 1681 5638 postulatorum
1703 5578 1758 5624 et
1785 5584 1907 5624 car-

324 5669 523 5723 dinalis
572 5666 801 5735 Bclluga:
841 5673 1027 5720 contra
1066 5679 1190 5718 suas
1234 5661 1726 5717 animadversiones
1754 5678 1907 5716 com-

325 5758 547 5813 mendat
591 5759 625 5811 1.
660 5773 709 5811 tv
756 5756 819 5811 de
848 5756 1039 5811 Beatif.
1072 5765 1210 5824 part.
1245 5771 1300 5822 ιι,
1352 5770 1471 5826 cap.
1510 5754 1590 5821 il,
1638 5770 1781 5808 nttm.
1820 5752 1902 5809 15.

2014 4658 2201 4714 haeresi
2250 4656 2527 4719 infectum,
2573 4654 2687 4722 ipsa
2729 4652 2782 4705 in
2811 4649 3019 4720 synodo
3050 4646 3348 4716 liispalensi
3385 4645 3593 4712 gravis-

2011 4755 2147 4808 sime
2193 4746 2505 4810 confutavit,
2548 4754 2604 4800 et
2646 4744 2712 4798 ad
2756 4743 3033 4797 meliorem
3079 4750 3312 4795 mentem
3355 4738 3588 4791 reduxit.

2013 4842 2209 4899 Sedem
2246 4840 2401 4909 100
2445 4836 2793 4905 apostolicam
2832 4833 3030 4887 eximia
3071 4830 3373 4885 reverentia
3403 4826 3589 4890 coluit,

2014 4936 2081 4989 de
2125 4933 2279 5001 cujus
2329 4938 2594 4999 potestate
2637 4935 2801 4995 atque
2834 4924 3141 4980 obedientia
3179 4923 3245 4975 ad
3291 4920 3587 4987 Eugenium

2013 5024 2330 5079 Toletanutn
2347 5016 2809 5085 archiepiscopum
2829 5006 3087 5076 scribens,
3102 5011 3272 5065 sic.ait
3296 5028 3308 5062 :
3335 5007 3591 5077 llujusdi-

2013 5118 2188 5188 gnitas
2208 5111 2489 5184 potestatis
2501 5108 2603 5164 etsi
2615 5106 2682 5161 ad
2695 5121 2882 5162 omnes
2905 5104 3294 5161 catholicorum
3309 5101 3591 5169 episcopos

2013 5218 2095 5264 est
2146 5204 2443 5271 transfusa,
2499 5200 2785 5271 specialius
2839 5208 3017 5252 tamen
3069 5197 3315 5251 Romano
3364 5188 3589 5245 antistiti

2012 5298 2266 5368 singulari
2315 5295 2547 5364 quodam
2601 5290 2911 5361 privilegio,
2967 5288 3114 5343 velut
3165 5285 3324 5355 capiti
3379 5279 3588 5334 (ωιει-ίε

2016 5390 2271 5446 membris
2308 5387 2523 5441 celsiori
2566 5391 2843 5452 permanet
2870 5382 2923 5436 in
2968 5391 3227 5436 aeternum
3262 5396 3275 5431 :
3306 5376 3396 5444 qui
3426 5375 3591 5441 igitur

2014 5484 2249 5537 debitatn
2291 5482 2341 5534 ei
2385 5495 2491 5532 non
2536 5476 2756 5532 exhibet
2784 5483 3093 5530 reverenter
3131 5470 3514 5535 obedientiam,
3558 5482 3590 5521 a

2013 5576 2188 5642 capite
2223 5571 2532 5640 sejunctus,
2577 5567 3013 5637 Acephalitarum
3054 5563 3343 5619 schismate
3374 5560 3494 5629 (sic)
3524 5572 3586 5613 se

2014 5663 2189 5718 reddit
2217 5659 2532 5717 obnoxium.

2097 5754 2267 5809 Lectio
2300 5770 2369 5808 vr.
2404 5783 2468 5792 —-
2517 5769 2534 5801 ι
2572 5749 2747 5805 Multis
2794 5750 2964 5815 iisque
3021 5743 3288 5815 prmclaris
3337 5743 3389 5796 in
3443 5738 3583 5796 omni
