4028 6200
429 354 496 407 87

1167 349 1253 403 Al)
1291 346 1517 402 OPERA
1559 346 1618 402 S.
1660 342 1904 400 ISIDOBI
1947 338 2381 396 HISPALENSIS
2425 340 2949 399 PHOLEGOMENA.

426 467 722 522 divinarum
751 467 1214 533 humanarumque
1238 465 1538 519 litterarum
1567 475 1764 530 genere
1796 453 2000 527 proprii
2033 460 2073 509 Α
2113 453 2267 522 102
2285 452 2367 505 Ad
2389 451 2577 533 Manu.
2611 454 2703 509 Sol
2729 456 2797 533 ab
2828 468 3024 510 occasu
3051 468 3247 533 roseos
3263 452 3329 533 ad
3355 460 3532 514 ortus.

426 560 621 626 ingenii
669 559 1032 613 monumentis
1074 573 1179 611 non
1210 570 1401 625 parum
1447 553 1809 609 Christianam
1840 549 2002 604 disci-

426 649 629 718 plinam
678 650 857 713 auxit,
902 658 958 703 et
983 648 1212 702 ornavit.
1246 646 1543 701 Ecclesiam
1590 659 1741 697 suam
1768 640 2001 714 quadra-

425 739 571 803 ginta
620 735 787 792 ferme
826 751 998 791 annos
1034 737 1370 792 sanctissime
1421 734 1579 788 rexit.
1631 730 2003 785 Imminentem

426 829 527 882 sibi
572 837 800 882 mortem
843 828 1013 882 multo
1043 838 1168 881 ante
1198 826 1521 895 praevidens,
1555 839 1653 893 per
1672 838 1767 878 sex
1792 835 2005 875 menses

425 919 687 987 orationi,
732 919 1066 988 pmnitentim
1116 934 1178 973 ac
1223 916 1604 972 misericordiae
1644 913 1897 984 operibus
1945 926 2007 967 se

427 1009 575 1065 dedit
612 1010 907 1069 ardentius.
954 1009 1109 1062 Morti
1155 1023 1285 1061 vero
1321 1007 1598 1077 proximus
1640 1006 1691 1059 in
1730 1004 2005 1059 basilicam

425 1100 483 1155 S.
545 1100 810 1154 Vincentii
852 1098 1094 1163 delatus,
1142 1098 1209 1153 ab
1250 1095 1477 1166 Eparcio
1537 1107 1589 1150 et
1634 1092 1842 1148 Joanne
1893 1092 2006 1160 epi-

425 1192 642 1260 scopis,
687 1206 824 1259 quos
874 1205 938 1244 ea
969 1189 1035 1245 de
1081 1204 1243 1245 causa
1289 1189 1355 1242 ad
1400 1202 1461 1243 se
1503 1194 1785 1252 evocarat,
1832 1183 2007 1239 cilicio

424 1283 667 1343 indutus,
697 1296 760 1336 ac
787 1280 967 1335 cinere
995 1295 1335 1349 conspersus,
1368 1292 1565 1347 corpus
1599 1288 1652 1332 et
1692 1276 2005 1344 sanguinem

424 1373 639 1430 Domini
684 1373 751 1428 de
804 1387 989 1427 eorum
1043 1387 1206 1427 manu
1252 1370 1399 1425 humi
1425 1375 1724 1438 prostratus
1777 1366 2003 1435 accepit.

426 1464 645 1519 Publice
675 1464 888 1519 veniam
919 1479 949 1517 a
978 1464 1178 1532 populo
1208 1469 1431 1533 petens,
1463 1467 1809 1526 mutuamque
1836 1456 2010 1510 omni-

430 1556 533 1610 bus
583 1556 900 1611 charitatem
950 1554 1370 1619 commendans,
1434 1550 1593 1605 bonis
1646 1548 1897 1603 omnibus
1954 1546 2006 1601 in

427 1661 693 1716 pauperes
713 1646 1034 1710 distributis,
1058 1659 1262 1714 pauper
1290 1643 1404 1712 ipse
1424 1640 1633 1710 spiritu,
1647 1648 1702 1693 et
1730 1638 1781 1692 in
1797 1637 2010 1692 Christo

428 1736 576 1792 dives
616 1745 807 1806 quarto
855 1745 979 1806 post
1027 1736 1145 1800 die,
1188 1723 1403 1788 dierum
1428 1776 1443 1799 ,
1488 1748 1551 1787 ac
1578 1730 1841 1785 bonorum
1880 1742 2012 1798 ope-

431 1841 548 1878 rum
598 1827 789 1894 plenus
842 1825 1089 1893 migravit
1136 1826 1201 1877 ad
1266 1824 1548 1877 Dominum
1604 1821 1777 1890 pridie
1830 1818 2011 1874 Nonas
2044 1818 2088 1877 Β

427 1917 659 1986 Aprilis;
689 1915 1037 1986 sepultusque
1074 1924 1157 1969 est
1184 1914 1405 1984 Hispali.
1448 1912 1561 1980 Qua
1585 1911 1800 1966 civitate
1829 1925 1859 1963 a
1885 1910 2009 1964 bar-

428 2005 573 2060 baris
593 2013 871 2074 occupata,
891 2021 921 2059 a
944 2005 1221 2060 Benabeto
1268 2004 1383 2072 ejus
1421 2017 1548 2071 rege
1584 2002 1854 2055 Saraceno
1885 1999 2010 2054 Fer-

429 2095 695 2151 dinandus
722 2095 761 2160 l,
788 2095 1035 2151 Castellze
1063 2110 1127 2150 ac
1171 2094 1421 2162 Legionis
1449 2109 1566 2157 rex,
1592 2092 1797 2160 magnis
1824 2105 2016 2144 mune-

429 2186 578 2242 ribus
605 2186 792 2242 Isidori
822 2202 1018 2257 corpus
1048 2186 1371 2256 impetravit,
1407 2185 1805 2254 Legionemque
1834 2191 2015 2236 trans-

429 2277 554 2331 tulit
586 2296 599 2330 :
632 2276 686 2332 in
735 2278 937 2347 templo
970 2278 1080 2331 Deo
1123 2276 1241 2345 ejus
1268 2276 1486 2330 nomine
1512 2274 1693 2329 dicato
1723 2272 2017 2327 honoriﬁce

430 2369 730 2424 collocavit.
785 2368 1056 2422 Miraculis
1103 2376 1158 2421 et
1186 2368 1342 2421 vivus
1387 2366 1579 2420 claruit
1625 2373 1682 2418 et
1731 2372 2013 2427 mortuus,

431 2461 703 2527 multaque
731 2460 781 2514 in
814 2460 1116 2513 universam
1142 2458 1452 2527 Hispaniam
1476 2454 1973 2511 contulitbeneiicia
2000 2472 2014 2508 :

431 2566 680 2620 sameque
705 2550 1023 2605 Christianis
1050 2550 1265 2618 regibus
1305 2548 1420 2617 ejus
1460 2562 1620 2617 opem
1659 2540 1846 2602 centra
1897 2549 2018 2601 bar-

433 2637 593 2696 baros
622 2641 1030 2710 implorantibus
1058 2648 1252 2709 przesto
1281 2638 1399 2693 fuit.
1438 2658 1457 2690 ›

503 2731 589 2787 12.
637 2731 876 2803 Hymnos
929 2732 983 2786 in
1012 2731 1223 2787 laudem
1270 2730 1328 2787 S.
1375 2730 1567 2785 Isidori
1620 2744 1686 2785 ex
1726 2729 2019 2786 Breviariis

434 2824 670 2894 antiquis
700 2839 806 2878 non
836 2823 1038 2878 multos
1067 2823 1224 2879 video
1253 2821 1539 2876 celebrari.
1568 2820 1625 2875 In
1653 2818 1857 2876 Ofﬁciis
1886 2837 2016 2891 pro-

436 2913 565 2983 priis
617 2922 926 2970 sanctorum
983 2913 1243 2970 Ecclesiae
1297 2913 1625 2983 Hispalensis
1680 2929 1825 2969 anno
1878 2913 2017 2969 1659

440 3004 650 3059 excusis
680 3005 733 3058 bi
764 3013 891 3060 sunt
919 3005 1100 3075 hymni
1133 3005 1184 3059 in
1213 3004 1349 3059 festo
1379 3005 1465 3059 die
1492 3002 1551 3064 S.
1583 3001 1792 3059 Isidori.

1036 3093 1264 3150 CAPUT
1302 3094 1413 3149 XV.

642 3188 794 3261 101
828 3186 1367 3261 Ofﬁciihﬂisgalensis
1397 3188 1574 3261 hymni
1598 3191 1653 3243 in
1684 3190 1816 3258 festo

994 3258 1082 3312 die
1131 3258 1191 3312 S.
1233 3256 1449 3312 Isidori.

1085 3368 1370 3411 EYMNUS.

442 3450 527 3507 1⁸5.
551 3452 631 3506 Ad
648 3451 801 3523 Vesp.
822 3452 1009 3534 gentis
1038 3451 1287 3534 Hispanae
1318 3449 1479 3534 Pater
1504 3458 1667 3534 atque
1698 3449 1911 3533 doctor,

832 3522 998 3591 Digna
1030 3519 1270 3583 praeclari
1298 3521 1516 3576 soboles
1543 3519 1760 3584 Severi,

834 3591 1286 3663 DigneiLeandri,
1316 3590 1613 3660 similisque
1637 3598 1822 3644 sancta

1009 3662 1193 3717 Indole
1220 3661 1409 3728 frater,

835 3752 967 3805 Dum
999 3760 1118 3807 tuas
1146 3759 1297 3807 curat
1323 3765 1479 3805 soror
1505 3751 1644 3804 alma
1671 3764 1856 3815 cunas,

836 3820 1032 3874 Lucida
1061 3836 1287 3875 examen
1316 3821 1539 3876 veniens
1562 3821 1630 3875 ab
1651 3836 1781 3875 aura

836 3889 981 3944 Vidit
1010 3890 1227 3962 infantis
1255 3891 1435 3947 nitidis
1457 3890 1665 3962 liquare

1018 3959 1175 4015 Mella
1205 3961 1432 4017 labellis.

836 4053 1003 4109 Dulce
1034 4054 1252 4108 facundi
1280 4054 1377 4107 fuit
1405 4054 1511 4107 hoc
1542 4052 1757 4120 leporis,

838 4125 1016 4192 Atque
1042 4123 1297 4178 doctrina:
1326 4124 1597 4192 specimen
1624 4133 1892 4187 supernae,

838 4190 954 4259 Qua
984 4195 1104 4263 pios
1130 4193 1325 4263 pascis,
1356 4190 1693 4263 stimulisque
1721 4196 1906 4243 sontes

1014 4261 1211 4328 Pungis
1241 4260 1429 4314 acutis.

839 4347 1038 4416 Pungis
1059 4346 1310 4402 infectum
1334 4361 1502 4415 genus
1526 4346 1737 4401 Arianae

845 4417 1048 4479 Pestis,
1081 4417 1285 4471 ultores
1315 4418 1610 4471 minitantis
1638 4418 1816 4484 ignes:

844 4488 955 4543 Nec
982 4488 1131 4542 furor
1149 4502 1334 4555 regum
1360 4487 1573 4556 juvenis
1601 4486 1803 4541 resistit

1018 4557 1267 4613 Fortibus
1289 4558 1450 4612 ausis.

846 4649 1047 4706 Pr.rsnl
1075 4650 1338 4704 instauras
1370 4648 1490 4703 fidei
1521 4646 1871 4715 triumphum,

852 4719 1094 4775 Perfidos
1110 4720 1235 4788 ejus
1259 4734 1475 4787 quoque
1505 4718 1809 4788 perduelles

848 4790 1007 4845 Pellis
1037 4787 1285 4857 Hispanis
1314 4787 1535 4859 pavidos
1556 4787 1623 4842 ab
1653 4788 1764 4843 oris

994 4860 1236 4914 Fulmine
1266 4860 1476 4927 linguas.

844 4949 890 5019 0
916 4948 1076 5005 Pater
1103 4949 1255 5015 cleri,
1283 4949 1575 5019 populique
1602 4955 1804 5017 pastor,

849 5018 1117 5088 Orplianis
1136 5018 1311 5084 'tutor’,
1339 5019 1511 5072 viduis
1542 5018 1818 5088 levamen,

853 5086 1126 5158 Virginum
1158 5097 1360 5151 custos,
1391 5086 1668 5141 monachis
1695 5101 1895 5140 severa:

1034 5159 1233 5227 [tegula
1268 5159 1419 5221 vitae,

851 5252 1002 5308 Nunc
1034 5252 1087 5306 in
1117 5251 1330 5307 excelso
1358 5248 1596 5304 residens
1625 5249 1863 5319 olympo,

860 5321 1019 5377 Sidus
1041 5338 1074 5375 ο
1114 5330 1308 5376 nostra:
1338 5319 1693 5386 columenque
1721 5322 1913 5384 gentis,

855 5392 1106 5462 Compari
1129 5390 1468 5462 priscistidei
1494 5389 1764 5457 magistris

1041 5460 1185 5516 Luce
1207 5460 1458 5529 remiges.

856 5555 943 5610 Sis
965 5568 1169 5608 memor
1193 5551 1339 5607 chari
1366 5551 1563 5621 grggis,
1588 5558 1642 5606 et
1663 5559 1919 5621 patronus

858 5624 989 5679 Esto
1026 5622 1091 5677 a‘d
1116 5630 1369 5676 (sternam
1409 5619 1677 5685 Triadem,
1704 5636 2005 5690 precamur.

862 5698 1062 5752 Cuncta
1094 5694 1176 5747 cui
1205 5691 1390 5760 dignas
1416 5700 1669 5746 resonent
1698 5705 1793 5760 per
1819 5691 2005 5746 orbem

1034 5762 1238 5820 Saxula
1268 5760 1470 5815 laudes.

2499 522 2639 579 Luce
2662 525 2753 593 qui
2784 534 2955 578 terras
2982 524 3204 577 meliore
3232 522 3487 586 lustrans,

2500 593 2682 649 Noctis
2709 593 2954 662 Hispame
2977 593 3223 659 nebulas,
3258 601 3314 648 et
3345 602 3492 646 atras

2685 663 2913 719 Discutis
2940 664 3186 731 umbras,

2496 755 2663 825 Cujus
2699 765 2893 811 exortu
2922 756 3235 811 tenebrosus
3265 770 3443 822 error,

2499 826 2684 890 Fraus,
2710 834 2766 881 et
2792 826 3102 881 inconstans
3125 825 3368 891 furor,-et
3396 825 3652 892 profanus

2499 895 2700 961 Luxus,
2730 904 2785 949 et
2802 910 2955 966 vana:
2984 896 3170 952 sitiens
3205 895 3441 966 profugit

2674 965 2918 1021 Ambitus
2947 981 3110 1020 aunt.

2498 1054 2604 1109 Sed
2630 1054 2768 1109 redit
2790 1055 2891 1119 fas,
2921 1062 2976 1109 et
2999 1054 3172 1121 pietas
3195 1054 3412 1119 revixit,

2497 1125 2564 1177 Et
2584 1124 2715 1180 fides
2743 1134 2895 1179 casto
2914 1124 3160 1179 redimita
3182 1124 3349 1184 cultu,

2501 1194 2719 1265 Paxque
2746 1208 2871 1265 cum
2896 1202 3084 1249 sancta
3110 1194 3407 1263 probitate,
3439 1202 3494 1248 et
3515 1191 3658 1262 aequi

2679 1263 2909 1319 Conscia
2937 1265 3127 1318 virtus.

2500 1354 2730 1424 lIispalis
2759 1356 2963 1409 clarum
2984 1354 3159 1422 jubar,
3184 1354 3388 1409 Isidore
3405 1394 3419 1414 .

2502 1425 2685 1477 Redde
2711 1425 2957 1484 virtutes,
2990 1426 3131 1478 vitiis
3172 1425 3422 1490 repulsis,

2506 1494 2614 1550 Fac
2637 1502 2711 1557 et,
2735 1495 2801 1547 ad
2829 1495 3034 1559 priscos
3061 1495 3280 1549 redeant
3308 1495 3512 1548 caduca

2679 1564 2883 1618 Secula
2909 1578 3107 1619 mores.

2501 1658 2626 1714 Haec
2652 1664 2806 1726 rogat
2834 1672 3019 1711 sacras
3045 1664 3133 1711 tua
3161 1670 3292 1726 gens
3315 1656 3383 1710 ad
3409 1671 3548 1719 aras,

2508 1729 2640 1781 Dum
2664 1727 2774 1797 Deo
2805 1742 2933 1781 vero
2954 1727 3042 1797 pia
3072 1734 3191 1780 vota
3216 1726 3476 1787 fundunt,

2502 1798 2606 1864 Qui
2628 1797 2721 1851 tibi
2754 1796 2943 1850 festum
2976 1804 3238 1865 peragunt
3262 1803 3512 1859 ovantes,

2683 1866 2839 1920 Baetis
2867 1864 3095 1919 alumni.

2502 1956 2663 2020 Laus,
2689 1956 2881 2020 honor,
2911 1955 3079 2009 virtus
3107 1952 3203 2008 tibi
3231 1952 3302 2007 sit
3338 1954 3591 2024 perennis
3610 1996 3626 2015 ,

2474 2078 2479 2082 .
2507 2026 2660 2081 Celsa
2701 2024 2951 2092 Maiestas
2975 2024 3249 2078 hominum
3278 2023 3529 2085 creatrix,

2506 2098 2681 2162 Quem
2708 2095 2873 2148 Deum
2913 2094 3114 2147 trinum
3138 2093 3434 2159 celebrant,
3456 2103 3511 2146 et
3533 2109 3703 2147 unum

2679 2165 2801 2218 Rite
2831 2163 3033 2218 tideles.

2506 2256 2629 2323 Qui,
2659 2254 2838 2318 Pater,
2872 2255 3064 2323 charos
3092 2254 3323 2323 populos
3344 2252 3631 2321 relinquis,

2508 2322 2699 2381 Missus
2724 2324 2789 2378 ad
2819 2324 3018 2379 celsam
3042 2322 3292 2391 Legionis
3319 2324 3505 2378 urbem
3524 2362 3543 2389 ,

2514 2396 2643 2462 Quae
2669 2395 2764 2447 tibi
2795 2394 2900 2448 fido
2926 2395 3107 2461 posuit
3133 2401 3363 2462 patrono

2690 2463 2855 2532 Regia
2884 2463 3123 2533 templa?

2507 2554 2590 2607 An
2615 2554 2771 2613 times
2806 2551 3019 2606 hostem
3052 2549 3172 2607 fidei
3202 2551 3496 2606 rebellem?

2512 2623 2778 2677 Barbarus
2805 2621 2956 2689 fugit,
2994 2622 3152 2675 liceat
3181 2621 3401 2683 reverti,

2510 2695 2618 2747 Aut
2646 2704 2768 2748 tuos
2788 2693 2977 2747 saltem
2997 2691 3152 2761 juvet
3180 2690 3303 2746 inde
3332 2691 3497 2747 missa

2685 2762 2830 2817 Luce
2858 2761 3058 2816 fovere.

2514 2855 2715 2909 Civitas
2744 2853 2873 2917 felix
2896 2853 3081 2923 spoliis
3108 2853 3303 2922 opimis

2508 2924 2765 2995 Corporis
2791 2925 2929 2983 sacri
2962 2924 3216 2995 tuamira
3246 2923 3404 2995 pictis

2511 2992 2976 3117 Cestaﬁercenset
3000 2992 3191 3047 tabulis
3206 3032 3221 3058 ,
3256 2992 3530 3062 tholisque

2735 3079 2899 3117 unera
2931 3076 3139 3117 regum.

2735 3079 2899 3118 unera
2931 3076 3139 3131 regum.

2522 3154 2675 3223 103
2705 3153 2833 3219 Quae
2861 3159 2955 3206 tuo
2976 3152 3145 3224 partis
3168 3151 3360 3224 merito
3386 3152 3673 3224 triumphis

2517 3221 2680 3277 Grata
2705 3238 2813 3275 non
2837 3237 2948 3276 uno
2976 3221 3211 3275 retulere
3240 3221 3403 3282 bello,

2510 3293 2749 3360 Namque
2777 3299 2832 3345 te
2867 3290 3067 3344 nostris
3094 3299 3149 3344 et
3176 3289 3367 3345 adesse
3394 3289 3585 3344 castris

2692 3360 2852 3414 Fama
2892 3369 3100 3414 vetusta
3127 3367 3227 3414 est.

2520 3450 2635 3506 Huc
2664 3450 2791 3505 ades
2817 3450 2989 3512 fessis,
3016 3447 3178 3504 Pater
3196 3449 3356 3515 alme,
3386 3448 3548 3504 rebus

2516 3521 2732 3590 Nosque
2753 3519 3069 3576 commenda
3096 3518 3275 3573 Triadi
3307 3521 3533 3587 potenti,

2516 3591 2682 3660 Cujus
2712 3591 2765 3660 in
2796 3599 3018 3645 cunctas
3043 3596 3262 3645 resonat
3290 3590 3540 3659 perennis

2699 3650 2880 3715 Gloria
2910 3668 3115 3727 gentes.

2202 3756 2289 3811 M.
2337 3756 2444 3812 llos
2497 3755 2645 3825 ipsos
2681 3752 2910 3823 hymnos
2947 3764 3048 3817 ego
3087 3750 3246 3804 etiam
3289 3750 3418 3805 olim
3454 3765 3561 3804 non
3598 3752 3716 3808 sine

2129 3848 2310 3906 debita
2340 3846 2619 3915 elegantia:
2657 3842 2816 3896 laude
2842 3840 3058 3896 exhibui
3106 3840 3158 3894 in
3189 3839 3489 3911 Hymnodia
3517 3838 3712 3909 Hispa-

2130 3941 2250 3994 nica
2292 3938 2357 3991 ad
2388 3937 2529 3990 diem
2560 3933 2595 3986 4
2623 3931 2857 4001 Aprilis:
2889 3944 3025 3999 quos
3055 3938 3114 3984 ut
3140 3930 3320 3985 cantui
3347 3930 3714 3985 ecclesiastico

2129 4026 2609 4090 accommodarem,
2646 4031 2878 4091 quatuor
2904 4037 3091 4076 versus
3114 4022 3183 4075 ita
3207 4022 3436 4076 refinxi:
3469 4023 3518 4076 1.
3554 4021 3709 4075 Lucis

2129 4132 2346 4171 examen
2375 4114 2579 4168 veniens
2606 4111 2671 4164 ab
2701 4126 2850 4175 aura,
2877 4125 2997 4179 pro,
3032 4108 3227 4163 Lucida
3268 4125 3485 4163 examen
3510 4109 3717 4163 veniens

2130 4208 2195 4263 ab
2218 4208 2400 4263 mthra.
2422 4206 2478 4259 2.
2513 4206 2600 4259 Sis
2626 4204 2694 4257 ad
2721 4211 2967 4257 cateruam
2995 4201 3255 4267 Triadem,
3280 4216 3568 4270 precamur,
3592 4214 3715 4269 pro,

2132 4296 2260 4351 Esto
2289 4297 2359 4350 ad
2386 4305 2632 4350 wternam
2662 4291 2923 4355 Triadem,
2954 4306 3243 4360 precamur.
3276 4288 3329 4342 5.
3364 4288 3494 4355 Pax,
3526 4288 3714 4358 pudor,

2139 4404 2340 4443 morum
2361 4386 2609 4457 probitas,
2639 4393 2687 4436 et
2711 4384 2863 4454 (equi,
2882 4398 3002 4452 pro,
3032 4383 3245 4453 Paxque
3265 4398 3379 4434 cum
3398 4390 3576 4434 sancta
3597 4396 3718 4448 pro-

2133 4480 2289 4534 bitate
2312 4520 2326 4541 ,
2365 4487 2414 4532 et
2447 4478 2598 4548 inqui.
2630 4475 2681 4530 4.
2717 4474 2885 4527 Fama
2913 4475 3150 4540 canebat,
3175 4489 3294 4543 pro,
3323 4472 3489 4525 Fama
3519 4481 3719 4525 vetusta

2206 2257 2288 2312 Ad
2315 2254 2481 2313 Laud.

2064 4546 2110 4604 Ι)
2141 4580 2237 4625 est.
2304 4546 2568 4624 Recentes
2638 4576 2769 4637 puto
2834 4567 2931 4621 hos
2987 4581 3106 4621 esse
3167 4566 3422 4635 hymnos;
3488 4579 3717 4633 quorum

2141 4671 2331 4718 auctor
2360 4660 2553 4716 fabulis
2591 4662 2657 4715 de
2696 4659 2988 4715 Mahometi
3018 4660 3071 4712 in
3116 4657 3421 4728 Hispaniam
3451 4659 3717 4723 adventu,

2140 4761 2195 4808 et
2232 4751 2355 4820 fuga
2401 4766 2471 4805 ex
2516 4764 2580 4804 ea
2628 4749 2877 4804 assentiri
2906 4748 3118 4802 videtur
3161 4748 3211 4801 in
3240 4747 3427 4815 quinta
3455 4749 3677 4816 stropha
3701 4788 3719 4817 ,

2142 4842 2346 4897 Prwsul
2391 4842 2684 4905 instauras,
2733 4847 2839 4893 etc.
2867 4876 2882 4900 ,
2926 4838 3028 4893 nisi
3064 4838 3109 4892 si
3159 4836 3297 4892 forte
3326 4838 3718 4909 Acephalorum

2142 4934 2368 4989 haeresin
2400 4933 2468 4986 ab
2496 4931 2699 4986 Isidoro
2726 4930 3062 4999 proﬂigatam
3102 4928 3370 4997 intelligit.

2216 5049 2304 5102 15.
2346 5044 2688 5115 Antiquiores
2741 5043 2990 5098 videntur
3037 5042 3242 5113 hymni,
3293 5056 3427 5111 quos
3480 5041 3533 5095 in
3574 5039 3715 5095 Mar—

2146 5138 2409 5211 tyrologio
2448 5136 2686 5205 Hispano
2722 5133 2991 5206 Tamayus
3018 5133 3275 5189 exscribit
3316 5147 3385 5188 ex
3433 5131 3717 5187 Breviariis

2144 5229 2368 5285 vetustis
2391 5224 2657 5296 Hispania:
2682 5242 2696 5278 :

2234 5338 2314 5392 Ad
2357 5337 2509 5407 Vesp.
2549 5333 2897 5415 gongaudeat
2922 5332 3195 5415 Ecclesia,

2550 5403 2617 5457 Et
2642 5403 2883 5473 praesulis
2917 5403 3178 5457 solemnia

2546 5473 2884 5528 Coniessoris
2905 5473 3086 5527 lsidori

2550 5542 2769 5598 Honore
2797 5543 2936 5597 colat
2964 5543 3197 5609 celebri,

2551 5611 2654 5679 Qui
2681 5613 2828 5666 velut
2854 5612 2982 5666 solis
3003 5612 3210 5677 radius,

2548 5682 2786 5752 Demptis
2804 5697 3021 5752 prorsus
3047 5681 3335 5740 bmresibus
3355 5721 3373 5745 .

2550 5750 2616 5805 Et
2643 5750 2868 5807 devotus
2909 5760 3095 5823 martyi
3113 5754 3163 5807 io
