4060 6198
370 339 439 392 89
1327 336 1732 393 ISIDORIANA.
1777 364 1846 376 --
1885 335 1954 390 ΡΑ

2052 338 2061 390 ι
2100 335 2140 389 1.
2181 333 2332 393 CAP.
2376 336 2510 393 XVI.
3543 349 3611 404 90

774 448 1026 528 Qogmate
1046 445 1193 501 fulsit
1215 448 1384 528 vario.
1962 451 2006 505 Α
2034 458 2264 515 quatuor
2291 450 2475 517 clavis,
2507 459 2563 507 et
2585 454 2816 522 pectoris
2836 455 3021 511 dextra
3042 466 3191 528 parte
3220 460 3490 515 transfixa.
3512 459 3609 517 Se-

770 516 1144 638 ῨΙξξεΡειηίπιΨι
1173 517 1383 598 Populis
2041 550 2277 609 quunlur
2298 542 2388 595 fol.
2415 543 2514 595 507
2540 516 2887 613 Rogationes,
2927 516 3262 604 sive-litanias
3280 560 3611 617 sanctorum,

825 602 974 640 mna:
992 584 1123 640 lems
1150 588 1364 640 regulis.
2044 629 2055 640 .
2200 631 2230 640 ..
2349 631 2379 640 η
2436 632 2453 640 -
2489 634 2499 640 .
2524 634 2534 640 .
2849 637 2877 640 ,_
3459 638 3498 640 η

774 600 974 640 Divina:
994 600 1123 652 regis
1150 600 1364 654 regulis,

774 654 838 708 Et
861 654 1221 709 Romanorum
1252 656 1491 711 moribus

2052 630 2096 683 in
2124 631 2317 699 quibus
2346 631 2403 685 8.
2434 600 2668 690 Isidosz
2705 637 3022 705 appellatur,
3045 648 3101 693 et
3128 640 3425 695 invocatur.
3458 600 3611 695 Hunc

775 724 1084 799 Invigilabat
1109 724 1345 780 sedulus.
1440 795 1473 799 __
2041 731 2172 793 puto
2199 739 2319 777 esse
2346 723 2599 779 Codicem
2640 742 2800 795 quem
2851 746 2999 785 num.
3030 730 3103 785 82
3145 732 3409 799 signatum
3447 732 3611 786 Blan-

2043 810 2235 867 chinus
2286 814 2539 869 describit
2578 825 2615 869 t.
2648 817 2692 870 II
2722 817 2921 887 Evang.
2964 819 3258 891 Quadrupl.
3301 835 3420 891 pag.
3473 822 3609 885 δυάς

2042 900 2195 967 cujus
2241 903 2613 959 characterum
2664 909 2935 976 specimen
2984 925 3235 965 excusum
3287 921 3370 965 est
3417 912 3613 965 ibidem

2044 990 2152 1043 tab.
2172 990 2223 1055 6,
2250 1007 2397 1045 num.
2418 994 2473 1058 1,
2506 1003 2627 1062 post
2645 1011 2769 1064 pag.
2792 995 2914 1049 600.
2943 997 3123 1052 Codex
3148 998 3433 1054 Vaticanus
3460 999 3616 1055 Otto-

2042 1080 2305 1135 bonianus
2334 1081 2456 1145 576,
2486 1084 2799 1140 charactere
2839 1085 3276 1156 Longobardico,
3305 1089 3417 1143 sive
3446 1088 3618 1144 Bene-

2043 1180 2296 1235 ventano,
2323 1175 2518 1228 seculo
2540 1190 2572 1227 x
2600 1175 2815 1231 circiter
2838 1185 3109 1239 exaratus,
3140 1179 3380 1232 continet
3405 1178 3617 1233 Missalc

2044 1261 2435 1325 monasticam,
2488 1264 2540 1317 in
2590 1263 2741 1332 cujus
2772 1265 2967 1318 litauiis
3012 1274 3136 1319 sunt
3188 1266 3251 1320 S.
3303 1265 3619 1337 Gregorius,

2045 1350 2107 1403 S.
2129 1350 2176 1403 Il
2186 1352 2441 1421 ysidorus,
2460 1353 2520 1407 S.
2550 1352 2852 1419 Germanus,
2870 1355 3193 1421 Benedictus,
3214 1356 3448 1423 Maurus,
3467 1357 3621 1410 Seve-

2044 1441 2209 1505 rinus,
2234 1450 2337 1496 etc.
2368 1441 2428 1494 In
2458 1442 2564 1497 alio
2592 1441 2789 1498 Codice
2810 1445 3223 1499 membranaceo
3250 1446 3429 1500 smculi
3456 1461 3525 1499 xv
3555 1460 3623 1500 ex

2045 1529 2243 1598 oppido
2268 1530 2522 1597 Assergio
2547 1529 2790 1586 dioecesis
2814 1532 3110 1600 Aquilam},
3142 1532 3207 1586 ad
3237 1533 3469 1588 cilicium
3495 1547 3623 1602 pro-

2044 1622 2219 1690 prium
2246 1622 2305 1675 S.
2335 1621 2528 1676 Franci
2574 1622 2859 1691 petendum
2899 1622 3124 1676 Romam
3154 1622 3335 1687 allato,
3390 1624 3456 1677 ad
3502 1638 3622 1679 mo-

2047 1714 2265 1768 nasterii
2292 1714 2540 1782 alicujus,
2572 1723 2630 1768 ut
2656 1714 2890 1779 videtur,
2930 1730 3083 1769 usum
3112 1724 3335 1769 exarato
3355 1756 3371 1783 ,
3427 1716 3626 1770 litanim

1976 1807 2023 1867 B
2048 1815 2357 1862 sanctorum
2402 1813 2600 1875 praeter
2626 1805 2759 1859 alios
2789 1806 3047 1861 exhibent
3091 1805 3149 1860 S.
3198 1804 3481 1871 Francum,
3512 1805 3625 1859 Ma-

2047 1899 2286 1963 carium,
2341 1898 2631 1962 Basilium,
2689 1896 3057 1965 Leonardum,
3110 1898 3420 1963 Ysidorum,
3466 1907 3525 1952 ut
3572 1897 3627 1953 in

2049 1991 2131 2044 his
2176 1988 2505 2043 membranis
2556 1987 2826 2042 scribitur.
2860 1986 3044 2056 Neque
3089 1987 3307 2042 dubium
3351 1986 3479 2041 mihi
3510 1994 3625 2051 est,

2047 2081 2174 2149 quin
2204 2080 2272 2134 de
2300 2089 2487 2134 nostro
2524 2077 2727 2132 Isidoro
2771 2092 2949 2132 sermo
2996 2079 3084 2143 sit,
3117 2079 3361 2147 quamvis
3403 2076 3629 2133 fortasse

2050 2169 2139 2223 alii
2166 2169 2231 2223 de
2256 2167 2461 2222 Isidoro
2486 2166 2751 2221 monacho
2772 2168 3129 2249 suspicentur.

2677 2254 2903 2312 CAPUT
2944 2256 3075 2317 XVI.

771 793 828 845 ln
850 796 1170 847 clericorum
1209 795 1533 861 commodis,

771 861 835 915 Et
865 877 1155 931 pauperum
1186 864 1430 918 subsidiis

778 934 974 999 Legum
1002 932 1139 984 lator
1167 932 1489 987 clarissimus

775 1000 872 1055 llic
901 1001 1192 1055 inhterebat
1217 1003 1438 1055 arctius.

377 1069 536 1141 105
562 1071 642 1123 Ad
663 1070 835 1141 Laud.
861 1072 1049 1141 magne
1073 1069 1260 1141 doctor
1287 1071 1486 1127 Isidore
1502 1112 1518 1136 ,

770 1140 879 1195 Nos
906 1139 974 1193 de
1005 1139 1106 1193 hoc
1134 1140 1252 1194 diro
1277 1156 1496 1198 carcere

775 1208 879 1263 Fac
913 1208 1020 1277 poli
1052 1207 1198 1262 reddi
1226 1212 1395 1275 solio,

776 1277 991 1333 Placato
1022 1278 1114 1331 Dei
1144 1278 1295 1334 Filio.

775 1346 879 1420 ξει-
905 1357 956 1400 te
974 1388 990 1413 ,
1015 1348 1297 1420 confessor
1319 1349 1515 1420 inclyte
1536 1390 1551 1417 ,

774 1416 951 1488 Qvans
978 1417 1175 1488 chorus
1202 1416 1483 1488 Ecclesia},

773 1486 842 1539 Ει
864 1494 998 1538 calet
1012 1501 1075 1539 va
1102 1484 1332 1541 ﬁdelium

774 1554 1051 1610 Collaudat
1082 1555 1349 1610 Christum
1375 1558 1675 1614 Dominum.

775 1625 899 1680 Jesu
929 1623 1157 1690 Christe,
1189 1625 1301 1678 Rex
1327 1627 1528 1695 gloiim,

778 1695 913 1766 Vota
942 1708 1219 1766 servorum
1242 1698 1451 1766 suscipe
1469 1740 1485 1764 ,

778 1763 946 1834 Ilujus
973 1764 1209 1834 doctoris
1236 1763 1484 1834 precibus

774 1833 938 1904 Nobis
968 1831 1088 1888 fave
1113 1831 1395 1904 propitius.

777 1902 853 1971 Da
882 1902 1228 1970 peccatorum
1256 1906 1463 1959 veniam
1478 1946 1494 1971 ,

774 1970 974 2043 Questa
1006 1982 1322 2043 sanctorum
1348 1970 1570 2043 gloriam
1592 2016 1609 2042 ,

782 2039 849 2094 Ut
888 2042 1019 2095 tanti
1050 2042 1222 2097 Patris
1250 2039 1455 2101 meritis

777 2110 910 2166 C(eli
945 2109 1184 2166 fruamur
1220 2113 1447 2183 gaudiis.

446 2221 534 2275 16.
560 2223 872 2277 Pervetusta
897 2220 1333 2294 vocatTamayus
1354 2224 1645 2295 Breviaria,
1666 2243 1734 2283 ex
1754 2228 1948 2298 quibus

372 2311 477 2368 hos
499 2314 727 2384 hymnos
745 2314 968 2383 profert.
999 2315 1106 2371 Sed
1133 2332 1257 2372 cum
1281 2317 1334 2371 in
1360 2318 1538 2374 ofﬁcio
1562 2317 1791 2375 Gothico
1816 2320 1945 2374 nulli

372 2401 570 2460 fuerint
620 2405 800 2473 hymni
856 2407 910 2460 in
958 2407 1167 2463 laudem
1203 2408 1415 2477 lsidori,
1465 2418 1602 2465 etea
1644 2410 1944 2475 breviaria,

374 2510 495 2565 qua:
520 2494 783 2567 Tamayus
829 2498 1030 2566 laudat,
1084 2500 1153 2554 ad
1194 2502 1355 2555 ritum
1403 2500 1660 2555 Romana:
1699 2500 1951 2557 Ecclesia:

2056 2351 2230 2406 Series
2252 2352 2368 2403 vitce
2396 2358 2444 2401 et
2475 2356 2728 2419 gestorum
2760 2347 2821 2402 S.
2868 2347 3081 2412 lsidori,
3109 2362 3171 2401 ex
3200 2346 3539 2400 monumentis
3579 2352 3629 2400 et

2125 2440 2459 2510 scriptoribus
2486 2441 2710 2509 antiquis
2741 2440 3002 2493 ordinata.
3034 2439 3106 2490 Ac
3136 2438 3354 2508 primum
3382 2439 3630 2507 quaeritur

2131 2531 2194 2583 de
2236 2530 2450 2583 diversis
2501 2527 2747 2589 lsidoris,
2792 2528 3174 2597 comparatione
3198 2543 3412 2597 quorum
3459 2536 3630 2581 noster

374 2593 489 2647 sint
515 2590 870 2655 conformata,
899 2606 962 2646 ea
984 2600 1223 2648 vetustas
1243 2608 1349 2648 non
1378 2594 1431 2647 in
1453 2594 1669 2664 longum
1694 2595 1950 2663 temporis

2129 2620 2458 2689 Hispulensis
2481 2618 2633 2671 modo
2656 2616 2862 2683 Junior,
2889 2590 3042 2671 modo
3073 2590 3259 2672 Senior
3282 2618 3591 2687 appellatur.

374 2684 609 2753 spatium
670 2682 909 2751 protrahi
963 2682 1142 2738 debet.
1199 2684 1408 2741 Szeculo
1474 2702 1567 2740 xm
1622 2687 1953 2755 antiquiores

2126 2710 2180 2763 1.
2212 2707 2283 2763 Ut
2310 2724 2340 2763 a
2367 2708 2584 2763 nomine
2612 2706 2798 2762 lsidori
2830 2707 3101 2776 incipiam,
3134 2706 3281 2761 vario
3309 2721 3373 2761 ac
3416 2706 3629 2760 diverso

374 2788 474 2831 eos
513 2774 740 2845 hymnos
766 2789 874 2828 non
908 2788 1142 2829 censeo:
1172 2791 1475 2845 quanquam
1523 2793 1645 2832 cum
1684 2778 1859 2833 solum
1899 2779 1953 2833 in

2058 2803 2218 2857 modo
2264 2802 2318 2856 in
2364 2800 2589 2856 vetustis
2637 2800 2958 2853 membranis
3000 2808 3054 2853 et
3100 2798 3457 2852 monumentis
3497 2797 3629 2851 illud

378 2861 567 2918 lsidori
594 2864 835 2921 laudibus
854 2866 1340 2921 commemorandis
1366 2876 1666 2933 versentur,
1700 2867 1830 2922 nihil
1852 2867 1956 2924 illis
2056 2896 2314 2963 scriptum
2356 2893 2663 2961 reperitur:
2696 2891 2946 2944 nimirum
2984 2892 3139 2961 106
3165 2888 3441 2951 Υδξάοηιε,
3477 2887 3627 2942 um-

378 2955 524 3011 inest
541 2956 871 3052 quod-veteri
894 2957 1132 3052 historia:
1151 2967 1432 3052 repugnet.
1449 2958 1713 3052 Neglecta:
1736 2975 1957 3029 prorsus
2057 2955 2233 3045 dm'“,
2262 2955 2575 3052 ῃυείάονηε,
2611 2980 2903 3050 ιιεεεμίοηισ
2930 3022 2943 3046 ,
2984 2955 3243 3050 Ῑεξμῖοηισ
3266 3019 3282 3045 ,
3339 2977 3625 3041 Esidorus,

380 3053 510 3099 sunt
547 3046 743 3116 regula:
770 3048 1042 3102 carminis.
1080 3047 1327 3103 Secunda
1355 3051 1576 3120 stropha
1613 3052 1682 3106 ad
1704 3066 1954 3121 vesperas

2061 3046 2344 3141 Isodorus,
2396 3056 2686 3146 Ysydorus,
2716 3046 3182 3139 'Eisidoruspet,
3235 3074 3379 3143 quod
3426 3075 3632 3128 caneris

381 3134 592 3240 videtur
630 3135 910 3240 desumpta
963 3138 1311 3240 exnuberiori
1359 3142 1747 3240 praenotatioue
1788 3142 1957 3240 Βτεξυ·
1982 3167 2031 3231 c
2062 3134 2485 3240 praeferendum:
2506 3134 2762 3220 Isidorus.
2796 3163 2869 3218 Ea
2890 3134 3340 3235 discrepantia-ex
3367 3163 3513 3217 varia
3537 3179 3633 3233 pro

381 3223 570 3287 Iionis,
595 3234 687 3279 aut
706 3240 772 3280 ex
796 3227 1019 3295 prologo
1041 3226 1172 3283 Vitae
1198 3228 1404 3297 lsidori,
1435 3239 1658 3287 auctore
1684 3233 1956 3290 Canonico

381 3313 613 3382 quodam
642 3313 982 3385 Legionensi,
1011 3318 1151 3387 apud
1179 3317 1579 3376 Bollandianos.

454 3425 544 3479 17.
586 3425 661 3481 De
707 3426 1102 3499 Martyrologiis
1139 3444 1259 3501 quae
1308 3434 1623 3490 memoriam
1662 3433 1718 3489 S.
1768 3434 1959 3491 lsidori

379 3517 660 3574 celebrant
709 3519 818 3586 agit
869 3519 1234 3577 Henschenius
1289 3523 1341 3577 in
1392 3524 1787 3581 Commentario
1822 3543 1960 3597 pne-

377 3607 472 3660 vio
522 3609 589 3658 ad
620 3605 793 3660 Vitam
842 3606 901 3661 8.
949 3607 1157 3663 lsidori.
1216 3611 1417 3666 Mentio
1479 3626 1740 3683 praeterea
1796 3618 1852 3671 lit
1899 3619 1956 3673 S.

380 3695 570 3751 lsidori
626 3695 679 3750 in
728 3696 1105 3767 Martyrologio
1143 3699 1536 3758 Canonicorum
1583 3706 1959 3774 Regularium,

383 3785 437 3840 in
478 3784 584 3840 line
637 3801 791 3841 novae
843 3787 1203 3858 Martyrologii
1250 3789 1479 3847 Romani
1527 3794 1780 3852 editionis
1814 3797 1959 3866 jussu

386 3877 659 3935 Benedicti
699 3877 847 3944 XIV,
884 3879 951 3934 ad
990 3880 1023 3931 4
1075 3880 1273 3951 Aprilis
1311 3900 1325 3936 :
1357 3885 1567 3954 Hispali
1616 3887 1669 3940 in
1699 3886 1961 3958 Hispania

385 3973 555 4025 sancti
617 3970 812 4026 lsidori
878 3971 1236 4043 Confessoris,
1315 3992 1399 4046 qui
1464 3979 1599 4032 inter
1672 3978 1959 4037 Canonicos

386 4057 664 4130 Regulares
690 4061 962 4128 ascriptus,
1008 4078 1069 4114 ac
1108 4063 1248 4117 illius
1276 4066 1494 4120 civitatis
1522 4069 1789 4139 episcopus
1835 4089 1960 4126 con-

382 4159 635 4221 secratus,
687 4152 961 4206 sanctitate
1026 4160 1075 4204 et
1128 4153 1364 4207 doctrina
1435 4159 1741 4226 conspicuus
1763 4201 1778 4226 ,
1848 4163 1957 4216 zelo

382 4238 651 4292 catholica:
671 4240 794 4308 ﬁdei
824 4249 875 4293 et
918 4238 1238 4294 observantia
1265 4243 1626 4300 ecclesiasticae
1668 4249 1961 4317 disciplinae

385 4327 671 4397 Hispanias
692 4329 983 4383 illustravit.
1008 4328 1355 4385 Pmmittitur
1373 4333 1584 4401 signum
1603 4337 1745 4406 quod
1763 4338 1960 4393 indicat

382 4418 574 4471 festum
605 4417 662 4472 S.
692 4417 879 4473 lsidori
907 4420 1094 4473 eodem
1136 4420 1223 4475 die
1266 4423 1334 4476 ab
1383 4426 1630 4480 omnibus
1672 4426 1959 4485 Canonicis

2062 3255 2286 3312 diversis
2313 3254 2643 3324 temporibus
2689 3252 2956 3309 scribendi
2985 3254 3195 3307 ratione
3236 3268 3483 3323 magnam
3506 3267 3632 3322 par-

2061 3353 2169 3401 tem
2196 3346 2386 3413 oritur,
2408 3352 2465 3400 ut
2490 3344 2622 3398 nihil
2649 3344 2716 3399 de
2741 3343 3165 3413 antiquariorum
3194 3342 3399 3398 incuria
3421 3342 3617 3396 dicam.

2062 3435 2217 3505 Saepe
2244 3437 2385 3491 enim
2416 3450 2544 3489 usus
2571 3434 2813 3499 invaluit,
2847 3442 2905 3488 ut
2948 3452 2981 3505 ῃ
3010 3449 3109 3504 pro
3136 3434 3156 3487 i
3182 3441 3545 3502 usurparetur,
3578 3440 3632 3485 et

2059 3526 2319 3596 aspiratio
2359 3523 2517 3580 facile
2558 3524 2709 3579 initio
2742 3523 2859 3580 voci
2889 3530 3309 3593 prmponeretur.
3356 3522 3627 3575 Interdum

2059 3618 2223 3674 etiam
2259 3634 2289 3671 e
2330 3632 2431 3687 pro
2473 3617 2493 3671 i
2534 3615 2904 3671 adhibebatur.
2960 3614 3149 3670 lsidori
3195 3627 3389 3668 nomen
3431 3610 3631 3666 Grrcctn

2061 3707 2282 3778 originis
2309 3707 2524 3761 videtur
2541 3707 2609 3760 ab
2630 3704 2734 3759 Isis
2756 3722 2775 3758 :
2802 3714 2948 3760 certe
2973 3705 3114 3759 inter
3145 3702 3363 3758 Graecos
3383 3699 3533 3756 multi
3562 3715 3631 3756 eo

2061 3798 2278 3853 nomine
2306 3797 2631 3851 claruerunt.
2663 3794 2870 3849 chulo
2899 3802 3075 3848 tamen
3106 3807 3213 3861 quo
3251 3791 3483 3847 Isidorus
3528 3789 3630 3846 llo-

2060 3886 2193 3950 ruit,
2223 3882 2435 3937 Esidori
2464 3897 2659 3937 nomen
2684 3882 2739 3936 iu
2767 3897 2865 3936 usu
2893 3881 3077 3947 fuisse,
3108 3881 3414 3937 testimonio
3442 3881 3501 3936 S.
3530 3877 3628 3934 Ju-

2060 3973 2189 4029 liani
2216 3972 2463 4027 Toletani
2504 3971 2770 4025 evincitur
2810 3970 2863 4024 in
2911 3984 3077 4039 opere
3122 3986 3221 4023 ms.
3251 3971 3319 4024 de
3346 3970 3424 4024 Re
3452 3983 3631 4035 gramo

2060 4064 2277 4130 matica,
2304 4060 2445 4131 quod
2474 4076 2593 4129 cap.
2628 4058 2747 4122 l05,
2780 4073 2925 4111 num.
2959 4057 3026 4109 46
3052 4066 3106 4111 et
3125 4072 3276 4125 seqq.
3308 4057 3631 4111 describam.

2061 4154 2137 4209 Ita
2169 4154 2311 4208 enim
2350 4152 2425 4206 ait
2455 4166 2601 4204 num.
2633 4147 2773 4201 5‘24:
2805 4145 2888 4199 Da
2934 4145 3075 4198 aliud
3126 4162 3329 4209 nomen,
3378 4147 3513 4215 quod
3566 4161 3631 4198 ex

2060 4244 2294 4314 plurimis
2332 4240 2562 4311 partibus
2608 4240 2675 4292 sit
2722 4238 3073 4306 compositum.
3104 4231 3361 4289 Esmonus
3392 4252 3405 4286 :
3438 4250 3470 4287 ε
3497 4249 3631 4304 pra:-

2060 4333 2245 4404 positio
2296 4340 2393 4399 est,
2441 4346 2485 4384 SI
2520 4327 2810 4399 conjunctis
2857 4335 2973 4393 est,
3014 4341 3083 4380 uo
3126 4324 3330 4379 verbum
3371 4332 3484 4390 est,
3535 4339 3631 4379 nus

2062 4440 2245 4478 nomen
2273 4431 2368 4476 est.

384 4506 733 4574 Regularibus
762 4507 1039 4562 celebrari.
1072 4507 1271 4563 Ibidem
1306 4510 1357 4563 in
1379 4510 1757 4583 Martyrologio
1802 4520 1956 4588 105
1989 4522 2036 4579 ι)
2130 4513 2184 4565 2.
2214 4511 2511 4574 Fabricius,
2542 4518 2673 4564 tom.
2704 4506 2774 4561 IX
2814 4507 3066 4561 Biblioth.
3119 4505 3322 4570 Graec,
3357 4519 3480 4576 pag.
3525 4504 3632 4559 256

379 4614 479 4669 pro
507 4601 754 4655 omnibus
783 4601 1059 4656 monachis
1083 4602 1286 4656 ordinis
1312 4601 1680 4661 Cisterciensis
1708 4609 1773 4661 ad
1814 4610 1955 4665 diem

379 4690 416 4743 4
443 4692 637 4760 Aprilis
662 4691 871 4757 Hispali
892 4693 945 4745 in
976 4692 1235 4763 Hispania
1264 4692 1325 4747 S.
1360 4692 1577 4761 lsidori,
1607 4714 1670 4750 ea:
1708 4703 1957 4756 monacho

381 4783 579 4837 ordinis
602 4785 769 4837 sancti
790 4782 1049 4837 Benedicti
1064 4783 1291 4853 ejusdem
1314 4784 1536 4839 civitatis
1546 4789 1788 4859 episcopi,
1805 4807 1959 4845 sanc-

380 4873 547 4936 titate,
580 4889 638 4925 ac
668 4873 903 4926 doctrina
931 4874 1216 4941 conspicui,
1250 4876 1335 4943 qui
1356 4875 1463 4929 zelo
1507 4877 1773 4932 catholica:
1798 4881 1951 4950 ﬁdei,

380 4969 485 5017 etc.
518 4961 642 5016 llrc
669 4962 1033 5017 controversia
1059 4962 1126 5015 de
1148 4962 1335 5017 ordine
1362 4966 1658 5020 monasticu
1687 4966 1742 5023 S.
1768 4968 1953 5026 lsidori

381 5065 503 5119 cap.
530 5050 599 5103 l9
622 5051 927 5119 agitabitur,
981 5051 1069 5106 ubi
1100 5052 1353 5107 nonnulla
1382 5054 1547 5109 verba
1588 5057 1855 5126 proferam
1884 5076 1952 5116 ex

382 5141 654 5197 Breviario
681 5142 1072 5198 Canonicorum
1103 5143 1447 5212 Regularium
1487 5146 1947 5206 Lateranensium.

453 5229 541 5284 18.
570 5231 763 5301 Repeti
793 5232 952 5287 etiam
970 5231 1153 5287 lsidori
1180 5248 1377 5289 nomen
1408 5236 1461 5290 in
1492 5236 1689 5293 Iitaniis
1708 5250 1949 5296 veterum

377 5319 660 5387 Codicum,
687 5330 746 5376 ut
765 5322 832 5377 de
854 5321 1013 5377 ofﬁcii
1035 5322 1357 5380 Mozarabici
1378 5326 1576 5381 Iitaniis
1597 5329 1727 5383 nihil
1752 5331 1944 5387 dicam.

378 5414 473 5470 Sic
495 5414 664 5471 codex
697 5413 981 5469 Vaticanus
1008 5413 1097 5479 84,
1140 5430 1380 5485 pergam.
1434 5418 1487 5472 in
1530 5418 1646 5483 fol.,
1695 5422 1872 5477 saeculi
1920 5439 1953 5477 x

381 5505 616 5569 circiter,
648 5505 701 5559 in
728 5518 836 5573 quo
866 5512 949 5559 est
977 5503 1291 5559 Psalterium
1318 5508 1386 5561 ab
1408 5506 1735 5580 Hieronymo
1763 5527 1950 5568 recen-

381 5598 544 5651 situm
565 5610 685 5651 cum
706 5594 948 5661 canticis,
972 5595 1065 5650 fol.
1086 5595 1192 5649 ‘2'“
1211 5598 1427 5654 exhibet
1445 5602 1715 5657 orationes
1738 5603 1805 5658 ad
1826 5606 1953 5659 ado-

383 5686 610 5742 randam
640 5700 877 5751 crucem,
904 5685 1017 5740 sive
1045 5688 1110 5740 ad
1132 5687 1398 5754 poscenda
1428 5688 1676 5757 suffragia
1708 5693 1946 5748 omnium

385 5784 715 5835 sanctorum.
764 5773 980 5845 Depicta
1032 5783 1113 5832 cst
1156 5774 1353 5834 Christi
1390 5779 1539 5835 cruci
1582 5780 1723 5834 allixi
1775 5796 1949 5851 uuago

2060 4620 2178 4674 seq.
2203 4643 2219 4668 ,
2252 4604 2290 4656 1.
2321 4619 2374 4667 v,
2419 4617 2537 4671 cap.
2569 4600 2660 4667 34,
2713 4614 2859 4652 num.
2890 4597 2926 4651 5
2947 4638 2962 4662 ,
3009 4607 3294 4668 postquam
3335 4599 3403 4653 de
3430 4597 3631 4653 Isrdoru

2063 4693 2333 4748 Pelusiota
2363 4692 2488 4762 egit,
2520 4692 2728 4745 curiosa
2768 4691 2857 4743 illa
2903 4704 2998 4743 sua
3026 4690 3298 4757 diligentia
3328 4690 3629 4758 catalogum

2062 4782 2233 4837 texuit
2261 4782 2327 4836 de
2353 4782 2510 4836 claris
2548 4780 2667 4833 aliis
2710 4779 2921 4833 lsidoris
2971 4780 3250 4849 plusquam
3283 4781 3517 4848 triginta.
3550 4779 3630 4836 Ex

2062 4874 2313 4944 Hispanis
2364 4882 2556 4943 praeter
2602 4872 2660 4925 S.
2723 4871 2984 4926 Isidorum
3036 4872 3337 4939 Agricolam
3384 4880 3629 4926 recenset

2060 4967 2321 5021 Isidorum
2386 4963 2820 5027 Asturicensem,
2879 4965 2967 5031 qui
3035 4964 3267 5019 ocncilio
3316 4962 3628 5020 Bracarensi

2059 5073 2203 5112 anno
2231 5054 2336 5110 675
2376 5056 2714 5124 subscripsit,
2742 5054 2999 5109 Isidorum
3030 5056 3201 5125 patria
3226 5056 3623 5126 Hispalensem,

2057 5146 2152 5202 sed
2192 5146 2499 5215 episcopum
2529 5144 3081 5211 Cresaraugustanum,
3110 5160 3140 5198 a
3187 5144 3464 5199 Pellizerio
3490 5158 3623 5197 con-

2058 5236 2260 5302 lictum,
2290 5235 2524 5290 Isidorus
2540 5232 2921 5289 Cordubenses
2935 5234 3087 5299 duos,
3115 5235 3317 5303 pariter
3337 5249 3365 5286 a
3392 5231 3625 5287 Pseudo-

2062 5327 2266 5382 Dextro
2291 5324 2575 5391 conﬁctos,
2606 5340 2768 5378 unum
2800 5324 2866 5379 ad
2893 5340 3089 5379 annum
3118 5324 3225 5378 384
3247 5366 3261 5389 ,
3293 5324 3518 5376 alterum
3556 5324 3623 5381 ad

2061 5433 2261 5475 annum
2303 5416 2410 5470 425
2438 5424 2494 5471 et
2520 5415 2642 5481 430,
2670 5414 2929 5471 Isidorum
2959 5428 3196 5471 nostrum
3222 5414 3620 5485 Ilispalenscm,

2058 5512 2317 5567 Isidorum
2344 5508 2715 5573 Mercatorem,
2739 5508 2852 5564 sive
2879 5508 3246 5573 Peccaturem,
3275 5506 3621 5562 collectorem

2060 5602 2409 5659 decretalium
2451 5600 2864 5669 suppositarum.
2893 5600 3147 5654 Isidorum
3177 5596 3465 5652 Pacensem
3487 5597 3621 5661 ,_Isi-

2058 5693 2247 5747 dorum
2285 5690 2650 5745 Setabienscm
2673 5732 2687 5755 ,
2717 5691 2828 5744 sive
2856 5689 3245 5754 Sctahitanum,
3274 5688 3362 5759 qui
3391 5690 3619 5747 concilio

2060 5782 2317 5838 Toletano
2345 5797 2483 5836 anno
2512 5781 2607 5835 6'81
2643 5790 2694 5834 et
2716 5780 2819 5833 688
2847 5779 3101 5835 interfuit.
