4028 6200
441 318 504 375 91
1149 313 1238 367 AD
1277 311 1504 366 OI’EIIA
1544 311 1600 366 S.
1645 308 1890 366 ISIDORI
1933 304 2374 363 IIlSPALENSlS
2409 307 2939 365 I’ROLEGOIIENA.
3608 315 3681 368 92

511 427 565 481 3.
605 423 803 479 ﬂorum
846 437 912 476 ex
965 436 1188 476 numero
1229 436 1325 474 sex
1363 428 1488 473 sunt
1521 419 1624 472 soli
1664 419 1777 473 veri
1818 416 2000 472 lsidori
2030 414 2080 474 Α
2107 412 2355 470 Perezius
2401 415 2573 486 Bayer
2623 432 2676 470 ιιι
2728 425 2842 472 not.
2896 416 2963 472 ad
2992 415 3128 471 Bibl.
3171 425 3277 472 vet.
3327 416 3502 486 Hisp.,
3544 419 3579 472 Ι.
3619 436 3679 484 v,

446 516 685 585 llispani,
708 514 952 570 'Isidorus
980 511 1326 580 Ilispalensis,
1354 510 1589 564 Isidorus
1629 508 2007 569 Asturicensis,

442 607 673 662 Isidorus
733 605 1117 669 Setabitanus,
1185 602 1276 670 qui
1337 601 1569 656 concilio
1624 599 1887 654 Toletauo
1936 613 2010 652 xu

440 713 582 749 anno
611 693 710 748 68I
757 693 1012 753 interluit.
1044 699 1099 745 et
1127 691 1265 745 alter
1308 691 1547 745 diversus
1571 727 1586 751 ,
1637 688 1730 755 qui
1779 687 2010 742 concilio

440 785 697 837 'l‘oletano
718 799 782 835 xv
800 797 939 834 anno
969 779 1094 845 688,
1119 788 1170 832 et
1189 794 1373 834 rursus
1395 777 1624 832 concilio
1641 776 1902 830 Toletano
1924 790 2011 828 xvt

438 889 580 927 anno
609 873 713 926 695
739 872 1070 938 subscripsit,
1102 869 1336 924 Isidorus
1367 869 1614 923 Pacensis
1633 907 1649 930 ,
1678 877 1733 922 et
1774 866 2011 921 Isidorus

439 959 705 1026 Agricola.
732 957 826 1012 IIis
847 958 970 1010 addi
994 967 1172 1024 potest
1196 957 1427 1012 Isidorus
1452 957 1671 1010 Juvenis
1694 955 2006 1017 monachus,

438 1053 638 1116 martyr
666 1045 1042 1107 Cordubensis,
1094 1060 1234 1097 anno
1274 1043 1377 1096 835
1426 1058 1455 1096 a
1509 1042 1566 1096 S.
1618 1041 1843 1108 Eulogio
1887 1040 1925 1094 l.
1956 1057 2008 1094 ιιι

437 1135 661 1190 lliemor.
693 1135 873 1189 Sanct.
907 1151 1026 1204 cap.
1062 1133 1128 1186 15
1159 1133 1426 1188 laudatus.
1456 1132 1556 1185 Alii
1590 1133 1786 1184 inventi
1811 1128 2011 1186 coniic-

438 1227 585 1293 tique
611 1233 761 1288 sunt,
787 1234 844 1277 ut
875 1225 1013 1278 inter
1040 1225 1219 1292 plures
1248 1224 1456 1278 diversa
1500 1225 1686 1280 Isidori
1717 1240 1879 1293 opera
1900 1225 2012 1278 dis-

439 1316 817 1378 tribuerentur,
846 1331 909 1370 ac
933 1316 1204 1368 distinctio
1234 1330 1353 1382 qua:
1379 1317 1428 1368 in
1456 1317 1727 1370 veteribus
1747 1317 2014 1385 exempla-

437 1403 584 1456 ribus
641 1405 924 1472 reperitur,
979 1401 1166 1457 lsidori
1213 1405 1446 1458 Senioris
1500 1415 1555 1459 et
1603 1405 1860 1472 Junioris,
1914 1422 2014 1474 pro

435 1493 586 1548 libitu
617 1495 876 1562 cujusque
909 1495 1290 1563 explicaretur.

504 1579 559 1632 4.
592 1579 796 1633 Laudat
823 1581 1035 1649 quidem
1083 1581 1392 1651 Sigebertus
1437 1599 1556 1652 cap.
1610 1582 1669 1636 δι
1714 1583 1782 1638 de
1811 1585 2009 1654 Script.

434 1672 633 1726 eccles.
665 1671 921 1726 Isidorum
959 1670 1360 1726 Curdubensem
1390 1715 1404 1738 ,
1451 1675 1536 1728 cui
1564 1676 2010 1729 commentarium

2110 520 2257 557 num.
2297 504 2425 572 l09;
2459 522 2579 560 nam
2613 509 2666 560 in
2713 505 3168 563 Escurlalensibus
3211 508 3391 563 saeculi
3422 526 3458 564 κ
3484 518 3538 564 et
3579 525 3674 564 sa:-

2111 595 2215 648 culi
2266 613 2322 650 xt
2369 597 2600 652 ineuntis
2645 597 2920 652 codicibus
2972 598 3050 651 lit.
3083 598 3148 664 ρ,
3180 597 3313 666 plut.
3351 595 3488 666 ιιι.
3523 598 3574 664 7,
3624 609 3679 652 et

2116 693 2274 760 108
2296 692 2577 759 digramm.
2607 698 2662 745 et
2688 691 2820 759 plut.
2857 691 2905 755 l,
2949 708 3001 745 ιι.
3034 689 3090 757 ‘5,
3120 692 3342 759 aliisque
3372 693 3528 759 longe
3556 698 3684 745 ante

2110 780 2444 850 Sigebertum
2493 779 2726 834 Isidorus
2781 779 3105 848 llispalensis
3154 780 3386 834 Junioris
3447 781 3602 834 titulo
3647 797 3678 836 a

2111 871 2427 938 cognomine
2467 871 2766 939 antiquiore
2805 870 2912 924 alio
2967 885 3140 938 eoque
3185 874 3448 938 scriptore
3476 870 3682 924 discer-

2112 964 2252 1015 nitur
2281 980 2293 1013 :
2326 978 2431 1014 non
2489 962 2630 1014 enim
2680 962 2866 1014 Junior
2919 961 3208 1024 diceretur,
3259 960 3363 1014 uisi
3412 960 3683 1027 antiquior

2111 1054 2246 1107 alius
2265 1053 2496 1106 Isidorus
2521 1053 2752 1121 scriptor
2773 1053 3151 1118 prmcessisset.
3177 1050 3330 1117 Quod
3350 1059 3524 1104 autem
3550 1051 3682 1106 nihil

2113 1159 2298 1197 eorum
2328 1151 2503 1196 exstet
2530 1157 2648 1211 quae
2683 1141 2916 1195 Isidorus
2951 1141 3223 1210 antiquior
3267 1141 3510 1216 scripsit,
3563 1140 3684 1194 inde

2113 1240 2344 1297 constat,
2368 1233 2510 1298 quod
2537 1247 2601 1285 ea
2623 1245 2790 1298 opera
2811 1246 2926 1299 quac
2954 1230 3262 1299 Sigebertus
3283 1239 3338 1285 et
3360 1229 3684 1284 Tritlietnius

2113 1322 2318 1376 Isidoro
2373 1321 2582 1376 Seniori
2635 1335 2731 1374 seu
2780 1320 3111 1375 Cordubensi
3165 1320 3484 1383 attribuunt,
3533 1327 3685 1372 certo

2113 1423 2238 1468 sunt
2265 1412 2452 1467 lsidori
2494 1411 2659 1464 nostri
2684 1410 3034 1479 Hispalensis.
3064 1409 3191 1464 Haec
3219 1409 3383 1464 iusius
3412 1407 3690 1471 Perezius,

2113 1504 2205 1573 qui
2249 1503 2612 1572 prtemiserat,
2659 1500 2824 1554 verba
2876 1499 3124 1553 Mariana:
3162 1507 3530 1568 argumentum
3583 1498 3692 1552 hoc

2115 1594 2417 1648 exhaurire.

2185 1683 2236 1736 7.
2265 1681 2689 1736 Commemorari
2717 1695 2935 1754 quoque
2963 1679 3124 1732 debet
3161 1681 3424 1732 sententia
3468 1677 3694 1732 Joannis

437 1762 490 1814 in
548 1762 713 1815 libros
762 1761 966 1828 Regum
1011 1762 1233 1815 tribuit:
1269 1763 1421 1832 107
1469 1779 1536 1818 ex
1580 1779 1686 1832 Quo
1735 1765 2009 1818 architecti
2045 1780 2091 1841 Β
2119 1772 2358 1842 Ᾰζείἀίὶ,
2409 1771 2478 1824 de
2531 1785 2640 1838 quo
2689 1771 2801 1823 lnec
2855 1769 2970 1822 Nic.
3003 1768 3274 1821 Antonius
3305 1767 3340 1820 1.
3372 1784 3404 1821 v
3435 1765 3692 1820 Bibliotb.

435 1850 834 1917 suppositarum
882 1850 1259 1906 chronicorum
1309 1867 1492 1906 ansam
1539 1856 1906 1920 arripuerunt,
1955 1861 2014 1907 ut

435 1943 598 1996 etiam
647 1941 782 1996 duos
835 1941 1066 1997 Isidoros
1094 1942 1469 1998 Cordubenses
1495 1943 1897 2012 contingerent,
1949 1959 2014 1998 ac

437 2037 604 2090 multa
642 2036 709 2090 de
759 2036 823 2090 iis
879 2036 1432 2090 comminiscerenlur.
1473 2037 1542 2091 At
1594 2037 1709 2091 Nic.
1749 2038 2016 2091 Antonius

437 2139 544 2177 non
576 2124 780 2178 levibus
833 2125 1130 2179 rationibus
1171 2126 1496 2194 suspicatur,
1550 2127 1754 2182 nullum
1799 2128 2013 2195 quidem

435 2215 600 2268 fuisse
628 2215 885 2269 Isidorum
927 2214 1230 2284 liujusmodi
1257 2217 1660 2273 Cordubensem
1689 2237 1700 2272 :
1731 2220 1824 2274 sed
1857 2220 2010 2286 Sige-

436 2305 648 2358 bertum
676 2305 856 2358 sazculi
884 2321 958 2358 xu
985 2305 1303 2374 scriptorem
1331 2306 1614 2375 deceptum
1644 2307 1827 2372 fuisse,
1869 2308 2012 2376 quod

437 2396 490 2449 in
523 2396 753 2465 quodam
777 2411 1043 2457 sermone,
1087 2397 1224 2450 inter
1251 2396 1308 2450 S.
1338 2397 1619 2464 Augustini
1648 2395 1820 2466 Opera
1842 2398 2009 2460 edito,

438 2485 517 2540 De
557 2489 906 2556 assumptione
949 2488 1135 2542 Mariae
1176 2487 1402 2558 Virginis
1450 2489 1654 2557 legerit,
1697 2489 1881 2545 lsidori
1919 2507 2012 2545 cu-

435 2577 639 2646 jusdam
669 2578 831 2632 verba
859 2577 1096 2645 allegari.
1140 2577 1206 2631 Et
1235 2593 1356 2632 cum
1380 2594 1516 2648 opus
1562 2579 1746 2634 lsidori
1782 2581 1850 2635 de
1876 2581 2009 2635 alle-

435 2669 599 2738 goriis
628 2667 817 2724 Oresio
844 2671 1077 2728 dicatum
1125 2673 1195 2726 sit
1218 2713 1235 2739 ,
1274 2672 1450 2741 potuit
1477 2673 1560 2726 bis
1586 2673 1654 2727 de
1681 2673 1857 2728 causis
1885 2688 2006 2743 per-

436 2760 640 2816 moveri
694 2759 1038 2830 Sigebertus,
1090 2771 1148 2816 ut
1192 2761 1451 2819 Isidorum
1483 2761 1782 2833 Ilispalensi
1827 2774 2011 2821 nostro

438 2850 796 2918 antiquiorem
827 2851 1198 2920 tequalemque
1226 2853 1528 2924 Augu~tino
1550 2861 1619 2910 et.
1634 2853 1802 2910 Paulo
1821 2853 2011 2909 Orosio

437 2943 783 3008 excogitant.
829 2941 1004 2996 Adisis
1026 2941 1283 2999 Bibliotb.
1317 2951 1426 2997 vet.
1458 2941 1607 3011 l'l‘sp.
1635 2942 1673 2998 Ι.
1699 2959 1778 3009 ιιι,
1805 2959 1924 3012 cap.
1955 2943 2009 3008 2,

439 3045 494 3084 ιι.
522 3027 594 3083 52
619 3039 672 3084 et
707 3045 822 3098 seq.
853 3029 962 3084 Cur
993 3031 1302 3100 Sigebertus
1349 3031 1610 3088 Isidorum
1657 3032 1808 3086 illum
1853 3048 2007 3088 suum

2110 1871 2244 1927 vet.,
2275 1879 2331 1915 ιι.
2364 1860 2466 1914 I09
2497 1877 2510 1912 :
2541 1859 2618 1912 De
2647 1857 2851 1912 Isidoro
2890 1857 3240 1919 Cordubensi,
3297 1874 3442 1926 quem
3495 1860 3697 1925 primus

2114 1953 2412 2025 Sigebertus
2455 1951 2632 2004 laudat
2661 1949 3059 2011 Gemblaceasis,
3101 1948 3296 2002 Dexter
3342 1959 3509 2001 autem
3542 1950 3693 2016 (sup-

2112 2042 2397 2113 posititius)
2427 2059 2558 2094 unus
2588 2038 2828 2094 Chronici
2857 2049 3118 2092 auctorem
3146 2040 3330 2108 ﬁnxit,
3358 2041 3492 2109 quod
3521 2057 3684 2108 supra

2112 2131 2453 2187 commodiore
2484 2134 2594 2182 loco
2623 2129 2835 2190 dictum,
2863 2143 2998 2179 nunc
3043 2143 3145 2180 non
3190 2137 3359 2196 repeto
3383 2144 3400 2181 :
3423 2137 3694 2180 contentus

2111 2221 2208 2275 hoc
2234 2222 2397 2275 solum
2423 2229 2674 2273 annotare
2709 2219 2792 2271 hic
2835 2218 3212 2288 adjungereque
3240 2217 3362 2270 olim
3403 2218 3465 2270 de
3494 2217 3691 2272 Cordu-

2113 2313 2288 2378 bensi,
2319 2329 2381 2365 ac
2408 2312 2645 2374 Seniore,
2688 2319 2745 2362 ut
2783 2309 2948 2372 audit,
3002 2309 3205 2362 Isidoro
3244 2311 3411 2369 dictis,
3437 2309 3692 2363 Joannem

2113 2401 2386 2472 Afyidium
2412 2401 2774 2453 Zamorensem
2811 2397 3250 2463 Franciscanum,
3288 2401 3374 2466 qui
3417 2401 3694 2452 innumera

2111 2491 2236 2544 vidit
2263 2499 2310 2543 et
2333 2489 2598 2543 annotavit
2638 2489 2700 2540 de
2723 2486 2977 2557 Hispanis
3014 2489 3162 2540 rebus
3183 2527 3199 2551 ,
3232 2497 3279 2540 et
3306 2489 3362 2540 in
3393 2490 3691 2541 adversaria

2111 2597 2206 2633 sua
2237 2579 2406 2632 adhuc
2453 2577 2650 2631 inedita
2701 2577 2956 2647 conjecit,
3018 2577 3224 2630 nonnisi
3269 2577 3396 2630 duos
3455 2575 3692 2632 Isidoros

2113 2678 2337 2724 tractatu
2383 2669 2708 2722 laudatorum
2766 2667 3190 2721 Aduersoriorum
3235 2677 3379 2721 sexto
3427 2669 3692 2736 agnovisse

2113 2761 2450 2830 laudasseque
2475 2775 2494 2814 :
2521 2767 2756 2814 nostrum
2783 2758 2976 2812 scilicet
3007 2757 3368 2827 Hispalensem
3395 2758 3689 2818 Santonum,

2111 2858 2168 2904 ut
2195 2858 2362 2915 uocat,
2403 2850 2717 2918 alterumque
2743 2845 3011 2901 «IUNIORI!
3042 2863 3074 2899 a
3116 2863 3172 2900 se
3198 2847 3387 2900 dictum
3411 2885 3424 2908 ,
3457 2849 3541 2916 qui
3583 2847 3693 2899 Pa-

2113 2941 2278 2994 censis
2307 2948 2416 3003 est,
2448 2941 2534 3010 qui
2572 2939 2640 2991 ad
2667 2937 2895 2992 Arabum
2940 2939 2996 2990 in
3040 2937 3324 3006 Hispanias
3352 2939 3693 3005 irruptionevn

2113 3047 2281 3085 rerum
2307 3031 2362 3082 in
2386 3028 2506 3083 orbe
2528 3036 2787 3100 gestarum
2812 3029 3114 3080 memoriam
3143 3028 3474 3080 continuavit.

436 3118 790 3188 antiquiorem
817 3159 834 3184 ,
883 3121 968 3174 cui
1006 3121 1116 3174 veri
1165 3119 1350 3176 Isidori
1397 3121 1725 3190 Hispalensis
1767 3122 2008 3190 quaedam
2039 3132 2085 3194 ο
2187 3120 2239 3173 8.
2287 3119 2354 3174 Ut
2377 3127 2557 3174 autem
2592 3117 2868 3172 distinctio
2895 3116 3081 3172 Isidori
3112 3116 3348 3170 Senioris
3375 3124 3432 3168 et
3457 3115 3696 3170 Junioris

435 3224 600 3277 opera
648 3205 964 3276 attingeret,
1008 3209 1384 3264 Cordubensem
1439 3210 1711 3279 appellare
1745 3209 2006 3276 voluerit,

436 3298 577 3352 nulla
601 3297 790 3353 idonea
817 3298 1098 3367 conjicitur
1120 3300 1346 3354 ratione.
1375 3299 1664 3364 Florezius,
1689 3299 1781 3367 qui
1804 3308 1934 3354 tom.
1966 3299 2009 3352 Χ

437 3382 588 3454 Ilisp.
615 3400 756 3440 sacr.
787 3385 1045 3441 Isidorum
1076 3385 1474 3442 Cordubensem
1509 3403 1540 3441 a
1568 3386 1851 3456 Sigeberto
1880 3403 2010 3440 cou-

437 3474 620 3530 tictutn
649 3485 875 3540 censet,
922 3477 1245 3546 suspicatur,
1297 3491 1366 3532 ex
1419 3477 1636 3532 nomine
1681 3478 2010 3532 Camotensis

437 3565 718 3634 deceptum
748 3565 1082 3634 Sigebertum
1101 3607 1115 3632 ,
1147 3575 1206 3620 ut
1252 3568 1521 3621 seniorem
1552 3568 1697 3622 illum
1748 3567 2009 3623 Isidorum

434 3652 838 3709 Cordubensetn
886 3656 1196 3726 episcopum
1236 3664 1496 3712 statueret
1526 3675 1540 3710 ε
1570 3673 1694 3711 nam
1723 3673 1902 3713 sermo
1944 3658 2012 3714 de

436 3745 806 3812 assumptione
852 3745 1030 3799 Maria:
1067 3745 1322 3814 Virginis,
1377 3749 1471 3816 qui
1511 3748 1643 3802 olim
1687 3758 1806 3803 erat
1848 3747 1919 3802 85
1945 3749 2012 3804 de

434 3835 645 3890 Sanctis
665 3835 803 3890 inter
821 3833 993 3903 Opera
1013 3837 1314 3904 Augustini,
1331 3836 1522 3893 deinde
1538 3836 1606 3892 85
1622 3837 1672 3892 in
1693 3837 2008 3907 appendice,

432 3934 489 3978 et
511 3925 563 3979 in
587 3925 821 3980 editione
835 3924 1196 3980 Mauriuorum
1221 3924 1346 3994 208,
1369 3943 1400 3982 a
1427 3929 1689 3996 theologis
1713 3928 2013 3984 Lovanien-

434 4014 582 4070 sibus
633 4012 886 4072 Fulberto
954 4015 1272 4072 Caruotensi
1320 4019 1591 4072 tribuitur.
1645 4019 1776 4082 Quae
1833 4029 2010 4074 tamen

433 4104 595 4172 longe
621 4115 830 4160 semota
873 4115 1019 4159 esset
1068 4107 1283 4161 errandi
1331 4109 1582 4172 occasio,
1639 4123 1764 4162 cum
1817 4118 2012 4164 auctor

437 4193 716 4248 Sermonis
746 4210 851 4248 non
881 4193 1091 4248 dicatur
1121 4195 1376 4260 Isidorus,
1432 4196 1527 4250 sed
1566 4197 1618 4250 in
1645 4211 1897 4252 sermone
1919 4196 2012 4252 iiut

433 4282 622 4342 lsidori
652 4285 872 4337 mentio.
1161 4323 1166 4326 .
1548 4281 1569 4293 ⁸

507 4373 559 4426 5.
597 4371 709 4425 Hac
757 4373 808 4424 in
859 4387 917 4425 re
965 4371 1214 4426 Mariana:
1240 4373 1520 4442 judicium,
1567 4376 1710 4443 quod
1737 4376 2011 4434 Florezius

2116 3213 2167 3264 in
2194 3210 2337 3264 bono
2367 3208 2566 3262 lumine
2589 3207 2904 3271 collocetur,
2944 3205 3177 3258 breviter
3225 3204 3475 3258 iudicabo
3505 3216 3692 3260 vetera

2114 3302 2464 3371 exemplaria.
2513 3309 2568 3354 et
2595 3313 2760 3368 opera
2795 3298 2961 3352 nostri
3009 3295 3195 3350 Isidori
3244 3294 3595 3363 Iiispalensis,
3636 3297 3695 3348 in

2113 3393 2305 3461 quibus
2324 3390 2485 3446 modo
2501 3389 2711 3452 Senior,
2727 3387 2886 3441 modo
2905 3385 3093 3440 Junior
3116 3385 3431 3454 appellatur.
3453 3381 3691 3437 Joannes

2117 3483 2356 3547 Vasaaus,
2404 3481 2494 3548 qui
2543 3478 2803 3532 Isidorum
2853 3475 3218 3545 llispalensem
3273 3473 3545 3526 Juniorem
3585 3473 3690 3526 dici

2114 3583 2268 3644 putat
2293 3581 2518 3642 propter
2544 3570 2806 3626 Isidorum
2837 3565 3236 3620 Cordubensem
3263 3604 3276 3628 ,
3326 3563 3414 3632 qui
3449 3572 3694 3632 tempore

2113 3663 2271 3718 Orisii
2325 3661 2586 3727 ﬂoruerit,
2643 3659 2868 3722 asserit,
2923 3673 3044 3727 cap.
3091 3656 3125 3712 4
3169 3656 3362 3712 Annal.
3422 3655 3594 3725 Hisp.,
3637 3657 3690 3708 in

2114 3755 2290 3808 fronte
2338 3750 2792 3822 Etymologiarum
2843 3747 3032 3804 Isidori
3079 3747 3180 3815 legi
3210 3766 3222 3799 :
3257 3746 3448 3814 Incipit
3472 3748 3690 3817 epistola

2115 3841 2311 3898 Isidori
2357 3839 2589 3895 Junioris
2619 3837 2947 3909 Hispalensis
2989 3839 3211 3909 episcopi
3249 3839 3316 3891 ad
3362 3836 3691 3890 Brauliouem

2114 3935 2638 4003 Cmaraugustauum
2689 3930 3002 3998 episcopum.
3058 3927 3174 3980 Non
3213 3927 3447 3996 explicat
3478 3927 3692 3982 Va-mus

2113 4041 2178 4079 ex
2209 4039 2318 4092 quo
2347 4019 2642 4087 exemplari
2671 4018 2812 4071 hunc
2852 4018 3062 4070 titulum
3101 4018 3453 4085 excerpserit.

2185 4113 2238 4164 9.
2267 4109 2456 4164 Junior
2483 4106 2676 4160 dicitur
2721 4105 2954 4158 Isidorus
2993 4113 3176 4160 uoster
3216 4106 3269 4159 iu
3315 4103 3515 4159 Codice
3543 4102 3694 4157 Vati-

2114 4217 2252 4257 cano
2283 4200 2407 4264 202,
2437 4199 2506 4252 de
2531 4211 2639 4265 quo
2669 4211 2789 4265 cap.
2843 4195 2912 4250 95
2961 4210 3112 4264 agam
3137 4235 3152 4258 ,
3190 4196 3280 4251 ubi
3308 4195 3424 4264 ejus
3447 4197 3586 4250 dicta
3618 4209 3692 4249 ex

2114 4293 2264 4347 libris
2307 4290 2374 4344 de
2401 4287 2602 4342 Olliciis
2629 4285 3006 4340 ecclesiasticis
3035 4283 3400 4353 proferuntur.
3421 4282 3605 4338 Codex
3637 4283 3692 4336 in

2112 4384 2280 4439 Gallia
2329 4380 2540 4434 videtur
2576 4377 2805 4445 scriptus
2849 4375 3046 4430 saeculo
3101 4391 3155 4440 ς,
3201 4376 3436 4430 circiter.
3483 4372 3688 4427 Contra

434 4472 567 4518 tom.
601 4461 711 4518 Vlll
752 4461 900 4531 llisp.
931 4460 1110 4529 Sam,
1139 4471 1291 4519 tract.
1321 4463 1412 4529 27,
1442 4467 1672 4535 append.
1703 4466 1759 4534 τὶ,
1792 4485 1844 4538 p.
1875 4467 1998 4533 275,
2037 4496 2081 4554 υ
2118 4482 2170 4534 in
2199 4472 2398 4530 Codice
2423 4468 2682 4522 Vaticano
2709 4464 2805 4518 6M
2839 4466 3034 4520 saeculo
3077 4481 3130 4520 ιιι
3172 4473 3328 4554 ιιιιιᾳι
3365 4463 3590 4532 scripto,
3619 4463 3688 4516 de

434 4555 636 4624 primus
666 4555 918 4622 vulgavit,
947 4555 1209 4622 ejusmodi
1239 4563 1350 4621 est;
1399 4557 1728 4612 eruditorum
1751 4560 2006 4628 opinione

433 4655 705 4714 receptum
731 4659 870 4707 esse,
897 4651 1005 4698 tres
1026 4643 1258 4699 Isidoros
1278 4646 1327 4698 in
1351 4643 1601 4715 Hispania
1623 4646 1784 4702 fuisse
1804 4648 2010 4704 nobiles

432 4751 552 4790 cum
593 4736 812 4803 primis:
844 4735 1228 4790 Connuncnsuu
1250 4775 1264 4798 ,
1297 4752 1444 4805 quem
1482 4737 1671 4790 uixisse
1703 4737 2008 4796 Trithomiu;

434 4825 509 4878 ait
536 4823 626 4876 sub
653 4823 883 4878 Honorio
913 4827 1115 4878 circiter
1142 4827 1323 4879 salutis
1353 4843 1544 4880 annum
1568 4827 1689 4893 420,
1715 4830 2009 4884 Hispalen-

433 4932 534 4971 seu
565 4915 797 4986 Gregorii
831 4915 1014 4986 Magni
1043 4918 1322 4986 tt’qualem;
1368 4926 1519 4988 atque
1561 4917 1838 4975 PACENSEI
1861 4962 1876 4983 ,
1917 4923 2004 4991 qui

431 5024 536 5077 auo
563 5011 807 5063 rsuram:
834 5022 1070 5070 VIXERIT,
1110 5007 1388 5060 dubitatur.
1423 5009 1763 5065 Cordubensis
1800 5011 1999 5068 SENIOR

434 5111 643 5156 vocatur
661 5115 680 5154 :
704 5097 940 5154 dumosis
969 5100 1246 5167 appellatio
1275 5100 1468 5153 duobus
1514 5103 1876 5169 posterioribus
1901 5122 2003 5158 an-

436 5189 668 5256 tiquioris
697 5187 1081 5256 comparatione
1120 5187 1268 5255 vulgo
1298 5186 1450 5239 datur
1476 5227 1491 5254 ,
1545 5187 1846 5258 Ilispalensi
1899 5195 2004 5262 fre-

433 5277 688 5346 quentius.
712 5275 1050 5329 Cordubensis
1073 5275 1198 5328 nihil
1219 5277 1420 5345 scripsit
1440 5277 1574 5347 quod
1602 5286 1780 5344 exstet,
1800 5283 2003 5337 tametsi

433 5369 667 5439 quedam
693 5368 770 5420 illi
800 5367 1106 5420 Trithentius
1152 5366 1418 5431 attribuit;
1449 5367 1778 5437 Hispalensis
1801 5371 1962 5424 multa
1985 5413 2013 5441 ,.

437 5467 588 5530 atque
613 5460 746 5512 inter
773 5459 875 5511 alia
901 5456 964 5510 ab
1001 5459 1214 5510 exordio
1258 5458 1436 5511 mundi
1463 5474 1620 5527 usque
1656 5458 1726 5512 ad
1773 5462 2006 5531 quintum

437 5565 629 5602 anitum
668 5549 944 5604 Suintliilta
995 5546 1277 5602 Gothorum
1331 5549 1464 5618 regis
1508 5565 1706 5603 summa
1761 5551 2004 5605 brevitate

435 5636 744 5692 Chronicou.

509 5729 558 5781 t3.
595 5729 894 5785 Doclissimi
946 5731 1042 5788 viri
1089 5731 1345 5800 judiciqu
1378 5729 1568 5802 probat
1615 5731 2002 5803 confirmatque

2111 4582 2220 4637 quo
2249 4577 2373 4630 cap.
2403 4557 2490 4624 94,
2517 4563 2741 4611 vocatur
2781 4554 2969 4609 Senior
3007 4555 3061 4607 in
3091 4554 3242 4607 titulo
3269 4551 3688 4617 Prommiorum,

2110 4659 2205 4715 sed
2235 4657 2309 4708 ita
2360 4659 2420 4705 ut
2457 4649 2631 4704 eidem
2673 4645 2885 4700 Seniori
2935 4644 3137 4699 Isidoro
3181 4643 3296 4698 libri
3337 4644 3684 4710 Oiliciorum,

2110 4748 2262 4805 etde
2311 4742 2446 4797 Ortu
2497 4746 2553 4794 et
2589 4736 2748 4791 Obitu
2780 4734 2994 4789 Patrum
3035 4735 3352 4789 tribuantur.
3403 4734 3457 4790 In
3484 4735 3687 4792 Codice

2111 4830 2466 4891 Escurialensi
2530 4825 2984 4899 Etytuologiarum
3045 4826 3224 4879 szeculi
3288 4841 3378 4890 ιι,
3445 4826 3512 4880 de
3575 4843 3684 4896 quo

2117 4927 2274 4995 109
2297 4923 2419 4978 vide
2447 4935 2564 4988 cap.
2595 4917 2684 4979 55,
2717 4915 3014 4984 appellatur
3052 4913 3260 4970 Iunior.
3306 4915 3448 4969 Idem
3475 4917 3682 4984 epithe-

2111 5025 2205 5070 ton
2256 5012 2503 5066 tribuitur
2543 5009 2748 5063 lsidoro
2797 5007 2850 5060 iu
2903 5005 3179 5061 codicibus
3225 5006 3404 5060 saeculi
3459 5023 3548 5062 xm
3591 5017 3687 5062 aut

2108 5119 2250 5173 seq.,
2280 5102 2474 5170 quibus
2501 5098 2790 5154 cbrouicon
2815 5097 3185 5151 continuatum
3222 5104 3276 5150 et
3305 5096 3680 5164 interpolatum

2109 5192 2438 5258 continetur,
2482 5193 2548 5244 de
2573 5189 2768 5256 quibus
2811 5203 2930 5255 cap.
2973 5186 3061 5238 78.
3103 5185 3292 5240 Iunior
3336 5203 3550 5256 quoque
3579 5206 3676 5241 vo-

2108 5291 2258 5336 catur
2282 5279 2513 5334 Isidorus
2534 5279 2587 5331 in
2613 5276 2984 5345 antiquissimo
3012 5274 3212 5329 Codice
3233 5274 3492 5330 Vaticano
3515 5276 3681 5342 532i,

2107 5368 2434 5424 recensendo
2459 5381 2580 5436 cap.
2609 5365 2698 5431 96,
2718 5366 2771 5420 in
2792 5380 2898 5434 quo
2917 5371 3042 5416 sunt
3061 5362 3370 5417 dilferentiae
3391 5364 3674 5419 verborum

2106 5457 2295 5512 ordine
2339 5457 2671 5520 litterarum;
2705 5455 2757 5507 in
2804 5453 3093 5507 recentiori
3127 5452 3382 5507 Vaticano
3433 5452 3590 5519 452⁵1,
3622 5454 3674 5507 ιιι

2105 5562 2212 5616 quo
2241 5553 2366 5600 sunt
2401 5545 2521 5600 libri
2550 5544 2656 5599 duo
2697 5552 2886 5597 contra
2912 5541 3144 5608 Judaeos,
3189 5541 3255 5596 de
3281 5557 3390 5610 quo
3431 5557 3549 5610 cap.
3583 5542 3664 5602 97,

2108 5639 2158 5692 in
2212 5637 2629 5705 chiovaticano
2678 5633 2780 5686 994
2809 5675 2823 5700 ,
2877 5633 2944 5688 de
2993 5649 3102 5702 quo
3151 5649 3270 5703 cap.
3317 5633 3448 5699 100,
3495 5633 3674 5688 saeculi

2108 5748 2179 5796 xi,
2231 5740 2286 5786 ut
2337 5730 2562 5795 videtur,
2621 5729 2670 5782 in
2711 5742 2817 5797 quo
2863 5737 2984 5782 sunt
3027 5728 3144 5783 libri
3196 5726 3671 5797 Etymologiaruui,
