4012 6196
328 267 398 320 93
1361 263 1771 320 ISIDORIANA.
1810 291 1880 302 —

2015 261 2094 319 BS
2132 263 2169 318 1.
2211 263 2362 320 CAP.
2406 264 2568 321 XVII.
3520 269 3588 324 9t

330 378 380 428 in
419 372 747 442 liegiovatic.
775 371 882 426 5l0
911 371 1040 427 ibid.
1093 370 1356 443 Incipiunt
1400 372 1720 443 Diﬂ'crentite
1747 374 1903 443 spiri-
1928 379 1978 434 Α
2007 375 2320 440 mianensis,
2344 377 2413 431 ab
2441 375 2643 432 Isidoro
2666 375 2966 446 llispaleusi
3016 377 3069 431 in
3099 376 3236 432 libro
3273 377 3340 432 de
3371 376 3481 431 \‘ir.
3523 375 3592 432 ιι-

327 466 498 519 tuales
529 461 722 518 Isidori
743 464 967 534 episcopi
990 461 1223 518 Junioris
1248 465 1572 535 Spaniensis.
1603 464 1671 518 Et
1697 480 1900 528 rursus,

329 553 524 624 Incipit
556 555 958 626 Soliloquiorum
988 554 1180 609 Isidori
1207 555 1438 609 .Innioris
1469 555 1737 626 Spalensis
1764 556 1902 624 epis-

326 647 466 714 copi.
501 644 692 698 Junior
734 647 895 698 etiam
933 645 1130 699 dicitur
1158 645 1389 701 lsidorus
1417 645 1469 700 in
1499 645 1684 702 codice
1709 644 1906 712 Regio-

324 738 577 790 vaticano
608 735 731 799 846,
764 735 918 799 ibid.,
965 737 1090 789 dum
1123 736 1418 808 fiagmenta
1449 736 1904 806 Etymologiarum

322 823 740 879 exscribuntur:
769 824 858 891 qui
887 823 1104 894 quidem
1154 825 1338 878 Codex
1382 824 1578 880 sazculo
1607 839 1694 877 vtu
1724 831 1905 892 poste—

325 918 441 969 rior
492 931 598 969 non
647 914 877 969 videtur.
925 915 1112 969 Junior
1139 930 1354 983 quoque
1385 925 1613 968 vocatur
1651 915 1702 967 in
1754 914 1906 968 titulo

322 1005 566 1059 chronici
613 1002 827 1057 Codicis
872 1001 1096 1056 Palatini
1126 1003 1246 1070 959,
1299 1019 1415 1074 cap.
1452 1001 1584 1068 102,
1615 1004 1664 1056 in
1696 1002 1864 1056 Gallia
1891 1044 1906 1068 ,

325 1103 384 1146 ut
415 1095 646 1158 videtur,
671 1093 875 1146 exarati
903 1093 1100 1146 saeculo
1131 1110 1183 1156 x,
1209 1094 1443 1147 circiter.
1476 1092 1530 1145 in
1555 1091 1660 1145 ﬁne
1689 1093 1906 1162 litymo-

325 1182 589 1249 logiarum
625 1181 824 1234 codicis
855 1179 1125 1234 Urbinatis
1155 1181 1423 1236 chartacei
1455 1179 1579 1244 479,
1615 1197 1736 1250 cap.
1784 1180 1906 1246 101,

324 1270 533 1324 Ysidori
567 1269 819 1328 Junioris.
845 1281 952 1325 etc.
977 1268 1035 1323 In
1057 1269 1238 1323 Ottoh.
1267 1270 1388 1324 cod.
1419 1269 1522 1324 5'56
1552 1269 1908 1340 Etymologia-

322 1377 442 1414 rum
467 1362 645 1415 seculi
668 1377 779 1426 xw,
801 1361 891 1415 cir.
912 1361 1030 1425 iter,
1059 1377 1108 1414 c.
1133 1359 1257 1428 105,
1285 1360 1492 1416 Ysidori
1510 1361 1743 1414 Iunioris
1763 1403 1778 1424 ,
1801 1369 1904 1414 etc.

322 1453 426 1504 Alii
451 1450 680 1506 Codices
703 1459 855 1504 extra
878 1450 1263 1506 Bibliothecaui
1284 1451 1595 1505 Vaticanam
1626 1467 1729 1504 non
1755 1450 1910 1504 dissi-

320 1541 434 1594 mili
463 1540 625 1593 modo
653 1540 884 1594 Junioris
917 1540 1126 1595 titulum
1150 1540 1353 1596 lsidoro
1381 1549 1568 1596 nostro
1591 1541 1865 1595 ascribunt
1893 1557 1904 1594 :

322 1639 374 1683 ut
419 1629 591 1684 codex
639 1628 894 1685 Lucensis
947 1630 1203 1685 librorum
1233 1642 1419 1685 contra
1446 1629 1676 1692 Judteos,
1708 1632 1774 1683 de
1801 1646 1909 1700 quo

2006 465 2156 516 lustr.
2206 465 2499 519 recensitus
2523 507 2539 531 ,
2586 465 2663 520 sic
2704 467 3089 520 commendat:
3127 463 3268 519 Nam
3308 468 3383 519 vir
3431 468 3587 520 etiam

2004 557 2388 620 sanctissimus,
2435 565 2484 609 et
2522 572 2724 625 magna:
2760 556 2810 608 in
2841 553 3077 610 Ecclesia
3131 557 3310 626 gloria:
3357 553 3589 609 Isidorus

2005 645 2263 715 presbyter
2288 643 2571 716 Egyptius
2607 646 2888 714 Pelusiota,
2911 664 3055 717 quem
3084 647 3186 700 duo
3215 647 3377 700 millia
3404 647 3591 715 episto-

2005 738 2171 790 larum
2199 738 2265 790 ad
2286 739 2680 807 wdificationem
2707 737 2951 791 Ecclesia:
2979 738 3122 790 multi
3144 740 3412 807 scripsisse
3437 755 3589 791 nove-

2007 836 2159 890 runt,
2191 828 2274 893 qui
2301 829 2455 879 etiam
2484 844 2576 895 pro
2605 828 2716 880 vita:
2744 843 2803 878 ac
2833 829 3100 896 sapientiae
3139 842 3248 880 sua:
3276 828 3467 879 meritis
3491 867 3506 888 ,
3538 836 3592 877 ut

2008 928 2151 987 pater
2175 918 2238 972 ab
2266 919 2378 986 ipso
2407 917 2600 987 Cyrillo
2627 927 2676 968 et
2720 917 2995 968 honoratus
3033 926 3107 969 est
3136 923 3184 968 et
3216 925 3449 977 vocatus,
3483 923 3589 968 etc.

2008 1008 2204 1064 Confer
2246 1009 2487 1063 Natalem
2519 1009 2878 1062 Alexandrum
2914 1007 3046 1060 Hist.
3077 1008 3268 1062 eccles.
3303 1008 3489 1069 smcul,
3518 1024 3590 1066 Iv,

2010 1113 2110 1156 art.
2143 1104 2175 1154 9
2201 1146 2216 1168 ,
2256 1120 2375 1173 cap.
2408 1102 2458 1157 4.
2493 1101 2693 1156 Pt‘odiit
2721 1101 3006 1168 Gottinga},
3034 1116 3175 1153 anno
3206 1099 3362 1165 i757,
3394 1099 3591 1151 disSer-

2010 1196 2140 1248 latio
2185 1194 2552 1260 Christopbori
2604 1192 2883 1259 Augustini
2933 1190 3229 1244 llcumanni
3259 1189 3336 1242 De
3384 1189 3592 1241 Isidoro

2011 1284 2274 1337 Pelusium
2326 1284 2532 1352 ejusque
2583 1282 2842 1351 epistolis,
2893 1298 3016 1351 quas
3064 1283 3343 1332 maximam
3400 1288 3594 1346 partem

2011 1374 2220 1442 ﬁctitias
2265 1390 2374 1428 esse
2411 1373 2812 1438 demonstratur,
2839 1371 2992 1437 digna
3016 1411 3031 1435 ,
3061 1379 3120 1423 ut
3169 1371 3220 1422 in
3267 1369 3595 1422 Bibliotheca

2011 1463 2210 1517 selecta
2239 1464 2488 1517 observat
2529 1463 2597 1516 cl.
2632 1461 2878 1516 Zaccaria
2906 1500 2919 1522 ,
2953 1477 3070 1528 qua:
3100 1476 3128 1514 a
3161 1461 3274 1512 viro
3326 1461 3484 1512 docto
3514 1473 3587 1512 re-

2013 1553 2243 1606 fellatur.
2270 1551 2402 1606 Cum
2432 1551 2621 1605 Isidori
2651 1551 2931 1606 Pelusiota:
2963 1565 3153 1604 nomen
3186 1549 3590 1604 celeberrimum

2013 1643 2065 1698 in
2111 1643 2348 1698 Ecclesia
2391 1643 2500 1710 jam
2529 1651 2694 1706 esset,
2719 1658 2827 1710 quo
2858 1650 3102 1711 tempore
3149 1639 3380 1695 lsidorus
3410 1638 3601 1706 Hispa—

319 1737 441 1788 cap.
469 1720 559 1781 45,
594 1736 740 1773 num.
773 1719 878 1783 48;
910 1719 1093 1775 Codex
1113 1719 1393 1775 Chi-ianus
1424 1720 1900 1791 Etymologiarum,

2015 1734 2165 1787 lensis
2192 1732 2485 1795 scribebat,
2529 1732 2658 1786 nihil
2701 1733 2892 1784 mirum
2921 1741 3003 1785 est
3031 1732 3073 1784 si
3119 1731 3372 1800 operibus
3399 1728 3557 1795 huius
3585 1777 3598 1800 ,

318 1812 387 1862 de
407 1826 516 1880 quo
545 1825 666 1878 cap.
700 1808 790 1873 45,
817 1825 966 1864 uum.
996 1808 1064 1876 2;
1097 1810 1496 1878 antiquissimus
1524 1807 1771 1862 Cmsenas
1794 1807 1902 1861 Ma-

318 1899 565 1952 latestius
606 1896 1059 1968 Etymologiarum
1078 1938 1094 1964 ,
1142 1898 1210 1953 de
1234 1914 1340 1968 quo
1369 1913 1489 1968 cap.
1519 1896 1622 1966 45,
1673 1913 1818 1951 num.
1849 1896 1901 1950 6.

318 1992 378 2045 In
416 1991 617 2046 Codice
641 1990 696 2055 2,
751 1991 975 2044 art-bivii
1027 1989 1305 2055 Vaticani,
1357 1989 1424 2043 de
1465 2004 1572 2057 quo
1597 2003 1715 2060 cap.
1769 1987 1901 2050 107,

318 2081 673 2152 Ειςιιιοιοςίιῐξ
695 2079 888 2134 Isidori
925 2079 1156 2134 Junioris
1180 2120 1195 2143 ,
1241 2089 1346 2134 etc.
1378 2079 1435 2132 lu
1465 2079 1665 2133 Codice
1693 2077 1903 2145 collegii

320 2172 574 2244 Romani,
607 2171 761 2236 ibid.,
799 2170 1107 2224 Chronicon
1137 2169 1323 2224 Isidori
1344 2167 1598 2222 iunioris.
1630 2166 1763 2235 Cap.
1797 2165 1864 2219 55
1887 2207 1904 2233 ,

318 2278 469 2316 num.
506 2260 567 2314 t8
597 2269 651 2312 et
680 2260 767 2320 l9,
798 2260 905 2313 duo
927 2268 1222 2313 occurrunt
1241 2259 1565 2328 exemplaria
1597 2257 1902 2311 Florentina

317 2350 783 2422 Etymologiarum
814 2347 1010 2402 Isidori
1037 2347 1292 2404 Junioris.
1328 2350 1457 2419 Cap.
1502 2348 1624 2402 eod.
1655 2345 1726 2401 55
1755 2364 1899 2400 num.

317 2439 415 2502 2-1,
441 2439 614 2493 codex
643 2437 986 2492 Florentinus
1011 2437 1068 2492 S.
1093 2437 1301 2506 Crucis,
1327 2440 1378 2491 in
1405 2453 1512 2506 quo
1540 2445 1666 2490 sunt
1696 2435 1906 2504 Etyma-

317 2531 476 2598 μείω
499 2528 693 2582 Isidori
715 2529 962 2597 Antiqui,
991 2540 1046 2583 et
1072 2527 1307 2583 Isidorus
1335 2527 1525 2582 Iunior
1549 2527 1628 2582 De
1647 2536 1901 2595 computo.

315 2619 632 2691 Synouyma
662 2616 852 2673 Isidori
883 2617 1121 2675 Junioris
1151 2626 1393 2673 recenset
1423 2617 1687 2682 Labbeus,
1736 2625 1793 2670 ut
1821 2617 1904 2671 di-

313 2726 438 2766 cam
467 2726 594 2780 cap.
629 2708 715 2773 70,
752 2725 898 2763 num.
933 2710 986 2763 ’5.
1029 2708 1269 2778 Epistola
1319 2709 1386 2761 ad
1439 2706 1820 2761 Leudefredum
1852 2705 1903 2758 in

317 2803 523 2859 Codice
547 2801 816 2870 Vigilano,
846 2801 913 2856 de
940 2815 1047 2869 quo
1073 2815 1192 2869 cap.
1218 2799 1307 2867 75,
1332 2815 1477 2852 num.
1507 2797 1558 2862 7,
1584 2799 1799 2851 nomine
1819 2795 1906 2849 lsi-

317 2895 438 2950 dori
459 2891 1033 2949 Juniorisinscribitur.
1059 2887 1114 2945 In
1136 2891 1331 2946 Codice
1355 2890 1662 2943 Florentino
1683 2887 1738 2942 S.
1773 2885 1908 2940 Cru-

315 2987 422 3051 cis,
451 2984 521 3038 de
551 2997 658 3052 quo
686 2997 804 3050 cap.
837 2981 926 3040 76,
957 2995 1102 3034 num.
1126 2977 1178 3046 9,
1228 2979 1363 3034 liber
1385 2979 1453 3033 de
1477 2976 1671 3033 Natura
1726 2991 1905 3031 rerum

317 3077 540 3132 titulum
571 3074 760 3128 Isidori
807 3073 1040 3126 Junioris
1082 3071 1298 3125 illustris
1327 3071 1561 3126 exhibet.
1591 3067 1780 3123 Isidori
1804 3066 1900 3122 Ju-

320 3169 488 3222 nioris
526 3165 979 3234 cbronographia,
1031 3163 1146 3218 sive
1187 3162 1479 3217 chronicon
1528 3159 1793 3214 indicatur
1835 3175 1903 3213 ex

319 3258 522 3312 Codice
549 3254 827 3318 Mediceo,
872 3269 991 3323 cap.
1024 3252 1089 3304 77
1111 3294 1126 3320 ,
1157 3267 1304 3308 num.
1334 3251 1387 3304 7.
1443 3250 1502 3304 ln
1540 3249 1739 3305 Codice
1767 3246 1906 3302 Ove-

322 3348 460 3401 teusi
507 3345 689 3402 saeculi
740 3361 850 3410 xu,
896 3344 964 3398 de
1008 3358 1117 3411 quo
1165 3357 1284 3411 cap.
1337 3343 1459 3397 eod.
1495 3341 1579 3406 77,
1611 3356 1757 3395 num.
1794 3340 1862 3394 1⁸5
1891 3383 1906 3406 ,

326 3439 691 3509 corographia,
740 3437 854 3490 sive
881 3435 1082 3490 rectius
1122 3434 1546 3504 chronographia
1594 3432 1781 3486 Isidori
1809 3429 1905 3485 Ju-

326 3529 516 3582 uimis.
547 3527 606 3582 in
633 3527 830 3582 Codice
859 3513 1230 3586 Escurialensi
1281 3526 1463 3579 saaculi
1511 3540 1631 3589 xw,
1685 3525 1752 3579 de
1799 3539 1908 3594 quo

323 3634 446 3688 cap.
480 3617 589 3682 78,
637 3634 783 3672 num.
829 3615 930 3681 18,
975 3617 1268 3671 chronicon
1293 3614 1480 3668 Isidori
1509 3615 1761 3669 iunioris.

401 3711 564 3780 ιιο
593 3709 678 3761 10.
714 3708 964 3762 Marianae
996 3706 1330 3775 Baterioque
1361 3705 1584 3758 libenter
1625 3704 1908 3769 as~entior,

325 3799 560 3870 aliquem
615 3798 875 3853 lsidorum
931 3797 1134 3852 lsidoro
1190 3796 1490 3866 Hispalensi
1554 3796 1907 3864 antiquiorem

323 3891 728 3961 agnoscendum
775 3904 917 3956 esse,
949 3889 1102 3957 cujus
1141 3889 1544 3957 comparatione
1581 3886 1910 3956 Hispalensis

323 3983 513 4037 Iunior
539 3982 772 4035 dicatur.
803 3979 907 4034 Sed
937 3995 1058 4033 cum
1101 3979 1292 4033 Isidori
1335 3977 1692 4033 Cordubensis
1711 3977 1911 4030 mentio

326 4075 379 4128 in
422 4073 686 4139 catalogis
727 4070 1056 4141 Hieronymi,
1091 4069 1379 4132 Gennadii,
1414 4069 1618 4133 Isidori,
1665 4067 1911 4122 lldefonsi

322 4175 380 4221 et
407 4165 638 4218 aliorum
662 4171 904 4216 veterum
930 4161 998 4216 de
1025 4161 1376 4230 scriptoribus
1405 4158 1784 4215 ecclesiasticis
1805 4174 1911 4212 non

324 4261 603 4324 appareat,
636 4267 701 4306 ac
745 4253 947 4321 primus
988 4249 1298 4319 Sigebertus
1340 4248 1456 4316 ejus
1495 4247 1827 4312 meminerit,
1859 4254 1915 4301 et

325 4348 545 4418 quidem
578 4347 656 4401 sic
680 4345 826 4400 clare
853 4358 1060 4408 errans,
1094 4351 1151 4396 ut
1181 4340 1510 4413 Hispalensis
1549 4339 1738 4394 Isidori
1764 4354 1912 4408 qum-

327 4438 452 4489 dam
481 4449 646 4505 opera
675 4431 1014 4487 Cordubensi
1043 4430 1328 4498 adjudicet,
1356 4428 1510 4483 facile
1557 4427 1814 4492 adducor,
1854 4435 1914 4480 ut

327 4529 568 4589 credam,
591 4525 851 4581 lsidorum
875 4524 919 4579 11
927 4524 1242 4595 ispalensem
1257 4523 1524 4577 Juniorem
1545 4522 1766 4586 dictum,
1790 4519 1913 4590 quia

329 4630 458 4674 ante
506 4618 680 4688 ipsum
727 4615 987 4671 ﬂoruerat
1029 4615 1225 4671 srcculo
1255 4630 1306 4668 1v
1334 4613 1567 4668 lsidorus
1613 4610 1915 4673 Pelusiota,

326 4708 567 4778 scriptis,
595 4707 905 4772 virtutibus,
935 4706 1200 4774 rebusque
1235 4705 1398 4773 gestis
1439 4703 1491 4756 in
1538 4703 1784 4757 universa
1814 4697 1919 4753 Ec-

330 4801 498 4856 clesia
545 4797 756 4862 clarus,
785 4807 840 4851 et
868 4796 1007 4866 apud
1055 4799 1343 4864 episc0pos
1394 4793 1538 4863 ipsos
1565 4789 1883 4846 venerabilis
1903 4826 1917 4849 ,

337 4899 400 4944 ut
439 4891 514 4944 ait
557 4886 880 4957 Ephremius
907 4887 1192 4956 episcOpus
1220 4885 1585 4940 Antiochenus
1614 4883 1666 4936 in
1695 4879 1920 4952 epistola

334 4981 404 5036 ad
431 4969 726 5035 Zenobium
754 4978 1148 5034 Scholasticum
1179 4977 1320 5046 apud
1361 4974 1609 5028 Photium
1641 4973 1693 5027 in
1725 4969 1922 5024 Biblio-

337 5075 530 5135 theca;
557 5071 625 5126 de
643 5086 751 5140 quo
771 5071 934 5124 etiam
953 5068 1206 5137 Evagrius
1223 5067 1314 5120 lib.
1341 5064 1473 5120 l-list.
1495 5063 1652 5126 eccl.,
1677 5061 1921 5133 Ejusdem

333 5163 618 5220 Theodosii
646 5163 937 5232 principatu
966 5160 1152 5213 claruit
1191 5156 1423 5212 Isidorus
1443 5197 1457 5221 ,
1499 5156 1642 5218 cuius
1671 5152 1923 5207 latissima

331 5267 415 5313 est
437 5255 608 5327 gloria
630 5296 644 5317 ,
676 5263 725 5308 et
753 5253 840 5324 qui
867 5269 979 5306 cum
1021 5251 1082 5305 ob
1122 5267 1205 5305 res
1233 5262 1436 5323 gestas,
1478 5258 1582 5301 tum
1627 5246 1926 5319 eloquentia:

336 5363 500 5402 causa
530 5344 713 5416 ubique
741 5343 1043 5397 celebratur.

412 5436 504 5493 ﬂ.
556 5433 684 5488 Erat
733 5434 950 5502 quidem
997 5431 1231 5487 lsidorus
1281 5429 1549 5486 Pelusiota
1607 5428 1925 5499 Egyptius,

338 5533 501 5594 gente
530 5522 946 5583 Alexandrinus,
979 5529 1036 5577 et
1073 5521 1228 5591 juxta
1275 5518 1567 5584 Pelusium,
1590 5517 1806 5586 {Egypti
1837 5533 1926 5570 ur-

339 5617 484 5682 bem,
508 5613 843 5669 monachus:
871 5611 966 5669 sed
995 5627 1100 5667 non
1129 5613 1304 5667 minus
1331 5617 1614 5681 propterea
1641 5608 1778 5662 fama
1808 5607 1924 5676 ejus

343 5709 486 5777 apud
517 5705 742 5762 Latinos
769 5705 982 5776 vigebat
1013 5721 1029 5758 :
1059 5719 1215 5774 quem
1245 5704 1405 5759 etiam
1457 5699 1737 5755 Facundos
1784 5698 1921 5755 Her-

2008 1824 2302 1891 prarsertim
2333 1825 2421 1877 ubi
2455 1822 2782 1892 llispalcnsis
2810 1821 3048 1891 episcopi
3081 1820 3266 1875 titulus
3292 1835 3395 1872 non
3427 1817 3600 1886 praeti-

2007 1927 2240 1986 geretur,
2267 1915 2466 1986 apponi
2503 1915 2728 1983 cmperit
2767 1915 2999 1968 Junioris
3045 1913 3343 1982 inscriptio.
3399 1911 3595 1963 Deinde.

2005 2004 2162 2058 facile
2210 2001 2408 2056 librarii
2459 2011 2745 2069 utrumque
2795 2003 3004 2054 titulum
3052 2000 3319 2068 complexi
3363 2008 3506 2061 sunt,
3539 2009 3595 2054 ut

2008 2092 2270 2146 lsidorum
2295 2090 2564 2145 .luniorem
2594 2091 2886 2159 episcopum
2918 2089 2965 2142 Η
2975 2090 3280 2159 ispalensem
3312 2097 3585 2152 vocarent,

2005 2181 2249 2250 quamvis
2279 2179 2456 2233 nullus
2482 2179 2617 2233 alius
2646 2178 2881 2232 lsidorus
2931 2179 3214 2247 episcopus
3265 2174 3596 2244 llispalensis

2005 2270 2269 2325 lsidorum
2301 2276 2540 2321 nostrum
2574 2268 2931 2337 praecesserit.

2078 2361 2162 2414 12.
2191 2359 2447 2424 Quisnam
2472 2365 2648 2411 autem
2676 2365 2758 2411 est
2783 2357 3014 2410 lsidorus
3035 2354 3243 2420 Junior,
3273 2355 3425 2420 cujus
3448 2367 3596 2405 com-

2006 2449 2285 2519 paratione
2328 2445 2655 2515 l-lispalensis
2694 2445 2879 2501 Senior
2932 2445 3278 2498 nominatur?
3326 2443 3596 2505 Mariana,

2006 2538 2123 2592 Nic.
2153 2535 2433 2599 Antonius,
2460 2543 2514 2588 et
2545 2533 2800 2604 Bayerius
2828 2537 2978 2604 ιιι
3013 2532 3271 2587 lsidorum
3303 2530 3593 2584 Pacensem

2007 2624 2306 2694 llispalensi
2336 2623 2603 2677 luniarem
2635 2623 2858 2690 intelligi
2909 2629 3174 2676 aSserunt.
3227 2619 3457 2674 lsidorus
3502 2619 3597 2673 Pa-

2006 2715 2184 2770 censis
2223 2715 2357 2768 vixit
2393 2713 2590 2767 sseculo
2620 2727 2710 2765 vui
2743 2711 3142 2780 progrediente,
3172 2718 3228 2762 ut
3258 2710 3450 2778 probat
3479 2706 3595 2763 Nic.

2006 2806 2270 2861 Antonius
2299 2806 2336 2858 l.
2368 2820 2437 2869 vt,
2471 2819 2591 2873 cap.
2636 2803 2688 2867 5,
2721 2813 2777 2856 et
2805 2802 3110 2855 Chronicm
3159 2799 3347 2855 Isidori
3396 2797 3592 2866 llispa-

2005 2896 2168 2952 lensis
2212 2910 2383 2964 usque
2433 2894 2500 2950 ad
2549 2892 2818 2962 Hispaniae
2866 2908 2964 2964 per
3004 2891 3207 2946 Arabes
3258 2892 3594 2946 eversioiiem

2005 2988 2355 3044 continuavit.
2389 2985 2488 3040 Hic
2509 2993 2656 3040 certe
2697 2986 2928 3054 scriptor
2953 2993 3070 3047 est,
3115 2984 3206 3052 qui
3237 2982 3437 3037 Isidoro
3475 2979 3594 3036 llis-

2005 3081 2208 3150 palensi
2229 3079 2411 3148 junior
2440 3087 2543 3141 est,
2594 3093 2659 3132 ac
2693 3077 2869 3147 reipsa
2901 3077 2972 3130 ita
3001 3090 3031 3128 a
3061 3076 3241 3128 multis
3271 3075 3592 3144 appellatur.

2007 3171 2113 3227 Sed
2139 3173 2472 3227 contendunt
2501 3167 2766 3230 nonnulli,
2795 3166 2932 3222 alios
2959 3165 3122 3220 fuisse
3152 3164 3387 3220 lsidoros
3414 3164 3594 3235 Hispa-

2010 3263 2140 3318 lensi
2165 3260 2518 3324 recentiores,
2545 3273 2773 3330 quorum
2795 3258 2958 3312 etiam
2983 3257 3385 3325 comparatione
3409 3255 3594 3325 llispa-

2013 3355 2170 3410 lumis
2189 3353 2377 3408 Senior
2393 3361 2617 3408 vocetur
2644 3369 2656 3404 ε
2677 3354 2979 3422 producunt
2997 3349 3258 3404 lsidorum
3282 3351 3592 3418 episcopum

2009 3443 2396 3506 Setabitanum,
2430 3443 2515 3497 cui
2545 3440 2856 3495 Pellizerius
2885 3440 3077 3494 librum
3109 3437 3189 3491 De
3215 3438 3596 3509 signiﬁcatione

2010 3536 2272 3592 nominum
2301 3535 2508 3601 tribuit,
2526 3532 2880 3604 Luitprandus
2909 3531 3297 3600 supposititiam
3317 3529 3594 3584 collectio-

2011 3643 2132 3687 nem
2158 3642 2422 3682 canonum
2453 3626 2551 3680 sub
2580 3625 2764 3679 lsidori
2794 3623 3120 3686 Peccatoris,
3151 3636 3244 3676 seu
3276 3619 3593 3674 Mercatoris

2012 3719 2230 3772 nomine
2277 3717 2496 3772 editam.
2549 3716 2762 3770 Refellit
2813 3716 2909 3768 has
2957 3713 3163 3767 fabulas
3189 3712 3302 3767 Nic.
3335 3711 3600 3767 Antonius

2011 3807 2104 3859 lib.
2133 3821 2190 3858 γι
2215 3804 2348 3858 Bibl.
2381 3811 2511 3868 vet.,
2545 3819 2664 3872 cap.
2695 3803 2748 3856 5.
2784 3801 2940 3857 Liber
2980 3802 3047 3857 de
3093 3803 3472 3872 signiﬁcatione
3500 3819 3597 3856 no-

2011 3897 2206 3946 minum
2256 3901 2340 3948 est
2390 3893 2522 3947 liber
2572 3891 2756 3947 Isidori
2810 3892 3138 3961 llispalensis
3176 3892 3238 3943 de
3288 3889 3598 3945 Nominibus

2013 3983 2136 4050 legis
2182 3990 2232 4036 et
2284 3979 2718 4052 Evangetiorum,
2767 3991 2826 4035 ut
2875 3980 3090 4034 Braulio
3136 3978 3408 4047 appellat,
3438 3992 3598 4046 quem

2012 4078 2392 4149 Allegoriarum
2415 4075 2573 4144 vulgo
2605 4083 2818 4130 vocant.
2852 4073 3114 4128 lsidorum
3150 4079 3429 4126 auctorem
3479 4068 3596 4122 col-

2015 4165 2260 4220 lectionis
2321 4163 2640 4234 apocrypha:
2692 4162 3040 4216 decretalium
3113 4174 3287 4228 neque
3339 4156 3598 4213 lsidorum

2015 4255 2324 4324 episcopum
2355 4251 2745 4316 Setabitanum,
2769 4264 2944 4318 neque
2979 4249 3144 4302 ullum
3195 4247 3358 4300 alium
3405 4245 3597 4313 Hispa-

2018 4360 2142 4396 num
2169 4358 2289 4397 esse
2317 4342 2710 4397 contendimus.
2743 4340 2858 4394 Duo
2894 4347 3076 4393 autem
3124 4336 3312 4391 Isidori
3360 4332 3600 4404 episcopi

2017 4433 2312 4488 Setabitani
2354 4432 2712 4497 exstiterunt,
2745 4439 2804 4483 ut
2852 4429 3004 4484 dixi:
3045 4427 3211 4498 prior,
3254 4427 3342 4494 qui
3393 4423 3600 4495 synodo

2019 4523 2290 4578 Toletanse
2319 4538 2390 4576 xu
2417 4537 2559 4575 anno
2587 4519 2684 4574 681
2721 4519 2992 4582 interfuit;
3045 4519 3329 4588 posterior,
3359 4517 3447 4584 qui
3471 4532 3598 4587 syn-

2021 4615 2127 4670 odo
2178 4613 2451 4669 Toletana:
2497 4629 2568 4667 xv
2611 4628 2754 4667 anno
2792 4612 2898 4666 688
2926 4620 2982 4666 et
3027 4627 3114 4664 xv:
3142 4626 3283 4665 anno
3328 4609 3433 4664 693
3475 4611 3599 4664 sub-

2021 4704 2254 4772 scripsit.
2271 4702 2528 4756 Ncutrum
2547 4703 2738 4756 borum
2759 4701 3048 4769 quidquam
3070 4699 3348 4769 scripsisse
3364 4707 3598 4764 constat,

2025 4797 2193 4850 multo
2217 4810 2343 4849 vero
2369 4796 2545 4849 minus
2573 4794 2756 4849 falsam
2787 4793 3162 4848 collectionem
3191 4807 3479 4858 canonum,
3504 4808 3600 4847 sa:-

2027 4888 2150 4942 culo
2177 4886 2387 4940 demum
2417 4901 2471 4939 ix
2498 4884 2807 4940 confictam.

2094 4977 2180 5030 15.
2223 4977 2303 5031 Ab
2342 4976 2544 5030 Isidoro
2587 4974 2808 5030 Pacensi
2846 4976 3009 5030 alium
3034 4975 3293 5032 lsidorum
3331 4976 3602 5031 diversum

2025 5067 2335 5123 Pellizerius
2356 5068 2592 5137 agnovit,
2617 5081 2776 5136 quem
2803 5067 3038 5136 appellat
3062 5069 3125 5122 de
3153 5067 3300 5138 Beja,
3325 5078 3598 5122 auctorem

2024 5159 2300 5228 cujusdam
2329 5157 2605 5226 Cbronici,
2635 5159 2780 5227 quod
2812 5160 3032 5230 incipit:
3067 5162 3176 5216 Sea:
3214 5160 3390 5214 diebus
3429 5174 3600 5213 rerum

2024 5254 2250 5307 omnium
2271 5262 2560 5307 creaturam
2581 5253 2816 5323 formavit
2839 5250 2998 5306 Deus.
3015 5251 3264 5307 Fortasse
3292 5249 3598 5304 Pellizerius

2026 5344 2282 5398 lsidorum
2313 5341 2600 5397 Pacensem
2631 5343 2854 5413 putabat
2878 5358 2998 5398 esse
3035 5343 3106 5396 ita
3135 5343 3333 5397 dictum
3370 5356 3435 5394 ex
3467 5340 3600 5396 urbe

2028 5432 2262 5501 Badajoz
2290 5447 2308 5484 :
2340 5429 2392 5485 id
2434 5431 2575 5485 enim
2626 5432 2867 5486 nonnulli
2915 5433 2988 5486 ita
3029 5431 3128 5487 sibi
3180 5437 3594 5500 persuaserunt;

2025 5521 2266 5591 plerique
2295 5529 2474 5575 autem
2505 5519 2697 5576 Pacem
2733 5522 2846 5577 sive
2887 5519 3300 5576 Pacem-Julian:
3344 5520 3598 5589 oppidum

2028 5611 2156 5682 Beja
2181 5611 2482 5677 intelligunt
2507 5624 2645 5666 esse.
2676 5610 2818 5666 ldem
2844 5625 2971 5680 ergo
2991 5620 3073 5666 est
3096 5610 3324 5664 lsidorus
3351 5610 3420 5666 de
3449 5610 3594 5679 Beja,

2027 5708 2081 5754 et
2125 5699 2355 5755 lsidorus
2398 5698 2682 5766 Pacensis;
2713 5701 2852 5756 idem
2883 5701 3202 5766 Chronicon,
3236 5702 3380 5771 quod
3408 5701 3460 5756 in
3488 5701 3596 5757 duo
