4028 6200
435 317 504 374 95
1182 315 1272 368 AD
1311 312 1538 370 OPERA
1577 311 1635 368 S.
1677 305 1920 363 ISIDORI
1960 301 2398 360 IIISPALENSIS
2437 303 2964 360 PROLEGOMENA.
3604 304 3672 357 9:5

435 430 740 489 ιιθιιίιειςιιη
766 428 903 484 male
928 427 1214 489 dividebat,
1246 433 1301 477 ηι
1329 422 1560 476 mtendit
1588 419 1700 475 Nic.
1734 414 1996 472 Antonius
2027 414 2073 472 A
2102 413 2255 467 candi
2299 415 2437 468 ratio
2459 455 2473 479 ,
2506 413 2765 468 [siderum
2795 414 3001 480 origine
3053 411 3213 468 fuisse
3258 411 3492 469 Gothum
3518 432 3532 467 :
3567 414 3670 469 imo

435 525 542 580 loc.
588 525 680 577 cit.
718 521 884 575 Nimis
928 521 1068 574 enim
1116 516 1348 571 liberalis
1376 513 1581 568 videtur
1613 508 1920 564 Pellizerius
1949 505 2002 557 in

435 611 850 683 multiplicandis
901 619 1007 662 tam
1062 607 1309 676 operibus
1375 618 1535 671 quam
1601 600 1852 661 Isidoris;
1911 596 2002 664 qui

435 703 572 755 duos
601 700 828 755 Isidores
858 694 1197 763 Hispalenses
1219 733 1233 758 ,
1264 706 1491 760 quorum
1536 689 1671 743 alter
1721 687 2004 754 episcopus

435 792 940 856 Cmsaraugustanus
963 784 1138 848 fuerit,
1169 783 1303 837 duos
1330 779 1721 840 Cordubenses,
1752 775 1883 830 duos
1912 772 2007 826 Pa-

436 895 622 938 censes
651 875 1007 945 conﬁngebat.

504 968 590 1022 14.
632 966 740 1021 Cur
766 975 943 1020 autem
967 981 1072 1019 nun
1105 963 1283 1033 potius
1303 970 1393 1015 aut
1421 959 1745 1022 Pellizerius,
1770 966 1863 1011 aut
1888 955 2008 1024 qui-

435 1064 514 1118 vis
536 1063 668 1116 alius
689 1060 955 1129 Hispanus
983 1059 1048 1112 de
1073 1055 1274 1111 Isidoro
1299 1054 1642 1118 Asturicensi,
1666 1051 1755 1120 qui
1778 1049 2005 1104 concilio

436 1155 744 1212 Bracarensi
790 1167 929 1208 anno
983 1150 1085 1204 675
1131 1149 1476 1218 subscripsit,
1535 1147 1673 1199 inter
1720 1144 2007 1212 scriptores

436 1244 790 1302 recensendos
812 1244 1095 1312 quidquam
1117 1249 1450 1296 commentus
1473 1239 1589 1293 est?
1617 1236 1836 1292 Poterat
1862 1235 2004 1287 enim

438 1337 526 1390 hic
561 1335 958 1404 comparatione
987 1331 1172 1386 Isidori
1202 1328 1531 1399 I‘Iispalensis
1556 1326 1742 1381 Junior
1779 1324 1905 1380 dici.
1930 1323 2008 1377 Ac

438 1441 498 1480 re
533 1430 684 1495 112
727 1439 849 1478 vera
876 1424 1012 1477 inter
1034 1423 1321 1490 scriptores
1347 1419 1503 1474 medii
1543 1419 1640 1472 aevi
1669 1431 1789 1472 eum
1819 1415 2006 1468 Fabri-

436 1516 550 1570 cius
587 1518 636 1568 in
667 1514 992 1568 Bibliotheca
1019 1511 1229 1580 reponit
1259 1528 1272 1562 :
1303 1510 1394 1563 sed
1421 1508 1543 1577 quid
1582 1509 1633 1560 in
1681 1509 1877 1559 litteras
1912 1503 2009 1556 mi-

438 1607 578 1670 serit,
621 1603 784 1666 addit,
812 1619 925 1656 cum
964 1619 995 1654 a
1022 1601 1216 1671 Cangio
1257 1602 1390 1654 inter
1418 1600 1689 1669 scriptorcs
1733 1599 2007 1667 referatur,

439 1692 564 1745 mihi
608 1695 993 1761 incompertum.
1023 1688 1152 1741 Eum
1187 1687 1379 1741 infelici
1412 1687 1554 1739 exitu
1577 1685 1890 1747 decessisse,
1921 1697 2009 1736 re-

2105 504 2428 557 contrarium
2471 504 2696 558 suadent
2739 505 2952 558 nemina
2993 514 3304 572 parentum,
3345 505 3567 559 fratrum
3609 523 3672 562 ac

2105 593 2325 659 sororis,
2366 607 2484 662 qua:
2509 609 2576 648 ex
2605 593 2782 661 lingua
2815 592 2994 647 Latina
3027 603 3081 647 et
3106 590 3290 648 Graeca
3319 596 3485 664 petita
3517 607 3669 660 sunt,

2105 683 2322 738 minime
2344 699 2474 737 vero
2503 699 2569 737 ex
2599 682 2858 750 Gothica;
2905 685 3047 754 quod
3077 687 3253 753 arguit
3281 696 3528 754 parentes
3575 686 3670 741 lsi-

2105 771 2220 824 dori
2251 771 2513 841 Hispanos
2553 772 2766 840 quidem
2812 781 2956 836 ortu,
2990 774 3135 829 cives
3174 784 3351 829 tamen
3403 775 3674 830 Romanos

2106 859 2301 925 fuisse,
2330 864 2477 928 sive,
2519 872 2577 917 ut
2614 872 2772 918 vocat
2819 863 2933 918 Nic.
2967 864 3263 929 Antonius,
3295 866 3670 937 Hispano-Ro—

2106 960 2306 1004 manes.

2173 1039 2228 1095 2.
2277 1041 2392 1096 Non
2421 1043 2612 1098 desunt
2650 1053 2828 1099 tamen
2860 1045 2999 1100 inter
3024 1046 3307 1116 Hispanos,
3333 1049 3422 1119 qui
3452 1057 3672 1104 centen-

2106 1129 2259 1194 dant,
2290 1130 2634 1187 Severianum
2660 1175 2674 1200 ,
2704 1134 2889 1190 Isidori
2935 1145 3166 1205 patrem,
3199 1139 3403 1209 origine
3441 1138 3672 1194 Gothum

2106 1215 2287 1283 fuisse,
2309 1229 2466 1287 atque
2483 1221 2553 1275 ita
2574 1220 2685 1276 fere
2699 1225 2934 1278 sentiunt
2959 1235 3150 1294 praeter
3171 1226 3678 1295 pseudo-historicos

2101 1306 2211 1375 jam
2240 1308 2435 1378 ubique
2463 1313 2712 1380 explosus
2738 1312 3032 1369 Rodericus
3060 1315 3306 1372 Sanctius
3333 1317 3400 1373 de
3424 1319 3686 1382 Arevalo,

2109 1397 2424 1455 Laurentius
2453 1401 2672 1467 Padilla,
2716 1403 2932 1471 Beuter,
2964 1405 3332 1476 Sandevalius,
3373 1425 3474 1464 nec
3518 1426 3678 1480 repu-

2107 1501 2234 1558 gnat
2277 1492 2518 1548 Andreas
2561 1494 2856 1551 Resendius
2898 1498 2949 1552 in
2989 1499 3213 1567 epistola
3242 1500 3308 1553 ad
3337 1499 3690 1556 Ambrosium.

2109 1580 2357 1638 Morales.
2397 1583 2455 1638 In
2501 1587 2938 1653 continuatione,
2968 1592 3080 1645 sive
3116 1592 3484 1661 supplemento
3510 1592 3680 1648 Iside»

2111 1675 2242 1728 riani
2285 1675 2568 1744 Chronici,
2597 1679 2740 1746 quod
2768 1695 2797 1733 a
2826 1681 2967 1736 Luca
3015 1681 3250 1737 Tudensi
3296 1683 3392 1738 sub
3429 1683 3688 1738 Ildefonsi.

439 1780 544 1835 fert
571 1780 627 1834 S.
663 1781 898 1833 Valerius
930 1788 1059 1832 tom.
1095 1776 1212 1831 XVI
1250 1776 1396 1846 llisp.
1425 1790 1586 1839 sacr.,
1614 1789 1762 1828 num.
1791 1772 1876 1826 56.
1909 1771 2009 1825 Or-
2044 1764 2088 1822 Β
2116 1767 2330 1821 nomine
2348 1768 2612 1837 prolatum
2634 1778 2734 1835 est,
2760 1786 2919 1841 supra
2948 1788 3064 1842 cap.
3092 1772 3158 1825 I2
3181 1789 3212 1828 a
3237 1774 3389 1828 nobis
3417 1775 3686 1836 exhibito,

440 1870 580 1924 dinis
607 1869 997 1932 Querimoniaa:
1033 1865 1133 1929 Qui
1174 1866 1294 1918 dum
1333 1865 1405 1918 sic
1446 1865 1634 1917 veniret
1663 1865 1920 1916 immissus
1945 1859 2008 1912 ab

441 1961 649 2014 inimico
668 1997 682 2022 ,
713 1968 769 2011 ut
813 1976 892 2011 me
920 1959 1138 2010 mitteret
1181 1956 1235 2008 in
1264 1955 1612 2008 commotiouis
1641 1954 1931 2008 interitum.
1959 1960 2009 2003 et

439 2051 655 2103 aliorum
687 2051 904 2118 fratrum
929 2048 1201 2115 pessimum
1235 2044 1576 2107 scandalum;
1610 2051 1746 2096 recto
1785 2041 2010 2095 uidelicet

439 2139 800 2208 omnipotentis
845 2137 1048 2191 Domini
1081 2137 1297 2206 judicio,
1330 2135 1515 2198 locum,
1543 2149 1688 2202 quem
1719 2130 1861 2184 nobis
1890 2146 2011 2198 ape-

441 2233 559 2294 ruit,
588 2233 698 2298 ipse
720 2239 924 2298 repente
950 2230 1209 2296 ingressus
1249 2235 1341 2279 est.
1374 2223 1629 2278 Eumdem
1658 2221 2012 2291 pestilentissi-

441 2335 578 2373 mum
602 2321 760 2372 virum
789 2324 966 2372 vocat.
999 2317 1101 2370 Alii
1130 2315 1196 2370 de
1224 2331 1289 2370 eo
1316 2322 1516 2369 tacent.

516 2409 600 2463 15.
663 2409 855 2461 Verum
910 2421 1029 2460 cmn
1070 2405 1255 2460 Isidori
1310 2404 1563 2460 Pacensis
1619 2416 1812 2456 nomen
1871 2401 2012 2454 inter

443 2498 706 2568 Hispanos
735 2498 874 2552 haud
896 2499 1180 2552 obscurum
1203 2495 1380 2556 fuerit,
1407 2494 1624 2547 minime
1652 2491 1860 2557 dubito,
1883 2493 2010 2560 quin

442 2587 627 2642 Isidori
653 2585 885 2640 Junioris
911 2585 1171 2639 vocabulo
1198 2583 1337 2637 hunc
1375 2579 1593 2651 Hispani
1640 2580 1973 2648 insignieriut
1994 2619 2009 2645 ,

442 2686 504 2732 ut
528 2677 595 2730 ab
621 2675 686 2730 lsi
709 2677 821 2729 loro
851 2673 1145 2744 llispalensi
1188 2673 1593 2740 distinguerent.
1621 2669 1803 2724 Exteri
1833 2678 2013 2723 autem

443 2768 586 2822 aliud
637 2767 801 2822 fortas
829 2781 859 2820 e
890 2767 940 2819 in
970 2773 1148 2819 mente
1190 2764 1492 2817 habuerunt
1522 2763 1648 2832 :qui
1692 2761 1759 2815 de
1811 2760 2014 2815 Isidoro

443 2859 664 2914 Pacensi
696 2874 880 2928 parum
928 2868 1022 2911 aut
1051 2856 1181 2911 nihil
1211 2855 1539 2924 cogitabant.
1586 2854 1804 2909 Scilicet
1827 2861 2016 2907 auctor

441 2950 793 3019 supposilitite
860 2946 1191 3003 collectionis
1235 2960 1497 3001 canonum
1549 2952 1605 2998 et
1646 2944 2011 3007 decretalium,

447 3039 643 3094 steculo
675 3054 763 3092 vm
789 3045 1038 3103 exeunte,
1071 3052 1130 3091 se
1159 3051 1264 3090 non
1293 3036 1466 3091 solum
1504 3033 1796 3104 Hispanum
1841 3032 2013 3099 ﬁnxit,

2114 1855 2357 1921 traditur,
2387 1857 2534 1925 regio
2558 1857 2852 1915 Gothorum
2893 1863 3148 1931 sanguine
3175 1872 3352 1918 ortum
3395 1865 3556 1919 fuisse
3585 1865 3682 1918 Isi-

2110 1945 2321 2000 dorum.
2352 1946 2688 2005 Advertimus
2729 1951 2839 2019 jam
2894 1968 3011 2008 eam
3041 1955 3492 2009 continuationem
3543 1955 3682 2010 falso

2111 2033 2376 2092 lldefonso
2401 2038 2671 2108 imputari,
2695 2049 2750 2095 et
2779 2042 2934 2110 longe
2965 2051 3084 2111 post
3112 2042 3297 2098 Isidori
3320 2042 3684 2114 Ildefonsique

2113 2132 2355 2196 tempora
2381 2125 2540 2182 fuisse
2567 2130 2840 2200 scriptam,
2869 2139 2962 2185 aut
2990 2129 3253 2199 ﬁgmentis
3281 2132 3680 2203 interpolatam.

2111 2217 2226 2272 Alia
2275 2229 2451 2275 tamen
2499 2222 2697 2276 addunt
2750 2223 3042 2279 Rodericus
3079 2224 3395 2288 Toletanus,
3425 2232 3480 2277 et
3507 2223 3682 2279 Lucas

2113 2307 2392 2375 Tudensis,
2416 2311 2622 2366 scilicet
2646 2312 3033 2368 Theodericum
3065 2314 3308 2368 Amalum
3328 2313 3682 2382 Ostrogothu-

2113 2415 2231 2453 rum
2277 2415 2492 2469 regem,
2522 2402 2642 2470 qui,
2692 2417 2810 2456 cum
2856 2405 2906 2457 in
2957 2404 3104 2459 Italia
3155 2403 3537 2468 dominaretur,
3579 2419 3688 2473 pre

2112 2493 2412 2548 Amalarico
2440 2494 2724 2551 Gothicum
2752 2497 2908 2553 simul
2937 2498 3205 2570 Hispania:
3230 2513 3450 2568 regnum
3476 2500 3680 2569 aliquot

2114 2585 2268 2638 annis
2293 2585 2481 2650 tenuit,
2507 2598 2780 2656 parentem
2809 2589 2970 2644 fuisse
2996 2590 3286 2646 Severiano
3309 2590 3492 2646 Isidori
3519 2593 3682 2660 patri.

2183 2673 2237 2726 '5.
2294 2673 2418 2740 Alii,
2449 2683 2509 2728 ut
2560 2677 2871 2735 Ambrosius
2920 2679 3174 2744 Morales,
3206 2680 3467 2736 Antonius
3505 2679 3682 2752 lepes,

2114 2762 2370 2829 Mariana,
2402 2762 2713 2820 Franciscus
2740 2766 2940 2822 Padilla
2961 2806 2977 2830 ,
3009 2767 3333 2835 Pellizerius,
3364 2770 3481 2824 Nic.
3512 2772 3685 2824 Anto-

2115 2853 2255 2918 nius,
2284 2854 2406 2908 huic
2434 2858 2725 2912 narrationi
2754 2858 2909 2913 ﬁdem
2938 2868 3154 2927 negant.
3200 2859 3310 2915 Cur
3336 2862 3477 2916 enim
3505 2859 3682 2916 Theo-

2115 2941 2332 2996 doricus
2359 2943 2737 3012 Amalaricum,
2767 2961 2833 3000 ex
2864 2947 3244 3002 Amalasuntha
3274 2947 3379 3002 ﬁlia
3410 2959 3681 3020 nepotem,

2117 3033 2266 3099 regni
2285 3047 2647 3088 successorem
2665 3036 2897 3105 reliquit,
2913 3046 2967 3090 et
2987 3052 3092 3092 non
3116 3038 3292 3107 potius
3306 3039 3651 3094 Severianum
3669 3046 3702 3098 ’ζ

443 3127 536 3181 sed
564 3128 726 3182 etiam
747 3125 1148 3180 celeberrimum
1178 3124 1317 3177 inter
1341 3121 1602 3193 Hispanos
1631 3137 1824 3176 nomen
1850 3137 2002 3176 usur-
2039 3130 2082 3190 ρ
2113 3123 2264 3190 Quod
2289 3132 2467 3178 autem
2497 3124 2807 3180 Ambrosius
2842 3127 3071 3182 Morales
3104 3129 3398 3194 contendit,
3433 3131 3682 3187 Theodo-

445 3232 600 3288 pans,
641 3214 899 3270 Isidorum
944 3212 1307 3280 Peccatorem,
1337 3214 1450 3268 sive
1495 3211 1847 3266 Mercatorem
1877 3227 2015 3265 nun-

443 3306 676 3376 cupavit.
739 3303 883 3358 Illico
937 3318 1000 3358 ea
1057 3301 1306 3357 collectio
1361 3301 1414 3356 in
1468 3289 1714 3356 manibus
1777 3299 2013 3355 omnium

445 3397 608 3467 carpit
635 3395 830 3449 versari
857 3412 870 3446 :
900 3400 956 3448 et
981 3392 1222 3462 quamvis
1248 3391 1508 3446 [siderum
1549 3402 1786 3445 nostrum
1827 3389 2015 3459 Hispa—

447 3487 650 3540 lensem
697 3491 968 3539 auctorem
1009 3481 1126 3552 ejus
1170 3481 1512 3546 crediderint,
1551 3489 1728 3534 tamen
1774 3480 1884 3544 alii,
1924 3479 2014 3547 qui

444 3577 668 3632 concilia
711 3585 766 3629 et
802 3581 1145 3629 monumenta
1174 3575 1306 3638 alia,
1339 3571 1540 3627 Isidoro
1585 3571 1882 3640 Hispalensi
1925 3586 2016 3626 re-

385 3721 398 3753 ,
447 3667 713 3730 centiura,
745 3665 797 3718 in
824 3679 941 3718 eam
982 3663 1357 3718 collectionem
1404 3661 1608 3716 intrusa
1634 3658 1798 3716 fuisse
1826 3660 2014 3717 obser-

449 3756 648 3808 vabant
671 3792 685 3815 ,
717 3755 875 3806 alium
901 3753 1159 3807 Isidorum
1188 3751 1528 3807 collectorem
1558 3765 1676 3807 esse
1704 3751 2016 3819 intulerunt,

448 3861 629 3913 quem,
660 3851 720 3898 ut
745 3844 812 3898 ab
839 3843 1136 3913 Hispalensi
1165 3843 1571 3913 distinguerent,
1607 3844 1876 3900 Juniorem
1921 3862 2017 3900 ve-

449 3935 718 3998 citarunt,
759 3942 814 3988 et
858 3933 1045 3988 eadem
1093 3935 1302 3989 ratione
1346 3934 1606 3990 [siderum
1653 3935 2018 4006 Hispalensem

451 4025 734 4081 Seniorem.
769 4023 1206 4079 Concludendum
1235 4024 1395 4093 igitur
1413 4031 1514 4088 est,
1539 4024 1796 4078 lsidurum
1827 4022 2019 4090 Ilispa-

451 4116 650 4172 lensem
674 4113 834 4168 modo
853 4113 1149 4180 Juniorem,
1165 4114 1326 4166 modo
1351 4113 1629 4166 Seniorem
1650 4113 1753 4164 ἀὶιί
1781 4129 1794 4162 τ
1818 4112 2024 4165 scilicet

450 4201 719 4256 Junierem
747 4243 761 4265 ,
792 4202 916 4254 dum
949 4208 1292 4267 comparatur
1340 4198 1544 4251 Isidoro
1582 4197 1866 4251 Pelusiotae
1889 4238 1904 4264 ,
1933 4206 2025 4250 aut

450 4293 611 4345 etiam
634 4330 650 4354 ,
696 4290 739 4342 si
771 4289 843 4341 ita
871 4288 1036 4352 velis,
1078 4286 1276 4340 Isidoro
1315 4285 1645 4341 Cordubensi
1687 4302 1715 4340 a
1745 4285 2024 4354 Sigeberto

453 4379 668 4432 laudato
693 4394 706 4428 :
740 4377 1006 4430 Seniorem
1036 4392 1186 4442 vero,
1216 4377 1340 4430 dum
1371 4377 1644 4430 confertur
1670 4377 1870 4431 Isidoro
1899 4393 2020 4432 cum

454 4469 695 4533 Pacensi,
729 4478 840 4522 tum
873 4468 1058 4522 Iictitio
1089 4469 1383 4535 Peccatori,
1414 4483 1508 4524 seu
1538 4469 1843 4524 Mercatori.

1033 4558 1258 4614 CAPUT
1286 4559 1446 4614 XVII.

562 4649 622 4706 S.
653 4648 844 4704 Isidori
875 4648 1198 4718 Hispalensis
1236 4651 1426 4720 patria,
1459 4659 1724 4720 parentes,
1753 4661 1913 4706 ortus.

526 4741 579 4794 I.
617 4741 873 4796 Isidorum
905 4741 1120 4794 natione
1146 4739 1471 4796 Germanum
1504 4742 1684 4806 fuisse,
1716 4745 1897 4798 nescio
1927 4757 2023 4798 cur

456 4833 800 4888 somniaverit
840 4831 1075 4888 Joannes
1100 4831 1489 4902 Eisengreinius
1534 4835 1585 4888 in
1610 4834 1867 4906 Catalogo
1897 4845 2019 4892 test.

456 4924 638 4987 verit.,
660 4923 744 4976 cui
770 4922 924 4976 ﬁdem
955 4931 1161 4977 tantum
1187 4941 1293 4978 non
1323 4926 1579 4980 adhibent
1602 4927 2022 4994 Centuriatores,

459 5020 602 5067 cent.
649 5013 701 5075 7,
741 5026 859 5080 cap.
893 5011 996 5080 18,
1047 5013 1074 5084 §
1116 5012 1169 5066 8.
1213 5013 1525 5082 Suspicatur
1572 5015 1686 5070 Nic.
1732 5017 2024 5086 Antonius,
2064 5042 2074 5050 -

460 5101 878 5172 Eisengreinium
907 5103 1261 5172 existimasse,
1291 5104 1522 5160 Gothum
1553 5106 1716 5161 fuisse
1745 5107 2025 5177 Isidorum,

461 5201 518 5246 et
559 5192 662 5246 hac
700 5192 910 5247 ratione
942 5194 1094 5263 113
1135 5194 1380 5262 preprios
1426 5194 1525 5248 sibi
1555 5195 1740 5250 oculos
1767 5195 2029 5253 fascinare

460 5281 712 5336 voluisse.
732 5281 865 5336 Cum
885 5283 1024 5335 enim
1046 5282 1157 5350 jam
1183 5283 1352 5337 multo
1373 5291 1496 5337 ante
1515 5283 1676 5337 Gothi
1696 5283 1748 5336 in
1778 5284 2027 5354 Hispania

462 5373 846 5438 consedissent,
873 5373 1080 5428 etiamsi
1106 5372 1338 5428 Gothum
1363 5373 1624 5428 Isidorqu
1653 5374 1852 5444 ﬁngere
1877 5378 2025 5446 velis,

466 5477 572 5518 non
603 5474 779 5521 tamen
824 5472 1108 5536 propterea
1157 5467 1373 5521 natione
1409 5465 1729 5522 Germanum
1760 5469 2029 5539 appellare

465 5557 702 5623 poteris,
749 5557 849 5611 nisi
899 5555 1224 5612 Germanum
1277 5557 1508 5626 accipias
1559 5573 1656 5628 pro
1703 5557 1880 5614 Gotho
1917 5559 2026 5628 jam

467 5641 728 5714 IIispauim
759 5647 931 5703 incola
959 5653 1014 5704 et
1041 5648 1172 5703 cive.
1229 5645 1412 5716 Neque
1441 5661 1569 5703 vero
1599 5647 1703 5702 ulla
1744 5657 1826 5704 est
1851 5651 2025 5720 suspi-

2117 3211 2285 3266 ricum
2313 3227 2487 3279 neque
2515 3213 2566 3266 in
2595 3212 2901 3282 Hispaniam
2929 3217 3145 3286 quidem
3175 3233 3405 3287 unquam
3435 3221 3612 3288 ivisse,
3635 3222 3684 3280 id

2116 3309 2261 3355 certe
2287 3300 2491 3355 idoneis
2520 3304 2843 3370 argumentis
2865 3303 3120 3360 refellitur
3139 3321 3170 3360 a
3193 3307 3401 3361 Bivario
3421 3309 3485 3360 ad
3514 3308 3684 3362 Maxi-

2116 3405 2260 3444 mum
2290 3407 2414 3446 ann.
2448 3392 2567 3455 109.
2601 3392 2782 3448 Isidori
2814 3397 2973 3451 verba
3011 3398 3142 3453 satis
3171 3397 3449 3454 manifesta
3479 3409 3605 3454 sunt
3631 3401 3684 3458 in

2117 3479 2348 3537 Historia
2375 3483 2668 3540 Gothorum
2694 3502 2800 3541 tera
2824 3487 2928 3544 549
2953 3507 2965 3542 :
2995 3488 3400 3543 Theodericus...
3434 3491 3688 3544 exstincto

2119 3574 2371 3630 Gisaleico
2399 3594 2517 3648 rege
2556 3576 2837 3633 Gothorum
2879 3579 3153 3651 Hispania:
3187 3598 3396 3652 regnum
3426 3598 3494 3635 xv
3535 3584 3696 3638 annis

2118 3666 2352 3731 obtinuit,
2383 3667 2519 3738 quod
2543 3672 2802 3739 superstiti
2826 3669 3122 3724 Amalarico
3147 3673 3318 3739 nepoti
3345 3687 3437 3725 suo
3465 3671 3688 3742 reliquit.

2120 3755 2254 3811 Inde
2269 3757 3054 3831 Italiamfepelens,jaliquandiu
3073 3760 3214 3814 omni
3228 3772 3342 3815 cum
3354 3764 3692 3832 prosperitate

2120 3848 2373 3918 regnauit.

2192 3936 2246 3989 4.
2285 3937 2458 3993 Lucas
2486 3937 2772 4005 Tudensis,
2795 3939 2907 3993 sive
2946 3939 3080 3994 alius
3115 3940 3292 4008 potius
3340 3941 3700 4012 interpolator

2120 4027 2427 4081 Isidorianae
2471 4026 2719 4082 Historiae
2761 4029 2919 4100 114
2956 4029 3288 4099 Gothorum,
3321 4034 3412 4103 qui
3441 4033 3691 4090 Theodo-

2121 4116 2294 4171 ricum
2341 4117 2616 4172 Severiani
2657 4127 2864 4187 patrem
2918 4119 3079 4176 fuisse
3125 4123 3436 4187 affirmavit,
3469 4140 3696 4181 uxorem

2122 4221 2336 4274 quoque
2367 4206 2685 4262 Theoderici
2730 4209 2865 4264 dixit
2895 4210 3058 4266 fuisse
3094 4214 3383 4283 quamdam
3429 4216 3693 4271 nobilissi-

2123 4311 2266 4350 mam
2298 4297 2544 4352 feminam
2574 4297 2907 4355 Toletanam.
2939 4301 3042 4356 Alii
3081 4305 3282 4373 antiqui
3310 4305 3377 4359 de
3401 4313 3572 4360 matre
3597 4305 3697 4360 Se-

2123 4389 2327 4443 veriani
2358 4398 2554 4444 tacent.
2582 4390 3061 4448 Pseudo-historici
3103 4395 3226 4450 huic
3265 4395 3473 4450 femina:
3500 4411 3703 4453 nomen

2043 4475 2095 4534 D
2120 4478 2486 4546 imposuerunt
2532 4480 2800 4547 Sontium,
2831 4491 2923 4537 aut
2959 4482 3256 4552 Sanctinaz,
3285 4492 3377 4538 aut
3406 4484 3695 4551 Sanctiva’,

2122 4578 2215 4624 aut
2244 4573 2452 4626 Sanciae
2473 4588 2492 4626 :
2520 4588 2678 4642 quam
2721 4575 2880 4628 etiam
2912 4574 3267 4630 Benedictinis
3304 4577 3696 4644 Caradignense

2122 4659 2179 4714 S.
2213 4659 2356 4715 Petri
2394 4663 2769 4716 monasterium
2810 4664 3170 4717 eonstruxisse
3214 4664 3500 4718 commenti
3548 4675 3696 4721 sunt.

2123 4749 2394 4818 Ejusmodi
2446 4751 2693 4818 ﬁgmenta
2737 4753 2978 4821 expledit
3024 4752 3136 4808 Nic.
3179 4753 3476 4818 Antonius,
3521 4755 3557 4810 l.
3600 4771 3697 4821 tv,

2123 4855 2243 4910 cap.
2290 4840 2350 4906 4,
2397 4841 2648 4896 Biblioth.
2692 4851 2825 4906 vet.,
2866 4844 2955 4912 qui
2995 4843 3179 4898 irridet
3213 4843 3700 4910 pseudo-Ilaubertl

2128 4931 2523 4986 alfectationem
2542 4933 2597 4986 in
2619 4932 2884 4989 Chronico
2906 4935 2970 4988 ad
2993 4951 3116 4990 ann.
3146 4935 3270 5000 ξω,
3294 4935 3531 4990 Leander
3546 4938 3696 5008 prin-

2127 5038 2244 5091 ceps
2280 5022 2420 5089 ﬁlius
2449 5022 2710 5077 Severiani
2737 5025 2880 5078 ducis
2898 5068 2913 5092 ,
2941 5034 3046 5079 etc.

2200 5110 2250 5163 5.
2280 5114 2348 5164 At
2378 5115 2623 5177 fortasse,
2644 5115 2850 5169 tametsi
2875 5114 3192 5172 Severianus
3219 5117 3356 5170 ﬁlius
3381 5117 3697 5178 Theudorici

2129 5202 2268 5269 regis
2299 5218 2406 5258 non
2447 5203 2640 5270 fuerit,
2676 5214 2849 5260 tamen
2894 5205 3011 5275 ejus
3057 5208 3210 5263 liberi
3251 5225 3318 5263 ex
3362 5210 3504 5276 regia
3534 5211 3697 5279 stirpe

2131 5291 2451 5348 Theoderici
2488 5296 2749 5363 procreati
2776 5303 2937 5350 sunt:
2968 5298 3217 5352 nimirum
3260 5298 3303 5351 si
3348 5314 3489 5352 uxor
3534 5298 3698 5355 Seve-

2129 5383 2264 5438 riani
2312 5382 2473 5438 fuerit
2517 5382 2621 5439 ﬁlia
2651 5385 2985 5442 Theoderici.
3035 5387 3092 5442 1d
3141 5390 3366 5443 asseruit
3403 5388 3696 5454 Quintana-

2131 5479 2341 5539 duei‘ias
2362 5486 2417 5539 in
2440 5485 2558 5540 Vita
2574 5485 2630 5541 S.
2653 5483 2936 5554 Fulgentii,
2957 5487 3015 5542 S.
3036 5487 3216 5544 Isidori
3240 5486 3432 5553 fratris,
3457 5488 3703 5543 laudatus

2131 5591 2158 5628 a
2191 5575 2551 5632 Bellandianis
2601 5577 2652 5631 in
2699 5585 2810 5631 not.
2843 5578 2910 5632 ad
2938 5579 3109 5632 Vitam
3155 5580 3213 5634 S.
3243 5579 3426 5636 Isidori
3446 5621 3460 5645 ,
3491 5595 3608 5646 cap.
3645 5577 3695 5630 1.

2131 5664 2206 5720 Ita
2228 5678 2376 5723 certe
2396 5668 2689 5724 occurritur
2711 5666 3029 5736 difﬁcultati,
3059 5669 3200 5739 quod
3219 5669 3539 5727 Severianus
3562 5666 3698 5724 ﬁlius
