4012 6196
383 340 452 397 97
1448 342 1851 397 lSlDORIANA.
1889 372 1955 383 —
1996 341 2168 401 PARS
2208 347 2244 402 l.
2287 348 2440 405 CAP.
2483 350 2641 407 XV".
3559 362 3628 418 98

385 449 709 510 Theodorici
738 464 845 505 non
876 449 1085 504 videtur
1114 448 1305 517 fuisse,
1335 452 1763 519 quandoquidem
1794 451 1969 505 Theo-
1997 456 2044 511 Α
2072 456 2186 519 rici,
2218 475 2409 516 nomen
2458 463 2611 517 avide
2637 463 2970 533 arripientes,
2998 466 3097 519 alia
3128 467 3195 520 de
3232 481 3371 535 penu
3413 484 3506 524 sua
3534 472 3632 526 ad-

384 545 572 599 dorico
614 543 667 595 in
696 555 862 608 regno
891 556 996 595 non
1026 540 1348 596 Severianus
1370 583 1386 608 ,
1416 542 1507 597 sed
1540 543 1870 597 Amalaricus
1895 558 1960 597 ex

384 632 765 688 Amalasuntha
798 629 1117 685 Theodorici
1169 646 1337 699 nepos
1386 635 1662 688 successit.
1714 634 1960 700 Alioquin

382 738 505 777 cum
530 730 897 781 monumenta,
930 735 997 773 ex
1024 720 1216 788 quibus
1242 721 1385 789 regia
1414 721 1602 776 lsidori
1633 722 1960 792 fratrumque

384 812 537 879 origo
564 810 822 877 arguitur,
854 808 1052 863 saeculo
1100 824 1173 862 xu
1210 810 1513 877 antiquiora
1542 826 1660 864 esse
1691 827 1797 865 non
1833 825 1963 865 con-

382 910 509 963 stet,
533 898 859 968 ejuscemodi
884 898 1066 967 Opinio
1092 899 1339 952 sustineri
1370 900 1550 967 aliquo
1581 900 1743 954 modo
1768 900 1963 968 poterit

383 1000 638 1060 tanquam
685 1006 752 1044 ex
799 988 1249 1059 traditionezpro
1297 999 1443 1043 certa
1493 1000 1669 1044 autem
1703 990 1962 1044 venditari

383 1097 490 1135 non
536 1078 728 1139 debet,
769 1079 884 1132 sive
928 1088 1153 1131 matrem
1206 1077 1387 1131 lsidori
1440 1078 1598 1131 tiliam
1647 1078 1961 1133 Theodorici

381 1186 504 1225 esse
523 1169 895 1238 conjiciamus,
926 1172 1040 1221 sive
1058 1168 1407 1221 Severianum
1429 1167 1748 1222 Theodorici
1776 1166 1958 1233 lilium,

379 1261 498 1314 sive
544 1259 772 1314 eundem
820 1258 1169 1312 Severianum
1220 1256 1543 1312 Theudorici
1592 1258 1856 1311 fratrem:
1894 1258 1963 1312 de

378 1366 489 1420 quo
508 1349 818 1403 nonnullam
846 1347 1195 1417 quzestionem
1224 1361 1344 1401 esse
1370 1347 1601 1401 innuunt
1630 1347 1961 1401 Bollandiani

380 1441 488 1494 loc.
520 1439 615 1494 cit.

449 1528 501 1582 6.
545 1527 623 1582 Ex
671 1528 1032 1583 monumentis
1083 1527 1320 1596 antiquis
1369 1527 1423 1581 id
1476 1544 1640 1582 unum
1698 1529 1964 1585 allirmare

376 1631 692 1687 possumus,
720 1614 971 1679 Leandri,
1002 1614 1211 1681 lsidori,
1242 1614 1529 1682 Fulgentii,
1559 1624 1614 1669 et
1646 1616 1963 1672 Florentium

376 1720 587 1779 patrem
618 1708 782 1764 fuisse
800 1709 1147 1763 Severianum
1178 1709 1463 1777 provincia:
1490 1708 1956 1778 Carthaginiensia.

2060 550 2309 605 diderunt
2340 570 2353 605 :
2384 552 2623 608 Flauiam
2662 555 2981 609 Theodoram
3009 555 3287 611 Cervellam
3310 599 3328 627 ,
3367 574 3462 614 seu
3509 560 3631 615 Car-

2057 642 2252 709 vilium,
2285 642 2441 696 tiliam
2473 642 2647 697 Paulae
2669 645 2735 699 de
2764 661 2958 716 genere
2996 648 3289 703 clarissimo
3325 648 3624 705 Gothorum

2062 742 2464 801 nuncuparunt:
2490 750 2607 801 quae
2629 745 2806 790 tamen
2828 752 2856 789 a
2886 738 3443 808 pseudo-Luitprando
3476 742 3635 797 Theo-

2059 822 2207 875 dosia
2233 820 2440 876 Cervela
2466 823 2678 879 dicitur.
2710 823 2833 879 Haec
2857 827 3085 888 somnia,
3117 844 3234 896 quae
3262 844 3290 880 a
3328 831 3633 898 supposito-

2060 927 2176 964 rum
2224 912 2600 965 chronicorum
2651 918 3163 971 commentatoribus
3201 918 3634 988 inscriptionibus

2061 1001 2220 1054 etiam
2251 1002 2483 1067 antiquis
2512 1002 2870 1069 illustrantur,
2900 1005 3017 1059 fuse
3046 1006 3159 1061 Nic.
3194 1010 3455 1064 Antonius
3482 1027 3633 1067 tuom

2059 1107 2158 1146 suo
2184 1093 2395 1156 refutat,
2425 1109 2544 1148 cum
2573 1095 2640 1148 de
2667 1094 2725 1149 S.
2760 1095 3015 1151 Leandro.
3030 1100 3158 1166 agit,
3190 1100 3276 1153 ubi
3308 1103 3468 1155 etiam
3497 1104 3632 1159 duas

2060 1197 2126 1236 ex
2150 1182 2433 1237 Ambrosio
2459 1183 2688 1238 Morales
2717 1186 3092 1255 inscriptiones
3115 1189 3379 1257 producit,
3409 1192 3632 1247 alteram

2061 1272 2127 1324 de
2183 1271 2342 1325 Paula
2401 1276 2628 1342 quadam
2677 1274 2967 1330 clarissima
3025 1274 3253 1342 femina,
3301 1279 3525 1333 alteram
3566 1282 3633 1336 de

2060 1359 2301 1414 Cervella
2318 1362 2609 1417 clarissima
2634 1362 2847 1419 femina.
2878 1364 2985 1420 Has
3006 1366 3379 1437 inscriptiones
3403 1370 3633 1437 pseudo-

2061 1450 2298 1505 historici
2327 1466 2436 1520 pra:
2467 1454 2639 1507 oculis
2679 1454 2996 1517 habuerunt,
3030 1464 3088 1508 ut
3117 1455 3352 1509 Flaviani
3380 1456 3633 1511 Theodo-

2060 1554 2173 1593 ram
2184 1539 2502 1605 Cervellam,
2518 1539 2693 1595 Paula:
2713 1542 2894 1607 filiam,
2913 1558 3129 1597 uxorem
3143 1543 3417 1598 Severiani
3436 1546 3635 1601 conﬁn-

2060 1639 2274 1698 gerent,
2297 1632 2379 1685 cui
2404 1631 2493 1684 alii
2518 1632 2730 1686 easdem
2754 1634 3123 1701 inscriptiones
3142 1635 3632 1689 accommodarent.

2062 1719 2361 1773 Notandum
2403 1735 2652 1789 quoque,
2698 1721 2963 1777 Ambrosii
3012 1722 3240 1777 Morales
3283 1724 3335 1777 in
3364 1726 3636 1779 veteribus

376 1799 615 1853 Isidorus
662 1796 731 1851 de
760 1797 867 1850 Vir.
914 1796 1152 1861 lllustr.,
1199 1812 1318 1866 cap.
1351 1797 1438 1862 Μ,
1480 1797 1716 1851 Leander
1760 1801 1960 1868 genitus
1993 1800 2035 1858 Β
2063 1808 2495 1879 inscriptionibus
2542 1810 2899 1880 producendis
2948 1809 3103 1866 ﬁdem
3159 1812 3298 1881 apud
3348 1816 3636 1867 nonnullos

376 1900 526 1961 patre
554 1889 834 1943 Severiano
860 1885 1301 1958 Carthaginiensis
1328 1890 1623 1957 provincias,
1643 1890 1961 1959 professione

376 1982 683 2043 monachus,
714 1988 823 2034 etc.
851 1980 928 2034 De
956 1980 1234 2035 Severiani
1272 1980 1490 2035 nomine
1518 1996 1705 2035 onmes
1734 1997 1963 2037 consen-

378 2074 555 2128 tiunt:
587 2072 730 2143 quod
761 2070 902 2126 enim
953 2072 1007 2126 in
1053 2073 1264 2143 hymnis
1302 2072 1475 2129 Officii
1513 2076 1713 2144 preprii
1766 2074 1960 2145 Hispa-

378 2161 573 2228 lensis,
604 2176 765 2230 supra
808 2176 928 2230 cap.
975 2160 1074 2227 15,
1118 2161 1337 2215 Severus
1382 2162 1609 2230 dicitur,
1652 2163 1706 2217 id
1752 2165 1961 2219 ratione

375 2252 536 2307 metri
567 2251 766 2306 factum
803 2251 989 2321 liquet.
1028 2250 1345 2307 Sermonem
1375 2261 1556 2308 autem
1586 2270 1706 2310 esse
1735 2255 1802 2309 de
1829 2272 1958 2325 pro-

374 2344 551 2398 vincia
600 2344 1023 2411 Carthaginiensi
1068 2343 1120 2397 in
1177 2341 1464 2414 Hispania,
1508 2361 1617 2400 non
1662 2346 1715 2400 in
1746 2345 1956 2412 Africa,

374 2436 504 2505 quid
525 2450 664 2503 opus
685 2444 769 2489 est
792 2434 1259 2489 animadvertere?
1288 2434 1448 2504 Atqui
1476 2436 1560 2490 his
1580 2436 1759 2491 verbis
1783 2437 1959 2491 alieno

374 2541 539 2581 sensu
586 2526 827 2596 acceptis
848 2564 863 2589 ,
894 2522 1128 2580 Joannes
1156 2524 1483 2580 Trithemius
1518 2527 1586 2581 de
1613 2526 1724 2581 Vir.
1755 2526 1955 2582 lliustr.

373 2617 495 2672 ord.
541 2616 841 2681 Benedict.,
873 2616 909 2670 I.
941 2632 1007 2682 ιι,
1032 2631 1151 2686 cap.
1177 2614 1230 2682 9,
1261 2626 1317 2672 et
1359 2616 1557 2689 Xystus
1602 2619 1858 2675 Senensis
1904 2622 1957 2674 in

372 2710 629 2768 Biblioth.
657 2711 694 2765 Ι.
726 2728 778 2766 ιν
806 2710 1106 2766 Leandrum
1136 2710 1321 2765 Afrum
1360 2726 1479 2766 esse
1517 2712 1952 2781 pronuntiarunt.

442 2803 502 2860 7.
532 2801 887 2869 Quaerendum
917 2802 1095 2871 potius
1114 2811 1215 2867 est,
1238 2817 1305 2856 an
1326 2801 1644 2856 Severianus
1663 2804 1768 2857 dux
1798 2804 1959 2857 fuerit

372 2892 830 2961 Carthaginiensis
879 2892 1165 2961 provinciae
1188 2932 1204 2957 ,
1234 2900 1292 2945 ut
1335 2907 1489 2948 more
1535 2893 1675 2947 illius
1700 2894 1876 2948 astatis
1902 2900 1957 2947 et

372 2985 551 3055 gentis
587 2983 837 3039 Claudius
880 2983 986 3037 dux
1034 2986 1187 3054 115
1240 2983 1526 3037 Lusitaniae
1576 2983 1708 3051 fuit,
1762 2982 1956 3037 Paulus

372 3075 668 3145 provincia:
713 3074 1121 3129 Narbonensis:
1171 3074 1244 3127 ita
1286 3074 1428 3128 enim
1466 3075 1811 3138 vocabantur,
1862 3074 1954 3143 qui

2061 1914 2167 1953 non
2196 1900 2325 1954 satis
2351 1898 2556 1952 ﬁrmam
2588 1915 2729 1955 esse.

2137 1990 2293 2058 116
2318 1988 2370 2039 9.
2409 1987 2629 2055 Rejecio
2659 1989 2952 2044 Theodorze
2978 1992 3214 2057 nomine,
3234 1991 3351 2047 Nic.
3376 1992 3637 2047 Antonius

2058 2091 2283 2131 uxorem
2319 2074 2592 2131 Severiani
2624 2076 2911 2131 Turturem
2942 2090 3187 2133 vocatam
3213 2082 3519 2143 contendit,
3552 2081 3634 2132 al-

2059 2167 2310 2234 legatque
2357 2180 2476 2219 cum
2524 2166 2686 2220 verba
2741 2165 2962 2220 Leandri
3009 2183 3135 2221 mox
3174 2167 3478 2235 atlerenda,
3522 2178 3633 2224 tum

2058 2256 2320 2311 breviaria
2364 2255 2621 2309 nonnulla
2652 2254 2957 2325 Hispanica,
2989 2272 3107 2326 quae
3136 2256 3377 2312 Bivarius
3405 2258 3632 2313 viderat.

2058 2348 2362 2414 Florezius,
2394 2357 2528 2403 tom.
2556 2347 2625 2402 IX
2663 2348 2813 2417 Hisp.
2842 2363 2978 2403 sacr.
3002 2389 3018 2416 ,
3049 2348 3165 2405 Nic.
3196 2348 3484 2404 Antonium
3513 2365 3634 2404 cum

2060 2440 2199 2504 aliis,
2252 2447 2307 2495 et
2350 2439 2626 2492 Breviario
2676 2436 2974 2508 HiSpalensi
3024 2438 3097 2492 ita
3142 2439 3341 2493 sentire
3383 2439 3631 2493 allirmat.

2058 2530 2425 2585 Nominandus
2469 2537 2594 2583 ante
2638 2529 2772 2582 alios
2818 2536 2898 2582 est
2943 2528 3245 2584 Canonicus
3289 2529 3635 2599 Legionensis

2058 2631 2245 2678 auctor
2283 2621 2419 2675 Vita:
2444 2621 2502 2675 S.
2534 2619 2753 2686 lsidori;
2793 2619 2963 2673 Mater
2988 2637 3104 2675 rere
3146 2620 3365 2674 Turtura
3393 2622 3632 2675 vocitata.

2056 2711 2114 2767 S.
2145 2712 2391 2766 Leander
2436 2726 2556 2781 cap.
2589 2712 2685 2766 ult.
2730 2712 2925 2778 regula:
2964 2711 3031 2764 ad
3073 2710 3433 2765 Florentinam
3480 2725 3632 2765 soro-

2056 2819 2193 2869 rem,
2221 2802 2365 2872 quod
2395 2817 2554 2872 supra
2584 2817 2703 2871 cap.
2737 2800 2772 2853 2
2798 2802 3017 2856 allatum
3054 2811 3170 2869 est,
3199 2803 3494 2857 communis
3519 2816 3632 2855 ma-

2060 2895 2156 2948 tris
2175 2893 2437 2958 meminit,
2470 2900 2628 2958 atque
2651 2891 2790 2945 inter
2818 2892 2920 2944 alia
2944 2891 3025 2946 sic
3044 2891 3205 2945 refert
3229 2909 3241 2942 :
3273 2892 3632 2961 Simplicitatis

2057 2984 2170 3055 filia
2214 3000 2302 3047 es,
2349 2998 2462 3053 quae
2510 2981 2551 3034 Τ
2554 2990 2729 3034 urture
2774 2990 2935 3033 matre
2980 2991 3101 3034 nata
3130 2998 3213 3046 es;
3245 2982 3296 3034 in
3326 2982 3503 3034 eadem
3530 2996 3633 3033 una

2061 3091 2281 3145 persona
2300 3074 2633 3143 complurium
2658 3072 3087 3125 necessitudinum
3116 3073 3271 3125 uteris
3292 3072 3477 3140 oﬁicio.
3503 3069 3632 3123 Tur-

371 3165 678 3236 provincias
717 3163 1183 3219 administrabant.
1227 3163 1383 3219 Joan.
1430 3163 1669 3233 Baptista
1707 3163 1958 3218 Perezius
1986 3148 2031 3209 ο
2066 3176 2223 3218 turem
2244 3180 2340 3234 pro
2361 3173 2524 3216 matre
2544 3162 2767 3232 respice;
2800 3160 3067 3214 Turturem
3092 3178 3185 3231 pro
3206 3162 3453 3230 magistra
3467 3168 3633 3212 atten-

373 3254 425 3308 in
467 3261 584 3308 not.
626 3252 694 3307 ad
738 3252 997 3307 lsidorum
1044 3252 1312 3317 observat,
1365 3250 1499 3308 falso
1536 3253 1713 3308 verbis
1762 3252 1950 3307 lsidori

376 3342 572 3398 Lucam
614 3341 916 3397 Tudensem
958 3350 1015 3396 et
1041 3342 1176 3396 alios
1213 3340 1415 3397 addere
1466 3342 1612 3397 duce.
1658 3342 1952 3397 Rodericus

370 3446 588 3503 quoque
612 3430 906 3487 Toletanus
933 3430 1172 3500 ejusdem
1200 3432 1374 3485 aetatis
1395 3472 1411 3499 ,
1442 3445 1507 3487 ac
1536 3430 1707 3486 Lucas
1735 3431 1950 3486 Tuden-

370 3522 467 3585 sis,
498 3528 555 3575 et
580 3530 769 3578 auctor
803 3522 1221 3577 continuationis
1245 3520 1497 3578 Chronici
1543 3522 1820 3578 lsidoriani
1849 3524 1949 3579 sub

369 3614 624 3669 lldefonsi
668 3613 884 3670 nomine
908 3622 1095 3685 aperte
1119 3613 1466 3669 Severianum
1488 3615 1777 3685 provinciae
1819 3615 1943 3670 Car-

370 3706 721 3775 thaginiensis
767 3706 949 3759 ducem
990 3712 1208 3760 vocant.
1259 3703 1319 3758 In
1371 3704 1657 3758 Breviariis
1714 3705 1947 3773 antiquis

369 3795 672 3865 llispanicis
699 3795 782 3849 vel
812 3795 916 3850 hoc
945 3796 1117 3864 ipsum
1147 3794 1393 3861 traditur,
1426 3796 1511 3849 vel
1540 3796 1818 3862 asseritur,
1850 3796 1948 3851 Se-

367 3887 648 3940 verianum
681 3894 808 3940 tunc
829 3884 1136 3954 Carthagini
1188 3886 1348 3939 Novae
1389 3886 1673 3941 dominari.
1724 3886 1947 3941 Brevia-

365 3976 504 4029 rinm
529 3973 829 4027 Romanum
860 3973 1190 4041 recognitum
1220 3974 1420 4042 pariter
1432 3975 1729 4043 provinciae
1754 3973 1946 4029 ducem

363 4065 716 4122 Severianum
742 4073 897 4120 vocat
924 4065 975 4118 in
1008 4065 1322 4120 lectionibus
1348 4065 1405 4119 S.
1437 4064 1644 4121 lsidori.
1668 4066 1950 4120 Nihilomi-

363 4170 467 4210 nus
516 4155 571 4209 in
624 4152 824 4208 Oﬂiciis
868 4154 1098 4223 propriis
1144 4154 1385 4209 ecclesiae
1422 4154 1729 4222 Toletanae,
1784 4172 1945 4225 supra

364 4259 487 4314 cap.
536 4242 635 4307 15,
670 4244 829 4297 verba
877 4243 1062 4298 lsidori
1111 4252 1319 4299 retenta
1366 4253 1511 4310 sunt,
1541 4246 1670 4314 quin
1698 4246 1944 4311 addatur,

361 4336 556 4391 ducem
584 4333 752 4389 fuisse
781 4332 1149 4387 Severianum.
1182 4332 1427 4389 Breulius
1454 4335 1509 4388 in
1538 4335 1763 4404 epistola
1791 4335 1945 4390 dedi-

362 4428 567 4482 catoria
597 4426 665 4480 ad
694 4425 877 4480 lsidori
898 4422 1093 4495 Opera,
1122 4426 1415 4481 otiosorum
1438 4429 1755 4483 commentis
1782 4428 1940 4483 ﬁdem

2053 3256 2134 3321 de,
2148 3264 2251 3310 etc.
2268 3254 2383 3309 Non
2402 3255 2572 3323 putuit
2583 3254 2797 3315 clarius,
2813 3253 2985 3321 inquit
2998 3252 3111 3306 Nic.
3132 3252 3414 3319 Antonius,
3425 3251 3560 3304 adeo
3573 3259 3631 3305 ut

2053 3347 2212 3400 etiam
2226 3344 2488 3409 Bivarius,
2501 3345 2603 3398 hac
2619 3352 2893 3414 permotus
2905 3342 3240 3407 auctoritate,
3255 3341 3393 3410 apud
3407 3342 3631 3409 pseudo-

2050 3437 2336 3492 Maximum
2383 3435 2670 3492 lectionem
2709 3435 2990 3489 Theodorus
3028 3442 3356 3505 cognomento
3383 3433 3631 3487 Ceruellw

2050 3527 2355 3581 mutandam
2372 3526 2640 3581 censuerit
2652 3524 2705 3579 in
2724 3523 2996 3577 Turturum
3021 3532 3352 3594 cognomento
3369 3520 3626 3575 Gerulum.

2123 3616 2207 3669 10.
2246 3616 2317 3670 At
2345 3615 2656 3670 validiorem
2691 3613 3052 3668 adversarium
3093 3612 3193 3665 hac
3238 3612 3291 3663 in
3336 3625 3397 3664 re
3444 3618 3628 3664 nostro

2050 3716 2295 3775 tempore
2320 3714 2507 3761 nactus
2530 3714 2612 3759 est
2630 3704 2745 3757 Nic.
2769 3701 3050 3765 Antonius,
3073 3699 3278 3754 scilicet
3301 3697 3625 3761 Florezium,

2050 3805 2180 3851 tom.
2210 3794 2281 3848 IX
2302 3794 2453 3864 Hisp.
2477 3810 2616 3849 sacr.
2641 3793 2690 3846 is
2711 3808 2829 3845 cum
2852 3789 2995 3860 apud
3022 3790 3313 3859 scriptores
3336 3788 3535 3844 stcculo
3555 3803 3627 3843 vn

2049 3885 2323 3955 proximos
2353 3897 2549 3937 nomen
2580 3882 2825 3936 Turturis
2869 3880 3023 3935 uxori
3061 3878 3336 3933 Severiani
3365 3879 3626 3933 tributum

2050 3991 2157 4031 non
2189 3974 2476 4041 invenerit,
2500 3972 2647 4027 nullo
2676 3972 2728 4025 id
2756 3970 3105 4025 fundamento
3134 3969 3299 4023 astrui
3332 3983 3486 4035 posse
3511 3968 3629 4022 exi-

2049 4067 2230 4120 stimat
2258 4082 2271 4118 :
2302 4065 2562 4133 siquidem
2613 4061 2840 4116 Leandri
2871 4061 3033 4113 verba
3060 4073 3165 4113 non
3205 4059 3452 4121 innuunt,
3489 4057 3625 4111 Tur-

2050 4168 2223 4214 turem
2249 4165 2495 4213 vocatam
2527 4154 2689 4210 fuisse
2718 4152 3039 4207 Florentius:
3067 4159 3313 4209 matrem,
3343 4149 3434 4203 sed
3468 4148 3621 4203 femi-

2051 4268 2172 4307 nam
2195 4250 2479 4320 quamdam
2520 4248 2701 4313 aliam,
2724 4243 3073 4306 monasterio,
3104 4242 3155 4295 in
3183 4256 3290 4310 quo
3313 4240 3619 4295 Florentina

2049 4344 2301 4413 degebat,
2331 4338 2689 4409 prmpositam.
2741 4334 3000 4388 Nimirum
3046 4331 3406 4385 Florentinam
3435 4330 3621 4384 horta-

2050 4442 2139 4487 tur
2189 4430 2457 4495 Leander,
2505 4436 2562 4482 ut
2610 4425 2949 4495 przepositam
2997 4436 3147 4476 suam
3195 4419 3476 4474 Turturem
3522 4434 3622 4488 pro

361 4524 625 4586 praestans
649 4555 666 4580 ,
713 4514 981 4581 afﬁrmat,
1022 4515 1407 4583 Severianum,
1457 4516 1645 4572 lsidori
1691 4527 1898 4587 patrem
1926 4561 1940 4583 ,
1970 4501 2025 4562 ι)
2050 4523 2322 4589 magistra,
2353 4529 2408 4575 et
2453 4534 2550 4589 pro
2598 4525 2767 4570 matre
2809 4513 3101 4583 reSpiciat,
3147 4526 3375 4578 eamque
3411 4518 3625 4579 reputet

362 4606 525 4663 fuisse
566 4606 708 4675 regis
736 4605 1057 4660 Theodorici
1105 4602 1272 4660 filium
1302 4624 1314 4660 :
1347 4616 1680 4678 matremque
1722 4607 1937 4676 lsidori,

362 4719 523 4774 quam
548 4701 889 4758 Theodoram
910 4709 1088 4767 vocat,
1118 4700 1269 4770 regio
1297 4698 1595 4757 Gothorum
1623 4711 1941 4773 prognatam

364 4793 645 4864 sanguine.

433 4884 487 4939 8.
529 4884 828 4939 Theodorus
874 4885 1090 4940 nomine
1135 4899 1356 4939 uxorem
1395 4882 1669 4939 Severiani
1698 4885 1935 4954 appella;

363 4983 472 5029 tam
493 4974 686 5040 fuisse,
699 4973 995 5030 Rodericus
1014 4974 1262 5029 Sanctius
1282 4973 1350 5028 de
1364 4973 1618 5038 Arevalo,
1631 4972 1943 5032 Palentinus

361 5066 677 5135 episcopus,
712 5065 971 5137 scriptum
1012 5064 1258 5133 reliquit,
1305 5071 1443 5133 part.
1491 5079 1529 5118 ιι
1579 5062 1714 5118 Hist.
1757 5063 1941 5134 llisp.,

363 5169 481 5224 cap.
513 5152 567 5209 9.
598 5153 655 5207 Id
684 5154 825 5209 unde
867 5154 1137 5216 hauserit,
1175 5152 1287 5208 Nic.
1319 5153 1553 5208 Antonio
1595 5168 1702 5208 non
1749 5169 1941 5208 occur-

359 5246 535 5300 rebat.
557 5244 627 5299 At
649 5243 983 5299 Bollandiani
1006 5243 1060 5297 in
1085 5251 1200 5298 not.
1223 5242 1291 5297 ad
1313 5257 1432 5312 cap.
1459 5243 1480 5294 1
1510 5242 1643 5297 Vita:
1671 5243 1729 5297 S.
1752 5242 1939 5298 lsidori

356 5336 468 5407 jam
494 5339 936 5402 observaverant,
959 5336 1034 5390 ita
1056 5350 1278 5390 uxorem
1306 5334 1583 5390 Severiani
1615 5335 1937 5404 appellatam

361 5428 525 5486 fitisse
554 5444 587 5483 a
634 5427 778 5484 Luca
832 5427 1067 5483 Tudensi
1105 5428 1158 5482 in
1204 5424 1518 5495 praefatione
1561 5426 1629 5480 ad
1649 5425 1937 5481 Chronica.

359 5518 471 5574 Ima
517 5518 623 5575 hoc
662 5520 835 5589 ipsum
879 5519 1019 5573 idem
1066 5516 1183 5571 Nic.
1233 5515 1494 5571 Antonius
1538 5515 1843 5570 adverterat
1887 5517 1938 5570 in

359 5606 588 5679 epistola
631 5608 698 5663 ad
736 5607 1148 5672 Bollandianos,
1186 5604 1339 5673 cujus
1385 5605 1441 5659 hi
1486 5606 1844 5663 meminerunt
1885 5607 1939 5660 in

358 5705 653 5753 comment.
682 5697 884 5768 prmio
908 5695 979 5752 ad
1009 5694 1183 5752 Vitam
1212 5692 1272 5750 ὃ.
1301 5693 1508 5752 lsidori.
1533 5692 1943 5752 Pseudo-histo-

2048 4614 2213 4667 veluti
2256 4619 2480 4664 matrem
2499 4649 2515 4676 ,
2540 4607 2701 4662 etiam
2727 4620 2790 4660 ea
2815 4612 2985 4658 matre
3007 4617 3113 4672 qua
3142 4610 3266 4655 nata
3294 4601 3466 4655 fuerat
3492 4602 3622 4655 cha-

2048 4706 2269 4759 riorem.

2117 4793 2203 4846 ll.
2234 4792 2447 4854 Fateor,
2473 4785 2857 4855 aliquantulum
2883 4782 3109 4837 obscura
3133 4795 3254 4836 esse
3268 4779 3430 4835 verba
3454 4778 3623 4833 Lean-

2044 4885 2147 4948 dri,
2175 4884 2457 4936 citeriorem
2501 4895 2599 4947 qua
2630 4885 2754 4931 nata
2800 4891 2852 4928 es
2889 4882 3068 4941 reputa
3092 4879 3327 4926 matrem.
3362 4872 3465 4927 Sed
3496 4888 3619 4928 cum

2047 4974 2188 5028 idem
2212 4969 2458 5025 Leander
2480 4967 2621 5022 dicat
2638 4984 2650 5014 τ
2670 4965 2887 5018 Turture
2911 4972 3074 5016 matre
3099 4970 3223 5015 nata
3246 4978 3318 5014 es.
3346 4959 3411 5014 In
3438 4960 3618 5013 eadem

2042 5080 2147 5117 una
2168 5077 2385 5133 persona
2402 5057 2736 5126 complurium
2757 5052 3185 5107 necessitudinum
3200 5054 3359 5104 uteris
3381 5051 3616 5120 ofﬁcio...

2045 5154 2127 5208 Sit
2157 5152 2247 5206 tibi
2275 5150 2421 5203 dulce
2448 5148 2559 5217 ejus
2587 5146 2831 5217 gremium
2869 5145 2980 5213 jam
3016 5152 3268 5210 provecta
3290 5182 3304 5205 ,
3334 5142 3467 5210 quod
3505 5151 3621 5193 erat

2041 5242 2231 5313 infanti
2259 5238 2607 5311 gratissimum
2626 5274 2643 5299 ,
2670 5234 2756 5287 vix
2797 5234 2910 5287 haec
2955 5230 3176 5299 intelligi
3228 5237 3483 5299 possunt,
3514 5228 3617 5282 nisi

2042 5334 2108 5388 de
2134 5346 2261 5386 vera
2304 5338 2476 5385 matre
2522 5325 2875 5388 Florentium,
2907 5337 3025 5392 quae
3067 5320 3223 5376 simul
3263 5320 3335 5374 illi
3379 5318 3443 5372 ad
3476 5319 3615 5372 viam

2042 5418 2385 5491 perfectionis
2406 5416 2591 5470 fuisset
2605 5412 2876 5481 magistra,
2890 5419 2945 5465 et
2959 5425 3075 5478 qua:
3099 5417 3380 5479 propterea
3402 5407 3617 5461 charior

2041 5510 2364 5567 Florentium
2380 5521 2498 5563 esse
2521 5504 2761 5567 deberet,
2792 5501 2937 5571 quod
2957 5516 3075 5555 eam
3103 5498 3313 5553 Christo
3336 5494 3616 5551 affectibus

2039 5605 2378 5670 generasset,
2408 5610 2567 5665 quam
2594 5592 2739 5662 quod
2783 5605 2901 5646 eam
2932 5589 2984 5643 in
3022 5586 3155 5642 lucis
3198 5598 3383 5639 auram
3407 5583 3615 5639 emisis-

2039 5700 2143 5747 set.
2200 5690 2456 5759 Majorcm
2502 5684 2866 5741 difﬁcultatem
2918 5686 3101 5741 creat,
3149 5675 3297 5747 quod
3340 5673 3617 5733 Florezins
