4028 6200
398 320 466 374 9')
1171 309 1257 362 AD
1297 310 1521 365 OPERA
1662 310 1903 366 ISIDORI
1947 311 2382 365 IIISPALENSIS
2423 311 2949 368 PROLEGUMENA.

3561 325 3658 378 101)

409 433 593 492 urget,
621 436 924 478 sermonem
977 418 1218 475 Leandre
1238 435 1359 475 esse
1397 423 1465 476 de
1494 422 1724 477 'I‘urture
1753 423 1985 488 femina,
2021 429 2062 482 A
2092 419 2445 476 Gosnintham
2476 464 2492 489 ,
2553 437 2727 491 neque
2777 426 2827 477 in
2883 427 3275 482 consuetudine
3329 438 3456 485 tunc
3508 445 3660 500 reges

397 530 518 586 quo
563 516 615 568 in
653 513 788 569 vivis
832 523 956 565 tunc
1000 517 1218 578 ageret;
1267 526 1389 564 cum
1428 521 1606 566 tamen
1654 513 1816 582 paulo
1861 520 1984 582 post

399 604 616 670 referat,
647 611 894 674 parentes
923 616 1046 656 suos
1077 601 1143 654 ad
1175 601 1455 656 Dominum
1485 619 1838 660 commeasse.

473 695 624 763 117
668 692 753 745 12.
796 689 1053 743 Nimirum
1107 689 1347 744 Leander
1399 691 1516 744 ait:
1564 691 1835 746 Turturem
1884 710 1979 763 pro

397 785 644 852 magistra
673 778 877 832 attende
898 795 915 839 ;
940 787 988 831 et
1006 793 1120 848 qua:
1149 789 1196 830 te
1223 777 1426 833 Christo
1452 780 1678 850 quotidie
1707 781 1976 849 aﬁ'ectibus

396 877 642 940 generat,
672 867 993 931 chariorem,
1043 883 1142 936 qua
1195 877 1321 920 nata
1365 885 1420 921 es
1443 907 1459 931 ,
1510 879 1690 938 reputa
1736 881 1975 928 matrem.

399 959 754 1014 Nihilominus
784 958 836 1012 id
881 957 949 1012 de
995 957 1318 1013 Florentium
1358 971 1530 1015 matre
1560 963 1797 1030 intelligo
1819 1005 1834 1031 ,
1860 981 1979 1034 quae

395 1051 502 1119 jam
533 1051 585 1104 in
618 1052 814 1106 cm‘um
834 1059 1049 1119 recepta
1071 1090 1085 1114 ,
1116 1048 1329 1104 Christo
1349 1052 1587 1119 quotidie
1617 1053 1976 1109 Florentinam

397 1140 678 1194 affectibus
723 1139 1029 1203 generabat.
1063 1137 1242 1206 Pergit
1265 1151 1545 1208 propterea
1603 1143 1880 1199 Leander:
1913 1145 1977 1199 ab

395 1231 535 1283 omni
575 1227 841 1298 procella,
885 1226 950 1279 ab
991 1229 1130 1281 omni
1161 1228 1422 1282 mundano
1454 1228 1652 1282 turbine
1677 1233 1731 1285 in
1771 1233 1881 1302 ejus
1933 1243 1978 1288 te

398 1320 594 1374 sinibus
623 1319 804 1371 conde.
829 1317 913 1371 Sit
953 1316 1043 1370 tibi
1071 1334 1226 1370 suave
1252 1319 1364 1386 ejus
1396 1321 1543 1372 lateri
1575 1321 1841 1375 adhaerere
1861 1339 1879 1376 :
1910 1326 1979 1377 sit

395 1414 488 1466 tibi
534 1412 682 1464 dulce
723 1411 835 1480 ejus
885 1413 1132 1480 gremium
1177 1412 1289 1480 jam
1348 1423 1597 1480 provecta:
1649 1413 1812 1482 (AL,
1860 1415 1976 1484 jam

394 1504 662 1576 profecto)
701 1504 837 1575 quod
864 1513 976 1556 erat
1014 1504 1204 1572 infanti
1239 1505 1606 1574 gratissimum.
1637 1505 1768 1559 Cum
1795 1515 1975 1558 autem

398 1607 565 1650 totam
619 1597 757 1650 hanc
803 1595 1232 1648 exhortationem
1289 1596 1366 1647 sic
1419 1594 1663 1648 Leander
1707 1595 1971 1650 inchoet:

399 1684 529 1739 Noli
577 1685 640 1738 ab
669 1702 728 1738 eo
785 1685 994 1738 evolare
1047 1685 1208 1747 nido,
1239 1685 1374 1754 quod
1426 1685 1614 1738 invenit
1670 1693 1855 1746 turtur,
1887 1685 1973 1739 ubi

2085 511 2290 564 Gothos
2343 510 2593 565 habuisse
2616 551 2631 576 ,
2663 521 2722 564 ut
2750 512 2973 567 feminas
3001 529 3067 569 ex
3100 515 3340 569 Romana
3370 519 3536 586 stirpe
3558 521 3662 574 sibi

2082 597 2135 650 in
2164 598 2564 653 matrimonium
2601 599 2951 654 collocarent.
2996 601 3231 658 Joannes
3261 603 3577 662 Biclareasis
3609 609 3660 661 in

2081 688 2353 743 Chronico
2395 689 2462 743 ad
2493 705 2620 743 ann.
2671 689 2775 742 573
2803 691 2870 745 de
2919 691 3225 760 Leovigildo
3273 694 3386 747 ait:
3421 695 3663 767 Duosque

2079 779 2216 846 ﬁlios
2243 795 2362 832 suos
2388 795 2452 832 ea:
2478 781 2673 833 amissa
2698 780 2914 849 conjuge
2941 780 3396 853 Hermenegildunt
3417 793 3468 837 et
3492 784 3662 838 Reca-

2078 867 2257 919 redum
2292 876 2555 920 consortes
2609 867 2754 937 regni
2800 867 2946 937 facit.
2990 867 3116 924 Haec
3156 871 3352 938 conjux
3392 871 3491 926 fuit
3529 871 3662 926 Bin-

2080 961 2292 1016 cbildis.

2145 1051 2232 1107 15.
2275 1053 2350 1106 De
2376 1051 2626 1107 fratribus
2672 1053 2832 1120 igitur
2861 1052 3053 1108 lsidori
3105 1056 3208 1110 hoc
3262 1055 3519 1111 habemus
3543 1071 3665 1112 cer-

2078 1150 2230 1208 tum,
2259 1139 2558 1196 Leandrum
2605 1149 2657 1196 et
2696 1141 3032 1210 Fulgentium
3091 1141 3253 1198 fuisse
3301 1144 3375 1197 illi
3425 1144 3660 1209 fratres,

2080 1230 2442 1286 Florentinam
2472 1247 2747 1298 sororem,
2771 1233 2844 1286 ita
2892 1241 2949 1286 ut
2990 1232 3104 1301 ipse
3143 1235 3378 1288 omnium
3410 1236 3664 1291 minimus

2077 1329 2206 1374 natu
2231 1320 2409 1384 fuerit,
2427 1329 2486 1374 ut
2509 1320 2809 1375 ostenditur
2835 1335 2902 1374 ex
2923 1335 3044 1389 cap.
3065 1322 3164 1376 ult.
3192 1323 3386 1390 regula:
3406 1322 3464 1377 S.
3491 1324 3663 1379 Lean-

2077 1409 2178 1462 dri.
2213 1407 2534 1462 Florentinte
2584 1410 2785 1463 sororis
2830 1411 3075 1463 meminit
3103 1426 3317 1480 quoque
3350 1411 3582 1467 Isidorus
3608 1415 3661 1468 in

2077 1501 2251 1567 elogio
2283 1497 2543 1566 Leandri,
2575 1515 2734 1568 quem
2762 1509 2946 1555 narrat
2991 1503 3304 1571 opusculum
3334 1504 3568 1560 edidisse
3596 1507 3669 1560 de

2078 1590 2418 1647 Institutione
2445 1592 2704 1658 virginum
2749 1593 2818 1646 ad
2865 1592 3226 1647 Florentinam
3255 1609 3514 1649 sororem.
3547 1596 3667 1662 Ipse

2080 1684 2316 1739 Isidorus
2345 1685 2479 1738 duos
2509 1684 2670 1738 libros
2697 1692 2882 1738 contra
2909 1683 3119 1739 Iudaeos
3145 1685 3318 1739 eidem
3357 1687 3528 1739 sorori
3556 1702 3666 1739 sum

397 1787 613 1847 reponat
640 1777 808 1846 pullos
846 1792 986 1830 suos.
1019 1775 1378 1845 Simplicitatis
1405 1779 1515 1845 [ilia
1544 1795 1618 1840 es,
1640 1795 1753 1848 qua:
1782 1789 1975 1832 turture
2011 1793 2053 1851 Β
2084 1780 2401 1832 Floientinm
2427 1777 2697 1846 inscripsit
2717 1814 2734 1843 ,
2762 1785 2820 1830 ut
2842 1786 3070 1831 teSIatur
3097 1777 3146 1829 in
3179 1778 3429 1846 prologo:
3458 1780 3666 1831 Sancta:

394 1876 558 1918 matre
577 1877 701 1918 nata
741 1881 795 1918 es
817 1905 832 1930 ,
865 1874 971 1919 etc.
998 1905 1013 1928 ,
1039 1865 1315 1918 dubitandi
1360 1865 1536 1920 adhuc
1584 1868 1726 1921 ratio
1755 1877 1839 1920 est
1859 1907 1873 1931 ,
1903 1884 1970 1921 an

393 1953 586 2008 Turtur
629 1969 826 2008 nomen
877 1953 1152 2023 proprium
1204 1955 1344 2022 apud
1395 1954 1694 2009 Leandrum
1751 1958 1861 2021 sit,
1909 1973 1975 2010 an

397 2043 576 2112 potius
605 2052 776 2097 turtur
803 2043 871 2097 ab
901 2059 966 2098 eo
1000 2052 1172 2098 mater
1192 2045 1420 2110 dicatur,
1448 2045 1574 2113 quia
1620 2047 1812 2100 turturi
1844 2063 1976 2102 con-

395 2133 588 2189 fertur.

465 2223 555 2279 I3.
595 2224 782 2280 lsidori
813 2224 1004 2279 fratres
1023 2223 1167 2293 quod
1188 2224 1382 2278 attinet
1405 2263 1421 2289 ,
1447 2224 1608 2293 plane
1631 2224 1979 2292 rejiciendum

395 2323 478 2371 est
505 2357 522 2381 ,
553 2315 699 2384 quod
749 2330 816 2368 ex
845 2315 1118 2368 Breviario
1139 2312 1440 2383 Hispalensi
1473 2313 1712 2369 Breulius
1743 2315 1796 2368 in
1835 2315 1980 2384 epis—

396 2405 505 2459 tola
536 2404 860 2457 dedicatoria
906 2403 1106 2465 refert,
1131 2401 1393 2455 Justinam
1425 2402 1747 2455 abbatissam
1793 2403 1979 2458 lsidori

393 2505 637 2546 sororem
689 2490 882 2557 l'uisse,
910 2488 1252 2543 Braulionem
1296 2487 1828 2557 Ctesaraugustanum
1874 2492 1982 2545 fra-

395 2593 532 2637 trem
557 2600 570 2635 :
596 2583 688 2652 qui
715 2581 864 2635 addit
887 2596 955 2635 ex
977 2579 1166 2635 Vas'eo
1194 2581 1246 2634 in
1277 2579 1543 2636 Chronico
1568 2581 1635 2636 ad
1655 2596 1852 2636 annum
1877 2581 1978 2636 567

396 2672 661 2728 Justitiam
691 2671 936 2727 eamdem
965 2686 1086 2726 esse
1113 2678 1274 2739 atque
1303 2671 1664 2726 Florentinam
1686 2710 1705 2738 ,
1735 2671 1980 2729 Braulio-

396 2778 519 2817 nem
548 2777 680 2817 vero
709 2763 850 2816 inter
887 2761 1078 2816 lsidori
1107 2762 1299 2816 fratres
1329 2776 1667 2832 nequaquam
1693 2778 1981 2818 recensen-

394 2853 540 2906 dum.
585 2850 776 2907 Riscus
799 2890 816 2916 ,
842 2859 973 2905 tom.
1005 2848 1156 2903 XXX
1204 2849 1359 2919 Hisp.
1389 2865 1524 2916 sac.,
1552 2868 1607 2921 p.
1659 2851 1762 2906 165
1785 2893 1801 2918 ,
1825 2868 1979 2908 erro-

400 2957 515 2997 rem
541 2939 696 2996 Lucii
738 2940 974 2994 Marinmi
1021 2939 1185 2994 Siculi
1215 2940 1440 2994 revincit
1465 2981 1480 3008 ,
1507 2942 1599 3009 qui
1645 2942 1842 2997 Isidoro
1871 2941 1980 2997 fra-

397 3041 534 3086 trem
563 3031 655 3085 dat
684 3046 792 3086 non
820 3030 994 3085 solum
1032 3029 1373 3084 Braulionem
1396 3073 1410 3096 ,
1439 3031 1531 3084 sed
1561 3031 1723 3085 etiam
1753 3031 1812 3086 S.
1845 3031 1980 3086 Iler-

397 3118 751 3188 nsenegildum
774 3157 790 3177 .
841 3127 896 3172 et
925 3117 1254 3173 Recaredum
1286 3133 1484 3188 regem.
1515 3119 1878 3188 Braulionem,
1908 3121 1977 3175 de

395 3207 550 3277 cujus
597 3223 728 3262 vera
780 3208 946 3277 stirpe
1002 3208 1222 3262 minime
1274 3208 1415 3264 inter
1459 3218 1672 3264 veteres
1722 3219 1974 3276 constat,

393 3296 790 3366 Ilermenegildi
815 3308 871 3353 et
891 3298 1152 3354 Recaredi
1181 3301 1322 3367 regis
1344 3301 1562 3356 fratrem
1590 3301 1754 3358 fuisse
1773 3304 1977 3373 primus

393 3390 675 3460 episcopus
718 3388 1090 3446 (labilonensis
1132 3391 1185 3445 in
1233 3389 1468 3460 Topagr.
1500 3393 1664 3448 verbo
1711 3393 1974 3464 Hispalis,

395 3487 453 3536 et
511 3479 850 3550 Maurolycus
905 3479 974 3534 ad
1029 3479 1169 3535 diem
1225 3479 1292 3534 13
1346 3479 1542 3551 Aprilis
1594 3483 1776 3554 inepte
1831 3500 1977 3542 asse-

396 3580 642 3626 ruerunt.

468 3661 556 3714 M.
599 3662 691 3715 Illa
711 3675 928 3730 quoque
949 3660 1165 3716 traditio
1185 3661 1324 3714 inter
1349 3661 1613 3731 Hispanos
1636 3673 1848 3733 recepta
1873 3673 1973 3729 est,

394 3751 671 3807 Severiani
703 3750 864 3804 filiam
911 3753 1128 3805 nomine
1166 3750 1508 3806 Theodoram
1551 3754 1745 3818 fuisse,
1783 3754 1975 3809 Leovi-

394 3841 535 3908 gildo
563 3849 783 3909 nuptam
807 3878 822 3904 ,
853 3856 918 3894 ex
966 3857 1068 3908 qna
1108 3843 1164 3896 S.
1196 3841 1636 3912 llermenegildus
1670 3856 1892 3918 martyr,
1925 3856 1980 3901 et

396 3930 700 3986 IIecaredus
728 3931 931 4000 primus
976 3930 1278 3986 Gothorum
1321 3933 1621 3990 catholicus
1647 3953 1741 3990 rex
1785 3953 1978 4005 proge—

394 4021 493 4074 niti
538 4019 755 4075 fuerint.
803 4019 916 4074 Nic.
971 4021 1264 4082 Antonins,
1296 4024 1384 4090 qui
1430 4025 1539 4077 acri
1588 4025 1790 4090 judicio
1812 4025 1979 4080 Seve-

395 4111 532 4165 riani
557 4151 573 4175 ,
594 4120 650 4164 et
675 4109 787 4178 ejus
809 4111 974 4180 prolis
1003 4113 1266 4178 originem
1297 4110 1577 4165 Gothicam
1607 4113 1896 4182 expendit,
1929 4114 1982 4168 id

395 4216 498 4270 pro
519 4212 668 4256 certo
705 4204 915 4255 statuit.
966 4203 1081 4255 Hoc
1130 4204 1405 4271 affinitatis
1452 4204 1746 4269 vinculum,
1795 4205 1980 4270 addit,

399 4305 506 4342 non
553 4289 696 4342 aliud
727 4330 742 4354 ,
773 4290 1062 4351 credimus,
1096 4289 1365 4344 Seueriani
1393 4290 1557 4345 soboli
1589 4309 1701 4345 cum
1753 4292 1982 4349 Gotlticis

399 4378 602 4447 regibus
630 4381 995 4433 intercessisse.
1029 4380 1099 4434 At
1119 4381 1164 4435 si
1194 4396 1427 4449 qumras,
1457 4384 1646 4451 quibus
1675 4387 1982 4442 auctoribus

401 4478 616 4524 constet
641 4470 914 4524 exstitisse
935 4485 1170 4538 unquam
1193 4471 1529 4527 Theodoram
1557 4490 1675 4528 eam
1705 4475 1978 4532 Severiani

403 4555 600 4625 filiam,
631 4557 772 4624 regis
795 4556 1088 4627 Leovigildi
1118 4574 1340 4613 uxorem
1365 4599 1379 4624 ,
1412 4576 1517 4615 non
1557 4563 1692 4618 alios
1719 4604 1733 4628 ,
1766 4565 1974 4633 opinor,

402 4647 523 4714 quis
549 4648 786 4716 proferet
810 4690 824 4714 ,
865 4650 963 4703 nisi
986 4649 1106 4702 illos
1136 4650 1280 4718 ipsos
1304 4653 1495 4720 quibus
1515 4652 1786 4710 Severiaui
1813 4672 1978 4726 genus

398 4734 705 4802 Gothicum,
721 4737 902 4792 uxoris
918 4738 1192 4792 Severiani
1216 4738 1512 4794 Theodorm
1534 4758 1748 4808 nomen,
1768 4747 1978 4815 aliaque

401 4825 568 4879 multa
624 4828 1020 4893 asserentibus,
1061 4830 1280 4884 minime
1324 4829 1451 4885 fides
1501 4844 1820 4902 praestatur,
1852 4839 1976 4905 quia

400 4915 742 4984 antiquiores
806 4925 1009 4973 tacent.
1062 4919 1221 4988 Atqui
1274 4936 1428 4990 mque
1482 4930 1664 4978 tacent
1711 4925 1974 4995 ejusmodi

402 5006 676 5062 alﬁnitatis
714 5009 984 5063 vinculum
1024 5012 1164 5065 inter
1215 5014 1373 5082 118
1421 5012 1762 5085 Leandrum,
1805 5017 1977 5074 Isido-

401 5116 518 5156 rum
545 5141 561 5165 ,
591 5110 647 5154 et
681 5115 837 5170 reges
877 5099 1389 5172 Gothorum;un
1437 5107 1656 5162 minime
1693 5109 1974 5166 tacendum

401 5199 537 5246 erat.
588 5190 752 5246 Multa
783 5191 850 5246 de
878 5191 928 5245 vi
983 5192 1142 5260 hujus
1188 5196 1488 5260 argumenti
1535 5197 1767 5265 negativi
1814 5198 1865 5254 in
1917 5215 1979 5254 re

403 5281 651 5349 prtesenti
683 5281 920 5352 disputat
943 5279 1213 5336 Florezius
1244 5281 1348 5336 loc.
1380 5284 1473 5338 cit.
1492 5322 1508 5348 ,
1540 5286 1830 5353 praisertim
1852 5289 1976 5356 quia

405 5369 646 5427 Leander
672 5387 790 5442 cap.
826 5371 923 5427 ult.
953 5373 1150 5441 regula:
1198 5373 1264 5428 ad
1293 5373 1656 5430 Florentinam
1694 5394 1934 5434 sororem
1958 5423 1974 5448 ,

405 5475 514 5514 non
556 5460 691 5516 alios
731 5460 924 5517 fratres
948 5476 1077 5517 suos
1105 5471 1387 5531 recenset,
1418 5465 1518 5518 nisi
1543 5464 1880 5536 Fulgentinm
1925 5473 2001 5525 et

404 5549 702 5615 lsidorum,
747 5568 854 5607 non
902 5552 1062 5607 aliam
1114 5567 1384 5620 sororem,
1440 5555 1543 5611 nisi
1587 5555 1974 5615 Florentinam.

407 5637 599 5704 Addit,
629 5641 762 5697 duas
790 5642 952 5698 fuisse
981 5659 1178 5699 uxores
1209 5645 1497 5713 Leovigildi
1528 5688 1544 5713 ,
1575 5656 1633 5702 nt
1657 5664 1721 5703 ex
1755 5652 1978 5706 vetustis

408 5725 673 5782 historicis
720 5741 980 5799 constat,
1037 5735 1259 5790 alteram
1316 5734 1650 5793 Rinchildem
1682 5778 1697 5803 ,
1753 5740 1974 5798 alterum

2082 1869 2250 1922 sorori
2282 1867 2598 1921 Florentium
2649 1865 2882 1919 Isidorus
2910 1903 2925 1929 ,
2966 1877 3074 1920 etc.
3125 1865 3253 1919 Hac
3297 1883 3439 1936 ergo,
3487 1877 3664 1920 sancta

2084 1974 2256 2025 soror,
2283 1967 2330 2010 te
2357 1966 2560 2023 petente
2587 1956 2648 2009 ob
2668 1956 3065 2018 wdiﬂcationem
3089 1957 3241 2009 studii
3266 1957 3335 2008 tui
3357 1957 3448 2008 tibi
3476 1956 3664 2018 dicavi,

2081 2055 2135 2097 ut
2162 2057 2262 2114 qua
2289 2052 2524 2098 consorte
2545 2045 2785 2113 perfruar
2805 2046 3073 2113 sanguinis
3091 2083 3106 2108 ,
3136 2043 3448 2098 cohwredem
3477 2046 3666 2114 faciant

2082 2148 2133 2188 et
2155 2137 2253 2188 mei
2291 2133 2505 2188 laboris.
2553 2133 2794 2187 Meminit
2817 2133 2977 2188 etiam
3008 2133 3222 2189 Braulio
3263 2134 3582 2188 Florentium
3609 2135 3665 2189 in

2082 2224 2477 2295 pmnotatione
2506 2223 2763 2278 librorum
2794 2224 3013 2278 lsidori:
3046 2224 3240 2278 Contra
3283 2225 3514 2291 Judteos,
3540 2243 3664 2296 pos-

2081 2316 2281 2368 tutante
2337 2312 2648 2367 Florentino
2675 2353 2691 2380 ,
2738 2328 2984 2384 germana
3048 2331 3172 2381 sua,
3227 2319 3505 2385 praeposita
3557 2319 3665 2370 vir-

2092 2407 2288 2474 ginum,
2307 2404 2466 2458 libros
2491 2404 2641 2471 duos,
2667 2414 2768 2459 etc.
2791 2404 3083 2460 lldefonsus
3103 2407 3260 2460 simili
3291 2410 3448 2462 modo
3471 2424 3590 2478 cap.
3610 2423 3665 2465 ix

2081 2497 2150 2551 de
2171 2494 2283 2549 Vir.
2320 2495 2513 2549 illustr.
2539 2495 2690 2561 Quod
2722 2496 3028 2550 Florentina
3051 2497 3239 2552 eodem
3268 2513 3390 2552 cum
3413 2498 3666 2554 fratribus

2081 2589 2193 2642 suis
2241 2587 2482 2642 Leandro
2538 2596 2594 2642 et
2641 2587 2844 2642 Isidoro
2895 2589 3143 2658 sepulcro
3197 2589 3412 2644 condita
3465 2589 3666 2659 fuerit,

2081 2683 2328 2730 narratur
2357 2676 2407 2729 in
2447 2676 2722 2745 epitaphio
2751 2692 2910 2745 supra
2941 2693 3062 2747 cap.
3104 2678 3155 2732 7.
3204 2677 3309 2733 Sed
3334 2680 3665 2750 epitaphium

2082 2766 2210 2820 illud
2239 2765 2298 2821 S.
2345 2764 2595 2821 Ildefonsi
2617 2807 2633 2832 ,
2661 2767 2744 2821 cui
2791 2768 3061 2832 tribuitur,
3089 2783 3194 2824 non
3240 2780 3455 2825 constat
3501 2787 3662 2838 esse,

2087 2871 2142 2916 et
2188 2861 2373 2914 multis
2401 2869 2588 2915 contra
2636 2870 2838 2930 pugnat
2864 2860 3142 2916 Florezius
3177 2871 3310 2917 tom.
3357 2862 3405 2916 Χ
3443 2864 3662 2934 Ilispan.

2084 2965 2222 3006 sacr.
2251 2990 2266 3016 ,
2299 2950 2391 3021 qui
2443 2951 2611 3018 Astigi
2647 2951 2949 3022 sepultam,
2983 2953 3158 3023 ibique
3195 2954 3427 3022 jacuisse
3465 2958 3665 3023 tradit,

2082 3042 2260 3097 donec
2283 3080 2298 3103 ,
2330 3039 2640 3112 Hispaniam
2674 3041 3042 3097 invadentibus
3081 3042 3278 3099 Mauris
3300 3085 3315 3109 ,
3345 3046 3409 3098 ad
3457 3055 3665 3100 montes

2081 3130 2506 3201 Aquilupianos,
2538 3131 2652 3186 sive
2694 3131 3084 3202 Guadalupteos
3139 3135 3391 3188 translata
3429 3134 3546 3188 fuit.
3593 3135 3668 3190 De

2082 3223 2306 3279 diversis
2336 3222 2656 3277 Florentium
2688 3224 2991 3278 nominibus
3022 3224 3139 3278 vide
3167 3240 3287 3293 cap.
3323 3222 3406 3277 66.

2156 3312 2246 3367 16.
2289 3313 2366 3367 Ad
2416 3314 2752 3382 Fulgentium
2783 3330 2998 3382 quoque
3024 3357 3037 3380 ,
3064 3315 3274 3369 fratrem
3304 3332 3457 3369 suam
3483 3355 3498 3378 ,
3529 3317 3664 3371 duos

2079 3402 2246 3458 libros
2286 3403 2355 3458 de
2393 3402 2785 3458 Ecclesiasticis
2832 3402 3023 3459 officiis
3078 3404 3310 3460 Isidorus
3355 3407 3519 3458 misit.
3553 3405 3663 3459 Etsi

2086 3493 2230 3548 enim
2259 3493 2540 3562 inscriptio
2568 3494 2640 3548 ita
2670 3495 2846 3548 solum
2873 3493 3035 3549 refert
3065 3513 3077 3547 :
3109 3493 3310 3549 Damno
3349 3510 3456 3548 meo
3476 3504 3523 3547 et
3567 3495 3664 3547 Dei

2079 3600 2225 3637 servo
2276 3583 2549 3655 Fulgentio
2611 3585 2847 3654 episcopo
2897 3582 3131 3638 Isidorus
3161 3627 3176 3652 ,
3225 3593 3403 3638 tamen
3455 3585 3664 3638 Braulio

2079 3684 2267 3743 aperte
2297 3680 2410 3728 ait:
2441 3676 2524 3728 Ad
2568 3691 2868 3746 germanum
2907 3691 3054 3729 suum
3101 3675 3427 3743 Fulgentium
3471 3678 3665 3744 episco-

2078 3782 2197 3834 pum
2227 3762 2536 3835 Ofﬁciorum
2581 3766 2738 3819 libros
2783 3766 2929 3820 duos.
2979 3765 3117 3820 Editi
3146 3767 3345 3819 addunt
3372 3768 3667 3836 episcopum

2078 3857 2429 3926 Astigitanum
2451 3893 2465 3917 ,
2495 3856 2637 3923 quod
2686 3857 3006 3922 exprimitur
3040 3857 3197 3928 119
3240 3857 3400 3909 etiam
3430 3862 3480 3908 in
3523 3870 3663 3924 pra;-

2077 3946 2368 4001 notationis
2382 3945 2627 3998 versione
2649 3944 2825 3999 Italica
2851 3945 3094 4000 Alchaini
3117 3944 3414 4008 anui1570,
3433 3961 3554 4012 cap.
3573 3945 3662 4009 70,

2080 4052 2231 4089 num.
2269 4035 2352 4096 17,
2400 4033 2749 4088 describenda
2778 4035 3045 4106 :_I"escovo
3087 4037 3415 4106 Astigitano;
3447 4051 3549 4104 qua
3597 4035 3667 4089 de

2079 4138 2138 4175 re
2168 4122 2288 4175 vide
2339 4131 2525 4175 notata
2578 4137 2738 4190 supra
2768 4138 2888 4191 cap.
2924 4124 2986 4177 ,5.
3030 4123 3342 4193 Fulgintius
3380 4127 3465 4195 epi
3495 4139 3664 4192 COpUS

2081 4213 2408 4280 Astigitanus
2435 4221 2552 4267 erat
2595 4229 2736 4268 anno
2780 4213 2883 4267 610
2907 4254 2922 4279 ,
2951 4229 3060 4283 quo
3091 4220 3308 4271 decreto
3336 4214 3662 4270 Gundemari

2073 4318 2199 4356 cum
2256 4302 2457 4359 Isidoro
2503 4303 2862 4372 subscripsit,
2918 4313 2978 4359 ut
3032 4305 3205 4360 dicam
3260 4323 3380 4376 cap.
3438 4305 3550 4367 21,
3609 4319 3667 4360 cl

2079 4407 2222 4446 anno
2245 4391 2375 4457 618,
2407 4407 2507 4447 seu
2535 4391 2658 4457 619,
2702 4408 2810 4462 quo
2831 4395 3058 4450 concilio
3087 4412 3124 4450 ιι
3163 4395 3461 4466 Hispalensi
3492 4396 3667 4449 ints-r-

2091 4482 2186 4536 fuit
2214 4523 2230 4549 ,
2265 4493 2323 4536 ut
2365 4484 2487 4538 eod.
2517 4499 2636 4552 cap.
2669 4485 2919 4540 referam.
2952 4486 3067 4541 Nic.
3109 4489 3374 4543 Antonius
3407 4489 3443 4542 l.
3472 4505 3523 4551 v,
3546 4503 3594 4541 c.
3631 4489 3660 4538 1

2082 4571 2220 4626 Bibl.
2248 4581 2355 4627 vet.
2406 4573 2551 4643 Hisp.
2573 4616 2587 4641 ,
2629 4591 2681 4628 n.
2734 4575 2828 4640 16,
2859 4578 3081 4641 asserit,
3112 4576 3447 4644 Fulgentium
3479 4578 3666 4632 conci-

2086 4665 2174 4718 liis
2194 4664 2401 4720 duobus
2424 4663 3108 4736 llispalensiToletanomte
3127 4683 3249 4723 cum
3269 4668 3472 4724 Isidoro
3495 4670 3665 4723 inter-

2082 4754 2282 4807 fuisse:
2326 4754 2535 4810 scilicet
2585 4754 2844 4810 Toletano
2888 4760 3010 4810 anni
3055 4756 3195 4819 610;
3245 4774 3366 4812 nam
3410 4775 3555 4813 num.
3590 4758 3665 4812 1'5

2081 4843 2370 4911 docuerat,
2401 4844 2735 4913 Fulgentium
2760 4845 2960 4902 obiisse
2989 4854 3113 4902 ante
3141 4864 3338 4903 annum
3369 4849 3474 4903 625
3502 4852 3666 4918 (crr-

2081 4932 2195 4999 rige
2232 4933 2366 5001 655)
2394 4975 2408 4999 ,
2438 4949 2548 5004 quo
2604 4937 2941 5005 subscriptus
2994 4938 3188 5008 legitur
3219 4941 3448 4995 concilio
3501 4940 3658 4995 Tole-

2087 5034 2213 5079 tano
2242 5041 2292 5079 IV
2320 5025 2616 5081 Habentius
2635 5028 2921 5098 episcopus
2946 5029 3290 5100 Astigitanus.
3323 5033 3402 5087 An
3427 5033 3663 5105 Fulgen-

2087 5114 2192 5168 tius
2213 5115 2400 5170 lsidori
2450 5116 2616 5170 frater
2642 5117 2932 5185 quidquam
2959 5123 3270 5191 scripserit.
3301 5123 3513 5179 disserit
3544 5129 3661 5186 Nic.

2081 5207 2362 5275 Antonius,
2389 5215 2445 5261 et
2471 5217 2593 5277 post
2617 5223 2739 5262 eum
2766 5208 3041 5265 Florezins
3071 5221 3204 5268 tom.
3233 5213 3282 5268 Χ
3311 5213 3461 5285 Hisp.
3491 5233 3658 5286 saer.,

2081 5298 2173 5366 qui
2203 5299 2518 5362 contendit,
2549 5298 2790 5354 doctoris
2815 5300 3024 5355 titulum
3055 5343 3072 5370 ,
3101 5319 3258 5370 quem
3288 5307 3427 5374 apud
3460 5306 3658 5376 Hispa~

2080 5403 2182 5441 nos
2205 5396 2480 5443 assecutus
2508 5389 2720 5454 dicitur,
2751 5391 3023 5448 veteribus
3050 5397 3411 5452 monumentis
3435 5399 3663 5456 minime

2079 5477 2320 5531 innixum
2349 5493 2485 5534 esse.

2151 5565 2236 5619 17.
2269 5565 2534 5636 Fulgentii
2562 5583 2668 5621 non
2715 5568 2988 5638 vulgarem
3017 5571 3319 5627 doctrinam
3347 5577 3523 5645 arguit
3562 5579 3659 5634 do.

2077 5667 2385 5712 cumentum
2412 5670 2567 5714 vetus
2590 5661 2770 5714 saeculi
2803 5677 2872 5715 vn
2914 5663 3056 5731 apud
3083 5662 3386 5718 Floresimn
3418 5675 3547 5721 tom.
3595 5667 3658 5722 111

2077 5744 2225 5818 llisp.
2284 5764 2420 5804 sacr.
2449 5789 2464 5814 ,
2515 5750 2784 5819 appcnd..
2825 5769 2970 5808 num.
3015 5755 3084 5822 5,
3127 5768 3247 5824 pag.
3291 5753 3394 5807 590
3425 5757 3532 5814 :Et
3585 5763 3654 5814 sic
