4060 6198
382 309 479 366 101

1374 319 1783 380 ἰδιοΟΒΙΑΝΑ.
1824 356 1893 369 ~—
1934 326 2111 388 PARS
2151 332 2187 388 I.
2233 336 2382 393 CAP.
2426 337 2587 394 X3".

3535 358 3637 413 {0‘3

377 424 699 535 rlrevitdﬁdes
725 426 992 535 catholica
1011 428 1050 535 Ι
1074 431 1127 535 in
1150 425 1401 535 Ilispania
1426 435 1963 535 jlpaulisper,_done6,
1994 445 2040 503 Α
2068 444 2136 499 de
2167 448 2269 502 hoc
2288 450 2476 505 exsilio
2499 466 2565 505 ac
2583 451 2651 506 de
2675 454 2845 522 patria
2868 455 3136 526 loquitur:
3163 472 3345 516 monet
3372 478 3636 535 sororem,

374 520 440 572 de
459 520 760 574 orthodoxis
783 530 830 574 et
850 522 1115 576 catholicis
1144 526 1264 578 viris
1296 527 1394 595 fuit
1421 528 1682 582 illustrata
1707 570 1721 594 ,
1753 532 1809 584 id
1836 543 1913 585 est
1941 572 1957 597 ,

375 610 677 681 Fulgentio,
707 612 877 678 Petro,
898 612 1138 668 Leandre
1164 658 1179 681 ,
1208 614 1415 672 Isidoro
1441 660 1457 685 ,
1481 618 1770 690 lldefonso,
1794 621 1960 675 Fruc-

373 711 522 757 tuoso
549 744 565 769 ,
610 701 846 757 Iuliano.
876 702 1265 759 Testimonium
1304 706 1552 763 Roderici
1588 709 1831 764 Toletani
1861 726 1958 779 pro

370 794 636 863 Fulgentii
664 794 907 847 doctrina
957 794 1021 848 ad
1051 798 1301 851 saeculum
1338 813 1430 851 xui
1462 800 1735 867 pertinet:
1768 800 1955 854 eodem

368 889 563 944 steculo
588 888 767 941 ﬂoruit
810 886 982 942 Lucas
1024 888 1320 955 Tudensis',
1353 891 1445 959 qui
1494 892 1546 944 in
1577 891 1764 946 Isidori
1794 894 1953 947 chro-

368 982 491 1035 nico
519 980 694 1034 simile
726 980 1093 1035 testimonium
1122 983 1362 1050 protulit.
1396 982 1507 1038 Ilac
1535 984 1603 1037 de
1632 994 1953 1039 controver-

366 1073 445 1126 sia
477 1086 619 1126 anno
649 1070 791 1125 i725
815 1080 995 1126 actum
1022 1073 1120 1126 luit
1143 1073 1193 1126 in
1215 1088 1367 1128 sacra
1400 1073 1614 1127 Rituum
1664 1087 1955 1141 congrega—

364 1164 514 1218 tione
534 1204 550 1229 ,
577 1172 636 1217 ut
660 1163 885 1232 exponit
907 1162 1226 1218 Benedictus
1254 1164 1491 1233 pontifex
1524 1163 1636 1217 XIV
1660 1164 1728 1218 de
1760 1164 1948 1217 Bcatil‘.

364 1260 401 1313 ι.
431 1269 503 1317 tv,
535 1269 589 1323 p.
624 1252 690 1319 2,
724 1269 777 1309 c.
806 1253 868 1307 li
897 1293 911 1316 ,
942 1254 1031 1320 qui
1064 1270 1129 1308 eo
1160 1263 1404 1324 tempore
1432 1254 1802 1309 Promotorem
1831 1255 1951 1309 tidei

361 1342 593 1407 agebat:
626 1350 684 1395 et
725 1341 797 1394 ita
844 1342 1206 1394 narrationem
1256 1341 1524 1397 absolvit:
1558 1339 1721 1394 Novis
1753 1341 1951 1410 suppli-

360 1432 648 1486 cationibus
695 1430 936 1485 exhibitis
984 1448 1149 1485 sacra:
1202 1434 1592 1503 congregationi
1644 1449 1702 1485 eo
1732 1447 1952 1499 prteser-

359 1523 450 1574 tim
476 1522 832 1591 fundamento,
855 1521 990 1591 quod
1025 1521 1088 1574 ab
1117 1524 1325 1592 antiquo
1358 1532 1583 1589 tempore
1614 1522 1813 1575 titulum
1856 1523 1951 1575 ha-

357 1611 376 1662 ι
393 1614 544 1664 uisset
565 1612 788 1664 doctoris
806 1614 856 1663 in
874 1612 1136 1664 nonnullis
1155 1610 1526 1680 Hispaniarum
1541 1612 1853 1673 direcesibns,
1868 1612 1952 1664 die

356 1701 424 1754 Π
445 1703 638 1770 Aprilis
668 1700 803 1754 I723
820 1718 1116 1770 responsum
1139 1704 1256 1772 fuit,
1279 1712 1331 1754 ut
1356 1703 1408 1754 in
1439 1703 1613 1772 ofﬁcio
1636 1702 1695 1755 S.
1723 1700 1950 1770 Fulgen-

2059 555 2129 596 ne
2158 541 2210 593 in
2240 542 2501 609 patriam,
2522 542 2664 598 unde
2692 559 2812 599 eam
2840 545 2983 603 Deus
3011 548 3137 603 oliui
3168 551 3402 619 cjecerat
3420 594 3435 618 ,
3461 557 3639 613 redire

2058 628 2298 695 cogitet,
2324 630 2736 699 exemplumque
2764 637 2949 690 matris
2995 640 3278 708 proponit,
3307 656 3425 710 quis
3462 660 3522 699 se
3549 662 3639 714 pa-

2058 716 2213 769 triam
2238 753 2254 777 ,
2287 716 2427 770 unde
2454 718 2643 773 salutis
2679 736 2841 777 causa
2892 724 3136 791 exierat,
3180 744 3450 798 nunquam
3494 733 3637 788 visu-

2056 820 2170 859 ram
2200 819 2343 875 sarpe
2365 807 2755 876 obtestabatur,
2786 821 2949 883 atque
2975 815 3027 869 in
3059 818 3231 872 exsilii
3264 820 3386 874 loco
3405 861 3419 885 ,
3447 823 3500 876 in
3527 840 3637 893 quo

2059 896 2224 949 Deum
2280 898 2445 966 cmpit
2494 914 2829 968 agnoscere,
2875 906 3091 973 sepeliri
3146 909 3333 963 voluit.
3390 910 3638 981 Suspicio

2055 988 2277 1039 suborta
2326 998 2409 1041 est
2439 989 2551 1043 Nic.
2599 991 2834 1046 Antonio
2858 1031 2874 1057 ,
2904 1010 2972 1047 an
3017 1010 3155 1049 uxor
3202 997 3480 1055 Severiani
3510 1005 3639 1058 olim

2056 1076 2257 1130 Ariano
2312 1094 2500 1134 errore
2543 1082 2799 1151 implicita
2854 1086 3075 1154 luisset,
3126 1104 3285 1157 quem
3340 1093 3393 1146 in
3450 1097 3640 1152 exsilio

2054 1166 2318 1221 detestata
2363 1166 2559 1223 fuerit:
2590 1172 2684 1225 sed
2738 1182 2885 1229 recte
2914 1178 3145 1232 advertit
3168 1218 3184 1239 .
3218 1182 3378 1237 verba
3405 1183 3639 1240 Leandri

2054 1257 2372 1328 Itaintelligi
2418 1276 2577 1330 posse
2601 1304 2615 1328 ,
2650 1272 2711 1317 ut
2734 1278 2907 1321 mater
2933 1269 3049 1336 ejus
3094 1273 3355 1340 majorem
3386 1276 3597 1344 pietatis
3619 1316 3639 1344 ,

2052 1368 2214 1422 quam
2240 1356 2389 1424 prius
2412 1358 2683 1413 habuisset
2706 1396 2722 1422 ,
2769 1376 2984 1416 sensum
3016 1364 3067 1416 in
3098 1367 3288 1421 exsilio
3315 1344 3637 1437 perceperit.

2124 1444 2213 1499 QI.
2256 1444 2369 1499 Iino
2408 1461 2531 1501 cum
2574 1450 2757 1503 exierit
2800 1452 2983 1506 salutis
3021 1470 3180 1508 causa
3220 1471 3252 1510 e
3279 1458 3488 1525 patria,
3518 1474 3637 1513 ina-

2052 1547 2214 1601 gnum
2238 1546 2611 1603 argumentum
2637 1539 2740 1593 hoc
2764 1550 2846 1595 est
2870 1584 2886 1607 ,
2914 1558 3033 1597 eam
3060 1545 3425 1601 calamitatem
3448 1560 3636 1605 contra

2052 1622 2325 1677 Severiani
2348 1624 2564 1679 domum
2582 1667 2597 1690 ,
2621 1628 2764 1694 quod
2792 1634 2939 1699 121
2970 1631 3092 1686 Iidei
3121 1635 3398 1690 catholica:
3425 1638 3637 1693 addicta

2052 1721 2196 1767 esset
2224 1754 2241 1778 ,
2267 1712 2426 1769 fuisse
2451 1729 2483 1767 a
2513 1714 2703 1771 Gothis
2734 1718 2943 1774 Arianis
2968 1732 3291 1789 promotam.
3323 1724 3442 1791 Quo
3473 1728 3638 1783 animi

354 1792 414 1845 tii
435 1792 591 1844 solita
611 1791 961 1844 observaretur
974 1791 1286 1843 consuetudo
1307 1791 1476 1881 quotld
1496 1793 1652 1843 filum
1697 1790 1937 1881 άυςιοῗὶι
1978 1822 2017 1880 Β
2049 1801 2243 1857 ardore
2270 1802 2513 1858 Leander
2555 1805 2797 1860 bzeresim
2844 1809 3096 1865 Arianam
3135 1790 3455 1881 confoderit,
3488 1832 3638 1872 com-

424 1881 513 1935 18.
556 1881 765 1935 Clarior
793 1896 881 1934 res
917 1889 1000 1935 est
1048 1880 1116 1934 de
1160 1879 1217 1934 S.
1244 1879 1490 1935 Leandro
1516 1922 1532 1947 ,
1561 1895 1721 1948 quem
1774 1878 1942 1932 Isido-

352 1990 445 2029 rus
470 1976 523 2029 in
565 1974 705 2028 libro
746 1974 814 2028 de
842 1973 955 2027 Vir.
983 1972 1185 2027 lllustr.
1224 1973 1496 2027 laudavit:
1523 1974 1577 2026 in
1616 1972 1843 2041 epistola
1874 1971 1938 2025 ad

351 2064 630 2120 Claudium
674 2064 865 2119 ducem
896 2064 1112 2117 vocavit
1143 2079 1459 2117 communem
1494 2073 1727 2116 nostrum
1763 2062 1936 2116 docto-

350 2173 458 2210 rem
476 2196 491 2220 ,
523 2164 579 2209 et
606 2155 659 2208 in
685 2154 926 2209 versibus
951 2153 1292 2207 bibliothecae
1314 2170 1417 2205 non
1440 2154 1692 2221 imparem
1716 2153 1938 2220 antiquis

348 2248 687 2302 doctoribus:
732 2247 801 2300 de
849 2247 1042 2315 quibus
1092 2255 1272 2299 tamen
1322 2245 1549 2314 epistola
1600 2252 1657 2297 et
1698 2244 1940 2298 versibus

346 2338 603 2405 judicium
632 2352 732 2391 suo
773 2337 893 2389 loco
939 2334 1164 2398 feretur,
1190 2351 1259 2389 an
1290 2336 1521 2404 genuina
1548 2333 1740 2388 Isidori
1770 2349 1937 2402 opera

348 2427 476 2482 sint.
522 2426 847 2480 Benedictus
868 2423 1005 2488 XIV,
1028 2425 1121 2495 qui
1162 2425 1264 2480 Ioc.
1298 2426 1392 2480 cit.
1439 2426 1543 2479 alia
1572 2425 1625 2478 in
1656 2439 1776 2479 eam
1806 2439 1935 2480 sen-

346 2518 569 2571 tentiam
625 2516 861 2586 profert,
894 2516 968 2569 ita
1021 2516 1090 2571 de
1136 2517 1328 2570 eodem
1381 2516 1625 2570 Leandro
1664 2516 1932 2569 absolvit:

348 2610 417 2663 In
463 2611 691 2663 ecclesiis
743 2618 913 2661 autem
938 2650 954 2671 ,
1000 2616 1051 2662 et
1096 2607 1392 2662 dioecesibus
1429 2606 1731 2677 Hispalensi
1787 2615 1937 2675 atque

344 2700 763 2770 Carthaginiensi
807 2699 1093 2752 celebratur
1140 2700 1372 2770 ofﬁcium
1418 2700 1481 2751 de
1524 2700 1638 2767 ipso
1692 2707 1933 2768 tanquam

340 2791 550 2845 doctore
568 2831 583 2854 ,
613 2790 863 2859 hujusque
895 2790 1050 2858 120
1090 2789 1253 2858 ofﬁcii
1282 2789 1515 2842 extensio
1545 2788 1629 2841 die
1653 2786 1725 2840 25
1773 2789 1933 2856 Apri-

338 2883 405 2936 lis
448 2880 587 2935 179‘2
612 2883 751 2953 facta
798 2890 875 2934 est
918 2882 987 2933 ad
1014 2890 1174 2935 totam
1221 2878 1577 2949 Hispaniam,
1604 2887 1655 2932 et
1703 2878 1933 2945 regiones

339 2976 451 3046 regi
479 2973 746 3028 Catholica
777 2972 1054 3042 subjectos.
1107 2970 1317 3025 Laudes
1350 2969 1580 3024 Leandri
1610 2976 1736 3022 ante
1765 2967 1933 3021 Isido-

343 3082 463 3121 rnm
513 3065 809 3121 celebravit
833 3064 890 3119 S.
919 3064 1209 3135 Gregorius
1257 3061 1479 3131 Magnus
1516 3061 1568 3114 in
1596 3060 1838 3129 epistolis
1867 3058 1934 3127 ad

2044 1901 2313 1951 memorat
2364 1891 2599 1949 Isidorus
2652 1895 2722 1951 de
2770 1897 2883 1951 Vir.
2940 1898 3133 1955 Illuslr.
3191 1919 3313 1973 cap.
3365 1905 3426 1958 41
3475 1924 3488 1958 :
3531 1906 3636 1962 llic

2041 1998 2263 2052 namque
2311 1984 2366 2036 in
2414 1985 2584 2038 exsilii
2612 1986 2692 2038 sui
2736 1989 3151 2057 peregrinatione
3192 1998 3477 2064 composuit
3506 2001 3636 2051 duos

2039 2071 2283 2125 adversus
2313 2072 2670 2127 haereticorum
2717 2076 2959 2145 dogmata
3008 2080 3167 2134 libros
3192 2122 3208 2146 ,
3230 2086 3517 2140 eruditione
3545 2105 3634 2141 sa-

2040 2176 2251 2213 crarum
2307 2162 2595 2215 litterarum
2646 2166 2925 2220 ditissimos
2957 2208 2971 2230 ,
3004 2170 3058 2221 in
3112 2174 3293 2241 quibus
3350 2180 3633 2233 vehementi

2040 2250 2177 2320 ston
2204 2251 2417 2305 Ariona:
2446 2254 2726 2321 impietatis
2756 2258 2988 2327 confodit
3017 2269 3167 2330 atque
3195 2262 3381 2335 detegit
3408 2271 3633 2333 pravita-

2040 2351 2180 2395 tem:
2211 2343 2485 2396 ostendens
2528 2347 2762 2409 scilicet,
2792 2349 2916 2417 quid
2964 2362 3145 2405 contra
3184 2355 3387 2409 eosdem
3438 2359 3631 2415 habeat

2040 2432 2297 2485 catholica
2321 2431 2587 2497 Ecclesia,
2609 2436 2684 2487 vel
2711 2447 2959 2505 quantum
2986 2440 3143 2493 distat
3171 2442 3235 2495 ab
3261 2446 3335 2498 eis
3361 2449 3633 2517 religione,

2037 2514 2113 2572 vel
2142 2520 2265 2588 ﬁdei
2312 2525 2671 2578 sacramentis.
2720 2522 2909 2579 Exstat
2937 2538 2983 2580 et
3025 2530 3169 2584 aliud
3215 2514 3476 2590 laudabile
3520 2540 3632 2609 ejus

2037 2611 2337 2674 opusculum
2390 2612 2635 2667 adversus
2686 2616 2923 2669 instituta
2973 2618 3324 2686 Arianorum,
3380 2626 3432 2679 in
3486 2644 3629 2695 quo,

2034 2705 2314 2773 propositis
2368 2721 2545 2758 eorum
2583 2706 2774 2773 dictis,
2820 2724 2942 2761 suas
2984 2714 3342 2778 responsiones
3391 2720 3625 2786 opponit.

2038 2791 2302 2846 Praeterea
2352 2794 2514 2847 edidit
2568 2811 2725 2849 unum
2770 2796 2839 2849 ad
2892 2796 3256 2854 Florentinam
3304 2819 3532 2860 sororem
3562 2808 3631 2861 de

2033 2883 2357 2937 institutione
2379 2886 2636 2954 virginum
2657 2927 2672 2951 ,
2704 2896 2811 2940 etc.

2112 2972 2207 3027 ΣΞ.
2249 2973 2744 3043 Peregrinationem
2770 2980 2975 3045 exsilii,
3001 2997 3159 3048 quam
3188 2981 3423 3041 Isidorus
3448 3001 3628 3053 vocat,

2038 3066 2264 3134 intelligi
2294 3076 2475 3136 potest
2518 3082 2856 3125 communem
2886 3071 3048 3127 fuisse
3077 3076 3389 3145 parentibus
3411 3122 3427 3147 ,
3463 3088 3629 3149 atque

339 3168 464 3210 eum
494 3174 509 3221 ;
556 3157 650 3225 qui
679 3158 843 3212 etiam
894 3155 1139 3210 Leandro
1188 3153 1405 3224 pallium
1452 3153 1595 3209 misit
1624 3194 1641 3221 ,
1672 3160 1727 3207 et.
1770 3152 1932 3207 libros
1961 3190 2004 3249 Ο
2037 3172 2155 3212 eam
2187 3158 2353 3226 ipsam
2381 3173 2541 3227 quam
2575 3157 2818 3213 Leander
2846 3176 2966 3230 cap.
3011 3163 3106 3217 ult.
3152 3166 3349 3235 regula:
3392 3168 3507 3223 sive
3555 3176 3624 3224 de

336 3247 622 3302 Moralium
653 3249 705 3303 in
739 3247 841 3303 Job
870 3248 1159 3303 dedicavit.

407 3336 494 3390 l9.
536 3336 629 3392 His
680 3338 976 3406 expositis,
1034 3351 1155 3407 quze
1203 3336 1270 3391 ad
1326 3344 1581 3407 parentes
1627 3336 1929 3405 fratresque

333 3427 523 3483 Isidori
556 3430 826 3497 pertinent
852 3470 867 3491 ,
896 3430 963 3484 de
991 3430 1109 3498 ejus
1141 3429 1265 3485 loco
1310 3429 1476 3483 natali
1507 3428 1772 3498 agendum
1820 3435 1924 3482 est.

333 3517 688 3573 Severianum
721 3518 885 3572 fuisse
913 3534 945 3572 e
970 3518 1243 3586 provincia
1271 3516 1700 3585 Carthaginiensi
1730 3516 1925 3585 Hispa-

330 3610 472 3674 nite,
503 3608 620 3677 ipse
666 3606 900 3662 Isidorus
947 3608 1208 3677 scriptum
1257 3609 1520 3675 reliquit,
1580 3609 1922 3678 Leandrum,

328 3708 387 3754 et
413 3696 783 3751 Florentinam
820 3696 1143 3766 Carthagine
1189 3699 1241 3751 in
1271 3697 1525 3766 Hispania
1563 3708 1719 3753 natos
1745 3740 1759 3763 ,
1791 3698 1922 3754 Bre-

328 3790 499 3845 viaria
558 3788 794 3860 lIispana
846 3792 1083 3845 tradunt.
1132 3790 1208 3845 De
1259 3790 1540 3859 Fulgentio
1593 3791 1698 3845 hoc
1746 3792 1918 3861 ipsum

329 3882 487 3937 multi
530 3878 838 3943 aliirmant,
891 3881 1038 3948 quod
1097 3880 1215 3936 Nic.
1269 3881 1537 3935 Antonius
1589 3897 1695 3936 non
1756 3883 1919 3937 audet

334 3988 607 4029 asserere.
653 3973 732 4029 De
779 3972 986 4028 Isidoro
1027 3974 1203 4042 major
1227 3983 1311 4028 est
1344 3976 1745 4029 controversia:
1777 3976 1914 4031 fama

326 4075 411 4121 est
434 4107 451 4130 ,
484 4064 685 4135 Hispali
713 4075 892 4120 natum
920 4108 936 4133 ,
961 4081 1069 4135 quo
1096 4075 1347 4135 parentes
1376 4082 1406 4121 e
1425 4084 1561 4122 nova
1590 4069 1915 4137 Carthagine

326 4156 541 4209 exsules
569 4165 964 4211 concesserant.
1000 4155 1157 4223 Quod
1189 4157 1239 4210 in
1273 4157 1560 4212 Breviariis
1587 4158 1909 4227 llispanicis,

324 4245 379 4300 in
426 4244 699 4298 Breviario
753 4245 1081 4312 Quignonii,
1136 4256 1190 4300 et
1244 4247 1295 4300 in
1345 4247 1590 4301 Romano
1629 4250 1910 4316 recognito

324 4336 523 4390 dicitur
568 4334 804 4389 Isidorus
848 4337 1059 4390 natione
1104 4336 1371 4407 Hispanus
1400 4354 1464 4391 ex
1511 4354 1639 4392 nova
1687 4339 1909 4393 Cartha-

323 4428 445 4495 gine
467 4466 481 4490 ,
509 4424 561 4479 id
590 4440 655 4479 ex
673 4425 774 4479 hac
796 4427 928 4481 urbe
950 4428 1233 4481 oriundum
1260 4428 1522 4484 Isidorum
1553 4432 1724 4485 innuit
1751 4475 1764 4495 ,
1800 4448 1905 4485 non

2035 3246 2372 3302 institutione
2422 3248 2686 3315 virginum
2720 3289 2737 3313 ,
2792 3264 3199 3309 commemorat.
3259 3256 3456 3311 Verum
3514 3276 3621 3314 non

2032 3339 2206 3393 solum
2230 3339 2473 3394 Leander
2501 3340 2747 3395 exsilium
2777 3358 2887 3398 sua:
2909 3344 3101 3399 domus
3127 3363 3192 3401 eo
3215 3347 3333 3403 loco
3352 3361 3623 3415 recenset,

2030 3427 2124 3483 sed
2165 3429 2326 3481 etiam
2378 3430 2564 3497 patria:
2595 3432 2930 3487 eversionem
2962 3434 3237 3490 describit.
3290 3437 3404 3508 Ego
3452 3451 3622 3494 tamen

2028 3527 2269 3586 expertus
2292 3521 2490 3590 loquor,
2523 3522 2595 3574 sic
2621 3523 2906 3590 perdidisse
2933 3534 3120 3579 statum
3142 3536 3189 3579 et
3215 3530 3436 3596 speciem
3471 3531 3621 3585 illam

2027 3612 2283 3677 patriam,
2318 3620 2372 3663 ut
2420 3629 2511 3665 nec
2556 3612 2682 3665 liber
2709 3617 2974 3686 quisquam
3011 3618 3065 3669 in
3117 3634 3179 3670 ea
3224 3622 3483 3688 supersit,
3526 3642 3623 3677 nec

2029 3710 2165 3753 terra
2194 3703 2309 3770 ipsa
2338 3705 2492 3757 solita
2519 3706 2585 3757 sit
2616 3704 2845 3757 ubertate
2885 3708 3105 3776 fecunda
3131 3726 3147 3761 :
3178 3719 3227 3761 et
3255 3727 3354 3764 non
3384 3716 3497 3772 sine
3525 3715 3619 3769 Dei

2016 3790 2238 3856 judicio.
2273 3791 2429 3843 Terra
2452 3794 2587 3845 enim
2618 3835 2631 3858 ,
2658 3796 2739 3847 cui
2769 3797 2899 3847 cives
2928 3799 3087 3865 erepti
3115 3808 3234 3853 sunt
3257 3841 3271 3863 ,
3305 3812 3353 3855 et
3384 3822 3563 3859 conces
3596 3809 3616 3860 i

2021 3890 2267 3932 extraneo
2292 3920 2306 3941 ,
2334 3896 2451 3932 mox
2479 3890 2533 3932 ut
2553 3881 2856 3951 dignitatem
2881 3887 3135 3953 perdidit,
3162 3875 3328 3943 caruit
3367 3902 3414 3945 et
3436 3897 3615 3963 ferali-

2022 3971 2200 4022 ditate.
2255 3969 2317 4022 Et
2344 3972 2597 4038 quoniam
2642 3974 2730 4027 vix
2780 3975 2997 4030 dubium
3038 3987 3120 4031 est
3146 4021 3159 4046 ,
3190 3982 3318 4048 quin
3358 3984 3426 4037 de
3476 3985 3606 4038 Car-

2022 4061 2235 4127 thagine
2290 4061 2605 4130 Spartaria,
2658 4080 2753 4120 seu
2804 4065 2990 4131 Nova,
3047 4068 3290 4123 Leander
3330 4072 3604 4142 loquatur,

2018 4153 2299 4207 subversio
2339 4154 2676 4223 Carthaginis
2702 4172 2809 4225 quo
2840 4166 3081 4229 tempore
3109 4162 3364 4217 acciderit
3387 4204 3403 4230 ,
3431 4166 3611 4221 inves-

2018 4244 2289 4310 tigandum
2322 4254 2422 4298 est.

2085 4330 2174 4384 25.
2215 4332 2447 4386 Isidorus
2499 4333 2536 4387 I.
2593 4351 2661 4389 xv
2709 4334 2972 4406 Etymol.,
3007 4353 3127 4407 cap.
3180 4340 3233 4403 l,
3273 4341 3350 4395 sic
3404 4344 3605 4400 habet:

2013 4425 2129 4493 Afri
2144 4425 2235 4477 sub
2252 4425 2507 4479 Annibale
2522 4426 2728 4497 (melitis
2743 4430 2833 4481 sub
2853 4428 3201 4498 Hasdrubale)
3217 4435 3475 4487 maritima
3489 4437 3534 4488 Η
3545 4441 3609 4492 is-

322 4518 375 4572 in
422 4532 485 4572 ea
544 4526 743 4572 natum.
795 4518 1093 4574 Rodericus
1128 4521 1500 4586 Cerratcnsis,
1552 4532 1606 4576 et
1660 4524 1904 4590 quaedam

2031 4514 2183 4565 mnia:
2213 4524 2536 4583 occupantes,
2553 4514 2915 4585 Carthaginem
2946 4518 3275 4587 Spartariam
3305 4535 3609 4577 construxe—

324 4606 595 4661 Breviaria
624 4616 805 4662 vetera
832 4610 1042 4663 natione
1062 4609 1525 4681 Carthaginensem
1549 4611 1749 4666 dicunt.
1778 4613 1911 4665 Bre—

319 4696 549 4750 viarium
578 4706 733 4751 vetus
776 4698 1127 4768 IIispaIense:
1161 4699 1247 4754 Ex
1286 4702 1490 4753 civitate
1518 4700 1913 4772 Carthaginensi

323 4789 602 4857 provincice
630 4786 905 4859 Hispania:
945 4792 1195 4860 originem
1231 4791 1395 4844 duxit.
1429 4791 1486 4844 In
1516 4790 1721 4845 duobus
1751 4791 1911 4846 Codi-

326 4876 479 4931 cibus
509 4877 833 4934 Florentinis
863 4880 1117 4934 librorum
1150 4890 1338 4936 contra
1370 4880 1603 4946 Judmos,
1620 4881 1687 4936 de
1714 4884 1910 4950 quibus

316 4982 438 5037 cap.
470 4968 539 5022 45
564 4982 718 5037 agam
746 5012 760 5034 ,
792 4968 1028 5025 Isidorus
1057 4971 1253 5026 dicitur
1285 4971 1562 5026 Toletanus
1592 4973 1863 5043 episcOpus
1886 5013 1904 5037 ,

316 5068 412 5113 aut
464 5059 741 5115 Toletanus
791 5061 1122 5132 Hispalensis
1175 5066 1441 5135 episcopus
1475 5080 1494 5117 :
1524 5063 1617 5119 sed
1672 5064 1723 5119 id
1770 5067 1897 5134 quin

314 5148 487 5201 errori
536 5148 737 5203 librarii
785 5151 1127 5206 tribuendum
1184 5153 1292 5215 sit,
1344 5168 1503 5208 nemo
1551 5153 1896 5209 dubitaverit.

314 5232 462 5288 Idem
493 5252 646 5291 error
672 5241 910 5294 occurrit.
938 5241 989 5295 in
1032 5242 1303 5296 nonnullis
1332 5259 1461 5300 mss.
1494 5247 1899 5316 exemplaribus

313 5322 656 5381 bibliothecae
709 5327 1005 5395 Vaticanae,
1057 5330 1283 5402 aliisque
1330 5332 1662 5402 Codicibus,
1703 5338 1897 5406 quibus

312 5414 454 5469 idem
476 5431 613 5485 opus
637 5426 822 5473 contra
845 5419 1059 5477 Judaeos
1087 5425 1414 5480 continetur.

382 5505 471 5560 20.
515 5506 780 5575 Quoniam
808 5528 939 5570 vero
966 5529 1034 5569 ex
1054 5524 1337 5584 parentum
1368 5517 1558 5574 exsilio
1586 5520 1893 5589 conjicitur,

308 5589 576 5652 Isidorum
607 5598 661 5654 in
692 5614 886 5655 eorum
928 5603 1102 5672 patria
1140 5604 1381 5672 genitum
1412 5622 1519 5662 non
1549 5606 1711 5665 luisse
1735 5654 1749 5679 ,
1778 5616 1894 5681 prl-

306 5700 458 5742 tnum
486 5688 646 5757 quale
690 5690 793 5746 hoc
822 5691 983 5746 fuerit
1011 5694 1292 5759 exsilium,
1319 5694 1615 5751 videamus.
1646 5699 1893 5755 Leander

306 5791 431 5847 cap.
450 5779 549 5835 ult.
566 5780 763 5851 regula:
784 5783 850 5839 ad
869 5783 1233 5843 Florentinsm
1245 5802 1487 5845 sororem
1504 5790 1683 5861 (supra
1697 5810 1817 5863 cap.
1832 5796 1889 5863 Ξ)

2016 4613 2171 4669 runt,
2209 4622 2324 4675 qua:
2368 4622 2490 4659 mox
2531 4625 2563 4659 a
2610 4605 2861 4661 Romanis
2902 4619 3081 4676 capta,
3114 4620 3163 4662 et
3201 4613 3404 4667 colonia
3432 4617 3602 4684 facta,

2014 4711 2199 4748 nomen
2218 4698 2493 4765 provincia:
2518 4698 2676 4752 dedit.
2712 4697 2866 4752 Nunc
2887 4709 3057 4751 autem
3072 4717 3103 4752 a
3135 4700 3315 4756 Gothis
3336 4706 3599 4770 subversa,

2012 4793 2165 4852 atque
2211 4787 2265 4839 in
2309 4787 2675 4840 desolationem
2722 4789 2929 4871 redacta
2978 4799 3073 4842 est.
3126 4790 3400 4849 Florezius
3427 4834 3440 4855 .
3476 4797 3509 4850 1.
3544 4814 3602 4865 γ,

2010 4873 2161 4944 IIisp.
2194 4891 2362 4945 sacr.,
2391 4885 2550 4930 tract.
2580 4877 2632 4937 4.
2664 4893 2785 4946 cap.
2814 4877 2865 4942 2,
2900 4878 3150 4943 allirmat,
3196 4883 3343 4950 prius
3372 4884 3599 4939 Cartha-

2007 4965 2185 5035 ginem
2215 4981 2245 5019 a
2274 4965 2527 5021 Vandalis
2557 4969 2869 5022 subversam
2903 4970 3094 5033 fuisse,
3122 4972 3319 5029 deinde
3346 4991 3375 5028 a
3405 4975 3597 5030 Gothis

2002 5066 2168 5122 tunc,
2202 5075 2323 5113 cum
2374 5060 2603 5116 Isidorus
2650 5063 2938 5117 scribebat.
2992 5063 3143 5121 Hunc
3187 5068 3331 5122 enim
3377 5085 3593 5123 sensum

2000 5149 2187 5206 lsidori
2216 5152 2393 5206 verbis
2430 5152 2657 5225 imputat
2685 5173 2697 5208 :
2729 5156 2868 5209 Aora
2907 5156 3070 5210 acaba
3099 5158 3161 5212 de
3205 5177 3286 5213 ser
3328 5162 3591 5213 destruida

2001 5258 2097 5313 por
2140 5245 2219 5299 los
2268 5243 2463 5301 Godos.
2503 5245 2763 5316 Equidem
2812 5247 3070 5303 lsidorum
3115 5251 3189 5304 ita
3220 5251 3457 5317 intelligo
3489 5291 3504 5316 ,
3532 5260 3591 5304 ut

2001 5343 2112 5389 tres
2136 5336 2284 5391 urbis
2307 5345 2475 5392 status
2516 5339 2704 5393 innuat
2729 5380 2745 5404 ,
2776 5339 3005 5410 primum
3036 5342 3134 5397 sub
3155 5340 3327 5405 Afris,
3359 5342 3588 5395 alterum

2000 5429 2099 5483 sub
2131 5428 2414 5496 Romanis,
2457 5433 2674 5487 tertium
2722 5449 2843 5490 eum
2876 5435 2931 5489 in
2978 5451 3086 5505 quo
3116 5445 3245 5490 tunc
3293 5436 3346 5489 in
3378 5434 3587 5489 desola-

2002 5519 2201 5574 tionem
2228 5520 2335 5589 jam
2383 5522 2601 5578 redacta
2630 5525 3019 5595 reperiebatur,
3049 5523 3174 5594 quin
3206 5524 3355 5593 argui
3383 5526 3580 5596 possit,

1998 5621 2271 5668 recentem
2304 5629 2422 5671 esse
2451 5632 2572 5671 eam
2602 5618 3012 5672 desolationem.

2067 5704 2156 5761 Si.
2198 5705 2459 5763 Putarunt
2486 5709 2727 5763 nonnulli
2756 5750 2770 5771 ,
2803 5709 2941 5763 hanc
2972 5706 3311 5776 Carthaginis
3340 5708 3579 5765 eversio-

1997 5812 2117 5852 nem
2150 5795 2308 5854 luisse
2333 5812 2494 5868 quam
2522 5797 2770 5854 Vandalis
2799 5797 2984 5853 tribuit
3007 5796 3237 5858 Isidorus
3262 5799 3316 5857 in
3346 5798 3577 5858 Historia
