4028 6200
475 280 497 333 l
508 280 579 335 03

1211 275 1302 332 Al)
1341 274 1569 331 OPERA
1610 275 1670 330 S.
1709 272 1955 330 ISIDORI
1992 274 2441 339 IllSPALENSIS
2474 281 2998 341 PRULEGOMENA.

3607 290 3704 349 101

470 409 829 481 Vandalprum
858 409 923 463 ad
971 424 1131 463 teram
1160 406 1261 460 459
1298 411 1449 477 122
1499 420 1642 459 anno
1669 405 1861 459 Christi
1909 404 2031 457 42!:
2065 392 2115 448 Α
2210 390 2261 442 in
2293 392 2557 447 υῖνηιλίὺιιε
2601 402 2651 447 εί
2695 396 2898 450 "ueris-
2949 395 3073 452 Νοη
3104 398 3199 463 [πάι
3248 396 3479 469 Gregorii
3527 400 3707 471 Μαςιηί

470 501 678 556 Primus
708 510 875 554 autem
914 501 967 552 in
998 499 1254 565 Ilispania
1300 497 1620 550 Gundericus
1649 511 1740 547 rex
1774 495 2039 547 Vandale-

468 608 581 645 rum
601 633 616 655 ,
647 601 747 647 etc.
776 590 1070 644 Balearicas
1099 587 1501 640 Tarraconensis
1528 586 1803 655 provinciae
1841 584 2039 638 insulas

467 684 814 754 deprwdatur.
846 679 1044 732 Deinde
1067 675 1382 746 Carthagine
1405 676 1683 744 Spartaria
1712 691 1887 727 eversa
1925 691 2039 728 cum

467 774 701 829 omnibus
740 769 987 822 Vandalis
1014 767 1081 820 ad
1124 765 1371 820 Baeticam
1400 766 1585 818 transit
1611 805 1626 830 ,
1671 764 1935 833 Hispalim
1961 764 2042 817 die

466 868 607 930 ruit,
636 874 851 932 actaque
904 862 1042 915 cazde
1094 862 1147 913 in
1176 860 1515 928 direptionem
1566 860 1738 912 mittit.
1766 856 1873 912 Sed
1918 873 2041 912 cum

466 954 711 1011 Leander
751 954 911 1008 aliam
959 950 1121 1006 fuisse
1175 950 1532 1019 direptionem
1576 948 1912 1019 Carthaginis
1960 947 2042 1003 itt-

466 1057 641 1113 nuat,
696 1046 848 1115 cujus
893 1059 1054 1099 causa
1101 1052 1352 1112 parentes
1401 1041 1518 1110 ejus
1565 1040 1618 1093 in
1674 1039 1925 1093 Bmticam
1982 1052 2043 1093 se

466 1140 791 1195 contulerint
820 1178 836 1203 ,
863 1136 1095 1190 Isidorus
1123 1149 1338 1203 quoque
1368 1134 1420 1187 in
1450 1133 1541 1188 lib.
1575 1149 1641 1186 xv
1672 1131 1847 1201 Etym.
1874 1131 2041 1185 intel-

468 1231 709 1300 ligendus
731 1238 815 1305 est
858 1230 924 1282 de
962 1228 1062 1281 hac
1090 1228 1204 1296 ipsa
1248 1224 1549 1292 direptione
1590 1236 1750 1289 quam
1800 1218 2042 1275 Leander

467 1330 769 1387 memorat;
828 1334 1001 1387 eoque
1054 1319 1218 1373 etiam
1268 1316 1469 1383 magis,
1521 1314 1648 1382 quia
1703 1314 1758 1366 in
1806 1310 2041 1366 Historia

468 1411 834 1467 Vandalorum
882 1408 1257 1476 Carthaginem
1289 1406 1355 1459 ab
1397 1405 1480 1459 his
1508 1418 1748 1458 eversam
1780 1401 1942 1455 tradit
1985 1401 2039 1454 in

468 1500 506 1553 l.
538 1515 605 1553 xv
648 1498 876 1568 Etymol.
930 1513 960 1551 a
1009 1496 1197 1552 Gothis
1241 1512 1254 1547 :
1297 1507 1472 1561 neque
1514 1491 1803 1547 verisimile
1853 1498 1939 1544 est
1982 1497 2042 1543 ut

469 1589 673 1645 Gothos
702 1604 798 1657 pro
832 1587 1078 1642 Vandalis
1100 1585 1386 1654 acceperit.

539 1700 625 1755 25.
667 1699 927 1765 Bivarius,
951 1700 1004 1753 in
1027 1705 1317 1754 comment.
1347 1695 1415 1749 ad
1435 1693 1721 1748 Maximum
1752 1706 1894 1746 anno
1915 1689 2038 1755 509,

467 1793 843 1860 Carthaginem
863 1791 1190 1862 Spartariam
1214 1788 1281 1842 ab
1309 1786 1531 1855 Agilane
1550 1800 1692 1839 anno
1713 1783 1909 1839 Christi
1938 1783 2043 1837 552

468 1892 711 1939 eversam
737 1880 901 1935 luisse
923 1879 1213 1934 existimat.
1244 1875 1311 1929 Et
1344 1876 1551 1929 idoneis
1578 1873 1793 1944 quidem
1821 1873 2040 1928 rationi-

469 1976 569 2028 bus
611 1972 701 2027 ille
748 1971 984 2034 evincit,
1017 1969 1280 2039 duplicem
1307 1964 1733 2032 distinguendam
1760 1978 1879 2019 esse
1905 1963 2039 2016 Car-

466 2064 697 2132 thaginis
722 2062 886 2116 Novae
913 2059 1249 2116 eversionem
1274 2075 1287 2109 :
1308 2057 1528 2110 alteram
1545 2096 1560 2122 ,
1586 2054 1654 2109 de
1680 2068 1786 2122 qua
1812 2053 2043 2108 Isidorus

465 2156 522 2210 in
543 2154 635 2209 lib.
670 2169 737 2207 xv
762 2151 992 2223 Etymol.
1023 2148 1181 2203 Nunc
1208 2156 1380 2201 autem
1408 2162 1440 2197 a
1469 2143 1647 2199 Gothis
1672 2158 1878 2210 eversa,
1908 2151 2039 2208 etc.;

465 2243 690 2299 alteram
718 2241 1072 2310 antiquiorem
1097 2277 1113 2301 ,
1142 2237 1211 2291 de
1235 2251 1339 2304 qua
1371 2234 1575 2289 ldacius
1604 2234 1658 2288 in
1684 2232 1951 2287 Chronico
1972 2230 2041 2285 ad

465 2348 592 2386 ann.
636 2333 660 2383 l
695 2330 1002 2393 Theodosii,
1050 2330 1161 2381 sive
1189 2341 1387 2379 annum
1416 2323 1614 2377 Christi
1636 2323 1741 2376 423
1768 2340 1781 2374 :
1814 2322 2039 2375 Vandali

465 2422 763 2478 Balearicas
802 2422 998 2476 insulas
1047 2417 1408 2485 deprenduntur
1438 2432 1456 2468 :
1499 2415 1683 2467 deinde
1728 2413 2041 2483 Carthagine

466 2514 743 2585 Spartaria
766 2554 780 2579 ,
809 2523 858 2565 et
890 2509 1096 2580 llispali
1124 2523 1329 2574 eversa,
1358 2514 1407 2560 et
1438 2504 1712 2573 Hispaniis
1733 2505 2040 2574 deprtedatis

465 2605 847 2662 Mauritaniam
884 2600 1150 2656 invadunt.
1201 2597 1336 2653 Huic
1382 2597 1614 2665 antiquae
1657 2595 1919 2649 eversioni
1947 2610 2042 2665 per

466 2696 737 2753 Vandalos
764 2694 1054 2751 convenire
1081 2701 1351 2760 nequeunt
1371 2689 1559 2745 Isidori
1590 2686 1753 2742 verba
1778 2727 1793 2752 ,
1817 2688 1906 2755 qui
1930 2702 2037 2740 non

428 2778 638 2861 "s‘olum
660 2789 865 2845 Gothos
888 2786 1085 2841 diserte
1112 2784 1385 2849 nominat,
1413 2783 1505 2837 sed
1531 2797 1643 2837 rem
1669 2796 1768 2835 suo
1798 2789 2040 2848 tempore

466 2892 671 2956 gestam
699 2887 843 2937 clare
873 2878 1068 2932 innuit.

538 2998 627 3053 26.
667 2997 794 3051 Erat
829 2997 976 3063 Agila
996 3035 1011 3061 ,
1038 3008 1131 3047 rex
1161 2992 1458 3049 Gothorum
1492 3032 1506 3058 ,
1539 2988 1924 3045 inlensissimus
1952 3001 2036 3042 re-

2214 483 2513 550 discipulus.
2545 482 2652 537 Iter
2682 485 2969 542 Romanum
2999 486 3192 543 Isidori
3219 498 3332 559 ipsa
3363 502 3506 546 nocte
3537 492 3707 545 Nata-

2211 575 2275 627 lis
2295 573 2502 629 Domini
2522 580 2936 634 commentitium.
2950 581 3031 634 An
3052 580 3286 637 Isidorus
3309 585 3438 637 vices
3455 583 3705 646 Leandri,

2212 665 2333 717 dum
2372 666 2455 718 hic
2494 666 2784 732 exsularet,
2812 672 3041 737 gesserit.
3078 670 3363 725 Disseritur
3390 673 3453 726 de
3482 671 3711 725 Leandri

2211 758 2467 827 legatione
2492 760 2739 815 etexsilio
2760 801 2775 827 ,
2797 778 2860 814 ac
2880 762 2943 817 de
2965 762 3350 836 Hermenegildi
3370 767 3637 836 martyrio.

2214 867 2264 919 1.
2306 866 2561 922 lsidorum
2609 870 2719 924 oris
2766 872 2945 940 specie
2989 887 3019 926 a
3065 888 3235 942 puero
3277 876 3710 929 commendatum

2142 953 2341 1019 fuisse,
2399 956 2604 1027 colligit
2628 957 2754 1011 Nic.
2806 960 3067 1016 Antonius
3115 978 3181 1015 ex
3237 963 3410 1016 verbis
3458 962 3713 1020 Ildel'onsi

2140 1061 2261 1113 cap.
2297 1062 2348 1099 Ix
2390 1048 2456 1100 de
2489 1047 2600 1101 Vir.
2632 1049 2826 1103 illustr.
2855 1067 2867 1101 :
2905 1050 2999 1103 Vir
3028 1052 3212 1105 decore
3237 1053 3391 1105 simul
3427 1056 3713 1125 etingenio

2143 1136 2375 1203 pollens,
2408 1138 2552 1204 quod
2599 1140 2875 1207 conceptis
2915 1140 3093 1194 verbis
3134 1141 3295 1194 tradit
3340 1154 3526 1197 auctor
3582 1143 3714 1197 Vita:

2139 1227 2197 1280 S.
2221 1226 2403 1282 lsiduri
2426 1229 2727 1285 Canonicus
2749 1230 3107 1300 Legionensis.
3134 1234 3286 1303 Apud
3310 1236 3451 1291 hunc
3468 1239 3714 1291 eumdem

2140 1316 2495 1383 historicum,
2526 1320 2604 1372 uti
2657 1323 2819 1375 etiam
2866 1324 3005 1391 apud
3054 1322 3374 1378 Rodericum
3422 1324 3713 1380 Cerraten-

2140 1420 2253 1458 sem
2285 1447 2300 1471 ,
2330 1422 2488 1476 supra
2531 1417 2693 1477 caput
2718 1408 2787 1460 14
2813 1449 2827 1474 ,
2859 1410 2961 1479 legi
3010 1422 3188 1480 potest
3231 1415 3568 1482 miraculum,
3599 1418 3715 1471 sive

2141 1504 2411 1549 ostentum
2459 1496 2524 1549 de
2569 1499 2817 1553 examine
2863 1514 3023 1568 apum
3070 1502 3213 1570 quod
3268 1502 3452 1557 infanti
3503 1504 3714 1559 Isidoro

2141 1586 2329 1640 astitit.
2378 1586 2429 1642 Id
2487 1587 2540 1642 in
2589 1588 2709 1642 aliis
2762 1604 2976 1658 quoque
3031 1592 3506 1661 accidisse,veluti
3552 1611 3714 1649 omen

2145 1672 2333 1728 lutum
2375 1675 2662 1741 doctrinae,
2693 1677 2809 1732 sive
2840 1679 3017 1734 suavis
3045 1679 3362 1750 eloquentiae
3383 1719 3399 1744 ,
3431 1685 3717 1736 continuat

2146 1762 2506 1832 Berneggerus
2561 1765 2855 1820 miscellan.
2905 1766 3185 1822 Observat.
3237 1784 3357 1839 cap.
3407 1785 3461 1823 v.
3510 1769 3717 1825 Auctor

2149 1850 2278 1906 Vita:
2301 1852 2356 1907 S.
2387 1854 2570 1908 lsidori
2594 1864 2776 1909 narrat
2801 1871 3025 1912 examen
3062 1874 3223 1927 apum
3250 1860 3316 1913 ab
3344 1859 3531 1915 Isidori
3561 1871 3716 1931 patre

2141 1945 2333 1999 visum.
2381 1944 2439 1999 In
2490 1947 2807 2003 lectionibus
2836 1950 3063 2018 propriis
3104 1949 3160 2005 S.
3208 1950 3531 2007 Florentius:
3571 1954 3715 2024 apud

2142 2034 2407 2103 Hispanos
2430 2037 2670 2090 nonnihil
2696 2038 2868 2091 variat
2892 2038 3006 2092 lucc
3034 2041 3303 2095 narratio:
3332 2039 3505 2110 Digna
3532 2044 3712 2107 evasit,

2141 2134 2195 2177 ut
2219 2127 2282 2178 de
2301 2126 2624 2180 institutione
2675 2129 2875 2196 pueruli
2890 2130 3070 2199 fratris
3092 2131 3171 2183 sui
3194 2128 3389 2184 Isidori
3410 2141 3532 2184 natu
3553 2134 3717 2188 mino-

2141 2218 2216 2269 ris
2249 2233 2427 2270 curam
2453 2220 2760 2288 susciperet,
2776 2235 2922 2287 quem
2942 2220 3075 2273 lacte
3089 2220 3298 2288 spiritus
3323 2222 3539 2288 nutrire,
3561 2232 3716 2291 atque

2140 2310 2195 2361 in
2243 2309 2383 2361 omni
2427 2308 2666 2378 dogmate
2711 2309 2831 2377 ﬁdei
2864 2311 3118 2363 instruere
3159 2326 3265 2363 una
3314 2327 3428 2364 cum
3473 2310 3715 2367 Leandre

2140 2398 2412 2467 diligenter
2438 2400 2653 2452 curavit.
2683 2398 2847 2454 Tanto
2877 2408 3046 2453 autem
3065 2402 3314 2454 alacriori
3341 2418 3465 2454 cura
3489 2404 3716 2456 sanctis-

2140 2487 2267 2538 sime
2328 2486 2698 2541 instituendum
2725 2491 2950 2558 putavit,
2976 2499 3165 2560 quanto
3218 2490 3286 2542 ad
3304 2489 3360 2543 id
3378 2506 3442 2544 ea:
3461 2507 3519 2544 eo
3547 2493 3716 2561 magis

2138 2576 2483 2641 excitabatur,
2506 2577 2641 2648 quod
2666 2579 2788 2631 dum
2814 2579 2867 2631 in
2895 2578 3160 2632 cunabulis
3179 2589 3312 2646 erat,
3344 2582 3448 2633 viso
3476 2585 3716 2635 examine

2138 2681 2291 2734 apum
2321 2666 2375 2719 in
2402 2683 2459 2720 es
2511 2668 2622 2737 ejus
2673 2668 2913 2737 ingredi,
2963 2677 3113 2738 atque
3166 2669 3353 2721 exinde
3403 2669 3618 2738 egredi,
3657 2672 3717 2721 in

2138 2757 2413 2828 caelumque
2439 2760 2664 2825 evolare,
2687 2760 2866 2812 territa
2884 2797 2899 2822 ,
2941 2760 3063 2830 quid
3093 2758 3187 2813 hoc
3226 2768 3375 2824 esset,
3398 2759 3451 2812 in
3481 2761 3717 2813 oratione

2137 2850 2306 2917 positu
2331 2888 2346 2914 ,
2377 2849 2525 2903 illum
2587 2865 2829 2920 magnum
2884 2849 3132 2905 Ecclesia
3189 2851 3445 2904 doctorem
3486 2853 3714 2922 futurum

2136 2940 2419 3007 intellexit,
2447 2941 2532 3012 qui
2557 2941 2820 2996 hwreticos
2846 2940 2909 2994 ab
2940 2940 3216 3012 Hispania:
3241 2941 3427 3011 ﬁnibus
3456 2952 3566 2995 erat
3589 2958 3714 3012 pro-

2136 3029 2375 3097 pulsums

467 3088 679 3158 ligionis
731 3084 1007 3142 catholicae
1058 3083 1265 3148 hostis,
1313 3090 1373 3135 ut
1416 3080 1582 3149 liquet
1620 3093 1688 3133 ex
1736 3076 1937 3131 Isidoro
1981 3076 2035 3129 in

2140 3076 2163 3097 Γ
2213 3117 2264 3170 2.
2306 3117 2458 3187 Apud
2487 3127 2735 3172 auctores
2760 3117 2895 3172 Vitae
2923 3117 3251 3173 Canonicum
3282 3119 3668 3186 Legionensein
3696 3162 3714 3187 ,

468 3179 764 3235 Gothorum
808 3175 1043 3229 Historia
1080 3173 1147 3228 ad
1172 3188 1331 3227 teram
1361 3172 1465 3225 587
1494 3170 1519 3225 ε’
1539 3171 1690 3241 Agila
1715 3186 1808 3223 rex
1846 3169 2037 3223 consti-

468 3274 644 3336 tuitur,
677 3286 899 3341 regnans
947 3269 1098 3322 annis
1134 3283 1187 3321 v.
1222 3264 1328 3319 Iste
1372 3264 1613 3317 adversus
1666 3261 2039 3315 Cordubensem

469 3364 639 3419 urbem
664 3363 899 3433 praelium
918 3374 1145 3425 movens,
1166 3357 1305 3409 'dum
1332 3358 1386 3409 in
1417 3362 1755 3422 contemptum
1774 3352 2040 3405 catholica:

469 3453 733 3523 religionis
754 3448 1031 3504 beatissimi
1057 3446 1297 3515 martyris
1318 3444 1504 3497 Aciscli
1534 3441 1776 3511 injuriam
1802 3442 2036 3510 inferret,

471 3544 785 3611 hostiumque
838 3554 899 3591 ac
947 3537 1293 3607 jumentorum
1338 3549 1515 3585 cruore
1564 3547 1766 3585 sacrum
1821 3528 2039 3599 sepulcri

471 3633 583 3703 ejus
631 3633 825 3697 locum,
850 3636 905 3681 ut
950 3628 1275 3697 profanator,
1317 3625 1563 3693 pollueret
1591 3659 1607 3687 ,
1638 3620 1766 3673 inito
1795 3618 2037 3671 adversus

471 3719 822 3776 Cordubenses
865 3719 995 3771 cives
1041 3716 1351 3782 certamine,
1380 3728 1557 3783 plenas
1604 3711 1816 3783 dignas,
1848 3710 2039 3763 sanctis

471 3810 806 3884 inferentibus
820 3848 834 3874 ,
865 3808 1070 3861 meruit.

541 3924 631 3977 2'7.
671 3922 727 3978 Si
780 3936 909 3989 ergo
956 3928 1275 3984 teneamus,
1327 3918 1600 3986 Agilanem
1661 3914 2037 3981 Carthaginem

473 4017 799 4088 Spartariam
844 4013 1105 4069 excidisse
1127 4051 1143 4076 ,
1174 4010 1593 4066 concludendum
1624 4007 1757 4068 erit,
1787 4016 2039 4072 parentes

474 4109 702 4166 Leandri
730 4116 785 4162 et
808 4105 1131 4159 Florentium
1151 4142 1166 4161 .
1198 4100 1476 4155 catholica:
1500 4095 1771 4161 religionis
1799 4102 2037 4156 tenaces,

474 4203 573 4254 hac
606 4197 911 4252 calamitate
954 4194 1137 4259 patria:
1161 4200 1449 4242 concussos
1489 4186 1540 4238 in
1568 4183 1815 4239 exsilium
1841 4182 2038 4235 abiisse

473 4301 614 4341 anno
659 4283 870 4338 circiter
910 4277 1030 4331 552.
1080 4276 1206 4329 Post
1258 4275 1309 4328 id
1351 4282 1559 4341 tempus
1606 4270 1939 4337 Fulgentium
1984 4278 2039 4323 et

476 4376 733 4429 lsiiloruin
786 4376 940 4423 natos
980 4364 1335 4429 crediderim;
1395 4365 1489 4418 sed
1540 4376 1713 4430 neque
1763 4361 1829 4414 de
1853 4375 2031 4425 anno,

2140 3218 2197 3262 et
2247 3206 2568 3261 Bodericum
2612 3206 2986 3261 Cerratensem
3025 3215 3180 3275 pater
3217 3207 3402 3262 Isidori
3444 3217 3716 3266 ostentum

2141 3298 2310 3365 vidit,
2341 3298 2498 3365 idque
2524 3298 2576 3351 in
2607 3298 2800 3351 horto:
2829 3298 2883 3350 in
2925 3296 3241 3352 lectionibus
3289 3296 3347 3350 S.
3390 3296 3718 3353 Florentium

2138 3386 2253 3440 hanc
2300 3386 2353 3440 in
2404 3385 2681 3440 cunabulis
2733 3400 2959 3439 examen
3010 3399 3167 3454 apum
3216 3384 3527 3440 observasse
3556 3390 3718 3459 124

2140 3476 2384 3541 traditur,
2416 3474 2515 3529 nisi
2538 3475 2806 3544 explicare
2832 3475 2965 3530 velis
2990 3516 3006 3542 ,
3030 3475 3149 3527 dum
3178 3476 3234 3527 in
3262 3473 3527 3528 cunabulis
3557 3486 3716 3540 esset,

2139 3569 2241 3625 hoc
2267 3576 2349 3623 est
2375 3569 2500 3622 dum
2525 3568 2702 3622 adhuc
2742 3565 2918 3621 infans
2956 3574 3119 3620 esset.
3160 3565 3236 3619 lta
3276 3567 3589 3634 contingere
3617 3582 3719 3636 po-

2140 3661 2277 3727 tuit,
2310 3668 2367 3714 ut
2414 3668 2469 3713 et
2508 3669 2661 3727 pater
2706 3668 2762 3713 et
2806 3672 2960 3713 soror
3003 3657 3189 3712 lsidori
3234 3666 3501 3711 ostentum
3552 3674 3719 3727 apum

2140 3752 2193 3806 in
2242 3752 2400 3807 horto
2428 3750 2762 3821 inspexerint
2787 3768 2799 3802 :
2828 3763 3002 3816 neque
3030 3748 3172 3802 enim
3212 3748 3351 3803 ratio
3378 3749 3485 3803 ulla
3512 3758 3626 3815 est,
3655 3760 3720 3805 ut

2142 3839 2442 3895 istiusmodi
2473 3839 2788 3893 miraculum
2835 3836 2915 3891 bis
2953 3836 3239 3904 contigisse
3275 3838 3573 3893 credamus.
3608 3835 3721 3893 Ta-

2140 3946 2327 3999 mayus
2365 3930 2417 3982 in
2464 3928 2682 3996 Martyr.
2713 3925 2861 3994 Ilisp.
2916 3930 3046 3979 Acta
3100 3925 3290 3981 lsidori
3336 3942 3402 3981 ex
3432 3928 3624 3992 variis,
3651 3937 3719 3983 ut

2139 4019 2254 4083 ait,
2304 4016 2558 4082 collegit,
2604 4016 2692 4069 ubi
2741 4017 2808 4068 de
2856 4014 3161 4068 Florentina
3209 4016 3287 4071 sic
3314 4016 3545 4086 legitur:
3579 4017 3719 4072 Ha'c

2138 4106 2384 4174 infantuli
2410 4106 2646 4174 spiritum
2671 4105 3050 4173 deprehendens
3073 4146 3087 4169 ,
3120 4115 3170 4159 et
3196 4106 3251 4159 in
3290 4124 3349 4160 eo
3378 4124 3533 4177 supra
3558 4120 3719 4162 natu-

2137 4213 2251 4251 ram
2284 4197 2537 4264 specimen
2576 4204 2931 4265 perscrutata;
2972 4212 3094 4248 nam
3134 4196 3410 4263 aliquando
3450 4196 3716 4252 Isidorunt

2138 4309 2165 4346 e
2205 4306 2337 4344 cuna
2378 4296 2598 4343 erectum
2635 4305 2787 4360 super
2828 4289 2962 4342 aeris
3012 4289 3449 4358 diaphaneitatem
3474 4292 3715 4356 evolare,

2139 4382 2417 4455 aliquando
2463 4390 2695 4435 monstra
2748 4382 2999 4452 deformia
3050 4380 3288 4434 manibus
3336 4382 3659 4451 exstinguere
3694 4399 3715 4437 :

472 4478 645 4532 neque
686 4463 752 4515 de
801 4460 920 4513 loco
964 4455 1220 4523 judicium
1249 4463 1453 4509 certum
1503 4452 1627 4506 ferri
1678 4459 1892 4521 potest,
1933 4452 2034 4506 nisi

2140 4491 2339 4530 omnem
2368 4489 2543 4526 curam
2569 4488 2805 4541 prcesaga
2838 4473 2996 4542 futuri
3031 4473 3085 4525 in
3115 4474 3223 4542 ejus
3250 4473 3547 4526 educatione
3570 4487 3714 4538 pra:-

467 4556 609 4627 quod
636 4554 773 4607 fama
800 4559 909 4612 est.
934 4546 1188 4617 Hispalim
1234 4545 1415 4600 lsidori
1442 4544 1624 4598 natale
1651 4542 1822 4597 solum
1846 4542 2031 4598 fuisse.

467 4646 627 4701 Ortus
676 4645 791 4711 ejus
844 4641 1041 4711 poterit
1085 4654 1152 4693 ex
1180 4637 1487 4706 conjectura
1518 4634 1705 4689 referri
1747 4634 1812 4687 ad
1836 4650 2033 4688 annum

468 4742 679 4795 circiter
690 4737 812 4809 560,
826 4735 1085 4805 siquidem
1108 4733 1392 4803 episcopus
1412 4730 1613 4785 electus
1634 4728 1731 4784 fuit
1751 4745 1893 4784 anno
1910 4730 2034 4797 600,

469 4832 705 4893 circiter,
744 4831 895 4900 123
927 4837 984 4882 ut
1010 4842 1135 4881 mox
1162 4826 1331 4879 dicant
1357 4840 1370 4885 ;
1403 4833 1457 4877 et
1486 4820 1735 4876 credibile
1762 4827 1844 4875 e~t
1872 4862 1888 4887 ,
1913 4836 2033 4874 eum

470 4939 578 4978 non
604 4931 727 4976 ante
754 4917 1215 4990 quadragesimum
1242 4914 1414 4968 aeutis
1443 4927 1637 4966 annum
1667 4913 2032 4979 episcOpatuin

468 5014 764 5080 accepisse,
796 5020 853 5065 ut
896 5007 1258 5079 pmscribitur
1301 5004 1353 5057 in
1401 5003 1624 5071 epistola
1672 5001 1844 5056 Siricii
1879 5016 2031 5071 papa:

469 5106 537 5160 ad
564 5102 853 5159 Himerium
883 5098 1335 5153 Tarraconensem
1378 5107 1520 5145 anno
1557 5089 1662 5144 585
1707 5091 1888 5146 missa.
1916 5090 2032 5144 Non

472 5196 624 5251 video
650 5208 745 5247 cur
772 5190 1074 5251 Florezius,
1098 5186 1135 5240 l.
1166 5201 1197 5239 x
1228 5182 1376 5252 Ilisp.
1408 5196 1548 5235 sacr.
1571 5221 1586 5247 ,
1617 5196 1671 5249 p.
1703 5179 1804 5233 120
1824 5220 1839 5245 ,
1868 5180 2032 5234 veluti

467 5301 567 5355 pro
594 5293 743 5340 certo
770 5287 962 5353 p’onat,
992 5279 1248 5334 Isidorum
1273 5272 1596 5340 Carthagine
1636 5278 1818 5325 natum
1848 5271 2027 5325 fuisse.

470 5376 728 5447 Dupinics
779 5380 962 5431 contra
1013 5381 1143 5428 tom.
1190 5370 1234 5425 ν
1287 5367 1425 5422 Bibl.
1483 5365 1629 5421 Eccl.
1673 5364 1877 5436 Hispali
1913 5382 2033 5422 eum

468 5477 646 5522 ortum
670 5464 916 5521 afﬁrmat.

1023 5549 1250 5607 CAPUT
1287 5549 1465 5605 XVIII.

469 5642 664 5701 {sideri
684 5651 937 5717 pueritia;
959 5656 1208 5706 ostentum
1228 5646 1291 5701 de
1312 5645 1549 5700 examine
1575 5658 1757 5713 apum:
1781 5644 2033 5699 institutio

2140 4565 2329 4633 posuit.
2352 4561 2480 4627 Quir.
2510 4562 2638 4615 mihi
2667 4560 2884 4629 quidem
2914 4561 2967 4613 in
2990 4561 3108 4614 aliis
3136 4575 3371 4629 reperire
3400 4576 3507 4614 non
3538 4560 3712 4615 licuit.

2211 4656 2264 4709 5.
2304 4653 2600 4719 Florezius,
2631 4660 2762 4706 tom.
2806 4650 2898 4714 ιχ,
2931 4666 3050 4719 pag.
3083 4652 3185 4706 194
3207 4693 3222 4717 ,
3254 4667 3365 4705 rem
3416 4667 3481 4705 ex
3527 4651 3712 4706 Cano-

2141 4749 2263 4801 nico
2295 4745 2608 4813 Legionensi
2629 4786 2645 4812 ,
2673 4752 2897 4799 auctore
2920 4743 3057 4797 Vita:
3098 4745 3152 4798 S.
3184 4744 3371 4797 lsidori
3398 4785 3412 4808 ,
3441 4752 3494 4796 et
3522 4740 3710 4797 Rude-

2141 4840 2253 4894 rico
2301 4838 2607 4892 Cerratensi
2638 4844 2858 4891 narrat:
2907 4845 2962 4891 et
3005 4836 3247 4904 quamvis
3290 4837 3457 4891 multa
3511 4836 3578 4890 ab
3624 4836 3712 4892 his

2140 4930 2495 4998 scriptoribus
2543 4929 2710 4983 relata
2762 4928 2902 4982 inter
2947 4927 3154 4982 fabulas
3198 4917 3461 4998 reponat,
3488 4927 3556 4981 de
3605 4928 3711 4983 hoc

2142 5027 2353 5072 ostento
2399 5018 2572 5071 simile
2604 5017 2862 5085 judicium
2910 5016 3149 5088 proferre
3198 5033 3303 5072 non
3350 5017 3551 5080 audet,
3581 5017 3711 5085 quia

2140 5109 2345 5163 scilicet
2382 5107 2511 5160 nihil
2541 5121 2607 5160 ex
2644 5107 2877 5175 antiquis
2924 5107 3285 5161 monumentis
3327 5106 3533 5160 eruitur
3560 5108 3709 5173 quod

2139 5198 2468 5255 contrarium
2496 5197 2664 5251 videri
2709 5197 2893 5264 possit.
2925 5196 3005 5251 Ita
3033 5198 3193 5251 etiam
3242 5196 3404 5251 sentit
3429 5196 3498 5251 de
3545 5210 3711 5264 argu-

2140 5297 2322 5343 mento
2373 5287 2514 5355 quod
2541 5301 2671 5356 puer
2713 5286 2946 5340 Isidorus
2991 5286 3057 5340 ad
3104 5288 3394 5354 marginem
3447 5287 3592 5355 putei
3637 5301 3711 5343 ex

2139 5390 2272 5430 saxo
2321 5373 2686 5444 frequentibus
2729 5374 2892 5444 guttis
2931 5382 3189 5429 excavato
3231 5373 3299 5428 ad
3343 5372 3711 5428 dilllcultalcm

2138 5466 2376 5521 scientiae
2418 5464 2791 5533 comparanda:
2838 5463 3023 5519 labore
3050 5472 3106 5518 et
3135 5466 3498 5533 perseveranti
3526 5465 3713 5518 studio

2138 5553 2495 5626 superandam
2541 5555 2799 5622 collegit,
2827 5554 2970 5623 quod
2996 5554 3155 5607 iidem
3199 5554 3488 5625 scriptores
3510 5554 3715 5624 aliique

2139 5646 2376 5717 ejusdem
2417 5644 2532 5702 fere
2562 5645 2819 5714 temporis
2862 5653 3307 5700 commemorant.
3390 5633 3533 5691 Idem
3561 5630 3759 5688 Flore-
