4060 6198
370 357 474 419 108

1355 357 1763 416 ISIDORIANA.
1807 382 1871 394 —
1917 352 2089 413 PARS
2134 356 2171 410 I.
2212 355 2363 412 CAP.
2408 360 2589 416 XVIII.

3527 368 3625 419 100

364 474 483 531 sius
538 479 671 527 tom.
710 472 749 527 Χ
780 509 796 535 ,
823 484 944 541 pag.
988 470 1089 525 120
1118 511 1133 537 ,
1179 481 1410 540 asserit,
1457 461 1505 527 si
1554 480 1839 535 statuatur,
1893 477 1949 522 ut

2123 470 2175 525 6.
2216 472 2535 530 Nonnullam
2568 487 2744 533 tamen
2793 488 2998 549 partem
3044 483 3094 536 in
3125 484 3225 540 hac
3268 484 3451 540 Isidori
3482 488 3630 543 insti-

364 564 711 621 statueudutn
739 574 910 633 putat,
942 564 1197 618 Isidorum
1219 564 1541 634 Carthagine
1564 574 1744 618 uatum
1769 564 1953 627 fuisse,

365 658 647 712 cohaerere
676 674 779 710 unn
814 672 969 725 posse
991 699 1006 719 ,
1039 657 1180 724 quod
1211 657 1514 711 Florentina
1545 672 1770 711 examen
1796 671 1955 725 apum

368 750 613 814 viderit,
656 755 709 802 et
762 747 829 800 ad
883 748 1181 801 orationem
1240 747 1553 815 confugiens
1596 746 1952 806 intellexerit,

371 840 631 896 Isidorum
661 851 913 906 maguum
944 836 1193 892 Ecclesia:
1221 838 1499 892 doctorem
1529 839 1783 901 futurum,
1809 836 1955 904 quod

374 933 705 994 Bren’arium
750 943 905 985 vetus
932 929 1245 1001 Hispaniense
1275 931 1486 999 aliaque
1526 938 1747 984 narrant
1785 946 1798 979 ;
1832 944 1954 982 nam

374 1022 616 1079 Leander
645 1060 660 1084 ,
693 1036 816 1089 cap.
872 1018 979 1074 Ult.
1030 1020 1264 1088 regulae,
1297 1020 1366 1073 ita
1412 1019 1779 1076 Fiorentinatn
1821 1018 1954 1072 alloo

373 1117 551 1185 quitur
583 1132 595 1163 :
631 1111 709 1165 Ea
736 1114 857 1170 inde
885 1113 947 1182 (e
977 1112 1146 1180 patria
1171 1111 1189 1182 )
1220 1119 1369 1165 wtate
1397 1111 1656 1164 abstracta
1680 1127 1756 1175 es,
1787 1118 1841 1162 ut
1882 1110 1957 1165 vel

373 1209 415 1264 si
442 1205 629 1261 ibidem
651 1215 776 1261 nata
800 1204 958 1275 fueris
982 1245 997 1269 ,
1027 1220 1130 1258 non
1158 1204 1471 1258 memineris.
1496 1200 1549 1255 N
1554 1202 1662 1255 ulla
1684 1211 1759 1255 est
1785 1217 1960 1256 recor-

375 1303 517 1356 datio
545 1341 557 1365 ,
588 1314 703 1371 qua:
748 1307 946 1353 moveat
967 1337 982 1363 ,
1015 1296 1280 1351 desideriis
1317 1297 1566 1349 animam.
1612 1280 1719 1347 Sed
1748 1292 1957 1348 etiamsi

376 1392 540 1451 verba
572 1389 799 1445 Leandri
844 1388 910 1442 de
956 1387 1177 1441 infantia
1210 1385 1530 1443 Florentius:
1556 1386 1802 1454 accipere
1830 1382 1958 1438 veli-

384 1498 533 1546 mus,
565 1480 709 1549 quod
740 1478 961 1533 minime
1002 1487 1079 1531 est
1123 1490 1347 1546 necesse
1370 1514 1384 1539 ,
1418 1474 1633 1532 aliunde
1689 1489 1797 1528 non
1825 1488 1960 1527 con-

375 1581 505 1638 stat,
525 1571 782 1626 isidorttm
812 1566 1136 1637 Carthagine
1157 1567 1338 1637 potius
1357 1581 1517 1636 quam
1545 1564 1746 1635 Hispali
1774 1572 1957 1619 natum

377 1665 577 1727 fuisse,
607 1670 666 1717 ut
688 1662 739 1716 in
776 1658 880 1715 line
908 1675 1026 1730 cap.
1061 1660 1124 1713 l7
1151 1659 1280 1715 dixi.

456 1753 505 1807 4.
546 1751 748 1821 Hispali
780 1750 967 1821 primis
1016 1749 1315 1804 litterarum
1357 1747 1673 1803 rudimentis
1700 1746 1957 1801 Isidorutu

2060 563 2266 619 tutioue
2309 564 2556 623 habuisse
2587 569 2966 635 Florent‘tnam,
3016 573 3272 630 lectiones
3313 577 3449 645 ejus,
3501 594 3635 650 quas

2058 656 2218 726 paulo
2245 666 2370 711 ante
2396 661 2616 728 protuli,
2639 661 2893 716 referunt.
2924 663 2997 717 De
3022 664 3296 734 Fuigentio
3324 682 3537 738 quoque
3555 671 3636 727 sic

2057 744 2315 800 lectiones
2352 749 2470 815 ejus
2496 748 2655 802 ollicii
2702 752 2901 804 habent
2934 771 2944 803 :
2987 753 3147 824 Cujus
3174 759 3248 810 rei
3286 758 3418 811 illud
3440 777 3638 831 quoque

2057 834 2411 907 argumentum
2436 848 2533 903 est,
2579 840 2714 909 quod
2741 842 2972 913 egregius
3000 846 3132 898 idem
3163 848 3343 902 doctor
3372 849 3636 926 Isidorus,

2057 929 2143 997 qui
2172 928 2236 981 ab
2263 945 2324 983 eo
2349 931 2520 995 fuerat
2544 931 2807 996 educatus,
2850 942 2900 985 et
2923 935 3022 1001 piis
3051 936 3367 994 documentis
3392 943 3633 1009 imbutus,

2057 1026 2166 1074 etc.
2213 1019 2366 1085 Quod
2394 1020 2571 1089 aliqua
2599 1036 2664 1074 ex
2696 1031 2847 1091 parte
2879 1039 3064 1078 verunt
3092 1040 3232 1093 esse,
3272 1029 3405 1084 nihil
3432 1040 3515 1086 est
3546 1050 3641 1088 cur

2060 1125 2333 1179 negemus,
2377 1113 2470 1167 sed
2502 1114 2574 1167 ita
2604 1122 2780 1169 tamen
2825 1123 2886 1169 ut
2914 1116 3240 1187 praecipuum
3290 1119 3477 1177 lsidori
3524 1139 3641 1178 ma-

2059 1206 2283 1273 gistrum
2315 1205 2612 1260 Leandrum
2656 1208 3028 1277 prmdicemns,
3076 1225 3182 1265 non
3223 1212 3395 1266 solum
3432 1214 3556 1284 quia
3588 1215 3641 1269 id

2061 1294 2305 1350 Leander
2321 1297 2510 1356 innuit.
2532 1296 2625 1353 sed
2637 1298 2759 1366 quia
2777 1298 2936 1352 etiam
2956 1299 3068 1367 ipse
3084 1299 3317 1355 Isidorus
3337 1301 3391 1355 in
3412 1303 3639 1372 epistola

2060 1385 2126 1440 ad
2149 1386 2427 1441 Claudium
2459 1387 2648 1441 ducent
2679 1388 2755 1442 sic
2777 1389 3054 1455 profitetur
3081 1407 3093 1442 :
3126 1388 3385 1446 Memento
3410 1407 3643 1447 commu-

2061 1481 2141 1533 nis
2170 1481 2333 1533 nostri
2361 1479 2583 1534 doctoris
2618 1482 2774 1551 126
2800 1480 3046 1546 Leandri,
3088 1490 3137 1536 et
3164 1482 3277 1553 ejus
3300 1483 3456 1552 fidem
3485 1493 3643 1557 atque

2061 1570 2350 1623 doctrinam
2390 1587 2482 1639 pro
2512 1570 2699 1624 viribus
2727 1572 2949 1625 imitare.
2998 1572 3149 1626 Multi
3187 1581 3362 1629 tamen
3401 1576 3638 1644 spuriam

2063 1660 2202 1715 hanc
2228 1674 2349 1715 esse
2375 1659 2561 1714 lsidori
2589 1661 2658 1714 ad
2683 1661 2959 1717 Claudium
2986 1663 3270 1733 epistolam
3299 1666 3639 1723 existimant:

2063 1750 2133 1805 de
2156 1767 2264 1820 quo
2292 1766 2388 1805 nos
2416 1752 2562 1806 alibi.
2587 1754 2958 1807 Commentum
2985 1762 3067 1809 est
3094 1756 3545 1825 pseudo-Maximi
3577 1759 3643 1813 ad

379 1846 642 1904 imbutum
684 1841 849 1899 fuisse
870 1880 886 1904 .
914 1855 981 1897 ex
1010 1839 1130 1894 Vita
1176 1853 1318 1909 saepe
1347 1838 1510 1892 citata
1558 1845 1771 1893 constat
1801 1855 1813 1890 :
1850 1853 1955 1906 quo
1986 1832 2037 1896 Β
2061 1857 2187 1896 ann,
2211 1841 2334 1907 εδδ,
2362 1858 2508 1897 num,
2534 1842 2589 1908 8,
2613 1843 2867 1899 [smmum
2893 1843 3093 1901 pavide
3120 1843 3419 1917 Hispalensi
3449 1851 3645 1918 magi?

379 1946 623 2004 tempore
648 1976 665 2001 ,
695 1941 752 1987 ttt
781 1932 977 1988 ibidem
1008 1940 1277 1997 narratur,
1303 1931 1496 1985 accidit
1526 1930 1601 1997 id,
1628 1929 1771 2000 quod
1793 1928 1957 1983 modo

380 2026 627 2085 dicebam
660 2067 677 2092 ,
710 2024 969 2079 Isidorum
1000 2038 1222 2092 puerum
1269 2022 1518 2091 exemplo
1547 2022 1664 2076 saxi
1709 2021 1870 2090 frequ:
1895 2038 1954 2075 n-

382 2118 524 2178 tibus
549 2116 713 2188 guttis
732 2113 1001 2182 excavati,
1024 2122 1079 2168 et
1108 2113 1234 2183 ligni
1266 2113 1529 2181 frequenti
1558 2111 1761 2166 funium
1792 2110 1956 2165 ductu

381 2209 437 2264 in
491 2206 697 2263 canalis
742 2204 968 2262 formam
1017 2204 1257 2268 redacti,
1304 2203 1557 2258 didicisse
1596 2217 1656 2257 se
1694 2216 1909 2271 quoque
1946 2244 1958 2267 ,

379 2300 627 2367 quamvis
673 2298 919 2368 improbo
962 2296 1148 2352 labore
1170 2338 1185 2363 ,
1216 2294 1559 2351 difficultates
1584 2309 1703 2363 quae
1732 2295 1784 2347 in
1815 2292 1958 2346 litte-

383 2405 565 2445 rarum
614 2389 885 2444 curriculo
934 2404 1216 2446 occurrere
1265 2388 1443 2441 solent
1482 2401 1641 2457 posse
1676 2398 1962 2454 superare.

385 2478 511 2535 limo
538 2478 753 2547 quidem
780 2478 1043 2546 sequioris
1069 2477 1246 2531 :ntatis
1284 2475 1625 2533 documentis
1655 2474 1963 2528 traduntur.

381 2571 489 2626 Sed
521 2573 674 2656 L25
703 2569 935 2625 Joannes
980 2569 1218 2624 Mariana
1267 2568 1319 2622 in
1368 2567 1506 2622 Hist.
1555 2565 1703 2636 Hisp.
1734 2566 1828 2619 lib.
1873 2580 1966 2628 νι.

381 2674 507 2729 cap.
537 2653 595 2727 7',
622 2669 811 2715 auctor
838 2666 920 2715 est
950 2700 965 2724 ,
998 2657 1207 2727 ostendi
1249 2656 1425 2713 adhuc
1456 2654 1653 2724 Hispali
1702 2653 1817 2722 ejus
1845 2669 1967 2706 nar-

381 2753 612 2809 rationis
657 2751 921 2819 vestigia:
978 2752 1322 2813 Asservatur,
1379 2747 1591 2816 inquit,
1644 2748 1698 2809 in
1748 2744 1965 2799 ecclesia

384 2840 693 2913 Hispalensi
719 2842 782 2897 S.
816 2841 1010 2896 Isidori
1035 2857 1157 2910 pars
1184 2840 1403 2911 putealis
1422 2854 1486 2892 ex
1514 2854 1772 2892 marmore
1794 2878 1810 2903 ,
1834 2836 1968 2907 quod

386 2937 531 3010 funis
578 2950 673 2991 usu
702 2942 751 2991 et
797 2934 974 2989 attritu
1001 2942 1301 2989 excavatum
1348 2928 1586 2987 Isidorus
1639 2945 1763 3001 puer
1791 2926 1969 2983 obser-

384 3030 541 3083 uacit.
592 3026 724 3081 Illud
775 3034 983 3083 certum
1038 3023 1107 3079 de
1161 3023 1344 3078 lsidori
1398 3022 1773 3084 institutimie,
1823 3018 1970 3090 quod

388 3118 636 3174 Leander
663 3133 782 3188 cap.
813 3117 909 3175 uit.
956 3115 1155 3186 regula:
1181 3114 1421 3185 profert:
1470 3113 1739 3168 Postremo
1768 3113 1970 3166 charis-

2065 1940 2151 1986 tro
2201 1948 2354 1987 usum
2404 1933 2565 1988 fuisse
2597 1950 2611 1985 :
2643 1949 2803 2003 quem
2852 1933 3031 1990 locum
3072 1936 3144 1990 ita
3182 1936 3448 1991 illustrare
3474 1940 3645 1994 voluit

2062 2022 2323 2091 Bivarius,
2371 2034 2429 2077 ut
2454 2023 2659 2078 dubitet
2686 2026 2935 2092 primum,
2984 2040 3050 2079 an
3078 2027 3178 2080 iste
3208 2026 3371 2080 David
3400 2030 3643 2084 diversus

2061 2114 2221 2171 fuerit
2246 2130 2275 2169 a
2308 2113 2502 2168 Davide
2526 2114 2823 2182 Hispalensi
2852 2115 3105 2184 episcopo
3135 2134 3146 2167 :
3177 2116 3370 2171 deinde
3397 2118 3643 2186 advertit,

2066 2206 2391 2272 Leandrum,
2433 2206 2557 2261 dum
2586 2207 2637 2260 in
2688 2208 3015 2261 monasterio
3044 2208 3283 2276 degeret,
3328 2210 3503 2267 minus
3533 2212 3645 2267 idov

2065 2310 2224 2352 neum
2272 2297 2451 2358 fuisse,
2499 2304 2562 2350 ut
2592 2311 2687 2364 per
2710 2311 2771 2351 se
2817 2297 3076 2351 lsidorum
3125 2299 3319 2355 litteris
3364 2300 3644 2363 imbueret,

2064 2386 2369 2441 Cottonicus
2414 2385 2779 2454 Legionensis,
2828 2395 3017 2443 auctor
3048 2387 3199 2456 Vitae,
3243 2398 3436 2458 praeter
3475 2391 3648 2445 Lean-

2066 2477 2223 2532 drum
2264 2477 2383 2532 ali'ts
2419 2491 2637 2546 quoque
2673 2477 2964 2546 magistris.
2996 2493 3149 2535 usum
3178 2478 3342 2534 fuisse
3389 2479 3650 2535 Isidorutn

2069 2569 2253 2631 tradit,
2297 2581 2355 2623 ut
2380 2570 2587 2625 scilicet
2612 2570 3063 2639 encyclopacdlam
3107 2570 3249 2624 illam
3286 2571 3650 2637 scientiarum,

2067 2676 2188 2730 qua:
2227 2657 2448 2715 mirifice
2490 2670 2858 2729 exaggerator,
2903 2670 3291 2730 assequeretur.
3338 2661 3649 2730 Quanquam

2070 2751 2342 2808 fatendum
2388 2760 2490 2817 est,
2532 2751 2811 2816 lsidorum,
2849 2767 2948 2822 pro
2976 2761 3134 2822 captu
3181 2754 3390 2808 illorum
3439 2763 3649 2825 tetupo-

2071 2861 2211 2909 rum,
2264 2852 2571 2914 portentum
2622 2843 2891 2913 quoddam
2940 2844 2993 2897 in
3039 2843 3374 2899 szecularium
3420 2846 3652 2900 maxime

2071 2933 2367 2991 litterarum
2397 2933 2573 2990 studio
2600 2933 2782 2999 fuisse,
2811 2949 2914 2990 non
2943 2934 3087 3004 quod
3116 2934 3165 2987 in
3192 2935 3414 3003 singulis
3442 2936 3652 3005 linguis,

2073 3035 2168 3082 aut
2211 3027 2263 3081 in
2289 3026 2511 3095 singulis
2552 3022 2892 3080 facultatibus
2935 3024 3239 3090 eminuerit,
3269 3024 3365 3079 sed
3394 3026 3516 3095 quia
3543 3034 3655 3084 tant

2074 3120 2356 3187 multiplici
2401 3118 2733 3184 diversarum
2780 3132 2984 3184 rerum,
3025 3124 3080 3171 et
3106 3117 3426 3187 scriptorum
3473 3119 3656 3186 cogni-

386 3211 574 3266 simam
603 3224 652 3263 te
689 3224 992 3279 germanam
1019 3223 1144 3278 rogo
1168 3246 1184 3271 ,
1209 3216 1265 3260 ut
1302 3206 1401 3259 mei
1445 3205 1644 3260 orando
1678 3204 1970 3259 memineris
1999 3186 2046 3250 ο
2078 3186 2485 3264 tioneimbutus
2514 3207 2630 3270 fuit,
2683 3216 2743 3263 ut
2770 3206 3175 3263 admirationem
3216 3222 3432 3283 quoque
3459 3212 3659 3273 nostris

387 3316 482 3357 uec
516 3300 744 3370 junioris
789 3299 970 3369 fratris
1019 3296 1215 3352 Isidori
1259 3294 1614 3358 obliviscaris;
1658 3310 1806 3365 quem
1850 3293 1973 3363 quia

388 3392 480 3447 sub
541 3391 639 3446 Dei
688 3392 904 3445 tuitione
933 3427 948 3453 ,
981 3398 1031 3443 et
1088 3390 1248 3442 tribus
1304 3387 1561 3457 germanis
1615 3383 1970 3455 superstitibus

387 3492 628 3553 parentes
648 3481 961 3548 reliquerunt
986 3493 1277 3532 communes
1303 3516 1320 3540 ,
1353 3477 1458 3530 lteti
1483 3517 1499 3536 ,
1528 3485 1577 3529 et
1604 3475 1668 3527 de
1710 3474 1821 3545 ejus
1841 3473 1973 3528 nihil

388 3570 737 3643 formidantes
763 3568 1010 3637 infantia,
1031 3567 1098 3618 ad
1118 3564 1392 3621 Dominum
1419 3574 1785 3621 commearunt.
1811 3562 1973 3627 Quem

385 3681 503 3719 cum
544 3678 641 3732 ego
687 3669 742 3713 ut
772 3675 883 3712 vere
914 3657 1080 3725 ﬁlium
1100 3653 1445 3719 habeam,nec
1477 3654 1753 3723 temporale
1779 3654 1973 3723 aliquid

387 3758 503 3822 ejus
531 3750 778 3804 charitati
806 3762 1136 3818 prwponam,
1181 3754 1333 3815 atque
1361 3745 1414 3801 in
1454 3744 1566 3813 ejus
1595 3758 1786 3812 pronus
1815 3742 1972 3797 dilec-

388 3847 530 3903 tione
568 3840 895 3900 recumbam,
928 3847 1072 3891 tanto
1117 3854 1232 3890 eum
1270 3836 1475 3889 citat-ius
1517 3836 1709 3905 dilige,
1733 3844 1975 3900 tantoque

388 3933 569 3989 Iesum
596 3947 754 3985 exora
784 3946 878 3999 pro
902 3928 993 3982 illo
1017 3968 1032 3992 ,
1058 3936 1249 3999 quanto
1294 3928 1430 3981 nosti
1466 3943 1579 3985 eum
1609 3943 1641 3979 a
1679 3925 1972 3995 parentibus

392 4025 615 4081 terrenis
640 4022 798 4093 fuisse
824 4020 1089 4075 dilectum.

463 4113 517 4169 5.
558 4114 917 4169 Deccsserunt
965 4124 1095 4178 ergo
1140 4109 1330 4169 Isidori
1378 4117 1659 4178 parentes,
1704 4108 1834 4163 dum
1886 4108 1974 4165 illo

388 4207 567 4263 adhuc
596 4206 647 4259 in
691 4204 912 4263 infantia
950 4212 1113 4265 esset,
1161 4218 1321 4272 quem
1362 4213 1648 4273 propterea
1680 4205 1848 4259 tribus
1881 4220 1973 4258 sue

393 4296 702 4369 perstitibus
743 4295 925 4351 liberis
945 4304 1074 4354 natu
1104 4294 1413 4363 majoribus,
1446 4294 1712 4359 Leandro,
1745 4295 1976 4363 Fulgen.

393 4390 500 4455 tio,
549 4387 872 4441 Florentium
917 4386 1300 4442 instituendum
1345 4387 1815 4442 commendarunt.
1868 4388 1973 4443 Sed

389 4492 515 4535 cum
561 4475 805 4531 Leander
830 4490 1012 4529 curam
1041 4474 1231 4529 domus
1257 4482 1492 4542 gereret,
1539 4477 1737 4545 quippe
1766 4478 1968 4546 primo-

2074 3298 2402 3368 telnporibus
2432 3298 2657 3365 ingerat.

2148 3356 2200 3442 7:
2241 3356 2529 3454 Quaeritur;
2561 3356 3051 3446 fueritnedsidorus
3086 3386 3327 3457 Gregorii
3357 3385 3532 3455 Magni
3561 3403 3660 3443 au-

2074 3478 2234 3535 dit-nr.
2288 3479 2361 3533 ita
2406 3479 2547 3534 enim
2595 3488 2841 3534 asserunt
2884 3478 3075 3533 Lucius
3123 3477 3405 3531 Marinmus
3447 3478 3662 3535 Siculus

2074 3569 2110 3622 I.
2145 3584 2176 3623 ν
2202 3569 2269 3623 de
2295 3568 2429 3623 Reb.
2460 3567 2609 3637 Hisp.
2636 3611 2651 3635 ,
2682 3567 2946 3623 Arnoldus
2971 3566 3128 3621 Wiou
3157 3567 3192 3619 l.
3227 3583 3262 3620 ιι
3306 3566 3452 3635 Ligni
3495 3570 3658 3635 vitze,

2075 3661 2471 3730 Eisengreinius
2508 3662 2559 3714 in
2597 3659 2771 3713 Catal.
2801 3668 2925 3714 test.
2954 3659 3106 3714 verit.
3141 3701 3157 3723 ,
3195 3667 3250 3712 et
3275 3659 3660 3715 Constantinus

2074 3753 2361 3820 Cajetanus
2389 3767 2441 3819 p.
2474 3749 2560 3803 45.
2606 3750 2857 3803 Fidenter
2898 3748 3130 3803 Joannes
3169 3750 3409 3805 Andreas
3448 3750 3659 3816 Quens-

2076 3842 2189 3895 tedt
2215 3840 2281 3894 de
2310 3839 2451 3892 Patr.
2478 3839 2667 3892 illustr.
2694 3837 2802 3891 Vir.
2830 3851 2948 3907 pag.
2977 3838 3009 3890 4
3034 3855 3046 3890 :
3075 3838 3135 3892 S.
3161 3836 3420 3892 [nidorum
3456 3840 3655 3907 episco~

2073 3947 2214 3999 pum,
2261 3945 2322 3983 ac
2351 3929 2613 3983 alumnum
2654 3944 2802 3981 suum
2828 3935 3097 3980 veneratur
3126 3927 3383 3995 Hispalis,
3425 3926 3665 3996 Gregorii

2076 4020 2259 4092 Magni
2304 4020 2367 4072 ab
2413 4020 2615 4073 ineunte
2655 4026 2806 4072 aetate
2846 4016 3170 4086 discipulum.
3231 4015 3344 4070 Nic.
3392 4017 3659 4069 Antonius

2073 4113 2394 4182 suspicatur,
2440 4108 2491 4164 id
2528 4110 2649 4163 inde
2674 4109 2931 4177 originem
2973 4107 3241 4169 habuisse,
3277 4104 3422 4176 quod
3460 4105 3662 4158 isidoro

2075 4220 2196 4259 cum
2226 4202 2486 4272 Gregorio
2514 4217 2704 4270 magna
2729 4211 2811 4255 est
2836 4198 3121 4255 consensio
3149 4214 3252 4251 non
3276 4198 3662 4251 sententiarum

2076 4306 2306 4360 tantum,
2328 4295 2421 4349 sed
2448 4302 2503 4348 et
2530 4294 2814 4347 verborum
2842 4314 2853 4344 ;
2878 4292 3021 4361 quod
3054 4292 3226 4346 Lucas
3253 4286 3517 4343 Tudensis
3548 4289 3582 4342 Ι.
3606 4303 3665 4353 ιι,

2075 4405 2195 4460 cap.
2226 4389 2280 4455 4,
2313 4387 2571 4441 adversus
2598 4386 2909 4453 Albigenses
2936 4385 3000 4439 ad
3033 4384 3354 4454 peculiarem
3382 4382 3667 4452 quamdam

2076 4483 2308 4553 Spiritus
2335 4480 2509 4536 sancti
2538 4479 2943 4549 inspirationem
2990 4474 3190 4530 referre
3220 4490 3325 4528 non
3357 4473 3620 4527 dubitavit
3653 4490 3667 4526 :

388 4569 634 4640 genitus.
679 4575 739 4619 ut
761 4566 989 4629 videtur.
1035 4565 1074 4619 F
1080 4565 1370 4630 uisentium
1419 4564 1471 4617 in
1514 4566 1740 4633 patriam
1789 4566 1934 4620 misit
1961 4584 1976 4633 ;
2005 4557 2060 4617 Β
2081 4588 2189 4641 quo
2215 4574 2439 4627 fortasse
2464 4571 2623 4625 etiam
2653 4569 2896 4640 allqsisse
2916 4566 3182 4620 videbitur
3200 4562 3518 4618 Prudentius
3538 4563 3669 4618 Tre-

389 4658 535 4728 Quod
563 4659 678 4726 ipse
702 4656 780 4712 Sic
808 4656 913 4709 lOC-
946 4657 1042 4713 CN»
1074 4655 1240 4711 refert
1270 4672 1284 4708 ε
1318 4654 1416 4721 Tu,
1442 4670 1633 4724 quarto,
1662 4671 1801 4719 cate.
1832 4673 1981 4710 ευνον
2082 4664 2255 4717 censis
2285 4662 2542 4715 adversus
2583 4658 2864 4726 Erigenam
2892 4657 2959 4709 de
2993 4653 3325 4718 Prmdestin.,
3360 4655 3411 4707 in
3434 4654 3670 4709 editione

396 4746 723 4808 Florentino,
774 4744 910 4816 quod
954 4753 1119 4803 mater
1164 4747 1350 4808 timuit,
1394 4754 1443 4801 et
1471 4747 1687 4811 malum,
1724 4748 1979 4816 quodan

388 4851 605 4911 experta
632 4840 782 4909 fugit,
812 4849 861 4891 tu
892 4839 1171 4907 prudenter
1197 4839 1348 4891 evita.
1383 4837 1632 4893 Miserum
1659 4840 1780 4892 me!
1808 4840 1977 4904 do'eo,

387 4933 474 5002 qui
518 4931 705 4983 ibidem
731 4946 1049 4987 communem
1081 4930 1296 4999 fratrem
1324 4916 1588 4983 transmisi
1616 4929 1945 5001 Fnlgentium
1963 4974 1977 4999 ,

390 5023 538 5091 cujus
563 5021 775 5091 periculi
797 5022 912 5090 jugi
941 5019 1217 5089 formidine
1242 5020 1563 5088 pertimesco.
1598 5020 1777 5075 Tutior
1801 5030 1976 5076 tamen

387 5115 510 5177 erit,
530 5115 575 5171 si
603 5121 654 5165 tu
678 5114 924 5173 securior,
949 5120 998 5163 et
1020 5110 1202 5167 absens
1219 5126 1314 5176 pro
1333 5111 1425 5165 illo
1445 5113 1691 5166 oraveris.
1726 5112 1977 5168 Fortasse

390 5203 635 5275 quaedam
684 5202 735 5255 in
786 5201 979 5270 patria,
1021 5199 1161 5253 unde
1202 5200 1412 5253 exsules
1456 5200 1719 5266 exierant,
1762 5204 1973 5270 negotia

390 5300 761 5357 occurrerant,
789 5305 911 5360 quan
942 5288 1183 5343 Leander
1212 5304 1305 5357 per
1338 5286 1672 5356 Fulgentium
1704 5292 1974 5359 procurari

393 5386 659 5448 voluerat,
706 5382 830 5440 dum
872 5381 1054 5449 junior
1083 5380 1255 5433 adhuc
1284 5388 1428 5434 esset
1466 5379 1722 5446 lsidorus,
1752 5390 1809 5436 et
1853 5382 1975 5435 Fio-

392 5475 603 5532 rentiua
652 5474 789 5528 inter
826 5470 1060 5538 virgines
1109 5468 1221 5522 Deo
1266 5470 1486 5523 devotas
1533 5480 1975 5527 commoraretur.

394 5565 667 5633 ιιι-πεῖναι)
698 5575 829 5631 ergo
856 5575 980 5617 cura
1008 5558 1195 5613 Isidori
1236 5557 1541 5618 instituendi
1586 5560 1781 5615 mansit
1817 5574 1981 5629 penes

395 5655 722 5719 Leandrum,
762 5652 906 5721 quod
954 5651 998 5711 is
1044 5660 1267 5719 paterno
1314 5651 1493 5720 potius
1534 5665 1693 5725 quam
1744 5653 1980 5711 fraterno

393 5761 582 5805 amore
606 5743 919 5815 peragebat.

684 5856 953 5919 Pa'ﬂtus.
997 5852 1278 5921 ιΧΧΧΙ.

2081 4770 2267 4809 eorum
2313 4759 2591 4805 auctorum
2634 4750 2722 4819 qui
2766 4748 2833 4800 de
2864 4746 3335 4814 pnedeStinatione
3378 4761 3521 4798 nono
3563 4759 3669 4798 saec

2082 4843 2205 4898 culo
2257 4841 2616 4910 scripserunt,
2672 4848 2803 4893 tom.
2836 4837 2898 4901 Il,
2931 4852 3052 4906 pag.
3082 4835 3208 4899 215,
3250 4845 3304 4891 et
3335 4845 3375 4889 t.
3407 4835 3500 4892 XV
3530 4836 3666 4890 Bibl.

2083 4932 2299 4986 Patrum
2342 4929 2731 4996 Lugdunensis,
2770 4943 2892 4997 pag.
2924 4927 3047 4981 474.
3090 4925 3252 4990 Quem
3281 4925 3667 4998 (Gregorium)

2081 5034 2284 5080 secutus
2304 5032 2411 5077 tam
2439 5024 2543 5092 fide
2570 5038 2721 5091 quam
2750 5037 2900 5075 sensu
2928 5028 2979 5073 et
3001 5019 3183 5082 verbis,
3205 5034 3411 5073 sanatus
3436 5016 3668 5070 Isidorus

2084 5116 2411 5187 Hispalensis
2456 5116 2724 5184 episcopus
2748 5112 2981 5166 eamdem
3026 5126 3154 5179 pene
3178 5111 3482 5163 sententiam
3518 5106 3668 5156 dictis

2080 5210 2187 5262 suis
2216 5205 2538 5275 interposuit,
2580 5221 2703 5273 quos
2731 5202 2958 5274 quisquis
2990 5202 3227 5271 conferre
3255 5198 3487 5257 voluerit,
3527 5195 3665 5246 inue-

2080 5300 2187 5352 niet
2220 5301 2296 5351 ita
2329 5314 2431 5351 uno
2457 5313 2541 5350 eos
2571 5297 2752 5364 spiritu
2788 5304 2940 5363 atque
2975 5309 3064 5346 ore
3091 5293 3304 5353 locutos,
3351 5298 3405 5341 ut
3431 5285 3667 5340 eumdem

2084 5388 2334 5458 Spiritum
2355 5398 2586 5439 sanctum
2602 5385 2825 5455 utrisque
2843 5382 3074 5451 affuisse,
3092 5391 3138 5433 et
3158 5398 3246 5449 per
3260 5390 3524 5445 utrumque
3542 5392 3675 5428 unt...

2084 5479 2287 5532 nimiter
2311 5478 2533 5530 locutum
2562 5477 2770 5529 minime
2797 5474 3009 5528 dubitet.
3056 5470 3324 5525 Isidorus:
3350 5466 3564 5520 Gemina
3593 5481 3669 5520 est

2082 5567 2484 5637 prtedestinatio,
2501 5573 2605 5620 etc.
2630 5563 2801 5619 Verba
2828 5564 3030 5633 profert
3051 5576 3117 5614 ex
3144 5561 3179 5612 l.
3199 5575 3235 5612 ιι
3254 5556 3494 5611 Seutent.
3513 5599 3527 5621 ,
3545 5572 3661 5624 cap.

2086 5661 2138 5712 ti.
2188 5657 2378 5713 Fusius
2420 5656 2493 5720 Id,
2542 5656 2717 5709 allatis
2741 5656 2901 5709 etiam
2932 5650 3243 5713 rationibus,
3292 5648 3520 5717 probare
3567 5664 3662 5704 co-

2087 5756 2243 5811 natur
2274 5744 2444 5807 Lucas
2471 5743 2730 5808 Tudensis
2756 5744 2857 5799 ioc.
2890 5743 3011 5799 cit.
3051 5741 3138 5809 qui
3172 5740 3324 5813 127
3352 5741 3622 5803 concludit
3650 5754 3660 5792 :

3231 5856 3265 5916 Β
