4028 6200
444 424 467 483 ἱ
478 424 551 484 ὒτ

1177 417 1268 471 A‘D
1307 407 1532 469 OPERA
1573 414 1630 467 S.
1674 401 1917 465 lSlDOItI
1963 395 2398 460 lliSi’ALENSlS
2441 398 2969 457 PROLEGOMENA.

3604 390 3715 450 lett

442 540 724 595 Fateamur
750 549 871 605 ergo
914 546 1088 587 eorum
1119 514 1402 597 scripturas
1448 534 1540 596 per
1568 524 1820 595 Spiritum
1856 535 2015 575 sanc-
2047 519 2097 578 Α
2124 519 2373 586 gessisse,
2406 517 2473 570 ab
2495 531 2561 571 eo
2585 514 2917 587 per.litteras
2954 510 3367 576 conﬁrmatum,
3386 517 3447 562 ut‘
3482 524 3701 565 causam

443 642 547 684 tum
593 626 895 689 concordes,
928 630 986 673 ut
1027 618 1220 671 dictum
1258 625 1353 679 est,
1399 622 1447 667 et
1491 629 1594 667 non
1636 627 1702 665 ea:
1746 608 2017 679 suffragiis

440 718 743 777 mendicatis
772 726 875 768 tam
901 712 1130 781 insignes
1162 706 1404 761 Ecclesiae
1433 704 1528 757 Dei
1550 702 1876 773 philosOphos
1896 715 2022 753 con-

443 814 677 867 cei-dare.
726 807 855 863 Inde
881 805 1053 859 Lucas
1091 808 1457 872 permovetur,
1500 797 1623 865 quia
1653 794 1719 848 ad
1762 793 2019 847 [siderum

444 916 550 955 non
579 893 1036 963 oinnesGregorii
1063 890 1181 945 libri
1210 894 1582 960 pervenerant,
1614 893 1673 938 ut
1699 898 1764 938 ex
1798 883 1930 937 libre
1956 877 2023 934 de

447 989 557 1044 Vir.
589 988 786 1044 Illustr.
814 990 983 1054 patet.
1031 979 1138 1035 Sed
1167 977 1384 1033 minime
1411 974 1642 1046 probat,
1666 972 1733 1027 ad
1760 970 2022 1025 Isidorum

447 1097 541 1141 eos
569 1082 735 1136 libros
777 1073 1017 1144 Gregorii
1068 1086 1173 1126 non
1216 1069 1541 1139 pervenisse,
1592 1066 1645 1118 in
1679 1063 1871 1133 quibus
1899 1076 2024 1113 sen-

449 1172 631 1228 tentiae
675 1168 860 1224 iisdem
888 1165 1066 1220 verbis
1092 1163 1160 1217 ab
1188 1161 1392 1215 Isidoro
1440 1168 1705 1226 usurpate
1745 1152 2026 1209 continen-

452 1275 555 1320 tnr.
583 1261 699 1316 Hac
722 1273 851 1328 ergo
878 1273 947 1312 ex
975 1263 1125 1325 parte
1151 1252 1383 1323 plagium
1411 1246 1657 1304 excusari
1687 1259 1793 1298 non
1823 1247 2022 1312 posset.

520 1353 575 1409 8.
615 1351 781 1406 Recte
807 1356 986 1403 autem
1016 1341 1304 1412 respondet
1332 1338 1447 1392 Nic.
1474 1335 1735 1390 Antonius
1760 1348 1828 1387 ex
1851 1331 2029 1384 Theo-

453 1446 597 1516 phito
648 1437 941 1510 Raynaude
986 1435 1054 1490 de
1098 1434 1225 1488 bon.
1262 1438 1317 1485 et
1359 1430 1483 1483 mal.
1532 1428 1674 1481 Libr.
1701 1462 1716 1487 ,
1771 1424 1952 1492 partit.
1991 1438 2027 1484 I,

453 1511 682 1589 eretem.
711 1528 794 1592 10,
829 1544 882 1581 n.
907 1525 971 1577 37
983 1522 1030 1589 5,
1064 1520 1373 1592 plagiarium
1406 1534 1511 1571 non
1538 1531 1659 1570 esse
1683 1511 2028 1574 censendum,

454 1620 545 1691 qui
582 1618 802 1673 alterius
830 1615 990 1669 liores
1016 1612 1305 1680 decerpere
1332 1616 1498 1672 ainat,
1529 1606 1604 1659 uti
1634 1604 1870 1659 Isidorus
1896 1599 2034 1654 Gre-

455 1710 589 1780 gorii
618 1718 673 1763 et
698 1708 922 1763 aliorum
946 1723 958 1757 :
988 1702 1127 1771 quod
1159 1702 1272 1769 ipse
1299 1699 1531 1753 Isidorus
1561 1710 1667 1765 pia:
1686 1710 1744 1749 se
1765 1693 1888 1757 lert,
1912 1706 2033 1746 cum

458 1801 551 1865 ait,
595 1813 654 1853 se
696 1794 1123 1851 Commentarios
1164 1806 1292 1846 suos
1333 1790 1386 1843 in
1420 1788 1583 1841 Vetus
1632 1785 2030 1840 Testamentum

2122 610 2242 665 ﬁdei
2283 619 2498 664 strenue
2539 614 2741 675 ageret.
2782 604 2889 660 Sed
2918 603 3189 673 quodnam
3233 604 3448 655 esthoc
3480 600 3703 658 Leandri

2120 699 2402 754 exsilium?
2423 697 2668 751 Fortasse
2689 695 2817 749 illud
2839 695 3011 763 ipsum
3033 682 3174 761 quod
3195 700 3385 747 auctor
3406 689 3539 746 Viue
3561 693 3719 761 print

2122 791 2467 856 indicaverat,
2493 804 2613 845 cum
2654 787 2906 848 narravit,
2954 785 3254 840 Leandrum
3303 784 3552 838 amicitize
3595 784 3715 839 vin-

2123 883 2301 937 culum
2350 895 2469 936 cum
2514 878 2776 945 Gregorio
2824 875 3017 944 Magno
3064 873 3530 944 Constantinopoli
3574 890 3711 945 con-

2126 974 2392 1037 traxisse,
2446 986 2555 1039 quo
2604 978 2846 1037 tempore
2890 965 3183 1034 Leovigildi
3241 941 3583 1020 concesserat
3621 979 3715 1032 pro

2125 1061 2495 1133 conﬁrmandis
2543 1068 2829 1114 sanctw'et
2875 1057 3220 1111 immaculatw
3251 1055 3522 1109 Trinitatis
3568 1057 3715 1123 capi-

2130 1153 2265 1206 tutis.

2202 1243 2288 1295 tl.
2331 1241 2553 1296 Videtur
2603 1249 2781 1294 tamen
2834 1239 2973 1295 idem
3003 1238 3136 1292 Vita:
3177 1238 3407 1306 scriptor
3452 1236 3559 1291 hoc
3596 1235 3720 1289 loco

2132 1334 2275 1389 aliud
2317 1334 2560 1398 innuere,
2590 1347 2710 1388 cum
2758 1327 3297 1394 refert,.Leandrum,
3342 1337 3552 1380 mortuo
3584 1324 3722 1379 Leo-

2133 1424 2347 1493 vigildo,
2380 1422 2825 1492 triumphatorem
2853 1417 3177 1486 Carthagine
3209 1416 3494 1471 revertisse
3520 1415 3573 1468 in
3603 1414 3721 1469 His-

2133 1514 2365 1584 paniam.
2391 1510 2527 1565 Cum
2555 1520 2732 1564 autem
2761 1508 2906 1579 prius
2936 1507 3221 1561 amicitiam
3252 1506 3387 1558 inter
3407 1503 3724 1570 Gregorium

2136 1605 2385 1674 Magnum
2416 1612 2470 1659 et
2495 1601 2795 1657 Leandrum
2834 1595 3299 1665 Constantinopoli
3328 1594 3639 1657 stahilitam,
3670 1600 3726 1646 et

2138 1695 2381 1749 mirabile
2410 1693 2595 1749 Isidori
2628 1692 2680 1746 in
2711 1691 2896 1745 urbem
2936 1688 3161 1743 Romam
3186 1688 3288 1741 iter
3318 1692 3724 1748 commemoret,

2142 1796 2253 1839 tum
2294 1785 2524 1839 Leandri
2568 1783 2836 1844 exsilium,
2864 1790 2917 1835 et
2957 1780 3145 1835 Isideri
3168 1779 3314 1831 vices
3355 1791 3450 1845 pre
3483 1773 3727 1830 Leandre

459 1887 743 1957 sumpsisse
789 1901 852 1937 ea:
899 1880 1140 1950 Origene,
1185 1887 1334 1942 etc.,
1385 1892 1445 1929 ac
1492 1876 1682 1928 nostris
1730 1869 2038 1942 temporibus

2157 1879 2374 1947 gerentis
2418 1876 2772 1933 constantiam
2822 1874 2875 1927 in
2926 1871 3122 1927 tuenda
3173 1866 3277 1924 fide
3321 1867 3576 1937 explicet,
3625 1864 3733 1921 hoc

461 1978 727 2048 insigniter
753 1973 1003 2043 eloquenti
1034 1969 1300 2039 Gregorio.
1328 1965 1473 2033 Opus
1504 1963 1889 2017 Sententiarum
1914 1959 2044 2014 satis

462 2067 701 2149 extiiulu
723 2063 945 2126 indicat,
970 2070 1178 2115 veteres
1201 2057 1494 2113 sententias
1520 2055 1591 2109 ibi
1619 2069 1738 2109 esse
1759 2052 2041 2107 collectas:

463 2143 769 2216 etvidcirco
817 2154 1034 2210 Braulio
1083 2153 1137 2206 in
1186 2149 1582 2220 pr'enetatione
1627 2145 1724 2211 ait,
1771 2143 2047 2211 collegisse

464 2254 723 2309 lsidorum
761 2250 1131 2305 sententiarum
1173 2246 1328 2299 libros
1354 2251 1479 2307 tres,
1504 2254 1631 2309 quos
1656 2234 1868 2301 ﬂoribus
1895 2251 1960 2287 ea:
1985 2234 2051 2287 li-

466 2348 571 2401 bris
608 2359 757 2415 papa:
783 2340 1018 2411 Gregorii
1059 2333 1340 2392 moralibus
1380 2332 1659 2385 decoravit.
1709 2327 1833 2381 Hinc
1868 2334 2048 2379 autem

468 2412 685 2497 omnia,
711 2446 829 2501 quae
869 2430 937 2483 ab
980 2426 1098 2480 aliis
1139 2436 1354 2493 quoque
1398 2418 1644 2473 Patribus
1685 2415 1845 2472 simili
1890 2412 2053 2468 modo

471 2527 586 2584 ﬁeri
629 2526 1043 2582 consueverunt,
1089 2514 1309 2569 minime
1353 2511 1602 2581 probant,
1653 2506 1909 2561 Isidorum
1960 2511 2053 2557 aut

471 2615 789 2689 auditorem,
819 2615 911 2663 aut
937 2604 1250 2676 plagiarium
1279 2599 1523 2669 Gregorii
1551 2597 1732 2652 fuisse.
1775 2595 1884 2650 lino
1914 2593 2053 2647 Mar-

472 2686 688 2777 sarinus
714 2702 783 2757 de
809 2700 859 2754 la
889 2698 1078 2768 Bigne,
1126 2695 1181 2749 in
1209 2691 1432 2763 epistola
1461 2689 1790 2744 dedicatoria
1817 2700 1926 2740 sua:
1953 2683 2051 2739 lsi-

471 2797 704 2854 deriana:
724 2791 990 2856 editionis,
1004 2787 1177 2857 arguit
1196 2784 1453 2839 Isidorum
1475 2778 1718 2849 Gregoni
1736 2777 2053 2847 discipulum

472 2905 583 2946 non
630 2885 815 2950 fuisse,
847 2882 974 2952 quia
1002 2876 1239 2945 alioquin
1280 2875 1398 2930 sine
1439 2871 1735 2945 gratissima
1763 2868 2056 2941 disciplinae

474 2972 986 3034 commemoratione
1012 2964 1331 3038 Gregorium
1361 2980 1467 3020 non
1499 2960 1945 3018 commendasset.

545 3065 599 3121 9.
640 3062 889 3117 Fortasse
912 3057 1073 3114 etiam
1099 3055 1225 3126 quia
1246 3053 1479 3110 Isidorus
1506 3051 1642 3105 alius
1662 3049 1874 3105 Siculus
1898 3047 2056 3102 fuisse

477 3155 700 3225 dicitur,
736 3150 795 3209 S.
826 3147 1067 3217 Gregorii
1106 3144 1416 3214 discipulus,
1460 3141 1529 3196 de
1555 3155 1661 3208 quo
1690 3147 1854 3207 agunt
1883 3136 2055 3192 Cens—

479 3217 696 3303 tantius'
715 3241 862 3298 Felix
909 3240 961 3294 in
1010 3234 1348 3299 Kalendarie,
1380 3230 1654 3286 Ferrarius
1693 3232 1744 3283 in
1787 3229 1929 3283 notis
1969 3226 2051 3281 sui
2083 3217 2125 3276 C

476 3334 714 3403 Catalegi
740 3337 1069 3391 sanctorum,
1101 3334 1156 3381 et
1183 3322 1449 3378 Arnoldus
1474 3319 1631 3393 Wion
1658 3319 1711 3373 in
1738 3316 1903 3386 Ligno
1931 3316 2053 3370 vita:

476 3426 519 3483 ι.
543 3442 621 3491 ιιι,
659 3418 1001 3491 bomeuymia
1039 3415 1185 3481 fecit,
1216 3422 1274 3468 ut
1315 3406 1572 3466 lbidorum
1610 3423 1824 3478 quoque
1862 3405 2054 3475 Hispa-

478 3517 678 3572 lensem
733 3513 791 3568 S.
845 3508 1090 3579 Gregorii
1145 3507 1445 3561 auditorem
1499 3503 1662 3556 fuisse
1716 3499 2052 3554 crederetur.

477 3606 779 3665 Canonicus
831 3598 1182 3670 Legionensis
1226 3604 1415 3659 auctor
1463 3592 1594 3647 Viue
1639 3591 1815 3646 solum
1866 3582 2054 3649 relert,

479 3697 737 3766 Gregorio
781 3691 1040 3748 [siderum
1085 3686 1356 3756 cognitum
1405 3682 1569 3737 fuisse
1608 3696 1679 3735 ex
1717 3676 1945 3748 epistola
1992 3674 2059 3728 de

482 3785 811 3844 beatitudine
849 3798 1011 3854 quam
1040 3781 1106 3834 ad
1137 3794 1258 3835 eum
1298 3776 1529 3832 Isidorus
1559 3773 1704 3829 misit
1736 3789 1749 3825 :
1792 3770 1948 3839 cujus
1975 3778 2059 3821 tae

482 3892 606 3933 men
653 3875 729 3931 rei
760 3888 924 3945 penes
949 3872 1119 3942 ipsum
1158 3868 1286 3924 ﬁdes
1309 3870 1395 3925 sit.
1443 3865 1597 3921 Nulla
1625 3864 1767 3920 enim
1798 3859 1936 3931 apud
1967 3874 2063 3911 an-

483 3968 740 4038 tiquiores
770 3962 926 4033 hujus
952 3960 1195 4032 epistolae
1234 3958 1454 4013 mentio.
1504 3954 1669 4009 Multo
1694 3964 1822 4005 vero
1848 3946 2063 4003 mirabi-

390 4112 395 4117 .
483 4037 586 4116 lius
605 4067 706 4125 est,
723 4054 869 4127 quod
890 4054 1027 4110 idem
1050 4050 1333 4107 historicus
1353 4059 1572 4102 narrare
1593 4040 1782 4112 pergit.
1805 4037 2063 4090 [siderum

482 4152 712 4223 quadam
738 4124 898 4204 noete
926 4144 1128 4198 Natalis
1155 4138 1363 4195 Domini
1393 4136 1617 4189 Romam
1642 4128 1894 4183 divinitus
1914 4124 2062 4179 dela-

486 4219 631 4306 tum,
685 4246 744 4292 ut
795 4231 1131 4306 Gregorium,
1160 4224 1491 4287 conveniret,
1551 4219 1850 4284 eademque
1904 4223 2061 4268 noete

483 4301 703 4387 domum
744 4301 1164 4396 repetiisser'de
1190 4334 1296 4388 quo
1330 4322 1579 4388 portento
1606 4311 1849 4384 quazdam
1878 4325 1909 4365 a
1936 4309 2063 4364 Bol-

486 4417 746 4477 landianis
789 4404 1044 4469 annotata
1092 4416 1232 4465 sunt.
1285 4407 1553 4477 Tamayus
1580 4405 1633 4459 in
1661 4402 1880 4472 Martyr.
1908 4398 2061 4469 Hisp.

486 4513 625 4567 inter
674 4508 878 4563 incerta
909 4502 995 4557 vel
1024 4497 1355 4557 incredibilia
1388 4497 1555 4552 refert
1580 4496 1686 4551 hoc
1725 4491 1917 4549 Isidori
1963 4491 2067 4544 iter

2148 1971 2375 2024 Leandri
2428 1969 2674 2023 exsilium
2729 1966 2997 2020 diversum
3045 1977 3164 2017 esse
3207 1960 3380 2015 innuit
3424 1960 3491 2013 ab
3538 1957 3731 2011 itinere

2147 2064 2386 2130 ejudem
2417 2063 2469 2116 in
2500 2061 2686 2114 urbem
2709 2054 3378 2125 Constantinopolitanam.
3407 2048 3733 2117 Colligamus

2148 2152 2215 2210 ex
2237 2154 2503 2209 historicis
2526 2148 2888 2206 monumentis
2915 2164 3034 2216 qua:
3059 2148 3159 2200 hac
3181 2144 3232 2198 in
3261 2152 3414 2213 parte
3435 2139 3732 2211 probabilia

2148 2254 2294 2301 sunt.
2357 2243 2621 2305 Leander,
2655 2249 2713 2294 ut
2741 2241 2817 2291 ait
2854 2237 3089 2292 Isidorus
3117 2236 3184 2289 de
3214 2232 3325 2286 Vir.
3350 2230 3569 2295 Illustr.,
3607 2242 3734 2297 cap.

2150 2336 2239 2399 4|,
2289 2352 2355 2389 ex
2396 2333 2648 2387 monacho
2678 2329 3005 2400 Hispalensis
3032 2323 3277 2379 Ecclesite
3305 2320 3579 2393 provincia:
3616 2318 3739 2373 Ba?-

2151 2429 2266 2480 tica:
2292 2425 2596 2479 constitutus
2624 2423 2912 2491 episcopus,
2952 2426 3081 2478 etc.,
3113 2415 3350 2471 doctrina
3397 2411 3738 2475 clarissimus,

2154 2528 2206 2570 ut
2234 2526 2281 2569 et
2308 2516 2412 2585 ﬁde
2440 2516 2551 2584 ejus
2579 2522 2728 2582 atque
2762 2508 3017 2563 industria
3060 2506 3233 2577 populi
3262 2506 3427 2575 gentis
3455 2500 3739 2554 Gothorum

2153 2607 2216 2660 ab
2244 2607 2440 2659 Ariana
2468 2604 2672 2658 insania
2704 2601 2772 2653 ad
2800 2600 2956 2670 ﬁdem
3004 2595 3307 2650 catholicam
3347 2598 3741 2647 reuerterentur.

2155 2695 2257 2751 Hic
2302 2711 2519 2765 namque
2556 2694 2608 2747 in
2656 2690 2829 2745 exsilii
2872 2688 2954 2742 sui
3002 2685 3413 2757 peregrinatione
3458 2682 3743 2751 composuit

2155 2790 2284 2843 duos
2311 2787 2555 2844 adversus
2584 2784 2938 2841 lttereticarum
2967 2781 3209 2851 dagmata
3234 2780 3414 2843 libros,
3438 2784 3543 2830 etc.

2230 2882 2317 2936 12.
2359 2880 2623 2934 Pimterea
2652 2892 2718 2929 ex
2753 2876 2841 2928 lib.
2867 2889 2921 2927 ιιι
2966 2871 3305 2939 Dialogorum
3349 2864 3592 2934 Gregerii
3622 2860 3742 2915 lia-

2155 2972 2266 3043 gni,
2300 2985 2426 3039 cap.
2456 2969 2545 3032 5|,
2594 2967 2643 3021 id
2692 2964 2994 3018 habemus:
3036 2960 3186 3015 Sicut
3228 2960 3506 3012 multorum
3546 2952 3630 3024 qui
3675 2953 3744 3005 ab

2158 3062 2535 3133 Hispaniarum
2578 3055 2808 3127 partibus
2855 3055 3060 3106 veniunt
3104 3049 3352 3102 relatione
3396 3046 3745 3117 cognorimus,

2155 3171 2317 3223 nuper
2361 3147 2786 3216 Hermrnegildtts
2816 3160 2927 3207 rex,
2961 3139 3246 3209 Leetigildi
3276 3139 3411 3207 regis
3452 3133 3751 3205 l’isigolho-

2155 3258 2268 3297 rum
2292 3244 2451 3311 ﬁlius,
2483 3239 2547 3292 ab
2575 3239 2771 3291 Ariana
2800 3233 2980 3287 liter-esi
3008 3232 3074 3283 ad
3100 3231 3254 3298 ﬁdem
3285 3226 3611 3290 catholicam,
3637 3224 3754 3276 viro

2156 3332 2574 3388 reverendissimo
2627 3325 2867 3379 Leandre
2916 3320 3215 3391 Hispalensi
3261 3318 3520 3386 episwpo,
3552 3316 3753 3368 dudum

2156 3423 2283 3476 mihi
2307 3423 2359 3473 in
2389 3418 2629 3472 amicitiis
2660 3412 2988 3482 familiariter
3007 3410 3209 3479 juncta,
3249 3404 3583 3474 prwdieante,
3617 3416 3750 3455 con-

2158 3526 2329 3566 versus
2371 3518 2466 3562 est.
2528 3505 2718 3559 Melius
2762 3502 3134 3568 interpungsm
3182 3491 3505 3563 cognouimus
3555 3505 3754 3559 nuper,

2160 3597 2590 3669 Hermenegildus
2621 3608 2735 3659 rex,
2767 3597 2872 3646 etc.
2915 3587 2979 3643 S.
3006 3583 3292 3653 Gregorius
3320 3580 3589 3636 scribebat
3634 3579 3755 3632 dia-

2164 3697 2319 3766 logos
2349 3706 2490 3747 anne
2519 3686 2736 3743 circiter
2763 3680 2885 3737 594.
2931 3677 3226 3735 Cenversio
3250 3669 3665 3739 Hermenegildi,
3697 3676 3755 3721 et

2163 3762 2503 3840 familiaritas
2534 3778 2690 3849 129
2714 3788 2835 3828 cum
2865 3769 3108 3824 Leandre
3134 3778 3163 3819 a
3188 3762 3443 3832 Gregorio
3475 3764 3755 3841 contracta

2163 3878 2365 3932 dudum
2393 3836 2686 3928 evenerat;
2712 3884 2726 3930 ;
2755 3863 2850 3918 sed
2879 3860 3043 3930 paulo
3072 3864 3196 3911 ante
3221 3869 3383 3923 quam
3415 3836 3754 3908 id'scriberet

2165 3967 2391 4038 (idcirco
2419 3961 2494 4014 ait
2521 3955 2728 4024 nuper),
2755 3949 3118 4005 narrationem
3165 3945 3403 4017 martyrii
3432 3953 3489 3998 et
3524 3943 3759 3997 miracu-

2164 4033 2337 4109 lorum
2387 4064 2507 4118 quae
2549 4049 2838 4099 consecuta
2867 4048 3009 4104 sunt,
3036 4047 3091 4091 et
3115 4035 3479 4092 venerationis
3506 4033 3758 4104 sepulcro

2167 4140 2415 4210 martyris
2446 4135 2697 4192 exhibitas
2728 4136 3029 4201 acceperat.
3074 4127 3255 4196 Pergit
3280 4134 3400 4197 pe-t
3431 4125 3745 4194 martyrium

2167 4227 2559 4298 Hermeuegildi
2595 4226 2861 4280 relatum:
2900 4220 3060 4274 Pater
3099 4235 3213 4272 vero
3259 4217 3485 4287 perﬁdus
3511 4223 3559 4268 et
3587 4214 3761 4283 μανι-ἱ.

2166 4326 2303 4387 cida,
2332 4326 2614 4375 commotus
2649 4312 2968 4385 panitentia,
3011 4310 3105 4362 hoc
3132 4308 3312 4378 fecisse
3354 4321 3410 4359 se
3433 4303 3626 4366 doluit;
3665 4313 3760 4353 nec

2168 4427 2337 4472 tamen
2380 4420 2539 4480 usque
2575 4407 2643 4461 ad
2683 4402 3013 4459 obtinendam
3052 4398 3271 4452 salutent
3310 4394 3561 4465 paenituit.
3617 4392 3759 4446 Nam

2167 4512 2287 4584 quia
2312 4524 2433 4564 vera
2456 4512 2586 4558 esset
2617 4498 2870 4554 catholica
2900 4495 3026 4565 ﬁdes
3062 4489 3300 4562 agnovit,
3329 4488 3419 4541 sed
3456 4487 3620 4557 gentis
3650 4498 3761 4538 sua:

485 4602 783 4658 Romanum
812 4598 867 4652 in
900 4593 1073 4649 Nam“
1112 4592 1319 4648 Domini
1346 4606 1415 4645 ex
1443 4588 1584 4643 Luca
1620 4586 1853 4643 Tude"5i
1878 4584 1933 4639 in
1957 4582 2057 4638 Mi"
2085 4579 2141 4640 Β
2167 4572 2347 4659 timore
2372 4593 2689 4666 perterritus,
2720 4587 2788 4640 ad
2817 4586 2948 4638 hanc
2977 4582 3238 4652 pervenire
3262 4595 3365 4632 non
3391 4577 3599 4630 meruit.
3632 4572 3758 4641 Qui,

485 4694 681 4749 raculis
724 4690 781 4746 S-
812 4687 1029 4753 Isidori.
1088 4701 1155 4742 ex
1203 4699 1309 4755 (ιιιο
1358 4672 1687 4738 BFeviarium
1735 4677 2062 4747 Sesoviense
2164 4689 2341 4745 oborta
2372 4661 2706 4754 egritudine,
2756 4675 2824 4729 ad
2854 4682 3083 4727 extrema
3114 4669 3387 4739 perductus
3428 4674 3523 4729 est,
3565 4675 3613 4717 ct
3652 4661 3759 4715 Le-

484 4790 871 4856 pervetustum,
907 4779 1065 4849 128
1095 4753 1303 4842 lect.v2,
1336 4776 1477 4830 idem
1505 4780 1706 4827 narrat.
1754 4770 1835 4824 An
1882 4775 2065 4823 autem
2165 4781 2330 4835 απάνο
2358 4753 2611 4845 ερέεεάρο,
2643 4784 2791 4840 qum
2819 4767 2960 4834 prius
2984 4762 3305 4816 vehemente,-
3332 4758 3620 4827 αηιίκεται,
3653 4753 3759 4809 ηε-

484 4846 768 4945 aliquando
795 4846 1283 4927 Isiddrus'Romam
1311 4866 1537 4931 venerit,
1569 4878 1691 4934 cap.
1722 4862 1792 4917 23
1819 4861 2051 4931 disputa-

2166 4870 2405 4925 caredum
2435 4878 2601 4934 regem
2630 4861 2795 4931 filium
2825 4869 2992 4919 suum,
3015 4868 3158 4923 quem
3188 4851 3242 4903 in
3271 4866 3363 4905 sua
3394 4848 3575 4902 lia'resi
3596 4846 3761 4900 relin-

485 4967 647 5114 bni’bi
687 5057 820 5112 Cum
844 5054 955 5124 jam
980 5050 1212 5106 Isidorus
1234 5047 1445 5118 juvenis
1471 5045 1538 5100 ad
1566 5058 1716 5098 arma
1741 5049 1927 5097 contra
1953 5039 2061 5095 INB-

487 5148 682 5206 reticos
707 5144 1034 5216 capessenda
1067 5143 1292 5199 idoneus
1318 5149 1481 5205 esset,
1532 5138 1814 5193 haereticos
1841 5137 2071 5191 Arianos

489 5240 753 5296 acerrime
800 5237 1092 5293 insectatus
1137 5234 1300 5289 fuisse
1346 5247 1379 5287 a
1406 5230 1544 5286 Vitae
1586 5237 1809 5283 auctore
1854 5227 2068 5283 dicitur.

492 5332 547 5387 Id
575 5331 795 5403 quidem
820 5328 952 5384 satis
977 5326 1152 5381 simile
1180 5339 1309 5378 vero
1337 5330 1444 5389 est,
1468 5321 1603 5376 etin
1627 5317 1817 5375 olﬁciis
1841 5317 2072 5387 propriis

495 5422 795 5495 iiispanicis
839 5418 1207 5475 conﬁrmatur.
1256 5415 1363 5470 Sed
1392 5413 1663 5469 Breviaria
1703 5419 1943 5473 narrant,
1975 5409 2070 5465 Isi-

495 5513 683 5569 dorum
729 5528 758 5565 a
791 5507 1034 5565 Leandre
1078 5505 1375 5562 cohibitum
1419 5503 1603 5569 fuisse,
1631 5509 1708 5566 et,
1737 5509 1795 5554 ut
1819 5514 1880 5557 se
1926 5515 2075 5555 com-

499 5603 726 5659 tnodiori
751 5599 976 5671 tempori
1007 5603 1321 5661 reservaret,
1344 5594 1695 5649 admonitum.
1726 5591 1929 5647 Auctor
1948 5590 2078 5647 Vita

499 5706 624 5746 cum
675 5690 892 5753 referat,
942 5686 1241 5743 Leandrum
1289 5684 1359 5740 ab
1401 5682 1662 5739 haereticis
1707 5696 1777 5737 ex
1823 5679 2077 5749 Hispania

500 5780 784 5851 expulsum
808 5779 990 5845 fuisse,
1017 5776 1182 5843 addit,
1212 5772 1470 5831 [siderum
1496 5773 1641 5829 vices
1666 5769 1846 5828 fratris
1873 5767 2077 5838 Hispali

2169 4958 2367 5031 quebat,
2418 4950 2775 5009 commendare
2820 4946 3037 5007 curavit,
3064 4952 3119 4994 ut
3154 4943 3210 4994 in
3250 4942 3362 5008 ipso
3392 4953 3587 5009 quoque
3632 4936 3762 4990 talia

2171 5028 2381 5120 faceret,
2404 5042 2580 5117 qualia
2605 5050 2654 5096 et
2677 5041 2731 5094 in
2760 5040 2920 5108 fratre
2942 5036 3046 5088 suis
3073 5028 3515 5087 exhortationibus
3536 5030 3760 5097 fecisset.

2172 5116 2577 5196 IIortatienibus
2602 5133 2762 5202 igitur
2787 5126 3015 5184 Leandri
3042 5124 3293 5180 tribuitur
3314 5120 3598 5177 conversio
3628 5116 3765 5174 Iler-

2174 5229 2483 5298 tnenegildi.

2246 5321 2331 5374 15.
2374 5319 2504 5376 Eam
2541 5316 2755 5372 diverso
2793 5308 2956 5365 modo
2985 5305 3278 5375 Gregorius
3315 5300 3648 5358 Turonensis
3680 5310 3767 5354 re-

2175 5415 2278 5468 fert
2319 5411 2354 5465 Ι.
2386 5424 2419 5461 v
2462 5406 2597 5462 Hist.
2627 5403 2888 5459 Francer.
2917 5441 2932 5467 ,
2962 5414 3013 5453 e.
3041 5393 3130 5463 58,
3158 5396 3251 5466 qui
3288 5394 3466 5457 docet,
3502 5388 3768 5459 Lemigil-

2176 5503 2300 5557 dum
2347 5493 2757 5563 Hermenegildo
2795 5499 2853 5547 et
2888 5488 3045 5558 huius
3086 5487 3241 5542 uxori
3284 5483 3508 5552 Ingundi
3554 5480 3769 5536 dedisse

2178 5612 2333 5649 unam
2372 5592 2438 5646 de
2463 5587 2769 5653 civitatibus,
2795 5587 2849 5641 in
2879 5601 2979 5655 qua
3018 5582 3298 5637 residentes
3340 5583 3635 5650 regnarent.
3684 5571 3765 5627 Ad

2180 5698 2339 5753 quam
2374 5696 2497 5736 cum
2530 5678 2807 5739 abiissent,
2839 5674 3003 5741 erepit
3039 5670 3291 5739 lngundis
3327 5667 3621 5737 praedicare
3646 5663 3766 5715 viro

2183 5750 2282 5826 suo
2315 5777 2372 5824 ut
2397 5766 2580 5821 relicta
2638 5763 2857 5818 haeresis
2906 5760 3115 5817 fallacia
3161 5757 3440 5815 catholicae
3478 5754 3597 5810 lidei
3626 5750 3767 5806 veri-

2402 5908 2435 5935 Ι
