4060 6198
350 365 456 437 tua

1368 350 1773 430 isuuoanus.
1817 405 1886 417 —
1926 374 2103 431 usus
2142 376 2182 429 ι.
2226 357 2375 431 ese.
2424 375 2605 434 xvut.

3520 390 3623 447 illi

328 505 514 549 autent
556 500 893 558 agnosceret.
941 491 1094 555 Quod
1138 492 1227 544 ille
1272 492 1363 544 diu
1408 508 1450 544 τι
1476 491 1668 553 futans,
1713 491 1926 545 tandem
1958 501 2000 551 Α
2030 493 2372 560 perduxisset,
2396 510 2544 548 omne
2570 495 2669 546 tuis
2700 495 2927 567 auribus,
2953 500 3091 568 quod
3102 503 3175 553 de
3200 512 3280 555 ine
3302 502 3622 576 displicebat,

343 589 653 636 cornmotus
681 578 747 632 ad
774 578 894 646 ejus
930 578 1383 646 praedicationem,
1426 593 1723 634 conversus
1749 587 1833 633 est
1861 579 1926 631 ad

342 672 517 740 legem
544 670 885 725 catholicam.
921 668 1186 738 Explicari
1215 677 1395 724 tamen
1436 670 1550 725 hanc
1579 670 1650 723 ita
1680 680 1923 739 possunt,

344 775 401 817 ut
438 760 692 831 [agundis
727 759 1097 830 prmdicationi
1144 759 1355 815 doctior
1403 759 1510 815 alia
1550 764 1828 830 persuasio
1871 769 1927 817 et

338 853 581 908 hortatio
633 851 861 905 Leandri
906 852 1227 918 accesserit,
1274 858 1335 905 ut
1376 850 1502 905 huic
1548 852 1825 920 praecipuae
1872 848 1924 904 in

340 943 737 1011 Heruteaegildi
762 943 1119 997 conversione
1150 949 1330 1011 partes
1361 941 1698 995 ascribantur
1727 958 1740 993 :
1780 940 1925 1008 quod

338 1035 599 1101 Gregorio
626 1033 842 1101 Magno,
866 1031 1098 1087 Leandri
1134 1032 1483 1094 amicissimo,
1521 1040 1780 1086 asset-ent:
1804 1046 1925 1087 om-

334 1129 469 1181 nino
492 1123 820 1180 credendum
848 1130 952 1178 est.
1002 1121 1139 1178 Urbs
1157 1136 1321 1190 quam
1356 1120 1768 1189 Hermenrgildo
1792 1136 1924 1175 con-

334 1234 541 1275 cessam
584 1216 911 1272 Turonensis
939 1218 1037 1281 ait,
1078 1216 1301 1271 fortasse
1332 1224 1416 1268 est
1455 1212 1706 1283 Hispalis,
1732 1228 1837 1282 qua
1869 1214 1922 1268 in

336 1310 471 1366 urbe
517 1312 805 1380 episcopus
851 1318 967 1363 erat
1017 1306 1282 1361 Leander.
1342 1306 1618 1360 Fiurezius
1672 1314 1804 1360 tum.
1852 1303 1922 1361 ιχ

334 1402 487 1471 Hisp.
533 1417 709 1466 saer._
759 1416 816 1470 p.
858 1398 977 1463 162,
1030 1397 1500 1466 Heamenegildum
1546 1399 1730 1453 sedem
1768 1412 1919 1455 suam

318 1491 537 1561 Hispali
567 1492 745 1545 ﬁxisse
775 1506 916 1544 anno
943 1489 1051 1545 579
1076 1487 1323 1547 allirmat.
1608 1508 1611 1509 ν

406 1583 494 1636 ll.
535 1581 613 1637 De
640 1592 885 1650 tempore
910 1591 1089 1634 autem
1118 1596 1224 1650 quo
1248 1581 1363 1635 haec
1386 1580 1701 1645 acciderint,
1731 1581 1917 1635 conle-

331 1673 531 1727 rendus
550 1679 640 1726 est
680 1671 936 1735 Lidorus,
966 1672 1054 1738 qui
1097 1670 1153 1724 in
1198 1669 1468 1724 Chronico
1495 1670 1564 1724 ad
1611 1685 1809 1724 annum
1851 1670 1919 1725 ab

324 1763 465 1817 urbe
505 1763 725 1817 condito
766 1760 929 1825 5780,
968 1763 1086 1815 ait:
1132 1760 1360 1815 Tiberius
1406 1771 1588 1833 regnat
1633 1764 1785 1815 annis
1814 1778 1913 1818 vn.

2030 584 2263 647 exposui.
2306 584 2350 635 A
2378 598 2485 652 quo
2512 592 2691 636 autem
2719 582 2823 638 alio
2848 601 2974 651 rene
3003 603 3100 656 pro
3130 591 3305 645 causis
3335 592 3452 646 lidei
3483 596 3621 652 mitti

2032 673 2208 739 potuit
2258 672 2523 737 Leander,
2586 676 2685 729 nisi
2733 675 2800 729 ab
2848 675 3304 750 llermenegildo?
3348 686 3616 743 Auxilium

2029 761 2172 814 enim
2229 763 2566 832 imperatoris
2617 763 3057 835 Hermrnegildus
3101 788 3198 840 pro
3234 775 3622 836 catlzo'icorum

2029 865 2191 905 causa
2234 861 2421 907 contra
2464 853 2690 908 Arianos
2728 859 3042 925 expetebat,
3079 860 3485 936 Leandrumque
3529 870 3622 925 de-

2030 940 2189 1009 ιρείι,
2239 956 2401 1009 quem
2449 942 2550 995 hac
2594 944 2661 997 de
2708 960 2766 999 re
2814 945 3046 1013 legatum
3098 949 3620 1025 CUIISlaﬂliDOPOIlnl

2029 1030 2285 1084 mitteret.
2324 1030 2601 1086 Florelius
2626 1040 2753 1086 tom.
2786 1032 2878 1098 lX,
2911 1051 2963 1104 p.
2995 1036 3116 1103 182,
3151 1038 3621 1099 Bollandiauorum

2028 1119 2337 1191 Opinionem
2366 1120 2561 1189 rejicit,
2587 1123 2677 1192 qui
2708 1133 2928 1177 censent
2952 1122 3248 1181 Leandrum
3278 1130 3425 1199 prius
3450 1133 3625 1190 Cons-

2029 1209 2403 1279 tantinopolim
2442 1210 2639 1267 adiisse
2668 1227 2828 1280 quam
2870 1213 3307 1282 llermenegildus
3337 1218 3493 1276 ﬁdem
3532 1238 3623 1279 ca-

2029 1298 2288 1353 tholicam
2326 1300 2775 1369 amplecteretur,
2809 1303 2907 1356 hac
2938 1306 3165 1371 permoti
3208 1307 3445 1377 ratione,
3476 1311 3621 1384 quod

2020 1387 2318 1459 Gregorius
2347 1389 2567 1459 Magmis
2601 1391 2637 1444 ἰ.
2670 1408 2727 1448 HI
2757 1392 2959 1462 Dialog.
2988 1434 3002 1458 ,
3036 1409 3155 1465 cap.
3192 1396 3277 1459 51,
3309 1394 3621 1457 conversio-

2025 1496 2145 1534 nem
2191 1480 2589 1549 iﬂemenegildi
2622 1499 2785 1553 nuper
2814 1482 3006 1537 factam
3046 1485 3140 1547 ait,
3174 1488 3459 1543 amicitiam
3498 1505 3529 1545 a
3556 1502 3619 1548 se

2021 1590 2144 1630 cum
2177 1575 2420 1631 Leandre
2449 1585 2781 1633 contractam
2809 1578 3023 1633 dudum.
3068 1580 3294 1652 Reponit
3323 1583 3615 1652 Florezius,

2024 1680 2130 1720 non
2172 1668 2409 1736 potuisse
2436 1666 2736 1725 Leandrum
2766 1669 2831 1724 ab
2860 1669 3274 1741 Hermenegildo
3313 1690 3411 1745 pro
3440 1680 3615 1747 causis

2024 1757 2145 1825 ﬁdei
2204 1757 2727 1829 Constantinopolim
2787 1761 2946 1824 mitti.
2993 1764 3145 1836 131
3188 1764 3286 1820 nisi
3321 1766 3431 1836 jam
3470 1779 3614 1826 esset

330 1850 682 1920 Langobardi,
729 1850 893 1919 pulsis
926 1848 1193 1915 Romanis,
1241 1849 1453 1903 Italiam
1490 1850 1702 1903 adeunt.
1758 1851 1916 1906 Gothi
1949 1870 1994 1929 Β
2021 1849 2338 1904 catholicus.
2378 1848 2677 1905 Probabilis
2701 1852 2919 1921 quidem
2943 1853 3060 1908 haec
3085 1863 3166 1910 est
3192 1856 3348 1923 ratio,
3376 1859 3474 1915 sed
3506 1876 3611 1915 non

326 1958 421 2012 per
461 1940 943 2011 Hermenegildum,
996 1938 1276 2011 Leot'igildi
1321 1943 1454 2009 regis
1497 1941 1681 2010 ﬁliuni,
1727 1939 1917 2012 bifarie

324 2034 506 2097 divisi,
546 2042 725 2085 mutua
771 2031 911 2086 crede
951 2041 1240 2084 uastardur.
1300 2029 1365 2084 Et
1411 2045 1596 2086 rursus
1622 2032 1689 2085 ad
1717 2047 1916 2086 almum

326 2122 458 2177 580i
492 2126 560 2178 ab
588 2124 720 2178 orbe
747 2122 964 2178 condito
990 2140 1002 2177 :
1034 2122 1318 2177 Humidus
1345 2133 1528 2193 regnat
1551 2124 1705 2178 annis
1730 2140 1910 2179 χιι...

330 2213 445 2267 Hoc
471 2224 695 2283 ternpore
723 2211 962 2266 Leander
981 2214 1247 2283 episcopus
1272 2215 1330 2267 in
1360 2213 1633 2284 Hispaniis
1654 2214 1725 2266 ad
1750 2216 1915 2284 gentis

324 2303 610 2359 Gothorum
652 2306 1036 2358 conuersionem
1084 2304 1321 2357 doctrina
1346 2303 1469 2372 [idei
1498 2313 1548 2357 et
1586 2304 1914 2357 scientiarum

320 2397 533 2449 claruit.
579 2394 637 2449 In
682 2395 912 2449 Historia
942 2410 1074 2449 vero
1125 2394 1423 2449 Gothorum
1472 2394 1539 2447 ad
1582 2409 1743 2448 aet-am
1785 2392 1911 2463 694,

318 2486 444 2540 sive
471 2500 669 2539 annum
706 2482 911 2539 Christi
940 2483 1063 2550 586,
1112 2499 1254 2538 anno
1284 2483 1318 2537 5
1345 2483 1687 2551 imperatoris
1716 2478 1911 2538 Mauri-

320 2577 394 2631 cii
429 2594 441 2628 :
474 2575 770 2647 Leovigildo
792 2576 1060 2646 defuncto,
1107 2576 1245 2645 ﬁlius
1275 2576 1386 2646 ejus
1426 2575 1724 2630 Recaredus
1751 2591 1910 2647 regno

321 2677 401 2738 est
426 2676 772 2722 coronatus...
825 2665 891 2720 In
935 2666 1064 2734 ipsis
1091 2666 1225 2719 enim
1264 2666 1421 2735 130
1445 2664 1592 2735 regni
1636 2665 1719 2719 sui
1756 2681 1910 2718 exor-

314 2760 424 2812 diis
470 2760 774 2812 catholicam
816 2758 972 2829 [idem
1015 2757 1249 2827 adeptus,
1280 2759 1433 2811 totius
1476 2755 1707 2811 Gothiae
1746 2758 1909 2828 gentis

220 2859 225 2862 '
322 2850 571 2916 papulas,
618 2848 784 2902 inoliti
813 2848 1004 2901 erroris
1033 2846 1147 2899 labe
1174 2848 1406 2909 deserta,
1436 2846 1508 2899 ad
1534 2847 1728 2899 cultum
1757 2855 1911 2901 recta:

314 2939 448 3009 ﬁdei
477 2949 695 2994 revocat.
740 2939 898 2995 Adde
919 2939 1128 2993 abbatis
1150 2936 1492 2993 Biclariensis
1520 2938 1681 2991 verba
1712 2955 1724 2989 :
1759 2938 1908 2991 Anno

322 3033 477 3089 tertia
520 3030 767 3086 Mauricii
798 3032 913 3102 (qui
940 3039 1022 3085 est
1051 3029 1341 3097 Leovigildi
1369 3029 1632 3097 septimus
1666 3027 1910 3084 decimus

320 3120 523 3191 annua)
546 3120 978 3191 llermeaegildus
999 3121 1054 3174 in
1077 3118 1200 3173 urbe
1222 3117 1599 3177 Tarraconensi
1620 3134 1651 3170 a
1674 3115 1907 3172 Sisberto

318 3236 649 3305 interﬁcitur.

394 3347 481 3402 15.
523 3346 771 3403 Petavius
799 3348 852 3404 in
884 3347 1196 3403 Rationario
1225 3357 1553 3417 temporum,
1577 3352 1717 3415 part.
1750 3361 1788 3410 ι,
1819 3344 1911 3398 lib.

320 3455 431 3508 Vin,
462 3457 585 3509 cap.
620 3440 707 3509 12,
738 3449 792 3494 et
819 3439 1011 3507 Pagius
1040 3440 1105 3494 ad
1130 3440 1442 3506 Baronium,
1472 3453 1613 3492 anno
1644 3434 1768 3501 584,
1801 3435 1913 3489 col-

318 3529 510 3607 ligunt,
542 3530 934 3597 Hermenegildi
970 3530 1279 3599 martyrium
1309 3529 1594 3597 contigisse
1621 3542 1763 3580 anno
1789 3522 1912 3588 585,

318 3621 653 3694 quodl’acile
683 3621 849 3675 cuivis
878 3620 1300 3689 persuadebitur,
1330 3621 1571 3689 quamvis
1601 3635 1705 3673 non
1732 3618 1909 3672 defue-

317 3718 427 3770 rint
454 3714 544 3781 qui
577 3728 774 3767 annum
807 3722 897 3767 aut
931 3711 1065 3778 585,
1096 3722 1187 3765 aut
1216 3710 1347 3775 534,
1379 3720 1471 3764 aut
1498 3708 1630 3775 586,
1660 3718 1751 3763 aut
1777 3709 1908 3779 588,

318 3815 413 3860 aut
444 3802 573 3867 589,
608 3820 704 3873 pro
746 3800 1135 3873 Hermenegildi
1183 3802 1430 3872 martyris
1474 3801 1623 3856 obitu
1670 3800 1912 3868 designa-

319 3896 515 3949 verint.
561 3894 853 3963 Leovigildi
899 3903 1125 3948 mortem
1155 3892 1417 3951 Baronius
1462 3890 1526 3945 ad
1568 3905 1765 3945 annum
1807 3886 1910 3942 585

318 3972 523 4052 retulit,
563 4001 627 4041 ac
674 3995 795 4055 post
844 3986 944 4039 hoc
988 3984 1161 4055 ipsum
1204 3990 1519 4050 retractans,
1560 3983 1731 4035 minus
1771 3980 1909 4036 bene

316 4076 524 4130 distulit
562 4075 627 4130 ad
676 4091 872 4130 annum
912 4074 1034 4131 59L
1086 4075 1373 4131 Bollandus
1419 4076 1471 4129 in
1518 4072 1906 4128 commentario

317 4166 383 4219 ad
411 4167 583 4221 Vitam
613 4167 669 4221 S.
705 4167 929 4223 Leandri
962 4168 1031 4223 ad
1059 4184 1254 4223 annum
1295 4167 1396 4222 587
1427 4174 1662 4226 revocat,
1712 4162 1905 4232 Pagius

317 4259 643 4326 probabilius
680 4276 746 4315 ex
786 4260 1097 4316 Biclariensi
1134 4262 1200 4315 ad
1241 4275 1437 4315 annum
1480 4258 1605 4317 585.
1650 4258 1733 4311 De
1763 4273 1904 4313 anno

318 4349 498 4403 obitus
540 4349 933 4418 Hermenegildi
979 4360 1034 4405 et
1078 4350 1365 4420 Leovigildi
1414 4348 1689 4404 Florezius
1739 4347 1901 4417 Pugio

316 4440 583 4511 consentit
615 4439 832 4496 tom.lX
864 4439 1010 4510 Hisp.
1044 4456 1178 4496 sacr.
1208 4482 1222 4505 ,
1255 4457 1307 4511 p.
1340 4438 1463 4504 165,
1495 4448 1549 4494 et
1576 4448 1734 4492 antea
1769 4450 1898 4492 tom.

318 4525 407 4591 Vl,
429 4544 482 4597 p.
513 4528 635 4594 409,
668 4545 863 4585 annum
895 4527 997 4583 585
1027 4547 1122 4600 pro
1149 4545 1215 4583 eo
1244 4529 1390 4582 obitu
1420 4537 1695 4582 statuerat.
1728 4527 1899 4600 iuves

316 4622 593 4689 tigandum
624 4637 752 4691 ergo
780 4639 920 4677 nunc
943 4597 1045 4687 est,
1089 4637 1195 4690 quo
1227 4632 1465 4688 tempore
1494 4597 1738 4673 Leander
1765 4618 1900 4673 Grc-
1933 4612 1984 4670 D

313 4716 520 4780 gorium
565 4715 812 4787 Magnum
842 4713 1300 4784 Constantinopoli
1347 4700 1675 4783 convenerit.
1736 4712 1905 4767 Baro-

314 4807 434 4860 nius
462 4804 529 4861 ad
559 4821 755 4860 annum
801 4804 924 4871 583,
966 4822 1018 4860 n.
1053 4805 1138 4869 11,
1180 4804 1390 4873 probat,
1431 4803 1486 4857 S.
1519 4802 1834 4870 Gregorium
1873 4817 1903 4855 a

314 4890 531 4961 Pelagio
556 4893 595 4947 ll
627 4894 877 4963 pontiﬁce
905 4892 1307 4963 apocrisiarinm
1334 4892 1445 4957 sive
1475 4892 1703 4963 legatum
1734 4890 1902 4944 Cons-

313 4982 671 5052 tantiuopolin
698 4999 766 5039 eo
795 4986 908 5055 ipso
938 5000 1078 5039 anno
1109 4982 1213 5053 585
1238 4968 1468 5061 missum
1512 4981 1692 5043 fuisse.
1745 4980 1900 5039 Anno

313 5071 418 5126 584
464 5081 727 5140 exeunte,
758 5085 851 5129 aut
895 5091 1037 5129 anno
1075 5074 1181 5129 585
1227 5076 1469 5153 ineunte,
1512 5071 1569 5128 S.
1610 5070 1900 5141 Gregorius

311 5167 833 5243 Constantinopolim
857 5169 1094 5249 reliquit,
1116 5178 1171 5224 et
1193 5168 1417 5245 Romam
1442 5168 1607 5232 venit,
1632 5176 1689 5221 ut
1707 5165 1900 5236 Pagius

309 5255 614 5333 conﬁrmat.
744 5252 747 5257 ’
918 5252 924 5258 ’
975 5270 979 5275 '
1032 5254 1085 5262 ”
1194 5250 1197 5251 ν
1330 5254 1367 5257 ⁷7

382 5342 472 5419 16.
511 5346 697 5421 itaque
722 5364 863 5421 anno
893 5347 1015 5411 585.
1048 5358 1139 5404 aut
1166 5350 1429 5418 sequenti,
1463 5348 1703 5404 Leander
1729 5344 1900 5401 Cons-

312 5436 634 5521 tantinopoli
679 5424 1130 5515 commorabatur.
1173 5441 1240 5495 de
1282 5456 1389 5511 quo
1424 5441 1481 5497 S.
1513 5440 1803 5521 Gregorius
1841 5440 1895 5494 iu

309 5518 628 5594 [tralatione
670 5528 859 5606 Moral.
894 5548 905 5582 :
942 5530 1144 5600 Dudum
1184 5543 1248 5606 te,
1288 5535 1452 5603 frater
1489 5518 1798 5599 lieafissime,
1837 5536 1892 5588 in

311 5614 887 5699 constantinopoiitaua
934 5628 1057 5691 urbe
1112 5610 1438 5699 cognoscens,
1488 5610 1609 5699 lcum
1661 5610 1740 5678 rae
1783 5626 1892 5685 illic

308 5692 453 5755 sedis
472 5692 771 5781 apostolica:
797 5692 1042 5779 responsa
1068 5692 1563 5785 constringerentet
1590 5726 1635 5769 te
1661 5718 1781 5770 illuc
1807 5700 1889 5772 in-

311 5789 491 5866 juncta
542 5810 635 5864 pro
676 5797 843 5873 causis
900 5799 1017 5852 fidei
1070 5802 1202 5869 regis
1244 5799 1646 5881 Wisigotharum
1700 5788 1886 5878 legatis

2020 1952 2239 2007 prorsus
2259 1940 2479 1994 evidens
2504 1958 2514 1992 :
2541 1941 2717 2009 potuit
2740 1943 2880 1996 enim
2916 1942 3353 2014 Hermenegildus
3378 1950 3613 2005 nondum

2018 2029 2319 2084 catholicus
2345 2046 2465 2086 eam
2508 2032 2831 2099 legationem
2860 2034 3172 2103 decernere,
3215 2041 3356 2107 quod
3386 2044 3615 2097 catholi-

2017 2116 2095 2172 cis
2131 2118 2244 2187 ipse
2286 2118 2511 2184 faveret,
2553 2127 2607 2173 et
2634 2120 2867 2175 virissim
2917 2121 3168 2178 catholici
3213 2127 3453 2194 partibus
3500 2128 3616 2198 ejus

2016 2207 2367 2262 adhzererent.
2394 2207 2674 2263 Sententia
2699 2208 3169 2267 Bollandianomm
3202 2215 3327 2269 mihi
3354 2218 3611 2286 placeret,

2015 2297 2058 2353 si
2107 2308 2383 2354 constaret
2429 2297 2745 2368 Gregorium
2794 2301 3182 2371 proprietatem
3237 2305 3608 2363 adverbiorum

2013 2400 2253 2445 secutum
2277 2390 2475 2459 fuisse;
2500 2392 2595 2446 sed
2624 2392 2840 2446 minime
2866 2393 2914 2447 id
2938 2403 3165 2450 constat.
3192 2395 3304 2451 Nic.
3334 2399 3600 2456 Antonius

2015 2496 2067 2534 n.
2096 2480 2185 2549 85,
2236 2482 2338 2562 iter
2369 2482 2593 2538 Leandri
2616 2482 3281 2555 Constantinopolitanum
3326 2471 3447 2558 post
3474 2474 3611 2546 Iler-

2008 2574 2298 2644 menegildi
2324 2577 2731 2631 calversioaem
2758 2577 3261 2647 accidisse'statuit;
3290 2582 3406 2649 sed,
3435 2599 3487 2638 n.
3513 2584 3605 2649 81,,

2014 2671 2269 2718 constare
2317 2672 2479 2733 negat
2516 2664 2826 2721 Leande
2884 2675 3010 2722 ante
3057 2666 3349 2738 Leovigildi
3402 2664 3608 2744 obitum

2011 2750 2322 2822 Hispaniam
2367 2754 2610 2810 rediisse.
2658 2756 2777 2810 Alia
2817 2756 3251 2827 interpunctione
3280 2765 3611 2833 cognovimus

2013 2859 2209 2909 nuper,
2264 2840 2695 2916 Hermenegildus
2744 2862 2858 2913 rex,
2912 2861 3072 2917 quam
3119 2849 3285 2906 modo
3338 2853 3611 2925 explicui,

2009 2932 2297 2988 diﬂicultas
2346 2932 2819 2989 Banndianorum
2866 2939 3153 2993 evanescit.
3210 2939 3356 2995 Multi
3397 2952 3608 3013 putant,

2009 3020 2314 3082 Leandrum
2360 3024 2414 3078 in
2462 3024 2705 3079 exsilium
2764 3026 2982 3081 missum
3032 3038 3155 3100 post
3207 3028 3606 3100 Hermenegildi

2010 3113 2325 3184 martyrium
2355 3132 2368 3167 :
2404 3129 2525 3169 nam
2554 3114 2671 3175 Ado
2704 3114 3023 3173 Viennensis
3066 3127 3271 3185 narrat,
3310 3131 3430 3191 post
3468 3123 3606 3180 Her.-

1938 3172 2294 3298 Cmenegildi
2342 3204 2541 3260 caulem
2570 3172 2798 3276 patrem
2848 3172 3599 3276 Leovigiidumlvagerbidreiu

2018 3294 2069 3349 in
2116 3295 2408 3350 catholicos
2452 3298 2878 3366 persecutionem
2929 3301 3223 3363 excitasse,
3279 3304 3601 3369 ortliodoxis

2016 3383 2278 3455 episcopis
2304 3385 2356 3438 in
2386 3385 2595 3441 diversa
2624 3386 2742 3441 loca
2766 3388 3035 3455 relegatis.
3529 3386 3538 3399 ⁴
3582 3371 3591 3391 ι

2088 3472 2173 3526 17.
2198 3471 2404 3528 Censeo
2424 3474 2668 3545 equidem
2691 3475 3016 3544 Leandrum,
3042 3478 3306 3547 legatione
3333 3480 3602 3553 functum,

2019 3565 2485 3637 Constantinopoli
2519 3570 2572 3622 in
2601 3569 2911 3637 Hispaniam
2942 3585 3230 3637 remeasse,
3279 3574 3392 3629 imo
3421 3585 3477 3630 et
3502 3552 3603 3637 au-

2016 3659 2231 3714 xiliares
2285 3660 2469 3727 copias
2521 3660 2589 3714 ab
2644 3661 2973 3729 imperatore
3029 3677 3125 3729 pro
3187 3659 3601 3735 Hermenegildo

2012 3748 2330 3804 obtinuisse.
2380 3748 2571 3803 Narrat
2616 3751 2755 3803 enim
2807 3748 3098 3818 Gregorius
3150 3751 3475 3812 Turonensis
3504 3758 3540 3813 l.
3567 3774 3600 3815 γ

2010 3835 2148 3895 llist.
2176 3840 2458 3905 Francor.,
2490 3857 2537 3895 c.
2569 3842 2638 3895 58
2668 3842 3031 3923 Leovigildum
3085 3846 3337 3915 pncfecto
3366 3850 3601 3920 impera-

2006 3932 2146 3991 toris
2177 3932 2390 4000 triginta
2421 3931 2583 3987 millia
2613 3934 2908 4007 solidorum
2953 3935 3184 4005 dedisse,
3226 3949 3282 3992 ut
3327 3958 3381 4017 se
3422 3959 3457 3995 a
3499 3944 3603 4013 ﬁlii

2007 4022 2195 4076 solatio
2225 4032 2506 4090 reuocaret,
2541 4023 2617 4093 uti
2646 4024 2840 4103 iactum
2870 4034 2969 4080 est.
2998 4025 3431 4099 Hermenegildus
3459 4022 3595 4099 vero,

2006 4113 2182 4180 pergit
2214 4112 2353 4166 idem
2384 4112 2693 4189 historicus,
2724 4117 2915 4167 vocatis
2941 4114 3160 4178 ercis.
3188 4128 3371 4173 contra
3398 4130 3596 4189 patrem

2007 4200 2288 4280 egreditur,
2321 4184 2501 4271 relicta
2528 4203 2585 4255 in
2614 4202 2738 4255 urbe
2768 4203 2984 4275 conjuge
3013 4221 3127 4259 sua.
3161 4184 3595 4278 Cumque-Leuci;

2006 4290 2176 4370 gildus
2198 4307 2262 4345 ea:
2281 4290 2495 4347 adverso
2518 4293 2728 4355 veniret,
2752 4294 2956 4347 relictus
2981 4313 3012 4347 α
3033 4297 3219 4354 solatio
3239 4298 3593 4383 (Graicorum)

2009 4376 2454 4449 llermenegildus,
2502 4398 2617 4435 cum
2640 4384 2834 4436 rideret
2864 4385 2995 4438 nihil
3021 4403 3076 4439 se
3104 4392 3380 4453 praeualere
3418 4376 3591 4463 posse,

2005 4478 2109 4524 etc.
2164 4468 2363 4537 Addit,
2417 4471 2740 4541 lugundem,
2790 4472 3190 4544 llermeuegildi
3242 4496 3506 4547 uxorem,
3558 4502 3591 4551 ξ

2007 4557 2206 4614 Grmcis
2235 4568 2499 4627 ereptam,
2532 4570 2589 4614 ut
2616 4576 2734 4615 eam
2780 4561 2849 4616 ad
2899 4564 3277 4641 imperatorem
3322 4556 3592 4651 perducei-

2011 4658 2151 4715 rent,
2182 4650 2233 4704 in
2262 4651 2441 4713 Africa
2470 4651 2781 4710 decessisse.
2804 4656 2925 4711 lloc
2944 4658 3265 4731 crediderim
3306 4676 3426 4717 esse
3456 4650 3590 4719 tem?-

2009 4754 2107 4807 pus
2133 4755 2241 4809 quo
2270 4739 2527 4806 Leander,
2561 4743 2969 4812 Hermenegildo
3000 4755 3177 4814 capto,
3209 4756 3265 4803 et
3292 4749 3408 4817 ejus
3434 4740 3589 4833 exet-7

2006 4829 2113 4885 cilu
2153 4829 2358 4898 exciso,
2408 4832 2663 4887 exsul-in
2710 4832 2966 4902 Africam,
3015 4835 3245 4893 lortasse
3287 4829 3587 4910 lngundem

2003 4928 2241 4985 secutus,
2274 4935 2416 4975 anno
2446 4919 2550 4975 584
2576 4922 2923 4995 concesserit,
2956 4932 3012 4979 ut
3042 4942 3225 4982 verum
3273 4945 3392 4986 esse
3420 4934 3587 5001 possit

2000 5013 2144 5093 quod
2172 5010 2472 5068 Canonicus
2500 5012 2850 5084 Legionensis
2869 5056 2886 5083 ,
2933 5018 3167 5088 scriptor
3194 5020 3327 5093 Vitae
3374 5008 3581 5087 lsidori,

2002 5102 2185 5183 refert,
2217 5104 2538 5171 Leandrum,
2574 5106 2825 5163 defuncto
2855 5106 3163 5178 Leovigildo
3186 5152 3207 5180 ,
3258 5113 3582 5185 Carthagine

2000 5191 2053 5259 in
2084 5191 2392 5262 HiSpaniam
2422 5197 2660 5252 rediisse.
2856 5188 2859 5191 ⁷
3164 5192 3167 5193 ⁷
3299 5196 3303 5203 ’

2074 5281 2159 5334 18.
2203 5281 2415 5338 Rationi
2446 5288 2606 5339 etiam
2637 5301 2873 5356 congrua
2921 5298 3003 5357 est
3050 5292 3287 5365 ejusdem
3338 5293 3578 5365 historici

2001 5371 2255 5436 narratio,
2288 5373 2427 5441 quod
2454 5374 2684 5431 Isidorus
2708 5419 2723 5445 ,
2755 5377 2878 5433 dum
2908 5362 3075 5437 frater
3101 5382 3343 5458 Leander
3367 5362 3578 5451 aberat,

2000 5458 2273 5528 religionis
2299 5477 2512 5541 causam
2540 5476 2760 5523 strenue
2812 5470 3045 5537 agebat,
3094 5489 3200 5526 non
3246 5472 3418 5527 solum
3466 5466 3573 5529 non

1993 5548 2299 5639 cohibente,
2342 5552 2445 5641 sed
2478 5546 2784 5626 impellente
2824 5553 3001 5630 potius
3030 5560 3290 5641 Leandro.
3341 5565 3575 5619 Audiens

1992 5643 2159 5723 autem
2205 5640 2507 5717 reverendus
2552 5644 2732 5699 doctor
2777 5642 3014 5723 Leander
3056 5640 3331 5719 fortissimi
3367 5652 3572 5723 juvenis

1993 5720 2189 5778 Isidori
2217 5722 2589 5805 constantiam,
2626 5726 2679 5788 in
2720 5736 2942 5791 Domino
2983 5720 3209 5808 gavisus,
3254 5720 3381 5798 υιε.⁷
3421 5743 3570 5799 Misit

1991 5818 2041 5872 ei
2066 5818 2233 5886 itaque
2256 5824 2524 5899 epistolam
2556 5827 2607 5878 in
2633 5844 2730 5896 qua
2760 5842 3061 5901 promonet,
3084 5818 3311 5891 mortem
3342 5856 3436 5907 pro
3448 5824 3569 5911 'lide
