4028 6200
438 352 532 404 HI

1137 348 1226 402 AD
1263 345 1486 400 OI‘ERA
1524 346 1578 400 S.
1623 343 1864 406 lSlDOltl
1905 338 2343 400 lliSPALENSlS
2383 338 2909 395 PRUIEGOMENA.

3581 338 3686 397 112

433 463 689 518 catholica
741 463 1015 533 quidquam
1072 476 1173 514 non
1229 475 1339 513 esse
1395 457 1694 512 timendam.
1751 455 1876 511 Haec
1931 463 2012 509 est
2044 459 2088 516 Α
2188 454 2239 509 5.
2284 453 2516 510 Validius
2569 463 2748 509 tamen
2796 457 3169 522 argumentum
3227 451 3520 521 Cajetanus
3564 469 3691 512 esse

378 612 389 632 ⁵
430 553 659 624 epistola
685 553 835 622 cujus
862 551 1101 607 meminit
1139 550 1374 605 Isidorus
1399 549 1466 604 de
1496 549 1604 603 Vir.
1639 547 1859 613 lllustr.,
1887 561 2006 616 cap.

430 643 520 710 Μ,
556 643 710 712 132
757 641 825 696 de
865 639 1109 694 Leandre
1134 658 1146 692 :
1175 640 1394 709 Scrip..it
1421 648 1468 692 et
1495 639 1737 708 epistolas
1780 637 1966 690 nmltas
1994 652 2007 687 :

381 796 384 804 π
431 733 500 787 ad
525 748 714 803 papam
743 731 1045 802 Gregorium
1073 731 1136 783 de
1165 729 1413 800 baptismo
1450 745 1605 782 unam
1624 770 1640 794 ,
1680 728 1898 780 alteram
1943 727 2012 779 ad

430 826 644 893 fratrem
669 860 685 886 ,
732 822 788 875 in
831 837 930 892 qua
977 828 1276 890 praemonet,
1309 819 1488 889 cuique
1528 828 1741 871 mortem
1770 833 1874 870 non
1903 832 2013 870 esse

429 913 731 968 timendam.
757 910 940 968 lsidori
972 911 1276 964 constantia
1305 917 1491 964 contra
1518 907 1818 973 blanditias,
1847 915 2015 962 terro-

429 1020 536 1071 res,
562 1012 616 1060 et
643 1011 908 1059 tormenta
941 1003 1008 1057 ab
1035 1001 1301 1057 hwreticis
1330 999 1540 1056 Arianis
1566 999 1712 1054 illata
1733 997 1802 1053 ab
1820 997 2011 1054 eodem

430 1095 564 1151 Vitae
589 1101 811 1148 auctore
837 1103 1102 1146 narratur.

504 1185 590 1242 l9.
629 1183 851 1240 Collatis
882 1183 1022 1238 inter
1049 1196 1110 1238 se
1138 1189 1498 1251 accurateque
1541 1179 1792 1250 expensis
1821 1192 2014 1233 monu-

429 1277 624 1333 mentis
651 1289 769 1346 qute
799 1273 1171 1344 produximus,
1219 1272 1366 1326 clare
1409 1268 1826 1340 deprehenditur
1861 1282 2016 1322 error

429 1360 698 1424 Ambrosii
727 1364 956 1420 Morales
985 1363 1080 1418 lib.
1110 1378 1164 1428 x,
1197 1376 1320 1431 cap.
1368 1359 1420 1428 5,
1471 1361 1560 1431 qui
1609 1359 1910 1414 Leandrum
1939 1357 2016 1411 ait

349 1502 357 1512 .
429 1457 659 1514 concilio
685 1453 1019 1512 (ecumenico
1047 1469 1080 1508 ν
1108 1449 1706 1520 Constantinopolitano
1729 1463 1853 1504 cum
1880 1446 2014 1502 Cre-

427 1547 584 1618 gorio
613 1545 808 1615 Magno
836 1542 1183 1609 interfuisse;
1233 1557 1391 1612 quem
1414 1540 1704 1605 Florezius,
1754 1545 1886 1594 tom.
1917 1534 2012 1602 ιχ,

429 1654 480 1707 p.
514 1635 619 1692 185
643 1650 784 1706 seq.,
829 1633 993 1690 fusius
1020 1632 1232 1688 refellit.
1268 1631 1582 1687 Moralesius
1627 1631 1751 1686 inde
1791 1629 2014 1696 collige-

430 1730 540 1790 bal,
569 1725 873 1780 Leandrum
905 1725 1062 1792 longe
1093 1721 1347 1790 temporis
1391 1721 1565 1791 spatio
1612 1718 1792 1775 sedem
1820 1716 2012 1786 Hispa-

2115 553 2288 615 putat,
2325 545 2468 614 quod
2507 560 2573 599 ex
2628 545 2812 613 regula
2843 546 2900 598 S.
2951 543 3136 600 lsidori
3183 543 3472 614 depromit,
3521 562 3690 616 quam

2114 637 2510 691 Benedictinam
2539 650 2659 691 esse
2681 636 2866 706 jactat.
2903 636 3002 691 Alii
3043 651 3164 689 cum
3191 635 3398 707 lepesio
3426 636 3685 695 Benedic-

2117 729 2227 781 tino
2259 729 2454 783 rectius
2491 729 2543 783 in
2583 728 2744 781 aliam
2774 736 2905 782 eunt
2927 729 3350 795 sententiam,ct
3385 743 3448 783 ex
3482 729 3686 799 Regula

2115 817 2229 887 ipsa
2250 815 2437 872 lsidori
2464 817 2721 887 colligunt
2745 832 2866 872 eum
2906 833 3014 872 non
3055 817 3214 872 fuisse
3251 817 3683 877 Benedictinum.

2113 909 2229 964 Non
2274 909 2534 964 disseram
2563 909 2668 964 hoc
2708 909 2827 964 loco
2855 907 2924 963 de
2949 908 3202 977 opinione
3227 907 3519 964 doctissimi
3548 909 3691 964 Her-

2117 998 2359 1053 nandezii
2402 998 2455 1052 in
2495 999 2637 1054 notis
2677 997 2744 1052 ad
2783 997 3142 1067 Conspectum
3191 998 3443 1054 editionis
3485 998 3692 1056 Zacca-

2113 1091 2277 1144 riante
2304 1089 2364 1145 S.
2393 1088 2601 1155 lsidori,
2632 1105 2752 1158 cap.
2781 1088 2870 1152 42,
2900 1089 3286 1160 producendis,
3317 1104 3408 1158 qui
3449 1092 3689 1160 regulam

2114 1182 2525 1248 monachorum,
2576 1182 2674 1236 sub
2707 1181 2896 1239 lsidori
2940 1181 3160 1238 nomine
3195 1183 3484 1250 vulgatam,
3526 1183 3691 1237 alium

2113 1272 2314 1327 habere
2343 1280 2616 1328 auctorem
2646 1271 2988 1341 suspicatur:
3020 1273 3144 1340 quia
3191 1282 3378 1326 auctor
3411 1287 3474 1327 se
3502 1290 3691 1327 mona-

2112 1365 2271 1422 chum
2318 1366 2556 1422 ostendit
2600 1383 2612 1419 :
2655 1364 2918 1421 Isidorum
2962 1374 3151 1431 autem,
3197 1365 3381 1426 addit.
3434 1366 3689 1421 cucullum

2111 1455 2342 1510 induisse
2371 1457 2542 1510 nullus
2569 1456 2778 1522 dixerit,
2809 1457 2929 1526 quin
2956 1457 3388 1511 obcaecatissimus
3416 1465 3465 1508 et
3495 1455 3685 1510 habea-

2115 1556 2216 1608 tur,
2246 1554 2296 1598 et
2318 1547 2407 1600 sit.
2439 1543 2636 1600 Conler
2663 1560 2782 1616 cap.
2813 1545 2902 1610 7t,
2932 1546 3020 1600 ubi
3043 1545 3363 1613 observabo,
3391 1545 3689 1615 inquodam
3755 1587 3760 1592 .

2117 1634 2471 1692 Escurialensi
2529 1637 2730 1708 codice~
2767 1638 2951 1694 saeculi
2992 1654 3065 1703 lx,
3117 1645 3210 1692 aut
3255 1637 3486 1692 ineuntis
3518 1654 3580 1703 x,
3619 1637 3690 1692 ab

2115 1726 2297 1794 aliquo
2328 1726 2510 1796 inepto
2558 1725 2776 1780 librario
2805 1726 3146 1794 epigraphem
3175 1726 3312 1781 hanc
3337 1728 3638 1797 appositam
3669 1743 3686 1782 :

431 1821 632 1872 lensem
682 1816 1000 1876 obtinuisse,
1054 1811 1491 1884 quandoquidem
1543 1825 1684 1864 anno
1735 1807 1862 1873 554,
1908 1821 2015 1876 quo
2053 1816 2088 1870 ll
2122 1812 2312 1882 Incipit
2341 1814 2518 1884 regula
2542 1813 2604 1869 S.
2634 1813 2806 1869 Patris
2829 1813 3020 1869 Isidori
3032 1814 3253 1870 abbatis.
3287 1813 3450 1884 Urget
3473 1814 3690 1886 Cajeta-

428 1909 541 1976 ipse
569 1906 854 1961 concilium
887 1901 1537 1971 Constantinopolitanum
1567 1915 1624 1963 n,
1670 1907 1725 1952 et
1768 1913 1802 1950 v
1852 1910 2015 1965 gene-

427 1995 540 2049 rale
567 1994 817 2055 collocat,
863 1991 1110 2046 Leander
1133 1989 1243 2060 jam
1274 1998 1382 2043 tum
1414 1989 1638 2043 antistes
1683 1986 2016 2056 Hispalensis

427 2084 656 2139 concilio
706 2082 781 2136 illi
835 2079 1092 2144 interluit,
1148 2079 1288 2133 unde
1335 2078 1542 2131 initium
1590 2076 1840 2132 amicitiae
1877 2076 2018 2129 inter

427 2175 728 2230 Leandrum
778 2184 834 2229 et
861 2172 1179 2242 Gregorium
1227 2169 1479 2240 Magnum
1529 2176 1821 2224 contractae
1850 2166 2011 2220 ducit.

400 2264 531 2320 'Sed
559 2279 738 2332 neque
786 2264 942 2332 hujus
987 2262 1066 2318 rei
1116 2270 1366 2317 auctores
1411 2259 1547 2314 alios
1593 2257 1795 2324 laudat,
1842 2271 2017 2327 neque

431 2364 737 2426 temporum
765 2355 906 2410 ratio
930 2353 981 2408 id
1011 2351 1262 2408 sustineri
1295 2349 1405 2406 ullo
1432 2347 1595 2405 modo
1621 2348 1844 2420 patitur.

1019 2461 1248 2520 CAPUT
1285 2460 1422 2516 XI‘X.

431 2567 662 2622 Isidorus
693 2585 759 2621 an
789 2566 1157 2621 monasticam:
1178 2561 1353 2633 liquod
1372 2561 1679 2624 institutum,
1695 2533 1779 2612 .uel
1793 2556 2017 2611 Canoni—

495 2677 669 2714 corum
693 2657 1020 2727 Reqularium
1045 2654 1120 2709 uel
1142 2653 1535 2707 Carmelitarum
1555 2651 1816 2721 professus
1845 2649 2020 2720 fuerit,

499 2771 551 2825 Ι.
609 2770 746 2826 Pace
800 2769 1052 2824 Ecclesiae
1114 2765 1361 2834 Hispanae
1414 2778 1446 2818 a
1502 2760 1776 2816 Recaredo
1822 2760 2020 2814 donata

428 2875 571 2918 anno
600 2859 816 2914 circiter
844 2855 968 2922 586,
1003 2854 1242 2909 Leander
1289 2851 1507 2907 fratrem
1554 2865 1710 2906 suum
1756 2848 2021 2904 lsidorum

429 2968 536 3006 non
561 2949 780 3005 invitum
811 2947 945 3003 cella
968 2945 1233 3000 inclusum
1264 2945 1458 3011 degere
1487 2940 1715 2999 curavit,
1762 2941 1806 2993 si
1839 2952 2023 2992 ver-um

428 3049 613 3096 narrat
661 3047 850 3094 auctor
899 3036 1050 3092 Vitae.
1089 3034 1444 3089 Consentium
1497 3031 1713 3102 quidem
1755 3029 2025 3084 Breviaria

428 3142 616 3186 vetera
636 3127 928 3184 Leandrum
957 3126 1162 3181 cavisse
1179 3139 1246 3178 ne
1261 3122 1495 3178 Isidorus
1522 3122 1574 3176 in
1593 3120 1864 3190 publicum
1890 3133 2018 3190 pro-

425 3223 600 3277 diret:
637 3219 732 3276 sed
765 3219 818 3274 id
834 3233 899 3273 eo
920 3225 1162 3285 tuupore
1189 3213 1445 3270 accidisse
1473 3211 1677 3277 dicunt,
1700 3225 1809 3280 quo
1837 3209 2017 3264 Ariani

425 3321 610 3368 contra
635 3309 932 3368 catholicos
961 3306 1279 3372 saeviebant;
1304 3305 1500 3377 quippe
1513 3320 1633 3360 cum
1660 3303 1900 3358 Leander
1925 3301 2019 3356 lsi-

427 3405 614 3460 dorum
638 3407 704 3457 ab
727 3402 1100 3457 haereticorum
1115 3397 1294 3453 furore
1305 3411 1524 3452 servare
1541 3403 1785 3449 tentaret.
1820 3395 2020 3446 Auctor

431 3496 564 3552 Viue
584 3496 716 3550 alias
747 3508 935 3549 causas
959 3491 1073 3560 ejus
1095 3488 1404 3544 inclusionis
1425 3487 1673 3556 exponit.
1705 3483 2018 3552 Antiquiora

431 3594 779 3643 monumenta
809 3585 1032 3640 omnino
1057 3581 1235 3636 silent.
1263 3579 1394 3633 Cum
1422 3591 1487 3632 ea
1513 3586 1637 3631 tunc
1660 3574 1863 3642 vigeret
1883 3587 2016 3627 con-

430 3679 678 3736 suetullo,
705 3687 761 3730 ut
784 3673 1047 3741 nonnulli,
1069 3671 1401 3726 consortium
1430 3667 1706 3723 hominum
1732 3663 2015 3733 fugientes,

431 3770 484 3824 in
507 3768 694 3822 cellam
719 3768 893 3836 a'iqua
909 3781 958 3819 ιιι
977 3779 1097 3819 sese
1120 3761 1479 3823 recluderent,
1504 3759 1729 3814 fortasse
1751 3755 2008 3822 Isidorus,

442 3868 716 3914 annurnle
769 3856 1035 3919 Leandre,
1074 3854 1336 3924 ejusmodi
1368 3853 1487 3910 vita:
1533 3865 1698 3920 genus
1737 3849 2018 3920 amplexus

437 3961 521 4008 est
546 3969 560 4006 :
584 3966 706 4004 nam
728 3949 868 4018 quod
894 3948 1009 4017 ipse
1036 3945 1283 4002 Leander
1306 3944 1422 4014 ejus
1444 3942 1653 3998 consilii
1685 3940 1888 4010 primus
1915 3954 2015 3993 au-

429 4051 550 4097 ator
580 4039 756 4100 fuerit,
793 4037 968 4092 minus
1009 4036 1202 4090 rationi
1232 4039 1657 4089 consmtaneum
1687 4027 1940 4082 arbitror.

500 4130 552 4186 Ξ.
570 4130 882 4199 Suspit-alur
909 4127 1024 4181 Nic.
1049 4125 1336 4185 Antonius,
1367 4137 1395 4173 a
1423 4119 1574 4173 cella:
1593 4118 1693 4170 hac
1719 4114 2014 4169 inclusione

436 4234 750 4293 persuasum
798 4217 964 4270 fuisse
1013 4211 1280 4266 nonnullis
1316 4207 1577 4261 [siderum
1623 4204 1676 4258 in
1719 4204 2014 4258 monastico

433 4315 614 4382 aliquo
642 4309 830 4365 ordine
873 4305 1090 4360 vixisse.
1140 4302 1332 4356 Actum
1375 4299 1443 4353 de
1487 4299 1592 4352 hoc
1628 4302 1942 4363 argumento
1981 4309 2013 4348 a

437 4398 806 4456 Bollandianis
843 4397 894 4450 ill
923 4393 1226 4448 Comment.
1262 4389 1477 4460 plwvio.
1502 4387 1647 4442 Inter
1673 4399 1768 4440 eos
1789 4384 1881 4454 qui
1915 4383 2012 4438 lsi-

436 4491 626 4547 dorum
649 4487 822 4544 ordini
845 4484 1192 4541 Benedictum
1210 4485 1814 4536 asseruntrecensentur
1857 4476 2011 4545 133

430 4577 723 4643 Sandoval,
749 4574 997 4634 Leander
1025 4589 1054 4628 a
1083 4572 1144 4628 S.
1175 4570 1381 4626 Thoma
1415 4570 1466 4623 in
1494 4565 1831 4622 Benedictio.
1865 4566 2016 4621 Lusi-

428 4674 591 4729 sitan.
622 4670 964 4735 additiouib.,
1018 4681 1136 4737 cap.
1190 4665 1245 4731 5,
1302 4659 1778 4729 Quintanaduenas
1823 4658 1875 4713 in
1913 4657 2011 4712 SS.

430 4762 851 4834 Hispalensibus,
892 4758 1128 4814 Joannes
1152 4757 1407 4813 Cisneros
1438 4754 1490 4808 in
1519 4751 1640 4807 Vita
1669 4751 1856 4807 lsidori
1887 4768 2011 4815 nls.,

431 4855 700 4924 Tamayus
739 4853 793 4907 in
823 4852 1044 4922 Maltyr.
1074 4849 1254 4920 llisp.,
1295 4858 1351 4903 et
1376 4846 1460 4901 vel
1481 4845 1534 4900 in
1564 4843 1748 4914 primis
1775 4843 2011 4897 referen-

429 4951 532 5006 dus
557 4947 937 5003 Constantinus
957 4944 1264 5014 Cajetanus,
1283 4941 1375 5011 qui
1403 4939 1624 4994 Petrum
1643 4935 2011 4998 Bicordatum,

432 5041 566 5095 ΙΙίηι.
597 5046 856 5101 monast.,
884 5036 1018 5090 diar.
1049 5034 1104 5102 4,
1127 5032 1508 5107 Hieronymum
1536 5026 1744 5080 Platum
1772 5023 1849 5078 De
1868 5024 2010 5078 bono

431 5141 603 5186 status
626 5129 803 5198 relig.,
821 5127 866 5182 l.
896 5143 933 5192 ι,
965 5141 1012 5180 c.
1039 5125 1129 5189 51,
1153 5131 1208 5178 et
1237 5120 1535 5175 Arnoldum
1555 5114 1714 5171 Wion
1745 5114 2012 5183 obiurgat,

432 5227 557 5297 quia
585 5222 688 5277 etsi
713 5217 1074 5275 Benedictinis
1094 5213 1354 5272 tsidorum
1382 5209 1677 5268 ascribunt,
1701 5216 1878 5261 tamen
1906 5214 2012 5258 tam

432 5291 642 5384 supine,
664 5321 724 5366 ut
736 5311 832 5374 ait,
859 5308 1140 5374 obiterque
1161 5319 1272 5359 rem
1303 5301 1594 5368 attingunt,
1621 5304 1680 5349 ut
1696 5294 1862 5348 satius
1885 5291 1986 5346 fuis

433 5383 536 5470 set,
569 5403 614 5457 si
643 5417 766 5457 eum
805 5397 1017 5454 silentio
1062 5393 1464 5464 prcezeriissent.
1493 5384 1680 5442 lsidori
1725 5383 2009 5453 imaginem

436 5495 576 5550 inter
634 5493 940 5564 complures
1005 5487 1138 5542 alios
1190 5483 1480 5538 illustrium
1543 5477 2010 5535 Benedictinorum

437 5587 736 5641 monastico
762 5584 908 5640 cultu
936 5589 1060 5635 ante
1089 5574 1192 5631 HO
1221 5572 1389 5628 ferme
1411 5587 1581 5626 annos
1613 5570 1875 5640 depicam
1915 5566 2012 5621 Ar-

441 5677 630 5731 noldus
673 5676 829 5732 Wion
861 5679 1202 5730 narraverat:
1250 5663 1400 5730 Quod
1425 5670 1472 5716 et
1503 5678 1594 5732 ego
1624 5677 1842 5731 quoque,
1873 5658 2015 5713 addit

446 5766 753 5837 Cajetanus,
785 5768 1039 5837 aﬂrmare
1060 5781 1158 5818 non
1185 5757 1408 5828 ambigo.

2117 1920 2236 1967 nus,
2261 1905 2520 1960 lsidorum
2560 1921 2664 1959 non
2690 1906 2865 1960 solum
2893 1906 3128 1973 regulam
3158 1906 3542 1960 monachorum
3569 1921 3691 1976 quae

2114 2006 2306 2062 exstat,
2336 1997 2431 2052 sed
2459 1997 2733 2052 uberiores
2769 1996 2820 2050 in
2861 1995 3115 2064 Regulam
3147 1994 3203 2051 S.
3240 1993 3511 2050 Benedicti
3537 2011 3695 2048 eom-

2115 2089 2410 2144 menlarios
2445 2088 2752 2158 deperditos
2779 2087 3096 2156 scripsisse;
3126 2101 3353 2154 quorum
3395 2083 3689 2152 lragmenta

2114 2178 2356 2249 quaedam
2389 2176 2594 2248 profert
2621 2193 2689 2232 ex
2719 2176 2879 2232 Petro
2907 2176 3134 2230 diacono
3161 2174 3460 2239 Casinensi,
3498 2174 3588 2242 qui
3637 2173 3690 2228 in

2115 2270 2243 2338 epit.
2275 2284 2373 2323 ms.
2401 2283 2564 2337 super
2590 2267 2761 2334 regnl.
2804 2266 2862 2320 S.
2903 2265 3173 2319 Benedicti
3205 2264 3282 2318 sic
3309 2264 3384 2318 ait
3414 2280 3433 2318 :
3464 2262 3572 2318 Sed
3597 2281 3692 2317 nos

2115 2362 2308 2415 idlirco
2366 2360 2582 2413 breuiter
2631 2358 2763 2411 hanc
2805 2371 3140 2426 exponemus,
3182 2355 3303 2425 quia
3345 2355 3400 2408 in
3438 2353 3589 2424 hujus
3618 2356 3692 2405 rei

2118 2450 2322 2518 negotio
2348 2463 2557 2519 operam
2585 2447 2836 2500 dederunt
2872 2445 3061 2498 Paulus
3089 2445 3386 2498 Casinensis
3424 2445 3690 2504 diaconus,

2122 2538 2368 2592 [tabanus
2425 2537 2679 2598 Maurus,
2731 2537 2910 2589 doctor
2957 2534 3225 2600 Isidorus,
3287 2533 3580 2602 Stephanus
3632 2547 3692 2584 ac

2124 2631 2319 2685 Paulus
2341 2627 2567 2682 abbates.
2607 2626 2761 2681 Mitto
2795 2609 3011 2679 Naualiei
3053 2623 3388 2694 aliorumque
3431 2624 3693 2693 suspicio-

2123 2737 2265 2786 nem,
2297 2721 2388 2788 qui
2410 2719 2669 2788 Cajetano
2699 2732 2825 2776 mss.
2853 2723 3037 2772 vetera
3065 2714 3392 2785 exemplaria
3418 2714 3694 2782 alleganti,

2121 2829 2230 2870 non
2259 2813 2389 2867 satis
2416 2811 2600 2864 fidunt.

2194 2923 2246 2978 4.
2289 2922 2368 2976 Ad
2422 2937 2536 2976 rem
2591 2919 2707 2974 Nic.
2765 2919 3026 2973 Antonius
3077 2918 3388 2988 respondet,
3441 2917 3694 2987 pleraque

2126 3011 2424 3070 istiusmodi
2463 3011 2752 3079 fragmenta
2782 3010 2832 3064 in
2863 3010 3044 3077 regula
3078 3009 3190 3078 ipsa
3227 3008 3415 3062 l-idori
3441 3015 3651 3062 exstare
3671 3045 3692 3075 ,

2131 3105 2230 3158 alia
2281 3120 2346 3156 ex
2401 3102 2518 3157 aliis
2570 3100 2755 3154 lsidoi'i
2801 3099 3050 3168 operibus
3087 3113 3206 3152 esse
3244 3099 3562 3168 desumpta;
3601 3097 3694 3166 qui

2049 3175 2093 3236 ε
2123 3196 2306 3258 etiam,
2340 3208 2486 3247 num.
2520 3190 2641 3256 158,
2671 3207 2734 3245 ex
2769 3189 3052 3244 Benedicto
3083 3187 3307 3242 Hal‘teno
3328 3188 3363 3240 l.
3399 3204 3430 3243 x
3459 3187 3692 3258 Disquis.

2125 3293 2376 3345 numast.,
2411 3291 2564 3358 tract.
2597 3296 2665 3342 γι,
2697 3279 2832 3345 disq.
2865 3276 2918 3342 5,
2946 3277 3212 3338 observat,
3239 3274 3474 3341 regulam
3507 3291 3696 3330 mona-

2122 3377 2343 3431 chorum
2372 3374 2428 3427 S.
2459 3372 2643 3428 lsidori
2689 3369 2900 3437 Regula:
2930 3367 2984 3421 S.
3019 3365 3287 3420 Benedicti
3327 3363 3554 3417 similem
3584 3378 3694 3416 non

2119 3484 2255 3522 esse.
2302 3466 2472 3520 Verba
2502 3472 2680 3516 autem
2725 3458 2868 3512 Petri
2929 3455 3082 3528 13!.
3121 3452 3426 3509 Casinensis
3469 3467 3535 3505 ex
3585 3466 3694 3510 ms.

2120 3578 2284 3633 opere
2309 3562 2380 3615 ita
2411 3557 2660 3628 explicat,
2692 3561 2749 3607 ut
2787 3551 2978 3606 Petrus
3008 3565 3072 3604 ex
3114 3546 3299 3603 lsidori
3330 3543 3512 3612 regula
3541 3543 3694 3614 plura

2119 3657 2182 3710 ad
2237 3654 2473 3724 regulam
2523 3652 2580 3704 S.
2636 3645 2907 3703 Benedici
2957 3640 3322 3698 illustranlam
3361 3637 3692 3707 proferrese

2119 3723 2325 3810 innuat,
2385 3757 2489 3796 non
2535 3737 2676 3809 quod
2726 3734 2955 3789 Isidorus
3005 3728 3243 3798 regulam
3293 3723 3692 3781 Benedictinam

2118 3835 2434 3909 respexerit,
2465 3829 2558 3886 sed
2587 3828 2709 3899 quia
2741 3823 3046 3880 monasticae
3077 3819 3272 3887 regulae
3299 3815 3464 3870 multa
3493 3814 3693 3868 habent

2117 3906 2257 3988 inter
2281 3944 2340 3982 sc
2364 3921 2664 3980 communia
2698 3937 2710 3970 :
2755 3918 2853 3971 nisi
2885 3915 3038 3969 malis
3093 3909 3248 3966 fateri
3292 3906 3527 3978 potuisse
3553 3918 3691 3973 quo-

2116 4038 2220 4093 que
2249 4019 2462 4074 Petrum
2491 4012 2834 4066 Casinensem
2865 4005 3060 4074 decipi,
3099 4003 3140 4057 si
3169 4016 3237 4056 ex
3266 3997 3446 4068 regula
3475 3994 3690 4064 vulgata

2115 4087 2303 4165 [sideri
2332 4099 2613 4169 collegerit
2653 4110 2777 4152 eum
2820 4091 3097 4148 Benedicti
3145 4087 3382 4156 regulam
3424 4096 3695 4155 exponere

2115 4199 2370 4345 “1;”:
2420 4280 2707 4350 Cajetanus
2771 4270 3075 4331 vehementi
3123 4269 3215 4324 illo
3269 4283 3369 4324 suo
3421 4261 3693 4320 desiderio

2116 4382 2332 4455 quosvis
2356 4384 2572 4434 sanctos
2615 4368 2790 4428 ordini
2820 4364 3166 4422 Benediclino
3205 4356 3524 4429 aggregandi
3559 4352 3692 4408 inci-

2117 4443 2281 4535 tatus,
2303 4468 2525 4524 ulterius
2547 4463 2708 4519 etiam
2731 4455 3084 4530 progreditur.
3104 4451 3202 4506 llis
3223 4446 3480 4514 omnibus,
3500 4443 3696 4514 inquit,

2047 4545 2093 4600 ί)
2119 4559 2534 4634 irrefragabilem
2581 4569 2778 4625 quoque
2831 4551 3082 4604 rationem
3130 4541 3468 4598 ascribamus.
3527 4535 3697 4590 Extra

2117 4625 2513 4707 controuersiam
2540 4644 2763 4716 positum
2789 4647 2886 4704 est,
2912 4636 3109 4690 nullum
3136 4649 3226 4701 per
3248 4647 3311 4685 ea
3332 4639 3587 4699 tempora,
3609 4625 3698 4696 qui

2117 4740 2398 4796 monachus
2415 4753 2517 4790 non
2531 4741 2679 4797 esset,
2700 4727 3066 4786 monachorum
3090 4722 3390 4791 magistrum
3404 4718 3664 4773 exstitisse
3677 4731 3697 4769 :

2115 4837 2223 4890 imo
2265 4828 2454 4901 piaculi
2497 4827 2608 4880 loco
2631 4821 2881 4886 habitum,
2922 4819 2965 4872 si
2991 4817 3102 4886 quis
3143 4812 3423 4868 monachus
3470 4810 3697 4864 alienum

2119 4895 2300 4977 audire
2325 4918 2496 4988 aliqua
2524 4921 2673 4982 pacto
2704 4909 3127 4980 prwsumps'sset.
3169 4902 3319 4956 Itane
3343 4897 3518 4955 vero?
3549 4897 3617 4950 At
3644 4895 3697 4948 in

2116 5007 2358 5066 conciliis
2387 4984 2651 5073 Hispania:
2681 4997 2826 5052 aliud
2847 4993 3121 5051 deﬁnitum
3152 4990 3471 5046 invenimus.
3497 4984 3698 5042 Conci-

2117 5103 2246 5156 lium
2275 5097 2509 5152 Oscense
2538 5106 2676 5146 anno
2712 5087 2836 5152 598,
2868 5101 2988 5142 can.
3023 5085 3045 5137 t
3073 5103 3085 5136 :
3123 5083 3185 5137 In
3231 5081 3438 5135 nomine
3485 5076 3698 5131 Domini

2117 5192 2280 5248 nostri
2309 5193 2432 5244 Jesu
2460 5184 2652 5240 Christi
2677 5179 3024 5235 convenientes
3054 5191 3228 5230 omnes
3256 5175 3308 5226 in
3338 5187 3495 5224 unum
3521 5166 3698 5222 conci-

2115 5285 2185 5339 lio
2213 5281 2447 5345 Uscensi,
2477 5278 2572 5331 hoc
2599 5272 2827 5346 synodus
2853 5278 3035 5322 sancta
3066 5265 3183 5336 ﬁeri
3217 5264 3397 5334 elegit,
3426 5270 3481 5314 ut
3511 5258 3699 5312 annuis

2119 5373 2307 5430 vicibus
2334 5368 2674 5439 unusquisque
2702 5369 2931 5417 nostrum
2962 5372 3135 5411 omnes
3178 5353 3387 5407 abbates
3434 5357 3698 5404 monaste-

2121 5467 2336 5529 riorum,
2366 5465 2440 5516 vel
2469 5432 2788 5529 presbyteros
2813 5489 2828 5512 ,
2859 5458 2906 5502 et
2936 5448 3182 5500 diaconos
3221 5457 3330 5496 sua:
3370 5438 3600 5493 diaecesis
3630 5432 3700 5487 ad

2120 5562 2286 5615 locum
2312 5554 2396 5607 ubi
2425 5550 2690 5620 episcOpus
2727 5541 2934 5613 elegerit
2974 5552 3283 5608 congregare
3311 5530 3580 5606 prwcipiat
3602 5565 3618 5589 ,
3649 5532 3702 5579 et

2122 5659 2343 5704 OMNIBUS
2379 5653 2626 5696 REGULAII
2659 5646 3008 5689 oeuoasrnsr
3039 5626 3254 5680 ducendi
3280 5625 3428 5684 ritas,
3462 5624 3702 5673 cunctos-

2122 5754 2216 5810 que
2240 5735 2330 5788 sub
2359 5726 2716 5783 ecclesiasticis
2742 5721 2932 5792 regulis
2959 5717 3140 5774 adesse
3175 5719 3512 5784 prttmoneat,
3542 5721 3700 5778 quos-
