4060 6198
398 356 505 414 H3

1448 350 1862 411 ISIDORIANA.
1894 380 1961 394 -ρ
1994 348 2253 423 must.
2293 322 2444 410 cur.
2489 354 2628 410 XIX.

3566 364 3664 418 ΙΗ

390 491 491 549 que
526 473 684 528 etiam
727 468 1077 541 parsimoniaz,
1108 476 1156 523 et
1198 466 1509 532 sobrietatis,
1542 476 1690 537 atque
1728 466 1966 520 veridicis
2003 467 2045 525 Α
2070 467 2401 535 comparari,
2434 476 2492 522 ut
2520 474 2852 538 proposutum
2882 468 3157 540 religionis
3186 469 3525 539 Fructuoso,
3558 490 3664 530 non

387 564 715 621 castimonia:
769 560 1095 614 honestorum
1140 559 1365 613 virorum
1417 561 1587 630 [arma
1634 558 1972 612 commendet.

392 655 563 713 Paulo
592 660 715 725 post
752 651 988 707 Isidorus
1022 652 1308 722 episcopus
1336 653 1660 706 constitutus
1690 650 1805 704 fuit.
1837 648 1975 715 Quid

388 760 521 818 ergo
566 745 790 808 mirum,
839 742 886 796 si
934 741 1209 795 monachis
1253 740 1532 810 regulam,
1574 739 1819 808 quamvis
1866 752 1973 791 non

391 834 711 901 sttotiacbus,
732 831 1161 902 przescripserit?

457 952 511 1008 ϐ.
553 946 728 1004 Minus
755 946 1095 1003 tolerandum
1121 954 1224 1012 est,
1252 946 1397 1014 quod
1434 943 1615 999 subdit
1645 942 1933 1009 Caietams
1954 979 1971 1003 ,

381 1043 512 1098 illud
547 1044 603 1095 in
644 1040 882 1109 confesso
918 1053 1045 1102 esse,
1079 1034 1524 1091 celeberrimarum
1562 1033 1856 1088 scholarum
1883 1048 1973 1084 ca-

382 1133 594 1188 thedras
620 1148 725 1185 non
749 1130 851 1184 nisi
882 1128 1240 1183 Benedictinos
1260 1126 1559 1190 obtinuisse,
1579 1141 1794 1196 quarum
1814 1123 1971 1177 etiam

379 1225 651 1296 plerasque
678 1222 1092 1291 fundaverant...
1122 1217 1326 1274 Cavisse
1359 1217 1623 1273 Romanos
1662 1217 1966 1288 pontiﬁces,

378 1327 435 1368 ut
460 1312 819 1385 grassantibus
859 1329 921 1367 ea
952 1320 1250 1381 tempestate
1294 1326 1384 1378 per
1416 1307 1767 1364 Christianum
1793 1306 1969 1361 orbem

377 1406 513 1471 Arii,
542 1403 741 1475 Pelagii
770 1403 1089 1473 aliorumque
1120 1401 1173 1455 id
1196 1402 1398 1472 generis
1430 1409 1769 1454 monstrorum
1804 1400 1968 1453 hatre-

374 1497 515 1551 sibus
544 1497 745 1551 obvium
782 1498 973 1559 iretur,
1024 1510 1088 1548 ne
1133 1508 1298 1547 sacra:
1327 1494 1510 1546 litteras
1554 1489 1680 1544 alibi
1731 1506 1885 1560 quam
1910 1492 1964 1544 in

374 1587 703 1641 monasteriis
731 1595 781 1641 et
809 1603 842 1639 a
886 1584 1152 1640 monachis
1192 1583 1515 1638 docerentur.
1566 1580 1721 1647 Quod
1760 1587 1967 1649 postre-

372 1695 522 1734 mum
565 1679 618 1734 in
662 1678 865 1747 Anglire
904 1691 1068 1746 regno
1098 1691 1196 1747 pro
1223 1683 1373 1731 certo
1402 1675 1623 1741 statuit,
1676 1673 1728 1727 in
1757 1672 1966 1727 eteteris

370 1772 685 1840 regionibus
718 1769 999 1840 probabile
1029 1769 1081 1822 in
1125 1768 1309 1837 primis
1336 1782 1456 1822 esse
1482 1765 1630 1821 dicit.
1667 1763 1815 1819 Unde
1839 1781 1965 1819 con-

2080 555 2303 622 lsidoro,
2362 559 2706 627 attribuatur,
2752 559 3008 626 subdidit,
3054 560 3282 630 idipsum
3341 562 3668 622 conﬁrmare

2081 643 2274 700 Lucam
2303 646 2603 703 Tudensetn
2630 648 2711 701 his
2733 649 2912 703 verbis
2941 648 3141 705 Chron.
3188 652 3224 705 Ι.
3253 669 3330 717 ιιι,
3366 654 3418 707 in
3447 655 3620 723 princ.
3651 674 3663 708 :

2080 735 2340 791 Praeterea
2367 749 2515 807 pater
2541 741 2737 793 exstitit
2769 741 3089 805 clericorum,
3122 742 3329 809 doctor,
3368 752 3417 797 et
3447 754 3623 799 susten
3641 775 3654 785 -

2076 834 2212 880 lator
2234 828 2603 881 monachorum
2628 837 2676 882 et
2704 830 3027 883 monialium.
3044 830 3248 896 Quibus
3274 831 3523 887 docuisse
3544 849 3666 887 eum

2076 927 2132 971 et
2157 918 2355 973 aluisse
2381 920 2699 984 monachos,
2728 919 3002 989 praefuisse
3040 930 3217 975 autem
3255 923 3467 978 clericis
3490 961 3508 985 ,
3557 939 3665 978 non

2074 1009 2307 1065 obscure
2347 1010 2632 1080 signiﬁcat.
2684 1009 2858 1066 Patris
2902 1013 3043 1066 enim
3087 1013 3378 1081 appellatio
3410 1014 3665 1081 praelecto

2074 1099 2315 1170 adaptari
2344 1100 2523 1169 solet,
2555 1100 2633 1154 uti
2659 1100 2941 1155 abbatibus
2968 1116 3092 1156 can.
3127 1103 3193 1155 l0
3223 1103 3421 1158 concil.
3460 1103 3662 1173 Hispal.

2073 1207 2129 1257 ιι,
2163 1200 2327 1261 atque
2354 1193 2482 1247 item
2508 1208 2630 1248 can.
2672 1191 2760 1257 ll,
2792 1200 2847 1247 et
2887 1193 3034 1247 alibi.
3084 1192 3195 1249 Nec
3238 1193 3385 1248 cella
3424 1210 3663 1260 nomen,

2074 1283 2289 1352 pergit,
2337 1282 2477 1337 intra
2518 1281 2754 1338 claustra
2803 1282 3231 1353 restringenduzu
3264 1293 3386 1348 est,
3432 1300 3554 1339 cum
3598 1300 3665 1339 ex

2074 1370 2355 1443 Redempti
2374 1372 2638 1428 relatione
2664 1380 2896 1438 constet,
2927 1372 3191 1429 lsidorum
3208 1374 3318 1444 jam
3346 1376 3665 1431 moriturum

2072 1480 2103 1520 e
2130 1463 2325 1520 cellula
2351 1480 2470 1529 sua,
2502 1466 2607 1521 hoc
2635 1474 2718 1522 est
2742 1481 2957 1522 camera
2979 1467 3169 1523 domus
3202 1470 3358 1540 136
3378 1471 3659 1539 episcopa-

2074 1555 2157 1618 lis,
2205 1569 2264 1608 se
2309 1553 2504 1611 fecisse
2555 1556 2608 1610 in
2658 1556 2940 1611 ecclesiam
2982 1556 3254 1627 deportari
3302 1576 3316 1614 :
3365 1560 3662 1631 cellula:que

2070 1646 2483 1715 presbyterorum
2508 1653 2557 1699 et
2575 1647 2845 1699 levitarum
2876 1647 2928 1700 in
2950 1663 3069 1702 can.
3089 1648 3159 1702 23
3179 1649 3377 1705 concil.
3409 1648 3584 1706 Telet.
3609 1666 3660 1705 tv

2072 1737 2271 1790 mentio
2302 1736 2411 1790 ﬂat.
2443 1738 2708 1791 Observat
2739 1738 2903 1792 etiam
2941 1739 2994 1793 in
3019 1740 3292 1809 epitaphio
3322 1740 3508 1797 lsidori
3531 1782 3548 1807 ,
3598 1742 3664 1797 de

373 1826 522 1917 tiri'uo
552 1826 798 1932 sequitur,
820 1862 914 1925 ait,
945 1826 1229 1926 Isidorum,
1257 1861 1341 1931 qui
1370 1875 1461 1929 per
1480 1858 1574 1913 illa
1594 1858 1708 1926 ipsa
1737 1867 1965 1925 tempora
1996 1837 2043 1895 Β
2071 1840 2178 1893 quo
2204 1841 2365 1895 supra
2551 1826 2605 1932 7f
2640 1826 2932 1932 A"l°‘".ium
2962 1828 3512 1932 ιζυνίωξ-Ζίξῑξθίδ-νξο
3530 1832 3664 1932 pri“

369 1970 644 2009 sacramus
681 1956 968 2008 litterarum
990 1954 1465 2022 interpretationem
1506 1951 1708 2021 publice
1746 1950 1961 2022 pro/ite-

371 2048 546 2112 batur,
577 2046 884 2101 monachum
909 2043 1197 2098 necessario
1226 2045 1413 2115 fuisse,
1448 2058 1540 2096 nec
1577 2050 1725 2095 extra
1754 2058 1966 2096 monas-

373 2138 505 2191 teria
526 2136 581 2190 id
611 2144 861 2203 prazstare
884 2137 1131 2204 potuisse.
1158 2132 1299 2200 Quid
1330 2131 1495 2188 facias
1534 2140 1724 2202 arguto
1751 2132 1835 2186 isti
1857 2131 1966 2188 dis-

368 2228 667 2282 sertatori?
710 2226 875 2281 Vellet
901 2266 916 2286 ,
949 2226 1144 2295 Opinor
1166 2265 1182 2290 ,
1212 2238 1399 2279 omnes
1427 2223 1711 2292 episcopos
1731 2265 1745 2287 ,
1777 2235 1965 2276 omnes

367 2319 709 2386 sacerdotes,
739 2319 830 2387 qui
862 2333 927 2373 eo
955 2326 1200 2387 tempore
1229 2314 1496 2370 ﬂorebant
1516 2353 1532 2379 ,
1584 2312 1748 2369 fuisse
1794 2313 1963 2367 Bene-

367 2407 619 2463 dictinos‘.
642 2408 800 2462 Certe
826 2409 879 2461 in
904 2407 1134 2461 concilio
1161 2404 1424 2460 Toletano
1454 2420 1530 2470 tv,
1561 2418 1703 2457 anno
1724 2402 1846 2467 633,
1876 2402 1962 2457 cui

370 2498 583 2568 praefuit
618 2506 803 2553 noster
846 2496 1104 2559 Isidorus,
1147 2496 1199 2549 id
1247 2502 1504 2549 statutum
1554 2494 1710 2564 135
1736 2493 1962 2562 legimus

366 2600 493 2641 can.
548 2585 619 2638 9.5
661 2602 675 2639 :
735 2584 1078 2658 Ignorantia,
1134 2593 1297 2638 mater
1338 2595 1633 2637 cunctorum
1684 2599 1957 2648 errorum,

354 2680 594 2731 entaxime
618 2678 673 2730 in
711 2676 1063 2731 sacerdotibus
1116 2675 1209 2729 Dei
1246 2675 1453 2729 vitanda
1483 2683 1579 2739 est,
1620 2676 1706 2744 qui
1742 2674 1960 2729 docendi

362 2768 590 2837 ofﬁcium
610 2768 661 2822 in
684 2770 887 2838 populis
901 2776 1252 2835 susceperunt.
1287 2764 1598 2818 Sacerdotes
1620 2764 1756 2817 enim
1787 2764 1957 2833 legere

362 2868 579 2916 sanctas
618 2859 919 2930 Scripturas
948 2858 1291 2911 admonentur
1318 2897 1333 2919 ,
1380 2854 1547 2909 Paulo
1597 2853 1832 2924 apostolo
1877 2854 1959 2909 di-

352 2960 515 3005 cente
532 2951 603 3004 ad
630 2949 990 3005 Timotheum:
1034 2946 1253 3001 Intende
1292 2944 1521 3011 lectioni,
1563 2943 1915 2998 exhortationi
1940 2984 1955 3009 ,

352 3040 618 3107 doctrinm
644 3057 665 3093 :
692 3055 892 3110 semper
912 3054 1157 3109 permane
1181 3039 1236 3091 in
1267 3036 1366 3089 his.
1392 3033 1572 3090 Sciunt
1602 3034 1762 3104 igitur
1781 3049 1955 3086 sacer-

362 3132 512 3186 dotes
550 3131 849 3201 Scripturas
889 3137 1099 3184 sanctas
1147 3136 1197 3182 et
1245 3142 1504 3191 canones,
1558 3133 1612 3178 ut
1649 3141 1799 3179 omne
1826 3140 1954 3191 opus

360 3240 539 3278 eorum
591 3224 647 3276 in
670 3179 1059 3291 rprtedicatione
1105 3231 1154 3275 et
1198 3220 1433 3274 doctrina
1470 3219 1750 3281 consistat,
1802 3223 1955 3287 atque
1982 3200 2026 3261 Ο
2056 3179 2111 3291 ξ

362 3314 619 3379 aediﬁcent
648 3322 855 3367 cunctos
886 3322 989 3367 tant
1017 3312 1140 3381 ﬁdei
1181 3311 1397 3366 scientia
1424 3324 1577 3379 quam
1602 3324 1812 3378 operum
1845 3308 1955 3362 dis-

362 3401 579 3471 ciplina.

432 3513 486 3565 7.
530 3511 752 3566 Poterat
776 3511 841 3564 ad
864 3511 1265 3565 Benedictinum
1288 3510 1343 3565 S.
1368 3509 1554 3565 lsizlori
1574 3507 1953 3563 monachatum

359 3600 700 3673 probandum
732 3600 952 3667 allegari
981 3599 1424 3670 Martyrologium
1452 3615 1553 3670 pro
1583 3598 1956 3654 Cisterciensb

348 3694 461 3747 bus
511 3690 579 3744 ad
634 3690 791 3744 linem
842 3689 1207 3759 Martyrologii
1264 3688 1487 3742 Romani
1527 3688 1684 3757 jussu
1726 3686 1954 3743 Benedi-

356 3782 431 3837 cti
458 3779 602 3843 XIV,
634 3779 788 3848 cujus
809 3780 970 3835 verba
995 3779 1191 3847 protuli
1223 3794 1345 3847 cap.
1380 3777 1466 3832 l5.
1498 3778 1606 3834 Sed
1635 3794 1759 3833 cum
1790 3778 1953 3833 simili

358 3870 522 3929 modo
551 3868 986 3937 Martyrologium
1029 3884 1127 3937 pro
1160 3866 1446 3921 Canonicis
1477 3865 1837 3935 Regularibus
1863 3882 1951 3922 as-

361 3968 527 4026 truat,
566 3957 624 4014 S.
656 3958 915 4013 Isidorqu
946 3957 1086 4013 inter
1125 3957 1429 4013 Canonieos
1461 3957 1754 4026 Regulares
1784 3959 1951 4012 ascri-

358 4062 513 4124 ptum
557 4051 740 4118 l’uisse,
779 4048 895 4118 ejus
935 4048 1298 4119 blartyrologii
1345 4047 1636 4103 auctoritas
1665 4046 1768 4102 hac
1809 4047 1863 4102 in
1893 4063 1953 4104 re

357 4141 520 4195 dubia
541 4139 799 4203 redditur,
830 4153 950 4193 cum
976 4138 1189 4206 utrique
1211 4137 1383 4191 ordini
1409 4151 1563 4207 aeque
1587 4136 1785 4191 faveat.
1811 4137 1953 4193 Inter

366 4228 554 4284 Ofﬁcia
586 4227 798 4296 propria
828 4234 1139 4280 sanctorum
1170 4224 1564 4281 Canonicorum
1604 4225 1950 4293 Regularium

368 4336 439 4376 ex
461 4318 677 4388 speciali
701 4317 759 4372 8.
793 4315 871 4370 Pii
897 4315 935 4369 γ
965 4316 1315 4371 concessione
1344 4331 1371 4369 a
1403 4319 1819 4385 congregatione
1851 4315 1951 4370 La-

360 4409 627 4465 teranensi
669 4408 961 4473 recitanda,
1006 4406 1293 4463 Mediolani
1335 4406 1478 4462 edita
1507 4407 1668 4474 £751,
1700 4409 1763 4462 ad
1808 4408 1947 4462 diem

354 4498 391 4552 4
422 4499 618 4569 Aprilis
645 4499 881 4555 occurrit
913 4497 1126 4553 Festum
1172 4497 1233 4553 S.
1280 4495 1493 4561 lsidori,
1524 4500 1683 4567 episc.
1729 4508 1776 4551 et
1818 4515 1947 4553 con-

359 4593 507 4660 fessi,
536 4588 786 4643 Canoniri
836 4588 1127 4659 Regularis,
1159 4587 1246 4641 ubi
1292 4587 1343 4640 in
1395 4588 1566 4655 prima
1612 4587 1845 4643 lectione
1874 4588 1942 4642 ad

354 4675 651 4730 secundum
681 4682 929 4728 nocturn.
959 4674 1072 4727 hazc
1108 4673 1373 4726 habentur
1402 4689 1415 4724 :
1450 4669 1673 4725 Sanctus
1704 4671 1941 4727 Isidorus

357 4781 424 4818 ea:
451 4763 730 4818 Gothorum
774 4764 934 4829 stirpe
972 4762 1299 4831 progenitus,
1348 4760 1491 4830 ﬁlius
1535 4762 1632 4832 fuit
1678 4761 1945 4815 Seueriani

359 4854 506 4905 ducis
559 4851 1024 4921 Carthaginensis,
1075 4860 1124 4903 et
1175 4853 1339 4920 frater
1375 4850 1550 4918 magni
1592 4850 1733 4903 illius
1775 4852 1945 4905 sancti

358 4940 590 4995 Leandri
618 4942 743 4995 olim
781 4939 1107 5009 Hispalensis
1134 4940 1381 5009 episcopi,
1413 4937 1793 4992 Canonicorum
1835 4938 1941 4993 Re-

358 5036 620 5104 gularium
646 5036 933 5087 institutum
957 5035 1239 5102 professus,
1272 5048 1387 5085 cum
1415 5032 1629 5085 summis
1670 5031 1940 5087 virtutibus

359 5126 593 5193 polleret,
613 5123 941 5193 Ilispalensis
961 5121 1207 5177 Ecclesia:
1226 5122 1417 5192 pressu!
1445 5130 1522 5176 est
1539 5133 1937 5180 consecratus...

363 5218 538 5271 Verba
574 5234 640 5271 ea:
685 5216 967 5271 Gothorum
1000 5218 1188 5287 stirpe,
1237 5224 1293 5271 et
1344 5216 1489 5271 ducis
1534 5216 1798 5286 sequioris
1842 5218 1940 5272 aevi

358 5307 725 5360 monumentis
758 5306 1016 5360 nituntur.

429 5416 485 5471 8.
526 5415 637 5471 Nic.
672 5418 938 5473 Antonius
967 5419 1019 5473 in
1066 5419 1206 5473 hanc
1242 5419 1565 5476 sententiam
1596 5420 1891 5489 propendet
1920 5458 1935 5483 ,

354 5505 620 5562 lsidorum
669 5508 809 5563 inter
852 5510 1157 5566 Canonicos
1206 5510 1500 5579 Regulares
1551 5511 1939 5575 recensendum

360 5614 517 5664 esse;
553 5614 677 5655 eum
707 5602 850 5656 enim
880 5602 1238 5668 observasset,
1270 5604 1322 5658 in
1351 5603 1528 5671 elogio
1567 5604 1625 5658 8.
1657 5603 1937 5661 Fructuosi

357 5693 571 5749 abbatis
599 5702 655 5749 et
681 5695 915 5766 episcopi
949 5696 1309 5762 Bracarensis,
1341 5696 1407 5750 de
1434 5711 1543 5766 quo
1578 5712 1677 5753 nos
1696 5712 1817 5767 cap.
1847 5697 1934 5764 55,

360 5799 391 5836 ιι
447 5784 502 5851 '5,
535 5797 774 5854 agemus,
808 5786 879 5841 ita
923 5786 1059 5841 inter
1096 5800 1153 5843 se
1198 5786 1551 5843 Fructuosum
1595 5795 1650 5843 et
1678 5786 1936 5845 lsidorum

2069 1935 2185 1972 rum
2213 1936 2279 1973 ea:
2299 1920 2484 1973 ordine
2508 1930 2679 1974 vatum
2700 1920 2785 1974 Vol
2812 1921 3081 1976 invenisse
3108 1922 3304 1977 alicubi
3334 1924 3418 1978 vel
3446 1922 3664 1978 ﬁnxisse

2069 2024 2253 2068 parum
2294 2024 2357 2062 ec
2399 2008 2582 2063 ordine
2611 2009 2881 2073 abbatum,
2932 2019 2989 2064 ut
3042 2011 3230 2067 lsidori
3276 2014 3655 2069 monachatum

2066 2099 2476 2165 comprobaret;
2525 2114 2648 2153 cum
2680 2108 2858 2153 tamen
2898 2100 3207 2156 adverbium
3238 2120 3422 2171 parum
3473 2120 3660 2160 mona-

2066 2188 2245 2241 chatui
2288 2190 2469 2256 potius
2524 2191 2759 2247 resistat.
2807 2191 3058 2247 Fortasse
3097 2194 3267 2248 voluit
3312 2194 3550 2265 Zapata,
3605 2207 3659 2251 ut

2064 2277 2258 2349 aliquis
2287 2279 2628 2349 conjiceret,
2679 2291 2884 2351 patrum
2930 2302 2995 2339 ea:
3033 2285 3215 2339 ordine
3242 2285 3503 2341 abbatum.
3552 2287 3655 2341 Sed

2065 2383 2192 2423 vera
2221 2370 2403 2434 lectio,
2438 2379 2500 2425 ut
2524 2386 2590 2425 eo
2620 2372 2742 2426 loco
2772 2376 3006 2435 ostendi,
3027 2384 3110 2429 est
3137 2377 3365 2443 priorum
3394 2394 3459 2430 εις
3478 2378 3658 2449 ordine

2062 2467 2267 2523 vatum,
2318 2468 2373 2513 ut
2424 2460 2687 2515 lsidorum
2737 2462 3062 2532 intelligatur
3109 2464 3273 2521 fuisse
3322 2467 3699 2523 sacerdotem‘

2064 2548 2221 2619 primi
2253 2550 2479 2604 ordinis.

2130 2637 2183 2691 9.
2228 2637 2457 2706 Vigebat
2487 2648 2615 2695 tunc
2660 2642 2711 2696 in
2764 2643 3015 2713 Hispania
3038 2643 3307 2713 quoddam
3353 2645 3473 2699 vitae
3503 2662 3652 2700 com-

2061 2727 2235 2782 munis
2262 2741 2431 2796 gcnus
2483 2728 2535 2782 in
2586 2730 2791 2787 aedibus
2820 2733 3219 2801 episcoporum,
3249 2733 3391 2800 quod
3421 2732 3650 2790 Canoni-

2059 2830 2246 2870 corum
2277 2816 2618 2885 Regularium
2646 2820 2819 2874 ordini
2850 2830 3029 2889 potest
3050 2821 3375 2891 comparari.
3401 2821 3479 2875 Ita
3510 2823 3652 2879 enim

2058 2905 2302 2960 decernit
2329 2908 2612 2962 concilium
2644 2908 2962 2964 Toletanun
3007 2926 3077 2969 iv.
3133 2912 3360 2980 pratside
3397 2912 3605 2967 Isidoro
3634 2956 3647 2979 ,

2059 3012 2181 3053 can.
2205 2997 2275 3050 22
2300 3008 2355 3053 et
2373 2999 2443 3052 25
2476 3017 2489 3052 :
2524 2999 2738 3069 Oportet
2781 3004 3047 3074 episcopos
3079 3004 3423 3059 testimonium
3462 3006 3650 3076 proba-

2058 3088 2235 3141 bilium
2262 3104 2600 3158 personarum
2627 3093 2683 3144 in
2712 3094 2942 3147 conclavi
2984 3109 3076 3147 suo
3107 3092 3325 3161 habere,
3376 3104 3430 3147 ut
3461 3104 3509 3148 et
3545 3094 3652 3149 Deo

2113 3189 2294 3234 aceant
2342 3199 2433 3250 per
2478 3184 2852 3239 conscientiam
2904 3203 3122 3256 puram,
3166 3197 3216 3241 et
3264 3186 3513 3244 Ecclesia
3562 3208 3652 3259 per

2059 3273 2305 3340 Optimam
2328 3274 2543 3341 famam.
2581 3273 2704 3330 Non
2732 3277 2884 3331 aliter
2902 3277 3117 3347 placuit,
3143 3288 3197 3332 ut
3221 3281 3650 3349 quemadmodum

2060 3363 2342 3429 antistites,
2371 3364 2445 3416 ita
2471 3366 2757 3437 presbyteri
2787 3377 2839 3421 at
2855 3385 2937 3435 ius
2966 3369 3149 3434 levitce,
3179 3388 3307 3441 quos
3333 3374 3466 3434 forte
3496 3373 3647 3441 infir-

2058 3453 2232 3515 mitas,
2261 3467 2349 3508 aut
2374 3459 2543 3511 (etatis
2569 3459 2798 3528 gravitas
2831 3462 2886 3515 in
2923 3463 3150 3517 conclavi
3178 3465 3401 3533 episcopi
3429 3481 3639 3519 manere

2026 3592 2029 3595 .
2057 3560 2160 3598 non
2192 3546 2333 3612 sinit,
2364 3557 2417 3599 ut
2447 3548 2601 3602 iidem
2623 3550 2678 3602 in
2710 3551 2906 3605 celluli.
2932 3554 3039 3607 suis
3071 3563 3220 3607 testes
3250 3556 3365 3609 vine
3387 3555 3642 3617 habeant,

2057 3634 2306 3703 vitamque
2334 3652 2503 3704 suam,
2533 3637 2666 3691 sicut
2694 3642 2926 3708 nomine,
2973 3642 3047 3694 ita
3085 3650 3134 3695 et
3174 3643 3372 3695 meritis
3415 3653 3641 3698 teneant.

2056 3723 2331 3779 Institutio
2361 3726 2524 3781 etiam
2553 3726 2781 3781 Cancnit
2796 3744 2969 3792 orum,
3003 3730 3056 3783 in
3096 3732 3326 3786 concilio
3357 3731 3643 3801 Aquisgra-

2056 3813 2204 3867 nensi
2224 3829 2366 3869 anno
2387 3814 2491 3869 8i6
2517 3817 2809 3885 proposita,
2836 3833 2901 3872 ex
2919 3819 3145 3874 aliorum
3175 3835 3392 3890 quo-lue
3421 3821 3634 3878 Patrum

2051 3902 2348 3969 sententiis,
2379 3903 2473 3959 sed
2498 3920 2563 3958 ex
2590 3904 2777 3960 lsidori
2807 3909 3071 3977 praecipue
3097 3913 3349 3979 operibus
3383 3921 3638 3969 contexta

2053 3999 2155 4056 est,
2190 3999 2246 4046 ut
2274 4007 2394 4063 cap.
2433 3992 2496 4047 51
2530 3995 2811 4051 ostendam
2842 4014 2857 4051 :
2904 4014 2971 4054 ex
2998 4015 3105 4067 quo
3136 4000 3355 4068 factum,
3389 4012 3445 4056 ιιι
3474 4020 3632 4069 regu-

2054 4081 2159 4137 lam
2183 4080 2581 4141 Canonieorum
2619 4084 2877 4143 Isidorum
2923 4090 3204 4159 scripsisse
3251 4093 3492 4147 nonnulli
3533 4110 3635 4163 pu-

2053 4181 2186 4230 tent.
2217 4174 2535 4245 Pennottus,
2563 4177 2617 4232 in
2641 4177 2841 4237 Histor.
2865 4179 3122 4237 Canonic.
3154 4181 3432 4252 Regulam,
3456 4184 3549 4239 lib.
3574 4203 3630 4245 ιι.

2052 4278 2174 4333 cap.
2207 4265 2297 4326 3|,
2349 4281 2498 4319 num.
2532 4266 2587 4332 5,
2618 4282 2739 4323 cum
2787 4268 2996 4325 Joanne
3039 4271 3107 4324 de
3152 4270 3455 4341 Nigravalle
3505 4275 3638 4329 inter

2051 4354 2305 4409 ecclesias
2380 4356 2779 4414 Canonicorum
2860 4354 3203 4430 Regufarium
3271 4362 3639 4433 Hispalensem

2050 4444 2330 4499 ecclesiam
2363 4448 2836 4515 metropolitanam
2880 4461 3126 4506 recenset
3162 4470 3176 4505 :
3227 4464 3277 4507 et
3323 4457 3502 4509 meito
3526 4457 3638 4524 qui-

1977 4558 2026 4618 υ
2053 4533 2191 4597 dem,
2218 4533 2316 4598 ait,
2371 4550 2485 4588 cum
2513 4535 2653 4589 illius
2702 4538 3042 4608 archipra’sul
3072 4542 3229 4611 fuerit
3260 4542 3321 4596 Β.
3358 4542 3596 4598 Isidorus
3618 4585 3634 4609 ,

2050 4640 2196 4693 quem
2226 4624 2433 4678 dubium
2461 4642 2563 4680 non
2587 4638 2686 4695 est,
2728 4630 2783 4682 in
2812 4631 2993 4685 ordine
3022 4634 3275 4687 canonico
3306 4651 3358 4688 in
3400 4634 3635 4690 Ecclesia

2055 4711 2428 4782 Hispaniarum
2457 4716 2789 4783 restituendo,
2822 4720 2886 4773 ab
2908 4737 2968 4772 ea
2996 4720 3141 4789 cujus
3164 4722 3276 4789 ipse
3299 4733 3409 4777 erat
3431 4726 3631 4793 episco-

2050 4820 2143 4873 pus
2175 4813 2372 4857 tantum
2417 4808 2675 4875 negotium
2716 4810 2977 4875 auspicari
3005 4811 3242 4866 voluisse.
3275 4812 3409 4867 Cum
3450 4825 3632 4873 autem

2052 4894 2446 4950 Canonicorum
2504 4896 2846 4966 Regularium
2899 4901 3157 4971 originem
3220 4908 3463 4961 nonnn'li
3510 4924 3631 4963 cum

2054 4982 2406 5039 Thomassino
2434 4984 2709 5055 Disciplin.
2735 4989 2930 5044 eccles.
2961 5006 3015 5058 ιι.
3059 5008 3093 5055 ι,
3136 4993 3225 5047 lib.
3260 5011 3295 5060 ι,
3329 5011 3449 5064 cap.
3490 4996 3558 5049 40
3580 5008 3630 5052 et

2004 5114 2007 5117 .
2049 5088 2165 5143 seq.
2192 5088 2222 5126 a
2251 5072 2309 5129 S.
2344 5074 2639 5144 Augustino
2682 5088 2949 5149 repetant,
2978 5082 3103 5139 hinc
3138 5083 3197 5138 8.
3235 5085 3493 5142 Isidorum
3525 5088 3629 5141 Au-

2048 5163 2363 5231 gustiuianis
2391 5180 2677 5223 accensere
2705 5170 2921 5237 quidam
2952 5174 3261 5229 voluerunt.

2119 5250 2208 5305 10.
2268 5252 2426 5308 Aliud
2478 5266 2852 5324 argumentum
2904 5274 3012 5329 pro
3062 5260 3251 5317 lsidori
3301 5263 3625 5319 monacbatu

2048 5341 2255 5396 eruitur
2282 5358 2347 5398 ex
2396 5358 2463 5398 eo
2496 5345 2640 5414 quod
2689 5346 2853 5402 frater
2889 5349 3005 5417 ejus
3056 5349 3299 5406 Leander
3334 5352 3624 5407 monachus

1998 5460 2003 5465 -
2048 5426 2224 5493 fuerit,
2244 5430 2612 5503 [siderumque
2634 5435 2945 5493 instituerit.
2965 5439 3161 5494 Verum
3182 5442 3293 5494 base
3307 5440 3619 5509 conjectura

2042 5521 2174 5601 satis
2203 5522 2330 5575 levis
2358 5530 2461 5589 est,
2492 5541 2612 5579 eum
2635 5528 2836 5596 optime
2882 5531 3170 5594 cohaucat,
3201 5532 3345 5599 quod
3377 5530 3622 5589 Leander

2043 5610 2127 5663 vel
2156 5619 2280 5663 ante
2308 5613 2707 5682 monachatum,
2752 5618 2963 5687 veljam
2995 5621 3310 5683 monachus,
3358 5619 3618 5679 Isidorqu

2041 5700 2234 5769 partim
2267 5700 2584 5768 instituerit,
2634 5709 2827 5775 partim
2886 5708 3089 5761 institui
3140 5710 3441 5777 curaverit,
3488 5713 3615 5781 quin

2041 5789 2275 5845 Isidorus
2320 5806 2550 5861 unquam
2587 5796 2738 5867 137
2754 5798 3125 5877 ,monaslicum
3166 5799 3407 5857 ordinem
3454 5801 3611 5863 fuerit
