4028 6200
498 259 607 322 N5

1209 273 1300 328 AD
1337 274 1567 330 ΟΡΕΒᾹ
1607 275 1662 332 8.
1709 275 1953 334 18η)οΜ
1993 277 2438 339 ιιιδρικιεμειε
2480 281 3012 343 Ριὶοιεθυιιεκλ.

3643 291 3740 360 ίεο

498 380 788 482 professis.
821 380 1008 482 Neque
1041 383 1470 482 graviores-sum
1507 388 1626 444 aliis
1663 388 2072 482 Gajetanicon-
2105 398 2149 452 Α
2181 393 2420 452 Leander
2447 405 2506 452 et
2525 397 2759 456 Isidorus
2778 401 3004 471 professi
3026 402 3257 476 iuerint;
3287 406 3440 472 cuius
3492 425 3566 466 rei
3607 417 3740 482 apud

496 474 716 545 Mora:
749 493 761 527 :
791 476 880 542 qui
909 477 1081 544 primo
1111 477 1228 531 sine
1257 476 1368 531 ullo
1395 487 1621 535 auctore
1641 479 1872 535 aﬂirmat
1900 480 2075 548 Lean-

497 568 653 623 drum
682 568 748 621 ab
782 568 950 621 (etatis
993 567 1208 621 exordio
1251 568 1514 622 cuculiam
1547 569 1814 638 induisse;
1867 579 1978 626 tum
2005 572 2074 627 de

494 659 620 715 loco
646 658 957 713 monasterii
1007 658 1336 726 probabilius
1381 669 1504 714 esse
1546 659 1716 727 dicit,
1766 660 2069 730 Leandrum

493 747 699 819 Hispali
739 750 845 816 jam
887 747 1092 817 pridem
1145 748 1488 814 monacham,
1517 749 1878 821 deincepsque
1913 751 2072 820 hujus

472 840 878 895 consuetudine
901 853 964 894 ac
983 838 1233 907 exemplo
1259 835 1520 894 Isidorum
1551 840 1746 896 ibidem
1779 841 2065 908 initiatum,

489 929 688 984 Gothis
711 931 923 984 Arianae
949 930 1232 998 pravitatis
1258 930 1616 990 sectatoribus
1642 947 1768 985 mox
1801 933 2070 986 saevienti-

489 1021 616 1089 bus,
644 1019 932 1088 Legionem
960 1027 1019 1074 3e
1045 1020 1312 1089 recepisse
1345 1038 1357 1072 :
1410 1035 1514 1075 nec
1542 1021 1699 1077 aliter
1738 1021 1806 1076 de
1851 1021 1909 1078 8.
1950 1021 2069 1076 Ful-

486 1115 670 1184 gentio
705 1113 1002 1184 Astigitano
1032 1115 1285 1184 episcopo
1307 1114 1676 1182 judicandnm.
1708 1114 1928 1169 Somnia
1953 1115 2066 1170 hinc

485 1207 640 1264 iners
664 1214 828 1261 sunt:
877 1207 1142 1277 siquidem
1178 1207 1318 1276 apud
1364 1215 1578 1264 veteres
1612 1206 1904 1277 scriptores
1933 1209 2064 1277 (non

486 1304 882 1361 mmmentitios
911 1303 1176 1372 intelligo)
1207 1311 1381 1370 neque
1409 1300 1671 1368 Leander,
1705 1315 1878 1370 neque
1909 1301 2066 1357 Iside.

483 1407 574 1453 tus
604 1394 892 1464 Legionem
923 1395 1130 1448 venisse
1158 1405 1389 1464 unquam
1405 1393 1653 1448 dicuntur
1679 1409 1692 1446 :
1725 1407 1832 1461 quo
1847 1393 2061 1449 demum

481 1489 604 1556 post
643 1484 799 1556 plura
850 1485 1046 1540 sicenla
1095 1494 1290 1555 corpus
1337 1483 1526 1538 Isidori
1575 1483 1889 1538 translatum
1931 1491 2014 1539 est
2047 1503 2068 1538 τί

480 1577 624 1648 quod
669 1576 895 1634 fortasse
940 1577 1281 1632 occasionem
1331 1573 1564 1644 ﬁngendi
1603 1583 1700 1630 aut
1741 1575 2060 1645 conjiciendi

481 1667 754 1722 nonnullis
783 1667 1030 1734 prmbuit.

2176 493 2390 541 veteres
2403 487 2694 556 scriptores
2724 503 2822 543 nec
2844 491 2986 555 vola,
3019 507 3117 548 nec
3154 495 3454 563 vestigium.
3487 497 3543 552 ln
3592 515 3736 555 eain-

2171 571 2294 627 dem
2322 575 2649 641 sententiain
2675 577 2877 647 profert
2918 581 3268 650 epitaphium,
3298 593 3358 638 ut
3386 596 3557 654 putat,
3589 589 3655 643 ab
3675 590 3739 645 li-

2173 662 2401 724 defonso
2429 669 2784 738 compositum
2819 689 2829 722 :
2860 669 3089 727 Leandri
3108 671 3397 748 Isidorique
3425 681 3654 747 priorum
3677 701 3738 739 ex

2172 755 2351 809 ordine
2370 766 2572 823 vatum;
2602 757 2670 813 de
2721 762 2872 829 cujus
2917 763 3170 833 epitaphii
3218 774 3382 822 (etate
3419 776 3475 822 et
3517 770 3738 839 explica-

2175 846 2319 902 tione
2341 847 2490 916 plnra
2506 865 2735 920 noscap.
2754 851 2803 904 7.
2824 852 2982 906 Addit
3003 855 3398 923 auctoritatem,
3422 857 3628 922 Isidori,
3653 863 3734 929 qui

2171 935 2262 990 lib.
2306 953 2361 993 ιι.
2403 936 2577 1003 Oilic.,
2633 956 2752 1010 cap.
2815 941 2904 1010 l5,
2946 942 3171 998 instituti
3236 947 3516 1002 monastici
3572 947 3735 1002 Eiiam

2169 1027 2460 1097 principem
2485 1027 2648 1088 fuisse
2672 1031 2838 1098 dicit;
2869 1032 3012 1102 quod
3067 1043 3212 1089 certe
3234 1036 3622 1104 professionem
3648 1047 3735 1092 aut

2169 1120 2542 1188 monasticam,
2587 1132 2681 1175 ant
2733 1111 3124 1178 Carmeiiticam
3172 1121 3362 1182 Isidori
3405 1129 3552 1185 nullo
3579 1130 3736 1186 modo

2168 1211 2386 1266 indicat.
2413 1211 2572 1266 Multa
2601 1211 2904 1268 Carmelita:
2929 1232 3024 1285 pro
3073 1216 3153 1271 sui
3192 1219 3393 1274 ordinis
3421 1220 3737 1290 antiquitate

2167 1311 2354 1360 contra
2378 1302 2796 1372 Papebrocbium
2831 1304 3184 1374 disputarunt.
3215 1308 3378 1362 multa
3423 1319 3610 1365 contra
3649 1325 3736 1366 re-

2168 1395 2342 1464 posuit
2363 1393 2756 1463 Papebrochius
2781 1395 2829 1448 in
2856 1394 3117 1464 Respons.
3148 1396 3216 1452 ad
3263 1395 3498 1453 Exhibit.
3539 1413 3735 1467 error.,

2163 1485 2258 1555 qui
2310 1498 2431 1554 pag.
2491 1483 2596 1538 564
2634 1494 2684 1538 et
2732 1500 2846 1554 seq.
2869 1483 3243 1552 Apologiarum
3275 1487 3382 1555 agit
3411 1487 3477 1542 de
3505 1486 3735 1556 quadam

2164 1583 2340 1630 statua
2374 1574 2632 1642 Deipane,
2665 1588 2875 1643 reperta
2907 1573 3128 1644 Hispali,
3155 1573 3222 1629 ad
3247 1575 3405 1646 cujus
3435 1577 3598 1646 pedes
3619 1578 3739 1646 qni-

2161 1665 2284 1720 dam
2308 1673 2424 1719 erat
2449 1662 2656 1720 efﬁctus
2689 1663 2828 1730 talis,
2855 1673 2913 1719 ut
2941 1681 3004 1718 ex
3033 1664 3214 1720 habitu
3239 1667 3391 1720 multi
3418 1665 3740 1735 colligerent

485 1818 488 1822 ί
550 1755 638 1810 M.
672 1744 967 1808 Leandrum
1000 1754 1198 1822 ipsum,
1244 1767 1404 1822 quem
1457 1751 1688 1810 Isidorus
1737 1755 2056 1810 monachum
2095 1762 2136 1822 Β
2163 1768 2282 1808 esse
2307 1749 2674 1807 Carmelitam.
2707 1751 3008 1820 Morgadus,
3041 1753 3131 1822 qui
3184 1769 3300 1809 rem
3352 1766 3552 1814 narrat.
3579 1757 3737 1811 simul

479 1842 646 1900 fuisse
677 1845 859 1910 tradit,
885 1844 1123 1913 plerique
1149 1844 1356 1899 cordati
1385 1844 1506 1908 viii,
1541 1855 1596 1899 et
1625 1845 1694 1900 ab
1721 1845 1898 1900 studio
1930 1861 2056 1915 par-

478 1938 610 1992 tium
631 1936 814 2000 alieni,
847 1937 1156 1990 existimant
1203 1935 1566 1990 Bcnedictinis
1583 1936 1804 1992 minime
1827 1951 1950 1992 esse
1969 1953 2060 1992 ac-

475 2027 824 2084 eomendum.
856 2025 991 2081 Cum
1019 2030 1161 2081 enim
1187 2028 1572 2083 monachorum
1620 2033 1677 2082 et
1701 2029 2057 2084 monasterio-

473 2131 592 2173 rum
641 2117 695 2173 in
736 2117 982 2173 conciliis
1012 2118 1239 2186 aliisque
1272 2119 1633 2174 monumentis
1665 2117 1921 2175 Ecclesia:
1948 2119 2058 2174 Go-

472 2209 632 2264 thica:
651 2211 849 2279 passim
882 2207 974 2263 Iiat
999 2211 1220 2273 mentio,
1247 2209 1314 2264 de
1356 2209 1652 2264 Benedicto
1702 2209 1927 2279 ejusque
1959 2209 2057 2266 IIe-

389 2370 396 2376 _
471 2299 596 2367 gula
651 2313 720 2353 ne
773 2300 997 2354 verbum
1044 2298 1262 2367 quidem
1311 2299 1477 2352 ullum
1524 2308 1771 2368 apparet.
1801 2301 2046 2366 Gelanius,

471 2389 687 2444 dissert.
721 2388 776 2452 6,
827 2403 951 2454 cap.
999 2388 1050 2452 '5,
1093 2389 1162 2442 de
1209 2389 1378 2458 antiq.
1410 2389 1614 2444 Ecclus.
1651 2388 1831 2459 IIisp.,
1856 2391 2056 2445 multus

471 2489 554 2536 est
577 2481 626 2534 in
648 2469 1118 2536 Benedictinorum
1146 2479 1399 2549 Opinione
1423 2479 1731 2547 refellenda,
1753 2482 1842 2551 qni
1864 2481 1922 2536 S.
1952 2483 2054 2538 Be-

470 2568 668 2624 nedicti
690 2567 949 2638 Regulam
974 2569 1025 2622 in
1052 2567 1301 2639 Ilispania
1320 2569 1428 2637 jam
1457 2571 1654 2627 saeculo
1682 2587 1751 2626 vn
1780 2581 2052 2642 receptam

470 2659 720 2724 tuentur;
775 2658 1161 2728 contenilitque
1209 2671 1330 2712 eam
1379 2655 1638 2727 Regulam
1694 2661 1746 2715 in
1795 2661 2052 2732 Hispania

469 2761 579 2803 non
611 2749 968 2818 antiquiorem
1020 2751 1219 2806 sacculo
1265 2763 1319 2806 is
1363 2750 1563 2809 fuisse:
1604 2755 1842 2821 regulam
1863 2755 1921 2810 S.
1950 2755 2050 2811 Isi-

2163 1845 2376 1911 asserit,
2435 1851 2586 1900 certo
2636 1851 2885 1900 constare
2929 1845 3170 1900 ordinem
3227 1843 3625 1901 Carmeiiticum
3683 1848 3738 1902 in

2163 1933 2415 2004 Hispania
2460 1949 2567 1989 non
2615 1933 2775 1989 fuisse
2821 1943 3118 2006 receptum,
3152 1943 3440 2004 antequam
3489 1939 3737 1994 ultimum

2161 2032 2570 2092 recuperaretnr
2591 2017 2842 2097 Ilispalis,
2870 2025 2974 2080 hoc
3004 2035 3085 2078 e~t
3113 2035 3238 2082 ante
3266 2042 3462 2082 annum
3491 2026 3648 2085 i358.

2746 2112 2975 2169 CAPUT
3015 2113 3130 2170 XX.
3463 2103 3466 2106 ’

2160 2203 2394 2261 Isidorus
2415 2216 2527 2277 post
2557 2205 2846 2260 Leandrum
2871 2209 3136 2276 episcopus
3171 2208 3494 2278 Hispalensis
3547 2209 3740 2265 musti»

2232 2299 2392 2350 tuitur
2423 2313 2562 2368 :quo
2607 2296 2664 2350 id
2716 2312 2853 2350 anno
2895 2297 3158 2350 acciderit.
3191 2299 3270 2348 An
3314 2296 3526 2366 Hispali
3571 2299 3737 2352 rolle-
3779 2364 3785 2370 ι

2227 2392 2364 2458 giunt
2383 2389 2619 2451 erexerit,
2650 2386 3005 2440 ecclesiastica:
3039 2394 3281 2456 jurenum
3306 2389 3622 2440 institutioni
3648 2404 3739 2440 ac-

2227 2476 2619 2530 commodatum.
2649 2475 2708 2530 S.
2750 2473 3044 2546 Ildefonsus
3098 2475 3289 2530 Isidori
3318 2477 3634 2547 discipulus;
3666 2491 3739 2531 an

2225 2567 2380 2620 etiam
2402 2564 2635 2633 Braulio,
2660 2573 2707 2619 et
2729 2563 3038 2637 Redemptus
3067 2567 3320 2620 clericus?

2227 2658 2281 2712 l.
2311 2653 2541 2712 Sanctus
2579 2655 2841 2720 Leander,
2868 2657 2958 2728 qui
3005 2658 3057 2712 in
3121 2655 3530 2713 conversionem
3557 2657 3741 2726 gentis

2153 2749 2453 2806 Gothorum
2484 2749 2768 2820 plurimam
2798 2765 3019 2818 operam
3050 2749 3296 2815 contulit,
3320 2758 3374 2803 et
3403 2749 3637 2804 concilio
3675 2763 3737 2806 in

466 2836 586 2893 duri
613 2840 809 2908 regula:
835 2837 1099 2894 Servitani
1126 2841 1456 2906 monasterii,
1481 2841 1533 2896 in
1561 2840 1802 2914 Eutropii
1824 2846 2050 2914 epistola

2168 2835 2414 2895 I‘oletano
2443 2854 2583 2893 anno
2631 2835 2728 2893 l89
2773 2840 3106 2908 subscripsit,
3134 2855 3276 2894 anno
3319 2839 3563 2912 sequenti
3619 2835 3734 2894 590

467 2925 773 2998 propositae,
806 2937 1224 2984 consentaneam
1249 2943 1389 2998 esse,
1428 2938 1614 2986 contra
1663 2931 1717 2986 in
1746 2932 1928 2988 multis
1955 2949 2047 2988 ca-
2152 2931 2383 2985 concilio
2427 2925 2776 2997 iiIiSpalensi
2819 2928 3046 2996 praefuit.
3070 2927 3126 2982 In
3184 2927 3474 2998 epitaphio,
3505 2927 3573 2981 de
3618 2942 3740 2998 quo

467 3015 672 3096 pitibus
691 3017 912 3071 omnino
963 3033 991 3072 a
1042 3015 1247 3089 Regula
1284 3018 1638 3075 Benedictina
1677 3021 1989 3091 discrepare
2030 3042 2044 3078 :
2151 3039 2270 3094 cap.
2305 3023 2335 3075 7
2363 3023 2471 3090 egi,
2503 3018 2746 3076 Leander
2774 3019 2970 3075 obiisse
2997 3018 3192 3074 dicitur
3216 3034 3324 3073 aera
3353 3018 3476 3085 6M,
3509 3018 3614 3073 hoc
3644 3027 3740 3073 est

468 3101 884 3163 ﬁtniliaritatem
913 3106 972 3161 8.
1002 3105 1232 3162 Leandri
1258 3122 1384 3163 cum
1438 3106 1496 3163 8.
1527 3107 1787 3178 Gregorio
1851 3110 2045 3179 Magno
2073 3123 2125 3188 ο
2151 3128 2291 3168 anno
2313 3109 2444 3178 605;
2473 3109 2569 3165 sed
2600 3109 2753 3180 139
2780 3109 3106 3179 epitaphium
3137 3107 3266 3162 illud
3316 3107 3560 3178 quamvis
3615 3106 3741 3163 for-

471 3196 694 3251 minime
722 3209 968 3266 arguere,
999 3205 1225 3254 vocatos
1251 3213 1318 3254 ex
1349 3198 1499 3254 Italia
1533 3199 1909 3257 Benedictinos
1937 3218 2046 3258 mo-
2155 3211 2295 3258 tasse
2323 3199 2617 3269 antiquum,
2648 3199 2836 3253 saltem
2880 3198 2931 3251 in
2963 3197 3063 3252 hac
3088 3207 3239 3265 parte
3260 3197 3349 3250 vix
3379 3197 3543 3250 ullam
3564 3196 3742 3251 ﬁdem

466 3287 689 3353 nachos,
713 3289 802 3357 qui
854 3304 1049 3344 novam
1089 3289 1324 3360 aliquam
1369 3273 1610 3359 regulam
1637 3290 1959 3347 inveherent
1983 3306 2048 3346 ac
2149 3304 2402 3346 meretur.
2426 3287 2728 3358 Antiquitas
2764 3287 3039 3357 epitaphii,
3072 3295 3270 3356 prmter
3328 3301 3392 3340 ea
3439 3302 3558 3356 quae
3610 3288 3733 3345 Ioc.

466 3378 634 3434 multo
661 3379 838 3434 minus
865 3378 1266 3434 Benedictinum
1293 3378 1404 3449 jam
1426 3389 1575 3446 ante,
1606 3389 1667 3436 ut
1704 3381 1919 3452 quidam
1944 3396 2045 3449 pu-
2147 3381 2240 3436 cit.
2270 3381 2335 3435 in
2354 3380 2491 3434 hanc
2519 3393 2633 3434 rem
2663 3377 2882 3444 adduxi,
2913 3376 3250 3446 comprobari
3283 3383 3461 3445 potest
3485 3390 3549 3428 ex
3571 3376 3744 3432 codi-

465 3477 604 3546 tant,
633 3471 927 3526 stabiliturn
959 3471 1204 3526 ordinem
1236 3472 1399 3526 latins
1432 3481 1814 3542 propagarent.
1845 3472 2043 3542 Juseph
2145 3486 2208 3527 ce
2229 3465 2553 3539 Regularum
2585 3468 2644 3524 S.
2681 3463 2954 3522 Benedicti
2994 3465 3328 3531 Anionensis,
3357 3481 3426 3520 ex
3475 3480 3609 3534 quo,
3667 3473 3746 3523 ut

466 3557 716 3616 Pereaius
743 3559 1137 3626 Benedictinus,
1164 3562 1245 3615 vir
1297 3560 1506 3627 doctus,
1549 3562 1603 3616 in
1647 3562 2043 3617 Dissertationi-

464 3647 564 3705 bus
583 3652 696 3706 suis
723 3651 1122 3716 ecclesiasticis,
1141 3666 1262 3722 pag.
1301 3651 1418 3715 109,
1435 3652 1578 3707 hunc
1598 3653 1806 3708 titulum
1826 3653 2002 3722 posuit
2027 3671 2038 3706 :

466 3737 643 3802 Etiam
666 3739 945 3795 Gothorum
970 3751 1140 3796 stante
1184 3745 1398 3813 imperio
1427 3742 1813 3798 Benedictinum
1838 3744 1894 3797 in
1926 3743 2045 3797 Ilia-

464 3831 620 3899 "panla
650 3832 941 3886 institutum
990 3833 1215 3887 maxime
1265 3836 1440 3905 viguit.
1473 3833 1716 3906 Operose
1758 3836 1810 3889 id
1858 3835 2043 3889 labore

464 3936 690 3982 conatus
710 3933 792 3983 est
820 3927 1082 3996 probare;
1108 3926 1202 3982 sed
1229 3941 1415 3997 parum
1444 3941 1575 3983 sane
1617 3928 1867 3998 proiecit,
1890 3933 1946 3980 et
1967 3928 2042 3982 i'e-

464 4011 618 4071 Ilcior
644 4016 1045 4087 quodammodo
1075 4015 1175 4071 fuit
1228 4017 1280 4070 in
1308 4016 1481 4071 altero
1510 4016 1605 4070 illo
1640 4031 1738 4069 suo
1766 4016 2042 4083 paradoxa

469 4105 579 4165 bon
605 4107 784 4162 minus
809 4107 1063 4168 absurdo,
1083 4106 1230 4173 quod
1267 4103 1504 4173 diploma
1533 4104 1942 4158 celeberrimum
1973 4105 2041 4158 de

2145 3557 2379 3626 videtur,
2421 3558 2550 3614 illud
2599 3559 2768 3614 edidit
2815 3553 3125 3615 Iioistenins
3185 3564 3312 3625 post
3367 3555 3608 3622 regulam
3666 3555 3741 3612 3.

2147 3647 2376 3704 Leandri
2409 3665 2423 3702 :
2456 3659 2518 3703 ac
2546 3646 2778 3702 fortasse
2805 3646 2872 3701 de
2902 3646 3006 3701 hoc
3031 3644 3220 3701 codice
3242 3643 3618 3711 intelligendus
3637 3655 3740 3700 est

2144 3735 2506 3803 Mabillonius,
2538 3738 2628 3806 qui
2659 3746 2788 3790 tom.
2814 3734 2841 3798 I_
2862 3733 3057 3793 Annal.
3112 3734 3414 3796 Benediet.,
3449 3748 3570 3802 pag.
3594 3733 3747 3802 278,⁴

2145 3831 2341 3900 regula:
2367 3829 2425 3884 S.
2444 3828 2683 3882 "Leandri
2709 3828 2761 3880 in
2792 3825 3021 3894 quodam
3039 3823 3240 3879 Codice
3259 3823 3600 3891 subjunctum
3633 3840 3739 3880 ro-

2145 3919 2307 3988 periri
2357 3917 2607 3970 aiiirmat.
2637 3914 2693 3968 In
2740 3914 3033 3983 exemplari
3087 3911 3349 3976 Holstenii
3388 3913 3738 3982 epitaphium

2143 4007 2422 4063 duodecim
2447 4005 2769 4059 hexametris
2796 4011 3026 4069 constat,
3057 4005 3187 4058 utin
3215 4005 3400 4060 codice
3428 4005 3586 4058 Fabri
3635 4021 3745 4061 su-

2143 4113 2241 4167 pra
2275 4112 2393 4167 cap.
2453 4095 2506 4151 7.
2558 4111 2706 4151 num.
2742 4095 2795 4161 l,
2842 4096 2942 4151 hac
2998 4096 3284 4150 lectionum
3336 4096 3744 4165 discrepantia,

2142 4188 2284 4256 quod
2308 4202 2446 4241 vers.
2479 4185 2514 4239 2
2543 4185 2850 4241 Holstvnius
2882 4185 3044 4238 habet
3071 4186 3274 4254 piorum
3303 4200 3400 4252 pro
3446 4185 3741 4253 priorum;

461 4273 778 4342 hanimirol
812 4281 971 4346 iacto,
1001 4281 1401 4350 supposititinm
1429 4282 1518 4336 sit.
1568 4281 1624 4336 Id
1654 4282 1796 4336 enim
1825 4282 2038 4348 leguleii
2143 4287 2283 4330 VeI‘S-
2309 4275 2362 4340 3.
2385 4275 2564 4329 άθυοια
2593 4287 2690 4344 pro
2718 4273 2826 4328 Deo
2850 4283 2965 4328 vom
2989 4291 3006 4336 ;
3037 4287 3177 4326 Vera
3208 4274 3258 4337 4,
3286 4272 3354 4326 Et
3382 4275 3550 4342 posita
3602 4291 3739 4330 om-

462 4371 679 4441 qmdam
706 4371 758 4424 in
785 4369 1034 4439 Hispania
1061 4370 1321 4425 ambabus
1341 4370 1479 4425 ulnis
1503 4371 1735 4442 amplexi
1775 4379 1920 4436 sunt,
1953 4373 2033 4426 nl-
2143 4367 2318 4420 borum
2339 4381 2548 4434 consors
2579 4366 2651 4419 sic
2670 4365 2830 4432 digna
2857 4366 3069 4434 quiescit
3087 4381 3184 4434 pro
3215 4364 3284 4417 Et
3312 4371 3482 4434 posita
3507 4382 3742 4422 consors

462 4448 630 4517 teritis
669 4462 830 4516 etiam
858 4460 1149 4530 progressi,
1181 4469 1240 4514 ut
1267 4461 1407 4515 solet
1433 4458 1648 4516 licentia
1678 4461 1745 4514 de
1765 4461 1925 4516 rebus
1948 4478 2038 4516 sa-
2074 4483 2117 4540 υ
2143 4459 2305 4511 δίδη..
2339 4457 2497 4526 digna
2546 4457 2794 4524 quiescit;
2837 4471 2976 4510 vers.
3012 4455 3063 4520 7,
3097 4451 3164 4508 Et
3213 4471 3458 4524 cognosce
3477 4456 3600 4509 illos
3627 4471 3754 4523 pro,

463 4553 570 4609 eris
623 4560 717 4608 aut
761 4551 861 4622 piis
908 4549 1163 4622 opinandi
1196 4551 1248 4605 in
1273 4551 1609 4606 temerariam
1632 4551 1909 4605 audaciam
1939 4553 2039 4606 im-
2143 4547 2213 4602 Et
2237 4564 2486 4618 cognoces
2511 4564 2627 4608 eos;
2664 4563 2801 4602 vers.
2831 4546 2884 4610 8,
2911 4546 3162 4618 Dogmata
3181 4556 3480 4600 sanctorum
3501 4561 3742 4602 cernens

463 4646 688 4717 pellere.
875 4709 878 4712 ,
2140 4654 2239 4709 pro
2271 4636 2609 4707 Dagmatibus
2654 4647 2950 4690 sanctorum
2997 4650 3176 4693 cerne:
3221 4651 3360 4688 vers.
3387 4633 3441 4698 9,
3489 4632 3751 4698 ιεΕιοτηο,

538 4731 811 4810 13812.
861 4735 985 4803 Agit
1025 4735 1187 4790 etiam
1234 4733 1603 4790 IIenschenius
1648 4733 1716 4788 de
1745 4733 2040 4788 rationibus
2142 4725 2364 4784 Domino
2386 4743 2482 4798 pro
2505 4726 2578 4779 Ac
2600 4743 2655 4779 re
2676 4725 2938 4780 Domino:
2989 4734 3272 4792 utrumque
3319 4723 3578 4778 mendose
3623 4739 3743 4793 pro

462 4811 654 4898 quibus
679 4835 955 4896 permotus
1008 4824 1105 4880 fuit
1141 4825 1376 4891 chana,
1407 4833 1463 4879 ut
1491 4822 1752 4880 Isidorum
1779 4837 1878 4876 suo
1908 4824 2039 4877 (ἐοι-
2139 4825 2213 4874 Ac
2233 4820 2378 4874 reddi
2413 4819 2652 4873 Domino.
2686 4816 2807 4871 Dies
2836 4817 3011 4870 obitus
3031 4816 3088 4871 S.
3113 4814 3298 4870 Isidori
3324 4824 3380 4870 et
3405 4815 3464 4869 8.
3491 4814 3741 4870 Floren-

461 4917 717 4973 nieiitano
742 4917 912 4972 ordini
937 4916 1230 4970 ascriberet
1261 4933 1275 4966 :
1304 4915 1451 4982 quod
1507 4913 1771 4968 Casanate
1819 4927 2038 4982 quoque
2143 4911 2262 4964 tinac
2290 4911 2357 4963 ab
2383 4907 2660 4963 IIolstenio
2682 4915 2828 4976 praete
2849 4907 3136 4970 rmittitur;
3167 4907 3260 4960 sed
3289 4907 3403 4960 lucc
3430 4914 3553 4959 sunt
3595 4920 3742 4960 ver-

462 5010 513 5061 in
546 5005 802 5065 Pa-radiso
843 5005 1169 5060 Carmelitici
1211 5005 1440 5065 decoris.
1467 5011 1521 5057 et
1568 5003 1655 5059 alii
1685 5003 2035 5057 conten-lunt.
2141 5001 2205 5052 ba
2228 5000 2295 5053 de
2319 4998 2377 5053 8.
2411 4997 2655 5052 Leandre
2703 5010 2958 5066 expressa
3013 4997 3195 5049 :Obiit
3242 4996 3408 5065 felicis
3453 4997 3745 5051 memoria:

462 5098 585 5160 Nic.
607 5094 870 5150 Antonius
896 5093 1081 5163 paucis
1113 5092 1306 5147 mbhac
1333 5091 1700 5145 controversia
1730 5105 1850 5143 sese
1871 5103 2038 5157 espe-
2141 5089 2378 5141 Leander
2423 5090 2686 5157 episcopus
2737 5087 2818 5139 die
2880 5101 2930 5138 :u
2983 5084 3208 5139 Kalend.
3262 5083 3524 5147 Martias,
3573 5082 3748 5141 Em

460 5185 580 5243 diit.
613 5186 893 5248 nidorum,
918 5185 1110 5253 inquit,
1138 5181 1371 5235 instituto
1393 5196 1490 5236 suo
1511 5185 1748 5232 asserunt
1787 5177 2036 5231 Benedic-
2141 5197 2316 5235 nexu.
2350 5177 2476 5232 Iizuc
2506 5181 2616 5247 ipsa
2645 5191 2751 5232 aera
2784 5185 3000 5232 notatur
3015 5177 3151 5245 apud
3167 5175 3487 5230 Rodericum
3517 5172 3752 5242 Garum

461 5278 576 5342 tinl,
604 5291 704 5330 uno
731 5284 781 5328 et
806 5273 1159 5328 Carmelitam'.
1182 5272 1342 5340 Atque
1366 5270 1423 5322 lii
1444 5269 1646 5335 quidem
1665 5269 1826 5330 nullo,
1844 5267 1921 5320 illi
1947 5285 2038 5327 co—
2143 5271 2193 5333 in
2226 5269 2512 5322 Maximum
2539 5282 2660 5336 pag.
2687 5266 2815 5331 212,
2869 5276 2924 5320 et
2979 5265 3272 5336 Tamayum
3301 5264 3368 5318 de
3419 5265 3649 5318 Salazar
3677 5267 3746 5322 in

464 5366 571 5422 tore
590 5366 780 5437 aliqua.
812 5363 869 5417 P.
904 5361 1091 5416 Daniel
1121 5375 1149 5414 a
1180 5360 1388 5428 virgine
1419 5359 1584 5413 Maria
1631 5360 1684 5413 in
1715 5358 1882 5412 Vinea
1902 5360 2034 5412 (ἑαν-
2140 5361 2357 5430 Martyr.
2387 5359 2453 5413 27
2507 5359 2782 5414 Februarii
2812 5377 2824 5413 :
2854 5368 2910 5414 et
2955 5359 3008 5414 in
3044 5373 3105 5414 ea
3155 5366 3397 5427 perstant
3425 5357 3744 5428 Beronius,

463 5457 606 5522 meli,
632 5472 777 5510 num.
807 5452 934 5523 415,
951 5453 1187 5508 rationes
1214 5451 1438 5505 [κινείτω
1486 5465 1584 5520 pro
1627 5465 1726 5506 suo
1774 5449 2035 5506 Carmeli-
2140 5450 2403 5516 Brenlius,
2432 5451 2790 5518 Mabillonius,
2819 5458 2876 5504 et
2893 5449 3005 5504 alii.
3036 5448 3236 5504 Verum
3265 5463 3330 5504 ex
3359 5447 3480 5504 aliis
3519 5463 3747 5504 monu-

465 5546 571 5607 tico
600 5550 787 5604 ordine
807 5553 1123 5617 promovet:
1151 5533 1351 5614 Hispali
1376 5554 1471 5614 per
1489 5541 1547 5597 8.
1578 5534 1862 5597 Elmidium
1886 5552 2038 5596 asce-
2139 5544 2336 5599 mentis
2363 5541 2607 5604 falsitatis
2625 5541 2930 5596 ret-incitor.
2956 5539 3087 5593 Tres
3111 5545 3326 5593 exstant
3363 5536 3605 5606 epistolae
3663 5535 3742 5602 8,

465 5638 656 5690 teriam
677 5637 912 5701 Carmeli
931 5642 1264 5692 exstructum
1283 5649 1314 5689 e
1334 5635 1446 5696 suis
1463 5634 1769 5688 auctoribus
1794 5628 2034 5688 comme-
2092 5681 2096 5686 .

2139 5631 2384 5700 Gregorii
2405 5629 2583 5698 Magni
2614 5631 2679 5682 ad
2712 5628 3032 5692 Leandrum,
3062 5628 3267 5682 scilicet
3317 5627 3409 5680 lib.
3442 5642 3477 5679 ι.
3514 5625 3739 5693 [leges-

465 5729 660 5790 morat,
686 5725 743 5785 in
796 5733 909 5806 Quo
958 5723 1263 5791 institutum
1339 5717 1715 5805 pulmonem
1787 5716 2035 5790 Elimiam
2141 5722 2204 5788 ti,
2230 5720 2455 5796 epistoia
2483 5714 2572 5786 ιι,
2594 5715 2686 5776 lib.
2723 5719 2798 5784 iv,
2820 5719 3044 5784 epistola
3070 5717 3158 5776 i0.
3186 5724 3240 5774 c‘t
3263 5717 3354 5772 lib.
3388 5727 3479 5774 vn.
3510 5715 3742 5784 episto-
3791 5751 3805 5764 .

462 4203 614 4262 Veto,
645 4197 697 4249 in
745 4193 930 4262 p‘rteiio
979 4191 1285 4248 Clavixensi
1342 4193 1394 4246 in
1448 4191 1683 4246 favorem
1710 4192 1767 4246 S.
1792 4189 1979 4246 Jacobi
2009 4208 2038 4247 a
