4060 6198
408 250 511 307 117

1479 249 1876 306 ISIDORIANA.
1916 277 1986 291 --
2025 246 2201 307 PARS
2247 247 2285 304 Ι.
2326 250 2477 307 CAP.
2518 251 2634 310 XX.

3550 255 3655 316 Ill

402 362 453 417 la
487 358 614 428 126,
642 372 763 431 quae
802 366 1073 429 postrema
1117 360 1185 416 ad
1229 375 1427 418 annum
1480 360 1582 417 599
1627 367 1872 427 refertur,
1904 361 1979 416 uti
2008 366 2056 423 Λ
2156 358 2207 417 5.
2254 360 2516 419 Praeclara
2566 363 2753 421 Isidori
2793 371 2943 433 gesta
2992 365 3046 420 in
3095 365 3408 435 episcopatu
3435 367 3658 425 admini-

405 451 509 523 Ilia
540 450 734 505 eodem
755 448 891 503 libro
920 449 986 504 ad
1010 448 1366 515 Recaredum,
1393 467 1540 507 num.
1575 451 1699 517 127,
1751 466 1869 519 quae
1898 460 1982 506 est

403 537 754 610 gratulatoria
777 537 844 592 de
869 538 987 607 ejus
1012 540 1390 594 conversione.
1420 540 1479 595 In
1525 540 1760 595 editione
1780 539 1979 594 Mauri-

404 645 601 684 norum
626 630 707 683 hae
729 631 844 683 dua:
872 629 1113 698 epistola:
1133 637 1258 683 sunt
1287 630 1415 698 12!,
1438 630 1561 696 1‘29,
1601 630 1722 687 libri
1774 647 1851 695 ix,
1900 630 1984 685 in-

401 716 711 780 dictioueﬂ,
741 718 844 772 hoc
873 727 952 772 est
982 734 1122 773 auito
1143 718 1267 783 599,
1298 719 1390 774 sed
1413 720 1484 774 ita
1508 728 1565 774 ut
1592 720 1813 774 indictio
1842 718 1879 773 2
1897 720 1982 774 in-

405 811 570 880 cipiat
597 825 629 863 a
657 825 844 865 mense
871 809 1176 881 Septembri
1206 810 1333 865 anni
1362 809 1489 865 598.
1522 810 1600 864 Ex
1626 811 1711 865 his
1740 810 1983 879 epistolis

406 902 586 970 colligi
610 912 814 970 posset,
844 900 1145 955 Leandrum
1176 901 1241 954 ad
1270 917 1465 955 annum
1510 900 1614 957 599
1658 900 1848 955 saltem
1888 915 1982 954 su-

408 994 687 1065 perstitem
717 992 903 1046 fuisse.
927 991 997 1047 At
1024 992 1137 1047 Nic.
1167 990 1429 1045 Antonius
1448 992 1717 1047 existimat
1737 991 1834 1047 bas
1854 989 1986 1045 duas

408 1085 668 1153 epistolas
698 1099 805 1138 non
837 1098 936 1137 suo
960 1098 1080 1137 esse
1109 1083 1297 1136 ordine
1322 1083 1637 1137 collocatas.
1677 1082 1795 1137 Non
1843 1081 1984 1137 enim

407 1174 582 1229 simile
610 1188 742 1228 vero
769 1181 873 1236 est,
898 1172 1216 1240 Gregoriqu
1264 1173 1678 1241 gratulationem
1731 1173 1801 1227 de
1848 1188 1978 1227 emo

408 1267 655 1320 versione
677 1264 958 1326 Recaredi,
980 1263 1307 1333 palliumque
1337 1264 1583 1319 Leandro
1621 1264 1988 1318 transmitten-

406 1354 541 1409 dum
598 1354 781 1407 tandiu
836 1352 1127 1414 distulisse,
1161 1352 1368 1416 scilicet
1421 1361 1541 1422 post
1596 1353 1916 1407 decennium
1969 1370 1982 1404 :

410 1459 536 1498 nam
564 1458 628 1497 ea
657 1442 885 1512 epistola
920 1442 1021 1494 1'16
1053 1442 1144 1496 lib.
1169 1458 1238 1496 vu
1262 1442 1477 1511 palliutn
1495 1442 1563 1496 ad
1588 1442 1887 1496 Leandrum
1929 1457 1991 1498 se

409 1531 780 1586 transmittere
810 1531 885 1583 ait
907 1529 1215 1597 Gregorius.

483 1620 538 1673 2.
574 1620 749 1674 Aliam
781 1633 910 1686 ergo
931 1619 1072 1673 viam
1120 1620 1217 1673 init
1259 1619 1372 1673 Nic.
1400 1620 1685 1684 Antonius,
1712 1630 1768 1674 ut
1792 1635 1989 1677 annum

2082 453 2302 508 Strando
2339 452 2641 509 Canonicus
2670 453 3016 524 Legionensis
3045 466 3101 511 et
3138 455 3438 512 Rodericus
3467 455 3654 514 Certa-

2084 544 2248 597 tensis
2286 543 2336 597 in
2359 544 2473 613 ejus
2504 544 2624 598 Vita
2653 545 2957 601 distinctius
2980 554 3036 600 et
3057 546 3380 614 explicatius
3407 556 3657 612 narrant;

2083 648 2201 701 quae
2227 635 2471 702 quamvis
2511 635 2585 689 ita
2613 635 2918 704 singillatim
2964 651 3220 705 expressa
3264 638 3660 708 antiquioribus

2085 724 2440 777 monumentis
2483 739 2592 779 non
2641 733 2921 789 constent,
2954 735 3101 781 certe
3145 726 3338 780 similia
3368 729 3480 781 veri
3508 737 3655 793 sunt,

2084 822 2139 869 et
2179 828 2369 881 magna
2406 813 2557 883 1&1
2590 829 2658 869 ex
2687 824 2837 883 parte
2866 830 2991 869 vera
3022 830 3159 879 esse,
3194 833 3299 870 non
3325 816 3518 871 invitus
3542 833 3660 872 cre-

2084 904 2225 959 dam.
2253 904 2385 958 Illud
2412 904 2462 957 in
2494 905 2677 974 primis
2723 905 3138 973 investigatione
3181 905 3398 974 dignum
3429 907 3662 973 videtur,

2084 1011 2150 1051 an
2179 1011 2307 1051 vere
2337 995 2740 1059 monasterium,
2793 996 2907 1049 sive
2952 994 3233 1061 collegium
3290 994 3490 1065 Hispali
3538 1011 3662 1049 con-

2085 1086 2367 1151 struxerit,
2400 1102 2506 1154 quo
2554 1086 2781 1155 juvenes
2824 1084 3201 1163 ecclesiasticis
3243 1084 3533 1156 disciplinis
3564 1085 3663 1138 im-

2086 1182 2293 1235 bueret.
2326 1178 2381 1231 Id
2414 1178 2555 1232 enim
2587 1192 2692 1231 non
2721 1175 2893 1229 solum
2924 1174 3123 1227 laudati
3154 1184 3401 1228 auctores
3425 1190 3659 1229 commeo

2088 1278 2318 1333 morant,
2348 1270 2440 1323 sed
2480 1268 2807 1324 recentiores
2835 1265 2921 1318 alii
2950 1265 3292 1327 confirmant,
3321 1263 3444 1317 inde
3474 1261 3661 1317 Patres

2089 1362 2303 1416 concilii
2355 1358 2652 1414 Tridentini
2708 1356 2775 1411 ad
2828 1355 3148 1410 clericorum
3195 1354 3481 1408 seminaria
3524 1353 3666 1406 insti-

2094 1452 2288 1506 tuenda
2335 1450 2610 1518 exemplar
2652 1448 2965 1516 sumpsisse.
3000 1446 3114 1499 Duo
3143 1452 3268 1497 sunt
3297 1460 3417 1512 qua:
3448 1445 3497 1497 in
3531 1445 3667 1498 hanc

2092 1558 2176 1595 me
2225 1543 2541 1594 sententiam
2573 1537 2905 1608 pertrahunt,
2940 1551 3115 1589 canon
3145 1532 3216 1585 24
3264 1534 3475 1588 οοηοίιιί
3506 1532 3668 1588 Tole-

2093 1630 2201 1681 tani
2252 1645 2324 1691 IV,
2368 1628 2449 1681 cui
2481 1627 2712 1681 Isidorus
2743 1622 2985 1696 praefuit,
3033 1632 3087 1678 et
3133 1624 3369 1678 narratio
3415 1621 3668 1678 Cixilanis

406 1712 589 1766 obitus
619 1708 850 1763 Leandri
880 1711 1188 1763 constituat.
1220 1708 1441 1765 Constat
1489 1709 1748 1765 [siderum
1793 1711 1989 1766 abiisse

2096 1722 2146 1773 in
2177 1721 2291 1772 Vita
2316 1719 2371 1771 S.
2405 1716 2672 1771 Ildelottsi.

410 1815 556 1853 anno
581 1797 707 1865 656,
738 1808 794 1853 ut
847 1814 913 1852 ex
968 1798 1270 1867 Redernpto
1318 1800 1577 1867 arguitur,
1626 1800 1807 1855 sedem
1857 1815 1987 1855 vero

410 1890 779 1961 Hispalensem
815 1892 1050 1945 tenuisse
1079 1891 1232 1945 annis
1281 1890 1448 1945 ferme
1474 1891 1579 1959 40,
1621 1902 1678 1947 ut
1713 1892 1867 1963 ιω
1914 1893 1989 1947 ait

413 1980 737 2036 Ildefonsus.
760 2036 763 2037 ν
789 1979 1073 2047 Colligitur
1118 1995 1246 2050 ergo
1276 1979 1532 2033 Isidorum
1563 1996 1704 2035 anno
1734 1979 1858 2046 59G,
1895 1990 1989 2037 aut

410 2072 571 2142 paulo
619 2080 759 2142 post,
783 2071 848 2125 ad
889 2072 1255 2141 episcopatum
1298 2079 1545 2125 evectum
1592 2072 1774 2135 fuisse,
1823 2082 1987 2139 atque

410 2161 545 2216 adeo
575 2160 734 2230 paulo
762 2168 888 2214 ante
938 2158 1239 2214 Leandrum
1270 2158 1435 2212 vitam
1462 2173 1585 2212 cum
1616 2166 1790 2212 morte
1837 2172 1989 2212 com-

411 2264 666 2310 mutasse.
699 2252 927 2320 Conjicit
956 2262 1246 2322 prmterea,
1280 2266 1421 2304 anno
1452 2249 1574 2316 597,
1619 2265 1726 2318 quo
1751 2258 1991 2319 tempore

412 2347 554 2401 aliud
596 2345 885 2401 cont-ilium
916 2343 1238 2398 Toletanum
1292 2344 1390 2397 sub
1432 2341 1705 2396 Recaredo
1751 2340 1991 2396 celebrae

412 2435 586 2499 batur,
618 2434 795 2487 adhuc
824 2447 1039 2487 vacasse
1070 2430 1360 2485 Ecclesium
1416 2430 1815 2499 Hispalensem;
1866 2445 1989 2482 nam

410 2526 564 2583 deest
589 2525 910 2594 subscriptio
928 2522 1163 2593 episcopi
1189 2521 1533 2593 Ilispalensis,
1555 2536 1673 2577 cum
1696 2536 1762 2577 ex
1789 2529 1990 2575 metro-

411 2617 663 2688 politanis
690 2614 1028 2671 interfuerint
1057 2612 1304 2665 Massona
1337 2610 1717 2673 Emeritensis,
1750 2610 1993 2680 Migetius

413 2705 812 2771 Narbonensis,
858 2712 916 2759 et
961 2701 1253 2771 Adelphius
1282 2701 1574 2756 Toletanus
1609 2719 1620 2755 :
1654 2716 1718 2756 ex
1750 2716 1857 2770 quo
1880 2702 1993 2754 col-

412 2793 502 2863 ligi
536 2803 733 2863 potest,
766 2794 929 2847 totius
957 2790 1220 2862 Ilispanim
1252 2800 1305 2845 et
1346 2790 1531 2846 Galliae
1554 2791 1781 2859 gothica:
1806 2790 1990 2846 conci-

412 2883 544 2939 lium
584 2882 764 2949 fuisse,
804 2884 1047 2954 quamvis
1076 2882 1345 2937 sexdecim
1378 2892 1581 2936 tantum
1613 2883 1897 2954 episcopos
1926 2882 1993 2938 ad

413 2975 469 3029 id
494 2976 807 3046 Convenisse
838 2975 888 3027 in
920 2973 1054 3027 actis
1092 2973 1332 3041 legatur;
1384 2972 1436 3025 in
1480 2973 1616 3028 hanc
1668 2972 1836 3041 ipsam
1868 2988 1993 3029 sen-

2160 1810 2211 1862 6.
2242 1808 2543 1863 Concilium
2575 1806 2891 1860 Toletanum
2924 1822 2974 1861 tv
3004 1806 3075 1859 ita
3108 1805 3404 1874 praescribit
3429 1821 3551 1859 can.
3577 1805 3664 1857 23.

2092 1901 2267 1955 Prona
2288 1911 2363 1953 est
2391 1901 2568 1955 omnis
2588 1912 2713 1953 tetas
2735 1898 2798 1950 ab
2828 1899 3175 1952 adolescentia
3204 1900 3256 1951 in
3288 1900 3515 1960 malum;
3540 1898 3668 1950 nihil

2090 1993 2223 2045 enim
2252 1992 2496 2043 incertius
2526 2006 2676 2059 quant
2715 1990 2815 2042 vita
2846 1990 3259 2044 adolescentium.
3296 1986 3374 2040 0b
3415 1988 3508 2040 hoc
3546 2005 3668 2039 con-

2089 2081 2401 2137 stituendum
2436 2082 2677 2148 oportuit,
2718 2089 2771 2131 ut
2802 2080 2844 2131 si
2872 2081 2955 2147 qui
3002 2080 3057 2131 in
3101 2078 3236 2131 clero
3276 2078 3486 2147 puberes
3532 2077 3662 2146 (AL,

2091 2172 2396 2241 impuberes)
2427 2180 2515 2222 aut
2559 2169 2906 2222 adolescentes
2955 2169 3207 2229 existunt,
3259 2184 3433 2221 omnes
3480 2168 3665 2220 inuno

2091 2264 2319 2319 conclavi
2352 2264 2479 2315 atrii
2522 2270 2916 2325 commoremur,
2948 2268 3001 2312 ut
3042 2258 3250 2313 lubrica:
3295 2259 3463 2312 (etatis
3506 2275 3669 2311 annos

2092 2372 2197 2409 non
2229 2356 2282 2407 in
2314 2354 2545 2416 luxuria,
2591 2351 2681 2404 sed
2709 2352 2761 2403 in
2795 2350 3078 2419 disciplinis
3107 2349 3461 2402 ecclesiasticis
3490 2358 3670 2420 agant,

2093 2443 2319 2513 deputati
2350 2440 2712 2510 probatissimo
2739 2438 2952 2500 seniori,
2981 2454 3127 2502 quem
3157 2439 3455 2497 magistrum
3487 2438 3672 2489 doctri-

2094 2550 2173 2588 na:
2200 2542 2247 2586 et
2276 2542 2450 2585 testem
2481 2534 2595 2586 vita:
2636 2532 2949 2585 habeant....
2982 2527 3081 2593 Qui
3110 2541 3277 2583 autem
3303 2530 3380 2583 his
3406 2531 3672 2599 praceptis

2094 2623 2466 2685 resultarerint,
2492 2623 2815 2675 monasteriis
2854 2622 3180 2689 deputentur,
3204 2629 3259 2672 ut
3288 2628 3530 2690 vagantes
3554 2618 3672 2671 ani~

2094 2716 2162 2768 mi
2183 2722 2231 2767 et
2256 2711 2458 2781 superbi
2478 2714 2715 2766 severiori
2741 2711 2914 2781 regula
2943 2710 3337 2779 distringantur.
3357 2708 3485 2775 Quis
3513 2709 3673 2777 igitur

2094 2803 2195 2858 sibi
2223 2819 2327 2857 non
2359 2802 2697 2872 persuadeat,
2727 2799 3014 2865 Isidornm,
3049 2800 3211 2855 etiam
3254 2808 3539 2868 antequam
3570 2800 3672 2854 hoc

2094 2894 2382 2948 concilium
2416 2892 2654 2946 habitum
2687 2890 2899 2958 fuisset,
2935 2900 3042 2944 tam
3101 2889 3229 2945 utile
3276 2890 3536 2944 monitum
3568 2906 3671 2944 non

2095 2984 2446 3038 observasse?

415 3066 546 3119 tenti
583 3080 632 3117 in
658 3065 941 3118 inclinasse
965 3063 1173 3117 videtur
1196 3059 1617 3131 pseudo—Iuliani
1644 3062 1986 3116 architectus.
2020 3082 2063 3140 ρ
2164 3073 2217 3127 7,
2249 3073 2467 3128 Accedit
2493 3071 2688 3135 Cixila,
2717 3073 2805 3141 qui
2832 3071 3003 3125 Vitam
3044 3070 3098 3124 S.
3132 3070 3383 3125 Ildel‘onsi
3413 3071 3491 3125 sic
3518 3086 3673 3127 εχοιο-

483 3156 535 3208 5.
565 3152 719 3207 Aliud
750 3162 923 3207 tamen
950 3151 1113 3206 sentit
1135 3150 1289 3206 Joan.
1324 3151 1561 3221 Baptista
1596 3150 1756 3205 Perez
1786 3151 1838 3204 in
1870 3160 1984 3205 not.

410 3244 480 3301 ad
519 3247 609 3301 lib.
656 3246 843 3300 Isidori
894 3246 960 3301 de
988 3246 1100 3302 Vir.
1133 3245 1357 3311 lllustr.,
1386 3262 1504 3316 cap.
1536 3246 1625 3313 III,
1677 3246 1767 3315 qui
1824 3245 1995 3302 Lean-

411 3339 565 3394 drum
594 3352 738 3391 anno
764 3336 865 3391 600
892 3346 1159 3392 mortuum
1189 3339 1363 3406 arguit
1390 3339 1469 3392 his
1497 3339 1843 3408 conjecturis.
1876 3336 1995 3392 Pri-

408 3442 557 3480 mum
586 3428 713 3494 quia
759 3425 992 3481 Isidorus
1033 3428 1108 3481 ait
1150 3443 1271 3482 eum
1315 3428 1420 3481 vita
1478 3428 1717 3483 functum
1750 3437 1995 3499 tempore

410 3517 686 3573 Recaredi
712 3519 872 3584 regis,
907 3518 997 3587 qui
1026 3518 1158 3572 obiit
1188 3534 1329 3573 anno
1376 3518 1498 3573 600.
1530 3518 1648 3575 Non
1698 3534 1828 3575 vero
1859 3535 1997 3574 mor-

413 3619 570 3665 tuum
602 3608 903 3663 Leandrum
932 3617 1057 3662 ante
1087 3608 1243 3662 istum
1273 3624 1468 3661 annum
1498 3609 1600 3662 600
1626 3626 1691 3665 ex
1712 3625 1776 3665 eo
1804 3610 1991 3682 liquet,

411 3697 559 3766 quod
613 3697 904 3767 Gregorius
962 3712 1101 3768 papa
1151 3697 1215 3751 ad
1268 3698 1567 3753 Leandrum
1622 3700 1805 3754 scribit
1851 3716 1994 3755 anno

412 3787 535 3843 599.
568 3787 643 3841 Ita
672 3788 940 3842 constabit
987 3803 1195 3842 summa
1227 3804 1490 3842 annorum
1532 3789 1873 3857 episcopatus
1901 3789 1995 3844 Isi-

413 3878 529 3932 dori
579 3877 746 3931 ferme
776 3876 873 3942 40,
910 3885 968 3930 ut
1008 3876 1083 3930 ait
1133 3875 1446 3931 lldefonsus.
1505 3876 1636 3931 Nam
1682 3878 1769 3946 qui
1824 3892 1994 3933 annos

413 3963 579 4020 ferme
602 3962 672 4017 40
704 3964 861 4030 dicit,
911 3964 1195 4020 commode
1244 3965 1464 4033 intelligi
1509 3966 1704 4033 poterit
1743 3966 1810 4021 de
1840 3968 1993 4021 annis

410 4056 499 4110 36.
532 4055 897 4111 Vehementer
943 4062 1121 4109 tamen
1166 4054 1350 4109 dubito
1402 4071 1468 4109 an
1520 4054 1839 4122 IIdefonsus,
1901 4059 1990 4126 qui

411 4153 558 4199 certe
585 4160 845 4199 annorum
885 4160 1166 4199 numerum
1200 4145 1337 4199 scire
1366 4146 1575 4212 debuit,
1626 4146 1696 4201 ita
1731 4147 1875 4216 loqui
1908 4163 1994 4201 vo-

413 4234 599 4299 luerit;
634 4249 754 4286 nant
790 4233 857 4287 de
891 4232 1128 4301 Eugenio
1175 4231 1217 4286 Il
1262 4234 1333 4287 ait
1364 4252 1377 4287 :
1413 4233 1555 4288 Vixit
1603 4236 1657 4287 in
1702 4236 1991 4289 sacerdotio

414 4328 519 4395 fere
547 4326 781 4377 undecim
808 4326 981 4388 annis,
1018 4333 1071 4378 et
1100 4325 1165 4379 de
1203 4323 1441 4393 Eugenio
1470 4324 1533 4378 Ill
1566 4325 1699 4380 Fere
1723 4326 1991 4379 duodecim

2094 3163 2273 3218 ditur:
2304 3161 2438 3216 Ecce
2489 3163 2650 3233 dapes
2694 3163 2925 3230 melli/iui
2964 3164 3105 3217 ilius
3152 3162 3347 3216 domini
3390 3162 3673 3232 lldefonsi,

2094 3268 2220 3321 quas
2250 3251 2311 3304 de
2337 3249 2590 3305 Paradiso
2624 3249 2717 3304 Dei
2744 3251 2972 3320 rapiens,
3002 3260 3103 3319 etp
3136 3269 3161 3304 r
3184 3261 3342 3304 totum
3369 3250 3668 3319 Hesperiam

2096 3340 2414 3411 dispergens,
2456 3340 2682 3393 inediam
2720 3350 2950 3393 nostram
2974 3342 3168 3410 ingenti
3192 3343 3327 3394 satia
3360 3343 3399 3393 it
3427 3333 3671 3411 eloquio:

2097 3446 2199 3482 non
2229 3431 2397 3499 impar
2436 3430 2628 3483 meritis
2671 3431 2983 3483 sanctissimi
3030 3430 3168 3483 illius
3215 3432 3409 3484 domini
3458 3430 3670 3493 Isidori,

2097 3518 2159 3571 de
2178 3517 2322 3587 cujus
2344 3520 2484 3586 {ante
2506 3519 2674 3571 adhuc
2697 3520 2968 3573 clientulus
2988 3522 3290 3590 purissimos
3315 3522 3492 3574 latices
3514 3522 3636 3574 bibit
3651 3529 3694 3576 :'

2096 3624 2217 3660 nam
2247 3607 2467 3660 directus
2515 3625 2547 3659 α
2595 3617 2774 3663 sancto
2823 3626 2883 3661 ac
2928 3609 3204 3661 venerabili
3246 3627 3381 3678 papa
3414 3609 3666 3680 Eugenio,

2100 3697 2362 3753 Toletance
2376 3698 2511 3751 sedis
2533 3699 2925 3766 metropolitano
2942 3699 3196 3767 episcopo,
3223 3700 3291 3751 ad
3318 3701 3671 3769 supradictum

2095 3797 2384 3858 doctorem,
2448 3791 2806 3860 Hispalensem
2854 3791 3303 3860 metropolitanum
3354 3794 3666 3863 episcopum,

2094 3897 2207 3933 cum
2234 3880 2331 3933 sibi
2367 3880 2482 3951 jam
2520 3879 2705 3933 sciolus
2736 3878 3018 3942 videbatur,
3072 3879 3199 3933 adeo
3243 3881 3305 3932 ab
3335 3898 3393 3935 eo
3423 3892 3592 3935 tentus
3624 3891 3673 3933 et

2094 3970 2349 4034 elimatus,
2380 3978 2449 4034 et,
2479 3980 2533 4022 ut
2563 3972 2752 4038 ferunt,
2788 3970 3055 4040 temporali
3086 3972 3223 4039 ferro
3260 3973 3585 4032 constrictus,
3616 3984 3672 4025 ut

2093 4061 2138 4113 si
2161 4061 2281 4129 quid
2309 4062 2537 4113 scientiae
2560 4060 2754 4124 deerat,
2797 4060 2992 4128 plenius
3018 4061 3297 4112 instructus
3334 4060 3403 4112 ad
3430 4062 3673 4130 paedago-

2094 4168 2215 4222 gum
2257 4167 2403 4204 suum
2456 4151 2696 4204 damnum
2750 4148 3036 4218 Eugenium
3086 4165 3360 4214 remeans,
3407 4167 3509 4203 non
3556 4160 3670 4217 p01

2094 4241 2278 4297 multos
2303 4241 2410 4293 dies
2441 4241 2607 4293 adhuc
2654 4239 2877 4292 diaconii
2926 4238 3155 4309 ofﬁcium
3184 4255 3452 4309 peragens,
3487 4240 3539 4292 in
3586 4254 3673 4293 ec-

2094 4331 2248 4384 clesia
2278 4340 2573 4385 sanctorum
2600 4327 2799 4382 Cosma:
2824 4337 2873 4381 et
2914 4326 3177 4391 Damiani,
3226 4343 3340 4390 qua:
3367 4328 3468 4379 sita
3497 4336 3571 4381 est
3613 4328 3668 4391 in

412 4419 565 4471 annis
596 4427 767 4470 tenens
794 4416 1124 4487 dignitatem;
1155 4425 1314 4487 atque
1342 4419 1411 4470 ita
1437 4417 1682 4471 similiter
1711 4419 1762 4472 in
1786 4417 1990 4474 Isidoro
2019 4436 2070 4496 ι)
2094 4422 2335 4475 suburbio
2361 4419 2629 4485 Toletano,
2663 4418 3187 4487 abba‘prwﬁceretur.

412 4508 622 4563 videtur
658 4508 899 4571 innuere,
956 4523 1076 4561 eum
1128 4524 1325 4561 annum
1374 4510 1840 4578 quadragesimum
1885 4510 1992 4579 epi-

410 4608 662 4670 scopatus
691 4614 857 4668 prope
894 4600 1150 4667 attigisse,
1183 4614 1288 4653 non
1322 4609 1496 4653 tamen
1520 4602 1895 4670 complevisse.

485 4687 539 4743 4.
571 4688 861 4751 Florczius,
898 4698 1026 4743 tom.
1052 4687 1121 4742 IX
1168 4687 1317 4756 Ilisp.
1354 4703 1516 4749 sacr.,
1551 4703 1672 4757 pag.
1704 4688 1822 4752 182,
1850 4704 1993 4743 erro-

408 4790 530 4833 rem
577 4777 782 4831 numeri
826 4777 1056 4830 advertit
1106 4777 1157 4829 in
1202 4774 1523 4829 Kalenxlario
1570 4776 1738 4829 veteri
1782 4775 1927 4829 edito
1959 4791 1988 4828 a

411 4862 729 4929 Muratorio,
783 4874 922 4934 part.
958 4882 1019 4926 tl,
1073 4873 1200 4918 tom.
1234 4864 1274 4918 II
1324 4864 1519 4933 Script.
1567 4880 1673 4918 rer.
1707 4864 1842 4930 ital.,
1882 4865 1987 4921 col.

411 4953 590 5009 102i:
623 4953 761 5007 .Era
808 4971 944 5009 non.
991 4955 1115 5007 obiit
1159 4953 1395 5007 Leander
1437 4956 1737 5024 episcopus,
1770 4954 1873 5009 hoc
1912 4962 1994 5009 est

413 5057 558 5095 anna)
600 5040 722 5095 602.
773 5042 892 5111 Ipse
938 5059 1081 5096 anno
1115 5042 1216 5097 599
1262 5052 1314 5096 et
1365 5042 1661 5097 Leandrum
1694 5044 1910 5109 obiisse,
1940 5055 1995 5099 et

412 5129 674 5187 lsidorum
698 5142 1069 5188 consecratum
1096 5136 1404 5203 episc0pum
1425 5133 1789 5205 Hispalensem
1811 5136 1991 5203 fuisse,

417 5222 747 5291 probabilius
776 5238 894 5275 esse
925 5224 1193 5291 opinatur.
1249 5223 1433 5305 Neque
1474 5224 1807 5279 immorabor
1834 5226 1885 5279 in
1916 5242 1997 5281 re-

414 5309 645 5365 fellendo
673 5325 857 5364 errore
877 5310 1089 5364 Codicis
1110 5312 1386 5379 cujusdam
1413 5312 1701 5367 Florentini
1730 5314 1988 5370 librorum

414 5405 603 5453 contra
631 5397 862 5463 Judmos,
907 5414 1065 5467 quem
1094 5415 1213 5467 cap.
1248 5399 1317 5453 45
1341 5401 1671 5467 describam,
1731 5401 1988 5457 lsidorum

417 5486 584 5543 fuisse
612 5487 915 5542 Toletanum
943 5490 1254 5557 episcopum,
1279 5490 1391 5544 sive
1419 5490 1606 5545 innuat
1638 5491 1797 5546 fuisse
1821 5494 1991 5562 patria

420 5578 738 5633 Toletanum
769 5587 823 5631 et
852 5579 1161 5646 episcopum
1192 5578 1591 5650 IIiSpalcnsetn,
1626 5581 1739 5638 sive
1780 5584 1993 5653 episco-

416 5681 607 5739 patum
636 5669 954 5725 Toletanum
986 5670 1237 5727 tenuisse.

2168 4510 2221 4563 8.
2255 4509 2328 4563 Es
2351 4525 2416 4564 eo
2445 4510 2669 4577 collegio
2699 4508 3016 4577 Hispalensi,
3048 4510 3097 4560 in
3128 4522 3234 4575 quo
3254 4504 3556 4561 lldefonsus
3584 4520 3672 4561 ec-

2097 4598 2407 4654 clesiasticis
2433 4598 2727 4667 disciplinis
2749 4596 2993 4652 excultus
3022 4596 3137 4659 fuit,
3166 4596 3502 4651 Braulionem
3534 4613 3673 4667 quo-

2096 4704 2201 4757 que
2231 4688 2513 4744 emicuisse
2558 4689 2847 4757 scriptores
2883 4688 3062 4740 saeculi
3110 4692 3198 4741 sui
3240 4687 3438 4757 aliique
3481 4702 3671 4743 recen-

2099 4778 2262 4832 tiores
2302 4776 2559 4831 referunt.
2590 4777 2903 4831 Consonant
2930 4774 3099 4830 officia
3133 4775 3416 4846 IIispanica
3456 4787 3673 4833 saneto-

2097 4882 2215 4919 rum
2244 4866 2312 4919 ad
2338 4866 2479 4920 diem
2513 4864 2578 4917 18
2609 4864 2819 4928 Martii,
2850 4880 2957 4933 quo
2984 4863 3043 4919 S.
3078 4867 3290 4920 llraulio
3321 4868 3624 4922 celebratur
3654 4886 3666 4919 :

2098 4953 2307 5008 Litteris
2333 4970 2448 5008 vero
2472 4952 2830 5024 informandus
2871 4952 3156 5008 S.lsidoro
3196 4957 3434 5025 episcopo
3476 4957 3664 5019 Hispa-

2096 5046 2227 5100 lensi
2256 5047 2494 5110 traditus,
2522 5046 2577 5098 id
2605 5047 2823 5115 primum
2854 5044 3004 5115 1&2
3033 5055 3109 5098 est
3139 5055 3421 5113 assecutus,
3450 5055 3502 5097 ut
3528 5044 3591 5096 ab
3611 5060 3670 5098 eo

2096 5137 2387 5191 charissimi
2414 5139 2510 5207 filii
2554 5139 2664 5192 loco
2712 5136 3014 5201 haberetur;
3061 5140 3194 5192 tanti
3243 5141 3479 5205 deinceps
3522 5138 3667 5189 illum

2099 5229 2296 5299 fecerit,
2338 5239 2392 5281 ut
2420 5228 2576 5282 libros
2602 5228 2650 5280 ei
2690 5243 2808 5282 suos
2835 5228 2904 5281 ad
2934 5227 3309 5281 emendandum
3348 5237 3497 5291 atque
3532 5229 3671 5281 ordi-

2098 5321 2325 5373 nandum
2353 5319 2747 5374 commendaret.
2788 5318 2913 5383 Sed,
2947 5328 3003 5373 ut
3031 5334 3153 5389 cap.
3185 5318 3219 5372 4
3248 5318 3415 5383 innui,
3443 5331 3511 5371 ex
3540 5318 3672 5371 anti-

2097 5410 2217 5478 quis
2242 5410 2604 5465 monumentis
2626 5409 2675 5464 id
2718 5410 2918 5479 liquido
2947 5414 3055 5465 no'n
3075 5424 3175 5465 con
3209 5417 3305 5463 tat.
3336 5406 3671 5465 Probabilisr

2040 5559 2063 5581 .
2097 5498 2403 5565 conjectura
2449 5507 2532 5553 est
2575 5500 2641 5554 de
2692 5498 3011 5569 Redempto,
3078 5501 3169 5568 qui
3212 5499 3569 5555 narrationem
3598 5500 3668 5557 de

2091 5588 2247 5642 obitu
2284 5588 2340 5643 S.
2373 5588 2557 5645 Isidori
2581 5591 2821 5660 scripsit;
2854 5606 2975 5645 nam
3002 5606 3123 5645 cum
3154 5591 3199 5645 is
3228 5592 3457 5647 clericus
3486 5594 3665 5649 eccle-

2092 5677 2191 5732 size
2219 5676 2545 5751 Ilispalensis
2576 5681 2629 5735 itt
2677 5679 2998 5736 membranis
3026 5680 3410 5751 antiquissimis
3440 5684 3663 5751 dicatur.
