4012 6196
407 232 515 303 lis

1147 245 1237 301 AD
1273 193 1499 302 orsus
1539 241 1599 297 s.
1637 235 1880 296 isiooni
1923 230 2355 292 utsmcssse
2395 231 2926 292 PROLECOMENA.

3555 233 3659 288 1ῗο

407 355 777 429 [siderumque
803 358 1077 414 damimnn
1117 369 1271 412 suum
1302 363 1476 422 vocet,
1504 367 1715 422 aequum
1745 362 1827 406 est
1858 365 1974 405 cre-
2005 348 2052 405 Α
2077 344 2226 410 dari,
2275 347 2501 416 aliisque
2538 346 2760 400 vetustis
2813 343 3176 400 monumentis
3225 343 3504 399 Flumine
3529 357 3654 413 pag.

406 448 564 515 dere,
597 450 649 504 in
676 451 903 520 collegio
947 448 1246 518 Hispalensi
1271 460 1395 501 eum
1437 446 1574 499 inter
1599 443 1734 497 alios
1757 441 1980 510 juvenes

405 539 634 596 clericos
659 540 964 596 institutum
993 539 1180 593 fuisse.

997 646 1225 702 CAPUT
1261 644 1379 701 XXI

411 741 642 798 Isidorus
686 757 824 795 anna
871 739 974 796 610
1023 740 1229 792 decreto
1283 736 1600 790 Cundemari
1661 732 1979 799 subscripsit.

481 833 678 888 Deinde
697 831 927 887 conciliis
960 831 1256 900 Hispalensi
1281 842 1316 882 ιι
1337 839 1384 882 et
1416 823 1662 882 Toletano
1685 842 1732 880 tv
1747 822 1978 900 praefuit.

475 927 558 979 An
584 925 703 978 aliis
731 925 888 978 etiam
916 919 1148 976 conciliis
1177 915 1503 990 interfuerit?

481 1017 532 1070 1.
563 1015 696 1069 Cum
727 1030 780 1067 Ill
811 1013 1016 1083 synodo
1043 1010 1304 1065 Toletana
1340 1007 1439 1063 sub
1468 1004 1811 1060 Gundemaro
1841 1015 1982 1056 anno

407 1103 512 1161 610
543 1099 782 1175 episcopi
809 1096 1261 1167 Carthaginiensis
1285 1094 1572 1168 provincia:
1595 1096 1980 1158 declarassem,

409 1194 809 1266 metropolitani
851 1193 1082 1247 nominis
1111 1191 1484 1245 auctoritatem
1536 1187 1588 1241 in
1635 1200 1822 1240 omnes
1862 1184 1981 1253 epi-

407 1299 604 1355 sc0pos
651 1283 889 1352 ejusdem
939 1282 1229 1352 provincia:
1266 1293 1333 1334 ex
1375 1278 1715 1346 antiquorum
1765 1274 1979 1328 Patrum

406 1375 650 1449 synodali
672 1374 936 1429 sententia
961 1371 1185 1427 antistiti
1213 1363 1473 1424 Toletano
1503 1366 1810 1429 convenire,
1839 1363 1980 1419 Gun«

408 1469 656 1522 demarus
683 1482 777 1522 rtx
798 1465 987 1521 eodem
1019 1479 1160 1518 anno
1189 1463 1461 1517 decretum
1493 1459 1677 1523 edidit,
1708 1471 1816 1528 quo
1842 1457 1982 1526 ejus-

409 1559 550 1614 moli
596 1557 1016 1611 declaratonem
1068 1551 1435 1608 caiiﬁrniatani
1497 1566 1616 1606 esse
1661 1549 1847 1614 voluit,
1896 1550 1981 1603 cui

408 1657 530 1720 post
579 1642 976 1702 Cundemarum
1023 1639 1542 1712 subseripseruntﬁﬁ
1570 1637 1843 1708 episcOpi,
1891 1638 1980 1705 qui

407 1739 476 1793 ad
525 1737 854 1809 provinciam
906 1733 1402 1802 Carthaginiensem
1472 1745 1577 1784 non
1643 1726 1977 1796 Spt'Clabillll.

408 1819 604 1882 Eorum
634 1828 834 1898 primus
862 1823 1095 1883 Isidorus
1125 1825 1194 1878 ita
1222 1842 1233 1875 :
1261 1817 1372 1892 Ego
1400 1821 1634 1894 Isidorus
1659 1821 1983 1890 llispalensis

410 1914 656 1973 Ecclesia:
696 1917 970 1984 provincia:
1011 1910 1218 1969 Baetica:
1247 1913 1664 1981 Metropolitanus
1692 1913 1980 1979 episcopus,

409 2009 530 2061 dum
546 2010 598 2062 in
621 2005 1115 2061 urbem’Taletanum
1135 2022 1227 2074 pro
1245 2018 1456 2057 occursu
1484 2003 1624 2072 regia
1645 2001 1984 2064 advenissem,

409 2100 599 2171 agnitis
627 2099 705 2152 liis
735 2095 1184 2152 constitutionibus
1215 2111 1480 2149 assensum
1520 2093 1738 2162 praebui,
1772 2102 1820 2146 et
1867 2091 1987 2145 sub-

410 2189 612 2258 scripsi.
661 2185 967 2242 Succedunt
1021 2185 1463 2254 metropolitanus
1512 2181 1892 2246 Emeritensis,
1933 2190 1990 2236 et

410 2278 499 2331 alii
528 2276 785 2348 cpi-copi,
809 2277 862 2330 in
890 2275 1083 2346 quibus
1112 2261 1424 2344 Fulgentius
1452 2273 1776 2341 Astigitanus
1800 2271 1987 2327 Isidori

411 2367 595 2422 frater.
633 2367 916 2422 Decretum
966 2363 1292 2420 Cundemari
1337 2364 1428 2433 qui
1478 2378 1575 2433 pro
1606 2363 1836 2432 primatu
1886 2360 1988 2417 Ec-

409 2478 424 2508 t
443 2456 584 2511 lesiae
627 2456 900 2511 Toletanu:
929 2454 981 2507 in
1011 2455 1283 2507 universas
1312 2451 1564 2506 ecclesias
1609 2449 1877 2520 Hispaniae
1905 2450 1987 2504 al-

413 2552 616 2620 legant,
646 2562 832 2620 parum
862 2545 1152 2616 prudenter
1181 2552 1362 2612 agunt.

480 2644 534 2696 2.
561 2643 616 2696 In
645 2637 899 2697 Conciliis
920 2637 1184 2710 Hispania:
1207 2639 1321 2693 111:0
1341 2644 1520 2692 exstat
1547 2635 1734 2692 lsidori
1762 2636 1984 2691 mentio.

411 2731 651 2791 Concilio
690 2744 728 2787 ιι
753 2727 1087 2800 Ilispalensi,
1129 2735 1389 2798 regnante
1418 2726 1688 2792 Sisebuto,
1717 2742 1859 2781 anno
1884 2724 1988 2780 619

412 2827 525 2883 sive
552 2823 678 2892 618,
729 2831 788 2877 ut
833 2822 1023 2892 Pagius
1051 2820 1392 2887 Mansiusque
1440 2820 1493 2873 in
1541 2826 1654 2872 not.
1689 2817 1758 2872 ad
1787 2817 1985 2872 Baron.

413 2931 540 2970 ann.
571 2911 674 2968 619
700 2913 930 2975 malunt,
963 2909 1191 2982 pr.cl‘uit.
1216 2909 1512 2964 Rodericus
1540 2906 1831 2964 Toletanus
1859 2906 1898 2961 l.
1931 2922 1989 2974 ιι,

414 3020 466 3058 c.
485 3003 573 3069 17,
599 3017 800 3056 annum
830 3000 988 3068 hujus
1015 2999 1241 3054 Concilii
1270 2999 1409 3053 male
1435 2999 1699 3066 protraxit
1729 2997 1797 3052 ad
1826 3014 1986 3052 teram

413 3058 702 3161 ﬁﬁl,'sive
749 3058 947 3146 annum
1002 3089 1212 3144 Domini
1256 3083 1378 3142 623.
1411 3058 1713 3154 Hlorezius,
1761 3103 1815 3156 p.
1862 3084 1986 3150 258,
2015 3058 2062 3119 ο

416 3198 548 3242 tom.
577 3179 666 3252 IX,
698 3202 895 3240 annum
942 3183 1046 3239 619
1091 3187 1305 3247 statuit,
1337 3182 1479 3254 quod
1521 3181 1646 3236 Mss.
1678 3195 1865 3236 omnes
1890 3177 1989 3234 Co-

415 3279 560 3335 dices
587 3277 729 3349 apud
761 3277 1036 3332 Perezium
1069 3283 1124 3329 et
1149 3273 1392 3328 Loaisam
1428 3271 1480 3326 in
1521 3271 1847 3339 designanda
1882 3284 1989 3323 a‘ra

416 3369 522 3427 657
569 3369 943 3434 consentiant;
993 3367 1236 3435 adeoque
1283 3378 1425 3418 anno
1473 3361 1504 3415 7
1557 3360 1830 3427 Sisebuli,
1884 3377 1990 3415 non

417 3479 586 3528 nono,
637 3473 696 3518 ut
741 3462 955 3532 quidam
987 3459 1203 3523 habent,
1258 3457 1545 3512 concilium
1584 3462 1832 3510 eoactum
1862 3469 1993 3507 con-

422 3554 609 3611 cludit.
659 3550 815 3626 11‘3
848 3549 1002 3620 Apud
1050 3549 1362 3616 Dupinium,
1397 3555 1526 3601 tom.
1573 3545 1609 3598 γ
1655 3544 1789 3599 Bibl.
1823 3539 1994 3608 Eccl.,

419 3663 572 3701 error
601 3645 1020 3717 typographicus
1048 3642 1256 3696 videtur
1299 3656 1471 3694 annus
1498 3638 1601 3693 6M
1632 3654 1728 3708 pro
1755 3636 1859 3692 618
1904 3645 1997 3692 aut.

422 3738 544 3792 ﬁl9.
578 3737 652 3790 En
681 3734 966 3790 Exordium
999 3753 1011 3786 :
1041 3735 1106 3787 In
1151 3734 1356 3786 nomine
1383 3731 1594 3785 Domini
1622 3740 1670 3784 et
1707 3729 1996 3785 Saluatoris

423 3827 584 3879 nostri
612 3825 737 3878 Jesu
779 3823 969 3878 Christi
1011 3821 1269 3888 Isidorus,
1297 3821 1536 3886 Bisinus,
1567 3818 1822 3888 Rufﬁnus,
1851 3812 1999 3870 Camo

423 3919 536 3981 bra,
569 3915 862 3978 Fidentius,
919 3913 1301 3983 Theodulplzus,
1341 3924 1387 3965 et
1441 3910 1704 3964 Honorius
1750 3910 1994 3977 episcopi,

421 4011 506 4081 qui
535 4007 727 4079 pariter
741 4007 795 4061 in
819 4006 942 4060 urbe
973 4005 1270 4075 Hispalensi
1299 4021 1391 4074 pro
1420 4004 1671 4072 aliquibus
1691 3999 1999 4053 ecclesiasti-

423 4105 498 4156 cis
524 4101 739 4171 negotiis
767 4098 1047 4153 coatlunati
1097 4113 1291 4150 sumus.
1343 4091 1734 4147 Considentibus
1774 4089 1997 4143 nobisin

424 4192 701 4248 secretaria
730 4196 1077 4243 sacrosancta:
1122 4183 1448 4236 Hierusalem
1482 4180 1807 4250 Hispalensis
1834 4179 1997 4230 eccle-

425 4283 519 4335 sia:
546 4295 661 4332 cum
685 4276 970 4332 illustribus
999 4274 1120 4326 viris
1149 4272 1381 4334 Sisiscla,
1413 4278 1607 4324 rectore
1635 4285 1806 4322 rerum
1830 4266 2000 4337 publi-

426 4385 635 4437 carum,
705 4378 858 4438 atque
913 4363 1234 4430 Suanilane,
1277 4371 1451 4416 actore
1497 4376 1662 4414 rerum
1710 4359 1996 4429 ﬁscalium,

428 4469 633 4514 astante
654 4456 1039 4528 religiosissima
1061 4454 1359 4508 clericorum
1378 4461 1526 4504 creta.
1552 4449 1790 4503 Ecclesia
1813 4447 1997 4517 Hispa-

430 4551 593 4606 lensis
619 4548 812 4603 dicitur
841 4544 1170 4600 Hierusalem
1191 4581 1206 4607 ,
1237 4540 1484 4595 nimirum
1515 4555 1578 4594 ex
1612 4539 1827 4593 civitate
1873 4535 1997 4592 Hie-

429 4640 686 4706 rusalem,
715 4653 874 4707 quam
901 4634 1135 4691 Joannes
1172 4634 1224 4687 in
1269 4630 1591 4701 Apocalypsi
1617 4630 1888 4684 describit.

502 4728 552 4782 3.
579 4727 657 4781 Ita
686 4727 846 4780 etiam
885 4725 1114 4780 ecclesia
1143 4721 1491 4777 Emeritensis
1516 4720 1710 4774 dicitur
1747 4719 2001 4773 Hierusa-

433 4815 539 4872 lem
567 4817 618 4869 in
650 4815 879 4870 concilio
911 4811 1224 4866 Emeritensi
1243 4851 1257 4877 ,
1285 4819 1340 4865 et
1368 4809 1507 4876 apud
1554 4808 1771 4862 Paulum
1800 4806 2001 4862 Emeri-

437 4917 641 4964 tensem
670 4922 787 4976 cap.
823 4904 891 4958 12
920 4920 933 4958 :
964 4903 1210 4957 Ecclesia:
1229 4906 1463 4966 senioris,
1489 4917 1602 4973 qua:
1628 4910 1834 4954 vocatur
1857 4900 2001 4954 San-

437 5008 519 5051 cta
549 4995 893 5050 Hierusalem.
919 4993 1104 5048 Simile
1133 4992 1258 5046 illud
1287 5005 1370 5047 est
1395 4993 1448 5046 in
1488 4993 1670 5046 libello
1697 4991 2002 5045 orationum

437 5085 664 5141 Gothico
695 5084 930 5152 Hispano
965 5098 1032 5136 ex
1077 5081 1273 5136 Codice
1315 5082 1612 5137 Veronensi
1653 5098 1680 5132 ιι
1715 5079 2004 5133 Blanchino

437 5177 583 5233 edito
613 5191 731 5246 pag.
747 5174 814 5228 65
835 5193 846 5227 :
870 5169 1001 5227 Item
1029 5174 1361 5241 completuria
1385 5180 1499 5240 post
1519 5171 1784 5238 explicitus
1805 5169 2003 5232 laudes,

435 5285 568 5342 quas
593 5267 860 5340 psallendo
902 5265 1093 5318 vadunt
1136 5281 1293 5334 usque
1319 5265 1388 5316 ad
1417 5263 1616 5317 Sancta
1653 5256 1700 5311 11
1711 5260 2004 5321 ierusalem,

441 5376 555 5430 quae
584 5361 637 5412 in
684 5366 863 5412 sancta
893 5354 1178 5408 Fructuosa
1207 5353 1424 5406 dicenda
1469 5361 1563 5404 est.
1599 5353 1789 5404 Sermo
1818 5359 1901 5403 est
1945 5350 2011 5402 de

444 5448 668 5503 ecclesia
691 5445 1096 5508 Tarraconensi,
1123 5460 1240 5512 quae
1261 5443 1316 5495 S.
1341 5443 1636 5496 Fructuose
1656 5441 1831 5494 dicata
1861 5450 2007 5494 erat:

445 5552 501 5593 ut
549 5540 830 5594 ecclesiam
879 5533 1172 5607 principem
1224 5531 1587 5602 Hispalensem
1639 5532 1695 5586 S.
1732 5532 2011 5588 Vincentio

444 5627 672 5683 dicatam
699 5629 891 5694 luisse,
922 5645 988 5684 ex
1029 5627 1288 5683 relatione
1337 5620 1615 5693 Redempti
1643 5625 1709 5681 de
1738 5627 1884 5682 obitu
1915 5623 2010 5684 ιει.

2028 4417 2077 4476 D

2082 436 2205 503 100,
2246 438 2280 490 l.
2311 454 2388 504 ix,
2416 437 2671 490 ostendit.
2702 434 2852 501 Quod
2884 442 3061 488 autem
3102 447 3291 486 vocem
3320 436 3650 505 secretaria;-

2083 527 2462 592 interpretatur
2487 525 2554 580 de
2584 525 2702 578 aula
2741 523 3017 588 Ecclesia},
3060 523 3114 576 in
3142 536 3249 590 qua
3295 530 3510 585 secreta,
3543 523 3652 578 sive

2082 617 2340 671 obseratis
2371 617 2572 670 foribus
2598 615 2835 670 habitum
2877 614 2975 669 fuit
3001 615 3308 677 concilium,
3353 623 3410 670 et
3436 631 3651 669 causam

2084 707 2316 776 episcopi
2353 704 2495 776 Syri,
2523 720 2646 776 qua:
2673 705 2724 759 in
2751 705 2856 758 line
2886 704 3083 758 dicitur
3122 703 3369 758 absoluta
3396 705 3451 756 in
3495 705 3652 758 tribus

2081 796 2389 862 secretariis,
2421 795 2474 848 in
2505 797 2672 851 tribus
2714 794 2936 850 secretis
2981 793 3354 863 congressibus
3383 792 3650 848 deﬁnitam

2081 885 2334 955 explicat,
2388 893 2551 954 atque
2605 885 2743 938 hanc
2795 883 3058 937 secretarii
3109 882 3552 951 signiﬁcationem
3602 886 3650 939 in

2087 976 2414 1031 Dietionario
2444 975 2697 1043 Dueangii
2723 974 2932 1039 deesse,
2959 972 3190 1042 addique
3213 987 3371 1042 posse
3400 971 3649 1039 afﬁrmat,

2083 1081 2196 1120 rem
2221 1081 2321 1120 acu
2342 1064 2557 1120 minime
2581 1064 2770 1133 tetigit.
2791 1062 2922 1117 Nam
2949 1062 3298 1117 secretarium
3330 1071 3448 1116 erat
3475 1078 3552 1116 sat
3571 1079 3654 1116 ra-

2083 1155 2221 1208 rium
2251 1153 2624 1218 ecclesiarum,
2670 1167 2810 1206 nunc
2850 1152 3130 1214 sucristia;
3177 1157 3232 1205 et
3270 1151 3322 1203 in
3365 1151 3656 1204 secretario

2082 1241 2391 1310 congregari
2416 1240 2573 1295 solita
2608 1238 2767 1295 fuisse
2791 1239 3037 1304 concilia,
3060 1239 3239 1293 multis
3263 1238 3522 1308 exemplis
3552 1238 3658 1292 Du-

2083 1332 2305 1400 eangius
2319 1332 2670 1395 demonstrat,
2696 1332 2786 1400 qui
2817 1331 2992 1385 addit:
3022 1331 3152 1384 Hinc
3180 1332 3308 1400 ipsa:
3323 1332 3655 1384 conciliorum

2081 1437 2334 1476 sessiones
2353 1422 2628 1476 secretaria
2658 1425 2764 1492 fere
2792 1436 2990 1490 semper
3018 1420 3344 1489 appellantur
3366 1435 3384 1471 :
3412 1433 3476 1474 ac
3504 1421 3655 1491 plura

2085 1513 2392 1568 testimonia
2421 1513 2682 1582 producit.
2714 1513 2980 1566 l’rtctereo
2996 1508 3656 1564 eruditissimumCaneel-

2083 1604 2217 1658 lierii
2241 1619 2376 1673 opus
2398 1603 2476 1658 De
2503 1604 2790 1657 secretariis
2813 1614 3053 1656 veterum.
3083 1601 3381 1656 Adfuerunt
3407 1599 3657 1656 Sisisclus

2015 1703 2054 1759 Β
2083 1702 2262 1749 rector
2293 1709 2468 1747 rerum
2499 1691 2864 1762 publicarum,
2895 1691 3009 1744 sive
3038 1690 3266 1759 publieae
3305 1703 3536 1744 annona!
3561 1688 3655 1741 ad-

2086 1787 2438 1850 ministrator,
2473 1793 2527 1838 et
2574 1782 2824 1846 Suanila,
2875 1783 2986 1835 sive
3030 1781 3298 1836 Suinthila
3350 1781 3658 1850 patrimonii

2086 1877 2216 1942 regii
2246 1884 2482 1930 curator.
2512 1873 2612 1928 Hic
2634 1873 2771 1927 lilius
2800 1883 2913 1927 erat
2947 1872 3228 1936 Recaredi,
3253 1871 3360 1926 dux
3387 1873 3656 1926 exercitus

2087 1981 2118 2020 ιι
2147 1965 2396 2020 Sisebulo
2436 1963 2632 2018 deinde
2658 1963 3000 2025 Constilutus,
3029 1969 3084 2014 et
3121 1969 3308 2026 postea
3339 1959 3404 2012 ad
3435 1973 3656 2026 regnum

2087 2067 2325 2118 evectus,
2377 2053 2593 2109 tandem
2623 2069 2654 2107 a
2682 2051 2980 2106 Sisenando
3009 2058 3066 2104 et
3107 2065 3138 2103 a
3176 2049 3406 2104 concilio
3438 2047 3658 2104 Toleta-

2089 2163 2159 2203 no
2188 2162 2239 2202 Iv
2267 2146 2565 2214 depositus,
2593 2151 2652 2197 ut
2681 2142 2889 2211 Pueyns
2916 2141 2967 2194 in
2999 2150 3111 2195 not.
3141 2140 3387 2195 advertit.

2166 2261 2324 2334 144
2349 2259 2402 2313 4.
2439 2257 2736 2313 Concilium
2768 2255 2870 2309 hoc
2897 2253 3207 2323 l‘lispalense
3247 2266 3284 2307 ιι
3329 2252 3583 2306 eruditum
3611 2260 3659 2308 et

2089 2353 2294 2407 doctum
2315 2364 2409 2414 est,
2431 2349 2564 2418 juris
2591 2346 2751 2400 civilis
2780 2354 2828 2398 et
2853 2344 3085 2396 canonici
3108 2343 3361 2410 sapientia
3390 2342 3657 2411 refertum,

2093 2452 2151 2496 ut
2178 2449 2324 2496 recte
2354 2441 2431 2493 ait
2455 2437 2642 2491 Loaisa
2671 2437 2723 2488 in
2754 2434 2912 2488 notis.
2947 2432 3090 2486 Inter
3115 2432 3241 2495 alia,
3279 2445 3400 2500 cap.
3425 2429 3461 2482 ‘2
3480 2438 3660 2484 actum

2091 2541 2174 2587 est
2218 2533 2284 2586 de
2327 2531 2657 2585 discussione
2708 2527 2846 2580 inter
2889 2521 3262 2590 Fulgentium,
3306 2519 3659 2590 Astigitanmn

2091 2623 2423 2694 episcopum,
2466 2620 2653 2675 lsidori
2684 2619 2920 2682 fratrem,
2951 2625 3003 2669 et
3033 2612 3325 2667 llonorium
3351 2610 3659 2666 Corduben-

2091 2728 2204 2768 sem
2233 2713 2542 2782 episcopum
2574 2713 2771 2778 agitata
2811 2713 3031 2776 propter
3058 2702 3365 2773 parochiam
3405 2701 3660 2764 basilicae,

2091 2816 2251 2871 quam
2280 2801 2470 2854 horum
2499 2799 2636 2853 alter
2662 2797 3124 2859 leesticensem,
3147 2793 3282 2847 alter
3310 2791 3664 2861 Reginenseut

2092 2891 2340 2945 asseruit.

2163 2997 2216 3054 5.
2247 2997 2460 3053 Braulio
2498 2998 2550 3051 in
2598 2995 2987 3066 pramotatione
3015 3005 3237 3064 operum
3272 2989 3461 3045 lsidori
3493 2990 3566 3044 ita
3597 2990 3665 3045 de
3713 3023 3748 3051 .

2094 3089 2258 3157 gestis
2284 3089 2335 3141 in
2381 3088 2485 3141 hoc
2513 3084 2744 3141 concilio
2771 3083 2975 3138 refert:
3011 3082 3122 3149 Quo
3160 3096 3275 3134 vero
3317 3080 3528 3148 ﬂumine
3553 3081 3665 3134 eta-

2092 3186 2333 3249 quentiae,
2355 3189 2402 3231 et
2441 3186 2560 3248 quat
2596 3175 2787 3246 jaculis
2813 3175 3099 3228 divinarum
3125 3173 3531 3241 Scripturarum,
3575 3189 3662 3226 seu

2092 3269 2312 3324 Patrum
2335 3270 2634 3323 testimoniis
2666 3268 3080 3336 Acephalitarum
3109 3265 3325 3318 hwresin
3352 3264 3665 3334 confuderit,

2093 3359 2365 3428 synodalia
2403 3367 2546 3430 gesta
2585 3373 2757 3410 coram
2782 3373 2839 3410 ea
2865 3353 3073 3422 Hispali
3123 3364 3239 3407 acta
3282 3354 3559 3407 declarant.
3598 3349 3664 3405 In

2092 3469 2193 3522 qua
2213 3460 2394 3505 contra
2424 3450 2727 3520 Gregorium
2751 3440 2987 3518 prwlatu:
3017 3446 3225 3500 hceresis
3253 3445 3527 3498 antistitem
3547 3461 3664 3498 eam

2095 3542 2312 3595 asseruit
2355 3539 2640 3593 ueritatem.
2698 3536 2902 3591 Isidoro
2948 3534 3160 3589 Braulio
3209 3533 3479 3601 adjudieat
3547 3547 3668 3586 eam

2097 3633 2285 3689 Saltem
2315 3640 2590 3700 gestorum
2624 3638 2830 3696 partem
2852 3667 2866 3690 ,
2915 3627 2966 3680 in
2995 3639 3101 3696 qua
3127 3624 3193 3678 de
3233 3622 3668 3692 Acepbalitaruni

2097 3723 2285 3778 barresi
2328 3721 2626 3776 disseritur.
2657 3719 2891 3772 Isidorus
2919 3715 3170 3770 Pacensis
3197 3715 3249 3767 in
3291 3713 3563 3767 Chronico
3605 3715 3670 3765 ail

2096 3828 2257 3867 teram
2312 3810 2461 3881 65οξ
2501 3810 2863 3879 Hispalensem
2905 3805 3165 3860 lsidarum
3221 3802 3669 3871 metropolitanum

2096 3905 2390 3976 pontiﬁcem
2435 3902 2631 3956 clarum
2677 3900 2934 3953 doctorem
2989 3897 3246 3966 Hispania
3299 3893 3540 3958 celebrat,
3589 3896 3672 3960 qui

2099 4013 2235 4050 anno
2263 3996 2477 4061 septima
2506 3992 2764 4062 suprafati
2796 3990 3041 4060 principis
3075 3987 3298 4042 Sisebuti
3326 3996 3508 4038 contra
3537 3987 3666 4037 Ace-

2098 4086 2369 4156 plialorum
2407 4084 2644 4136 Iuvresim
2695 4097 2882 4150 magna
2930 4077 3236 4130 auctoritate
3269 4074 3480 4142 Hispali
3509 4076 3562 4126 in
3587 4090 3670 4126 se-

2099 4178 2318 4231 cretario
2345 4184 2539 4229 sancta:
2569 4171 2898 4226 Hierusalem
2935 4169 3207 4222 concilium
3245 4165 3434 4236 agitat.
3491 4163 3675 4217 Flore-

2100 4277 2212 4330 zius
2239 4286 2360 4342 pag.
2389 4271 2513 4331 ιὶ58.
2559 4279 2689 4324 tom.
2729 4265 2830 4331 IX,
2862 4265 3128 4334 opinatur,
3171 4279 3278 4316 non
3318 4263 3457 4316 hanc
3488 4260 3671 4329 przeci-

2103 4379 2264 4435 puam
2307 4361 2470 4416 fuisse
2509 4357 2696 4428 synodi
2742 4353 3101 4424 congregandi
3145 4367 3383 4415 causam,
3430 4350 3525 4406 sed
3572 4349 3677 4402 alia

2101 4452 2460 4509 ecclesia~tica
2484 4448 2715 4517 negotia,
2734 4455 2789 4499 et
2806 4445 2913 4513 jam
2943 4444 3192 4497 inchoato
3217 4439 3446 4495 concilio
3477 4453 3672 4490 novum

2102 4542 2230 4598 illud
2257 4551 2445 4596 contra
2473 4537 2776 4607 Aecphalos
2798 4541 3067 4589 certamen
3097 4530 3451 4585 intervenisse
3482 4545 3496 4580 :
3528 4527 3677 4594 quod

2103 4648 2203 4701 ego
2235 4643 2410 4686 tamen
2435 4631 2608 4682 minus
2630 4624 2903 4696 probabile
2925 4637 3141 4678 censeo.
3167 4619 3275 4672 Ειεί
3297 4619 3440 4672 enim
3464 4617 3673 4674 leviora

2104 4725 2345 4792 quaedam
2394 4720 2606 4788 negotia
2657 4716 2803 4788 prius
2848 4712 3027 4768 decisa
3071 4720 3228 4775 sunt,
3277 4719 3457 4763 tamen
3505 4710 3682 4778 potuit

2106 4813 2394 4883 disputatio
2411 4821 2597 4865 contra
2619 4809 2930 4877 episcopum
2946 4803 3139 4873 Syrum
3163 4801 3246 4854 vel
3269 4802 3339 4854 ob
3356 4801 3498 4853 hanc
3512 4801 3683 4867 ipsum

2103 4918 2318 4960 causam
2365 4899 2595 4959 ditlerri,
2644 4898 2768 4966 quia
2818 4895 3078 4948 maturius
3125 4905 3349 4945 examen
3401 4891 3681 4956 exigebat.

2105 4995 2299 5050 Totum
2339 5009 2467 5047 vero
2496 4991 2600 5045 hoc
2625 4989 2906 5044 concilium
2937 4986 3192 5039 doetrinm
3220 4983 3408 5037 lsidori
3440 4984 3683 5036 tribuen-

2106 5087 2231 5140 dum
2252 5123 2266 5146 ,
2300 5084 2438 5138 idem
2464 5082 2734 5135 Florezius
2759 5093 2879 5148 pag.
2911 5077 3009 5130 261
3050 5075 3323 5131 existimat
3355 5091 3367 5124 :
3396 5073 3685 5126 Cellierius

2108 5189 2321 5242 quoque
2351 5183 2480 5227 tom.
2499 5170 2636 5224 XVII
2657 5173 2706 5222 in
2730 5170 3022 5224 canonibus
3047 5166 3265 5223 concilii
3295 5165 3628 5234 Hispilensis
3654 5179 3686 5215 ιι

2112 5265 2283 5318 zelum
2313 5263 2507 5316 veteris
2536 5261 2912 5315 ecclesiasticae
2942 5259 3234 5328 disciplina:
3277 5257 3535 5326 perspici,
3565 5271 3684 5307 eos-

2112 5370 2218 5425 que
2244 5371 2378 5421 opus
2405 5353 2554 5411 credi
2603 5353 2786 5407 lsidori
2825 5353 3073 5406 alﬁrinat.
3128 5351 3244 5403 Non
3273 5350 3546 5403 innnerito
3587 5347 3682 5414 igi-

2115 5455 2201 5498 tur
2250 5446 2387 5498 inter
2443 5444 2767 5513 appendices
2825 5443 2926 5496 hoc
2971 5440 3255 5495 concilium
3304 5437 3679 5496 collocabitur,

2115 5534 2406 5602 praesertim
2436 5549 2556 5587 cum
2578 5532 2806 5587 Isidorus
2830 5530 3079 5584 Pacensis
3095 5531 3196 5583 loc.
3221 5529 3313 5582 cit.
3352 5527 3423 5579 ita
3454 5532 3670 5594 pergat:

2113 5626 2275 5692 Atque
2302 5640 2392 5692 per
2419 5624 2636 5677 veridica
2677 5621 2936 5677 doctarum
2964 5621 3254 5675 testimonia
3286 5619 3477 5690 Syrum
3504 5629 3670 5687 quem-
