4060 6198
310 314 406 372 ΙΞΙ

1353 304 1761 366 ΙΒΙΒΟΒΙᾹΝᾹ.
1802 335 1872 347 --
1910 302 2091 361 PARS
2128 304 2170 359 I.
2210 303 2363 361 CAP.
2402 303 2545 363 XXI.

3470 293 3569 348 1‘22

307 430 431 483 dam
478 422 852 492 Acephatorum
903 422 1194 491 episcOpum
1215 460 1231 486 ,
1285 421 1607 490 suprafatam
1655 417 1892 470 hwresim
1926 413 1970 472 A
2070 413 2125 469 9.
2157 414 2232 471 De
2258 415 2528 485 iudicibus
2557 430 2718 484 vero,
2748 417 2848 472 sub
2872 430 3102 487 quorum
3134 419 3414 488 prrsentia
3437 418 3578 476 Mar-

307 518 675 578 uindicantem,
699 521 992 581 exsuperat,
1016 522 1071 563 ut
1098 526 1217 563 cera
1245 510 1447 564 concilii
1477 518 1673 562 asserta
1704 507 1896 575 confir-

306 618 475 671 mant,
499 606 611 676 ejus
640 603 931 673 eloquentia
974 602 1208 665 damnat,
1239 609 1390 669 atque
1416 618 1448 653 α
1475 600 1692 669 pristino
1721 613 1904 673 errore

306 700 590 769 praefatum
620 693 917 765 pontificem
945 693 1033 745 diu
1083 692 1399 762 insequendo
1431 690 1793 760 perpetualiter
1822 688 1900 742 li-

307 790 472 841 berat.

381 876 436 929 6.
466 873 825 929 Subscribunt
856 880 980 925 octo
1008 870 1243 940 episcopi
1274 871 1326 925 in
1355 870 1580 925 exordio
1609 868 1893 931 nominati,

308 978 363 1023 ct
403 968 579 1037 primo
608 965 729 1018 loco
760 980 773 1015 :
807 961 1043 1017 Isidorus
1082 962 1135 1014 in
1173 959 1363 1015 Christi
1406 961 1612 1014 nomine
1651 958 1897 1012 Ecclesia:

310 1058 641 1129 ltispalensis
684 1056 953 1125 episcopus
993 1053 1293 1123 subscripsi.
1337 1052 1541 1119 Quarto
1571 1051 1691 1105 loco
1722 1067 1736 1102 :
1772 1049 1899 1103 Ful-

308 1153 512 1223 grntius
552 1151 607 1203 in
638 1148 829 1202 Christi
875 1146 1082 1200 nomine
1129 1144 1375 1198 Ecclesia:
1406 1142 1565 1215 1&5
1593 1143 1899 1211 Astigitanaa

308 1244 582 1310 episcopus
604 1235 905 1301 subscripsi.
923 1234 998 1287 De
1018 1234 1205 1287 hmresi
1230 1232 1624 1303 Acephalorum
1653 1229 1899 1299 quaedam

309 1339 465 1385 notat
492 1328 683 1383 Lonisa
713 1340 782 1381 ex
809 1325 1017 1380 Isidoro
1044 1323 1083 1377 ι.
1110 1338 1235 1390 vni,
1266 1322 1469 1393 Etym.,
1497 1337 1547 1376 c.
1576 1321 1630 1384 5,
1662 1328 1720 1375 ct
1746 1319 1902 1374 Nice-

313 1423 491 1495 phorn
523 1421 559 1474 l.
590 1435 719 1474 xvm
744 1417 946 1473 Eccles.
978 1415 1139 1479 Hist.,
1165 1430 1283 1485 cap.
1307 1414 1397 1469 45.

384 1514 437 1568 7.
471 1510 597 1566 Post
627 1510 732 1564 hoc
759 1508 1047 1563 concilium
1079 1506 1398 1576 Hispalense
1428 1521 1499 1573 ιι,
1532 1512 1586 1561 et
1614 1512 1739 1558 ante
1769 1518 1900 1557 con-

312 1604 496 1660 cilium
523 1601 843 1656 Toletanum
870 1615 943 1665 tv,
973 1614 1115 1653 anno
1139 1597 1245 1652 655
1271 1598 1533 1662 habitum,
1565 1595 1707 1650 aliud
1738 1594 1901 1649 fuisse

313 1694 627 1763 lIispalense
658 1690 942 1745 consilium
988 1703 1055 1743 ex
1092 1688 1323 1743 concilio
1354 1687 1615 1741 Toletano
1645 1702 1717 1743 vi.
1758 1700 1899 1738 anno

2001 503 2180 558 tianus
2208 504 2449 574 dejectus
2476 506 2563 559 vel
2592 504 2869 575 depositus
2910 506 3043 574 fuit,
3089 507 3395 562 decernitur
3431 508 3577 577 judi-

2001 612 2172 661 casse,
2204 614 2307 651 non
2349 608 2485 659 astu,
2518 614 2679 669 neque
2707 597 3040 669 depravando
3083 599 3355 669 iudicium,
3385 596 3477 655 sed
3504 603 3580 672 fe-

2001 686 2196 742 fellisse
2225 703 2311 740 eos
2341 687 2607 756 fallaciam
2641 689 2844 741 testium
2929 686 3122 741 idcirco
3160 695 3209 740 et
3246 688 3502 745 Habentio
3530 698 3583 742 et

2003 774 2271 830 Martiano
2301 778 2554 845 episcopis
2579 786 2759 831 contra
2780 794 2867 831 eos
2888 777 3163 831 intercludi
3182 778 3379 829 aditum
3406 779 3584 847 appel-

2002 866 2233 919 lationis.
2252 865 2309 918 In
2330 865 2413 919 his
2435 864 2701 932 judicibus
2719 864 2931 920 videtur
2949 866 3327 937 comprehendi
3350 866 3584 921 Isidorus

1997 957 2109 1026 jam
2164 957 2490 1022 defunctus;
2549 957 2892 1025 prmmitlilur
2944 958 3086 1011 enim
3127 973 3140 1008 :
3183 956 3249 1009 Et
3293 973 3584 1028 quanquam

2002 1049 2233 1101 maxima
2273 1064 2398 1118 pars
2441 1046 2675 1116 judicum
2716 1048 2835 1101 vita:
2882 1049 3150 1116 prtrsentis
3190 1049 3306 1117 jam
3355 1047 3583 1103 habuerit

2002 1155 2285 1204 excessum,
2310 1151 2415 1194 etc.
2438 1138 2543 1195 Sed
2566 1155 2742 1209 neque
2766 1149 2918 1195 certo
2944 1139 3119 1208 colligi
3151 1149 3349 1210 potest,
3372 1140 3591 1195 Martia-

2005 1246 2132 1285 num
2160 1231 2351 1286 Isidori
2383 1233 2595 1287 calculo
2623 1233 2785 1288 fuisse
2813 1233 3162 1298 damnatum;
3191 1241 3248 1287 ut
3285 1233 3426 1287 enim
3456 1233 3588 1288 Acta

2002 1320 2071 1375 de
2122 1321 2385 1377 Martiano
2432 1338 2655 1378 narrare
2707 1333 2940 1392 pergunt
2983 1341 2997 1376 ;
3033 1323 3145 1377 Nec
3193 1339 3477 1377 consonam
3523 1321 3582 1375 ut

2000 1413 2126 1482 ipsis
2154 1414 2417 1483 judicibus
2445 1416 2641 1484 accepit
2671 1417 2999 1483 sententiam,
3044 1416 3167 1469 dum
3206 1416 3300 1469 alii
3349 1432 3487 1481 eum,
3534 1424 3594 1469 ut

2000 1503 2103 1572 ipsi
2129 1504 2351 1575 confessi
2381 1514 2519 1569 sunt,
2548 1521 2607 1559 eo
2628 1506 2683 1558 in
2723 1514 2950 1574 tempore
2976 1506 3204 1561 dixerint
3247 1505 3596 1576 innocentem,

2002 1592 2097 1645 alii
2117 1594 2546 1661 proclamaverint
2574 1594 2902 1664 culpabilem.

2080 1682 2165 1739 10.
2193 1683 2314 1750 Quo
2342 1694 2524 1740 autem
2546 1702 2688 1741 anno
2724 1687 3017 1743 Martianus
3040 1689 3092 1742 in
3135 1688 3366 1745 concilio
3395 1688 3590 1759 Hispa-

313 1783 424 1837 638
450 1790 660 1846 coacto,
699 1779 1119 1833 demonstratur.
1152 1776 1298 1832 Inter
1338 1785 1456 1831 acta
1488 1775 1646 1844 hujus
1684 1775 1901 1829 concilii
1939 1783 1983 1844 Β
2009 1773 2143 1829 [ensi
2170 1775 2447 1844 depositus
2476 1776 2658 1839 fuerit.
2709 1777 2926 1833 difficile
2953 1791 3036 1834 est
3064 1779 3320 1846 definire;
3350 1781 3445 1835 sed
3474 1797 3596 1836 cum

312 1870 564 1926 Toletani
587 1885 637 1922 vn
671 1853 845 1923 é'xstat
872 1866 1155 1936 exemplar
1178 1867 1235 1935 ju
1258 1867 1365 1921 licii
1413 1866 1553 1920 inter
1581 1865 1903 1919 Martiannm

312 1972 368 2016 et
399 1959 719 2015 [labentium
740 1957 1050 2026 episcopus,
1079 1956 1131 2009 in
1156 1971 1263 2025 quo
1287 1957 1350 2009 hi
1368 1972 1399 2011 c
1422 1955 1672 2024 legimus:
1696 1953 1904 2006 Dudum

315 2054 373 2106 in
402 2050 626 2104 concilio
654 2047 704 2101 11
712 2048 960 2118 ispalensi
1004 2046 1061 2100 Μ
1068 2048 1302 2100 artianus
1329 2048 1639 2117 Astigitana:
1679 2062 1707 2099 e
1726 2044 1905 2099 “clesite

313 2143 584 2212 episcopus
616 2139 767 2209 falsis
791 2138 1092 2191 criminibus
1116 2147 1480 2191 exauctoratus
1503 2136 1571 2189 ad
1598 2136 1905 2189 universalis

314 2232 586 2302 prmsentis
615 2229 821 2283 concilii
850 2229 1083 2299 confugit
1112 2228 1393 2281 remedium
1423 2228 1741 2297 purgandus,
1769 2226 1907 2279 indi-

314 2336 517 2392 gnoque
536 2328 735 2383 auestu,
757 2328 814 2371 ut
828 2318 1084 2388 judicium
1106 2316 1458 2370 damnationis
1485 2332 1591 2371 suat:
1612 2324 1910 2371 retractare-

314 2423 421 2475 tur,
450 2420 527 2464 est
554 2410 879 2478 deprecatus.
900 2407 1023 2461 lam
1049 2408 1186 2461 enim
1216 2408 1269 2460 in
1297 2408 1609 2477 praecedenti
1632 2407 1909 2460 universali

315 2498 628 2554 concilio'ea:
667 2507 814 2567 parte
853 2499 1023 2568 fuerat
1058 2497 1265 2550 auditus
1292 2510 1341 2550 et
1380 2496 1567 2567 gradui
1601 2504 1817 2558 tantum,
1860 2505 1910 2549 et

316 2609 423 2645 non
453 2592 565 2659 loco
593 2591 879 2655 restitutus,
913 2590 1159 2660 quoniam
1188 2589 1430 2659 angustia
1461 2589 1720 2655 temporis,
1750 2603 1812 2640 ne
1840 2586 1910 2639 ad

316 2682 527 2754 plenum
574 2682 835 2751 negotium
878 2696 1028 2735 suum
1075 2680 1426 2747 ventilaretur,
1481 2682 1648 2750 fuerat
1693 2681 1912 2733 interce-

318 2781 485 2843 ptum.
518 2769 717 2825 Putant
758 2771 1000 2825 nonnulli
1043 2770 1265 2826 indicari
1315 2770 1602 2825 concilium
1632 2786 1663 2820 ν
1694 2769 1911 2824 Toleta-

320 2877 474 2925 num,
507 2860 595 2916 cui
632 2860 921 2930 cpiscopus
949 2860 1282 2930 Astigitanus
1332 2876 1440 2914 non
1482 2860 1743 2924 interfuit,
1774 2867 1831 2913 ct
1857 2860 1911 2915 iu

320 2968 433 3022 quo
458 2960 680 3007 censent
700 2966 920 3006 causam
945 2950 1191 3005 Martiani
1222 2951 1502 3005 retractari
1532 2950 1779 3019 coapisse.
1805 2948 1911 3003 Sed

327 3058 454 3098 cum
482 3040 779 3112 precedens
807 3042 1102 3105 concilium,
1135 3039 1189 3093 in
1211 3055 1319 3109 quo
1348 3038 1639 3094 Mai-tianus
1668 3053 1732 3092 ex
1762 3047 1914 3107 parte

2012 1880 2155 1918 attito
2183 1864 2287 1919 658
2314 1867 2542 1921 niaxima
2570 1884 2691 1937 pars
2713 1868 2947 1938 judicum
2995 1868 3240 1924 Martiani
3285 1871 3395 1940 jam
3421 1870 3598 1926 deces-

2013 1958 2231 2022 sissent,
2264 1974 2492 2027 arguere
2537 1976 2841 2029 possumus,
2875 1961 3211 2031 Fulgentium
3242 1965 3597 2033 Astigitanum

2008 2048 2322 2116 episcopum
2378 2057 2499 2119 post
2538 2051 2823 2105 concilium
2877 2051 3189 2121 Hispalense
3236 2069 3297 2119 n,
3346 2056 3432 2107 cui
3474 2054 3599 2108 sub-

2008 2137 2240 2209 scripsit,
2271 2153 2379 2193 non
2408 2138 2500 2193 diu
2526 2141 2870 2208 superstitem
2911 2140 3102 2207 fuisse;
3137 2142 3288 2211 cujus
3316 2159 3599 2199 successor

2009 2228 2304 2284 Martianns
2333 2238 2455 2298 post
2483 2247 2589 2285 non
2633 2231 2835 2288 multos
2875 2248 3067 2300 annos,
3099 2243 3153 2288 et
3202 2234 3429 2290 fortasse
3454 2238 3599 2292 circa

2008 2331 2210 2371 annum
2240 2317 2345 2371 624
2372 2330 2756 2377 exauctoratus
2802 2322 2921 2377 fuit.
2952 2323 3198 2379 Concilio
3240 2342 3292 2380 vi
3336 2326 3599 2381 Toletano

2010 2420 2188 2471 neque
2227 2406 2547 2472 Martianos,
2581 2425 2754 2477 neque
2794 2410 3094 2469 Habentius
3142 2415 3597 2483 subscripserunt.

2010 2492 2277 2550 Iudicium
2300 2497 2441 2552 inter
2471 2506 2759 2569 utrumque
2795 2516 2826 2555 a
2858 2501 3105 2558 Florezio
3133 2507 3369 2574 primum
3395 2506 3597 2561 editum

2011 2582 2153 2654 fuit,
2203 2585 2397 2643 deinde
2446 2604 2695 2644 recusum
2751 2592 2805 2645 in
2853 2590 3188 2649 Collectione
3242 2596 3595 2650 conciliorum

2014 2674 2303 2746 Hispanias,
2332 2692 2363 2731 a
2393 2679 2654 2735 Silvestro
2686 2680 2866 2752 Pueyo
2893 2682 2959 2736 ad
2976 2683 3113 2752 juris
3141 2686 3386 2741 canonici
3414 2702 3602 2756 corpo-

2012 2767 2088 2822 ris
2116 2769 2423 2837 exemplum
2475 2770 2704 2840 digesta.
2735 2772 2976 2829 Concilio
3015 2772 3277 2829 Toletano
3303 2791 3355 2829 tv
3396 2774 3603 2829 Haben-

2014 2858 2120 2916 tius
2151 2861 2269 2915 loco
2293 2862 2569 2931 trigesimo
2594 2872 2788 2919 octavo
2815 2865 3147 2936 subscripsit,
3181 2876 3298 2936 post
3326 2882 3483 2934 quem
3508 2865 3599 2921 alii

2014 2949 2086 3003 24
2115 2951 2356 3021 episcopi
2401 2953 2863 3024 subscripserunt;
2922 2956 2974 3009 id
3004 2956 3195 3025 arguit,
3242 2956 3441 3011 multos
3477 2964 3603 3011 ante

2015 3054 2187 3094 annos
2224 3036 2544 3095 Ilabentiuin
2585 3043 2767 3099 sedem
2795 3045 3172 3113 Astigilanam,
3200 3046 3425 3116 expulso
3457 3045 3599 3101 Mar-

321 3132 499 3187 fuerat
536 3132 769 3195 auditus,
802 3129 1013 3185 dicatur
1037 3130 1346 3194 universale,
1374 3129 1480 3183 hoc
1507 3137 1588 3182 est
1618 3128 1912 3195 nationale,
1941 3157 1987 3218 ε
2018 3130 2166 3185 tiano
2190 3168 2206 3195 ,
2275 3131 2589 3187 obtinuisse.
2641 3133 2773 3188 Nam
2826 3135 2879 3189 in
2929 3136 3410 3205 subscriptionibus
3468 3136 3603 3193 ordo

322 3240 433 3278 non
492 3230 673 3291 potest
727 3221 952 3291 intiligi
999 3235 1119 3275 esse
1169 3221 1459 3275 concilium
1488 3236 1540 3285 v,
1571 3219 1656 3274 cui
1701 3227 1910 3272 tantum

324 3322 563 3383 quatuor
591 3322 647 3368 et
683 3312 867 3381 viginti
913 3310 1269 3365 interfuerunt
1315 3312 1590 3380 episcopi,
1621 3316 1679 3363 et
1728 3300 1909 3363 vicarii

321 3404 721 3475 episcoporum,
751 3412 808 3457 et
845 3418 984 3455 unus
1012 3401 1478 3470 metropolitanus,
1498 3400 1706 3455 scilicet
1734 3397 1911 3467 Euge—

322 3496 445 3549 nius
472 3493 761 3562 episcopus
788 3492 1101 3545 Toletanus.
1130 3490 1388 3546 Dicuntur
1414 3491 1630 3561 quidem
1654 3490 1909 3545 sacerdo-

323 3595 404 3641 tes
435 3601 507 3639 ex
558 3583 785 3637 diversis
814 3582 1082 3651 Hispania:
1121 3585 1406 3651 provinciis
1434 3585 1743 3652 congregati
1769 3603 1783 3637 :
1815 3583 1911 3638 sed

319 3694 448 3734 cum
479 3676 771 3731 concilium
796 3684 912 3729 erat
937 3676 1229 3743 nationale,
1253 3674 1519 3744 Hispania:
1549 3686 1708 3745 atque
1728 3674 1913 3730 Galliae

320 3768 636 3824 sacerdotes
682 3766 1102 3832 conveniebant,
1153 3782 1184 3821 e
1230 3766 1423 3834 quibus
1467 3775 1577 3821 tres
1618 3777 1914 3837 quatuorve

320 3866 417 3912 aut
454 3858 692 3926 quinque
732 3864 890 3911 erant
940 3856 1362 3926 metropolitani.
1390 3854 1619 3927 Oportet
1670 3872 1800 3926 ergo
1856 3867 1914 3912 ut

320 3949 685 4015 intelligamus
713 3961 1020 4001 sermonem
1050 3960 1170 4001 esse
1193 3946 1261 4000 de
1300 3947 1527 4001 conciLo
1552 3962 1603 4001 iv
1628 3945 1911 4012 'loletano,

321 4042 411 4095 cui
443 4038 676 4094 Isidorus
718 4039 926 4106 [metuit
950 4046 1003 4093 et
1035 4037 1276 4093 interfuit
1300 4037 1593 4096 Habentius
1621 4042 1909 4110 episcopus

321 4133 675 4200 Astigitanus.

394 4223 449 4278 8.
475 4224 738 4279 Defuncto
769 4224 1050 4294 Fulgentio
1075 4234 1195 4295 post
1218 4226 1504 4281 concilium
1532 4226 1850 4297 Hispalense
1875 4243 1911 4281 ιι

323 4312 585 4367 successit
614 4313 937 4379 Martianus,
960 4315 1051 4382 qui
1083 4315 1135 4368 in
1165 4316 1397 4384 quodam
1430 4316 1736 4387 Hispalensi
1776 4333 1912 4373 con-

322 4401 449 4456 cilio
476 4410 854 4456 exauctoratus
884 4401 1011 4464 fuit.
1053 4404 1343 4473 subrogato
1371 4402 1658 4471 IIabentio,
1701 4406 1823 4475 qui,
1856 4416 1917 4462 ut

2019 3222 2356 3290 antiquitatis
2387 3223 2705 3293 plerumque
2730 3226 3069 3282 servabatur.

2097 3314 2184 3369 II.
2218 3313 2435 3369 Praefuit
2477 3317 2642 3371 etiam
2687 3316 2924 3373 Isidorus
2955 3318 3185 3373 concilio
3228 3317 3492 3373 Tilctano
3520 3333 3591 3381 ιν,

2015 3427 2157 3466 anno
2183 3408 2308 3476 6'53,
2333 3408 2477 3478 quod
2507 3408 2606 3462 fuit
2632 3411 2926 3475 nationale,
2955 3419 3010 3466 et
3051 3411 3289 3465 omnium
3336 3410 3602 3479 Hispanias

2015 3503 2369 3559 conciliorum
2398 3501 2806 3556 celeberrimum
2833 3544 2849 3566 ,
2902 3517 2968 3555 ac
3014 3514 3220 3568 magna:
3263 3502 3316 3555 in
3348 3502 3599 3555 universa

2017 3595 2258 3650 Ecclesia
2298 3593 2658 3648 auctoritatis.
2693 3592 2768 3647 De
2805 3609 2913 3662 quo
2943 3594 3015 3646 ita
3067 3592 3329 3645 Duronius
3374 3591 3440 3645 ad
3468 3606 3598 3645 ann.

2017 3685 2140 3747 653,
2172 3702 2226 3739 n.
2258 3685 2328 3737 68
2361 3702 2374 3737 :
2415 3684 2634 3752 l’rwfuit
2663 3682 2725 3737 S.
2752 3682 3009 3749 Isidorus,
3039 3682 3362 3752 lfispalensis
3392 3684 3592 3751 episco-

2016 3792 2131 3847 pus,
2164 3776 2360 3843 primus
2401 3773 2581 3826 ordine
2611 3772 2911 3836 recensitus,
2943 3780 2992 3824 et
3038 3788 3093 3824 tn
3141 3770 3599 3840 subscriptionibus

2014 3865 2368 3935 episcoporum
2397 3862 2597 3915 cwteris
2624 3861 2891 3929 prwlutus.
2926 3859 3010 3914 Ea:
3035 3859 3214 3930 quibus
3240 3862 3472 3913 dubitare
3500 3861 3600 3913 mi-

2016 3952 2150 4004 nime
2194 3949 2367 4009 liceat,
2426 3946 2582 4016 fuisse
2638 3946 2789 4016 14⁷
2834 3946 2972 3997 idem
3039 3946 3312 3999 concilium
3370 3946 3601 4015 ejusdem

2017 4038 2212 4094 Isidori
2233 4035 2455 4090 nobilem
2476 4044 2680 4106 partum
2702 4034 2858 4103 probe
2879 4037 3177 4099 formatum,
3202 4044 3601 4105 cwteroruntque

2014 4137 2373 4206 episcoporum
2424 4132 2686 4186 sententiis
2734 4139 3060 4184 exornatum.
3111 4128 3168 4182 In
3198 4126 3444 4182 eamdem
3485 4127 3597 4183 fere

2015 4224 2336 4279 sententiam
2379 4220 2661 4277 descendit
2692 4219 2967 4273 Florezius
3007 4226 3140 4273 tom.
3187 4216 3289 4282 IX,
3319 4232 3441 4286 pag.
3478 4216 3598 4284 I96,

2016 4316 2105 4385 qui
2136 4316 2400 4370 Isidorum
2442 4312 2714 4383 jirml'uisse
2749 4310 2857 4377 ait,
2904 4309 3051 4379 quod
3084 4309 3291 4365 cancris
3329 4317 3600 4377 metropo-

2016 4406 2196 4461 Iitanis
2222 4405 2500 4474 antiquior
2528 4413 2691 4468 esset,
2724 4419 2831 4458 non
2861 4401 3040 4471 quod,
3074 4409 3132 4456 ut
3161 4402 3274 4455 vult
3298 4398 3597 4464 Cellierius,

323 4492 487 4547 modo
518 4492 895 4557 dixi,concilio
927 4510 977 4549 tv
999 4490 1262 4550 Toletano
1289 4498 1590 4566 suscripsit.
1618 4498 1910 4554 Damnatus
1943 4496 2263 4581 Ddoctrina
2293 4511 2357 4549 ac
2384 4495 2669 4550 sanctitate
2698 4495 2833 4547 alios
2863 4493 3214 4561 praecelleret.
3244 4491 3479 4545 Isidorus
3507 4490 3599 4543 Pa-

323 4596 455 4650 ergo
484 4582 580 4635 fuit
607 4581 902 4637 Martianos
931 4584 982 4636 in
1012 4583 1242 4638 concilio
1272 4582 1598 4652 Ilispalensi,
1626 4587 1713 4640 cui
1741 4582 1911 4641 Isido-

324 4687 418 4726 rus
448 4680 576 4726 tunc
604 4669 858 4726 Ecclesia:
903 4670 1237 4741 Hispalensis
1285 4672 1730 4741 metropolitanus
1776 4691 1911 4743 pra:-

324 4760 507 4824 fuerit,
543 4775 766 4815 necesse
795 4768 894 4814 est.
930 4760 986 4815 In
1017 4761 1246 4816 concilio
1295 4761 1557 4815 Toletano
1602 4777 1673 4828 Iv,
1724 4771 1783 4816 ut
1810 4777 1912 4830 ego

325 4849 675 4917 interpretor,
706 4848 893 4918 gradui
920 4864 1038 4915 suo,
1065 4850 1157 4902 sed
1190 4865 1296 4904 nan
1318 4850 1439 4905 loco
1469 4852 1746 4906 restitutus
1778 4851 1907 4908 fuit:

324 4955 389 4993 ac
420 4947 707 5009 propterea
746 4940 1060 5010 subscripsit
1102 4941 1393 4998 Ilabentius
1419 4941 1674 4999 Ecclesiae
1714 4947 1911 5015 Astigi-

324 5039 467 5082 tante
494 5029 1060 5098 episcopus.Concilio
1085 5029 1347 5085 Toletano
1370 5047 1400 5085 ν
1426 5032 1601 5087 nullus
1629 5035 1910 5104 episc0pus

325 5120 658 5183 Astigitanus
701 5120 944 5177 interfuit
976 5140 989 5176 :
1020 5122 1220 5191 quippe
1250 5123 1572 5187 universale,
1615 5139 1711 5177 seu
1736 5126 1901 5179 natio-

325 5213 451 5266 nale
478 5211 635 5281 146
653 5212 938 5267 concilium
968 5228 1073 5267 non
1104 5214 1220 5267 fuit.
1240 5212 1295 5266 In
1317 5214 1545 5268 concilio
1567 5211 1832 5269 Toletano
1858 5231 1889 5265 ν

324 5309 625 5357 retractato
667 5301 890 5369 judicio,
940 5318 971 5357 e
1016 5302 1144 5356 sede
1191 5303 1503 5371 Astigitanse
1547 5303 1796 5361 Ecclesia:
1824 5320 1910 5360 re-

325 5399 507 5444 motus
530 5389 626 5444 fuit
656 5391 968 5455 Ilabentius,
1000 5399 1163 5459 atque
1189 5390 1482 5447 Martianus
1502 5395 1803 5464 restitutus,
1833 5396 1907 5452 ita

327 5488 390 5536 ut
438 5480 737 5538 Habentius
794 5483 893 5537 sub
956 5480 1325 5538 satisfactione
1388 5485 1719 5554 pmoitentim
1768 5488 1908 5559 apud

328 5570 649 5628 Martialium
675 5582 885 5629 retento
910 5574 1115 5628 honore
1134 5573 1454 5628 subderetur
1479 5592 1491 5627 :
1516 5590 1637 5630 cum
1662 5576 1906 5633 liabcntii

327 5664 555 5719 consilio
605 5672 663 5720 et
716 5680 820 5733 ope
878 5664 1009 5720 falsa
1065 5673 1255 5721 contra
1306 5664 1627 5722 Martialium
1685 5670 1907 5726 crimina

326 5757 553 5813 tuisscut
579 5766 855 5825 congesta.

2015 4583 2194 4638 censis
2223 4583 2399 4637 solum
2432 4581 2616 4647 refert,
2645 4580 2789 4650 quod
2818 4578 3149 4635 Sisenandus
3178 4580 3282 4633 hoc
3307 4580 3593 4634 conclliunt

2015 4674 2331 4735 celebravit,
2359 4681 2628 4726 constante
2671 4672 2840 4725 adhuc
2888 4671 3188 4739 lfispalensi
3230 4671 3434 4727 Isidoro
3480 4676 3593 4741 epi-

2015 4784 2169 4837 scopo
2194 4770 2268 4821 uel
2297 4768 2351 4820 in
2372 4767 2547 4819 multis
2560 4767 2675 4834 jam
2702 4764 2849 4817 libris
2880 4764 3106 4834 fulgente
3130 4763 3370 4833 miriﬁce.
3402 4764 3564 4820 Mabil

2019 4861 2213 4922 Ionius,
2264 4855 2448 4912 tom.|
2497 4855 2688 4908 Annal.
2722 4855 3021 4921 BenedicL,
3076 4870 3196 4925 pag.
3245 4857 3370 4925 561,
3429 4858 3595 4920 addit,

2018 4950 2076 5002 S.
2109 4947 2374 5001 Isidorum
2402 4952 2677 4999 auctorem
2708 4943 2871 5000 fuisse
2900 4960 3164 4999 canonum
3196 4945 3354 5015 hujus
3380 4944 3595 5002 concilii

2016 5037 2263 5093 Toletani
2294 5052 2364 5089 Iv.

2087 5127 2173 5181 12.
2203 5125 2553 5192 Sisenandus,
2576 5124 2664 5196 qui
2696 5125 2981 5181 Suintilani
3012 5140 3177 5195 regno
3200 5134 3365 5181 exuto
3387 5136 3593 5179 succes-

2014 5227 2186 5280 serat,
2219 5224 2277 5271 ut
2326 5215 2607 5287 imperium
2658 5231 2813 5272 suum
2862 5215 3228 5283 conﬁrmaret,
3276 5211 3592 5270 convocavit

2016 5309 2179 5364 totius
2226 5307 2399 5377 gentis
2455 5314 2512 5361 et
2564 5308 2804 5361 omnium
2858 5308 3253 5376 provinciarum
3301 5303 3586 5376 synodum.

2016 5399 2353 5455 Postremum
2382 5400 2543 5468 igitur
2571 5408 2761 5468 caput,
2794 5399 2938 5468 quod
2984 5406 3067 5452 est
3095 5398 3183 5463 75,
3235 5397 3308 5448 ita
3358 5393 3587 5462 incipit:

2019 5490 2143 5544 Post
2168 5492 2404 5543 instituta
2425 5489 2660 5559 qtta'dam
2689 5490 3019 5543 ecclesiastici
3058 5488 3274 5553 ordinis,
3315 5486 3392 5539 rel
3414 5485 3590 5539 decre-

2017 5597 2091 5650 ta,
2121 5600 2234 5655 qua:
2260 5584 2330 5636 ad
2353 5584 2689 5654 quorumdam
2726 5585 2979 5653 pertinent
3010 5580 3360 5649 disciplinam,
3387 5586 3585 5643 postre-

2018 5692 2104 5728 ma
2127 5674 2272 5729 nobis
2299 5676 2495 5728 cunctis
2519 5673 2871 5729 sacerdotibus
2900 5671 3152 5725 sententia
3181 5679 3255 5723 est
3285 5686 3378 5739 pro
3408 5669 3589 5725 robore

2019 5775 2308 5821 nostrorum
2350 5782 2544 5835 regum,
2572 5775 2620 5819 ct
2659 5763 2939 5819 stabilitate
2966 5761 3129 5832 gentis
3156 5759 3435 5818 Cat/torum
3466 5777 3591 5832 pon-
