4028 6200
530 249 634 337 ἠδ

1259 276 1351 330 AD
1389 273 1620 330 OPERA
1660 268 1721 328 S.
1762 269 2010 326 ISIDORI
2053 268 3066 336 HISPALENSIS_PROLEGOMENA.
3697 275 3788 328 tia

527 390 720 462 tiﬁcale
745 391 980 444 ultimum
1005 387 1098 442 sub
1144 386 1242 441 Dei
1276 389 1453 458 judice
1482 390 1616 460 ferre
1642 387 1922 440 decretum.
1969 384 2102 440 Sub—
2129 386 2178 444 Α
2205 401 2336 457 gnua
2357 395 2447 440 tua
2469 385 2730 458 perlegere
2755 387 2958 458 eloquia
2988 403 3007 440 :
3032 385 3205 440 statim
3232 395 3286 440 ut
3326 389 3502 457 accepi
3531 388 3787 455 pittutium

525 482 857 551 soripserunt
884 481 1162 547 sexaginta
1186 493 1378 533 novem
1403 479 1596 547 partim
1627 477 1884 546 episc0pi,
1909 475 2106 545 partim

525 573 708 627 vicarii
755 571 1164 640 episcoporum;
1213 583 1277 622 ac
1305 568 1477 637 primo
1520 568 1641 622 loco
1674 584 1687 619 :
1721 565 1836 637 Ego
1867 565 2106 620 Isidorus

524 665 577 720 in
604 662 797 718 Christi
819 663 1029 716 nomine
1055 660 1304 715 Ecclesia:
1340 659 1673 730 Hispalensis
1701 659 1971 728 episcopus
1998 672 2106 709 me-

523 755 868 824 tropolitanus
897 751 1198 821 subscripsi.
1229 751 1428 817 Quinto
1463 751 1580 805 loco
1615 767 1626 802 :
1657 749 1840 803 Iustus
1875 749 2105 802 ecclesiis

525 844 788 899 Toletana:
823 845 1250 911 metropolitanus
1299 841 1599 908 subscripsi.
1651 837 2104 907 Quinquagesimo

495 928 713 1003 quarto
745 935 863 989 loco
897 953 910 987 :
945 935 1158 988 Bruulio
1187 931 1669 1003 Ccesaraugustaute
1712 931 1963 986 Ecclesiw
1989 931 2101 1000 epi-

519 1041 704 1095 scopus
733 1025 1033 1094 subscripsi.

591 1116 679 1170 1'5.
710 1115 824 1169 Hoc
854 1130 1018 1183 porro
1049 1113 1334 1169 concilium
1372 1121 1456 1167 est
1500 1113 1552 1166 in
1581 1128 1688 1182 quo
1715 1110 1975 1167 lsidorum
2004 1108 2102 1164 Hi-

517 1208 724 1277 spanize
752 1207 1092 1262 eversionem
1126 1215 1376 1262 auctores
1405 1204 1827 1260 continuationis
1846 1201 2100 1257 Chronici

518 1297 710 1355 lsidori
735 1300 836 1354 sub
865 1298 1114 1352 lldelonsi
1134 1336 1137 1338 -
1161 1297 1379 1352 nomine
1417 1304 1474 1351 et
1500 1296 1632 1349 Viue
1660 1293 1716 1348 S.
1751 1293 1940 1349 lsidori
1966 1308 2102 1366 prte-

519 1390 721 1446 dixisse
745 1389 942 1446 ferunt.
973 1389 1170 1444 Eadem
1200 1389 1480 1460 prophetia
1504 1389 1558 1443 in
1588 1388 1736 1443 Actis
1763 1386 2102 1442 uberioribus

517 1483 886 1538 translationis
926 1483 1170 1551 corporis
1219 1482 1277 1536 S.
1308 1481 1496 1537 Isidori
1537 1479 1677 1550 apud
1723 1477 2101 1534 Bollandianos

516 1575 822 1645 exponitur.
855 1573 1203 1641 Antiquiores
1249 1571 1427 1625 silent.
1468 1570 1738 1642 Tamayus
1779 1571 1832 1623 in
1876 1569 2095 1640 Martyr.

515 1661 667 1733 Hisp.
707 1672 923 1730 censet,
972 1677 1079 1715 non
1113 1659 1272 1715 fuisse
1313 1675 1431 1715 eam
1465 1675 1643 1712 veram
1675 1658 2097 1728 praedictionem,

2211 486 2374 543 tuum,
2423 493 2552 546 puer
2577 479 2748 547 regius
2778 477 2848 530 ad
2875 494 2954 531 me
2980 478 3116 530 venit
3146 493 3163 531 :
3191 477 3311 530 dedi
3337 477 3653 532 cubiculario
3680 498 3788 536 utea

2209 567 2341 620 illud
2369 568 2655 637 pittatium,
2686 577 2736 620 et
2765 567 3038 638 confestim
3076 567 3332 622 ambulavi
3377 568 3452 621 ad
3479 570 3786 640 principem,

2207 665 2263 708 ut
2290 665 2468 726 postea
2510 657 2845 728 pet-legerem,
2883 668 2930 710 et
2959 656 3306 713 rescriberem.
3335 657 3588 715 Recentis
3628 679 3656 715 e
3696 682 3786 732 pa-

2207 745 2334 798 latio
2361 746 2496 815 regis
2521 762 2624 798 non
2651 746 2817 799 solum
2843 747 3036 810 scripta
3064 755 3148 797 tua
3177 763 3278 799 non
3306 747 3496 810 inveni,
3515 749 3606 801 sed
3633 751 3785 803 etiam

2204 834 2455 904 quidquid
2481 836 2626 889 aliud
2653 837 2710 888 in
2734 835 2926 888 chartis
2959 836 3074 905 fuit,
3113 838 3284 905 periit.

2276 922 2366 978 16.
2399 922 2551 979 Tunc
2594 924 2892 990 lengioreni
2922 925 3204 992 epistolam
3246 926 3519 996 rescripsit
3548 927 3782 996 Braulio,

2205 1013 2296 1067 ubi
2327 1014 2404 1068 ait
2433 1032 2446 1067 :
2482 1015 2790 1083 Septimum,
2821 1015 2875 1068 ni
2903 1015 3080 1085 fallor,
3103 1031 3298 1069 annum
3327 1025 3556 1086 tempora
3577 1032 3785 1090 gyrum,

2203 1119 2268 1158 ea:
2313 1121 2410 1175 quo
2460 1121 2540 1158 me
2589 1105 2798 1159 memini
2843 1105 3001 1159 libros
3046 1123 3078 1159 α
3126 1116 3172 1162 te
3215 1108 3447 1161 conditos
3513 1107 3786 1181 Originum

2204 1193 2513 1261 pastulasse,
2562 1203 2613 1248 et
2659 1196 2816 1275 uario.
2832 1195 3130 1266 diversoque
3179 1197 3329 1250 modo
3359 1210 3666 1267 prtcsentem
3705 1219 3790 1258 vos

2203 1301 2284 1338 me
2306 1287 2612 1355 frustratum
2623 1302 2752 1352 esse,
2767 1295 2814 1338 et
2837 1285 3032 1341 absenti
3048 1287 3178 1342 nihil
3198 1289 3319 1342 inde
3331 1306 3418 1344 vos
3441 1294 3785 1361 rescripsisse,

2203 1375 2294 1428 sed
2317 1375 2492 1429 subtili
2520 1376 2768 1430 dilatione
2789 1391 2929 1432 nono
2953 1377 3166 1431 necdum
3190 1394 3300 1432 esse
3320 1382 3572 1450 perfectos
3588 1422 3604 1448 ,
3635 1383 3790 1455 ιω

2203 1481 2347 1522 looo
2368 1467 2586 1522 necdum
2612 1469 2851 1537 scriptos,
2877 1484 3023 1538 nono
3052 1485 3195 1523 meas
3221 1470 3423 1526 litteras
3444 1474 3786 1541 intercidisse,

2203 1559 2408 1629 aliaque
2434 1561 2598 1612 multa
2621 1568 2953 1630 apponentes,
2990 1559 3057 1612 ad
3097 1560 3230 1615 hanc
3268 1577 3425 1630 usque
3448 1563 3582 1618 diem
3608 1583 3786 1634 perve-

2204 1649 2391 1711 nimus,
2421 1657 2468 1702 et
2493 1651 2606 1703 sine
2628 1649 2888 1719 petitionis
2910 1649 3091 1718 eﬁectu
3120 1666 3406 1704 manemus.
3431 1650 3555 1706 Haec
3581 1655 3782 1708 scribe-

511 1754 610 1810 sed
635 1754 952 1824 prudentem
968 1752 1227 1822 sapientis
1248 1751 1480 1806 hominis
1501 1750 1886 1818 conjecturam.
1905 1747 2097 1803 Loaisa
2131 1755 2176 1815 Β
2203 1738 2296 1792 δίη
2339 1737 2554 1792 Βτευίίο
2583 1747 2710 1794 ante
2748 1755 2946 1793 almum
2978 1737 3117 1804 655;
3148 1754 3272 1794 nam
3313 1741 3418 1794 huc
3461 1756 3604 1796 almo
3647 1759 3783 1802 conc

517 1843 569 1899 in
594 1842 976 1899 dissertatione
1002 1843 1066 1897 de
1094 1842 1323 1911 primatu
1349 1839 1434 1894 Ec.
1454 1840 1598 1894 lesiae
1624 1839 1916 1900 Toletanm,
1939 1852 2100 1906 quam

517 1935 570 1988 iu
601 1933 809 1988 Concil.
843 1933 994 2004 llisp.
1027 1939 1150 2002 post
1169 1931 1443 1986 decretum
1473 1928 1796 1984 Gundemari
1833 1943 1978 1982 anno
1997 1925 2100 1981 610

517 2024 762 2090 inseruit,
792 2022 999 2076 Justum
1031 2021 1429 2090 metropolitam
1460 2019 1778 2074 Toletanum
1812 2019 1936 2073 huic
1963 2033 2096 2074 co-

512 2113 638 2168 cilio
658 2113 930 2182 praefuisse
961 2111 1192 2166 affirmat
1223 2111 1250 2182 ᾗ
1281 2109 1336 2175 5,
1379 2108 1473 2166 sed
1518 2109 1666 2163 addit
1695 2121 1711 2163 :
1744 2105 1871 2162 Non
1912 2108 2098 2162 desunt

509 2203 596 2275 qui
615 2202 887 2272 afﬁrmem,
924 2201 1184 2256 Isidorum
1211 2201 1514 2267 apostolicae
1541 2199 1680 2253 sedis
1703 2197 2014 2269 legationem
2039 2198 2095 2252 in

511 2295 608 2348 hoc
633 2296 849 2348 concilio
879 2293 1085 2357 abiisse,
1127 2293 1388 2364 eidemque
1436 2291 1727 2363 praefuisse.
1771 2289 1931 2358 Atqui
1979 2289 2096 2358 ipse

511 2383 703 2438 Loaisa
756 2384 989 2452 primum
1043 2384 1217 2438 locum
1264 2384 1314 2435 in
1361 2381 1844 2450 subscriptionibus
1888 2378 2096 2434 Isidoro

511 2473 716 2527 tribuit.
743 2470 896 2527 Unde
911 2485 1040 2540 ergo
1059 2471 1314 2539 colligere
1335 2468 1754 2540 potuit,Justum
1779 2467 2054 2540 praefuisse
2073 2471 2096 2524 ‘t

584 2581 668 2635 14.
693 2579 770 2636 Ex
797 2582 1037 2652 epistolis
1058 2580 1360 2636 Braulionis
1388 2594 1576 2650 arguo,
1599 2579 1858 2635 lsidorum
1880 2581 2092 2636 cuidam

513 2675 719 2744 synodo
741 2674 1063 2739 interfuisse,
1096 2675 1179 2729 vel
1210 2674 1485 2744 praefuisse
1515 2675 1705 2742 etiam,
1736 2675 1789 2729 in
1834 2689 1938 2744 qua
1967 2676 2094 2732 Sin-

511 2765 672 2820 tharii
713 2765 989 2833 cujusdam
1038 2781 1199 2821 causa
1238 2765 1395 2836 1&8
1433 2765 1631 2834 agitata
1675 2773 1799 2820 est:
1831 2767 2092 2834 siquidem

509 2856 564 2910 in
593 2855 840 2924 epistola,
885 2871 1003 2926 qua:
1033 2856 1242 2926 incipit.
1286 2855 1330 2908 0
1359 2857 1463 2922 pie,
1497 2854 1736 2918 Domine,
1770 2857 1847 2911 sic
1876 2856 2093 2914 Braulio

510 2946 774 3002 lsidorum
824 2947 1115 3017 alloquitur
1161 2965 1174 3000 :
1218 2946 1452 3018 Suggero
1500 2963 1650 3014 sane,
1702 2957 1750 3000 et
1797 2950 2093 3005 omnimodo

507 3039 883 3108 supplicatione
910 3038 1147 3108 deposro,
1169 3047 1224 3091 ut
1244 3037 1429 3092 librum
1453 3035 1916 3108 Etymolog'arum,
1940 3057 2090 3112 quem

2201 1828 2325 1883 cilio
2375 1843 2426 1882 IV
2476 1827 2740 1885 Toletano
2786 1830 3104 1899 subscripsit
3149 1830 3338 1887 Audax
3368 1830 3788 1890 Tarraconensis

2199 1919 2518 1988 episcopus;
2547 1927 2603 1973 et
2629 1918 2843 1973 Braulio
2873 1920 3082 1976 litteras
3109 1920 3284 1988 dedit,
3316 1936 3438 1976 cum
3459 1922 3617 1978 sedes
3644 1923 3785 1980 Tar-

2197 2012 2514 2065 raconensis
2548 2025 2646 2080 per
2683 2012 2889 2066 obitum
2930 2012 3346 2082 praedecessoris
3380 2011 3595 2070 Eusebii
3622 2031 3789 2070 vaca-

2197 2111 2302 2158 ret.
2354 2102 2542 2174 Itaque
2580 2102 2818 2174 synodus
2859 2115 3050 2160 contra
3097 2105 3431 2162 Sintharium
3479 2121 3622 2162 anno
3659 2107 3788 2174 625,

2197 2203 2290 2248 aut
2323 2203 2452 2250 ante
2479 2193 2692 2250 videtur
2713 2195 3010 2251 celebrata.

2269 2307 2355 2361 t7.
2387 2306 2640 2372 Quisnam
2679 2314 2858 2362 autem
2906 2314 2990 2362 est
3027 2307 3114 2364 hic
3157 2308 3495 2365 Sinthariusl
3545 2317 3602 2365 et
3636 2325 3787 2378 qua:-

2198 2410 2319 2448 nam
2367 2396 2484 2465 ejus
2535 2397 2735 2451 causa?
2783 2397 2920 2451 Nihil
2971 2412 3102 2453 sane
3149 2399 3250 2454 hac
3299 2400 3370 2455 de
3414 2415 3476 2454 re
3529 2401 3772 2468 invenio,

2198 2486 2296 2540 nisi
2327 2486 2469 2556 quod
2491 2487 2723 2542 concilio
2757 2486 3022 2557 Egarensi
3050 2503 3192 2542 anno
3215 2488 3322 2542 614
3351 2475 3639 2546 υηᾶθὶίωο
3665 2491 3789 2547 loco

2194 2576 2510 2646 subscripsit
2546 2575 2848 2631 Sintharius
2869 2577 3178 2647 episcopus.
3210 2577 3464 2634 Nonnulli
3502 2581 3790 2650 suspican-

2197 2674 2302 2732 tur,
2329 2667 2471 2722 hunc
2493 2665 2824 2723 Sintharium
2854 2669 2946 2737 qui
2976 2669 3205 2724 concilio
3225 2668 3478 2739 Egarensi
3506 2671 3785 2743 subscrip-

2157 2771 2161 2775 ·
2195 2757 2285 2822 sit,
2314 2772 2435 2812 esse
2461 2758 2726 2814 Sisaldum
2749 2758 3158 2828 Empuritanum
3185 2761 3518 2831 episcopum,
3543 2758 3636 2831 qui
3655 2778 3792 2818 con-

2195 2846 2322 2902 cilio
2365 2863 2416 2901 tv
2467 2847 2730 2903 Toletano
2773 2847 3034 2904 interfuit.
3078 2848 3184 2903 Sed
3216 2865 3338 2904 cum
3380 2851 3434 2905 in
3481 2849 3792 2907 Brauliouis

2195 2941 2420 3009 epistola
2451 2939 2709 2995 Sintharii
2738 2955 2936 2995 nomen
2969 2949 3220 2994 occurrat
3241 2979 3259 3006 ,
3314 2941 3445 2995 nihil
3485 2951 3568 2997 est
3604 2957 3792 2998 causa:

2195 3045 2292 3085 cur
2335 3045 2443 3085 non
2493 3030 2682 3084 eodem
2731 3029 2893 3084 modo
2949 3030 3002 3083 in
3039 3029 3525 3100 sobscriptionibus
3567 3033 3792 3088 concilii

507 3129 640 3198 jam,
684 3129 882 3199 favente
913 3127 1155 3194 Domino,
1188 3127 1475 3182 audivimus
1505 3141 1940 3192 consummatum.
1971 3148 2088 3201 pro-

2197 3119 2481 3187 Egareusis
2510 3117 2840 3173 Sintharium
2864 3119 3122 3184 legamus.

509 3217 771 3270 missionis
792 3227 970 3270 vestrae
992 3233 1239 3270 memores
1260 3233 1402 3270 servo
1418 3224 1583 3271 uestro
1604 3217 1825 3287 dirigere
1829 3217 2054 3289 jubeatis
2070 3235 2091 3275 :

504 3307 648 3378 quia,
677 3316 731 3359 ut
755 3307 878 3360 mihi
909 3323 1020 3359 sum
1049 3308 1304 3371 conscius,
1353 3323 1540 3376 magna
1571 3306 1639 3361 ibi
1678 3324 1742 3361 ea:
1789 3317 1936 3377 parte
1961 3310 2092 3363 servi

505 3396 578 3450 tui
603 3397 950 3464 postulatione
979 3395 1200 3449 sudasti.
1237 3394 1304 3449 Et
1344 3395 1461 3450 ideo
1489 3397 1544 3450 in
1575 3413 1653 3450 me
1679 3399 1899 3468 primum
1926 3399 2090 3453 exists

504 3487 776 3556 muniﬁcus
801 3503 818 3540 :
848 3485 922 3539 sic
943 3488 994 3540 in
1025 3495 1321 3539 sanctorum
1349 3485 1559 3540 coetibus
1588 3495 1637 3540 et
1666 3486 1793 3557 felix
1824 3488 2085 3554 habearis,

503 3585 556 3630 et
583 3578 798 3645 primus.
822 3573 982 3631 Gesta
1017 3577 1173 3630 etiam
1201 3575 1402 3647 synodi,
1426 3576 1477 3628 in
1509 3591 1607 3641 qua
1631 3575 1929 3632 Sintharius
1956 3593 2084 3632 era-

504 3664 658 3718 minis
689 3667 838 3718 vestri
866 3666 995 3735 igni,
1025 3667 1120 3718 etsi
1151 3681 1251 3719 non
1279 3665 1604 3735 puriﬁcatus,
1627 3667 1886 3720 invenitur
1912 3677 2086 3722 tamen

503 3754 760 3820 decoctus,
785 3771 974 3827 quteso,
1015 3765 1071 3808 ut
1104 3765 1268 3811 vestro
1294 3756 1538 3811 instinctu
1575 3774 1608 3810 a
1644 3757 1758 3827 ﬁlio
1777 3767 1945 3811 vestro
1988 3758 2083 3812 do-

503 3846 644 3898 mino
673 3863 791 3916 rege
835 3845 980 3900 nobis
1012 3845 1306 3918 dirigantur
1333 3849 1454 3902 cito.
1488 3847 1628 3901 Nam
1671 3857 1718 3901 et
1756 3858 1933 3902 nostra
1973 3847 2082 3916 ejus

501 3936 577 3989 sic
602 3935 856 4006 ﬂagitavit
878 3939 1097 4008 gloriam
1118 3940 1392 4010 suggestio,
1415 3941 1535 4010 quia
1552 3939 1765 3992 multum
1788 3941 1842 3992 in
1864 3940 2080 3992 concilio

499 4045 591 4095 pro
608 4029 961 4099 investiganda
974 4047 1099 4099 opus
1114 4040 1188 4083 est
1206 4033 1434 4084 veritate.
1453 4028 1508 4081 In
1522 4029 1812 4094 exemplari
1828 4027 2080 4081 editionis

499 4116 794 4185 Bignacanze
835 4119 1169 4173 bibliotheca:
1200 4118 1469 4171 Vaticana:
1498 4117 1563 4169 ad
1591 4116 1750 4170 verba
1775 4116 2076 4171 Sintharius

493 4210 752 4260 examinis
780 4208 950 4268 vestri,
982 4208 1086 4270 vel,
1119 4217 1180 4259 ut
1208 4207 1277 4259 ibi
1310 4205 1564 4259 mendose
1589 4205 1789 4259 editum
1813 4215 1914 4272 est,
1945 4205 2075 4260 Sin-

496 4298 696 4348 tuurius
712 4295 966 4346 exanimis
991 4295 1164 4359 vestri,
1181 4304 1305 4346 nata
1340 4295 1451 4346 lucc
1479 4309 1576 4348 ms.
1602 4294 1813 4362 appicta
1843 4295 2034 4363 legitur
2057 4314 2070 4350 :

486 4381 551 4439 in
579 4402 677 4454 qua
705 4385 771 4437 sit
799 4386 1084 4449 thesaurus,
1123 4388 1380 4439 examinis
1427 4389 1597 4451 vestri,
1647 4395 1754 4441 etc.
1788 4386 1894 4442 Sed
1943 4390 2076 4444 reti-

2269 3231 2356 3286 18.
2388 3230 2668 3286 Cellierius
2709 3239 2839 3285 tom.
2870 3229 3012 3284 XVII
3035 3231 3283 3295 advertit,
3313 3247 3622 3288 sermonem
3658 3248 3796 3291 esse

2196 3338 2306 3377 non
2327 3336 2487 3391 posse
2513 3320 2579 3375 de
2605 3320 2860 3390 episcopo
2881 3319 3019 3391 Syro
3064 3319 3130 3373 ad
3163 3319 3319 3374 tidem
3366 3321 3688 3377 catholicam
3735 3325 3800 3382 in

2193 3413 2427 3470 concilio
2472 3411 2775 3482 Hispalensi
2805 3426 2841 3465 ιι
2885 3425 3172 3474 converso,
3219 3425 3396 3480 neque
3446 3411 3620 3466 locum
3656 3431 3801 3468 esse

2192 3493 2494 3573 suspicandi
2521 3501 2841 3569 Gregorium
2881 3500 3213 3555 Sintharium
3244 3500 3570 3571 appellatum
3606 3519 3622 3554 :
3656 3519 3794 3562 nam

2195 3591 2406 3649 Biaulio
2453 3590 2520 3647 de
2543 3589 2818 3646 Sinthario
2866 3590 3126 3661 loquitur,
3176 3590 3265 3658 qui
3321 3590 3614 3653 decoctus,
3665 3594 3796 3649 sive

2191 3685 2469 3740 convictus
2499 3683 2677 3748 luerit,
2726 3697 2832 3736 non
2857 3689 3035 3735 tamen
3064 3679 3397 3748 puritlcatus,
3428 3680 3539 3734 sive
3565 3680 3633 3734 ad
3681 3683 3794 3737 bo.

2189 3791 2311 3830 nam
2362 3776 2566 3844 frugem
2623 3788 2933 3833 conversus.
2975 3771 3032 3825 Si
3079 3769 3406 3836 Sintharius,
3455 3773 3631 3838 addit,
3689 3788 3782 3830 est

2188 3866 2473 3929 Suinthila,
2499 3879 2593 3917 rex
2619 3861 2920 3917 Gothorum
2951 3861 3321 3929 intelliguntur
3337 3863 3470 3917 Acta
3490 3877 3609 3918 esse
3636 3879 3783 3919 cen-

2186 3954 2292 4008 cilii
2323 3952 2568 4006 Toletani
2592 3967 2676 4016 IV,
2708 3951 2760 4003 in
2805 3963 2913 4018 quo
2960 3947 3228 4002 Suinthila
3273 3951 3614 4005 anathemate
3656 3969 3792 4023 pcr-

2185 4045 2364 4100 culsus
2393 4041 2508 4096 fuit.
2537 4041 2686 4096 Hanc
2730 4039 3090 4110 suspicionem
3145 4056 3268 4095 cum
3317 4043 3440 4107 alia,
3485 4051 3593 4096 tuin
3641 4044 3792 4100 ratio

2183 4135 2441 4204 temporis
2462 4133 2716 4188 excludit.
2734 4132 3082 4187 Veriuscredi
3099 4141 3298 4202 potest,
3322 4134 3650 4189 Sintharium
3682 4151 3790 4190 vo-

2183 4234 2361 4280 catum
2393 4225 2704 4294 episcopum
2733 4223 2882 4277 illum
2905 4223 3333 4289 Cordubensem,
3365 4224 3430 4278 de
3475 4241 3582 4293 quo
3605 4223 3787 4278 lsido-

2181 4332 2270 4370 rus
2302 4317 2354 4369 in
2377 4315 2599 4382 epistola
2629 4313 2694 4367 ad
2726 4312 3020 4367 llelladium
3044 4312 3382 4382 Toletauum,
3412 4323 3772 4385 ueteresque

2184 4410 2419 4478 quicum
2443 4422 2508 4462 eo
2533 4414 2688 4460 erant
2709 4406 2926 4460 adunati
2951 4446 2967 4471 ,
3011 4407 3332 4476 episcopos:
3367 4407 3602 4460 l’estram
3628 4424 3780 4461 sanc-

500 4474 730 4527 “endum
760 4481 839 4565 θεῖ
871 4471 1125 4565 δίητίωΓίξ
1165 4476 1437 4546 Proprium
1469 4491 1686 4538 υοιυθηθ
1731 4477 1871 4547 Ψιοά
1899 4478 2076 4545 Nam"
2108 4491 2160 4554 Β
2185 4471 2383 4552 titatem
2412 4496 2754 4565 deposcimus,
2781 4505 2836 4548 ut
2860 4496 2993 4548 idem
3019 4471 3395 4565 lapsus-sancto
3415 4498 3565 4549 coetui
3595 4506 3766 4551 vestro

502 4577 606 4632 que
635 4563 957 4632 exemplaria
989 4564 1331 4632 conﬁrmant,
1375 4575 1428 4618 et
1454 4565 1596 4620 inter
1634 4565 1898 4636 Hispanos
1929 4568 2082 4622 inau-

501 4653 670 4708 ditum
702 4671 811 4709 non
840 4671 980 4720 esse,
1011 4671 1077 4711 ex
1108 4655 1348 4711 conciliis
1377 4655 1819 4724 Hispaniensibus
1847 4668 2074 4713 constat.

568 4763 655 4817 15.
689 4763 1008 4833 Hujusmodi
1038 4767 1346 4831 concilium,
1391 4766 1442 4820 in
1473 4782 1581 4834 quo
1619 4767 1805 4822 lsidori
1833 4768 2079 4825 doctrina

501 4861 559 4908 et
586 4856 753 4907 virtus
797 4864 984 4909 contra
1028 4854 1356 4910 Sintharium
1405 4866 1684 4925 tantopere
1712 4857 1936 4919 effulsit,
1973 4875 2079 4912 non

495 4941 598 4997 fuit
617 4952 764 4999 certe
791 4945 1074 4998 concilium
1095 4963 1143 4999 IV
1166 4944 1482 4999 Toletauum
1505 4961 1646 5000 anno
1677 4947 1781 4999 655
1809 4948 2078 5014 habitum;

497 5050 605 5088 non
636 5035 809 5090 solum
849 5035 974 5104 quia
1004 5035 1055 5089 in
1085 5036 1199 5104 ejus
1225 5037 1388 5105 gestis
1418 5038 1548 5090 nihil
1583 5039 1651 5091 de
1679 5038 1954 5094 Sinthario
2001 5041 2077 5094 le-

494 5127 674 5194 gitur;
707 5125 802 5180 sed
827 5127 987 5179 etiam
1018 5126 1142 5196 quia
1166 5126 1394 5194 epistola
1427 5123 1726 5180 Braulionis
1769 5128 1927 5196 longe
1955 5135 2081 5183 ante

499 5216 549 5268 id
578 5217 832 5288 temporis
859 5215 1058 5286 scripta
1089 5217 1280 5281 fuerat,
1309 5225 1364 5270 ut
1389 5231 1529 5270 nunc
1545 5231 1835 5285 exponam.
1854 5217 2071 5272 Braulio

498 5307 569 5360 ab
599 5304 804 5361 Isidoro
841 5305 997 5376 petiit
1043 5307 1233 5361 librum
1265 5306 1743 5376 Etymologiaruin,
1787 5321 1946 5375 quem
1983 5324 2078 5363 au-

495 5395 672 5453 dierat
692 5405 1137 5454 consummatum.
1170 5396 1298 5452 Post
1321 5397 1521 5465 aliquot
1549 5412 1739 5462 annos,
1767 5405 1825 5450 ut
1847 5397 2073 5464 videtur,

498 5489 714 5548 Braulio
744 5508 928 5550 rursus
950 5492 1140 5548 librum
1173 5491 1629 5565 Etymologiarum
1656 5495 1942 5565 postulavit
1970 5495 2073 5550 alia

490 5584 750 5650 cpistola,
779 5602 895 5656 qum
916 5586 1096 5655 periit,
1124 5593 1184 5640 ut
1204 5586 1472 5654 colligitur
1499 5603 1565 5641 ex
1586 5587 1814 5657 epistola
1844 5587 2030 5642 lsidori
2056 5608 2068 5642 :

491 5665 639 5744 'Quiu
669 5682 714 5723 te
742 5675 1068 5742 incolumem,
1092 5686 1220 5743 εις..
1249 5674 1336 5730 ubi
1359 5673 1589 5730 Isidorus
1608 5674 1682 5728 ait
1708 5693 1720 5728 :
1748 5673 1867 5729 Non
1890 5675 1965 5746 [ui
1993 5677 2074 5730 di—

2183 4597 2543 4662 prazscntatus,
2573 4591 2749 4660 agnito
2778 4605 2810 4641 a
2839 4589 2978 4642 vobis
3009 4590 3346 4658 confessionis
3389 4591 3622 4655 eloquio,
3679 4609 3772 4656 sy-

2185 4680 2360 4733 nodali
2400 4679 2654 4732 sententia
2683 4695 2716 4731 a
2762 4678 2927 4748 gradu
2949 4679 3225 4732 sacerdotii
3280 4667 3586 4748 deponatur.
3646 4678 3760 4733 Etsi

2185 4779 2362 4824 autem
2401 4768 2624 4832 Padilla,
2654 4767 2854 4823 Histor.
2911 4767 3113 4823 Eccles.
3141 4778 3282 4822 cent.
3317 4785 3406 4832 vn,
3459 4785 3507 4824 c.
3564 4769 3652 4831 '52,
3704 4782 3762 4824 et

2184 4859 2470 4916 Gomczius
2499 4860 2692 4914 bravus
2722 4859 2773 4912 in
2803 4858 2979 4928 Episc.
3003 4858 3262 4924 Cordub.,
3284 4877 3335 4930 p.
3361 4861 3450 4926 7‘2,
3479 4863 3776 4918 vehemen-

2187 4960 2270 5004 ter
2295 4949 2559 5014 dubitant,
2611 4963 2678 5001 an
2709 4963 2771 5001 ea
2798 4947 3022 5017 epistola
3047 4957 3176 5004 vere
3204 4951 3275 5004 sit
3325 4949 3546 5014 Isidori,
3586 4960 3769 5008 tamen

2184 5039 2458 5122 Florczjus
2486 5051 2607 5107 pag.
2636 5035 2760 5100 254,
2791 5044 2921 5090 tom.
2955 5036 3045 5102 IX,
3077 5053 3170 5092 eos
3198 5039 3414 5104 refellit,
3433 5042 3579 5109 quod
3599 5041 3772 5098 disci-

2136 5127 2140 5131 ’
2181 5127 2382 5196 plinam
2411 5126 2830 5181 ecclesiasticam
2860 5126 3071 5179 illorum
3097 5134 3395 5196 temporum
3428 5131 3770 5199 ignorantes,

2180 5233 2298 5273 eam
2327 5217 2608 5287 epistolam
2642 5217 2924 5285 primatum
2948 5215 3197 5271 Ecclesiae
3225 5217 3499 5275 Toletana:
3529 5237 3765 5290 arguere

2181 5309 2359 5377 aliquo
2388 5309 2548 5364 modo
2589 5320 2748 5378 posse
2785 5309 3229 5364 cxistimaverint.
3265 5311 3627 5370 Validioribus
3677 5331 3770 5368 ar-

2180 5402 2444 5469 gumentis
2469 5401 2714 5454 eamd-m
2765 5401 3046 5469 epistolam
3105 5416 3415 5473 oppugnare
3479 5419 3770 5473 aggressus

2180 5486 2279 5543 fuit
2305 5488 2730 5555 Hcrnandezius,
2753 5504 2873 5558 quae
2909 5505 3029 5560 cap.
3065 5491 3133 5542 74
3156 5492 3517 5548 discutiemus.
3545 5493 3762 5561 Riscus,

2179 5589 2310 5635 ltllll.
2330 5579 2474 5633 XXX
2498 5579 2645 5650 liisp.
2670 5579 2844 5644 Sacr.,
2875 5593 2996 5649 pag.
3018 5579 3140 5646 151,
3170 5583 3441 5637 existimat
3469 5584 3760 5653 epistolam

2172 5672 2473 5727 Braulionis
2517 5672 2678 5740 paulo
2706 5664 2838 5725 ante
2858 5671 3139 5726 concilium
3167 5688 3218 5726 IV
3249 5675 3407 5746 150
3436 5673 3553 5728 Τυις
3571 5681 3759 5729 tantum
