4060 6198
349 295 452 352 I25

1375 292 1784 356 ISIDORIANA.
1808 328 1877 339 —
1905 298 2083 357 PARS
2121 301 2165 361 I.
2207 302 2363 361 CAP.
2404 304 2571 361 XXII.

3510 314 3617 372 {26

348 409 625 478 scriptam,
654 405 722 460 ad
760 407 904 475 quod
934 415 1148 476 paratus
1192 407 1406 464 Braulio
1435 411 1667 467 lectione
1711 410 1923 466 concilii
1955 418 2002 475 Α
2028 414 2082 467 in
2103 416 2339 470 uniuersa
2368 415 2635 487 Hispanis
2676 419 2925 473 vicarium
2946 422 3283 478 constituisse.
3306 425 3617 493 perhibetur.

346 498 679 570 Hispalensis
703 506 891 551 contra
920 495 1236 568 Gregorium
1257 501 1519 557 accedere
1540 502 1773 558 volebat.
1797 501 1930 570 Sed,

345 603 406 648 ut
432 591 563 654 dixi,
597 589 651 645 id
677 590 930 644 sustineri
962 592 1181 660 nequit,
1228 607 1402 663 neque
1427 594 1601 648 simile
1636 609 1768 649 vero
1825 602 1929 659 est,

344 684 690 738 Braulionem
718 688 840 750 post
870 689 951 736 tot
973 696 1145 737 annos
1170 693 1321 751 gesta
1360 686 1552 754 synodi
1600 677 1933 754 Hispalensis

344 790 381 829 ιι
427 775 728 841 ignorasse,
769 779 863 825 aut
889 786 920 825 a
964 786 1091 840 rege
1120 781 1304 841 petere
1356 774 1625 829 debuisse.
1658 774 1931 843 Suspicari

344 862 565 917 demum
593 859 789 928 aliquis
819 860 1008 928 possit,
1036 875 1106 913 an
1131 859 1344 915 Braulio
1372 876 1438 916 eo
1468 863 1686 917 nomine
1715 862 1934 916 Martia-

344 967 497 1017 uuut,
528 952 594 1006 de
621 966 730 1020 quo
759 966 943 1020 supra,
974 961 1379 1009 exauctoratum
1402 954 1748 1008 intellexerit.
1781 953 1933 1008 Tunc

342 1039 653 1107 conjectura
700 1039 823 1094 addi
878 1042 1103 1109 poterit,
1153 1056 1252 1109 pro
1299 1043 1599 1096 Sintliarius
1640 1043 1926 1112 legendum

342 1129 662 1184 Centaurus:
695 1131 765 1184 ita
792 1132 934 1185 enim
956 1132 1214 1201 appellari
1238 1132 1482 1186 solebant
1506 1132 1814 1202 clerici,qui
1840 1149 1935 1187 cu-

342 1220 417 1274 ris
436 1219 783 1273 s:ecnlaribus
812 1219 1029 1273 nimium
1060 1219 1518 1275 immiscchantur.

419 1310 504 1365 19.
532 1310 589 1365 In
619 1311 845 1380 epistola
870 1311 1083 1378 Isidori,
1112 1328 1218 1381 qua
1250 1312 1523 1367 Branlioni
1558 1314 1847 1382 respondet
1876 1322 1932 1368 et

342 1401 419 1454 ait
444 1416 505 1455 se
532 1402 786 1456 Codicem
815 1401 1271 1472 Etymologiarum
1301 1405 1535 1470 misisse,
1560 1407 1769 1461 scilicet
1804 1406 1930 1461 dum

340 1493 498 1549 Sedes
527 1492 943 1549 Tarraconensis
968 1506 1204 1561 vacaret,
1240 1498 1461 1553 alterius
1483 1498 1693 1553 concilii
1729 1499 1933 1553 mentio

341 1587 600 1653 occurrit,
632 1588 698 1641 ad
728 1587 873 1655 quod
900 1586 1136 1644 Isidorus
1170 1600 1394 1645 vocatus
1441 1590 1633 1645 fuerat.
1666 1590 1745 1643 Ita
1782 1591 1925 1645 enim

338 1676 507 1733 refert
525 1675 789 1732 Isidorus:
833 1677 956 1731 Tuae
979 1680 1271 1732 sanctitatis
1316 1679 1547 1744 epistola:
1594 1695 1677 1732 me
1705 1679 1767 1731 in
1806 1675 1930 1730 urbe

2033 503 2237 561 Auctor
2265 507 2400 562 Vita:
2427 508 2650 578 pallium
2684 519 2741 565 et
2767 512 3031 580 primatus
3049 514 3311 570 honorem
3336 515 3542 573 Isidoro
3587 536 3621 577 a

2032 592 2293 665 Gregorio
2320 614 2635 654 concessum
2666 600 2970 657 conﬁrmat.
3003 604 3206 660 Auctor
3233 607 3613 666 Continuatio-

2036 685 2119 740 nis
2160 686 2623 743 Chronicilsidori
2663 690 2757 743 lib.
2784 707 2839 745 nt
2879 691 3276 749 Chronieorum
3304 694 3465 750 Luca:
3515 696 3625 752 Τυ-

2034 774 2214 829 densis
2259 777 2337 833 sic
2383 778 2651 832 breviter:
2713 780 2983 835 Primatiaz
3027 783 3281 853 dignitate
3327 786 3544 854 ﬂorens,
3566 795 3619 841 et

2038 863 2260 917 Romani
2285 881 2432 936 pupa:
2459 868 2512 919 in
2542 866 2815 937 Hispaniis
2838 870 2969 923 vices
2997 887 3197 940 gerens.
3217 872 3409 927 Narrat
3428 875 3622 932 deinde

2036 954 2134 1007 sub
2158 952 2481 1010 Theodisclo
2512 966 2779 1025 apostata,
2810 974 3119 1015 successore
3148 960 3355 1026 lsidori,
3388 965 3623 1032 dignita-

2036 1051 2144 1098 tem
2176 1044 2436 1111 primatis:
2459 1046 2770 1103 translatam
2816 1046 2979 1102 fuisse
3007 1049 3073 1103 ad
3103 1049 3399 1108 Ecclesiam
3456 1053 3619 1111 Tole-

2038 1141 2239 1189 tenam.

2105 1222 2159 1275 2.
2200 1221 2400 1279 Harum
2430 1241 2606 1280 rerum
2638 1229 2875 1282 omnium
2902 1239 3153 1287 auctores
3179 1234 3377 1289 saeculo
3406 1251 3497 1291 nn
3524 1252 3623 1293 an-

2036 1314 2293 1383 tiquiores
2322 1333 2428 1371 non
2459 1318 2737 1374 habemus.
2767 1319 2921 1386 Quod
2944 1323 3135 1378 attinet
3160 1325 3375 1392 quidem
3408 1326 3476 1380 ad
3502 1326 3623 1397 pal-

2035 1405 2161 1459 lium
2191 1415 2337 1462 certe
2366 1423 2432 1463 ex
2462 1410 2702 1465 moribus
2729 1413 2927 1467 nostris
2954 1421 3197 1483 tempora
3236 1417 3457 1483 antiqua
3507 1433 3621 1473 me-

2036 1496 2121 1549 tiri
2144 1512 2250 1551 non
2287 1498 2564 1554 debemus.
2596 1502 2805 1556 Nostris
2856 1503 3073 1571 quidem
3121 1507 3453 1574 temporibus
3500 1510 3620 1576 pal-

2035 1587 2162 1644 lium
2192 1591 2440 1645 omnibus
2463 1593 2879 1663 archiepiscOpis
2907 1593 3159 1650 mittitur:
3191 1596 3321 1651 olim
3352 1612 3437 1652 res
3464 1599 3620 1652 aliter

2033 1695 2091 1734 se
2116 1680 2368 1735 habebat.
2401 1680 2457 1735 S.
2490 1681 2778 1749 Gregorius
2808 1683 3025 1753 Magnus
3055 1686 3090 1739 l.
3122 1702 3229 1754 vn,
3259 1688 3415 1756 epist.
3449 1687 3513 1753 5,
3538 1689 3615 1743 sic

340 1768 592 1829 Toletana
614 1772 1089 1824 inveneruntmam
1118 1781 1375 1839 permotus
1398 1773 1597 1840 fueram
1623 1765 1782 1823 causa
1807 1784 1929 1821 con-
1967 1795 2004 1850 η
2034 1764 2265 1833 profert:
2315 1763 2501 1821 Prisca
2542 1768 2853 1822 consuetudo
2883 1769 3121 1835 obtinuit,
3165 1779 3220 1823 ut
3260 1773 3427 1826 honor
3457 1771 3609 1841 pallii

338 1865 466 1917 cilii.
506 1863 613 1918 Sed
636 1864 866 1933 quamvis
890 1864 1059 1933 jussio
1105 1863 1356 1932 principis
1398 1865 1452 1917 in
1494 1864 1677 1916 itinere
1704 1862 1927 1931 positum

337 1971 569 2009 remeare
588 1972 668 2008 me
691 1954 1044 2009 admonuisset
1067 1996 1083 2022 ,
1108 1972 1200 2026 ego
1224 1964 1417 2019 tamen,
1446 1956 1567 2025 quia
1592 1954 1929 2023 propinquior

338 2062 478 2099 eram
525 2046 818 2110 praesentire
859 2043 1041 2115 ipsius,
1073 2061 1227 2115 quam
1253 2044 1585 2113 regressioni,
1636 2041 1797 2095 malui
1844 2059 1931 2110 po-

338 2135 442 2187 tius
464 2149 672 2188 cursum
691 2135 892 2188 itineris
921 2151 1024 2189 non
1054 2133 1417 2188 intercludere.
1442 2133 1664 2187 Videtur
1684 2133 1787 2186 hoc
1808 2148 1929 2186 con-

337 2221 515 2283 cilium
548 2222 805 2276 indictum
837 2222 1021 2285 luisse,
1066 2231 1120 2276 et
1151 2239 1273 2276 mox
1306 2234 1657 2291 suspensum:
1702 2236 1765 2275 ac
1815 2220 1927 2273 for-

337 2319 481 2364 tasse
510 2312 655 2379 quod
689 2312 1032 2381 postmodum
1074 2313 1403 2367 celebratum
1448 2312 1726 2387 l‘uit'anno
1778 2310 1887 2364 655
1912 2352 1928 2378 ,

337 2401 543 2455 scilicet
562 2402 847 2456 concilium
877 2417 950 2455 IV.
983 2401 1319 2464 Toletanum,
1355 2409 1480 2455 ante
1503 2394 1559 2455 id
1589 2408 1805 2470 tempus
1836 2417 1930 2455 rex

339 2490 909 2557 celebrari'voluerat,
964 2492 1107 2561 quod
1135 2491 1298 2546 certis
1347 2491 1416 2545 de
1471 2490 1739 2544 causisin
1787 2490 1930 2544 aliud

338 2588 554 2648 tempus
604 2579 830 2635 distulit.
863 2578 919 2635 In
950 2579 1190 2649 ejusdem
1220 2579 1437 2635 concilii
1485 2579 1664 2634 locum
1708 2578 1929 2632 Braulio

335 2670 631 2723 convenire
656 2668 947 2733 debuerat;
998 2668 1093 2723 sed
1130 2684 1251 2730 cum
1305 2683 1402 2722 rex
1430 2669 1756 2723 sententiam
1814 2684 1928 2720 inu-

336 2766 529 2823 tasset,
557 2757 809 2822 Isidorus.
840 2759 929 2828 qui
959 2758 1211 2814 Codicem
1262 2757 1719 2827 Etymologiarum
1762 2756 1929 2810 Brauv

336 2849 823 2907 lionioﬁerendum
855 2852 1132 2917 attulerat,
1175 2849 1245 2904 de
1292 2850 1483 2903 itinere
1537 2848 1603 2902 ad
1637 2849 1811 2917 ipsum
1841 2862 1928 2902 re-

336 2942 505 2997 misit.

409 3031 500 3086 20.
543 3030 617 3085 Ita
671 3032 814 3086 enim
866 3032 940 3085 ait
975 3049 989 3087 :
1020 3030 1259 3085 Codicem
1304 3028 1757 3101 Etymologiarum
1812 3046 1927 3083 cum

335 3124 456 3179 aliis
483 3120 755 3177 Codicibus
784 3122 847 3177 de
873 3123 1058 3177 itinere
1082 3124 1372 3188 transmisi,
1404 3132 1453 3175 et
1476 3123 1594 3175 licet
1622 3123 1921 3176 inemenda-

336 3227 447 3271 tum
474 3233 586 3287 pra:
612 3217 971 3282 inoatitudine,
1016 3226 1183 3270 tamen
1231 3214 1321 3269 tibi
1342 3218 1494 3271 modo
1522 3217 1592 3269 ad
1640 3219 1924 3271 emendan-
1951 3193 1995 3214 υ

333 3309 458 3362 dum
488 3316 770 3362 statueram
793 3307 999 3376 oﬁ'erre,
1031 3307 1078 3361 si
1104 3307 1175 3360 ad
1196 3308 1507 3361 destinatum
1529 3309 1734 3361 concilii
1757 3311 1924 3362 locum

332 3400 694 3462 perrenissem.
728 3397 1254 3465 Libentiuslegereni
1285 3400 1597 3468 pervenisses
1621 3413 1641 3451 :
1672 3413 1793 3451 nam
1834 3398 1853 3451 l
1888 3400 1925 3452 i-

332 3487 524 3555 dorus,
558 3488 647 3554 qui
678 3503 880 3539 cursum
917 3488 1116 3540 itineris
1138 3504 1239 3540 non
1257 3488 1575 3554 interclusit,
1600 3486 1666 3540 ad
1687 3487 1923 3542 destina-

331 3586 448 3632 tum
473 3576 651 3631 locum
686 3575 895 3629 videtur
917 3575 1245 3644 pervenisse,
1268 3576 1508 3643 quamvis
1529 3576 1812 3630 concilium
1834 3592 1923 3631 cc-

331 3667 601 3724 Iebratum
620 3681 726 3720 non
754 3666 933 3720 fuerit.
965 3663 1081 3720 Hoc
1103 3664 1288 3719 Isidori
1308 3665 1374 3719 ad
1400 3666 1583 3720 urbem
1608 3665 1919 3722 Toletanam

334 3760 438 3815 iter
458 3757 524 3813 ad
554 3771 751 3811 annum
796 3756 893 3810 651
955 3756 1172 3809 circiter
1227 3753 1413 3809 referri
1465 3764 1662 3825 potest.
1710 3757 1920 3811 Braulio

332 3852 620 3914 diaconum
664 3868 821 3907 suum
892 3852 1373 3907 commendaverat
1430 3854 1495 3907 ad
1549 3855 1917 3923 episcopatum

332 3942 792 3999 Tarraconensem
826 3952 953 3997 tunc
982 3952 1282 3997 vacantem.
1313 3944 1618 4012 Respondet
1650 3944 1915 4000 Isidorus:

334 4032 413 4087 De
442 4034 797 4087 constituendo
847 4043 1019 4086 autem
1083 4034 1321 4102 episc0po
1382 4033 1763 4088 Tarraconensi
1814 4053 1917 4089 non

333 4142 469 4192 eum,
498 4142 648 4193 quam
677 4126 845 4192 petisti
870 4166 885 4191 ,
914 4126 1052 4177 sensi
1080 4126 1384 4177 sententiam
1412 4126 1581 4194 regis;
1619 4130 1711 4180 sed
1738 4139 1911 4182 tamen

331 4225 383 4268 et
404 4215 513 4280 ipse
539 4215 706 4266 adhuc
749 4213 835 4266 ubi
864 4215 1050 4267 certius
1090 4222 1353 4267 convertat
1382 4217 1610 4268 animum
1633 4217 1710 4269 illi
1737 4226 1911 4270 manet

332 4303 903 4370 incertum.Florezius,
936 4314 1065 4359 tom.
1093 4303 1236 4360 XXV
1266 4304 1414 4375 Ilisp.
1439 4322 1601 4373 sacr.,
1627 4307 1913 4363 Eusebium

332 4394 793 4450 Tarraconensem
852 4395 1147 4450 antistitem
1193 4396 1259 4450 ad
1311 4412 1511 4452 annum
1544 4399 1761 4453 circiter
1806 4398 1914 4453 6'52

2031 1855 2132 1908 nisi
2158 1856 2477 1927 exigentibus
2502 1854 2771 1911 causarum
2803 1860 3014 1923 meritis,
3035 1869 3083 1913 et
3107 1862 3311 1930 fortiter
3329 1862 3613 1931 postulanti

2030 1945 2145 1998 dari
2172 1962 2275 2000 non
2304 1948 2504 2003 debeat.
2537 1950 2711 2018 Atque
2734 1964 2854 2003 eum
2885 1950 3147 2005 honorem
3177 1954 3443 2022 praecipue
3471 1954 3615 2020 obtio

2029 2044 2229 2088 nebant
2257 2037 2347 2105 qui
2380 2038 2444 2090 ad
2469 2038 2650 2092 limina
2678 2039 3061 2107 Aposmlorum
3081 2044 3387 2097 veniebant.
3412 2044 3616 2099 Deinde

2031 2123 2251 2192 pallium
2283 2126 2422 2180 mitti
2450 2128 2613 2196 erepit
2640 2143 2740 2196 per
2761 2129 2966 2198 legatos
2991 2132 3134 2186 sedis
3179 2131 3513 2201 apostolicae,
3546 2149 3613 2189 ac

2032 2210 2262 2282 denique
2286 2229 2383 2283 per
2409 2226 2804 2284 procuratores,
2832 2228 2888 2271 ut
2925 2235 3067 2275 nunc
3098 2220 3176 2288 lit,
3204 2222 3294 2291 qui
3325 2224 3605 2291 instanter,

2028 2302 2327 2371 instantius,
2356 2314 2408 2359 et
2461 2306 2831 2361 instantissime
2861 2308 2913 2362 in
2964 2310 3287 2365 consistorio
3323 2326 3355 2364 a
3400 2327 3613 2367 summo

2031 2392 2286 2462 pontiﬁce
2324 2411 2422 2463 pro
2469 2397 2890 2467 archiepiscOpis
2947 2401 3167 2469 pallium
3223 2411 3502 2470 expetunt,
3556 2412 3616 2458 ut

2031 2498 2174 2537 nunc
2193 2498 2289 2552 pro
2318 2486 2570 2540 omnibus
2592 2488 3009 2559 archiepiscopis
3038 2489 3149 2545 ﬁeri
3175 2492 3332 2545 solet.
3353 2492 3617 2549 Auctores

2029 2574 2119 2643 qui
2149 2574 2216 2627 de
2245 2575 2407 2643 pallio
2430 2583 2597 2642 agunt
2626 2577 2891 2632 innumeri
2916 2589 3058 2633 sunt.
3099 2579 3242 2634 Inter
3288 2583 3617 2638 recentiores

2030 2661 2203 2716 videri
2227 2672 2409 2732 potest
2436 2665 2743 2720 dissertatio
2797 2665 2857 2723 P.
2885 2666 3043 2721 Joan.
3087 2668 3340 2724 Laurenti
3388 2669 3532 2724 Berti
3560 2672 3615 2726 in

2030 2751 2146 2819 ejus
2176 2754 2348 2822 prosis
2396 2755 2702 2822 vulgaribus
2732 2770 2852 2826 pag.
2877 2756 2999 2821 275,
3033 2760 3262 2827 repetita
3296 2760 3346 2812 in
3405 2761 3606 2817 collec-

2031 2842 2178 2897 tione
2204 2843 2526 2899 Zaccariana
2557 2846 2991 2903 dissertationum
3034 2848 3215 2905 Italica
3262 2851 3437 2920 lingua
3479 2862 3613 2909 tom.

2030 2931 2119 2999 IX,
2148 2949 2269 3003 pag.
2294 2934 2432 2989 225:
2464 2935 2635 3007 Supra
2666 2940 2999 3009 l’argomento
3029 2942 3295 3011 prescritto
3322 2941 3442 2996 dell‘
3469 2949 3607 2998 anti-

2028 3026 2169 3079 cltita
2214 3027 2299 3081 del
2315 3028 2498 3098 pallio,
2517 3045 2546 3081 e
2572 3045 2626 3082 se
2651 3030 2736 3094 qia
2755 3032 2799 3083 si
2829 3031 3112 3084 concedeva
3154 3034 3204 3084 α’
3224 3034 3322 3086 sali
3345 3028 3609 3104 metropo-A

1966 3156 1992 3174 η
2028 3113 2201 3172 litani.

2104 3204 2260 3275 152
2289 3207 2340 3261 5.
2373 3206 2629 3272 Quamvis
2657 3205 2891 3264 Isidorus
2937 3210 3385 3281 metropolitanus
3434 3213 3611 3280 fuerit,

2027 3303 2199 3365 atque
2214 3296 2284 3350 ob
2321 3297 2612 3364 singularia
2642 3299 2830 3353 merita
2856 3300 3062 3355 honore
3092 3303 3612 3375 palliidignissimus,

2027 3396 2207 3442 tamen
2231 3404 2335 3444 non
2360 3390 2502 3445 illico
2530 3392 2679 3460 argui
2709 3405 2859 3447 certo
2881 3402 3080 3463 potest,
3103 3411 3226 3450 eum
3256 3398 3475 3466 pallium
3497 3399 3611 3452 sive

2026 3498 2055 3536 a
2086 3481 2143 3537 S.
2175 3482 2455 3552 Gregorio,
2486 3485 2600 3539 sive
2625 3485 2691 3539 ab
2716 3485 2823 3539 alio
2853 3485 3105 3554 pontiﬁce
3128 3489 3420 3557 accepisse.
3448 3488 3614 3544 Valde

2027 3581 2202 3627 tamen
2227 3576 2504 3644 probabile
2533 3591 2746 3641 censeo,
2781 3575 3040 3630 Isidorum
3071 3578 3275 3631 honore
3322 3579 3465 3647 pallii
3497 3593 3613 3648 non

2024 3662 2284 3718 caruisse.
2312 3663 2616 3732 Aliquando
2642 3665 2785 3718 enim
2806 3663 3055 3719 videntur
3076 3666 3174 3735 ipsi
3200 3666 3479 3735 pontifices
3502 3667 3613 3722 Ro-

2024 3756 2165 3807 tnani
2194 3756 2412 3824 pallium
2445 3756 2654 3809 misisse
2682 3757 2841 3809 etiam
2870 3772 2975 3809 non
3005 3758 3337 3827 petentibus,
3364 3761 3409 3814 si
3442 3760 3609 3814 aliun-

2024 3844 2092 3900 de
2139 3847 2337 3899 eximia
2380 3847 2633 3900 virtutum
2688 3856 2743 3900 et
2772 3847 3031 3902 doctrina:
3082 3848 3239 3904 laude
3275 3852 3594 3905 eminerent.

2021 3934 2309 4002 Gregorius
2336 3934 2579 4003 Magnus,
2608 3950 2729 3989 cum
2771 3936 2988 4005 pallium
3029 3936 3273 3991 Leandro
3305 3940 3465 4003 misit,
3500 3954 3595 4007 pe-

2022 4025 2223 4080 titionis
2245 4042 2348 4077 non
2372 4025 2634 4091 meminit,
2662 4024 2699 4078 l.
2746 4041 2834 4089 vn,
2877 4026 3035 4093 epist.
3070 4024 3171 4079 I26
3205 4045 3217 4077 :
3252 4026 3512 4079 Prmterea
3541 4044 3608 4081 ex

2019 4115 2367 4171 benedictione
2394 4114 2525 4168 beati
2559 4114 2699 4169 Petri
2724 4116 3073 4185 apostolorum
3103 4118 3347 4187 principis
3387 4118 3603 4185 pallium

2016 4207 2155 4262 vobis
2197 4207 2595 4269 transmisimus,
2626 4206 2694 4258 ad
2717 4206 2828 4259 sola
2864 4206 3135 4258 missarum
3174 4205 3421 4258 solemnia
3453 4214 3600 4257 uten-

2015 4298 2155 4351 dum.
2210 4296 2322 4360 Quo
2380 4298 2717 4362 transmisso,
2767 4296 2913 4350 valde
2971 4295 3160 4360 debui,
3207 4297 3426 4367 qualiter
3469 4294 3609 4349 vobis

2015 4397 2145 4440 esset
2168 4387 2452 4454 vivendum,
2486 4388 2800 4451 admonere;
2828 4388 2920 4440 sed
2966 4388 3273 4442 locutionem
3305 4388 3564 4456 supprime
3585 4421 3602 4447 .

329 4485 497 4539 {uisse
554 4486 807 4554 conﬁcit;
861 4486 948 4540 cui
996 4501 1138 4541 anno
1167 4486 1271 4540 633
1316 4487 1427 4552 jam
1472 4488 1660 4544 Audax
1699 4503 1911 4544 ευοορε-
1945 4481 2138 4582 unia
2164 4478 2313 4532 verba
2340 4479 2565 4534 moribus
2611 4482 2839 4533 anteitis.
2873 4480 2939 4532 Et
2978 4481 3029 4533 in
3048 4481 3207 4549 epist.
3260 4496 3375 4549 seq.
3405 4481 3470 4534 ad
3506 4481 3608 4535 Ile-

328 4583 500 4632 serat.

811 4668 964 4737 151
1003 4663 1230 4721 CAPUT
1278 4662 1440 4718 xxn.

328 4758 416 4813 An
442 4759 660 4829 pallium
689 4774 720 4811 α
747 4758 990 4827 pontiﬁce
1032 4757 1268 4811 Romano
1316 4756 1386 4809 ad
1426 4755 1687 4812 Isidornm
1741 4768 1917 4813 trans-

399 4854 611 4905 missum
642 4853 814 4921 fuerit.
856 4849 933 4901 An
961 4851 1235 4917 primatum
1277 4848 1550 4919 Hispania:
1577 4848 1813 4903 Isidorus
1842 4859 1919 4903 te-

398 4942 609 5008 nuerit,
663 4956 732 4994 an
776 4938 1034 5009 pontificis
1101 4936 1322 4991 Romani
1371 4938 1503 4992 vices
1556 4940 1610 4992 in
1660 4937 1919 5008 Hispania

398 5028 637 5100 gesserit.

399 5117 450 5170 ‘l.
488 5116 543 5169 In
568 5116 885 5172 lectionibus
922 5115 1156 5185 antiquis
1185 5113 1355 5170 Ofﬁcii
1386 5127 1694 5172 sanctorum
1718 5119 1913 5189 Hispao

325 5206 431 5259 nire
459 5205 737 5269 asseritur,
759 5204 818 5259 S.
843 5203 1157 5273 Gregorium
1183 5203 1430 5273 Magnum
1460 5207 1781 5263 electionem
1813 5208 1915 5263 Isi-

324 5294 444 5347 dori
476 5295 528 5347 in
557 5296 870 5364 episcopum
913 5292 1284 5363 HispalenSem
1334 5296 1702 5363 conﬁrmasse,
1755 5302 1915 5366 eique

324 5383 550 5459 pallium
576 5385 629 5438 in
668 5382 980 5454 Hispaniam
1030 5384 1258 5437 misisse.
1302 5382 1360 5437 In
1409 5383 1727 5439 lecsionibus
1781 5385 1907 5441 Bre-

332 5480 483 5533 viarii
514 5478 742 5533 Romani
767 5478 871 5532 hoc
891 5477 1066 5546 ipsum
1097 5477 1167 5529 ita
1215 5473 1471 5530 ellertur:
1509 5475 1735 5547 Ejusque
1777 5483 1912 5533 eleco

328 5562 525 5622 tionem
548 5569 611 5622 S.
644 5561 922 5637 Gregorius
952 5566 1175 5636 Magnus
1205 5568 1391 5619 nedum
1439 5570 1743 5621 auctoritate
1763 5587 1913 5638 apos-

332 5662 489 5723 tolica
510 5660 867 5728 conﬁrmasse,
895 5658 985 5711 sed
1025 5667 1075 5710 et
1097 5658 1310 5710 electum
1341 5658 1642 5712 transmisso
1685 5657 1749 5714 de
1776 5679 1917 5716 more

326 5750 494 5835 "pallio
518 5754 810 5820 ‘déco‘ra'sSe,
846 5754 964 5824 quin
994 5755 1146 5807 etiam
1186 5768 1332 5806 suum
1361 5762 1410 5806 et
1458 5754 1752 5822 apostolicis
1781 5756 1914 5809 sellis

2020 4569 2269 4623 caredum
2300 4583 2480 4637 regem
2510 4569 2815 4639 Hispaniae:
2848 4570 3292 4624 Reverendissimo
3310 4582 3479 4624 autem
3507 4574 3611 4641 [ra-

2022 4659 2110 4723 tri,
2140 4670 2188 4711 et
2213 4660 2512 4728 coepiscopo
2544 4668 2723 4713 nostra
2754 4652 2994 4712 Leandre
3021 4660 3233 4725 pallium
3258 4660 3438 4712 abeati
3467 4658 3609 4713 Petri

2021 4752 2239 4819 apostoli
2268 4751 2386 4803 sede
2415 4753 2811 4815 transmisimus,
2839 4750 2975 4819 quod
3014 4759 3060 4802 et
3082 4750 3307 4820 antiqua:
3334 4758 3611 4803 consuetu-

2021 4841 2152 4905 dini,
2182 4852 2230 4893 et
2253 4842 2440 4894 nostris
2470 4841 2716 4904 moribus,
2745 4849 2793 4894 et
2814 4840 2926 4910 ejus
2967 4840 3210 4907 bonitati,
3242 4851 3393 4911 atque
3428 4842 3604 4909 gravi-

2023 4931 2117 4984 tati
2138 4930 2430 4984 debeamus.
2455 4929 2581 4985 IIIcc
2610 4931 2739 4984 satis
2768 4931 3017 4998 innuunt,
3042 4931 3241 4986 nullam
3270 4932 3609 5000 prmcessisse

2024 5021 2253 5076 Leandri
2278 5023 2493 5077 nomine
2521 5022 2834 5092 petitionem
2861 5024 3026 5092 pallii.
3050 5022 3319 5078 Credibile
3343 5036 3471 5091 ergo
3497 5032 3601 5087 est,

2018 5110 2301 5180 Isidorum,
2333 5113 2485 5182 cujus
2508 5111 2754 5166 doctrina
2778 5151 2793 5175 ,
2818 5120 2873 5167 et
2898 5113 3019 5166 vita:
3062 5113 3319 5167 sanctitas
3362 5112 3600 5165 omnium

2021 5200 2430 5256 admirationem
2452 5202 2836 5266 excitaverant,
2853 5202 3068 5271 pallium
3093 5217 3122 5255 a
3147 5200 3391 5254 Romano
3419 5199 3601 5265 aliquo

2020 5293 2293 5362 pontiﬁce,
2321 5294 2481 5346 etiam
2510 5292 2553 5346 si
2589 5308 2697 5346 non
2728 5293 3116 5362 postulaverit,
3150 5291 3419 5345 habuisse.

2092 5380 2141 5433 ι.
2183 5380 2367 5435 Potest
2387 5384 2489 5435 huc
2513 5382 2675 5435 etiam
2709 5381 2895 5435 referri
2926 5381 3068 5448 quod
3098 5379 3328 5435 concilio
3376 5374 3599 5432 Toleta-

2021 5485 2092 5523 ιω
2120 5485 2171 5523 tv
2203 5466 2506 5537 praefuerit,
2554 5469 2639 5523 cui
2667 5472 2908 5538 quinque
2939 5470 3028 5521 alii
3060 5465 3457 5534 metropolitani
3508 5465 3597 5519 in-

2022 5559 2351 5621 terl'uemnt,
2394 5559 2600 5614 scilicet
2644 5558 2800 5612 Selva
2862 5556 3245 5614 Narbonensis.
3293 5554 3598 5622 Stephanus

2022 5651 2387 5713 Emeritensts,
2408 5648 2650 5706 Julianus
2676 5648 3074 5712 Bracliarensis,
3093 5644 3273 5701 Justus
3285 5645 3598 5705 Toletanus,

2026 5741 2207 5798 Audax
2239 5740 2677 5797 Tarraconensis.
2730 5739 2842 5794 lloc
2886 5738 3055 5807 ipsum
3109 5746 3425 5808 argumento
3477 5750 3594 5793 esse
