4028 6200
395 341 493 399 127

1131 334 1222 390 Alt
1260 331 1483 388 OPERA
1525 327 1585 387 S.
1626 320 1870 385 ISIDORI
1912 322 2362 382 IIISPALENSIS
2401 315 2932 381 PROLECOMENA.

3555 319 3662 378 128

391 463 588 529 potest,
618 453 761 523 quod
790 452 1076 525 primatum
1098 446 1353 503 Ecclesiae
1381 444 1630 515 Hispana:
1650 441 1967 508 obtinuerit,
1999 437 2136 500 Alli
2169 444 2472 513 paniarum,
2495 451 2550 498 ct
2579 441 2865 496 vicariatus
2895 437 3156 510 pontillcii
3185 439 3469 493 honorem.
3503 434 3661 504 Quod

389 549 640 616 vicesque
673 544 898 599 Romani
933 538 1204 610 pontificis
1228 537 1475 606 gesserit.
1507 534 1773 588 Fabulosa
1825 541 1974 587 certe

390 647 476 694 est
507 636 742 690 narratio
765 633 833 687 de
859 628 1206 695 Theodisclo,
1229 628 1344 682 sive
1375 625 1671 680 Theodisto
1717 623 1973 693 episcopo

391 725 711 798 Hispalensi,
743 723 800 778 S.
832 720 1039 787 Isidori,
1066 721 1200 784 sive,
1222 728 1284 773 ut
1322 718 1410 771 alii
1439 717 1627 770 Volunt
1649 756 1665 781 ,
1713 714 1972 797 Honorati

391 816 717 887 Hispalensis
763 812 1000 880 episcopi
1042 819 1164 879 post
1208 809 1266 862 S.
1320 807 1581 862 Isidorum
1631 819 1971 868 successore;

391 922 498 977 quo
529 907 581 961 in
609 905 858 960 exsilium
906 901 1088 966 misso,
1114 901 1345 968 dignitas
1368 899 1630 970 primatus
1677 913 1739 952 ex
1783 895 1974 965 Hispa-

393 999 526 1054 lensi
554 998 618 1052 ad
654 996 944 1053 Ecclesiam
969 993 1288 1049 Toletanam
1321 993 1578 1046 translata
1611 991 1788 1054 fuerit,
1832 988 1985 1059 quod

392 1100 586 1158 preter
607 1084 1161 1159 pseudo-Ildefonsum
1187 1086 1239 1139 in
1270 1085 1677 1141 continuatione
1726 1082 1979 1140 Chrottici

395 1180 583 1236 lsidori
614 1179 778 1232 refert
805 1177 965 1230 etiam
999 1175 1296 1230 Rodericus
1326 1173 1729 1230 Toletanuslih.
1763 1189 1822 1238 ιι,
1853 1188 1976 1242 cap.

393 1270 482 1325 2|.
515 1268 629 1323 Nic.
667 1267 928 1320 Antonius
960 1265 1053 1320 lib.
1079 1278 1130 1328 ν,
1164 1281 1284 1334 cap.
1314 1258 1366 1328 ὅ,
1403 1281 1454 1317 ιι.
1479 1259 1567 1328 70,
1595 1263 1662 1318 de
1683 1261 1741 1317 S.
1774 1261 1980 1318 Isidoro

395 1361 621 1429 loquens
651 1360 721 1412 ita
746 1356 1318 1427 habet:Conﬁrmasse
1355 1374 1471 1410 vero
1521 1357 1631 1426 ejus
1681 1355 1736 1408 in
1782 1354 1980 1423 episco-

394 1461 513 1522 pum
541 1452 861 1518 electionem,
892 1459 1043 1520 atque
1070 1451 1304 1503 eumdem
1329 1450 1382 1501 in
1413 1449 1550 1501 sedis
1583 1444 1882 1519 apostolica:
1906 1445 1980 1500 le-

394 1553 588 1614 gatum,
612 1553 661 1596 et
687 1541 961 1610 primatem
990 1557 1193 1594 creasse
1215 1539 1521 1609 Gregorium
1551 1555 1760 1611 papam,
1786 1553 1978 1602 vereor,

393 1651 459 1691 tte
480 1637 666 1708 absque
683 1636 962 1707 sufﬁcienti
993 1635 1330 1706 fundamento
1377 1632 1430 1688 in
1477 1633 1728 1688 breviario
1757 1632 1982 1705 quodam

393 1730 533 1798 apud
554 1729 879 1800 Cajetanum,
904 1744 1027 1798 pag.
1063 1727 1144 1790 14,
1177 1724 1397 1780 Gouzal.
1452 1727 1504 1779 in
1538 1725 1750 1779 Tlteatr.
1798 1723 1980 1793 Hisp.,

2076 541 2255 586 autem
2279 549 2375 602 pro
2391 533 2447 586 S.
2478 531 2682 585 Isidoro
2708 529 2963 598 peculiari
2988 529 3198 582 ratione
3223 526 3448 589 addunt,
3477 541 3605 580 cum
3628 540 3659 580 a

2078 619 2362 675 Braulione
2391 620 2570 674 vocari
2595 619 2950 686 episcoporum
2978 632 3232 669 snnnnum
3251 616 3302 669 in
3327 613 3486 668 titulo
3515 615 3654 684 epis-

2079 712 2216 776 tolae,
2246 725 2364 780 qua:
2396 709 2614 779 incipit:
2649 707 2806 778 15a
2836 706 2880 760 Ο
2908 708 2990 776 pie
3041 706 3267 767 domine,
3317 713 3423 760 etc.
3443 745 3458 768 ,
3489 704 3539 758 id
3593 702 3661 757 ad

2077 801 2263 856 Isidori
2300 817 2563 856 summam
2612 799 2826 853 virtutis
2853 798 3200 866 scientiaeque
3233 796 3444 852 laudem
3482 797 3665 866 potius

2076 891 2415 947 referendum
2469 898 2572 956 est,
2605 903 2765 960 quam
2795 888 2865 942 ad
2911 888 3225 957 dignitatem
3265 886 3519 955 aliquam,
3561 902 3666 955 qua

2079 992 2302 1039 θέωνι-οε
2317 984 2599 1054 episcopos
2629 981 2838 1036 anteire
2866 980 3216 1049 intelligatur.
3264 978 3364 1033 Vel
3398 979 3558 1033 etiam
3585 978 3672 1033 in-

2081 1077 2197 1131 nuit
2225 1076 2463 1142 Braulio,
2489 1074 2599 1144 jam
2632 1082 2742 1127 tum
2769 1072 3032 1127 Isidorum
3061 1070 3304 1126 conciliis
3325 1084 3554 1139 praeesse
3580 1085 3669 1123 so-

2081 1167 2270 1232 litum;
2299 1167 2376 1222 sic
2401 1166 2542 1222 enim
2569 1166 2621 1220 in
2651 1165 2764 1235 ipsa
2798 1163 3024 1234 epi:tola
3053 1162 3210 1217 habet
3242 1180 3254 1215 :
3291 1160 3357 1214 Et
3382 1162 3494 1216 ideo
3515 1163 3570 1214 in
3590 1179 3670 1215 me

2081 1259 2308 1328 primum
2336 1257 2498 1310 existe
2523 1256 2796 1323 muniﬁcus
2821 1270 2840 1308 :
2870 1269 2944 1307 sic
2972 1254 3027 1306 in
3055 1261 3353 1306 sanctorum
3381 1250 3592 1306 coetibus
3621 1261 3672 1304 et

2085 1347 2214 1420 felix
2251 1346 2488 1400 habearis
2515 1355 2564 1399 et
2586 1346 2802 1415 primus.
2853 1341 3010 1396 Gesta
3036 1341 3192 1396 etiam
3231 1339 3431 1412 synodi,
3477 1342 3532 1394 in
3571 1357 3672 1411 qua

2087 1439 2388 1495 Sintharius
2443 1439 2699 1492 examinis
2731 1437 2882 1491 vestri
2910 1436 3040 1509 igni,
3089 1436 3184 1488 etsi
3213 1449 3316 1488 non
3344 1433 3669 1504 puriﬁcatus,

2083 1533 2342 1587 invenitur
2377 1538 2552 1584 tamen
2575 1529 2838 1596 decoctus,
2860 1543 3032 1599 quaeso
3052 1568 3067 1594 ,
3093 1535 3150 1578 ut
3180 1535 3346 1580 vestro
3366 1526 3613 1578 instinctu
3642 1539 3674 1576 a

2085 1620 2196 1688 ﬁlio
2217 1627 2384 1674 vestro
2410 1618 2616 1672 domino
2646 1633 2766 1688 rege
2797 1615 2942 1670 nobis
2963 1615 3256 1685 dirigantur
3274 1614 3395 1667 cito.
3410 1613 3518 1667 Nec
3537 1613 3674 1666 tnui-4

2088 1717 2201 1764 tum
2231 1709 2491 1763 dissimile
2513 1715 2598 1762 ert
2625 1706 2768 1776 quod
2809 1707 2862 1760 in
2917 1705 3022 1759 alia
3050 1703 3279 1773 cpistola
3309 1719 3427 1773 qua:
3459 1702 3669 1770 incipit,

396 1791 680 1888 Tamaynnt
711 1818 780 1871 14
803 1791 952 1888 Apri,
975 1791 1021 1869 et
1044 1834 1073 1868 a
1100 1815 1242 1870 Luca
1271 1815 1494 1870 Tudensi
1526 1813 1721 1870 Chron.
1764 1816 1800 1870 ι.
1826 1791 1979 1880 ιιι,-ἕη

2100 1799 2235 1854 Solet
2259 1800 2467 1868 repleri,
2499 1798 2571 1852 ita
2599 1797 2663 1851 de
2693 1795 2902 1850 Isidoro
2955 1794 3168 1848 Braulio
3215 1793 3482 1861 loquitur:
3537 1791 3672 1859 Spe.

395 1909 562 1978 princ.
591 1919 638 1960 et
666 1909 767 1961 vita
799 1907 952 1978 153
981 1906 1170 1960 lsidori
1200 1906 1447 1974 scriptum
1474 1907 1557 1958 sit.
1593 1905 1783 1959 Demus
1814 1914 1983 1960 tamen

396 2006 705 2066 postremum
730 1998 825 2051 hoc
847 1997 1115 2050 breuiariis
1163 1995 1510 2055 nostratibus.
1561 2006 1610 2048 et
1650 1996 1816 2049 natali
1873 1997 1986 2049 loco

397 2089 628 2159 Hispali,
668 2089 804 2160 quod
853 2098 903 2142 et
953 2087 1206 2142 Baronius
1245 2087 1456 2140 admisit
1483 2086 1553 2139 ad
1611 2103 1804 2139 annum
1857 2086 1981 2139 656.

395 2179 530 2234 (tum
551 2189 731 2234 autem
759 2178 929 2234 Nicol.
959 2178 1228 2234 Antonius
1257 2177 1370 2246 agit
1413 2177 1480 2232 de
1517 2177 1744 2246 epistola
1794 2175 1985 2230 Is'dori

402 2269 469 2323 ad
496 2269 792 2324 Helladium
818 2278 1152 2336 czeterosque
1187 2268 1470 2336 episcopos
1513 2281 1635 2320 cum
1667 2281 1732 2320 eo
1762 2280 1987 2334 congre-

397 2367 569 2430 gatos,
596 2367 654 2412 ut
703 2359 769 2412 de
794 2373 955 2413 causa
979 2357 1216 2426 episcopi
1259 2356 1656 2420 Cordubensis,
1682 2355 1736 2408 in
1783 2356 1986 2409 crimen

400 2449 613 2506 carnale
642 2447 884 2517 delapsi,
916 2453 1325 2517 cognoscerent,
1351 2445 1497 2498 addit
1527 2459 1687 2514 posse
1728 2445 1854 2499 hinc
1884 2445 1986 2498 ali-

399 2537 696 2608 quomodo
749 2537 959 2605 colligi,
1017 2535 1368 2606 apostolicam
1428 2533 1826 2604 delegationem
1872 2535 1988 2590 sive

403 2629 648 2700 primatis
668 2625 784 2696 jura
811 2627 1015 2683 Isidoro
1035 2641 1314 2681 concessa.

474 2739 522 2793 5.
566 2740 704 2794 Nihil
758 2738 902 2794 aliud
946 2738 1129 2792 habuit
1161 2736 1331 2791 Nicol.
1364 2735 1650 2802 Antonius,
1696 2735 1845 2807 quod
1893 2753 1991 2806 pro

400 2832 574 2905 patria
605 2847 701 2886 sua
731 2830 935 2900 Hispali
965 2828 1250 2900 proferret.
1277 2827 1345 2880 At
1369 2827 1628 2883 Baronius
1655 2842 1719 2881 ex
1753 2827 1988 2896 pseudo-

404 2917 674 2978 Ildel‘onso
714 2921 766 2975 in
806 2919 1087 2975 Chronicis
1139 2918 1292 2972 Luca:
1321 2916 1582 2972 'l‘udensis
1623 2915 1991 2971 narrationem

403 3011 631 3082 sumpsit
657 3020 766 3064 tam
796 3010 864 3064 de
886 3009 1137 3080 primaria
1163 3006 1443 3077 dignitate,
1483 3015 1539 3062 et
1565 3005 1791 3060 Romani
1816 3007 1996 3076 ponti-

406 3103 519 3158 iicis
543 3101 805 3156 vicariatu
832 3101 882 3154 in
915 3096 1186 3169 Hispania,
1229 3113 1392 3166 quam
1421 3097 1488 3152 de
1543 3097 1885 3152 successione
1939 3106 1995 3152 et

2089 1891 2209 1943 ciali
2239 1903 2437 1960 quoque
2478 1889 2649 1958 gratia
2673 1889 2834 1957 fretus
2856 1887 3070 1957 speciali
3093 1886 3322 1952 domino,
3351 1886 3405 1938 in
3434 1902 3531 1956 quo
3546 1885 3675 1939 vires

2091 1983 2338 2037 Ecclesia:
2357 1983 2661 2045 consistunt,
2691 1994 2931 2049 suggero,
2957 1987 3067 2033 etc.

2648 2089 2876 2146 CAPUT
2914 2087 3101 2144 XXIII.

2089 2181 2327 2240 Isidorus
2353 2202 2421 2238 an
2447 2184 2664 2238 Romam
2691 2183 2761 2235 ad
2791 2181 3088 2251 pontiﬁcem
3140 2181 3244 2235 sive
3288 2179 3358 2233 ad
3401 2182 3679 2235 concilium

2159 2275 2439 2348 aliquando
2469 2278 2678 2331 venerit.
2721 2273 2874 2328 Liber
2903 2274 2965 2329 de
3000 2272 3198 2327 Ordine
3227 2282 3578 2326 creaturarum
3607 2288 3678 2326 an

2161 2365 2230 2420 sit
2261 2365 2473 2420 Isidori.

2165 2476 2216 2531 1.
2257 2473 2467 2529 Primus
2523 2474 2855 2545 prodigiosus
2884 2473 3069 2529 isidori
3092 2472 3156 2527 ad
3211 2472 3398 2527 urbem
3454 2471 3680 2528 Romam

2091 2567 2376 2631 adventus,
2410 2567 2501 2634 qui
2532 2582 2562 2619 a
2615 2563 2886 2619 nonnul'is
2918 2574 3169 2619 narratur
3195 2565 3280 2619 vel
3310 2563 3544 2631 tingitur,
3599 2562 3680 2616 in-

2092 2655 2303 2711 dicatus
2333 2655 2427 2710 fuit
2452 2671 2570 2724 cap.
2614 2653 2701 2708 18.
2737 2653 2890 2708 Nunc
2933 2654 3199 2722 agendum
3248 2660 3332 2707 est
3378 2653 3446 2706 de
3487 2649 3683 2706 itinere

2095 2746 2232 2814 ejus,
2266 2746 2545 2811 utdicuut,
2580 2746 2648 2799 ad
2672 2743 2962 2800 concilium
3008 2743 3262 2811 generale
3295 2741 3476 2797 Romae
3522 2757 3683 2796 ceae-

2096 2847 2228 2893 tum.
2251 2838 2306 2891 In
2343 2837 2624 2892 Breviariis
2660 2838 2936 2893 veteribus
2976 2835 3246 2905 Hispania:
3301 2834 3380 2890 sic
3427 2833 3682 2903 legimus:

2097 2927 2221 2981 Fuit
2248 2928 2468 2998 denique
2498 2926 2694 2982 lsidori
2719 2935 2865 2980 tanta
2887 2925 3137 2981 doctrinte
3156 2939 3217 2976 ac
3237 2924 3528 2977 sanctitatis
3569 2922 3683 2990 api-

2096 3021 2203 3084 nio,
2247 3029 2302 3074 ut
2354 3030 2530 3076 coacto
2581 3020 2801 3073 concilio
2848 3018 3076 3088 generali
3104 3019 3238 3070 ultro
3269 3017 3479 3087 [uerita
3512 3017 3683 3084 ponti-

2097 3113 2194 3182 ﬁce
2221 3113 2450 3164 maxime
2475 3119 2699 3164 uocatus.
2731 3108 2829 3163 Ubi
2850 3109 3036 3160 mirum
3055 3117 3154 3167 est,
3179 3116 3426 3176 quantum
3445 3103 3686 3173 ponderis

406 3191 594 3248 hatresi
614 3189 916 3246 Theodiscli
936 3228 952 3254 ,
973 3198 1029 3244 et
1053 3187 1402 3242 translatione
1430 3186 1695 3256 primaria:
1721 3185 1992 3256 dignitatis

2101 3216 2151 3260 et
2178 3204 2502 3258 auctoritatis
2541 3202 2780 3256 habuerit
2825 3203 2877 3254 in
2919 3201 3138 3269 singulis
3168 3198 3316 3252 rebus
3344 3198 3539 3252 Isidori
3566 3214 3690 3251 scn-

407 3284 474 3338 ab
504 3280 805 3354 Hispalensi
834 3278 900 3333 ad
931 3276 1244 3332 To!elanam
1267 3275 1561 3331 Ecclesiam
1588 3292 1709 3332 cum
1740 3274 1856 3333 Nic.
1887 3275 1998 3330 An-

412 3375 589 3430 tonius
618 3382 788 3428 totam
816 3371 885 3426 de
915 3369 1235 3424 Theodisclo
1264 3368 1545 3424 historiam
1573 3368 1998 3424 commentitiam

410 3468 702 3523 existimet.
728 3455 1166 3529 lltrc’Tudensis,
1193 3463 1365 3530 inquit
1402 3461 1699 3524 Baronius,
1729 3477 1879 3532 quem
1907 3476 2000 3514 ea:-

410 3560 653 3629 scriptum
677 3573 741 3612 ea:
771 3563 1042 3627 prototypo
1069 3551 1215 3606 nobis
1263 3553 1512 3606 concessit
1553 3549 1873 3606 Franciscus
1902 3549 2000 3606 Pc-

415 3669 516 3720 gna
553 3652 652 3704 mei
691 3648 1079 3703 amantissimus
1107 3656 1235 3699 rota:
1276 3645 1501 3698 audi'or.
1533 3643 1796 3699 Baronius
1842 3650 2001 3698 voc-t

415 3739 774 3801 'l‘heodiscum,
796 3747 850 3791 et
867 3737 1028 3791 verba
1049 3736 1116 3790 de
1146 3736 1377 3804 primatu
1401 3733 1675 3789 lsidorisic
1701 3731 1956 3787 exscribit
1980 3748 1993 3783 :

413 3830 676 3884 Primaria
703 3829 953 3898 dignitate
979 3827 1189 3896 ﬂorens,
1220 3836 1268 3881 et
1295 3825 1518 3880 Romani
1544 3842 1696 3896 papae
1723 3827 1777 3879 in
1803 3823 2002 3894 Hispa-

411 3922 500 3974 nia
532 3919 685 3974 riccm
716 3934 916 3987 gerens.
939 3916 1004 3970 Et
1033 3925 1168 3987 post:
1190 3933 1219 3970 a
1245 3935 1256 3969 :
1293 3915 1434 3970 Tunc
1478 3917 1723 3986 temporis
1770 3914 2001 3983 dignitas

411 4010 663 4080 primatus
693 4007 948 4062 translata
979 4017 1055 4061 est
1080 4007 1148 4060 ad
1179 4005 1466 4060 Ecclesium
1499 4005 1821 4058 Toletanam.
1850 4002 2002 4055 IIanc

416 4102 585 4170 ipsam
608 4099 844 4153 fabulam
873 4100 940 4154 de
971 4098 1295 4154 Theodisclo
1333 4098 1489 4152 sibilo
1515 4095 1757 4162 cxplodit
1805 4093 1999 4160 Aguir-

413 4192 524 4246 rius
553 4192 606 4244 in
637 4189 864 4245 Collect.
889 4188 1272 4254 concil.Hisp.,
1290 4196 1421 4239 tom.
1454 4186 1490 4248 Ι,
1518 4198 1639 4253 pag.
1662 4182 1730 4236 85
1745 4191 1800 4236 et
1820 4198 2000 4252 seqq.,

413 4282 628 4335 dissert.
686 4282 741 4344 4,
802 4292 1031 4332 excursu
1061 4279 1122 4340 7,
1181 4274 1332 4343 cujus
1362 4275 1449 4331 hic
1500 4274 1712 4328 titulus:
1749 4271 2000 4337 Quisnam

415 4372 568 4443 fuerit
595 4367 960 4437 interpolator,
991 4374 1039 4418 et
1062 4366 1269 4419 uitiator
1313 4364 1609 4420 earumdem
1655 4364 1841 4434 epistol
1852 4380 1999 4417 arum

423 4459 802 4531 (Decretalium
832 4454 1298 4524 Pseudo—Isidori),
1326 4471 1394 4508 an
1423 4457 1644 4525 fortasse
1666 4452 2001 4507 Tlteodisclus

2102 3296 2259 3348 tentia
2281 3294 2419 3362 apud
2445 3293 2740 3362 pontiﬁcem
2766 3302 2815 3345 et
2843 3307 3016 3345 omnes
3037 3289 3301 3359 pra'latos.
3355 3287 3546 3343 Fusius
3574 3288 3693 3344 haec

2101 3385 2152 3438 in
2184 3383 2303 3436 Vita
2328 3381 2536 3446 Isidori,
2557 3390 2782 3436 auctore
2808 3379 3070 3436 canonico
3100 3378 3450 3446 Legionensi;
3477 3377 3562 3431 ubi
3593 3392 3694 3430 an-

2103 3485 2289 3530 notant
2318 3475 2668 3540 Bollandiani,
2701 3473 2941 3544 potuisse
2979 3485 3098 3527 esse.
3118 3469 3332 3538 aliquod
3379 3485 3485 3524 non
3517 3468 3695 3537 publi-

2102 3586 2243 3633 cum,
2275 3570 2388 3624 sive
2409 3568 2654 3624 solemne
2683 3565 2993 3627 concilium,
3024 3563 3200 3632 qualia
3231 3561 3336 3616 duo
3366 3552 3549 3615 Romi:
3574 3558 3694 3614 fue-

2104 3669 2227 3715 runt
2249 3676 2390 3716 anno
2419 3658 2514 3713 601
2546 3676 2560 3724 ;
2607 3674 2672 3713 ac
2714 3672 2902 3711 revera
2924 3661 3114 3708 auctor
3143 3651 3276 3705 Vitae
3311 3650 3529 3704 minime
3555 3646 3693 3702 iudi-

2103 3761 2191 3804 cat
2222 3751 2383 3808 fuisse
2407 3748 2694 3806 concilium
2717 3745 3002 3814 generale;
3054 3743 3162 3796 imo
3193 3740 3398 3806 innuit,
3430 3739 3692 3796 lsidorum

2104 3858 2169 3895 cx
2212 3840 2465 3910 llispania
2495 3838 2562 3892 ad
2591 3836 2875 3891 concilium
2922 3839 3208 3886 evocatum
3253 3847 3357 3884 non
3392 3830 3570 3894 fuisse,
3600 3829 3694 3884 sed

2103 3930 2172 3986 de
2197 3946 2263 3984 eo
2293 3926 2570 3984 evocando
2601 3934 2727 3978 tunc
2769 3923 3092 3990 cogitatum,
3135 3935 3254 3974 cum
3291 3918 3526 3974 Isidorus
3558 3934 3694 3988 pne-

2104 4035 2229 4074 sens
2258 4019 2442 4072 Romae
2465 4015 2698 4080 adesset,
2719 4024 2780 4067 ut
2824 4010 2940 4079 ejus
2983 4011 3211 4067 consilio
3238 4009 3520 4083 synodalia
3571 4017 3694 4064 acta

2104 4107 2174 4163 dit
2193 4107 2486 4174 igerentur.

2172 4203 2226 4256 2.
2268 4200 2384 4256 Nic.
2409 4199 2673 4255 Antonius
2701 4198 2754 4252 in
2785 4199 2964 4266 alfquo
2995 4195 3275 4250 Breviario
3327 4193 3539 4248 videtur
3594 4191 3677 4246 le-

2103 4295 2266 4362 gisse,
2295 4290 2615 4359 Gregorium
2643 4289 2890 4358 Magnum
2915 4288 3078 4342 luisse
3105 4303 3227 4340 euut
3247 4285 3557 4356 poutiticem
3594 4281 3692 4351 qui

2104 4385 2367 4439 Isidorum
2390 4383 2660 4448 evocavit,
2694 4391 2752 4436 ut
2787 4381 3020 4436 concilio
3068 4379 3316 4433 Romano
3383 4378 3691 4432 interesset.

2103 4475 2389 4531 Concludit
2409 4481 2608 4538 autem,
2641 4473 2754 4527 ιιωο
2775 4471 3039 4543 probabili
3063 4471 3271 4524 ratione
3307 4468 3462 4540 155
3483 4477 3695 4534 carere,

414 4567 676 4604 successor
705 4549 769 4606 S.
815 4547 1029 4612 Isidori,
1061 4549 1114 4602 in
1144 4547 1441 4618 episcopatu
1491 4545 1835 4618 Ilispalensi.’
1863 4545 1992 4600 Pro-

2100 4580 2224 4620 cum
2243 4563 2303 4619 S.
2329 4562 2574 4632 Gregorii
2604 4541 2893 4633 postremis
2921 4561 3099 4626 annis,
3125 4559 3320 4628 quibus
3339 4557 3562 4625 aequalis
3591 4556 3694 4609 luit

419 4647 582 4714 fertur
601 4653 650 4697 et
673 4644 980 4714 expenditur
1028 4641 1376 4696 testimonium
1405 4642 1611 4696 nomine
1637 4641 1697 4697 S.
1733 4639 1992 4712 lldefonsi

421 4732 652 4788 Toletani
672 4749 733 4787 ea
760 4733 824 4787 de
845 4751 900 4787 re
926 4749 959 4786 a
998 4730 1138 4786 Luca
1169 4729 1395 4786 Tudensi
1448 4732 1657 4786 editum.
1696 4731 1883 4786 Verum
1908 4750 1996 4786 os-

419 4823 664 4890 tenditur,
679 4823 807 4876 illud
835 4840 945 4878 esse
963 4831 1052 4877 aut
1073 4823 1474 4893 supposititium,
1499 4832 1589 4876 aut
1616 4823 1764 4877 valde
1787 4839 1999 4894 suspec-

419 4925 546 4970 tum.

492 5029 546 5084 6.
587 5028 837 5084 Nonnulli
887 5029 1260 5097 contendunt,
1309 5029 1594 5098 primatum
1646 5029 1999 5085 ecclesiarum

425 5120 689 5190 Hispania:
707 5117 817 5186 jam
843 5117 970 5172 olim
1025 5132 1191 5187 penes
1220 5118 1692 5187 metropolitanum
1722 5117 2006 5188 Hispalen-

423 5228 538 5266 sem
568 5209 850 5275 resedisse,
875 5207 1016 5277 quod
1041 5207 1163 5262 inde
1185 5207 1526 5271 conﬁrmant,
1549 5208 1672 5276 quia
1704 5207 2010 5277 Simplicius

430 5300 705 5353 Romanus
733 5297 976 5367 pontifex
997 5295 1270 5350 Zenonem
1319 5297 1614 5351 antistitem
1643 5294 2012 5366 Hispalensem

429 5393 684 5446 vicarium
731 5405 885 5446 suum
942 5389 1263 5450 constituit,
1319 5397 1374 5442 et
1428 5388 1708 5444 lIormiszla
1758 5387 2012 5444 Sallustio

429 5483 685 5554 episcopo
717 5481 1016 5552 Hispalensi
1038 5481 1182 5534 vices
1230 5495 1356 5534 suas
1386 5481 1437 5534 in
1470 5480 1754 5550 provinciis
1804 5480 2013 5537 Baztictn

433 5584 488 5628 et
510 5573 792 5628 Lusitania:
816 5571 1104 5626 commisit.
1136 5569 1266 5637 Quae
1293 5578 1471 5625 tamen
1495 5571 1711 5626 minime
1737 5571 2009 5635 evincunt,

434 5665 548 5717 sedi
575 5665 874 5733 IilSpaICIIrl
902 5673 996 5719 aut
1025 5680 1090 5719 ex
1122 5663 1340 5733 antiqua
1372 5663 1776 5728 consuetudine,
1811 5673 1903 5718 aut
1944 5679 2010 5717 ex

435 5752 710 5821 privilegio
735 5754 914 5823 aliquo
945 5753 1217 5824 pontiﬁcio
1245 5767 1511 5808 annexum
1537 5750 1696 5808 fuisse
1725 5753 2010 5822 primatum

2101 4657 2529 4724 Isidorus,atque
2557 4655 2683 4710 item
2719 4653 2962 4722 ejusdrm
2993 4667 3362 4708 successorum
3389 4649 3698 4713 Sabiniani,

2104 4747 2360 4803 Bouilacii
2389 4745 2478 4815 III,
2508 4746 2769 4801 Bonifacii
2789 4743 2877 4807 IV,
2912 4743 3222 4810 Deusdedit,
3252 4740 3510 4798 Bouilacii
3534 4740 3576 4795 V
3597 4783 3612 4804 ,
3636 4749 3696 4794 et

2105 4837 2327 4893 Honorii
2355 4836 2402 4904 I,
2433 4838 2532 4891 sub
2561 4851 2668 4906 quo
2695 4835 3020 4890 exstinctum
3049 4840 3131 4888 est
3151 4833 3329 4886 lumen
3361 4832 3465 4885 hoc
3495 4828 3692 4898 Hispa-

2107 4930 2336 4996 niarum,
2382 4929 2712 4998 temporibus
2742 4943 2846 4981 non
2874 4926 3048 4980 ullum
3094 4923 3346 4993 generale
3403 4922 3691 4978 concilium

2111 5021 2164 5074 in
2196 5022 2326 5075 urbe
2354 5021 2681 5076 celebratum
2715 5017 2888 5083 fuerit,
2920 5032 3028 5086 quo
3054 5015 3300 5070 debuerit
3321 5013 3538 5069 evocari
3561 5028 3695 5082 prae-

2110 5109 2194 5167 SuI
2225 5109 2574 5176 Hispalensis.
2622 5109 2695 5162 At
2743 5107 2859 5162 haec
2909 5105 3140 5176 probare
3191 5103 3406 5173 quidem
3452 5110 3698 5172 possunt,

2111 5204 2302 5262 lalsum
2332 5217 2451 5257 esse
2480 5200 2794 5270 adiunctum
2821 5201 2889 5254 de
2917 5198 3149 5254 concilio
3189 5196 3428 5266 generali
3467 5195 3610 5265 quod
3642 5195 3694 5248 in

2115 5293 2436 5348 lectionibus
2465 5291 2702 5362 antiquis
2722 5290 3028 5359 reperitur;
3055 5287 3553 5357 interpretationem
3602 5301 3695 5339 au-

2119 5391 2227 5437 tem
2257 5383 2730 5440 Bollandianorutn
2757 5383 2826 5438 de
2852 5381 3060 5452 synodo
3088 5395 3196 5436 non
3220 5379 3452 5450 publica,
3470 5379 3586 5434 sive
3609 5393 3700 5433 so-

2121 5472 2302 5537 lemni,
2336 5489 2441 5528 non
2473 5475 2778 5529 debilitast.

2189 5565 2242 5620 ὅ.
2284 5565 2550 5635 Tatnayus
2599 5565 2650 5618 in
2676 5564 2952 5633 Martyrol.
2987 5563 3134 5630 Ilisp.
3166 5563 3364 5632 allegat
3392 5570 3700 5634 pervetusta

2118 5657 2387 5727 Hispaniae
2415 5656 2707 5720 Breviaria,
2738 5654 3027 5720 Abulcnse,
3058 5654 3547 5723 Compostellanum
3565 5693 3580 5716 ,
3606 5653 3702 5705 Sc-

2117 5751 2418 5821 guutiuum,
2487 5747 2904 5814 Turiasoucuse,
2944 5746 3206 5810 Oscruse,
3257 5744 3699 5823 Czesaraugusta-
