4060 6198
339 359 440 414 19.9

1372 355 1775 413 ISIDOIllANA.
1813 382 1874 392 —
1907 350 2083 408 PARS
2123 355 2160 408 I.
2201 355 2351 417 CAP.
2390 358 2571 416 XXIII.

3500 374 3600 431 1ζο

331 485 476 537 num,
503 477 558 523 et
587 472 709 532 alia,
752 469 945 539 quibus
974 480 1218 524 narratur
1248 467 1511 522 lsidormn
1563 481 1593 519 a
1649 462 1908 533 Gregorio
1936 462 1985 522 Α
2016 462 2096 515 rio
2119 466 2401 535 tndieatus,
2424 471 2750 540 quolsidoro
2772 475 2907 530 liber
2925 475 2991 532 de
3011 475 3209 534 Ordine
3230 490 3594 540 creaturarum

331 559 520 629 Magno
553 558 776 612 Romam
804 559 871 613 ad
900 561 1191 615 concilium
1235 558 1488 628 generale
1534 562 1806 616 vocatum,
1858 561 1915 606 et

339 648 523 704 lsidori
546 649 786 704 consiliis
826 659 948 705 acta
981 650 1207 705 feliciter
1234 650 1397 704 fuisse
1432 648 1667 716 eXpleta.
1709 644 1764 698 Id
1806 657 1912 697 non

329 749 586 797 constare
609 740 761 794 addit
784 740 1086 813 Tamayus;
1114 742 1182 796 de
1209 756 1367 796 causa
1408 754 1537 793 vero
1566 736 1772 791 itineris
1798 734 1913 788 Ro-

329 831 472 885 mani
499 844 659 897 agere
681 829 757 882 ait
788 830 1131 884 Ambrosium
1164 829 1392 884 Morales
1423 828 1458 882 Ι.
1484 843 1575 892 xu,
1601 842 1651 882 c.
1683 824 1770 879 21.
1802 823 1905 879 Ma-

329 925 532 982 rianatn
556 923 591 978 l.
624 937 697 989 vt,
728 938 779 977 c.
813 923 863 988 7,
888 932 943 976 et
973 922 1229 976 Padillam
1263 920 1485 975 Centur.
1513 934 1606 982 vn,
1629 933 1678 971 c.
1702 915 1789 969 ῃ.

402 1014 454 1068 ι.
492 1012 756 1081 Quoniam
775 1028 907 1067 vero
937 1013 1039 1066 hoc
1060 1012 1159 1065 iter
1183 1011 1479 1066 Romanum
1502 1007 1691 1063 lsidori
1720 1021 1913 1059 munu-

328 1103 521 1159 mentis
543 1102 741 1157 saaculo
771 1118 843 1155 xu
866 1117 973 1156 non
1013 1101 1403 1171 antiquioribus
1425 1108 1628 1153 tantum
1649 1098 1911 1160 innititur,

329 1192 705 1264 inquirendum
737 1199 824 1245 est
868 1206 936 1245 an
977 1189 1279 1247 istiusmodi
1319 1189 1561 1244 narratio
1603 1187 1914 1255 conjectura

327 1284 502 1354 aliqua
521 1281 696 1351 juvari
716 1281 906 1351 possit.

394 1373 451 1428 5.
488 1372 691 1426 Omitto
718 1388 877 1436 nunc,
902 1370 1046 1443 quod
1074 1372 1181 1427 alio
1211 1371 1336 1426 loco
1388 1371 1586 1439 dicam,
1610 1369 1774 1424 fuisse
1821 1369 1914 1438 qui

327 1463 629 1530 crederent,
661 1461 945 1525 lsidorum,
974 1462 1101 1517 dum
1124 1461 1297 1516 Roma
1328 1463 1380 1516 in
1404 1461 1717 1532 Hispaniam
1743 1473 1921 1528 regre-

327 1554 565 1621 deretur,
589 1554 730 1608 diem
754 1566 1051 1609 extremum
1073 1554 1272 1608 obiisse
1292 1552 1567 1616 Bononia};
1590 1552 1738 1620 cujus
1755 1552 1917 1606 etiam

326 1659 525 1712 corpus
547 1643 597 1696 in
628 1640 1040 1698 leestinorum
1088 1642 1329 1712 ejusdem
1377 1643 1527 1698 urbis
1554 1640 1782 1695 ecclesia
1828 1655 1916 1695 re-

328 1734 593 1803 quiescat.
612 1731 744 1787 Nam
773 1733 944 1787 nostri
965 1732 1280 1802 scriptores,
1302 1732 1392 1800 qui
1408 1731 1708 1786 Romanum
1730 1729 1919 1785 lsidori

2017 555 2323 623 ascribitur,
2341 568 2495 616 vetus
2510 572 2645 627 crat,
2672 579 2769 618 nec
2790 567 2977 635 procul
3000 567 3067 620 ab
3083 567 3414 626 Isidoriaavo.
3432 571 3590 644 Baye-

2016 644 2127 697 rius
2147 654 2392 714 testatur,
2410 650 2461 702 in
2491 664 2804 720 pervetusto
2831 653 3182 712 Escurialensi
3201 650 3399 716 Codice
3416 662 3596 718 saeculi

2015 749 2281 791 summum
2308 755 2397 793 vut
2420 740 2670 809 ineuntis,
2713 744 2789 797 lit.
2840 745 2906 809 R,
2932 747 3065 816 plut.
3108 748 3160 814 2,
3201 766 3254 803 n.
3287 749 3371 814 I8,
3413 751 3600 808 haberi

2016 822 2212 880 lsidori
2239 828 2300 880 de
2324 827 2519 883 Ordine
2545 842 2894 888 creaturarum
2915 837 3101 892 librum
3138 856 3315 894 unum.
3360 840 3479 897 Non
3502 857 3599 900 ex-

2017 918 2183 987 plicat
2211 935 2279 973 an
2311 920 2362 974 in
2389 922 2677 992 epigraphe
2704 926 2928 980 addatur
2962 928 3229 984 Braulioni
3252 933 3491 1003 episcopo
3511 950 3601 987 ur-

2016 1005 2092 1061 bis
2123 1005 2322 1064 Romus.
2352 1009 2493 1065 Idem
2522 1010 2776 1082 Bayerius
2808 1015 2939 1068 vidit
2968 1018 3106 1071 aliul
3146 1019 3383 1087 ejusdem
3422 1024 3602 1092 operis

2017 1102 2324 1171 exemplum
2344 1102 2396 1155 in
2432 1104 2790 1160 Escuria'eusi
2821 1106 3006 1163 codice
3025 1109 3104 1163 lit.
3128 1108 3190 1175 E,
3209 1111 3340 1180 plut.
3370 1112 3424 1175 4,
3450 1129 3598 1172 nutu.

2018 1192 2108 1255 13,
2136 1194 2352 1262 saeculo,
2383 1202 2439 1249 ut
2460 1197 2690 1263 videtur,
2718 1215 2806 1253 χιιι
2832 1210 3071 1265 exarato,
3095 1204 3186 1256 sed
3215 1218 3280 1257 ex
3302 1205 3604 1273 antiquiore

2018 1285 2124 1338 alio
2144 1294 2196 1339 et
2218 1286 2373 1355 plane
2395 1285 2624 1342 Golh'co
2648 1288 2936 1359 descripto,
2968 1300 3022 1344 ut
3066 1292 3232 1360 liquet
3254 1310 3285 1348 e
3313 1297 3603 1362 trequenti—

2020 1376 2119 1430 btts
2158 1378 2354 1446 quibus
2376 1393 2650 1448 respersus
2670 1389 2751 1435 est
2792 1383 3142 1449 gotbicismis.
3158 1384 3365 1439 Nullam
3394 1388 3603 1456 epigra-

2020 1468 2179 1538 phem
2221 1470 2405 1534 relert,
2436 1471 2530 1526 sed
2571 1483 2723 1528 notat
2770 1477 3165 1543 perorationem
3186 1479 3300 1533 sive
3331 1496 3601 1550 nuneupa-

2023 1559 2220 1614 tionem
2254 1560 2437 1630 operis
2476 1563 2753 1631 aliquanto
2798 1566 3101 1622 uberiorem
3156 1584 3276 1623 esse
3330 1585 3394 1625 ea
3442 1586 3601 1639 quam

2021 1651 2281 1707 Acherius
2308 1653 2491 1719 edidit,
2517 1663 2679 1722 atque
2701 1657 2771 1710 ita
2806 1659 3089 1714 concludi:
3121 1660 3423 1717 Benedictus
3445 1663 3602 1730 Deus,

2022 1741 2107 1810 qui
2128 1742 2283 1809 finem
2304 1742 2496 1797 laboris
2517 1746 2765 1799 condidit.
2795 1746 3024 1817 Explicit
3046 1748 3291 1805 Ysidarus
3320 1754 3384 1807 de
3408 1753 3606 1808 Ordine

329 1823 435 1915 iter
481 1830 733 1915 narrant,
771 1837 893 1877 cum
954 1823 1007 1877 in
1057 1822 1367 1893 Hispaniam
1422 1821 1715 1915 ΐενθτῑίεδεξ
1756 1832 1917 1889 alque
1954 1829 1992 1886 Il
2020 1847 2393 1888 creaturarum.
2432 1835 2848 1905 Rodriguezius,
2890 1848 3022 1895 tom.
3071 1841 3114 1896 II
3158 1842 3295 1898 Bibl.
3340 1843 3513 1914 Hisp..
3547 1863 3601 1915 p.

329 1912 534 1984 Ilispali
582 1913 750 1967 vitam
794 1928 915 1968 cum
947 1924 1120 1968 morte
1165 1919 1528 1968 commutasse
1576 1909 1917 1966 conﬁrmant.

331 2002 634 2060 Istiusmodi
675 2014 855 2059 autem
882 2003 1330 2073 peregrinationis
1375 2001 1657 2070 vestigium
1705 2000 1921 2069 aliquod

330 2104 508 2150 exstat
536 2095 589 2149 in
623 2094 758 2149 libro
788 2094 854 2149 de
874 2094 1076 2149 Ordine
1108 2103 1506 2162 creaturarum,
1532 2093 1624 2162 qui
1653 2090 1711 2145 S.
1736 2091 1923 2145 lsidori

331 2202 529 2241 nomen
561 2184 795 2258 prmfcrt.
831 2184 963 2239 Eum
1009 2184 1177 2240 edidit
1220 2183 1479 2240 Achertus
1504 2226 1520 2251 ,
1574 2184 1687 2238 sive
1731 2184 1922 2246 mavis,

333 2275 627 2331 Dacherius
654 2287 745 2331 aut
771 2275 1111 2342 D’Aclterius,
1135 2280 1188 2331 in
1212 2291 1310 2330 suo
1334 2273 1627 2345 Spicilegio
1648 2289 1677 2327 e
1695 2289 1797 2327 ms.
1826 2275 1926 2326 Cu-

332 2367 457 2421 dice
494 2383 600 2421 non
634 2366 822 2438 procul
876 2366 943 2420 ab
965 2365 1157 2420 lsidori
1203 2380 1319 2420 ιυιό
1372 2372 1597 2419 exarata
1644 2363 1926 2418 Remensis

333 2455 668 2512 Benedictini
714 2455 1027 2510 monasterii
1080 2454 1138 2509 8.
1173 2453 1422 2523 Remigii.
1464 2452 1813 2523 Nuncupatur
1860 2453 1924 2506 li~

334 2548 433 2601 her
459 2546 727 2601 Braulioni
747 2547 987 2617 episcopo
1014 2544 1158 2599 urbis
1187 2544 1382 2600 Romte.
1414 2543 1733 2613 Conjectura
1756 2541 1927 2597 Hens-

332 2634 516 2690 clienii
543 2634 596 2689 in
625 2634 1016 2689 commentario
1041 2634 1244 2703 praet-io
1274 2634 1339 2686 ad
1370 2632 1546 2686 Vitam
1578 2631 1766 2686 lsidori
1810 2642 1924 2695 e~t,

333 2724 620 2793 legendum
648 2724 917 2795 Bonifacio
964 2724 1201 2794 episcopo
1230 2722 1368 2777 urbis
1399 2723 1600 2778 Romae.
1643 2721 1776 2776 Cum
1826 2739 1923 2776 au-

333 2824 448 2870 tem
480 2825 668 2870 auctor
688 2816 871 2885 operis
896 2831 1046 2883 eum,
1089 2814 1174 2870 cui
1202 2815 1394 2869 librum
1448 2826 1737 2884 nuncupat,
1789 2829 1923 2883 prm-

331 2914 548 2961 sentetn
581 2905 781 2974 alloqui
804 2906 1050 2960 videatur
1073 2944 1089 2969 ,
1117 2914 1172 2959 et
1199 2920 1259 2959 se
1304 2906 1359 2960 in
1389 2910 1619 2974 patriam
1670 2903 1927 2960 festinare

332 2995 503 3058 dicat,
536 2994 659 3050 hinc
678 2996 918 3063 arguitur
941 2996 1125 3049 Roma:
1146 2995 1438 3065 aliquando
1470 3004 1739 3049 versatum
1765 2993 1927 3048 fuisse

332 3084 603 3140 Lidorum
656 3084 755 3141 sub
785 3086 967 3154 aliquo
1022 3100 1056 3140 e
1101 3084 1423 3153 Bonifaciis,
1472 3083 1565 3156 qui
1606 3084 1805 3140 saeculo
1856 3099 1929 3139 \‘tl

332 3176 559 3232 ineunte
590 3176 890 3231 Romanam
910 3177 1094 3235 sedem
1136 3184 1439 3231 tenuerunt.

402 3285 463 3342 6.
507 3286 631 3341 Tria
663 3296 839 3342 tamen
876 3286 972 3344 hoc
996 3287 1118 3343 loco
1146 3288 1460 3343 extricanda
1489 3298 1614 3343 sunt
1653 3305 1667 3342 :
1700 3288 1928 3358 primum

330 3394 398 3434 an
430 3377 567 3431 liber
593 3376 663 3432 de
696 3379 851 3449 156
871 3379 938 3433 de
967 3378 1157 3434 ordine
1183 3388 1558 3434 creaturarum
1602 3378 1809 3434 Isidoro
1863 3378 1931 3432 sit

327 3468 761 3537 adjudicandus;
789 3468 985 3523 deinde
1014 3484 1081 3523 an
1109 3470 1450 3524 retinendum
1473 3470 1544 3526 sit
1567 3470 1621 3525 in
1651 3470 1806 3524 titulo
1830 3487 1930 3524 no-

326 3575 465 3615 ntcn
495 3557 819 3623 Braulionis,
857 3572 924 3611 an
958 3559 1333 3627 reponendum
1389 3575 1588 3614 nomen
1628 3559 1887 3630 Bouifacii
1913 3576 1927 3623 ;

326 3659 453 3705 tum
486 3663 557 3702 an
584 3658 733 3703 recte
753 3647 1055 3717 colligatur,
1080 3647 1341 3703 Lidorum
1380 3648 1569 3704 Roma:
1608 3659 1928 3719 praesentem

328 3728 533 3808 fuisse,
564 3740 607 3794 si
630 3739 957 3806 constiterit,
985 3740 1176 3794 librum
1207 3740 1274 3794 ab
1303 3755 1369 3795 eo
1394 3754 1516 3795 esse
1544 3740 1824 3812 scriptum,
1877 3751 1933 3795 et

328 3832 402 3888 ad
460 3829 793 3887 Bonifacium
826 3829 1127 3885 Romanum
1178 3830 1486 3900 pontiﬁcem
1530 3830 1812 3887 directum.
1853 3831 1932 3887 De

331 3925 481 3980 libro
504 3922 765 3993 ejusmodi
798 3922 1172 3986 Bellarminus,
1203 3923 1412 3979 Caveus
1428 3964 1446 3991 ,
1471 3924 1713 3980 Placcius
1735 3926 1932 3997 aliique

336 4015 645 4087 pra‘sertim
677 4015 885 4084 antiqui
921 4016 1274 4087 bibliograpbi
1310 4018 1533 4073 omnino
1564 4026 1765 4075 tacent.
1789 4020 1927 4084 Alii,

335 4118 399 4162 ut
424 4107 705 4163 Fabricius
734 4107 785 4160 in
813 4106 1068 4162 Biblioth.
1101 4110 1268 4175 med.,
1309 4108 1738 4166 nihildetiuiunt.
1761 4112 1933 4167 Ache-

334 4202 475 4267 rius,
504 4198 891 4265 Hettschenius,
914 4199 1188 4270 Dupinius,
1217 4199 1517 4266 Cellierius,
1543 4204 1741 4274 stylum
1762 4203 1933 4260 lsido-

336 4294 555 4347 rianum
587 4292 638 4345 in
661 4308 727 4347 eo
756 4306 922 4362 opere
944 4300 1279 4362 agnoscunt;
1307 4293 1423 4348 Nic.
1447 4294 1715 4351 Antonius
1736 4300 1930 4367 stylum

335 4385 441 4439 πενί
472 4384 659 4439 lsidori
690 4384 837 4449 dicit,
866 4384 959 4441 sed
986 4384 1227 4455 qumdam
1245 4385 1315 4440 de
1343 4386 1464 4457 igne
1490 4388 1803 4457 purgatorio
1830 4404 1932 4443 no-

341 4484 424 4529 tat
449 4491 569 4546 quze
591 4491 698 4531 non
722 4478 943 4532 omnino
972 4476 1071 4546 ipsi
1094 4477 1353 4532 arrident.
1395 4477 1454 4532 In
1478 4480 1769 4535 novissima
1811 4480 1928 4535 edi-

2024 1920 2148 1988 ⁸526,
2180 1923 2453 1979 existimat
2481 1924 2735 1981 Codicem
2763 1929 2958 1982 StPClIIO
2988 1946 3078 1985 xtv
3106 1932 3388 2001 scriptum.
3422 1933 3602 1996 Addit,

2024 2029 2143 2067 esse
2170 2016 2660 2082 membranaceum,
2688 2021 2738 2073 in
2793 2019 2871 2083 8°,
2908 2022 3074 2075 titulis
3103 2025 3340 2092 capitum
3366 2063 3382 2087 ,
3415 2026 3607 2080 litteris

2026 2106 2316 2161 inttizdibus
2344 2118 2399 2162 et
2428 2109 2604 2164 indice
2632 2110 2809 2166 rubris
2832 2150 2847 2175 ,
2888 2127 3029 2166 recet
3053 2113 3175 2166 tiori
3205 2114 3354 2183 157
3384 2115 3607 2184 inscrip-

2027 2197 2193 2264 tione,
2221 2196 2277 2249 Β.
2313 2196 2548 2253 Isidorus
2571 2199 2634 2253 de
2664 2199 2856 2252 Ordine
2885 2210 3256 2255 creaturarum.
3282 2202 3352 2256 Et
3380 2204 3608 2260 Itomilite

2024 2305 2196 2357 super,
2221 2288 2412 2344 Missus
2441 2300 2516 2344 est
2565 2296 2779 2363 angelus
2828 2291 3055 2348 Gabriel.
3098 2293 3242 2363 Opus
3270 2295 3479 2365 incipit,
3528 2296 3609 2352 De

2028 2378 2228 2433 Ordine
2248 2390 2600 2434 creaturarum
2629 2383 2975 2435 universitatis
2996 2384 3263 2453 dispositio
3293 2385 3483 2454 bifaria
3512 2400 3606 2440 ra-

2030 2470 2165 2522 tione
2193 2468 2337 2521 debet
2366 2469 2605 2539 intelligi.
2637 2469 2884 2525 IIomilia:
2933 2472 3195 2542 inc‘piunl
3219 2515 3235 2540 ,
3267 2473 3506 2529 Scribere
3528 2490 3611 2530 me

2026 2559 2223 2627 aliquid
2250 2567 2297 2610 et
2326 2558 2525 2612 devotio
2543 2559 2709 2628 jubet,
2741 2568 2845 2614 etc.
2872 2560 3145 2622 Desinunt.
3176 2572 3407 2617 octavam
3435 2562 3611 2619 Beata

2026 2651 2416 2704 resurrectionis
2442 2660 2669 2716 wtatem,
2693 2652 2747 2703 in
2775 2667 2874 2720 qua
2903 2667 3017 2704 cum
3046 2650 3271 2708 Domino
3316 2657 3611 2723 perenniter

2024 2741 2376 2812 regnabant...
2402 2741 2539 2795 Sunt
2566 2741 2891 2809 imperfecte
2937 2750 2993 2796 et
3044 2744 3273 2812 mutilas,
3329 2760 3524 2815 neque,
3553 2754 3610 2800 ut

2026 2845 2126 2898 ego
2155 2841 2306 2899 puto,
2339 2830 2542 2885 Isidoro
2565 2830 2615 2884 in
2638 2831 2837 2885 Codice
2864 2833 3229 2888 aseribuntur.

2098 2922 2150 2977 8.
2184 2921 2472 2975 Bandtnins
2497 2931 2623 2975 tom.
2672 2921 2735 2975 Ill
2767 2921 3024 2977 Codicum
3056 2938 3184 2978 mss.
3219 2923 3340 2978 Lat.
3366 2922 3607 2980 Florent.

2027 3014 2154 3067 bibl.
2188 3013 2495 3077 Gaddianm,
2529 3014 2663 3082 plut.
2705 3014 2793 3075 89,
2828 3011 2959 3069 Cod.
3002 3012 3062 3066 51
3099 3014 3397 3069 membran.
3427 3016 3610 3073 smculi

2026 3120 2121 3167 xu,
2153 3118 2298 3157 num.
2336 3104 2388 3170 I,
2428 3104 2645 3157 exhibet
2675 3120 2690 3159 :
2726 3102 2917 3157 lsidori
2945 3105 3008 3156 de
3040 3101 3238 3158 Ordine
3258 3114 3610 3163 creaturarum

1960 3184 2004 3245 C
2036 3197 2179 3252 liber.
2209 3197 2432 3267 Incipit:
2463 3196 2819 3251 Universitatis
2843 3197 3109 3263 dispositio
3131 3212 3148 3250 :
3170 3195 3401 3251 desinit:
3428 3195 3610 3253 Sciat.

2034 3288 2121 3341 lite
2150 3288 2428 3340 conditoris
2479 3303 2811 3341 reservemus.
2863 3286 3106 3340 A'lvcrtit
3133 3285 3440 3354 Bandinius,
3470 3288 3613 3344 hunc

2031 3356 2223 3429 librum
2254 3377 2321 3429 de
2349 3375 2540 3430 ordine
2587 3388 2951 3430 creaturarum
2996 3375 3062 3429 ad
3093 3375 3362 3453 Braulium
3408 3377 3614 3446 episco-

2031 3483 2157 3535 pum
2184 3467 2327 3519 urbis
2356 3466 2541 3520 Roma:
2570 3466 2770 3520 editum
2800 3467 2961 3523 fuisse
2990 3482 3019 3519 a
3054 3466 3339 3532 Dacherio,
3371 3467 3457 3521 ttbi
3488 3482 3613 3521 ver-

2030 3558 2177 3611 sibus
2210 3557 2277 3612 59
2300 3557 2507 3625 longior
2536 3565 2636 3612 est.
2668 3555 2735 3609 Et
2763 3557 2813 3610 in
2846 3556 2948 3609 ima
2994 3557 3184 3625 pagina
3214 3565 3386 3624 notat,
3424 3556 3611 3613 lsidori

2032 3669 2193 3723 opera
2240 3669 2366 3707 mss.
2416 3656 2492 3709 uti
2548 3654 2811 3706 exstantia
2840 3653 2892 3705 in
2941 3650 3263 3705 bibliotheca
3312 3648 3612 3717 Gaddiana,

2032 3759 2332 3798 memorare
2358 3741 2475 3798 Jac.
2521 3742 2781 3797 Gaddium
2813 3742 2881 3796 de
2909 3741 3107 3810 Script.
3138 3756 3245 3795 non
3286 3740 3611 3805 ecclesiast.,

2034 3844 2164 3891 tom.
2191 3838 2231 3903 l,
2257 3851 2380 3906 pag.
2429 3837 2551 3891 263.
2586 3836 2738 3904 Quod
2767 3846 2946 3891 autem
2976 3836 3113 3891 liber
3140 3836 3228 3891 hic
3258 3835 3472 3890 Braulio
3501 3834 3614 3904 epi-

2032 3942 2198 3998 scOpo
2245 3928 2393 3983 urbis
2433 3928 2615 3981 Rom-.c
2643 3926 2879 3982 directus
2928 3926 3107 3989 fuerit,
3160 3941 3266 3979 non
3297 3940 3365 3980 ex
3414 3924 3614 3979 Codice

2034 4018 2330 4085 Gaddiano,
2363 4026 2421 4074 ut
2441 4033 2541 4087 ego
2570 4026 2722 4088 pulo,
2744 4017 2837 4071 sed
2859 4032 2925 4071 ex
2957 4016 3185 4071 Acherio
3213 4015 3325 4071 sive
3352 4014 3615 4069 Dacherio

2036 4110 2325 4166 Bandinius
2369 4111 2573 4166 didicit.
2630 4109 2905 4178 Siquidem
2934 4108 3141 4162 amicus
3196 4120 3349 4160 meus
3398 4103 3615 4159 Roelms

2033 4202 2325 4257 lllenchaca
2354 4218 2384 4255 a
2414 4216 2502 4256 me
2531 4208 2771 4269 rogatus,
2807 4206 2865 4252 ut
2917 4197 3128 4252 titulum
3185 4195 3365 4265 operis
3410 4201 3616 4249 attente

2034 4294 2342 4364 inspiceret,
2372 4308 2564 4364 meque
2592 4293 2659 4346 de
2684 4308 2751 4345 eo
2778 4289 3063 4345 certiorem
3095 4286 3360 4349 redderet,
3390 4298 3615 4353 respon-

2035 4385 2132 4452 dit,
2165 4385 2315 4439 initio
2358 4384 2626 4438 rubricam
2664 4382 2801 4437 hanc
2840 4395 2997 4437 esse:
3033 4376 3227 4445 Incipit
3253 4376 3383 4431 liber
3412 4373 3609 4429 lsidori

2037 4471 2101 4526 de
2132 4468 2329 4525 Ordine
2352 4480 2707 4523 creaturarum
2735 4484 2752 4520 :
2783 4479 2838 4521 et
2874 4468 2928 4521 in
2962 4467 3066 4520 Iine
3098 4483 3112 4519 :
3142 4464 3296 4519 Liber
3323 4463 3513 4518 lsidori
3548 4464 3615 4523 de

337 4539 495 4620 tione
522 4564 818 4620 Matritensi
847 4539 1083 4635 Operam
1122 4565 1182 4622 S.
1209 4565 1398 4621 lsidori
1425 4569 1813 4636 praetermissus
1833 4571 1926 4625 fuit

2038 4561 2232 4617 Ordine
2247 4571 2597 4618 creaturarum
2619 4561 2847 4630 explicit.
2880 4558 2936 4612 In
2963 4558 3221 4626 Catalogo
3244 4556 3411 4612 veteri
3431 4572 3617 4612 mona-

340 4657 484 4710 liber
505 4655 572 4710 de
599 4656 803 4711 Ordine
823 4665 1213 4721 creaturarum,
1236 4656 1381 4726 quia,
1405 4664 1463 4712 ut
1492 4658 1568 4712 ait
1586 4668 1776 4713 auctor
1806 4675 1932 4729 pro-
1949 4642 1963 4651 ’

340 4745 477 4812 logi,
498 4744 584 4799 vel
613 4745 853 4814 spurium
902 4760 1039 4815 opus
1067 4755 1177 4808 est,
1209 4746 1295 4799 vel
1326 4745 1550 4803 nimium
1597 4755 1928 4818 suspectum.

339 4840 415 4889 At
444 4834 701 4905 Bayerius
755 4836 806 4889 in
848 4845 962 4890 not.
1011 4836 1077 4890 ad
1104 4835 1357 4890 Biblioth.
1398 4844 1507 4893 vet.
1556 4835 1707 4909 Hisp.
1731 4878 1748 4905 ,
1779 4837 1934 4895 Nihil

338 4931 809 5000 moramur,’inquit
823 4973 839 4997 ,
861 4932 955 4986 hoc
971 4948 1096 5002 opus
1110 4931 1316 4987 Isidoro
1328 4933 1599 5001 ascribere,
1621 4936 1934 4992 reclamante

338 5022 465 5074 licet
487 5021 779 5075 novissima:
807 5023 1046 5076 editionis
1069 5021 1393 5077 Matritensis
1414 5027 1646 5097 prologo.
1678 5026 1931 5083 Zarcaria

340 5109 397 5162 in
431 5118 722 5177 conspectu
750 5110 1002 5166 editionis
1029 5114 1265 5181 Operum
1305 5111 1525 5179 lsidori,
1583 5130 1744 5184 quatn
1768 5117 1935 5171 medi-

340 5197 580 5261 tabatur,
604 5197 797 5251 dubius
823 5200 1074 5263 haerebat,
1109 5216 1176 5254 an
1234 5199 1439 5258 Isidoro
1497 5204 1548 5257 id
1597 5220 1735 5273 opus
1774 5208 1934 5263 tribui

339 5285 536 5355 possit.
566 5284 661 5341 Vir
721 5287 776 5343 in
807 5289 993 5357 primis
1022 5290 1244 5353 doctus,
1300 5290 1392 5360 qui
1442 5290 1809 5361 praefationem
1867 5300 1934 5352 ad

340 5392 515 5447 opera
540 5377 767 5445 lsidori,
817 5395 935 5449 cap.
991 5380 1080 5447 58,
1129 5382 1569 5450 exscribendam,
1622 5396 1927 5456 paraverat,

342 5468 533 5525 multis
561 5471 813 5533 ostendit.
847 5472 1011 5529 fetum
1042 5474 1330 5541 genuinum
1357 5473 1544 5530 lsidori
1582 5492 1706 5532 eum
1736 5478 1929 5535 librum

342 5559 540 5625 videri,
565 5576 743 5631 neque
761 5563 977 5619 obstare
998 5574 1297 5633 propugnat
1319 5581 1437 5634 qua:
1459 5567 1513 5622 in
1543 5584 1610 5622 eo
1638 5569 1706 5625 de
1727 5572 1875 5640 origi.
1901 5586 1933 5627 e

344 5650 654 5707 animarum
681 5653 853 5724 deque
881 5668 1002 5723 tgne
1030 5656 1337 5725 purgatorio
1360 5657 1627 5726 leguntur.

427 5738 480 5792 7.
506 5739 878 5815 Expendamns
893 5756 1072 5802 vetera
1094 5748 1420 5818 exemplaria
1440 5767 1453 5803 :
1486 5748 1665 5807 Codex
1682 5752 1749 5809 ab
1762 5753 1934 5811 Achr-

2034 4656 2184 4711 sterii
2216 4654 2493 4710 Boltiensis
2514 4655 2711 4709 satculo
2742 4669 2797 4717 x,
2831 4660 2888 4704 ut
2912 4651 3141 4714 videtur,
3176 4648 3447 4719 descripto
3475 4648 3617 4718 apud

2037 4746 2386 4802 Muratorium
2417 4754 2550 4801 tom.
2596 4744 2660 4801 Ill
2691 4743 2870 4810 Antiq.
2924 4740 3094 4795 Italic.
3143 4739 3301 4795 modii
3340 4739 3461 4806 arvi,
3491 4754 3615 4810 pag.

2038 4837 2165 4904 818,
2192 4839 2332 4893 inter
2379 4837 2540 4891 libros
2591 4834 2783 4890 lsidori
2814 4833 3134 4903 antiquioris
3161 4832 3504 4889 bibliotheca:
3534 4848 3616 4887 re-

2038 4932 2207 4985 fertur
2249 4928 2406 4982 Liber
2441 4928 2504 4981 de
2535 4926 2731 4982 Ordine
2758 4936 3153 4989 creaturarum;
3194 4931 3251 4978 et
3294 4938 3500 4989 nescm,
3552 4940 3618 4977 an

2039 5021 2143 5077 huc
2172 5021 2440 5091 pertineat
2470 5019 2614 5089 quod
2643 5035 2766 5074 mox
2799 5025 3253 5073 commemoratur
3279 5014 3408 5069 liber
3450 5012 3617 5067 Cano-

2038 5129 2161 5167 num
2200 5128 2238 5177 ι,
2268 5111 2324 5165 in
2351 5127 2450 5183 quo
2488 5108 2702 5165 Itabetur
2732 5108 2935 5164 I’sidori
2979 5108 3044 5160 de
3093 5103 3289 5160 Ordine
3319 5120 3509 5159 rerum.
3543 5102 3617 5156 Ita

2038 5204 2202 5260 etiam
2234 5206 2374 5259 inter
2402 5210 2613 5259 veteres
2661 5203 2826 5257 libros
2873 5199 3187 5255 monasterii
3217 5195 3520 5259 Fuldensis,
3568 5201 3622 5245 et

2038 5295 2098 5352 S.
2129 5296 2339 5351 Nazarii
2371 5296 2425 5349 in
2455 5294 2697 5348 Laurissa
2721 5293 2968 5348 exstabat
2991 5288 3142 5346 Liber
3171 5288 3366 5343 lsidori
3414 5284 3480 5340 de
3511 5284 3612 5343 Or-

2040 5390 2162 5445 dine
2187 5400 2538 5444 creaturarum
2572 5388 2624 5440 in
2651 5402 2754 5440 uno
2794 5383 3001 5450 Codice,
3026 5391 3085 5437 ut
3129 5395 3251 5450 cap.
3278 5376 3350 5433 46
3373 5391 3443 5434 ex
3470 5385 3614 5433 cata~

2039 5482 2173 5550 legis
2202 5479 2583 5549 antiquissimis
2606 5480 2803 5534 dicam.

2111 5572 2164 5626 9.
2196 5570 2255 5627 S.
2287 5570 2545 5626 Martinus
2594 5570 2961 5639 Legionensis,
3005 5579 3167 5622 serm.
3212 5560 3271 5617 2-
3295 5560 3363 5615 de
3389 5558 3619 5613 adventu

2043 5661 2276 5730 Domini,
2305 5676 2357 5730 p.
2388 5660 2477 5726 27,
2519 5669 2650 5715 tom.
2682 5657 2701 5711 l
2729 5659 2920 5713 librum
2944 5656 3012 5710 de
3031 5651 3221 5709 ordine
3247 5658 3619 5706 creaturarum

2046 5752 2248 5809 Isidoro
2266 5751 2562 5826 adiudicat;
2588 5751 2669 5809 sic
2684 5750 2827 5807 enim
2850 5747 3014 5807 refert
3037 5762 3051 5801 :
3072 5742 3222 5806 Uttde
3244 5743 3621 5815 Hispaniam»
