4060 6198
466 352 558 407 ibi

1199 347 1288 401 AD
1327 343 1549 400 omam
1693 342 1932 397 Ismeni
1973 340 2412 396 lllSl'ALENSlS
2452 317 2974 396 rnoLtzcounNA.

3615 321 3716 400 133

447 471 628 519 doctor
656 460 892 518 Isidorus
917 461 1050 515 illud
1101 459 1256 512 Isaia:
1291 473 1549 527 exponens
1573 458 1651 510 ait
1680 473 1696 510 :
1726 455 1849 508 Post
1893 454 2026 517 iudi-
2059 457 2100 510 Α
2132 454 2400 510 Ambrosio
2446 455 2637 510 dicitur
2665 454 2999 518 dedicatum;
3047 454 3312 509 Ambrosio
3364 455 3510 508 enim
3539 460 3716 527 scrip-

447 556 580 606 rium
606 552 683 608 vel
707 552 898 604 laboris
937 551 1017 602 sui
1067 548 1346 600 mercedem
1391 547 1656 616 percipiet.
1707 543 1859 599 Unde
1907 559 2026 610 pro-

448 645 601 713 pheta
631 659 649 695 :
681 641 776 696 Sol
824 638 1024 693 lucebit“
1057 638 1472 706 septempliciter,
1518 645 1626 690 etc.
1682 634 2028 689 lloctissimus

447 732 618 785 editor
657 731 927 792 observat,
971 729 1088 782 bam
1118 743 1146 780 a
1173 726 1232 780 S.
1264 725 1488 779 Martino
1515 733 1768 780 contexta
1796 737 1916 777 esse
1957 737 2025 777 ex

447 820 696 888 Magis’ro
709 817 1274 883 senkntiarumlibnv,
1291 817 1411 869 dist.
1427 814 1561 885 48,§
1580 814 1771 867 Putant
1796 813 2024 884 quidam,

444 913 534 979 qui
576 926 642 966 ex
669 925 791 980 cap.
822 909 856 964 5
905 910 1024 963 libri
1053 908 1123 962 de
1169 909 1355 962 ordine
1381 916 1743 960 creaturarum
1773 905 1845 958 ita
1873 905 2024 975 158

443 999 702 1055 lsidorum
732 999 909 1053 locum
949 998 1098 1052 Isaia:
1123 997 1439 1066 exposuisse
1485 994 1677 1063 arguit.
1708 993 1886 1056 Addit,
1917 1007 2029 1046 rne-

453 1091 561 1144 rito
579 1089 812 1143 dubitari
841 1105 966 1141 num
1001 1088 1134 1141 liber
1162 1086 1421 1155 ejusmodi
1445 1084 1514 1139 de
1529 1085 1729 1138 Ordine
1747 1092 2025 1138 creatura-

447 1196 567 1234 rum
594 1179 665 1232 sit
692 1178 900 1241 lsidori,
930 1192 1105 1246 neque
1149 1175 1294 1230 aliud
1333 1191 1400 1230 eo
1439 1177 1560 1228 loco
1591 1174 1712 1240 legi,
1760 1173 1862 1226 nisi
1891 1173 2029 1226 hanc

446 1271 772 1326 sententiam
799 1289 812 1322 ι
844 1270 1039 1323 Cum...
1071 1271 1236 1323 sancti
1267 1286 1359 1338 pro
1398 1267 1628 1320 mercede
1652 1267 1730 1318 sui
1759 1264 2020 1318 laboris...

449 1361 707 1432 fauerint,
727 1363 859 1413 sicut
887 1364 964 1414 sol
986 1361 1272 1430 justitiae...
1307 1369 1423 1413 tunc
1451 1369 1500 1412 et
1519 1359 1619 1425 ipsi
1643 1373 1889 1425 corporeo
1911 1356 2028 1408 huic

448 1453 547 1507 soli
569 1468 662 1522 pro
689 1453 919 1505 mercede
948 1454 1026 1505 sui
1049 1451 1391 1505 ministerii
1420 1451 1476 1502 in
1502 1449 1789 1518 septupluut
1813 1447 2026 1517 fulgoris

448 1543 679 1597 rutilatio
732 1544 1041 1594 restituetur.
1103 1541 1308 1594 Rursus
1372 1539 1630 1592 Martinus
1685 1535 2029 1605 ugmisis

451 1632 594 1686 idem
642 1641 804 1700 caput
836 1647 868 1684 v
911 1633 1025 1685 libri
1057 1631 1124 1686 de
1167 1630 1369 1685 Ordine
1410 1640 1777 1686 creaturarum
1821 1629 2027 1682 excitat

451 1737 618 1776 sertn.
646 1720 685 1773 2
707 1723 776 1776 de
833 1721 1142 1776 Resurrcct.
1184 1721 1413 1784 Domini,
1445 1736 1498 1790 τι.
1532 1720 1655 1784 Mi,
1684 1728 1821 1772 tom.
1851 1718 1894 1771 Il
1945 1719 2027 1772 bis

2129 553 2242 597 tum
2286 546 2496 612 reperio
2540 561 2638 613 pro
2669 544 2955 598 Braulioni.
3005 543 3060 597 lu
3091 543 3291 598 Codice
3312 558 3460 600 vero
3487 547 3717 604 Ottobo-

2127 635 2288 688 niano
2335 634 2461 702 411,
2497 635 2792 688 Brauliouis
2835 649 3030 688 nomen
3059 651 3166 688 non
3192 636 3357 689 semel
3395 635 3507 690 sola
3539 639 3715 707 prima

2138 724 2311 777 littera
2337 722 2381 775 Β
2407 722 2690 790 indicatur,
2708 723 2953 791 quamvis
2976 724 3028 776 in
3055 724 3157 777 lioc
3181 722 3385 779 Codice
3406 725 3597 781 alicubi
3622 736 3717 782 to-

2129 822 2242 869 tum
2274 813 2570 870 Braulionis
2591 830 2783 869 nomen
2809 829 3115 885 expressum
3147 815 3369 883 legatur.

2209 925 2294 980 12.
2329 927 2548 981 Duobus
2585 935 2765 982 autem
2813 927 2983 983 modis
3009 927 3264 997 explicari
3294 936 3475 997 potest
3503 929 3718 998 epigra-

2129 1017 2234 1086 phe
2261 1017 2328 1071 ab
2354 1017 2586 1072 Acherio
2615 1016 2779 1085 edita,
2811 1017 2894 1072 vel
2916 1018 2986 1071 ita
3009 1027 3066 1072 ut
3089 1020 3265 1072 omnia
3294 1019 3413 1086 ejus
3439 1020 3601 1074 verba
3625 1037 3717 1076 re-

2131 1115 2417 1176 tineantur,
2448 1111 2530 1166 vel
2557 1112 2627 1166 ita
2658 1120 2715 1166 ut
2741 1127 2838 1180 pro
2863 1109 3131 1165 Braulioni
3153 1111 3392 1180 legamus
3410 1110 3713 1181 Bonifacio.

2129 1202 2184 1257 Si
2215 1203 2512 1257 retineatur
2566 1200 2860 1254 Braulionis
2910 1215 3125 1265 nomen,
3159 1208 3286 1253 tunc
3336 1200 3712 1254 extricaudum

2129 1299 2214 1348 est
2258 1306 2363 1361 qua
2415 1291 2624 1345 ratione
2675 1289 3101 1359 Cursaraugusta,
3132 1289 3283 1358 cujus
3311 1291 3459 1344 urbis
3495 1291 3716 1346 Braulio

2130 1380 2413 1451 episcopus
2443 1385 2578 1445 erat,
2621 1378 2828 1432 dicatur
2855 1378 3059 1441 Roma;
3092 1395 3214 1432 nam
3245 1379 3506 1434 Acherius
3532 1381 3714 1450 expli-

2131 1471 2357 1525 cationis
2385 1470 2550 1537 gratia
2579 1469 2799 1534 addidit,
2827 1468 2966 1522 urbis
2999 1468 3194 1536 Romae,
3222 1471 3315 1524 IlOC
3342 1479 3416 1524 est
3438 1471 3717 1524 Cwsarau-

2131 1569 2311 1628 gustia.
2345 1557 2461 1612 Nic.
2491 1556 2756 1611 Antonius
2799 1556 3000 1610 multus
3026 1566 3110 1612 est
3140 1557 3190 1610 in
3221 1558 3321 1610 hac
3347 1559 3718 1614 controversia

2131 1647 2463 1717 explicanda.
2508 1646 2725 1702 Summa
2753 1661 2933 1701 rerum
2963 1647 3075 1703 haec
3097 1656 3196 1703 est.
3221 1648 3422 1704 Forum
3443 1648 3718 1718 Iudicum,

2131 1740 2244 1794 sive
2272 1740 2408 1794 liber
2455 1739 2630 1808 legum
2681 1737 3027 1793 Gothicarum
3085 1739 3136 1793 in
3178 1742 3442 1809 prooemio
3487 1751 3617 1797 tom.
3650 1741 3719 1796 lu

435 1813 678 1867 verbis:
719 1813 866 1867 Unde
898 1815 968 1865 ait
999 1815 1234 1882 egregius
1280 1813 1458 1867 doctor
1509 1811 1786 1866 Isidorus:
1835 1809 1902 1863 In
1946 1811 2028 1863 die

2137 1828 2287 1899 Hisp.
2318 1807 2525 1883 lllustr.
2548 1829 2790 1882 meminit
2827 1827 2968 1881 urbis
3011 1807 3192 1882 Romen
3228 1830 3280 1882 in
3313 1827 3603 1899 Hispania;
3640 1830 3719 1886 ita

450 1902 545 1955 illa
567 1917 669 1956 non
693 1902 856 1956 relict
879 1904 947 1954 ad
966 1919 1204 1956 occasum
1233 1903 1332 1966 sol,
1357 1919 1452 1957 nec
1476 1904 1620 1969 luna,
1645 1904 1736 1956 sed
1762 1903 1817 1955 in
1849 1904 2031 1956 ordine

429 2007 544 2044 suo
570 1989 799 2053 stabunt,
854 2008 951 2061 quo
997 1993 1156 2044 creati
1203 2002 1319 2044 sunt
1347 2007 1364 2044 :
1395 2006 1459 2044 ne
1508 1992 1657 2061 impii
1685 1993 1736 2044 in
1769 1993 2032 2046 (amentis

452 2079 550 2135 sub
584 2091 719 2133 terra
756 2082 910 2150 positi
960 2097 1137 2134 eorum
1168 2081 1280 2134 luce
1309 2083 1570 2152 fruantur.
1623 2081 1817 2135 lterum
1861 2081 2035 2136 editor

453 2184 522 2224 ex
552 2169 803 2238 Magistro
829 2171 1216 2224 sententiarum
1246 2170 1368 2224 dist.
1419 2168 1512 2234 ιδ,
1560 2169 1652 2223 lib.
1682 2185 1736 2223 tv
1768 2168 1882 2224 haec
1917 2169 2033 2223 erui

460 2261 734 2316 observat.
766 2259 1090 2327 Colligamus
1117 2261 1298 2330 igitur,
1327 2260 1519 2314 librum
1569 2259 1637 2313 de
1660 2257 1858 2314 Ordine
1886 2273 2050 2312 στω--

453 2361 694 2403 tiu-arum
731 2365 832 2417 pro
861 2349 1157 2404 lsidoriano
1186 2365 1215 2402 a
1248 2348 1501 2416 Magistro
1524 2349 1909 2404 sententiarum
1942 2348 2036 2402 ba-

426 2437 564 2491 -bito
604 2434 786 2499 fuisse,
828 2435 1058 2492 Martiae
1091 2436 1411 2506 Legiouensi
1439 2437 1525 2492 vel
1569 2437 1923 2506 approbante,
1952 2436 2034 2491 vel

451 2543 560 2582 non
587 2527 957 2582 dissentimus.

520 2641 606 2694 id.
637 2639 916 2702 Aehcrius,
944 2639 1054 2710 qui,
1104 2648 1162 2694 ut
1205 2639 1458 2707 diximus,
1487 2654 1518 2694 e
1550 2653 1653 2694 ms.
1705 2637 1902 2694 Codice
1930 2637 2036 2693 Re-

450 2733 626 2789 mensi
672 2735 812 2787 hunc
858 2731 1049 2786 librum
1080 2731 1270 2800 edidit,
1313 2732 1366 2786 in
1398 2747 1492 2786 ora
1537 2731 1766 2798 monuit,
1795 2745 1855 2787 se
1879 2745 2036 2800 repe-

447 2825 584 2880 risse
634 2839 756 2877 eum
805 2823 959 2878 citari
999 2823 1066 2876 ab
1095 2821 1267 2877 Enea
1325 2823 1582 2895 episcopo
1639 2821 1926 2879 Parisiensi
1981 2822 2034 2877 in

428 2925 680 2971 tractatu
710 2925 895 2970 contra
947 2915 1185 2980 Graecos,
1218 2917 1308 2970 sed
1353 2917 1452 2972 sub
1482 2918 1584 2972 alio
1615 2918 1794 2981 titulo,
1841 2933 2038 2987 nempe

453 3003 689 3060 Isidorus
716 3006 770 3058 in
800 3003 933 3058 Fide
961 3006 1238 3058 catholica.
1274 3005 1386 3062 Nic.
1421 3007 1686 3061 Antoninus
1709 3016 1944 3072 veretur,
1969 3024 2037 3062 ne

449 3096 504 3152 id
533 3096 712 3165 potius
758 3093 1094 3148 referendum
1124 3095 1194 3149 sit
1223 3095 1288 3149 ad
1330 3097 1492 3152 libros
1519 3097 1586 3152 de
1615 3097 1745 3152 Fide
1771 3098 2034 3152 catholica

451 3193 642 3240 contra
697 3183 911 3239 Judaaos
964 3186 1029 3238 ad
1086 3201 1329 3241 sororem
1384 3186 1749 3244 Florentinam
1779 3189 2032 3246 directos.

449 3271 595 3345 Opus
631 3283 816 3350 contra
844 3276 1062 3330 Graecos
1092 3274 1278 3330 IEnezn
1331 3277 1663 3345 Parisiensis,
1720 3281 1810 3349 qui
1841 3282 2036 3336 saaculo

445 3379 502 3424 tx
533 3366 734 3432 ﬂoruit,
761 3368 961 3422 editum
986 3367 1084 3421 fuit
1114 3370 1180 3421 ab
1207 3369 1324 3438 ipso
1356 3370 1617 3427 Dacherio
1646 3382 1778 3426 tom.
1803 3372 1893 3427 VII
1916 3372 2034 3442 δρία

450 3456 538 3513 cii.
564 3457 622 3511 ln
669 3473 735 3513 eo
759 3458 998 3526 reperio,
1029 3457 1286 3513 lsidorum
1317 3460 1527 3516 laudari
1557 3478 1622 3518 ex
1640 3462 1790 3516 libris
1818 3462 1886 3517 de
1909 3460 2036 3516 Oili-

451 3548 548 3602 ciis
573 3546 973 3609 ecclesiasticis,
1021 3563 1089 3600 ex
1141 3547 1279 3602 libro
1308 3548 1761 3615 Dill‘erentiarum,
1795 3565 1860 3606 ex
1890 3551 2037 3607 libris

426 3675 429 3678 -
467 3637 921 3710 Etymologiarum'
969 3647 1030 3693 ct
1058 3637 1487 3707 Sententiarum;
1535 3641 1629 3696 sed
1661 3659 1768 3697 non
1821 3644 2034 3699 invenio

425 3759 428 3762 η
465 3741 588 3782 eum
612 3727 766 3781 citari
791 3743 858 3780 ex
885 3727 1024 3782 libro
1045 3728 1114 3783 de
1143 3729 1340 3785 Ordine
1370 3740 1738 3787 creaturarum
1761 3734 1860 3788 sub
1879 3735 2036 3790 titulo

453 3815 524 3870 de
569 3815 702 3871 Fide
747 3815 1040 3884 catholica,
1093 3828 1154 3872 ut
1206 3819 1498 3876 Daeberius
1548 3824 1600 3877 in
1627 3822 1943 3894 praefatione
1971 3826 2037 3879 ad

453 3905 594 3961 hunc
625 3907 812 3960 librum
837 3917 1158 3973 asserui-rat,
1191 3926 1368 3982 neque
1396 3929 1462 3968 ex
1503 3913 1638 3970 libro
1684 3915 1751 3970 de
1775 3914 1912 3971 Fide
1943 3930 2036 3971 ca-

453 3997 647 4051 tholica
694 3998 948 4054 adversus
989 3997 1218 4066 Judmos,
1257 4012 1319 4058 ut
1363 4005 1476 4059 Nic.
1508 4006 1771 4062 Antonius
1800 4020 2040 4076 suspica-

452 4087 627 4142 batur.

533 4201 620 4253 ll.
650 4199 914 4255 Cancrum
937 4217 1057 4256 cum
1077 4204 1230 4258 stilus
1251 4207 1430 4274 operis
1451 4205 1517 4260 de.
1547 4205 1743 4263 Ordine
1767 4217 2038 4264 creatura-

453 4304 570 4344 rum
601 4287 862 4342 lsidorum
892 4290 1086 4358 sapiat,
1132 4301 1190 4345 ut
1217 4294 1515 4360 gravissimi
1545 4297 1644 4351 viri
1675 4300 2032 4366 consentiunt,

451 4387 508 4433 et
538 4378 808 4432 veterrimi
839 4377 1067 4434 Codices
1095 4380 1220 4436 illud
1244 4383 1449 4440 Isidoro
1479 4385 1621 4442 clare
1643 4389 1932 4454 ascribant,
1959 4399 2038 4446 te-

453 4467 685 4522 nendum
729 4476 830 4534 est,
885 4469 953 4523 ab
1009 4469 1192 4526 lsidori
1242 4489 1402 4529 manu
1451 4476 1732 4546 prodiisse,
1779 4480 1880 4534 nisi
1909 4482 2034 4551 quid

451 4556 596 4612 aliud
625 4556 821 4612 obstet.
853 4555 1153 4628 Opponitur
1177 4563 1371 4628 solum,
1416 4565 1555 4634 quod
1597 4565 1735 4621 liber
1765 4568 1815 4624 in
1839 4569 2034 4635 Codice

453 4645 702 4702 Remensi
759 4649 966 4704 dicatur
1013 4652 1248 4708 directus
1306 4653 1572 4711 Braulioni
1621 4661 1856 4728 episco;‘o
1895 4662 2034 4716 urbis

454 4738 652 4793 Bonus.
683 4739 808 4794 Mihi
839 4742 1054 4810 quidem
1079 4759 1184 4798 non
1209 4744 1395 4814 liquet,
1422 4762 1488 4802 an
1513 4751 1617 4804 hoc
1643 4751 1814 4820 ipsum
1837 4753 1890 4806 in
1915 4755 2034 4810 aliis

447 4842 583 4885 mss.
615 4828 901 4884 Codicibus
931 4831 1004 4885 ita
1034 4833 1382 4902 exprimatur,
1431 4846 1485 4890 et
1509 4838 1561 4891 in
1591 4839 1788 4894 Codice
1811 4839 2035 4897 Floren-

453 4917 568 4970 tino
594 4913 871 4970 Gaddiano
893 4919 1115 4974 omnino
1131 4936 1194 4974 ea
1224 4923 1381 4977 verba
1404 4924 1596 4979 desunt
1620 4928 1690 4980 ad
1706 4926 2032 4986 Braulionem

451 5007 747 5076 episcopum
774 5007 912 5061 urbis
943 5008 1138 5074 Roma},
1178 5013 1253 5065 uti
1284 5014 1443 5066 etiam
1475 5015 1528 5069 in
1557 5015 1755 5073 Codice
1782 5017 2031 5076 Escuria-

455 5097 608 5153 lensi.
660 5095 768 5152 Sed
812 5099 1021 5153 etiamsi
1051 5100 1139 5154 alii
1165 5100 1393 5159 Codices
1422 5104 1475 5158 in
1506 5105 1606 5159 bac
1636 5113 2033 5179 nuncupatione

453 5187 777 5253 cobereant,
801 5203 871 5242 ea
896 5189 1115 5244 minime
1144 5192 1369 5260 evincit,
1402 5209 1536 5262 opus
1566 5212 1677 5251 non
1707 5214 1825 5255 esse
1851 5201 1908 5256 S.
1938 5201 2033 5256 isi-

447 5276 590 5350 _dori.
623 5276 804 5333 Potuit
823 5279 969 5333 enim
989 5280 1059 5334 ab
1086 5281 1191 5336 alio
1230 5298 1349 5340 esse
1384 5285 1561 5340 addita
1593 5288 1710 5342 sine
1737 5289 1844 5343 ullo
1877 5292 2034 5365 159

447 5367 819 5456 fundamento,
831 5371 1008 5440 potuit
1032 5387 1154 5427 cum
1175 5375 1374 5445 aliquo.
1405 5376 1537 5433 Cum
1567 5395 1788 5449 operum
1807 5383 2034 5456 inscrip-

451 5453 630 5512 tiones
656 5457 708 5511 in
737 5473 866 5513 mss.
897 5460 1214 5530 plerumque
1231 5467 1655 5523 mendosissimae
1683 5471 1810 5538 sint,
1840 5488 1904 5527 ex
1931 5453 2036 5528 dif-

453 5542 690 5602 ficultate
736 5547 897 5617 hujus
941 5549 1304 5621 inscriptionis
1331 5570 1439 5609 non
1469 5557 1628 5612 debet
1648 5558 1857 5615 "Isidoro
1881 5563 2035 5630 abju-

453 5633 619 5690 dicari
645 5653 782 5708 opus
807 5641 948 5709 quod
978 5643 1160 5700 multis
1183 5644 1240 5698 in
1267 5645 1402 5701 locis
1429 5646 1508 5700 illi
1554 5658 1738 5716 aperte
1760 5651 2033 5719 adjudica-

417 5749 420 5752 ~
453 5731 562 5812 tur.
591 5723 650 5780 lu
663 5725 864 5785 Cuiice
881 5726 1244 5789 Ottoboniano
1263 5733 1391 5803 404,
1415 5750 1552 5806 opus
1577 5737 2030 5813 Etymologiarum

2061 3165 2110 3228 C

2059 4525 2116 4587 D

2135 1919 2276 1974 enim
2310 1918 2630 1988 appellatur,
2682 1926 2742 1972 ut
2793 1919 3031 1980 videtur,
3087 1920 3229 1986 regia
3262 1919 3432 1973 curia.
3465 1919 3632 1973 (:ixila
3664 1920 3719 1978 in

2135 2006 2254 2061 Vita
2307 2005 2364 2060 S.
2394 2005 2646 2061 lldefousi
2696 2011 2867 2060 sedem
2896 2005 3199 2060 Romuleam
3247 2009 3313 2062 de
3341 2008 3534 2064 Toleto
3559 2010 3719 2065 dixit.

2134 2099 2338 2170 Nempe
2365 2099 2501 2154 sicut
2524 2101 2576 2153 in
2599 2100 2958 2157 monumentis
2983 2099 3362 2156 ecclesiasticis
3391 2099 3722 2157 Hierusalem

2136 2191 2203 2244 ab
2233 2187 2482 2258 Hispanis
2502 2189 2701 2259 quaevis
2722 2189 2948 2244 ecclesia
2977 2189 3386 2258 metropolitana
3416 2189 3719 2255 dicebatur,

2137 2285 2194 2331 ut
2215 2293 2333 2346 cap.
2359 2276 2422 2330 21
2450 2278 2789 2334 observatum
2820 2278 2934 2344 fuit,
2968 2278 3036 2332 ita
3061 2279 3112 2331 in
3141 2276 3376 2348 profanis
3416 2280 3562 2348 regia
3595 2281 3722 2336 urbs

2135 2366 2389 2436 quaelibet
2412 2369 2857 2432 antonomastiee.
2891 2369 3005 2424 sive
3027 2384 3124 2440 per
3151 2368 3521 2425 excellentiam
3552 2369 3720 2427 Rom

2135 2461 2450 2515 vocabatur.

2209 2549 2296 2604 l3.
2352 2549 2457 2605 Sed
2503 2565 2623 2605 cum
2670 2548 3072 2620 Cresaraugusta
3123 2559 3365 2624 tempore
3421 2550 3721 2608 Gothorum

2136 2655 2407 2708 nunquam
2456 2641 2580 2693 urbs
2629 2641 2772 2706 regia
2822 2639 3000 2703 fuerit,
3033 2641 3434 2710 inscriptionem
3481 2656 3599 2694 eam
3650 2641 3723 2698 ad

2139 2728 2469 2783 Braulionem
2518 2726 2659 2783 urbis
2696 2728 2871 2786 Roma:
2899 2732 3190 2803 episcopum
3231 2733 3426 2787 merito
3455 2746 3484 2787 a
3515 2731 3721 2790 Dacbe-

2138 2821 2218 2874 rio
2249 2820 2299 2874 in
2330 2820 2592 2891 protentio
2616 2819 2680 2873 ad
2711 2819 2967 2876 lectorem
2994 2821 3148 2892 primi
3176 2822 3464 2877 voluminis
3487 2821 3719 2892 Spicile-

2137 2911 2207 2980 gii
2239 2910 2420 2964 baberi
2451 2919 2751 2980 snSpectam
2795 2910 2869 2965 ait
2907 2909 3022 2966 Nic.
3052 2911 3334 2976 Antonius,
3367 2911 3467 2965 nisi
3494 2911 3718 2973 dinris,

2138 3017 2231 3056 eas
2259 3015 2474 3069 quoque
2506 3002 2664 3055 urbes
2705 3015 2822 3068 qua:
2851 3000 3027 3069 aliqua
3071 2999 3252 3054 Roma:
3275 3000 3423 3056 urbis
3450 3015 3718 3069 prteroga-

2140 3091 2246 3144 tiva
2275 3091 2388 3143 sive
2417 3091 2734 3157 sacra,‘sive
2782 3089 3004 3160 profana
3047 3091 3368 3161 quandoque
3399 3091 3592 3146 functa:
3638 3106 3722 3162 es-

2138 3190 2277 3245 sent,
2307 3182 2594 3245 secundae,
2645 3184 2758 3238 sive
2807 3184 3028 3238 alterius
3073 3183 3257 3236 Romze
3305 3183 3719 3253 appellationem

2140 3273 2501 3342 promeruisse
2527 3290 2540 3327 :
2571 3282 2631 3327 ut
2661 3273 2712 3327 in
2763 3273 3036 3344 epitapbio
3065 3274 3237 3328 lvonis
3266 3275 3548 3328 cardinalis
3578 3276 3724 3344 apud

2139 3361 2388 3418 Treviros
2415 3364 2611 3432 sepulti
2643 3382 2656 3416 :
2685 3361 2862 3417 Romae
2889 3365 3112 3417 secunda
3133 3365 3254 3417 mihi
3283 3362 3420 3416 dedit
3441 3366 3722 3436 exsequias

2138 3455 2476 3521 venerandos,
2534 3455 2673 3523 apud
2703 3454 3014 3510 Browerum
3065 3455 3157 3510 lib.
3190 3472 3274 3509 xlv
3309 3454 3498 3508 Annal.
3529 3453 3724 3508 Trevi-

2139 3545 2395 3599 rcnsium.
2426 3544 2514 3600 Sic
2539 3543 2830 3611 Gerardus,
2859 3560 2982 3615 cap.
3003 3545 3045 3598 ιϐ
3075 3545 3142 3601 de
3169 3545 3441 3618 Miramllis
3466 3543 3524 3599 S.
3565 3545 3721 3599 Adel-

2141 3636 2291 3689 bartli
2322 3653 2334 3688 :
2367 3633 2574 3689 Exinde
2628 3636 2977 3705 hujuscemodi
3017 3639 3158 3706 fama
3212 3638 3288 3690 ita
3341 3638 3490 3706 longe
3525 3635 3723 3706 lateque

2139 3728 2290 3797 ccepi!
2317 3727 2537 3798 vulgari,
2585 3735 2642 3780 ut
2669 3726 2886 3781 Corbeia
2937 3727 3285 3798 (Corbeiense
3311 3727 3721 3796 monasterium)

2137 3818 2318 3871 merito
2361 3819 2632 3871 duceretur
2681 3819 2847 3871 altera
2889 3817 3053 3872 Roma
3100 3817 3374 3888 appellari.
3403 3816 3722 3884 Exemplum

2139 3905 2363 3962 aliudde
2385 3907 2514 3961 urbe
2527 3905 2851 3970 Turonensi,
2884 3907 3110 3960 secunda
3139 3907 3258 3962 sede
3288 3907 3536 3961 Romam:
3559 3907 3720 3967 urbis.

2139 3998 2476 4054 Mabillonius
2517 3999 2753 4054 alfertin
2780 4001 2895 4054 suis
2927 4000 3198 4055 Analectis
3246 4015 3372 4069 pag.
3425 3999 3514 4054 16.
3573 3998 3723 4054 Hanc

2139 4091 2307 4160 ipsam
2325 4088 2822 4158 interpretationem
2837 4089 2900 4143 de
2917 4090 3040 4144 urbe
3058 4091 3242 4154 Roma,
3256 4092 3350 4143 hoc
3369 4091 3721 4145 estCmm-au-

2137 4189 2311 4250 σακία,
2333 4189 2520 4235 tuetur
2564 4180 2841 4237 Florezius
2869 4191 3000 4237 tom.
3029 4181 3073 4236 ν
3103 4181 3253 4253 Hisp.
3282 4182 3479 4249 Sacrae,
3512 4197 3567 4253 p.
3591 4181 3722 4250 519,

2139 4285 2193 4325 tt.
2221 4271 2308 4325 i5.

2215 4383 2370 4454 160
2397 4383 2482 4438 14.
2515 4381 2747 4454 Reponit
2792 4383 3052 4456 Bayerius
3099 4384 3150 4438 in
3181 4391 3294 4440 not.
3347 4382 3415 4438 ad
3443 4382 3582 4439 Bibl.
3607 4393 3718 4438 vet.

2141 4475 2315 4546 liiSp.,
2341 4477 2442 4531 has
2471 4491 2647 4532 meras
2676 4478 3193 4545 essedivinationes,
3227 4487 3302 4542 et,
3334 4479 3378 4533 si
3407 4479 3575 4534 libere
3601 4479 3720 4546 phi-

2140 4566 2411 4636 losophari
2465 4567 2612 4635 licet,
2665 4568 2892 4638 ineptias
2943 4569 3324 4640 ineptissimas.
3364 4567 3720 4623 Continuator

2139 4657 2408 4727 Hispaniae
2455 4671 2641 4725 sacrae,
2688 4657 2895 4722 Riscns,
2931 4666 3061 4712 tom.
3096 4657 3257 4721 XXX,
3300 4665 3455 4712 tract.
3483 4655 3570 4722 66,
3597 4673 3720 4728 cap.

2135 4747 2192 4815 5,
2224 4762 2277 4800 n.
2312 4745 2409 4809 ει,
2459 4746 2617 4802 simili
2650 4747 2808 4802 modo
2834 4748 3043 4817 probat,
3075 4763 3346 4818 nunquam
3374 4747 3718 4815 Caesaraugu-

2137 4846 2275 4892 stam
2303 4837 2497 4892 dictam
2527 4837 2690 4892 fuisse
2721 4837 2962 4904 Romam,
3005 4848 3060 4892 et
3101 4855 3234 4908 opus
3262 4839 3330 4892 de
3352 4838 3538 4892 ordine
3568 4853 3720 4890 crea-

2138 4934 2376 4980 turarum
2403 4942 2512 4982 non
2537 4925 2604 4980 ad
2634 4926 2995 4991 Braulionem,
3023 4929 3122 4984 sed
3146 4929 3211 4982 ad
3235 4927 3566 4983 Bouifacium
3600 4925 3712 4980 Ro-

2139 5032 2353 5070 manum
2391 5015 2701 5086 pontiﬁcem
2750 5032 2869 5073 esse
2913 5019 3208 5084 directum;
3250 5016 3414 5082 addit,
3461 5031 3570 5070 non
3599 5030 3718 5070 esse

2139 5122 2275 5176 opus
2303 5106 2509 5174 lsidori,
2540 5116 2794 5175 tanquam
2825 5123 2893 5163 ex
2918 5108 3184 5163 sententia
3210 5106 3711 5168 Bollandianorum,

2137 5209 2370 5266 secutus,
2402 5200 2612 5269 opinor,
2667 5199 2994 5268 Florezium,
3017 5199 3107 5269 qui
3139 5208 3285 5252 tomo
3308 5197 3400 5262 1x,
3430 5212 3554 5268 pag.
3591 5192 3714 5258 197,

2138 5303 2170 5342 a
2197 5289 2460 5344 sententia
2486 5305 2644 5360 quam
2671 5297 2801 5343 tom.
2835 5290 2875 5343 ν
2912 5289 3190 5358 amplexus
3236 5287 3408 5341 fuerat
3437 5287 3719 5352 recedens,

2135 5381 2520 5450 prmiorendum
2569 5396 2688 5437 esse
2737 5383 2872 5437 dixit
2925 5382 3392 5436 Bo‘llandlanorum
3435 5381 3714 5450 judicium,

2137 5472 2228 5540 qui
2270 5473 2324 5526 id
2371 5485 2506 5542 opus
2532 5471 2722 5528 lsidori
2752 5485 2872 5529 esse
2923 5489 3031 5528 non
3085 5472 3468 5548 assentiuntur.
3514 5469 3713 5524 Verum

2136 5561 2464 5617 Bollandiani
2493 5562 2785 5631 conjiciunt
2826 5579 2925 5634 pro
2965 5563 3242 5617 Braulione
3285 5561 3566 5632 legendum
3597 5575 3716 5615 esse

2137 5651 2480 5723 Bonifacium,
2509 5662 2565 5708 et
2587 5643 2915 5723 subj‘ungunt
2957 5673 2968 5707 :
3001 5653 3116 5709 Nos
3145 5640 3371 5725 propria
3418 5656 3713 5724 conjectura

2135 5743 2264 5830 nihil
2316 5733 2413 5798 hic.
2443 5745 2712 5814 deﬁnimus
2742 5762 2758 5798 :
2787 5745 2963 5815 quibus
2993 5763 3095 5801 non
3140 5749 3332 5801 vacavit
3379 5757 3534 5800 totum
3582 5744 3712 5833 illud
