4060 6198
376 348 472 401 133

1398 365 1784 423 ΙΞΙΒΟΒΙᾹΝᾹ
1828 398 1891 407 -
1936 368 2110 441 PARS
2149 374 2183 427 l.
2228 374 2379 432 CAP.
2422 380 2609 435 XXIII.

3530 400 3626 452 151

359 466 655 528 opusculum
696 472 936 524 attentius
983 473 1163 543 legere.
1228 475 1348 531 Μιὴί
1392 494 1521 536 sane
1572 484 1719 538 nullo
1770 487 1929 539 modo
1960 485 2006 542 Α
2034 499 2223 541 remus.
2276 488 2425 545 Liber
2470 493 2659 549 lsidori
2706 496 2771 549 de
2818 495 3014 553 Ordine
3065 512 3416 561 creaturarum
3458 513 3627 579 expli.

360 557 532 579 ,,.,,,,
839 564 852 579 .
1045 569 1057 579 .
1190 572 1201 579 .
1310 572 1352 579 ._
1436 574 1468 579 _
2081 574 2092 579 _

360 557 569 625 placet,
631 570 687 614 ut
736 563 918 619 titulus
977 569 1201 639 episcopi
1238 572 1378 628 urbis
1427 574 1635 643 Romae,
1686 584 1777 650 qui
1824 584 1942 638 ubi-

358 662 463 715 que
491 658 743 721 tanquam
800 659 1046 726 proprius
1090 660 1331 720 Romano
1378 669 1614 736 pontiﬁci
1668 673 1936 742 tribuitur,

358 733 627 790 Braulioui
655 740 980 809 applicetur,
1005 758 1069 800 ac
1100 749 1267 804 multo
1299 733 1472 808 minus
1496 769 1526 808 a
1551 755 1606 808 S.
1638 756 1865 814 Isidoro.

427 844 510 899 l5.
543 845 807 904 Praeterea
851 864 1041 923 urgent
1070 857 1185 913 alia:
1218 862 1473 932 rationes,
1519 883 1653 936 quas
1682 868 1937 941 Bayerius

354 937 595 1005 exponit,
622 954 691 994 ne
714 955 854 1010 Opus
870 943 938 999 de
958 944 1157 1004 Ordine
1179 961 1541 1010 creaturarum
1574 958 1845 1018 Braulioni
1868 966 1935 1019 ab

351 1024 552 1081 Isidoro
606 1031 858 1086 credatur
907 1047 1293 1106 nuncupatum.
1345 1042 1462 1098 Non
1524 1049 1667 1102 enim
1720 1050 1934 1108 Braulio

348 1124 510 1170 tanta:
539 1122 876 1178 auctoritatis
899 1125 980 1178 vir
1006 1137 1142 1195 erat,
1168 1132 1252 1187 cui
1281 1133 1515 1195 Isidorus
1540 1150 1647 1193 tam
1678 1158 1931 1199 reveren-

347 1214 429 1259 ter
455 1221 521 1261 ac
555 1208 784 1266 demisse
815 1216 1128 1282 opusculum
1160 1236 1493 1295 nuncuparet
1530 1246 1543 1280 :
1574 1244 1731 1298 quem
1773 1232 1933 1287 Vene-

342 1299 558 1353 rabilem
590 1301 800 1356 Patrem
828 1309 1143 1374 appellaret,
1197 1314 1349 1383 cujus
1388 1318 1543 1373 timor
1581 1323 1780 1378 invidos
1807 1343 1929 1395 gar-

341 1386 629 1459 rientesque
674 1392 727 1443 in
774 1396 951 1464 ofﬁcio
1001 1401 1317 1467 contineret,
1366 1407 1519 1475 cujus
1568 1416 1927 1471 auctoritatem

340 1480 768 1550 commendaret,
800 1472 922 1553 erga
952 1504 1110 1555 quem
1157 1509 1305 1547 suum
1335 1495 1648 1569 obsequium,
1680 1506 1925 1559 obedien-

338 1570 487 1634 tium,
513 1575 908 1645 venerationem,
927 1594 1070 1648 stepe
1097 1584 1454 1651 proﬁteretur.
1473 1591 1592 1646 Alio
1618 1604 1765 1649 certe
1784 1599 1924 1667 style

336 1659 572 1717 Isidorus
601 1663 938 1723 Braulionem
966 1673 1166 1743 alloqui
1216 1679 1375 1746 solet,
1419 1683 1623 1739 scilicet
1651 1695 1707 1740 ut
1754 1703 1919 1744 senex

332 1748 610 1819 juvenem,
643 1761 703 1807 ut
749 1758 1003 1827 magister
1028 1761 1368 1833 discipulum,
1401 1774 1640 1839 quamvis
1688 1777 1920 1834 fortasse

2044 574 2191 630 citur.

2115 687 2199 741 17.
2234 688 2385 755 Quod
2415 701 2593 745 autem
2640 694 2750 750 Nic.
2805 697 3085 761 Antonius,
3120 709 3174 754 ut
3200 704 3328 772 dixi,
3381 709 3623 777 quaedam

2047 774 2109 830 tle
2137 787 2278 831 statu
2318 781 2614 835 animarmn
2662 797 2781 854 post
2811 800 3056 853 mortem,
3108 808 3171 846 ac
3201 794 3267 849 de
3316 774 3625 866 purgatorio

2042 866 2162 934 igne
2186 869 2236 921 in
2268 870 2371 923 ﬁne
2392 873 2571 940 operis
2600 890 2703 928 non
2726 878 2943 932 omnino
2973 881 3244 948 probanda
3274 901 3395 941 ϐεδε
3413 902 3620 961 censet,

2042 957 2298 1029 Bayerius
2321 962 2372 1015 in
2406 973 2518 1017 not.
2543 964 2803 1032 ejusmodi
2831 970 3133 1038 scrupulum
3162 974 3374 1031 abunde
3407 957 3618 1037 refellit.

2037 1050 2166 1106 Plus
2204 1054 2383 1119 nimio,
2423 1056 2611 1123 in'juit,
2667 1060 3015 1115 meticulosum
3058 1079 3112 1116 se
3157 1052 3339 1133 prodit.
3377 1071 3471 1124 hoc
3506 1074 3617 1127 loco

2037 1138 2265 1207 Noster;
2321 1161 2453 1207 cum,
2505 1146 2603 1198 nisi
2644 1147 2960 1201 vehementer
2996 1168 3087 1221 ego
3119 1154 3295 1222 fallor,
3328 1157 3486 1225 plana
3513 1163 3617 1215 sint

2034 1234 2208 1285 omnia
2245 1251 2306 1286 ac
2331 1235 2442 1287 sine
2465 1236 2794 1304 offendicula.
2828 1238 3000 1309 Caput
3031 1242 3096 1294 15
3126 1243 3432 1301 inscribitur
3456 1250 3519 1302 de
3542 1253 3622 1303 di-

2032 1327 2271 1378 versitate
2299 1330 2639 1392 peccantium,
2676 1344 2783 1397 quo
2814 1332 2987 1397 agitur
3008 1333 3072 1387 de
3103 1334 3421 1401 inﬁdelibus,
3456 1340 3621 1395 forni-

2032 1414 2211 1478 caiiis,
2264 1416 2542 1477 adulteris,
2598 1419 2794 1481 avaris,
2841 1430 2948 1474 etc.
2994 1421 3167 1492 Caput
3198 1424 3264 1476 14
3302 1437 3384 1480 est
3412 1430 3475 1482 de
3502 1432 3619 1501 igne

2030 1505 2348 1571 purgatorio,
2376 1520 2482 1570 quo
2514 1505 2686 1573 agitur
2715 1507 2782 1561 de
2812 1508 2872 1563 iis
2899 1511 2989 1577 qui
3016 1512 3253 1568 viventes
3284 1533 3379 1584 pro
3402 1518 3617 1575 Christo

2028 1609 2290 1663 pauperes
2310 1592 2505 1659 effecti,
2538 1597 2591 1651 in
2623 1598 2807 1655 labore
2834 1611 2888 1654 et
2916 1601 3225 1672 fatigatione
3250 1622 3616 1678 perseverant,

2025 1682 2225 1753 quique
2297 1689 2700 1756 persecutiones
2752 1692 3026 1747 hominum
3093 1707 3311 1765 prepter
3352 1699 3615 1767 justitiam

1973 1843 1977 1846 μ
2023 1775 2307 1831 sustinent.
2335 1776 2546 1832 Priores
2574 1781 2647 1833 ait
2674 1780 2909 1837 Isidorus
2931 1781 3041 1851 jam
3069 1785 3339 1854 judicatos
3368 1806 3615 1861 esse,ue-

2894 1836 3040 1851 ,
3069 1836 3338 1854 ,μη-η-
3372 1836 3605 1861 ---..,....

334 1836 553 1897 Braulio
592 1846 692 1899 sub
731 1844 921 1903 Isidori
970 1851 1248 1923 disciplina
1294 1874 1398 1913 non
1420 1836 1636 1918 uixerit.
1694 1866 1925 1925 Maxime
1960 1852 2002 1912 Β
2029 1881 2134 1934 que
2158 1867 2210 1919 in
2231 1866 2432 1936 judicio
2454 1879 2832 1927 surrecturus:
2875 1874 3268 1942 posterioribus
3292 1890 3471 1936 autem
3503 1900 3611 1939 non

331 1942 464 1997 ergo
495 1935 786 2001 probabilis
816 1946 897 1993 est
925 1955 989 1994 ac
1020 1947 1411 2014 propemodum
1442 1957 1741 2010 necessaria
1772 1958 1919 2013 "en.-

333 2022 539 2076 schenii
559 2026 889 2096 conjectura,
912 2047 1010 2101 pro
1023 2033 1302 2093 Brautione
1326 2047 1690 2112 reponendum
1717 2064 1835 2106 esse
1864 2052 1917 2107 in

330 2114 513 2181 operis
538 2115 883 2187 inscriptione
914 2122 1261 2196 Bonifacium.
1292 2132 1331 2185 E
1358 2134 1524 2189 tribus
1549 2146 1729 2192 autem
1755 2140 1917 2197 Boui-

328 2197 502 2264 I'aciis,
542 2202 796 2263 Romanis
825 2213 1168 2278 pontiﬁcibus
1213 2222 1412 2275 saeculo
1439 2240 1508 2277 vn
1543 2225 1780 2295 ineunte,
1814 2229 1918 2285 Bo-

326 2289 558 2349 nifacius
586 2295 629 2350 γ
671 2302 967 2366 ριίιεδθτιίιιι
1007 2319 1129 2361 esse
1174 2311 1369 2377 potuit,
1397 2316 1480 2367 eui
1506 2314 1741 2373 Isidorus
1769 2289 1917 2390 vopus

322 2398 486 2439 suum
512 2388 579 2441 ab
609 2402 675 2443 eo
698 2394 974 2450 consultus
1006 2395 1332 2455 dedicaverit
1357 2419 1371 2467 ;
1407 2418 1526 2457 nam
1559 2406 1647 2461 ille
1674 2409 1742 2461 ab
1770 2388 1915 2466 arino

314 2470 435 2529 ’617
480 2478 544 2531 ad
572 2494 771 2535 annum
810 2482 917 2536 625
970 2488 1337 2556 pontificatum
1370 2496 1541 2550 tenuit
1572 2514 1585 2550 :
1635 2513 1742 2568 quo
1774 2508 1913 2555 tem-

314 2564 461 2632 pore
476 2566 587 2633 jam
608 2565 797 2624 Isidori
826 2587 1023 2629 nomen
1044 2585 1101 2632 et
1122 2577 1363 2637 doctrina
1394 2584 1588 2654 ubique
1614 2564 1734 2643 sctse
1759 2589 1913 2644 ditiu-

316 2653 496 2709 derat.

406 2774 494 2828 lti.
526 2775 837 2837 Statuamus
866 2783 1047 2852 igitur,
1077 2788 1269 2844 librum
1307 2790 1376 2848 de
1401 2792 1599 2850 Ordine
1634 2810 1911 2856 creatura-

311 2880 443 2919 rum
472 2876 526 2921 et
555 2868 740 2926 lsidori
771 2888 908 2943 opus
947 2892 1086 2943 esse,
1111 2890 1164 2933 et
1192 2880 1469 2940 Bonifacio
1497 2885 1743 2945 Romano
1772 2907 1905 2960 pou.

310 2962 331 3005 t
350 2952 459 3008 iliei
486 2970 875 3028 nuncupatum.
907 2963 1174 3021 Certusne
1203 2971 1422 3026 erithoc
1451 2983 1610 3043 pacto
1639 2992 1905 3044 accessus,

298 3042 508 3100 tlsfdori
550 3047 617 3102 ad
671 3051 857 3107 urbem
889 3053 1151 3113 Romam?
1195 3042 1461 3131 Bayeriusi
1488 3066 1777 3133 concludit,
1821 3042 1906 3125 via

297 3135 329 3203 ._l
344 3153 501 3192 octnu
530 3141 836 3212 ambigendi
867 3146 934 3201 de
965 3147 1211 3207 Romano
1259 3152 1446 3210 lsidori
1499 3156 1691 3214 itinere
1711 3174 1903 3230 super-

2024 1957 2185 2012 modo
2216 1973 2438 2027 regnum
2466 1960 2724 2016 ccelorum
2769 1964 2820 2019 in
2852 1965 3025 2020 futura
3058 1969 3162 2021 sita
3211 1972 3469 2039 promitti,
3517 1976 3614 2030 sed

2022 2058 2079 2103 et
2126 2048 2180 2102 in
2230 2052 2481 2119 prmsenti
2512 2053 2720 2106 donari.
2753 2052 2879 2108 Ilaec
2921 2055 3127 2110 scilicet
3173 2062 3438 2114 sententia
3486 2073 3607 2117 est:

2022 2135 2271 2205 perlecta:
2290 2140 2591 2196 sanctitatis
2617 2140 2778 2196 laude
2807 2141 3011 2211 praediti
3035 2144 3281 2201 homines
3313 2149 3395 2202 vel
3426 2150 3477 2203 in
3510 2150 3610 2207 bac

2023 2224 2127 2278 vita
2183 2240 2409 2293 regnum
2464 2227 2557 2282 Dei
2610 2231 3005 2297 quodammodo
3053 2234 3390 2303 prteripiunt;
3422 2249 3607 2293 contra

2021 2316 2171 2385 impii
2220 2319 2469 2374 homines
2497 2329 2554 2375 et
2582 2321 2983 2390 impteuitentes
3010 2326 3352 2382 conscientia
3380 2331 3609 2386 stitrmiis

2024 2407 2178 2476 163
2233 2408 2398 2462 etiam
2428 2409 2667 2464 viventes
2696 2411 3025 2467 cruciantur.
3059 2412 3185 2468 Haec
3213 2415 3326 2470 fere
3356 2417 3608 2488 loquendi

2016 2496 2154 2548 ratio
2200 2496 2342 2565 apud
2393 2497 2529 2552 alios
2568 2513 2783 2568 quoque
2838 2499 3025 2557 Patres
3054 2506 3325 2576 reperitur
3359 2524 3371 2559 :
3404 2509 3607 2564 scilicet

2008 2583 2330 2652 judicandos
2378 2602 2517 2651 esse,
2567 2590 2655 2658 qui
2689 2606 2862 2660 neque
2910 2592 2984 2662 pii
3036 2604 3160 2648 sunt
3206 2612 3382 2667 neque
3414 2599 3604 2669 impii;

2015 2691 2137 2729 nam
2156 2675 2417 2745 judicium
2449 2678 2498 2731 in
2528 2678 2648 2748 pios
2673 2681 3034 2736 necessarium
3064 2700 3169 2739 non
3193 2694 3293 2749 est,
3328 2686 3381 2740 in
3411 2687 3604 2759 impios

2007 2765 2121 2836 jam
2153 2768 2207 2821 in
2230 2767 2334 2823 hac
2364 2770 2471 2822 vita
2496 2778 2771 2838 peractum
2805 2780 2908 2827 est.

2084 2876 2171 2931 18.
2204 2876 2341 2931 Audi
2387 2878 2446 2933 S.
2476 2877 2738 2932 Hilarium
2767 2890 3004 2936 enarrat.
3058 2883 3110 2937 in
3151 2886 3336 2953 psalm.
3362 2904 3380 2943 ι
3409 2906 3421 2942 :
3455 2891 3588 2946 Sunt

2009 2970 2143 3021 enim
2165 2968 2322 3039 aliqui
2362 2970 2496 3022 inter
2524 2970 2707 3038 impios
2734 2973 3011 3041 piosque...
3044 2973 3224 3029 Plures
3250 2995 3469 3051 namque
3493 2982 3590 3062 Dei

2007 3066 2169 3110 metus
2184 3057 2237 3110 in
2265 3056 2497 3111 Ecclesia
2522 3063 2767 3126 continet,
2797 3061 2887 3113 sed
2911 3063 3114 3117 eosdem
3142 3076 3310 3121 tamen
3340 3071 3410 3123 ad
3428 3088 3597 3141 saeue

2008 3146 2144 3200 laria
2195 3148 2319 3201 vitia
2382 3150 2557 3203 surculi
2605 3149 2957 3205 blandimenta
3022 3156 3373 3214 sollicitant...
3428 3161 3588 3233 [mpii

307 3242 459 3290 esse.
493 3228 665 3287 Verba
689 3211 838 3289 enim
896 3238 1008 3293 haec
1034 3240 1179 3295 clara
1213 3253 1375 3298 sunt:
1405 3245 1621 3301 Domini
1654 3211 1905 3322 ευπνίθιο

2012 3251 2113 3288 non
2162 3244 2393 3301 manent,
2438 3238 2559 3306 quia
2608 3238 2686 3291 his
2743 3237 2837 3293 Dei
2858 3257 3040 3295 nomen
3081 3244 3134 3296 in
3164 3244 3361 3300 Itouore
3380 3261 3498 3305 est:
3523 3255 3595 3322 pii

308 3330 551 3374 armatus
581 3323 649 3375 ad
684 3328 910 3390 patrium
939 3330 1188 3399 festinare
1223 3335 1372 3404 161
1420 3347 1553 3392 tutus
1582 3348 1798 3410 utroque
1824 3343 1905 3395 la-

307 3418 424 3466 tere
461 3413 675 3469 curabo.
720 3413 980 3473 lsidorum
1031 3431 1209 3479 autem
1241 3426 1293 3480 in
1339 3425 1481 3483 Urbe
1527 3431 1617 3486 diu
1645 3436 1905 3490 mansisse

306 3503 525 3571 colligit
553 3520 618 3558 ex
648 3509 893 3574 opusculi
950 3511 1138 3568 labore
1167 3532 1274 3571 non
1326 3524 1700 3593 extemporali,
1733 3541 1905 3595 neque

306 3596 552 3665 vulgari,
580 3598 685 3651 nisi
704 3614 829 3653 eunt
857 3600 909 3655 in
935 3602 1106 3671 patria
1132 3618 1439 3677 susceptum
1468 3613 1710 3669 dicimus.
1740 3616 1903 3687 Equi-

304 3688 439 3743 dem
484 3688 538 3742 in
585 3688 725 3745 hanc
752 3690 920 3760 ipsam
950 3697 1271 3753 sententiam
1320 3702 1653 3771 propendeo,
1683 3722 1803 3762 cum
1833 3710 1905 3764 vi-

306 3781 507 3835 deatur
535 3780 650 3835 lucc
698 3795 820 3837 esse
844 3792 1001 3840 vetus
1041 3790 1090 3840 in
1117 3785 1374 3859 Hispania
1422 3794 1663 3861 traditio,
1700 3797 1753 3851 iu
1787 3798 1899 3855 Vita

308 3869 504 3925 Isidori
532 3880 587 3926 et
633 3871 922 3930 Breviariis
943 3878 1178 3947 antiquis
1196 3883 1441 3950 repetita.
1469 3885 1674 3942 Vereor
1701 3898 1898 3959 tamen,

309 3976 385 4016 ne
406 3961 460 4015 in
489 3962 652 4016 alium
700 3979 916 4020 sensum
947 3968 1107 4023 verba
1135 3975 1550 4043 nuncupationis
1591 3979 1900 4051 detorqueri

309 4051 555 4108 valeant.
600 4054 904 4125 Allegorice
950 4060 1094 4114 enim
1145 4072 1334 4120 auctor
1383 4071 1564 4137 operis
1615 4071 1897 4142 loquitur:

310 4140 454 4195 Hec
476 4144 748 4212 parvitatis
777 4145 1115 4204 obedientiam
1142 4156 1348 4223 placido
1390 4164 1609 4227 pectoris
1640 4140 1713 4219 tui
1750 4175 1902 4235 portu

310 4233 539 4303 recipere
565 4251 671 4289 non
709 4236 1010 4309 dedignare,
1049 4251 1099 4296 et
1124 4256 1304 4299 contra
1324 4253 1663 4318 garrientium
1682 4233 1900 4311 instabi-

310 4325 389 4377 les
412 4324 603 4391 ﬂuctus
624 4334 726 4381 tute
754 4330 936 4383 timore
962 4330 1144 4401 [Forte
1174 4336 1392 4409 temone]
1411 4345 1735 4399 auctoritatis
1762 4364 1900 4417 prte-

304 4416 473 4468 isentis
494 4419 725 4484 Opuseuli
746 4422 1161 4497 naviculaithon
1186 4434 1235 4479 te
1261 4429 1432 4498 pigeat
1458 4431 1761 4500 gubernare.
1793 4438 1902 4491 Ad-

308 4505 410 4567 dit,
444 4521 503 4560 se
522 4523 628 4561 non
654 4523 847 4565 curare
877 4512 1177 4568 invidorum
1206 4520 1450 4583 querelas
1482 4540 1494 4573 :
1524 4522 1717 4578 Contra
1745 4544 1897 4601 quos,

314 4597 412 4663 ait,
446 4607 545 4653 tua
573 4602 822 4657 orationis
847 4615 991 4660 scuto
1013 4618 1287 4675 protectus,
1320 4622 1372 4664 et
1422 4615 1595 4669 domin
1610 4622 1677 4672 'co
1698 4597 1896 4693 supra;

316 4688 403 4757 gio
424 4699 657 4744 armatus
684 4694 755 4745 ad
793 4696 1019 4763 patriam
1047 4700 1294 4767 festinare
1333 4710 1469 4757 tutus
1496 4718 1709 4778 utroque
1737 4688 1899 4766 lateae

316 4781 525 4834 curabo.
551 4782 759 4853 Accipit
780 4799 911 4853 ergo
930 4790 1155 4856 patriam
1183 4808 1279 4859 pro
1303 4804 1475 4861 portu,
1500 4797 1598 4852 nisi
1625 4800 1712 4855 hic
1732 4803 1895 4859 etiam

315 4866 494 4935 legere
538 4870 675 4926 velis
704 4873 774 4925 ad
797 4885 1001 4944 portum
1031 4879 1295 4948 festinare,
1325 4895 1431 4937 etc.
1464 4884 1521 4939 In
1558 4885 1693 4943 Cod.
1725 4887 1894 4946 Esce-

316 4959 529 5014 rialensi
583 4972 664 5016 est
708 4962 923 5018 Domini
974 4968 1120 5037 cujus
1164 4971 1420 5042 sujfragio
1458 4987 1724 5033 armatus:
1752 4984 1895 5051 apud

300 5045 635 5102 Dacherium
680 5049 893 5107 Domini
927 5070 1140 5127 pergam
1191 5061 1443 5132 suﬁ‘ragio
1469 5075 1721 5123 armatus.
1754 5045 1894 5129 DIan

315 5138 570 5194 dominico
592 5140 866 5214 suﬂ'ragio.
914 5144 970 5199 In
1001 5147 1198 5204 Codice
1227 5150 1555 5222 Florentino,
1594 5160 1693 5227 ‘qui
1713 5164 1895 5217 muli

316 5242 390 5281 ιιι
415 5242 534 5284 esse
546 5232 802 5299 creditur,
830 5240 941 5289 tota
972 5236 1087 5292 hinc
1104 5237 1438 5298 dedicatur-ia
1467 5249 1649 5318 operis
1677 5265 1897 5320 perora-

318 5318 765 5384 tio‘desideratur.
793 5341 857 5381 ac
882 5325 1111 5385 fortasse
1139 5331 1190 5384 in
1214 5331 1331 5389 aliis
1346 5333 1633 5393 (Iudicibus
1660 5318 1894 5411 aposte-

302 5409 444 5464 riori
471 5426 634 5466 manu
660 5413 869 5483 adjecta
899 5426 997 5472 est.
1032 5417 1217 5474 Habeo
1244 5421 1419 5477 varias
1464 5409 1726 5483 lectiorms
1773 5432 1891 5499 ejus

316 5498 530 5556 Codicis
554 5505 961 5561 accuratissim
1001 5509 1252 5575 collectas
1298 5526 1332 5566 a
1383 5514 1449 5568 ν.
1474 5514 1535 5569 C.
1568 5515 1773 5574 Thema
1808 5498 1893 5577 ide

318 5591 577 5659 Andrade,
606 5595 724 5649 sive
751 5595 1051 5666 Dendrade,
1105 5602 1387 5659 sacerdote
1434 5606 1653 5675 collegii
1702 5608 1891 5666 Massi-

320 5680 500 5736 liensis
524 5685 851 5741 sanctissimi
878 5685 1069 5744 Cordi:
1094 5687 1245 5760 Iesu,
1275 5708 1410 5763 quas
1437 5709 1538 5751 suo
1563 5697 1682 5753 loco
1700 5702 1888 5768 prole-

320 5785 451 5827 ram.
493 5772 639 5842 Opus
679 5776 754 5831 ita
782 5778 1078 5837 absolvitur
1099 5799 1113 5836 :
1132 5784 1363 5842 scientiis
1406 5786 1694 5845 Conditoris
1725 5808 1887 5848 reser-

2005 3341 2110 3379 non
2139 3336 2277 3388 sunt,
2309 3327 2429 3395 quia
2455 3344 2566 3397 qua:
2587 3328 2768 3396 pietati
2796 3341 2915 3382 sunt
2945 3332 3121 3386 aliena
3175 3347 3501 3395 sectantur...
3530 3343 3595 3398 In

2004 3430 2093 3469 eos
2114 3433 2234 3486 ergo
2253 3416 2508 3485 judicium
2536 3426 2631 3482 est,
2655 3419 2793 3489 quod
2811 3420 2926 3489 jam
2958 3432 3007 3474 et
3030 3424 3083 3475 in
3114 3425 3401 3483 incredulos
3427 3442 3595 3487 actum

2003 3518 2101 3576 est,
2123 3519 2174 3563 et
2196 3512 2250 3562 in
2279 3510 2541 3564 credentes
2570 3529 2674 3565 non
2695 3518 3039 3569 necessarium
3060 3529 3154 3571 est.
3188 3518 3385 3576 Confer
3411 3534 3593 3582 notata

2003 3614 2035 3653 a
2084 3616 2172 3656 me
2220 3601 2272 3654 in
2327 3602 2727 3669 Pro'egomenis
2773 3605 2839 3657 ad
2888 3604 3233 3664 Prudentium
3279 3629 3334 3667 η.
3381 3614 3503 3682 179,
3535 3628 3592 3672 et

2002 3690 2374 3747 Constantium
2402 3694 2454 3747 in
2477 3693 2795 3750 Przcl‘atione
2818 3698 2881 3750 ad
2908 3697 2964 3752 S.
3004 3698 3262 3758 Hilarium
3297 3704 3324 3776 §
3374 3707 3427 3775 7,
3468 3724 3591 3779 pag.

2004 3782 2093 3837 69.
2149 3783 2315 3837 Porro
2350 3783 2592 3837 doctrina
2638 3784 2824 3841 lsidori
2851 3787 2918 3842 de
2959 3789 3079 3858 igne
3107 3798 3437 3864 purgatorio,
3467 3815 3587 3871 cap,

2004 3871 2073 3926 14
2103 3872 2221 3927 libri
2251 3872 2318 3927 de
2356 3872 2554 3927 Ordine
2601 3883 2990 3946 creaturarum,
3036 3881 3194 3955 plane
3219 3880 3579 3959 consentanea

2003 3974 2087 4019 est
2107 3963 2344 4031 dogmati
2374 3966 2659 4031 catholico,
2690 3976 2744 4023 et
2770 3969 2832 4022 iis
2870 3986 2988 4040 qua:
3030 3974 3143 4041 ipse
3171 3973 3401 4031 Isidorus
3428 3980 3591 4037 tradit

2004 4054 2097 4108 lib.
2129 4055 2361 4110 teccles.
2390 4052 2570 4124 Ol‘lic.,
2596 4073 2713 4126 cap.
2759 4057 2847 4125 l8,
2879 4071 2936 4115 ut
2962 4061 3214 4118 observat
3234 4062 3512 4124 Cellierius
3534 4072 3586 4126 in

2004 4145 2227 4210 Isidoro,
2256 4164 2403 4202 num.
2453 4148 2540 4213 '58,
2579 4150 2670 4218 qui
2701 4151 3068 4221 conjecturam
3119 4153 3586 4216 Bollandianorum

2004 4236 2073 4291 de
2104 4238 2401 4293 Braulionis
2427 4241 2641 4295 nomine
2667 4257 2767 4311 pro
2796 4241 3091 4313 Bonifacio,
3122 4261 3188 4301 ex
3212 4249 3380 4317 prima
3408 4240 3585 4337 littera

2003 4322 2049 4377 Β
2079 4326 2146 4380 ab
2167 4327 2350 4396 aliquo
2391 4331 2724 4400 exscriptore
2773 4337 3073 4404 supposito,
3102 4340 3439 4406 comprobari
3461 4322 3589 4398 dicit

2003 4429 2071 4481 ex
2095 4417 2251 4485 hujus
2279 4419 2460 4487 operis
2503 4422 2664 4491 stylo,
2701 4439 2824 4478 cum
2855 4425 2972 4480 aliis
3001 4425 3307 4483 lsidorianis
3336 4432 3588 4511 operibus

2002 4508 2339 4575 congruenti.
2367 4507 2604 4567 Isidorus
2631 4512 2723 4564 cit.
2756 4527 2804 4566 c.
2840 4511 2908 4565 18
2937 4516 3171 4569 ostendit
3190 4515 3483 4574 Eoi-lesiam

2008 4596 2261 4650 tholicam
2314 4606 2521 4666 tenere,
2560 4601 2880 4668 quibusdam
2933 4603 3176 4661 ﬁdelibus
3223 4607 3488 4664 defunctis
3532 4614 3585 4675 in

2002 4685 2174 4739 altero
2195 4687 2394 4742 sacculo
2417 4688 2724 4743 dimittenda
2746 4701 2980 4757 peccata,
3013 4703 3063 4746 et
3088 4695 3309 4764 quodam
3334 4687 3588 4773 purgato;

1997 4775 2078 4828 rio
2115 4775 2235 4844 igne
2274 4777 2562 4845 purganda.
2614 4777 2809 4832 Eadem
2856 4789 2938 4833 est
2974 4780 3216 4836 doctrina
3244 4790 3296 4838 in
3322 4789 3587 4869 capitibus

1997 4864 2067 4919 27
2095 4877 2145 4922 et
2168 4868 2236 4921 28
2264 4869 2386 4923 libri
2417 4886 2452 4923 ιι
2476 4872 2541 4924 de
2567 4871 2721 4925 Ollio.
2746 4890 2759 4937 ;
2808 4889 2928 4941 qua:
2980 4884 3155 4931 tamen
3196 4879 3301 4934 duo
3327 4884 3499 4953 capita
3529 4864 3585 4942 in

1999 4957 2268 5011 nonnullis
2313 4974 2442 5014 mss.
2476 4968 2529 5012 et
2549 4960 2706 5015 editis
2734 4962 2944 5018 desunt.
2998 4964 3193 5022 Ultima
3220 4984 3435 5041 quoque
3462 4990 3584 5029 sen-

2002 5047 2169 5100 tentia
2216 5047 2336 5102 libri
2384 5049 2523 5104 tertii
2571 5051 2988 5121 Sententiarum,
3018 5071 3137 5125 qute
3185 5060 3235 5113 in
3266 5062 3581 5128 quibusdam

1998 5136 2158 5191 editis
2208 5147 2262 5193 et
2313 5155 2444 5194 mss.
2497 5141 2850 5208 desideratur,
2896 5147 3005 5201 huc
3052 5150 3323 5217 pertinet:
3359 5150 3460 5204 llic
3504 5162 3580 5229 est

2004 5220 2314 5281 Christianw
2365 5229 2711 5284 miserationis
2765 5233 3001 5302 affectus,
3055 5246 3111 5289 ut
3162 5255 3255 5305 pro
3283 5224 3581 5309 unoquoque

2002 5323 2203 5367 mortuo
2229 5317 2539 5385 sacriﬁcium
2572 5318 2679 5375 Deo
2708 5322 2974 5391 oferatur,
3004 5335 3105 5380 etc.
3133 5326 3239 5381 Sed
3263 5329 3421 5382 verba
3453 5345 3573 5400 cap.

2006 5404 2075 5458 18
2106 5406 2222 5460 libri
2253 5423 2267 5460 ι
2296 5405 2448 5463 Oﬂic.
2497 5411 2790 5489 clarissima
2832 5427 2975 5483 sunt,
3008 5428 3062 5474 et
3098 5431 3246 5474 certo
3276 5423 3343 5475 ab
3371 5422 3575 5504 Lidoru

1998 5510 2065 5550 ει
2093 5495 2372 5563 Augustini
2402 5498 2709 5558 Encbiridio
2733 5506 2802 5559 ad
2832 5505 3173 5563 Laurentium
3202 5526 3325 5580 cap.
3355 5513 3457 5570 uo
3478 5495 3575 5572 de.-

1998 5596 2261 5656 prompta.

2541 5692 2771 5750 CAPUT
2813 5696 2998 5754 XXIV.
3021 5708 3029 5717 '

1996 5802 2345 5861 Centumalum
2385 5811 2449 5863 de
2494 5810 2699 5866 Isidoro
2744 5818 2982 5887 episcopo
3021 5824 3213 5890 exsule,
3248 5836 3296 5879 et
3334 5828 3398 5881 de
3438 5828 3573 5896 (ior—
