4028 6200
426 391 529 450 155

1155 379 1247 433 ΑΙ)
1283 375 1512 430 υΡΕιιιΑ
1551 373 1610 426 S.
1651 367 1895 437 18100111
1936 360 2378 420 IliSPALENSlS
2416 354 2937 414 PROLEGOMENA.

3583 359 3682 413 136

488 503 647 557 diana
673 500 727 553 in
751 499 862 568 ejus
897 498 1060 551 locum
1089 495 1307 547 intruso.
1341 489 1618 558 Catalogus
1639 486 1995 556 episcoporum
2029 487 2069 541 Λ
2103 477 2271 529 titiam
2293 486 2384 528 aut
2409 475 2654 568 vitia-tam
2677 488 2798 568 esse
2817 469 3056 568 ostendit
3078 477 3210 568 tom.
3236 467 3281 523 ll
3295 467 3503 568 Goncil.
3530 467 3678 568 llisp.

490 602 710 647 ueterum
743 585 1153 653 Hispalensium.

490 685 542 738 1.
576 679 819 748 Egidius
856 675 1122 730 Gouzalez
1163 674 1218 727 in
1255 671 1489 725 Theatra
1531 664 1861 736 Hispalensis
1889 660 1994 715 Ec—

420 776 612 838 clesiae,
644 785 764 841 pag.
787 769 878 835 27,
903 767 1169 835 Tamayus
1192 765 1244 818 in
1274 762 1493 831 Martyr.
1523 759 1673 827 Hisp.
1701 755 1766 809 ad
1796 755 1936 808 diem
1962 751 1998 803 4

419 865 633 934 Aprilis,
672 872 726 914 et
774 860 864 914 alii
915 856 1096 912 narrat
1142 854 1402 909 lsidorum
1439 848 1748 919 aliquandiu
1780 845 1997 898 Malam:

417 951 656 1007 exsulem
712 949 940 1011 vixisse;
995 945 1137 1016 quod
1183 945 1469 998 desumunt
1509 956 1574 993 ex
1625 934 1997 1008 pseudo-Luit-

417 1040 644 1110 prando.
681 1037 837 1107 163
863 1034 1196 1102 Descriptum
1236 1047 1265 1084 a
1311 1030 1464 1088 nobis
1492 1044 1611 1097 cap.
1642 1027 1676 1080 9
1705 1025 1802 1080 fuit
1828 1025 1998 1094 epita-

417 1132 600 1201 phium
645 1126 847 1189 lsidori,
867 1199 874 1201 _
893 1123 1036 1192 quod
1080 1121 1345 1179 lldel‘onso
1373 1135 1403 1174 a
1434 1118 1642 1189 pseudo
1671 1115 1884 1170 Juliano
1915 1113 1998 1168 al-

419 1199 653 1285 lingitur,
681 1217 768 1270 ubi
792 1199 1084 1269 lldiel'onsus
1112 1211 1368 1269 lsidormn
1399 1210 1702 1278 alloquens,
1724 1206 1792 1260 de
1817 1203 1996 1277 seipse

419 1317 494 1365 an
526 1348 630 1434 .Qui
661 1375 749 1423 l‘uit
773 1373 933 1423 exsilii
959 1384 1166 1434 parsque
1188 1382 1451 1430 comesque
1476 1368 1564 1416 lui.

419 1476 756 1546 Negligendzu
785 1485 968 1530 essent
1014 1473 1278 1544 ejusmodi
1327 1471 1584 1527 fabulosa:
1641 1469 1994 1535 narrationes,

418 1567 518 1624 nisi
547 1567 1023 1636 pseudo-historici
1047 1581 1116 1619 ex
1138 1565 1317 1632 aliquo
1344 1562 1603 1632 probabili
1628 1560 1995 1625 fundamento,

417 1659 556 1730 quod
605 1659 655 1712 in
686 1672 912 1712 examen
942 1655 1122 1710 vocari
1151 1654 1330 1717 debet,
1376 1651 1608 1722 ﬁngendi
1658 1650 1999 1706 occasionem

418 1749 787 1817 arripuissent.

2099 578 2219 627 pag.
2253 565 2374 617 461.
2406 563 2604 619 Confer
2629 563 2792 618 etiam
2820 561 2932 616 Nic.
2969 561 3260 615 Antonium
3295 560 3330 612 Ι.
3370 574 3444 620 tv.
3468 573 3518 614 c.
3547 559 3600 621 5,
3623 575 3682 614 ιι.

2100 655 2200 708 121
2229 671 2368 723 seq.,
2397 669 2488 722 qm
2530 653 2954 708 commentitiam
2980 651 3138 703 aliam
3177 649 3458 719 epistolam
3488 652 3688 718 pariter

2099 745 2294 813 rejicit,
2322 760 2440 813 qua:
2463 744 2679 797 nomine
2701 741 2974 807 cujusdam
3005 740 3221 808 Artuagi
3252 739 3413 794 Gothi
3442 738 3689 797 Toletani

2102 834 2349 888 monachi
2381 833 2749 896 Αιιγιιςιὶηιθιιι
2789 831 2855 884 ad
2883 829 3147 885 lsidorum
3200 830 3438 884 exsulem
3487 831 3688 897 scripta

2097 925 2460 978 asserebatur.
2504 921 2977 990 Supervacaneum
3008 927 3190 972 autem
3222 933 3330 973 non
3357 919 3460 972 erit
3485 920 3693 977 catalo-

2097 1023 2222 1078 gum
2246 1023 2485 1064 veterum
2513 1011 2886 1079 episcoporum
2910 1008 3302 1078 Hispalensium
3333 1024 3400 1064 ex
3421 1009 3556 1064 God.
3584 1027 3686 1064 ms.

2100 1102 2472 1156 Aﬂmilianensi
2501 1117 2641 1156 anno
2671 1100 2778 1154 962
2801 1109 3020 1155 exarato
3051 1108 3313 1160 attexere,
3361 1107 3422 1156 ut
3444 1109 3681 1162 constet,

2098 1209 2274 1264 neque
2302 1194 2443 1247 hunc
2470 1191 2820 1259 Gordianum,
2871 1207 3045 1260 neque
3083 1192 3245 1248 alium
3278 1191 3681 1257 'l‘heodisclum,

2097 1284 2190 1352 qui
2238 1298 2268 1336 a
2315 1282 2584 1337 nonnullis
2625 1281 2814 1338 lsidori
2844 1297 3125 1337 successor
3154 1281 3387 1350 ﬁngitur,
3419 1283 3470 1335 in
3499 1281 3690 1357 lliSpa-

2100 1372 2234 1427 lensi
2260 1371 2389 1426 sede
2418 1373 2594 1426 locum
2623 1371 2894 1428 habuisse.
2920 1371 3111 1426 Exstat
3133 1372 3221 1428 hic
3249 1372 3525 1439 catalogus
3545 1375 3687 1448 apud

2101 1461 2402 1517 Florezlum
2429 1471 2558 1516 tom.
2591 1461 2662 1515 IX
2689 1461 2838 1529 Ηιεμ.
2872 1477 3038 1528 sacr.,
3071 1479 3122 1532 p.
3165 1461 3288 1517 124.

2172 1549 2438 1620 Incipiunt
2459 1553 2670 1604 nomina
2690 1551 3051 1621 defunctorum
3073 1554 3426 1626 episcoporum
3458 1554 3688 1624 Spalen-

2099 1640 2174 1694 sis
2202 1642 2358 1694 sedis.
2400 1657 2437 1695 ι.
2469 1639 2730 1696 Marcelli.
2769 1640 2823 1694 2.
2850 1641 3056 1695 Sabini.
3093 1643 3144 1696 5.
3175 1641 3346 1697 Euidi.
3377 1643 3431 1699 4.
3465 1644 3691 1704 Dect-leti

2103 1729 2288 1800 (Forte
2337 1729 2607 1802 Deodatl).
2664 1729 2714 1784 5.
2771 1731 3146 1800 Samproniuni
3211 1732 3397 1802 (Forte
3443 1735 3691 1800 Semprov

423 1835 428 1840 '
487 1838 539 1891 2.
574 1836 822 1891 pomich
871 1836 1143 1888 Romanus
1173 1831 1459 1887 Deusdedit
1504 1831 1571 1884 ab
1611 1843 1753 1886 anno
1778 1827 1883 1882 6H
1931 1827 1998 1882 ad
2034 1843 2074 1902 Β
2103 1821 2295 1889 niani).
2319 1821 2372 1873 6.
2404 1818 2630 1874 Gemini.
2656 1820 2709 1872 7.
2743 1820 2946 1874 Glauci.
2977 1823 3031 1874 8.
3056 1820 3320 1876 Marciani
3378 1821 3430 1876 9.
3477 1823 3684 1884 Sabini.

418 1944 611 1982 annum
636 1927 734 1978 617
758 1926 1063 1979 cathedram
1089 1923 1232 1980 Petri
1259 1922 1422 1980 tenuit
1445 1939 1460 1988 ;
1489 1921 1605 1990 ejus
1627 1919 2000 1974 circumfertur

416 2015 643 2084 epistola
666 2014 732 2066 ad
759 2012 1089 2068 Gordianum
1113 2010 1481 2081 Hispalensem
1504 2009 1836 2078 episcopum.
1862 2005 1997 2061 Gor-

417 2107 603 2160 dianus
633 2104 792 2171 igitur
823 2111 951 2156 tunc
1001 2111 1114 2155 erat
1145 2101 1434 2169 episcopus
1482 2096 1828 2167 Hispalensis,
1856 2095 1999 2167 quod

416 2193 509 2248 inti
530 2193 634 2262 lligi
665 2193 870 2262 nequit,
923 2191 1022 2245 nisi
1057 2191 1108 2244 in
1138 2190 1311 2244 locum
1340 2187 1530 2243 lsidori
1574 2187 1748 2242 adhuc
1772 2187 2000 2240 viventis

416 2294 470 2338 ct
498 2284 549 2337 in
578 2283 827 2337 exsilium
851 2281 1018 2342 missi.
1052 2281 1290 2334 iutrusus
1319 2278 1496 2335 fuerit.
1528 2277 1724 2345 Objicit
1749 2275 1860 2331 Nic.
1886 2275 1998 2330 An-

417 2372 616 2432 tonius,
648 2371 848 2423 nullam
879 2369 992 2424 veri
1020 2369 1220 2422 habere
1249 2366 1675 2430 similitudinem,
1700 2374 1806 2418 tam
1832 2364 2002 2418 lsido-

418 2475 533 2511 rum
561 2474 720 2526 quam
775 2457 1068 2514 Ecclesiam
1100 2455 1468 2524 llispalensem
1517 2454 1617 2508 sub
1646 2453 2000 2509 catholicissi-

418 2550 516 2601 llllS
561 2548 773 2615 regit-us
804 2555 1005 2600 tantam
1059 2546 1196 2600 hanc
1234 2544 1598 2599 calamitatem
1654 2543 1859 2612 perpeti
1902 2557 2000 2612 po-

417 2640 600 2702 tuisse,
631 2651 724 2690 aut
753 2636 1050 2690 Romanum
1081 2634 1385 2707 pontiﬁcem
1427 2650 1549 2688 cum
1577 2632 1848 2688 Gordiano
1873 2631 1998 2686 llis-

416 2727 644 2797 paleusis
664 2727 803 2780 sedis
833 2735 1151 2795 usurpature
1174 2729 1253 2782 sic
1278 2726 1508 2794 benigne
1533 2734 1890 2781 commutasse
1915 2723 2002 2778 lit-

415 2827 577 2874 teras.
600 2817 721 2872 Fuit
739 2819 944 2873 scilicet
965 2833 1032 2874 eo
1062 2828 1305 2887 tempore
1332 2816 1630 2873 Gothorum
1655 2832 1750 2872 rex
1779 2815 2000 2871 Sisebu-

415 2919 517 2973 tus,
549 2909 616 2961 de
643 2924 747 2975 quo
766 2907 891 2961 nihil
914 2908 1112 2961 sinistri
1136 2908 1396 2976 suspicari
1421 2921 1722 2977 possumus.
1752 2909 1862 2960 lnio
1882 2904 2000 2974 ejus

415 2999 599 3053 laudes
623 2997 854 3051 laldOl‘llS
883 2999 935 3052 in
965 2996 1198 3052 Historia
1229 2998 1527 3052 Gothorum
1577 2997 1999 3053 luculentissima

416 3098 729 3160 prosecutus
751 3089 867 3141 luit.

2103 1909 2190 1964 10.
2224 1909 2523 1980 Epiphanii.
2550 1909 2639 1964 11.
2687 1907 2916 1965 Orontii.
2951 1909 3038 1965 12.
3066 1911 3314 1968 Zenonis.
3367 1911 3452 1967 15.
3493 1914 3687 1984 Asfali.

2101 2002 2188 2056 14.
2213 2001 2546 2057 Maximiani.
2580 2002 2667 2056 15.
2695 2004 2934 2058 Sallusti.
2970 2003 3055 2056 16.
3082 2002 3328 2076 Crispini.
3356 2006 3444 2061 17.
3476 2006 3680 2078 Pigasi.

2100 2098 2192 2152 18.
2232 2098 2508 2168 Stephani.
2543 2099 2628 2153 19.
2687 2099 2958 2154 Theoduli.
2989 2097 3077 2152 20.
3114 2099 3421 2170 Hyacinthi.
3456 2101 3542 2155 21.
3583 2102 3686 2156 Re-

2097 2189 2289 2255 parati.
2321 2186 2408 2240 22.
2453 2188 2728 2258 Stephani.
2773 2187 2860 2241 25.
2911 2186 3159 2241 Leandri.
3217 2189 3305 2242 21.
3348 2189 3558 2248 Isidori.
3588 2191 3684 2250 25.

2101 2273 2383 2330 Honorati.
2408 2274 2494 2330 26.
2528 2275 2760 2330 Antonii.
2791 2275 2880 2328 27.
2915 2275 3162 2347 Fugitivi.
3193 2277 3286 2330 28.
3316 2278 3566 2360 Brocurij.
3590 2278 3682 2336 29.

2101 2364 2375 2419 Florentii.
2403 2365 2492 2418 50.
2511 2363 2826 2419 Florentini.
2850 2364 2937 2420 51.
2964 2363 3281 2421 Floresindi.
3309 2367 3395 2422 52.
3424 2368 3680 2428 Faustini.

2099 2458 2186 2512 55.
2220 2457 2493 2513 Gabrielis.
2525 2459 2615 2513 51.
2650 2461 2906 2515 Sisiverti.
2931 2459 3020 2514 55.
3054 2461 3283 2532 Oppani.
3316 2465 3403 2518 56.
3437 2464 3682 2525 Nonniti.

2099 2550 2188 2605 5⁷.
2221 2549 2375 2607 Elite.
2407 2552 2498 2606 58.
2552 2552 2808 2622 'l'eudulﬁ.
2841 2553 2929 2608 59.
2970 2554 3192 2623 Aspidii.
3236 2554 3326 2609 40.
3362 2555 3682 2615 Humeliani.

2098 2639 2186 2694 41.
2213 2639 2534 2695 Meudulani.
2577 2641 2667 2696 42.
2712 2642 2900 2696 David.
2932 2640 3022 2697 45.
3048 2641 3270 2697 Iuliani.

2167 2731 2268 2787 llic
2293 2732 2488 2786 desinit
2523 2731 2830 2802 Catalogus.
2865 2732 2998 2790 Octo
3028 2734 3197 2788 ultimi
3235 2735 3473 2805 episcopi
3505 2736 3682 2807 irrup-

2099 2823 2247 2878 tione
2274 2823 2580 2879 Maurorum
2621 2824 2950 2893 posteriores
2971 2832 3115 2892 sunt,
3142 2825 3236 2880 sed
3256 2838 3446 2880 eorum
3473 2842 3684 2885 memo-

2097 2917 2176 2971 ria
2206 2917 2330 2972 alibi
2363 2933 2468 2972 non
2486 2926 2694 2998 exstat.

2581 3008 2735 3079 165
2773 3008 3000 3062 CAPUT
3037 3008 3202 3064 xxv.

2105 3094 2384 3151 Fabulosa:
2437 3099 2764 3150 narrationes
2807 3099 2871 3150 de
2915 3097 3211 3156 Mahometo
3259 3100 3323 3153 ab
3371 3099 3577 3155 Isidoro
3615 3116 3686 3155 ea:

486 3179 538 3231 5.
567 3175 702 3244 Quid
733 3190 863 3246 ergo
893 3175 959 3230 ad
987 3171 1267 3247 epistolam
1294 3178 1616 3233 decretalem
1649 3194 1798 3249 papa:
1827 3179 1994 3234 Deus-
2025 3198 2069 3259 ρ
2173 3186 2431 3257 Hispania
2480 3190 2695 3256 expulso
2742 3203 2760 3241 :
2807 3189 2872 3242 de
2919 3189 3117 3243 duabus
3159 3191 3382 3244 lucernis
3429 3191 3684 3261 perpetim

415 3268 561 3322 dedit
587 3269 947 3336 reponemus?
977 3267 1091 3322 Nic.
1134 3269 1399 3323 Antonius
1427 3279 1633 3334 censet,
1667 3270 1850 3324 t'alsam
1880 3285 1998 3324 esse

415 3377 534 3414 eam
562 3360 981 3428 inscriptionum.
1011 3368 1064 3412 et
1092 3361 1156 3412 ad
1176 3362 1468 3428 marginem
1495 3370 1662 3424 notat,
1685 3376 1781 3432 p°o
1810 3361 2000 3429 Hispa-

415 3455 604 3508 lensem
633 3452 735 3520 legi
768 3451 1164 3522 Hispaniensem
1195 3454 1334 3523 apud
1379 3454 1705 3514 Anselmum,
1730 3454 1996 3509 Burchar-

414 3546 536 3600 dum
559 3554 612 3598 et
645 3544 1026 3612 Luitprandum
1059 3563 1071 3597 :
1114 3547 1181 3599 de
1210 3560 1318 3614 quo
1346 3545 1612 3601 videndus
1633 3545 1870 3600 Thomas
1893 3545 1992 3599 Ta.

413 3650 598 3706 mayus
622 3637 672 3689 in
695 3643 807 3690 not.
833 3636 898 3690 ad
926 3634 1330 3704 Luitprandum,
1358 3649 1478 3706 pag.
1498 3636 1586 3690 57.
1605 3636 1660 3690 In
1681 3636 1998 3690 collectione

412 3742 627 3797 quoque
674 3744 938 3784 canonum
986 3726 1198 3782 Codicis
1219 3728 1460 3782 Vaticani
1494 3726 1653 3794 1548,
1685 3728 1736 3782 in
1764 3727 1997 3796 quinque

415 3818 579 3873 libros
607 3819 906 3884 distributa,
936 3819 1135 3874 sarculo
1168 3835 1217 3873 xl
1247 3819 1463 3874 circiter
1487 3818 1712 3888 digesta,
1747 3820 1781 3874 Ι.
1806 3835 1877 3885 tv,
1910 3823 1993 3874 tit.

413 3907 467 3971 5,
516 3923 578 3962 ea
609 3908 832 3977 epistola
875 3909 1182 3963 inscribitur
1219 3907 1485 3963 Gordiano
1529 3910 1771 3977 episcopo
1799 3907 1994 3979 Hispa-

411 4001 598 4053 niensi.
635 3999 686 4054 ln
710 3999 998 4056 Codicibus
1021 4017 1147 4056 mss.
1169 4000 1512 4056 recensendis
1539 4001 1734 4070 passim
1758 4001 1996 4054 invenie-

410 4105 550 4154 mus,
583 4092 840 4147 lsidornm
874 4109 970 4162 pro
1000 4093 1303 4163 Hispalensi
1338 4093 1739 4158 Hispaniensem
1770 4090 1948 4145 vocari
1977 4108 1990 4143 :

411 4183 612 4252 quippe
636 4182 801 4237 facilis
826 4183 1048 4236 duarum
1080 4184 1301 4235 istarum
1333 4195 1522 4236 vocum
1549 4179 1792 4234 mutatio.
1822 4177 1994 4233 Simili

410 4273 573 4325 modo
602 4271 877 4325 Florezius
902 4279 1031 4324 tom.
1063 4269 1137 4324 1X
1166 4269 1316 4339 Hisp.
1355 4286 1494 4324 sacr.
1521 4310 1536 4335 ,
1571 4285 1622 4339 p.
1656 4267 1780 4335 156,
1809 4268 1996 4324 obser-

411 4371 527 4426 vat,
550 4362 838 4428 al'quaudo
873 4362 1096 4415 inveniri
1127 4361 1456 4433 Hispalensis
1501 4379 1598 4431 pro
1632 4361 1990 4432 Hispellensis,

411 4458 464 4503 et
496 4448 798 4517 Spolitanus
827 4465 921 4518 pro
953 4449 1278 4516 Spalitanus,
1306 4449 1417 4505 sive
1442 4449 1827 4521 Hispalitanus.
1851 4449 1996 4507 Con-

2170 3280 2469 3334 ardentibus
2492 3296 2510 3332 :
2563 3279 2626 3333 de
2675 3281 3010 3349 praedictione
3058 3283 3334 3337 eversionis
3385 3283 3685 3353 Hispania.

2168 3370 2287 3423 Alia
2314 3372 2660 3425 commentitia
2681 3379 2768 3424 aut
2789 3371 2946 3424 dubia
2973 3369 3167 3425 Isidori
3190 3380 3358 3442 gesta.

2173 3459 2212 3514 Ι.
2245 3458 2453 3514 Pseudo
2478 3490 2494 3498 -
2522 3459 2816 3515 lldelonsus
2871 3460 2924 3514 in
2970 3459 3389 3515 Continuatione
3415 3459 3679 3516 Chronici

2099 3551 2282 3606 lsidori
2308 3591 2324 3616 ,
2355 3561 2410 3606 et
2437 3550 2743 3608 Canonicus
2773 3550 3122 3622 Legionensis
3151 3552 3204 3606 in
3236 3551 3354 3606 Vita
3380 3550 3437 3606 S.
3468 3550 3681 3622 lsidori,

2099 3643 2204 3698 iter
2230 3643 2516 3698 Mah'ometi
2537 3684 2553 3708 ,
2584 3644 2698 3699 sive
2728 3643 3048 3699 Machometi
3078 3644 3132 3699 in
3163 3643 3472 3712 Hispaniam
3493 3683 3510 3708 ,
3539 3643 3685 3712 ejus-

2096 3749 2202 3804 que
2222 3736 2415 3790 exinde
2431 3751 2527 3805 per
2553 3735 2811 3790 lsidorum
2839 3736 3207 3803 expulsionem
3237 3743 3480 3789 narrant.
3511 3734 3682 3789 Hens-

2097 3825 2321 3881 chenius
2351 3825 2575 3893 conjicit
2596 3825 2838 3893 potuisse
2865 3825 3097 3893 aliquem
3121 3822 3493 3880 Mahometicae
3515 3833 3678 3879 sectae

2096 3916 2477 3970 seminatorem
2507 3915 2560 3967 in
2588 3912 2899 3982 Hispaniam
2933 3913 3134 3977 venire,
3164 3913 3258 3982 qui
3298 3913 3423 3970 inde
3466 3924 3679 3969 mature

2097 4005 2374 4061 discedere
2399 4011 2618 4058 coactus
2664 4002 2865 4067 fuerit;
2920 4018 2985 4056 ex
3016 4017 3122 4072 quo
3151 4002 3309 4071 huius
3354 4004 3680 4060 narrationis

2097 4101 2270 4167 origo.
2301 4097 2358 4150 In
2393 4094 2897 4164 pseudo-historicis
2925 4096 3040 4150 haec
3068 4096 3387 4151 invenimus.
3416 4094 3678 4150 Maximus

2097 4190 2162 4244 ad
2194 4203 2390 4243 annum
2422 4186 2525 4242 606
2549 4229 2564 4254 ,
2597 4203 2744 4241 num.
2774 4187 2838 4254 2,
2872 4185 3230 4240 Machumetus
3253 4226 3269 4252 ,
3312 4186 3462 4240 homo
3489 4187 3678 4256 impius

2095 4289 2143 4334 et
2174 4281 2461 4351 flagitiosus
2489 4321 2502 4342 ,
2553 4288 2821 4350 grassatur
2861 4294 2950 4347 per
2982 4275 3287 4346 Hispanias.
3321 4274 3678 4345 Luitprandus

2098 4373 2162 4426 ad
2191 4384 2387 4423 annum
2417 4368 2518 4422 607
2546 4410 2560 4429 ,
2590 4368 2944 4422 Machumetus
2973 4409 2988 4432 ,
3041 4372 3126 4438 qui
3171 4369 3310 4420 uirus
3354 4367 3548 4419 erroris
3593 4366 3675 4418 sui

2099 4459 2316 4530 fundens
2367 4476 2458 4528 per
2505 4457 2818 4526 Hispaniam
2848 4498 2864 4521 ,
2900 4455 3174 4524 Cordubae,
3205 4454 3455 4520 Hispali,
3512 4453 3675 4507 Toleti

411 4547 493 4592 tra
547 4541 870 4609 Augustinus
921 4541 1114 4598 alicubi
1165 4543 1471 4597 nominatur
1526 4542 1854 4612 Hispalensis
1895 4560 1992 4614 pro
2025 4564 2069 4622 ί)
2096 4552 2246 4622 coepit
2272 4551 2545 4611 seminare,
2575 4549 2638 4600 ab
2673 4549 2897 4602 Aunm'o
2922 4547 3084 4600 Toleu'
3112 4546 3498 4615 archiepiscopo
3521 4543 3674 4598 Τοιε..

412 4629 780 4700 Hipponensis,
813 4645 871 4687 ut
912 4649 1033 4702 cap.
1083 4631 1154 4687 85
1181 4634 1374 4688 dicam.
1406 4633 1460 4689 In
1508 4634 1763 4690 Conciliis
1791 4635 1843 4688 L-
1867 4636 1987 4690 bbei

410 4731 537 4778 nota
558 4723 670 4776 huic
691 4725 912 4793 margini
936 4724 1166 4794 aﬁigitur
1192 4743 1205 4779 :
1234 4724 1448 4782 Falsum
1465 4743 1576 4780 esse
1593 4727 1862 4795 epistolam
1891 4728 1988 4780 do-

408 4824 525 4869 cent
553 4825 656 4868 tum
685 4817 810 4882 alia,
845 4829 948 4872 tum
987 4817 1215 4873 Isidorus
1237 4821 1364 4888 ipse,
1416 4820 1500 4893 qui
1525 4817 1735 4887 Hispali
1761 4819 1893 4871 sedit
1923 4819 1988 4869 ab

409 4920 549 4958 anno
577 4903 679 4957 600
701 4905 767 4957 ad
787 4924 978 4960 anitum
1000 4907 1123 4972 656,
1152 4925 1243 4962 nec
1267 4911 1428 4964 ullum
1456 4927 1636 4980 passus
1656 4919 1730 4962 est
1757 4907 1853 4962 sibi
1874 4909 1986 4962 col-

409 4993 576 5064 legam
605 4993 668 5045 ab
699 5010 835 5048 anno
882 4993 986 5047 614
1029 4996 1097 5047 ad
1142 4995 1266 5049 617.
1317 4997 1370 5050 In
1404 4997 1645 5051 Dacherii
1700 4997 1988 5066 Spicilrgio

410 5093 542 5138 tom.
577 5082 636 5146 ll,
689 5098 809 5152 pag.
839 5084 960 5149 410,
1003 5095 1179 5140 exstat
1224 5087 1449 5155 epistola
1480 5085 1702 5149 Arnulﬁ,
1735 5088 1846 5142 sive
1888 5086 1988 5140 Er-

411 5175 537 5228 nulll
595 5174 662 5228 de
711 5175 930 5228 incertis
974 5173 1269 5245 Coniugiis.
1325 5177 1376 5230 in
1407 5191 1513 5245 qua
1559 5176 1802 5234 laudatur
1835 5174 1984 5247 164

407 5270 634 5338 epistola
690 5284 840 5339 papa:
887 5268 1175 5324 Deusdedit
1224 5270 1290 5324 ad
1317 5269 1640 5324 Gordianum
1679 5269 1988 5340 episcopum

410 5357 776 5429 Hispalensem
811 5378 825 5414 :
857 5360 949 5416 sed
978 5375 1099 5416 cum
1122 5361 1376 5416 Arnull‘us
1399 5359 1595 5416 sarculo
1625 5375 1697 5415 xu
1727 5359 1988 5426 ﬂoruerit,

407 5448 526 5515 ejus
553 5452 842 5505 auctoritas
873 5460 1017 5504 tanta
1043 5466 1150 5505 non
1182 5460 1283 5515 est,
1309 5458 1369 5507 ut
1396 5466 1426 5504 a
1455 5450 1757 5520 suspicione
1786 5449 1990 5506 falsita-

411 5537 478 5590 tis
504 5539 786 5608 eplstolam
809 5555 958 5612 papa:
987 5539 1276 5596 Deusdedit
1311 5541 1378 5596 ad
1405 5539 1732 5598 Gordianum
1759 5539 1991 5596 liberare

415 5623 604 5692 possit.

480 5711 535 5766 ιι.
584 5714 879 5772 Cardinalis
908 5715 1204 5787 Aguirrlus,
1257 5717 1582 5789 apocryphis
1628 5716 1989 5773 decretalibus

411 5798 650 5870 alioquin
680 5820 787 5863 non
800 5806 1058 5878 infensus,
1073 5808 1210 5886 hanc
1239 5819 1419 5867 tamen
1439 5807 1718 5880 epistolam
1739 5807 1988 5880 supposi-

2092 4649 2217 4694 tano
2265 4639 2470 4709 (Forte
2522 4638 2745 4706 Toleto)
2794 4637 2968 4707 pulsus
2992 4651 3013 4692 ι
3054 4637 3394 4707 catholioique
3442 4635 3675 4688 doctores

2089 4730 2238 4784 verba
2265 4738 2313 4782 et
2341 4729 2535 4797 scripto
2564 4729 2820 4798 nefarium
2857 4742 3084 4779 errorem
3111 4735 3502 4794 persequuntur.
3528 4721 3671 4776 Rur—

2089 4834 2182 4874 sus
2225 4819 2292 4872 ad
2341 4833 2537 4873 annum
2587 4815 2727 4880 613,
2774 4815 3128 4870 Machuntetus
3175 4812 3672 4883 pseudo-propheta.

2091 4908 2341 4964 Corduba:
2375 4907 2645 4979 pradicet.
2678 4905 2914 4974 Denique
2950 4904 3017 4958 ad
3045 4918 3243 4959 annum
3269 4901 3373 4956 619
3419 4901 3672 4966 aﬂlrmat,

2092 4997 2453 5054 Mahometum
2496 4995 2660 5051 libros
2704 4993 2905 5050 erroris
2948 4992 3032 5047 sui
3087 4993 3139 5047 in
3168 4991 3365 5047 Arabia
3397 4991 3669 5058 vulgasse.

2091 5087 2244 5154 Quod
2273 5088 2500 5157 petitum
2523 5086 2737 5142 videtur
2757 5101 2826 5141 ex
2859 5083 3372 5142 Pseudo-lldelonso
3401 5085 3453 5138 in
3483 5082 3670 5136 Conti-

2092 5176 2620 5236 nuatione'Chronici
2655 5175 2934 5230 lsidoriani
2963 5175 3027 5228 ad
3055 5190 3218 5238 ueram
3240 5173 3376 5228 655:
3407 5171 3669 5226 Hahomet

2092 5270 2156 5325 ab
2189 5269 2452 5340 Hispania
2504 5269 2718 5338 turpiter
2763 5270 3008 5339 fugatus,
3056 5269 3110 5320 in
3158 5267 3335 5336 Africa
3390 5265 3668 5336 nequitiam

2091 5360 2308 5430 nefaria:
2333 5359 2458 5431 legis
2482 5357 2651 5412 stultis
2677 5357 2884 5428 populis
2905 5358 3224 5426 praedicavit.

2160 5450 2214 5504 2.
2259 5449 2548 5506 Historiam
2577 5449 2718 5503 hanc
2745 5448 3043 5503 fabulosam
3075 5463 3182 5501 non
3213 5447 3387 5502 solum
3415 5445 3567 5500 multi
3595 5459 3665 5500 ex

2091 5541 2478 5596 recentioribus
2505 5539 2892 5608 amplexisuut,
2927 5549 2984 5594 ut
3003 5537 3256 5594 Alfonsus
3274 5538 3437 5609 Spina
3457 5579 3473 5604 ,
3503 5535 3667 5590 War-

2091 5645 2253 5685 nerus
2275 5629 2342 5684 de
2370 5629 2652 5693 Rolevinli,
2682 5627 3171 5696 Quintanaduenas,
3205 5630 3388 5696 Bleda,
3422 5629 3668 5689 Vasatus,

2091 5726 2149 5774 et
2175 5717 2391 5788 antiqua
2412 5716 2682 5773 Breviaria
2705 5717 2992 5788 llispanica
3025 5717 3317 5787 Eborense,
3346 5727 3400 5772 et
3417 5715 3670 5771 Zamora-

2092 5823 2219 5866 num
2265 5807 2407 5879 apud
2446 5805 2744 5878 Tamayutn
2795 5809 2848 5865 in
2880 5807 3098 5878 Martyr.
3141 5807 3292 5879 ltisp.
3347 5807 3419 5866 ad
3464 5805 3605 5864 diem
3639 5803 3668 5860 1
