4012 6196
282 340 397 412 'IS‘I

1316 329 1713 399 'ISI'DORIAN‘A
1755 370 1821 381 -—
1856 328 2037 395 PARS
2079 338 2115 394 1.
2154 326 2311 393 ’(Ὰῖδ.
2357 329 2532 392 XXV.

3477 339 3579 395 I38

292 467 497 540 Aprilis
526 506 539 532 ,
591 458 686 520 sed
717 461 879 517 etiam
922 458 1166 515 nonnulli
1193 459 1525 527 antiquiores
1547 499 1563 523 ,
1610 466 1667 512 ut
1696 466 1885 511 auctor
1912 456 1961 515 A
1991 453 2190 508 lumine
2219 451 2505 506 frueretur.
2535 446 2755 540 Itafcre
2771 447 3076 540 itodericus
3104 448 3265 507 etiam
3288 447 3579 508 Cerraten-

278 559 545 617 Historire
573 553 845 625 generalis
887 551 1155 622 Hispania}
1194 551 1294 606 sub
1336 550 1559 604 Alfonso
1598 547 1645 602 Χ
1673 588 1688 613 ,
1737 546 1892 616 cujus

288 647 551 720 auspiciis
578 644 664 699 vel
692 644 857 699 etiam
888 642 1072 697 labore
1100 641 1346 697 confecta
1374 640 1471 695 fuit
1494 680 1509 702 ,
1551 646 1605 693 et
1630 637 1686 692 S.
1714 638 1889 692 Anto-

289 744 416 798 nius
446 741 499 795 in
524 737 663 793 Hist.
699 736 781 789 tit.
810 733 894 797 l5,
925 748 1045 803 cap.
1068 731 1123 797 2,
1152 732 1180 804 §
1212 731 1263 795 6,
1296 731 1386 799 qui
1413 731 1575 785 tradit
1603 728 1888 791 Isidorum,

289 848 415 889 cum
466 829 572 901 ipsi
621 824 946 881 occurrisset
978 820 1782 890 Mahometus,prngn05licum,
1824 830 1893 870 ex

285 923 442 979 vultu
473 919 589 988 ejus
615 916 1077 984 fecisse,'pestem
1110 910 1401 980 aliquando
1430 910 1579 962 illum
1612 906 1891 961 hominem

294 1008 553 1065 Ecclesia
600 1004 884 1058 futurum:
939 1016 1051 1071 quo
1099 998 1347 1068 exemplo
1386 996 1681 1067 jurisperlti
1730 994 1892 1049 etiam

290 1099 625 1159 conﬁrmant
678 1111 748 1151 ex
788 1095 901 1150 oris
930 1092 1173 1149 finditate
1213 1090 1475 1160 judicium
1506 1086 1743 1143 criminis
1779 1083 1894 1139 fieri

282 1208 489 1266 posse,
520 1199 584 1245 ut
611 1185 917 1243 Mascardus
945 1184 1013 1239 de
1056 1181 1273 1237 Probat.
1307 1190 1437 1235 tom.
1468 1177 1741 1246 II,‘concl.
1765 1174 1891 1239 ΒΜ,

291 1301 350 1339 n.
381 1281 670 1337 9.9.Totant
698 1279 857 1350 166
878 1291 1009 1332 vero
1040 1273 1274 1329 fabulam
1304 1272 1371 1326 de
1384 1270 1671 1325 Mahometi
1704 1268 1893 1339 pcrdi-

278 1371 511 1426 -catione
557 1367 609 1422 in
650 1363 915 1434 {iispauia
968 1361 1218 1430 rejiciunt
1253 1358 1575 1412 Ambrosius
1622 1354 1893 1419 Morales,

283 1458 623 1516 Franciscus
679 1453 919 1517 Padilla,
950 1452 1187 1506 Mariana
1212 1490 1229 1516 ,
1274 1448 1579 1503 'Rodét‘icus
1606 1446 1779 1501 Carus
1826 1443 1895 1497 ad

294 1548 613 1611 Iaximum,
632 1543 875 1599 “Joannes
907 1541 1177 1614 Tamayus
1205 1540 1258 1595 in
1286 1538 1509 1610 Martyr.
1544 1536 1694 1606 Hisp.
1722 1577 1735 1598 ,
1762 1534 1895 1587 alias

299 1636 682 1709 hujuscemodi
734 1632 1036 1689 fabularum
1066 1641 1122 1686 et
1151 1630 1428 1685 iictionum
1477 1628 1769 1683 acerrimus
1797 1624 1894 1679 de-

284 1728 505 1789 fensor,
531 1734 590 1782 et
619 1724 862 1796 plerique
884 1722 976 1777 alii
1003 1736 1035 1777 e
1064 1719 1480 1777 recentibribus.

1992 544 2067 597 sis
2117 543 2170 597 in
2217 541 2322 597 tine
2352 541 2484 595 Vita:
2532 539 2745 595 lsidori.
2793 538 3003 596 Smculo
3029 554 3138 611 quo
3183 542 3318 596 vixit
3345 542 3581 601 Isidorus

1983 642 2249 703 tanquam
2295 633 2536 688 scientia:
2576 638 2882 701 porten'um
2925 646 3049 688 eum
3088 634 3324 703 aequales
3353 650 3581 690 venera-

1993 725 2232 791 bantur;
2282 740 2401 793 qua:
2457 724 2641 793 opinio
2691 724 3149 792 consequentibus
3194 726 3431 792 saeculis,
3479 729 3581 783 sub

1993 815 2299 871 Maurorum
2342 814 2597 883 imperio,
2646 814 2997 870 vehementer
3026 822 3183 871 aucta
3213 812 3334 870 fuit.
3377 815 3579 871 Harum

1994 917 2173 961 autem
2204 906 2549 961 lucernarum
2599 904 2804 959 nullum
2855 904 3137 973 vestigium
3165 906 3379 976 reperio
3403 948 3418 970 ,
3469 923 3577 963 nou

1991 1000 2167 1053 so‘um
2190 998 2329 1068 apud
2357 1012 2452 1052 cos
2479 996 2769 1067 scriptores
2794 997 3025 1066 quicum
3051 996 3261 1053 Isidoro
3288 1013 3583 1054 conversa-

1995 1091 2031 1143 ti
2054 1098 2180 1145 sunt
2204 1127 2221 1155 ,
2249 1104 2436 1143 verum
2467 1102 2643 1157 neque
2668 1087 2812 1158 apud
2836 1089 2971 1143 Acta
3000 1096 3184 1143 vetera
3211 1090 3583 1145 translationis

1994 1178 2109 1245 ejus
2134 1179 2379 1249 corporis
2400 1219 2415 1245 ,
2447 1193 2567 1247 qua:
2585 1194 2615 1233 a
2646 1178 2802 1235 nobis
2822 1178 3081 1249 producta
3110 1189 3235 1235 sunt
3253 1194 3378 1252 cap.
3409 1180 3444 1235 8
3467 1223 3484 1249 ,
3526 1182 3581 1236 in

1993 1270 2186 1337 quibus
2210 1284 2390 1324 sermo
2418 1269 2614 1340 aliquis
2658 1269 2725 1325 de
2772 1270 2981 1325 duobus
3028 1270 3266 1326 lucernis
3305 1270 3583 1327 habendus

1994 1369 2157 1425 esset,
2177 1360 2440 1432 siquidem
2458 1360 2519 1415 in
2549 1360 2799 1430 sepulcro
2831 1360 3017 1416 lsidori
3046 1363 3309 1430 appositae
3337 1359 3582 1417 fuissent.

1996 1451 2263 1523 Tamayus
2284 1450 2336 1505 in
2355 1449 2737 1523 Martyrologio
2761 1464 2829 1505 ex
2852 1448 3013 1505 Petro
3034 1449 3246 1504 Crinito
3266 1450 3332 1505 de
3352 1449 3582 1507 llonest.

1992 1540 2225 1609 discipl.,
2258 1540 2351 1596 lib.
2384 1556 2477 1608 νη,
2507 1556 2557 1597 c.
2589 1540 2656 1595 i3
2677 1580 2693 1605 ,
2718 1540 2979 1609 ejusmodi
3012 1540 3260 1596 lucernas
3286 1541 3577 1598 chimicnm

1994 1630 2194 1700 aliquid
2241 1645 2437 1701 sapere
2487 1632 2604 1693 ait.
2655 1630 2901 1703 adeoque
2940 1631 3147 1687 Isidoro
3174 1632 3426 1702 indignas
3454 1650 3580 1691 esse

1986 1736 2118 1777 cum
2146 1721 2431 1777 Ambrosio
2462 1722 2693 1778 Morales
2717 1722 3008 1777 concludit.

274 1834 279 1839 ‘
371 1822 426 1875 5.
461 1818 743 1875 liberrime
768 1814 1139 1872 commentitia
1185 1813 1301 1868 haec
1332 1810 1569 1866 narratio
1599 1808 1665 1864 de
1696 1807 1885 1862 Maho-
1922 1825 1963 1882 ῃ
2068 1812 2120 1866 6.
2168 1814 2487 1882 i‘erpetuum
2554 1812 2857 1880 lntjusmodi
2903 1812 3271 1880 lucernarum,
3317 1828 3439 1885 quae
3486 1814 3589 1868 ali-

297 1913 431 1967 meti
459 1912 512 1965 in
537 1909 849 1979 Hispaniam
880 1907 1112 1962 adventu
1140 1921 1168 1958 a
1192 1903 1303 1959 Nic.
1338 1901 1574 1956 Antonio
1602 1900 1889 1963 refutatur,

284 2003 393 2072 qui
419 2017 486 2055 es
519 1999 792 2054 historicis
819 1996 1104 2061 Arabibus,
1134 1992 1337 2049 Graecis
1363 2002 1419 2047 et
1446 1991 1670 2055 Latinis,
1699 1988 1893 2059 probat

295 2091 668 2145 Mahornetum
700 2087 751 2141 in
770 2085 1091 2156 Hispaniam
1124 2098 1399 2153 nunquam
1430 2083 1663 2145 venisse,
1692 2079 1891 2134 nedum

301 2180 361 2233 in
389 2192 455 2233 ea
483 2192 583 2247 per
624 2176 839 2245 longum
877 2174 1137 2243 temporis
1180 2172 1412 2242 spatium
1439 2168 1765 2225 commorari
1794 2182 1893 2237 po-

297 2271 489 2336 tuisse.
513 2266 869 2336 Conjecturas
910 2266 1071 2321 etiam
1112 2262 1300 2330 addit,
1354 2277 1472 2331 qttx
1505 2270 1684 2314 tamen
1716 2260 1892 2313 uinus

297 2335 582 2431 urgerfent,
610 2335 655 2414 si
676 2356 909 2427 graviori
938 2356 1172 2411 historia:
1202 2352 1549 2409 fundamento
1582 2366 1667 2405 res
1698 2350 1893 2404 nitere-

290 2462 413 2507 tur.
444 2445 618 2506 Unum
648 2458 826 2505 tamen
853 2449 1111 2521 przeteriit
1146 2447 1420 2517 egregium
1449 2446 1835 2509 testimonium,
1860 2458 1891 2498 a

288 2544 465 2599 nobis
507 2558 614 2597 non
661 2541 1039 2597 omittendum.
1091 2537 1149 2595 S.
1195 2539 1452 2607 Eulogius
1486 2534 1845 2592 Cordubensis
1874 2576 1892 2602 ,

298 2635 574 2705 gloriosus
601 2634 797 2689 (hristi
814 2644 1026 2703 martyr
1055 2631 1254 2687 sarculo
1274 2646 1336 2684 ιιι
1361 2669 1378 2695 ,
1419 2629 1470 2684 in
1497 2627 1722 2697 Apolog.
1755 2625 1895 2679 Mar-

303 2736 419 2796 tyr.
446 2767 460 2789 ,
490 2725 562 2779 ιι
583 2740 736 2793 sum.
756 2764 773 2789 ,
815 2724 1209 2794 pra'cedentium
1232 2762 1248 2787 ,
1294 2729 1351 2775 ut
1378 2720 1492 2783 ait,
1522 2719 1789 2773 doctorum
1826 2715 1895 2771 de

299 2815 602 2871 labomcti
634 2815 930 2870 sceleribus
957 2813 1323 2868 testimonium
1368 2810 1612 2881 proferre
1658 2809 1848 2863 volens
1875 2848 1891 2873 ,

290 2907 385 2963 sic
413 2914 595 2959 narrat
625 2923 638 2957 :
669 2904 799 2959 Cum
825 2920 991 2958 essem
1021 2903 1144 2957 olim
1186 2904 1240 2956 in
1282 2900 1672 2969 Pampilonensi
1699 2898 1895 2969 oppido

292 2998 525 3066 positus,
551 3006 598 3051 et
622 2996 761 3066 apud
782 2994 1069 3067 Legerense
1093 2992 1375 3049 canobinm
1402 2993 1721 3058 demorarer,
1767 3006 1895 3043 cun-

301 3097 487 3155 ctaque
510 3087 768 3143 uolumina
793 3102 905 3155 qua:
935 3082 1003 3137 ibi
1029 3094 1180 3138 erant
1208 3085 1381 3153 gratia
1406 3081 1744 3152 dignosceudi
1769 3119 1785 3144 ,
1811 3080 1897 3133 in-

1993 1903 2209 1973 qnaudo
2256 1904 2487 1958 invento:
2528 1902 2817 1967 dicuntur,
2871 1901 3052 1959 lumen
3094 1902 3247 1958 multi
3278 1902 3333 1958 in
3362 1903 3584 1959 dubium

1995 2000 2281 2055 revocant,
2314 1990 2555 2046 nonnulli
2586 2000 2775 2061 aperte
2802 1998 3151 2061 oppugnant,
3178 1991 3269 2047 alii
3299 2008 3399 2063 pro
3416 2005 3585 2061 gene-

1995 2100 2053 2137 re
2075 2083 2372 2153 phosphori
2389 2092 2442 2137 et
2462 2082 2666 2163 jumine
2690 2084 2808 2138 sine
2828 2082 3011 2137 calere
3025 2082 3348 2149 habuerunt,
3363 2083 3584 2153 quidam

1996 2188 2165 2233 tntum
2188 2179 2314 2233 illud
2332 2178 2476 2249 quod
2496 2178 2695 2248 apertis
2710 2178 2971 2248 sepulcris
2986 2176 3218 2234 flamma:
3249 2179 3585 2250 conspicitur

1992 2271 2114 2325 {uris
2143 2270 2483 2325 ventilationi
2512 2271 2775 2325 tribuunt.
2808 2269 3019 2324 Videsis
3042 2280 3295 2326 auctores
3324 2286 3354 2325 a
3402 2270 3585 2326 Fabri-

1994 2361 2079 2414 cio
2111 2362 2161 2414 in
2195 2360 2558 2429 Bibliograph.
2591 2360 2795 2430 antiq.,
2826 2376 2947 2430 cap.
2981 2359 3071 2428 23,
3106 2377 3256 2416 num.
3284 2361 3370 2428 to,
3398 2362 3586 2418 lauda-

1997 2459 2112 2515 tos;
2144 2450 2232 2519 qui
2276 2451 2501 2519 opponit
2546 2450 2935 2518 experientiam
2984 2466 3175 2508 eorum
3221 2454 3311 2525 qui
3348 2454 3585 2510 lucernas

1996 2542 2115 2595 illas
2143 2550 2405 2607 emerunt,
2429 2547 2475 2592 et
2490 2579 2505 2603 ,
2537 2556 2656 2595 aere
2679 2540 2925 2609 admisso,
2952 2544 3261 2597 exstinctum
3281 2545 3483 2614 quidem
3506 2548 3583 2598 tu-

1997 2648 2134 2695 utrn,
2154 2630 2245 2685 sed
2263 2630 2485 2684 calorem
2509 2630 2677 2682 adhuc
2697 2646 2729 2682 a
2749 2647 2803 2683 se
2821 2630 3211 2701 deprehensum,
3245 2635 3417 2687 testati
3443 2646 3586 2689 sunt.

2000 2722 2161 2789 Sane,
2185 2722 2381 2793 inquit,
2410 2721 2685 2792 elige/mia,
2704 2737 2820 2792 qua:
2839 2720 2903 2775 ab
2929 2723 3048 2794 igne
3065 2739 3169 2797 non
3194 2738 3585 2791 consumantur,

1987 2814 2178 2883 parari
2223 2828 2289 2867 ea:
2333 2810 2573 2882 Carystio
2621 2810 2795 2881 lapide
2828 2820 2879 2865 et
2923 2812 3030 2866 lino
3069 2811 3320 2883 Carpasio
3362 2814 3584 2878 asbcsto,

1999 2917 2175 2959 notum
2202 2905 2429 2977 antiquis
2455 2905 2668 2976 fuit.....
2699 2901 2901 2975 Ecquid
2927 2921 3042 2958 vero
3062 2906 3132 2958 sit
3161 2905 3295 2959 illud
3316 2908 3453 2975 quod
3478 2918 3582 2961 tant

2000 3006 2342 3065 constantem,
2364 3004 2415 3050 et
2443 2997 2743 3052 diuturnam
2765 2997 2928 3068 possit
2954 2997 3221 3066 ﬂammam
3244 2997 3582 3071 ardoremque

2002 3088 2158 3154 atere,
2192 3087 2364 3142 minus
2388 3087 2590 3158 quidem
2616 3086 2783 3140 adhuc
2829 3086 3029 3141 videtur
3071 3096 3387 3159 compertum
3410 3128 3429 3155 ,
3478 3106 3586 3143 rem

303 3193 571 3251 comperta
586 3182 898 3236 resolvet-em
922 3218 945 3246 ς,
1001 3180 1170 3234 subito
1207 3181 1263 3233 in
1291 3179 1515 3247 quadam
1543 3186 1694 3247 parte
1718 3177 1895 3247 cujus-

2012 3188 2182 3233 tamen
2211 3179 2329 3235 ideo
2383 3179 2678 3253 neutiquam
2718 3178 3009 3251 negandum
3039 3179 3279 3235 duxerim
3304 3188 3484 3236 contra
3512 3189 3592 3238 tot

300 3276 431 3328 dum
453 3276 687 3345 opuscnti
714 3275 846 3327 banc
875 3274 941 3327 de
968 3272 1198 3344 nefando
1220 3280 1331 3325 vate
1351 3271 1674 3327 historiolam
1702 3268 1895 3340 absque
1938 3268 1965 3269 ί
1997 3272 2266 3333 αὐτόπτας
2294 3279 2474 3335 testes,
2504 3281 2614 3327 etc.
2646 3269 2777 3326 Rem
2805 3271 2966 3327 latius
2996 3281 3398 3341 prosequuntur
3425 3272 3585 3330 Lice-

313 3367 541 3420 auctoris
570 3366 777 3418 nomine
804 3365 992 3434 reperi.

383 3454 440 3510 4.
478 3453 708 3509 Exortus
733 3465 809 3508 est
836 3469 1057 3522 namque
1082 3451 1352 3507 Haltomat
1382 3454 1748 3509 lucresiarches
1770 3463 1897 3509 tem-

311 3564 436 3615 pore
462 3544 696 3600 Heraclii
724 3546 1072 3614 imperatoris,
1101 3561 1239 3598 anno
1270 3545 1471 3617 imperii
1514 3548 1627 3616 ejus
1651 3548 1895 3616 septimo,

309 3645 549 3688 currente
577 3651 685 3689 arra
714 3650 884 3691 pavr.
934 3633 999 3689 In
1028 3634 1125 3690 hoc
1170 3646 1395 3705 tempore
1433 3634 1663 3689 Isidorus
1703 3633 1900 3706 Hispa-

302 3727 471 3783 lensis
499 3732 771 3799 episcopus
796 3728 855 3781 in
877 3728 1132 3782 catholico
1154 3728 1391 3798 dogmate
1432 3726 1649 3791 claruit,
1678 3736 1727 3779 et
1749 3728 1898 3781 Sise-

304 3821 460 3873 butus
484 3818 663 3874 Toleto
714 3820 887 3891 regale
940 3818 1140 3873 culinae
1187 3818 1527 3873 obtinuit.....
1566 3815 1899 3889 Obtiuuitque

304 3918 589 3988 pradictus
634 3913 907 3970 Halrnmat
946 3913 1206 3984 nefandus
1252 3913 1503 3983 preplteta
1550 3913 1900 3981 principatum

306 4010 464 4060 annis
493 4009 690 4073 decem,
715 4014 820 4062 etc.
848 4004 938 4060 Sic
962 4014 1116 4059 vetus
1166 4004 1256 4057 ille
1296 4014 1483 4057 auctor
1509 4003 1673 4057 vitam
1710 4002 1899 4057 Maha-

301 4106 425 4152 mat
449 4097 759 4153 describere
778 4096 978 4166 pergit,
1004 4096 1131 4165 quin
1164 4097 1383 4150 verbum
1428 4095 1590 4149 ullum
1619 4094 1686 4150 de
1712 4095 1902 4150 itinere

304 4186 606 4257 Hispanico
648 4186 828 4242 faciat.
860 4186 1099 4241 Similem
1133 4188 1496 4240 narrationem
1522 4184 1759 4240 Joannes
1776 4183 1901 4240 Ilis-

307 4277 554 4348 palensis
581 4277 649 4331 ad
678 4277 933 4332 Alvarum
959 4276 1363 4332 Cordubensem
1403 4276 1548 4332 misit
1597 4275 1739 4345 apud
1779 4274 1903 4329 Flo-

2002 3373 2109 3427 tus,
2132 3362 2403 3419 {tobertus
2433 3361 2583 3428 Plot,
2618 3361 2939 3418 Franciscus
2978 3361 3203 3419 Carolus
3225 3358 3417 3428 ,Joan.
3450 3361 3585 3433 Bap.

2002 3454 2267 3521 Ursulus,
2318 3453 2436 3510 Jac.
2489 3452 2827 3521 Ozanamus,
2875 3462 2931 3509 et
2975 3454 3098 3519 alii,
3142 3468 3372 3523 quorum
3416 3467 3585 3525 opera

2000 3546 2249 3601 laudatus
2278 3545 2558 3601 Fabricius
2586 3555 2857 3602 recenset.

2073 3638 2123 3693 7.
2167 3636 2241 3693 De
2263 3636 2616 3707 pnedictione
2651 3650 2756 3705 qua
2782 3635 3015 3691 Isidorus
3062 3636 3399 3693 eversionem
3465 3635 3586 3695 Ilis-

1994 3734 2175 3803 panite
2227 3734 2616 3803 pramantiasse
2668 3732 2863 3787 dicitur
2884 3769 2903 3795 ,
2957 3732 3199 3787 nonnihil
3223 3731 3335 3800 jam
3364 3748 3485 3804 cap.
3515 3732 3581 3788 ει

2000 3823 2329 3891 disputatum
2360 3821 2479 3876 fuit.
2528 3821 2799 3893 Tamayus
2827 3821 2880 3876 in
2910 3820 3130 3894 Martyr.
3167 3821 3319 3893 Ilisp.
3350 3838 3418 3879 ex
3448 3840 3587 3878 non-

2000 3913 2161 3969 nullis
2214 3912 2569 3982 scriptoribus
2616 3918 2671 3967 et
2721 3910 3007 3966 Breviariis
3062 3920 3247 3967 narrat
3294 3912 3587 3980 lsidorum,

2002 4004 2163 4058 morti
2186 4004 2295 4072 jam
2339 4004 2661 4073 proximum,
2684 4003 2736 4058 in
2767 4003 2984 4058 basilica
3016 4001 3072 4057 S.
3108 4002 3371 4058 Vincentii
3397 4019 3570 4073 popu-

2005 4095 2110 4150 lum
2146 4095 2446 4165 composita
2496 4096 2747 4150 oratione
2791 4094 3171 4158 admonuisse,
3220 4102 3277 4149 et
3305 4094 3447 4148 inter
3474 4094 3578 4149 alia

2002 4187 2271 4258 Hispania:
2324 4187 2590 4243 excidium
2647 4188 2957 4257 praedixisse
3006 4202 3070 4241 ex
3120 4186 3277 4240 Luem
3322 4184 3583 4243 Tudensia

2004 4279 2287 4337 Chronicis
2333 4281 2471 4336 libro
2499 4296 2553 4335 ut
2576 4320 2592 4345 ,
2624 4294 2656 4335 a
2684 4295 2792 4351 quo
2842 4287 3187 4349 sumpserunt
3230 4278 3489 4334 Baron’us
3516 4280 3582 4332 ad

304 4369 519 4423 mium
563 4377 604 4421 t.
634 4366 736 4432 XI,
761 4384 814 4438 ρ.
849 4366 952 4423 H6
974 4410 989 4435 ,
1036 4368 1125 4422 ubi
1154 4382 1252 4437 pro
1302 4368 1473 4437 regale
1506 4367 1712 4421 αιιηιεη
1762 4367 1904 4421 mide
2006 4388 2132 4428 ann.
2160 4371 2283 4436 636,
2318 4388 2371 4426 n.
2405 4373 2458 4437 7,
2489 4380 2546 4428 et
2574 4372 2639 4428 D.
2666 4372 2985 4428 Laurentius
3011 4372 3258 4427 Ramirez
3289 4372 3339 4426 in
3370 4380 3484 4425 not.
3515 4371 3585 4426 ad

302 4461 570 4530 scriptum
598 4469 682 4515 est
706 4461 899 4532 regulis
934 4461 1144 4514 culmen
1194 4459 1328 4515 Cum
1383 4470 1560 4515 autem
1614 4459 1902 4515 Maltometi
2008 4464 2320 4534 Luitprand,
2343 4464 2501 4535 168
2529 4480 2677 4518 num.
2717 4462 2834 4529 l88,
2866 4461 2958 4518 fol.
3002 4461 3123 4526 590,
3155 4463 3244 4516 ubi
3272 4463 3339 4516 ab
3366 4460 3585 4531 Egidio

302 4554 367 4607 in
397 4551 711 4623 Hispaniam
760 4556 862 4608 iter
888 4553 1063 4608 solum
1090 4553 1158 4607 ab
1200 4553 1467 4608 histericis
1519 4552 1711 4607 decimi
1753 4552 1895 4606 leﬂii
1929 4593 1977 4651 Β
2003 4557 2269 4614 Gonzales
2284 4558 2467 4614 Davila
2491 4575 2523 4613 e
2544 4559 2852 4614 membrana
2874 4557 3231 4613 vetustissima
3258 4555 3371 4610 hrec
3393 4554 3587 4611 lsidori

305 4644 531 4699 circiter
581 4644 761 4698 seculi
789 4685 805 4712 ,
864 4644 917 4698 in
972 4644 1165 4713 quibus
1218 4643 1383 4697 multa
1434 4642 1539 4696 alia
1581 4642 1651 4696 de
1688 4641 1891 4697 [Sidon
1929 4641 1971 4651 ”
2001 4651 2163 4705 verba
2183 4664 2243 4705 se
2270 4650 2543 4719 accepisse
2589 4657 2852 4705 testatur:
2890 4648 2979 4701 Vae
3018 4648 3129 4712 tibi,
3182 4645 3464 4716 Hispania,
3509 4646 3586 4700 bis

305 4736 450 4790 falsa
481 4744 790 4801 occurrunt,
824 4745 878 4792 et
905 4753 937 4792 a
971 4739 1477 4807 pseudo-historicis
1505 4738 1739 4806 antiquis
1766 4754 1894 4793 nar-

306 4835 508 4891 retur,
551 4838 741 4882 contra
787 4828 1077 4883 Mahnmeti
1127 4844 1215 4883 res
1259 4839 1426 4897 gi-stte
1475 4827 1543 4882 ab
1581 4827 1893 4895 Elmacino,

308 4916 622 4972 Abultaraia
640 4961 656 4985 ,
683 4931 739 4975 et
767 4920 836 4974 ab
864 4920 983 4990 ipso
1011 4919 1320 4975 Mahnmcto
1350 4920 1608 4989 exposita;
1634 4920 1895 4987 ejusmodi

307 5020 626 5065 commento
661 5011 1015 5067 adversentur
1036 5053 1056 5080 ,
1102 5010 1522 5067 concludendum
1551 5011 1771 5065 omnino
1816 5019 1899 5067 est

304 5101 460 5158 nulla
512 5103 776 5173 probabili
826 5104 1034 5157 ratione
1078 5102 1288 5159 defendi
1337 5117 1494 5170 posse
1541 5101 1683 5171 quod
1714 5102 1902 5156 Maho-

302 5202 492 5248 metus
539 5195 591 5249 in
618 5194 927 5263 IIispa..iam
970 5194 1180 5249 venerit
1206 5235 1221 5258 ,
1275 5204 1329 5246 et
1369 5193 1437 5246 ab
1475 5191 1680 5248 Isidoro
1722 5196 1904 5263 pulsus

304 5290 635 5355 fugatusque
663 5284 846 5341 fuerit.

384 5380 437 5433 5.
481 5377 671 5432 Mirum
702 5392 833 5432 vero
857 5386 941 5433 est
966 5418 984 5445 ,
1016 5377 1157 5446 quod
1209 5377 1503 5431 canonicos
1534 5374 1897 5444 Legioncnsis,

304 5481 505 5525 auctor
528 5469 664 5523 Vita:
692 5468 878 5524 Isidori
908 5509 923 5533 ,
954 5483 1123 5538 prope
1155 5467 1315 5521 finem
1359 5466 1523 5521 refert
1556 5507 1571 5531 ,
1609 5481 1730 5519 eum
1769 5466 1902 5519 duas

308 5563 568 5616 lucernas
594 5559 709 5615 fere
737 5559 999 5629 perpetim
1027 5557 1470 5626 ardentes,167
1499 5565 1555 5610 et
1582 5570 1719 5625 pene
1750 5556 1902 5609 inex-

307 5651 653 5719 stinguibiles
679 5648 906 5704 naturali
938 5657 1053 5703 arte
1084 5646 1292 5711 fecisse,
1327 5661 1552 5717 quarum
1584 5660 1689 5699 una
1720 5647 1783 5699 al
1811 5660 1896 5700 ca-

310 5750 436 5811 put,
468 5741 641 5795 altera
670 5738 738 5792 ad
770 5738 953 5807 pedes,
986 5739 1037 5791 in
1061 5738 1309 5806 sepulcro
1324 5736 1560 5806 ejusdem
1582 5734 1765 5789 [sideri
1790 5738 1903 5792 enl-

312 5831 493 5886 Iocata
526 5838 645 5891 est,
696 5838 754 5881 ut
803 5843 997 5897 eorpns
1037 5829 1427 5883 sanctissimum
1461 5827 1609 5896 quasi
1650 5828 1903 5882 continuo

606 5920 875 5979 Paruol.
925 5918 1093 5977 LXX
1114 5918 1217 5976 XI.

1998 4745 2238 4814 perdita,
2282 4747 2435 4799 tertio
2462 4743 2725 4814 perdenda
2766 4750 2973 4811 propter
3017 4739 3183 4793 matus
3211 4740 3455 4807 nuptias!
3476 4737 3586 4792 lie-

2003 4843 2204 4904 pugnat
2254 4835 2337 4888 his
2378 4834 2685 4903 Tamayus,
2736 4832 2827 4899 qui
2856 4831 3019 4885 etiam
3065 4828 3133 4883 de
3180 4829 3355 4884 verbis
3383 4842 3501 4897 qua:
3533 4830 3584 4882 in

2003 4927 2233 4982 concilio
2259 4926 2523 4981 Toletano
2552 4923 2839 4994 protulisse
2864 4921 3099 4977 Isidorus
3123 4920 3319 4975 dicitur
3336 4962 3352 4985 ,
3386 4920 3447 4975 Si
3474 4938 3584 4974 ser-

2007 5019 2276 5082 uaveritis,
2306 5026 2417 5072 etc.
2436 5057 2451 5081 ,
2483 5016 2675 5086 quaerit
2722 5030 2790 5069 an
2834 5030 2901 5071 ex
2930 5013 3119 5083 Spiritu
3149 5011 3489 5082 prophetico,
3513 5028 3581 5064 an

2007 5123 2071 5161 ex
2122 5124 2219 5178 pru
2239 5108 2368 5162 lenti
2420 5107 2734 5174 conjectura
2785 5106 3182 5176 processerint;
3240 5113 3297 5160 et
3341 5106 3585 5174 quamvis

2004 5200 2282 5254 sententia:
2329 5198 2600 5253 communi
2638 5196 2706 5251 de
2756 5195 2941 5251 I~idori
2986 5196 3266 5265 prophetia
3309 5195 3586 5249 adluerere

2003 5288 2266 5353 videatur,
2298 5299 2478 5343 tamen
2504 5287 2650 5340 addit
2695 5286 2863 5355 magis
2889 5285 2954 5340 ad
2982 5285 3288 5340 vaticinium
3326 5281 3584 5338 accedere

2002 5376 2246 5445 qumdam
2293 5377 2529 5432 carmina
2575 5377 2626 5430 in
2666 5375 2863 5430 Codice
2912 5391 3010 5429 IIIS.
3057 5374 3289 5429 Gothico
3340 5371 3479 5441 apud
3523 5388 3584 5427 se

2006 5464 2232 5533 margini
2254 5465 2499 5534 prommii
2534 5463 2778 5519 Ilistorize
2809 5463 3064 5519 Romam:
3112 5462 3355 5515 Roderici
3396 5459 3578 5515 Xime«

2010 5555 2078 5607 nii
2109 5553 2309 5618 addita,
2334 5553 2414 5606 Ad
2438 5564 2483 5606 te
2512 5564 2799 5618 conrertor,
2822 5554 3065 5621 meretrix
3095 5550 3356 5619 Hispania
3378 5551 3577 5613 mundi,

2008 5653 2113 5699 etc.
2146 5642 2319 5699 Verba
2348 5644 2461 5713 ipsa
2494 5643 2741 5699 ltoderici
2769 5642 2905 5698 adeo
2937 5642 2987 5695 in
3018 5641 3303 5709 principes,
3333 5648 3585 5708 potentes

2007 5747 2059 5791 et
2084 5736 2294 5804 jndices
2322 5735 2514 5790 acerba
2542 5743 2684 5799 sunt,
2716 5742 2808 5799 ut,
2839 5741 3096 5800 regnante
3125 5731 3181 5786 S.
3216 5731 3578 5795 Ferdinundo,

2007 5828 2179 5881 slum
2211 5826 2272 5880 ad
2305 5825 2654 5896 quorunnlam
2688 5824 3298 5897 procerumtyzannicas
3320 5825 3585 5881 adversus

3085 5916 3122 5977 5
