4028 6200
451 323 554 384 139

1188 323 1279 379 ΛΠ
1317 325 1539 378 ΟΡΕιίΑ
1581 324 1656 376 S.‘
1685 337 1929 376 Ιδιιίυῖιι
1970 342 2103 373 usus
2126 347 2411 372 ..υωωω
2454 356 2468 371 .
2499 337 2760 372 unum“,
2791 329 2984 372 πωλεῖ.

3618 315 3734 374 NO

442 437 546 493 sibi
576 436 817 491 subditos
847 436 1186 502 vexationes,
1212 433 1494 490 silentibus
1540 433 1680 488 inter
1719 445 1868 486 arma
1899 431 2032 496 lcgi-
2064 432 2108 490 Α
2134 445 2261 484 nuru
2307 429 2784 485 eueharisticarum
2829 430 3152 484 collectores
3199 445 3298 500 pro
3344 431 3495 486 obitu
3545 431 3731 488 lsidori

445 529 570 595 bus,
600 527 786 585 referri
809 528 1033 597 possint,
1063 534 1119 580 ut
1140 536 1324 579 censet
1345 525 1458 579 Nic.
1487 523 1753 578 Antonius
1774 521 1865 576 lib.
1898 536 1991 575 vm
2019 559 2036 586 ,

449 636 503 674 n.
535 618 642 673 46:
679 618 796 672 Nisi
823 620 1020 688 tragica
1065 619 1174 672 lucc
1199 618 1501 670 lontentat’o
1526 657 1543 682 ,
1588 614 1778 679 addit,
1817 613 2038 682 alicujus

447 717 601 763 wtate
632 709 898 779 inferioris
922 709 988 761 sit
1018 707 1282 778 appendix
1321 723 1426 760 ora:
1455 707 1574 760 libri
1606 706 1856 774 ascripta.
1886 712 1992 758 etc.
2022 743 2038 768 ,

445 797 583 867 quod
608 799 859 869 facinoris
887 815 1044 869 genus
1070 798 1317 868 exentplis
1347 815 1451 852 non
1478 798 1716 868 deﬁcitur
1739 837 1753 861 ,
1783 804 1888 850 etc.
1933 793 2041 849 Sed

449 898 751 960 repugnant
783 900 968 946 vetera
1009 890 1140 946 Mss.
1193 891 1558 959 exem;laria,
1616 905 1736 958 qua:
1781 889 1896 958 ipse
1927 887 2042 944 Nic.

447 981 715 1038 Antonius
760 983 944 1037 laudat
972 1023 988 1049 ,
1035 991 1092 1037 et
1125 983 1192 1037 ad
1240 998 1359 1051 qua:
1389 998 1560 1054 nuper
1588 982 1640 1036 in
1671 981 1908 1036 eiitione
1940 978 2043 1033 Pa-

448 1081 591 1127 trum
645 1072 1033 1130 Toletanorum
1099 1089 1218 1129 exat
1241 1082 1291 1127 ta
1356 1085 1438 1129 est
1491 1072 1738 1128 Roderici
1795 1070 2043 1126 Toletani

451 1166 714 1226 Historia.

520 1257 576 1313 8.
619 1257 694 1312 De
717 1256 1026 1326 prodigioso
1046 1255 1236 1313 Isidori
1264 1255 1508 1311 Romano
1532 1255 1723 1311 itinere
1748 1257 1860 1326 ipsa
1887 1261 2046 1309 nocte

448 1350 656 1408 Natalis
679 1348 893 1406 Domini
921 1357 1100 1405 actum
1124 1357 1208 1404 est
1233 1363 1358 1419 cap.
1392 1347 1488 1414 18;
1519 1349 1588 1404 de
1615 1347 1790 1404 altero
1821 1362 1952 1402 vero
1975 1345 2043 1400 ad

449 1443 741 1498 concilium
791 1440 1096 1498 Romanum
1123 1481 1138 1506 ,
1181 1440 1296 1496 sive
1339 1455 1660 1509 quacunque
1689 1438 1793 1494 alia
1840 1452 2040 1502 causa,

449 1549 571 1604 cap.
603 1531 691 1587 25.
727 1530 845 1586 Alia
875 1530 943 1588 de
973 1531 1288 1601 parentibus
1328 1539 1385 1586 et
1420 1530 1675 1586 fratribus
1703 1528 1890 1586 Isidori
1921 1543 2041 1598 cap.

451 1625 521 1679 17
549 1625 792 1680 discussa
816 1630 964 1681 sunt.
989 1622 1236 1682 Conferri
1263 1623 1426 1680 etiam
1457 1629 1637 1694 potest
1663 1620 1852 1678 Isidori
1884 1619 1999 1675 Vita
2026 1661 2043 1688 ,

452 1727 676 1772 auctore
707 1715 973 1772 Roderico
1003 1714 1336 1784 Cerratcnsi,
1362 1731 1482 1786 cap.
1516 1716 1605 1786 14,
1634 1717 1925 1789 descripta,
1957 1715 2045 1772 ubi

2143 523 2284 578 diem
2309 522 2343 575 4
2370 523 2566 592 Aprilis
2588 524 2640 577 in
2671 520 2736 575 14
2755 523 3110 592 convertisse,
3143 523 3245 580 nisi
3272 537 3428 578 error
3459 523 3531 580 sit
3570 532 3732 595 typo-

2143 614 2366 684 graphi:
2397 613 2632 668 Isidorus
2654 613 2855 684 quippe
2875 613 3105 670 decessit
3134 613 3263 669 feria
3288 612 3322 668 5
3351 623 3474 686 post
3503 615 3730 684 Pascha,

2144 705 2287 773 quod
2311 720 2453 760 anno
2478 705 2740 760 bissextili
2759 704 2885 771 656,
2905 706 3098 762 litteris
3117 705 3534 764 dominicalibus
3554 709 3621 766 G.
3647 709 3736 780 ἢ,

2147 797 2339 852 incidit
2370 799 2422 853 in
2454 797 2512 852 51
2549 797 2746 865 Martii,
2777 812 2887 851 mra
2915 795 3038 852 674.

2216 888 2270 943 9..
2314 887 2860 944 Pseudu-Ildefonsus
2918 887 2971 944 in
3029 889 3439 948 continuatione
3483 890 3737 950 Chronici

2129 979 2467 1046 .Isidoriani,
2515 989 2571 1034 et
2623 978 2952 1034 Breviarium
3005 979 3544 1051 Caesaraugustanum
3592 985 3736 1055 apud

2146 1070 2260 1124 Nic.
2292 1071 2602 1137 AntOnium,
2622 1091 2721 1144 pro
2743 1074 3100 1143 lsidoripbitu
3125 1089 3322 1128 annum
3345 1074 3453 1129 632
3477 1076 3734 1131 indicant:

2147 1162 2416 1218 Breviaria
2436 1164 2678 1234 quaedam
2705 1176 2888 1221 vetera
2911 1165 3179 1237 Hispania:
3209 1180 3408 1220 annum
3429 1166 3553 1232 655,
3572 1167 3736 1222 etiam

2148 1252 2478 1308 Breviarium
2534 1254 3080 1325 Caesaraugustanum
3133 1255 3275 1326 apud
3303 1255 3572 1312 Breulitnn
3599 1296 3613 1320 ,
3645 1257 3738 1328 qui

2145 1345 2392 1402 Oltit-ium
2416 1350 2694 1418 proprium
2730 1359 3043 1406 sanctorum
3073 1349 3429 1421 llispanorum
3459 1349 3742 1405 Caesarau-

2145 1447 2316 1506 gusta:
2347 1454 2489 1494 anno
2535 1438 2670 1494 l597
2719 1441 3044 1510 impressum
3088 1455 3186 1510 pro
3225 1439 3413 1496 eodem
3461 1456 3603 1494 anno
3634 1439 3740 1494 655

2146 1525 2283 1594 alleg
2323 1535 2378 1592 t;
2422 1525 2691 1583 Arnoldus
2712 1528 2873 1584 Wien
2902 1545 3100 1586 annum
3123 1528 3262 1596 642;
3308 1530 3599 1587 canonicus
3630 1529 3739 1585 Le-

2147 1619 2439 1688 gionensis,
2470 1630 2662 1677 auctor
2683 1623 2817 1678 Vita:
2845 1624 2904 1678 ὃ.
2928 1623 3138 1688 Isidori,
3179 1638 3378 1678 annum
3405 1621 3539 1689 622;
3567 1622 3742 1679 Baro-

2150 1714 2269 1769 nius
2291 1713 2356 1768 ad
2387 1729 2514 1768 ann.
2546 1714 2674 1779 626,
2720 1717 2924 1771 I’a.lilla
2953 1725 3097 1773 cent.
3123 1718 3178 1784 7,
3212 1733 3332 1787 cap.
3365 1716 3469 1784 22;
3503 1716 3740 1772 Ribade-

452 1809 662 1864 uncinis
693 1807 896 1864 inclusa
927 1815 1192 1878 apparent
1219 1822 1342 1878 qua:
1378 1817 1470 1863 aut
1501 1817 1653 1865 certo
1708 1808 1840 1864 falsa
1884 1809 1936 1863 in
1977 1823 2040 1862 ea
2076 1796 2120 1856 Β
2149 1820 2315 1877 neyra
2349 1806 2400 1861 in
2424 1805 2582 1863 Flore
2611 1816 2922 1863 sanctorum
2953 1811 3019 1863 ad
3043 1809 3190 1864 diem
3219 1806 3471 1880 4Aprilis
3497 1825 3512 1874 ;
3543 1817 3736 1864 auctor

457 1900 581 1956 Vita
611 1901 676 1956 de
703 1900 910 1956 Isidoro
940 1909 1230 1956 narrantur
1252 1939 1269 1965 ,
1297 1910 1391 1957 aut
1416 1900 1608 1957 saltem
1637 1900 1798 1958 dubia
1828 1909 1884 1956 ct
1910 1915 2042 1972 apo-

447 1991 650 2062 ct-ypha
683 1990 949 2045 videntur.

521 2084 574 2140 9.
615 2085 761 2150 Inter
789 2085 952 2142 falsas
983 2086 1068 2142 vel
1099 2086 1286 2143 dubias
1328 2089 1394 2143 dc
1444 2088 1508 2143 lsi
1534 2088 1650 2152 loro
1713 2105 1847 2144 narr.
1873 2089 2044 2147 tiones

460 2176 672 2248 reponi.
697 2185 879 2248 potest
907 2177 1141 2234 amicitia
1181 2177 1300 2248 ejus
1329 2194 1451 2234 cum
1479 2181 1729 2252 Cyriaco,
1759 2179 2040 2241 Caesarau-

451 2277 683 2337 gustauo
737 2271 994 2342 episcopo
1023 2310 1038 2336 ,
1095 2285 1255 2340 quem
1308 2271 1543 2329 Isidorus
1584 2274 1835 2330 hortatus
1883 2273 2046 2330 fuwrit.

458 2359 688 2416 Romam
721 2360 994 2432 proﬁcisci
1043 2361 1114 2416 ad
1142 2362 1428 2419 nonnullas
1456 2362 1602 2421 Petri
1643 2366 1874 2436 apostoli
1919 2366 2046 2421 reli-

452 2449 610 2516 qnias
637 2449 859 2506 obtinen
879 2449 977 2507 las.
1012 2450 1089 2505 Ita
1121 2450 1350 2508 refertur
1381 2455 1432 2508 in
1463 2456 1729 2525 scriptura
1759 2456 2042 2525 canonica,

454 2549 515 2595 ut
543 2549 757 2606 vocant,
788 2544 1100 2599 monasterii
1129 2544 1186 2601 S.
1214 2544 1357 2602 Petri
1381 2547 1448 2604 de
1472 2548 1740 2612 Taberna.
1773 2552 2043 2621 descripta

453 2645 598 2685 anno
627 2629 790 2700 “l5,
809 2631 914 2688 hoc
941 2633 1097 2690 titulo
1123 2653 1134 2688 :
1162 2635 1247 2691 Ex
1270 2648 1560 2707 pervetusto
1584 2641 1770 2696 Codice
1795 2643 1852 2697 S.
1877 2641 2041 2697 Joan-

453 2721 536 2775 nis
579 2720 644 2776 de
674 2720 848 2777 I’inna
867 2765 882 2788 ,
930 2743 1242 2806 pergameno
1270 2729 1455 2786 litteris
1487 2733 1713 2805 antiquis
1742 2733 2000 2806 descripto
2025 2777 2042 2802 ,

455 2815 539 2867 hic
575 2814 794 2869 habetur
823 2804 1094 2872 Canoﬁca
1128 2818 1190 2875 S.
1245 2819 1392 2876 Petri
1419 2823 1483 2878 de
1534 2804 1789 2880 Taberna.
1840 2804 2043 2882 Auctrr

457 2906 617 2975 hujus
646 2909 931 2964 Canonieae
961 2909 1156 2966 dicitur
1187 2912 1492 2971 Balastutus
1520 2919 1814 2974 monachus
1843 2920 2041 2976 smequ

454 3008 572 3062 vni,
604 2995 698 3064 qui
737 2997 898 3051 morti
930 2998 1040 3066 jam
1084 3001 1359 3068 proximus
1403 3004 1680 3061 historiam
1722 3005 2045 3065 fundationis

451 3087 537 3144 sui
561 3089 874 3144 monasterii
906 3089 963 3146 S.
998 3092 1140 3148 Petri
1183 3094 1250 3150 de
1278 3095 1522 3153 Taberna
1551 3101 1829 3157 monachis
1851 3111 2040 3172 peten-

2147 1899 2394 1968 Ctttalogi
2448 1914 2636 1970 regum
2661 1900 2964 1957 Gothorum
3013 1901 3066 1957 in
3095 1903 3331 1958 edi;ione
3372 1902 3738 1958 Conciliornm

2135 1989 2302 2058 ‘IIisp.
2359 1988 2564 2045 Loaim
2590 2032 2606 2058 ,
2650 1999 2706 2046 et
2741 1991 2984 2062 plerique
3031 1994 3360 2048 recentiores
3411 1994 3566 2064 17o
3611 2009 3736 2049 cum

2150 2080 2452 2153 Redempto
2481 2097 2678 2136 annum
2697 2082 2802 2137 656
2822 2081 2879 2138 S.
2911 2083 3100 2140 Isidori
3131 2086 3490 2141 emortualem
3518 2085 3730 2141 dicunt.

2147 2175 2352 2230 Auctor
2393 2176 2558 2230 etiam
2603 2179 2859 2232 Actorum
2916 2177 3220 2233 uberiorum
3269 2178 3637 2234 translationis
3675 2178 3733 2233 S.

2145 2265 2338 2322 Isidori
2363 2281 2486 2322 eum
2511 2282 2652 2323 anno
2675 2267 2778 2323 656
2803 2267 3002 2350 abiisse
3031 2268 3220 2336 innuit,
3242 2284 3362 2324 cum
3393 2267 3564 2350 refert
3577 2268 3739 2324 Sara-

2145 2372 2311 2414 cenos
2341 2373 2484 2413 anno
2510 2357 2582 2413 75
2611 2367 2735 2429 post
2781 2343 3061 2414 transitum
3103 2358 3293 2414 Isidori
3341 2358 3393 2414 in
3423 2343 3735 2428 Hispaniam

2149 2448 2426 2504 transiisse
2451 2466 2463 2503 :
2497 2449 2548 2503 id
2579 2458 2761 2504 autem
2793 2463 2935 2506 anno
2957 2449 3055 2505 611
3084 2449 3342 2506 accidisse
3371 2449 3740 2505 IIenschenius

2146 2543 2444 2597 annotavi'.
2468 2542 2523 2597 In
2552 2543 2723 2598 veteri
2753 2542 3065 2599 kalendaria
3097 2542 3390 2614 Hispanico
3414 2543 3736 2608 monastico,

2146 2633 2295 2703 cujus
2321 2635 2682 2705 fragmentum
2714 2636 3034 2692 Muratorius
3053 2645 3183 2692 tom.
3208 2635 3270 2703 II,
3291 2645 3434 2708 part.
3465 2653 3522 2702 ιι,
3555 2635 3741 2703 Scrip-

2148 2732 2253 2780 tor.
2289 2725 2414 2780 Rer.
2441 2725 2613 2783 Italic.
2634 2767 2649 2793 ,
2681 2727 2783 2784 col.
2820 2727 2977 2796 1025,
3009 2727 3196 2794 edidit,
3221 2744 3329 2784 tera
3358 2743 3583 2784 acrxnv
3608 2726 3741 2782 obiit

2149 2817 2388 2874 Isidorus
2431 2822 2726 2892 episcopus,
2779 2821 2883 2878 hoc
2923 2829 3034 2889 est,
3067 2837 3211 2878 anno
3239 2821 3364 2878 656.
3405 2821 3520 2877 Nic.
3569 2820 3745 2874 Anto-

2150 2911 2268 2965 nius
2311 2911 2816 2979 pseudo-Ildt-fonso
2867 2911 3074 2982 affingit
3101 2914 3246 2983 quod
3289 2928 3488 2968 annum
3530 2919 3748 2983 postne-

2147 3019 2294 3058 mum
2326 3004 2448 3058 vita:
2493 3002 2682 3058 Isi-.lori
2730 3004 3069 3058 constituerit
3096 3004 3233 3071 632,
3285 3005 3398 3060 sive
3426 3019 3587 3058 trram
3608 3001 3745 3058 670.

2147 3096 2278 3163 Sed,
2303 3104 2365 3150 ut
2392 3095 2523 3159 dixi.
2557 3098 2607 3151 in
2629 3097 3033 3152 continuatione
3057 3097 3311 3152 Chronici
3343 3096 3622 3151 Isidoriani
3642 3111 3749 3150 an-

454 3179 598 3236 tibus
624 3181 808 3236 retulit
833 3198 846 3235 :
881 3200 947 3238 ex
970 3184 1123 3255 cujus
1152 3201 1247 3242 ore
1271 3200 1495 3259 excepta
1523 3201 1605 3246 est
1631 3194 1884 3248 narratio.
1914 3193 2044 3250 Post

2150 3205 2250 3245 nus
2280 3188 2386 3242 642
2413 3188 2705 3256 indicatur;
2736 3187 3055 3258 exprimitur
3081 3190 3224 3244 enim
3253 3205 3362 3245 tera
3406 3191 3545 3258 680;
3577 3205 3640 3246 ac
3668 3205 3750 3246 ne

455 3271 588 3338 bene,
639 3271 817 3328 aiebat
857 3274 1194 3344 Balastutus,
1249 3280 1346 3348 fuit
1396 3279 1726 3353 Ilispolensis
1775 3287 2043 3358 episcopus

455 3365 519 3421 S.
541 3363 796 3430 Isidorus,
819 3377 870 3420 et
889 3369 942 3423 in
972 3371 1127 3440 169
1143 3369 1610 3446 Caesaraugustam
1633 3377 1835 3431 civitate
1863 3377 2048 3449 Cyria-

455 3455 661 3521 cuan
719 3455 1040 3512 Cordubensi
1089 3461 1317 3516 Suintila
1363 3481 1456 3519 rex
1497 3475 1641 3534 erat,
1685 3476 1734 3524 et
1769 3468 1824 3522 in
1863 3469 2050 3528 Iberia:

456 3547 691 3616 partibus
717 3547 1048 3606 Recharedus
1076 3569 1291 3625 regnum
1321 3555 1597 3616 obtinebat.
1628 3559 1763 3618 Lceti
1787 3581 1910 3636 ergo
1937 3583 2050 3620 am-

459 3636 523 3692 bo
548 3641 774 3711 episwpi
801 3642 856 3697 in
884 3658 988 3697 una
1016 3653 1167 3699 erant
1185 3646 1442 3704 cbaritate
1454 3649 1626 3720 juncti
1648 3669 1667 3707 :
1706 3655 1792 3725 qui
1816 3657 1867 3710 in
1891 3674 2049 3712 unum

457 3741 823 3801 convenerunt,
845 3743 894 3789 et
925 3736 1018 3792 hoc
1042 3737 1250 3795 salubre
1278 3745 1544 3800 consilium
1573 3761 1908 3820 repererunt,
1941 3763 2045 3810 e‘c.

460 3821 978 3916 Sequitucnarratio
1004 3829 1073 3883 de
1103 3830 1295 3889 itinere
1319 3851 1546 3892 romano
1571 3839 1803 3912 Cyriaci.
1835 3843 2047 3916 Riscus,

458 3921 594 4002 tom.
641 3911 786 3968 XXX
827 3913 979 3988 IIisp.
1027 3933 1202 3986 sacr.,
1236 3937 1355 3993 pag.
1405 3926 1512 3982 152
1553 3911 1738 3985 εῑ199
1767 3949 1906 4002 seq.,
1939 3911 2047 3989 non

459 3999 667 4059 levibus
717 4007 1049 4074 argumentis
1076 4011 1313 4067 ostendit
1368 4015 1520 4071 istius
1560 4019 1704 4072 modi
1729 3999 2044 4076 canonicam

457 4094 781 4164 scripturam
829 4100 1226 4167 supposititiam
1257 4118 1377 4158 esse
1401 4144 1417 4167 ,
1465 4119 1638 4171 neque
1669 4109 1884 4163 aliunde
1915 4127 2047 4166 con-

457 4193 602 4239 stare
629 4186 696 4238 de
724 4184 976 4254 cpiscOpo
997 4186 1476 4260 Czesaraugnstano
1499 4193 1743 4264 Cyriaco.
1773 4197 2044 4258 Canonica

459 4274 661 4329 inserta
695 4274 793 4328 fuit
823 4291 853 4330 a
901 4275 1182 4334 Pellizcrio
1230 4282 1382 4337 initio
1409 4283 1695 4342 Annalium
1721 4294 2045 4350 monarthitc

459 4361 733 4434 Hispanae,
763 4373 884 4433 post
913 4365 1031 4435 ejus
1059 4371 1418 4427 eversionem.

1027 4503 1256 4562 CAPUT
1292 4509 1385 4565 XX
1397 4512 1482 4567 VI.

494 4609 556 4666 S.
600 4609 860 4671 Isidorum
893 4632 1030 4672 anno
1066 4616 1170 4673 656
1201 4636 1228 4674 e
1250 4621 1353 4676 vita
1381 4623 1658 4682 decessisse
1682 4632 1989 4690 ostenditur.

532 4724 584 4778 1.
627 4724 701 4779 Ea
731 4729 932 4795 omnia,
981 4745 1102 4801 qua:
1157 4733 1208 4788 in
1254 4743 1500 4792 extremo
1543 4742 1735 4797 morbo
1785 4752 1842 4798 et
1896 4749 2044 4803 ohitu

458 4814 644 4909 Isidori
672 4819 1034 4890 contigerunt,
1066 4822 1394 4897 Redemptus
1417 4828 1656 4887 Clericus
1685 4845 1894 4902 narrat,
1922 4853 2042 4909 cap.

459 4903 494 4957 6
522 4921 552 4960 a
593 4907 748 4963 nol-is
793 4910 1013 4967 relatus.
1057 4912 1166 4970 Etsi
1214 4927 1395 4975 autem
1437 4919 1766 4994 Redemptus
1808 4903 2048 4985 testator

461 4998 719 5056 Isidorum
743 5003 914 5072 pridie
932 5023 1100 5063 nonas
1119 5011 1332 5080 Aprilis,
1363 5029 1471 5068 sera
1495 5014 1620 5080 674,
1636 5032 1754 5087 ψιιὲ
1782 5020 1833 5074 in
1850 5037 2048 5078 annum

465 5091 570 5146 656
600 5091 808 5159 incidit,
842 5095 1062 5159 obiisse,
1107 5105 1284 5156 tamen
1312 5116 1504 5171 magna
1535 5116 1617 5160 est
1637 5109 1958 5177 scriptorum
1983 5113 2051 5168 de

465 5197 608 5236 anno
637 5183 816 5240 obitus
866 5183 1051 5242 Isidori
1096 5189 1379 5258 dissensio,
1427 5194 1512 5250 vel
1566 5198 1711 5266 quod
1757 5199 2047 5272 Redempti

467 5275 827 5330 narrationem
845 5290 955 5346 pra:
977 5279 1148 5335 oculis
1171 5297 1276 5336 non
1308 5284 1703 5352 habuerint,ch
1727 5292 1868 5359 quod
1893 5291 2048 5360 (idem

469 5381 575 5422 non
637 5365 1017 5437 adhzbuerint,
1073 5373 1157 5426 vel
1213 5375 1356 5443 quod
1404 5389 1644 5433 errorem
1697 5381 1748 5434 in
1799 5397 2050 5438 numeros

471 5458 749 5528 irrepsisse
777 5457 1125 5514 crediderint.
1160 5461 1406 5519 Labbeus
1435 5465 1486 5520 in
1519 5477 1630 5522 not.
1665 5471 1729 5523 azl
1777 5471 2048 5525 Bellartni-

469 5566 594 5606 ltum
640 5551 708 5606 de
737 5549 936 5623 Script.
986 5551 1193 5608 Eccles.
1233 5573 1244 5608 :
1288 5556 1506 5624 Valeat,
1560 5561 1768 5630 inquit,
1801 5579 1912 5616 cum
1959 5581 2050 5619 suo

473 5639 687 5708 Pelargo
732 5645 1078 5708 ineptissimus
1130 5645 1436 5719 Patrologus
1477 5651 1561 5720 qui
1593 5653 1737 5706 docet
1789 5653 2048 5709 Isidorth

467 5729 704 5796 ﬂoruisse
733 5750 867 5790 anno
908 5735 1028 5790 650.
1050 5735 1311 5794 Observat
1341 5738 1832 5812 Regioportuenses
1864 5747 2051 5804 lectio-

2147 3283 2268 3351 qnis
2294 3296 2536 3337 errarem
2580 3297 2925 3337 numerorum
2957 3289 3128 3352 putet,
3178 3283 3511 3352 prmmiserat
3547 3292 3752 3339 auctor

2148 3373 2407 3427 lsidurum
2464 3388 2606 3429 aruo
2654 3381 2808 3428 sexto
2855 3373 3003 3442 regni
3048 3371 3341 3427 Chintilani
3407 3373 3458 3426 in
3510 3373 3751 3431 Domino

2149 3464 2522 3519 0i)ti0:'tltli5"".

2220 3553 2272 3607 5.
2317 3553 2540 3608 Braulie
2560 3553 2773 3623 quidem
2797 3555 2850 3608 in
2882 3554 3273 3623 prsenotatione
3303 3569 3527 3623 operum
3549 3553 3752 3612 lsidori

2151 3645 2318 3701 tradit
2358 3661 2478 3701 eum
2517 3647 2851 3718 temporibus
2895 3645 3127 3702 Ileraclii
3157 3687 3172 3713 ,
3227 3654 3284 3702 et
3331 3645 3606 3711 Chintilm,
3641 3661 3749 3702 seu

2148 3737 2462 3803 Chintilani,
2487 3738 2818 3793 decessisse:
2847 3735 3139 3792 Ildefonsns
3159 3737 3353 3792 veroin
3376 3737 3512 3792 libro
3535 3735 3603 3791 de
3627 3736 3747 3792 Vir.

2151 3829 2345 3884 illustr.
2378 3827 2610 3882 aﬂirmat
2637 3827 2706 3882 Isi
2726 3830 2897 3881 lorum
2929 3827 3172 3883 lloruisse
3211 3829 3542 3899 temporibus
3569 3827 3749 3883 Reca-

2151 3920 2285 3985 redi,
2319 3919 2588 3981 Liubanis,
2619 3917 2894 3981 Witerici,
2929 3916 3255 3973 Gnndemari
3282 3961 3296 3980 .
3329 3919 3648 3974 Suinthilani
3683 3928 3752 3975 et

2149 4009 2431 4066 Siscnandi
2460 4027 2474 4063 :
2509 4023 2683 4078 neque
2710 4009 2760 4063 in
2793 4009 2874 4064 his
2901 4008 3286 4079 Chintilanum,
3321 4014 3410 4082 qui
3439 4012 3747 4070 Sisenando

2149 4100 2446 4165 successit,
2493 4109 2898 4156 commemorat.
2951 4099 3076 4156 the
3123 4112 3276 4158 recte
3324 4103 3635 4172 cohaerent,
3689 4107 3746 4161 si

2148 4209 2320 4249 annus
2351 4193 2454 4248 656
2475 4208 2504 4248 a
2541 4193 2839 4264 Redempto
2870 4194 3180 4264 designatus
3211 4204 3460 4252 teneatur
3491 4216 3504 4252 :
3540 4213 3658 4252 nam
3691 4198 3745 4254 is

2148 4299 2323 4339 annus
2351 4283 2556 4354 primus
2587 4282 2684 4338 fuit
2709 4285 2858 4353 regni
2888 4285 3177 4340 Chintilani
3205 4325 3219 4349 ,
3277 4296 3332 4341 ut
3358 4303 3485 4342 vere
3541 4287 3746 4342 dixerit

2149 4373 2386 4442 Braulio,
2415 4374 2747 4442 temporibus
2768 4375 3055 4430 Chintilani
3086 4375 3344 4432 Isidorum
3370 4378 3585 4433 obiisse.
3602 4375 3746 4434 Cum

2149 4463 2202 4519 in
2236 4464 2353 4534 ipso
2384 4465 2532 4534 regni
2563 4463 2848 4520 Chintilani
2879 4467 3031 4522 initio
3061 4466 3388 4534 decesserit,
3408 4478 3554 4524 recte
3576 4470 3744 4524 etiam

2076 4535 2124 4600 ι)
2157 4555 2454 4610 lldefonsus
2499 4557 2638 4610 inter
2691 4570 2845 4626 reges
2894 4558 2995 4614 sub
3041 4558 3235 4629 quibus
3280 4559 3515 4617 Isidorus
3557 4561 3744 4618 floruit

2152 4647 2516 4702 Chintilanum
2548 4649 2908 4718 praetermisit.

2223 4739 2277 4792 4.
2321 4739 2395 4794 Ex
2442 4739 2587 4795 Aelis
2615 4741 2964 4796 conciliorum
3003 4751 3216 4796 constat
3256 4743 3515 4799 Isidornm
3565 4744 3747 4802 adhuc

2153 4839 2350 4893 vixisse
2373 4852 2513 4891 anno
2534 4837 2655 4902 655,
2681 4851 2789 4905 quo
2811 4836 3040 4891 concilio
3063 4851 3114 4890 tv
3143 4835 3404 4892 Toletano
3425 4837 3654 4908 pnefnil,
3683 4849 3748 4893 et

2150 4929 2259 4998 jam
2283 4929 2389 4983 vita
2419 4928 2656 4982 functum
2679 4942 2820 4980 anno
2841 4927 2946 4981 658
2972 4971 2987 4994 ,
3009 4943 3116 4997 quo
3147 4928 3376 4983 concilio
3405 4945 3455 4984 vt
3476 4928 3746 4984 Toletano

2157 5016 2460 5072 Ilonrratus
2490 5016 2632 5071 sedis
2663 5014 2995 5085 I-Iispalensis
3023 5017 3249 5072 antistes
3277 5015 3534 5081 interfuit,
3565 5018 3748 5073 minus

2153 5109 2290 5163 bene
2312 5107 2661 5163 dissentiente
2679 5106 2967 5162 Ambrosio
2989 5106 3237 5174 Morales,
3261 5109 3350 5178 qui
3376 5111 3660 5164 concilium
3686 5125 3748 5167 vs

2156 5198 2477 5254 Toletanum
2533 5213 2675 5253 anno
2710 5198 2814 5253 656
2843 5199 3170 5254 celebratum
3199 5209 3351 5271 putat
3378 5242 3390 5264 ,
3424 5217 3489 5257 ac
3517 5200 3748 5271 proinde

2155 5291 2220 5345 ad
2253 5308 2448 5345 annum
2479 5291 2584 5344 655
2607 5292 2809 5344 obitum
2843 5291 3031 5346 Ieidoti
3061 5304 3300 5348 revocat.
3324 5293 3516 5364 Pagius
3545 5295 3595 5349 in
3623 5305 3744 5349 not.

2155 5383 2218 5436 al
2246 5382 2440 5435 Baron.
2473 5397 2599 5435 ann.
2630 5381 2734 5435 656
2764 5381 3259 5438 θειθτὶιηοηηιιηοε
3290 5384 3558 5455 Hispanos
3585 5385 3745 5440 colli-

2152 5486 2277 5540 gere
2298 5472 2354 5527 S.
2389 5471 2649 5528 Isidorum
2676 5475 2786 5542 jam
2820 5491 2963 5529 anno
2993 5475 3098 5530 656
3123 5519 3136 5540 ,
3179 5485 3421 5548 ῑοτιιρογο
3449 5478 3660 5534 concilii
3711 5496 3746 5535 ν

2154 5565 2400 5621 Toletani
2432 5568 2605 5637 pridie
2637 5567 2743 5622 kal.
2770 5568 2870 5637 jnl.
2906 5570 3166 5625 celebrati
3198 5587 3228 5625 e
3259 5573 3393 5628 vivis
3423 5572 3742 5639 excessisse,

2153 5657 2275 5724 quia
2319 5658 2391 5712 illi
2442 5658 2672 5714 con'cilio
2720 5676 2826 5714 non
2885 5661 3142 5717 interfuit.
3198 5662 3394 5719 Verum
3448 5679 3566 5718 cum
3597 5663 3749 5733 ejus-

2153 5747 2298 5804 modi
2322 5750 2606 5807 contilium
2639 5752 2793 5808 fuerit
2828 5754 3369 5826 provinciale,ncquc
3401 5757 3452 5830 ip
3485 5758 3738 5814 isucces-
