4028 6200
441 339 544 394 ΜΞ

1171 337 1256 388 All
1297 335 1524 388 OI'EIIA
1571 333 1626 385 S.
1676 329 1918 388 lSlDORl
1960 333 2402 390 IIISPAI.F.NSIS
2452 333 2979 390 PROLEGOMEVA.

3616 341 3719 394 IN

512 451 598 506 16.
646 451 802 505 Auno
827 449 948 514 633,
983 463 1094 503 sive
1132 462 1236 500 tera
1267 448 1391 506 671,
1426 431 1620 501 dieitur
1659 445 1856 500 obiisse
1896 445 2020 499 Flo-
2051 452 2096 508 Λ
2124 449 2399 502 decoravit.
2455 447 2705 504 Errorem
2743 450 3026 506 Gnillelmi
3063 451 3594 521 «Malmesburieusis,
3627 458 3719 524 qui
3781 425 3791 434 .

438 544 648 601 renlina
677 541 860 598 Isidori
890 555 1045 596 soror
1092 542 1143 592 in
1188 537 1464 608 epitaphio
1493 537 1766 593 recensito
1810 553 1928 607 cap.
1963 538 2015 590 Ἰ.

437 632 626 702 Itaque
659 638 784 686 ante
831 630 973 684 hunc
1002 643 1201 682 annum
1234 627 1401 682 libros
1450 637 1638 682 contra
1692 627 1906 683 Judzeos
1957 627 2023 682 ad

437 724 803 781 Florentinam
834 735 1075 776 sororem
1105 718 1338 775 Isidorus
1361 718 1638 788 scripserit
1659 718 1950 788 oportebit.

508 817 596 872 I9.
640 817 794 870 Anno
817 811 921 867 635
941 811 1175 868 Isidorus
1197 811 1428 867 concilio
1451 827 1504 866 tv
1525 810 1789 866 Toletano
1818 811 2027 882 praefuit

436 923 608 1051 “80c:
635 907 791 1052 latium
815 992 920 1049 656
944 993 1181 1050 Isidorus
1207 992 1460 1060 decessit,
1503 1002 1561 1047 ut
1589 1007 1708 1063 cap.
1733 991 1805 1046 26
1835 998 2021 1047 osten-

440 1103 561 1142 sum
585 1094 688 1141 cst.

959 1194 1186 1252 CAPUT
1229 1195 1460 1251 XXVIII.

437 1312 498 1367 S.
541 1310 730 1366 Isidori
757 1309 1083 1380 llispalcnsis
1114 1326 1301 1379 corpus
1333 1309 1581 1363 Bononia:
1609 1310 1866 1380 asservari
1895 1309 2028 1380 falso

514 1380 774 1434 traditum.
813 1377 1073 1433 Miracula
1122 1377 1386 1433 ad'altare
1413 1380 1642 1433 ecclesia:
1667 1377 2026 1451 Legioneizsis,

506 1452 594 1504 ubi
620 1451 732 1520 ejus
755 1466 943 1520 corpus
967 1451 1268 1519 requiescit.

512 1564 562 1617 I.
606 1561 852 1631 Plerique
880 1561 1171 1631 scriptores
1200 1561 1290 1630 qui
1316 1561 1384 1616 de
1418 1563 1577 1616 rebus
1601 1560 2032 1618 Bononiensibus

435 1669 600 1729 agunt
646 1666 894 1714 asserunt
937 1657 1198 1713 lsidorum
1245 1655 1636 1728 IIispalensem,
1687 1657 1814 1712 dum
1846 1657 2031 1713 'Roma

436 1753 490 1805 in
522 1749 830 1819 Hispaniam
855 1748 1072 1809 rediret.
1105 1747 1358 1802 Bononiae
1370 1747 1668 1804 decessisse
1683 1747 1769 1803 die
1794 1747 1859 1801 14
1877 1747 2033 1818 Apri-

2127 536 2447 593 Toletanum
2498 555 2596 609 pro
2647 540 2904 612 Legione,
2937 553 2992 599 et
3037 543 3260 601 Joannis
3315 546 3588 615 Naucleri,
3627 551 3719 620 qui

2128 625 2385 697 Ilispalim
2433 645 2533 699 pro
2587 631 2823 700 Legione
2860 633 2962 689 hac
3009 633 3063 688 in
3095 634 3448 690 translatione
3476 638 3722 707 corporis

2133 723 2286 794 175
2315 723 2488 778 sancti
2516 723 2704 778 Isidori
2735 725 2964 796 accepit,
2993 733 3142 781 recte
3172 727 3376 781 notavit
3406 727 3717 784 Constanti.-

2126 826 2227 866 nus
2249 811 2554 881 Cajetanus,
2577 815 2669 883 qni
2698 814 2767 870 de
2791 815 2910 872 loco
2937 831 3045 885 quo
3083 816 3215 871 obiit
3243 816 3479 872 Isidorus
3520 830 3574 874 et
3609 835 3720 888 quo

2128 903 2246 972 ejus
2311 919 2433 959 ossa
2502 907 2850 976 requiescunt
2916 907 3159 977 pluribus
3217 908 3487 964 disseruit.
3545 909 3722 965 Verba

2130 995 2401 1052 Guillelmi
2432 996 3100 1066 Malmesburieusislib.n,
3131 1016 3180 1056 c.
3205 999 3293 1067 I0,
3323 1000 3393 1056 de
3420 1001 3570 1057 Gest.
3601 1017 3717 1073 reg.

2131 1089 2322 1160 Ang|.,
2353 1090 2466 1146 haec
2485 1100 2642 1145 sunt:
2677 1091 2938 1147 Successit
2963 1091 3206 1148 Leandro
3237 1092 3498 1161 Isidorus,
3524 1096 3720 1151 doctri-

2132 1203 2223 1251 na,
2268 1184 2639 1254 sanctitateque
2685 1183 2872 1237 nobilis
2895 1200 2914 1238 :
2953 1185 3099 1255 cujus
3129 1201 3317 1251 corpus
3360 1194 3539 1240 nostra
3571 1197 3724 1243 celate

2133 1278 2446 1349 Aldefonsus
2472 1293 2565 1330 rea:
2586 1273 2825 1330 Gallicis:
2847 1273 3080 1330 Toletum
3111 1277 3394 1340 transtulit,
3423 1277 3494 1330 ad
3522 1278 3724 1347 pondus

2134 1387 2262 1424 auro
2289 1376 2667 1436 comparatum.
2699 1366 2991 1422 Nauclerus
3027 1365 3332 1435 Chronogr.
3386 1366 3495 1422 vol.
3526 1367 3589 1430 ll,
3629 1381 3727 1436 ge.

2135 1457 2391 1524 nerat.’-‘9,
2420 1456 2532 1511 ait:
2556 1454 2695 1509 Huic
2717 1457 2879 1510 etiam
2904 1454 3260 1523 (Ferdiuando
3286 1456 3422 1525 regi)
3456 1454 3516 1508 Β.
3545 1454 3724 1512 Isido-

2138 1568 2248 1619 rus,
2269 1565 2414 1621 quem
2439 1548 2702 1602 transtulit
2729 1549 2784 1602 in
2814 1546 3097 1617 Hispalim,
3120 1548 3360 1602 reuelauit
3383 1548 3520 1602 diem
3544 1551 3724 1604 mortis

2137 1658 2263 1697 sum.
2332 1640 2650 1696 Guillelmus
2720 1639 2934 1710 quidem
3005 1637 3496 1697 Malmesburiensis
3558 1642 3721 1696 etiam

2136 1731 2190 1786 in
2220 1730 2437 1786 nomine
2467 1729 2606 1800 regis
2633 1729 2869 1785 erravit:
2900 1729 3173 1800 appellare
3201 1730 3345 1785 enim
3374 1729 3720 1786 debuit-Fir-

439 1841 529 1908 lis,
561 1817 701 1894 anno
717 1836 842 1903 6I5,
867 1835 1456 1902 aut'616,aut640,aut
1477 1837 1784 1908 174-670,
1809 1847 1900 1892 aut
1927 1817 2036 1894 suo
2069 1826 2114 1887 Β
2140 1820 2432 1877 dinandum
2459 1818 2706 1875 Castaliae
2736 1817 3070 1888 etlLesionis
3098 1831 3437 1888 regem-non
3467 1819 3726 1877 Aldefoa-

432 1929 625 1997 quovis
649 1945 662 1980 ε
687 1943 792 1981 non
822 1927 962 1981 enim
1006 1926 1144 1980 inter
1171 1940 1230 1981 se
1249 1927 1314 1980 de
1343 1939 1486 1980 anno
1514 1928 1881 1982 consentiunt.
1913 1925 2022 1981 Ad-

433 2019 568 2074 dunt
593 2032 790 2086 corpus
812 2016 869 2070 S.
898 2015 1088 2072 Isidori
1121 2016 1172 2070 in
1196 2015 1421 2072 ecclesia
1451 2014 1511 2071 S.
1541 2015 1801 2085 Stephani
1835 2031 2024 2071 mona-

432 2106 657 2162 chorum
688 2105 814 2161 olim
844 2105 1286 2174 nigrorum,uunc
1312 2102 1729 2160 leestinorum
1751 2103 2022 2174 sepultum

430 2201 617 2267 fuisse,
649 2199 792 2271 quod
829 2213 972 2253 anno
1010 2199 1229 2254 circiter
1275 2197 1436 2264 1141,
1487 2197 1720 2254 Henrico
1769 2199 2024 2254 Bononia:

435 2292 714 2363 episcopo,
757 2290 1056 2357 inventum,
1089 2291 1447 2360 recognitum,
1478 2298 1536 2346 et
1562 2291 1897 2346 venerationi
1925 2307 2024 2346 ex-

434 2381 672 2451 positum
703 2380 803 2435 fuit
831 2381 918 2435 die
949 2379 1014 2433 I6
1057 2378 1550 2450 Septembris,quo
1595 2383 1714 2451 ejus
1762 2383 2024 2438 memoria

437 2470 693 2527 Bononiae
720 2469 1046 2525 celebratur.
1078 2469 1332 2538 Sigonius
1369 2469 1436 2523 ad
1460 2485 1660 2526 annum
1691 2470 1794 2525 616
1821 2474 1898 2528 sic
1928 2473 2022 2528 ha-

434 2563 563 2617 bet:
597 2561 712 2616 Hoc
762 2569 987 2630 tempore
1017 2560 1078 2616 3.
1114 2559 1351 2616 Isidorus
1373 2561 1639 2632 episcopus
1674 2561 2020 2630 llispalensis,

433 2669 525 2720 per
547 2650 823 2705 zEmiliam
871 2652 967 2705 iter
990 2653 1208 2724 faciens,
1258 2650 1511 2706 Bononiw
1557 2662 1788 2706 mortuus
1836 2655 2018 2724 fertur.

432 2741 582 2796 Certe
603 2740 754 2795 hodie
775 2756 975 2812 quoque
998 2741 1287 2810 sepulcrum
1323 2741 1434 2811 ejus
1459 2742 1510 2798 in
1534 2741 1750 2795 basilica
1782 2741 1890 2797 SS.
1922 2741 2026 2796 Pe-

434 2831 498 2885 tri
526 2839 574 2884 et
607 2829 759 2884 Pauli
784 2839 897 2900 post
926 2830 1094 2884 alrare
1122 2830 1290 2900 majus
1335 2839 1414 2884 ost
1446 2831 1642 2892 nditur,
1678 2847 1794 2902 qua
1823 2833 2026 2903 capella

433 2920 542 2976 SS.
588 2921 732 2974 Petri
781 2930 829 2973 et
862 2919 1014 2974 Pauli
1054 2920 1200 2991 vulgo
1233 2919 1443 2973 dicitur.
1495 2918 1623 2976 H100
1669 2930 1752 2978 est
1805 2922 2026 2979 basilica

438 3010 609 3064 sancri
639 3009 896 3078 Stephani
928 3017 983 3063 et
1033 3009 1190 3064 eccle.
1212 3011 1262 3064 ia
1318 3009 1536 3065 Patrum
1585 3010 2022 3068 C(elcstinornm.

433 3098 702 3154 Arnoldus
731 3097 891 3153 Wion
913 3097 981 3154 de
1010 3097 1214 3154 Isidoro
1236 3099 1306 3153 ita
1326 3099 1494 3154 refert
1520 3117 1538 3154 :
1570 3098 1711 3155 Obiit
1736 3118 1875 3156 anno
1898 3103 2023 3171 642,

2126 1927 2245 1968 sum
2274 1911 2512 1967 Gallicia:
2538 1925 2741 1981 regem.
2777 1909 3014 1980 Uterque
3040 1917 3218 1966 tamen
3247 1911 3554 1982 opinionem
3599 1928 3722 1983 quas

2128 2004 2311 2061 Isidori
2341 2004 2646 2075 sepulcrum
2688 2002 2945 2060 Bononia:
2987 2003 3234 2060 collocat
3281 2003 3595 2061 narratione
3621 2021 3722 2062 sua

2123 2098 2256 2154 satis
2283 2095 2500 2152 refellit.

2195 2187 2250 2242 4.
2282 2187 2429 2242 Idem
2450 2185 2740 2256 Cajetanus
2760 2185 2981 2256 conjicit
2998 2184 3272 2242 Isidorum
3288 2187 3606 2258 episcopum
3634 2188 3722 2242 Si-

2123 2280 2327 2350 culum,
2353 2280 2420 2336 de
2444 2295 2554 2350 quo
2581 2278 3092 2349 ConstantiusFelix
3121 2279 3172 2333 in
3190 2278 3513 2334 Kalendario
3534 2279 3622 2333 die
3649 2276 3719 2331 I5

2123 2371 2336 2428 kalend.
2362 2371 2980 2440 Iebruari,etArnoldus
3000 2371 3162 2429 Wion
3203 2371 3364 2442 Ligu.
3414 2373 3511 2427 vit.
3537 2373 3630 2428 lib.
3654 2370 3722 2426 III

2125 2464 2192 2519 ad
2214 2463 2280 2518 I8
2311 2462 2534 2519 Kalend.
2552 2462 2826 2527 februarii,
2853 2477 2973 2518 esse
3001 2477 3123 2518 eum
3137 2471 3402 2524 sanctum,
3425 2461 3576 2532 cujus
3595 2478 3670 2516 os‘
3685 2477 3720 2517 a

2125 2556 2488 2614 Bononienses
2509 2564 2834 2613 venerantur
2855 2573 2869 2622 ;
2887 2571 3046 2626 quem
3064 2555 3326 2610 Isidorum
3348 2554 3720 2625 Ilispaleusem

2127 2648 2467 2721 homonymia
2497 2649 2706 2719 decepti
2751 2656 3104 2704 vocaverunt.
3135 2646 3286 2702 Hanc
3340 2648 3500 2703 etiam
3529 2647 3719 2716 conje-

2125 2748 2332 2797 cturam
2371 2752 2648 2811 exponunt
2674 2740 3010 2798 Bollandiani
3055 2742 3106 2795 in
3131 2751 3436 2797 comment.
3463 2739 3723 2811 pra-stud

2126 2831 2247 2886 Vita
2271 2850 2302 2883 u
2333 2831 2391 2887 S.
2420 2831 2627 2888 Isidori.
2652 2830 2920 2900 iUgbellus
2967 2830 3018 2886 in
3038 2829 3164 2885 Ital.
3194 2847 3333 2886 saor.
3364 2839 3494 2886 tom.
3530 2831 3617 2895 Il,
3641 2831 3714 2886 de

2127 2923 2366 2994 episcop.
2394 2923 2602 2979 Bonon.
2636 2923 2686 2978 in
2717 2922 3152 2992 Petrorepiscopo
3172 2919 3520 2978 Constantini
3548 2920 3718 2990 Caje—

2130 3013 2237 3067 tani
2261 3013 2328 3068 de
2357 3013 2556 3068 Isidoro
2576 3013 2766 3068 Siculo
2797 3011 3047 3067 Bononim
3076 3010 3720 3066 defuncto‘narrationem

2128 3118 2312 3158 veram
2343 3102 2495 3170 dicit,
2539 3102 2632 3158 sed
2665 3117 2771 3156 non
2803 3100 3105 3157 confirmat.
3150 3099 3348 3154 Iterum
3369 3099 3721 3155 Bollandiani

431 3191 508 3245 vel
533 3190 735 3244 circiter
757 3189 922 3262 pridie
935 3207 1058 3244 non.
1087 3191 1236 3260 Apr.,
1263 3191 1408 3262 cujus
1433 3209 1613 3265 corpus
1627 3196 1892 3268 requiescit
1916 3197 2021 3254 Bo-
2050 3188 2093 3250 C
2127 3192 2266 3248 hanc
2301 3194 2653 3262 qumstionem
2685 3190 2985 3244 excitarunt
3013 3189 3078 3242 ad
3120 3187 3262 3242 diem
3295 3187 3362 3241 I8
3408 3187 3724 3242 Decembris

431 3285 604 3339 nonite
633 3284 685 3336 in
707 3283 923 3337 ecclesia
955 3281 1070 3336 RR.
1109 3281 1224 3337 PP.
1247 3281 1661 3341 Caelestinorum.

502 3378 558 3434 2.
586 3375 939 3433 Occasionem
969 3376 1094 3433 huic
1119 3377 1309 3434 fabulas
1335 3379 1562 3450 praebuit
1598 3397 1898 3453 anonymus
1927 3383 2026 3439 Be-

431 3470 730 3528 nedictinus
756 3481 945 3525 auctor
973 3469 1223 3526 Chronici
1267 3470 1386 3540 ejus
1429 3472 1668 3527 ecclesiae
1706 3484 1760 3527 et
1789 3475 2022 3530 cceuobii

431 3564 574 3617 circa
608 3576 804 3615 annum
828 3558 990 3628 1180,
1013 3559 1167 3630 cujus
1195 3560 1360 3617 verba
1391 3560 1763 3618 Henschenius
1785 3563 1837 3618 iu
1869 3580 2019 3620 com—

434 3661 599 3708 ment.
628 3653 826 3722 praevio
857 3650 921 3706 ad
954 3650 1125 3706 Vitam
1151 3651 1209 3707 S.
1241 3651 1426 3708 Isidori
1457 3651 1660 3724 profert
1689 3672 1700 3706 :
1728 3655 1920 3723 quibus
1944 3657 2018 3710 ita

429 3743 708 3798 basilicam
755 3743 926 3798 sancti
985 3743 1245 3813 Stephani
1291 3743 1554 3801 Antonius
1581 3744 1785 3802 Casalis
1838 3747 2014 3803 Coele-

434 3835 611 3890 stinus
637 3849 702 3890 ex
731 3851 829 3890 ms.
870 3833 1140 3892 Chronico
1189 3837 1267 3894 sic
1290 3838 1618 3908 alloquitur:
1671 3841 1926 3896 Similiter
1965 3850 2016 3895 et

427 3943 613 3996 corpus
653 3926 932 3981 beatissimi
964 3924 1180 3992 Isidori,
1213 3931 1523 4000 confessoris
1565 3929 1758 3985 Christi
1787 3941 1835 3985 et
1863 3931 2017 3985 lucu-

424 4019 693 4072 lentissimi
723 4017 969 4084 doctoris,
1003 4019 1056 4073 in
1089 4029 1135 4073 te
1169 4022 1468 4091 requiescit:
1494 4023 1582 4090 qui
1608 4037 1724 4074 cum
1770 4022 1964 4074 rediret
1983 4038 2017 4074 a

427 4107 616 4176 Roma,
639 4108 778 4178 apud
801 4108 933 4162 hanc
957 4111 1133 4162 urbem
1175 4110 1482 4175 hospitatus,
1511 4125 1571 4160 ac
1600 4110 1745 4178 gravi
1773 4111 2010 4166 molestia

426 4200 659 4268 corporis
682 4206 757 4251 est
783 4197 1036 4260 detentus,
1063 4207 1166 4251 etc.
1200 4197 1323 4252 IImc
1348 4199 1390 4251 si
1413 4199 1532 4266 quis
1561 4198 1627 4252 de
1653 4198 1856 4255 Isidoro
1894 4199 1959 4255 Hi
1991 4236 2016 4247 -

427 4287 632 4356 palensi
674 4286 896 4354 intelligi
929 4285 1126 4340 debere
1170 4286 1481 4351 contendat,
1512 4288 1893 4344 sustinebimus
1915 4288 2012 4361 fig—

426 4384 667 4430 mentum
726 4377 828 4430 hoc
873 4375 1208 4430 intolerabile
1235 4391 1354 4431 esse
1401 4376 1516 4446 ejus
1547 4377 1822 4444 Chronici,
1869 4380 2013 4448 quod

428 4467 759 4536 Redemptus
777 4467 1200 4522 clericuslsidori
1225 4470 1276 4522 in
1309 4470 1468 4539 hujus
1496 4471 1674 4526 obitus
1703 4475 2012 4530 narratione

2119 3281 2179 3336 in
2227 3281 2473 3350 catalogo
2509 3289 2818 3336 sanctorum
2849 3278 3349 3350 praetermissurum.
3392 3277 3452 3332 S,
3481 3277 3724 3332 Isidorus

2119 3372 2485 3438 Bononiensis,
2535 3373 2704 3437 aiunt,
2751 3372 2808 3426 in
2840 3369 3216 3441 Martyrologio
3239 3368 3542 3434 universali,
3575 3373 3726 3440 apud

2121 3460 2470 3517 Castellanum
2500 3462 2842 3517 annuntiatur
2881 3463 2934 3516 in
2966 3460 3151 3530 Italia,
3180 3469 3237 3514 ut
3279 3462 3548 3530 episcopus
3592 3463 3725 3515 uite-

2122 3558 2228 3609 rius
2251 3557 2494 3610 civitatis.
2536 3554 2890 3610 Bononienses
2915 3554 3013 3607 hac
3039 3554 3123 3608 die
3147 3550 3403 3608 celebrant
3443 3551 3505 3607 S.
3538 3549 3725 3607 Isido-

2111 3665 2253 3713 rum,
2270 3665 2416 3719 quem
2443 3648 2804 3718 llispalensem
2824 3646 3068 3710 credunt,
3093 3662 3158 3700 ea:
3173 3660 3347 3700 errore
3376 3643 3511 3715 quod
3542 3643 3722 3698 Bono-

2121 3743 2222 3797 nia:
2241 3742 2512 3813 defunctus
2541 3741 2763 3812 fuerit...
2790 3738 2939 3794 Certe
2959 3755 3060 3794 non
3085 3740 3253 3794 inreni
3273 3748 3578 3810 argumenta
3601 3747 3719 3792 tam

2119 3831 2288 3886 solida
2304 3848 2396 3901 pro
2418 3828 3159 3901 possessione-Bonatriensium
3180 3831 3408 3900 corporis
3445 3829 3719 3900 cujuscun-

2117 3939 2213 3992 que
2251 3920 2466 3984 Isidori,
2497 3928 2552 3973 ut
2581 3937 2645 3974 ea;
2669 3936 2846 3974 errore
2873 3921 3146 3989 manifesto
3186 3919 3492 3989 decorpore
3518 3920 3576 3972 S.
3605 3916 3720 3971 lsi-

2117 4013 2232 4066 dori
2252 4011 2585 4080 llispalensis
2606 4011 2768 4064 alium
2786 4011 2956 4064 statim
2982 4007 3241 4062 fsidorum
3258 4010 3452 4079 inferre
3474 4007 3718 4066 debeam.

2117 4104 2354 4158 Masinus
2380 4106 2435 4158 in
2479 4104 2718 4160 Bononia
2771 4105 3086 4176 perlustrata
3132 4105 3196 4158 de
3242 4104 3379 4158 cultu
3409 4103 3472 4159 S.
3508 4098 3717 4159 Isidori

2111 4196 2224 4267 agit
2251 4194 2335 4248 die
2358 4194 2392 4246 4
2413 4195 2582 4266 April.
2616 4207 2665 4252 et
2699 4194 2766 4250 16
2791 4193 3078 4267 Septembr.

2186 4285 2238 4340 5.
2273 4285 2384 4340 Etsi
2429 4294 2608 4341 autem
2659 4286 2726 4341 de
2775 4286 2896 4342 loco
2925 4301 3032 4358 quo
3077 4284 3270 4342 Isidori
3309 4285 3477 4340 nostri
3509 4299 3718 4354 corpus

2111 4376 2254 4448 jacet
2304 4379 2545 4433 ulteriori
2591 4379 2910 4449 probatione
2953 4393 3042 4453 res
3089 4393 3195 4434 non
3247 4377 3465 4446 indiget,
3501 4385 3713 4442 tamen,

2087 4470 2237 4544 quia
2271 4476 2571 4538 opportuna
2600 4469 2761 4526 modo
2787 4484 2847 4525 se
2893 4469 3052 4525 offert
3078 4471 3312 4529 occasio,
3345 4475 3584 4522 veterem
3612 4467 3712 4520 in-

423 4559 1074 4628 planerefellit,uto:rnes
1090 4561 1800 4633 aliosscriptoresllfspanos
1815 4574 2010 4620 etmar-
2041 4562 2094 4621 Ι)
2115 4560 2483 4629 scriptionem,
2529 4576 2648 4631 qua:
2691 4562 2743 4615 in
2775 4561 3013 4616 claustro
3043 4559 3392 4631 Legioaensis
3429 4566 3713 4613 monaste-

424 4651 687 4722 tyrologia
719 4652 1047 4706 omittamus.
1068 4649 1243 4720 Eque
1256 4661 1466 4707 constat
1493 4653 1680 4710 Isidori
1693 4670 1889 4725 corpus
1911 4656 2008 4711 Ili-

425 4743 560 4811 spali
582 4745 856 4798 conditum
873 4743 1056 4809 fuisse,
1083 4745 1224 4800 unde
1243 4743 1530 4814 Legionem
1555 4749 1868 4802 translatum
1887 4750 2004 4814 fuit,

429 4842 490 4886 ut
526 4834 802 4888 retulimus
831 4849 897 4889 ex
925 4834 1073 4889 Actis
1124 4836 1348 4890 sinceris
1389 4837 1772 4905 translationis,
1803 4855 1922 4909 cap.
1950 4839 2003 4894 8.

500 4922 553 4976 5.
596 4921 688 4977 His
724 4922 847 4977 addi
876 4933 1056 4993 potest
1087 4935 1240 4978 vetus
1288 4926 1518 4980 hominis
1556 4929 1727 4982 exteri
1760 4930 2004 4984 testimo-

425 5015 594 5069 nium.
627 5012 869 5067 Breulius
909 5013 958 5066 in
991 5014 1300 5082 praifatione
1330 5015 1396 5068 ad
1425 5031 1587 5085 Opera
1617 5022 1788 5072 sancti
1819 5018 2006 5073 Isidori

425 5105 608 5170 refert,
642 5103 694 5160 in
732 5103 1043 5159 Victoriana
1074 5104 1297 5160 Lutetia:
1327 5105 1653 5162 Parisiorum
1684 5109 2007 5165 bibliotheca

425 5197 853 5267 antiquissimum
883 5210 1001 5250 esse
1039 5195 1232 5250 librum
1262 5197 1312 5250 in
1361 5197 1688 5252 membranis
1729 5203 2004 5268 Scriptum,

423 5303 533 5356 quo
561 5285 890 5340 itinerarium
912 5285 977 5337 ad
1006 5284 1060 5338 S'.
1091 5283 1346 5339 Jacobum
1377 5284 1638 5341 Galltecire
1666 5287 1876 5342 deserib
1899 5296 2004 5355 tur,

427 5379 482 5430 in
519 5393 628 5446 quo
677 5378 754 5431 sic
795 5375 1058 5430 habetur:
1103 5377 1253 5446 Apud
1282 5379 1457 5431 urbem
1513 5375 1883 5448 Legionensem
1931 5382 2006 5433 ri-

421 5469 685 5521 sitandum
711 5476 787 5520 est
815 5482 998 5536 corpus
1025 5467 1084 5520 Β.
1115 5464 1306 5521 Isidori
1333 5470 1576 5538 episwpi,
1603 5479 1652 5523 et
1678 5471 2000 5541 confessoris~

425 5561 529 5614 sive
549 5560 808 5627 doctoris;
837 5561 923 5630 qui
951 5562 1185 5631 regulam
1199 5562 1488 5630 piissimam
1518 5563 1716 5617 clericis
1746 5566 1999 5618 ecclesias.-

426 5657 537 5709 tiris
560 5656 796 5722 instituit,
826 5669 874 5712 et
901 5669 1099 5730 gentem
1139 5660 1459 5731 hispanicam
1488 5665 1592 5717 suis
1630 5665 1878 5719 doctrinis
1903 5667 2001 5719 im-

423 5747 548 5806 buit,
590 5759 840 5822 totamque
870 5764 1096 5807 sanctam
1142 5753 1422 5809 lc'crl‘simn
1455 5754 1707 5809 codicibus
1747 5758 2002 5828 florigcris

2111 4653 2175 4707 rZi
2217 4651 2274 4706 S.
2305 4651 2490 4707 Isidori
2521 4653 2872 4722 conspicitur;
2905 4652 3259 4720 proferemus.
3287 4650 3413 4704 Eam
3455 4649 3713 4703 transcri.

2108 4744 2216 4813 psit
2242 4742 2500 4798 Antonius
2531 4742 2764 4799 Ponzius
2791 4744 2842 4798 in
2872 4741 3156 4798 Itinerario
3188 4741 3478 4812 Hispaniae,
3501 4739 3710 4796 Matrili

2107 4837 2251 4891 edito
2276 4835 2433 4899 I785,
2459 4845 2570 4890 tom
2598 4834 2688 4899 XI,
2712 4848 2832 4905 pag.
2866 4832 2990 4899 218,
3014 4848 3134 4902 quae
3160 4833 3343 4888 seculo
3363 4847 3435 4886 xu
3460 4833 3705 4895 ineunte,

2109 4935 2202 4978 aut
2229 4941 2282 4979 xi
2311 4935 2562 4992 exeunte,
2591 4925 2803 4980 videtur
2819 4925 2960 4980 facta
2987 4941 3002 4991 ;
3033 4924 3264 4978 barbaro
3277 4931 3424 4978 certe
3453 4923 3591 4993 stylo
3617 4921 3706 4977 sic

2109 5020 2188 5066 est
2211 5021 2496 5082 concepta.

2187 5126 2344 5196 176
2379 5125 2432 5180 6.
2471 5125 2646 5189 Hanc,
2678 5144 2829 5198 quam
2861 5129 3027 5181 cernis
3070 5127 3244 5180 aulam
3281 5127 3444 5180 sancti
3471 5124 3702 5178 Joannis

2111 5214 2378 5285 Baptistaz,
2422 5218 2520 5286 fuit
2558 5217 2679 5271 olim
2708 5218 2918 5281 luteam,
2957 5233 3107 5288 quam
3138 5233 3300 5286 nuper
3323 5215 3705 5270 excellentissi-

2110 5323 2220 5359 mus
2257 5305 2626 5361 Fredenandus
2657 5325 2749 5362 rea:
2773 5316 2822 5362 et
2871 5308 3068 5363 Saucia
3107 5310 3287 5378 regina
3307 5306 3703 5376 ardificaverunt

2110 5399 2386 5464 lapideum.
2424 5398 2565 5453 Tunc
2590 5400 2652 5453 ab
2674 5403 2794 5454 urbe
2818 5400 3025 5470 Hispali
3048 5401 3376 5455 adduxerunt
3402 5399 3473 5452 ibi
3503 5414 3700 5465 corpus

2109 5492 2275 5542 sancti
2321 5488 2515 5543 Isidori
2563 5493 2826 5562 wpiscopi,
2857 5493 2908 5544 in
2940 5491 3264 5545 dedicatione
3317 5489 3492 5559 templi
3534 5489 3703 5558 hujus

2109 5579 2240 5632 diem
2274 5597 2341 5634 xu
2369 5578 2494 5633 Kal.
2525 5580 2766 5634 Januarii
2814 5597 2920 5635 arra
2949 5573 3056 5636 uel.
3092 5581 3290 5636 Deinde
3318 5583 3369 5635 in
3401 5596 3509 5635 tera
3530 5595 3701 5646 ιισιιι,

2105 5687 2155 5724 vr
2189 5669 2310 5724 Kal.
2344 5669 2495 5736 Mari,
2519 5672 2842 5726 adduxerunt
2869 5673 2938 5725 ibi
2976 5673 3040 5726 de
3080 5674 3203 5726 urbe
3231 5673 3379 5726 Avila
3407 5686 3590 5740 corpus
3621 5670 3702 5728 S.

2117 5761 2368 5815 I’inccntii
2400 5761 2494 5815 ΓΠ
2520 5762 2750 5831 Sabintc,
2786 5765 3115 5836 (‘ristctisque
3152 5766 3312 5835 ipsius
3335 5780 3474 5817 anno
3503 5763 3701 5834 prefu-
