4060 6198
313 331 406 386 145

1295 317 1685 378 iSIDORIANA
1727 349 1795 359 --
1838 317 2017 375 PARS
2060 319 2100 375 I.
2141 319 2294 377 CAP.
2342 319 2552 375 XXHII

3098 294 3137 333 ξι

3477 326 3576 379 116

307 459 381 502 tus
407 459 493 497 rex
538 446 794 494 revertens
821 438 885 491 de
912 436 1083 491 hostes
1112 434 1174 488 ab
1204 436 1328 490 urbe
1386 435 1623 490 Valentia
1656 435 1772 487 hinc
1814 434 1881 488 ibi
1913 440 1959 495 Α
1986 436 2208 492 Joannis
2234 438 2499 509 Baptistre.
2526 436 2670 493 Infra
2696 438 2834 492 inter
2859 437 2961 494 alia
2992 438 3309 496 conceditur
3333 441 3580 496 Ccrlcsim

307 540 382 593 die
408 534 617 589 sabbato
643 541 690 585 et
718 529 843 585 obiit
870 529 955 583 die
986 545 1061 594 ιιι,
1093 529 1227 596 feria
1256 545 1303 582 vi
1331 526 1454 581 Kal.
1484 525 1749 591 Januarii,
1773 541 1883 581 cera

309 643 443 686 ICIII.
476 624 671 679 Sancia
694 622 873 699 regina
903 618 1008 675 Deo
1037 619 1212 673 dicata
1235 620 1451 690 peregit.

374 721 421 772 7.
464 714 653 768 Exstat
674 712 791 767 hzec
838 710 1029 765 eadem
1076 710 1353 779 inscriptio
1406 709 1547 778 apud
1586 707 1887 763 Florezium

310 823 429 869 tom.
458 807 552 874 IX,
596 819 721 877 pag.
754 804 881 869 211,
925 820 990 858 ex
1026 802 1353 858 Sandovalio
1390 802 1442 857 in
1484 802 1719 857 Historia
1750 801 1891 869 regis

313 898 622 959 Ferdinandi
672 895 766 951 fol.
801 894 888 961 16,
922 894 1018 949 sed
1066 894 1239 949 solum
1286 908 1455 963 usque
1483 895 1549 947 ad
1582 895 1743 949 verba
1784 910 1891 947 ana

318 1006 424 1048 uel.
458 990 535 1044 lbi
582 987 779 1055 legitur
804 986 929 1040 olim
984 985 1150 1056 fuit...
1197 983 1655 1039 excellentissimus
1707 983 1893 1039 Fredi-

315 1079 574 1134 nandus...
605 1077 1041 1145 ediﬁcaverunt...
1075 1076 1323 1146 episcopi.

378 1168 427 1222 8.
466 1165 544 1220 Ex
595 1166 697 1220 hac
748 1164 1099 1234 inscriptione
1161 1164 1432 1232 colligitur
1476 1164 1889 1222 translationem

313 1261 547 1331 corporis
590 1258 647 1313 8.
678 1257 875 1313 lsidori
894 1256 1217 1312 celebratam
1251 1256 1417 1313 fuisse
1447 1272 1589 1313 anno
1621 1256 1782 1323 1065,
1810 1256 1898 1312 die

312 1349 377 1405 20
402 1348 736 1405 Decembris.
762 1348 887 1403 Dies
912 1346 986 1403 les
998 1356 1080 1402 tus
1106 1348 1263 1419 hujus
1290 1348 1655 1405 translationis
1682 1348 1734 1403 in
1766 1348 1897 1402 Bre-

315 1444 470 1497 viario
493 1441 760 1496 Toletano
787 1440 1047 1507 agebatur
1072 1438 1145 1493 22
1173 1440 1501 1506 Decembris,
1530 1440 1669 1511 apud
1702 1439 1894 1508 Legio-

317 1551 498 1592 nenses
540 1549 670 1590 vero
715 1532 803 1599 20,
834 1540 891 1587 ιιι
915 1531 1080 1587 refert
1132 1532 1422 1601 Cajetanus
1458 1545 1580 1603 pag.
1614 1531 1705 1585 44.
1741 1530 1901 1585 Tem-

317 1629 451 1697 plum
483 1624 672 1681 lsidori
728 1624 1092 1694 appellatione
1139 1624 1335 1680 deinde
1383 1625 1691 1693 insignitum
1745 1624 1903 1679 docet

317 1718 541 1772 Mariana
568 1717 657 1771 lib.
678 1732 729 1770 ix
754 1715 887 1775 Hist.
916 1714 1086 1784 Hisp.,
1108 1731 1159 1770 c.
1184 1715 1283 1768 15:
1312 1716 1464 1769 Alviti
1488 1732 1673 1786 corpus
1703 1716 1754 1768 in
1779 1724 1901 1767 tem-

1986 530 2100 585 sive
2155 531 2484 585 monasterio
2514 530 2572 585 8.
2626 529 2848 584 Joannis
2880 533 3150 601 Ilaptistte,
3210 533 3430 588 ecclesia
3460 551 3578 587 cum

1986 624 2149 675 tribus
2183 621 2432 675 altaribus
2478 623 2532 675 in
2575 623 2772 692 campis
2822 620 3104 676 Gothorum
3155 623 3210 677 in
3268 622 3485 677 Rioseco
3513 623 3585 676 ad

1995 713 2188 768 Villam
2219 713 2502 767 l'erdem...
2532 729 2591 766 eo
2617 712 2753 783 quod
2782 712 2853 766 ibi
2875 714 3063 780 quievit
3083 729 3266 783 corpus
3296 714 3583 770 beatissimi

1992 804 2207 871 Isidori,
2236 806 2442 876 quando
2472 814 2793 875 asportatum
2825 807 2921 875 fuit
2946 808 3009 859 de
3041 806 3250 876 Hispali
3279 810 3582 880 metropoli-

1995 910 2137 953 tana.
2172 898 2225 953 In
2275 897 2414 952 line:
2451 895 2615 951 Facta
2644 899 2895 968 scriptura
2930 900 3253 962 testamenti,
3286 900 3364 954 vel
3387 902 3585 970 conﬁr-

1992 988 2236 1041 mationis
2259 988 2311 1040 in
2339 987 2662 1040 dedicatione
2690 988 2853 1057 ipsius
2884 988 3114 1041 basilicce
3153 986 3245 1042 sub
3276 988 3359 1042 die
3381 989 3581 1044 duode-

1994 1078 2128 1132 cimo
2163 1075 2429 1131 Kalendas
2455 1075 2701 1130 Januarii
2724 1092 2741 1130 :
2765 1079 2995 1140 sequenti
3025 1094 3140 1131 vero
3169 1078 3249 1131 die
3279 1079 3584 1133 translatio-

1998 1183 2111 1222 nem
2167 1169 2396 1237 corporis
2440 1168 2502 1222 S.
2546 1165 2737 1222 Isidori
2776 1167 3140 1221 celebravimus
3169 1168 3439 1223 undecimo
3473 1167 3586 1223 Ka-

1999 1260 2181 1315 lendas
2210 1259 2480 1326 Januarii,
2512 1277 2620 1315 a’ru
2652 1260 2926 1314 millesima
2977 1261 3252 1313 centesima
3292 1261 3481 1329 prima.

2073 1348 2161 1404 1‘2.
2194 1350 2288 1406 llic
2316 1359 2432 1406 erat
2479 1365 2651 1405 allllllS
2680 1350 2877 1405 Christi
2911 1349 3066 1405 1065.
3102 1348 3243 1404 Olim
3284 1350 3465 1417 igitur,
3505 1350 3591 1403 vel

2001 1449 2148 1497 certe
2196 1441 2485 1510 primoillo
2529 1456 2694 1504 anno,
2727 1440 2813 1495 die
2858 1439 2915 1493 2|
2960 1440 3291 1505 Decembris,
3323 1440 3592 1494 dedicat'u

2004 1528 2190 1602 templi
2217 1530 2275 1585 S.
2303 1528 2524 1585 Joannis
2542 1530 2793 1598 Baptista:
2815 1531 3084 1584 celebrata
3111 1529 3227 1596 fuit,
3252 1530 3338 1584 die
3364 1544 3493 1584 vero
3522 1527 3595 1580 Ἡ

2007 1621 2288 1675 translatio
2315 1620 2558 1690 corporis
2587 1618 2643 1673 8.
2692 1618 2900 1674 Isidori.
2948 1618 3281 1676 Procedente
3328 1626 3590 1688 tempore,

2007 1727 2117 1767 uno
2152 1711 2452 1781 eodemque
2480 1710 2569 1765 die
2607 1710 2874 1765 dedicatio
2905 1719 2960 1765 et
2990 1711 3267 1767 translatio
3311 1711 3595 1766 celebrata:

315 1810 395 1877 pla
438 1808 669 1859 maxima
696 1804 1002 1857 tumulatum
1032 1813 1129 1869 est,
1162 1802 1357 1857 Isidori
1383 1805 1435 1856 in
1460 1804 1686 1858 Joannis
1719 1802 1885 1871 ﬂzpti-
1928 1805 1975 1864 B
2004 1802 2237 1857 fuerunt.
2270 1801 2403 1857 Inde
2432 1810 2569 1855 natu:
2596 1801 2820 1857 diversa:
2849 1812 3129 1858 auctorum
3159 1803 3260 1858 hac
3299 1802 3365 1857 de
3391 1817 3449 1857 re
3475 1801 3597 1872 api-

320 1908 406 1951 sta!
434 1898 549 1951 loco
582 1894 791 1949 sublimi
842 1904 994 1965 atque
1046 1894 1338 1965 prarclaro:
1380 1894 1516 1948 unde
1571 1893 1900 1962 consequenti

319 1998 535 2058 tempore
575 1988 789 2056 factum,
833 1994 889 2037 ut
910 1985 1044 2039 cedes
1096 1984 1188 2037 illa
1221 1993 1359 2038 vetus
1386 1982 1610 2037 Joannis
1650 1981 1935 2053 Baptistre

318 2094 491 2132 nomen
525 2076 719 2131 Isidori
750 2076 1100 2147 appellatione
1120 2078 1352 2129 mutarit.

382 2168 432 2222 9.
465 2167 587 2223 Huc
617 2165 794 2221 refero
815 2166 959 2236 quod
982 2165 1311 2221 architectus
1329 2164 1523 2220 Petrus
1548 2165 1615 2218 de
1645 2163 1754 2217 Deo
1784 2176 1901 2215 eam

317 2260 371 2316 S.
402 2260 589 2315 Isidori
632 2258 913 2315 ecclesiam
953 2256 1402 2325 snperwdiﬁcasse
1430 2255 1622 2309 dicitur
1645 2254 1699 2307 in
1729 2252 1901 2323 epita-

318 2351 436 2421 phio
461 2349 737 2418 descripto
781 2363 811 2402 a
846 2346 1004 2403 Risco
1034 2354 1167 2400 tam.
1201 2343 1391 2398 XXXV
1436 2342 1586 2414 liisp.
1639 2358 1805 2407 sacr.,
1844 2358 1900 2411 p.

461 2442 572 2497 Hic
602 2442 869 2513 requiescit
892 2440 1075 2495 Petrus
1104 2440 1166 2494 de
1197 2439 1325 2505 Dea,
1356 2441 1441 2511 qui
1471 2437 1904 2507 supera'di/icavit

318 2538 583 2591 ecclesiam
639 2535 792 2586 hanc.
847 2531 955 2586 Iste
1006 2531 1241 2601 fundavit
1281 2538 1487 2600 pontem
1515 2529 1602 2599 qui
1629 2528 1815 2580 dicitur
1844 2526 1907 2579 de

317 2628 455 2684 Deus
498 2626 753 2681 temben:
786 2633 838 2679 et
863 2626 985 2695 quia
1034 2632 1148 2678 erat
1191 2623 1267 2676 vir
1308 2622 1456 2675 mirae
1484 2618 1830 2680 abstinentiae,
1858 2627 1907 2670 et

315 2720 730 2791 mu’tisﬂorebat
759 2716 1049 2781 miraculis,
1074 2730 1250 2768 omnes
1278 2730 1393 2767 eum
1442 2709 1684 2765 laudibus
1712 2708 1907 2779 prredi-

314 2816 523 2871 cabant.
586 2812 830 2883 Sepultus
881 2818 957 2865 est
1013 2809 1095 2863 hic
1122 2808 1186 2860 ab
1225 2808 1532 2877 imperatore
1572 2803 1834 2873 Ade,”onso
1862 2809 1911 2854 et

315 2905 507 2960 Saucia
538 2905 733 2975 regina.
777 2901 1010 2957 Verbum
1040 2898 1244 2953 tamben
1292 2905 1375 2952 est
1404 2911 1502 2965 pro
1533 2896 1708 2956 etiam,
1757 2908 1899 2947 nunc

312 2995 504 3067 Hispan
522 2996 606 3051 ice
635 2994 881 3061 tambien,
903 3008 969 3048 ex
1003 2991 1193 3046 Latino
1223 2999 1329 3044 tam
1351 2989 1498 3043 bene.

383 3088 471 3142 l0.
503 3088 696 3157 Neque
724 3085 793 3140 ab
821 3084 926 3139 hoc
954 3083 1077 3139 loco
1108 3082 1341 3136 alienum
1372 3088 1461 3134 est
1497 3078 1636 3148 quod
1671 3076 1908 3131 Mariana

320 3178 408 3236 lib.
440 3196 494 3235 Ix
526 3178 667 3233 Hist.
700 3176 1024 3245 Hisp.,icap.
1057 3175 1125 3238 5,
1157 3174 1223 3229 de
1256 3171 1562 3227 Etisabetha
1592 3171 1800 3225 Altons't
1848 3167 1909 3221 Vl
1942 3183 1989 3243 ο

319 3286 507 3334 uxore,
534 3268 683 3339 prius
706 3267 867 3323 Zaida
890 3276 1221 3338 nuncupata,
1244 3270 1663 3321 commemorat:
1690 3259 1914 3315 Casildaz

318 3364 585 3433 exemplo,
602 3362 707 3415 sive
733 3375 828 3413 sua
850 3367 1032 3428 sponte
1057 3359 1277 3410 incitata
1304 3354 1493 3419 Zaida,
1528 3350 1915 3407 lavacraChri-

316 3454 485 3506 stiano
534 3467 603 3505 ea:
633 3460 810 3503 nostra
840 3464 980 3501 more
1013 3447 1251 3506 lustrata,
1283 3447 1334 3498 in
1369 3443 1569 3513 Alfansi
1602 3442 1736 3512 regis
1782 3456 1914 3508 nup-

317 3545 413 3596 tias
434 3549 557 3612 post
575 3540 768 3608 aliquot
792 3553 955 3589 annos
978 3537 1247 3589 concessit.
1279 3533 1550 3602 Prodigia,
1583 3549 1698 3603 quae
1722 3530 1915 3585 Isidori

314 3632 527 3699 corpori
555 3627 882 3699 exportanda
906 3626 1180 3694 contigisse
1201 3626 1445 3677 divinitus
1474 3624 1628 3693 paulo
1659 3631 1780 3675 ante
1835 3622 1915 3673 di-

317 3739 455 3776 c'nm
477 3727 583 3781 est,
614 3718 756 3771 mult,
780 3734 829 3770 m
855 3715 1131 3769 contulisse
1152 3716 1257 3768 visa
1281 3723 1419 3779 sunt,
1438 3724 1493 3767 ut
1514 3716 1567 3767 in
1581 3712 1917 3781 suscipienda:

318 3813 634 3867 Christiani?
649 3808 919 3877 religionis
949 3807 1450 3875 voluntatem177
1482 3805 1802 3858 vehementer
1828 3805 1914 3857 in-

318 3906 599 3959 cuntberet.
650 3900 879 3954 Accessit
918 3900 1196 3966 somnium,
1222 3900 1277 3951 in
1317 3899 1621 3971 quo-divum
1653 3896 1913 3951 Isidorum

317 3996 514 4049 viderat
547 3995 604 4047 in
643 4000 865 4064 angusta
884 3992 1072 4062 specie,
1104 3990 1396 4063 blandaque
1424 4007 1559 4055 vace,
1590 3998 1645 4042 ut
1668 4006 1773 4044 rem
1802 4006 1915 4043 ma-

321 4092 540 4149 turaret,
572 4091 881 4147 monentem,
907 4089 1009 4134 etc.
1035 4079 1163 4133 Filia
1192 4080 1305 4135 haec
1344 4088 1462 4135 erat
1489 4079 1745 4134 Benabeti
1774 4080 1915 4148 regis

321 4172 674 4245 llispalensis,
730 4172 821 4242 qui
863 4186 1057 4241 corpus
1113 4170 1171 4226 S.
1222 4170 1410 4227 Isidori
1457 4172 1756 4242 exportari
1785 4186 1914 4227 con—

320 4265 502 4319 πεδί’.

390 4357 477 4411 11.
522 4355 604 4410 Ad
652 4356 792 4410 hanc
832 4357 1005 4423 ipsam
1029 4368 1140 4408 rem
1168 4352 1606 4420 conﬁrmandam,
1644 4355 1719 4408 uti
1750 4354 1913 4410 etiam

319 4449 385 4502 ad
426 4448 772 4519 posthumam
816 4446 1005 4501 lsi'lori
1032 4446 1253 4515 gloriam
1304 4445 1766 4516 comprobandam
1792 4461 1916 4515 per-

2005 1895 2213 1961 niones,
2248 1893 2315 1949 de
2344 1894 2540 1963 quibus
2570 1893 2690 1949 vide
2712 1910 2831 1964 cap.
2857 1893 2890 1949 8
2912 1905 2967 1948 et
2994 1894 3046 1959 9,
3076 1895 3165 1950 ubi
3200 1896 3331 1951 Acta
3356 1894 3597 1949 transla-

2005 1986 2167 2041 tionis
2196 1984 2561 2054 exposnimus.
2612 1982 2689 2039 De
2720 1984 2821 2039 hoc
2862 1984 2979 2054 ipso
3019 1985 3373 2041 instrumento
3402 1983 3598 2051 Pagius

2005 2076 2072 2131 ad
2101 2076 2389 2131 Baronium
2422 2091 2565 2131 anno
2608 2074 2769 2140 1055,
2818 2090 2968 2129 num.
3000 2076 3088 2141 47,
3148 2091 3215 2131 ex
3265 2074 3592 2131 Sandovalio

2006 2168 2334 2222 mentionem
2368 2166 2513 2232 facit,
2564 2165 2652 2219 ubi
2682 2181 2921 2221 errorem
2954 2165 3167 2222 Baronii
3216 2166 3457 2234 corrigit,
3500 2168 3597 2234 qui

2008 2256 2413 2313 translationem
2445 2272 2588 2311 anno
2613 2255 2753 2310 1055
2776 2257 3170 2325 assignaverat:
3198 2257 3310 2326 ipse
3338 2272 3467 2311 vero
3499 2255 3601 2311 Pa-

2006 2349 2122 2419 gius
2140 2349 2409 2412 Albitum,
2442 2363 2536 2405 seu
2578 2349 2834 2413 Alvitum,
2865 2350 2955 2418 qui
2986 2350 3273 2419 episcopus
3303 2349 3602 2417 Legionen-

2007 2437 2082 2492 sis
2102 2445 2238 2502 erat,
2266 2446 2425 2491 vocat
2451 2436 2762 2506 episcopum
2791 2437 3175 2506 Hispalensem.
3220 2436 3274 2490 In
3308 2438 3483 2491 vt-rbis
3509 2453 3606 2492 au-

2011 2535 2118 2581 tem
2148 2541 2267 2595 qua:
2311 2541 2379 2581 ex
2411 2524 2628 2595 Pelagio
2671 2526 2921 2581 Ovelensi
2955 2528 3006 2582 in
3044 2529 3200 2599 178
3224 2528 3467 2583 eamdem
3491 2544 3603 2583 rem

2011 2616 2255 2687 prolert:
2291 2616 2395 2671 Iste
2433 2618 2697 2672 transtulit
2717 2634 2901 2688 corpus
2934 2618 2996 2673 S.
3032 2617 3225 2673 Isidori
3272 2621 3499 2690 episcopi
3538 2621 3604 2673 ab

2013 2707 2224 2778 Hispali
2263 2708 2534 2777 metr0poli
2582 2709 2634 2761 in
2680 2709 2951 2778 Legionem
2977 2725 3068 2778 per
3091 2726 3276 2763 manus
3302 2710 3608 2779 pontiﬁcum

2012 2797 2184 2867 Δίομιὶ
2214 2795 2575 2867 Legionensis,
2618 2808 2665 2851 et
2698 2798 2921 2853 Ordonii
2958 2799 3281 2854 Astoniensis
3308 2801 3606 2871 (corrigen-

2012 2888 2159 2954 dum,
2189 2887 2347 2944 Atbiti
2377 2886 2732 2959 Leg'onensis,
2779 2891 2868 2958 qui
2902 2889 3105 2960 Hispali
3132 2901 3258 2946 ante
3298 2891 3606 2948 translatio.

2014 2994 2138 3036 nem
2184 2980 2341 3037 deces
2373 2979 2461 3050 it),
2484 3036 2485 3039 η
2508 2990 2556 3034 et
2588 2978 2807 3035 Ordonii
2838 2982 3202 3049 Astoricensis,
3245 2983 3359 3038 sive
3400 2985 3608 3039 Asturi-

2018 3075 2206 3129 censis.
2250 3128 2253 3131 .

2092 3165 2179 3219 15.
2211 3164 2627 3221 lnstrumentum
2658 3167 2948 3222 secundum
2991 3167 3235 3224 continet
3280 3168 3413 3223 alias
3439 3166 3610 3223 dona-

2021 3257 2193 3313 tiones
2218 3259 2544 3313 monasterio
2590 3257 2907 3328 Legionensi
2941 3258 2998 3314 S.
3030 3257 3219 3315 Isidori
3251 3260 3435 3327 tactas,
3464 3274 3606 3313 anno

2019 3348 2179 3418 1148,
2224 3352 2291 3405 ab
2321 3350 2544 3407 Alfonso
2575 3352 2905 3423 imperatore
2947 3351 3233 3424 Hispaniae.
3284 3353 3611 3407 Instrumen-

2019 3449 2128 3495 tum
2186 3442 2403 3497 tertium
2454 3443 2673 3499 exhibet
2729 3444 3075 3499 donationem
3105 3460 3230 3516 qua,
3274 3459 3415 3498 anno
3446 3442 3607 3509 1159,

2017 3534 2383 3591 Ferdinandus
2413 3552 2511 3592 rex
2538 3536 2907 3608 Legionensis,
2936 3537 3149 3606 sepulto
3178 3551 3405 3607 corpore
3432 3536 3611 3590 amita:

2016 3640 2125 3680 sine
2165 3626 2225 3681 D.
2258 3625 2466 3682 Saucia:
2492 3629 2543 3681 in
2572 3630 2902 3684 monasterio
2931 3627 2988 3683 S.
3020 3628 3229 3693 lsidori,
3260 3627 3479 3682 donavit
3507 3629 3607 3681 ab-

2016 3717 2124 3771 bati
2155 3716 2414 3785 ejusdem,
2447 3726 2503 3773 et
2541 3719 2749 3774 exteris
2785 3717 3092 3785 Canonicis,
3117 3721 3500 3775 monasterium
3547 3721 3607 3775 S.

2016 3804 2232 3860 Juliani.
2265 3805 2475 3871 Riscus,
2506 3804 2628 3860 eod.
2659 3814 2788 3861 tom.
2820 3804 3039 3862 XXXVI
3068 3806 3217 3879 Hisp,
3247 3824 3415 3871 sacr.,
3443 3818 3605 3864 tract.

2022 3899 2113 3963 72,
2142 3912 2260 3967 cap.
2292 3896 2346 3963 Ξ,
2376 3896 2542 3952 refert
2570 3898 2805 3954 edictum
2848 3914 3034 3969 regum
3065 3901 3453 3956 catholicorum
3476 3901 3609 3956 Fer-

2016 3990 2233 4046 dinandi
2254 3998 2311 4045 et
2328 3988 2625 4056 Elisabeth,
2645 4006 2752 4061 quo
2770 3991 2960 4061 jubent
2978 3992 3255 4047 observari
3277 4002 3610 4060 prmceptum

2017 4082 2084 4137 ab
2116 4082 2314 4137 abbate
2345 4082 2654 4137 monasterii
2696 4082 3041 4152 Legionensis
3084 4082 3141 4138 8.
3174 4080 3361 4138 Isidori
3390 4082 3488 4137 sub
3518 4099 3612 4136 ex-

2017 4174 2461 4229 comunicationis
2499 4188 2658 4244 poena
2687 4174 2876 4238 latum,
2905 4190 2973 4229 ne
3009 4173 3313 4243 iuramenta
3344 4188 3442 4243 pro
3472 4174 3612 4228 veri-

2019 4274 2129 4320 tate
2172 4267 2398 4321 dicenda
2440 4266 2633 4323 tierent
2670 4282 2834 4337 super
2854 4282 2978 4321 arca
3009 4282 3112 4336 qua
3141 4266 3477 4321 reconditum
3527 4273 3612 4320 est

2017 4372 2214 4426 corpus
2233 4356 2299 4411 8.
2322 4357 2507 4414 Isidori
2527 4375 2540 4421 ;
2562 4373 2683 4411 nam
2703 4359 2819 4412 hmc
2850 4358 3153 4412 invaluerat
3175 4355 3534 4420 consuetudo,
3559 4370 3615 4411 et

2019 4448 2223 4516 Opinio,
2269 4449 2413 4518 quod
2463 4449 2497 4503 ii
2548 4450 2639 4517 qui
2696 4450 2769 4503 ita
2812 4448 3137 4519 peierarent,
3176 4461 3300 4504 ante
3352 4464 3553 4504 annum
3583 4466 3613 4504 a

321 4539 493 4594 tinent
540 4538 693 4608 plura
746 4539 1097 4592 instrumenta
1128 4543 1337 4599 vetera,
1386 4536 1580 4602 quibus
1627 4537 1828 4590 mentio
1858 4535 1917 4589 ﬁt
1948 4567 1990 4622 ο
2022 4537 2257 4606 perjurio
2284 4553 2315 4592 e
2356 4538 2462 4591 vita
2489 4541 2845 4607 eriperentur.
2882 4536 3327 4592 Praetereundum
3345 4554 3476 4594 vero
3504 4557 3611 4597 non

316 4631 565 4702 corporis
594 4629 782 4685 Isidori
828 4627 1116 4697 Legionem
1170 4625 1441 4691 translati,
1468 4634 1561 4679 aut
1603 4625 1655 4679 in
1686 4640 1747 4678 ea
1779 4626 1911 4680 urbe

315 4719 570 4789 sepulcro
597 4718 816 4774 conditi.
849 4713 1237 4773 Tom.XXX»V|
1260 4712 1405 4782 llisp.
1430 4728 1590 4777 sacr.,
1625 4720 1745 4781 post
1775 4712 1910 4766 alias

315 4809 668 4878 appendices,
701 4806 1078 4863 describuntur
1119 4806 1470 4858 instrumenta
1501 4802 1567 4856 ad
1612 4801 1819 4869 insigne
1846 4799 1905 4855 S.

316 4897 507 4954 [sideri
530 4898 924 4953 monasterium
951 4896 1285 4963 Legionense
1312 4893 1632 4962 spectantia.
1666 4890 1902 4946 Primum

316 5000 397 5047 est
440 4992 547 5047 Ιιο’;
578 4989 773 5045 titulo:
827 4985 1193 5041 Ferdinandus
1240 5000 1353 5048 rex,
1384 4993 1431 5036 et
1477 4982 1672 5037 Sancia
1703 4982 1901 5051 regina,

317 5082 577 5136 translato
608 5096 821 5151 corpore
849 5079 912 5134 S.
949 5078 1143 5133 Isidori
1171 5076 1541 5145 archiepiswpi
1575 5073 1621 5126 ll
1638 5075 1905 5145 'spalensis

314 5182 367 5226 in
416 5172 722 5245 Legionem,
759 5171 1081 5241 amplissime
1120 5178 1324 5228 ornant,
1358 5178 1408 5221 et
1445 5169 1612 5222 ditant
1651 5178 1908 5222 monaste-

314 5258 449 5316 rium
476 5262 539 5318 S.
569 5260 797 5316 Joannis
828 5260 1079 5331 Baptista:
1105 5275 1278 5313 coram
1319 5257 1833 5328 pluribus-episcopis
1860 5270 1909 5312 et

312 5354 673 5426 optimatibus,
708 5356 794 5425 qui
835 5353 905 5406 ad
945 5351 1335 5405 translationem
1364 5350 1727 5403 celebrandam
1755 5368 1907 5406 vene-

313 5456 470 5500 rant:
502 5462 572 5500 εχ
601 5461 708 5516 quo
740 5459 909 5515 pauca
938 5443 1051 5499 haec
1078 5458 1306 5511 excerpo
1332 5458 1345 5495 :
1380 5440 1493 5495 Nos
1516 5443 1716 5511 indigni
1744 5454 1793 5496 et
1812 5461 1905 5497 ea:-

312 5538 419 5609 igui
448 5538 597 5608 fama
620 5538 637 5590 i
663 5535 857 5589 Christi
878 5531 1258 5589 Fredenandus
1277 5547 1391 5607 rex,
1411 5540 1460 5586 et
1477 5531 1675 5586 Sancia
1706 5534 1907 5604 regina,

316 5629 534 5696 fecimus
560 5624 846 5679 trasladari
872 5639 1060 5695 corpus
1092 5620 1227 5675 beati
1250 5619 1443 5675 Isidori
1467 5622 1530 5675 de
1558 5624 1906 5693 metropolita-

317 5737 385 5775 ιω
415 5719 632 5790 Hispali
670 5736 760 5787 per
799 5733 981 5773 manus
1021 5717 1396 5786 episcoporum,
1428 5718 1534 5771 sive
1560 5719 1908 5784 sacerdotum,

316 5812 456 5867 intra
497 5827 677 5868 muros
734 5810 975 5883 Legionis
1013 5809 1233 5864 civitatis
1264 5817 1455 5863 nostra:
1498 5810 1549 5863 in
1589 5812 1805 5867 ecclesia
1846 5813 1906 5867 S.

2019 4634 2102 4679 cst
2128 4626 2361 4694 diploma
2390 4625 2637 4694 Gregorii
2686 4625 2759 4680 lX
2796 4626 2862 4680 ad
2892 4626 3138 4681 abbatem
3184 4636 3241 4681 et
3283 4640 3613 4685 conventum

2021 4714 2076 4770 S.
2102 4715 2288 4770 Isidori
2315 4715 2662 4784 Legionensis
2682 4717 2821 4787 apud
2851 4717 3181 4787 Raynaldnm
3205 4722 3271 4772 ad
3295 4738 3423 4775 ann.
3452 4723 3613 4790 1255,

2018 4821 2143 4858 num
2175 4804 2242 4857 69
2270 4823 2281 4856 :
2316 4806 2465 4867 Cum,
2490 4808 2647 4867 ,sicut
2674 4809 2984 4877 accepimus,
3015 4810 3068 4862 in
3095 4814 3407 4881 monasterio
3447 4826 3614 4869 vestro

2016 4911 2198 4965 corpus
2228 4894 2290 4951 Β.
2335 4894 2527 4950 Isidori
2558 4898 2860 4967 requiescat,
2907 4916 3022 4965 nos,
3067 4904 3398 4958 considerata
3448 4908 3611 4977 ipsius

2014 4990 2113 5044 loci
2139 4990 2402 5061 religione,
2432 5007 2508 5044 ac.
2541 4993 2763 5063 fratrum
2786 4994 2853 5047 ibi
2877 4998 3191 5050 maranium
3221 5000 3509 5065 honestate,
3538 5000 3603 5053 de

2016 5082 2280 5137 beatorum
2302 5083 2447 5138 Petri
2467 5094 2516 5139 et
2541 5084 2694 5139 Pauli
2714 5090 3022 5143 auctoritate
3043 5092 3246 5160 conﬁsi,
3270 5094 3505 5147 erunibus
3528 5093 3610 5146 de-

2017 5187 2128 5228 vote
2166 5176 2235 5229 ad
2264 5178 2633 5232 monasterium
2662 5179 2826 5249 ipsum
2861 5181 2942 5233 die
2986 5183 3277 5252 festivitatis
3305 5183 3367 5238 Β.
3411 5182 3610 5239 Isidori

2018 5266 2333 5322 venientibus
2362 5270 2709 5340 quadraginta
2739 5270 2846 5324 dies
2877 5271 2940 5324 de
2964 5272 3197 5341 injnrtcta
3227 5274 3321 5327 sibi
3350 5278 3611 5343 pmn'ten-

2018 5359 2089 5410 tia
2118 5374 2211 5422 pro
2240 5359 2401 5428 ipsius
2421 5361 2591 5413 sancti
2614 5363 2895 5415 reverentia
2926 5362 3248 5425 relaa'anms.
3282 5362 3471 5416 Datum
3505 5362 3609 5420 La-

2019 5457 2111 5501 ter.
2139 5464 2224 5501 XIV
2257 5446 2380 5502 Kal.
2410 5449 2578 5515 Junii,
2609 5452 2843 5521 pontific.
2870 5456 3035 5508 nostri
3067 5471 3204 5507 anno
3234 5470 3323 5507 vn.

2083 5538 2169 5591 14.
2199 5536 2332 5593 Cum
2382 5548 2562 5593 autem
2613 5540 2882 5599 Ordonins
2911 5544 3196 5613 episc0pus
3240 5542 3607 5602 Asturicensis

2012 5645 2207 5700 corpus
2236 5628 2291 5685 S.
2323 5629 2508 5685 lsidori
2542 5630 2832 5701 Legionem
2877 5632 3260 5701 trantulisset,
3292 5650 3383 5687 rex
3416 5634 3605 5691 Ferdi-

2014 5718 2223 5774 nandus
2255 5719 2370 5789 ipso
2400 5736 2544 5775 anno
2574 5722 2731 5785 1065,
2764 5723 2851 5777 die
2893 5722 2964 5775 22
2993 5721 3317 5787 Decembris,
3347 5725 3433 5781 die
3462 5726 3607 5782 scili-

2015 5817 2101 5865 cct
2130 5809 2373 5880 sequenti
2424 5819 2707 5880 postquam
2766 5810 3041 5868 translatio
3088 5810 3355 5870 celebrata
3404 5814 3597 5881 fuerat,
