4060 6198
345 253 449 313 H9

1358 257 1737 314 ιδιῡοῐιιικλ
1783 288 1849 295 —
1894 255 2065 312 PARS
2106 258 2144 313 I.
2187 257 2338 317 CAP.
2384 262 2552 323 XXX.

3508 282 3611 337 15')

340 384 460 427 ctus
483 366 725 439 pontifex
755 365 870 421 XIV
899 366 1170 436 subjungit
1198 387 1210 421 :
1249 368 1461 424 Domum
1483 388 1575 427 suo
1598 372 1796 427 muneri
1823 388 1923 427 non
1952 368 2001 428 Α
2028 386 2096 427 ex
2143 388 2250 450 quo
2307 378 2547 434 nonnulli
2588 381 2964 442 existimarunt
3013 387 3298 445 Martinam
3346 393 3605 452 Pohnnun

338 466 615 536 defuerunt
650 460 1009 531 postulatores,
1057 461 1164 532 qui,
1198 462 1420 517 collectis
1448 462 1669 533 undique
1700 464 1928 517 testimo-

338 560 461 624 niis,
475 554 833 610 excellentiam
855 555 1175 625 doqtrinceS.
1196 554 1390 611 Isidori
1411 557 1701 627 plenissime
1722 559 1928 611 demon-

337 658 611 710 strarunt,
676 644 820 699 edito
866 645 1025 699 etiam
1070 649 1205 717 typis
1253 650 1500 720 sn/I'ragio
1538 651 1925 705 eminentissimi

338 743 535 795 domini
564 738 849 793 cardinulis
884 739 1137 811 Bellugce,
1191 756 1364 794 causae
1393 742 1649 807 relator-is,
1683 744 1767 813 qui
1805 745 1923 797 aui-

336 835 717 890 madecrsiones
773 850 804 887 a
854 850 935 887 me
977 843 1218 906 tanquam
1247 836 1371 905 ﬁdei
1414 845 1706 905 promotore
1756 838 1923 906 [actas

336 928 487 981 docte
533 927 597 979 de
641 942 784 980 more
846 928 1182 997 confutavit,
1254 936 1304 983 et
1374 929 1524 999 plura
1599 930 1801 984 addidit
1871 931 1922 984 in

333 1018 832 1074 commendationem
862 1020 1070 1074 eximite
1090 1018 1339 1075 doctrina:
1359 1021 1589 1090 ejusdem
1612 1021 1674 1075 S.
1710 1020 1920 1076 Isidori.

405 1112 459 1165 ὦ.
529 1110 726 1167 Leonis
778 1110 843 1165 IV
872 1112 1182 1167 auctoritati
1225 1113 1479 1182 conjungi
1545 1113 1627 1168 vel
1673 1114 1922 1183 prannitti

332 1212 561 1276 possunt
586 1204 748 1259 verba
779 1202 1034 1259 Hadriani
1074 1202 1118 1271 I,
1147 1204 1237 1273 qui
1261 1205 1457 1260 seculo
1481 1221 1569 1259 vui
1599 1205 1811 1272 claruit,
1870 1205 1921 1260 in

330 1297 560 1363 epistola
608 1297 674 1350 ad
700 1296 903 1364 Egilam
926 1297 1236 1367 episcopum
1276 1298 1326 1352 in
1357 1298 1600 1368 partibus
1629 1298 1916 1369 Hispaniae,

330 1388 401 1442 95
447 1386 665 1442 Codicis
713 1384 969 1449 Carolini,
1026 1394 1158 1442 tom.
1206 1386 1273 1441 III
1316 1386 1581 1458 Scriptor.
1632 1388 1771 1443 Gali.
1818 1389 1923 1443 Du-

329 1477 537 1533 chesnii
566 1495 579 1531 :
614 1476 956 1549 Nequaquam
985 1478 1340 1534 hcerelicorum
1355 1480 1617 1535 hominum
1641 1482 1916 1551 ignaviain,

328 1578 484 1639 atque
510 1568 725 1637 impiam
779 1584 1169 1639 pervcrsamque
1197 1572 1500 1635 amentiam,
1540 1572 1818 1642 inanesque
1856 1588 1919 1625 ac

327 1659 605 1711 mendaces
630 1673 839 1728 sequere
860 1658 1083 1728 fabulas,
1107 1660 1200 1713 sed
1226 1662 1391 1731 magis
1419 1663 1685 1716 declarant
1714 1674 1917 1719 nostro.

2027 476 2094 518 eo
2114 464 2291 521 adhuc
2319 475 2564 540 tempore
2615 472 2825 529 vixisse.
2888 476 3160 536 Fabricius
3191 482 3292 537 loc.
3335 486 3429 541 cit.
3463 503 3609 543 assc-

2025 554 2095 607 rit
2122 571 2185 610 ea
2215 574 2333 627 qua:
2381 560 2432 615 in
2489 560 2759 619 Chronico
2799 565 3010 623 Martini
3060 580 3182 640 post
3225 588 3426 631 annum
3470 577 3607 633 ιιι-ι

2025 657 2340 715 sequuntur,
2372 649 2551 706 addita
2600 668 2718 709 esse
2749 671 2777 708 a
2824 656 3115 715 I’toletnzeo
3166 661 3392 722 Luccnsi
3421 664 3486 722 ad
3512 685 3609 724 an-

2027 738 2341 806 num1294,
2389 756 2420 795 a
2459 742 2733 801 Bernardo
2779 746 3041 806 Guidonis
3097 753 3164 808 ad
3217 769 3416 812 annum
3449 739 3629 816 1316.⁸

2024 824 2444 899 Schmttgenius,
2492 840 2621 888 tom.
2672 834 2737 889 VI
2783 836 3023 907 ejusdem
3062 840 3409 903 Bibliotheca
3447 850 3608 908 medii

2025 928 2079 975 et
2123 922 2285 977 inﬁmi
2313 926 2443 991 mvi,
2502 928 2652 983 verb.
2703 928 3013 988 Ptolemaeus
3042 934 3287 993 Lucensis
3332 940 3605 1010 observat,

2025 1014 2074 1066 in
2097 1013 2303 1071 duabus
2330 1016 2952 1093 Clironicieditionibus,
3008 1042 3127 1097 qua:
3157 1029 3256 1100 ipsi
3304 1032 3370 1086 ad
3416 1050 3606 1091 manus

2023 1112 2198 1171 erant,
2255 1108 2714 1164 continuationem
2758 1110 3033 1170 Ptolemmi
3086 1115 3345 1175 Lucensis
3388 1124 3605 1180 nomine

2024 1208 2129 1250 non
2160 1206 2395 1266 exstare,
2426 1216 2599 1271 neque
2639 1202 2691 1257 in
2722 1203 2829 1260 alio
2856 1206 3123 1277 scriptore
3152 1199 3270 1265 ea‘m
3304 1212 3550 1268 notitiam
3574 1229 3604 1269 a

2021 1300 2079 1340 se
2109 1296 2399 1354 repertam.

2092 1378 2146 1433 7.
2173 1378 2435 1450 Equidem
2463 1384 2718 1438 nonnulla
2748 1386 3076 1457 exemplaria
3114 1386 3363 1447 Chronici
3394 1391 3606 1449 Martini

2020 1465 2209 1523 Poloni
2238 1470 2401 1537 edita,
2430 1473 2674 1541 quaedam
2705 1476 2866 1529 etiam
2895 1465 3020 1532 Mss.
3046 1491 3146 1547 ego
3168 1479 3363 1548 evolvi,
3412 1483 3608 1553 quibus

2018 1559 2352 1615 continuatio
2382 1573 2502 1631 post
2532 1562 2789 1621 Bonifaeii
2821 1566 2928 1621 VIII
2961 1576 3223 1641 tempora,
3286 1573 3441 1644 183
3488 1574 3607 1630 sine

2017 1652 2255 1705 auctoris
2282 1660 2459 1707 tamen
2483 1656 2719 1719 nomine,
2750 1670 2957 1711 annexa
2981 1670 3116 1713 erat.
3149 1659 3204 1716 Id
3228 1672 3406 1717 autem
3424 1705 3439 1733 ,
3462 1664 3606 1733 quod

324 1766 441 1801 rum
465 1758 761 1804 sanctorum
789 1747 1027 1814 Patrum,
1070 1751 1199 1803 sicut
1228 1751 1374 1806 nobis
1393 1754 1657 1818 intimant,
1682 1755 1912 1809 uidelicet

2022 1742 2087 1797 de
2108 1743 2309 1801 Isidoro
2332 1743 2471 1801 inter
2491 1747 2624 1803 alios
2647 1748 2898 1805 Ecclesia:
2923 1752 3169 1808 doctores
3196 1769 3298 1810 con
3319 1755 3606 1813 fecorando

324 1844 462 1896 beati
508 1844 744 1897 Silvestri
769 1852 923 1915 atque
950 1841 1245 1898 Innocentii
1274 1862 1443 1917 papas,
1476 1849 1767 1919 pariterque
1789 1848 1919 1903 almi

327 1937 639 2007 Hieronymi
679 1952 769 1989 seu
819 1934 1013 1989 Isidori
1054 1937 1253 1991 divinos
1283 1954 1541 1993 sermones
1581 1950 1815 2004 annecte,
1867 1947 1917 1995 et

325 2046 388 2081 et
419 2035 601 2081 nostra
628 2026 912 2096 apostolica
966 2025 1166 2081 olitana
1212 2028 1428 2098 (veteri)
1482 2030 1659 2100 regula
1703 2030 1917 2085 sabbato

321 2118 562 2187 fejunare
588 2118 807 2188 ﬁrmiter
833 2129 984 2189 atque
997 2119 1177 2186 procul
1202 2117 1355 2173 dubio
1378 2128 1555 2173 tenens
1576 2132 1663 2174 tua
1688 2138 1792 2176 non
1821 2122 1915 2175 de-

321 2212 463 2262 sinat
491 2211 761 2263 sanctitas.
813 2208 869 2263 In
914 2208 1280 2265 Ottoboniano
1307 2210 1506 2266 Codice
1535 2211 1660 2278 556,
1718 2213 1786 2268 de
1808 2229 1916 2282 quo

319 2314 444 2367 cap.
481 2297 604 2363 105,
636 2299 749 2354 Ircc
771 2306 851 2354 est
880 2298 1154 2370 inscriptio
1188 2318 1201 2353 :
1251 2300 1516 2372 Incipiunt
1536 2305 1766 2371 capitula
1795 2305 1916 2360 libri

321 2391 712 2445 Sententiarum
741 2394 907 2447 sancti
944 2393 1139 2448 Isidori
1180 2394 1409 2449 doctoris
1463 2394 1731 2452 Ecclesiae.
1781 2397 1917 2453 Alite

320 2498 429 2534 non
467 2482 690 2537 multum
710 2481 957 2552 diversm,
982 2493 1173 2555 etquae
1187 2485 1379 2541 eodem
1403 2488 1674 2552 recidunt,
1704 2489 1757 2543 in
1794 2490 1918 2545 aliis

320 2572 452 2626 Mss.
487 2582 798 2628 occurrunt.

392 2666 553 2734 133
586 2662 637 2718 5.
691 2664 846 2732 Quod
892 2674 1073 2721 autem
1116 2664 1184 2723 de
1238 2666 1446 2723 Isidoro
1503 2668 1643 2723 inter
1677 2677 1917 2738 quatuor

315 2761 424 2815 Εοιτ
451 2764 578 2815 csim
627 2760 829 2816 Latina:
884 2759 1073 2817 Patres
1129 2764 1464 2820 recensendo
1507 2763 1607 2818 sub
1637 2762 1913 2818 Bonifacio

311 2854 379 2907 VI
414 2854 635 2909 factum
659 2854 836 2921 fuerit,
886 2854 1129 2910 referunt
1151 2855 1485 2911 Bollandiani
1514 2857 1566 2911 in
1615 2867 1909 2912 comment.

311 2946 525 3015 praevio
550 2945 614 2998 ad
640 2945 813 2999 Vitam
837 2945 895 3000 S.
931 2945 1145 3014 Isidori,
1173 2947 1459 3017 exscriptis
1502 2947 1754 3003 Mariana:
1793 2964 1912 3003 vcr—
1947 2941 1951 2943 1

309 3039 394 3092 his
432 3054 498 3091 ex
530 3038 761 3093 Ilistoria
794 3037 1083 3108 Ili-punias.
1141 3039 1408 3106 Quieritur
1455 3041 1700 3110 quisnam
1752 3041 1912 3109 hujus

307 3132 386 3184 rei
420 3132 487 3183 sit
517 3140 722 3186 auctor.
758 3131 996 3185 Mariana
1028 3133 1080 3186 in
1108 3132 1346 3187 Ilistoria
1374 3131 1561 3187 Latina
1590 3134 1763 3188 solum
1787 3136 1863 3189 ait
1892 3151 1905 3187 :

308 3223 456 3278 Sunt
477 3224 562 3293 qui
600 3222 825 3277 scribant
874 3223 1148 3293 Banifacio
1188 3222 1333 3279 I’Ill
1385 3224 1631 3293 pontiﬁce
1677 3223 1909 3280 Romano

307 3315 636 3368 deliberante
682 3316 746 3369 de
797 3316 883 3369 iis.
911 3316 998 3387 qui
1050 3316 1315 3371 doctorum
1347 3315 1594 3370 Ecclesia'
1624 3319 1833 3372 nomine
1860 3328 1910 3372 et

305 3424 532 3460 numero
562 3408 1134 3473 essentcoliouestandi,
1161 3416 1265 3462 etc.
1310 3410 1378 3462 At
1408 3409 1459 3462 in
1490 3408 1681 3463 eadem
1731 3409 1909 3464 IIisto-

302 3500 411 3561 ria,
467 3498 659 3563 lingure
690 3495 940 3567 Hispana:
968 3499 1033 3553 ab
1065 3499 1180 3568 ipso
1222 3500 1389 3555 libere
1438 3499 1671 3564 reddita,
1722 3501 1909 3557 Marti—

304 3605 443 3643 nuni
477 3585 739 3641 Polonum
792 3588 867 3643 rei
912 3597 1187 3644 auctorem
1213 3606 1331 3644 esse
1361 3591 1625 3646 allii-mat:
1677 3592 1907 3649 Mai-tino

306 3682 522 3737 Polouo
549 3698 611 3734 ea
638 3698 697 3735 su
730 3680 985 3735 Cronicon
1012 3682 1140 3744 dice,
1170 3699 1266 3753 que
1291 3699 1433 3737 como
1455 3687 1501 3737 el
1527 3700 1659 3753 papa
1688 3685 1907 3756 Bonifa-

302 3778 385 3828 cio
415 3784 597 3827 octavo
619 3782 815 3825 tratase
844 3772 907 3825 de
928 3771 1172 3826 nombrar
1192 3774 1269 3827 los
1289 3781 1473 3843 quatro
1496 3773 1729 3828 doctores
1758 3776 1820 3828 de
1856 3776 1907 3830 la

309 3865 533 3935 lglesia,
583 3871 691 3919 etc.
740 3863 856 3918 Nic.
897 3863 1159 3919 Antonius
1210 3874 1372 3932 negat
1421 3864 1704 3920 Martinam
1755 3864 1910 3921 Polo-

310 3972 441 4010 num
495 3964 684 4009 testem
712 3956 829 4025 ejus
862 3956 1188 4011 narrationis
1209 3972 1238 4009 a
1264 3955 1501 4011 Mariana
1526 3956 1751 4025 laudari,
1780 3959 1904 4027 quia

308 4048 521 4102 scilicet
571 4045 861 4102 Historiam
892 4046 1200 4118 Ilispanim,
1225 4048 1279 4103 in
1307 4049 1525 4117 vulgare
1556 4047 1903 4121 Hispanicum

313 4139 513 4193 idioma
543 4154 571 4191 a
615 4137 854 4193 Mariana
886 4154 1221 4204 conversam,
1272 4140 1374 4195 hoc
1404 4140 1524 4194 loco
1572 4157 1679 4197 non
1711 4158 1902 4196 consu-

312 4231 435 4284 luit.
488 4232 751 4286 Observat
780 4232 947 4287 hocce
988 4233 1349 4287 testimonium
1383 4234 1677 4289 desiderari
1725 4235 1775 4288 in
1804 4236 1914 4290 An-.

313 4324 608 4391 tuerpicnsi
656 4324 892 4379 editione
938 4324 1185 4379 Chroniei
1244 4324 1456 4382 Martini
1532 4325 1721 4381 Pohni
1778 4329 1904 4382 anui

314 4413 476 4479 1337i,
501 4430 601 4469 me
631 4431 829 4470 novum
859 4431 996 4480 esse,
1024 4424 1082 4470 ut
1102 4417 1154 4470 in
1186 4415 1239 4470 id
1262 4414 1567 4472 Chroaicon
1610 4418 1900 4489 θυι-ιιι)δίιί-

315 4509 389 4560 tia
423 4507 589 4560 multa
630 4507 964 4574 irrepscrint,
1014 4515 1076 4561 ut
1122 4507 1313 4561 fabella
1339 4507 1405 4561 de
1442 4506 1651 4563 Joanne
1678 4509 1901 4577 Anglico

314 4613 475 4667 papa,
503 4598 615 4653 sive
639 4598 844 4653 Joanna
868 4598 1097 4668 papissa,
1123 4606 1204 4654 tot
1228 4601 1554 4667 argumentis
1577 4615 1641 4655 ac
1664 4612 1902 4656 veterum

315 4690 573 4744 Codicum
596 4690 936 4745 documentis
958 4689 1245 4744 debellata.

391 4782 446 4834 6.
477 4781 723 4837 Profecto
752 4797 871 4835 eum
895 4779 1152 4835 Martinus
1191 4778 1425 4834 Polonus
1480 4778 1798 4850 proﬁteatur
1844 4798 1905 4839 se

316 4876 621 4932 Cbronicon
674 4892 827 4933 suum
858 4878 1180 4948 produxisse
1220 4892 1387 4946 usque
1410 4876 1477 4932 ad
1508 4891 1705 4930 annum
1740 4875 1898 4943 1277,

316 4979 373 5023 et
404 4984 511 5023 non
540 4970 706 5025 multo
738 4977 860 5040 post
890 4970 1103 5032 obierit,
1131 4976 1187 5022 ut
1232 4968 1391 5022 tradit
1414 4966 1690 5022 Fabricius
1721 4967 1773 5021 in
1816 4966 1903 5020 Βία

320 5060 513 5114 bliotb.
538 5061 872 5115 med.et'inf.
900 5061 1022 5127 :evi,
1068 5060 1288 5114 minime
1322 5058 1559 5114 scribere
1589 5056 1679 5111 ille
1728 5056 1905 5126 potuit

316 5149 386 5203 de
417 5150 575 5204 rebus
601 5165 722 5219 qua:
754 5149 1029 5205 Bonifacio
1058 5148 1168 5205 VIII
1204 5149 1448 5203 Romano
1478 5147 1731 5218 pontifice
1772 5162 1906 5203 eve-v

318 5250 549 5308 nerunt;
580 5240 1010 5311 quandoquidem
1038 5241 1081 5295 is
1103 5240 1312 5295 nonnisi
1338 5255 1481 5293 anno
1529 5237 1666 5293 1.294
1714 5238 1901 5293 cathe—

319 5332 471 5388 dram
518 5333 873 5402 apostolicam
922 5330 1063 5386 Petri
1108 5332 1297 5385 tenuit.
1340 5330 1525 5400 Itaque
1573 5329 1810 5385 Mariana
1848 5332 1901 5385 in

318 5422 627 5478 Chronicon
658 5423 872 5478 Martini
900 5420 1106 5489 I’oloni,
1152 5422 1219 5476 ab
1248 5422 1355 5476 alio
1379 5421 1770 5485 continuatum,
1824 5422 1903 5474 vi-

321 5513 481 5567 detur
508 5513 782 5579 incidisse,
838 5513 979 5583 quod
1012 5513 1235 5568 fortasse
1269 5521 1437 5566 totum
1466 5511 1694 5565 Martino
1724 5513 1822 5580 ipsi
1849 5514 1901 5567 in

324 5603 499 5660 fronte
543 5607 723 5676 Operis
763 5607 1132 5677 efﬁngebatur.
1185 5606 1261 5661 Ae
1303 5607 1641 5676 reperiuntur
1687 5606 1904 5675 quidem

324 5697 443 5766 ejus
469 5698 719 5756 Chronici
750 5700 1077 5773 exemplaria
1106 5699 1171 5754 ad
1213 5714 1408 5755 annum
1440 5696 1574 5754 1520
1602 5698 1860 5769 producta
1887 5715 1901 5766 ;

1928 4467 1985 4529 D

2020 1831 2258 1888 Mariana
2315 1834 2498 1903 refert,
2532 1854 2794 1907 nusquam
2821 1841 3019 1897 inveni.
3076 1841 3183 1899 Sed
3230 1843 3480 1901 Mariana:
3531 1848 3604 1904 ita

2019 1926 2279 1980 asserenti
2334 1927 2506 1982 libens
2547 1930 2786 1996 credam,
2842 1948 2963 1987 cum
3006 1933 3173 1989 multa
3200 1949 3264 1990 ac
3310 1936 3455 1992 varia
3483 1954 3605 1995 esse

2020 2015 2228 2085 possint
2253 2015 2504 2072 Cbronici
2535 2019 2749 2074 Martini
2797 2020 2990 2076 Poloni
3040 2023 3422 2080 additamenta.
3457 2027 3601 2099 Ray-

2020 2104 2209 2161 naldus
2256 2108 2320 2161 ad
2377 2124 2571 2163 annum
2606 2110 2763 2178 1295,
2809 2128 2958 2168 num.
2987 2111 3072 2181 55,
3118 2115 3322 2185 profert
3366 2118 3603 2189 diploma

2017 2209 2125 2264 quo
2153 2195 2454 2253 Bonifacius
2478 2198 2608 2266 VIII,
2639 2216 2781 2257 anno
2812 2202 2969 2272 1195,
3001 2205 3207 2275 statuit,
3226 2206 3358 2265 festa
3376 2219 3599 2280 aposto-

2016 2284 2214 2351 lorum,
2246 2290 2713 2358 evangclistarum,
2769 2302 2824 2348 et
2877 2304 3108 2364 quatuor
3134 2294 3387 2355 Ecclesiae
3413 2299 3601 2357 docto-

2016 2393 2133 2432 rum
2163 2378 2406 2448 Gregorii
2438 2381 2638 2452 Magni,
2686 2382 2986 2453 Augustini,
3045 2386 3313 2443 Ambrosii
3336 2398 3389 2444 et
3416 2388 3604 2447 Iliero-

2017 2468 2384 2538 nymi,ollicio
2414 2470 2615 2541 duplici
2664 2490 2761 2543 per
2816 2476 3092 2532 universas
3135 2479 3282 2534 orbis
3332 2478 3604 2541 Ecclesias

2015 2559 2279 2615 celebrari
2307 2561 2537 2630 debere;
2588 2564 2731 2633 quod
2776 2581 2919 2622 anno
2967 2567 3105 2622 1297
3128 2585 3318 2641 magna
3350 2587 3415 2627 ex
3449 2583 3601 2643 parte

2016 2648 2068 2704 in
2100 2650 2292 2706 librum
2319 2661 2531 2708 sextum
2555 2654 2910 2711 Decretalium
2936 2659 3081 2728 (cap.
3115 2659 3383 2717 Gloriosus
3429 2665 3495 2719 de
3520 2684 3604 2719 re-

2013 2740 2186 2813 liquiis
2199 2751 2245 2795 et
2267 2754 2494 2797 venerat.
2520 2748 2840 2818 sanctorum)
2872 2747 2941 2803 ab
2969 2749 3163 2806 eodem
3191 2749 3438 2809 Romano
3467 2772 3602 2826 pon-

2016 2832 2158 2889 tifice
2183 2834 2442 2890 insertum
2470 2834 2589 2890 fuit.

2085 2924 2138 2981 8.
2182 2923 2786 2998 Pseudo-Luitprandus
2823 2930 3046 2987 Advers.
3091 2931 3231 3003 169,
3279 2951 3401 3006 pag.
3460 2936 3601 3008 860,

2014 3015 2266 3071 editionis
2310 3015 2638 3072 Matritensis
2688 3016 2908 3074 Thomae
2957 3018 3175 3095 Tamayi
3223 3039 3334 3079 rem
3391 3026 3600 3095 ipsam,

1932 3102 1985 3167 C
2015 3123 2178 3178 quam
2207 3107 2446 3163 Mariana
2476 3124 2543 3165 ex
2573 3108 2842 3167 Chronico
2872 3112 3087 3168 Martini
3117 3113 3305 3173 Poloni
3355 3119 3601 3187 protulit,

2013 3208 2250 3255 enarrat.
2282 3199 2388 3255 Sed
2417 3217 2577 3272 quam
2619 3202 2928 3273 imprudens
2955 3206 3306 3277 stupidusque
3334 3209 3431 3264 fuit
3475 3226 3603 3282 sup-

2013 3290 2234 3359 posititii
2264 3290 2382 3361 ejus
2428 3292 2607 3362 operis
2657 3294 2983 3351 architectus
3036 3297 3118 3368 (ut
3167 3301 3408 3369 apposite
3450 3310 3602 3358 notat

2011 3381 2125 3437 Nic.
2144 3384 2447 3455 Antonius),
2478 3385 2567 3453 qui
2586 3384 2910 3456 Luitprando
2935 3389 3182 3459 scriptori
3204 3392 3381 3446 szrculi
3401 3410 3430 3446 x
3451 3409 3603 3449 men-

2012 3475 2210 3529 tionem
2252 3490 2438 3531 corum
2485 3475 2716 3546 affinxit,
2774 3493 2892 3547 qua:
2942 3478 3219 3537 Bonitacio
3250 3482 3378 3551 VIII,
3404 3486 3599 3540 sa‘culo

2009 3583 2101 3622 xm
2125 3578 2355 3623 exeunte
2377 3569 2631 3639 pontifice
2661 3570 2909 3625 Romano
2931 3580 3137 3639 creato,
3186 3585 3337 3642 gesta
3374 3592 3490 3630 esse
3519 3577 3600 3633 di-

2008 3660 2240 3714 cuntur?
2289 3659 2611 3715 Laurentius
2656 3661 2903 3716 Itamirez
2950 3662 3015 3717 de
3046 3662 3220 3718 Prado
3270 3666 3323 3718 in
3364 3665 3601 3724 editione

2009 3747 2343 3810 Plantiniana
2391 3751 2629 3821 ejusdem
2682 3752 2861 3822 operis
2902 3752 3278 3809 Adversarium
3328 3756 3456 3811 i.Iud
3498 3757 3600 3812 169

2009 3841 2211 3907 omisit,
2253 3842 2480 3897 fortasse
2521 3842 2662 3911 quod
2720 3842 3197 3900 anachronismum
3257 3845 3596 3903 advertisset.

2010 3933 2330 3990 Prudentius
2386 3945 2563 3991 tamen
2614 3935 2848 4001 fecisset,
2900 3938 2945 3992 si
2976 3946 3144 3993 totum
3175 3954 3311 4008 opus
3362 3942 3598 3996 tenebris

2009 4028 2183 4096 potius
2237 4028 2545 4085 damnasset
2597 4044 2759 4100 quam
2818 4044 2957 4084 nova
3023 4030 3258 4086 editione
3325 4033 3595 4090 itlustrare

2008 4131 2291 4177 teuta~set.

2582 4239 2708 4295 CAP
2722 4238 2810 4296 UT
2856 4239 3028 4295 XXX.

2008 4355 2201 4412 Isidori
2250 4358 2489 4410 doctrina
2519 4357 2583 4411 de
2629 4358 3086 4427 prwdestinatione
3129 4367 3309 4410 contra
3341 4355 3595 4411 llincma-

2078 4446 2191 4481 rum
2234 4427 2561 4495 Remeuscm,
2596 4429 2659 4482 de
2700 4428 2809 4483 SS.
2841 4427 3184 4481 Eucharistia:
3213 4437 3261 4481 et
3300 4427 3594 4494 Conﬁrma-

2083 4498 2237 4552 tiouis
2303 4500 2643 4551 sacramentis
2698 4508 2879 4552 contra
2942 4498 3287 4568 Biuglianmm
3343 4505 3391 4551 ct
3464 4500 3597 4553 alios

2080 4570 2316 4639 defensa.

2082 4682 2134 4736 1.
2174 4678 2308 4735 Cum
2362 4680 2414 4734 in
2456 4677 2835 4735 controversiis
2860 4676 2971 4732 fere
2997 4677 3245 4733 omnibus
3276 4677 3594 4747 theologicis

2007 4772 2242 4831 Isidorus
2271 4779 2513 4825 versatus
2541 4770 2719 4834 fuerit,
2749 4769 2863 4836 ejus
2887 4775 3065 4823 tamen
3111 4767 3356 4823 doctrina
3383 4770 3593 4839 magnis

2008 4865 2206 4934 ubique
2259 4861 2534 4932 plausibus
2583 4867 2808 4927 excepta
2866 4865 2991 4914 est:
3033 4874 3098 4915 ac
3149 4859 3236 4914 vix
3303 4858 3594 4928 quidquam

2012 4955 2313 5011 invenietur
2339 4950 2480 5022 quod
2509 4950 2559 5003 in
2591 4949 3061 5018 reprehensionem
3105 4949 3349 5018 quamvis
3389 4946 3593 5018 rigido-

2010 5060 2129 5102 rum
2180 5044 2552 5112 theologorum
2606 5040 2805 5095 debeat
2850 5041 3144 5097 incurrere.
3212 5038 3590 5109 Expendamus

2011 5141 2169 5210 igitur
2190 5141 2291 5195 hoc
2316 5139 2434 5193 loco
2481 5154 2548 5191 an
2586 5132 2818 5191 Isidorus
2847 5133 3329 5190 Prtedestinatianis
3359 5142 3593 5199 unquam

2011 5235 2222 5299 faverit,
2249 5233 2391 5306 quod
2424 5232 2742 5288 IIincmarns
2781 5226 3061 5283 Remensis
3098 5224 3321 5279 innucre
3358 5219 3590 5274 videtur.

2010 5328 2086 5382 Ita
2136 5328 2276 5382 enim
2313 5327 2389 5379 ait
2416 5340 2535 5394 cap.
2568 5323 2602 5376 9
2646 5321 2711 5375 de
2764 5316 3278 5375 Precdcstinationc:
3320 5308 3593 5363 Adducunt

2006 5423 2161 5476 etiam
2208 5422 2261 5473 in
2288 5419 2631 5473 testimonium
2678 5413 2938 5467 [siderum
2985 5408 3347 5475 Ilispai'cnsem
3392 5400 3590 5470 episco-

2006 5531 2147 5584 pum,
2177 5513 2339 5566 virum
2367 5511 2591 5573 doctum,
2620 5518 2667 5560 et
2689 5506 2965 5578 legentibus
2995 5503 3047 5555 in
3077 5498 3250 5554 mu’tis
3275 5495 3587 5566 proﬁcuum,

2008 5609 2091 5679 qui
2114 5609 2165 5659 iu
2194 5606 2322 5659 libro
2354 5603 2735 5659 Sententiarum
2766 5600 3019 5669 geminam
3047 5592 3171 5645 dicit
3191 5606 3300 5644 esse
3323 5587 3589 5660 pradesti-

2011 5698 2288 5763 nationem,
2321 5695 2421 5749 sive
2441 5694 2712 5748 electorum
2749 5687 2906 5761 184
2924 5692 2992 5739 ad
3014 5684 3258 5757 requiem,
3283 5685 3385 5738 sive
3408 5698 3587 5756 repro-
