4028 6200
438 277 532 332 ιι

1179 277 1275 334 AD
1311 275 1534 333 ΟΠΞηὰ
1571 276 1633 333 S.
1676 271 1924 332 lSlDORl
1964 268 2406 328 IliSl’ALICNSIS
2446 269 2976 330 PROLEGOMENA.

3612 272 3716 329 £53

428 393 607 447 borum
640 390 709 444 ad
753 398 985 446 mortem.
1023 389 1123 454 Qui
1165 390 1297 443 lianc
1348 387 1653 443 sententiam
1691 388 1745 441 in
1787 385 2010 440 seruntlo
2038 391 2080 444 Λ
2113 379 2377 449 ϐτεςοτίο
2407 381 2934 450 Μῖιῧῐιο·αοηεθηῑίτο
2960 378 3157 451 διεϐυίιι
3215 381 3342 452 φάε
3370 382 3517 453 quoa
3547 383 3724 443 ίείδδι

430 486 583 549 libro,
636 500 751 553 cap.
799 483 854 547 6,
894 482 1041 553 quasi
1079 498 1146 536 ea:
1189 480 1351 534 verbis
1397 478 1458 533 S.
1508 478 1747 545 Gregorii
1786 478 1850 531 de
1895 477 2027 531 libro

430 575 715 631 Moralium
737 590 860 630 xxxv
887 574 964 628 vel
991 589 1114 636 xxv,
1146 572 1252 626 sire
1277 572 1339 625 de
1374 572 1434 626 S.
1465 572 1749 642 Augustini-
1774 568 1947 635 dictis,
1970 574 2036 619 ut-

427 669 630 722 nidetur
658 665 963 737 legentibus,
1021 664 1104 718 vel.
1127 663 1465 734 undecunque
1496 664 1794 732 sumpserit,
1827 660 2022 729 compi-

428 758 553 811 lavit
577 772 595 810 :
624 756 718 811 sed
741 772 845 812 non
882 755 957 809 ita
974 756 1108 810 sicut
1134 757 1188 809 in
1221 757 1435 809 lectione
1463 754 1695 825 ejusdem
1724 754 1842 807 libri
1870 753 2024 824 quili-

428 849 509 899 bet
554 844 933 901 euidentissime
976 854 1143 917 potest
1181 862 1528 916 cognoscere,
1571 846 1849 899 secundum
1887 845 2025 898 beati

426 935 665 1007 Gregorii
691 952 897 991 sensum
916 938 1193 1006 excerpsit.
1230 934 1380 990 Unde
1407 946 1572 1005 potest
1594 936 1821 1005 opinari,
1842 944 1899 988 ut
1925 937 2024 989 iste

428 1026 686 1092 Isidorus,
734 1029 790 1082 in
818 1028 941 1081 aliis
961 1028 1161 1096 doctus,
1187 1028 1241 1081 in
1271 1028 1368 1080 hac
1407 1029 1662 1080 sententia
1703 1027 1767 1080 de
1790 1027 2019 1098 reliquiis

428 1115 697 1171 Gallorum
722 1118 776 1171 in
800 1116 1077 1188 Hispaniis
1106 1133 1198 1184 per
1227 1118 1573 1171 successiones
1618 1120 1945 1171 remanserit.

493 1215 548 1271 2.
595 1215 758 1272 Addit
799 1216 1119 1273 Hincmarus
1163 1218 1530 1286 Augustinum
1558 1217 1721 1273 libros
1767 1217 1834 1273 de
1873 1217 2017 1272 Prm-

427 1307 789 1365 destinatione
811 1318 867 1364 et
894 1310 959 1365 de
982 1310 1131 1365 Bono
1155 1311 1573 1380 perseverantiae
1599 1320 1785 1366 contra
1805 1309 2012 1381 Gallos,

428 1400 569 1454 male
623 1399 692 1455 de
722 1400 1191 1469 prmdestinatione
1245 1401 1562 1467 sentientes,
1594 1402 1875 1472 scripsisse
1904 1420 1917 1454 :
1959 1413 2015 1457 et

423 1491 696 1546 concludit
724 1490 1039 1562 Gregorium
1087 1492 1195 1551 alio
1231 1508 1390 1551 sensu
1417 1493 1618 1564 ,modos
1655 1508 2011 1564 supernorum

419 1583 745 1649 jndiciorum
775 1584 826 1639 in
849 1584 1035 1640 electis
1056 1593 1112 1640 et
1136 1601 1261 1657 repr
1298 1586 1379 1640 bis
1406 1585 1824 1651 demonstrasse,
1848 1600 2010 1655 quam

424 1673 659 1729 Isidorus
693 1674 747 1730 in
778 1676 1041 1746 prauiicta.
1071 1678 1333 1735 sententia
1381 1678 1618 1747 colngat.
1672 1679 1851 1734 Verba
1890 1696 2010 1751 qua:

2132 489 2225 529 rus
2244 488 2275 527 a
2301 482 2339 540 t,
2380 476 2584 545 gemina
2610 472 3019 543 pra'destinatio,
3073 469 3387 542 Gregorius,
3427 476 3522 530 cit.
3552 476 3589 531 Ι.
3619 477 3723 546 29λ

2128 580 2353 620 numero
2400 564 2588 635 plurali
2642 564 2773 619 dicit
2822 563 3321 634 prredestinationes.
3353 565 3529 622 Verba
3572 566 3712 624 Gre-

2127 658 2260 726 gorii
2308 658 2422 713 haec
2478 658 2751 727 pmmittit
2791 675 2815 711 ι
2853 656 3102 711 Ordinem
3139 659 3253 713 creti
3302 675 3455 715 nosse
3498 670 3575 715 est
3618 679 3711 715 su-

2123 766 2401 817 pernorum
2465 752 2874 821 dispositionum
2940 752 3175 810 occultas
3230 755 3722 825 prttdestinatioucs

2124 842 2313 897 uidere.

2194 934 2246 986 4.
2305 931 2372 990 Ut
2423 942 2603 991 autem
2628 935 2824 993 alarius
2852 935 3041 996 lsidori
3085 939 3432 997 sententiast
3454 942 3711 1000 ratiocinia

2124 1025 2412 1096 telligatnr,
2472 1028 2822 1098 explicandus
2872 1038 2956 1085 est
3016 1028 3290 1087 Gallorum
3318 1047 3494 1098 error,
3545 1048 3723 1103 quem.

2121 1117 2174 1171 in
2205 1133 2271 1173 eo
2303 1117 2623 1176 lIincmarus
2641 1119 3047 1191 deprehendere
3066 1124 3166 1179 sibi
3198 1122 3502 1181 videbatur.
3531 1127 3709 1185 Adru-

2118 1207 2315 1263 metini.
2351 1210 2601 1265 monachi
2646 1211 2928 1280 epistolam
2983 1211 3043 1269 S.
3092 1213 3375 1284 Augustini
3422 1216 3521 1276 I05
3549 1260 3564 1283 ,
3639 1219 3716 1275 ad

2117 1297 2363 1370 Xystuln,
2422 1316 2546 1356 cum
2594 1302 2872 1373 legissent,
2930 1318 3117 1362 eorum
3157 1309 3321 1363 multi
3359 1308 3431 1369 8..
3469 1310 3715 1369 doctoris

2115 1390 2278 1446 verba
2307 1393 2360 1446 in
2385 1392 2620 1447 alienum
2651 1396 2732 1450 ab.
2748 1394 2864 1464 ejus
2890 1406 3073 1453 mente
3099 1414 3317 1458 sensum
3344 1413 3719 1472 acceperunt:

2113 1498 2183 1540 ex
2237 1498 2349 1553 quo
2403 1499 2468 1541 ea
2516 1485 2782 1543 dissensio
2825 1489 2967 1545 inter
3021 1491 3317 1547 monachos
3358 1503 3552 1549 elorta
3602 1504 3717 1560 est,

2111 1591 2272 1647 quam
2322 1578 2652 1648 Augustinus
2694 1581 2926 1652 explicat
2972 1583 3025 1637 in
3079 1584 3307 1654 epistola
3353 1586 3420 1639 al
3459 1586 3706 1644 Valenti-

2112 1683 2279 1722 num:
2337 1668 2599 1725 Venerunt
2628 1674 2697 1726 ad
2737 1690 2831 1728 nos
2884 1676 2987 1729 duo
3031 1682 3265 1746 juvenes,
3307 1676 3610 1735 Cresconius
3658 1692 3711 1737 et

426 1777 495 1818 ex
524 1760 728 1820 Isidoro
754 1765 955 1835 allegat
980 1767 1091 1821 haec
1117 1777 1243 1823 sunt
1269 1788 1282 1821 :
1317 1768 1532 1824 Gemina
1561 1781 1636 1825 est
1663 1772 2007 1845 prtedestina-
2042 1762 2087 1824 Β
2114 1757 2290 1827 Felix»
2322 1761 2389 1816 de
2428 1772 2596 1817 υεδενα
2624 1768 3022 1836 congregatione
3059 1784 3115 1822 ³⁸
3165 1784 3276 1824 ⁸³⁸⁸
3328 1770 3576 1836 dicem“.
3617 1776 3712 1843 (1κὲ

424 1855 519 1923 tio,
536 1856 641 1909 sine
656 1854 935 1916 electorum
951 1858 1285 1934 ad‘requiem,
1304 1862 1407 1915 sine
1428 1864 1759 1931 reproborum
1781 1864 2008 1919 admor-

423 1954 544 2000 tem.
596 1944 823 2019 Utraque
860 1950 1040 2007 diuino.
1081 1953 1251 2022 agitur
1267 1952 1485 2022 judicio,
1526 1965 1579 2007 ut
1599 1972 1798 2024 semper
1824 1956 2008 2012 electos

424 2053 649 2103 superna
669 2046 720 2092 et
745 2040 993 2093 interiora
1037 2044 1179 2113 sequi
1205 2044 1384 2113 faciat,
1409 2061 1706 2121 semperque
1741 2047 2008 2117 reprobos,

419 2136 478 2182 ut
502 2130 699 2200 inﬁmis
726 2138 776 2185 et
810 2132 1150 2189 exterioribus
1199 2134 1535 2208 delectentur,
1580 2140 2008 2213 deserendoper-

418 2221 610 2275 mittat.
644 2221 791 2277 Sicut
818 2224 1031 2295 ignorat
1067 2225 1218 2283 homo
1245 2231 1514 2287 terminum
1536 2233 1667 2289 lucis
1704 2244 1751 2288 et
1773 2234 2009 2290 tenebra-

424 2328 561 2375 rum,
613 2314 692 2367 uel
717 2315 979 2388 utriusque
1001 2319 1074 2371 rei
1102 2320 1217 2391 quis
1242 2319 1364 2390 ﬁnis
1388 2323 1474 2388 sit,
1508 2324 1613 2393 ita,
1646 2334 1749 2381 tte.
1808 2326 2007 2383 Verum

421 2403 563 2471 apud
592 2401 935 2459 Ilincmarum
964 2407 1157 2475 legitur
1181 2423 1406 2481 aguntur
1444 2430 1542 2483 pro
1568 2418 1758 2486 agitur,
1801 2426 1855 2473 et
1883 2434 2010 2475 mox

419 2493 691 2563 reprobos,
714 2502 769 2548 ut
788 2496 967 2566 inﬁma
986 2508 1035 2551 et
1054 2502 1312 2557 exteriora
1342 2504 1693 2572 delectentur,
1730 2510 2007 2566 deserendo

420 2585 704 2651 permittat.
744 2586 836 2642 Sic
859 2597 918 2644 ut
934 2590 1135 2659 ignoret
1163 2591 1314 2648 homo
1338 2598 1608 2653 terminum
1650 2600 1777 2655 lucis
1798 2611 1847 2654 et
1868 2610 2010 2657 tene-

420 2679 649 2745 brarum,
694 2679 774 2735 vel
804 2683 1067 2757 utriusque
1092 2684 1167 2738 rei
1196 2687 1310 2757 quis
1357 2690 1479 2755 ﬁnis
1507 2691 1593 2744 sit.
1654 2690 1783 2765 Quae
1827 2701 2007 2752 tamen

421 2769 703 2824 sententia:
721 2771 1037 2827 varietatem
1068 2775 1119 2829 in
1159 2791 1219 2831 re
1250 2776 1318 2832 de
1354 2796 1456 2849 qua
1486 2783 1662 2850 agitur
1715 2801 1820 2840 non
1851 2786 2007 2842 indu-

421 2866 571 2911 cunt.
603 2856 788 2915 Lectio
814 2862 1030 2929 quidem
1062 2864 1149 2918 illa
1196 2878 1251 2921 ut
1272 2869 1451 2939 inﬁma
1494 2881 1543 2926 et
1582 2877 1839 2930 exteriora
1868 2878 2009 2949 dele-

418 2959 640 3015 ctentur,
658 2955 1095 3014 communis-sima
1126 2966 1212 3015 est.
1236 2960 1289 3015 in
1311 2963 1509 3017 nostris
1530 2981 1667 3023 mss.
1688 2966 2004 3026 Codicibus:

418 3042 510 3096 alii
540 3043 662 3100 inde
689 3045 1052 3118 suspicamur,
1086 3060 1143 3104 ut
1167 3053 1349 3123 inﬁma
1371 3066 1420 3111 et
1445 3061 1704 3113 exteriora
1731 3072 2003 3117 sectentur.

2110 1850 2258 1905 nobis
2285 1852 2571 1907 retulerunt
2599 1857 2969 1909 monasterium
2989 1867 3208 1912 vestrum
3238 1860 3487 1913 nonnulla
3512 1861 3710 1916 dissen-

2108 1941 2255 1995 sione
2284 1943 2563 2007 turbatum,
2613 1960 2673 1999 eo
2701 1945 2838 2016 quod
2865 1947 3073 2017 quidam
3114 1950 3167 2001 in
3199 1950 3336 2003 vobis
3377 1951 3453 2003 sic
3481 1954 3708 2021 gratiam

2109 2033 2489 2104 prmdicent,,ut
2517 2038 2939 2107 negent/taminis
2959 2055 3069 2096 esse
3092 2038 3609 2104 liberummrbitrium,
3632 2054 3706 2112 et,

2109 2127 2246 2196 quod
2273 2127 2487 2198 gratius.
2505 2137 2602 2196 est,
2634 2130 2821 2184 dicant:
2840 2131 2975 2201 quod
3000 2132 3054 2185 in
3082 2131 3166 2185 die
3183 2132 3372 2203 judicii
3395 2151 3496 2189 non
3524 2138 3591 2190 sit
3629 2140 3715 2195 rei

2110 2216 2405 2272 redditurus
2436 2219 2573 2273 Deus
2594 2221 3162 2292 unicuiquesecundum
3187 2240 3342 2294 apera
3365 2225 3497 2296 ejus.
3528 2224 3710 2281 Etiam

2110 2307 2207 2361 hoc
2233 2318 2403 2364 tamen
2444 2311 2800 2366 indicaverunt
2818 2355 2836 2379 ,
2880 2315 3029 2384 quod
3055 2316 3239 2385 plures
3258 2327 3481 2377 vestrum
3502 2336 3606 2373 non
3632 2321 3709 2376 ita

2110 2399 2365 2463 sentiant,
2398 2400 2490 2454 sed
2513 2402 2728 2457 liberum
2758 2404 3293 2478 arbitriummdjuvari
3320 2413 3583 2480 fateantur
3611 2427 3709 2480 per

2110 2488 2210 2543 Dei
2235 2492 2479 2560 gratiam,
2522 2501 2577 2545 ut
2619 2502 2757 2547 recta
2784 2496 3046 2565 sapiamus
3086 2507 3240 2570 atque
3277 2501 3555 2568 faciamus.

2192 2577 2244 2633 5.
2303 2580 2452 2637 Ilauc
2480 2584 2760 2654 epistolam
2800 2585 2867 2639 ad
2896 2586 3236 2645 Valentinum
3268 2592 3499 2647 emnobii
3530 2593 3706 2656 Adrur

2118 2670 2306 2725 metini
2351 2670 2683 2742 pucfectum,
2730 2674 2997 2746 simulque
3049 2677 3243 2734 librum
3293 2680 3362 2736 de
3407 2681 3591 2737 Gratia
3648 2692 3708 2739 et

2118 2759 2292 2816 libero
2346 2762 2585 2819 Arbitrio
2615 2764 2957 2833 Augustinus.
2988 2769 3153 2836 misit,
3200 2786 3307 2841 quo
3328 2773 3513 2841 gratia:
3541 2782 3597 2828 et
3640 2774 3708 2831 li»-
3794 2770 3798 2773 ’

2118 2849 2247 2908 beri
2267 2851 2472 2909 arbitrii
2521 2856 2862 2914 concordiam
2911 2859 3190 2915 monachis
3233 2865 3561 2934 exponebat.
3620 2863 3704 2925 Eo

2118 2938 2256 2995 libro
2285 2941 2544 3010 perlecto,
2598 2942 2985 3004 Adrumetinus
3019 2948 3237 3018 quidam
3267 2954 3563 3009 monachus
3587 2954 3705 3011 col.-

2116 3031 2264 3101 legit,
2296 3047 2360 3087 ac
2384 3034 2648 3091 sustinere
2702 3037 2872 3093 voluit
2929 3040 3199 3095 neminem
3233 3057 3357 3102 esse
3406 3045 3706 3116 corripien-

425 3131 603 3188 I.ocus
637 3143 816 3190 autem
867 3136 1115 3211 Gregorii
1163 3142 1434 3200 indicatur
1462 3162 1492 3201 a
1542 3148 1730 3205 Loaisa
1778 3168 1845 3208 ex
1872 3154 2007 3210 libro

2117 3123 2264 3192 dum,
2313 3124 2407 3180 sed
2440 3135 2642 3184 tantum
2691 3145 2881 3200 proco
2925 3133 3029 3202 qui.
3065 3136 3237 3191 malus
3288 3146 3373 3192 est
3417 3140 3701 3207 orandum,

422 3239 591 3314 ssxm
619 3224 831 3293 Moral.,
864 3244 986 3299 cap.
1011 3230 1107 3298 θοι
1128 3233 1199 3288 al.
1223 3234 1285 3289 21
1313 3248 1363 3292 et
1382 3237 1471 3306 25,
1497 3241 1583 3295 ubi
1603 3242 1673 3297 ita
1691 3243 2002 3314 Gregorius:

420 3312 591 3371 Nemo
636 3332 758 3389 ergo
803 3319 971 3374 Deum
1010 3325 1207 3379 meritis
1255 3332 1517 3397 praJvenit,
1568 3343 1622 3386 ut
1668 3344 1839 3391 tenere
1891 3354 2006 3397 eum

418 3410 570 3477 quasi
595 3410 876 3467 debitorem
897 3417 1085 3484 possit:
1115 3419 1206 3473 sed
1228 3421 1360 3475 miro
1399 3424 1550 3478 modo
1575 3442 1750 3497 atqutts
1773 3431 2009 3486 omnibus

418 3500 657 3556 conditor
694 3513 744 3558 et
781 3508 1029 3581 quosdam
1062 3514 1359 3586 prwelegit,
1422 3526 1471 3571 et
1521 3520 1770 3589 quosdam
1810 3524 1863 3577 in
1900 3527 2008 3580 suis

415 3594 590 3660 pravis
636 3596 862 3653 moribus
907 3600 1049 3672 iuste
1089 3601 1418 3680 derelinquit.
1467 3609 1583 3665 Non
1638 3613 1743 3667 alia
1786 3614 2003 3672 invenio

416 3697 540 3751 qua:
583 3687 810 3754 geminae
862 3692 1318 3760 praedestinationi
1372 3699 1558 3758 Isidori
1623 3719 1686 3759 ex
1743 3706 2005 3779 Gregorio

415 3774 612 3868 Magno
637 3781 809 3849 aptari
832 3785 1057 3852 possint.
1087 3787 1216 3858 Quae
1246 3804 1546 3863 sequuntur
1570 3796 1721 3868 apud
1741 3774 2004 3860 Isidorum

419 3867 489 3924 de
516 3870 739 3928 occultis
768 3871 863 3929 Dei
888 3875 1123 3945 judiciis,
1149 3883 1343 3942 clarius
1373 3867 1687 3959 petitasunt
1725 3909 1788 3949 ex
1815 3896 2007 3952 eodem

417 3957 679 4031 Gregorio
700 3962 792 4019 lib.
812 3980 957 4030 nu,
982 3984 1032 4024 c.
1057 3970 1231 4037 55,:11.
1258 3973 1346 4043 39.,
1373 3957 1445 4031 al.
1479 3978 1563 4033 I8.
1588 3981 1729 4038 Sane
1752 3983 1837 4039 hic
1860 3986 2009 4044 locus

414 4063 449 4104 a
480 4047 781 4108 Prudentio-
825 4052 1131 4115 Tricassino
1179 4062 1462 4129 indicatur,
1523 4077 1581 4121 ut
1618 4085 1760 4127 nunc
1808 4073 2004 4133 dicam.

416 4137 631 4198 Censeo
674 4147 851 4199 tamen
900 4145 1188 4216 lsidorum,
1223 4152 1275 4206 in
1304 4156 1511 4220 gemina
1541 4160 2008 4227 praedestinatione

420 4229 817 4301 distinguenda,
842 4233 1126 4303 Augustini
1159 4234 1335 4308 potius
1358 4251 1412 4299 et
1445 4247 1600 4315 hujus
1626 4249 2006 4321 discipulorum

416 4319 685 4392 Fulgentii
708 4332 767 4379 et
781 4323 1031 4396 Prosperi
1062 4333 1384 4389 sententiam
1409 4353 1518 4407 pne
1543 4343 1712 4400 oculis
1723 4319 2002 4406 habuisse:

413 4424 647 4479 quorum
676 4416 841 4472 verba
870 4417 1170 4477 distinctius
1191 4434 1379 4494 postea
1409 4429 1649 4503 aillcram,
1674 4450 1792 4491 eum
1820 4439 2014 4501 lsidor't

2116 3213 2550 3284 quandoquidem
2575 3220 2757 3274 omnia
2784 3235 2948 3291 opera
2977 3223 3141 3293 bona,
3197 3234 3257 3280 ut
3285 3226 3616 3297 Augustinus
3646 3230 3704 3286 in

2114 3318 2182 3360 eo
2205 3320 2378 3374 opere.
2392 3309 2595 3379 saepius
2613 3310 2791 3378 docet,
2819 3322 2951 3374 sunt
2964 3314 3105 3371 dona
3136 3315 3431 3377 Dei..Hunc
3457 3334 3704 3377 errorem

2114 3394 2371 3453 refutavit
2409 3399 2736 3468 Augustinus
2781 3403 2930 3461 edito
2959 3403 3103 3463 libro.
3124 3404 3191 3460 de
3235 3405 3594 3478 Correptione
3644 3419 3713 3472 ea

2113 3487 2317 3555 Gratia,
2351 3506 2459 3562 quo
2510 3495 2667 3565 186
2695 3496 2932 3551 ostendit
2968 3499 3365 3570 correptionem
3410 3502 3603 3559 utilem
3646 3513 3707 3563 et

2113 3584 2474 3638 necessariam
2504 3600 2643 3652 esse,
2694 3601 2877 3657 quamn
2894 3589 2938 3645 is
2990 3591 3170 3645 omnia
3219 3591 3362 3648 bona
3393 3609 3559 3665 opera
3592 3595 3711 3659 sint.

2112 3670 2254 3727 dona
2313 3672 2432 3728 Dei.
2492 3675 2550 3733 In
2594 3675 2944 3735 Adrumetino
2979 3680 3139 3749 igitur
3166 3686 3516 3751 monasterio,
3556 3688 3705 3757 quod

2112 3761 2167 3817 in
2192 3761 2366 3821 Africa
2396 3766 2554 3823 situm
2576 3777 2688 3833 est,
2710 3783 2781 3827 es
2808 3769 2954 3827 libris
2983 3769 3041 3831 S.
3068 3773 3350 3843 Augustini
3374 3776 3517 3834 male
3544 3777 3711 3839 intel—

2112 3853 2267 3911 lectis
2313 3855 2914 3919 Praedestinatianonum
2968 3862 3213 3922 hmresim
3257 3867 3547 3936 pullulasse
3586 3871 3705 3928 Sir-

2113 3944 2341 4000 mondus
2369 3948 2563 4016 aliique
2592 3948 2894 4011 aliirmant.
2928 3953 3133 4016 Natalis
3158 3955 3481 4026 Alexander,
3513 3961 3566 4016 in
3587 3962 3704 4024 disc

2110 4043 2299 4091 sertat.
2327 4034 2361 4088 5
2404 4037 2472 4093 de
2513 4039 2702 4096 Incresi
2732 4040 3208 4102 Prtedestinatiana
3238 4046 3309 4103 ad
3356 4052 3610 4109 saeculum
3638 4068 3709 4123 ν,

2111 4139 2235 4182 eum
2282 4126 2403 4185 aliis
2437 4134 2586 4185 tenet
2635 4131 2695 4185 in
2743 4131 3098 4191 Adrumetino
3136 4141 3464 4199 monasterio
3518 4142 3701 4201 nullos

2112 4216 2278 4274 fuisse
2305 4219 2815 4281 Prmdestinatianos
2846 4244 2859 4280 :
2911 4229 3035 4296 quia
3067 4230 3126 4285 S.
3151 4230 3475 4301 Augustinus
3502 4234 3700 4291 librum

2110 4310 2176 4364 de
2196 4309 2377 4365 Gratia
2400 4320 2454 4367 et
2483 4312 2653 4371 libero
2710 4315 2959 4375 Arbitrio.
2978 4321 3193 4391 scripsit
3244 4334 3450 4395 propter
3472 4342 3560 4380 eos
3582 4328 3697 4398 qui,

2110 4415 2224 4453 cum
2257 4401 2553 4473 defenditur
2579 4403 2679 4460 Dei
2723 4410 2915 4478 gratia,
2972 4421 3211 4481 putantes
3254 4418 3434 4486 negari
3478 4416 3697 4471 liberum

420 4505 578 4577 185
606 4516 840 4565 mentem
885 4492 1205 4582 explicabo"
1240 4533 1563 4593 sensumque
1588 4492 1704 4596 eius
1724 4492 2014 4590 νωιὶόῶἑιῖ
2038 4518 2089 4578 D
2117 4492 2421 4596 arbitrium,
2465 4496 2541 4549 sic
2580 4497 2683 4596 ipsi
2733 4500 3016 4570 defendunt
3044 4504 3258 4559 liberum
3308 4506 3594 4572 arbitrium,
3636 4519 3698 4563 ut

412 4596 483 4652 ab
511 4600 659 4656 omni
692 4603 896 4662 erroris
936 4606 1242 4678 suspicione
1271 4612 1502 4672 alienum
1530 4621 1831 4679 ostendam.

486 4708 541 4763 5.
568 4708 804 4770 Causam
843 4732 943 4786 pro
970 4716 1176 4777 Isidoro
1206 4736 1431 4793 egerunt
1457 4728 1780 4793 Ratramnns
1814 4755 1866 4792 m
1908 4757 2005 4797 na-

415 4796 552 4889 chus
577 4800 935 4871 Corbeiensis,
963 4807 1063 4865 lib.
1090 4827 1124 4865 ιι
1152 4811 1219 4868 de
1244 4813 1721 4881 Prmdestiuatione
1748 4830 1813 4881 ad
1838 4796 2007 4889 Caro-

414 4888 526 4944 lum
557 4890 805 4958 Calvum,
825 4906 881 4952 et
906 4899 1225 4958 Prudentius
1250 4906 1611 4983 Tricassinus,
1637 4920 1750 4973 sive
1774 4920 2004 4979 Trecen-

413 4982 508 5049 sis,
522 4982 590 5039 de
608 4983 914 5045 Prmdestin.
933 4992 1082 5046 adven
1098 5011 1188 5051 sus
1201 4995 1460 5057 Joannem
1476 4982 1693 5062 Scotum
1722 5010 2001 5082 Erigenam

415 5091 537 5146 cap.
569 5076 623 5133 2.
656 5077 1002 5150 Ratramzus,
1031 5087 1143 5142 sive
1171 5088 1498 5162 Bertramus,
1528 5100 1606 5155 sic
1635 5076 1999 5164 defensionem

414 5172 661 5229 orditur:
712 5174 852 5230 Hinc
872 5188 1081 5234 sanctus
1110 5181 1346 5241 Isidorus
1369 5187 1697 5260 Hispalensis
1711 5200 1998 5269 episcopus,

414 5264 533 5317 vilic
564 5266 760 5319 meritis
787 5277 836 5321 et
855 5271 1125 5338 sapientia:
1152 5274 1345 5331 lumine
1371 5284 1673 5351 prtcclnrus,
1724 5264 1998 5349 catholico;

415 5370 530 5406 rum
559 5371 773 5427 sequens
802 5358 1091 5417 doctrinam
1135 5369 1499 5439 magistrorum
1535 5376 1587 5430 in
1618 5378 1747 5436 libro
1776 5388 1998 5442 secundo

415 5447 787 5503 sententiarum
840 5453 1096 5520 geminant
1153 5459 1265 5525 fore
1329 5466 1835 5532 pra-destinationem
1894 5490 1998 5533 tant

417 5550 657 5592 sensuum
695 5558 847 5610 quant
878 5545 1143 5603 uerborum
1174 5559 1505 5614 attestatione
1530 5563 1696 5619 docet.
1753 5566 1997 5627 Pruden-

422 5623 526 5680 tius
566 5639 749 5689 noster
779 5634 1005 5695 Galindo
1060 5640 1170 5698 Ioc.
1221 5646 1314 5705 cit.
1364 5647 1621 5709 Isidorqu
1668 5659 1823 5729 plane
1878 5681 1997 5721 cum

2112 4594 2296 4654 negent
2324 4584 2421 4638 Dei
2459 4589 2714 4657 gratiam,
2737 4605 3023 4647 asserentes
3050 4611 3166 4649 eam
3195 4598 3470 4653 secundum
3510 4602 3702 4655 merita

2110 4682 2289 4728 nostra
2320 4674 2457 4744 dari,
2489 4684 2547 4731 ut
2568 4678 2644 4733 ait
2673 4679 2811 4736 idem
2842 4682 3167 4753 Augustinus
3187 4685 3280 4744 lib.
3312 4703 3348 4743 ιι
3371 4686 3701 4758 Βθιιπιδιη

2110 4781 2230 4835 cap.
2261 4765 2348 4822 66.

2185 4855 2236 4909 6.
2274 4857 2351 4913 Ad
2374 4859 2651 4928 Augustini
2681 4863 2843 4921 verba
2879 4880 3047 4937 supra
3065 4868 3253 4934 relata,
3292 4868 3363 4923 Et
3406 4871 3545 4943 quod
3578 4873 3697 4943 qui-

2113 4947 2234 5003 dam
2259 4950 2310 5003 in
2334 4951 2471 5005 vobis
2491 4953 2565 5007 sic
2593 4956 2818 5024 gratiam
2845 4958 3147 5026 praedicent,
3177 4968 3232 5014 ut
3258 4971 3446 5032 negent
3468 4962 3696 5017 hominis

2110 5053 2219 5093 esse
2244 5039 2461 5095 liberum
2488 5046 2781 5112 arbitrium,
2816 5049 3109 5119 respondet
3136 5050 3337 5107 Natalis
3380 5052 3690 5111 Alexander

2109 5126 2456 5185 Cresconium
2483 5142 2538 5187 et
2558 5133 2808 5202 Felicem,
2837 5152 2945 5209 pra:
2963 5140 3307 5210 simplicitate
3322 5152 3377 5199 et
3400 5143 3691 5213 imperim,

2108 5227 2306 5274 statum
2323 5224 2684 5280 contentionis
2717 5243 2836 5297 qua:
2864 5230 3215 5287 Adrumetum
3243 5234 3493 5295 turbabat
3522 5252 3697 5306 expo-

2106 5326 2232 5364 nere
2253 5325 2491 5381 congiuc
2523 5332 2626 5370 non
2657 5319 2937 5387 potuisse;
2971 5322 3129 5391 idque
3156 5326 3486 5397 suspicatum
3528 5327 3696 5387 fuisse

2105 5398 2161 5453 S.
2192 5398 2563 5470 Augustinum,
2598 5407 2683 5474 qui
2706 5423 2828 5478 cap.
2862 5410 2882 5463 I
2948 5412 3015 5466 de
3043 5410 3227 5469 Gratia
3267 5423 3323 5470 et
3371 5416 3542 5472 libero
3588 5416 3693 5477 Ar-

2104 5487 2264 5545 bitrio
2285 5492 2586 5561 disjunctim
2609 5506 2664 5550 et
2691 5498 2790 5553 sub
2816 5499 2979 5556 dubio
3000 5502 3239 5572 loquitur
3265 5525 3275 5559 :
3306 5506 3414 5563 Sed
3442 5510 3691 5577 quoniam

2104 5590 2224 5633 sunt
2251 5584 2457 5652 quidam
2486 5589 2569 5658 qui
2597 5589 2672 5641 sic
2700 5591 2923 5659 gratiam
2960 5591 3050 5647 Dei
3081 5595 3393 5669 defendunt,
3420 5607 3475 5653 ut
3502 5609 3693 5671 negent

2107 5673 2328 5729 taurinis
2352 5676 2566 5735 liberant
2596 5680 2993 5751 arbitrium,aut
3014 5689 3222 5759 quando
3252 5692 3423 5763 gratia
3450 5690 3690 5765 defendi-
