4060 6198
348 258 448 317 183

1356 257 1743 316 ΒΙΒΟΒΑἾΑ
1782 288 1844 297 -
1880 256 2056 314 PAIlS
2097 258 2135 317 Ι.
2176 260 2330 317 CAP.
2373 262 2542 318 XXX.

3506 270 3612 328 ψει

342 391 442 439 uir,
466 374 656 447 negari
671 373 963 430 existiment
982 365 1195 432 tiberium
1217 373 1509 442 arbitrium,
1527 376 1648 429 hinc
1662 373 1929 443 aliquid...
1964 374 2007 431 Α
2036 376 2375 441 sententiam,
2406 385 2464 430 ut
2486 392 2544 431 re
2573 391 2695 432 vera
2714 376 2993 435 catholica.
3022 387 3123 445 est,
3156 381 3406 438 errabant
3436 391 3636 446 tamen

338 467 565 524 scribere
619 466 813 524 curari.
859 464 967 520 Sed
1025 480 1183 535 quam
1227 464 1517 522 absurdum
1573 471 1656 519 est
1708 460 1932 518 credere

340 557 693 614 Cresconium
723 564 781 611 et
804 555 1033 612 Felicem
1063 556 1443 613 Adrumetinos
1468 555 1781 619 monachos,
1836 552 1929 623 qui

340 648 611 706 Yalmtini
643 646 852 703 abbatis
876 656 1092 718 sumptu
1122 656 1178 702 et
1226 663 1347 704 cum
1377 646 1495 716 ejus
1523 646 1717 701 litteris
1755 644 1931 714 Augu-

338 745 538 801 stinum
570 741 839 807 adierunt,
891 748 957 795 ut
978 741 1046 796 de
1073 740 1409 801 dissensione
1438 740 1489 794 in
1520 755 1705 795 eorum
1738 752 1927 793 mona-

336 834 508 893 sterio
556 841 675 891 orta
738 831 855 900 ejus
911 833 1233 888 sententiam
1284 832 1667 901 exquirerent,
1724 837 1923 886 statum

334 924 651 995 quatstionis
681 937 788 977 non
819 922 1057 992 potuisse
1078 936 1316 991 congrue
1338 935 1632 991 exponere,
1657 928 1712 974 et
1737 928 1923 989 aperte

332 1015 534 1071 dixisse
572 1028 701 1071 esse-
719 1012 983 1084 quosdam
1025 1014 1317 1068 monachos
1340 1012 1431 1082 qui
1462 1012 1536 1067 ita
1575 1011 1671 1067 Dei
1694 1011 1920 1081 gratiam

334 1104 723 1178 prmdicarent,
772 1113 829 1159 ut
861 1104 1087 1159 liberum
1120 1119 1243 1159 esse
1264 1104 1496 1159 hominis
1518 1104 1797 1157 arbitrium
1826 1118 1921 1158 ne-

332 1204 546 1267 garent,
596 1209 719 1249 cum
746 1208 933 1249 eorum
957 1192 1137 1248 nullus
1184 1193 1257 1247 ita
1310 1194 1592 1247 errasset?
1631 1191 1920 1260 Fingamus

331 1296 514 1343 tamen
562 1294 678 1341 tam
691 1284 935 1355 stupidos
965 1299 1062 1340 eos
1088 1282 1383 1340 monachos
1418 1282 1609 1348 fuisse,
1633 1290 1793 1353 atque
1820 1296 1917 1336 eo-

329 1394 449 1433 rum
480 1377 739 1433 abbatem
761 1376 1126 1442 Valentinum,
1179 1376 1271 1447 qui
1300 1374 1437 1431 alios
1466 1375 1649 1445 potius
1686 1374 1755 1431 ad
1801 1375 1916 1429 Au-

328 1467 607 1537 gustinum
638 1482 744 1523 non
770 1466 991 1526 miserit.
1038 1465 1367 1536 Augustinus
1404 1476 1550 1523 certe
1575 1482 1761 1522 eorum
1792 1482 1917 1521 nar-

328 1556 542 1615 rationi
563 1556 735 1612 tidem.
771 1563 1029 1627 praestare
1078 1556 1282 1624 debuit,
1326 1565 1489 1626 atque
1539 1556 1679 1612 adeo
1723 1565 1913 1612 contra

325 1663 442 1713 eos,
493 1649 600 1719 qui
635 1648 865 1704 liberum
893 1649 1126 1705 hominis
1172 1664 1291 1706 esse
1321 1651 1602 1705 arbitrium
1631 1658 1910 1719 negarent,

2034 473 2301 534 putantes,
2336 480 2399 521 ea
2435 466 2691 533 admissa,
2746 468 3049 525 libertatem
3082 471 3290 529 arbitrii
3337 488 3639 541 corruere”

2030 555 2173 623 quod
2221 563 2409 611 contra
2458 556 2624 627 ipsius
2666 557 2948 627 Augustini
3003 570 3239 617 mentem
3284 563 3617 621 tuebantur:

2029 646 2122 714 qui
2171 644 2633 704 Pnedestinatiani
2681 664 2708 703 a
2745 648 3045 717 Gennadio,
3078 650 3366 711 llincmaro
3406 664 3463 710 et
3499 655 3619 713 aliis

2027 734 2155 791 dicti
2182 745 2326 793 sunt.
2378 737 2481 793 Alii
2509 738 2741 808 denique
2786 742 3130 798 concordiam
3161 744 3345 812 gratiae
3373 753 3428 800 et
3458 745 3615 802 liberi

2026 828 2230 889 arbitrii
2262 845 2327 884 ex
2356 830 2638 899 Augustini
2687 832 2835 889 libris
2864 843 2919 889 et
2956 835 3201 891 doctrina
3230 836 3611 894 defendebant.

2026 920 2625 983 Pitedestinatianorum
2674 925 2917 981 haeresim
2970 928 3151 998 paulo.
3184 939 3324 1000 post,
3358 929 3614 989 inGallia

2023 1021 2285 1066 exortam.
2314 1013 2479 1069 fuisse
2526 1015 2808 1071 testisest
2854 1016 3177 1075 llincmarus
3228 1023 3299 1077 in.
3334 1022 3494 1091 epist.
3544 1021 3613 1079 ad

2023 1104 2299 1160 Nicolaum
2332 1122 2522 1177 papam
2554 1125 2566 1161 :
2601 1108 2682 1163 Ea:
2708 1111 2862 1164 veteri
2897 1109 3079 1166 hteresi
3111 1110 3609 1176 Prtedestinatiana,

2021 1214 2135 1268 qua:
2159 1200 2380 1268 primum
2414 1201 2469 1254 in
2494 1203 2717 1272 Africa,
2754 1212 2803 1256 et
2847 1213 3025 1273 postea
3066 1206 3120 1258 in
3151 1204 3326 1259 Gallia
3353 1222 3446 1277 per
3474 1207 3627 1261 ident-

2022 1299 2219 1360 tempus
2265 1293 2472 1365 quando
2518 1304 2567 1347 et
2596 1293 2916 1351 Nestoriana
2954 1297 3166 1353 [σιω-εδει
3213 1307 3289 1353 est
3330 1307 3532 1362 ea‘orta,
3562 1308 3613 1353 et

2026 1385 2186 1454 188
2217 1386 2527 1455 temporibus
2555 1384 2812 1441 Cadestini
2837 1404 3007 1458 papaz,
3036 1390 3534 1459 ipsiusauctoritate
3561 1398 3625 1447 et.

2017 1474 2264 1531 instinctu
2308 1486 2382 1530 est
2412 1477 2659 1532 revincta.
2712 1476 3005 1533 Contendit
3059 1478 3260 1538 Natalis
3308 1480 3617 1537 Alexandcn

2020 1561 2624 1621 Praedestinatianorum
2702 1568 2947 1623 liatresim
3012 1568 3066 1623 in
3123 1568 3308 1625 Galliis
3365 1578 3610 1641 tempore

2018 1654 2293 1709 leestiui
2340 1656 2360 1710 Ι
2402 1655 2629 1712 Romani
2678 1659 2946 1729 pontificis
2990 1676 3097 1716 non
3147 1661 3445 1717 emersisse.
3500 1661 3609 1719 Sed

323 1743 585 1799 scribere.
615 1743 683 1796 At
703 1742 1003 1813 suspicatus
1023 1753 1124 1808 est,
1174 1743 1366 1814 inquis,
1434 1759 1622 1799 eorum
1646 1744 1911 1798 narratio-
1947 1743 1991 1805 Β
2022 1762 2126 1803 ηοη
2175 1748 2332 1804 aliter
2377 1764 2417 1804 sl
2438 1764 2497 1804 se
2537 1765 2567 1804 a
2614 1750 3019 1807 difﬁcultatibus
3069 1752 3311 1822 objectis
3340 1753 3604 1819 extricat,

324 1847 452 1887 nem
478 1848 587 1888 non
618 1848 739 1889 esse
768 1848 970 1890 veram.
997 1833 1104 1888 Cur
1133 1834 1185 1889 id
1213 1835 1513 1905 suspicatus
1534 1836 1730 1890 fuerit?
1777 1834 1913 1891 Con-

321 1931 450 1988 stat,
484 1938 733 1993 repones,
766 1924 838 1978 ita
858 1925 1185 1994 suspicatum
1208 1924 1392 1991 fuisse,
1424 1926 1675 1997 quoniam
1707 1928 1913 1996 disjun-

321 2015 450 2067 etim
472 2025 524 2069 et
552 2014 646 2069 sub
698 2014 852 2070 dubio
880 2014 1134 2083 loquitur.
1181 2015 1419 2071 Primum
1467 2019 1518 2071 in
1564 2018 1791 2087 epistola
1844 2017 1912 2072 ad

323 2103 670 2159 Valentinum
695 2120 802 2159 non
823 2104 1160 2175 disjunctim,
1191 2122 1291 2161 nec
1314 2106 1414 2162 sub
1439 2108 1602 2161 dubio
1634 2109 1872 2177 loquitur
1895 2125 1911 2163 :

321 2190 497 2247 Nobis
549 2194 831 2248 retulerunt
878 2196 1248 2250 monasterium
1278 2204 1497 2251 vestrum
1523 2198 1775 2251 nonnulla
1803 2198 1913 2252 dis-

317 2284 565 2339 sensione
593 2284 853 2339 turbatum
874 2303 1003 2351 esse,
1061 2304 1122 2342 eo
1163 2288 1301 2359 quod
1318 2288 1526 2358 quidam
1574 2291 1627 2343 in
1667 2290 1805 2344 vo!is
1832 2304 1911 2345 sic

316 2390 563 2431 ειιΑτιΑιι
590 2392 925 2445 ramoraum,
980 2379 1132 2449 187
1177 2394 1246 2433 υτ
1287 2394 1496 2435 arcam
1543 2395 1755 2435 uoums
1787 2396 1910 2436 esse

317 2482 557 2523 uesani
581 2485 894 2536 snst'rnwu,
934 2478 1004 2538 et,
1054 2472 1420 2543 quodgravius
1445 2482 1541 2539 est,
1573 2474 1747 2526 dicant
1776 2473 1913 2544 quod

316 2560 379 2612 in
421 2560 507 2615 die
534 2560 723 2630 judicii
775 2578 877 2615 non
912 2562 980 2617 sit
1023 2564 1100 2619 vel
1145 2563 1439 2625 redditurus
1474 2563 1609 2623 Deus
1638 2564 1911 2634 unicuique

314 2652 605 2706 secundum
641 2668 800 2719 Opera
828 2654 962 2722 ejus.

396 2740 447 2792 7.
500 2741 653 2808 Quod
702 2758 831 2812 ergo
880 2759 1002 2814 cap.
1050 2744 1076 2798 1
1125 2745 1245 2800 libri
1295 2746 1362 2801 de
1407 2745 1591 2801 Gra;ia
1631 2755 1686 2801 et
1734 2746 1907 2805 libero

310 2831 558 2891 Arbitrio
587 2832 892 2903 disjunctim
942 2835 1266 2904 Augustinus
1302 2836 1557 2907 loquitur,
1605 2852 1709 2891 non
1734 2838 1911 2905 arguit

310 2939 445 2982 eum
490 2925 758 2981 dubitasse
812 2942 880 2981 an
936 2928 1068 2981 falsa
1112 2936 1256 2982 esset
1294 2926 1569 2983 Cresconii
1615 2935 1672 2982 et
1716 2926 1910 2982 Felicis

310 3017 598 3085 narratio;
628 3019 720 3073 sed
767 3019 1006 3076 voluisse
1034 3021 1222 3077 eadem
1276 3036 1440 3092 opera
1484 3022 1762 3077 confutare
1793 3028 1908 3074 tum

2016 1839 2117 1895 nisi
2150 1848 2208 1894 ut
2244 1840 2401 1896 fidem
2432 1850 2559 1898 tunc
2585 1841 2897 1911 Hincmaro,
2924 1852 3050 1900 tunc
3077 1846 3288 1900 auctori
3320 1844 3608 1901 Praedesti-

2017 1932 2151 1995 nati,
2204 1946 2234 1985 a
2273 1931 2561 1988 Sirmondo
2608 1933 2840 2003 vulgati,
2893 1942 3070 2005 neget.
3113 1933 3376 1991 Concedit
3424 1945 3606 1992 tamen

2016 2037 2124 2077 non
2146 2021 2310 2077 fuisse
2335 2023 2702 2094 imaginariam
2719 2022 3318 2080 Prmdestinatianorum
3335 2026 3603 2093 haeresim,

2015 2112 2261 2181 quamvis
2295 2112 2552 2180 plurimos
2579 2128 2688 2168 non
2722 2114 2972 2169 habuerit
3001 2122 3321 2182 sectatores,
3352 2124 3408 2171 et
3447 2115 3606 2172 Luci-

2013 2204 2141 2259 dum
2210 2204 2580 2275 presbyterum
2658 2204 3257 2263 Przedestinatianorum
3332 2208 3606 2263 erroribus

2014 2292 2325 2359 adlimsisse,
2353 2294 2445 2364 qui
2494 2295 2548 2349 in
2592 2295 2823 2351 concilio
2852 2294 3154 2351 Araletensi
3200 2313 3274 2362 Ill,
3308 2308 3362 2353 et
3391 2297 3604 2367 Lugdu-

2014 2386 2166 2440 nensi
2202 2389 2399 2441 smcu'o
2429 2401 2481 2452 v,
2507 2385 2745 2442 damnati
2784 2394 2928 2442 sunt.
2960 2386 3242 2443 Concludit
3263 2405 3598 2459 gyrovagum,

2012 2475 2376 2541 turbtlentum,
2426 2485 2477 2529 et
2519 2486 2815 2531 novatorem
2860 2477 3166 2531 monachum
3211 2476 3603 2533 Gothescalcum

2011 2568 2208 2623 stucqu
2258 2584 2314 2623 ix
2365 2568 2611 2624 haeresim
2643 2567 3239 2625 Prmdestinatianorum
3285 2572 3596 2627 suscitasse.

2082 2665 2134 2720 9.
2168 2666 2390 2722 Omissis
2426 2667 2587 2738 igitur
2611 2668 2816 2724 cavillis
2844 2667 3292 2733 Jansenistarum,
3330 2671 3417 2737 qui
3449 2685 3585 2725 con-

2011 2759 2239 2814 tendunt
2278 2774 2437 2814 veros
2480 2758 2537 2815 S.
2568 2758 2849 2829 Augustini
2877 2760 3170 2832 discipulos
3198 2762 3265 2816 ab
3297 2760 3589 2818 Hincmaro

2011 2863 2067 2908 et
2116 2852 2235 2907 aliis
2276 2863 2497 2909 vocatos
2535 2852 2699 2910 fuisse
2736 2853 3265 2923 Prmdestinatianos,
3317 2857 3594 2913 sustinen-

2013 2944 2137 2999 dum
2167 2953 2248 2999 est
2272 2956 2327 2999 et
2351 2944 2548 3001 swculo
2577 2961 2608 3000 v
2640 2947 2690 3001 in
2723 2944 2894 3001 Gallia
2937 2948 3164 3017 aliquos,
3197 2948 3442 3017 quamvis
3483 2947 3597 3005 for-

2014 3040 2159 3089 tasse
2208 3049 2316 3088 non
2368 3034 2589 3099 multos,
2629 3035 2874 3091 hazresim
2918 3035 3444 3094 Prmdrstinatianam
3491 3038 3592 3094 do-

310 3121 416 3164 eos
436 3106 530 3177 qui
556 3107 628 3163 ita
652 3109 877 3180 gratiam
909 3109 1002 3165 Dei
1029 3111 1318 3181 prredicant
1357 3120 1416 3166 ut
1464 3119 1660 3180 negent
1680 3111 1906 3166 liberum

2012 3124 2208 3192 cuisse,
2235 3133 2291 3179 et
2336 3126 2532 3183 saeculo
2570 3142 2621 3185 1x
2672 3126 3085 3185 Gothesralcum
3140 3129 3384 3186 eamdem
3427 3146 3591 3186 reno-

311 3198 557 3263 hominis
585 3215 702 3257 esse
731 3202 1029 3269 arbitrium,
1063 3210 1174 3265 tum
1198 3218 1295 3260 eos
1315 3204 1405 3273 qui
1436 3212 1629 3273 putant
1670 3201 1903 3257 liberum

309 3294 600 3351 arbitrium
648 3296 862 3366 negari,
884 3313 1005 3353 cum
1035 3298 1206 3367 gratia
1246 3298 1343 3359 Dei
1379 3296 1702 3365 defenditur,
1735 3305 1794 3350 ut
1834 3296 1903 3351 ah

307 3383 621 3453 Augustino
658 3385 1211 3461 defendebatur,sive
1259 3386 1361 3457 ipsi
1406 3388 1546 3445 hanc
1582 3386 1903 3450 defendendi

302 3473 589 3531 rationem
609 3474 855 3543 probent,
880 3477 993 3530 sive
1017 3491 1197 3539 secus.
1216 3476 1436 3543 Deinde,
1469 3478 1675 3533 etiamsi
1706 3478 1901 3541 admit-

304 3574 436 3623 tere
488 3563 718 3621 velimus
787 3566 1139 3635 Augustinum
1186 3567 1462 3623 dubitasse
1514 3584 1582 3623 an
1648 3570 1899 3624 monachi

303 3656 655 3717 Adrumetini
704 3666 963 3728 negarent
1005 3658 1231 3719 liberum
1280 3662 1580 3726 arbitrium,
1609 3679 1677 3718 an
1727 3665 1900 3723 solum

302 3756 569 3819 putarent
621 3749 847 3804 liberum
892 3751 1177 3808 arbitrium
1222 3754 1405 3824 negari
1449 3771 1567 3817 cum
1609 3758 1777 3827 gratia
1806 3759 1900 3815 Dei

302 3836 637 3902 defenditur,
677 3842 900 3897 omnino
923 3851 1101 3899 tamen
1122 3843 1394 3900 fatendum
1416 3855 1499 3901 est
1521 3846 1897 3919 Augustinum,

303 3936 371 3987 ut
412 3927 762 3987 dubitationis
782 3946 893 3987 suae
921 3942 1204 4004 utramque
1242 3947 1447 4006 partem
1478 3939 1899 4010 comprehende-

303 4028 437 4085 ret,
486 4020 678 4077 librum
720 4024 788 4079 de
826 4023 1008 4085 Gratia
1054 4036 1110 4083 et
1150 4028 1320 4087 libero
1362 4029 1597 4089 Arbitrio
1620 4035 1901 4105 scripsisse

304 4120 425 4172 tum
457 4121 644 4167 contra
686 4129 780 4171 eos
805 4116 895 4185 qui
944 4117 1018 4173 ita
1045 4118 1141 4175 Dei
1174 4124 1399 4192 gratiam
1441 4125 1797 4191 prmdicarent
1838 4137 1898 4187 ut

304 4210 570 4268 negarent
592 4203 816 4268 liberum
841 4208 1072 4265 hominis
1092 4226 1211 4268 esse
1238 4214 1539 4285 arbitrium,
1564 4226 1677 4273 tum
1706 4231 1893 4278 contra

302 4304 405 4347 eos
432 4292 525 4361 qui
567 4304 829 4365 putarent
877 4297 1103 4356 liberum
1134 4304 1366 4361 hominis
1401 4306 1679 4363 arbitrium
1712 4312 1894 4380 negari

304 4396 431 4439 cum
462 4384 630 4452 gratia
673 4384 769 4441 Dei
793 4386 1113 4449 defenditur.
1146 4392 1491 4463 Ecquodnam
1538 4400 1698 4467 igitur
1736 4416 1893 4472 argu-

306 4480 551 4529 mentum
624 4475 863 4546 profers,
914 4488 973 4535 ut
1035 4483 1091 4537 in
1157 4490 1483 4544 monasterio
1541 4492 1891 4553 Adrumetino
1924 4476 1974 4535 Ῑ)

306 4561 816 4625 Prtedcstinatianos
873 4570 1039 4629 fuisse
1074 4585 1384 4635 constanter
1431 4585 1639 4650 neges?
1668 4585 1891 4647 Cresro-

304 4654 429 4715 nius
458 4664 512 4711 et
537 4656 715 4726 Felix,
740 4663 986 4716 monachi
1012 4662 1365 4733 Adrumetini,
1386 4668 1890 4735 Pnedestinalianos

306 4744 362 4801 in
391 4761 490 4802 suo
525 4750 853 4805 monasterio
885 4750 1049 4809 fuisse
1088 4754 1317 4825 ingenue
1356 4757 1607 4817 fatentur.
1655 4765 1731 4821 Ex
1781 4767 1890 4824 Au-

307 4834 520 4903 gustino
565 4836 737 4893 so'um
774 4839 1028 4909 colligere
1080 4841 1313 4911 laboras,
1341 4861 1462 4901 eum
1509 4850 1780 4911 dubitasse
1821 4873 1887 4914 an

309 4924 387 4982 illi
408 4925 517 4982 duo
557 4928 805 4983 monachi
832 4936 1034 4986 statum
1063 4934 1371 5002 quaestionis
1400 4939 1674 5013 explicare
1715 4946 1886 5003 scive-

308 5014 437 5072 rint.

380 5128 433 5184 8.
464 5129 649 5201 itaque
682 5133 734 5188 in
758 5133 1038 5205 Augustini
1069 5140 1280 5211 seriplis
1320 5144 1588 5214 Pelagiani
1631 5164 1694 5204 ac
1715 5150 1886 5208 Semi-

306 5221 570 5293 pelagiani
599 5224 897 5282 doctrinam
928 5230 997 5286 de
1039 5234 1211 5300 gratia
1254 5234 1373 5291 ideo
1402 5240 1883 5311 reprehendebant,

306 5312 432 5380 quia
469 5329 587 5370 eam
618 5332 742 5373 cum
770 5318 940 5375 libero
970 5323 1220 5388 arbitrio,
1251 5327 1392 5398 quod
1441 5329 1541 5398 ipsi
1578 5348 1884 5405 propugna-

307 5406 457 5477 bant,
487 5409 763 5467 cohaerere
800 5426 959 5483 posse
988 5418 1275 5484 negabant.
1311 5419 1409 5473 Alii
1438 5429 1622 5478 contra
1672 5430 1742 5481 ita
1788 5428 1887 5485 do-

306 5497 531 5553 ctrinam
564 5498 806 5568 ejusdem
845 5502 1124 5574 Augustini
1154 5506 1220 5562 de
1248 5511 1417 5577 gratia
1456 5512 1555 5566 intr
1570 5518 1885 5585 rpretaban-

306 5595 393 5642 tur
418 5596 477 5645 et
500 5589 830 5658 retinebant,
858 5602 921 5650 ut
958 5595 1115 5653 simul
1157 5598 1383 5657 liberum
1413 5605 1690 5663 arbitrium
1720 5625 1887 5679 nega-

305 5686 425 5736 rent
471 5696 487 5735 :
540 5695 666 5738 nam
722 5697 843 5740 cum
903 5686 1222 5773 catholicam
1279 5695 1558 5753 crederent
1604 5698 1885 5773 Augustini

2008 3232 2182 3271 vasse.
2214 3216 2326 3274 Hoc
2354 3227 2533 3274 autem
2557 3226 2679 3281 erat
2714 3220 2943 3291 primum
2985 3220 3586 3280 Prtedestinatianorum

2007 3309 2220 3379 dogma,
2255 3317 2310 3364 ut
2356 3311 2523 3365 refert
2567 3311 2889 3369 liincmarus
2932 3314 2986 3373 in
3023 3314 3184 3384 epist.
3214 3315 3281 3372 ad
3308 3315 3584 3371 Nicolaum

2006 3415 2198 3470 papam
2231 3418 2244 3454 τ
2273 3402 2421 3470 Quod
2443 3404 2574 3456 sicut
2596 3402 2735 3458 Deus
2764 3404 3013 3475 quosdam
3040 3405 3110 3459 ad
3134 3408 3293 3461 vitam
3318 3414 3590 3475 (sternam,

2001 3492 2078 3545 ita
2123 3492 2370 3563 quosdam
2415 3493 2800 3561 prtedestinaeit
2857 3496 2929 3548 ad
2981 3503 3215 3554 mortem.
3265 3494 3399 3550 Cum
3456 3508 3588 3564 ergo

2003 3580 2314 3648 Hincmaro,
2342 3583 2850 3640 Pmdestinatianos
2872 3584 3235 3653 redarguenti,
3258 3585 3587 3653 objiceretur

2002 3672 2192 3731 lsidori
2250 3675 2513 3729 sententia
2563 3692 2576 3727 :
2628 3672 2845 3729 Gemina
2900 3683 2977 3731 est.
3024 3676 3435 3744 prtedestinatio,
3482 3678 3587 3731 sire

2001 3764 2287 3821 electorum.
2323 3765 2395 3818 ad
2436 3766 2677 3837 requiem,
2709 3766 2813 3821 sive
2852 3766 3184 3838 reproborum
3230 3769 3299 3824 ad
3327 3778 3542 3825 mortem
3565 3811 3582 3837 ,

2001 3871 2110 3911 non
2155 3856 2313 3910 aliam
2363 3856 2861 3926 interpretationem
2908 3858 3163 3916 adhibere
3209 3862 3433 3928 curavit,
3477 3863 3582 3917 nisi

2000 3946 2142 4016 quod
2173 3947 2398 4003 fortasse
2444 3946 2679 4005 Isidorus
2718 3948 2771 4003 in
2802 3948 2902 4004 hac
2945 3951 3210 4011 sententia
3245 3951 3312 4009 de
3339 3953 3582 4024 reliquiis

2000 4042 2275 4100 Gallorum
2304 4045 2355 4100 in
2384 4044 2660 4117 Hispaniis
2676 4055 3029 4104 remanserat.

2072 4157 2158 4211 lO.
2183 4154 2290 4211 Sed
2314 4172 2433 4211 cum
2462 4156 2606 4211 nulla
2635 4157 2852 4215 aliunde
2880 4160 3102 4229 vestigia
3130 4172 3424 4231 appareant
3464 4163 3568 4218 bte-

1997 4248 2130 4302 resis
2158 4246 2643 4304 Prmdestinatiana:
2664 4250 2719 4304 in
2748 4248 3040 4320 Hispaniis,
3074 4266 3169 4320 rer
3205 4253 3580 4309 successiones

1996 4336 2270 4391 Gallorum
2323 4345 2417 4392 aut
2462 4338 2569 4394 alio
2590 4339 2764 4399 modo
2815 4340 3061 4407 invectae,
3112 4343 3355 4413 oportuit
3398 4345 3579 4413 potius

1996 4428 2301 4500 diligentius
2346 4431 2398 4486 in
2436 4430 2629 4487 lsidori
2655 4442 2892 4489 mentem
2935 4435 3308 4504 introspicere,
3355 4436 3579 4507 ejusque

1998 4523 2104 4577 hoc
2148 4523 2201 4576 in
2227 4524 2346 4579 loco
2393 4525 2713 4579 sententiam
2758 4541 2882 4581 cum
2925 4528 3043 4582 aliis
3071 4528 3312 4597 ejusdem
3351 4544 3577 4599 compo-

1998 4630 2148 4682 nere,
2179 4624 2237 4671 ut
2262 4633 2418 4673 verus
2444 4633 2636 4676 sensus
2678 4627 2980 4675 erueretur.
3012 4623 3206 4676 Notum
3235 4630 3337 4687 est,
3368 4622 3515 4692 quod
3542 4637 3575 4677 a

1996 4706 2439 4777 Semipelagianis
2466 4708 2522 4764 S.
2555 4708 2852 4778 Augustino
2872 4708 3114 4778 quaedam
3142 4709 3330 4765 similis
3357 4718 3577 4767 senten-

1997 4798 2070 4851 tia
2098 4796 2259 4851 \'eluti
2296 4797 2349 4852 in
2379 4798 2497 4869 ejus
2525 4798 2740 4869 scriptis
2765 4797 2985 4854 defensa
3014 4798 3386 4867 objiciebatur.
3420 4801 3574 4873 Apud

1996 4888 2054 4944 S.
2087 4889 2407 4959 Prosperum
2453 4890 2593 4946 inter
2620 4889 2950 4959 objectiones
2977 4889 3252 4948 Gallorum
3282 4892 3572 4963 capitulum

1992 4981 2223 5051 primum
2271 4988 2404 5034 est:
2461 4980 2610 5045 Quod
2644 4997 2711 5036 ea:
2761 4982 3216 5053 prtedestinatione
3265 4982 3385 5053 Dei,
3438 4984 3571 5038 velut

1992 5074 2149 5144 fatali
2166 5076 2487 5141 necessitate,
2517 5074 2749 5130 homines
2776 5076 2847 5129 ad
2864 5086 3077 5145 peccata
3102 5078 3350 5146 conspulsi
3378 5091 3572 5147 cogan-

1991 5174 2075 5217 tur
2117 5164 2171 5218 in
2223 5174 2460 5221 mortem.
2502 5165 2807 5238 Capitulum
2855 5184 3057 5224 nonum
3107 5168 3381 5224 Gallorum
3442 5174 3566 5223 est:

1992 5253 2143 5319 Quod
2169 5273 2261 5325 per
2287 5260 2568 5326 potentiam
2592 5257 2731 5313 Deus
2769 5259 3003 5313 homines
3030 5260 3098 5313 ad
3118 5269 3325 5327 peccata
3347 5258 3570 5329 compel-

1989 5345 2081 5399 lat.
2109 5345 2166 5399 S.
2200 5345 2512 5415 Fulgentius
2572 5348 2626 5402 in
2675 5350 2832 5418 epist.
2882 5349 2948 5403 ad
3002 5348 3292 5404 Monimum
3326 5362 3459 5416 cap.
3497 5346 3569 5402 50

1988 5435 2233 5491 eamdem
2278 5437 2656 5504 objectionem,
2698 5454 2728 5493 a
2779 5439 3197 5496 Massiliensibus
3241 5448 3428 5493 contra
3457 5438 3568 5493 Au-

1986 5527 2255 5595 gustinum
2284 5529 2639 5597 propositam,
2662 5539 3031 5602 repraesentat,
3062 5530 3327 5600 simulque
3383 5530 3566 5599 Augu-

1984 5617 2109 5673 sdni
2160 5628 2392 5674 "tentem
2430 5623 2664 5693 explicat
2711 5640 2723 5676 :
2767 5623 2890 5677 Non
2938 5632 3107 5675 autem
3145 5622 3378 5692 ignoras,
3409 5624 3563 5676 etiam

1985 5710 2245 5777 prwterito
2298 5722 2523 5783 tempore
2575 5715 2653 5771 illi
2706 5714 3103 5772 luculentissima
3171 5713 3232 5771 S.
3292 5716 3561 5789 Augustini
