4060 6198
439 289 532 320 νη

441 289 535 344 2‘s
1180 285 1270 339 AD
1311 281 1532 336 orem
1573 279 1630 331 s.
1675 271 1916 330 Istoom
1963 267 2404 324 msrmmszs
2443 265 2966 327 PROLEGmlt-ZNA.

3597 263 3700 316 136

433 409 576 478 operi
604 406 666 459 de
702 401 1158 458 Pra‘destinatione
1195 399 1353 468 189
1379 405 1698 458 sanctorum,
1747 409 1777 444 a
1810 389 2020 462 quibus-
2052 387 2092 442 Α
2126 385 2358 438 materiae
2411 383 2566 437 latius
2622 382 2907 436 ostendam.
2939 361 3216 451 'Expendo
3276 389 3443 432 tamen
3491 377 3702 432 verbum

435 500 554 553 dum
577 493 742 551 Gallis
769 494 1041 565 objectum,
1071 489 1204 562 quod
1233 491 1410 543 beatus
1427 486 1742 558 Augustinus
1771 485 1823 536 in
1847 497 2018 534 asser-

437 590 574 642 tione
601 583 1071 656 prtedestinationis
1101 580 1286 633 divinae
1308 585 1600 648 peccatores
1630 573 1824 628 nonad
1854 571 2022 626 solum

437 678 828 748 pra'destinatos
856 673 1044 725 diceret
1059 669 1335 742 judicium,
1361 675 1450 721 sed
1470 667 1625 720 etiam
1647 665 1715 718 atl
1735 671 2019 734 peccatum,

436 767 581 836 cujus
611 766 748 818 dicta
767 805 780 824 ,
813 763 931 832 quia
960 760 1070 830 ipse
1095 759 1244 813 celeri
1276 765 1562 828 promeritus
1588 765 1662 809 est
1705 753 1866 818 obitu,
1893 751 2022 806 Pro-

435 873 572 928 sper,
617 857 692 910 vir
732 853 966 908 eruditus
1009 860 1059 907 et
1103 859 1336 914 sanctus,
1383 857 1522 903 recta
1557 843 1784 917 defendit
1821 844 1925 914 ﬁde
1975 851 2024 896 et

437 951 643 1020 copioso
668 963 930 1002 sermone.

508 1041 593 1094 il.
631 1038 862 1094 Lucidus
890 1032 1400 1089 Prmdestinatianus
1439 1029 1721 1085 damua'us
1755 1025 1869 1090 fuit,
1899 1024 2023 1094 quia

439 1135 788 1204 reproborum
818 1127 1340 1200 prtcdcstinationem
1373 1121 1439 1177 ad
1480 1129 1708 1176 mortem
1738 1119 1808 1172 ita
1839 1115 2022 1172 deliin-

439 1225 626 1285 debat,
683 1229 741 1274 ut
793 1219 1038 1275 creteret
1104 1213 1366 1285 reprohos
1411 1225 1440 1266 a
1485 1211 1593 1266 Deo
1639 1205 2032 1279 prtedestinati,

441 1325 497 1370 et
527 1312 754 1383 propelli
787 1310 854 1364 ad
899 1315 1200 1379 peccatum.
1253 1302 1456 1358 Natalis
1484 1297 1788 1354 Alexander
1813 1295 2024 1350 dissert.

446 1403 513 1458 de
563 1400 752 1456 haeresi
803 1395 1302 1458 Prmdestinatiana,
1357 1389 1556 1446 smctdo
1607 1405 1658 1454 v,
1705 1401 1924 1457 propos.
1972 1383 2028 1452 αἱ,

442 1497 520 1550 sic
563 1493 771 1546 refert:
821 1489 981 1544 Sexta
1039 1488 1242 1539 tlenutm
1287 1481 1589 1554 prOpositio,
1635 1495 1735 1550 qua
1791 1477 2031 1530 dicuntur

446 1601 548 1640 M."
591 1595 858 1636 DEPUTATI
908 1595 974 1633 AD
1003 1591 1244 1640 IORTEH,
1281 1589 1386 1627 ALII
1425 1588 1492 1626 AD
1521 1584 1692 1624 Vt't‘aIl-
1732 1581 2034 1622 ιιιιιευεετι-

443 1693 585 1740 Ntm,
617 1691 676 1728 eo
702 1669 963 1726 intellecta
991 1683 1176 1734 sarisa,
1197 1673 1250 1718 ut
1295 1664 1386 1718 alii
1416 1662 1491 1716 ad.
1519 1671 1770 1715 teter-nam
1809 1657 2028 1710 damna-

2120 476 2288 539 illntl,
2343 489 2652 530 PoTES't'sTI-z
2696 489 2792 528 sua
2825 516 2836 534 ,
2896 489 2995 542 quo
3043 471 3368 542 signiﬁcatur
3419 470 3582 524 Deum
3634 487 3702 524 ex

2121 563 2232 617 sola
2260 565 2489 630 potentia
2525 571 2574 618 et
2613 563 2874 616 voluntate
2909 561 3162 615 neminem
3201 561 3270 614 ad
3298 561 3494 614 malum
3545 570 3704 614 a-ter-

2123 675 2203 714 ntv
2253 659 2470 714 miseria:
2526 646 2813 712 ordinasse.
2865 653 2932 710 Id
2987 671 3104 710 vero
3152 671 3256 710 non
3303 655 3532 710 excludit
3579 655 3703 726 quin

2123 767 2190 805 ea:
2227 749 2435 821 justitia
2484 749 2682 818 aliquos
2743 746 2798 801 in
2859 755 3108 800 teternum
3163 748 3348 817 punire
3403 746 3708 800 decreverit.

2127 841 2242 895 Hoc
2289 849 2458 894 autem
2505 843 2761 892 decretum
2805 837 3048 907 supponit
3092 838 3472 908 pra'scientiam
3517 837 3708 904 culpat,

2125 941 2332 1002 propter
2359 946 2511 1000 quam
2561 930 2711 984 homo
2758 927 2942 998 dignus
2981 937 3058 981 est
3112 927 3204 981 tali
3257 943 3428 997 poena.
3483 927 3712 995 Ideoque

2127 1023 2232 1076 tale
2268 1023 2523 1076 decretum
2553 1039 2654 1075 non
2685 1029 2846 1091 potest
2886 1021 2988 1073 dici
3019 1019 3404 1088 pra’tlestinatio
3433 1021 3485 1074 in
3525 1021 3714 1074 ordine

2129 1113 2196 1166 ad
2238 1114 2637 1182 prata-cientium,
2675 1112 2766 1166 sed
2808 1113 3009 1166 ratione
3045 1112 3352 1166 atteruitatis
3399 1121 3717 1179 tomparatat

2130 1204 2199 1258 ad
2224 1203 2374 1258 talem
2395 1201 2653 1272 eiectum,
2683 1211 2730 1256 et
2758 1203 2833 1256 ita
2870 1206 3146 1273 lcqttnttlur
3175 1202 3298 1254 dicti
3328 1200 3512 1255 Patres
3539 1218 3558 1255 :
3591 1217 3718 1256 nam

2131 1312 2372 1366 expresse
2400 1295 2668 1348 declarant
2709 1293 3214 1364 prtrtlcstinationem
3253 1280 3400 1345 illum
3425 1308 3720 1361 supponere

2133 1387 2324 1440 dictam
2366 1384 2764 1454 prtescientiam.
2816 1381 2901 1435 Ea:
2939 1382 3018 1436 his
3069 1397 3196 1452 ergo
3232 1391 3370 1452 patet
3419 1381 3564 1450 prior
3591 1397 3720 1451 pars

2135 1477 2452 1532 asscrtionis.
2481 1474 2622 1529 Nam
2645 1476 2784 1528 dicta
2810 1475 3002 1529 locutio
3023 1475 3078 1527 in
3099 1475 3274 1545 priori
3291 1489 3442 1528 sensu
3467 1490 3590 1528 vera
3617 1483 3720 1528 est.

2139 1565 2206 1621 Et
2237 1569 2368 1622 ratio
2391 1567 2529 1621 illius
2558 1575 2655 1634 est,
2677 1567 2797 1637 quia
2827 1565 2966 1619 Deus
2992 1581 3104 1619 vere
3131 1566 3319 1618 dicitur
3349 1564 3722 1634 prcedestinore

2137 1659 2230 1713 illa
2253 1674 2366 1730 qua:
2405 1657 2641 1712 absoluta
2679 1666 2727 1709 et
2758 1655 2962 1726 efﬁcaci
3003 1655 3264 1708 voluntate
3303 1669 3398 1708 sua
3432 1656 3724 1708 teternitate

447 1769 634 1821 tionem
662 1773 872 1836 prapter
899 1761 1040 1816 mala
1087 1759 1272 1813 merita
1299 1755 1654 1828 praedestinati
1691 1753 1812 1816 sint,
1845 1751 1937 1804 alii
1965 1749 2034 1802 ad
2067 1765 2120 1826 Β
2140 1749 2417 1816 ordinavit,
2446 1757 2496 1803 et
2519 1749 2688 1819 facere
2713 1746 2949 1806 decrevit,
2978 1744 3162 1798 saltem
3189 1759 3248 1797 eo
3283 1759 3434 1798 sensu
3460 1759 3562 1814 quo
3591 1759 3720 1812 par-

443 1859 598 1910 vitam
621 1857 693 1909 ita
718 1851 1100 1923 pt'tt'tlestimtli,
1117 1858 1174 1902 ut
1190 1849 1242 1902 in
1269 1863 1448 1902 eorum
1473 1845 1718 1900 electione
1738 1843 2029 1897 misericor-

447 1947 536 2002 dia
553 1947 650 2000 Dei
681 1946 814 1999 bona
841 1943 1024 1996 merita
1048 1937 1329 2009 praecedat,
1353 1937 1609 1991 catholica
1631 1942 1726 2002 est,
1757 1950 1787 1986 a
1813 1932 2036 1988 concilio.

459 2039 728 2092 Valentino
775 2034 1060 2090 secundum
1109 2033 1171 2087 S.
1219 2029 1495 2102 Augustini
1540 2037 1591 2083 et
1642 2027 1704 2082 S.
1768 2023 2035 2096 Fulgentis'

446 2130 734 2182 doctrinam
756 2135 976 2192 asserta,
1015 2121 1150 2177 etab
1173 2119 1412 2174 Ecclesia
1435 2117 1776 2190 Lugdunensi
1799 2116 2046 2186 defensa-

447 2217 526 2274 Eo
554 2234 668 2273 vero
699 2225 910 2286 accepta
953 2229 1128 2280 sensu,
1157 2211 1293 2283 quod
1313 2209 1449 2264 Deus
1479 2206 1720 2276 reprobos
1751 2205 1818 2259 ad
1858 2219 2038 2273 pecea-

450 2322 556 2364 tmn
576 2309 855 2380 propellat,
881 2306 960 2360 rel
980 2304 1116 2376 quod
1141 2301 1366 2375 generali
1399 2299 1662 2354 Creatoris
1681 2297 1964 2351 intentione
1991 2303 2040 2348 et

451 2401 678 2454 bonitate
722 2398 914 2453 conditi
959 2413 1064 2449 non
1111 2395 1214 2448 sint
1259 2409 1436 2447 omnes
1481 2401 1536 2444 ut
1581 2392 1734 2444 vitam
1791 2396 2052 2442 cateruam-

453 2497 900 2562 conseqnercntur,
941 2487 1032 2540 sed
1063 2485 1258 2540 conditi
1306 2485 1410 2536 sint
1438 2481 1595 2551 aliqui
1636 2489 1692 2533 ut
1731 2479 2044 2532 damnareno

453 2589 554 2646 tur,
585 2579 828 2634 haeretica
855 2585 950 2630 est.
984 2573 1209 2628 Lucidus
1250 2589 1402 2642 porro
1443 2570 1705 2640 presbyter
1731 2565 2042 2636 propositio-

453 2689 542 2726 nes
574 2671 693 2726 illas
717 2685 874 2734 pravo
918 2683 1092 2733 sensu,
1123 2681 1280 2736 quem-
1316 2663 1379 2716 in
1417 2661 1637 2733 singulis
1681 2659 2046 2721 indicavimus,

459 2761 842 2834 pmpugnabut.

528 2875 614 2929 12.
650 2871 854 2943 Duplici
883 2879 1061 2926 autem
1083 2885 1244 2924 sena:
1271 2867 1440 2938 accipi
1477 2873 1657 2938 potest
1699 2860 2052 2935 pandemus-

459 2965 536 3020 tio
571 2982 584 3016 :
615 2961 755 3016 Dens
784 2961 924 3016 enim
957 2961 1138 3028 aliquo
1183 2973 1310 3012 \ero
1343 2973 1506 3012 sensu
1534 2955 1730 3012 dicitur
1769 2951 2050 3024 praedesti-

459 3069 590 3110 nare
627 3068 691 3107 ea
731 3052 912 3106 omnia
948 3065 1066 3120 qua
1115 3050 1231 3119 ipse
1275 3051 1512 3104 tacturus
1559 3054 1664 3115 est,
1708 3043 1954 3114 quamvis
1993 3043 2047 3098 in

2132 1841 2287 1894 ticula
2316 1853 2430 1894 PM:
2461 1838 2587 1890 dicit
2618 1837 3020 1890 antecessionem
3059 1833 3366 1887 wlemitatis
3397 1834 3466 1886 ad
3498 1843 3720 1901 tempus.

2133 1931 2242 1986 Sed
2293 1927 2432 1982 Deus
2514 1927 2750 1981 absoluta
2800 1925 3057 1980 voluntate
3107 1923 3324 1977 decrevit
3373 1924 3554 1994 punire
3597 1939 3728 1991 quas

2135 2031 2432 2092 peccaturos
2459 2027 2506 2073 et
2537 2035 2693 2089 usque
2733 2018 2803 2070 ad
2830 2018 2986 2087 ﬁnem
3015 2015 3068 2069 in
3105 2016 3326 2085 peccatis
3357 2029 3724 2084 permansuros

2134 2129 2246 2167 esse
2291 2113 2584 2182 prwscivit;
2623 2127 2744 2180 ergo
2771 2125 2880 2177 eos,
2923 2115 2976 2161 ut
3013 2107 3216 2177 impios,
3249 2115 3384 2178 recte
3425 2103 3612 2156 dicitur
3657 2103 3732 2154 ad

2137 2219 2344 2276 poenam
2373 2202 2790 2270 procelestinasse.
2829 2198 3238 2254 I’osterioritem
3268 2194 3568 2247 assertionis
3602 2209 3732 2262 pars

2137 2309 2204 2347 ea:
2231 2293 2420 2346 eadem.
2437 2291 2676 2345 doctrina
2718 2289 3038 2353 declaratur,
3067 2285 3188 2357 quia
3213 2283 3350 2336 Deus
3383 2282 3571 2334 dicitur
3597 2297 3728 2348 pro-

2142 2385 2397 2456 priissime
2422 2383 2790 2452 prtedestinare
2829 2379 3105 2444 hominem,
3129 2374 3338 2447 quando
3372 2390 3436 2428 ex
3473 2389 3526 2427 se
3569 2382 3616 2425 et
3663 2387 3728 2424 ex

2141 2493 2237 2529 sua
2275 2473 2646 2541 benevolentia,
2671 2471 2954 2540 eia/Tecta,
2979 2479 3030 2523 et
3060 2485 3161 2522 non
3209 2476 3404 2520 tantum
3425 2474 3733 2534 provocatus

2143 2582 2208 2622 ex
2243 2565 2571 2636 prtescientia
2611 2563 2834 2635 alicujus
2872 2560 3058 2630 operis
3088 2559 3256 2630 ipsius
3297 2555 3540 2618 hominis,
3583 2553 3732 2606 illum

2145 2661 2352 2716 ordinat
2402 2657 2686 2730 efﬁcaciter
2738 2656 2807 2710 ad
2849 2655 3072 2724 aliquem
3121 2653 3283 2722 ﬁnem
3329 2649 3405 2703 vel
3453 2647 3729 2701 terminans

2148 2751 2340 2806 homini
2369 2751 2744 2804 convenientem
2767 2754 2816 2801 et
2837 2743 3189 2806 commodum,
3217 2748 3323 2796 etc.

2219 2863 2306 2919 1-5.
2351 2863 2468 2917 Alia
2516 2861 2668 2932 plura
2723 2859 2776 2913 in
2825 2855 3068 2914 eamdem
3116 2851 3436 2908 sententiam
3483 2847 3730 2903 Suarius.

2150 2956 2301 3026 de
2329 2963 2507 3010 autem
2543 2953 2778 3008 lsilorus
2807 2949 2972 3004 nullo.
2995 2946 3154 3001 modo
3183 2943 3528 3006 intellexerit,
3559 2957 3588 2994 a
3623 2939 3740 2995 Deo

2151 3047 2408 3118 reprobus
2435 3043 2796 3116 prndestinari
2825 3041 2890 3095 ad
2921 3039 3118 3093 malum
3145 3035 3336 3106 culpm,
3360 3035 3474 3090 sive
3500 3033 3566 3086 ad
3591 3047 3742 3086 mor-

457 3161 620 3202 scnsu
693 3143 862 3212 magis
935 3141 1156 3212 proprio
1239 3151 1295 3196 et
1382 3139 1579 3193 usitato
1648 3134 2046 3208 praedestinatio
2079 3139 2128 3204 ε
2157 3151 2264 3196 tum
2302 3141 2514 3203 animm,
2563 3145 2710 3208 patet
2765 3151 2834 3192 ex
2881 3133 3058 3203 capite
3105 3129 3367 3201 superiori
3415 3125 3450 3182 5
3495 3125 3740 3196 ejusdem

458 3237 553 3294 Dei
596 3237 772 3293 solum
837 3235 1048 3291 dicatur
1100 3249 1222 3290 cum
1271 3233 1411 3288 Deus
1464 3245 1532 3286 ex
1578 3245 1675 3285 sua
1718 3228 2050 3284 benevolen-

460 3331 533 3384 tia
585 3328 818 3396 aliquem
873 3327 1090 3382 ordinat
1143 3324 1213 3380 ad
1255 3324 1491 3392 aliquem
1537 3319 1696 3377 linem
1744 3319 1844 3390 ipsi
1897 3334 2050 3375 com-

459 3423 701 3478 modum.
733 3419 1036 3476 Hoc-sensu
1069 3418 1238 3488 magis
1269 3418 1490 3487 proprio
1517 3415 1658 3471 Deus
1690 3429 1795 3468 non
1845 3411 2053 3485 praede-

461 3517 628 3571 stinat
653 3515 924 3569 hominem
947 3513 1234 3582 rcprobum
1255 3509 1321 3564 ad
1339 3523 1550 3580 pennam
1578 3515 1831 3562 aeternam
1849 3522 1861 3558 :
1878 3513 2055 3575 potest

461 3598 638 3662 autem
680 3607 784 3661 dici
834 3617 956 3660 eum
987 3603 1375 3674 praedestinare
1422 3599 1490 3655 ad
1531 3613 1743 3669 pomum
1798 3605 2052 3651 atternam

463 3711 624 3754 sensu
674 3697 851 3751 minus
904 3695 1124 3765 proprio
1175 3693 1375 3762 ;quia,
1431 3699 1754 3761 provocatus
1801 3703 1866 3744 ex
1919 3701 2054 3759 pra-

467 3788 692 3842 scientia
724 3785 917 3855 culpm,
957 3783 1202 3840 decernit.
1229 3797 1352 3838 eum
1395 3795 1553 3852 pmna
1593 3789 1794 3834 :vterna
1840 3778 2050 3848 punire.

467 3879 598 3946 Qua:
625 3875 841 3932 uberius
881 3861 1156 3944 explicare
1189 3870 1388 3942 juverit
1426 3869 1608 3926 verbis
1656 3867 1831 3924 Suarii
1863 3877 1994 3922 tom.
2033 3865 2057 3920 ι

469 3978 628 4025 tract.
652 3967 708 4036 2,
733 3965 829 4022 lib.
861 3981 898 4032 ι,
927 3980 1047 4035 cap.
1084 3962 1134 4031 5,
1159 3963 1246 4019 ubi
1277 3963 1452 4020 locum
1475 3964 1638 4018 etiam
1667 3960 1857 4016 lsidovi
1888 3958 2054 4014 nostri

469 4060 670 4116 indicat
703 4077 716 4112 :
746 4057 986 4114 Secundo
1032 4056 1304 4109 dicendum
1351 4063 1428 4109 est
1467 4055 1584 4108 licet
1629 4055 1684 4107 in
1730 4055 1902 4126 aliqua
1940 4070 2064 4109 vero.

467 4168 618 4205 sensu
655 4149 760 4202 dici
796 4148 956 4216 possit
995 4147 1134 4200 Deus
1181 4146 1550 4216 pratdestbtare
1595 4146 1793 4216 aliquos
1825 4145 2057 4199 homines

467 4245 538 4296 ad
561 4241 754 4295 malum
781 4255 968 4309 pmnw,
1015 4255 1116 4292 non
1149 4249 1320 4291 tamen
1359 4235 1414 4290 in
1449 4252 1598 4290 sensu
1629 4236 1982 4306 propriissimo
2007 4245 2057 4290 et

441 4333 724 4401 .rigoroso,
765 4330 818 4382 in
849 4344 946 4398 quo
993 4343 1126 4380 nunc
1169 4326 1442 4393 loquimur.
1495 4325 1652 4380 Prior
1691 4342 1816 4395 pars
1852 4325 2059 4394 ponitur

469 4435 683 4496 promer
703 4423 1074 4493 Augustinum,
1115 4420 1201 4490 qui
1245 4418 1504 4472 interdum
1542 4415 1772 4472 absolute
1801 4417 1925 4470 dicit
1959 4417 2060 4471 ali-

2153 3233 2293 3298 libri,
2327 3233 2412 3286 ubi
2458 3229 2526 3284 de
2563 3227 2918 3284 obduratione
2960 3233 3016 3280 et
3059 3223 3302 3280 emt-itam
3344 3217 3623 3274 hominum
3661 3217 3744 3272 sic

2153 3325 2541 3380 ratiocinator:
2575 3319 2846 3374 Obdurare
2885 3316 3074 3370 dicitur
3121 3312 3258 3367 Deus
3307 3309 3582 3374 hominem,
3631 3324 3744 3362 non

2153 3418 2262 3488 ejus
2293 3413 2531 3484 faciendo
2553 3411 2818 3474 duritiam,
2847 3408 2937 3462 sed
2967 3421 3070 3460 non
3110 3399 3386 3475 auferendo
3413 3415 3547 3463 eam,
3577 3414 3742 3468 quam

2154 3505 2251 3558 sibi
2271 3505 2380 3572 ipse
2407 3501 2636 3554 nutrivit.
2667 3496 2792 3553 Non
2829 3498 2980 3551 aliter
3009 3493 3159 3566 191
3192 3501 3241 3546 et
3263 3491 3522 3547 obcwcare
3543 3488 3742 3541 dicitur

2155 3591 2402 3663 quosdam
2433 3587 2591 3656 Deus,
2641 3601 2745 3642 non
2783 3596 2838 3640 ut
2879 3587 2933 3640 in
2961 3585 3035 3638 eis
3060 3580 3292 3636 eamdem
3319 3580 3426 3650 ipse
3459 3577 3746 3631 caritatem

2157 3683 2318 3754 faciat
2343 3723 2357 3747 ,
2389 3679 2482 3736 sed
2511 3678 2647 3751 quod
2675 3694 2780 3748 pro.
2797 3691 2970 3731 eorum
3011 3673 3277 3728 inutilibus
3315 3670 3508 3724 meritis
3535 3668 3746 3721 accita-

2157 3785 2255 3832 tem
2285 3791 2460 3830 eorum
2487 3772 2550 3827 ab
2573 3774 2644 3827 eis
2685 3773 2796 3843 ipse
2834 3787 2940 3827 non
2970 3770 3194 3840 auferat.
3243 3765 3321 3819 De
3353 3763 3524 3818 libero
3563 3769 3746 3815 autem

2157 3867 2389 3925 hominis
2437 3865 2692 3927 arbitrio,
2750 3871 2806 3916 et
2857 3859 3238 3930 reprobatione
3285 3857 3570 3918 malorum,
3631 3853 3750 3908 sive

2157 3963 2633 4036 ptaid'estinatione
2677 3959 3032 4030 reproborum
3063 3955 3127 4011 ad
3157 3969 3368 4026 poenam
3399 3954 3468 4009 ob
3497 3959 3742 4022 peccato,

2157 4057 2353 4114 clarius
2377 4056 2492 4124 ipse
2513 4053 2744 4108 Isidorus
2785 4051 2878 4106 lib.
2916 4067 2952 4104 ιι
2977 4048 3279 4110 Dill'erent.,
3319 4061 3467 4100 nuzn.
3503 4042 3612 4098 δὶς
3645 4039 3744 4095 Dei

2157 4159 2232 4205 est
2261 4164 2379 4220 ergo
2410 4149 2604 4202 bonum
2629 4143 2763 4216 quod
2800 4145 3000 4214 agimus
3049 4152 3257 4211 prapter
3286 4137 3509 4208 gratiam
3547 4149 3746 4206 praeve-

2159 4243 2382 4295 nientem
2422 4249 2470 4292 et
2520 4239 2924 4306 subsequentem.
2951 4231 3202 4286 Nostrum
3249 4245 3366 4284 vero
3408 4235 3484 4280 est
3537 4233 3752 4296 propter

2159 4337 2510 4404 obsequentem
2535 4329 2679 4383 liberi
2705 4327 2908 4382 arbitrii
2936 4323 3337 4379 voluntatem....
3362 4316 3595 4372 Proinde
3623 4331 3750 4384 ergo

2159 4429 2214 4482 in
2265 4443 2325 4480 eo
2365 4425 2501 4496 quod
2545 4423 2716 4494 gratia
2752 4419 3112 4492 praevertimur,
3167 4413 3263 4468 Dei
3294 4421 3400 4476 est;
3450 4411 3503 4463 in
3543 4425 3602 4462 eo
3635 4423 3752 4460 vero

471 4531 596 4586 quos
631 4529 742 4567 esse
771 4529 802 4566 a
833 4509 940 4566 Deo
968 4510 1362 4581 prtvdestinatoi
1387 4510 1457 4562 ad
1485 4508 1792 4579 gehennam,
1825 4517 1880 4561 ut
1920 4517 2047 4578 patet

2167 4517 2304 4590 quod
2331 4516 2457 4570 bene
2502 4511 2764 4584 operando
2792 4510 3180 4579 prtvvenientem
3210 4501 3433 4576 gratiam
3469 4499 3750 4570 sequimur,

467 4610 526 4662 in
554 4603 879 4666 Enchiridio,
903 4619 1021 4672 cap.
1051 4601 1169 4668 100,
1199 4610 1246 4656 et
1275 4599 1364 4654 lib.
1393 4616 1459 4654 xv
1485 4599 1548 4655 de
1575 4598 1705 4654 Civit
1735 4639 1750 4664 ,
1775 4616 1890 4669 cap.
1925 4599 1975 4664 l,
2009 4608 2056 4654 et

471 4701 567 4754 lib.
602 4715 713 4764 xxi,
739 4713 856 4768 cap.
879 4697 914 4751 ‘2
931 4696 970 4750 ί.
996 4695 1068 4750 Et
1087 4698 1160 4750 ita
1181 4694 1544 4766 intelligendus
1569 4703 1666 4760 est,
1705 4697 1732 4760 Ξ
1747 4694 1860 4764 93
1887 4695 1930 4747 si
1957 4693 2057 4748 ali-

474 4790 588 4844 cubi
633 4789 821 4842 dixerit
862 4786 1090 4842 absolute
1149 4789 1348 4860 aliquos
1393 4804 1503 4842 esse
1553 4786 1944 4858 prwdestinatos
1987 4785 2058 4838 ad

475 4883 760 4947 interitum,
785 4892 842 4936 ut
883 4881 1012 4936 libro
1039 4881 1102 4934 de
1132 4879 1352 4948 Pet-fect.
1380 4880 1596 4950 ἀπείθη,
1628 4881 1762 4934 sicut
1785 4879 1934 4932 illum
1959 4893 2055 4932 ea:-

477 4975 648 5046 posuit
671 4973 978 5044 Futgentius
1022 4973 1160 5026 dicto
1187 4971 1276 5026 lib.
1309 4988 1328 5025 ι
1356 4973 1426 5024 ad
1453 4970 1759 5026 Monimum.
1788 4969 1856 5024 Et
1881 4970 2064 5024 eodem-

477 5064 630 5119 ntodo
651 5065 872 5134 loquitur
893 5061 1130 5116 Isidorus
1151 5060 1292 5116 lib."
1313 5061 1376 5114 de
1400 5077 1598 5116 summo
1615 5061 1910 5132 Bono,cap.
1943 5060 1994 5127 6,
2015 5069 2061 5113 et

475 5159 676 5215 indicat
695 5157 966 5212 concilium
991 5155 1316 5209 Valentinum
1336 5157 1430 5208 sub
1451 5152 1720 5220 Lothario,
1737 5171 1850 5224 cap.
1875 5155 1926 5208 5.
1957 5153 2065 5209 Sed

478 5253 534 5304 in
565 5252 658 5306 hoc
686 5263 870 5320 genere
898 5246 1170 5300 locutionis
1209 5245 1576 5298 advertendum
1610 5253 1686 5298 est
1713 5244 1859 5298 illam
1879 5239 2061 5314 'parti-

479 5343 652 5396 calam
673 5352 780 5408 pne
805 5340 973 5393 dicere
1000 5337 1402 5391 antecessionem
1416 5337 1722 5391 teternitatis
1751 5337 1822 5390 ad
1843 5347 2058 5404 tempus,

483 5449 586 5486 non
607 5432 880 5487 voluntatis
918 5429 1105 5482 divina:
1129 5429 1197 5480 ad
1219 5428 1610 5498 prtescientiam
1635 5430 1769 5498 ejus.
1803 5425 1894 5480 Sic
1923 5425 2061 5479 enim

483 5540 654 5578 verum
697 5535 772 5577 est
811 5521 944 5593 quod
975 5519 1248 5574 concilium
1289 5521 1668 5573 Arausicanum
1713 5526 1764 5571 et
1809 5515 2072 5570 Tridenti-

487 5631 606 5666 num
630 5615 960 5684 tle/inierant,
999 5609 1162 5664 Deum
1187 5618 1434 5679 potestate
1457 5625 1552 5662 sua
1583 5609 1838 5662 neminem
1865 5605 1934 5659 ad
1955 5621 2069 5658 nta-

489 5709 594 5758 lum
629 5707 1036 5775 pra-destinasse.
1069 5703 1216 5768 Quod
1245 5720 1340 5770 ego
1371 5701 1603 5771 intelligo
1637 5701 1798 5754 etiam
1825 5699 1889 5752 de
1934 5698 2070 5752 malo

496 5813 675 5866 ptrutv,
721 5807 768 5850 ct
798 5808 998 5852 wrcrna'
1025 5797 1268 5864 ntiscrfa',
1317 5803 1370 5847 ut
1412 5793 1461 5847 in
1491 5792 1714 5850 secunda
1745 5801 1890 5862 parte
1919 5791 2070 5858 hujus

2165 4618 2395 4663 nostrum
2430 4615 2524 4660 est.
2561 4599 2730 4657 Nemo
2759 4611 2928 4655 autem
2955 4598 3121 4652 Deum
3163 4593 3362 4650 meritis
3391 4588 3664 4653 antecedit,
3695 4595 3754 4638 ut

2166 4711 2337 4756 tenere
2376 4695 2662 4768 cumquasi
2699 4691 2978 4746 debitorem
3028 4687 3208 4758 possit.
3263 4681 3370 4739 Sed
3415 4681 3548 4734 miro
3599 4677 3756 4732 modo

2164 4767 2591 4862 a'quusomnibus
2612 4781 2848 4838 conditor
2875 4780 3006 4833 alios
3031 4771 3451 4846 prtedestinando
3472 4767 3752 4840 prteeligit,

2165 4883 2296 4936 alios
2326 4881 2378 4934 in
2400 4879 2508 4933 suis
2531 4873 2754 4930 moribus
2777 4873 2948 4944 pravis
2963 4869 3105 4942 justo
3120 4867 3321 4939 judicio
3343 4862 3752 4934 derelinquit....

2167 4971 2391 5036 Quidam
2435 4969 2580 5022 enim
2633 4963 2942 5034 gratissima:
2989 4957 3360 5013 misericordia:
3403 4953 3513 5024 ejus
3561 4967 3756 5022 prtere-

2167 5061 2353 5114 nientis
2400 5057 2536 5110 dono
2587 5055 2871 5116 salvantur,
2929 5049 3096 5119 effecti
3150 5063 3274 5102 vasa
3332 5039 3752 5098 misericordiae:

2163 5151 2374 5222 quidam
2409 5163 2524 5203 vero
2573 5145 2776 5216 reprobi
2825 5142 2988 5196 habiti
3033 5141 3103 5194 ad
3147 5153 3360 5210 pennam
3397 5130 3754 5206 prcedestinati

2163 5221 2504 5305 damnantur,
2531 5237 2700 5305 effecti
2723 5251 2844 5289 vasa
2871 5235 2984 5288 im.
3017 5232 3130 5286 Non
3173 5228 3369 5283 desunt
3393 5224 3632 5292 theologi
3661 5221 3754 5290 qni

2165 5330 2690 5402 prxdestiuationem
2759 5332 2882 5394 post
2933 5321 3159 5394 praevisa
3223 5317 3414 5372 merita
3479 5320 3756 5379 tueantur,

2171 5400 2346 5491 neque
2383 5425 2684 5488 repugnare
2723 5416 3074 5483 Augustinum
3105 5407 3471 5470 contendant;
3517 5400 3759 5458 nonnulli

2169 5515 2334 5568 etiam
2363 5511 2464 5567 bac
2487 5511 2538 5564 in
2580 5517 2734 5579 parte
2759 5505 3009 5562 deserere
3036 5501 3399 5571 Augustinum.
3421 5511 3538 5551 non.
3561 5509 3758 5549 veron-

2173 5615 2258 5660 tur
2287 5623 2298 5658 :
2331 5619 2438 5674 quo
2469 5602 2694 5658 fortasse
2730 5605 2938 5669 spectat
2965 5611 3106 5666 opus
3152 5595 3206 5650 in
3247 5591 3448 5646 Codice
3497 5587 3770 5640 Vaticano.

2171 5697 2496 5753 Ottoboninn
2521 5717 2532 5748 ›
2561 5693 2684 5758 599...
2729 5692 2808 5748 sic
2835 5689 3148 5758 inscriptum
3180 5704 3192 5740 :
3223 5685 3476 5753 Dialogus
3502 5678 3768 5734 Christia-

2175 5808 2267 5846 nus
2299 5791 2358 5843 de
2389 5786 2849 5843 l’ra'..’cstinatiouc
2878 5789 3057 5836 contra
3087 5777 3147 5832 S.
3180 5775 3536 5847 Augustinum.
3563 5767 3620 5824 ln
3651 5766 3764 5821 line
