4060 6198
304 239 406 296 157

1305 239 1686 297 ιδιῡοιιι.ιΝ.ι
1731 272 1794 280 -—-
1838 239 2012 295 PARS
2053 240 2088 296 l.
2135 241 2492 297 C.\"..XXX.

3472 239 3589 298 158.

297 354 510 412 Codicis
543 353 800 410 elenchos
844 354 1223 410 auctoritatuu
1255 371 1350 424 pro
1387 355 1701 409 stabilienda
1742 370 1868 408 sen-
1915 359 1944 411 -\
1979 371 2116 424 mus,
2167 356 2280 412 sive
2313 355 2791 424 Rntramnus,quo
2839 353 3077 409 secundo
3118 353 3583 409 unumne-notior

299 447 492 514 tentia,
525 445 707 500 italice
755 445 985 515 incipit:
1021 445 1192 520 Felice
1239 463 1266 500 e
1317 446 1484 499 beato.
1525 445 1629 498 Sed
1681 446 1886 512 praede-

299 537 526 594 stinatio
553 544 678 591 ante
708 536 929 607 praevisa
951 539 1164 602 merita,
1189 547 1246 590 ut
1274 535 1568 604 Augustino
1589 549 1886 602 congruen-

303 630 410 684 tior
441 635 544 691 est,
571 627 643 683 ita
665 627 828 680 etiam
860 626 999 682 inter
1027 626 1312 694 theologos
1336 625 1698 692 communior,
1725 633 1781 680 et
1820 625 1886 678 ad

302 717 550 786 exposita
578 715 766 770 Isidori
796 716 961 770 verba
989 715 1389 771 accommodati
1415 731 1477 769 .r.
1569 771 1571 774 ,

377 807 466 862 Η.
492 805 570 860 Ex
598 806 681 860 his
705 804 933 872 aliisque
963 805 1266 872 huiusmodi
1290 804 1336 860 ιι
1359 807 1612 862 neniarus
1637 806 1889 875 colligere

305 897 499 967 potuit,
531 910 638 949 non
683 909 748 950 ex
792 893 1036 964 reliquiis
1061 892 1336 950 Gallorum
1383 895 1890 951 Przedcstinatimo-

304 1003 441 1051 rum,
492 985 587 1040 sed
615 999 687 1040 ex
713 983 992 1054 Augustini
1024 982 1374 1055 Gregoriiquc
1402 984 1578 1054 Magni
1615 986 1766 1042 libris
1796 987 1892 1042 lsi-

301 1079 496 1134 dorum
527 1075 1052 1147 prmdcstinationem
1083 1077 1433 1145 reprobo."qu
1460 1076 1525 1130 ad
1559 1091 1768 1145 pmnam
1795 1077 1892 1132 do-

302 1169 511 1235 cuisse,
549 1174 776 1236 accepto
820 1165 1289 1234 prtedestinatiouis
1328 1167 1590 1222 vocabulo
1642 1167 1695 1222 in
1733 1184 1890 1223 sensu

303 1256 536 1326 quodam
560 1271 724 1320 vero,
751 1270 856 1309 non
888 1264 1066 1312 tatnen
1097 1256 1148 1310 iu
1184 1271 1346 1310 sensu
1377 1257 1546 1325 magis
1591 1259 1816 1329 proprio.
1840 1268 1895 1313 et

304 1349 527 1403 usitato.
557 1347 892 1402 Sententiam
943 1354 998 1401 et
1024 1346 1190 1402 verba
1229 1347 1340 1416 ipsa
1391 1347 1582 1402 lsidori
1630 1350 1895 1420 approbat

303 1436 577 1493 ﬂonorius
608 1435 1107 1507 Augustodunensis
1146 1435 1212 1492 de
1241 1436 1411 1493 libcro
1441 1437 1642 1492 Arbitr.
1685 1447 1817 1494 tom.
1852 1439 1894 1494 ιι

309 1528 473 1583 Thes.
515 1528 720 1582 Anec'.
776 1526 943 1592 Pezii,
973 1528 1062 1582 ubi
1113 1529 1292 1600 plures
1339 1529 1556 1584 Patrum
1603 1532 1896 1586 sententias

301 1620 528 1688 Colligit,
577 1635 684 1690 pne
715 1619 872 1674 crtim
918 1619 1128 1675 lsidori.
1179 1618 1359 1674 Prima
1403 1622 1667 1676 sententia
1701 1639 1712 1675 :
1745 1621 1898 1676 Arbi-

1990 458 2093 509 est,
2133 447 2329 502 StL‘Cttlo
2373 445 2650 499 IX.“0l’Ull.
2685 444 2816 499 Cum
2862 453 3042 498 autem
3075 443 3236 499 verba
3275 444 3343 498 de
3372 442 3575 498 Eucha-

1990 538 2136 592 ristia
2163 553 2230 592 ex
2259 537 2464 591 lsidoro
2493 536 2560 590 ab
2592 536 2708 606 ipso
2734 535 2964 590 adducta
2994 551 3103 590 non
3132 535 3304 591 solum
3354 550 3496 589 nunc
3526 534 3579 588 in

1990 628 2148 683 citis
2187 642 2294 680 non
2325 633 2696 694 compareant,
2746 624 2841 679 sed
2878 625 3100 680 omnino
3133 639 3166 679 a
3212 640 3340 680 mss.
3370 621 3584 679 Codici-

1992 716 2129 780 lius,
2181 715 2344 771 etiam
2402 713 2682 769 Bertramo
2736 713 3164 783 antiquioribus,
3221 713 3428 778 absint,
3483 729 3585 768 cur

1991 801 2321 872 Binghamus
2369 802 2594 857 lidcntcr
2634 803 2849 866 asserit,
2902 819 2970 857 ex
3012 802 3201 857 fraude
3240 803 3470 872 quadam
3516 818 3592 858 ea-

1991 896 2154 949 veiba
2187 895 2406 966 proprio
2434 910 2534 948 suo
2563 894 2686 949 loco
2718 911 2824 949 non
2865 895 3136 964 reperiri?
3161 893 3418 963 Equidem
3459 893 3582 964 plu-

1993 985 2140 1038 rima.
2188 983 2642 1056 Etymologiarum
2720 983 3047 1053 exemplaria
3110 1000 3240 1038 mss.
3297 985 3582 1054 diligenter

1994 1079 2218 1141 contuli,
2271 1077 2315 1132 si
2355 1091 2418 1132 ca
2455 1075 2619 1130 verba
2663 1075 2782 1132 loco
2827 1075 2996 1130 citato
3037 1090 3249 1145 possem
3293 1077 3531 1131 invenire
3565 1094 3580 1130 :

2001 1171 2155 1238 193
2186 1181 2370 1221 eorum
2421 1163 2806 1235 exemplarium
2846 1165 3089 1234 quautam
3143 1165 3397 1219 smculum
3429 1182 3482 1220 ix
3529 1175 3601 1222 et‘

1995 1258 2257 1314 Bertrami
2298 1266 2510 1312 aetatem
2551 1257 2897 1312 antecedunt.
2923 1256 3194 1325 Nusquam
3223 1266 3402 1311 tamen
3433 1272 3600 1327 repc--

1996 1351 2103 1406 rire
2132 1350 2256 1402 mihi
2287 1349 2429 1403 licuit
2470 1362 2532 1401 ea
2563 1362 2680 1416 qua:
2711 1345 2915 1401 lsidoro
2946 1361 2975 1400 a
3013 1345 3305 1400 Ratramno
3337 1346 3584 1401 tribuun-

1999 1451 2105 1497 tur.
2132 1442 2324 1496 Omnia
2353 1439 2707 1510 exmiplaria,
2729 1439 2891 1494 etiam
2920 1439 3339 1494 vetustissimum
3373 1438 3588 1509 Regina:

1998 1531 2316 1597 Succorum,
2348 1547 2494 1584 nuin.
2528 1528 2824 1596 1955,cum
2841 1529 2993 1582 editis
3009 1529 3351 1583 consentiunt
3381 1529 3474 1584 lib.
3509 1546 3602 1594 vr,.

2000 1641 2122 1694 ειν.
2161 1623 2243 1688 19,
2278 1622 2364 1675 ubi
2394 1622 2465 1675 ita
2512 1621 2578 1675 de
2618 1628 2962 1674 sacramento
2995 1617 3338 1673 Encharistim
3367 1621 3586 1675 dis-veri-

305 1714 464 1766 trium
510 1722 584 1766 est
629 1713 866 1767 voluntas
909 1712 1086 1768 libera:
1139 1716 1430 1783 potestatis,
1478 1727 1700 1783 etc.,ex
1734 1715 1823 1769 lib.
1861 1730 1898 1770 ιι
1937 1737 1972 1792 ιι
2003 1726 2088 1770 ιιιι·
2121 1735 2131 1768 :
2169 1713 2496 1784 Sacriﬁcium
2532 1713 2747 1779 dictum,
2777 1713 2924 1783 quasi
2963 1727 3167 1765 sacrum
3191 1713 3425 1782 factum;
3467 1713 3586 1779 quin

305 1801 514 1868 Dim-n,
577 1819 632 1857 ιι.
688 1802 776 1868 52,
808 1803 877 1857 al.
923 1802 1014 1858 27.
1061 1804 1306 1859 Secunda
1352 1805 1621 1859 sententia
1661 1821 1674 1857 :
1715 1803 1897 1859 Sciant

304 1894 456 1949 liberi
483 1894 685 1948 arbitrii
710 1895 1027 1966 defensores,
1053 1901 1182 1962 etc.;
1207 1911 1271 1950 ex
1299 1895 1390 1950 lib.
1417 1911 1452 1949 ιι
1473 1894 1741 1960 δοιιτθιιιη
1766 1910 1812 1949 c.
1841 1891 1891 1948 5.

307 1985 492 2038 'l'c.tia
559 1983 872 2039 sententia:
906 1983 1122 2038 Gemina
1181 1994 1256 2039 est
1307 1984 1715 2055 pra’destinatio,
1765 1993 1894 2049 etc.,

307 2089 482 2143 usque
507 2074 574 2128 ad
617 2072 780 2129 verba
823 2075 1139 2144 perpendere
1167 2076 1404 2129 ordinent
1451 2091 1518 2129 ex
1549 2075 1669 2130 loco
1709 2075 1800 2144 qui
1832 2075 1899 2128 ul)

309 2165 603 2220 llincmaro
639 2173 876 2221 notatur.
929 2163 1130 2231 Quarta
1178 2166 1440 2220 sententia
1483 2183 1500 2219 :
1550 2168 1704 2238 193
1759 2166 1900 2220 Deus

307 2257 696 2329 praedestinavit
735 2259 1009 2329 quosdam,
1055 2268 1162 2314 etc.
1191 2257 1295 2315 Sed
1323 2261 1390 2313 de
1420 2268 1530 2313 tota
1558 2259 1658 2314 hac
1679 2269 1908 2314 contio-

308 2350 509 2411 versia,
544 2349 618 2403 uti
662 2348 731 2404 de
759 2349 880 2405 aliis
907 2349 976 2402 ad
1003 2349 1232 2418 gratiam
1263 2350 1651 2420 spectantibus,
1681 2349 1902 2418 copiose

308 2449 364 2494 et
413 2439 624 2494 erudite
678 2450 801 2508 aget
854 2440 1057 2495 amicus
1105 2456 1256 2495 nieus
1285 2439 1613 2500 Francis-cus
1646 2439 1904 2494 Xaverius

308 2529 558 2598 Peiotes,
588 2531 678 2601 qui
709 2531 1012 2587 universam
1043 2532 1108 2587 de
1136 2533 1522 2588 controver.~iis
1553 2533 1804 2588 omnibus
1834 2533 1899 2586 ad

305 2623 549 2675 disinam
581 2623 973 2693 providentiam
1004 2639 1222 2696 quoquo
1253 2624 1414 2680 modo
1442 2626 1808 2695 spectantibzs
1830 2624 1910 2678 hi-

306 2720 414 2764 stoi
430 2711 557 2777 iam,
573 2711 752 2768 multis
773 2713 1132 2769 voluminibus
1153 2715 1620 2784 comprehensam,
1639 2716 1901 2784 exquisita

307 2807 562 2862 dcctriua
600 2807 885 2873 refertam,
919 2816 975 2862 ct
1021 2807 1265 2878 improbo
1295 2808 1479 2862 labore
1506 2809 1903 2876 concinnatam,

303 2895 625 2965 jamdudum
665 2898 884 2953 editioni
911 2905 1152 2969 paratam
1185 2898 1379 2965 habet;
1417 2899 1563 2968 quod
1595 2908 1651 2953 ut
1682 2900 1905 2970 exsequi

309 2989 508 3057 possit,
535 2989 829 3058 optandum
858 2989 1090 3045 maxime
1115 2998 1199 3046 est
1231 2998 1288 3044 ut
1317 2989 1601 3046 muniﬁcus
1631 2990 1822 3060 aliquis
1842 3006 1906 3044 ac.

309 3087 470 3133 tanto
498 3079 757 3135 molimini
792 3096 888 3150 par
917 3079 1182 3138 Mazcenas
1201 3081 1523 3136 inveniatur.

389 3171 481 3227 15.
535 3172 704 3226 Aliam
754 3173 909 3228 nobis
951 3174 1374 3229 controversiam
1415 3174 1656 3229 excitant
1692 3174 1907 3228 hetero-

307 3263 339 3317 d
368 3263 468 3328 ~xi,
493 3264 584 3332 qui
615 3279 796 3319 veram
825 3264 1068 3334 corporis
1102 3264 1310 3318 Domini
1345 3281 1412 3319 no
1446 3265 1512 3318 tri
1552 3263 1678 3319 Jesu
1711 3264 1906 3320 Christi

309 3354 683 3434 praesentiam,
715 3361 807 3408 aut
831 3354 1481 3410 transsubstantiationem
1513 3356 1563 3409 in
1585 3355 1905 3410 euelnrislia

309 3453 543 3517 negant,
575 3456 631 3501 et
659 3445 919 3502 Isidorum
969 3448 1021 3503 in
1056 3448 1298 3505 eamdem
1346 3451 1670 3504 sententiam
1706 3459 1909 3517 pertra-

309 3541 454 3593 here
494 3545 782 3591 conantur.
810 3536 1073 3607 Josephus
1102 3539 1446 3607 Binghamus,
1477 3539 1601 3609 Dig
1627 3558 1680 3594 ιι.
1713 3544 1836 3595 (ξι-εις
1858 3559 1904 3597 s.

309 3624 411 3689 lib.
452 3645 540 3693 xv,
566 3643 686 3697 cap.
721 3627 974 3696 5,allegat
994 3644 1090 3698 pro
1118 3643 1212 3682 sua
1228 3630 1416 3682 haeresi
1432 3629 1532 3684 Isid
1557 3631 1806 3684 mild-nm
1839 3649 1906 3686 ex

309 3725 411 3779 ιιι).
441 3738 478 3788 ι,
496 3736 618 3790 etp.
657 3719 738 3785 I8,
759 3720 825 3774 de
850 3719 1160 3774 Ecclesiast.
1181 3718 1368 3773 0flic.:
1399 3718 1562 3773 Panis
1585 3722 1738 3785 enim,
1763 3738 1910 3791 quem

317 3813 642 3886 (stringimus,
668 3826 852 3880 carpas
864 3808 1056 3864 Christi
1078 3820 1175 3877 est,
1194 3811 1282 3880 qui
1297 3810 1427 3862 dixit
1449 3825 1469 3864 :
1494 3808 1606 3880 Ego
1628 3827 1738 3863 sum
1761 3811 1912 3880 panis

316 3908 464 3961 uiuus
485 3906 570 3976 qui
612 3903 675 3958 de
700 3905 826 3957 melo
849 3901 1108 3956 descendi.
1145 3901 1329 3955 Vinum
1372 3912 1540 3956 autem
1566 3903 1778 3974 sanguis
1800 3904 1911 3974 ejus

319 4005 424 4059 est,
455 4007 505 4050 et
533 3996 565 4047 Ιι
601 4011 627 4047 c
652 4003 727 4048 est
769 3993 904 4064 quod
929 3993 1176 4062 scriptum
1213 4003 1290 4046 est
1312 4007 1330 4046 :
1355 3991 1469 4062 Ego
1496 4011 1606 4048 sunt
1637 3996 1750 4048 vilis
1772 4013 1910 4051 rera.

325 4086 439 4139 Sed
463 4086 632 4154 panis,
675 4085 794 4154 quia
823 4100 1006 4152 corpus
1035 4085 1336 4154 confirmat,
1371 4085 1484 4138 ideo
1515 4101 1700 4154 corpus
1721 4087 1914 4141 Christi

325 4185 693 4245 nuncupatur;
727 4176 895 4231 tinum
937 4184 1127 4239 autem,
1159 4177 1279 4246 quia
1318 4178 1622 4246 sanguinem
1672 4189 1916 4246 operatur

324 4267 379 4318 in
435 4281 622 4331 carne,
661 4265 775 4319 ideo
819 4265 886 4322 ad
928 4265 1229 4335 sanguinem
1260 4265 1450 4320 Christi
1497 4269 1738 4336 refertur.
1770 4268 1914 4322 licet:

327 4366 504 4408 autem
533 4355 653 4407 dum
693 4365 813 4408 sunt
839 4353 1082 4421 visibilia,
1117 4355 1444 4424 sanctiﬁcata
1479 4366 1647 4410 tamen
1679 4375 1770 4426 per
1791 4360 1914 4429 Spi-

2001 1824 2154 1878 prece
2207 1806 2419 1875 mystica
2471 1811 2798 1858 consecratur
2852 1801 2904 1855 in
2953 1803 3254 1854 memoriam
3300 1817 3394 1868 pro
3445 1799 3590 1853 nob's

2001 1899 2275 1954 denihiica:
2322 1897 2629 1968 passionis:
2677 1893 2834 1957 unde,
2887 1893 2981 1946 hoc
3027 1908 3085 1945 eo
3133 1890 3365 1962 jubente,
3408 1907 3590 1961 corpus

2004 1989 2195 2044 Christi
2233 1998 2278 2040 et
2309 1986 2610 2056 sanguinem
2648 1982 2885 2046 dicimus,
2911 1981 3046 2053 quod
3088 1982 3209 2034 dum
3238 1983 3302 2035 sit
3331 1999 3395 2036 ex
3421 1984 3592 2038 fructi.

2004 2077 2097 2131 bus
2126 2092 2296 2141 terra’,
2350 2075 2711 2143 sttuctilicatur
2734 2082 2782 2126 et
2805 2072 2867 2141 ﬁt
2909 2082 3308 2136 sacramentum,
3348 2081 3594 2138 operante

2002 2172 2326 2228 invisibiliter
2353 2170 2533 2235 spiritu
2585 2167 2702 2229 Dei,
2745 2166 2892 2237 cujus
2921 2166 3072 2236 panis
3109 2174 3156 2218 et
3199 2165 3373 2217 colicis
3411 2179 3590 2216 sacra—

2005 2276 2227 2320 mentum
2252 2263 2416 2317 (irteci
2443 2259 2814 2314 eucharistiam
2847 2257 3038 2322 dicunt,
3070 2257 3206 2326 quod
3240 2256 3420 2309 Latine
3451 2258 3588 2309 bona

2004 2359 2172 2426 gratia
2192 2358 2576 2425 interpretatur.
2597 2350 2664 2404 Et
2687 2350 2808 2422 quid
2835 2351 3242 2421 meliuscorpor-
3265 2360 3312 2402 et
3343 2350 3594 2418 sanguine

2007 2448 2196 2502 Christi
2221 2447 2244 2498 ?
2267 2446 2588 2498 [lati-animis
2614 2449 2738 2512 post
2774 2441 2888 2496 lucc
2913 2439 3100 2496 lsitlori
3132 2443 3318 2507 verba,
3349 2457 3413 2495 ea:
3449 2441 3594 2495 libris

2009 2537 2458 2609 Etymologiarum
2486 2535 2726 2602 laudata,
2755 2534 3096 2589 continenter
3122 2534 3198 2588 ait
3230 2551 3243 2587 :
3281 2533 3442 2588 l’anis
3477 2551 3596 2588 vero

2005 2639 2054 2684 et
2097 2631 2288 2692 riuum,
2319 2635 2450 2691 etc.,
2495 2635 2554 2680 ut
2581 2641 2742 2695 supra
2788 2641 2855 2682 ex
2887 2625 3185 2695 Binghamo
3223 2625 3404 2680 retuli.
3460 2623 3596 2678 Nata

2006 2719 2262 2790 margids
2284 2720 2396 2773 lucc
2425 2725 2506 2774 est
2531 2736 2544 2772 :
2571 2717 2762 2784 Verba,
2786 2717 2968 2784 Panis,
2994 2728 3125 2781 etc.,
3152 2734 3253 2771 non
3276 2719 3596 2787 reperiuntur

2007 2810 2147 2881 apud
2181 2808 2441 2863 [siderum
2467 2810 2568 2862 loc.
2598 2809 2688 2862 cit.
2714 2824 2774 2862 vt.
2795 2806 3042 2877 Etymol.,
3065 2823 3182 2874 cap.
3211 2806 3310 2871 19;
3341 2806 3431 2859 sed
3458 2805 3546 2859 lib.
3580 2821 3597 2860 ι

2009 2903 2070 2954 de
2104 2899 2290 2971 ΘΗΜ,
2333 2914 2452 2969 cap.
2484 2897 2571 2966 18,
2595 2898 2704 2952 htec
2735 2896 3023 2950 habentur:
3055 2893 3234 2960 Panis,
3264 2896 3380 2964 quia
3408 2911 3605 2964 corpus

2008 2990 2303 3060 conﬁrmat,
2334 2997 2441 3042 etc.
2476 2988 2650 3055 Perth
2675 2986 2995 3040 Ratramnus
3021 3003 3033 3038 :
3062 2983 3127 3037 Et
3154 2986 3247 3040 iste
3288 2985 3466 3039 doctor
3503 3001 3594 3038 ca-

1933 3111 1978 3173 C
2010 3083 2247 3145 t/iolicns,
2271 3079 2530 3140 etc.,dum
2552 3079 2677 3132 dicit
2697 3093 2884 3149 panem
2911 3086 2958 3130 et
2984 3075 3157 3129 viuum
3185 3073 3300 3130 ideo
3323 3076 3526 3145 corpori
3550 3083 3601 3129 et

2015 3174 2260 3244 sanguini
2294 3171 2504 3226 Domini
2533 3169 2854 3240 comparari,
2871 3175 2978 3224 etc.

2088 3264 2170 3318 18.
2215 3262 2320 3318 Cur
2351 3261 2508 3326 igitur
2555 3276 2662 3315 non
2705 3257 3086 3315 concludemus
3113 3264 3205 3310 aut
3245 3255 3594 3310 Ratramnum

2010 3355 2060 3409 in
2093 3353 2309 3423 aliquod
2340 3350 2528 3406 lsidori
2558 3349 2836 3418 exetnplar
2883 3346 3262 3416 interpolatum
3303 3345 3596 3412 incidisse,

2009 3456 2096 3499 aut
2147 3448 2199 3498 in
2245 3442 2518 3496 Rati-amni
2552 3455 2688 3510 opus
2733 3438 2989 3493 attributa
3035 3436 3244 3493 Isidoro
3274 3436 3432 3490 verba
3479 3451 3602 3490 cum

2009 3537 2110 3590 sub
2143 3517 2362 3604 ρει-ἴρηιί
2392 3532 2602 3587 ratione
2626 3531 2694 3584 ab
2724 3530 2904 3598 aliquo
2934 3527 3148 3582 falsario
3178 3525 3336 3581 fuisse
3366 3525 3608 3578 inti-usa?

2011 3629 2194 3699 Neque
2236 3627 2340 3680 tale
2371 3634 2516 3681 crrte
2558 3631 2638 3678 est
2669 3620 2944 3676 Ratramni
2975 3633 3144 3687 Opus,
3185 3617 3270 3671 cui
3302 3616 3465 3670 fidere
3503 3616 3602 3670 de-

2012 3719 2237 3772 beanms
2291 3715 2621 3769 Pro-lubitum
2670 3726 2861 3780 tieiupe
2889 3719 2969 3763 est
2998 3711 3049 3763 in
3081 3707 3263 3763 Indice
3293 3706 3606 3762 Tridentino

2015 3810 2291 3873 Ιιιιιιιιιιιο,
2338 3815 2392 3859 et
2435 3803 2724 3872 Hispanico
2759 3799 3045 3856 cardinalis
3086 3797 3354 3867 Quiroga'.
3405 3797 3607 3852 Natalis

2013 3895 2319 3952 Alexander
2348 3894 2399 3947 in
2429 3893 2642 3946 dissert.
2677 3889 2745 3944 15
2767 3889 2831 3944 ad
2861 3888 3112 3944 saeculum
3155 3905 3228 3954 Ix,
3254 3888 3354 3942 etsi
3385 3897 3608 3942 conten-

2013 3990 2092 4044 dit
2133 3987 2482 4042 Batramnum
2517 3983 2568 4036 in
2599 3982 2702 4037 lide
2731 3981 2890 4036 realis
2935 3980 3235 4050 praesentia:
3281 3979 3522 4048 corporis
3551 3988 3609 4032 et

2013 4081 2285 4150 sanguinis
2296 4077 2492 4132 ChriSti
2510 4077 2561 4131 in
2581 4073 2914 4129 Eucharistia
2932 4081 2981 4127 et
3003 4071 3611 4126 transsubstautiatiouis

2015 4171 2542 4236 cozu-eiiire,ta:nen
2573 4165 2820 4222 concedit
2843 4163 2960 4234 ejus
3006 4164 3224 4230 librum,
3269 4161 3338 4216 ob
3365 4161 3612 4215 duriores

2014 4280 2150 4334 qurs
2171 4265 2275 4317 lam
2306 4270 2360 4314 et
2387 4259 2730 4316 obscuriores
2759 4254 3070 4318 sententias,
3101 4270 3234 4324 quas
3273 4252 3614 4321 expositione

2016 4356 2193 4424 aliqua
2225 4351 2422 4406 molliri
2475 4365 2612 4420 opus
2661 4357 2812 4410 crat,
2847 4348 2899 4401 in
2944 4345 3121 4400 iudice
3161 4345 3312 4414 jussu
3359 4342 3610 4399 Clemcn-

329 4447 489 4499 ritum
525 4458 760 4501 sanctum
799 4447 853 4500 in
890 4454 1266 4499 sacramentum
1297 4446 1455 4500 divini
1483 4450 1716 4517 corporis
1752 4459 1916 4505 trans-
1949 4479 1994 4538 Β
2020 4448 2088 4501 tis
2119 4444 2232 4499 Vlll
2258 4441 2528 4515 pontificis
2577 4441 2796 4495 maximi
2820 4440 2990 4508 edito,
3019 4439 3157 4493 inter
3195 4437 3360 4493 libros
3390 4452 3496 4492 non
3521 4452 3615 4492 53-

256 4532 258 4535 ’
328 4545 473 4590 eunt.

408 4627 493 4681 16.
543 4627 715 4682 Alium
761 4628 936 4683 locum
985 4629 1190 4699 profert
1230 4628 1556 4696 B-inghamus
1600 4646 1667 4686 ex
1700 4631 1835 4686 libro
1867 4649 1919 4687 τι

335 4717 588 4790 Etymol.,
616 4734 733 4790 cap.
770 4719 861 4788 19,
880 4720 931 4774 in
961 4720 1077 4776 tunc
1101 4721 1264 4775 verba
1295 4737 1307 4773 :
1341 4719 1508 4775 Panis
1528 4728 1576 4774 et
1604 4721 1774 4775 vinum
1802 4721 1918 4776 ideo

336 4811 542 4882 corpori
577 4821 626 4866 et
670 4813 908 4882 sanguini
951 4811 1164 4868 Domini
1213 4821 1601 4881 comparantur,
1632 4813 1751 4884 quia
1789 4815 1920 4868 sicut

337 4902 550 4956 visibilis
599 4901 752 4972 hujus
799 4902 951 4969 panis
1013 4903 1213 4972 vinique
1267 4901 1559 4956 substantia
1615 4905 1922 4957 exteriorem

342 4994 505 5046 nutrit
543 5001 591 5046 et
638 4991 860 5046 inebriat
901 4994 1180 5059 hominem,
1229 4993 1303 5046 ita
1327 4993 1530 5046 verbum
1562 4992 1678 5058 Dei,
1734 4995 1924 5064 quiest

341 5084 490 5152 panis
513 5084 670 5147 rivus,
700 5084 1098 5153 participatione
1122 5083 1202 5137 sui
1236 5083 1464 5150 ﬁdelium
1495 5095 1690 5138 recreat
1711 5095 1919 5137 mentes.

342 5175 582 5230 Advertit
604 5173 718 5228 hinc
743 5173 905 5228 verba
939 5173 1092 5227 citari
1143 5190 1172 5227 a
1205 5173 1486 5228 Bertramo
1515 5173 1580 5227 de
1609 5173 1848 5242 Corpore
1874 5183 1929 5228 et

345 5265 613 5336 Sanguine
635 5266 843 5321 Domini
876 5266 1017 5335 apud
1045 5266 1295 5320 Flaccum
1319 5265 1371 5319 in
1393 5263 1566 5319 Catal.
1593 5274 1715 5320 test.
1743 5266 1924 5330 verit.,

346 5360 440 5416 lib.
469 5377 524 5428 ι,
555 5360 651 5416 sed
692 5377 836 5416 nunc
867 5375 936 5416 ex
962 5358 1194 5430 quadam
1228 5358 1414 5416 fraude
1439 5359 1560 5414 loco
1587 5373 1684 5413 suo
1707 5374 1769 5428 pr
1806 5359 1924 5429 prio

351 5468 453 5506 non
484 5452 730 5521 reperiri.

422 5542 507 5596 l7.
537 5543 894 5609 Quaerendum
939 5541 1101 5596 modo
1145 5549 1228 5596 est
1269 5555 1335 5594 au
1377 5540 1607 5608 genuina
1647 5539 1755 5592 sint
1805 5554 1927 5594 cen-

350 5633 512 5688 senda
569 5632 758 5688 Isidori
820 5633 981 5688 verba
1031 5631 1273 5688 secundo
1322 5632 1444 5686 loco
1495 5631 1751 5697 allcgota,
1808 5646 1927 5699 qua:

353 5725 536 5783 lraude
582 5726 759 5795 aliqua
802 5725 1020 5795 proprio
1056 5725 1174 5780 loco
1221 5732 1363 5780 mota
1409 5721 1677 5778 dicuntur.
1713 5721 1927 5778 Bcrtra-

2024 4554 2146 4594 nam
2177 4547 2269 4590 aut
2297 4551 2475 4606 suspei
2493 4543 2600 4588 tam
2631 4533 2927 4587 doctrinam
2965 4531 3320 4592 continentes,
3355 4530 3617 4599 reiectum

2023 4629 2210 4684 luisse.
2256 4625 2588 4695 Theophilus
2635 4621 2960 4693 Baynaudus
3011 4631 3142 4675 tom.
3192 4619 3292 4685 XI,
3339 4622 3520 4688 partit.
3562 4638 3617 4686 ι,

2023 4729 2253 4774 erntem.
2286 4716 2373 4784 10,
2405 4716 2473 4770 de
2501 4715 2626 4769 bon.
2659 4722 2714 4767 et
2751 4711 2876 4765 mal.
2921 4709 3090 4770 Libr.,
3124 4723 3245 4779 pag.
3271 4709 3404 4773 276,
3435 4712 3619 4781 plures

2029 4819 2274 4864 numerat
2305 4808 2604 4874 scriptores
2638 4803 2728 4871 qui
2761 4801 3055 4856 Ratramno
3085 4799 3277 4854 lituum
3307 4801 3373 4855 de
3407 4803 3616 4859 Eucha-

2029 4901 2176 4956 ristia
2227 4900 2294 4954 ab
2331 4895 2751 4966 (Ecolampadio
2794 4902 2884 4948 aut
2928 4892 3144 4948 omnino
3185 4901 3278 4946 aut
3315 4910 3503 4962 magna
3545 4911 3614 4951 ex

2024 5000 2181 5061 parte
2226 4989 2563 5059 suppositum
2611 4984 2777 5039 fuisse
2825 4991 3172 5037 censuerunt.
3219 4983 3321 5038 Sel
3363 4983 3551 5037 lib-.um
3581 5000 3613 5036 a

2027 5081 2322 5136 Ratramno
2350 5078 2606 5148 scriptum
2656 5073 2836 5144 negari
2874 5073 3090 5143 nequit;
3123 5072 3500 5143 interpolatum
3546 5072 3618 5125 ab

2027 5173 2207 5241 aliquo
2257 5170 2466 5225 facilius
2515 5167 2755 5232 crelam,
2784 5165 3031 5234 quamvis
3077 5163 3232 5218 tnulti
3280 5180 3400 5218 curn
3439 5161 3615 5216 Natali

2030 5264 2334 5318 A'cxandro
2365 5261 2492 5315 nihil
2541 5261 2594 5314 in
2640 5274 2698 5313 re
2748 5259 2860 5327 ipsa
2907 5255 3174 5311 catholico
3215 5251 3449 5323 dogmati
3479 5265 3612 5305 con-

2032 5355 2253 5408 trarium
2303 5349 2524 5422 reperiri
2575 5348 2899 5404 existiment.
2943 5346 3000 5400 In
3045 5345 3280 5400 editione
3329 5339 3617 5396 l’aiisiensi

2038 5447 2196 5516 193,
2217 5443 2494 5498 Ratramni
2523 5441 2726 5496 Gallice
2755 5448 2809 5494 et
2841 5439 3022 5491 Latine
3049 5452 3190 5490 anno
3213 5433 3349 5488 1686
3378 5448 3455 5487 εει
3488 5448 3620 5501 prae-

2033 5538 2163 5591 latio
2192 5537 2270 5591 sic
2307 5535 2438 5590 satis
2471 5535 2710 5596 erudita,
2744 5547 2846 5600 qua
2891 5530 3214 5583 ltatraumus
3240 5541 3402 5580 verus
3430 5533 3625 5580 auctor

2033 5627 2214 5696 operis
2259 5627 2534 5680 asseritur.
2587 5622 2866 5676 Adduntur
2913 5626 3053 5672 nota:
3099 5617 3298 5686 quibus
3341 5614 3620 5674 llatramni

2037 5719 2199 5776 verba
2227 5718 2495 5773 catholico
2525 5730 2687 5772 sensu
2721 5717 3083 5782 exponuntur.
