4028 6200
472 239 575 298 159

1191 248 1282 305 AD
1321 247 1549 305 OPERA
1588 246 1646 304 S.
1692 245 1938 303 ISIDORI
1979 246 2418 306 IIISPALENSIS
2460 249 2998 306 PROLEGOMENA.

3646 257 3745 310 ιεο

541 367 630 424 19.
670 367 824 436 Quod
853 369 895 425 si
927 369 1248 426 Ratramnus
1273 370 1327 425 in
1359 370 1450 427 illo
1472 386 1580 427 suo.
1600 385 1765 442 opere
1793 370 1924 425 nihil
1951 369 2045 423 do-
2087 371 2128 428 Λ
2158 380 2303 436 quem
2343 366 2654 435 frangimus,
2684 381 2856 420 nonne
2879 366 3273 421 communicatio
3301 369 3532 436 corporis
3561 368 3750 428 Christi

467 457 654 512 ctrina:
686 457 963 514 catholica:
997 459 1064 515 de
1099 461 1698 516 traussubstantiatione
1727 461 2054 517 contrarium

2158 455 2276 509 est?
2303 455 2463 521 Quasi
2487 455 2650 519 dicat,
2678 455 3108 510 distributionem
3129 465 3186 512 et
3207 459 3752 518 communicationem

470 548 843 616 habet”,qu
865 551 1036 606 minus
1061 551 1310 619 Isidorus,
1339 568 1497 622 quem
1529 569 1626 624 ριιο
1647 567 1706 609 se
1731 553 2057 609 Rau-amnis
2159 543 2322 614 hujus
2343 545 2502 612 panis
2523 561 2629 600 non
2671 545 2893 601 alterius
2921 546 2995 602 rei
3037 547 3368 618 (secundum
3398 551 3750 609 substantiam

467 639 682 709 allegat,
706 655 848 695 verte
879 639 998 696 ﬁdei
1026 642 1326 698 contrarius
1356 645 1657 700 censendus
1683 650 1786 700 est.
1821 643 1900 699 Re
1924 658 2054 699 vera

467 727 618 785 locus
662 727 849 786 Isidori
890 731 1107 788 nomine
1136 747 1167 787 a
1195 732 1490 790 Ratramno
1519 735 1709 790 allatus
1739 735 1866 790 nihil
1905 733 2052 790 aliud

463 825 682 890 evincit,
715 825 817 881 nisi
861 826 1205 898 ideocorpus
1234 827 1431 885 Christi
1460 829 1560 885 sub
1587 829 1766 898 specie
1794 829 1967 899 panis,
1997 836 2054 883 et

462 914 776 983 sanguinem
830 915 1029 974 Christi
1077 919 1177 974 sub
1225 920 1409 990 specie
1455 921 1564 979 vini
1612 921 1664 976 in
1711 927 2052 979 sacramento

466 1003 816 1065 Eucharistim
840 1009 1102 1076 exhiberi,
1134 1011 1259 1086 quia
1298 1013 1436 1068 sicut
1465 1013 1617 1082 panis
1642 1012 1914 1070 hominem
1946 1029 2050 1068 nu-

461 1099 572 1164 trit,
601 1107 658 1155 et
684 1102 862 1158 vinum
903 1100 1153 1167 inebriat,
1187 1103 1260 1157 ita
1287 1103 1506 1158 verbum
1549 1103 1664 1172 Dei,
1694 1104 1780 1158 vel
1808 1103 2050 1160 Christus

459 1188 606 1259 ipse,
649 1189 741 1264 qui
782 1198 865 1245 est
910 1191 1064 1261 panis
1093 1207 1250 1247 verus
1274 1233 1288 1258 ,
1322 1202 1532 1249 recreat
1568 1203 1773 1248 mentes
1800 1209 1987 1250 eorum
2015 1207 2047 1247 a

456 1279 653 1350 quibus
707 1281 1076 1356 participatur.
1128 1281 1262 1350 Quis
1313 1295 1492 1338 autem
1549 1293 1834 1355 propterea
1887 1295 2048 1355 neget

455 1371 864 1428 conversionem
892 1373 1046 1443 panis
1074 1374 1128 1427 in
1155 1389 1371 1443 corpus,
1405 1383 1459 1431 et
1501 1376 1608 1430 vini
1653 1375 2046 1446 insanguinem

457 1459 665 1516 Domini
689 1461 858 1516 nostri
875 1461 998 1518 Jesu
1020 1461 1120 1518 Ch:
1132 1464 1220 1519 isti
1233 1465 1256 1518 ?
1271 1463 1422 1520 Hanc
1437 1467 1867 1533 conversionem,
1882 1482 2044 1539 quam

452 1551 720 1608 catholica
786 1549 1032 1612 Ecclesia
1103 1555 1364 1625 apposite
1415 1555 2042 1613 transsubstantiationem

451 1650 652 1712 vocat,
698 1644 830 1700 satis
879 1643 1025 1701 clare
1066 1645 1240 1702 innuit
1283 1645 1518 1705 Isidorus
1564 1646 1754 1705 eodem
1805 1663 1924 1718 cap.
1972 1648 2039 1703 l9

2157 634 2424 706 quidem)
2455 634 3010 691 communicationem
3045 651 3164 693 esse
3183 679 3216 707 ,.
3252 654 3414 708 quem
3473 641 3752 712 ipsiusmet

2156 729 2404 798 c0rporis
2447 727 2668 783 Christi.
2702 727 2820 795 Quo
2850 727 3146 785 referendis
3183 739 3311 786 sunt
3338 733 3581 802 plurima!
3624 751 3751 792 sen-

2155 820 2338 876 tcntiae
2388 819 2628 883 Patrum,
2659 820 2839 892 quibus
2867 821 2946 875 illi
2976 822 3257 892 afﬁrmant,-
3288 833 3347 879 ut
3376 825 3474 892 ait,
3503 843 3620 882 eum
3649 847 3747 895 pa-

2153 927 2271 964 nem
2317 908 2657 965 Eucharistite
2709 927 2886 964 revera
2931 927 3042 965 esse
3088 912 3253 981 ipsum
3297 929 3486 984 corpus
3530 914 3744 972 Christi.

2153 997 2378 1068 Triplici
2420 1008 2599 1052 autem
2645 999 2856 1054 ratione
2894 997 3230 1054 Eucharistia
3274 1016 3498 1057 vocatur
3542 1006 3741 1074 panis:

2150 1090 2345 1160 prima,
2377 1090 2499 1159 quin
2532 1088 2738 1154 reiicit,
2781 1098 2840 1144 ut
2869 1089 3054 1159 panis;
3105 1089 3294 1156 altera,
3325 1092 3449 1160 quia
3484 1095 3634 1163 panis
3661 1095 3747 1150 vi-

2147 1179 2340 1246 detur;
2385 1179 2571 1243 tertia,
2603 1179 2728 1248 quia
2767 1194 2844 1234 ex
2863 1195 3002 1250 pane
3030 1179 3406 1238 confectaest.
3441 1181 3746 1239 Postularet

2148 1271 2236 1328 hic
2258 1272 2430 1337 locus,
2453 1278 2511 1325 ut
2540 1271 2848 1341 opinionem
2875 1272 3230 1342 quorumdam
3259 1276 3558 1331 recentium
3590 1276 3744 1332 theo-

2147 1363 2392 1432 logormn
2437 1363 2490 1417 in
2535 1361 2823 1418 Germania
2862 1371 3255 1434 propugnatam
3281 1365 3581 1421 reiellerem
3609 1386 3623 1420 ε
3647 1367 3743 1436 qui

2146 1455 2384 1510 fatentur
2411 1453 2632 1524 quidem
2676 1455 2731 1510 in
2761 1453 3098 1511 Eucharistia
3154 1463 3210 1511 et
3237 1457 3427 1513 adesse
3464 1473 3659 1528 corpus
3688 1467 3744 1514 et

2145 1546 2460 1614 sanguinem
2505 1544 2737 1610 Christi,
2767 1554 2822 1601 ct
2868 1547 3058 1602 abesse
3095 1547 3449 1603 substantiam
3503 1551 3657 1619 panis
3685 1559 3742 1606 et

2146 1639 2256 1693 vini
2281 1657 2293 1691 :
2336 1638 2430 1693 sed
2472 1638 2832 1694 necessarium
2862 1653 2984 1694 esse
3013 1647 3210 1708 negant
3235 1640 3584 1696 conversionis
3613 1657 3729 1696 ver-

454 1732 548 1788 Iib.
583 1750 660 1798 η,
684 1734 930 1804 genuinis
958 1751 1079 1807 quae
1119 1737 1437 1807 protulimus
1466 1739 1642 1794 verbis
1671 1756 1686 1793 :
1721 1738 1878 1794 Unde.
1909 1741 2027 1793 hoc.

2142 1731 2272 1786 bum
2322 1738 2584 1786 astruere.
2636 1730 2835 1785 Verum
2884 1729 2987 1785 hoe
3037 1739 3408 1800 argumentum
3458 1733 3743 1802 occupavit

449 1838 509 1876 eo
530 1821 761 1893 jubente,
793 1839 977 1896 corpus
1002 1824 1193 1881 Christi
1219 1836 1268 1881 et
1290 1829 1593 1900 sanguinem
1617 1829 1854 1894 dicimus,
1881 1831 2039 1906 quod;

449 1911 574 1966 dum
599 1914 666 1967 sit
691 1929 761 1968 ea:
783 1915 1032 1986 fructibus
1070 1924 1248 1983 terrai,
1288 1919 1666 1988 sanctiﬁcatur,
1694 1930 1744 1973 et
1771 1920 1831 1989 ﬁt
1859 1936 2039 1974 sacra-

449 2013 692 2071 mentum,
741 2017 988 2077 aperante
1023 2007 1344 2066 invisibiliter
1381 2009 1566 2079 spiritu
1609 2008 1775 2066 Dei...
1808 2007 1879 2065 Et
1918 2012 2042 2083 quid

449 2093 632 2146 melius
659 2110 874 2166 corpore
898 2104 950 2150 et
977 2099 1228 2168 sanguine
1257 2097 1489 2154 Christi?

518 2186 606 2241 20.
660 2185 899 2245 Priorem
928 2207 1073 2246 nunc
1101 2191 1300 2258 locum,
1331 2192 1423 2263 qui
1451 2204 1597 2250 certe
1625 2194 1811 2251 lsidori
1834 2203 1943 2263 est,
1971 2210 2040 2250 ex

445 2276 538 2332 lib.
564 2294 579 2332 ι
610 2278 677 2334 de
702 2279 1002 2336 ecclesiast.
1032 2279 1187 2339 Oﬂic.
1219 2299 1340 2355 cap.
1370 2283 1438 2338 18
1465 2286 1816 2356 ex;-licemus.
1849 2288 1903 2346 ln
1934 2288 2036 2345 du-

444 2367 592 2422 bium
638 2369 862 2428 minime
909 2373 1049 2427 verti
1101 2382 1315 2444 potest,
1363 2377 1492 2444 quin
1541 2378 1741 2434 realem
1791 2381 2037 2450 corporis

445 2456 643 2513 Christi
688 2462 1025 2530 prmsentiam
1073 2478 1140 2519 eo
1187 2465 1364 2536 capite
1410 2476 1658 2522 astruat:
1704 2470 2036 2541 Sacriﬁcium

442 2558 633 2615 autent,
659 2549 850 2622 inquit,
878 2553 1015 2624 quod
1034 2571 1066 2608 a
1088 2553 1395 2611 Christianis
1423 2556 1530 2612 Deo
1551 2558 1789 2628 offertur,
1811 2561 2036 2631 primum

441 2639 675 2698 Christus
705 2642 954 2701 Dominus
993 2656 1167 2702 noster
1197 2657 1245 2702 et
1275 2649 1522 2720 magister
1545 2651 1798 2718 instituit,
1827 2654 2033 2720 quando

440 2733 814 2790 commendavit
861 2738 1111 2807 apostolis
1157 2755 1342 2810 corpus
1393 2749 1442 2794 et
1489 2743 1793 2813 sanguinem
1848 2760 2028 2811 suum,

437 2825 738 2896 priusquam
765 2828 1074 2895 traderetur,
1106 2838 1209 2887 etc.
1251 2830 1344 2888 Sic
1389 2834 1528 2888 enim
1573 2834 1764 2904 placuit
1808 2834 2042 2906 Spiritui.

437 2923 614 2968 sancto
640 2932 732 2984 per
758 2918 1038 2986 apostolos,
1069 2931 1142 2973 ut-
1163 2923 1215 2976 in
1255 2924 1498 2985 honorem
1543 2928 1691 2980 tanti
1719 2932 2029 2985 sacramenti

436 3003 490 3055 in
539 3019 594 3056 os
642 3003 923 3062 Christiani
977 3010 1118 3078 prius
1166 3010 1492 3070 Dominicum
1539 3033 1723 3086 corpus
1770 3019 2021 3088 intraret,

2147 1825 2508 1895 exhausitque
2547 1824 2630 1879 vir
2657 1824 2987 1880 etdoctrina
3019 1833 3075 1880 et
3125 1824 3384 1893 dignitate
3432 1826 3742 1880 eminentis-

2141 1917 2326 1981 simus,
2356 1931 2515 1986 quem
2553 1915 2778 1971 honoris
2813 1929 2976 1972 causa
3017 1915 3354 1972 nominatum
3386 1917 3530 1982 volo,
3561 1917 3742 1971 cardi-

2143 2008 2281 2064 nalis
2309 2006 2492 2062 Gerdil
2521 2007 2575 2062 in
2606 2019 2775 2078 opere
2813 2020 3083 2076 anonymo
3113 2023 3125 2057 :
3155 2006 3640 2062 Animadversiones
3684 2007 3740 2060 in

2142 2105 2307 2152 notas
2334 2113 2462 2166 quas
2509 2096 2778 2151 nonnullis
2817 2093 3152 2150 Pistoriensis
3199 2097 3383 2167 synodi
3431 2099 3742 2168 propositio-

2141 2189 2294 2242 nibus
2324 2187 2582 2241 damnat-‘s
2607 2187 2663 2240 in
2688 2185 2980 2256 dogmatica
3020 2189 3387 2241 constitutione
3417 2186 3524 2243 SS.
3555 2187 3624 2243 D.
3657 2187 3736 2244 Ν.

2143 2278 2228 2333 Pii
2266 2277 2366 2342 VI,
2397 2294 2511 2349 qutc
2533 2279 2758 2346 incipit,
2783 2278 3071 2332 Auctorem
3105 2278 3275 2344 Fidei,
3325 2280 3392 2334 cl.
3424 2278 3601 2334 Feller
3629 2282 3739 2335 cla-

2136 2369 2292 2424 rioris
2323 2369 2676 2439 intelligentia:
2703 2369 2912 2422 nomine
2941 2368 3264 2440 adjiciendus
3303 2372 3521 2425 censuit.
3555 2370 3738 2426 Roma

2139 2457 2298 2524 1795,
2325 2461 2462 2528 apud
2495 2457 2798 2512 Lazarinos.
2830 2457 3126 2524 Quamnam
3157 2459 3513 2529 theologicam
3542 2476 3736 2516 censu-

2136 2567 2252 2607 ram
2282 2561 2554 2607 merealur
2595 2552 2684 2606 illa
2719 2553 2935 2622 opinio,
2977 2553 3210 2610 dilucide
3238 2553 3464 2611 Suarius
3490 2556 3600 2625 iam
3631 2573 3733 2612 ex-

2133 2651 2387 2714 posuerat
2416 2651 2549 2698 tom.
2596 2643 2780 2709 XVIII,
2811 2653 3000 2713 quaest.
3037 2645 3138 2707 75',
3171 2648 3372 2718 disput.
3404 2648 3504 2717 50,
3539 2658 3642 2706 art.
3671 2650 3730 2715 8,

2132 2741 2268 2789 sect.
2303 2733 2353 2797 1,
2385 2734 2436 2786 in
2469 2734 2574 2788 line
2601 2750 2614 2786 :
2647 2733 2886 2789 Secundo
2935 2736 3136 2806 infero,
3181 2739 3226 2792 si
3273 2740 3385 2810 quis
3416 2742 3730 2810 conﬁteatur

2133 2823 2462 2894 prmentiam
2486 2825 2716 2892 corporis
2745 2824 2958 2890 Christi,
2985 2834 3034 2879 et
3055 2826 3349 2883 absentiam
3377 2831 3548 2900 panis,
3580 2838 3734 2901 neget

2133 2922 2303 2966 tamen
2335 2929 2504 2965 ceram
2534 2913 2913 2966 conuersionem
2951 2915 3100 2968 unius
3129 2917 3180 2968 in
3209 2917 3374 2984 aliud,
3399 2919 3453 2972 in
3492 2919 3732 2973 Ittcresim

2130 3001 2274 3063 labi,
2324 3003 2444 3073 quia
2475 3001 2709 3056 Ecclesia
2760 3004 3012 3058 catholica
3061 3022 3163 3059 non
3209 3007 3377 3062 solum
3423 3010 3577 3080 196
3623 3010 3731 3064 duo

435 3107 588 3160 quam
628 3096 798 3149 τωιενε
845 3096 984 3164 tibi;
1021 3109 1071 3153 εε
1114 3101 1228 3157 δάεο
1271 3120 1363 3174 ρει.
1400 3107 1689 3162 universum
1717 3107 1889 3163 orbem
1915 3127 2026 3166 mos
2051 3105 2096 3165 ρ
2128 3093 2325 3161 priora,
2368 3092 2459 3146 sed
2504 3093 2795 3146 etiant'hoc
2823 3094 3027 3148 tertium
3068 3096 3252 3166 deﬁnit
3276 3114 3338 3151 ac
3378 3099 3560 3163 docet;
3589 3101 3729 3154 sicut

434 3183 532 3238 iste
557 3195 806 3242 seruatur.
859 3188 1020 3246 Panis
1061 3195 1197 3248 enim
1221 3237 1237 3262 ,
1282 3213 1427 3269 quem
1469 3201 1757 3272 frangimus
1781 3242 1795 3265 ,
1837 3219 2022 3274 corpus

435 3273 627 3329 Christi
653 3286 748 3344 est,
777 3286 881 3336 etc.
925 3279 1058 3338 illnc
1087 3285 1281 3360 aliquis
1309 3289 1542 3360 colliget,
1574 3292 1641 3346 ab
1671 3293 1868 3348 lsidoro
1897 3297 2026 3349 sub-

431 3365 682 3419 stantiam
699 3368 850 3438 panis
863 3369 1022 3427 simul
1035 3388 1158 3432 cum
1171 3375 1365 3432 Christi
1382 3395 1609 3450 corpore
1624 3382 1674 3436 in
1691 3382 2021 3442 Eucharistia

433 3455 688 3523 agnosci,
720 3456 964 3530 adeoque
1007 3467 1657 3526 transsubstantiatiouem
1704 3473 1772 3527 ab
1813 3489 1878 3529 eo
1927 3490 2022 3531 ne-

433 3544 569 3613 gari.
595 3543 710 3600 Non
735 3545 807 3602 ita
824 3557 992 3606 certe.
1019 3549 1307 3624 Postquam
1330 3559 1472 3614 enim
1493 3557 1724 3616 Isidorus
1745 3565 2018 3633 explicuit,

434 3647 625 3702 panem
651 3674 666 3699 ,
699 3637 825 3706 quia
853 3653 1053 3711 corpus
1101 3645 1381 3702 conlirmat
1400 3689 1414 3712 ,
1442 3649 1560 3705 ideo
1587 3665 1782 3722 corpus
1821 3653 2020 3712 Christi

434 3729 752 3797 nuncupari,
783 3740 838 3786 et
864 3732 1044 3788 vinum
1065 3776 1080 3800 ,
1111 3739 1234 3809 quia
1265 3743 1575 3810 sanguinem
1616 3745 1668 3800 in
1699 3763 1859 3805 carne
1889 3767 2019 3822 ope-

432 3824 602 3882 ratur,
637 3818 765 3876 ideo.
785 3823 850 3877 ad
887 3829 1201 3900 sanguinem
1232 3831 1434 3890 Christi
1463 3835 1684 3906 referri,
1716 3840 1861 3898 illico
1891 3818 2020 3900 con-

433 3909 735 3966 vcrsionem
783 3917 939 3985 panis
983 3919 1036 3974 in
1082 3936 1299 3994 corpus,
1347 3935 1402 3982 et
1443 3928 1552 3984 vini
1601 3931 1655 3989 in
1703 3937 2016 4003 sanguinem

429 3995 627 4056 Christi
671 4019 777 4060 non
817 4008 1059 4067 obscuris
1096 4016 1272 4072 verbis
1320 4017 1574 4076 indicavit
1611 4039 1625 4078 :
1672 3995 1830 4079 Ilch
1847 4036 2016 4081 autem

429 4089 552 4149 dum
582 4104 701 4149 sunt
747 4099 1000 4168 uisibilia,
1031 4108 1359 4176 sanctiﬁcata
1406 4119 1576 4164 tamen
1622 4129 1714 4180 per
1761 4114 2014 4182 Spiritum

427 4194 680 4252 sanctum,
709 4191 761 4243 in
789 4207 1166 4250 sacramentum
1184 4199 1340 4252 divini
1369 4206 1597 4270 corporis
1634 4209 1786 4279 195
1817 4227 2013 4267 nuss-

430 4289 592 4332 eonr.
641 4277 867 4349 lntelligi
927 4283 1066 4338 enim
1123 4287 1209 4343 hic
1253 4291 1502 4348 transitus
1543 4312 1648 4351 non
1693 4277 1870 4370 potest
1898 4303 2014 4362 sine

433 4366 1055 4429 transsubstantiationc.

503 4475 592 4530 2|.
629 4477 822 4576 ‘Neque
851 4498 978 4540 vero
1005 4485 1170 4545 refert
1196 4492 1339 4562 quod
1368 4493 1600 4553 Isidorus
1627 4500 1790 4570 dicat,
1825 4505 2010 4576 Panis,

428 4583 576 4643 quem
616 4571 936 4644 frangimus,
967 4594 1152 4650 corpus
1199 4581 1390 4641 Christi
1434 4598 1527 4643 est.
1583 4589 1840 4661 Loquitur
1868 4571 2010 4654 enitn

429 4671 550 4748 cum
581 4661 838 4730 Apsxstolo
865 4665 887 4720 Ι
917 4667 983 4723 ad
1006 4669 1248 4729 Corinth.
1269 4717 1284 4742 ,
1309 4693 1430 4748 cap.
1463 4696 1515 4746 x,
1548 4698 1688 4740 vers.
1722 4686 1787 4740 16
1819 4707 1830 4741 :
1861 4689 2012 4746 Catia:

428 4742 827 4838 benedictionis,
861 4759 942 4812 cui
987 4758 1331 4822 bcnedicimus
1351 4808 1376 4833 ι
1407 4786 1580 4826 nonne
1619 4781 2008 4838 communicatio

425 4836 697 4936 sanguinis
717 4836 903 4896 Christi
927 4847 1038 4900 est?
1064 4849 1132 4903 Et
1150 4856 1319 4922 panis,
1343 4874 1486 4927 quem
1509 4863 1814 4936 frangimus,
1841 4885 2011 4926 nonne

424 4927 752 5019 participatio
781 4940 1012 5004 corporis
1043 4939 1250 5000 Domini
1277 4953 1392 5003 est?
1418 4927 1568 5009 Hanc
1594 4927 1914 5017 sententiam
1947 4974 2005 5019 ut

426 5013 660 5075 Isidorus
684 5024 935 5094 explicet,
957 5028 1106 5096 dixit,
1125 5050 1340 5104 .panem,
1372 5058 1518 5111 quem
1547 5047 1857 5118 frangimus,
1889 5070 2007 5111 esse

425 5109 849 5212 corpusChristi
877 5132 892 5182 ;
934 5121 1077 5186 quod
1107 5124 1253 5180 nullo
1285 5109 1413 5183 vero
1454 5109 1612 5186 svn'sn
1653 5109 1873 5211 ihtelligi
1907 5109 2006 5212 po;

425 5204 565 5289 test,
595 5201 695 5256 nisi
744 5206 895 5272 panis
926 5207 977 5262 in
1004 5223 1200 5283 corpus
1243 5217 1438 5275 Christi
1485 5237 1775 5285 conversus
1824 5201 2004 5289 7min.

423 5287 714 5396 Crcgorius
741 5296 809 5352 de
835 5297 1073 5360 Valentia
1105 5307 1239 5363 libro
1267 5327 1303 5368 ιι
1331 5313 1398 5368 de
1426 5313 1784 5389 Eucharislia,
1809 5341 1926 5396 cap.
1951 5287 2006 5396 ti,

427 5378 690 5444 haereticis
710 5392 995 5458 respondet
1018 5396 1107 5465 qui
1126 5402 1769 5468 transsubstautiationem
1794 5378 2010 5486 negant:

424 5477 664 5542 quoniam
701 5481 976 5549 Apostolus
1020 5499 1166 5543 uocat
1212 5490 1592 5555 Euc/taristiam
1640 5522 1823 5574 panem
1854 5513 2009 5567 etiam

426 5573 540 5629 post
594 5566 1016 5632 benedictionem.
1068 5577 1324 5639 Osservat
1369 5566 1684 5659 Apostolum
1733 5566 2007 5660 declarare

428 5664 617 5721 panem
647 5673 763 5716 esse
791 5663 965 5736 ipsum
993 5685 1186 5744 corpus
1214 5674 1435 5749 Christi,
1456 5697 1574 5738 cum
1605 5686 1734 5744 dicit
1760 5710 1769 5743 ;
1803 5690 1966 5751 Panis
1985 5738 1999 5764 ,

2128 3181 2458 3236 iumiraculo
2487 3183 2625 3251 facto
2656 3199 2690 3236 a
2729 3183 2931 3238 Christo
2974 3183 3197 3241 Joannis
3226 3203 3262 3242 ll
3311 3205 3414 3243 non
3461 3191 3627 3245 solum
3657 3191 3733 3246 de

2125 3272 2232 3342 ﬁde
2258 3281 2335 3326 est
2377 3272 2480 3326 illis
2507 3273 2706 3342 hydriis
2750 3274 2890 3344 prius
2922 3275 3081 3345 fuisse
3105 3292 3291 3345 aquam
3333 3277 3654 3346 impositam,
3679 3290 3734 3335 et

2129 3371 2307 3432 postea
2335 3362 2594 3415 inventum
2622 3362 2730 3416 illic
2778 3364 2938 3433 fuisse
2983 3363 3170 3429 vinum,
3201 3366 3291 3419 sed
3335 3369 3490 3421 etiam
3536 3378 3613 3422 est
3661 3371 3732 3424 de

2123 3453 2227 3522 ﬁde
2273 3469 2459 3522 aquam
2491 3469 2786 3507 conversam
2827 3470 2938 3508 esse
2979 3455 3030 3509 in
3063 3457 3252 3511 vinum.
3304 3457 3365 3512 Si
3407 3460 3520 3528 quis
3548 3469 3726 3514 tamen

2120 3543 2426 3612 conﬁdendo
2471 3560 2579 3597 rem
2609 3551 2771 3599 totam
2796 3586 2816 3612 ,
2853 3561 3021 3600 vocem
3060 3562 3730 3608 rasussunsusrtntoms

2123 3633 2382 3703 abjiceret,
2406 3641 2460 3685 ut
2497 3633 2730 3703 ineptam
2753 3641 2802 3686 et
2820 3633 3125 3700 barbaram,
3155 3637 3206 3689 in
3230 3654 3290 3691 re
3313 3638 3427 3708 ipsa
3475 3655 3578 3694 non
3608 3643 3722 3694 exi-

2121 3724 2273 3778 stimo
2301 3739 2412 3776 esse
2436 3722 2734 3777 harreticum
2751 3761 2767 3788 ,
2796 3725 2916 3794 quia
2942 3741 3066 3778 usus
3109 3728 3248 3781 cocis
3277 3745 3368 3798 per
3387 3745 3443 3782 se
3471 3746 3574 3784 non
3602 3748 3720 3802 per-

2121 3815 2244 3867 tinet
2267 3813 2333 3868 ud
2353 3812 2604 3884 objectum
2643 3813 2767 3883 ﬁdei
2785 3831 2805 3879 ;
2839 3823 2969 3868 esset
2997 3824 3169 3870 tamen
3201 3819 3349 3872 valde
3388 3824 3720 3888 temerarius,

2119 3905 2462 3959 scandalosus
2486 3944 2500 3969 ,
2533 3920 2594 3958 ac
2619 3905 2748 3973 pias.
2772 3923 2920 3960 aures
2970 3907 3284 3978 offenderet,
3317 3928 3378 3964 ac
3406 3913 3622 3984 denique
3663 3916 3724 3968 in

2118 4004 2328 4047 eatena
2379 3995 2493 4062 foro
2547 3993 2814 4049 habendas
2869 4007 3000 4052 esset
3055 4000 3373 4056 vehementer
3424 4004 3488 4058 de
3531 4005 3726 4059 Itazres'

2117 4092 2404 4152 suspectus.

2185 4171 2278 4227 29..
2309 4172 2484 4228 Alium
2505 4189 2745 4231 errorern
2777 4179 3056 4236 cxvcodcm
3089 4198 3211 4254 cap.
3247 4184 3318 4240 l9
3349 4185 3721 4261 Etymologia-

2117 4279 2235 4318 rum
2287 4263 2474 4319 Isidori
2522 4266 2614 4320 lib.
2679 4283 2726 4323 νι
2773 4271 3096 4330 conlirmate
3143 4276 3332 4331 nititur
3386 4277 3720 4348 Bingbamus

2117 4353 2214 4408 lih.
2264 4370 2337 4411 xu
2391 4353 2596 4426 Origin.
2653 4359 2992 4433 ecclesiast.,
3038 4380 3160 4436 cap.
3221 4367 3272 4422 i.
3312 4368 3529 4440 Colligit
3572 4375 3716 4429 enim

2045 4458 2282 4535 I)unum
2338 4444 2590 4515 idemque
2643 4459 3041 4508 sacramentum
3098 4471 3218 4512 esse
3272 4459 3598 4529 baptismum
3659 4473 3717 4520 et

2119 4535 2351 4589 chrisma
2381 4551 2447 4591 ex
2489 4536 2573 4592 his
2611 4536 2797 4596 Isidori
2831 4544 3008 4600 verbis
3061 4547 3168 4602 loc.
3200 4549 3293 4604 cit.
3329 4568 3342 4604 :
3375 4552 3510 4606 Sunt
3539 4565 3715 4610 autem

2118 4637 2444 4682 sacramenta
2473 4629 2756 4701 baptismus
2801 4642 2848 4688 et
2887 4636 3145 4704 chrisma,
3185 4655 3369 4711 corpus
3398 4653 3446 4696 et
3474 4647 3712 4718 sanguis.

2118 4715 2270 4770 Sicut
2315 4731 2442 4787 ergo
2488 4733 2686 4789 corpus
2729 4729 2786 4777 et
2835 4726 3053 4792 sanguis
3091 4743 3252 4782 unum
3311 4715 3711 4790 sacramentum

2116 4806 2478 4874 constituunt,
2523 4810 2595 4864 ita
2626 4810 2923 4882 haptismus
2950 4825 3006 4872 et
3035 4817 3288 4876 chrisma.
3321 4821 3448 4878 Haec
3474 4835 3557 4881 est
3585 4825 3712 4881 Bin-

2115 4895 2291 4962 ghami
2325 4901 2720 4966 argumentatio
2742 4942 2758 4969 ,
2789 4903 2842 4958 in
2883 4907 3264 4976 conjunctione
3302 4923 3352 4968 et
3394 4923 3517 4984 post
3542 4916 3715 4988 bapti-

2113 5001 2269 5042 smus.
2302 4983 2520 5043 fundata
2550 5005 2562 5042 :
2595 4998 2649 5045 et
2694 4991 2766 5048 ita
2798 4995 3014 5063 quidem
3051 4998 3194 5056 hunc
3231 4983 3409 5059 locum
3453 4983 3714 5063 exhibent

2115 5089 2220 5128 non
2279 5084 2491 5132 tantum
2545 5080 2714 5148 editi,
2758 5085 2852 5138 sed
2900 5095 2956 5140 et
3009 5088 3250 5160 plerique
3298 5092 3524 5151 Codices
3576 5113 3710 5156 mss.

2113 5165 2168 5219 lu
2201 5167 2401 5226 Codice
2430 5180 2609 5229 tamen
2638 5174 2677 5227 9.
2698 5179 2922 5234 archivii
2949 5181 3195 5239 V-ati'cani
3243 5186 3261 5252 (
3277 5203 3398 5242 nam
3437 5189 3574 5246 duos
3604 5193 3710 5247 Co-

2114 5253 2261 5310 dices
2308 5272 2375 5312 ex
2422 5260 2525 5315 hoc
2573 5263 2812 5322 archivio
2855 5272 3134 5338 consului,
3184 5289 3323 5344 quos
3365 5282 3707 5347 postmodum

2113 5343 2435 5419 describam)
2465 5349 2679 5408 diverso
2707 5355 3093 5428 modo-legitur
3121 5379 3144 5414 :-
3165 5343 3300 5418 Sunt
3326 5343 3499 5422 autem
3535 5387 3709 5425 sacra-

2112 5444 2284 5523 menta
2312 5437 2647 5509 baptismum,
2679 5461 2863 5515 corpus
2893 5457 2940 5500 et
2973 5453 3185 5523 sanguis
3224 5453 3436 5511 Christi.
3471 5458 3705 5516 Verbum

2110 5519 2304 5576 Christi
2331 5526 2432 5580 alia
2464 5532 2793 5602 exemplaria
2821 5534 2948 5590 Μεε.
2984 5547 3039 5592 et
3072 5519 3221 5597 l‘fdita
3253 5545 3467 5602 addunt
3495 5566 3507 5601 :
3541 5552 3710 5608 editio

2108 5613 2252 5682 regia
2277 5613 2600 5674 Matritensis
2624 5624 2839 5679 omittit.
2872 5625 2928 5680 in
2952 5629 3140 5687 codice
3165 5633 3380 5704 Regina:
3407 5637 3706 5698 Succorum

2109 5719 2250 5761 nntn.
2283 5705 2440 5776 1850,
2480 5711 2594 5768 sic:
2629 5714 2766 5770 Sunt,
2799 5728 2966 5775 autent
3016 5737 3346 5784 sacramenta
3385 5729 3703 5804 baptismus,
