4060 6198
370 338 466 393 161

1423 336 1801 394 ιειυυιιιΑκλ
1844 366 1905 375 -
1939 335 2113 393 PARS
2152 338 2191 404 Ι,
2231 340 2379 394 CAP.
2418 338 2605 395 XXXI.

3542 346 3641 401 ΚΩ

364 456 621 519 chrisma,
653 467 834 521 corpus
880 460 927 504 et
973 452 1204 520 sanguis.
1252 448 1515 505 Utrolibet
1560 462 1626 504 ex
1675 452 1755 503 his
1784 442 1946 504 uunlo
1978 456 2020 507 Α
2053 458 2159 503 tata
2190 460 2316 505 sunt
2342 454 2409 508 de
2439 455 2597 507 trium
2642 454 2994 522 capitulorum
3015 496 3031 518 ,
3065 466 3119 509 ut
3146 466 3361 520 vocant,
3390 458 3644 514 defenso-

365 548 550 613 legere
581 543 822 606 velimus,
854 542 1060 597 corruit
1090 538 1364 610 Binghami
1392 550 1789 610 argumentum.

438 634 529 689 ⁸15.
559 630 665 688 Sed
698 631 1283 700 lectionem‘vulgatam
1309 634 1650 692 retineamus.
1683 633 1727 687 si
1758 633 1952 702 placet.

368 728 500 794 Quis
524 741 590 780 ex
620 728 733 779 so'a
775 723 863 777 i'la
902 723 1283 791 conjunctione
1311 733 1359 775 et
1388 732 1534 778 recte
1562 722 1738 792 colligi
1767 722 1956 777 existi-

368 818 539 872 mabit
576 812 847 869 ’Isidorum
886 822 1279 869 sacramentum
1323 810 1746 867 conﬁrmationis
1790 828 1819 865 a
1867 826 1958 866 sa-

367 902 1009 975 cramentodiaptismatis
1032 919 1137 958 non
1154 903 1500 958 distinxisse?
1522 902 1721 957 Eodem
1744 902 1958 971 quidem

368 1002 532 1057 modo
580 1008 747 1054 unum
810 995 1161 1051 Eueltaristiae
1211 1004 1608 1051 sacramentum
1666 994 1956 1063 exprimit,

360 1106 556 1161 corpus
584 1099 633 1143 et
657 1090 871 1159 sanguis
895 1104 913 1141 :
941 1088 1083 1142 addo
1114 1089 1275 1143 etiam
1318 1088 1493 1141 omitti
1516 1087 1960 1154 conjunctione’m

369 1191 493 1253 post
522 1180 769 1243 chrisma,
802 1179 945 1249 quod
994 1178 1231 1233 indicare
1275 1186 1452 1247 potest
1480 1178 1962 1232 duotantum‘sa-

364 1280 647 1328 cramenta
697 1269 769 1326 ibi
820 1269 1130 1331 recenseri,
1168 1282 1341 1323 unum
1389 1283 1484 1338 per
1520 1269 1634 1323 hare
1664 1270 1823 1323 verba
1872 1268 1962 1322 ba—

352 1368 595 1436 .ptismns
613 1372 659 1416 et
680 1362 925 1426 chrisma,
956 1359 1179 1415 alterum
1200 1359 1428 1429 perlutae
1443 1370 1626 1425 carpas
1651 1367 1699 1411 et
1724 1359 1957 1429 sanguis.

369 1455 478 1511 Sed
519 1470 639 1510 cum
664 1452 845 1521 agitur
870 1450 937 1506 de
964 1465 1023 1505 re
1054 1458 1161 1504 tam
1188 1450 1337 1519 gravi
1378 1448 1727 1515 stabilienda,
1758 1449 1963 1504 leviora

370 1547 486 1601 haec
529 1551 656 1599 sunt
702 1538 931 1605 iudicia,
960 1548 1123 1610 quam
1158 1549 1333 1595 ut’ex‘
1361 1539 1443 1594 his
1485 1555 1638 1595 mens
1685 1539 1965 1609 scriptoris

371 1647 561 1708 aperte
601 1634 809 1691 ostendi
840 1632 1030 1703 possit.
1061 1630 1139 1685 Ex
1171 1631 1290 1686 aliis
1318 1640 1497 1685 autem
1526 1630 1703 1685 verbis
1731 1644 1849 1698 quae
1876 1644 1963 1685 se-

375 1738 615 1800 quuntur
644 1724 971 1782 contrarium
1001 1724 1183 1794 potius
1206 1722 1642 1779 demonstratur:
1675 1739 1797 1778 cum
1820 1723 1962 1777 enim

2058 540 2203 594 ribus
2233 558 2245 593 :
2278 555 2394 609 qua:
2423 541 2655 598 Grialius
2700 544 2751 597 in
2795 544 3103 611 prafatione
3125 547 3210 599 .ad
3256 546 3441 602 lsidori
3472 550 3645 618 Opera

2059 631 2293 687 breviter
2313 636 2533 704 exponit
2559 653 2572 689 :
2603 638 2691 706 qui
2729 639 2886 708 198
2912 639 3071 693 etiam
3113 641 3373 697 malitiose
3401 652 3455 696 et
3481 643 3644 714 impie

2059 721 2268 787 adjecta
2313 725 2483 778 credit
2518 739 2638 793 qua:
2679 724 2746 780 de
2789 728 3139 795 prmlinitione
3163 741 3416 785 extrema:
3442 732 3547 787 diei
3590 732 3645 787 in

2058 812 2375 878 quihusdam
2452 815 2850 883 exemplaribus
2898 818 3247 887 expositionis
3294 820 3358 875 in
3411 818 3645 877 Genesin

2060 918 2184 971 cap.
2213 901 2245 955 6
2275 903 2635 971 reperiuntur,
2661 904 2711 958 in
2741 905 2857 959 aliis
2884 906 3094 962 desunt.
3132 908 3204 964 De
3220 910 3315 967 his
3332 926 3510 967 sermo
3538 912 3649 968 suis

2064 994 2118 1048 in
2153 993 2284 1048 locis
2314 994 2619 1048 habebitur.

2625 1108 2852 1167 CAPUT
2898 1110 3091 1166 XXX‘I.

2060 1213 2299 1273 'Isidorus
2333 1236 2364 1273 a
2404 1218 2648 1275 Romanis
2688 1221 3014 1345 pqnttZictibus
3043 1234 3089 1277 et
3128 1225 3182 1277 in
3212 1224 3386 1280 ntultis
3416 1227 3649 1283 conciliis

2751 1309 2811 1344 an
2856 1310 2884 1343 ιι
2912 1310 2988 1344 ns.

2751 1309 2988 1344 (ιιιαιιιιιε.

2136 1377 2185 1431 1.
2218 1378 2430 1432 Adriani
2450 1378 2503 1447 -l,
2528 1380 2615 1450 qui
2632 1380 2834 1436 saeculo
2860 1398 2947 1435 νω
2971 1382 3119 1446 vixit,
3138 1384 3353 1451 egregia
3377 1384 3437 1438 “in
3464 1384 3652 1441 ‘laidOl’i

2066 1468 2277 1523 laudem
2320 1472 2479 1523 verba
2526 1486 2648 1539 (ap.
2678 1470 2748 1522 29
2775 1472 3102 1541 deprompsi.
3134 1472 3343 1528 Smculo
3394 1491 3444 1529 Ix
3474 1475 3655 1532 ﬂoruit

2062 1558 2175 1613 Leo
2201 1560 2268 1613 IV
2316 1561 2563 1630 pontifex
2594 1563 3019 1633 Romanusyqui
3067 1565 3118 1619 in
3160 1566 3365 1635 synodo
3410 1567 3653 1624 Romana

2066 1654 2191 1708 anni
2236 1652 2342 1707 855
2372 1654 2550 1724 plures
2581 1672 2812 1711 canones
2856 1658 2933 1712 de
2980 1658 3258 1728 disciplina
3279 1662 3651 1718 ecclesiastica

2068 1746 2457 1814 piomulgavit,
2487 1755 2542 1801 et
2585 1747 2655 1801 ob
2702 1749 2945 1804 hcroicas
2984 1752 3205 1807 virtutes
3238 1753 3387 1808 inter
3428 1763 3648 1810 sanctos

372 1830 767 1875 sacramentum
790 1814 1138 1871 Eucharistite
1156 1814 1317 1884 paulo
1337 1823 1461 1869 ante
1490 1816 1645 1870 simul
1668 1833 1757 1885 per
1780 1831 1963 1884 corpus
1997 1818 2267 1891 B-relams
2295 1845 2397 1892 es"
2445 1838 2563 1904 Quo
2602 1838 2777 1909 elogio
2824 1840 2868 1894 is
2915 1839 3174 1896 [smmum
3221 1844 3491 1898 omnem
3513 1884 3527 1911 θ
3557 1844 3650 1900 θη.

379 1915 534 1986 197
588 1910 779 1967 Christi
826 1919 875 1964 et
918 1909 1220 1980 sanguinem
1277 1908 1630 1977 explicuerit,
1677 1920 1961 1979 postquam

374 2009 774 2061 sacramentum
801 2000 854 2055 iu
884 2013 1083 2067 genere
1113 1998 1380 2064 deﬁnivit,
1413 1998 1478 2053 de
1505 1999 1773 2069 baptismo
1814 2014 1966 2054 seor-

374 2109 492 2150 sum
529 2093 685 2162 agit:
720 2089 1015 2161 Baptismus
1046 2088 1256 2154 Crtece,
1297 2088 1485 2143 Latine
1501 2091 1690 2143 tinctio
1714 2091 1966 2156 interpreo

376 2195 534 2250 tatur,
564 2192 668 2239 etc.
700 2179 833 2236 Tum
862 2188 1259 2236 sacramentum
1285 2180 1608 2243 chrismatis,
1640 2188 1698 2234 ut
1726 2196 1753 2233 a
1787 2180 1964 2250 bapti-

371 2284 547 2332 smate
578 2275 738 2345 plane
766 2271 1074 2326 distinctum
1095 2309 1111 2336 ,
1159 2272 1382 2340 exponit
1412 2288 1424 2323 :
1458 2269 1694 2325 Chrisma
1748 2267 1925 2323 Cra-ce
1948 2312 1963 2337 ,

376 2363 564 2418 Latine
599 2364 770 2417 unctio
801 2362 1119 2427 nominatur,
1144 2377 1209 2414 ea:
1243 2360 1388 2431 cujus
1423 2362 1629 2415 nomine
1654 2370 1703 2414 et
1732 2360 1966 2415 Christus

375 2457 582 2520 dicitur,
606 2464 654 2509 et
676 2454 824 2508 homo
852 2462 966 2525 post
985 2454 1245 2505 lavacrum
1272 2452 1645 2521 sanctiﬁcatur.
1672 2451 1809 2505 Nam
1834 2453 1966 2504 sicut

372 2550 428 2602 in
459 2548 712 2617 baptismo
734 2555 1057 2614 peccatorum
1080 2545 1311 2598 remissio
1341 2543 1516 2610 datur,
1547 2545 1621 2597 ita
1649 2560 1740 2613 per
1765 2544 1966 2597 unctio-

374 2653 493 2690 nem
532 2635 873 2705 sanctiﬁcatio
903 2633 1131 2705 Spiritus
1157 2631 1446 2687 adhibetur.
1481 2632 1655 2702 Atque
1684 2632 1757 2685 ita
1788 2633 1838 2686 in
1866 2646 1963 2686 ex-

375 2727 665 2799 plicatione
693 2723 1017 2780 sacramenti
1055 2724 1378 2792 chrismatis,
1409 2723 1522 2779 sive
1549 2723 1844 2778 continuati
1884 2724 1966 2779 uis

378 2816 639 2888 procedit,
656 2814 832 2871 verbis
858 2814 970 2869 fere
988 2828 1054 2868 ex
1078 2811 1409 2868 Tertulliauo
1431 2814 1590 2882 cap.7
1611 2811 1677 2867 de
1691 2812 1965 2882 Bapti-mo

372 2907 577 2979 petitis,
605 2905 797 2975 quibus
820 2903 1065 2959 doctrina
1094 2901 1161 2958 de
1178 2912 1518 2958 sacramento
1539 2900 1967 2961 conﬁrmationis

379 2999 605 3053 miriﬁce
638 2998 883 3052 traditur.

452 3091 541 3146 2.5.
581 3093 652 3145 Ita
676 3090 835 3146 etiam
866 3089 917 3144 in
934 3087 1078 3145 libro
1105 3105 1137 3143 ιι
1168 3088 1236 3144 de
1263 3085 1465 3143 Oﬁiciis
1494 3087 1789 3144 ecclesiast.
1824 3087 1964 3143 idem

2068 1943 2184 1997 cap.
2236 1926 2305 1981 29
2343 1930 2470 1984 dixi.
2513 1929 2803 1999 Gregorius
2830 1931 2900 1987 IX
2930 1936 3200 2003 negotium
3249 1935 3306 1991 S.
3342 1936 3656 2007 Ra‘ymundo

2068 2017 2135 2073 de
2182 2015 2528 2074 Penna‘brtio
2572 2020 2755 2087 dedit,
2807 2030 2866 2076 ut
2921 2022 3287 2080 Romanorum
3344 2026 3656 2096 pontiﬁcum

2070 2126 2263 2180 respon
2294 2127 2324 2166 a
2344 2154 2360 2177 ,
2409 2121 2462 2166 et
2491 2114 2840 2169 conciliorum
2873 2120 3199 2185 generalium
3231 2135 3348 2189 qua:
3374 2123 3657 2190 postremis

2072 2203 2400 2270 temporibus
2428 2203 2610 2258 habita
2661 2204 2875 2260 fuerunt
2917 2208 3131 2263 decreta
3176 2211 3225 2264 in
3270 2226 3432 2266 unum
3461 2230 3656 2285 cmpos

2069 2291 2336 2358 redigeret
2377 2309 2390 2345 :
2440 2300 2603 2361 atque
2656 2294 2792 2350 adeo
2840 2311 2943 2351 suo
2993 2298 3105 2367 ipse
3154 2301 3387 2369 pontifex
3444 2304 3658 2359 nomine

2069 2382 2307 2451 quinque
2361 2382 2714 2438 Decietalium
2768 2386 2934 2440 iihros
2981 2388 3032 2441 in
3077 2389 3264 2459 vulgus
3306 2391 3469 2445 edidit
3515 2406 3658 2448 anno

2069 2471 2208 2526 1250
2239 2474 2473 2543 circiter,
2502 2490 2703 2546 suaque
2745 2480 3069 2534 auctoritate
3099 2480 3455 2537 conﬁrmavit.
3491 2484 3543 2537 In
3576 2485 3659 2540 his

2070 2561 2425 2618 Decretalium
2461 2565 2607 2619 libris
2638 2582 2781 2647 scopo
2807 2570 3086 2623 scuti-ntize
3124 2586 3188 2624 ex
3227 2570 3432 2626 isidoro
3464 2581 3656 2641 petun-

2069 2662 2176 2721 tur,
2210 2662 2266 2709 ut
2295 2656 2383 2710 lib.
2410 2673 2487 2724 1v,
2522 2658 2603 2712 tit.
2636 2656 2672 2711 2
2694 2700 2707 2723 ,
2740 2675 2859 2730 cap.
2910 2661 2965 2729 5,
2995 2661 3230 2717 Isidorus
3259 2664 3422 2733 (anno
3450 2662 3572 2729 630,
3602 2665 3657 2720 in

2069 2744 2331 2817 Baetica):
2362 2746 2582 2803 Puberes
2610 2766 2641 2802 a
2672 2750 2812 2819 pube
2838 2760 2957 2805 sunt
2980 2752 3165 2819 vocati,
3191 2761 3292 2807 etc.
3323 2751 3435 2806 Alia
3465 2754 3657 2809 similia

2064 2846 2186 2901 1oca
2217 2835 2415 2891 indicat
2443 2837 2483 2890 Β
2502 2851 2685 2907 gamus
2712 2839 2765 2894 in
2795 2841 3105 2911 prmlatione
3144 2841 3211 2895 ad
3240 2841 3427 2898 isidori
3456 2843 3655 2915 Opera,

2080 2944 2205 2981 mox
2237 2943 2316 2982 ex.
2335 2929 2606 2983 crihrnda.

2139 3017 2191 3071 2.
2245 3018 2301 3072 In
2341 3019 2551 3076 duobus
2581 3024 2819 3079 conciliis
2849 3021 3121 3081 Toletan's
3150 3069 3165 3096 ,
3218 3026 3387 3082 altero
3429 3044 3539 3095 vut,
3574 3028 3657 3083 al-

2072 3119 2107 3162 ιτ
2130 3126 2190 3166 ro
2219 3128 2306 3178 xv,
2338 3128 2455 3182 quae
2482 3117 2676 3170 saeculo
2707 3132 2777 3171 vn
2815 3118 3083 3173 celebrata
3122 3129 3277 3187 sunt,
3311 3122 3514 3188 magnis
3541 3122 3658 3177 lau-

382 3182 616 3285 Ιξίξῖθξυθ
663 3179 898 3285 caltha?
940 3179 1053 3285 3?".
1099 3179 1539 3285 de‘bapliswalis
1590 3186 1970 3285 sacram???
1998 3180 2049 3244 ο
2078 3203 2232 3259 dihus
2264 3179 2579 3275 prmdicatus
2624 3208 2718 3262 fuit
2745 3208 2993 3277 Isidorus,
3024 3221 3085 3266 ut
3107 3212 3216 3282 jam
3245 3179 3363 3283 cap.
3392 3179 3461 3266 ἐξ)
3487 3230 3658 3285 θκρο-

382 3272 574 3328 deinde
603 3289 719 3342 t‘ap.
750 3271 819 3326 26
848 3272 915 3327 de
941 3271 1249 3336 chrismate,
1284 3285 1346 3325 ac
1390 3270 1622 3338 denique
1662 3284 1782 3339 Cap.
1811 3270 1879 3324 27
1906 3269 1975 3326 de

372 3362 813 3427 conﬁrmatione,
829 3359 914 3414 vel
930 3376 1180 3414 manuum
1198 3359 1566 3429 impOsitione:
1588 3358 1694 3414 Sed
1707 3360 1971 3432 quoniam,

374 3454 557 3524 inquit
580 3490 595 3514 ,
640 3459 755 3520 post
802 3449 1105 3518 baptismum
1135 3466 1226 3518 per
1255 3451 1518 3519 episcopos
1544 3450 1696 3503 datur
1745 3450 1974 3519 Spiritus

369 3558 593 3606 sanctus
619 3562 731 3599 cum
762 3560 998 3597 manuum
1026 3545 1378 3610 impositione.
1411 3544 1503 3596 hoc
1530 3545 1583 3596 in
1611 3545 1819 3598 Actibus
1846 3562 1974 3615 apo-

376 3642 633 3697 stolorum
681 3634 943 3705 apostolos
991 3635 1172 3705 fecisse
1213 3635 1574 3700 meminimus,
1616 3643 1719 3688 etc.
1770 3634 1975 3690 luditat

381 3733 525 3786 hunc
547 3730 723 3783 locum
743 3724 1038 3794 Gregorius
1062 3724 1129 3780 de
1151 3723 1390 3778 Valentia
1415 3725 1466 3778 in
1491 3723 1626 3779 libro
1648 3725 1713 3779 de
1740 3725 1972 3782 Numero

381 3826 841 3877 sacramentorum
865 3829 1016 3871 novre
1045 3814 1195 3884 legis,
1216 3814 1304 3868 ubi
1333 3813 1651 3869 catholicam
1672 3815 1971 3869 doctrinam

377 3918 447 3971 de
489 3911 794 3984 septenario
837 3924 1058 3964 numero
1097 3917 1554 3962 sacramentorum
1587 3905 1884 3973 conﬁrmat,
1918 3917 1973 3962 et

377 4006 701 4064 sententiam
743 4003 853 4057 fere
893 4015 1229 4057 communem
1261 3999 1610 4054 sectariorum
1642 3998 1853 4065 refellit,
1878 4000 1972 4068 qui

377 4100 575 4154 ducent
616 4100 952 4151 sacramenta
1004 4106 1155 4145 novae
1211 4089 1341 4156 legis
1391 4089 1495 4143 duo
1551 4097 1756 4142 tantum
1811 4103 1965 4155 esse,

378 4206 572 4263 nempe
599 4190 918 4259 baptismum
950 4196 1004 4240 et
1024 4186 1422 4240 eucharistiam.
1448 4184 1646 4238 Natalis
1668 4184 1972 4239 Alexander

378 4283 591 4337 dissert.
639 4280 706 4334 10
746 4278 813 4332 ad
860 4277 1110 4333 tusculum
1150 4293 1208 4345 ιι,
1254 4288 1441 4332 contra
1467 4276 1721 4333 Dallaeum
1752 4284 1805 4329 et
1836 4275 1971 4330 alios

379 4373 680 4435 ltznreliCos,
732 4367 1151 4423 conﬁrmationis
1194 4374 1586 4424 sacramentum
1646 4372 1856 4428 tuetur,
1916 4373 1970 4419 et

379 4460 692 4517 nom'natim
723 4457 741 4510 1
777 4458 909 4512 idori
941 4459 1236 4513 doctrinam
1262 4457 1481 4526 exponit
1507 4474 1518 4509 :
1544 4472 1664 4509 nam
1690 4471 1754 4510 ex
1782 4456 1968 4510 lsidori

2076 3293 2237 3347 situm
2261 3304 2362 3350 est.
2406 3295 2549 3351 Inter
2587 3298 2703 3355 hznc
2728 3299 2834 3354 duo
2865 3302 3085 3356 concilia
3115 3302 3483 3358 collocandum
3515 3318 3544 3357 e
3575 3313 3659 3359 sct

2076 3399 2105 3438 a
2129 3384 2216 3439 iu-J
2241 3384 2579 3455 Toletanum,
2603 3405 2708 3459 quo
2737 3391 2924 3445 divisio
2950 3393 3343 3462 provinciarum
3392 3392 3657 3462 Hispanas

2076 3484 2317 3547 tempore
2333 3478 2572 3534 Wambce
2586 3482 2746 3552 regis,
2764 3481 3014 3549 Quiriaco
3031 3485 3142 3539 sive
3163 3483 3377 3551 Quirico
3392 3487 3649 3555 episcopo

2076 3564 2337 3621 Toletano
2379 3570 2601 3639 praeside
2623 3611 2637 3634 ,
2672 3587 2811 3641 perat
2836 3584 2885 3625 ta
2915 3572 3125 3639 dicitur,
3158 3574 3259 3627 nisi
3289 3590 3405 3628 eam
3434 3575 3656 3630 divisio-

2076 3669 2198 3709 uem
2226 3659 2643 3712 commentitiam
2674 3675 2791 3714 esse
2831 3670 3118 3716 C(HLlal'Ll.
3162 3663 3407 3729 Quiricus
3451 3666 3660 3735 praefuit

2074 3762 2203 3801 vero
2252 3748 2480 3802 concilio
2525 3748 2784 3803 Toletano
2833 3764 2915 3815 xl,
2948 3768 3087 3805 anno
3133 3752 3255 3807 675.
3306 3752 3657 3823 SuppOsititia

2074 3837 2265 3892 divisio
2310 3846 2485 3891 exstat
2527 3839 2667 3907 apud
2708 3838 2978 3895 Labbeum
3022 3854 3150 3896 tom.
3195 3843 3233 3896 V
3260 3842 3498 3911 Cor.cil.,
3548 3845 3653 3899 crl.

2073 3928 2206 3989 878,
2238 3944 2305 3982 ex
2346 3928 2468 3985 Mss.
2504 3930 2741 3985 ecclesiae
2792 3932 3062 3990 Toleantc
3116 3946 3170 3990 et
3209 3935 3519 4000 Oveteusis,
3564 3938 3655 3992 ubi

2073 4035 2238 4090 prope
2296 4021 2451 4075 linem
2506 4023 2582 4076 sic
2634 4022 2855 4089 ligimus
2901 4042 2913 4077 :
2957 4017 3226 4079 Statntum
3279 4034 3353 4079 est
3408 4037 3656 4091 prurterca

2071 4112 2126 4164 in
2170 4111 2304 4165 dicto
2330 4112 2573 4176 concilio,
2602 4120 2655 4164 ut
2694 4129 2867 4165 omnes
2911 4114 3079 4167 clerici
3118 4117 3339 4169 viverent
3379 4116 3655 4169 :ecundum

2072 4196 2302 4267 regulum
2347 4196 2659 4251 sanctissimi
2703 4195 2877 4251 Patris
2919 4196 3131 4266 lsidori,
3177 4208 3325 4267 prout
3368 4202 3655 4254 continetur

2070 4291 2124 4344 in
2172 4291 2301 4343 libro
2344 4289 2574 4359 ejusdem
2618 4289 2681 4343 de
2720 4288 3004 4344 Honestate
3050 4290 3366 4346 clericorum.
3414 4291 3655 4346 lunuitu‘

2072 4384 2208 4438 liber
2229 4398 2390 4437 :ecun
2414 4385 2492 4439 ius
2520 4383 2587 4437 de
2616 4382 2747 4438 Oiﬁc
2774 4384 2816 4438 is
2844 4383 3238 4439 ecclesiasticis.
3271 4382 3429 4438 Certe
3468 4382 3654 4438 lsitlori

2075 4474 2372 4529 doctrinam
2400 4487 2598 4530 secuta:
2624 4484 2745 4530 sunt
2773 4475 2951 4545 plures
2979 4477 3135 4546 199
3158 4476 3346 4545 synodi
3373 4472 3658 4530 Gallicana

378 4552 557 4606 verbis
585 4567 703 4619 eap.
736 4548 805 4602 26
854 4549 943 4602 lib.
976 4565 1009 4603 ιι
1039 4550 1104 4603 de
1150 4545 1368 4601 Olliciis.
1412 4547 1519 4601 Sed
1564 4549 1810 4614 quoniam
1852 4555 1967 4615 post

2074 4576 2128 4622 et
2149 4565 2497 4620 Germaniae.
2531 4566 2770 4636 Bignmus
2798 4566 2901 4621 loc.
2933 4570 3026 4620 th.
3057 4567 3109 4619 in
3142 4565 3502 4619 tesimenium
3531 4580 3657 4634 pro-

379 4641 687 4709 buptismum
732 4656 824 4708 per
866 4640 1129 4708 episcopos
1169 4636 1323 4689 datur
1361 4635 1587 4703 Spiritus
1617 4645 1825 4689 sanctus
1854 4652 1967 4688 cum

380 4746 621 4782 manuum
646 4729 985 4795 impositione,
1006 4746 1019 4776 t
1040 4737 1109 4782 tc.
1124 4726 1370 4791 ,Dallmus
1391 4725 1693 4793 colligebat,
1707 4726 1969 4779 chrisma-

384 4819 451 4873 tis
473 4819 802 4882 unctionem,
821 4834 939 4886 (μιν
960 4832 1146 4871 manus
1171 4815 1565 4885 impmitionem
1598 4824 1967 4885 praecesserat,

382 4913 450 4964 ad
480 4910 801 4978 baptismum
833 4912 1119 4977 pertinere.
1154 4907 1255 4963 Sed
1298 4909 1480 4977 inepte
1524 4906 1750 4962 Dallazus
1778 4909 1847 4961 ita
1873 4923 1970 4962 ca-

386 5002 636 5055 villator:
670 5015 790 5053 nam
835 4998 1071 5053 lsidorus
1116 5007 1301 5067 aperte
1348 4999 1504 5052 tradit
1536 5008 1642 5052 tam
1670 4998 1971 5053 chrismatis

383 5092 723 5155 unctionem,
766 5104 925 5157 quam
965 5103 1216 5142 manuum
1257 5088 1671 5156 impositionetn,
1705 5088 1968 5158 baptismo

382 5196 519 5257 post»
542 5186 739 5239 riorem
763 5200 820 5238 es
851 5199 881 5238 e
909 5188 930 5237 ε’
956 5184 1110 5236 datur
1132 5182 1290 5250 igitur
1308 5191 1428 5251 post
1450 5182 1765 5251 baptismum
1798 5181 1968 5251 primo

382 5278 639 5341 chrisma,
670 5286 782 5328 tum
814 5289 907 5343 per
933 5274 1217 5342 ρρῐείσοροε
1252 5287 1501 5325 manuum
1535 5273 1621 5339 im,
1644 5272 1823 5325 usitio.

454 5386 543 5440 25.
586 5384 659 5439 Ea
690 5400 809 5454 qua:
839 5384 889 5438 in
921 5384 1055 5439 libro
1085 5383 1151 5436 de
1175 5380 1370 5435 Ordine
1399 5392 1761 5435 creaturarum
1794 5381 1977 5437 Isidori

388 5483 607 5535 nomine
655 5481 801 5533 edito
842 5480 1125 5531 traduntur
1168 5475 1233 5528 de
1264 5476 1381 5543 igne
1422 5476 1728 5544 pttt‘galorio
1758 5483 1811 5528 ιι
1839 5483 1977 5528 statu

384 5572 686 5625 animarum
735 5576 856 5639 post
902 5569 1144 5632 ohitum,
1176 5567 1287 5621 Nic.
1342 5565 1573 5618 Antonio
1623 5581 1725 5618 ron
1758 5565 1977 5619 omnino

387 5662 612 5727 probata
640 5669 780 5717 sunt.
818 5660 927 5715 llac
956 5670 1131 5713 tamen
1163 5657 1229 5711 de
1254 5673 1309 5711 re
1339 5656 1468 5711 satis
1491 5670 1609 5722 cap.
1638 5653 1707 5707 25
1736 5655 1973 5723 disputa-

389 5763 500 5807 tum
551 5752 667 5808 fuit.
700 5752 951 5818 Qumdatn
983 5751 1083 5805 alia
1133 5747 1317 5805 Lidori
1349 5748 1486 5802 dicta
1518 5764 1544 5801 a
1578 5747 1842 5801 nonnu'lis
1877 5765 1972 5800 nu-

2074 4659 2179 4713 fert
2207 4659 2469 4729 synodqu
2511 4657 3040 4712 Francol‘ordieusetn
3082 4656 3147 4710 ad
3179 4656 3432 4720 anum,
3464 4656 3658 4725 Aquis-

2072 4762 2387 4817 graneusem
2422 4757 2724 4817 utramque,
2752 4747 3113 4814 illoguntinam
3134 4788 3150 4811 ,
3179 4745 3573 4801 Trihuricnsem
3600 4756 3656 4800 et

2077 4836 2428 4891 Parisiensem
2461 4855 2472 4890 :
2505 4853 2624 4906 quae
2668 4836 2855 4892 Isidori
2893 4838 3214 4892 auctoritate
3252 4846 3307 4892 et
3339 4837 3519 4892 verbis
3561 4851 3655 4893 ca-

2077 4928 2326 4983 tholicam
2353 4927 2651 4983 doctruam
2694 4928 3079 4983 conﬁrmarunt
3101 4967 3116 4992 ,
3148 4939 3204 4984 ct
3225 4930 3651 5000 ‘sapienlissimos

2074 5037 2308 5077 canones
2331 5020 2741 5075 con-titucrunt.
2776 5021 3024 5076 Nonnihil
3053 5021 3121 5076 de
3150 5023 3367 5091 singulis
3391 5024 3651 5079 dicemns.

2144 5113 2197 5167 ὅ.
2227 5112 2474 5181 Synodus
2510 5112 3018 5177 Frattcofnrdiensis,
3047 5113 3098 5168 in
3128 5129 3231 5183 qua
3274 5116 3487 5169 lueresis
3511 5112 3642 5168 Feli-

2072 5204 2247 5269 ciana,
2272 5204 2385 5259 sive
2407 5204 2844 5274 Adeptianorum,
2869 5203 2934 5258 ab
2956 5204 3220 5274 episcopis
3246 5204 3472 5258 universi
3501 5204 3648 5270 regni

2074 5295 2399 5349 Francorum
2451 5295 2612 5350 Italiae
2636 5336 2649 5360 ,
2682 5296 2866 5351 Gallize
2913 5305 2967 5351 et
3007 5294 3303 5351 Germania:
3327 5338 3343 5364 ,
3391 5308 3652 5365 praesente

2075 5384 2267 5439 Car-vlo
2320 5384 2508 5451 Magno
2557 5398 2721 5452 rege,
2769 5394 2931 5454 atque
2995 5386 3211 5439 Adriani
3263 5400 3413 5454 βείω
3468 5386 3653 5453 legatis

2075 5473 2476 5542 Theophylaeto
2522 5480 2576 5525 et
2623 5473 2896 5543 Stephano
2942 5475 3239 5544 episcopis,
3269 5472 3518 5527 datur-uta
3569 5487 3651 5530 est

2074 5577 2214 5615 anno
2246 5562 2311 5613 79
2325 5560 2366 5625 ι,
2403 5564 2451 5615 in
2480 5562 2703 5631 epistola
2734 5565 2984 5633 synodica
3014 5564 3077 5617 ad
3109 5578 3215 5632 pne
3246 5564 3360 5617 u‘es
3383 5562 3650 5631 Hispani:

2074 5656 2149 5708 sit:
2178 5652 2359 5708 lsidori
2390 5654 2631 5708 meminit
2656 5672 2668 5706 :
2699 5653 2934 5709 Isidorus
2955 5670 3148 5724 quoque
3183 5654 3234 5706 in
3265 5653 3395 5708 libro
3427 5655 3613 5726 Etyma
3632 5690 3645 5697 -

2072 5747 2323 5815 Iogimum
2350 5762 2365 5797 :
2401 5745 2486 5799 Sic
2512 5754 2700 5809 autem,
2727 5746 2909 5814 inquit,
2944 5743 3036 5801 (lci
3067 5743 3203 5799 Filio
3223 5744 3405 5815 juncta
3445 5759 3517 5801 ut
3554 5756 3641 5799 hu-
