4028 6200
431 321 539 377 11τῦ

1139 317 1236 372 ἈῘ)
1275 312 1499 370 OPER‘A
1543 313 1596 368 S.
1643 307 1888 366 18100111
1935 305 2378 365 lllSP.\'LE.\'SIS
2417 307 2950 364 PliOLECOSIENA.

3615 311 3723 366 164

425 457 590 495 mana
617 445 827 504 natura,
857 439 910 488 ut
945 431 1232 487 eat-duabus
1261 430 1731 501 substantiis‘fierct
1761 445 1864 482 una
1905 447 2015 499 pcr-
2051 437 2096 491 Α
2125 427 2258 496 gulis
2304 424 2711 490 Canonicorum,
2756 428 3001 497 quamvis
3050 425 3166 495 ipse
3213 425 3278 478 de
3303 426 3446 479 'libru
3493 442 3525 480 ιι
3567 429 3716 480 Ollir.

433 547 580 584 sonu.
607 528 832 582 Exstant
857 526 970 580 ιιωο
989 524 1150 578 verba
1179 524 1270 578 lib.
1301 539 1392 588 vn,
1417 537 1535 592 cap.
1568 521 1620 586 2,
1647 535 1814 590 prope
1845 518 2026 574 tinent.

503 621 556 675 4.
597 621 754 674 Anno
783 617 888 671 816
915 615 1201 670 concilium
1235 615 1670 685 Aquisgranense
1695 614 2026 668 celebratum

436 718 554 782 lnit,
581 729 690 784 quo
723 712 891 766 forma
933 710 1288 765 institutionis
1317 707 1718 764 Canonicormn
1765 721 1832 762 ex
1861 706 2030 762 sacris

423 803 726 860 canonibus
751 809 807 856 et
828 811 1136 855 sanctorum
1157 798 1388 852 Patrum
1412 797 1590 863 dictis,
1623 796 1896 852 Ludovico
1924 795 2024 854 Pio

435 907 560 961 rege
588 899 644 948 et
673 891 1004 962 imperatore
1034 891 1288 955 instante,
1319 897 1572 958 excerpta
1595 897 1696 943 est.
1721 887 1882 942 Liber
1907 904 1924 944 ι
1947 895 2030 944 est

431 985 500 1038 de
536 983 882 1038 Institutione
909 981 1325 1049 canonicorum,
1367 981 1563 1034 liber-tt
1592 979 1659 1034 de
1687 979 2030 1038 Institutione

422 1072 936 1129 sanctimonialium.
988 1071 1046 1126 in
1087 1071 1411 1128 librorsunt
1433 1071 1610 1140 capita
1632 1070 1765 1138 115,
1795 1085 2026 1140 quorum

431 1166 660 1238 plurima
689 1181 756 1220 ex
781 1165 840 1222 S.
872 1164 1058 1221 lsidori
1088 1173 1342 1222 contexta
1387 1171 1513 1221 sunt
1565 1164 1712 1218 libris
1737 1182 1751 1217 :
1781 1163 1880 1218 scil
1901 1171 2026 1232 cet,

423 1260 604 1328 Caput
647 1259 701 1326 1,
726 1259 789 1312 de
819 1266 1034 1312 tonsura
1062 1245 1386 1324 clericorum,
1417 1271 1484 1310 ex
1513 1256 1606 1310 lib.
1637 1270 1694 1322 ιι,
1727 1271 1847 1326 cap.
1877 1254 1931 1321 1,
1961 1257 2029 1310 de

431 1349 732 1404 ecclesiast.
763 1347 865 1400 Olli
887 1365 918 1402 ι.
949 1346 1121 1417 Caput
1145 1347 1182 1400 2
1205 1389 1222 1414 ,
1249 1349 1312 1402 de
1359 1348 1631 1416 ostiariis,
1676 1363 1743 1402 ex
1772 1362 1890 1418 cap.
1926 1346 2025 1413 M,

429 1439 564 1493 ibid.
595 1439 768 1510 Caput
813 1439 846 1494 5
871 1479 886 1502 ,
931 1439 994 1492 de
1031 1437 1336 1503 lectoribus,
1366 1455 1434 1492 ex
1477 1454 1601 1508 cap.
1628 1438 1716 1506 11,
1764 1438 1889 1494 ibid.
1922 1438 2026 1494 Ca-

423 1536 526 1597 put
553 1527 616 1592 4,
649 1529 713 1582 de
767 1529 1056 1592 exorcistis,
1099 1542 1166 1582 ex
1205 1543 1326 1598 Cap.
1362 1529 1429 1583 15
1469 1529 1596 1584 ibid.
1645 1527 1821 1599 Caput
1865 1528 1931 1596 5,
1965 1529 2030 1584 de

427 1618 706 1689 acolytltis,
735 1633 801 1674 ex
831 1619 921 1673 lib.
954 1619 984 1671 Ἰ
1013 1617 1220 1689 Elym.,
1251 1633 1370 1690 cap.
1407 1618 1493 1674 12.
1525 1619 1700 1690 Caput
1725 1617 1776 1684 6,
1809 1618 1873 1674 de
1909 1619 2028 1672 sub-

427 1710 750 1776 diaconibus,
779 1725 845 1766 ex
875 1711 965 1764 lib.
998 1727 1033 1766 ιι
1061 1708 1240 1778 Oflic.,
1272 1726 1390 1782 cap.
1423 1711 1506 1766 10.
1541 1713 1716 1782 Caput
1743 1711 1796 1776 7,
1826 1713 1889 1766 de
1913 1712 2029 1767 dia-

2129 519 2324 572 eccles.
2368 518 2416 572 id
2450 519 2672 587 intelligi
2713 521 3028 589 suspicatur.
3060 519 3390 588 l‘rrccipnam
3421 535 3552 573 vero
3593 537 3723 590 0pc-

2129 623 2246 662 ram
2271 609 2321 664 in
2341 625 2408 664 eo
2429 611 2660 664 concilio
2683 627 2908 665 navasse
2930 610 3125 664 dicitur
3149 609 3449 664 Amalarius
3471 610 3723 667 Metensis

2129 702 2407 773 diaconus,
2437 704 2528 774 qui
2555 712 2725 758 totum
2759 704 2886 758 il!ud
2915 720 3052 774 Opus
3089 719 3155 757 ex
3185 703 3412 758 diversis
3438 703 3721 758 doctorum

2129 796 2412 852 sententiis
2433 798 2804 862 concinnavit,
2846 797 3063 851 concilii
3083 795 3285 864 judicio
3316 807 3370 850 et
3389 797 3726 852 auctoritate

2128 889 2558 958 comprobatum.
2585 887 2773 944 Exstat
2803 897 3060 958 praeterea
3087 887 3488 942 Canonicnrum
3521 889 3724 956 regula,

2129 999 2160 1040 ιι
2185 984 2586 1054 Chrodogango
2617 985 2844 1042 Metensi
2873 986 3130 1055 episcopo
3168 983 3424 1054 disposita
3445 1023 3460 1050 ,
3490 985 3556 1038 ab
3587 999 3724 1037 ann-

2129 1089 2292 1146 nymo
2346 1075 2575 1149 quedam
2631 1092 2697 1129 ex
2753 1077 2839 1129 lau
2862 1075 2950 1128 lati
2997 1073 3220 1130 concilii
3275 1074 3729 1144 Aquisgrancnsis

2131 1165 2400 1218 tta-nuntiis
2429 1164 2706 1234 capitulis,
2749 1175 2912 1232 atque
2953 1163 3170 1218 aliunde
3218 1171 3376 1217 auc-ta
3407 1175 3463 1218 ct
3491 1164 3728 1234 interpo-

2131 1255 2274 1309 lata:
2306 1256 2356 1310 in
2403 1272 2508 1326 qua
2555 1256 2706 1325 plura
2751 1253 2940 1311 isidori
2977 1254 3102 1308 "loca
3145 1253 3258 1323 jam
3309 1253 3540 1309 indicata
3571 1271 3728 1325 repe-

2119 1353 2334 1399 ‘tuntur.
2379 1345 2605 1400 invenio
2651 1345 2810 1398 eliam
2844 1344 3011 1414 (quod
3044 1343 3218 1400 obitr
3251 1351 3494 1398 notatum
3541 1343 3726 1414 volni')

2121 1449 2252 1506 cap.
2280 1434 2348 1488 62
2372 1435 2630 1505 quosdam
2653 1450 2842 1489 ναι-ους
2871 1449 2937 1488 cx
2956 1447 3132 1488 carm.
3168 1429 3201 1486 5
3225 1431 3449 1500 Eugenii
3479 1431 3728 1488 Toletani

2129 1536 2268 1598 part.
2299 1537 2530 1584 Icontra
2581 1527 2940 1592 cuit-tatem,
2975 1525 3140 1580 tacito
3188 1525 3426 1580 auctoris
3475 1527 3725 1592 nomine,

2130 1623 2443 1691 productos.
2491 1617 2676 1688 Neque
2730 1617 3160 1686 prmtermittam,
3200 1616 3251 1670 in
3299 1615 3599 1670 inventario
3641 1617 3728 1671 bi-

2129 1711 2414 1766 bliotheca:
2431 1709 2702 1765 Vaticana
2720 1707 2979 1764 Codicem
3007 1706 3475 1761 membranaceum
3507 1707 3730 1763 concilii

425 1799 658 1864 conibus,
689 1814 756 1854 ex
783 1813 904 1868 cap.
935 1798 968 1852 8
999 1799 1126 1854 ibid.
1156 1797 1331 1870 Caput
1358 1800 1412 1868 8,
1442 1801 1506 1856 de
1532 1801 1931 1874 presbyteribus,
1959 1817 2028 1858 ex
2057 1819 2106 1879 Β
2135 1799 2580 1872 Aquisgranensis
2607 1801 2704 1854 sub
2736 1797 3008 1853 Ludovico
3047 1795 3254 1851 Primo'
3277 1795 3604 1867 imperatore
3641 1812 3730 1853 re-

427 1907 548 1961 cap.
579 1893 610 1945 7
639 1891 766 1946 ibid.
791 1890 966 1962 Caput
993 1891 1044 1958 9,
1075 1893 1138 1946 de
1163 1892 1537 1958 sacerdotibus,
1577 1909 1646 1950 ex
1683 1910 1805 1965 cap.
1836 1894 1870 1948 5
1901 1895 2029 1950 ibid.

2127 1893 2343 1948 censeri
2370 1909 2385 1946 :
2413 1895 2466 1948 in
2507 1909 2627 1964 quo,
2657 1891 2888 1956 additur,
2920 1897 2998 1944 est
3027 1889 3195 1961 posita
3225 1890 3382 1961 201
3415 1891 3594 1961 regula
3621 1889 3723 1944 Ca-

601 1982 732 2038 Post
779 1982 882 2038 alia
913 1999 981 2038 ex
1015 1984 1132 2038 aliis
1161 1984 1408 2042 Patribus
1451 1986 1640 2042 iterum
1669 1998 1830 2058 caput
1856 1986 1944 2056 15,
1969 1989 2036 2044 de
2134 1985 2436 2039 nonicorum
2461 1984 2647 2055 fortior
2679 1999 2741 2036 ac
2765 1991 2840 2038 est
2867 1983 2959 2037 illa
2987 1997 3100 2055 qua:
3122 1982 3177 2036 in
3197 1981 3471 2052 impressis
3513 1982 3726 2037 habetur

417 2075 654 2145 indignis
685 2075 1006 2144 praepositis,
1041 2091 1106 2130 ex
1133 2075 1324 2132 isidori
1374 2077 1465 2132 lib.
1499 2093 1556 2133 ιιι
1603 2078 1876 2148 Sentent.,
1907 2095 2029 2152 cap.

429 2164 521 2219 54.
549 2163 722 2234 Caput
751 2164 834 2229 l6,
868 2165 931 2218 de
959 2166 1177 2220 indoctis
1205 2171 1521 2240 prwpositis,
1550 2186 1618 2226 ex
1647 2187 1768 2242 cap.
1797 2171 1872 2227 55
1902 2173 2028 2228 ibid.

417 2257 598 2328 Caput
631 2258 729 2325 18,
771 2259 834 2314 de
879 2260 1173 2330 prepositis
1217 2261 1477 2328 ecclesiis,
1520 2277 1586 2316 ex
1625 2277 1744 2332 cap.
1791 2261 1861 2318 55
1901 2264 2028 2320 ibid.

420 2350 600 2418 Caput
625 2349 724 2415 20,
755 2351 820 2404 de
857 2351 1098 2406 doctrina
1140 2359 1190 2405 et
1214 2353 1461 2422 exemplis
1504 2355 1932 2425 praepositorum,
1963 2371 2032 2412 ex

427 2457 550 2510 cap.
591 2443 657 2494 56
689 2441 818 2496 ib'd.
861 2440 1039 2511 Caput
1073 2440 1274 2508 22,1le
1304 2444 1590 2498 humilitate
1615 2447 2026 2517 prwpositorum,

423 2545 489 2586 ex
519 2545 639 2600 cap.
670 2529 741 2584 42
771 2529 900 2586 ibid.
949 2528 1126 2602 Caput
1167 2529 1254 2597 9.9,
1287 2533 1352 2587 de
1397 2533 1476 2588 Itis
1505 2535 1590 2606 qui
1619 2532 1746 2588 bene
1769 2535 1953 2590 docent
1973 2545 2030 2592 et

417 2622 561 2676 «tale
589 2622 776 2688 vivunt,
809 2636 874 2676 ex
905 2637 1026 2693 cap.
1070 2622 1139 2677 57
1169 2623 1308 2680 ἰὺὶ.ι.’
1339 2623 1517 2694 Ὀιριιι
1543 2623 1643 2692 50,
1677 2626 1741 2680 de
1778 2627 2029 2698 exemplis

423 2731 700 2784 prauorum
729 2717 1055 2770 saec-datum
1073 2755 1088 2782 ,
1119 2732 1184 2772 ex
1223 2733 1346 2787 cap.
1385 2717 1420 2771 5
1444 2719 1454 2764 ἲ
1483 2717 1609 2772 ibid.
1651 2717 1826 2790 Caput
1853 2721 1942 2786 51,
1965 2719 2028 2774 de

423 2806 716 2876 prtcpositis
745 2807 1078 2872 carnalibus,
1117 2823 1183 2862 ex
1212 2823 1333 2878 cap.
1365 2807 1434 2860 59
1462 2808 1587 2861 ibid.
1622 2807 1796 2878 Caput
1825 2809 1922 2872 55,
1963 2810 2029 2864 de

417 2895 642 2949 iracund
664 2912 688 2948 s
729 2896 1050 2962 doctoribus,
1085 2913 1150 2952 ex
1182 2913 1303 2968 cap.
1353 2898 1422 2952 40
1467 2899 1595 2954 ibid.
1627 2899 1802 2969 Caput
1832 2899 1932 2965 56,
1965 2901 2028 2954 de

420 2985 704 3052 disciplina
725 2985 1048 3040 sacerdotum
1077 2988 1129 3040 in
1153 2987 1232 3041 Itis
1257 2989 1344 3059 qui
1371 2989 1690 3060 delinquunt,
1714 3005 1778 3042 ex
1805 3006 1924 3060 cap.
1959 2991 2026 3044 Mi

425 3071 552 3126 ibid.
575 3075 751 3143 Caput
778 3072 864 3140 99,
893 3074 955 3128 de
975 3075 1198 3142 clericis,
1225 3091 1294 3136 ex
1321 3076 1455 3132 libro
1477 3075 1713 3132 Ol'licior.
1741 3094 1795 3142 ιι,
1821 3094 1942 3148 cap.
1973 3079 2022 3134 1.

2131 2077 2288 2129 etiam
2309 2076 2506 2130 inserta
2532 2075 2585 2128 in
2615 2075 2708 2129 ltac
2735 2075 2976 2130 concilio.

2204 2165 2259 2222 9.
2312 2165 2394 2220 Ab
2424 2166 2692 2237 episcopis
2719 2175 2953 2238 quatuor
2979 2166 3375 2238 provinciarum
3403 2165 3688 2225 Rcmensis
3705 2211 3729 2239 ,

2133 2257 2404 2324 Senonitc,
2438 2256 2723 2314 Turonicre
2750 2266 2805 2312 et
2829 2256 3286 2329 Rothomagensis
3317 2275 3394 2326 rt,
3437 2260 3729 2316 concilium

2133 2347 2437 2404 Parisiensc
2461 2348 2796 2404 celebratum
2837 2347 2938 2402 fuit
2967 2362 3109 2402 anna
3141 2347 3264 2401 8'29.
3295 2346 3437 2420 Cap.
3463 2348 3530 2403 19
3558 2349 3679 2404 libri
3713 2367 3730 2404 ι

2133 2440 2292 2510 hujus
2327 2441 2546 2496 c0ncilii
2587 2443 2750 2496 vi-rba
2781 2438 2973 2496 lsidori
3015 2441 3363 2512 proferuntur
3391 2460 3458 2498 ex
3488 2459 3608 2517 cap.
3657 2445 3730 2498 9.8

2131 2530 2228 2586 lib.
2263 2547 2328 2586 ἰιι
2357 2531 2634 2600 Sentent.,
2667 2529 2826 2597 Quia,
2866 2541 2921 2586 ut
2962 2530 3201 2586 Isidorus
3223 2533 3286 2587 in
3331 2533 3465 2588 libro
3497 2535 3728 2590 Senten-

2134 2627 2324 2682 tiarum
2372 2626 2572 2694 scribit,
2631 2634 2854 2680 rectores
2905 2642 2937 2678 a
2983 2623 3095 2680 Ι)ρο
3142 2626 3488 2694 solummodo,
3538 2644 3638 2681 non
3696 2645 3730 2682 α

2127 2717 2374 2788 subditis,
2396 2725 2520 2772 sunt
2554 2716 2855 2788 judicaudi,
2885 2725 2991 2770 ctc.
3021 2715 3169 2770 idem
3209 2715 3451 2772 lsidcrus
3471 2717 3732 2772 ιςιυιοιμι·

2131 2809 2224 2864 lib.
2277 2825 2334 2879 ιι,
2365 2824 2495 2880 cap.
2528 2807 2580 2876 1.,
2623 2824 2692 2864 ει
2718 2823 2876 2879 capp.
2903 2806 2976 2860 .28
3007 2815 3061 2863 et
3088 2806 3157 2860 29
3184 2807 3303 2863 libri
3340 2824 3405 2863 -ιιι
3452 2809 3726 2874 Sentent.,

2131 2903 2221 2958 ubi
2243 2901 2310 2957 de
2337 2915 2524 2971 regum
2564 2901 2834 2972 probitate
2863 2908 2918 2956 et
2941 2900 3149 2968 justitia
3181 2901 3485 2956 disseritur.
3521 2901 3728 2958 ltursns

2130 3008 2252 3064 cap.
2300 2993 2336 3048 5
2365 2991 2610 3061 ejusdem
2651 2992 2803 3056 ilibri,
2833 3007 2942 3046 non
2975 2991 3028 3046 in
3051 2992 3211 3046 iicato
3232 2991 3430 3047 .lsidori
3481 2992 3620 3060 loco,
3653 3009 3722 3047 ex

2131 3083 2229 3138 lib.
2253 3077 2337 3140 ἰιι
2377 3083 2530 3140 Sent.
2575 3099 2698 3154 cap.
2733 3083 2805 3137 ’21
2853 3099 2867 3136 :
2902 3081 3142 3136 Isidotus
3175 3099 3192 3136 :
3240 3081 3504 3154 Principes
3546 3075 3729 3138 surculi

421 3162 601 3272 Caput
768 3163 832 3272 de
853 3167 1042 3236 regulis
1070 3165 1370 3272 clericorum
1398 3169 1560 3238 209
1582 3183 1650 3222 ex
1676 3185 1795 3239 cap.
1830 3168 1865 3222 2
1894 3170 2022 3225 ibilL
2058 3212 2100 3272 Ο
2131 3193 2500 3248 nonnunquam
2528 3177 2667 3230 intra
2687 3175 2950 3230 ecclesiam
2975 3175 3242 3244 potestatis
3271 3175 3468 3246 adepta:
3492 3177 3720 3230 culmina

423 3256 598 3326 Caput
629 3254 751 3320 101,
781 3255 844 3310 de
888 3257 1157 3328 generibus
1200 3259 1521 3324 clericorum,
1563 3275 1630 3314 ex
1670 3275 1790 3331 cap.
1831 3261 1865 3314 5
1895 3261 2023 3315 ibid.

422 3345 592 3411 Caput
627 3345 750 3411 104,
783 3346 846 3401 de
874 3348 1092 3403 subditis
1117 3365 1182 3404 ex
1227 3350 1317 3406 lib.
1353 3366 1408 3404 ιιι
1455 3352 1699 3406 Sentent.
1721 3367 1887 3421 ,.cap.
1934 3353 2020 3408 17.

495 3436 547 3490 6.
581 3437 982 3493 Advertendum
1007 3449 1106 3504 est,
1134 3448 1256 3509 post
1275 3457 1394 3511 cap.
1423 3441 1538 3508 115,
1565 3441 1710 3512 quod
1731 3451 1812 3498 est
1833 3441 1889 3498 S.
1915 3448 2024 3498 Au-

423 3535 620 3602 gustini
654 3537 718 3590 de
757 3535 878 3590 Vita
923 3547 971 3590 et
1002 3537 1225 3590 moribus
1266 3537 1587 3603 clericorum,
1616 3537 1740 3592 addi
1772 3539 1874 3592 hoc
1903 3553 2022 3592 Ino-

423 3630 592 3682 nitum
621 3647 632 3682 :
661 3628 906 3700 Explicit.
943 3628 1076 3694 Quia
1104 3647 1225 3701 ergo
1248 3640 1448 3686 constat
1477 3641 1710 3685 sanctam
1735 3628 2022 3685 Ecclesium

411 3722 820 3786 .prtcdicatorum
859 3722 1074 3776 Patrum
1112 3722 1344 3793 exempla
1387 3723 1526 3793 sequi
1569 3721 1770 3785 debere,
1803 3738 2020 3792 quorum

423 3811 653 3864 noscitur
685 3813 1003 3866 docmnentis
1032 3821 1147 3882 post
1197 3813 1482 3882 apostolica
1526 3814 1761 3867 instituta
1801 3811 2018 3866 ubertim

417 3919 726 3968 coruscare,
771 3905 953 3958 debent
983 3923 1084 3960 non
1113 3905 1280 3960 solum
1307 3907 1514 3974 ιιι-ωηιιὶ
1541 3905 1816 3968 imitando,
1843 3921 2018 3960 verum

417 3997 578 4050 etiam
604 3995 790 4051 subditi
819 3995 907 4051 obs
939 3997 1158 4069 quando,
1183 3997 1780 4069 usquequaque-studere,
1797 3997 2018 4065 qualiter

417 4103 598 4140 eorum
621 4087 866 4156 exentjtlis
889 4095 936 4140 et
955 4087 1204 4142 doctrinis
1231 4098 1488 4156 parentes,
1506 4086 1574 4138 ad
1593 4086 1859 4154 felicitatis
1888 4104 2017 4156 gau-

417 4178 531 4238 dia,
563 4195 660 4246 quo
689 4178 766 4230 illi
796 4187 1190 4246 pra'cesserunt,
1215 4177 1420 4230 calcant
1449 4178 1734 4245 pervenire,
1763 4184 1870 4232 etc.

492 4269 545 4321 7.
587 4269 896 4334 Sequuntur
919 4267 1024 4320 alia
1063 4268 1240 4335 capita
1273 4275 1367 4320 :et
1411 4276 1570 4337 caput
1619 4266 1719 4322 120
1748 4275 1829 4322 est
1859 4284 1872 4320 :
1901 4263 2014 4332 Qua

421 4360 726 4412 auctoritate
765 4358 908 4413 liora:
945 4359 1212 4413 canonica:
1255 4359 1589 4422 celebrentur,
1621 4377 1751 4430 quas
1793 4359 1925 4414 scire
1951 4376 2013 4413 ac

421 4451 656 4519 religiose
683 4449 954 4504 observare
995 4449 1285 4506 Cananicos
1327 4460 1559 4521 oportet,
1593 4460 1902 4522 excerptum
1944 4466 2014 4506 ex

421 4538 608 4594 lsidori
639 4527 792 4597 una
825 4539 1085 4606 omam,
1105 4558 1226 4611 cap.
1252 4541 1337 4596 ta.
1367 4543 1540 4611 Caput
1567 4543 1687 4610 ιιι-ι,
1719 4543 1781 4598 de
1809 4560 2010 4614 resper-

419 4633 566 4698 tinis,
591 4649 656 4688 ex
697 4650 815 4704 cap.
847 4633 916 4688 20
960 4634 1090 4689 ibid.
1137 4634 1310 4704 Caput
1359 4634 1482 4700 19.8,
1513 4638 1576 4689 de
1621 4637 1914 4706 completis,
1942 4651 2007 4690 ex

415 4739 542 4793 cap.
574 4724 634 4778 2|
671 4725 796 4778 ibid.
823 4724 996 4796 Caput
1027 4725 1148 4790 129,
1171 4727 1244 4781 de
1269 4728 1557 4798 vigiliarum
1601 4729 1906 4798 antiquitate
1944 4743 2009 4782 ex

415 4830 540 4884 cap.
568 4815 638 4866 2‘2.
685 4817 812 4870 ibid.
859 4817 1038 4888 Caput
1079 4818 1212 4887 150,
1261 4819 1324 4873 de
1363 4819 1658 4884 matutinis,
1691 4834 1759 4874 ex
1795 4835 1912 4889 cap.
1943 4818 2014 4872 9.5

495 4995 546 5050 8.
587 4993 770 5065 Lange
809 4997 968 5065 igitur
995 4997 1192 5067 smpins
1237 4998 1422 5053 lsidori
1469 4999 1762 5054 auctoritas
1809 4999 1863 5053 in
1911 4999 2016 5054 hoc

413 5089 650 5143 canci‘io
674 5089 935 5154 laudatur,
959 5105 1118 5158 quam
1141 5089 1663 5159 alterius-cujuslibet
1683 5105 1713 5144 e
1739 5087 2004 5155 Pati-ibus,

417 5180 780 5251 Hieronymo,
831 5180 1164 5249 Augusuno,
1221 5179 1514 5249 Gregorio,
1555 5179 1852 5250 Prospero,
1895 5181 2008 5236 sive

415 5276 599 5342 potius
625 5273 839 5328 Juliano
869 5272 1149 5339 Pomerio,
1185 5270 1361 5328 Leone
1391 5289 1556 5342 papa,
1594 5271 1815 5327 Gelasio
1847 5287 2003 5343 papa,

415 5371 508 5432 qui
543 5369 594 5422 in
623 5367 812 5422 eodem
843 5365 1072 5420 consilio
1101 5367 1489 5436 producuntur.
1521 5365 1599 5420 Ex
1633 5367 1736 5421 hoc
1764 5366 2005 5421 concilio

419 5457 834 5528 Aquisgrancnsi
864 5457 1142 5526 desumpta
1187 5468 1310 5512 sunt
1351 5474 1414 5512 ea
1462 5459 1666 5529 capita,
1693 5473 1812 5530 qua:
1837 5459 1888 5513 in
1921 5458 2004 5512 in-

421 5550 664 5604 scutario
715 5549 1051 5605 bibliotheca:
1089 5549 1160 5603 Va
1190 5549 1358 5608 icana:
1399 5551 1586 5607 codice
1617 5551 1746 5605 1551
1801 5547 2006 5607 isidnro

419 5639 814 5708 adjndicantur,
841 5640 918 5696 De
948 5651 1160 5698 tonsura
1184 5683 1197 5710 ,
1222 5643 1469 5706 ostiariis,
1501 5651 1608 5696 ctc.
1649 5641 1832 5712 Neque
1859 5643 2004 5697 aliud

419 5739 550 5794 pu'o
582 5745 698 5783 esse
725 5733 866 5799 quod
889 5733 1002 5787 Nic.
1033 5733 1295 5786 Antonius
1327 5734 1416 5786 lib.
1441 5749 1490 5796 ν,
1511 5751 1560 5788 ιι.
1593 5733 1716 5798 179,
1747 5733 2005 5788 inbiblio-

430 5827 580 5872 theca
609 5817 956 5878 Ambrosiam
1003 5826 1265 5880 asservari
1296 5827 1368 5881 ait
1413 5825 1596 5884 lsidori
1641 5841 1774 5906 opus
1805 5826 1879 5880 De
1919 5841 2000 5880 re-

2041 4601 2090 4662 D

2133 3276 2322 3331 tenent,
2375 3276 2481 3322 etc.
2527 3267 2599 3323 Et
2627 3282 2746 3338 cap.
2775 3265 2856 3320 3:
2893 3264 3044 3330 Quod
3085 3267 3290 3334 quando
3329 3269 3476 3336 pravi
3513 3267 3722 3337 judice:

2125 3358 2314 3428 populo
2341 3357 2441 3411 Dei
2463 3358 2833 3429 prwferuntur,
2863 3357 2933 3411 ad
2959 3356 3197 3410 delictum
3213 3356 3362 3410 illius
3391 3359 3657 3426 pertineat
3686 3377 3722 3414 a

2124 3465 2222 3518 quo
2265 3449 2669 3512 constituuntur,
2715 3447 2856 3501 dicta
2907 3447 3100 3502 Isidori
3145 3447 3482 3519 manifestam
3529 3449 3722 3520 quibus

2123 3539 2238 3593 ait:
2263 3539 2344 3592 Ad
2374 3539 2620 3593 delictum
2649 3539 2870 3609 pertinet
2900 3539 3301 3609 principumqui
3329 3553 3487 3609 prauo
3511 3538 3720 3608 judices

2123 3637 2306 3682 contra
2327 3628 2640 3682 uoluntatem
2662 3627 2758 3682 Dei
2785 3628 2989 3698 papulis
3010 3627 3250 3698 ﬁdelibus
3273 3629 3577 3700 praeferunt,
3605 3636 3716 3685 etc.

2123 3718 2254 3787 Quae
2281 3719 2564 3790 desumpta
2589 3729 2798 3776 suntex
2821 3719 2944 3775 eod.
2969 3720 3060 3775 lib.
3099 3735 3155 3774 ιιι
3176 3717 3446 3784 Sentent.,
3475 3734 3594 3790 cap.
3624 3717 3716 3776 5‘2.

2121 3809 2212 3866 Sic
2237 3827 2358 3881 cap.
2391 3809 2446 3878 5,
2476 3827 2543 3866 ex
2575 3811 2666 3866 lib.
2693 3827 2753 3866 tn
2784 3809 3029 3865 Sentent.
3057 3824 3179 3880 cap.
3211 3807 3279 3863 28
3313 3828 3326 3862 :
3357 3809 3424 3866 Ut
3447 3811 3580 3864 enim
3611 3809 3719 3864 Isi-

2121 3903 2282 3957 dorus
2327 3902 2560 3972 expouit,
2594 3902 2852 3962 irascente
2882 3899 3013 3966 Deo,
3043 3901 3202 3956 talem
3243 3909 3490 3966 rectorem
3535 3903 3716 3972 populi

2119 3993 2402 4063 suscipiunt
2430 3993 2632 4063 qualem
2662 4009 2755 4063 pro
2779 4003 2988 4064 peccato
3017 4002 3295 4046 merentur.
3319 3991 3477 4046 Initio
3507 3992 3628 4046 libri
3654 4009 3714 4057 ll,

2119 4101 2238 4156 cap.
2287 4085 2342 4150 1,
2387 4085 2632 4154 quamvis
2681 4101 2787 4140 non
2843 4087 3179 4158 exprimatur
3224 4083 3416 4141 lsidori
3473 4099 3714 4152 nomen,

2121 4187 2300 4234 tamen
2333 4178 2452 4247 ejus
2475 4177 2724 4233 doctrina
2755 4179 3036 4249 prolectur
3068 4189 3135 4234 ex
3163 4193 3288 4248 cap.
3321 4177 3354 4232 5
3382 4177 3477 4232 lib.
3513 4193 3564 4232 rx
3587 4175 3716 4250 Ety-

2117 4271 2315 4338 mulog.
2336 4312 2361 4338 .,
2393 4269 2484 4325 ubi
2509 4271 2798 4328 discrimen
2826 4271 2967 4326 inter
2995 4284 3150 4340 reges
3171 4277 3228 4326 et
3257 4277 3516 4341 tyrannos
3539 4271 3718 4340 expli-

2117 4369 2292 4419 catur.

2189 4449 2274 4505 10.
2295 4449 2504 4506 Eaedem
2525 4450 2716 4509 lsidori
2737 4453 3018 4509 sententia:
3035 4451 3381 4508 celebrantur
3403 4452 3455 4507 in
3477 4451 3714 4507 concilio

2115 4542 2538 4611 Aquisgranensi
2585 4559 2621 4599 ιι
2663 4558 2806 4598 anno
2843 4543 2968 4607 856,
3017 4559 3138 4613 cap.
3185 4542 3240 4608 2,
3268 4559 3464 4598 canon.
3517 4541 3568 4608 1,
3621 4544 3713 4599 ubi

2123 4652 2386 4706 expresso
2439 4636 2897 4708 Etymologiarum
2925 4637 3062 4691 libro
3089 4637 3168 4690 sic
3189 4635 3275 4688 rei
3306 4644 3420 4689 rtur
3449 4653 3462 4687 :
3493 4636 3712 4706 Antiqui

2115 4737 2308 4793 autem,
2337 4737 2394 4780 ut
2423 4727 2558 4782 idem
2603 4725 2842 4781 Isidorus
2872 4724 3002 4780 libro
3034 4725 3482 4798 Etymologiarum
3507 4725 3708 4791 scribit,

2115 4837 2293 4874 omnes
2341 4835 2484 4890 reges
2537 4827 2784 4889 tyrannos
2831 4815 3111 4881 vocabant;
3150 4817 3240 4870 sed
3289 4825 3463 4884 postea
3510 4815 3618 4886 pic,
3657 4825 3710 4869 at

2109 4913 2250 4982 ἱῙιιειε
2275 4953 2290 4978 ,
2340 4921 2389 4965 et
2419 4911 2821 4964 misericorditer
2858 4918 3090 4980 regentes
3155 4910 3290 4980 regis
3347 4924 3532 4962 nomen
3585 4917 3708 4960 sunt

2119 5004 2325 5074 adepti;
2347 5004 2504 5073 impie
2527 5017 2665 5066 vero,
2697 5000 2890 5068 injuste
2906 4999 3282 5068 crudeliterque
3295 4997 3710 5068 principantibus

2115 5109 2218 5148 non
2263 5091 2418 5162 regis,
2444 5091 2534 5146 sed
2577 5091 2906 5160 tyranuicum
2949 5099 3126 5160 aptum
3175 5099 3250 5143 est
3283 5105 3488 5142 nomen.
3527 5087 3710 5142 Verba

2111 5186 2221 5240 haec
2249 5185 2436 5239 lsidori
2464 5199 2570 5237 non
2597 5191 2744 5248 sunt,
2777 5181 2872 5238 sed
2899 5181 3198 5244 sententia,
3231 5187 3282 5234 ut
3316 5179 3460 5243 dixi,
3497 5178 3590 5233 lib.
3623 5193 3706 5245 ts,

2107 5291 2230 5347 cap.
2263 5277 2314 5342 5,
2349 5275 2650 5347 Etymolog.
2683 5275 2967 5344 reperitur.
3013 5271 3154 5326 Libri
3197 5271 3595 5326 Sententiarum
3623 5271 3710 5327 sic

2109 5366 2160 5420 in
2194 5367 2294 5420 hoc
2324 5364 2555 5420 concilio
2584 5364 2819 5418 citantur
2853 5379 2867 5417 :
2905 5361 2974 5417 Ut
3000 5363 3124 5431 quid
3151 5378 3244 5416 rex
3279 5362 3448 5417 dictus
3476 5363 3564 5425 sit,
3593 5358 3708 5414 lsi-

2109 5458 2263 5510 dorus
2301 5457 2354 5510 in
2399 5455 2531 5510 libro
2575 5455 2967 5510 Sententiarum
3005 5453 3184 5506 scribit
3228 5467 3246 5506 :
3282 5452 3396 5507 Res:
3432 5452 3587 5516 enim,
3617 5451 3712 5504 in-

2107 5551 2233 5621 quit,
2259 5566 2296 5602 α
2322 5548 2556 5617 regendo
2583 5559 2811 5601 voratur.

2183 5642 2267 5696 11.
2313 5640 2657 5696 'l‘ribnriense
2697 5637 2982 5694 concilium
3027 5653 3126 5707 pro
3159 5633 3497 5690 rc'l‘ortnanda
3537 5633 3710 5688 disci-

2109 5731 2249 5799 plina
2299 5730 2659 5784 ccclcsiastica
2691 5743 2833 5782 anno
2885 5725 2992 5780 895
3039 5735 3286 5781 coactum
3333 5722 3455 5786 fuit,
3496 5724 3582 5777 cui
3614 5739 3710 5776 ar-

2107 5823 2432 5894 chicpiscepi
2468 5821 2803 5894 tiogurtinus
2823 5862 2840 5888 ,
2873 5819 3209 5876 Coloniensis
3237 5827 3290 5874 et
3321 5814 3704 5884 Trcrircnsis,
