4002 6196
303 276 409 331 165

1282 274 1673 334 ἹΞΗΟΩᾺΧΑ
1716 308 1783 335 έ-
1827 276 2002 331 PARS
2045 276 2081 329 l.
2124 277 2272 331 CAP.
2321 276 2531 329 XXXII.

3493 282 3589 334 {66

301 390 707 467 pluresquealii
731 390 964 461 episcopi
988 389 1359 445 interfuerunt.
1385 391 1603 445 Canonc
1625 389 1690 443 Ξῖ
1722 390 1894 457 agitur
1928 392 1969 447 Α
2000 391 2182 457 debet,
2230 407 2334 443 rion
2384 389 2555 442 solum
2608 388 2681 441 uti
2713 388 2866 455 la‘sa,
2913 388 3005 442 sel
3052 390 3212 442 etiam
3258 390 3335 443 uti
3368 392 3428 444 iis
3470 410 3585 461 ιιιιτςΔ

300 486 371 539 de
400 484 615 538 clericis
656 482 745 549 qui
786 480 851 533 ad
905 482 1159 535 secutum
1191 481 1581 549 regrediuntnr,
1631 489 1791 549 atque
1824 480 1894 533 ita

301 575 647 630 concluditur
685 589 699 626 :
744 572 971 625 Sanctus
1014 570 1248 625 Isidorus
1298 572 1427 625 tales
1481 569 1896 640 Iiippocentauris

304 667 432 720 dicit
481 680 594 717 esse
635 663 847 725 similes,
898 664 983 732 qui
1021 679 1112 715 nec
1147 662 1299 732 equi,
1332 678 1423 715 nec
1452 661 1718 725 homines,
1748 668 1899 730 atque

302 756 456 826 quasi
490 753 640 806 bruta
678 751 936 805 animalia
968 749 1201 805 libertate
1241 768 1302 803 ac
1332 752 1490 821 202
1523 750 1778 803 desiderio
1806 765 1897 802 suo

306 848 562 917 feruntur.
595 843 864 913 Excerpta
894 845 1160 899 sententia
1192 853 1275 899 est
1301 860 1364 898 ex
1400 844 1632 909 lsidoro,
1668 843 1801 897 libro
1832 857 1890 909 ιι,

306 937 549 992 Ollicior.
581 936 909 1001 ecclesiast.,
944 951 1065 1006 cap.
1099 934 1152 989 5.

378 1028 467 1083 12.
502 1028 599 1083 His
642 1028 880 1097 quinque
919 1026 1159 1082 conciliis
1190 1042 1217 1080 a
1250 1026 1465 1094 Bignzco
1513 1025 1564 1078 in
1587 1023 1758 1079 licatis
1791 1022 1895 1076 alia

306 1121 431 1177 addi
462 1127 688 1189 possunt
714 1132 834 1188 qua:
864 1116 1050 1171 Isidori
1092 1116 1391 1171 doctrinam
1436 1114 1897 1170 commendarunt.

309 1212 466 1266 Anno
510 1209 617 1263 874
658 1207 899 1263 habitum
939 1206 1039 1262 fuit
1075 1207 1358 1263 concilium
1401 1206 1725 1259 Duziaceuse
1754 1220 1812 1258 ιι.
1846 1204 1900 1259 In

308 1302 540 1373 epistola
589 1299 753 1369 hujus
781 1298 998 1353 concilii
1042 1297 1300 1369 synodica
1331 1297 1394 1350 ad
1425 1296 1705 1367 episcopos
1734 1294 1900 1364 Aqui-

311 1394 472 1447 tania-
501 1392 580 1446 sic
610 1390 843 1444 Isidorus
868 1404 935 1443 ex
962 1388 1052 1443 lib.
1085 1405 1159 1443 rx.
1190 1387 1424 1458 Etymol.
1457 1402 1574 1456 cap.
1608 1386 1639 1439 6
1666 1387 1900 1440 citatur:

315 1484 553 1538 Isidorus
602 1484 771 1552 itaque
793 1481 855 1534 de
881 1480 1329 1551 consanguinitate
1349 1478 1423 1532 sic
1451 1479 1674 1549 loquitur
1696 1492 1715 1531 :
1745 1474 1903 1547 Cujus

309 1578 467 1631 series
495 1584 686 1641 septem
718 1571 963 1644 gradibus
991 1571 1252 1627 dirimitur
1280 1572 1374 1625 hoc
1397 1570 1572 1638 modo,
1605 1577 1713 1625 etc.

384 1665 473 1719 13.
524 1662 791 1721 Generale
838 1661 1127 1717 concilium
1161 1659 1532 1716 Florentinmn
1566 1674 1662 1728 pro
1704 1657 1904 1713 unione

2002 481 2310 549 pnecedunt
2340 480 2632 535 contraria.
2654 480 3040 536 Torismundus
3069 484 3234 547 enim,
3267 482 3585 539 Theudorici
3628 514 3631 541 ;

2002 572 2163 638 lilius,
2209 589 2350 627 anno
2386 573 2492 625 M7
2516 573 2760 637 vivebat;
2800 574 2941 641 quod
2976 583 3182 642 tempus
3220 576 3286 628 ab
3318 575 3501 629 lsidori
3539 585 3589 630 et

2000 661 2243 730 Gregorii
2300 663 2473 730 Magni
2516 664 2846 732 temporibus
2894 664 3046 717 valde
3102 665 3285 719 ditat.
3338 666 3584 736 Alioquin
3633 666 3641 712 ἱ

2002 752 2353 809 Provincialis
2399 754 2676 807 historiam
2709 762 3011 821 temporum
3043 756 3174 810 satis
3197 757 3342 813 clare
3374 769 3586 827 pertur-

2002 844 2093 898 bat
2128 862 2139 898 :
2174 844 2345 899 innuit
2389 844 2566 909 enim,
2616 844 2665 897 in
2698 845 2941 899 co::eiliis
2970 844 3405 915 Hispaniensibus
3444 851 3589 905 cele-

2003 935 2169 989 bratis
2214 944 2336 1005 post
2384 935 2643 1004 cjnratam
2674 937 2903 989 hzeresin
2938 936 3187 992 Arianam
3242 940 3293 994 in
3325 940 3585 1011 Symbolo

2002 1026 2235 1078 additam
2270 1025 2432 1080 fuisse
2456 1026 2853 1095 processioncm
2877 1027 3106 1097 Spiritus
3134 1032 3302 1084 sancti
3334 1046 3399 1085 ex
3433 1031 3587 1085 Patre

2005 1123 2058 1168 et
2110 1115 2246 1169 Fiio
2286 1132 2299 1181 ;
2346 1116 2487 1183 quod
2555 1115 2783 1184 primum
2834 1116 3031 1170 factum
3092 1120 3282 1172 asserit
3338 1129 3579 1189 lt'lltllttle

1998 1204 2200 1261 Leonis
2225 1222 2373 1277 papm
2399 1206 2448 1260 in
2474 1206 2674 1275 Regula
2701 1206 2819 1261 lidri
2850 1209 3319 1279 eatltolicte,quam
3349 1214 3588 1283 episcopi

2004 1294 2455 1358 Tarraconenses,
2482 1295 2947 1365 Carthaginienses,
2969 1307 3021 1351 ct
3045 1297 3306 1363 Lu~itaui,
3330 1308 3382 1353 ct
3411 1298 3589 1356 Bzetici

2003 1386 2264 1451 fecerunt,
2295 1396 2349 1440 et
2377 1402 2498 1440 cum
2529 1396 2797 1456 prtecepto
2830 1403 2978 1456 papre
3005 1386 3199 1442 Leonis
3229 1390 3371 1445 urbis
3404 1391 3589 1447 Ratira:

2002 1475 2069 1530 ad
2099 1475 2410 1530 Baleonium
2446 1477 2754 1547 episcopum
2776 1476 3039 1533 Gallmeire
3075 1479 3352 1536 miserunt.

2078 1568 2167 1622 16.
2203 1568 2307 1623 Res
2333 1568 2403 1621 ita
2432 1584 2491 1623 se
2519 1569 2683 1622 habet
2712 1586 2725 1621 :
2757 1584 2897 1623 anno
2924 1569 3028 1624 500
3057 1582 3303 1626 coactum
3339 1572 3433 1626 fuit
3463 1589 3594 1627 con-

2006 1660 2185 1715 cilium
2218 1658 2534 1714 Toletannnt
2560 1678 2597 1722 r,
2628 1676 2735 1730 quo
2768 1660 2969 1730 Regula
2991 1663 3109 1717 lidei
3142 1664 3375 1718 exhibita
3401 1664 3515 1729 fuit,
3537 1678 3591 1721 ct

311 1757 627 1813 Grazcorum
670 1769 833 1809 anno.
867 1752 1007 1808 1439
1038 1753 1278 1806 habitum
1320 1750 1443 1805 fuit.
1478 1750 1635 1804 Parte
1665 1748 1897 1803 secunda
1924 1771 1979 1832 Β
2006 1748 2278 1819 processio
2316 1748 2547 1819 Spiritus
2573 1750 2743 1804 sa-cti
2775 1767 2838 1804 ex
2872 1750 3025 1805 Patre
3051 1752 3592 1825 Fdioqneconceptis

317 1849 477 1919 lmjus
509 1847 747 1915 concilii,
777 1846 959 1901 collat.
990 1844 1090 1911 9.1,
1132 1842 1369 1899 Joannes
1410 1843 1477 1897 de
1509 1843 1687 1897 Monte
1717 1841 1900 1911 Nigro,

314 1942 435 1996 ord.
472 1938 721 2004 Prtedic,
750 1937 1094 2009 provincialis
1121 1936 1469 2001 Lombardite,
1504 1934 1903 2006 procesionem

314 2036 546 2105 Spiritus
573 2034 743 2089 sancti
775 2050 841 2087 ex
867 2033 1025 2087 Patre
1049 2041 1103 2086 et
1125 2031 1260 2086 Filio
1290 2030 1477 2087 lsidori
1511 2030 1685 2084 verbis
1714 2038 1902 2085 contra

310 2126 533 2180 Grzecos
564 2122 921 2178 conﬁrmavit.
958 2120 1128 2174 Etiam
1158 2121 1222 2175 tle
1252 2131 1475 2189 tempore
1506 2120 1639 2173 beati
1669 2118 1903 2190 Gregorii

318 2216 530 2286 Dialogi
573 2214 746 2284 ﬂoruit
797 2210 1032 2267 Isidorus
1077 2211 1283 2265 nomine
1312 2212 1363 2263 in
1407 2208 1705 2279 llispa:.ia:
1748 2225 1903 2261 unum

314 2308 427 2377 ejus
458 2305 808 2359 testimonium
839 2302 1027 2355 dicant.
1061 2299 1210 2354 Fecit
1239 2301 1422 2353 librum
1466 2297 1905 2369 Etymologiarum

315 2397 533 2447 divisum
564 2395 615 2447 in
652 2408 758 2447 χχιι
788 2390 967 2445 libros.
1005 2388 1069 2443 In
1098 2388 1397 2443 duodecimo
1426 2388 1556 2443 libro
1575 2428 1589 2451 ,
1624 2405 1741 2456 cap.
1771 2386 1805 2440 5
1832 2388 1906 2441 sic

316 2486 391 2538 ait
436 2501 450 2536 ε
502 2481 615 2537 "oc
659 2493 830 2535 autem
870 2482 1079 2535 interest
1122 2478 1257 2533 inter
1299 2487 1594 2531 nascentem
1623 2475 1817 2531 Filium
1858 2486 1907 2530 et

316 2575 676 2642 procedentem
727 2572 982 2642 Spiritum
1006 2610 1020 2635 ,
1067 2571 1185 2641 quia
1230 2569 1397 2622 Filius
1426 2568 1487 2621 ab
1518 2583 1619 2622 uno
1648 2567 1905 2633 nascitur,

315 2672 364 2716 et
394 2662 628 2731 Spiritus
665 2660 728 2713 ab
763 2669 978 2730 utroque
1011 2658 1264 2729 procedit;
1297 2657 1411 2711 ideo
1436 2657 1627 2709 dicitur
1656 2672 1675 2710 .'
1708 2656 1766 2710 Si
1796 2656 1909 2725 quis

319 2753 571 2823 Spiritum
610 2751 802 2806 Christi
841 2768 945 2805 non
976 2749 1148 2817 Itabtt,
1197 2766 1299 2803 non
1330 2758 1404 2802 est
1434 2750 1614 2819 ejus...
1648 2788 1661 2801 .
1694 2746 1761 2800 Et
1788 2748 1909 2818 quia

312 2855 432 2913 post
461 2846 618 2897 istaut
647 2844 908 2898 doctorem
936 2850 1043 2895 tota
1070 2842 1241 2911 patria
1271 2839 1627 2910 Hispanorum
1650 2854 1766 2892 cum
1793 2855 1910 2908 rege

314 2936 639 3000 Reccaredo,
678 2936 767 3004 qui
815 2936 984 3005 fuerat
1029 2935 1273 2997 Arianus,
1304 2948 1418 2986 cum
1447 2932 1909 3002 prtedccessoribus

318 3028 448 3094 suis,
496 3028 768 3098 confutata
814 3024 998 3080 liceresi
1027 3025 1367 3089 Arianorum,
1397 3032 1445 3077 et
1473 3040 1532 3077 ea
1563 3023 1907 3077 mathemati-

2005 1842 2185 1898 verbis
2208 1858 2480 1913 expressa.
2510 1842 2633 1897 "mc
2660 1844 2773 1896 ead‘
2796 1860 2845 1896 ιιι
2874 1843 3075 1912 {tegula
3092 1844 3209 1901 lidei
3235 1862 3299 1901 ex
3326 1858 3594 1918 praecepto

2005 1932 2202 1989 Leonis
2278 1950 2430 2005 papae
2492 1951 2521 1989 a
2572 1935 2811 1990 concilio
2880 1934 3217 2005 llispauico,
3261 1940 3592 2009 temporibus

2005 2027 2323 2085 Theoderici
2364 2041 2417 2085 et
2450 2031 2788 2087 Torismundi
2852 2048 3005 2088 anno
3038 2032 3143 2087 Μ’]
3174 2036 3468 2099 celebrato,
3522 2036 3591 2089 ad

2008 2118 2315 2174 Balconiun:
2357 2120 2500 2193 (non
2557 2121 2904 2191 Baleoaium)
2959 2123 3272 2193 episcopum
3322 2123 3590 2179 Gallteeize

2002 2210 2316 2265 ll‘ﬂll'llllSSII
2348 2211 2464 2264 fuit.
2498 2209 2628 2277 Qum
2658 2212 2836 2265 omnia
2868 2210 3159 2267 Rcccaredi
3199 2214 3339 2283 regis
3380 2222 3589 2284 tempus

2007 2299 2106 2353 sub
2134 2315 2241 2367 quo
2272 2301 2455 2369 Gothi,
2489 2301 2685 2355 Ariana
2736 2303 2925 2357 llll‘l’CSi
2964 2302 3191 2370 ejurata,
3218 2304 3374 2360 ﬁdem
3400 2306 3589 2360 catho-

2008 2386 2162 2443 licam
2194 2390 2424 2460 amplexi
2463 2400 2605 2457 sunt,
2646 2393 2804 2461 longe
2849 2397 3207 2464 praecessisse,
3242 2406 3448 2451 certum
3478 2405 3587 2452 est.

2007 2478 2066 2534 ln
2112 2482 2286 2538 indice
2335 2483 2681 2540 Collectionis
2728 2487 2926 2541 veteris
2973 2503 3239 2543 canonum
3284 2489 3591 2561 Hispaniae,

2009 2587 2168 2642 quem
2200 2575 2499 2644 Aguirrius,
2527 2585 2580 2631 et
2603 2576 2840 2631 Cennins
2863 2578 3162 2647 ediderunt,
3188 2579 3279 2634 lib.
3304 2596 3375 2643 tv,
3422 2582 3505 2634 tit.
3536 2582 3590 2647 .l,

2010 2661 2207 2716 diserte
2237 2665 2501 2732 allegatur
2532 2664 2725 2737 Regula
2755 2668 2881 2735 ﬁdei
2910 2667 3084 2721 habita
3114 2670 3165 2722 in
3196 2671 3413 2723 concilio
3443 2668 3594 2725 Tole-

2014 2761 2134 2807 tano
2188 2755 2378 2822 primo.
2428 2754 2482 2808 In
2533 2756 2633 2809 bac
2682 2755 2884 2825 Regula
2929 2757 3040 2826 jam
3080 2759 3147 2813 ab
3199 2760 3350 2813 initio
3395 2761 3588 2814 lectam

2010 2843 2173 2899 fuisse
2196 2846 2509 2915 particulam
2532 2844 2769 2918 Filioque
2795 2848 3030 2902 ostendit
3055 2848 3333 2904 Florrzius
3356 2859 3513 2905 tract.
3534 2849 3589 2915 6,

2012 2933 2220 2989 dissert.
2276 2935 2327 3003 1,
2374 2935 2523 3005 llisp.
2566 2953 2728 3004 sacr.,
2762 2948 2949 2993 contra
2989 2940 3279 2996 nonnullos
3314 2941 3402 3011 qui
3449 2942 3591 2997 nulla

2015 3024 2207 3079 idonea
2238 3026 2446 3081 ratione
2477 3026 2577 3083 hac
2608 3028 2657 3081 in
2690 3037 2843 3099 parte
2885 3029 3261 3100 interpolatam
3306 3029 3470 3087 fuisse
3500 3047 3589 3087 ar-

323 3125 463 3180 zata,
518 3116 821 3186 r'rceperunt
861 3116 1046 3183 ﬁdem,
1093 3124 1140 3168 et
1192 3114 1288 3184 fuit
1317 3130 1519 3167 necesse
1548 3116 1697 3183 plura
1739 3115 1790 3167 in
1820 3130 1911 3167 suo
1936 3105 1987 3167 C
2018 3114 2304 3173 bitrantur.

317 3210 429 3263 loco
458 3215 479 3275 Ι
495 3211 595 3272 eri,
624 3218 678 3262 ut
704 3209 795 3263 illa
823 3225 947 3281 gens
974 3225 1037 3261 ea:
1068 3208 1325 3280 frequenti
1356 3207 1699 3262 celebratione
1728 3209 1873 3261 conci
1884 3237 1907 3249 -

319 3302 505 3354 liorum
562 3300 872 3353 imbueretur
918 3299 971 3352 in
1018 3298 1141 3368 fide,
1190 3306 1239 3351 et
1286 3298 1393 3351 lucc
1434 3297 1657 3351 conc-ilia
1705 3298 1909 3367 fuerunt

315 3406 525 3460 magna
554 3389 898 3454 auctoritatis,
929 3388 985 3442 in
1015 3386 1195 3459 quibus
1215 3387 1386 3458 aliqua
1413 3387 1477 3440 de
1504 3387 1608 3456 [ide
1628 3387 1765 3439 dicta
1792 3395 1910 3440 sunt

319 3492 499 3536 contra
528 3480 793 3535 liwreticos
816 3496 834 3533 :
859 3488 907 3533 et
929 3477 1162 3533 Ecclesia
1182 3480 1419 3533 universa
1444 3476 1625 3531 Crtcca
1652 3485 1699 3530 et
1728 3475 1911 3530 Latiaa

319 3589 435 3626 cum
465 3589 659 3642 utagna
686 3571 1008 3625 veneratione
1037 3579 1337 3641 receperunt
1366 3568 1457 3622 illa
1489 3568 1742 3631 concilia,
1770 3577 1816 3621 et
1841 3567 1911 3621 ibi

325 3666 420 3734 fuit
447 3666 590 3734 facta
623 3664 801 3733 regula
829 3662 952 3732 ﬁdei
980 3662 1075 3715 ltoc
1115 3660 1266 3715 modo
1299 3676 1318 3714 :
1350 3658 1546 3731 Regula
1575 3659 1697 3726 [Idri
1736 3660 1913 3712 cat/to-

324 3757 438 3809 licte
462 3797 478 3821 ,
512 3771 667 3824 quam
706 3754 931 3823 episcOpi
971 3752 1424 3823 Cartltagiuenses,
1470 3761 1600 3805 elc.:
1647 3747 1913 3804 Credimus

324 3849 374 3903 in
407 3864 568 3901 unum
595 3864 768 3901 verum
800 3845 982 3912 Deum,
1014 3861 1045 3901 e
1070 3862 1120 3901 c.

399 3961 488 4015 11.
532 3960 787 4027 Qumdam
836 3959 941 4014 hoc
990 3959 1109 4013 loco
1142 3957 1612 4012 animadvertenda
1653 3965 1797 4011 sunt.
1841 3956 1914 4011 De

328 4069 557 4108 numero
604 4053 860 4108 librorum
907 4050 1367 4122 Etymrlogiarum
1419 4066 1524 4104 non
1580 4049 1913 4105 conveniunt

327 4144 468 4196 inter
511 4157 572 4197 se
612 4141 840 4197 Codices
883 4157 1037 4206 mss,
1086 4148 1143 4195 ut
1182 4140 1309 4195 alibi
1352 4155 1638 4209 exponam.
1678 4137 1916 4192 Joannes

328 4230 682 4287 Provincialis
710 4232 806 4303 (ita
835 4232 975 4286 enim
1002 4231 1052 4285 iu
1074 4230 1219 4285 Actis
1236 4231 1447 4285 concilii
1479 4231 1735 4300 appellari
1753 4227 1913 4299 solet)

332 4341 440 4380 χιιι
461 4325 631 4378 libros
660 4325 911 4393 agnovit,
958 4332 1013 4376 et
1078 4322 1195 4376 libri
1223 4337 1291 4375 xu
1317 4328 1477 4391 caput
1506 4320 1540 4374 ὅ
1569 4321 1768 4374 iudicat
1794 4333 1913 4374 cum

329 4416 517 4473 lsidori
570 4415 804 4483 allegat:
848 4414 1010 4468 Verba
1044 4420 1256 4468 exstent
1299 4413 1390 4467 lib.
1423 4427 1491 4465 vn
1520 4426 1642 4481 cap.
1673 4411 1726 4464 '5.
1760 4409 1913 4479 Apud

2460 3212 2618 3285 204
2668 3211 2897 3269 CAPUT
2944 3211 3154 3269 XXX".

2016 3318 2130 3377 Isid
2140 3324 2215 3378 z-ri
2228 3326 2515 3395 auctoritas
2539 3327 2678 3395 apud
2708 3327 3003 3381 collertores
3033 3343 3296 3380 sacrorum
3319 3344 3592 3382 canonum.

2087 3394 2326 3465 Gratiani
2375 3394 2597 3448 canones
2647 3413 2708 3449 ea:
2770 3396 2961 3450 Isidori
3018 3398 3254 3465 aperibus
3314 3414 3345 3449 α
3400 3396 3591 3452 Carolo

2086 3464 2396 3519 Sebastiano
2429 3465 2659 3520 Berardo
2689 3467 2928 3534 indicati,
2958 3477 3006 3520 et
3034 3464 3269 3522 correcti.

2088 3577 2138 3631 1.
2180 3579 2410 3632 Sanctus
2462 3578 2570 3632 Leo
2622 3577 2687 3631 IV
2738 3578 2972 3647 p-ntil‘vx
3033 3577 3308 3632 Romanus
3362 3577 3593 3643 censuit,

2014 3668 2381 3723 ecclesiastica
2407 3669 2641 3736 negotia,
2673 3683 2791 3736 qua!
2831 3683 2897 3722 ex
2921 3667 3271 3721 conciliorum
3295 3676 3386 3722 aut
3415 3668 3595 3737 ponti—

2018 3759 2174 3814 licunt
2206 3758 2570 3813 Romanorum
2598 3759 2830 3813 decretis
2861 3759 3061 3828 liquido
3086 3758 3316 3827 judicari
3348 3776 3453 3814 non
3478 3774 3598 3830 pos-

2013 3858 2157 3910 sunt,
2190 3849 2314 3916 quia
2364 3848 2571 3903 scilicet
2619 3849 2750 3903 nihil
2782 3858 2987 3904 eertum
3035 3858 3192 3904 antea
3225 3852 3303 3906 eis
3332 3852 3398 3905 de
3434 3852 3593 3905 rebus

2015 3940 2291 3995 delinitun
2342 3938 2535 4006 luerat,
2584 3956 2652 3994 ex
2692 3940 2849 3995 dictis
2868 3940 3224 4011 llieronytui,.
3270 3942 3594 4009 Augustini,

2017 4032 2228 4097 Isidori,
2280 4045 2334 4086 et
2375 4032 2630 4087 similium
2680 4031 2934 4086 Ecclesia:
2975 4031 3255 4086 doctorum
3286 4047 3401 4087 esse
3452 4031 3599 4086 deci-

2018 4123 2211 4177 denda.
2245 4120 2371 4191 Ejus
2400 4123 2565 4177 verba
2598 4137 2716 4192 c-ap.
2746 4121 2817 4176 ΞΕ)
2846 4122 3082 4177 exhibui.
3128 4120 3185 4176 lu
3214 4122 3395 4177 multis
3418 4122 3600 4176 conci-

2020 4213 2102 4268 liis
2149 4214 2334 4283 quanti
2386 4213 2638 4282 pandi-ris
2681 4212 2869 4267 lsidori
2913 4212 3207 4266 auctoritas
3250 4211 3427 4275 fuerit,
3471 4227 3596 4281 cap.

2020 4320 2203 4374 super.
2232 4305 2459 4368 ostendi,
2489 4304 2577 4358 ubi
2606 4304 2767 4358 etiam
2793 4303 2861 4357 de
2884 4303 3209 4359 collectione
3240 4302 3596 4357 Deerctalium

2021 4394 2261 4464 Gregorii
2295 4394 2385 4459 IX,
2416 4396 2467 4449 in
2497 4411 2601 4464 qua
2634 4394 2822 4449 lsidori
2857 4396 3013 4449 verba
3044 4410 3187 4465 szepe
3208 4398 3597 4465 producuntur,

331 4506 596 4561 Isidorum
626 4504 786 4575 paulo
817 4504 974 4557 aliter
1008 4503 1056 4557 id
1080 4502 1270 4571 legitur
1303 4519 1314 4554 :
1349 4511 1397 4554 et
1423 4500 1777 4565 procedentem
1796 4498 1909 4566 Spi-

2025 4486 2185 4538 verba
2235 4482 2357 4539 feci.
2416 4484 2567 4539 Nune
2608 4484 2677 4538 de
2726 4484 2788 4538 iis
2833 4484 3006 4538 dicam
3053 4484 3146 4552 qui
3199 4485 3602 4539 ecclesiasticos

334 4601 487 4652 ritum
518 4605 776 4660 sancttun,
804 4596 921 4664 quia
955 4592 998 4646 F
1004 4594 1119 4647 ilius
1146 4610 1210 4646 ex
1240 4608 1341 4646 uno
1381 4591 1629 4653 nascitur,
1660 4600 1709 4643 et
1744 4588 1917 4659 Spiri-

334 4701 412 4742 tus
438 4698 649 4743 sanctus
680 4704 745 4742 ea:
772 4696 984 4756 utroque
1009 4684 1234 4752 procedit
1266 4700 1283 4737 :
1323 4693 1370 4736 et
1396 4683 1509 4737 ideo
1540 4681 1665 4734 dicit
1694 4680 1919 4748 Aposto-

332 4779 450 4832 las:
486 4779 587 4841 Qui
621 4777 874 4845 Spiritum
900 4773 1112 4837 Christi,
1142 4781 1245 4828 etc.
1266 4771 1418 4839 Quod
1451 4780 1631 4824 autent
1668 4777 1789 4840 post
1818 4768 1916 4825 lsi—

334 4873 525 4924 dornm
559 4868 835 4937 Hispania,
862 4866 1086 4920 liceresin
1117 4863 1368 4917 Arianam
1399 4862 1673 4929 ahjuraSse
1698 4859 1917 4927 dicitur,

334 4960 529 5015 rationi
566 4968 866 5029 temporum
898 4972 959 5012 ac
989 4955 1198 5011 veritati
1227 4954 1385 5026 203
1415 4952 1687 5007 historica:
1714 4950 1764 5005 id
1810 4965 1917 5005 non

337 5050 615 5120 congruit;
646 5064 709 5104 ac
731 5047 1012 5117 legendum
1038 5056 1169 5117 puto
1191 5063 1281 5115 per
1308 5046 1459 5098 istaut
1485 5044 1789 5105 doctiorem,
1815 5055 1922 5095 non

338 5152 451 5213 post
480 5144 649 5212 ipsum
677 5140 958 5201 doctorem,
991 5137 1289 5208 prmsertim
1318 5136 1441 5204 quia
1474 5135 1587 5202 i,-se
1617 5132 1923 5187 Provincia-

340 5232 404 5286 lis
433 5232 688 5287 observat
717 5228 974 5283 lsidorum
1015 5236 1259 5295 tempore
1302 5224 1543 5293 Gregorii
1577 5223 1750 5291 Magni
1777 5266 1790 5286 ,
1832 5223 1921 5290 qui

340 5336 369 5375 a
399 5321 742 5390 Dialogorqu
797 5318 946 5373 libris
986 5317 1239 5387 Dialogus
1269 5316 1450 5371 vocari
1488 5314 1791 5380 consuevit,
1825 5310 1923 5366 llo-

342 5427 534 5468 ιἰιιςεε.

416 5522 503 5578 15.
540 5522 651 5579 llac
679 5523 842 5576 etiam
874 5523 939 5577 de
985 5534 1145 5576 causa
1176 5516 1533 5587 discrepantia
1582 5514 1827 5570 lectionis
1873 5513 1925 5567 in

345 5615 590 5682 margine
619 5612 918 5667 Labbeana:
948 5610 1279 5667 collectionis
1308 5608 1555 5671 indicata,
1584 5607 1784 5661 scilicet
1813 5621 1925 5657 cum

348 5722 465 5779 rege
512 5705 857 5762 Torismundo
914 5721 1010 5777 pro
1064 5721 1176 5758 cum
1227 5719 1342 5774 rege
1398 5699 1719 5760 Ret-carata,
1754 5696 1925 5767 rejici

2022 4591 2261 4629 canones
2300 4576 2351 4629 in
2381 4591 2540 4628 unum
2583 4574 2798 4644 aliquod
2822 4590 2935 4642 cor,
2958 4590 3017 4630 us
3048 4574 3256 4644 privato
3282 4576 3462 4629 studio
3489 4575 3603 4630 col-

2022 4668 2155 4735 lege:
2173 4677 2267 4721 ttat
2293 4680 2346 4722 et
2378 4667 2650 4735 productis
2671 4666 2857 4721 lsidori
2884 4666 3163 4719 sententiis
3188 4665 3300 4720 suis
3323 4666 3605 4722 collectio-

2022 4774 2119 4812 nes
2148 4758 2289 4811 illust
2323 4766 2501 4810 aunt.

2091 4868 2144 4920 9..
2177 4866 2556 4921 Collectiouem
2588 4882 2876 4932 canonum,
2912 4867 2963 4919 in
2993 4876 3197 4936 septem
3231 4867 3392 4921 libros
3420 4867 3604 4924 distri-

2023 4961 2232 5026 butum,
2262 4960 2458 5013 sa'culo
2490 4974 2563 5011 xu
2589 4960 2805 5011 ineunte
2834 4957 3159 5023 tonfectam,
3192 4957 3606 5011 exhihctCodex

2023 5052 2319 5106 Vaticanus
2377 5050 2534 5114 1346,
2603 5048 2669 5104 de
2722 5066 2830 5119 quo
2883 5058 3048 5119 agunt
3100 5050 3261 5103 etiam
3335 5047 3603 5101 llallerinii

2023 5153 2163 5216 part.
2218 5160 2286 5205 Iv.
2330 5158 2447 5212 cap.
2484 5141 2570 5197 18.
2606 5142 2672 5194 de
2703 5142 2873 5209 autiq.
2906 5157 3098 5196 canon.
3143 5140 3366 5195 Collt-rt.
3401 5137 3601 5190 Passim

2025 5241 2077 5294 in
2118 5240 2219 5293 hac
2264 5238 2580 5292 collectione
2627 5234 2813 5289 lsidori
2874 5236 3165 5288 auctoritas
3213 5235 3499 5296 allegatur,
3548 5238 3606 5285 et

2027 5342 2148 5398 pag.
2200 5326 2261 5380 l5
2299 5336 2430 5393 terg.
2462 5326 2737 5393 catalogus
2781 5325 3157 5379 lnereticorum
3188 5338 3253 5377 ex
3296 5319 3442 5373 libris
3473 5320 3599 5392 Ety-

2030 5420 2380 5487 mol-igiarutn
2412 5417 2599 5471 lsidori
2630 5418 2879 5471 sumitur.
2912 5414 3259 5470 CollectiOuis
3289 5412 3603 5479 (Iunonum,

2028 5526 2146 5579 qua:
2175 5517 2348 5562 exstat
2375 5507 2425 5561 in
2455 5507 2657 5562 Codice
2690 5508 3103 5560 tnemhrauacco
3132 5503 3183 5556 in
3216 5502 3307 5555 fol.
3342 5502 3603 5571 episcopii

2034 5600 2399 5664 l'istoricnsis,
2445 5601 2663 5660 titulus.
2697 5600 2809 5652 sive
2847 5606 3007 5664 caput
3040 5594 3136 5648 l83
3178 5612 3192 5646 :
3237 5595 3311 5649 De
3374 5610 3605 5648 resurre-

2032 5696 2196 5747 ctione
2214 5701 2543 5759 mortuorum,
2562 5701 2609 5744 et
2640 5692 2699 5742 de
2718 5689 2907 5761 gaudio
2938 5688 3203 5754 bonorum,
3232 5703 3291 5739 ac
3321 5702 3470 5754 ρανιια
3493 5700 3602 5737 ma-

3619 364 3629 416 l

3622 425 3629 467 ἱ
