4022 6198
437 336 529 394 191

1177 328 1268 383 AD
1306 327 1537 382 OPERA
1577 325 1637 382 S.
1681 321 1926 380 ISIDORI
1971 319 2406 377 illSPAl.l~lNSlS
2443 319 2982 377 PROLEGOMENA.

3609 318 3715 378 199

435 451 555 506 dist.
589 448 682 516 ιο,
713 461 822 516 non
871 443 1043 516 solum
1089 442 1226 516 inter
1248 456 1419 516 opera
1467 439 1656 495 lsidori
1686 438 2016 516 minime_re-
2047 439 2092 495 A
2122 435 2249 488 tima
2287 434 2625 516 baptismatis
2663 433 2854 516 fuisset
2903 434 3072 516 turma
3101 441 3338 516 servata,
3368 429 3714 516 can..24.t.de

434 507 681 585 νει-ηυνξ
706 515 800 570 sed
837 515 1038 585 -etiam_
1073 507 1457 585 ecclesiasticoo
1491 523 1817 585 quocunque
1869 507 2014 585 viro,

435 577 874 643 nedumlsidoro
898 621 914 643 .
971 581 1146 634 minus
1193 579 1409 648 dignum
1458 579 1689 648 videtur.
1719 577 1848 643 Quis
1877 577 2018 630 enim

438 660 669 728 probare
724 653 892 728 possit
927 665 1138 728 crassas
1185 647 1710 728 illassimilitudines
1736 660 2020 728 perperam

437 715 884 794 congestas'inter
913 721 1014 774 viri
1037 728 1090 772 et
1121 719 1360 794 mulieris
1389 717 1856 794 conjunctionpm,
1881 715 2022 769 unde

437 785 598 850 nonin
644 793 929 861 conjugum
977 804 1173 861 corpus
1200 788 1452 847 efﬁcitur,
1494 785 1672 861 atque
1700 785 2021 840 electionem

437 881 499 920 ne
528 857 988 918 consecr'atonem
1018 860 1419 928 episcoporum,
1451 857 1590 928 unde
1619 871 1758 928 unus
1770 861 2023 928 emergat

437 932 810 1002 episcOpatus?
849 930 984 996 Quid
1033 925 1291 1002 prteterea
1336 927 1567 996 ineptius
1594 925 1783 1002 subjici
1815 931 2021 1002 potest:

437 992 595 1072 quam
623 992 805 1056 dicere
835 992 898 1054 ea
927 992 1108 1052 omnia
1151 1013 1312 1072 unum
1359 992 1556 1072 corpus
1581 992 1800 1072 efficere
1822 1035 1848 1072 ,_
1879 992 2022 1072 quod

439 1062 599 1126 cilius
628 1080 1031 1140 corrumpatur,
1056 1075 1110 1120 et
1130 1067 1196 1120 al
1228 1076 1426 1140 terram
1454 1062 1728 1140 trahatur,
1753 1063 1850 1140 nisi
1881 1062 2026 1130 lcga-

440 1142 562 1194 liter
591 1131 865 1202 servetur;
889 1136 986 1206 nisi
1011 1137 1155 1206 juste
1193 1136 1420 1206 vivendo
1454 1135 1736 1206 laudetur?
1761 1131 1870 1206 Ego
1897 1140 2025 1206 puto

439 1219 718 1264 auctorem
748 1208 904 1277 hujus
937 1202 1218 1277 fragtttett_ti
1244 1205 1514 1260 studuisse
1543 1203 1739 1277 imitari
1771 1202 2028 1277 formulas

440 1279 458 1332 l
491 1279 626 1332 idori
657 1271 984 1339 Mercatoris,
1009 1271 1097 1344 qui
1127 1275 1191 1326 ad
1223 1289 1479 1330 nauseam
1511 1288 1680 1344 usque
1711 1273 1760 1326 in
1783 1271 2028 1344 epistotis

441 1365 468 1401 a
494 1364 552 1402 se
579 1345 822 1402 confictis
846 1341 1221 1400 similitudines
1245 1345 1366 1398 illas
1392 1343 1690 1412 corporalis
1717 1341 2030 1409 spiritualis—

443 1433 546 1487 que
575 1417 804 1487 conjugii
837 1415 1036 1487 pa-sim
1086 1414 1449 1487 persequitur,
1495 1412 1579 1487 _uti
1611 1412 1917 1487 exemplum
1933 1417 2031 1487 est

443 1480 708 1555 praecipue
741 1480 794 1538 iu
819 1480 1052 1555 catuli,
1084 1480 1232 1555 caus.
1277 1483 1336 1550 7,
1365 1498 1456 1550 qu.
1489 1483 1512 1534 1
1542 1495 1666 1555 ,_ex_
1700 1496 1804 1555 qua
1857 1480 2031 1555 imita-

443 1549 828 1610 tione'nomen
875 1553 1059 1606 lsidori
1101 1549 1338 1619 irrepere
1381 1549 1616 1619 potuerit
1655 1551 1706 1603 iu
1755 1549 2030 1619 lau'atum

443 1640 706 1680 canoncm
747 1623 798 1676 8.
835 1622 986 1688 Quod
1027 1622 1071 1676 si
1101 1621 1336 1675 lsilorus
1366 1618 1622 1690 Hispalen
1656 1621 1700 1673 is
1743 1618 2032 1690 aliquando

445 1695 814 1762 conjugiorum
844 1691 1247 1762 similitudinem
1289 1691 1356 1745 ad
1391 1689 1479 1762 res
1533 1705 1715 1744 sacras
1746 1689 2026 1762 protraxit,

445 1759 742 1828 elegantius
783 1763 834 1815 id
883 1763 1080 1816 iactum
1118 1760 1301 1824 video,
1341 1770 1398 1815 ut
1437 1761 1605 1828 liquet
1655 1776 1718 1813 ex
1758 1759 1850 1812 lib.
1901 1759 2032 1812 nde

2121 519 2271 559 cons.
2303 506 2429 558 dist.
2459 503 2510 556 4.
2543 503 2622 558 Ita
2650 503 2975 559 rescribendi
3019 520 3238 559 causam
3283 503 3512 556 Romani
3539 503 3713 559 antis-

2117 574 2248 642 tites
2277 589 2374 642 pro
2417 575 2541 627 data
2588 575 2876 628 occasione
2921 574 3312 628 exhauriebaut
3357 587 3429 627 ex
3467 581 3712 627 veterum

2095 641 2343 714 {atrum
2386 643 2666 714 Augustini
2711 651 2766 714 et
2807 643 2996 714 l—ilori
3055 644 3445 714 monumentis.
3498 642 3710 714 Etenim

2123 711 2452 780 Augu~tinus
2477 711 2676 781 passim
2720 712 2771 766 in
2803 713 2954 767 libris
2994 712 3106 767 suis
3135 711 3402 776 tradebat,
3437 713 3490 766 in
3519 711 3712 766 confe-

2123 783 2293 837 rendo
2317 783 2654 852 baptismatis
2673 791 3034 852 sacramento,
3063 782 3202 836 sicut
3227 797 3332 836 non
3363 782 3715 852 probitatem,

2125 851 2200 922 ita
2239 867 2416 921 neque
2447 851 2606 905 fidem
2649 851 3002 922 ministrantis
3041 851 3248 906 attendi
3277 851 3560 922 Oporrtere,
3591 867 3716 922 cum

2125 919 2462 990 baptismatis
2507 922 2676 976 virtus
2727 930 2839 974 tota
2894 919 3198 990 dependeat
3253 919 3328 976 ex'
3377 921 3719 990 institutione

2127 989 2386 1061 Christi,
2411 1006 2520 1046 non
2567 1005 2635 1045 ex
2687 992 2881 1061 merito
2930 989 3277 1061 cunferentis.
3317 991 3496 1061 Atque
3529 1001 3614 1061 ut
3649 989 3719 1044 de

2129 1061 2338 1115 Isidoro
2369 1060 2585 1130 loquar,
2634 1061 2748 1130 ipse
2795 1060 2846 1114 in
2895 1075 3014 1129 cap.
3047 1060 3116 1113 21
3147 1061 3240 1114 lib.
3273 1076 3309 1115 ιι
3339 1060 3716 1130 εἰθίθεοῐοείθε-

2131 1131 2252 1185 ticis
2280 1129 2482 1200 Olliciis
2511 1131 2586 1183 ita
2613 1129 2883 1186 scribebat
2913 1148 2926 1181 :
2963 1149 2980 1181 ι
3009 1131 3256 1200 Constat,
3291 1131 3554 1200 baptisma
3583 1129 3720 1183 solis

2129 1199 2502 1254 sacerdotibus
2525 1213 2646 1254 esse
2675 1201 2948 1262 traditum,
2980 1199 3238 1269 cujusque
3271 1199 3584 1269 mySterium
3617 1214 3720 1252 nec

2131 1270 2262 1338 ipsis
2289 1269 2607 1323 diaconibus
2631 1269 2853 1335 explere
2881 1278 2962 1323 est
2987 1269 3188 1324 licitum
3221 1271 3422 1338 absque
3445 1270 3719 1338 episcopis

2131 1339 2217 1394 vel
2259 1339 2619 1408 presbyteris,
2669 1340 2770 1394 nisi
2809 1339 2913 1393 illis
2953 1340 3140 1408 procul
3172 1340 3483 1394 absentibus
3529 1339 3720 1392 ultima

2133 1409 2406 1476 languoris
2435 1417 2592 1477 cogat
2621 1410 2950 1473 necessitas;
2999 1411 3142 1478 quod
3173 1418 3228 1463 et
3272 1409 3422 1464 laicis
3473 1408 3722 1464 fidelibus

2133 1479 2454 1547 plerumque
2485 1479 2827 1545 permittitur,
2875 1494 2944 1533 ne
2985 1479 3270 1546 quisquam
3313 1480 3431 1533 sine
3477 1478 3720 1533 remedio

2133 1547 2354 1602 salutari
2385 1547 2452 1602 de
2481 1547 2678 1602 saeculo
2707 1557 2984 1604 evocetur.
3020 1548 3268 1604 Hmretici
3319 1559 3516 1613 autem,
3565 1548 3608 1602 si
3640 1555 3721 1600 ta-

2135 1633 2258 1688 men
2281 1617 2335 1670 in
2359 1615 2635 1688 Patris,ret
2663 1617 2804 1684 Filii,
2827 1629 2883 1674 et
2910 1619 3141 1688 Spiritus
3171 1619 3339 1674 sancti
3369 1618 3719 1672 attestatione

2137 1687 2701 1759 docenturbaptisma
2717 1687 3038 1759 suscepisse,
3071 1690 3228 1759 237
3257 1705 3364 1742 non
3386 1689 3574 1759 iterum
3596 1697 3724 1759 sunt

2145 1756 2476 1827 baptizandi,
2499 1756 2593 1810 Sed
2623 1757 2741 1811 solo
2772 1756 3062 1812 chrismate
3075 1756 3154 1813 Et
3167 1756 3356 1814 manus
3381 1757 3724 1827 impositione

447 1815 644 1888 Dfliciis
665 1815 735 1886 c.‘
757 1831 844 1895 l9,
879 1832 968 1885 ubi
1001 1831 1116 1886 haec
1143 1815 1393 1898 leguntur
1418 1847 1432 1884 :
1471 1815 1506 1880 ι’
1527 1829 1682 1894 Quod
1708 1837 1890 1882 autem
1921 1843 2028 1881 nou
2067 1815 2111 1874 Β
2139 1815 2419 1898 purgandi.
2445 1815 2757 1898 Baptismus
2777 1828 2918 1882 enim
2943 1843 3048 1882 non
3076 1836 3160 1882 est
3187 1828 3416 1881 hnu‘tinis
3445 1815 3720 1888 riteritum,

449 1917 606 1966 unus,
640 1910 696 1957 et
735 1903 945 1967 multat,
990 1899 1086 1954 sed
1117 1916 1252 1954 unus
1293 1910 1346 1954 et
1383 1915 1488 1953 una
1529 1899 1866 1966 copulantur,
1919 1900 2030 1965 ipsa

469 1974 620 2025 trima
664 1971 916 2025 divinitus
959 1969 1097 2024 facta
1137 1969 1446 2036 conjunctio
1493 1970 1545 2022 in
1585 1969 1894 2036 exemplum
1928 1975 2030 2020 est.

497 2057 584 2093 am
610 2057 732 2094 cum
759 2039 1013 2094 Dominus
1039 2039 1309 2094 hominem
1339 2038 1636 2108 ligurasset,
1663 2037 1820 2108 eique
1849 2051 2032 2102 parem

449 2111 809 2164 necessariam
841 2109 1224 2178 prospexisset,
1269 2105 1430 2178 uuam
1462 2107 1528 2178 de
1569 2105 1734 2178 costis
1763 2105 1879 2178 ejus
1921 2121 2036 2158 mu-

451 2186 631 2232 tuatus
656 2221 670 2244 ,
729 2175 887 2232 uuam
935 2177 1010 2231 illi
1062 2177 1314 2232 feminam
1348 2177 1522 2244 tinxit,
1575 2176 1760 2245 sicque
1787 2175 1953 2228 Alam
1982 2183 2038 2229 et

451 2249 644 2302 mulier
671 2248 778 2302 Eva
807 2249 946 2302 inter
973 2263 1030 2302 se
1056 2247 1253 2316 nuptiis
1278 2246 1450 2315 juncti
1482 2248 1706 2316 formam
1731 2245 2037 2299 hominibus

451 2317 521 2372 de
549 2317 769 2385 originis
797 2315 1219 2372 auctoritate’et
1270 2317 1442 2385 prima
1477 2317 1568 2370 Dei
1604 2315 1877 2369 voluntate
1912 2330 2038 2368 san-

453 2397 670 2441 xerunt.
693 2387 822 2440 ltem
849 2386 1144 2455 secundum
1173 2385 1701 2455 spiritales,nuptias,
1732 2385 1870 2438 sicut
1904 2399 2038 2439 unus

454 2455 700 2511 Christus
735 2465 792 2509 et
818 2471 924 2509 una
955 2454 1210 2521 Ecclesia,
1243 2457 1314 2509 ita
1340 2463 1396 2508 et
1419 2471 1552 2510 unus
1581 2456 1662 2508 vir
1689 2462 1744 2508 et
1772 2469 1876 2508 una
1903 2471 2040 2509 uxor

455 2534 566 2578 tam
619 2526 912 2580 secundum
963 2526 1177 2593 generis
1215 2525 1620 2591 documentum,
1651 2539 1811 2592 quam
1847 2539 2038 2579 secun-

453 2593 580 2647 dum
607 2595 806 2649 Citriin
853 2603 1281 2664 sai-ramentum;
1321 2613 1340 2645 ι
1395 2593 1446 2648 in
1477 2595 1672 2664 quibus
1709 2595 1870 2664 236
1909 2609 2039 2664 sane

452 2665 630 2734 verbis
679 2665 847 2734 enitet
889 2661 1217 2734 ipsa_Pauti
1251 2661 1510 2734 apostoli
1532 2661 2040 2734 doctrin—a’fqualis

451 2731 684 2787 habetur
713 2733 764 2786 in
795 2731 923 2801 cap.
953 2749 983 2787 v
1013 2731 1269 2800 Epistolaa
1298 2733 1366 2788 ad
1395 2731 1676 2801 Ephesios.

521 2802 612 2856 44.
641 2803 720 2872 cu
744 2820 774 2853 ιι
805 2818 1016 2858 canone
1044 2801 1134 2868 59,
1166 2818 1314 2858 caus.
1339 2803 1391 2872 1,
1426 2819 1519 2872 qu.
1554 2819 1604 2870 ι,
1631 2802 1938 2872 iungendus
1959 2813 2042 2859 est

451 2885 630 2942 canon
685 2871 757 2926 25
810 2872 879 2942 de
927 2887 1103 2942 cons.,
1144 2873 1270 2927 dist.
1325 2871 1392 2938 4,
1433 2871 1912 2942 utrobique’enim
1941 2873 2040 2928 sub

450 2937 641 2996 lsidori
671 2941 891 2995 nomine
917 2941 1107 2996 eadem
1136 2937 1405 2996 sententia
1433 2937 1775 2998 describitur.
1811 2941 1925 2996 Non
1957 2951 2040 2998 est

451 3011 853 3080 consistendum
889 3012 939 3063 in
971 3009 1171 3080 Codice
1197 3011 1460 3077 Gratiani,
1489 3011 1582 3066 sed
1612 3012 1678 3064 ad
1709 3012 2040 3080 antiquiores

449 3079 814 3151 Collectores,
846 3095 983 3150 quos
1010 3079 1298 3151 Gratianus
1344 3082 1687 3150 sequebatur,
1741 3079 2038 3151 respicien-

449 3149 578 3220 dum
609 3158 710 3216 est,
743 3158 801 3220 ut
832 3149 882 3203 in
917 3150 1244 3220 monumenti
1276 3149 1556 3206 auctorem
1597 3149 1916 3220 iuquiratur.
1948 3151 2038 3208 lvo

451 3217 806 3290 Carnotensis
831 3220 892 3290 in
917 3229 1068 3286 parte
1097 3237 1114 3273 ι
1147 3219 1377 3286 Decreti,
1407 3237 1528 3290 cap.
1551 3217 1686 3286 294,
1708 3221 1890 3276 laudat
1910 3221 2040 3276 illud

447 3303 518 3360 et:
543 3287 919 3360 dictisjsidori
953 3290 1210 3360 episcopi,
1241 3305 1360 3360 qua:
1401 3287 1534 3360 sane
1580 3291 1858 3354 inscriptio
1907 3291 2041 3346 nihil

453 3359 600 3427 aliud
630 3358 830 3413 indicat
857 3358 1016 3427 quam
1040 3358 1294 3414 nonnulla
1317 3375 1386 3414 ex
1409 3359 1618 3416 Isidoro
1649 3361 1700 3414 in
1725 3361 1854 3414 illud
1881 3370 2043 3427 caput

453 3426 696 3499 deriv_ata
727 3426 1170 3499 fuisseLClarius
1197 3428 1452 3498 quiddam
1492 3439 1718 3499 apparet
1759 3430 1813 3482 in
1854 3426 2042 3498 codice

453 3510 553 3549 ms.
591 3495 890 3552 Panormia:
915 3497 1064 3569 Regii
1090 3495 1706 3569 [Rheomijnquo—pag.
1742 3500 1826 3564 11,
1853 3499 1960 3554 col.
1989 3495 2038 3564 1,

455 3576 807 3621 recensentur
835 3568 996 3622 verba
1043 3568 1268 3624 canonis
1314 3568 1384 3622 25
1433 3568 1633 3623 laudati
1665 3568 1785 3625 sub
1834 3569 2042 3624 hacin-

455 3635 748 3708 scriptione
774 3653 787 3688 :
810 3637 1134 3708 Augustinus
1174 3637 1243 3690 ad
1275 3637 1622 3693 Fortunatam
1655 3655 1721 3693 ea:
1749 3639 1901 3694 dictis
1931 3639 2040 3693 Isi-

457 3703 840 3776 doriepjsropi,
891 3703 1018 3760 item
1073 3707 1125 3760 in
1153 3709 1403 3776 margine
1447 3708 1553 3762 alio
1595 3709 1946 3764 charactere:
1975 3726 2040 3763 ea:

457 3771 835 3847 dictis’lsidori
862 3778 1128 3847 episcopi,
1148 3771 1468 3832 Hinc'lacile
1495 3779 1718 3847 colligo,
1761 3787 2040 3834 auctorem

457 3844 681 3916 canonis
707 3857 828 3898 eam
849 3844 1223 3916 composuisse
1267 3844 1811 3916 sententiam,qualis
1855 3863 2042 3903 recen-

459 3910 685 3987 tioribus
703 3910 1186 3987 saiculisobtiuuit,
1207 3917 1562 3987 eamdemque
1585 3910 1672 3972 i'ta'
1683 3919 2040 3986 compositam

459 3981 730 4056 veteribus
765 3981 1029 4056 _Patribus
1057 3984 1354 4056 Augustino
1378 3995 1450 4056 iet
1475 3981 1698 4041 'lsidoro
1753 3981 2036 4052 tribuisse,

456 4050 601 4123 quod
639 4051 782 4122 apud
813 4050 1168 4123 Augu~tiouni
1196 4063 1250 4110 et
1288 4055 1550 4109 lsidorum
1601 4057 1854 4109 nonnulla
1887 4050 2038 4112 inve?

455 4119 723 4192 nirentur,
767 4137 835 4192 ex
863 4119 1058 4191 quibus
1099 4139 1162 4178 ea
1209 4124 1486 4192 disciplina
1535 4123 1789 4179 Ecclesiae
1837 4125 2042 4180 stabili-

454 4197 624 4244 retur.
664 4190 819 4256 Quod
849 4190 907 4244 ut
933 4193 1131 4246 clarius
1159 4190 1481 4260 explicetur,
1511 4193 1902 4248 observandum
1931 4205 2035 4260 est,

456 4265 692 4329 veterem
723 4261 1147 4314 cintroversiam
1170 4300 1186 4327 ,
1237 4276 1357 4329 qua:
1394 4261 1482 4315 diu
1514 4262 1816 4317 Africanam
1848 4263 2039 4320 Eccle-

454 4326 874 4402 si_am_adversus
905 4326 1200 4402 Romanam
1230 4326 1522 4402 exagitavit
1557 4333 1890 4402 temporibus
1918 4334 2040 4389 Ste-

458 4397 618 4478 phani
653 4411 804 4478 papa:
849 4405 905 4451 ct
941 4397 1196 4478 Cypriani
1225 4397 1687 4478 Carthaginensis;
1715 4401 1877 4478 fuisse
1903 4404 2038 4460 deii-

456 4469 624 4540 nitam
651 4469 761 4534 jam
795 4469 1001 4540 saeculo
1020 4471 1202 4537 tertio,
1233 4469 1300 4524 de
1328 4470 1638 4540 recipiendo
1666 4472 2037 4528 haereticorum

457 4533 798 4610 baptismate,
830 4538 944 4610 sive
971 4538 1038 4610 de
1067 4553 1172 4610 non
1187 4533 1592 4610 rebaptizandis
1631 4541 1695 4596 iis
1719 4543 1812 4610 qui
1837 4545 1903 4597 ab
1933 4545 2040 4598 bze-
2067 4547 2118 4607 ι)
2146 4533 2428 4608 positionis
2467 4559 2725 4598 manuum
2786 4545 2894 4600 inte

457 4604 639 4660 reticis
680 4607 844 4662 semel
873 4608 976 4678 rite
1004 4609 1258 4678 baptizati
1287 4604 1531 4664 fuissent.
1573 4611 1708 4665 Num
1736 4604 1876 4668 ’νει-ο
1905 4621 1963 4667 et
1999 4615 2037 4668 ii

459 4682 711 4752 tanquam
741 4677 1138 4752 vere‘baptizati
1169 4679 1517 4752 haberentur,
1548 4683 1693 4750 quia
1723 4697 1829 4738 non
1859 4682 2038 4752 bapti-

459 4744 594 4797 zatis
623 4745 877 4866 baptizati
909 4744 1160 4828 fuissent,
1195 4748 1475 4829 perspicue
1503 4744 1742 4806 nondum
1783 4744 2036 4808 traditum

459 4811 655 4866 fuerat.
711 4813 823 4866 ltnc
851 4815 1177 4866 Aumtslmus
1203 4835 1257 4866 ιιι
1286 4833 1349 4866 ea
1381 4819 1676 4866 (lineatione
1704 4837 1762 4866 se
1791 4822 2036 4866 dubium.

459 4811 655 4888 fuerat.
677 4811 823 4888 ltinc
851 4815 1177 4884 Augustinus
1197 4811 1257 4872 in
1286 4811 1350 4872 ea
1381 4819 1676 4888 qutestione
1704 4837 1762 4875 se
1791 4822 2036 4876 dubitan-

457 4887 580 4962 tem.
603 4882 866 4952 exhibuit,
915 4882 1312 4962 quanquatn__in
1353 4882 1474 4942 eam
1503 4891 1680 4962 potius
1708 4894 2034 4962 sententiam

457 4951 760 5016 inclinaret,
789 4969 894 5023 qua
924 4951 1127 5028 diceret
1155 4957 1391 5028 validum
1405 5027 1410 5028 ί
1430 4951 1558 5028 esse
1591 4961 1934 5028 baptismum,
1977 4969 2037 5015 ut

459 5029 682 5102 apparet
709 5037 776 5076 ex
804 5039 923 5077 cau.
960 5025 1028 5102 5t
1055 5025 1332 5102 de_cons.,
1364 5027 1503 5102 dist._
1533 5027 1601 5102 41
1623 5025 2036 5102 Recentiorihus

458 5090 686 5166 sacculis,
721 5104 878 5158 prout
907 5109 992 5147 res
1017 5095 1298 5166 incideret,
1321 5090 1690 5166 'singularibus
1721 5100 2034 5166 pontificum

460 5161 817 5237 maximorum
865 5161 1803 5237 rescriptis,_definiri'controversia
1851 5171 2033 5237 erepit.

460 5227 848 5306 llinclegimus
889 5232 939 5285 in
975 5227 1066 5287 lib.
1093 5249 1124 5287 v
1148 5227 1533 5306 Capitularium
1553 5274 1569 5298 ,
1609 5238 1784 5306 capite
1813 5237 1846 5292 6
1875 5257 1886 5292 :
1923 5227 1950 5290 ι’
1977 5239 2032 5294 Si

458 5299 579 5366 quis
607 5299 1025 5422 baptizatusest
1053 5317 1080 5354 a
1121 5299 1437 5384 presbytero
1479 5321 1586 5360 non
1631 5299 1934 5377 baptizato,
1982 5317 2036 5362 et

459 5379 644 5422 sancta
719 5379 902 5422 rtnltas
927 5387 978 5422 ιιι
1009 5387 1124 5422 mso
1155 5374 1421 5422 banllsmo
1449 5375 1692 5422 invocata
1722 5379 1833 5422 l'niL
1866 5379 2036 5422 Imnli—

459 5379 644 5423 sancta
671 5373 902 5446 Trinitas
927 5373 978 5446 i_u
1009 5373 1124 5446 ipso
1155 5373 1421 5446 baptismo
1445 5373 1836 5446 invocata'l'uit,
1865 5379 2038 5446 bapti—

457 5447 609 5492 zatus
629 5449 731 5514 est.
761 5441 900 5514 sicut
927 5440 1145 5514 sergius
1166 5440 1312 5514 papa
1349 5444 1502 5514 dixit,
1535 5440 1880 5514 ltnpositione
1905 5440 2032 5503 vero

459 5519 651 5583 t_nanus
691 5510 905 5583 indiget.
952 5510 1258 5583 Gregorius
1287 5513 1570 5583 episcopus
1619 5510 1894 5572 Romanus
1919 5561 1933 5583 ,
1978 5527 2036 5572 et

459 5571 646 5642 Joannt
666 5593 692 5631 s
735 5571 1162 5636 Savcellarius'sic
1190 5571 1495 5638 senserunt:
1529 5601 1548 5636 ι
1592 5585 1723 5640 Item
1752 5589 1849 5641 sub
1873 5571 2033 5642 Nico;

462 5641 593 5721 laul
623 5644 829 5715 Bulgari
875 5651 926 5703 in
970 5651 1157 5706 eadem
1209 5655 1573 5708 controversia
1610 5641 1909 5710 Romanum
1933 5641 2028 5710 au-

465 5719 684 5791 ti-titctu
717 5721 1125 5791 eonsulucrunt,
1149 5723 1517 5790 rescriptoque
1536 5723 1831 5791 deﬁnitum,
1857 5727 2038 5780 valere

463 5778 782 5847 baptisnnuu
813 5788 970 5842 etiam
995 5805 1023 5842 a
1055 5778 1159 5844 non
1191 5778 1464 5857 baptizato
1487 5792 1760 5860 collatum,
1791 5778 2034 5866 ubilegi:

2069 3185 2116 3248 C

2139 1895 2238 1966 sed
2260 1895 2499 1951 Christi:
2533 1896 2763 1966 ideoque
2813 1897 2942 1951 nihil
2975 1898 3197 1952 interest
3249 1898 3534 1952 luereticus
3557 1912 3628 1950 an
3659 1899 3723 1947 Ii-

2138 1965 2274 2020 delis
2301 1967 2558 2032 baptizet.
2589 1964 2746 2032 Quod
2773 1976 3169 2022 sacramentum
3203 1975 3309 2020 tam
3341 1975 3585 2021 sanctum
3617 1975 3724 2034 est,

2138 2042 2201 2106 ut
2229 2050 2328 2106 nec
2351 2035 2632 2106 homicida
2669 2036 3010 2091 ministrante
3065 2037 3353 2106 polluatur.
3405 2035 3718 2104 liabetqui-

2139 2105 2260 2176 dem
2310 2105 2593 2176 hierelicus
2623 2105 2946 2175 baptismum
2988 2105 3224 2176 Christi;
3273 2107 3366 2162 sed
3407 2108 3532 2176 quia
3568 2113 3724 2160 extra

2139 2173 2402 2245 unitatem
2436 2174 2556 2229 fidei
2585 2173 2851 2241 est,‘nihil
2877 2177 2928 2231 ei
2957 2175 3196 2245 prodest.
3231 2177 3298 2230 At
3339 2173 3725 2244 ubi‘ingressus

2139 2241 2321 2314 fuerit,
2349 2245 2531 2314 statim
2563 2245 2849 2314 baptisma,
2878 2241 3020 2314 quod
3061 2246 3324 2301 habuerat
3349 2247 3478 2300 foris
3497 2241 3563 2300 ad
3589 2260 3714 2312 per-

2141 2313 2354 2384 niciem,
2385 2313 2570 2384 incipit
2599 2313 2672 2367 illi
2723 2313 2841 2382 jam
2867 2313 3124 2384 prodesse
3178 2318 3247 2369 ad
3277 2317 3524 2370 salutem.
3570 2315 3726 2380 Quoi

2141 2382 2288 2454 enim
2329 2383 2544 2454 accipit,
2575 2385 2849 2453 approbo,
2871 2382 2880 2384 “
2904 2386 3000 2440 sed
3039 2386 3166 2454 quia
3197 2385 3324 2440 foris
3349 2385 3574 2454 accipit,
3617 2385 3722 2438 itu-

2141 2453 2334 2520 probo.
2363 2452 2498 2506 Dum
2526 2452 2704 2508 autem
2727 2455 2956 2519 venerit,
2989 2452 3094 2510 non
3126 2463 3384 2518 mutatur,
3409 2452 3504 2510 sed
3531 2469 3740 2522 agnos-

2141 2521 2283 2576 citur
2311 2539 2325 2575 :
2356 2522 2638 2596 character
2671 2531 2754 2578 est
2781 2525 2925 2596 enim
2954 2526 3095 2594 regis
3125 2527 3228 2579 mei
3259 2521 3586 2596 baptismus,
3617 2539 3728 2577 non

2141 2605 2294 2664 error
2339 2593 2665 2664 sacrilegus;
2728 2595 2941 2664 corrigo
2994 2593 3366 2661 desertorem,
3421 2609 3526 2649 non
3577 2601 3726 2664 muto

2141 2661 2531 2739 characterem.
2571 2663 2813 2739 ultaque
2865 2661 3144 2739 sententia:
3185 2666 3400 2720 Patrum
3445 2662 3726 2739 Augustini

2143 2739 2198 2804 et
2224 2729 2414 2804 lsidori
2441 2729 2740 2804 perspicuae
2765 2743 2920 2788 erant
2940 2735 2992 2788 in
3018 2751 3078 2789 ea
3111 2751 3176 2803 pa
3210 2743 3262 2790 te
3282 2751 3386 2804 qua
3417 2729 3726 2788 tradebatur

2143 2800 2408 2869 baptisma
2458 2800 2712 2857 collatum
2769 2805 2839 2858 ab
2881 2800 3150 2861 haereticis
3207 2800 3416 2870 valere;
3476 2807 3526 2857 in
3558 2805 3728 2856 altera

2144 2881 2323 2924 autem
2351 2879 2524 2939 parte,
2555 2887 2660 2942 qua
2689 2874 2855 2941 (μιαιιί
2885 2884 3088 2942 posset,
3143 2891 3209 2928 an
3245 2875 3573 2944 baptizatum
3607 2887 3728 2944 esse

2144 2949 2421 3014 oporteret
2440 2944 2540 3014 qui
2569 2941 2902 3014 baptizaret,
2951 2944 3126 2998 dubia:
3155 2941 3552 3014 quodammodo
3582 2941 3734 3014 vide-

2145 3007 2370 3075 bantur;
2405 3007 2490 3064 ubi
2521 3007 2664 3065 enim
2695 3007 2980 3066 tradebant
3011 3014 3107 3079 illi,
3161 3007 3269 3068 non
3318 3014 3519 3068 attendi
3561 3012 3730 3065 meri-

2147 3086 2257 3132 tum
2287 3079 2634 3148 baptizantis,
2675 3081 2771 3136 sed
2803 3097 2961 3136 unam
3003 3081 3200 3138 Christi
3245 3083 3570 3138 sacramenti
3602 3095 3726 3134 auc-

2147 3149 2294 3219 toris,
2320 3149 2710 3204 institutionem
2732 3192 2748 3218 ,
2782 3153 3046 3219 generalis
3089 3153 3305 3207 traditio
3335 3154 3616 3206 videbatur
3663 3151 3728 3204 ad

2146 3232 2254 3290 non
2285 3218 2585 3290 baptizatos
2631 3218 2800 3290 facile
2825 3221 3168 3290 produci-uda
3195 3239 3208 3282 ;
3253 3230 3309 3275 at
3339 3223 3428 3276 ubi
3460 3223 3527 3274 de
3559 3221 3734 3274 haere-

2143 3287 2266 3341 ticis
2293 3302 2357 3342 ac
2393 3288 2619 3360 proinde
2644 3289 2711 3344 de
2746 3287 3033 3360 baptizatis
3063 3291 3367 3345 hominibus
3396 3290 3732 3360 pnecipuum

2141 3370 2449 3427 sermonem
2507 3359 2780 3414 habebant
2799 3359 2833 3424 ,ί
2866 3361 3104 3416 coerceri
3147 3359 3431 3415 videbatur
3457 3360 3730 3427 generalis

2143 3425 2233 3479 illa
2262 3424 2505 3499 definitio
2533 3429 2602 3482 ad
2629 3443 2723 3484 eos
2748 3438 2956 3484 tantum
2987 3431 3077 3499 qui
3101 3429 3211 3498 jam
3241 3424 3498 3499 baptizati
3527 3443 3721 3497 propo.

2143 3505 2421 3570 uerentur.
2471 3498 2643 3570 Dubia
2698 3513 2851 3555 mens
2897 3498 3112 3555 Patrum
3142 3498 3397 3570 explicari
3423 3499 3731 3570 debuithper

2141 3567 2428 3652 pontifices
2457 3569 2756 3650 maximos,
2798 3570 2939 3652 inter
2966 3585 3102 3652 quos
3130 3567 3440 3651 nominatus
3478 3575 3562 3652 est
3599 3567 3732 3648 _Ser-

2142 3633 2346 3716 ἔλυε-ει
2371 3633 2720 3716 GregoriusL
2734 3633 3002 3716 nominari
3031 3651 3211 3695 autem
3251 3639 3414 3694 etiam
3459 3637 3730 3716 potuissrt

2143 3703 2396 3761 Nicolaus
2417 3705 2445 3759 .l
2463 3703 2653 3774 ,vunde
2681 3709 3012 3764 Collectores
3041 3725 3330 3774 canonum,
3379 3719 3435 3762 ut
3461 3703 3575 3763 rem
3603 3707 3728 3760 uni-

2141 3789 2356 3848 versam
2387 3780 2573 3848 paucis
2625 3778 3078 3848 perstringerent,
3129 3785 3560 3848 exposuerunl.,_
3584 3777 3730 3830 aliul

2141 3843 2282 3900 forte
2309 3843 2426 3901 erui
2456 3843 2705 3916 posse'ex
2731 3843 3026 3916 Augustino
3050 3859 3104 3904 et
3130 3843 3372 3914 Isidoro;
3405 3847 3496 3902 sed
3527 3845 3724 3899 Roma-

2143 3930 2334 3968 norum
2389 3918 2690 3971 antistitqu
2756 3918 3126 3973 detinitioucm
3173 3920 3422 3974 omnibus
3479 3926 3723 3970 veterum

2141 3984 2905 4060 dubitationibus__pr.ev.derr.
2943 3987 3022 4060 Eu
3053 3989 3238 4060 paucis
3263 3989 3583 4060 explicatam
3617 3987 3726 4060 latt-

2141 4052 2250 4106 dati
2279 4055 2503 4109 canonis
2533 4054 2602 4110 59
2621 4058 2961 4116 sententiam.
2997 4052 3234 4124 in'cujus
3264 4052 3419 4112 initio
3459 4055 3724 4109 dubitatio

2142 4125 2561 4196 proponebatur,
2593 4126 2769 4194 qualis
2797 4143 2864 4179 ex
2904 4127 3090 4180 lsidori
3122 4139 3216 4182 aut
3255 4125 3532 4196 Augustini
3562 4125 3722 4179 dictis

2141 4194 2483 4267 emergebat;
2515 4195 2568 4249 iu
2589 4196 2743 4262 cujus
2761 4196 3087 4267 deindeline
3109 4197 3318 4267 prodita
3347 4194 3433 4250 est
3456 4199 3724 4267 sententia

2141 4263 2452 4330 pontificum
2503 4267 2880 4319 maximorum.
2936 4263 3200 4321 Nonnulla
3231 4265 3426 4333 adjicio
3460 4265 3526 4318 ad
3555 4265 3724 4319 inter-

2141 4333 2500 4405 pretationem
2543 4334 2748 4405 laudati
2788 4335 2982 4403 capitis
3023 4337 3055 4389 6
3087 4337 3205 4391 libri
3240 4353 3272 4390 v
3297 4334 3682 4405 Capitularium
3705 4374 3721 4398 ,

2143 4401 2230 4478 ubi
2257 4401 2482 4478 dicitur,
2539 4401 2926 4478 baptizatum—ha
2957 4408 3273 4478 presbytero
3319 4401 3425 4460 non
3454 4404 3725 4478 baptiaato

2139 4472 2467 4552 intporitiane
2513 4489 2758 4528 mortuum
2788 4472 3048 4598 indigere;
3079 4472 3162 4530 vél
3190 4475 3332 4530 enim
3373 4474 3590 4528 nomine
3619 4475 3722 4527 im-

2146 4543 2428 4598 Dostttonis
2467 4559 2725 4598 manuum
2786 4545 2894 4598 inte
2921 4546 3100 4598 ligitur
3145 4543 3416 4598 itnoositio
3466 4559 3720 4598 manuum

2921 4546 3100 4615 ligitur
3145 4543 3416 4615 itnpositio
3466 4559 3720 4598 manuum

2141 4613 2546 4684 cwremonialis,
2579 4623 2635 4668 et
2661 4629 2781 4668 eam
2811 4613 2990 4669 lacere
3013 4615 3137 4684 jure
3181 4613 3286 4668 non
3331 4623 3546 4684 ραις-τίη
3565 4627 3722 4682 pres-

2143 4681 2297 4749 byter
2339 4697 2444 4736 non
2477 4685 2813 4754 baptizatus;
2845 4684 2930 4738 vel
2959 4681 3271 4754 intelligitur
3301 4681 3583 4754 impositio’
3606 4697 3723 4736 ma-

2143 4765 2304 4822 nuum
2335 4755 2401 4822 att
2422 4753 2678 4822 episcopo
2707 4752 2946 4808 facienda
2981 4755 3032 4809 in
3060 4752 3401 4822 sacramento
3430 4753 3725 4808 confirma-

2140 4821 2321 4894 tionis.
2352 4817 2638 4890 Ftngamus
2665 4821 2807 4875 enim
2837 4839 2964 4878 vero
3004 4826 3088 4892 agi
3133 4817 3200 4878 de
3247 4825 3565 4894 presbytero
3612 4837 3722 4876 non

2139 4890 2432 4958 baptizata,
2464 4894 2554 4960 qui
2587 4907 2690 4961 una
2732 4901 2786 4945 et
2834 4890 3629 4961 sacramentumbaptiSmatis,
3665 4899 3724 4945 et

2137 4959 2529 5032 sacramentum
2559 4959 2981 5016 confirmationis
3000 4963 3152 5032 juxta
3177 4959 3474 5031 aliquarum
3507 4961 3724 5032 provin-

2137 5029 2339 5082 ciarum
2370 5045 2403 5082 v
2439 5041 2606 5085 terem
2637 5046 2840 5085 morem
2869 5029 3183 5088 contulisset
3213 5075 3226 5096 ,
3266 5029 3351 5086 nti
3401 5034 3450 5086 in
3485 5029 3610 5092 can,
3667 5031 3720 5095 1,

2137 5099 2261 5151 dist.
2296 5097 2365 5152 95
2413 5109 2467 5154 et
2512 5101 2565 5152 in
2616 5115 2737 5169 cap.
2788 5101 2822 5154 ἆ
2861 5102 2928 5156 de
2965 5102 3356 5157 consuetudine
3389 5120 3401 5155 :
3439 5102 3564 5156 licet
3607 5116 3720 5155 non

2137 5179 2277 5222 esset
2316 5169 2615 5238 iterandum
2641 5170 2974 5238 baptismatis
3019 5181 3451 5236 sacramentum,
3503 5179 3722 5226 cratta-

2140 5253 2276 5309 men
2311 5237 2612 5294 iterandum
2649 5237 3046 5295 sacramentum
3079 5241 3504 5296 confirmationis
3525 5283 3540 5304 ,
3573 5240 3720 5309 quod

2139 5307 2335 5376 passim
2388 5309 2528 5378 apud
2574 5319 2782 5364 vetere;
2817 5314 3034 5366 nomine
3061 5311 3415 5377 impositionis
3462 5307 3718 5364 manuum

2140 5377 2460 5446 appellatur.
2504 5379 2675 5433 Aliter
2701 5379 2989 5436 dicendum
3034 5389 3116 5434 est
3163 5381 3231 5435 de
3276 5396 3468 5435 manus
3491 5380 3718 5448 impo-i-

2136 5447 2300 5520 tione.
2332 5463 2452 5502 cum
2481 5463 2586 5518 qua
2616 5449 2734 5520 loco
2777 5466 2935 5520 supra
2989 5450 3206 5504 laudato
3259 5449 3496 5504 Isidorus
3539 5447 3722 5504 aiebat

2135 5518 2470 5585 recipiendos
2500 5517 2635 5572 esse
2705 5517 3003 5588 baptizatos
3066 5521 3133 5573 ab
3167 5520 3468 5586 haereticis;
3517 5520 3718 5574 etenim

2137 5602 2326 5660 manus
2355 5590 2444 5660 illa
2471 5588 2741 5660 impositio
2763 5599 2881 5643 erat
2909 5590 3359 5656 reconciliatoria,
3384 5607 3487 5660 qua
3509 5591 3722 5660 sciliret

2137 5656 2371 5712 haeretici
2401 5659 2466 5712 ad
2499 5657 2794 5713 Ecclesium
2826 5667 3158 5714 revertentes
3203 5656 3538 5714 reconciliari
3568 5657 3718 5712 sule-

2138 5727 2287 5780 haut.
2321 5726 2473 5792 Quod
2500 5743 2628 5782 vero
2673 5728 2726 5781 in
2773 5728 2967 5784 eodem
2997 5743 3209 5783 canone
3247 5729 3463 5796 legitur,
3493 5729 3708 5798 presby-

2141 5805 2312 5852 terum
2341 5815 2445 5853 no.t
2478 5799 2802 5868 baptizatum
2855 5798 3231 5869 baptizandum
3269 5813 3418 5867 csse,
3469 5798 3566 5854 sed
3605 5814 3716 5856 non
