4030 6186
269 243 364 297 I97

261 355 449 429 transit
477 353 712 408 Isidorus
738 355 788 408 in
815 356 1079 424 capitibus
1107 357 1554 425 subsequentibus
1587 357 1657 412 ad
1679 360 1852 429 expli—

259 425 815 496 candagcopnatorum
848 436 1273 496 agitatorumqne
1303 429 1540 493 nomina,
1563 444 1699 496 quos
1737 425 1849 484 col-

261 494 509 547 laterales
529 494 894 562 appellamus,
921 496 988 548 ibi
1019 513 1031 547 ε
1057 515 1073 546 ι
1104 495 1319 550 Fratres
1340 498 1467 550 dicti
1490 513 1556 550 eo
1577 494 1718 564 quod
1747 499 1854 552 sint

257 580 320 616 ex
349 565 541 616 eodem
564 563 757 628 fructu,
787 565 836 616 id
855 573 940 618 est
961 581 1026 618 ex
1053 565 1238 618 eodem
1262 567 1465 620 semine
1489 563 1667 621 nati...
1686 567 1854 622 Soror

255 643 460 693 autem,
483 641 536 684 ιιι
555 633 735 696 frater,
763 650 884 686 nam
901 651 1055 687 soror
1071 644 1151 688 est
1171 651 1238 688 ex
1255 635 1442 688 eodem
1461 638 1666 690 semine
1685 637 1848 700 dicta,

256 702 400 770 quod
433 702 544 756 Sola
569 718 688 754 cum
723 704 980 756 fratribus
1003 704 1054 756 in
1077 713 1224 757 sorte
1245 706 1548 770 agnationis
1569 707 1846 760 habeatur.

256 771 501 842 Fratrum
537 770 627 842 filii
660 773 928 838 patrueles
956 772 1118 833 dicti,
1169 788 1236 827 eo
1263 773 1408 842 quod
1456 784 1634 842 patres
1663 789 1848 829 εοιιιιιι

253 840 497 906 germani
547 841 739 894 fratres
781 842 920 894 inter
963 857 1021 894 se
1071 842 1304 895 fuerunt.
1358 840 1676 897 Consobrini
1715 861 1846 897 vero

253 911 466 971 vocati,
500 909 590 978 qui
635 919 726 961 aut
755 926 822 963 ex
859 926 1046 964 sorore
1076 921 1130 964 et
1171 911 1335 964 fratre
1357 951 1373 974 ,
1423 921 1516 964 aut
1546 930 1610 966 ex
1642 913 1850 967 dualms

253 979 535 1034 sororibus
563 987 688 1032 sunt
705 980 1000 1048 nati,quasi
1029 981 1383 1034 consororini.
1413 980 1717 1034 Fratruelts
1748 998 1846 1035 au-

255 1059 362 1099 tem
388 1057 688 1100 matertera:
715 1047 804 1101 lilii
829 1047 953 1101 sunt
986 1067 998 1101 :
1028 1049 1228 1102 stibrini
1259 1051 1704 1104 consobrinorum
1731 1051 1843 1104 lili'.

254 1113 904 1188 Tiu~rGrmt-nmhnomen
951 1128 1050 1170 est.
1087 1117 1314 1188 Patruus
1343 1118 1509 1172 frater
1555 1120 1720 1188 patris
1765 1135 1795 1173 e
1829 1131 1848 1173 t

253 1187 406 1254 quasi
433 1197 584 1254 pater
636 1186 802 1251 alius,
843 1190 998 1258 funde
1053 1187 1358 1258 decedente
1393 1186 1844 1258 patre‘pupillnm

251 1257 404 1326 prior
447 1263 671 1326 patruus
715 1257 937 1326 suscipit
961 1297 975 1319 ,
1007 1266 1063 1310 et
1107 1257 1260 1326 quasi
1290 1255 1456 1311 lilium
1491 1255 1609 1326 lege
1639 1267 1840 1312 tuetur.

251 1325 564 1379 Avunculus
585 1332 669 1378 est
692 1327 878 1379 matris
901 1325 1088 1391 frater,
1107 1326 1261 1394 cujus
1290 1341 1485 1379 nomen
1519 1325 1743 1380 ferinam
1771 1328 1846 1380 di-

252 1395 496 1446 ιιιιιιιιιινι
520 1395 721 1448 habere
743 1394 969 1457 videtur,
1011 1397 1133 1464 quia
1151 1397 1218 1448 ab
1243 1412 1344 1450 avo
1367 1397 1553 1450 venire
1577 1407 1845 1450 monstra-

251 1474 361 1516 tur.
382 1464 480 1516 Am
505 1472 555 1515 ta
571 1472 655 1516 est
671 1479 829 1518 soror
850 1465 1034 1532 patris,
1049 1465 1200 1532 quasi
1224 1465 1326 1518 alia
1345 1473 1535 1519 mater.
1554 1465 1842 1520 Matertera

248 1533 410 1604 243
462 1542 546 1587 εει
589 1548 749 1587 soror
803 1535 1214 1604 matris,quasi
1271 1535 1438 1588 altera
1496 1545 1685 1588 mater.
1734 1535 1838 1589 So-

247 1603 343 1657 cer
411 1610 494 1657 est
568 1604 661 1669 qui
739 1604 900 1656 filiam
945 1603 1109 1672 dedit.
1155 1603 1332 1658 Gener
1386 1611 1470 1659 est
1522 1605 1613 1672 qui
1680 1605 1840 1658 tiliam

245 1673 438 1736 duxit,
485 1685 648 1739 gener
712 1683 891 1742 autrm
952 1671 1150 1726 ἀίιὶιιιιο
1216 1673 1356 1742 quod
1429 1671 1720 1728 asciseatur
1771 1675 1836 1726 al

245 1743 554 1804 augendum
602 1754 787 1808 genus.
848 1741 1016 1796 Socer
1067 1741 1267 1809 autem,
1309 1751 1362 1794 et
1408 1758 1628 1807 SOt‘l‘US,
1694 1744 1836 1810 quod

244 1825 532 1878 generum,
568 1812 647 1864 vel
669 1827 863 1865 nurum
895 1812 994 1865 sibi
1018 1813 1320 1866 associavit.
1354 1811 1586 1866 Vitricus
1631 1823 1831 1871 autem.

243 1882 335 1949 qui
368 1895 592 1934 uxorem
623 1896 689 1933 ex
718 1881 766 1934 aI
790 1898 823 1936 ο
851 1881 966 1934 viro
991 1881 1177 1943 lilium,
1201 1889 1293 1934 aut
1343 1881 1502 1936 liliain
1548 1881 1835 1936 habentem

243 1950 684 2020 duxit,etdi_ctus
713 1951 936 2005 vitricus
960 1951 1116 2020 quasi
1140 1951 1474 2015 novitrieius,
1493 1952 1633 2016 quod
1660 1967 1688 2004 a
1722 1968 1836 2004 ma-

245 2029 328 2073 tre
377 2018 770 2087 superducatur
827 2018 1015 2074 ιιονιιε.
1045 2019 1323 2086 Privignus
1378 2029 1480 2082 est,
1505 2020 1592 2088 qui
1637 2035 1701 2074 ex
1730 2022 1835 2075 alio

245 2099 402 2154 patre
431 2097 591 2142 natus
612 2097 714 2152 est,
739 2098 794 2143 et
815 2090 1088 2158 privignus
1115 2092 1216 2142 diri
1251 2098 1492 2158 putatur,
1531 2090 1685 2156 quasi
1723 2093 1834 2156 pri-

244 2159 490 2225 vigenua,
521 2158 647 2225 quia
696 2161 843 2226 prius
891 2161 1122 2228 genitus,
1155 2158 1294 2212 unde
1322 2168 1376 2213 et
1405 2159 1568 2228 vulgo
1593 2168 1713 2212 ante
1737 2175 1836 2212 na-

241 2239 343 2279 tus.
387 2228 659 2282 Vocabula
683 2238 861 2282 autem
894 2227 922 2280 ἐι
947 2239 1107 2297 gente
1130 2231 1240 2283 hmo
1276 2229 1519 2281 videntur
1540 2227 1833 2295 declinata,

240 2298 475 2364 genitor,
531 2298 783 2363 genirix,
809 2301 1007 2366 agnati,
1031 2309 1260 2366 aguntur,
1295 2297 1527 2365 cognati,
1567 2309 1831 2365 cognatm,

240 2368 642 2436 progenito'es,
702 2369 1110 2436 progenitrices,
1161 2369 1426 2435 germani,
1481 2382 1768 2434 germanae.
1807 2386 1826 2418 ι

241 2437 373 2490 νυει
401 2437 514 2490 lucc
543 2437 594 2489 in
622 2437 885 2506 al.quibus
905 2438 1320 2507 exemplaribus,
1355 2439 1430 2490 uti
1450 2437 1696 2507 supr-rius
1719 2436 1831 2507 jam

236 2509 562 2560 adnotatum
593 2517 697 2573 est,
733 2508 979 2575 leguntur
1008 2505 1168 2562 verba
1198 2507 1421 2560 canonis
1457 2505 1528 2575 fl,
1557 2520 1703 2558 caus.
1737 2505 1826 2569 3:5,

235 2590 334 2642 qu.
367 2575 419 2638 Δ,
449 2591 512 2646 ac
538 2575 768 2644 denique
791 2574 849 2630 in
879 2594 1000 2646 cap.
1021 2577 1053 2629 7
1085 2574 1677 2646 ιιχμριιιὶίιιιιιὴιείιιγοιυιιε
1721 2582 1832 2628 cta-

235 2663 355 2698 rius
384 2645 628 2699 iudicans
652 2645 1048 2700 ascendentium
1102 2655 1157 2700 et
1188 2645 1650 2700 descendentium
1707 2657 1831 2711 gra-

231 2718 359 2779 dus,
391 2716 406 2769 i
435 2730 518 2768 em
549 2716 958 2780 collateralium,
991 2717 1139 2770 idest
1160 2723 1488 2784 patruorum,
1521 2712 1826 2776 amitarum,

230 2785 632 2838 avunculotum
663 2795 717 2838 et
741 2795 1173 2850 inaterti-rarum,
1204 2785 1287 2838 his
1313 2784 1490 2838 verbis
1516 2799 1528 2834 :
1569 2801 1587 2833 ι
1625 2784 1829 2836 Aucor

232 2855 346 2908 mei
377 2855 608 2922 generis,
641 2864 792 2922 pater
825 2857 951 2910 mihi
983 2864 1084 2920 est,
1109 2870 1209 2924 ego
1260 2854 1332 2907 illi
1389 2854 1546 2924 filius,
1579 2862 1670 2905 aut
1695 2851 1825 2906 lilia.

232 2925 418 3002 Patris
472 2925 574 3002 inci
630 2933 802 3002 pater,
831 2926 957 2979 mihi
989 2922 1248 3002 avusest,
1277 2938 1376 2991 ego
1409 2922 1480 2976 illi
1525 2936 1712 3002 nepos,
1737 2931 1829 3002 aut

230 2996 440 3064 neptis.
472 2993 644 3048 Patris
674 2995 776 3048 mei
822 3011 974 3058 avus,
1009 2996 1134 3064 mihi
1192 3009 1422 3059 proavus
1465 3000 1566 3054 est,
1599 3005 1700 3058 ego
1751 2993 1826 3064 illi

231 3062 535 3132 pronepos,
569 3073 662 3116 aut
714 3067 1010 3130 proneptis.
1062 3063 1234 3118 Patris
1277 3064 1382 3116 mei
1409 3077 1662 3132 proavus,
1694 3062 1823 3115 mihi

227 3130 442 3188 abavus
463 3142 562 3196 est,
591 3147 691 3200 ego
724 3135 794 3188 illi
827 3137 1086 3204 abnepos,
1106 3144 1198 3187 aut
1226 3130 1489 3202 abneptis.
1525 3130 1695 3184 Patris
1717 3134 1823 3185 tnei

227 3206 470 3271 abavus,
512 3204 638 3256 mihi
688 3211 876 3261 atavos
932 3215 1033 3268 est,
1066 3218 1166 3270 ego
1197 3204 1272 3256 illi
1326 3204 1567 3271 adnepos
1606 3208 1695 3255 aut
1727 3204 1824 3271 apl-

227 3274 435 3342 neptis.
454 3270 624 3326 PatrLs
655 3273 756 3326 mei
781 3284 967 3327 atavos
993 3275 1120 3328 mihi
1153 3275 1377 3328 tritavos
1399 3270 1501 3336 est,
1521 3285 1622 3340 ego
1639 3272 1712 3324 illi
1727 3270 1816 3322 tri-

226 3356 432 3412 nepos,
465 3350 560 3395 aut
602 3342 864 3412 trineptis.
900 3343 1198 3398 Patrtsmet
1237 3342 1422 3412 frater,
1452 3342 1579 3412 mihi
1604 3353 1827 3412 patruus

225 3409 358 3470 est.
420 3425 522 3479 ego
586 3412 661 3464 illi
709 3409 886 3466 fratri‘
939 3415 1112 3479 lilius,
1165 3424 1257 3466 aut
1308 3411 1432 3464 ﬁlia.
1486 3409 1664 3464 Patrui
1719 3411 1822 3462 mei

225 3492 428 3551 pater.
484 3480 635 3551 “mihi
702 3492 852 3548 pater
902 3497 1123 3551 magnus
1202 3489 1320 3545 εει,
1391 3494 1510 3551 ego
1585 3480 1659 3531 illi

223 3549 420 3606 fratris
477 3549 658 3612 filius,
709 3560 802 3601 aut
883 3549 1010 3603 lilia.
1061 3549 1240 3604 Patrui
1299 3549 1404 3604 mei
1465 3563 1640 3613 avus,
1691 3549 1822 3603 mihi

223 3627 570 3690 prnpatruus
611 3627 714 3690 est,
763 3632 863 3686 ego
913 3620 986 3674 illi
1029 3619 1139 3685 lilii,
1189 3618 1443 3690 autrlilia}
1495 3631 1683 3686 nepos,
1732 3626 1826 3672 act

226 3685 458 3762 inepti§._
490 3685 692 3762 ΡιιιινιιίΔ
727 3685 830 3743 mei
891 3704 1154 3762 proavus,
1188 3688 1319 3762 mihi
1371 3685 1666 3762 adpatruus
1715 3696 1819 3762 est,

224 3753 328 3828 ego
378 3758 461 3812 illi
510 3758 763 3826 nepotis,
804 3753 906 3812 aut'
952 3753 1148 3829 neptis?
1187 3753 1503 3829 Iilius,ﬂant
1550 3753 1822 3829 θηρευθ-

227 3825 324 3885 tris
357 3842 498 3882 mea:
517 3825 697 3894 soror,
722 3829 849 3882 mihi
880 3825 1043 3883 amita
1087 3838 1189 3895 est,
1222 3842 1322 3896 ego
1354 3828 1428 3881 illi
1458 3826 1638 3881 fratris
1663 3825 1820 3891 Illius,

224 3909 323 3954 aut
351 3897 486 3951 lilia:
515 3895 702 3950 Amitae
750 3912 882 3952 mea:
935 3909 1124 3961 mater,
1150 3895 1277 3952 mihi
1307 3900 1470 3951 amita
1501 3910 1688 3964 magna
1715 3905 1819 3962 est,

222 3983 330 4037 ego
367 3966 445 4020 illi
471 3964 591 4020 filim
619 3968 800 4022 fratris
821 3965 982 4028 filius.
1006 3979 1094 4022 aut
1114 3968 1239 4022 lilia.
1273 3969 1466 4022 Amitae
1517 3983 1650 4019 meae
1675 3966 1818 4037 avia,

225 4035 361 4091 mihi
400 4039 666 4102 proamita
692 4046 794 4101 est,
839 4053 939 4106 ego
983 4037 1058 4090 illi
1113 4039 1287 4106 neptis
1347 4037 1507 4099 filius,
1551 4045 1644 4089 aut
1689 4035 1817 4088 filia.

225 4107 430 4160 Amitae
480 4121 612 4160 mea:
652 4109 896 4175 proavia,
942 4107 1069 4160 mihi
1133 4107 1366 4160 aliamita
1416 4115 1534 4170 e-t,
1601 4119 1703 4173 ego
1747 4107 1819 4160 illi

225 4177 414 4245 neptis
464 4189 651 4244 nepos,
695 4183 788 4229 aut
841 4178 1036 4244 neptis.
1071 4175 1254 4232 Matris
1308 4191 1441 4231 mete
1470 4176 1660 4245 frater,
1690 4175 1820 4229 mihi

225 4243 548 4298 avunculus
561 4254 666 4311 est,
688 4259 789 4314 ego
812 4245 884 4300 illi
916 4243 1127 4300 sororis
1155 4246 1314 4311 Illius,
1341 4257 1434 4300 aut
1481 4243 1608 4298 filia.
1639 4245 1819 4298 Avun-

227 4316 336 4368 (ιιιῐί
360 4315 467 4367 ιιιεί
491 4323 660 4384 pater,
701 4315 828 4368 mihi
859 4317 1155 4384 avunculus
1179 4331 1404 4384 magnus
1454 4325 1558 4380 est,
1589 4330 1691 4384 ego
1743 4315 1816 4368 illi

229 4384 322 4437 lilii
382 4385 588 4438 sororis
629 4382 801 4448 filius,
853 4395 946 4438 aut
1011 4383 1138 4438 lilia.
1192 4382 1454 4439 Avunculi
1505 4382 1816 4448 mei'avns,

226 4454 366 4522 mihi
427 4457 824 4521 proavuneulus
875 4465 978 4518 est,
1011 4467 1073 4522 eg

228 4519 356 4592 ptis.
384 4519 651 4577 Avunculi
693 4523 796 4575 mei
851 4519 1082 4593 proavus
1125 4519 1668 4593 mihiiabavuneulus
1715 4531 1816 4582 et.

226 4609 333 4662 ego
386 4593 460 4645 illi
518 4593 693 4662 neptis
740 4592 896 4656 filius,
921 4601 1013 4646 aut
1058 4593 1186 4646 tilia.
1245 4592 1428 4662 Matris
1495 4607 1628 4645 mem
1665 4606 1822 4662 soror

228 4660 364 4715 niihi
407 4660 696 4716 matertera
744 4672 845 4725 est,
871 4676 970 4730 ego
1023 4662 1098 4716 illi
1137 4663 1342 4723 sororis
1380 4660 1537 4725 Iilius,
1570 4668 1664 4712 aut
1692 4661 1818 4713 lilia.

227 4732 541 4786 Matertera:
594 4747 726 4785 mea:
777 4748 951 4796 soror,
999 4733 1128 4786 mihi
1157 4740 1446 4785 matertera
1497 4745 1686 4797 magna
1715 4737 1818 4793 est,

226 4814 334 4868 ego
387 4802 461 4855 illi
511 4802 713 4856 sororis
739 4817 925 4871 nepos,
954 4810 1046 4855 ant
1077 4804 1270 4868 neptis.
1297 4799 1443 4854 Avia
1488 4815 1620 4852 mea:
1638 4815 1818 4871 soror,

230 4871 365 4923 mihi
395 4874 753 4940 abmatertera
793 4869 894 4932 est,
933 4885 1033 4939 ego
1063 4871 1135 4924 illi
1167 4885 1435 4940 pronepos
1478 4869 1697 4928 sororis.
1730 4878 1822 4922 aut

230 4941 534 5008 preneptis.
572 4939 809 4994 Proavim
839 4958 968 4994 mem
1021 4939 1199 5004 soror,
1245 4939 1372 4992 milii
1422 4947 1815 5010 promatertera

229 5018 348 5070 est,
415 5024 514 5077 ego
565 5009 640 5063 illi
694 5011 872 5080 neptis
928 5011 1066 5065 Iilius
1114 5021 1208 5064 aut
1239 5011 1367 5063 lilia.
1405 5030 1424 5061 ι

306 5154 394 5209 5i.
432 5154 782 5214 Utilissimam
830 5176 1051 5230 operam
1100 5160 1395 5216 Berardum
1423 5163 1475 5216 in
1517 5162 1826 5217 Gratianeis

227 5247 534 5303 canonibus
553 5249 796 5317 genuinis
817 5253 883 5304 ab
900 5252 1223 5322 apocryphis
1263 5252 1650 5317 discernendis,
1702 5268 1826 5308 cor-

230 5339 407 5405 ruptis
453 5338 522 5393 ad
565 5341 989 5396 emendatiorum
1043 5343 1301 5398 Codicum
1332 5343 1491 5398 fidenti
1521 5343 1825 5412 exigendis,

229 5427 623 5484 difﬁcilioribus
677 5433 1124 5502 interpretatione
1173 5435 1520 5501 illustrandis,
1561 5435 1825 5505 posuisse,

229 5520 368 5574 satis
421 5523 638 5591 opinor,
671 5524 752 5578 vel
780 5541 847 5578 ex
876 5526 976 5580 hoe
1005 5525 1297 5595 specimine
1317 5526 1384 5580 de
1409 5525 1614 5582 Isidoro
1641 5537 1828 5582 nostro

229 5619 468 5665 constat.
501 5610 625 5679 Ejus
656 5623 832 5668 tamen
851 5613 1110 5683 judicium
1139 5619 1207 5670 de
1237 5617 1488 5685 legitimis
1510 5617 1824 5685 quibusdam

233 5693 422 5754 Isidori
447 5701 704 5770 operibus
727 5703 904 5758 minus
933 5705 1124 5774 probo.
1157 5705 1358 5762 Vellem
1405 5706 1568 5763 etiam
1587 5723 1826 5764 canones

1301 245 1706 304 ISIIlOIlIANA.
1741 277 1806 290 --
1841 251 2014 309 PARS
2054 255 2094 312 Ι.
2134 258 2290 316 CAP.
2332 260 2569 320 XXXIII.

3449 277 3548 332 I98

1885 371 1926 426 Α
1959 366 2280 425 Isidorianos
2301 372 2366 425 ad
2397 371 2685 428 editionem
2719 375 2898 443 po'ius
2934 375 3260 434 Grialianam
3289 396 3448 451 quam
3479 386 3546 440 ad

1959 453 2291 512 Breul’ianam
2335 459 2497 530 264
2537 463 2822 529 exegisset.
2852 465 2958 519 Sed
3000 468 3293 523 editionem
3335 469 3548 538 Grialii,

1957 555 2014 599 ut
2055 547 2285 612 videtur,
2310 550 2376 603 ad
2429 567 2620 607 manus
2661 569 2768 607 non
2811 556 3016 622 habuit,
3051 574 3228 628 neque
3270 576 3400 618 mss.
3439 564 3547 620 alia

1953 638 2282 706 exemplaria
2314 639 2548 709 inspexit
2577 644 2771 712 quibus
2789 645 2970 712 juvari
2995 658 3194 716 posset.

2485 751 2714 808 CAPUT
2773 753 3007 811 XXXIII.

1954 835 2150 892 Isidori
2198 840 2377 894 laudes
2437 857 2502 894 eas
2543 843 2850 966 quibuljdalm
2895 848 3148 904 veteribus
3210 852 3544 922 scriptoribus

2623 929 2682 966 co
2724 931 2780 966 ec
2804 931 2868 966 ω.

2623 929 2868 969 εοιιεειω.

2021 998 2071 1052 ι.
2095 997 2238 1054 Satis
2258 1001 2472 1068 quidem
2495 1003 2660 1057 multa
2677 1005 2788 1072 jam
2815 1006 2975 1060 allata
3005 1017 3151 1075 sunt,
3174 1026 3241 1065 ex
3257 1013 3449 1082 quibus
3479 1015 3544 1070 li-

1948 1089 2111 1154 quido
2134 1089 2310 1157 colligi
2337 1092 2506 1158 possit
2534 1091 2837 1150 doctrinam
2863 1096 3049 1152 Isidori
3110 1115 3304 1169 magno
3333 1104 3384 1157 in
3418 1122 3537 1174 pre-
3583 1086 3585 1088 π

1949 1176 2023 1229 tio
2054 1177 2122 1230 ab
2149 1180 2384 1247 antiquis
2409 1181 2764 1250 scriptoribus
2795 1186 3031 1241 habitam
3063 1189 3247 1245 fuisse.
3281 1193 3537 1258 Qum-dam

1949 1274 2124 1322 tamen
2173 1269 2369 1325 addere
2410 1273 2636 1341 juvabit,
2673 1285 2731 1329 ut
2760 1277 3106 1347 intelligatur,
3139 1279 3400 1336 [siderum
3432 1299 3539 1338 non

1943 1359 2118 1411 solum
2167 1361 2234 1414 ab
2281 1360 2348 1416 iis
2391 1361 2668 1417 laudatum
2712 1367 2897 1435 luisse,
2920 1369 3008 1437 qui
3039 1370 3164 1424 data
3195 1386 3359 1441 opera
3386 1382 3538 1440 gesta

1943 1448 2059 1514 ejus
2079 1461 2447 1519 expouerunt
2475 1463 2570 1506 aut
2596 1455 2830 1523 elogium
2887 1458 3238 1523 adornarunt,
3267 1469 3325 1514 ut
3373 1459 3568 1534 Braug

1944 1536 2036 1602 lio,
2098 1539 2408 1605 lldefonsus,
2437 1541 2784 1614 Redemptus,
2823 1548 3063 1602 historici
3118 1551 3373 1620 anonymi
3421 1551 3538 1620 ejus

1947 1626 2095 1692 Vitae,
2121 1637 2212 1682 aut
2240 1632 2606 1686 trans'ationis
2627 1635 2890 1702 corporis,
2926 1637 3182 1692 Martinus
3232 1638 3532 1708 Legionen-

1874 1727 1914 1782 υ
1941 1719 2014 1772 sis
2063 1720 2115 1772 in
2159 1721 2498 1775 sermonibus
2537 1723 2604 1776 de
2652 1722 2890 1791 ejusdem
2946 1729 3322 1795 translatione,
3344 1740 3399 1784 et
3420 1731 3537 1799 alii,

1943 1811 2037 1864 sed
2068 1814 2228 1865 etiam
2268 1812 2336 1866 ah
2367 1813 2448 1866 his
2477 1814 2592 1883 qui,
2637 1815 2777 1870 aliud
2827 1827 3067 1883 agentes,
3097 1827 3190 1873 aut
3242 1821 3294 1874 in
3342 1820 3535 1876 Isidori

1944 1899 2127 1954 laudes
2175 1913 2565 1970 excurrerunt,
2614 1911 2695 1981 et-
2721 1905 2787 1960 ad
2835 1905 3204 1963 confirmanda
3263 1911 3535 1980 religionis

1943 2002 2139 2046 nostra:
2160 1993 2411 2062 dogmata
2439 2004 2494 2049 et
2525 1996 2793 2062 instituta,
2820 1998 2901 2051 vel
2927 1998 2994 2052 ad
3016 2001 3315 2069 omnigena:
3340 2003 3526 2056 erudi-

1943 2082 2101 2136 tionis
2130 2083 2341 2152 copiam
2363 2083 2550 2139 Isidori
2571 2090 2897 2142 auctoritate
2926 2087 3006 2142 usi
3029 2089 3379 2158 supt.Neque
3401 2105 3534 2145 vero

1940 2173 2098 2227 anxie
2118 2173 2391 2242 qumrendi
2415 2174 2543 2227 mihi
2571 2186 2693 2230 sunt
2718 2176 3335 2248 istiusmodiseriptores
3364 2196 3377 2232 :
3411 2181 3536 2250 quis

1938 2265 2082 2317 enim
2109 2263 2316 2330 modus,
2331 2273 2425 2318 aut
2446 2265 2564 2319 linis
2597 2266 2908 2320 huiclabori
2939 2278 2993 2322 et
3021 2269 3198 2324 studio
3223 2281 3364 2324 esset
3385 2271 3532 2335 ?,sed

1938 2355 2225 2410 nonnullos
2246 2358 2577 2426 tantum,qui
2600 2372 2720 2412 sese
2741 2359 2868 2412 mihi
2887 2357 3041 2414 facile
3063 2359 3533 2434 obtulerunt,pro-

1935 2443 2161 2509 ducam;
2195 2444 2375 2512 plures
2398 2446 2448 2498 in
2477 2445 2617 2499 notis
2641 2445 2707 2498 ad
2738 2446 2849 2515 ipsa
2879 2461 3066 2514 Opera,
3089 2463 3210 2502 cum
3240 2465 3360 2505 sese
3384 2453 3532 2506 dab‘t

1935 2533 2152 2587 occasio
2175 2571 2191 2598 ,
2233 2533 2520 2598 revocabo,
2553 2541 2646 2586 aut
2675 2532 2850 2588 denuo
2893 2535 2946 2588 in
2975 2535 3206 2590 medium
3236 2537 3529 2606 proferam.

2002 2619 2057 2674 2.
2082 2619 2280 2690 Joseph
2311 2619 2612 2690 Rodriguez
2633 2622 2700 2676 de
2728 2623 2940 2688 Castro,
2961 2631 3090 2677 tom.
3117 2623 3160 2677 ll
3186 2625 3321 2680 Bibl.
3350 2625 3528 2697 Hisp.,

1935 2723 2058 2776 pag.
2090 2707 2218 2774 293,
2287 2718 2450 2778 caput
2503 2710 2570 2763 de
2617 2709 2674 2764 8.
2731 2709 2937 2764 Isidoro
2989 2711 3060 2765 ita
3091 2714 3416 2769 exorditur:
3453 2715 3531 2768 De

1933 2799 1998 2850 δ.
2051 2796 2260 2852 Isidoro
2316 2801 2501 2867 (verba
2523 2798 2639 2866 ejus
2660 2798 2893 2868 Hispana
2925 2802 3110 2855 Latine
3141 2803 3330 2873 reddo)
3357 2804 3522 2858 altera

1936 2886 2170 2954 Dauiele,
2201 2897 2255 2939 ttt
2285 2887 2346 2941 S.
2380 2887 2658 2959 Gregorius
2680 2888 2906 2960 Magnus
2937 2890 3117 2956 sensit,
3152 2891 3362 2945 doctore
3392 2892 3514 2946 llis-

1931 2977 2230 3046 paniarum,
2261 2983 2314 3027 ut
2344 2974 2404 3030 S.
2452 2975 2682 3040 Braulio,
2711 2985 2761 3029 et
2789 2977 3206 3048 archiepiscopus
3225 2979 3356 3048 (imo
3385 2981 3521 3046 cpis-

1851 3102 1894 3160 ς
1929 3066 2108 3133 caput)
2138 3062 2208 3116 Ι).
2263 3063 2432 3117 Lucas
2486 3063 2758 3129 Tudenais,
2789 3066 2999 3134 speculo
3052 3068 3410 3136 episcoporum
3475 3078 3524 3122 et

1930 3156 2274 3222 sacerdotum,
2303 3167 2358 3210 ut
2403 3157 2467 3212 S.
2499 3156 2820 3229 Ildefonsus,
2873 3162 3091 3230 praelato
3147 3163 3523 3232 episcoporum,

1929 3257 1978 3301 et
2006 3250 2236 3319 principe
2265 3249 2609 3310 sacerdotum,
2642 3261 2697 3303 ut
2720 3250 2779 3306 S.
2815 3251 3082 3306 Martinus
3131 3253 3524 3324 (Legionensis,

1932 3339 2188 3408 utpote),
2212 3339 2446 3410 apostolo
2479 3338 2763 3405 Christi,ut
2805 3343 3222 3415 archiepiscopus
3275 3344 3523 3416 Compos-

1931 3428 2153 3483 tellanus
2204 3429 2275 3484 D.
2324 3431 2512 3485 Petrus
2545 3431 2822 3501 judicavit,
2865 3443 2970 3487 etc.
3022 3434 3339 3500 Dolendum,
3373 3438 3518 3506 quod

1929 3519 2315 3591 Rodriguezius
2367 3523 2484 3578 loca
2538 3539 2647 3578 non
2676 3525 2874 3579 indicet
2899 3540 2966 3579 ex
2993 3526 3523 3594 quibus-praeclaras

1927 3614 2024 3668 has
2045 3612 2233 3668 Isidori
2256 3614 2441 3669 laudes
2472 3615 2830 3685 deprompsit.
2877 3616 2984 3670 Sed
3013 3615 3100 3671 illa
3127 3613 3374 3684 Gregorii
3405 3616 3520 3670 Ma-

1926 3706 2036 3776 gni,
2062 3704 2363 3760 Braulionis
2418 3714 2473 3761 et
2502 3706 2753 3761 Ildefonsi
2794 3707 2955 3763 verba
2994 3722 3062 3761 ex
3082 3710 3426 3780 apocryphis,
3457 3720 3518 3764 ut

1925 3799 2139 3869 opinor,
2167 3798 2314 3853 libris
2343 3798 2538 3852 hausit.
2564 3799 3016 3870 Archiepiscopus
3061 3801 3150 3855 ille
3178 3799 3518 3872 Cempostel-

1927 3889 2081 3942 Ianus
2108 3903 2204 3960 per
2237 3902 2324 3942 me
2352 3885 2724 3942 fueritPctrus
2755 3887 3030 3956 Monsoro,
3063 3891 3196 3954 sive,
3223 3900 3280 3943 ut
3310 3892 3401 3944 alii
3424 3907 3519 3944 vo-

1926 3988 2072 4046 cant,
2128 3980 2457 4044 Mausoncio,
2507 3979 2598 4048 qui
2637 3994 2667 4033 a
2719 3980 2988 4035 nonnullis
3038 3979 3240 4035 saeculo
3279 3996 3313 4033 ι
3350 3982 3517 4034 ascri-

1923 4072 2104 4138 bitur,
2157 4073 2226 4127 ab
2266 4072 2386 4127 aliis
2439 4071 2634 4126 saeculo
2686 4087 2793 4136 xu,
2849 4071 2917 4126 de
2971 4087 3080 4140 quo
3127 4070 3298 4124 videri
3335 4079 3519 4140 potest

1924 4165 2043 4222 Nic.
2083 4166 2368 4219 Antonius.
2397 4163 2501 4218 Sel
2548 4179 2669 4217 eum
2717 4165 2830 4234 ipse
2853 4163 3240 4232 Rodriguezius
3295 4177 3349 4231 p.
3381 4160 3512 4226 487,

1921 4258 2234 4323 contendat,
2269 4256 2472 4311 nullum
2528 4253 2747 4309 Petrum
2802 4254 3075 4320 Monsoro,
3104 4256 3220 4308 sive
3268 4251 3517 4308 Monson«

1924 4349 2066 4402 cium
2087 4347 2399 4416 episc0pum
2430 4345 2590 4416 245
2621 4345 3116 4414 Compostellanum
3163 4343 3304 4400 inter
3323 4340 3517 4412 Ηίειιτιε

1077 4433 1137 4508 δ’
1165 4433 1817 4520 ίιίῖίῖιῖἶῇξράξξξιυῖἢεί
1857 4451 2024 4531 Dnos
2063 4435 2356 4503 scriptores
2407 4435 2586 4488 locum
2630 4442 2815 4488 tenere
2871 4448 3049 4503 posse,
3078 4449 3264 4487 rursus
3311 4433 3514 4494 hatreo,

1928 4533 2092 4591 atque
2119 4524 2258 4578 scire
2287 4538 2420 4576 aveo
2442 4538 2603 4590 quem
2624 4523 2851 4577 Petrum
2869 4523 3335 4592 archiepiscopum
3364 4523 3516 4577 Com-

1928 4614 2290 4684 postellannm
2323 4613 2509 4668 Isidori
2539 4613 2873 4668 laudatorem
2900 4613 3274 4681 appellaverit.

2001 4707 2055 4761 5.
2079 4705 2138 4760 8.
2165 4704 2409 4759 Valerius
2468 4705 2635 4758 abbas
2691 4703 3005 4757 monasterii
3053 4701 3366 4769 Montensis,
3391 4705 3515 4758 scri-

1927 4803 2052 4866 ptor
2079 4793 2213 4848 Vita:
2265 4793 2323 4847 S.
2354 4791 2662 4858 Fructuosi,
2687 4790 2926 4860 episcopi
2979 4789 3386 4856 Bracharensis,
3425 4807 3516 4846 ste-

1929 4888 2052 4942 culo
2105 4902 2176 4940 vn
2229 4892 2487 4951 exeunte,
2517 4882 2576 4937 S.
2632 4883 2896 4937 Isidorum
2951 4898 3073 4937 eum
3105 4883 3404 4939 Fructuose
3432 4883 3542 4938 bis

1924 4980 2100 5033 verbis
2127 4985 2441 5047 comparat:
2479 4975 2761 5043 Postquam
2801 4977 3043 5045 antiquas
3064 4974 3245 5027 mundi
3277 4973 3512 5027 tenebras

1925 5083 2164 5137 supernae
2181 5069 2406 5122 veritatis
2449 5085 2582 5122 nova
2637 5067 2913 5121 irrodiooit
2960 5067 3268 5133 claritas,“
3317 5085 3350 5118 α
3394 5068 3514 5117 sedc

1931 5157 2168 5212 Romana
2191 5160 2359 5226 prima
2382 5167 2579 5214 sancta:
2598 5156 2851 5212 Ecclesiae
2891 5156 3160 5222 cathedra,
3190 5155 3314 5225 ﬁdei
3335 5153 3507 5206 catho-

1931 5251 2046 5304 licae
2083 5250 2382 5322 dogmatum
2425 5251 2698 5321 fulgurans
2743 5249 3338 5311 rutilaretintmensitas,
3361 5254 3512 5314 atque

1929 5359 1997 5396 ex
2021 5339 2274 5412 Egypto,
2299 5343 2540 5396 orientali
2567 5344 2854 5412 provincia,
2879 5341 3310 5395 excellentissima
3348 5349 3513 5388 sacrm

1928 5435 2190 5505 religionis
2210 5435 2571 5502 prwmicarent
2595 5435 2850 5503 exempla,
2873 5445 2922 5488 et
2951 5434 3104 5503 hujus
3145 5430 3375 5485 occidua:
3403 5431 3488 5497 pla

1929 5539 2010 5593 gae
2047 5524 2245 5593 exigua
2290 5523 2571 5590 perlucent
2601 5525 2923 5588 extremitas,
2945 5523 3230 5591 perspicua!
3257 5519 3511 5572 claritatis

1929 5617 2160 5685 eyrcgias
2190 5615 2363 5667 divina
2387 5615 2548 5683 pietas
2570 5615 2700 5668 duas
2746 5613 3053 5668 illuminavit
3089 5611 3327 5664 lucernas
3359 5624 3376 5662 :
3415 5608 3493 5662 lsi

1929 5707 2131 5773 dorum,
2160 5709 2622 5764 reverentissimum
2668 5709 2861 5763 scilicet
2907 5706 3094 5772 virum,
3146 5703 3506 5774 llitpalcntem
