4022 6198
425 309 530 362 199

1141 294 1229 349 AD
1268 289 1499 346 OPEHA
1537 289 1595 343 S.
1640 284 1883 342 ISIDURI
1923 281 2041 339 HIS?

2149 278 2370 337 .ENSIS
2441 273 2977 334 PBULEGOHENA.

3600 273 3706 325 9.00

420 399 732 464 episcopum,
761 399 912 461 atque
935 387 1282 442 beatissimum
1307 383 1648 435 Fructuosum
1675 377 1738 431 ab
1767 378 1996 447 infantia
2031 379 2077 434 A
2104 375 2289 438 larius,
2312 372 2364 426 in
2395 383 2504 439 quo
2528 385 2651 423 cum
2677 367 2962 422 Ambrosio
2991 374 3042 419 et
3099 363 3218 418 aliis
3245 362 3480 418 Isidorus
3521 363 3712 418 lauda—

421 485 804 542 immaculatum
824 492 870 534 et
893 485 1113 550 justum.
1148 473 1248 528 Ille
1275 482 1444 525 autem
1465 472 1572 524 oris
1601 471 1768 521 nitore
1784 469 2010 529 clarens,

422 577 640 646 insignis
671 571 941 625 industriae
969 565 1215 634 sophist
1255 562 1384 614 artis
1443 559 1681 626 indeptus
1733 557 2014 626 primitias,

421 667 667 737 dogmata
688 658 1022 729 reciprocavit
1055 653 1409 708 Romanorum
1443 667 1460 702 :
1493 650 1573 701 hic
1601 664 1718 702 vero
1747 649 1799 699 in
1820 662 2001 699 sacra-

423 757 619 810 tissimo
662 747 929 818 religionis
969 744 1253 813 proposito,
1305 741 1536 810 Spiritus
1595 737 1762 790 sancti
1802 737 2016 804 ﬂamma

423 859 717 907 succensus,
742 842 814 892 ita
845 839 900 892 in
931 837 1130 889 cunctis
1158 831 1517 904 s'piritualibus
1547 829 1886 890 exercitatus,
1911 842 2023 879 ont-

424 935 668 1003 n'burque
689 927 926 1000 operibus
955 927 1152 980 sanctis
1192 925 1451 994 perfectus
1490 920 1720 984 emicuit,
1740 927 1794 970 ut
1815 918 1884 970 ad
1915 916 2024 969 Pa-

427 1035 563 1077 trum
607 1038 661 1075 se
703 1019 856 1088 facile
897 1023 1186 1084 coaequaret
1236 1012 1565 1081 antiquorum
1601 1009 1796 1061 meritis
1840 1005 2026 1078 [Forte

434 1108 646 1181 merita]
679 1109 1034 1163 Thebworum.
1071 1105 1170 1158 Ille
1192 1105 1372 1157 activa:
1398 1103 1514 1155 vita:
1534 1100 1793 1153 industria
1818 1098 2025 1150 univer—

430 1216 546 1253 sam
623 1199 946 1252 extrinsecus
999 1194 1216 1248 erudirit
1288 1190 1603 1260 Hispaniam
1658 1204 1675 1241 :
1724 1189 1806 1240 ltic
1855 1194 2026 1239 autem

430 1288 844 1359 contemplativa
883 1287 998 1341 vita:
1048 1285 1236 1354 peritia
1285 1281 1517 1336 vibrante
1561 1279 1758 1350 fulgore
1805 1277 2025 1341 micans,

430 1384 612 1436 intima
661 1379 897 1434 cordium
937 1377 1247 1432 illuminavit
1277 1392 1307 1427 a
1338 1390 1491 1426 cana.
1525 1370 1625 1424 Ille
1676 1371 1881 1441 egregio
1905 1369 2030 1421 ruti-

431 1473 546 1525 lrms
568 1472 792 1539 eloquio,
824 1469 1046 1523 inlibris
1076 1467 1263 1520 claruit
1313 1463 1679 1534 tcdfﬁcationis
1701 1478 1718 1525 ;
1740 1461 1820 1513 hic
1849 1470 2023 1512 autem

430 1561 654 1613 culmina
694 1559 878 1631 [Forte
930 1555 1176 1628 culmine]
1213 1557 1456 1610 virtutum
1508 1568 1826 1613 coruscans,
1868 1566 2029 1603 exem-

431 1653 572 1721 plum
619 1653 911 1723 relinquens
966 1655 1164 1702 sancta:
1194 1645 1498 1716 religionis,
1529 1653 1579 1698 et
1607 1643 1830 1696 innocuo
1851 1655 2030 1710 gressu
2081 1685 2089 1687 _.

2126 471 2229 516 tur.
2259 461 2356 516 llic
2385 460 2736 516 scintillarum
2765 459 2919 524 liber,
2941 457 3104 525 quiin
3135 455 3408 508 nonnullis
3424 453 3715 510 Codicibus

2126 553 2284 606 Beda:
2305 552 2613 618 ascribitur,
2646 550 2696 603 in
2722 549 2840 604 a'iis
2891 548 3138 601 tribuitur
3166 545 3332 599 Paulo
3366 546 3558 601 Alvaro
3578 546 3713 602 Cor.

2125 639 2370 706 (lubensi,
2398 639 2467 694 de
2495 654 2604 708 quo
2634 636 2808 691 vderi
2840 645 3016 705 potest
3044 635 3161 689 Nic.
3201 632 3468 690 Antonius
3492 634 3544 687 in
3572 632 3712 690 Bibl.

2127 731 2248 785 Vet.
2273 730 2423 799 Hisp.
2447 745 2568 784 cum
2595 737 2711 784 not.
2747 727 2980 800 Bayerii,
3012 735 3066 780 et
3090 725 3366 780 Florezius
3397 724 3546 794 Hisp.
3572 741 3712 781 sacr.

2129 829 2258 874 tom.
2305 819 2394 885 XI,
2447 837 2499 889 p.
2545 819 2611 872 47
2644 833 2823 888 seqq.,
2870 819 2924 871 in
2956 816 3076 870 aliis
3122 815 3415 879 Defensori,
3447 817 3721 872 monacho

2128 905 2513 979 Locogiacensi
2539 910 2679 979 apud
2706 907 3133 977 Pictones,quod
3164 924 3228 960 ex
3260 906 3574 976 praefatione
3603 908 3722 961 col-

2128 1000 2246 1070 Iigit
2274 1001 2552 1056 Fabricius
2580 1001 2634 1054 in
2664 999 2918 1054 Biblioth.
2944 997 3088 1052 med.
3114 998 3218 1051 xcvi
3250 997 3415 1051 verbo
3441 995 3722 1067 Defensor.

2128 1091 2233 1145 Alii
2259 1092 2436 1146 minus
2465 1101 2613 1146 recte
2639 1090 2927 1144 Caesarium
2956 1090 3290 1160 episcopum,
3310 1095 3404 1140 aut
3430 1085 3724 1142 Cassiodo-

2130 1183 2266 1237 rium
2281 1191 2560 1238 auctorem
2585 1182 2705 1250 ejus
2733 1180 3070 1236 collectionis
3097 1186 3365 1233 asserunt.
3399 1176 3544 1231 Beda
3573 1185 3726 1232 certe

2130 1272 2183 1326 in
2205 1280 2494 1327 comment.
2523 1273 2574 1326 in
2601 1285 2811 1326 sacram
2843 1270 3176 1339 Scripturam
3206 1268 3368 1324 verba
3391 1266 3577 1322 lsidori
3598 1281 3725 1324 cum

2131 1361 2357 1436 aliorum
2388 1361 2606 1415 Patrum
2637 1361 2812 1416 verbis
2839 1361 3063 1430 colligit.

2203 1459 2253 1513 6.
2286 1459 2345 1514 In
2375 1459 2574 1514 Codice
2600 1458 3092 1528 Vaticanoltcgina:
3119 1457 3415 1512 Succorum
3429 1455 3533 1509 254
3549 1463 3730 1510 exstat

2131 1555 2323 1611 similis
2348 1555 2602 1609 collectio
2633 1572 2644 1605 :
2683 1552 2949 1621 Incipiunt
2973 1554 3246 1606 sententia:
3265 1551 3328 1604 de
3349 1552 3560 1604 diversis
3581 1551 3730 1604 libris

2133 1656 2429 1699 sanctorum
2445 1645 2714 1698 doctorum
2729 1656 3004 1714 excerpas.
3020 1643 3239 1712 Incipit:
3259 1642 3353 1696 Dei
3365 1642 3731 1711 omnipotentis

434 1756 634 1796 secutus
651 1752 729 1795 est
757 1741 972 1812 vestigia
1011 1738 1220 1793 Domini
1264 1736 1429 1790 nostri
1469 1744 1518 1787 et
1565 1731 1891 1795 Saluatoris,
1916 1740 2023 1782 etc.

2149 1737 2349 1802 Filius;
2381 1737 2581 1791 desinit
2611 1754 2624 1788 :
2651 1738 2931 1806 ferventius
2985 1735 3190 1788 inhiare
3217 1735 3498 1805 cognoscit.
3526 1732 3731 1786 Aucto-

434 1829 510 1884 Ita
560 1831 727 1886 edidit
779 1829 1054 1883 Florezius
1089 1835 1221 1881 tom.
1253 1824 1346 1879 XV
1401 1822 1549 1891 Hisp.
1577 1835 1744 1881 sacr.,
1784 1835 1853 1873 ex
1893 1832 2030 1870 nova

436 1924 695 1977 Codicum
750 1935 878 1975 mss.
937 1919 1254 1974 recensione
1295 1921 1418 1986 post
1471 1909 1881 1973 Sandovalitun,
1927 1906 2032 1960 Ta-

441 2028 652 2082 tnaytun
679 2026 734 2066 et
753 2010 1141 2064 Mabillouium.
1909 2070 1914 2076 ι

522 2100 567 2154 ι.
601 2100 714 2155 Hoc
757 2100 896 2154 idem
943 2099 1176 2161 etot-ium
1226 2096 1425 2150 editum
1466 2092 1563 2146 luit
1613 2106 1643 2144 a
1671 2089 2032 2145 Constant'no

435 2194 715 2263 tiajetano,
747 2209 800 2263 p.
833 2192 888 2258 6,
915 2191 1129 2247 nomine
1151 2187 1405 2259 anonymi
1446 2183 1778 2239 Benedictini
1835 2183 1888 2236 in
1914 2180 2033 2234 Vita

444 2287 502 2341 S.
557 2284 841 2339 Fructuosi
900 2282 1109 2336 abbatis
1145 2288 1200 2335 et
1248 2276 1488 2347 episcopi
1511 2272 1907 2328 Bracharensis.
1927 2270 2036 2326 Sed

438 2382 650 2429 constat
699 2373 810 2442 jam
871 2379 1146 2426 auctorem
1200 2369 1336 2422 Vita:
1387 2366 1445 2420 S.
1506 2362 1784 2418 Fructuosi
1827 2359 2037 2415 abbatis

439 2465 745 2520 Dumiensis
772 2471 827 2519 et
853 2461 1092 2532 episcOpi
1124 2456 1526 2518 Bracharensis,
1559 2455 1652 2522 qui
1709 2454 1867 2522 paulo
1914 2462 2038 2522 post

453 2556 716 2611 Lidorum
747 2553 946 2616 ﬂoruit,
971 2543 1134 2607 fuisse
1162 2549 1433 2603 Valerium
1456 2545 1704 2600 abbatem
1727 2541 2037 2596 monasterii

439 2647 496 2700 S.
529 2645 674 2700 Petri
698 2644 764 2700 de
805 2642 1076 2698 Montibus
1104 2639 1302 2694 smizulo
1349 2652 1421 2690 vn
1476 2644 1723 2690 exeunte.
1751 2631 1901 2686 Edita
1941 2629 2041 2684 fuit

439 2751 503 2792 ea
528 2737 648 2790 Vita
672 2751 700 2788 a
727 2733 1022 2788 Prudi-ntio
1065 2727 1414 2788 Sandovalio,
1438 2723 1648 2778 Joanne
1702 2722 1941 2792 Tamayo
1970 2721 2040 2775 de

441 2827 680 2888 Salazar,
707 2824 1018 2878 Mabilbn’o
1047 2822 1098 2875 in
1127 2821 1276 2876 Actis
1295 2825 1610 2873 sanctorum
1663 2813 2042 2869 Benedictino-

442 2931 557 2970 rufu
589 2914 786 2969 StBCIIIO
815 2930 872 2976 ιι,
905 2928 957 2982 p.
982 2910 1107 2975 581,
1162 2925 1190 2962 a
1241 2905 1610 2962 Bollandianis
1667 2903 1732 2957 ad
1779 2903 1921 2956 diem
1951 2915 2042 2957 xvr

443 3006 657 3076 Aprilis.
690 3003 966 3059 Florelius
995 3009 1124 3056 tom.
1169 2999 1261 3054 XV
1293 2998 1442 3068 Ilisp.
1474 3012 1640 3065 sacr.,
1671 3008 1794 3066 pag.
1827 2991 1952 3057 159,
1985 3003 2044 3048 et

2134 1845 2222 1884 res
2248 1829 2638 1883 sententiarum
2697 1828 2986 1882 laudantur
3016 1827 3080 1882 lsi
3105 1829 3220 1880 foru
3254 1866 3270 1893 ,
3301 1824 3472 1892 Beda,
3502 1823 3728 1896 Xystus,

2133 1917 2447 1986 Gregorius,
2480 1917 2832 1984 Augustinus,
2863 1916 3094 1980 Seneca,
3126 1914 3508 1983 Hieronymus.
3536 1915 3732 1985 Sequi.

2139 2019 2229 2063 tur
2260 2011 2324 2063 in'
2344 2009 2538 2063 eodem
2571 2007 2774 2062 Codice
2803 2007 2962 2078 247
2985 2007 3130 2060 aliud
3168 2021 3326 2075 opus,
3356 2005 3508 2074 cujus
3528 2006 3735 2074 primus

2137 2097 2319 2152 titulus
2341 2106 2423 2152 est
2455 2115 2466 2148 :
2503 2096 3010 2165 Incipiuntcapitula
3033 2097 3098 2148 de
3116 2096 3294 2149 callidi
3315 2096 3475 2149 hostis
3488 2094 3695 2149 insidiis
3712 2109 3733 2149 :

2136 2190 2230 2244 sed
2259 2203 2448 2243 revera
2472 2198 2553 2242 est
2575 2187 2820 2242 collectio
2867 2187 3256 2240 sententiarum
3279 2184 3489 2250 Isidori,
3515 2184 3736 2240 Cassio«

2139 2278 2303 2346 dorii,
2334 2277 2543 2345 Hilarii,
2575 2276 2907 2349 Hieronymi,
2939 2277 3206 2346 Gregorii,
3238 2276 3413 2348 Xysti.

2210 2380 2264 2434 7.
2297 2380 2443 2436 Inter
2464 2395 2592 2434 mss.
2622 2379 2854 2436 Codices
2875 2378 3218 2435 Florentinos
3243 2377 3300 2432 S.
3330 2376 3518 2432 Crucis
3539 2374 3736 2430 Bandi-

2143 2471 2282 2538 nius,
2311 2474 2442 2540 plut.
2479 2470 2559 2535 10,
2587 2478 2869 2525 enumerat
2887 2468 3139 2525 Colicetu
3171 2467 3234 2521 l0
3266 2469 3734 2522 membranaeenm

2141 2562 2320 2617 saeculi
2361 2577 2452 2616 xm
2499 2561 2750 2626 ineuntis,
2784 2562 2836 2614 in
2894 2575 3002 2628 quo
3052 2560 3298 2622 advertit,
3325 2566 3446 2628 pust
3476 2558 3735 2613 Auroram

2143 2655 2288 2710 Petri
2317 2655 2384 2708 de
2415 2653 2546 2721 Riga
2576 2655 2801 2722 ascripta
2828 2669 2939 2705 esse
2963 2651 3200 2722 quaedam
3247 2651 3387 2703 dicta
3415 2649 3739 2702 sententiast:

2141 2762 2208 2799 ea:
2252 2745 2408 2798 Petro
2447 2745 2702 2815 apostolo,
2762 2743 2982 2803 Seneca,
3045 2742 3336 2809 Bernardo,
3381 2740 3666 2810 Augustino
3687 2751 3739 2792 et

2146 2836 2372 2891 Isidoro.
2397 2836 2601 2890 Ibidem
2629 2837 2763 2905 plut.
2794 2833 2864 2888 56
2887 2843 3132 2888 recenset
3151 2833 3404 2887 Codicem
3437 2833 3469 2885 9
3500 2832 3729 2884 tuetnbr.

2144 2930 2325 2984 saeculi
2373 2944 2478 2993 xw,
2509 2927 2661 2981 Liber
2690 2929 2753 2980 de
2774 2925 3164 2980 auctoritatibus
3187 2933 3481 2977 sanctorum
3501 2923 3670 2976 editus
3701 2937 3739 2973 ts

2148 3020 2338 3075 Fratre
2379 3020 2650 3073 Vincentio
2679 3017 3001 3071 Belluacensi
3047 3015 3247 3068 ordinis
3299 3012 3739 3067 Prwdicatorum.

445 3095 702 3168 Bayerius
729 3095 784 3150 in
816 3101 930 3149 not.
958 3093 1024 3146 ad
1071 3090 1324 3146 Biblioth.
1384 3088 1505 3143 Vet.
1538 3087 1713 3156 Hisp.,
1747 3087 1780 3138 Ι.
1806 3101 1859 3140 v.
1889 3101 1939 3150 c,
1983 3100 2038 3138 n.

2149 3111 2441 3167 Sententia:
2470 3111 2804 3179 deprompta:
2827 3118 2954 3162 sunt
2976 3104 3272 3160 exlsidoro
3322 3114 3378 3159 et
3419 3104 3555 3158 aliis.
3581 3103 3743 3158 Liber

445 3187 570 3252 265,
603 3187 915 3248 observant,
947 3184 998 3238 in
1025 3181 1311 3237 Codicibus
1353 3178 1626 3242 Ovelensi,
1660 3176 1824 3248 256
1845 3174 2041 3230 Carra-

445 3277 682 3344 zt-densi,
711 3274 1068 3341 Arlanziensi,
1097 3271 1361 3326 Tulliano
1385 3277 1442 3324 et
1463 3267 1580 3322 aliis
1603 3267 1782 3321 Vitam
1800 3266 1856 3320 S.
1873 3263 2041 3318 Fruc-

446 3370 586 3424 tuosi
617 3371 756 3422 inter
775 3367 1007 3436 genuina
1032 3363 1228 3418 Valerii
1252 3377 1418 3430 opera
1447 3355 2043 3427 recenseristylumque

446 3461 606 3528 plane
647 3457 848 3514 Valerii
895 3470 1034 3510 esse.
1090 3453 1440 3508 Monacbatus
1483 3465 1614 3504 vero
1665 3448 2046 3503 Benedictinus

448 3549 731 3605 Fruc1uosi
752 3556 806 3601 et
826 3545 1022 3601 Valerii
1045 3543 1405 3598 Benedictinis
1456 3539 1663 3596 facilius
1707 3555 1868 3609 quam
1926 3537 2047 3592 aliis

447 3641 782 3711 probabitur.
806 3636 1047 3693 Consule
1097 3634 1213 3690 Nic.
1266 3633 1558 3690 Ant0i.ium
1593 3631 1698 3686 loc.
1724 3631 1815 3685 cit.
1842 3629 2050 3684 Biblio-‘

450 3730 619 3783 the-ce
650 3729 771 3782 Vet.
805 3725 962 3796 Hisp.

520 3818 574 3872 5.
599 3817 803 3872 Isidoro
832 3816 976 3870 laudi
1004 3817 1140 3871 versi
1171 3815 1352 3881 denet,
1383 3810 1526 3881 quod
1582 3811 1634 3864 in
1658 3809 1894 3879 antiquis
1923 3824 2045 3863 sen-

452 3911 740 3966 tentiarum
768 3906 1177 3964 collectionibus
1205 3922 1272 3975 ex
1303 3905 1504 3960 sanctis
1536 3904 1783 3958 Patribus
1811 3902 1927 3972 ejus
1949 3917 2049 3958 no-

451 4019 573 4058 men
622 4011 678 4056 et
725 3999 1025 4056 auctoritas
1074 4009 1390 4068 reponatur.
1424 3996 1538 4052 Hoc
1574 3997 1628 4049 in
1659 3995 1838 4050 studio
1868 4008 2048 4049 excer-

450 4092 607 4162 pendi
627 4091 787 4148 ﬂores
802 4105 868 4146 ex
885 4089 1082 4144 sanctis
1095 4088 1342 4142 Patribus
1358 4085 1508 4142 multi
1523 4087 1649 4139 o‘im
1666 4082 1975 4136 ﬂoruerunt.
1992 4083 2049 4135 In

451 4185 586 4238 libro
612 4182 839 4237 Joannis
893 4180 1092 4249 Egonis
1129 4179 1196 4233 de
1239 4178 1352 4230 Vir.
1380 4176 1570 4229 illustr.
1607 4184 1840 4228 monast.
1864 4175 2049 4242 Augia:

453 4275 641 4330 Divlt's
671 4272 811 4343 apud
841 4271 1060 4325 Pezium
1093 4279 1224 4323 tom.
1264 4265 1539 4332 IAnecd.,
1569 4274 1710 4335 part.
1755 4280 1830 4328 ιιι,
1863 4264 2048 4319 lauda-

453 4372 542 4416 tur
585 4376 708 4428 cap.
753 4360 808 4413 9.
863 4357 1218 4425 Ileginbertus
1249 4354 1562 4418 monachus,
1605 4354 1694 4421 qui
1740 4352 1941 4406 saecqu
1989 4368 2046 4407 Ix

453 4451 790 4506 bibliotheca:
820 4448 1050 4517 praefuit,
1081 4446 1233 4517 plura
1277 4443 1550 4499 volumina
1600 4459 1760 4498 manu
1805 4459 1899 4498 sua
1926 4446 2048 4498 des—

455 4542 662 4612 cripsit,
682 4540 972 4611 prmposito
990 4541 1307 4610 plerumque
1333 4536 1721 4606 epigrammate
1742 4553 1754 4587 :
1781 4534 1837 4588 Μ
1841 4552 1976 4607 agno
1994 4537 2047 4589 in

460 4636 653 4690 honore
672 4634 789 4701 Dei,
803 4643 935 4699 etc.,
949 4642 1005 4688 et
1017 4632 1286 4702 excerpsit
1306 4631 1626 4701 compendia
1643 4639 1696 4685 et
1711 4629 1962 4685 ﬂosculos
1981 4646 2051 4684 ex

455 4725 553 4781 SS.
580 4725 846 4781 Patribus.
859 4723 1280 4780 Celeberrimum
1295 4729 1379 4776 est
1396 4722 1500 4775 hoc
1518 4721 1569 4774 in
1594 4734 1794 4788 genere
1813 4734 1950 4788 Opus
1970 4719 2050 4772 in-

456 4820 712 4889 scriptum
735 4819 885 4873 Liber
907 4818 1252 4873 scintillarum
1275 4816 1518 4869 collectus
1539 4817 1600 4868 de
1614 4814 1880 4869 sententiis
1899 4828 2054 4866 sane:

459 4925 626 4966 tarum
654 4912 886 4973 Patrum,
901 4910 1108 4965 scilicet
1123 4905 1413 4972 Ambrosii,
1430 4904 1729 4970 Athanasii,
1747 4902 2049 4972 Augustini,

457 5002 656 5064 Basilii,
678 5000 914 5064 Cmsarii,
932 4999 1250 5064 Clementis,
1267 4997 1527 5061 Cassiani,
1551 4994 1827 5066 Cypriani,
1855 4993 2053 5062 ElIien,

459 5096 630 5163 Isaiae,
656 5092 892 5160 Eusebii,
918 5091 1188 5161 Gregorii,
1220 5088 1555 5159 Hieronymi,
1588 5086 1796 5152 Hilarii,
1843 5085 2054 5149 Isidori,

458 5187 700 5257 Joscphi,
744 5184 990 5254 Origenis
1017 5224 1034 5251 ,
1084 5190 1141 5236 et
1180 5181 1421 5236 Vitarum
1473 5179 1715 5232 Patrum.
1763 5175 1919 5231 Tom.
1964 5173 2054 5230 VII

459 5277 697 5348 Operum
724 5274 879 5329 Beda:
908 5273 1092 5328 titulus
1113 5273 1237 5327 huic
1253 5271 1404 5340 operi
1432 5277 1533 5335 est,
1567 5267 1890 5332 Quazstiones
1945 5265 2054 5319 Pa-

462 5380 615 5435 trum,
648 5375 704 5422 et
729 5366 884 5422 initio
905 5365 1046 5420 inter
1069 5364 1258 5419 Patres
1297 5368 1755 5418 commemoratur
1783 5357 2052 5423 Sedulius,

461 5455 690 5512 fortasse
711 5463 869 5526 poeta
899 5463 1089 5510 auctor
1109 5453 1362 5510 carminis
1387 5453 1455 5508 de
1477 5452 1702 5506 historia
1723 5448 2054 5517 evangelica;

461 5548 614 5616 cujus
669 5555 848 5601 tamen
908 5546 1040 5600 nihil
1089 5546 1142 5600 in
1197 5559 1366 5615 opere
1454 5543 1570 5611 ipso
1634 5539 1871 5595 invenio.
1938 5537 2056 5592 Non

461 5639 730 5694 diversum
759 5649 890 5707 puto
911 5653 1050 5707 opus
1077 5637 1221 5707 quod
1243 5637 1383 5704 apud
1406 5632 1755 5697 Bandinium,
1805 5630 1939 5699 plut.
1967 5624 2056 5692 '55,

465 5743 594 5785 tum.
625 5728 718 5797 IV,
741 5730 861 5786 cod.
889 5729 945 5796 5,
975 5731 1032 5787 S.
1055 5729 1239 5787 Crucis
1271 5725 1583 5786 inscribitur
1610 5723 1818 5778 Alcuini
1843 5720 2062 5777 Scintil-
2122 5764 2125 5765 ν

2146 3218 2324 3272 neque
2351 3203 2418 3256 ab
2438 3201 2705 3261 Echardo,
2739 3214 2913 3268 neque
2941 3212 2972 3250 a
3019 3196 3265 3251 F..bricio
3296 3203 3647 3261 memoratur,
3682 3204 3742 3251 ut

2145 3295 2438 3350 Bandinius
2464 3297 2735 3350 observat.

2218 3395 2269 3451 8.
2303 3397 2360 3450 In
2392 3395 2593 3450 Codice
2643 3392 2990 3446 Bibliotheca:
3043 3389 3240 3443 veteris
3271 3387 3545 3443 Vaticana:
3575 3387 3745 3455 295i,

2149 3497 2271 3556 post
2300 3485 2491 3542 lsidori
2540 3483 2731 3537 librmn
2767 3480 2843 3534 De
2870 3479 3060 3533 mundo
3090 3486 3145 3532 et
3183 3476 3309 3542 alia,
3341 3491 3463 3545 pag.
3503 3475 3622 3541 135,
3655 3478 3745 3530 in-

2147 3576 2356 3646 cipiunt
2388 3573 2671 3629 sententia:
2705 3587 2774 3626 ex
2801 3571 3042 3640 pluribus
3064 3567 3334 3622 veteribus
3363 3567 3428 3620 ad
3461 3567 3745 3636 multiplex

2149 3680 2326 3720 rerum
2350 3671 2746 3731 argumentum,
2771 3661 2912 3714 inter
2951 3674 3088 3726 quos
3113 3657 3350 3711 Isidorus
3379 3656 3543 3710 etiam
3568 3657 3748 3709 nomi-

2151 3768 2330 3812 natur.
2355 3756 2556 3810 Verum
2571 3755 2674 3810 hoc
2699 3768 2834 3822 Opus
2851 3750 3088 3806 auctoris
3114 3765 3220 3802 non
3251 3751 3321 3801 ita
3344 3748 3502 3817 prisci
3526 3756 3625 3801 est.
3650 3746 3746 3801 Sic

2152 3850 2314 3904 etiam
2335 3849 2532 3904 sacculo
2564 3861 2657 3901 xm
2684 3844 2917 3898 Thomas
2958 3839 3279 3894 Ilibernicus
3325 3838 3537 3906 scripsit
3560 3836 3747 3890 Mani-

2152 3942 2329 4012 pulum
2353 3941 2559 4008 florum,
2585 3937 2700 3991 sive
2729 3933 2915 3987 Flores
2967 3931 3197 3985 omnium
3227 3928 3514 3991 doctorum,
3540 3927 3624 3997 qui
3653 3941 3748 3979 su-

2153 4049 2243 4102 per
2279 4030 2441 4084 sacris
2464 4027 2649 4080 litteris
2691 4024 3007 4093 scripserunt
3035 4036 3052 4073 :
3077 4019 3221 4088 quod
3274 4035 3409 4088 opus
3451 4018 3608 4086 SI-pis
3639 4016 3748 4070 ima

2155 4135 2402 4176 recusum
2455 4119 2575 4172 fuit.
2599 4115 2886 4183 Autiquius
2915 4120 2998 4167 est
3027 4111 3417 4166 collectaneum
3444 4107 3750 4162 sententia-

2154 4229 2271 4268 rum
2303 4209 2590 4279 Megingoti
2618 4209 2683 4261 a-J
2717 4205 3094 4275 lleginmarum
3117 4203 3428 4274 episcopum
3461 4200 3751 4253 Patavien-

2153 4323 2269 4362 sem
2319 4304 2516 4362 saaculo
2572 4317 2666 4366 xu,
2692 4301 2844 4369 cujus
2893 4297 3137 4352 meminit
3189 4295 3378 4349 I’ezius
3434 4294 3484 4347 in
3527 4293 3744 4345 dissert.

2155 4398 2364 4467 lsagog.
2397 4395 2530 4450 Tom
2562 4391 2627 4446 IV
2651 4389 2914 4446 Thesauri
2945 4385 3232 4450 Anecdot.,
3261 4400 3314 4454 p.
3369 4382 3422 4436 5.
3469 4382 3752 4449 Meugigo-

2078 4482 2130 4543 D
2155 4502 2240 4546 tus
2267 4487 2565 4544 sententias
2613 4481 2834 4550 collegit
2874 4495 2942 4535 ex
2967 4477 3259 4549 Cypriano,
3294 4473 3600 4536 Ambrosio,
3633 4470 3751 4524 Au-

2154 4581 2389 4652 gustino,
2419 4577 2770 4646 Hieronymo,
2804 4571 3073 4641 Prospero
3126 4565 3468 4635 Aquitanico,
3520 4561 3753 4617 Claudio

2155 4675 2438 4738 Mamerto,
2493 4669 2756 4737 Gregorio
2809 4664 3025 4732 Magno,
3083 4660 3250 4724 Beda,
3303 4654 3748 4728 Hteymone(sic)

2155 4759 2637 4824 Halberstadiensi,
2669 4753 2968 4823 Smaragdo
2997 4750 3215 4813 abbate,
3246 4755 3302 4803 et
3317 4746 3577 4801 Severino
3603 4745 3752 4813 epis-

2156 4871 2316 4926 copo.
2357 4855 2402 4907 A
2432 4851 2591 4907 Pezio
2619 4866 2727 4904 non
2753 4847 3059 4901 nominatur
3083 4840 3338 4896 Isidorus.
3371 4839 3648 4894 Fabricius
3691 4839 3752 4896 in

2157 4948 2296 5003 Bibl.
2329 4945 2474 5002 med.
2505 4943 2606 4999 a:vi
2628 4942 2696 4996 de
2719 4939 3025 5006 Mengigoto
3053 4936 3178 5000 isto,
3203 4934 3318 4988 sive
3356 4931 3609 5001 Mengoto
3633 4930 3754 4984 hanc

2157 5037 2518 5113 pneterrnisit,
2549 5043 2606 5090 et
2629 5047 2798 5104 pauca
2827 5030 2930 5084 alia
2953 5027 3249 5084 annotavit.

2228 5141 2449 5196 9.lnter
2492 5137 2821 5208 appendices
2869 5136 3104 5204 Operum
3173 5128 3462 5196 Augustini
3515 5136 3646 5180 tom.
3683 5122 3750 5178 VI

2158 5235 2384 5289 relatum
2409 5241 2495 5288 est
2541 5245 2680 5301 opus
2733 5226 3047 5296 inscriptum
3088 5221 3385 5293 Speculum,
3408 5220 3551 5291 quod
3597 5217 3754 5272 Hau-

2159 5326 2262 5382 rini
2291 5324 2527 5380 editores
2547 5320 2876 5375 arbitrantur
2903 5317 3190 5372 collectum
3245 5328 3311 5367 ex
3340 5309 3619 5367 sententiis
3650 5308 3770 5363 Au-

2161 5417 2379 5488 gustini,
2414 5413 2659 5482 Gregorii
2690 5421 2745 5466 ct
2791 5410 2997 5475 Isidori,
3022 5411 3130 5464 imo
3184 5415 3239 5461 et
3265 5404 3475 5460 Alcuini
3511 5421 3525 5456 :
3559 5401 3757 5455 Mabil-

2162 5510 2338 5566 Ionius
2362 5523 2492 5564 vero
2516 5507 2566 5561 in
2588 5504 2756 5559 Anule
2791 5503 2878 5566 tis,
2910 5518 2965 5570 p.
2996 5499 3102 5552 492
3130 5497 3357 5553 edition.
3390 5491 3560 5549 Paris.
3589 5488 3755 5556 i725,

2162 5600 2355 5655 asserit
2399 5605 2710 5665 excerptum
2770 5608 2838 5647 ex
2886 5589 3240 5644 Conl‘essione
3289 5585 3432 5649 Iidei,
3464 5597 3627 5652 quam
3664 5582 3754 5633 Αι-

2163 5692 2325 5750 cuino
2379 5687 2671 5760 adjndicat.
2700 5682 2828 5750 Sed,
2863 5689 2923 5736 ut
2972 5689 3121 5736 recte
3171 5677 3364 5733 Biscus
3421 5684 3552 5729 tom.
3583 5666 3761 5729 XXXI
