4030 6186
343 287 439 344 2M

1362 300 1777 361 ISIDORIANA.
1804 303 2070 363 -—PARS
2109 308 2147 363 I.
2189 311 2343 369 CAP.
2388 312 2625 377 XXXIII.

343 399 487 469 lllsp.
518 414 656 455 sacr.
687 416 811 473 pag.
836 402 941 458 162
984 407 1381 477 animadvertit,
1405 413 1539 471 Taio
1591 416 1793 471 saeculo
1818 433 1911 481 vn,
1947 423 1993 478 Α
2090 420 2177 476 15.
2220 424 2571 495 Alchuvinns,
2623 432 2736 488 sive
2768 436 3044 510 Aleuinus,
3070 453 3430 520 praeterquam
3460 461 3604 525 quod

343 506 443 525 nnn
468 488 822 525 nummum...
853 495 1085 525 r.:.l..-..-
1144 516 1260 525 λη...
1288 508 1565 525 ---μμομ
1702 508 1738 525 η
1792 524 1827 525 ,,
2020 509 2033 521 ο
2141 512 2189 525 ο..
2230 514 2261 525 ..
2448 520 2467 525 ,
2528 522 2536 525 -

339 506 443 559 quo
468 488 823 548 ﬂoruitetiam
853 495 1109 567 Isidorus,
1140 516 1261 556 cum
1286 508 1581 562 sententias
1605 525 1672 562 cx
1700 508 1909 578 Grego-

338 582 414 636 rio
442 582 633 650 Magno
682 585 939 655 colligere
990 591 1091 645 sibi
1140 597 1531 666 proposuisset,
1556 600 1749 656 additis
1775 618 1912 658 non-

334 670 487 726 nullis
512 688 578 727 ex
604 674 923 744 Augustino,
950 693 1017 733 ex
1037 679 1269 749 Speculo
1296 701 1403 740 non
1427 703 1595 757 pauca
1623 688 1909 762 decerpsit,

332 768 579 831 tanquam
607 779 675 819 ex
702 780 887 834 Opere,
919 777 976 821 ut
1005 769 1192 827 Riscus
1221 783 1390 843 putat,
1406 777 1801 847 Augustiniano
1822 783 1906 839 vel

328 850 465 920 quod
490 860 617 908 tunc
639 854 748 910 tale
769 858 1116 914 censebatur.
1154 861 1294 919 Loca
1344 882 1474 936 ergo
1521 886 1639 939 qua:
1680 872 1905 928 Manrini

326 941 483 1014 248
528 942 770 1000 indicant
822 962 892 1002 ex
934 947 1121 1005 Isidori
1173 952 1575 1014 Sententiarum
1625 962 1772 1017 libris
1836 965 1904 1019 ab

324 1043 539 1090 auctore
563 1033 779 1105 Speculi
806 1038 1109 1112 desumpta,
1142 1045 1322 1115 potius
1342 1049 1410 1105 ab
1433 1049 1642 1108 Isidoro
1671 1070 1741 1109 ex
1769 1054 1903 1126 Spe-

322 1124 439 1180 culo
460 1137 713 1195 excerpta
732 1138 884 1185 sunt.

388 1236 471 1293 10.
491 1236 640 1294 Inter
667 1245 1032 1301 recensendos
1062 1264 1188 1305 mss.
1211 1250 1445 1311 Codices
1478 1272 1625 1329 sape
1650 1271 1902 1318 occurret

319 1329 501 1385 Isidori
552 1348 758 1388 nomen
810 1336 863 1392 in
916 1337 1219 1398 istiusmodi
1251 1346 1485 1416 antiquis
1510 1353 1896 1409 sententiarum

315 1420 742 1489 collectionibus,
769 1427 901 1481 utin
927 1426 1126 1487 Codice
1154 1431 1274 1488 Vat.
1306 1435 1469 1505 1250,
1505 1440 1558 1494 in
1613 1458 1722 1512 quo
1771 1457 1897 1499 sunt

315 1506 497 1565 lsidori
552 1512 781 1568 Col/ecta
843 1535 908 1571 ex
962 1520 1107 1577 libris
1137 1524 1200 1576 de
1236 1524 1515 1594 Trinitate,
1544 1530 1598 1585 In
1631 1506 1889 1590 Cttobon.

310 1596 463 1665 2524,
497 1602 568 1655 de
597 1618 705 1672 quo
733 1621 854 1675 cap.
883 1606 1004 1673 106,
1039 1609 1223 1667 Flores
1243 1632 1308 1670 ea:
1333 1616 1540 1674 Isidoro
1564 1631 1613 1675 et
1637 1626 1756 1678 aliis
1784 1626 1891 1681 Pa-

305 1690 487 1746 tribus.
510 1692 657 1749 Inter
684 1712 848 1765 opera
881 1706 1211 1774 autographa
1242 1707 1301 1762 S.
1330 1709 1602 1768 Laurentii
1633 1715 1889 1773 Iustinia-

2017 509 2070 563 in
2101 512 2291 570 olliciis
2319 532 2414 585 per
2442 520 2603 579 ferias
2622 538 2691 579 ex
2732 525 2937 585 Isidoro
2962 538 3222 603 quasdam
3268 541 3455 599 inserit
3482 564 3605 604 ora-

2014 601 2208 669 tiones,
2239 606 2309 660 ita
2335 608 2453 664 libr.
2489 626 2552 665 ιι.
2584 613 2839 673 adversus
2866 618 3183 692 Elipandum
3212 630 3398 690 laudes
3414 636 3602 695 Isidori

2012 694 2265 761 exprimit
2291 716 2303 749 :
2334 696 2621 769 Quiescite,
2660 708 2754 761 viri
2778 712 2965 779 fratres
2990 756 3004 777 ,
3050 718 3323 789 quiescite,
3352 736 3402 780 et
3444 732 3604 786 nolite

2010 784 2162 836 vestri
2209 784 2587 858 blasphemiam
2627 800 2818 853 erroris
2862 784 3093 871 patribus
3120 809 3375 881 imputare
3400 823 3600 878 vestris.

2008 869 2101 924 Illi
2140 889 2236 927 sua
2280 878 2567 935 habuerunt
2609 869 2874 955 tempora,
2920 897 3163 968 nobisque
3191 869 3465 967 'prazclara
3511 917 3592 968 sui

2006 962 2212 1016 sudoris
2245 965 2301 1017 in
2342 979 2522 1024 sancta
2560 979 2952 1033 conversatione
2996 986 3309 1057 reliquerunt
3334 999 3583 1070 vestigia,

2004 1066 2129 1119 quos
2178 1054 2451 1113 laudamus
2479 1098 2494 1121 ,
2546 1079 2804 1120 amamus.
2839 1068 2986 1125 Beati
3027 1073 3198 1147 itaque
3231 1078 3428 1139 Isidori
3475 1090 3587 1143 σια-

2001 1141 2198 1197 rissimi
2226 1144 2453 1203 doctoris
2508 1169 2612 1207 non
2662 1156 2827 1211 solum
2880 1160 3181 1231 Hispanias,
3214 1185 3386 1227 verum
3436 1179 3592 1234 etiam

1997 1242 2301 1290 cunctarum
2354 1236 2559 1296 Latina:
2614 1246 2920 1317 eloquentia:
2977 1252 3331 1316 Ecclesiarum
3386 1271 3591 1337 perplu-

1993 1324 2129 1378 rima
2175 1326 2465 1398 legebamus
2509 1338 2759 1402 apuscultt
2786 1378 2802 1404 ,
2830 1350 2880 1394 et
2906 1342 2959 1396 in
2994 1362 3183 1416 magna
3227 1352 3472 1411 habemus
3502 1377 3589 1413 re-

1998 1419 2261 1473 neratione
2282 1438 2300 1474 :
2329 1423 2382 1475 in
2426 1424 2607 1495 quibus
2633 1446 2894 1501 nunquam
2924 1434 2988 1488 de
3022 1435 3382 1512 Redemptoris
3425 1453 3592 1506 nostri

1997 1507 2312 1566 humanitate
2354 1517 2647 1586 adoptionis
2676 1538 2861 1578 nomen
2887 1540 3159 1584 exaratum
3184 1536 3491 1595 invenimus.

2066 1599 2151 1652 14.
2195 1602 2371 1672 Ipsum
2399 1605 2719 1677 Elipandum
2751 1654 2765 1677 ,
2797 1616 2951 1683 cujus
2980 1619 3232 1677 Alcuinus
3252 1639 3467 1685 errores
3496 1649 3584 1687 re-

1995 1690 2163 1757 fellit,
2219 1703 2542 1755 auctoritate
2596 1701 2781 1759 Isidori
2840 1708 2891 1760 in
2942 1711 3169 1779 epistola
3220 1720 3287 1769 ad
3332 1719 3585 1779 Carolum

309 1782 380 1843 ni,
412 1798 557 1838 anno
590 1784 722 1839 1684
748 1788 1089 1848 bibliotheca:
1138 1795 1411 1855 Vaticana:
1464 1804 1531 1858 ab
1570 1804 1865 1866 Innocentii

1995 1778 2240 1848 Magnum
2283 1801 2434 1839 usum
2472 1789 2636 1846 fuisse
2685 1793 2860 1849 innuit
2889 1796 3132 1869 Bignteus
3183 1805 3235 1859 in
3268 1809 3581 1876 przel'atione

306 1865 372 1919 XI
413 1868 615 1922 donata
643 1909 660 1933 ,
718 1871 901 1930 Codex
953 1886 1035 1931 ρει
1075 1879 1252 1949 6460,
1300 1887 1492 1954 partim
1534 1906 1649 1960 pap‘
1675 1865 1885 1960 recens,

302 1959 489 2022 partim
521 1962 992 2032 rnembranaceus,
1015 1968 1142 2022 in8°
1162 1987 1245 2040 pan
1260 1988 1348 2035 vo,
1365 1975 1415 2029 in
1436 1992 1542 2045 quo
1558 1959 1682 2034 sunt
1706 1983 1890 2043 Flores

298 2060 360 2098 ex
383 2048 551 2102 variis
579 2049 676 2105 SS.
698 2051 948 2111 Pntribns
968 2067 1021 2111 ct
1049 2076 1115 2112 ea.
1136 2060 1196 2115 S.
1214 2061 1408 2119 Isidori
1433 2067 1564 2123 libro
1596 2087 1610 2123 l
1639 2076 1702 2126 de
1730 2075 1887 2130 Sunt-

292 2154 374 2190 mo
398 2137 553 2195 Bono
578 2157 596 2194 :
617 2140 952 2215 Compunctio
981 2152 1172 2211 cord.'s.
1207 2164 1312 2210 etc.

362 2250 447 2305 11.
478 2250 706 2309 Clarum
737 2259 897 2313 etiam
928 2270 1011 2316 est
1033 2262 1229 2322 lsidori
1261 2287 1457 2327 nomen
1490 2276 1630 2332 inter
1657 2296 1755 2335 eos
1789 2285 1882 2351 qui

292 2342 544 2398 chronica
577 2360 648 2400 ex
675 2349 1089 2421 antiquioribus,
1124 2359 1196 2413 uti
1222 2360 1337 2429 ipso
1384 2363 1589 2420 Isidoro
1639 2380 1694 2425 et
1740 2374 1876 2439 aliis,

293 2442 707 2490 contexuerunt.
774 2438 938 2496 Paulo
1019 2455 1141 2514 pust
1204 2449 1466 2508 Isidormn
1523 2457 1877 2529 Fredegarius

286 2521 662 2582 Scholasticns
702 2527 886 2585 lloruit
930 2535 1071 2590 circa
1096 2554 1294 2594 annum
1318 2543 1441 2604 (ill.
1468 2547 1620 2613 cujus
1646 2521 1877 2607 Chroni-

290 2617 618 2672 eouedilum
669 2630 753 2675 est
806 2623 948 2679 inter
998 2624 1171 2697 Opera
1219 2631 1467 2704 Grcgori
1522 2639 1871 2711 Turonensis,

287 2716 506 2761 curante
535 2707 880 2768 Theodorieo
906 2714 1153 2783 Ruinart,
1181 2723 1288 2775 col.
1345 2724 1471 2791 585,
1504 2729 1590 2782 ubi
1615 2730 1768 2788 initio
1791 2735 1870 2791 sic

286 2794 529 2861 prmlatur
558 2815 571 2850 :
600 2797 786 2872 Itaque
840 2804 975 2859 beati
1025 2806 1351 2880 Hieronymi,
1379 2815 1565 2884 Idacii,
1595 2831 1645 2875 et
1694 2826 1870 2895 cujus—

283 2884 398 2937 dam
446 2887 736 2958 Sapientis,
769 2909 858 2945 seu
916 2907 967 2948 et
1024 2898 1239 2962 lsidori,
1290 2906 1492 2978 imoque
1538 2922 1590 2964 et
1629 2884 1869 2985 Greqorii

280 2978 547 3034 cltronicas
580 2986 812 3038 amandi
861 2989 1060 3058 origine
1101 2993 1495 3064 diligentissime
1533 3020 1861 3073 prrcurrens,

280 3082 427 3137 usque
449 3070 729 3125 decedente
749 3092 907 3144 regno
938 3078 1268 3146 Guntramui,
1296 3087 1374 3143 liis
1399 3092 1621 3161 quinque
1648 3098 1858 3153 cltroni-

276 3156 344 3209 cis
383 3158 539 3228 hujus
597 3160 775 3231 libelli,
809 3182 901 3219 nec
940 3172 1091 3238 plura
1139 3156 1508 3243 prwtermissa,
1537 3156 1861 3258 singillatim

272 3252 615 3319 congruentia
642 3258 777 3324 style
805 3258 999 3313 inserui
1032 3278 1050 3315 :
1074 3265 1211 3333 quod
1235 3268 1313 3321 illi
1362 3252 1696 3332 solertissime
1738 3282 1860 3334 abs-

273 3352 363 3404 que
387 3341 786 3407 reprehensione
813 3350 1170 3407 condiderunt.
1198 3355 1359 3413 Notat
1408 3361 1717 3422 Ruinartius
1769 3388 1863 3426 nec

272 3426 412 3493 plura
437 3433 796 3497 prietermissa
826 3436 963 3491 forte
984 3458 1101 3493 65MB
1133 3459 1231 3511 pro
1254 3458 1407 3503 sexto
1428 3468 1556 3508 casu
1586 3473 1679 3510 nec
1697 3460 1860 3529 pluri-

270 3517 355 3572 bus
377 3524 773 3589 prarlermissis.
807 3528 955 3584 llanc
982 3532 1236 3603 loquendi
1258 3541 1524 3598 rationem
1570 3548 1620 3601 in
1652 3548 1859 3608 Isidoro

268 3609 494 3679 aliisque
523 3614 822 3680 mqualibus
851 3634 993 3689 smpe
1040 3637 1140 3691 ego
1170 3627 1523 3687 animadverti
1556 3652 1752 3706 :quam
1778 3652 1859 3697 ta-

269 3714 381 3756 men
410 3703 588 3772 inepti
618 3717 959 3765 correctores
988 3711 1248 3771 Codicum
1300 3720 1567 3781 interdum
1602 3744 1853 3803 corrupe-

266 3803 407 3846 1⁵11111.

228 3926 253 3939 ,
332 3885 417 3939 12.
468 3886 590 3942 Nic.
648 3889 915 3949 Antonius
972 3897 1110 3954 Bibl.
1173 3914 1280 3959 vet.
1368 3908 1459 3965 lib.
1512 3928 1564 3976 ν,
1615 3931 1734 3988 cap.
1796 3919 1849 3985 4,

265 3990 405 4030 num.
458 3978 585 4044 111,
633 3990 759 4037 nota
809 3986 1024 4053 dignum
1080 4004 1267 4049 censet
1309 4002 1453 4067 quod
1504 3978 1854 4076 Fredegarius

262 4066 346 4119 vix
372 4068 441 4123 de
469 4080 695 4127 auctore
743 4074 997 4134 Chronici
1044 4081 1323 4144 IsEtloriani
1368 4104 1574 4151 certum
1624 4115 1685 4155 sc
1732 4118 1853 4159 esse

261 4160 572 4213 ostenderit.
608 4160 736 4228 Sed,
775 4175 833 4218 ut
859 4182 960 4236 ego
993 4180 1143 4239 put'),
1177 4176 1531 4249 Fredegarius
1551 4190 1847 4248 chronicon

262 4247 478 4316 alicujus
522 4255 778 4325 anonymi
809 4258 1196 4319 ablsidoriano
1232 4269 1540 4330 distinctum
1575 4278 1844 4351 intelligit,

260 4350 374 4392 cum
400 4342 702 4399 chronicon
728 4350 997 4419 cujusdam
1014 4357 1265 4424 sapientis
1288 4363 1491 4432 laudat,
1520 4377 1577 4422 et
1606 4373 1845 4439 particu-

259 4428 332 4483 las
353 4448 439 4485 seu
465 4443 516 4487 et
540 4453 638 4505 pro
677 4439 903 4509 simplici
932 4447 1310 4514 conjunctione
1339 4468 1391 4510 et
1412 4463 1626 4529 accipit.
1658 4465 1839 4535 StiSpi-

1994 1871 2059 1922 ad
2086 1869 2258 1940 Opera
2289 1876 2346 1929 Β.
2370 1874 2581 1943 Isidori,
2627 1890 2681 1935 et
2720 1887 3021 1943 ostenditur
3047 1905 3114 1945 ex
3143 1869 3368 1963 epislola
3399 1900 3581 1958 Caroli

1992 1958 2165 2029 Magni
2194 1964 2261 2015 ad
2290 1964 2604 2036 Elipandiun
2634 1980 2688 2025 et
2718 1985 2944 2033 caeteros
2972 1958 3258 2053 episcopos
3277 1986 3576 2059 Hispanize:

1992 2052 2301 2124 Exemplum
2331 2062 2455 2114 mihi
2494 2061 2820 2121 Constantini
2843 2071 3168 2139 imperatoris
3196 2084 3535 2147 proposuistis
3559 2125 3575 2147 ,

1985 2142 2132 2210 cujus
2186 2143 2389 2198 initium
2438 2147 2639 2203 betam
2692 2148 2953 2208 Isidorum
3001 2159 3243 2214 laudasse
3285 2164 3455 2219 dicitis
3483 2210 3497 2232 ,
3525 2180 3578 2222 et

1982 2231 2141 2298 ﬁnem
2166 2235 2387 2289 doluisse
2409 2254 2425 2289 :
2449 2241 2585 2306 quod
2600 2259 2661 2293 nr
2686 2245 2810 2296 nti/ti
2824 2250 3024 2302 accidat
3044 2268 3135 2318 per
3146 2256 3416 2321 quemdam
3436 2260 3569 2314 Bea-

1980 2330 2087 2373 tum
2110 2363 2125 2387 ,
2148 2340 2296 2392 quem
2319 2327 2704 2397 Antipltrasium
2751 2341 3154 2407 cognaminastis
3179 2386 3193 2411 ,
3216 2344 3431 2419 benigne
3457 2368 3571 2405 sua-

1981 2410 2132 2465 detis.
2153 2413 2203 2465 In
2239 2415 2560 2473 enllectione
2589 2423 2953 2481 (Siniciliorum
2991 2410 3275 2488 Labbeana
3302 2410 3432 2492 tom.
3458 2439 3562 2505 VII,

1979 2503 2086 2557 col.
2129 2503 2279 2569 l051,
2313 2507 2505 2578 legitur
2533 2528 2623 2579 per
2644 2517 2914 2584 quemdam
2942 2519 3144 2576 beatum
3167 2541 3185 2577 :
3209 2526 3301 2581 sed
3330 2531 3567 2587 scriben-

1977 2593 2100 2647 dum
2131 2604 2215 2650 est
2242 2614 2332 2668 per
2352 2602 2624 2670 quemdam
2658 2604 2871 2661 Beatum
2897 2628 2916 2662 :
2946 2627 3067 2665 nam
3095 2614 3136 2666 Β
3158 2625 3294 2672 -atus
3326 2623 3561 2678 vocaba-

1976 2692 2063 2738 tur
2082 2685 2271 2743 doctus
2295 2690 2508 2759 quidam
2541 2696 2821 2767 presbyter
2858 2699 3125 2771 Hispanus
3149 2750 3163 2771 ,
3186 2709 3278 2777 qui
3318 2710 3560 2783 Elipandi

1976 2773 2201 2830 lncresin
2230 2779 2544 2837 conlutavit.
2580 2782 2868 2854 Elipandus
2911 2800 3089 2847 autem
3133 2773 3255 2851 enin
3284 2773 3564 2871 Antiplmt-

1967 2866 2104 2920 sium
2131 2870 2377 2936 vocabat,
2410 2872 2618 2928 scilicet
2647 2875 2867 2933 Beatum
2898 2896 2993 2951 per
3019 2885 3375 2955 antiphrasin,
3403 2894 3560 2962 quasi

1970 2954 2261 3013 infelicem.
2288 2959 2526 3029 Epistola
2549 2964 2614 3017 ad
2628 2965 2877 3023 Carolum
2898 2954 3146 3041 Magnum
3168 2976 3310 3033 edita
3341 2954 3554 3038 domum

1970 3045 2068 3099 fuit
2093 3062 2123 3102 a
2173 3047 2420 3107 Florezio
2440 3068 2472 3107 e
2501 3070 2599 3109 ms.
2624 3055 2824 3114 Codice
2854 3059 3118 3119 Toletano
3167 3074 3300 3123 tom.
3348 3071 3390 3126 V
3415 3072 3553 3131 Hist.

1890 3152 1936 3212 ρ
1966 3150 2106 3191 sacr.
2133 3178 2147 3201 ,
2180 3139 2271 3194 ubi
2323 3145 2599 3214 proposito
2637 3151 2886 3219 exemplo
2913 3152 3280 3214 Constantini:
3312 3160 3393 3217 De
3429 3182 3552 3236 quo,

1966 3229 2175 3299 inquit,
2219 3231 2395 3288 beatus
2438 3235 2673 3293 Isidorus
2718 3242 2881 3298 dicit:
2912 3244 3026 3299 Heu
3066 3267 3161 3317 pro
3205 3251 3389 3308 dolor!
3416 3229 3550 3312 δοηό

1964 3336 2084 3374 usus
2110 3324 2364 3391 principio
2383 3366 2397 3391 ,
2426 3337 2475 3381 et
2512 3330 2619 3398 ﬁne
2644 3333 2800 3387 malo.
2835 3333 2910 3389 Ex
2940 3335 3209 3395 Chronico
3238 3345 3403 3413 petita
3434 3348 3546 3403 han:

1962 3425 2113 3481 sunt,
2147 3434 2267 3487 qua:
2294 3418 2585 3490 Elipandus
2613 3424 2667 3478 in
2693 3428 2919 3494 epistola
2949 3430 3015 3484 ad
3036 3429 3319 3491 Alcuinum
3352 3438 3545 3494 iterum

1960 3516 2123 3577 atque
2168 3510 2360 3565 iterum
2410 3516 2680 3584 produxit.
2735 3519 2786 3573 In
2820 3521 2920 3576 hac
2968 3533 3147 3579 autem
3203 3530 3431 3599 epistola
3470 3533 3542 3587 ita

1962 3599 2145 3656 lsidori
2168 3602 2402 3672 elogium
2447 3610 2612 3662 texit:
2643 3609 2837 3666 Beatus
2863 3631 3060 3684 quoque
3098 3617 3365 3688 Isidorus,
3383 3623 3544 3694 jubar

1959 3689 2210 3748 Ecclesiw
2234 3737 2249 3761 ,
2273 3698 2413 3750 sidus
2442 3699 2709 3768 Hesperia:
2733 3746 2746 3766 ,
2780 3704 2958 3758 doctor
2986 3706 3260 3779 IIispanitL’
3281 3752 3299 3779 ,
3331 3689 3397 3769 in
3412 3715 3543 3771 libro

1959 3780 2412 3855 Etymologiarum
2441 3790 2563 3842 dicit
2586 3830 2601 3854 ,
2630 3799 2734 3844 etc.
2974 3790 2979 3793 ’

2029 3874 2115 3929 15.
2162 3875 2364 3946 Ilegino
2414 3878 2739 3938 Prumiensis
2787 3889 3017 3944 ccenobii
3074 3894 3237 3947 abhas
3265 3938 3281 3963 ,
3311 3902 3399 3969 qui
3444 3918 3541 3956 sm-

1953 3966 2077 4021 Ciilo
2099 3983 2134 4021 x
2160 3968 2371 4035 claruit,
2392 3970 2444 4023 in
2474 3970 2742 4028 Chronico
2773 3976 2839 4030 ad
2873 3993 3070 4033 annum
3103 3981 3206 4035 572
3236 3986 3312 4039 sia:
3344 3989 3533 4045 habet:

1953 4054 2062 4108 Sub
2099 4056 2178 4110 Itis
2223 4058 2377 4112 etiam
2407 4061 2606 4131 regibus
2641 4062 2895 4125 Isidorus.
2942 4066 3266 4137 Ilispaleusis
3293 4073 3543 4133 Ecclesia!

1950 4148 2239 4219 episcopus,
2273 4151 2447 4219 ﬂoruit
2474 4195 2487 4216 ,
2518 4155 2645 4207 nulli
2671 4157 3030 4212 modcruorum
3078 4162 3347 4219 docto'um
3374 4171 3537 4240 250

1949 4241 2330 4306 postponendus
2360 4283 2375 4305 ,
2425 4245 2509 4310 qui
2554 4248 2715 4298 nmlta
2763 4248 2826 4300 de
2869 4250 3012 4317 Iule,
3052 4254 3239 4322 regulis
3284 4260 3530 4312 ecclesia-

1948 4330 2190 4400 sticisque
2218 4332 2504 4403 disciplinis
2528 4338 2825 4407 disputavit.
2858 4342 3029 4397 Simili
3062 4346 3223 4399 modo
3268 4348 3360 4403 alii
3398 4364 3477 4404 scr
3491 4348 3534 4402 i-

1947 4435 2130 4493 ptores
2157 4427 2567 4486 Chronicorum.

257 4531 402 4577 cum.
430 4526 594 4581 etiam
638 4528 751 4584 Nic.
785 4534 1049 4592 Anmnius
1074 4539 1355 4609 legendum
1388 4516 1844 4624 σεονὸϋνδώηὲθι
1873 4516 1929 4579 Ῐ)
2024 4535 2107 4587 Ili.
2152 4538 2304 4604 Apud
2350 4538 2736 4599 Sehclstratnm
2785 4556 2914 4601 tom.
2955 4548 2975 4602 I
3023 4551 3290 4620 Antiquit.
3333 4557 3528 4613 eccles.

254 4615 520 4679 monachi,
551 4632 651 4683 pro
683 4618 921 4691 Gregorii
943 4642 961 4689 ;
981 4628 1073 4682 sed
1097 4646 1195 4684 cur
1218 4615 1612 4695 sermonem'de
1633 4641 1841 4714 Grego-

256 4702 331 4755 rio
359 4698 662 4761 Turonensi
689 4725 807 4765 esse
837 4729 942 4768 non
977 4717 1377 4788 intelligemus?
1400 4725 1518 4783 lam
1564 4735 1715 4787 multi
1748 4737 1837 4791 alii

253 4791 300 4845 in
338 4796 612 4853 chronicis
633 4800 985 4861 conﬁciendis
1009 4810 1170 4865 simili
1226 4816 1387 4871 modo
1414 4817 1677 4878 Isidorum
1708 4841 1837 4881 auc-

252 4890 415 4938 torem
466 4887 793 4958 laudarunt,
847 4898 1115 4969 przecipue
1167 4901 1427 4975 Hispani,
1477 4920 1536 4965 ut.
1604 4913 1833 4973 Isidorus

250 4971 517 5044 Pacensis,
550 4978 723 5037 Lucas
753 4983 1038 5057 Tudensis,
1068 5004 1258 5050 auctor
1280 4995 1527 5057 Historire
1565 5011 1833 5076 generalis

250 5062 514 5136 Hispania:
560 5076 659 5128 sub
710 5077 915 5136 Ληουεῖ
966 5082 1237 5153 Sapientis
1298 5096 1540 5164 nomine,
1566 5062 1660 5153 vet
1717 5102 1827 5158 alii.

248 5153 610 5219 Theodericus
642 5165 998 5237 Engelhusius
1026 5179 1223 5235 saecqu
1254 5198 1322 5237 xv
1344 5186 1561 5255 scripsit
1601 5189 1829 5249 Chroni-

244 5262 342 5303 con
371 5252 773 5325 chronicorum,
803 5272 858 5317 et
887 5281 955 5321 ex
1000 5269 1150 5324 libris
1173 5274 1335 5346 2&9
1368 5252 1826 5352 Etvmologiarum

245 5336 423 5396 lsidori
457 5348 703 5413 proiecit.
740 5351 1057 5425 Ranulphus
1108 5336 1383 5430 Higdenus
1432 5336 1649 5427 ἑωυυιιῖ
1663 5392 1749 5428 xiv
1772 5378 1823 5431 in

242 5441 337 5483 suo
409 5431 801 5505 Polychronico
882 5449 1192 5506 auctoribus
1250 5470 1381 5511 usus
1467 5470 1551 5514 est
1625 5462 1822 5533 Plinio,

240 5514 462 5591 Isidoro,
491 5534 595 5582 etc.
627 5526 867 5589 Joannes
919 5535 1134 5595 Fordun
1165 5546 1362 5601 sarcqu
1392 5564 1460 5603 xv
1481 5550 1533 5605 in
1560 5567 1659 5609 suo
1688 5554 1824 5612 Sco-

241 5609 538 5672 tichronico
566 5622 668 5689 (sic
695 5626 837 5680 enim
870 5629 1160 5702 inscripsit)
1215 5651 1359 5709 sarpe
1416 5639 1679 5699 Isidorum
1708 5647 1817 5704 lau-

238 5700 327 5759 dat
352 5717 408 5763 et
435 5714 701 5781 sequitur.

514 5824 782 5889 Pnaor..
836 5830 1123 5899 LXXXI.

1945 4633 2121 4678 exstat
2168 4627 2475 4683 Chronicon
2534 4637 2731 4688 saeculo
2777 4654 2828 4691 x1
2884 4649 3161 4694 exaratum
3215 4658 3283 4697 ex
3331 4645 3533 4705 Codice

1944 4715 2203 4771 Vaticmo
2236 4719 2408 4781 1558,
2443 4724 2527 4777 ubi
2561 4727 2663 4779 sub
2696 4726 2972 4783 Heraclio:
2999 4729 3237 4787 Isidorus
3260 4736 3529 4807 episcopus

1942 4809 2212 4877 Spalens~is
2255 4816 2309 4867 in
2362 4815 2620 4885 Hispania
2658 4822 2866 4886 clarus,
2900 4823 3079 4878 doctor
3128 4829 3345 4883 eximius
3369 4871 3384 4894 ,
3415 4849 3529 4886 cum

1939 4898 2175 4972 Eugenio
2231 4905 2517 4972 Toletana,
2568 4921 2617 4964 et
2665 4912 2820 4968 Selra
2875 4914 3242 4990 Narbonensi,
3283 4934 3333 4978 et
3386 4928 3524 4980 aliis.

1943 4994 2116 5049 Antea
2170 4998 2804 5065 prtcmiscrat:Concilia
2852 5007 3127 5078 Hispania:
3183 5012 3434 5070 Toletana
3476 5026 3528 5069 et

1940 5085 2282 5155 Hispalense,
2314 5092 2400 5145 ubi
2430 5092 2667 5149 Leander
2686 5107 2734 5150 et
2757 5097 3075 5169 Eup/temius
3102 5104 3251 5159 clari.

2009 5196 2096 5252 17.
2142 5198 2479 5257 llermannus
2508 5204 2830 5264 Contractus
2860 5210 2925 5264 ad
2952 5227 3149 5267 annum
3181 5213 3301 5278 616,
3329 5224 3457 5268 tom.
3503 5215 3521 5268 I

1937 5288 2119 5361 Antiq.
2151 5293 2278 5349 lect.
2303 5293 2499 5351 Canisii
2525 5340 2539 5361 ,
2593 5316 2713 5368 pag.
2746 5301 2847 5355 497
2874 5321 2885 5356 :
2926 5304 3039 5359 Hoc
3071 5316 3296 5377 tempore
3352 5306 3519 5361 Isido-

1934 5395 2021 5432 rus
2048 5380 2380 5452 Hispalcnsis
2400 5387 2667 5459 episcopus
2695 5392 2865 5445 clarus
2896 5395 2949 5447 in
2980 5396 3250 5463 Hispaniis
3272 5396 3517 5461 habetur;

1932 5474 2016 5541 qui
2044 5474 2139 5526 huc
2158 5492 2317 5545 usque
2362 5487 2645 5547 temporum
2682 5483 3112 5542 abbreriationem
3150 5488 3434 5557 produxit,
3463 5501 3519 5543 at

1933 5566 2093 5619 multa
2120 5568 2324 5636 egregia
2349 5573 2594 5638 opuscula
2622 5573 2804 5629 edidit.

2004 5656 2090 5711 18.
2131 5656 2442 5725 Sigebertus
2472 5664 2536 5717 ad
2564 5681 2763 5722 annum
2792 5669 2915 5734 627,
2943 5670 2992 5724 in
3021 5669 3257 5723 editione
3290 5669 3511 5726 Aubcrti

1931 5744 2094 5800 Mirati
2125 5747 2427 5821 Antuerpiu:
2456 5769 2598 5809 anno
2632 5756 2767 5810 1608
2792 5800 2804 5821 ,
2839 5774 2959 5827 pag.
2989 5759 3057 5812 90
3085 5778 3097 5812 :
3130 5758 3193 5814 In
3241 5759 3513 5831 Hispanus

2996 5874 3031 5930 7

3501 340 3605 397 Ξ).οἳ
