4022 6198
377 347 485 404 9.03

1121 342 1209 396 AD
1247 341 1474 396 OPERA
1511 341 1568 396 S.
1614 337 1855 395 ISIDORI
1889 333 2330 391 HISPALENSIS
2372 335 2907 392 PROLEGOMENA.

3552 305 3662 394 soi

385 463 618 518 Isidorus
673 460 941 532 Spalensis
987 465 1090 512 tum
1131 457 1437 520 sanctitate,
1470 465 1573 507 tant
1602 454 1839 509 doctrina
1866 454 1975 506 cla-
2008 457 2046 509 Α
2078 467 2270 523 φροίμια
2301 450 2360 504 8.
2389 449 2580 505 Isidori
2604 452 2908 516 scriptorum
2940 449 3259 504 monimenta
3295 457 3660 502 connumerat.

381 552 545 607 rebat.
603 551 828 607 Notatur
853 552 905 605 in
951 564 1078 603 mss.
1109 545 1397 602 Codicibus
1429 545 1532 614 legi
1573 544 1844 615 Spalensis
1865 586 1880 612 ,
1912 553 1971 598 ut

383 644 511 697 olim
540 641 793 711 Hispania
823 639 964 694 dicta
995 645 1076 692 est
1104 636 1330 708 Spania.

456 735 544 790 l9.
583 735 840 788 Martinus
870 731 1107 786 Polontts
1154 729 1219 782 ad
1260 744 1459 784 annum
1509 727 1642 781 69.1:
1687 726 1803 782 Iloc
1843 736 1970 780 tent-

381 844 507 897 pore
523 827 698 897 ﬂoruit
728 825 960 880 Isidorus
984 823 1316 894 Hispalensis
1336 824 1627 892 episcopus,
1649 820 1782 875 beati
1804 820 1973 874 Lean-

381 918 466 970 dri
512 933 793 972 successor.
845 914 944 968 Hic
983 917 1061 970 uir
1104 913 1504 968 eruditissimum
1525 910 1971 984 Etgmologiarum

382 1006 572 1061 librum
599 1007 886 1077 composuit
910 1045 924 1071 ,
951 1012 1057 1060 etc.

455 1096 550 1152 ‘20.
589 1096 909 1152 Guilielmus
964 1093 1484 1160 Malmesburiensis,
1513 1091 1605 1146 lib.
1648 1107 1685 1146 ιι
1724 1089 1792 1145 de
1818 1087 1970 1146 Gest.

385 1187 566 1255 Angl.,
596 1201 719 1255 cap.
751 1184 850 1239 10:
883 1183 985 1238 I’er
1012 1181 1307 1237 Leandrum
1349 1183 1640 1252 episcopum
1678 1180 1973 1250 Hispanen-

384 1295 490 1332 sem
521 1275 682 1348 (forte
717 1277 1097 1346 Hispalensem)
1128 1283 1178 1329 et
1208 1291 1298 1344 per
1334 1273 1647 1327 Richardum
1673 1273 1815 1342 (hoc
1851 1280 1933 1327 est
1957 1313 1972 1337 ,

390 1366 891 1435 Reccaredum)....
951 1365 1103 1419 Gothi
1155 1364 1406 1418 catholico
1451 1365 1609 1418 choro
1657 1364 1786 1416 uniti
1832 1371 1972 1417 sunt.

386 1457 646 1512 Successit
667 1456 910 1510 Leandro
937 1453 1195 1518 Isidorus,
1223 1455 1461 1509 doctrina
1489 1454 1859 1524 sanctitathue
1882 1469 1974 1507 no-

387 1551 504 1606 bilis
527 1589 543 1614 ,
580 1557 688 1604 etc.
718 1547 920 1604 Confer
946 1562 1068 1616 cap.
1097 1544 1167 1600 28
1195 1545 1263 1600 de
1287 1546 1391 1600 hoc
1417 1543 1689 1599 Guilielmi
1721 1544 1866 1598 loco.

455 1643 546 1697 2|.
589 1640 904 1696 Vincentius
950 1636 1388 1697 Bellovacensis,
1440 1636 1554 1692 sive
1588 1633 1976 1701 Belluacensis,

386 1735 548 1805 Spec.
583 1731 718 1787 Hist.
746 1732 786 1787 l.
821 1747 985 1798 χχιιι,
1016 1745 1133 1798 cap.
1168 1729 1228 1782 ’51
1260 1747 1272 1782 :
1307 1726 1411 1781 Hic
1450 1738 1660 1782 sanctus
1705 1726 1976 1794 Isidorus,

2077 539 2265 594 Exstat
2317 540 2469 610 hujus
2514 539 2739 593 auctoris
2783 554 2912 606 opus
2954 539 3009 592 in
3053 537 3270 591 ecclesia
3305 535 3660 590 Bracharensi

2071 630 2254 686 litteris
2281 631 2509 684 fiothicis
2536 647 2693 684 manu
2721 641 3012 683 exaratum.
3045 630 3125 682 An
3156 628 3371 682 Maurus
3397 625 3656 692 Castella,

2074 726 2187 780 sive
2213 725 2388 794 quivis
2419 725 2578 791 alius,
2606 739 2672 778 ex
2701 721 3017 788 Pannormia
3053 721 3232 777 lvonis
3265 719 3666 775 Panormiuonis

2073 815 2311 886 episcopi
2342 830 2540 870 nomen
2563 815 2870 870 conﬁnxit?
2897 813 2974 867 lta
2998 827 3101 882 ego
3123 811 3498 881 conjicicbam.

2143 917 2235 974 2i.
2274 917 2502 974 Samson
2547 917 2713 971 abbas
2749 915 3113 970 Cordubensis
3159 917 3358 968 saeculo
3411 930 3493 977 ιι,
3528 913 3620 967 lib.
3650 929 3668 966 ι

2073 1010 2409 1082 Apologetici
2440 1024 2560 1078 cap.
2593 1008 2662 1075 '5,
2695 1015 2829 1061 tom.
2872 1004 2940 1058 XI
2991 1005 3127 1059 Hist.
3171 1003 3346 1068 Sacr.,
3378 1016 3502 1073 pag.
3531 1003 3665 1057 3H:

2073 1097 2154 1153 De
2173 1096 2462 1153 nominibus
2476 1111 2592 1150 uero
2613 1093 2844 1165 ejusdem
2864 1091 2990 1146 Filii
3013 1091 3110 1146 Dei
3133 1101 3239 1145 tam
3260 1092 3510 1161 propriis,
3531 1099 3667 1154 etc.,

2073 1205 2178 1244 non
2206 1188 2334 1242 mihi
2361 1185 2559 1257 aliquid
2583 1185 2783 1239 videtur
2805 1184 3149 1238 necessarium
3173 1183 3292 1235 huic
3314 1182 3458 1250 operi
3485 1181 3667 1252 inseri.

2079 1283 2155 1338 De
2183 1283 2362 1353 quibus
2379 1282 2580 1335 beatum
2603 1277 2864 1334 Isidorum
2878 1286 3080 1332 constat
3099 1277 3317 1347 miriﬁce
3338 1276 3633 1346 disputasse
3651 1291 3671 1328 :

2074 1392 2222 1446 quem
2268 1373 2446 1435 lector,
2490 1370 2861 1440 interrogando
2905 1369 3018 1438 ejus
3049 1366 3227 1437 Opera
3255 1407 3272 1433 ,
3304 1366 3373 1418 ad
3418 1365 3670 1436 liquidum

2075 1463 2261 1534 poterit
2289 1477 2592 1534 cognoscere
2619 1460 2807 1513 cmlesti
2838 1457 2998 1530 fuisse
3055 1457 3191 1512 dono
3239 1457 3508 1527 refertum.
3539 1454 3666 1509 Sa:-

2078 1553 2199 1624 pius
2241 1552 2505 1622 Sampson
2540 1549 2724 1605 Isidori
2776 1549 2937 1603 verba
2967 1561 3089 1602 cum
3120 1545 3277 1599 laude
3315 1546 3563 1615 profert,
3594 1543 3673 1598 uti

2078 1643 2240 1699 etiam
2269 1643 2385 1712 ejus
2425 1639 2648 1710 aequalis
2675 1639 2902 1694 Alvarus
2929 1636 3294 1692 Cordubensi“
3325 1636 3378 1690 in
3425 1635 3673 1704 epistolis

2080 1744 2135 1789 et
2155 1732 2386 1789 indiculo
2416 1731 2682 1787 luminoso
2711 1771 2727 1797 ,
2751 1729 2939 1784 eodem
2973 1736 3101 1782 tom.
3136 1725 3205 1780 Xl
3242 1724 3395 1796 Hisp.
3424 1725 3677 1792 Sacr.,et

389 1826 720 1896 Hispalensis
743 1825 1044 1894 episcopus,
1069 1820 1276 1891 scripsit
1305 1821 1467 1874 multa
1504 1821 1654 1874 utilia
1679 1861 1694 1887 ,
1724 1828 1831 1874 etc.
1868 1819 1974 1872 [ιε-
2011 1817 2053 1874 Β
2080 1824 2170 1879 alii
2200 1822 2396 1879 deinde
2434 1822 2725 1891 scriptores
2757 1819 2996 1889 Hispani.
3034 1817 3176 1872 Libri
3224 1815 3381 1872 Luem
3411 1815 3678 1871 Tudeusis

389 1925 579 1973 censet
602 1915 794 1988 Opera.
828 1912 1293 1970 Commontarium
1336 1912 1387 1966 in
1419 1911 1586 1966 libros
1620 1910 1831 1965 Veteris
1874 1909 1976 1964 Te-

2077 1929 2266 1976 contra
2291 1918 2605 1988 Albigeuses
2646 1915 2790 1985 pleni
2817 1923 2946 1970 sunt
2986 1913 3172 1967 lsitlori
3203 1911 3449 1966 laudibus
3472 1951 3488 1976 ,
3518 1911 3676 1980 cujus

389 2007 641 2062 stamenti
665 2005 1029 2074 allegoriarum
1074 2004 1291 2057 nomine
1320 2003 1505 2057 donat.
1539 2001 1749 2055 Tribuit
1770 2000 1975 2056 lsi=loro

2101 2010 2370 2066 ,ententias
2393 2008 2686 2078 saepissime
2718 2006 2888 2060 Lucas
2916 2013 3159 2072 usurpat.
3184 2001 3520 2056 Clarissimus
3541 2042 3556 2064 ,
3589 2002 3668 2054 ait

389 2106 680 2153 tractatum
711 2111 874 2151 unum
922 2095 985 2149 de
1020 2092 1247 2163 Corpore
1273 2101 1323 2148 et
1363 2093 1615 2164 sanguine
1645 2091 1899 2158 Domini,
1922 2097 1978 2145 et

390 2189 584 2244 librum
614 2188 958 2242 Decretorum
981 2183 1401 2254 apostolicorum
1431 2199 1579 2251 quem
1604 2183 1800 2250 primus
1820 2222 1835 2247 ,
1863 2183 1937 2235 ait
1960 2224 1976 2250 ,

391 2280 683 2351 compilavit
723 2279 996 2341 Isidorus,
1055 2284 1110 2332 et
1153 2291 1220 2331 cx
1267 2289 1374 2345 quo
1437 2273 1528 2329 lvo
1572 2282 1627 2329 et
1689 2273 1977 2328 Gratianus

398 2371 765 2441 profecerunt.

460 2457 552 2510 22.
590 2456 652 2512 S.
683 2458 983 2512 Antoninus
1030 2458 1082 2511 in
1129 2457 1401 2512 Chronico
1431 2494 1446 2522 ,
1477 2464 1619 2526 part.
1653 2473 1688 2512 ιι
1714 2499 1727 2518 ,
1759 2457 1844 2511 tit.
1876 2456 1942 2510 l3
1963 2495 1978 2520 ,

394 2561 516 2617 cap.
547 2546 617 2611 2,
647 2545 763 2602 fuse
811 2548 921 2616 agit
957 2546 1025 2602 de
1067 2546 1126 2603 S.
1174 2546 1380 2602 Isidoro
1429 2547 1654 2617 ejusque
1685 2546 1938 2615 operibus
1967 2564 1979 2598 :

397 2636 698 2708 Imperante
746 2637 992 2693 Heraclio
1026 2681 1040 2704 ,
1090 2644 1154 2692 de
1204 2654 1302 2711 quo
1351 2654 1545 2710 supra,
1599 2638 1654 2692 in
1711 2638 1985 2708 Hispaniis

395 2727 582 2783 claruit
632 2726 808 2782 beatus
863 2725 1100 2783 Isidorus
1147 2727 1481 2798 Hispalensis
1531 2729 1800 2798 episcopus
1846 2728 1986 2780 circa

397 2835 590 2872 annum
620 2817 832 2873 Domini
861 2819 1282 2873 sexcentesimum
1310 2819 1779 2890 quadragesimum,
1797 2821 1988 2873 sancti-

397 2915 503 2961 tate
523 2916 572 2961 ct
593 2907 829 2962 doctrina
872 2909 1109 2977 copiosus
1134 2949 1149 2970 ,
1181 2918 1287 2962 etc.
1321 2907 1377 2962 In
1403 2907 1672 2962 Chronico
1706 2906 1987 2963 Leodiensi

399 2997 542 3066 apud
611 2997 815 3061 Labb.,
862 2996 1118 3051 Bibliotlt.
1175 3014 1305 3052 mss.
1357 3006 1486 3052 tom.
1541 2997 1603 3063 1,
1654 3011 1775 3067 pag.
1846 2995 1987 3064 555,

402 3084 641 3139 breviter
665 3082 685 3137 ἕ
707 3084 857 3138 Anno
883 3083 987 3139 615
1013 3083 1250 3140 Isidorus
1273 3087 1538 3157 episcOpus
1561 3087 1771 3142 claruit.

2079 2102 2174 2158 lib.
2198 2119 2254 2164 ιι,
2284 2115 2403 2170 cap.
2437 2100 2490 2166 Ἰ,
2519 2097 2854 2169 pltilosOplnts
2882 2095 3247 2150 catholicorum
3279 2091 3535 2154 Isidorus,
3567 2099 3673 2144 tam

2081 2194 2409 2266 etymologiis
2461 2191 2618 2261 252
2671 2205 2826 2260 quam
2872 2203 3044 2241 rerum
3097 2185 3296 2238 naturis
3340 2183 3675 2248 disserendis,

2091 2286 2423 2340 scientiarum
2450 2293 2498 2337 et
2524 2283 2816 2354 linguarum
2840 2280 3085 2335 varietate
3114 2278 3247 2331 inter
3276 2277 3510 2331 doctores
3537 2277 3678 2330 obti—

2087 2386 2172 2430 net
2193 2377 2560 2446 principatum.

2151 2466 2243 2520 26.
2283 2464 2580 2536 Aliquoties
2620 2464 2731 2533 jam
2773 2463 2828 2518 in
2857 2463 2940 2518 bis
2979 2459 3385 2528 Prolegomenis
3432 2455 3631 2512 accidit
3657 2496 3672 2520 ,

2083 2563 2138 2609 et
2166 2553 2358 2623 sacpius
2393 2552 2647 2621 deinceps
2693 2557 2979 2613 occurret,
3017 2555 3080 2602 ut
3133 2545 3340 2614 antiqui
3387 2544 3682 2612 scriptores

2083 2642 2426 2712 proferantur
2461 2641 2552 2710 qui
2595 2641 2647 2695 in
2677 2655 2827 2694 suam
2857 2653 2968 2693 rem
2998 2636 3183 2691 lsitlori
3223 2635 3385 2690 verba
3415 2634 3673 2700 allegant.

2087 2732 2365 2803 Ejusmodi
2395 2741 2516 2788 sunt
2543 2773 2558 2800 ,
2592 2743 2650 2786 ut
2674 2733 2739 2787 de
2770 2729 3044 2786 nonnullis
3077 2743 3218 2782 nunc
3245 2726 3420 2781 dicam
3449 2765 3464 2790 ,
3495 2723 3681 2779 Theo-

2087 2825 2260 2881 dull‘us
2287 2808 2686 2879 Aurelianensis
2704 2863 2720 2886 ,
2747 2822 2837 2892 qui
2878 2822 2928 2874 in
2962 2833 3126 2889 opere
3147 2817 3215 2872 de
3243 2816 3442 2886 Spiritu
3471 2821 3681 2879 sancto,

2097 2930 2228 2975 tom.
2259 2915 2302 2972 ll
2323 2914 2487 2987 Oper.
2517 2915 2820 2980 Sirmondi,
2851 2911 3113 2968 lsidorum
3142 2909 3345 2964 excitat
3369 2923 3433 2962 ex
3474 2905 3565 2960 lib.
3611 2920 3684 2958 vn

2089 3008 2290 3082 Etym.,
2319 3023 2440 3078 cap.
2463 3006 2519 3070 ὅ,
2550 3022 2614 3059 ex
2641 3005 2734 3060 lib.
2767 3003 2945 3058 Ditl'er.
2970 3002 3113 3069 u,al.
3146 3016 3184 3065 ι,
3215 3015 3335 3069 cap.
3367 2998 3419 3064 5,
3452 3013 3519 3052 ex
3543 2995 3639 3050 lib.
3666 3011 3686 3050 ι

2090 3098 2290 3168 Sent.,
2353 3113 2474 3168 cap.
2526 3095 2615 3151 l7.
2673 3096 2878 3150 Auctor
2934 3089 3316 3161 descriptionis
3371 3084 3687 3158 rhytbntica:

471 3175 564 3232 9.5.
607 3175 797 3230 Petrus
829 3175 1174 3246 Equilinusin
1188 3177 1896 3247 CatalogosanctorumJib.
1914 3196 1988 3250 tv,
2019 3177 2064 3240 C
2095 3190 2319 3245 Verona;
2339 3231 2355 3256 ,
2382 3203 2544 3257 quam
2591 3193 2847 3255 regnante
2891 3182 3035 3254 apud
3083 3178 3465 3248 Langobardos
3496 3175 3686 3246 Pipino

402 3281 524 3336 cap.
555 3265 625 3319 50
649 3283 662 3318 :
686 3264 921 3320 Isidorus
953 3268 1109 3337 251
1143 3267 1409 3337 episc0pus
1451 3266 1812 3339 Hispalensis,
1839 3281 1946 3326 etc.
1975 3313 1992 3341 ,

401 3355 488 3426 qui
522 3354 681 3408 multa
704 3355 964 3409 volumina
991 3353 1240 3409 Ecclesia:
1270 3354 1367 3410 Dei
1402 3357 1552 3411 utilia
1591 3358 1864 3426 condidit,
1887 3369 1993 3414 etc.

407 3441 610 3507 Quievit
641 3443 886 3514 Hispali,
916 3448 1021 3498 vita
1057 3453 1106 3498 et
1143 3443 1381 3500 doctrina
1420 3447 1760 3518 prwfulgidus
1785 3491 1800 3510 ,
1831 3447 2000 3518 pridie

407 3536 595 3592 Nonas
621 3538 832 3608 Aprilis.
849 3537 1017 3609 ibique
1037 3538 1180 3606 jacet
1207 3537 1467 3592 humatus.
1494 3537 1782 3606 lgnorabat
1809 3538 1998 3594 videli-

406 3639 495 3686 cet
549 3629 735 3684 Pctrus
763 3629 830 3684 de
867 3629 1144 3684 Natalibus
1185 3629 1588 3686 translationem
1627 3632 1871 3701 corporis
1914 3631 2002 3687 Isi-

406 3720 546 3774 dori.
596 3719 652 3774 ln
707 3718 1055 3788 recensendis
1102 3719 1222 3788 ejus
1270 3719 1420 3775 libris
1467 3721 1734 3775 interdum
1781 3720 1850 3777 de
1891 3737 2001 3778 uno

410 3811 604 3868 eodem
655 3811 792 3866 libro
829 3811 911 3866 bis
948 3826 1256 3868 sermonem
1306 3813 1474 3882 facit,
1503 3828 1567 3870 ac
1614 3815 1782 3870 multa
1811 3824 1997 3872 errat:

407 3912 629 3976 quatuor
655 3902 826 3958 libros
846 3901 1248 3959 Sententiarum
1279 3905 1544 3971 nominat,
1568 3906 2001 3977 Synonymorum

410 3997 614 4068 viginti,
640 3996 743 4052 nisi
773 4011 927 4052 error
952 3997 1348 4067 exscriptorum
1374 4005 1480 4066 est;
1497 3998 1601 4054 alia
1630 4015 1697 4054 ex
1718 3999 2004 4056 Vincentio

411 4088 780 4144 Bt-llovacensi
827 4088 1038 4144 videtur
1089 4097 1396 4155 mutuatus,
1429 4091 1728 4159 praesertim
1761 4090 1828 4144 de
1866 4091 2003 4146 libro

409 4177 762 4232 Decretorum
805 4177 1223 4246 apostolicorum
1257 4176 1623 4234 Romanorum
1655 4179 1965 4248 pontilicum
1989 4219 2004 4246 ,

405 4283 794 4337 nationumque
813 4269 1185 4322 conciliorum.
1205 4268 1447 4338 Longum
1471 4279 1614 4326 esset
1633 4285 1822 4327 omnes
1843 4271 2008 4328 chro-

414 4360 660 4414 nicorum
688 4369 745 4414 et
771 4359 1141 4427 catalogorum
1179 4369 1429 4418 auctores
1477 4378 1762 4420 recensere
1790 4364 1882 4436 qui
1909 4364 2007 4421 lsi-

414 4449 532 4502 dori
564 4449 734 4503 nostri
759 4448 946 4505 laudes
974 4449 1268 4506 celebra’nt.

2097 3281 2273 3338 Caroli
2302 3279 2476 3348 Magni
2525 3276 2632 3332 lilio
2662 3316 2678 3339 ,
2707 3293 2771 3330 ex
2804 3273 2954 3330 Italia
2982 3272 3168 3328 retulit
3194 3269 3483 3324 Ratherius
3514 3267 3688 3322 Vero-

2098 3372 2276 3428 nensis
2302 3371 2587 3440 episcomts
2604 3411 2618 3432 ,
2641 3368 2770 3422 etin
2811 3363 3094 3422 Lanbiensi
3122 3360 3454 3430 autographo
3483 3357 3689 3428 apponi

2097 3460 2326 3526 curavit,
2355 3457 2494 3529 apud
2526 3455 2887 3509 Mabilloniutn
2911 3462 3043 3507 tom.
3073 3451 3092 3506 l
3118 3494 3134 3518 ,
3161 3464 3282 3522 pag.
3306 3448 3431 3514 571,
3457 3446 3686 3502 edition.

2101 3548 2387 3604 Parisiens.
2417 3544 2586 3600 1675:
2619 3543 2819 3616 Magna
2845 3551 2894 3598 et
2941 3542 3195 3613 praeclara
3241 3541 3397 3611 pollet
3427 3537 3550 3593 urbs
3581 3537 3690 3592 ltwc

2103 3642 2159 3695 in
2189 3640 2349 3694 Italia
2375 3640 2429 3692 in
2473 3639 2705 3708 partibus
2744 3634 3106 3697 Venetiarum,
3131 3639 3186 3685 ut
3231 3631 3376 3686 docet
3415 3628 3689 3699 Isidorus,

2105 3749 2220 3804 qua:
2256 3731 2462 3786 Verona
2489 3731 2742 3783 vocitatur
2763 3728 2886 3781 olim
2916 3725 3222 3796 antiquitus.

2177 3821 2266 3874 27.
2309 3821 2461 3890 Apud
2485 3818 2698 3873 Pezium
2726 3826 2858 3871 tom.
2885 3814 2926 3868 ιι
2963 3812 3124 3868 Thes.
3171 3811 3373 3868 Anecd.
3402 3853 3416 3878 ,
3447 3818 3584 3882 part.
3618 3827 3689 3876 ιι,

2107 3914 2214 3969 col.
2234 3913 2322 3979 41,
2336 3912 2633 3966 Adltelerus
2655 3911 2704 3963 in
2726 3907 2986 3962 admonit.
2999 3906 3067 3960 ad
3086 3904 3432 3972 Nosuindam,
3451 3919 3573 3974 cap.
3593 3902 3688 3956 ιδε

2105 4003 2245 4058 Dicit
2281 4005 2416 4056 enim
2455 3999 2690 4054 Isidorus
2728 3998 2862 4068 quod
2900 3997 3219 4050 orationibus
3255 3994 3586 4057 inundamur,
3612 3991 3690 4044 leo

2106 4077 2356 4146 ctionibus
2378 4090 2684 4144 instruintur
2704 4104 2722 4141 :
2753 4103 2818 4141 ex
2848 4089 2940 4141 lib.
2971 4102 3028 4140 ιιι
3053 4085 3206 4141 Sent.
3225 4125 3241 4150 ,
3270 4097 3388 4152 cap.
3423 4081 3487 4144 8,
3518 4079 3691 4134 initio.

2110 4176 2309 4232 Ibidem
2337 4175 2443 4230 col.
2499 4173 2560 4229 9|
2619 4171 2866 4227 Placidus
2915 4169 3322 4226 Nonantulanus
3357 4166 3426 4222 de
3473 4165 3695 4220 Honore

2111 4269 2365 4327 Ecclesia:
2395 4284 2496 4338 cap
2529 4267 2628 4320 16:
2663 4266 2748 4321 Ea;
2790 4266 2941 4321 dictis
2969 4267 3029 4322 S.
3055 4264 3250 4320 Isidori
3285 4263 3549 4333 episcopi:
3580 4261 3692 4317 Sub

2109 4358 2372 4431 regiminis
2396 4357 2671 4428 disciplina
2694 4357 2872 4412 steculi
2887 4365 3192 4426 potestates,
3215 4362 3320 4409 etc.
3353 4352 3545 4408 Petrus
3565 4351 3694 4405 Cel-

2111 4453 2304 4516 leusis,
2337 4451 2428 4506 lib.
2483 4467 2555 4514 tv,
2599 4451 2757 4522 epist.
2796 4451 2861 4516 2,
2893 4450 3036 4520 apud
3077 4449 3419 4505 Sirmondum
3464 4455 3598 4502 tom.
3629 4445 3697 4499 ιιι

485 4537 575 4593 9-4.
619 4538 980 4595 Panormiuon
1017 4539 1255 4610 ignotum
1281 4541 1409 4596 mibi
1451 4559 1643 4600 nomen
1669 4555 1752 4601 est
1775 4588 1791 4613 ,
1825 4563 1998 4617 neque
2026 4547 2080 4608 1)
2105 4539 2265 4611 Oper.
2295 4557 2308 4594 :
2337 4539 2489 4594 Unde
2515 4539 2702 4594 dicitur
2733 4538 2871 4593 Deus
2898 4539 3117 4609 simplest:
3160 4554 3263 4592 non
3283 4537 3345 4592 ob
3374 4537 3538 4601 aliud,
3573 4543 3699 4589 teste

418 4628 472 4687 in
499 4627 830 4686 Bibliotheca
861 4630 1147 4700 llispanica
1167 4633 1472 4702 repertum}
1505 4637 1802 4691 exscribam
1827 4646 2004 4695 tamen

419 4719 488 4774 tle
524 4735 607 4800 eo
635 4722 799 4776 'verba
827 4721 1164 4778 Constantini
1190 4720 1434 4794 Cajetani
1469 4726 1521 4780 in
1569 4726 1754 4782 lsidori
1787 4729 2003 4800 Elogio,

422 4823 544 4879 pag.
576 4799 647 4864 54
671 4828 683 4862 :
710 4809 980 4867 Coronidis
1001 4813 1113 4868 loco
1144 4813 1226 4867 hic
1259 4815 1463 4869 tandem
1489 4805 1652 4873 nobis
1691 4819 1842 4874 liceat
1867 4837 2008 4876 com-

423 4901 665 4953 mendare
695 4917 945 4956 summam
985 4905 1172 4957 summi
1227 4905 1376 4975 ltujus
1433 4907 1527 4960 viri
1574 4909 1843 4963 scientiant
1869 4951 1884 4974 ,
1940 4927 2005 4966 e1;

423 5006 481 5044 eo
525 4990 680 5044 etiam
725 4993 860 5062 quod
885 4993 1214 5047 utilissimam
1265 4997 1529 5050 navaverit
1569 5015 1779 5068 Operam
1837 4999 2011 5056 Eccle-

425 5081 518 5135 sia:
555 5079 842 5148 catltolicte,
890 5092 944 5136 ut
997 5099 1110 5138 cum
1161 5101 1228 5140 ea:
1255 5087 1374 5141 aliis
1397 5090 1604 5156 multis,
1647 5098 1756 5144 tum
1783 5108 1899 5147 vero
1951 5111 2018 5149 ex

427 5171 642 5226 decretis
685 5182 888 5228 constat
916 5213 932 5240 ,
959 5190 1175 5246 quorum
1204 5193 1309 5231 non
1340 5181 1555 5233 minima
1597 5199 1718 5250 pars
1775 5200 1841 5237 ex
1877 5186 2015 5239 illius

428 5263 866 5318 lucubrationibus
883 5265 1121 5336 decerpta
1147 5277 1241 5322 est.
1259 5267 1431 5334 Quare
1459 5271 1552 5325 hoc
1573 5272 1624 5324 in
1642 5272 1752 5326 loco
1779 5276 2017 5328 animad-

430 5355 726 5409 vertendum
739 5357 870 5411 illud
882 5368 977 5422 est,
1003 5360 1140 5429 quod
1155 5360 1506 5420 Panormiuon
1527 5366 1736 5431 quidam
1751 5369 2017 5436 episcopus

433 5445 508 5512 (ut
529 5457 604 5500 est
625 5449 764 5517 apud
790 5449 1033 5504 Maurum
1063 5451 1370 5526 Castellum)
1392 5457 1614 5526 scriptor
1639 5460 2012 5514 uetustissimus

432 5535 485 5588 in
534 5537 665 5591 libro
694 5539 783 5593 illo
827 5557 918 5594 suo
961 5541 1025 5594 de
1061 5544 1360 5599 multimoda
1393 5545 1779 5615 Scripturarum
1826 5551 2014 5607 distin-

436 5624 622 5718 ctione,
650 5627 770 5682 dum
797 5647 971 5685 eorum
999 5631 1245 5688 librorum
1267 5635 1352 5702 qui
1368 5650 1460 5689 suo
1491 5645 1717 5709 tempore
1743 5641 1806 5694 ab
1835 5641 2016 5698 Eccle-

437 5716 518 5763 sia
552 5716 802 5772 catholica
829 5723 1018 5785 recepti
1046 5731 1214 5787 erant,
1247 5716 1552 5778 mentionem
1575 5729 1700 5797 facit
1726 5769 1742 5796 ,
1773 5735 2010 5789 uniuersa

2115 4631 2321 4686 Isidoro
2345 4673 2361 4699 ,
2395 4632 2496 4685 nisi
2523 4631 2643 4702 quia
2687 4646 2788 4685 non
2818 4640 2896 4684 est
2941 4629 3085 4683 aliud
3112 4629 3243 4697 ipse,
3285 4637 3336 4681 et
3376 4627 3519 4681 aliud
3561 4625 3700 4696 quod

2113 4724 2169 4778 in
2194 4724 2304 4794 ipso
2324 4730 2401 4776 est
2425 4737 2442 4775 :
2465 4736 2530 4777 ex
2561 4721 2689 4776 lib.t
2716 4722 2867 4778 Sent.
2896 4736 3015 4791 cap.
3043 4719 3202 4774 Lilis
3233 4719 3447 4788 adjungi
3475 4726 3702 4787 possunt

2117 4815 2429 4886 Anonymus
2458 4813 2763 4879 Ravennas,
2793 4815 2906 4868 sive
2925 4814 2968 4868 is
3001 4812 3160 4868 fuerit
3189 4811 3363 4867 Guido
3394 4810 3702 4881 presbyter,

2115 4907 2207 4978 qui
2234 4907 2286 4962 in
2325 4922 2420 4962 sua
2448 4906 2784 4977 Geograpltia
2829 4905 3090 4962 lsidorum
3135 4919 3259 4976 pag.
3287 4904 3356 4960 12
3393 4904 3616 4972 laudat,
3648 4914 3706 4958 et

2116 4996 2446 5053 Scltoliastes
2498 5006 2653 5054 vetus
2699 4997 2946 5065 Horatii,
2979 4997 3071 5068 qui
3101 5013 3225 5067 pag.
3274 4995 3378 5050 207
3405 4995 3536 5051 edit.
3582 4992 3704 5050 lac.

2117 5087 2370 5157 Crucquii
2407 5085 2599 5142 lsidori
2627 5091 2948 5144 auctoritate
2975 5090 3161 5144 utitur.

2187 5190 2276 5244 28.
2319 5190 2375 5244 ln
2391 5188 3103 5263 Evangeliarioquadruplici
3123 5191 3401 5248 BIaochini
3427 5205 3545 5262 pag.
3563 5189 3674 5245 605
3691 5235 3708 5257 ,

2119 5287 2254 5349 terg.
2280 5320 2295 5346 ,
2327 5292 2640 5337 recensetur
2659 5283 2842 5338 Codex
2875 5282 3360 5352 Regio-Vaticanus
3405 5298 3552 5337 num.
3592 5282 3666 5336 76
3691 5325 3707 5347 ,

2119 5385 2372 5431 exarntus
2419 5377 2616 5433 saeculo
2670 5393 2760 5441 XI,
2815 5379 2965 5447 cujus
3011 5376 3284 5447 specimen
3328 5375 3710 5430 characterum

2117 5475 2532 5535 repraesentatur
2582 5484 2726 5522 num.
2785 5469 2838 5535 7,
2886 5469 2997 5524 tab.
3048 5467 3118 5534 5,
3161 5474 3284 5537 post
3331 5481 3454 5537 pag.
3507 5464 3596 5519 60.
3657 5465 3708 5520 Is

2119 5554 2296 5610 Codex
2327 5557 2568 5612 continet
2615 5555 2764 5612 Pauli
2813 5558 3145 5628 problemata
3195 5557 3262 5611 de
3299 5554 3703 5625 muigmatibus,

2119 5663 2184 5703 ac
2211 5650 2368 5704 tomis
2393 5651 2668 5707 canonicis
2690 5691 2706 5716 ,
2736 5667 2965 5722 quorum
3012 5653 3219 5706 initium
3252 5652 3356 5707 hoc
3387 5660 3509 5708 est:
3548 5648 3707 5703 Vetus

2126 5737 2503 5795 Tcstamentum
2527 5783 2540 5809 ,
2574 5741 2811 5797 Isidorus
2867 5744 3022 5810 dicit,
3049 5744 3165 5800 ideo
3211 5744 3418 5808 dicitur,
3448 5745 3570 5816 quia
3615 5756 3706 5795 vc-
