4002 6196
354 265 460 318 203

1355 258 1764 317 ISIDOIIIANA.
1791 259 2052 317 —PAIIS
2091 260 2130 315 I.
2172 259 2323 316 CAP.
2366 259 2604 315 XXXIV.

3523 263 3630 320 206

353 387 526 439 niente
554 378 707 436 Novo
741 376 973 433 cessavit.
1003 372 1120 430 Non
1145 372 1446 444 explicatur
1473 374 1719 443 quisnam
1749 373 1821 429 sit
1841 372 1943 429 iste

2073 410 2291 447 rrarem.
2322 390 2379 445 In
2411 400 2556 446 tanta
2586 390 2747 458 igitur
2768 389 3026 446 varietate
3047 404 3228 447 rerum
3256 389 3630 463 antiquarum,

357 473 552 527 Paulus
574 510 591 534 ,
624 468 713 539 qui
752 468 982 521 lortasse
1006 471 1087 519 est
1114 463 1372 518 diaconus
1390 462 1779 526 Warnel’ridus,
1808 463 1944 528 sive,

2047 498 2183 553 quas
2224 481 2458 536 Isidorus
2514 481 2898 550 pertractavit,
2945 482 2991 535 si
3040 482 3162 550 quis
3214 498 3371 536 error
3421 483 3475 537 iu
3520 482 3638 553 ejus

354 576 415 623 ut
469 564 561 619 alii
613 569 855 625 vocant,
885 556 1229 613 Waruel’ridi.
1280 556 1466 611 Obiter
1517 557 1833 618 advertam,
1878 555 1947 611 ab
2048 588 2212 641 opera
2258 572 2507 640 ίη-ερείι,
2540 572 2839 642 antiquitati
2879 571 3057 641 ρυιευε
3105 586 3269 641 quam
3301 571 3506 627 Isidoro
3537 573 3635 643 ipsi

354 656 685 713 auctoritate
714 665 939 721 quoque
968 648 1156 704 Isidori
1200 647 1407 702 initium
1454 648 1654 703 ducere
1686 648 1825 702 duos
1852 661 1949 701 au-

354 759 539 805 ctores
561 745 800 801 historias
842 742 1118 807 Romanae,
1149 740 1333 795 Itaiico
1364 741 1531 796 veteri
1553 755 1803 795 sermone
1825 755 1950 795 con-

352 839 571 907 scriptzc
600 877 615 901 ,
647 835 879 901 alterum
926 833 979 888 in
1010 850 1112 889 ms.
1143 833 1343 889 Codice
1373 830 1740 886 OttobOuiano
1764 830 1944 884 2616:

354 928 488 982 Dice
517 929 568 981 lo
598 926 827 997 glorioso
872 926 1088 979 missore
1129 932 1278 978 santo
1330 920 1535 975 Isidoro
1563 962 1579 987 ,
1638 921 1864 975 alterum
1897 920 1948 973 in

354 1018 558 1074 Codice
573 1015 942 1070 Ottobouiauo
958 1014 1124 1068 2658:
1140 1013 1263 1067 Dice
1281 1012 1438 1084 253
1466 1012 1519 1066 lo
1549 1011 1774 1083 glorioso
1800 1021 1952 1065 santo

357 1108 570 1164 Isidoro
591 1105 728 1158 nello
749 1104 877 1157 livro
898 1104 1031 1157 delle
1056 1101 1386 1173 Etimologie,
1406 1110 1515 1156 etc.
1546 1100 1745 1156 Prioris
1771 1100 1953 1171 operis

356 1204 551 1253 auctor
571 1195 766 1249 dicitur
792 1191 935 1247 Lello
962 1191 1206 1246 Petroni:
1234 1194 1463 1246 alterum
1492 1206 1820 1262 auonymum
1849 1197 1950 1245 est.

357 1287 420 1342 In
471 1286 655 1342 codice
694 1284 861 1352 Regio
910 1283 1171 1338 Vaticano
1216 1281 1355 1336 1575
1401 1298 1525 1337 mox
1560 1282 1954 1349 describcn'lo,

359 1380 417 1433 iu
448 1394 556 1447 quo
592 1376 833 1447 qumdam
864 1384 988 1429 sunt
1025 1374 1248 1439 Isidori,
1306 1376 1571 1446 reperitur
1598 1389 1734 1444 opus
1771 1375 1958 1430 inscri-

357 1478 545 1539 ptum:
564 1467 640 1521 De
657 1484 743 1522 xw
763 1466 1412 1533 divisionibustemporum.
1426 1463 1647 1535 Incipit:
1669 1463 1957 1518 Divisiones

358 1576 650 1633 temporum
678 1568 800 1629 quot
847 1559 1004 1612 sunt?
1031 1575 1142 1614 xuii
1168 1607 1181 1624 ,
1216 1561 1269 1613 id
1313 1568 1389 1613 est
1413 1600 1428 1626 ,
1460 1569 1659 1613 atomus
1684 1599 1699 1625 ,
1731 1575 1960 1613 momen-

361 1663 471 1706 tnm
498 1692 514 1715 ,
546 1659 650 1704 etc.
689 1649 888 1702 Passim
921 1647 1165 1702 laudatur
1194 1647 1434 1704 Isidorus
1459 1666 1471 1701 :
1499 1648 1737 1704 Isidorus
1766 1649 1958 1719 defini-

2052 664 2364 720 tribuendus
2392 664 2623 729 videtur,
2655 678 2827 732 neque
2860 664 2930 717 ita
2973 673 3173 719 temere
3195 666 3264 719 de
3286 680 3356 720 eo
3384 665 3633 733 judican-

2051 759 2176 809 dum
2204 795 2220 821 ,
2254 764 2312 809 ut
2351 755 2566 825 quidam
2610 754 2814 808 faciunt
2837 772 2850 808 :
2874 768 3183 824 quanquam
3233 755 3477 825 plerique
3512 772 3638 811 eum

2054 846 2258 902 meritis
2312 846 2559 901 laudibus
2609 845 2894 900 extollunt.
2944 846 3211 902 Nonnulla
3272 848 3635 903 recentiorum

2052 937 2405 1010 quorumdam
2447 937 2514 991 de
2546 935 2748 990 Isidoro
2774 936 2971 1004 judicia
3005 936 3126 993 Nic.
3159 939 3422 994 Antonius
3451 938 3545 991 lib.
3583 955 3639 1003 v,

2054 1044 2175 1099 cap.
2226 1026 2287 1093 4,
2331 1045 2384 1082 ιι.
2438 1026 2535 1091 9i,
2579 1026 2717 1081 Bibl.
2763 1025 2883 1080 Vet.
2919 1025 3093 1091 Ilisp.,
3135 1027 3375 1095 collegit.
3420 1026 3645 1081 Scilicet

2054 1116 2286 1173 Iacobus
2303 1114 2541 1172 Gaddius
2562 1124 2691 1171 tom.
2724 1114 2741 1169 I
2764 1115 2960 1184 Script.
2987 1132 3093 1170 non
3115 1113 3452 1181 Ecclesiast.,
3468 1132 3641 1168 exem—

2057 1212 2173 1280 plar
2199 1212 2425 1281 episcopi
2455 1210 2681 1263 numeris
2703 1209 2939 1263 omnibus
2960 1208 3203 1272 absoluti,
3232 1209 3484 1263 doctrina
3504 1210 3643 1263 mul-

2059 1305 2267 1374 tiplicis,
2288 1302 2690 1373 eruditionisque
2711 1303 2974 1355 immensa:
2995 1301 3156 1354 virum
3184 1298 3444 1353 Isidorum
3465 1308 3643 1353 vocat.

2060 1394 2257 1465 Xystus
2285 1394 2539 1450 Senensis
2566 1394 2661 1448 lib.
2693 1408 2740 1445 Iv
2778 1390 3032 1445 Biblioth.
3055 1399 3229 1444 sanet.
3273 1392 3480 1444 exirnice
3519 1406 3645 1443 san-

2060 1486 2253 1538 ctitatis
2274 1492 2321 1537 et
2348 1482 2674 1546 eruditionis,
2703 1481 2995 1535 divinarum
3023 1479 3413 1551 Scripturarum
3434 1480 3643 1548 peritis-

2060 1577 2247 1630 simum
2271 1616 2287 1642 ,
2317 1584 2366 1628 et
2407 1576 2460 1627 in
2488 1572 2719 1644 legendis
2737 1614 2752 1637 ,
2789 1570 3089 1641 colligendis
3130 1572 3535 1641 coaptandisque
3561 1570 3640 1623 di-

2065 1666 2159 1719 ctis
2206 1682 2267 1717 ac
2316 1664 2613 1727 sententiis,
2645 1671 2695 1715 et
2737 1661 2995 1732 rapsodiis
3038 1668 3263 1715 veterum
3309 1659 3528 1714 Patrum
3578 1676 3643 1714 es:

358 1744 435 1796 ait
490 1742 665 1795 (licens
688 1781 705 1805 ,
736 1746 843 1794 etc.
873 1738 1090 1793 Tomol
1118 1740 1351 1811 Operum
1400 1741 1564 1795 Beda:
1597 1750 1769 1797 exstat
1817 1758 1953 1811 opus

2078 1756 2339 1809 nnumeris
2367 1763 2416 1808 et
2445 1753 2707 1807 immensis
2735 1768 2911 1806 eorum
2953 1750 3291 1805 roluminibus
3336 1751 3646 1804 desiderium

359 1838 437 1886 ita
468 1831 816 1900 inscriptum,
857 1828 1011 1897 cnjus
1046 1828 1231 1884 Codex
1268 1845 1365 1885 ms.
1418 1831 1627 1886 auctior
1681 1847 1959 1887 comma-no

358 1926 523 1978 datur
547 1938 577 1975 a
616 1919 926 1974 Mabillouio
960 1932 1104 1973 Iomo
1147 1919 1166 1973 I
1206 1920 1373 1975 Musei
1411 1920 1578 1977 Italici
1616 1936 1740 1992 pag.
1786 1920 1959 1975 69.111

361 2014 473 2067 alio
503 2009 703 2067 Codice
752 2009 965 2079 Regium
1000 2010 1295 2066 Succorum
1318 2050 1335 2076 ,
1370 2010 1507 2065 infra
1560 2013 1723 2067 etiam
1770 2028 1960 2068 recen-

362 2104 574 2165 sendo,
599 2116 737 2174 opus
771 2107 1039 2171 reperitur
1087 2104 1324 2157 au:toris
1364 2118 1473 2157 non
1502 2103 1574 2157 ita
1621 2104 1828 2174 prisci,
1858 2105 1963 2160 hoc

370 2194 533 2248 titulo
573 2190 962 2244 :Auctoritates
999 2191 1133 2260 quod
1179 2189 1359 2245 Roma:
1410 2208 1443 2245 a
1481 2199 1661 2245 sancto
1714 2189 1963 2246 Silvestro

364 2284 741 2339 Constantinus
788 2281 1078 2351 baptizatus
1126 2290 1224 2335 est.
1277 2280 1547 2336 Iudicatur
1589 2278 1824 2336 Isidorus
1864 2296 1963 2351 pro

364 2381 473 2434 hoc
502 2387 819 2447 argumento
868 2377 1008 2430 inter
1052 2375 1226 2432 alios:
1259 2377 1353 2432 sed
1383 2416 1399 2440 ,
1451 2388 1509 2431 ut
1556 2390 1660 2447 ego
1705 2385 1833 2447 puto
1856 2415 1871 2441 ,
1897 2390 1966 2432 ex

362 2470 679 2542 apocrypha
707 2466 1030 2525 collectione
1056 2466 1244 2522 Isidori
1267 2467 1602 2523 Mercatoris.

435 2564 526 2619 29.
569 2563 751 2618 Codex
791 2563 1081 2618 Vaticanus
1121 2560 1259 2615 1545
1302 2561 1525 2615 exhibet
1555 2559 1843 2630 quamdam
1874 2559 1967 2613 «le-

360 2666 643 2713 cretorum
676 2664 731 2711 et
767 2670 1035 2709 canonum
1073 2652 1448 2707 collectionem
1468 2692 1483 2717 ,
1516 2659 1572 2706 et
1615 2654 1870 2706 nonnulla
1900 2650 1967 2706 de

363 2747 533 2802 rebus
577 2745 954 2800 ecclesiasticis
1003 2742 1281 2813 Opuscula.
1339 2739 1590 2796 Piimum
1626 2755 1764 2811 opus
1811 2740 1965 2796 initio

362 2836 622 2892 mutilum
665 2844 785 2901 est,
815 2835 872 2890 in
917 2849 1026 2904 quo
1082 2833 1151 2889 de
1204 2832 1441 2888 vestibus
1494 2832 1965 2902 sacerdotalibus,

362 2928 725 2985 sacramentis
765 2938 820 2983 et
847 2928 967 2983 aliis
1002 2928 1198 2995 agitur,
1231 2934 1287 2982 et
1324 2927 1379 2981 in
1408 2926 1634 2982 rubricis
1656 2942 1803 2999 saepe
1825 2928 1965 2983 cita-

366 3030 457 3074 tur
495 3017 733 3074 Isidorus
754 3057 771 3084 ,
802 3026 864 3072 ut
904 3017 973 3072 de
1018 3016 1339 3072 exorcismis
1365 3057 1381 3083 ,
1415 3017 1485 3072 de
1535 3018 1829 3086 scrutinio,
1856 3028 1962 3072 etc.

366 3111 569 3166 Ibidem
597 3150 612 3174 ,
645 3124 767 3180 pag.
798 3109 903 3165 445
934 3151 950 3177 ,
984 3110 1304 3181 opusculum
1334 3108 1402 3165 de
1431 3108 1702 3179 baptismo
1733 3117 1789 3165 et
1818 3108 1966 3166 omni
1993 3114 2039 3178 (ζ

367 3203 487 3272 ejus
509 3202 703 3257 ordine
728 3241 745 3267 ,
772 3200 927 3271 juxta
959 3201 1258 3270 indaginem
1287 3200 1680 3255 catholicorum
1699 3239 1716 3265 ,
1750 3199 1964 3268 incipit:

372 3291 628 3364 Baptismi
669 3301 1047 3346 sacramentum
1089 3292 1135 3345 si
1178 3291 1347 3363 prima
1388 3300 1622 3361 repetens
1660 3289 1724 3343 ab
1771 3290 1971 3360 origine

371 3385 602 3456 pandam
632 3398 697 3438 ex
740 3398 860 3453 cap.
900 3381 971 3444 24
998 3424 1012 3447 ,
1053 3382 1146 3437 lib.
1188 3397 1224 3436 ιι
1271 3384 1338 3436 de
1382 3380 1583 3436 ΟΙΙὶιίἰδ
1622 3380 1837 3446 Isidori,
1874 3380 1969 3451 qui

367 3490 627 3545 expresse
655 3474 963 3529 nominatur
987 3475 1041 3528 iu
1071 3474 1229 3529 titulo
1258 3491 1271 3526 :
1307 3473 1382 3528 Dc
1411 3474 1789 3529 cnteclmmenis
1816 3490 1971 3529 exor-

366 3565 551 3633 cismi:
583 3563 778 3618 Isidori
800 3580 819 3618 :
851 3564 1059 3619 scilicet
1077 3579 1141 3619 ex
1174 3564 1267 3619 lib.
1301 3580 1339 3619 ιι
1365 3564 1433 3619 de
1458 3561 1694 3631 Olliciis,
1723 3580 1845 3636 cap.
1876 3566 1966 3619 20.

439 3656 529 3709 30.
573 3654 781 3710 Nomen
812 3653 996 3710 Isidori
1027 3655 1358 3711 celebratum
1404 3655 1587 3711 videre
1613 3656 1775 3711 etiam
1818 3664 1972 3726 pote-

364 3747 445 3803 ris
473 3747 525 3800 in
581 3745 783 3802 Codice
838 3745 1204 3801 Laurentiano
1256 3745 1315 3801 S.
1373 3745 1576 3812 Marci,
1630 3747 1967 3802 recensendo

367 3852 490 3907 cap.
540 3834 611 3888 1M
637 3876 654 3902 ,
685 3834 740 3888 in
782 3848 891 3903 quo
939 3845 1022 3889 est
1070 3834 1313 3905 quadam
1360 3835 1581 3889 homilia
1634 3836 1736 3890 sub
1784 3835 1970 3891 Isidori

371 3928 612 3982 nemine.
648 3924 937 3980 Bandiuius
975 3933 1107 3980 tom.
1134 3923 1177 3979 ll
1213 3923 1385 3980 Codd.
1437 3924 1678 3980 Latiuor.
1722 3926 1969 3983 biblioth.

368 4019 669 4085 Mediocre,
723 4018 858 4087 plut.
911 4017 1001 4079 47,
1058 4016 1313 4072 describit
1368 4015 1625 4072 Codicem
1681 4018 1865 4073 saiculi
1920 4035 1972 4073 xl

369 4114 611 4169 ineuntis
631 4153 648 4178 ,
682 4112 1050 4166 continentem
1079 4111 1280 4166 scholia
1310 4113 1363 4165 in
1380 4109 1715 4169 Prisciauum
1736 4152 1751 4177 .
1777 4115 1973 4184 quibus

372 4217 572 4280 praster
593 4208 731 4262 alios
759 4206 994 4262 Isidorus
1023 4214 1079 4260 et
1110 4206 1251 4260 Beda
1282 4206 1588 4263 laudantur.

443 4301 535 4355 Si.
577 4298 864 4354 Curiosum
904 4307 987 4352 est
1010 4313 1145 4367 opus
1192 4298 1505 4367 inscriptum
1534 4340 1550 4367 ,
1582 4298 1771 4353 Tantus
1795 4303 1974 4371 singu-

376 4396 504 4448 laris
544 4393 834 4462 insignium
876 4401 1147 4445 auctorum
1176 4401 1282 4443 tam
1319 4390 1621 4445 ercorum
1647 4409 1800 4463 quam
1826 4392 1975 4446 Lati-

2063 1848 2329 1901 habentem
2360 1846 2704 1916 inexplebile,
2734 1854 2785 1898 et
2814 1845 2945 1897 vires
2971 1845 3182 1898 omnino
3208 1844 3566 1897 inexhaustas.

2132 1937 2185 1992 2.
2226 1937 2522 1992 Βεεθηάὶιιν
2552 1937 2641 1990 lib.
2676 1951 2711 1990 ιι
2745 1935 2912 1989 Lusit.
2946 1935 3193 2003 autiquit.
3223 1936 3386 1988 virum
3411 1950 3653 2005 magnam

2062 2030 2328 2100 appellat,
2359 2039 2409 2082 et
2449 2044 2619 2081 rerum
2673 2027 2950 2080 multarum
3000 2026 3126 2079 bene
3174 2027 3437 2093 peritunt,
3492 2042 3653 2095 neque

2062 2120 2430 2192 elegantiarum
2480 2129 2585 2171 tant
2628 2126 2885 2185 expertem
2922 2116 3210 2170 litterarum
3235 2157 3251 2181 ,
3300 2124 3355 2167 ut
3410 2115 3653 2170 insolenti

2064 2211 2278 2283 fastidio
2331 2212 2399 2264 sit
2446 2226 2479 2263 a
2528 2208 2733 2262 dicendi
2789 2208 3079 2261 testimonio
3121 2205 3463 2276 ablegandus.
3510 2207 3653 2263 Alibi

2064 2304 2240 2357 multa:
2265 2310 2371 2354 tum
2397 2299 2701 2354 eruditionis
2718 2337 2733 2363 ,
2756 2308 2861 2351 tum
2889 2298 3172 2369 diligentiae
3191 2298 3451 2353 hominem
3470 2309 3649 2356 vocat.

2067 2393 2306 2463 Raphael
2334 2402 2511 2447 autem
2544 2391 2927 2446 Volaterranus
2948 2432 2965 2458 ,
2997 2391 3172 2461 pergit
3213 2390 3330 2446 Nic.
3365 2391 3651 2456 Antonius,

2068 2502 2171 2539 non
2191 2492 2297 2537 tam
2319 2484 2556 2537 doctrina
2580 2498 2736 2554 quam
2759 2482 2864 2536 vita
2886 2481 3267 2551 philosophum,
3290 2483 3406 2536 etin
3438 2483 3657 2538 dicendo

2066 2589 2171 2627 non
2213 2580 2321 2626 tam
2368 2572 2545 2626 rudem
2592 2586 2747 2643 quam
2795 2570 3226 2634 inexercitatum,
3257 2570 3400 2626 haud
3437 2572 3658 2628 omnino

2068 2680 2215 2727 recte
2242 2671 2475 2726 censuit.
2520 2667 2729 2740 Stylum
2769 2667 2913 2722 enim
2958 2667 3076 2735 ejus
3118 2668 3297 2723 sicculi
3316 2668 3439 2736 quis
3485 2667 3537 2722 in
3588 2683 3671 2735 eo,

2068 2761 2506 2833 reprehenderit?
2532 2762 2639 2815 Aut
2663 2759 2877 2815 cuinam
2904 2758 3174 2814 videbitur
3199 2759 3245 2814 is
3275 2774 3384 2814 non
3403 2759 3655 2815 doctrina

2068 2853 2449 2926 philosophus,
2480 2850 2572 2920 qui
2620 2849 2866 2904 moribus
2898 2858 2953 2904 et
2981 2848 3166 2918 pietati
3195 2849 3527 2919 praescripsit
3568 2865 3658 2905 re-

2068 2948 2221 3016 gulas
2248 2943 2512 3005 universis
2525 2941 2775 2998 Ecclesia:
2800 2940 3012 2997 stcculis
3034 2942 3226 2995 merito
3254 2942 3525 3011 suscipien
3546 2943 3663 2997 las?

2069 3038 2338 3104 Quantum
2392 3049 2523 3088 vero
2580 3031 2724 3087 favet
2768 3030 3038 3101 Iosephus
3086 3031 3367 3102 Scaliger!
3424 3032 3663 3089 Isidorus

2073 3128 2264 3191 amita,
2296 3126 2373 3181 ait
2423 3125 2477 3180 in
2526 3124 2714 3196 primis
2752 3121 3162 3193 Scaligeriauis,
3196 3140 3249 3193 p.
3285 3122 3390 3190 65,
3423 3141 3491 3180 ex
3531 3136 3665 3179 vete-

2073 3238 2187 3275 rum
2240 3218 2387 3274 libris
2414 3259 2430 3284 ,
2488 3217 2669 3289 quibus
2722 3217 2875 3272 hodie
2923 3232 3158 3270 caremus
3189 3256 3204 3282 ,
3252 3232 3413 3287 eaque
3466 3218 3661 3283 optima

2075 3311 2421 3379 transcripsit.
2455 3308 2583 3364 Ideo
2610 3308 2757 3362 illum
2807 3308 2954 3363 velim
3003 3307 3207 3362 habere.
3260 3306 3435 3362 Doctis
3481 3310 3655 3363 utilis-

2073 3403 2235 3456 simus
2264 3409 2361 3454 est.

2144 3493 2304 3565 255
2324 3492 2377 3546 5.
2409 3488 2535 3545 Haec
2564 3488 2677 3544 fere
2703 3504 2771 3544 ex
2790 3488 2903 3543 Nic.
2929 3488 3183 3543 Antonio.
3212 3487 3278 3542 Ut
3299 3497 3479 3543 autem
3501 3488 3546 3543 is
3567 3487 3663 3543 Isi-

2073 3584 2264 3640 dorum
2294 3591 2485 3638 contra
2512 3579 2838 3649 Baphaelem
2858 3578 3265 3633 Volaterrauum
3297 3579 3552 3643 vindicat.
3584 3580 3663 3635 sic

2074 3679 2235 3733 etiam
2265 3675 2437 3733 Julius
2465 3675 2759 3729 Minutolus
2788 3674 3019 3729 similem
3042 3673 3410 3730 defensionem
3433 3676 3664 3731 adornat

2074 3774 2263 3822 contra
2306 3765 2575 3820 Alciatum
2633 3772 2689 3818 et
2732 3763 3020 3828 Polletum,
3069 3764 3162 3834 qui
3213 3764 3477 3820 Isidorum
3505 3776 3672 3822 vocat

2073 3858 2239 3911 virum
2289 3872 2391 3909 non
2454 3863 2561 3907 tam
2606 3853 2863 3907 eruditum
2910 3871 3067 3923 quam
3113 3854 3322 3910 bonum.
3352 3855 3668 3925 Minutolus,

2076 3953 2290 4005 dissert.
2318 3950 2369 4012 7.
2400 3949 2473 4002 ita
2503 3948 2676 4017 pergit
2708 3964 2720 3998 :
2756 3945 2995 4000 Isidorus
3021 3964 3115 4001 suo
3139 3946 3495 4018 Etgmologico
3514 3990 3527 4008 .
3550 3952 3669 4018 qni-

2077 4040 2293 4095 basdam
2319 4041 2437 4095 licet
2456 4040 2614 4093 uteris
2636 4054 2891 4105 resperso,
2914 4036 3287 4091 eruditionibus
3310 4048 3481 4093 tamen
3502 4042 3670 4110 refer-

2078 4136 2297 4196 tissimo,
2324 4146 2569 4199 magnam
2595 4129 2761 4182 lucem
2782 4128 3079 4197 antiquitati
3102 4129 3364 4197 feneratus
3392 4138 3488 4181 est.
3521 4127 3671 4182 Unde

2079 4231 2371 4293 portentum
2396 4218 2527 4274 illud
2558 4218 2867 4272 eruditionis
2899 4217 3184 4272 Panvinius
3213 4219 3267 4271 in
3306 4219 3560 4288 principio
3591 4222 3671 4273 sui

2079 4316 2251 4383 operis
2286 4313 2351 4366 de
2379 4309 2706 4366 Circensibus
2733 4309 2870 4362 ludis
2916 4309 3138 4380 ingenue
3172 4310 3363 4379 fatetur
3393 4325 3411 4362 :
3438 4309 3548 4363 Nec
3573 4327 3671 4379 pa-

2080 4425 2197 4463 rum
2236 4404 2446 4475 adjutus
2479 4418 2592 4456 sum
2622 4400 2818 4454 Isidori
2855 4398 3303 4470 Etymologiarum
3332 4399 3501 4454 libris.
3531 4398 3673 4453 Baii-

372 4502 595 4551 norum,
654 4500 781 4555 quos
826 4499 892 4537 ea:
940 4484 1097 4537 variis
1142 4481 1459 4538 bibliothecis
1506 4486 1783 4539 accersitos
1836 4502 1972 4539 nunc
2007 4500 2216 4565 υιειυε
2254 4496 2304 4548 in
2344 4492 2559 4563 judiciis
2600 4490 2936 4558 Sapientum,
2987 4492 3068 4543 tit.
3104 4489 3205 4553 99,
3238 4490 3493 4543 observa;
3531 4488 3673 4544 vos-

373 4580 605 4646 primum
645 4577 703 4628 in
748 4575 914 4627 lucem
956 4575 1165 4642 prodire
1204 4584 1254 4627 et
1292 4574 1493 4643 publice
1534 4576 1779 4644 prodesse
1816 4577 1972 4646 jussit

383 4671 567 4724 Petrus
600 4668 890 4723 Stevartius
917 4665 1139 4720 Leodius
1172 4665 1489 4737 Ingolstadii
1514 4683 1581 4720 ea:
1627 4669 1971 4738 typographia

376 4760 666 4821 Fderiana,
698 4758 755 4811 in
801 4757 886 4810 4ο.
915 4756 971 4810 In
1025 4756 1294 4811 nonnullis
1341 4755 1645 4825 hujusmodi
1702 4757 1973 4826 Opusculis

376 4852 564 4908 Isidori
609 4851 774 4907 verba
811 4859 1220 4919 expromuntur,
1252 4857 1310 4903 ut
1336 4864 1455 4918 cap.
1486 4848 1555 4903 69
1584 4862 1640 4904 et
1665 4849 1735 4902 75
1764 4849 1968 4903 oicam:

377 4941 673 5013 aliquando
731 4941 927 4995 cilatur
976 4938 1214 4994 Isidorus
1261 4940 1315 4992 in
1371 4939 1654 4995 Sententiis
1708 4943 1861 5007 suis,
1916 4950 1974 4995 ut

375 5050 499 5106 pag.
533 5033 634 5088 691
667 5073 686 5102 ,
715 5034 819 5087 hoc
844 5040 927 5087 est
954 5032 1007 5086 iu
1039 5032 1187 5086 libris
1218 5031 1644 5088 Sententiarum.

828 5143 993 5215 25!.
1028 5140 1256 5196 CAPUT
1296 5140 1529 5197 xxxw.

383 5237 751 5293 Recettiorum
784 5234 1123 5306 quorumdam
1171 5234 1236 5287 de
1273 5232 1481 5306 Isidori
1524 5233 1732 5304 scriptis
1775 5232 1978 5303 judicia

906 5308 1053 5359 uaria
1079 5304 1459 5373 expenduntur.

456 5412 507 5467 1.
550 5410 652 5477 Qui
665 5408 733 5465 de
766 5407 955 5463 Isidori
987 5406 1241 5477 operibus
1269 5420 1551 5461 censuram
1583 5408 1760 5462 lacere
1792 5405 1976 5460 volunt

382 5518 455 5559 oo
482 5503 665 5557 animo
723 5512 850 5569 erga
898 5513 1021 5553 eum
1074 5511 1196 5553 esse
1227 5495 1489 5551 deberent
1529 5513 1637 5566 quo
1680 5496 1795 5565 ipse
1837 5496 1976 5551 anti-

382 5594 608 5665 quiores
634 5592 865 5661 legebat.
902 5590 1013 5645 Nec
1034 5589 1305 5645 historicos
1324 5629 1339 5655 ,
1357 5587 1531 5657 inquit
1560 5587 1652 5642 lib.
1673 5604 1740 5641 xv
1768 5587 1973 5658 Etym.,

380 5700 509 5756 cap.
542 5684 594 5749 I,
631 5699 725 5737 nec
751 5689 1173 5740 commentatores
1196 5718 1211 5744 ,
1243 5679 1387 5732 varia
1416 5678 1640 5732 dicentes
1659 5718 1675 5744 ,
1704 5679 1976 5749 imperitia?

386 5778 740 5837 condannare
791 5775 1065 5838 debemus,
1123 5774 1244 5843 quia
1287 5772 1566 5844 antiquitas
1611 5772 1727 5843 ipsa
1781 5773 1974 5826 creavit

2080 4589 2220 4642 siutu
2247 4582 2527 4639 Seuiorem
2566 4580 2635 4633 de
2664 4578 2954 4646 Philo‘og.,
2990 4592 3111 4647 pag.
3145 4577 3233 4640 26,
3261 4577 3538 4646 Scaligero
3568 4595 3666 4646 pro

2082 4674 2284 4733 Isidoro
2306 4672 2552 4728 assentiri
2575 4689 2590 4736 ;
2618 4668 2894 4725 Juniorem
2924 4668 2997 4721 du
3023 4668 3249 4724 Verdier
3277 4677 3465 4722 contra
3496 4668 3669 4723 Isido-

2082 4782 2197 4821 rum
2222 4763 2389 4817 Paulo
2409 4751 2628 4816 Merula:
2652 4759 2877 4815 Censur.
2919 4759 2970 4813 in
2993 4767 3228 4827 auctor.,
3253 4772 3379 4828 pag.
3396 4758 3501 4826 26;
3534 4776 3670 4814 ano-

2081 4871 2298 4927 uymum
2320 4868 2450 4908 vero
2475 4861 2753 4906 auctorem
2781 4850 3030 4918 bibliogr.
3055 4849 3246 4905 histor.
3269 4850 3396 4905 Cur.
3424 4866 3547 4921 pag.
3577 4852 3670 4918 56,

2081 4962 2187 5001 non
2219 4944 2396 5012 magni
2422 4944 2685 4998 interesse
2712 4941 3023 4997 existimare
3051 4955 3172 5010 qua:
3210 4940 3445 4995 Isidorus
3474 4943 3540 4995 de
3566 4957 3666 4993 suo

2081 5037 2301 5091 addidit.
2328 5034 2632 5090 Ludovicus
2659 5032 2820 5089 Vives
2842 5032 2907 5087 de
2933 5030 3095 5086 'l‘rad.
3119 5031 3329 5101 discipl.
3360 5031 3451 5085 lib.
3479 5046 3555 5094 Ill,
3577 5029 3667 5082 ubi

2081 5130 2190 5199 agit
2236 5127 2304 5182 de
2348 5125 2631 5197 philologis
2663 5142 2676 5177 :
2710 5122 2779 5179 In
2831 5124 2963 5177 hunc
2992 5140 3283 5189 numerum,
3324 5126 3425 5186 ait,
3468 5123 3663 5181 nescio.

2079 5240 2146 5277 an
2187 5226 2447 5293 patientur
2494 5218 2818 5290 grantmatici
2876 5215 3137 5270 Isidorum
3167 5214 3531 5286 Hispalensem
3574 5214 3661 5265 in-

2083 5314 2354 5383 terferciri.
2399 5310 2564 5379 Aﬂ'ert
2614 5307 2865 5362 nonnulla
2915 5322 2980 5360 ea:
3029 5308 3255 5378 antiquis
3295 5305 3477 5357 hausta
3520 5305 3661 5357 haud

2082 5421 2292 5475 prorsus
2340 5401 2691 5472 aspernanda,
2747 5400 3034 5469 prwsertim
3061 5397 3198 5468 quod
3223 5399 3391 5468 fontes
3435 5396 3517 5450 illi
3554 5413 3660 5451 non

2081 5495 2402 5565 pervenerint
2427 5492 2496 5545 ad
2518 5492 2651 5545 hanc
2677 5498 2903 5546 (etatem.

2152 5589 2204 5642 4.
2247 5585 2477 5643 Criticos
2514 5586 2649 5641 alios
2676 5585 2822 5640 viros
2852 5583 2943 5654 qui
2983 5582 3242 5637 Isidorum
3280 5580 3655 5644 celebrarunt,

2081 5678 2361 5745 addamus,
2410 5678 2456 5732 si
2501 5678 2693 5747 placet.
2738 5675 2902 5730 Lilius
2948 5672 3215 5743 Gyraldus
3258 5672 3348 5728 lib.
3382 5690 3441 5739 tt,
3483 5674 3660 5731 dialo-

2080 5771 2255 5840 gismo
2287 5769 2370 5836 12,
2399 5768 2575 5825 verbis
2615 5768 2781 5823 utitur
2819 5764 3028 5831 Isidori,
3078 5765 3360 5837 pontiﬁcis.
3391 5768 3662 5839 inquiens.
