4022 6198
343 281 452 333 207

345 411 582 465 doctrina
631 427 693 465 ac
739 413 1011 467 sanctitate
1065 412 1328 482 prieclari.
1373 411 1646 469 Gerardus
1689 413 1925 471 Joannes
1959 396 2000 452 Α
2031 397 2275 465 "fleri-~-

347 502 568 558 Vossius
592 503 658 557 de
685 501 885 558 Natura
911 503 1124 567 artium,
1158 503 1251 558 lib.
1282 517 1339 571 ιι,
1369 518 1489 574 cap.
1514 503 1570 568 5,
1598 507 1740 558 utilis
1768 508 1925 560 etiam

341 611 500 664 opera
523 603 600 646 est
627 610 778 663 quam
807 591 1136 648 Isidorus....
1167 594 1410 661 prtestitit
1451 595 1504 648 in
1534 595 1714 666 uiginti
1745 596 1926 666 Origi;

340 705 459 740 num
506 688 668 747 libris,
712 702 836 758 quos
871 702 938 740 ex
988 687 1196 756 optimis
1245 687 1524 758 quibusque
1565 688 1921 758 scriptoribus,

336 779 588 848 plerisque
615 777 1003 846 ecclesiasticis,
1023 778 1342 848 compilavit.

407 867 461 921 5.
491 865 728 922 Thomas
769 868 1115 938 Dempsterus
1143 869 1197 923 in
1227 866 1462 924 Elencho
1498 869 1823 940 scriptorum
1854 869 1920 923 ad

335 959 743 1030 Paralipomena
817 961 1209 1030 Antiquitatum
1267 959 1632 1015 Romanorum
1683 960 1916 1018 Rosiai:

335 1051 573 1106 Isidorus
604 1050 934 1120 Hispalensis
963 1052 1330 1123 grammaticus
1371 1054 1714 1121 necessarius,
1738 1055 1791 1106 in
1818 1071 1918 1126 quo

332 1145 576 1218 pleraque
595 1162 708 1217 qua:
736 1162 988 1217 nusquam
1011 1146 1156 1200 alibi.
1183 1143 1436 1200 Albertus
1457 1145 1702 1202 Dietcrus
1722 1147 1914 1202 Trekel

332 1237 385 1289 in
403 1245 517 1290 not.
535 1239 600 1288 ad
621 1235 946 1291 Brissonium
969 1236 1062 1291 lib.
1087 1252 1138 1290 ιν
1155 1250 1273 1305 cap.
1298 1235 1602 1299 90,Select.
1627 1238 1875 1306 antiquit.
1898 1258 1910 1291 :

329 1330 487 1383 Joan.
547 1328 685 1381 Dan.
730 1327 962 1383 Ritterus
1008 1329 1162 1399 prter.
1214 1328 1283 1380 ad
1328 1328 1445 1382 cod.
1480 1329 1674 1383 Theod.
1707 1340 1829 1384 tom.
1859 1328 1912 1396 Ι,

330 1421 527 1474 cwteris
567 1421 883 1490 diligentior,
916 1420 980 1473 de
1024 1419 1372 1490 cognitoribus
1419 1429 1467 1474 et
1495 1421 1913 1488 procuratoribus

327 1512 432 1581 egit
457 1527 474 1564 :
497 1511 589 1564 sed
608 1510 940 1578 pratermisit
987 1509 1152 1563 locum
1179 1509 1374 1563 Isidori
1401 1527 1497 1577 quo
1518 1527 1666 1565 nemo
1689 1521 1912 1565 veterum

328 1603 506 1656 melius
539 1602 888 1670 differentiam
917 1601 1053 1654 inter
1081 1610 1438 1670 procuratores
1467 1609 1514 1655 et
1537 1603 1826 1672 cognitores
1856 1603 1908 1657 in

326 1711 475 1747 sensu
503 1696 713 1763 proprio
738 1695 994 1763 exposuit.

1156 280 1246 336 AD
1283 280 1508 338 OPERA
1546 281 1606 339 S.
1649 281 1894 340 lSlDORI
1933 280 2367 346 lllSPALENSlS
2405 290 2934 352 l’llOLEGOSIENA.

3512 301 3620 358 208

2350 400 2558 456 Librum
2626 418 2823 475 quoque
2875 407 2940 460 de
2994 404 3204 462 Natura
3257 425 3478 494 rerum,
3527 430 3618 470 seu

2029 491 2240 556 mundo,
2265 491 2444 560 edidit,
2475 511 2574 566 quo
2602 497 3048 568 cosmograplriam
3087 500 3366 569 quamdam
3389 491 3615 571 exhibet,

2027 581 2106 634 vel
2122 583 2239 637 ideo
2257 587 2721 641 commendandam
2745 589 2881 660 quod
2904 591 3065 645 multa
3084 593 3378 664 fragmenta
3393 596 3612 669 Nigidii,

2033 670 2309 737 Varronis,
2346 673 2584 732 Suetonii
2655 677 2974 751 Tranquilli,
3029 682 3350 756 aliorumque
3375 689 3616 744 exhibeat

2024 763 2218 818 dudum
2247 767 2536 836 deperdita.
2591 769 2677 824 Ex
2722 770 2805 824 his
2853 789 2972 826 vero
3014 784 3118 828 tum
3166 775 3231 828 de
3271 779 3389 847 ipsa
3418 778 3614 837 Isidori

2021 855 2372 926 philosOphia,
2405 869 2512 912 tum
2550 859 2616 915 de
2646 862 2840 916 meritis
2868 864 2980 932 ejus
3009 864 3061 917 in
3100 866 3334 921 eamdem
3363 863 3641 938 judican-5

2021 948 2143 999 dum
2169 958 2265 1002 est.
2291 947 2526 1004 Priorem
2545 967 2612 1005 ex
2630 952 2959 1006 collectaneis
2985 964 3206 1009 veterum
3228 959 3395 1029 magis
3415 963 3610 1016 consti-
3638 958 3642 962 ’

2019 1037 2142 1092 tisse
2167 1055 2321 1110 quam
2343 1050 2569 1110 sgstema
2607 1042 2820 1114 aliquod
2841 1046 3000 1117 257
3027 1047 3290 1102 coluerens
3311 1054 3614 1121 exposuisse

2017 1145 2083 1183 ex
2120 1131 2274 1185 dictis
2303 1133 2632 1205 intelligitur,
2673 1137 2904 1209 adeoque
2932 1157 3178 1211 magnum
3208 1143 3344 1199 inter
3381 1147 3610 1216 philoso-

2016 1223 2145 1294 phos
2173 1227 2360 1290 locum,
2385 1246 2533 1299 quem
2562 1233 2697 1302 forte
2726 1249 2831 1288 non
2863 1235 3142 1291 admodum
3170 1239 3469 1308 a/fectabat,
3503 1263 3608 1302 non

2014 1329 2250 1388 occupat.
2315 1321 2444 1375 Ilwc
2485 1339 2606 1378 vero
2659 1341 2765 1380 non
2815 1330 3006 1400 exigua
3062 1333 3223 1402 fuisse
3268 1334 3330 1388 ob
3380 1337 3607 1406 plurima

2013 1418 2236 1464 veterum
2264 1412 2709 1486 philosophorum,
2739 1419 2827 1490 qui
2853 1421 2991 1474 inter
3017 1420 3238 1478 Latinos
3263 1429 3602 1497 scripserunt,

2015 1501 2308 1572 fragmenta
2329 1514 2378 1558 et
2402 1516 2646 1577 excerpta
2661 1522 2961 1565 conservata
2987 1515 3196 1569 omnino
3218 1517 3482 1586 fatendum
3503 1531 3599 1591 est.

2015 1591 2258 1656 Quamvis
2279 1598 2414 1650 enim
2443 1615 2543 1652 non
2579 1599 2763 1669 ubique
2779 1602 3038 1672 judicium
3068 1605 3378 1674 probaverit,
3410 1625 3605 1682 suaque

2012 1698 2114 1736 non
2155 1701 2221 1738 ex
2259 1687 2368 1740 suis
2413 1688 2610 1743 horreis
2665 1691 2756 1744 sed
2802 1708 2866 1745 ex
2911 1695 3133 1748 aliorum
3183 1713 3316 1766 penu
3353 1702 3600 1768 hauserit,

395 1787 448 1838 li.
483 1785 1052 1840 Fr‘anciscu:F|oridus
1073 1785 1304 1841 Sabinus
1324 1785 1416 1841 lib.
1447 1803 1484 1842 ιι
1507 1786 1657 1844 Lcct.
1683 1788 1878 1843 succis.

2010 1775 2245 1830 eamdem
2275 1788 2446 1832 tamen
2478 1780 2823 1849 philosOphia:
2855 1785 3066 1854 ejusque
3105 1785 3336 1842 historice
3361 1793 3604 1859 prte‘stitit

324 1890 447 1944 cap.
495 1875 584 1940 12,
630 1873 889 1932 [siderum
933 1893 962 1931 a
1011 1877 1277 1933 Beroahlo
1320 1879 1374 1933 in
1424 1893 1620 1950 magno
1667 1879 1904 1934 habitum

324 1965 497 2033 pretio
528 1965 742 2032 fatetur,
776 1965 904 2021 dum
935 1967 1015 2023 sic
1056 1968 1198 2022 hunc
1240 1969 1571 2039 a'loquitur:
1606 1968 1681 2023 Tu
1707 1987 1772 2025 ex
1802 1969 1906 2024 Isi-

323 2055 451 2110 doro
483 2055 793 2127 Albertoque
829 2057 1025 2129 Magno
1069 2060 1268 2113 insulsa
1305 2062 1673 2133 invenustaque
1709 2064 1905 2132 scripta

320 2150 571 2203 contexis.
620 2148 912 2206 Salmasius
957 2151 1008 2205 in
1040 2150 1239 2206 Atilium
1267 2151 1632 2223 Spartianum,
1685 2170 1807 2224 pag.
1847 2156 1900 2223 5,

319 2254 370 2293 ν.
397 2238 484 2306 55,
519 2255 638 2295 cum
667 2242 830 2313 256
858 2240 1012 2297 Plinii
1062 2243 1238 2298 locum
1276 2243 1344 2298 de
1371 2243 1762 2301 Samothraciis
1806 2262 1903 2302 an-

317 2331 457 2386 nulis
485 2333 772 2401 attulisset,
802 2332 1034 2402 Erravit,
1074 2336 1261 2404 inquit,
1295 2334 1520 2407 Lipsius,
1548 2339 1632 2409 qui
1668 2337 1899 2393 Plinium

315 2422 597 2476 emendare“
615 2423 706 2478 illo
728 2424 827 2478 loci
847 2435 1086 2481 conatur.
1109 2424 1245 2481 Tum
1286 2427 1450 2481 verba
1479 2428 1663 2483 Isidori
1699 2431 1902 2499 profert

315 2525 383 2566 ex
411 2511 505 2566 lib.
543 2527 650 2577 xix,
692 2528 811 2584 cap.
843 2513 904 2568 3|
941 2513 1244 2586 Etymolog.
1271 2533 1285 2570 :
1317 2517 1736 2587 Samothracius,
1765 2530 1898 2590 etc.,

313 2617 379 2656 ac
406 2603 681 2657 concludit
709 2621 722 2657 :
749 2602 920 2659 Ne'mu
942 2606 1124 2660 melius
1153 2614 1358 2676 poterat
1377 2617 1470 2661 aut
1511 2607 1709 2662 brevius
1730 2609 1899 2666 locum

310 2692 477 2748 Plinii
517 2710 794 2765 exponere.
842 2695 986 2752 Idem
1023 2695 1318 2754 Salmasius
1361 2699 1412 2754 in
1445 2699 1684 2755 Flavium
1735 2700 1900 2774 Vopi-

307 2800 477 2851 scum,
501 2801 623 2856 pag.
657 2786 782 2852 29.5,
809 2802 861 2842 ν.
894 2787 962 2843 ’55
982 2807 992 2842 :
1014 2787 1271 2854 Isidorus,
1294 2791 1350 2845 in
1377 2808 1474 2863 quo
1506 2803 1716 2848 auctore
1734 2795 1899 2848 multa

307 2891 446 2946 srepe
472 2875 622 2932 bonis
668 2888 805 2932 noue
831 2880 1020 2950 reperi,
1052 2889 1101 2934 et
1131 2879 1256 2934 afibi
1307 2898 1410 2937 non
1440 2885 1772 2954 reperiundo,
1821 2886 1897 2940 sic

306 2966 524 3021 mulleos
552 2967 816 3037 describit,
839 2977 943 3024 etc.

378 3057 430 3110 7.
471 3056 772 3126 Cellierius,
817 3061 908 3130 qui
938 3068 1072 3116 tom.
1107 3061 1246 3116 XVII
1282 3063 1421 3120 Hist.
1445 3073 1661 3121 auctor.
1689 3067 1887 3123 eccles.

2011 1883 2238 1932 operam,
2288 1885 2443 1940 quam
2484 1872 2538 1924 in
2573 1871 2806 1943 Diogene
2852 1872 3081 1941 Laertia,
3127 1877 3316 1944 Suida,
3366 1878 3597 1946 Stoba’o,

2007 1957 2226 2028 aliisque
2254 1960 2682 2017 collectaneorum
2737 1965 3211 2036 philosophicorum
3258 1971 3599 2040 scriptoribus

2005 2051 2187 2104 merito
2215 2051 2508 2106 laudamus.
2543 2052 2610 2107 Id
2637 2055 2774 2119 quod
2813 2071 2870 2109 eo
2895 2057 3064 2127 magis
3095 2057 3233 2111 inter
3271 2059 3382 2129 ejus
3409 2064 3598 2115 merita

2005 2140 2330 2210 referendum
2361 2153 2456 2207 est,
2500 2161 2599 2213 quo
2650 2146 2819 2216 magis
2862 2147 3054 2200 swcula
3084 2150 3194 2202 haec.
3237 2150 3450 2205 meliora
3491 2170 3597 2207 non

2005 2229 2283 2297 habebant,
2306 2249 2402 2286 nec
2435 2236 2674 2305 egebant,
2692 2253 2983 2309 magnaque
3001 2250 3113 2292 erat
3131 2251 3353 2295 veterum
3376 2245 3598 2316 scripto-

2002 2339 2117 2375 rum
2163 2324 2404 2394 penuria.
2443 2325 2635 2380 Durius
2671 2329 2846 2400 itaque
2886 2346 3001 2383 cum
3036 2329 3246 2387 Isidoro
3285 2344 3469 2404 agunt,
3500 2353 3595 2390 nec

2003 2414 2094 2465 (cvi
2133 2413 2274 2468 illius
2297 2431 2394 2484 quo
2419 2417 2549 2471 vixit
2576 2419 2924 2474 conditionem
2951 2423 3082 2476 satis
3111 2424 3476 2495 recordantur,
3504 2430 3593 2498 qui

2001 2511 2272 2556 centenum
2309 2508 2809 2574 consarcinatorem,
2851 2512 3198 2583 fartoremque
3237 2516 3590 2583 semipriscum

2001 2594 2341 2660 nominando,
2368 2598 2531 2668 plagii
2558 2608 2607 2652 et
2625 2599 2811 2670 inepta:
2831 2603 3214 2672 compilationis
3243 2621 3384 2659 reum
3408 2618 3589 2678 agunt.

2001 2681 2164 2746 Quem
2193 2687 2240 2739 si
2281 2703 2384 2741 non
2429 2688 2730 2744 habuissent
2768 2693 3071 2746 sieculorum
3111 2698 3430 2767 sequentium
3473 2701 3591 2753 scri-

1996 2783 2192 2844 ptores,
2233 2777 2289 2830 in
2318 2778 2493 2833 multis
2520 2781 2729 2850 gravius
2757 2784 3120 2852 caecutiissent,
3161 2801 3255 2839 nec
3288 2787 3591 2858 depromere

2002 2868 2288 2934 potuissent
2327 2884 2390 2922 ea
2428 2869 2614 2940 quibus
2663 2872 2862 2941 scripta
2917 2890 3012 2927 sua
3061 2884 3306 2945 tanquam
3371 2881 3587 2948 gemmis

1996 2969 2273 3027 exornant,
2303 2962 2440 3032 quod
2469 2963 2654 3032 fecisse
2683 2961 2957 3019 Rabanum
3001 2965 3248 3022 Maurum
3301 2968 3588 3026 observavit

1998 3045 2139 3103 (iuit.
2171 3049 2674 3122 Malmesburiensis,
2704 3055 2864 3110 invito
2894 3057 3014 3111 licet
3061 3056 3202 3113 Guil.
3234 3058 3397 3116 Cavea
3421 3059 3580 3132 (Hist.

305 3145 480 3218 Opera
524 3148 708 3204 Isidori
735 3151 971 3220 diligemi
1005 3155 1256 3208 examine
1287 3153 1567 3224 describit,
1615 3167 1882 3226 recenset,
1912 3139 1958 3198 C
1991 3137 2158 3193 litter.
2181 3141 2367 3210 script.
2391 3141 2611 3209 eccles.,
2633 3157 2751 3213 pag.
2777 3144 2928 3216 456).
2951 3147 3050 3214 Qui
3069 3149 3114 3202 si
3136 3151 3413 3218 cogitasset
3448 3153 3584 3207 hunc

304 3250 360 3295 et
407 3241 716 3310 singillatim
764 3243 964 3309 laudat,
1011 3245 1090 3299 sic
1128 3247 1178 3298 in
1207 3259 1407 3314 genere
1449 3247 1517 3301 de
1557 3247 1746 3303 lidori
1791 3251 1889 3306 do-

303 3331 472 3386 ctrina
505 3344 626 3402 pag.
657 3330 761 3387 650
801 3333 1075 3389 concludit
1107 3352 1120 3388 :
1155 3333 1240 3390 Ex
1278 3337 1515 3406 operibus
1546 3337 1741 3394 Isidori
1775 3357 1891 3412 qua:

301 3427 370 3477 ad
400 3442 492 3480 nos
518 3435 857 3496 pervenerunt
892 3426 1202 3496 perspicitur
1243 3429 1496 3483 immensa
1540 3447 1656 3484 eum
1711 3432 1888 3486 erudi-

303 3516 441 3570 tione
467 3515 739 3586 prwditum
764 3517 942 3588 fuisse,
986 3526 1036 3570 et
1062 3532 1127 3571 ex
1156 3520 1381 3590 antiquis
1406 3521 1742 3586 scriptoribus
1782 3532 1885 3577 tum

300 3604 680 3666 ecclesiasticis,
717 3613 820 3658 tum
861 3607 1118 3677 profanis,
1151 3624 1281 3678 quos
1315 3609 1528 3681 legerat,
1556 3614 1682 3666 scite
1708 3616 1886 3686 profe-

301 3694 450 3747 cisse.
481 3692 610 3764 Ejus
661 3695 866 3765 quidem
908 3697 1073 3767 stglus
1109 3715 1269 3770 neque
1295 3700 1534 3770 eloquens
1579 3713 1678 3770 est,
1725 3721 1886 3776 neque

301 3785 580 3853 castigatus
611 3801 626 3838 :
658 3786 830 3840 clarus
864 3797 1033 3842 tamen
1077 3800 1126 3843 et
1167 3793 1356 3861 facilis.
1401 3791 1468 3848 In
1497 3795 1734 3866 operibus
1771 3799 1884 3868 ejus

297 3873 363 3924 de
405 3889 600 3927 morum
655 3874 890 3930 doctrina
937 3880 1144 3949 quidam
1196 3885 1413 3952 pietatis
1490 3901 1551 3938 ac
1598 3888 1882 3956 spiritualis

296 3968 703 4036 compunctionis
743 3979 919 4040 gustus
962 3974 1170 4038 eminet,
1217 3979 1302 4046 qui
1347 3977 1505 4031 corda
1558 3989 1794 4046 penetrat
1830 3993 1881 4036 et

295 4059 509 4112 emollit.
540 4060 659 4113 Alia
688 4061 913 4131 ejusdem
961 4081 1120 4133 Opera
1144 4083 1311 4120 rerum
1353 4084 1466 4137 qua:
1496 4080 1880 4137 pertractantur

293 4151 548 4221 stupenda
591 4156 838 4208 varietate
883 4157 1328 4211 commendantur.
1376 4158 1503 4213 ιιίυε
1551 4177 1617 4215 ex
1641 4160 1876 4219 Cellierii

295 4243 514 4298 Gallicis
542 4246 719 4299 verbis
750 4244 938 4299 Latine
966 4247 1200 4300 reddita.

363 4332 416 4384 8.
448 4331 717 4389 Iudicium
739 4332 925 4389 Jacobi
959 4335 1215 4392 Bruckeri
1246 4339 1312 4395 de
1337 4339 1523 4396 Isidori
1548 4342 1790 4399 doctrina
1819 4346 1870 4401 in

295 4422 527 4478 Historia
569 4425 753 4481 critica
785 4425 1137 4498 philosophia:
1175 4440 1304 4487 tom.
1336 4433 1421 4500 Ill,
1454 4450 1573 4505 pag.
1617 4438 1722 4492 569
1749 4455 1863 4510 seq.

1992 3230 2220 3282 omnium
2250 3234 2358 3300 fere
2395 3233 2551 3285 medii
2579 3233 2674 3286 teri
2717 3235 3031 3305 scriptorum
3075 3254 3271 3292 morem
3301 3241 3492 3310 fuisse,
3524 3251 3584 3297 ut

1991 3317 2337 3386 prwcedentes
2391 3322 2667 3391 scriptores
2721 3335 3083 3395 excerperent,
3128 3336 3180 3381 et
3225 3344 3292 3381 ex
3343 3329 3424 3384 his
3479 3347 3579 3386 sua

1989 3417 2365 3485 compilarant,
2425 3418 2798 3473 intellexisset
2831 3421 2962 3475 nihil
3011 3421 3215 3477 Rabani
3273 3426 3577 3493 eruditioiii,

1988 3507 2156 3573 qualis
2203 3507 2393 3562 steculo
2428 3524 2479 3562 ix
2511 3510 2629 3579 fuit,
2662 3510 2856 3582 deroga
2888 3528 2936 3576 e,
2995 3513 3132 3584 quod
3183 3513 3444 3570 Isidorum
3492 3511 3578 3571 ex;

1987 3596 2274 3667 scripserit.
3645 3602 3647 3604 ’

2057 3687 2111 3743 9.
2161 3688 2306 3744 Inter
2349 3689 2536 3746 Isidori
2575 3691 2779 3763 elogia,
2811 3709 2841 3748 a
2875 3695 3268 3752 recentioribus
3309 3700 3573 3768 proiecta,

1985 3779 2253 3836 collocare
2274 3798 2554 3852 possumus
2576 3782 2954 3855 Panegyricum
2978 3798 3244 3842 centonem
3269 3807 3335 3845 ex
3357 3791 3572 3846 diversis

1983 3883 2251 3944 poetarum
2282 3875 2508 3929 versibus
2540 3878 2594 3930 in
2623 3875 2692 3932 D.
2727 3876 2920 3932 Isidori
2951 3876 3286 3948 Hispalensis
3315 3883 3572 3954 archiepi-

1981 3967 2124 4035 scopi
2167 3966 2370 4020 laudem
2415 3985 2447 4020 a
2490 3967 2699 4022 Joanne
2731 3970 2795 4023 de
2843 3971 2895 4024 la
2934 3969 3084 4028 Ρεῆα
3133 3977 3490 4044 compositum,
3519 3987 3571 4031 et

1979 4056 2170 4108 editum
2197 4055 2401 4127 Hispali
2423 4057 2579 4123 1645,
2601 4060 2780 4127 ενι-«νς
2807 4077 2870 4117 ac
2895 4063 3090 4118 librum
3112 4064 3446 4122 Constantini
3465 4067 3568 4123 Ca-

1973 4150 2142 4218 jetani
2159 4153 2238 4207 sic
2253 4153 2589 4222 inscriptum:
2611 4154 2718 4210 SS.
2746 4158 2901 4211 trium
2926 4159 3279 4228 episcoporum
3301 4161 3566 4232 religionis

1979 4241 2328 4298 Benedictinat
2356 4244 2627 4311 luminum,
2665 4245 2861 4301 Isidori
2903 4247 3267 4316 Hispalensis,
3306 4249 3567 4323 Ildefonsi

1979 4332 2235 4399 Toletani,
2263 4332 2499 4404 Gregorii
2536 4335 2821 4390 cardinalis
2853 4336 3106 4392 Ostiensis
3139 4339 3272 4394 Vita:
3309 4349 3359 4394 et
3394 4344 3562 4396 actio-

1974 4440 2086 4489 nes,
2117 4433 2224 4478 etc.
2269 4424 2459 4478 Addita
2483 4435 2604 4479 sunt
2647 4427 2842 4496 aliquot
2869 4429 3099 4496 ejusdem
3129 4428 3323 4485 Isidori
3365 4433 3561 4502 scripta

287 4528 398 4566 non
428 4521 512 4569 est
563 4515 738 4571 obiter
775 4521 1226 4587 prmtereundum.
1280 4525 1447 4591 Certe,
1483 4528 1672 4597 inquit,
1704 4507 1868 4588 cirum

1997 4515 2198 4569 randum
2237 4516 2409 4581 edita,
2464 4515 2645 4573 Romae
2670 4518 2828 4585 1606,
2870 4521 3010 4590 apud
3035 4521 3290 4576 Iacobum
3320 4522 3562 4577 Mascar-

290 4605 452 4673 fuisse
487 4622 590 4661 non
642 4624 808 4664 sacra:
837 4611 1007 4676 modo,
1058 4615 1150 4667 sed
1193 4624 1242 4669 et
1286 4620 1525 4688 profana:
1562 4623 1866 4679 litteratum

285 4696 684 4764 peritissimum,
749 4702 862 4772 ejus
919 4704 1112 4773 scripta
1160 4722 1192 4758 a
1231 4707 1459 4778 laudatis
1526 4714 1645 4767 viris
1711 4732 1864 4770 enar-

285 4794 434 4850 rata,
487 4789 778 4860 passimque
824 4808 856 4844 a
920 4795 1254 4864 scriptoribus
1310 4799 1540 4856 historia:
1595 4806 1864 4864 li'terarire

283 4881 646 4934 ecclesiastica:
697 4897 993 4940 enumerata
1055 4892 1348 4947 ostendunt.
1403 4893 1468 4948 In
1514 4897 1694 4968 quibus
1745 4902 1862 4956 licet

282 4972 751 5026 consarcinatorem
794 4977 953 5046 egerit
981 4988 1223 5047 veterum,
1255 4988 1582 5054 contortisque
1602 4991 1768 5044 instar
1794 5010 1859 5047 ex

279 5063 488 5118 illorum
543 5067 748 5134 scriptis
797 5084 890 5122 sua
943 5075 1220 5139 consuerit,
1262 5075 1518 5145 judicium
1576 5091 1745 5138 tamen
1807 5085 1860 5138 in

279 5156 553 5225 seligendis
584 5159 789 5227 aptimis
818 5163 1066 5228 probavit,
1109 5181 1322 5237 cumque
1360 5171 1521 5223 multa
1549 5177 1862 5244 excrrpserit

277 5260 343 5296 ex
373 5245 537 5311 libris,
570 5247 749 5317 quibus
779 5248 928 5302 hodie
954 5268 1207 5320 caremus,
1253 5271 1354 5310 non
1393 5259 1625 5312 inutilem
1655 5265 1858 5326 praesti-

277 5334 400 5386 tisse
425 5351 636 5405 operam
680 5339 1003 5408 sequentibns
1040 5345 1243 5397 sa'culis
1282 5348 1563 5403 censendus
1597 5361 1693 5406 est.
1719 5351 1853 5407 Tum

277 5423 342 5476 de
367 5423 744 5496 Etymoloogiis:
774 5426 823 5481 Ν
833 5447 899 5484 οη
919 5433 1058 5486 enim
1085 5436 1226 5489 solas
1245 5441 1584 5510 etymologias
1605 5452 1854 5512 sectatur,

277 5515 526 5586 aridaque
573 5521 776 5575 calamo
819 5522 1057 5592 jejunum
1104 5538 1461 5596 argumentum
1505 5535 1850 5604 prosequitur,

279 5605 368 5657 sed
391 5623 480 5673 per
507 5624 659 5661 omne
680 5611 788 5680 fere
813 5613 1119 5669 eruditionis
1149 5632 1310 5684 genus
1335 5620 1577 5688 diffusus,
1607 5625 1851 5696 pleraque

278 5695 409 5748 scitu
433 5695 609 5764 digna,
649 5708 696 5751 et
730 5703 888 5754 multa
918 5706 1144 5776 egregia,
1178 5707 1402 5780 alibique
1427 5715 1513 5766 vix
1541 5695 1850 5786 reperiundo

1972 4611 2092 4663 dum
2125 4607 2299 4663 ἱη-Δο.
2329 4609 2490 4664 Multa
2527 4611 2576 4664 in
2600 4611 2788 4666 Isidori
2819 4612 3029 4667 laudem
3051 4613 3340 4680 Cajetanus
3363 4615 3414 4669 in
3437 4617 3561 4685 epi-

1967 4701 2122 4756 stolis
2153 4699 2496 4757 dedicatoriis
2521 4704 2781 4768 congerit,
2827 4711 2990 4771 atque
3011 4704 3153 4758 inter
3183 4705 3286 4759 alia
3314 4723 3325 4757 :
3352 4703 3557 4760 Horum

1968 4795 2023 4848 in
2059 4811 2269 4849 numero
2298 4796 2428 4848 sicut
2455 4795 2727 4848 sanctitate
2753 4795 3092 4859 clarissimus,
3122 4797 3198 4848 ita
3219 4796 3374 4850 etiam
3394 4794 3555 4850 libro—

1971 4899 2083 4935 rum
2132 4884 2300 4952 copia,
2342 4883 2536 4953 ingenii
2579 4881 2830 4948 ubertate,
2873 4883 3141 4953 facundia,
3197 4895 3244 4937 et
3303 4887 3554 4940 doctrina!

1969 4975 2196 5043 pondere
2224 4974 2536 5043 praecipuus,
2563 4983 2650 5026 aut
2679 4983 2814 5027 certe
2839 4974 2974 5026 inter
2998 4976 3193 5044 primos
3224 4975 3285 5029 S.
3311 4975 3386 5028 Isi
3415 4981 3553 5030 'orus

1971 5065 2300 5131 Hispalensis
2333 5075 2408 5119 est
2436 5067 2779 5132 reponendus.
2827 5064 2992 5118 liabet
3035 5068 3088 5119 iu
3143 5067 3232 5120 illo
3278 5068 3414 5139 quod
3458 5069 3553 5138 ju-

1967 5165 2141 5210 ventus
2182 5156 2410 5210 discendi
2457 5156 2644 5225 cupida
2671 5155 2875 5220 delibet,
2905 5157 3040 5227 quod
3069 5157 3339 5210 curiositas
3374 5158 3548 5211 adrni-

1966 5259 2123 5316 retur,
2166 5257 2273 5303 etc.

2391 5338 2552 5408 253
2602 5335 2829 5391 CAPUT
2881 5335 3094 5392 xxxv.

1986 5429 2164 5484 Editio
2189 5431 2413 5502 Operam
2437 5428 2650 5495 Isidori,
2683 5437 2895 5483 curante
2921 5429 3154 5499 Bignteo,
3187 5429 3516 5485 describitur.

2030 5540 2080 5594 1.
2127 5538 2203 5595 Ne
2231 5539 2356 5610 quid
2411 5539 2536 5594 huic
2578 5547 2775 5594 nostra:
2799 5537 3025 5594 editioni
3071 5537 3228 5603 desit,
3266 5555 3327 5595 ea
3356 5542 3540 5596 omnia

1955 5645 2073 5700 quso
2101 5633 2152 5684 ln
2178 5630 2296 5686 aliis
2335 5629 2523 5686 Isidori
2562 5630 2888 5685 editionibus
2915 5631 3261 5700 reperiuntur
3283 5632 3543 5700 colligere

1954 5731 2038 5777 est
2081 5722 2309 5777 animus.
2341 5721 2577 5778 Primum
2607 5737 2699 5779 eas
2738 5722 3137 5778 recensebimus
3177 5737 3298 5796 quae
3327 5724 3392 5778 ad
3419 5739 3455 5778 ο
3477 5740 3538 5780 n-
