4030 6186
347 318 449 370 215

338 431 449 484 dice
470 427 802 483 bibliotheca
822 426 1007 484 Sancti
1030 425 1263 483 Victoris
1282 426 1351 482 ad
1372 444 1553 486 muros
1575 430 1922 489 Parisienses.
1958 448 1998 497 Α

402 500 728 569 Synenyma.

403 568 668 621 Enistelte.

404 584 444 620 re.
484 584 668 621 IS|0|:B.

404 584 857 701 ‘gententiarnm,
908 638 1022 691 sive
1048 638 1115 693 de
1156 639 1379 694 Summo
1427 638 1576 693 Bono
1621 639 1739 694 libri
1780 650 1910 703 tres,

336 707 534 776 pridem
566 706 874 776 ﬁdelissime
901 711 1170 776 repurgati
1199 711 1373 763 studio
1394 752 1408 773 ,
1440 719 1494 763 et
1520 710 1703 763 labore
1724 712 1915 766 doetis-

337 774 447 832 simi
491 777 585 831 viri
633 774 859 831 Joannis
897 774 1191 840 Aleauine,
1247 780 1485 834 doctoris
1527 780 1829 842 Sorbonici,
1860 791 1915 837 et

336 846 704 917 pmnitentiarii
754 845 1095 918 Parisiensis.
1128 848 1435 918 Adjecitnus
1483 849 1667 903 lsitlori
1723 849 1911 917 pnel‘a-

337 916 524 971 iionem
557 919 607 970 in
638 916 856 969 eosdem
902 917 1083 984 libros,
1115 934 1183 972 ex
1208 916 1549 974 bibliotheca
1579 918 1635 973 S.
1685 916 1915 976 Victoris

333 987 393 1041 ad
415 1002 589 1040 muros
619 984 967 1041 Parisienses.

396 1057 467 1110 De
485 1054 809 1128 Contemptu
833 1057 1036 1128 mundi,
1068 1058 1407 1128 recegnitere
1432 1056 1669 1115 Huberto
1696 1057 1909 1115 Sculte-

329 1126 795 1196 puteo,7eanonice
831 1125 1167 1182 Lovaniensi.

395 1194 467 1248 De
493 1195 697 1250 Oﬂiciis
725 1197 1119 1260 ecclesiasticis,
1152 1198 1267 1252 libri
1289 1197 1414 1253 duo.

396 1266 505 1337 “lle
525 1265 778 1337 Doctrina
808 1266 1018 1337 etAFide
1047 1268 1533 1337 ecclesiasticarum
1562 1268 1875 1337 dogmatum
1893 1308 1909 1334 ,

325 1351 386 1390 ex
409 1334 729 1390 bibliotheca
756 1352 807 1389 v.
837 1335 907 1390 el.
936 1335 1079 1392 Petri
1118 1336 1350 1393 Danielis
1376 1334 1801 1396 Aurelianensis.

390 1446 471 1500 12.
506 1446 563 1500 In
593 1448 695 1501 hoc
726 1447 919 1514 indice,
962 1464 1121 1519 quem
1166 1464 1234 1503 ex
1282 1449 1401 1519 ipso
1453 1464 1621 1519 opere
1666 1453 1908 1508 nonnihil

322 1537 457 1604 auxi,
485 1537 707 1606 adjectis
731 1538 867 1593 libro
894 1538 945 1592 in
976 1538 1237 1593 Numeros
1265 1547 1321 1593 et
1372 1538 1625 1608 Epistolis
1647 1579 1662 1605 ,
1693 1541 1908 1596 asteris-

320 1628 496 1683 cusita
519 1638 604 1682 est
636 1636 876 1693 notatus,
925 1636 985 1683 ut
1010 1628 1209 1685 indicet
1236 1630 1403 1686 libros
1448 1630 1847 1686 Sententiarum
1875 1647 1905 1685 a

320 1718 524 1788 Biguzee
563 1728 692 1775 tunc
749 1720 979 1790 primum
1038 1721 1093 1775 in
1150 1722 1419 1790 publicam
1465 1721 1640 1776 lucem
1684 1722 1900 1776 emitti:

317 1814 553 1879 quamvis
594 1808 820 1865 fortasse
850 1811 1033 1865 innuat
1072 1826 1179 1866 non
1211 1811 1312 1867 hos
1342 1811 1543 1879 libros,
1592 1811 1685 1866 sed
1731 1810 1905 1881 Syno-

319 1917 468 1972 nyma
498 1911 626 1957 tunc
661 1904 889 1974 primum
930 1904 1164 1974 prodire.
1214 1903 1511 1973 Utrumque
1558 1903 1748 1959 falsum
1775 1879 1904 1971 est,
1943 1879 1983 1936 Β

318 2001 371 2046 ιιι
385 1993 435 2047 in
455 1994 802 2050 recensendis
818 1995 1150 2065 singulorum
1173 2010 1399 2064 operum
1421 1993 1746 2051 editionibus
1771 2008 1907 2050 cen-

316 2085 489 2140 st‘abit.
552 2086 803 2141 Aﬂirmat
851 2087 1096 2157 Bignaeus
1154 2102 1214 2142 se
1260 2087 1495 2157 adjicere
1536 2085 1901 2157 prtcl'ationetn

315 2173 492 2231 lsideri
511 2177 582 2231 ad
634 2177 801 2233 libros
843 2176 1276 2243 Sententiarum;
1314 2178 1411 2233 sed
1463 2193 1570 2233 non
1610 2177 1772 2248 264
1798 2177 1899 2230 alia

314 2266 547 2334 prchatie
591 2266 861 2337 adjicitur,
892 2268 992 2325 nisi
1051 2270 1279 2339 epistola
1314 2268 1503 2325 [sideri
1556 2269 1776 2324 nomine
1830 2268 1897 2322 ad

313 2354 631 2421 nassonem,
671 2373 792 2428 qua:
822 2358 874 2413 in
915 2360 1188 2416 nonnullis
1232 2360 1520 2416 Cedicibus
1573 2359 1721 2414 libris
1758 2358 1898 2413 Sen-

311 2447 594 2503 tentiarum
619 2448 928 2517 prosllgitur,
951 2451 1197 2519 quamvis
1217 2451 1281 2505 ad
1303 2466 1400 2505 eos
1419 2460 1571 2505 certe
1593 2450 1757 2503 libros
1785 2449 1902 2503 nul-

311 2535 360 2590 lo
388 2537 545 2593 modo
571 2539 846 2607 pertinere
873 2539 1142 2606 videatur,
1166 2549 1223 2594 ut
1257 2539 1423 2594 iusius
1444 2554 1562 2609 cap.
1594 2538 1663 2594 75
1692 2540 1899 2595 edisse-

307 2643 435 2683 ram.
465 2629 580 2684 Etsi
611 2638 789 2684 autem
820 2630 1061 2699 Bignteus
1081 2632 1134 2686 in
1148 2632 1321 2688 indice
1340 2632 1596 2702 epistolas
1616 2647 1721 2687 non
1749 2646 1901 2686 com-

306 2730 588 2785 ntemorat,
616 2730 796 2776 tamen
829 2723 1111 2778 nonnullas
1140 2723 1388 2793 producit
1424 2732 1562 2793 part.
1595 2739 1649 2788 ι,
1681 2735 1804 2793 pag.
1835 2721 1904 2776 60

302 2826 435 2884 sem,
463 2814 677 2869 scilicet
704 2814 771 2869 ad
801 2814 1130 2882 Massenem,
1151 2815 1219 2871 ad
1276 2815 1672 2881 Leudilredum,
1704 2814 1897 2869 iterum

303 2902 598 2974 fragmenta
652 2905 895 2974 epistolae
924 2905 994 2961 ad
1049 2906 1349 2963 Massenem
1405 2915 1461 2962 et
1488 2907 1776 2977 epistolam
1826 2906 1895 2961 ad

300 2991 638 3064 Fulgentium
661 2996 899 3063 fratrem,
923 2995 1304 3052 dedicatoriam
1330 2998 1587 3052 librorum
1610 2996 1679 3051 de
1697 2994 1900 3051 Oﬂiciis

298 3085 701 3151 ecclesiasticis,
747 3087 924 3142 minus
945 3096 1251 3157 opportuno
1280 3088 1404 3144 loco
1432 3088 1750 3143 collocatam
1797 3102 1895 3141 an-

298 3183 353 3230 te
378 3175 547 3232 libros
580 3176 1007 3246 Sententiarum,
1055 3179 1149 3249 qui
1204 3179 1350 3235 illico
1395 3179 1713 3235 succedunt.
1771 3178 1899 3232 Post

295 3266 527 3337 Operum
555 3269 786 3324 indicem
808 3270 1053 3338 Bignaaus
1096 3270 1340 3340 adjungit
1363 3270 1604 3341 qumdam
1632 3268 1896 3338 fragmen-
1925 3274 1968 3332 (ἶ

299 3368 368 3425 ta,
400 3360 611 3417 Isidoro
635 3364 865 3433 ascripta
896 3364 948 3417 in
977 3379 1072 3417 ms.
1107 3362 1307 3418 Codice
1337 3361 1647 3418 monasterii
1679 3360 1737 3415 S.
1767 3360 1902 3415 Dio-

296 3453 472 3523 nysii;
533 3468 656 3520 qua:
711 3469 809 3508 nos
857 3446 1314 3525 Etymologiarum
1354 3453 1504 3509 libris
1538 3453 1898 3522 adjiciamus:

295 3544 435 3612 quod
466 3544 703 3599 fortasse
731 3546 939 3599 diversa
965 3554 1048 3600 est
1103 3547 1277 3617 aliqua
1308 3548 1468 3602 lectio
1495 3564 1563 3602 ex
1618 3546 1899 3618 Etymolo-

293 3637 502 3703 giarnm
536 3636 950 3705 exemplaribus,
989 3652 1111 3707 quse
1141 3654 1246 3692 non
1270 3639 1438 3693 semel
1464 3638 1532 3692 ab
1558 3637 1746 3693 lsidori
1776 3652 1895 3691 ma-

294 3742 360 3781 nu
388 3728 439 3781 in
470 3726 664 3796 vulgus
689 3727 1025 3798 prodierunt,
1066 3736 1123 3782 ut
1152 3743 1279 3783 mox
1313 3728 1716 3798 explicabimus.

362 3839 449 3893 15.
498 3838 554 3892 In
578 3839 681 3894 bac
735 3840 930 3908 iliguaci
978 3841 1215 3895 editione
1270 3856 1362 3895 sex
1415 3842 1655 3911 epistola!
1719 3841 1884 3896 libros

294 3926 746 4000 Etymologiarum
773 3932 1077 3999 przccodnnt
1100 3949 1111 3985 :
1140 3931 1187 3984 1.
1210 3931 1397 3985 [sideri
1420 3933 1486 3985 ad
1508 3931 1844 3986 Braulionem
1867 3949 1879 3984 :

294 4018 447 4074 Omni
487 4020 765 4075 desiderio.
798 4020 850 4074 2.
881 4020 1181 4077 Braulionis
1234 4027 1301 4077 ad
1343 4023 1597 4077 lsidorum
1633 4041 1645 4076 :
1698 4020 1741 4077 0
1796 4026 1880 4092 pie

292 4108 513 4163 domine.
564 4109 620 4163 5.
655 4109 842 4165 lsidori
871 4110 937 4165 ad
974 4110 1316 4168 Braulionem
1349 4129 1363 4166 :
1410 4110 1544 4176 Quia
1573 4121 1621 4165 te
1680 4113 1881 4166 incolu-

291 4216 436 4253 mem.
469 4199 525 4254 4.
579 4199 876 4255 Βωυιίοηίς
918 4200 986 4253 ad
1037 4200 1339 4256 lsidorum:
1389 4202 1535 4256 Solet
1582 4202 1791 4270 repleri.
1821 4202 1874 4255 5.

290 4290 468 4347 [sideri
495 4294 564 4347 ad
596 4292 937 4348 Braulienem
973 4311 987 4348 :
1016 4294 1140 4351 Tua:
1162 4296 1492 4351 Sanctitatis.
1523 4295 1576 4350 6.
1630 4295 1883 4363 Ejusdem

288 4376 351 4438 ad
381 4385 633 4440 eumdem
659 4404 671 4439 τ
698 4385 782 4440 En
808 4386 933 4451 tibi;
974 4402 1093 4456 qua:
1129 4388 1312 4458 potius
1341 4395 1425 4441 est
1471 4386 1716 4458 praefatio
1757 4387 1884 4461 Ety-

287 4476 661 4545 mologiarum.
694 4475 869 4531 Editie
907 4478 1123 4547 elegans
1151 4486 1254 4545 est,
1288 4486 1344 4533 et
1370 4487 1631 4547 quantum
1665 4479 1881 4549 quidem

285 4579 371 4620 res
409 4566 636 4635 patitur,
689 4574 1120 4623 correctamam
1172 4584 1294 4623 cum
1338 4567 1583 4638 Bignseus
1634 4569 1878 4638 quatdam

1372 317 1778 376 lSIDORlANA.
1813 350 1882 363 —
1910 321 2085 383 mus
2128 331 2167 387 I.
2211 332 2362 388 car.
2408 300 2649 389 xxxvi.

3506 349 3613 404 2H

2472 449 2629 519 265
2658 447 2884 508 CAPUT
2917 453 3153 510 xxx“.

2026 565 2201 657 Editio
2254 590 2473 657 operum.
2523 577 2721 657 {sideri
2770 582 3095 657 Matritensis
3142 592 3334 657 prium,
3401 605 3614 649 curante

2324 644 2491 735 'Grial.
2527 647 2696 735 llruj'us
2717 654 2936 735 epistola
2964 640 3383 735 dedicnrtoria—ad

2092 728 2214 780 pum
2245 712 2341 768 III
2368 726 2418 769 et
2442 712 2682 788 pt'wfatio
2712 712 2780 774 ad
2815 725 3054 779 lectorem
3086 712 3464 786 describuntur.

2092 845 2143 899 1.
2174 847 2587 906 Accuratissima
2615 863 2698 909 est
2724 855 2835 911 lucc
2858 857 3043 925 editio,
3076 869 3131 915 et
3159 863 3229 916 ob
3258 867 3505 933 egregios
3529 871 3609 921 vi-

2019 950 2109 989 ros
2129 937 2219 1006 qui
2247 938 2296 993 in
2322 954 2440 994 eam
2468 942 2833 1000 adernandam
2859 947 3604 1013 incubueruntceleberrima.

2017 1025 2094 1120 [En
2144 1031 2368 1098 primam
2422 1032 2652 1091 frontem
2687 1055 2701 1091 :
2735 1038 2853 1094 Divi
2900 1040 3097 1097 Isidori
3125 1044 3336 1116 Hispal.
3387 1051 3610 1120 episcopi

2019 1114 2212 1186 Opera,
2276 1120 2501 1193 Philippi
2554 1124 2616 1179 Il
2666 1128 2918 1184 Catholici
2971 1135 3107 1203 rugis
3146 1114 3295 1204 jussu
3329 1156 3356 1192 e
3401 1114 3609 1194 uetustis

2013 1209 2394 1301 exemplaribus
2422 1215 2712 1271 emendata.
2738 1217 2964 1287 Matriti,
2993 1238 3057 1276 ea:
3080 1229 3420 1297 typographia
3444 1233 3606 1301 regia,

2021 1294 2179 1363 1599,
2212 1299 2265 1351 in
2288 1300 2382 1370 fol.
2884 1312 2885 1315 “

2089 1383 2143 1439 9..
2201 1387 2457 1455 Sequitur
2510 1393 2846 1463 privilegium
2896 1400 3035 1469 regis
3064 1416 3161 1469 pro
3203 1403 3413 1459 editore
3465 1405 3607 1464 Jttlio

2011 1472 2173 1529 Junti'
2206 1477 2273 1532 de
2316 1476 2540 1536 Modesti
2570 1498 2711 1539 anno
2742 1485 2899 1553 1595,
2928 1489 3017 1542 die
3038 1488 3106 1543 28
3136 1490 3452 1548 Novembris
3481 1498 3606 1550 sub-

2011 1565 2267 1637 scriptum
2297 1585 2311 1634 ;
2341 1574 2406 1626 ad
2440 1572 2581 1639 quod
2613 1573 2683 1627 ita
2708 1592 2801 1630 rex
2833 1577 3085 1646 prtel'atur
3117 1599 3128 1633 :
3166 1580 3425 1646 Quoniam
3453 1587 3603 1640 intel-

2008 1654 2147 1722 lexi,
2191 1656 2364 1726 Opera
2391 1661 2603 1729 gloriosi
2635 1664 2695 1717 S.
2744 1663 2934 1721 lsidori
2981 1667 3354 1738 Hispaniarum
3381 1673 3603 1730 doctoris

2008 1762 2277 1815 perperam
2299 1765 2411 1803 esse
2439 1751 2718 1822 descripta,
2742 1757 3013 1829 multisque
3046 1762 3102 1813 in
3131 1761 3261 1816 locis
3288 1763 3595 1833 deprat'atu,

2009 1843 2066 1887 ut
2111 1853 2214 1891 non
2254 1840 2360 1893 leve
2410 1844 2693 1910 periculum
2737 1848 2892 1901 etiam
2932 1860 3063 1904 esset
3088 1868 3153 1905 ne
3181 1852 3343 1925 aliqui
3372 1854 3436 1908 de
3474 1874 3604 1910 sana

2011 1925 2121 1995 ejus
2151 1938 2301 2000 atque
2330 1932 2628 1989 admirabili
2664 1935 2920 2004 doctrina,
2944 1956 3100 2011 quam
3139 1952 3323 1997 saneta
3373 1944 3467 1999 Dei
3496 1945 3600 1998 Ec-

2011 2015 2170 2070 clesia
2191 2035 2378 2090 magno
2408 2038 2611 2092 semper
2635 2026 2693 2078 in
2721 2028 2887 2095 pretio
2910 2028 3111 2095 habuit,
3142 2032 3313 2085 minus
3340 2031 3465 2086 bene
3491 2050 3601 2087 sen-

2010 2105 2185 2171 tirent,
2216 2110 2408 2178 pietate
2428 2125 2685 2183 permotus
2706 2134 2807 2187 qua
2833 2134 2957 2189 erga
2990 2121 3050 2174 S.
3079 2121 3340 2176 doctorem
3370 2126 3597 2193 afﬁcior,

2004 2205 2057 2291 et
2099 2209 2307 2268 propter
2354 2201 2648 2274 obsequium
2692 2208 2829 2276 quod
2882 2209 3048 2262 eidem
3075 2211 3129 2263 in
3160 2212 3239 2265 his
3285 2215 3457 2283 regnis
3478 2214 3599 2283 jure

2009 2291 2190 2345 merito
2221 2293 2447 2360 debetur,
2496 2300 2655 2352 tantis
2696 2301 3037 2357 incommodis
3062 2321 3332 2361 occurrere
3361 2310 3592 2377 cupiens.

2004 2380 2306 2451 inantiquis
2335 2383 2607 2455 Hispania:
2644 2399 2795 2461 atque
2824 2393 2879 2446 in
2922 2394 2997 2447 ali
3017 2412 3040 2447 s
3070 2397 3292 2450 aliorum
3321 2415 3595 2468 regnorum

2004 2467 2325 2525 bibliothecis
2347 2472 2399 2525 Μ
2404 2491 2478 2528 ss.
2496 2478 2789 2533 earumdem
2816 2496 3027 2550 aperum
3050 2484 3368 2554 exemplaria
3382 2467 3593 2557 exquiri

1996 2560 2133 2629 jussi
2162 2577 2180 2614 :
2212 2580 2329 2632 quce
2378 2581 2494 2620 cum
2543 2570 2704 2623 multa
2749 2581 2900 2643 atque
2942 2590 3143 2645 magna
3187 2578 3509 2648 antiquitatis
3546 2589 3596 2631 et

2005 2654 2327 2709 auctoritatis
2358 2669 2560 2726 rperta
2594 2662 2829 2731 fuissent,
2854 2682 2913 2717 ea
2949 2667 3086 2720 inter
3105 2669 3238 2722 viros
3277 2668 3457 2723 doctos
3484 2670 3588 2723 dis-

2004 2744 2161 2834 tribui
2227 2753 2478 2821 praecepi,
2529 2755 2615 2824 qui
2665 2761 3052 2814 accuratissime
3093 2770 3142 2816 et
3200 2764 3592 2834 diligentissime

2008 2830 2183 2902 Opera
2230 2837 2292 2892 S.
2345 2838 2539 2896 [sideri
2587 2845 2657 2897 ad
2708 2863 2771 2899 ea
2811 2852 3131 2920 exemplaria
3164 2830 3486 2924 castigarunt
3539 2864 3590 2908 et

2003 2928 2359 2994 emendarunt,
2407 2943 2559 3004 atque
2584 2938 2738 2991 veteri
2764 2941 2946 3009 prima:
2970 2953 3017 2995 et
3043 2959 3176 2998 verte
3220 2947 3489 3014 scriptura:
3508 2962 3591 3001 reo

2000 3015 2211 3070 stituere
2237 3023 2411 3075 conati
2437 3032 2575 3079 sunt.

2072 3103 2126 3157 5.
2151 3103 2279 3163 Haec
2307 3126 2371 3164 ex
2403 3115 2625 3169 exordio
2654 3114 2950 3187 Hispanici,
2989 3122 3134 3189 quod
3162 3124 3293 3191 dixi,
3326 3126 3588 3195 privilegii

2006 3198 2262 3253 translata
2292 3211 2435 3257 sunt.
2460 3203 2716 3274 Sequitur
2739 3207 2895 3262 index
2922 3226 3142 3279 operum
3168 3215 3333 3282 partis
3356 3216 3585 3284 prioris;

2007 3308 2130 3345 nam
2160 3293 2213 3346 in
2242 3293 2376 3350 duas
2427 3306 2607 3366 partes
2653 3298 2883 3356 Grialitts
2911 3318 3073 3373 opera
3104 3304 3307 3373 divisit,
3350 3316 3406 3360 et
3431 3324 3583 3361 suutn

2003 3380 2197 3449 cuique
2246 3386 2383 3452 parti
2413 3385 2645 3456 Operum
2677 3389 2904 3445 indicem
2938 3392 3182 3461 prmﬁxit.
3234 3393 3341 3447 Eos
3368 3410 3467 3462 ego
3497 3397 3586 3452 hic

2001 3471 2160 3525 simul
2184 3473 2486 3544 subjiciam,
2515 3487 2573 3532 ut
2601 3493 2707 3535 uno
2747 3490 2967 3553 aspectu
2995 3490 3106 3538 tota
3151 3498 3374 3552 operum
3398 3484 3583 3540 distri~

2000 3559 2151 3617 butio
2178 3566 2526 3636 percipiatur.

1999 3667 2221 3754 Openuu
2248 3676 2310 3732 D.
2340 3679 2547 3754 _I.~‘IDORI
2577 3698 2704 3754 rans
2748 3699 2935 3747 nmen,
2984 3683 3037 3738 in
3079 3700 3186 3754 qua
3234 3689 3580 3754 grammatica

2070 3747 2440 3827 etmbistorica.
2480 3781 2567 3827 -_-__
2596 3752 3048 3827 Etvmologiarum
3094 3747 3215 3811 libri
3237 3747 3467 3827 'viginti.
3508 3792 3580 3802 —

2066 3813 2492 3873 Dill‘erentiarum
2518 3822 2635 3876 libri
2663 3813 2789 3879 duo.
2814 3813 2886 3867 :—
2911 3824 2987 3879 De
3016 3833 3206 3881 natura
3239 3813 3413 3882 rerum
3446 3829 3579 3885 liber

2062 3900 2214 3939 unus.
2256 3918 2321 3926 --
2371 3888 2694 3946 Cltrenicon.
2747 3925 2819 3935 —
2855 3894 2932 3949 De
2958 3894 3096 3951 Viris
3124 3895 3416 3952 illustribus
3456 3914 3575 3955 cum

2058 3955 2115 4009 S.
2147 3955 2397 4011 lldefonsi
2445 3960 2645 4016 libello.
2672 3994 2745 4005 —-
2770 3962 2846 4019 De
2874 3975 2996 4019 ortu
3047 3974 3102 4020 et
3145 3967 3296 4021 obitu
3330 3967 3570 4022 Patrum.

2055 4058 2126 4067 —
2170 4027 2524 4099 Gotthornm,
2584 4030 2995 4099 Wandalorum,
3043 4044 3099 4089 et
3147 4036 3448 4091 Suevurum
3494 4040 3578 4091 bt-

2060 4096 2226 4175 s_toria
2251 4114 2371 4153 cum
2401 4098 2722 4175 Cotthorum
2748 4118 2954 4175 regum,
2981 4096 3041 4161 et
3064 4104 3446 4162 Teletanormn
3477 4124 3571 4162 an-

2060 4169 2281 4222 tistitum
2302 4170 2568 4239 catalogo.

1991 4235 2127 4293 PARS
2151 4256 2383 4319 ALTERA:
2408 4235 2898 4319 _—'Sententiarum
2925 4245 3044 4300 libri
3074 4255 3303 4319 tres:—
3324 4246 3573 4319 Mystico-

2059 4325 2173 4388 rum
2197 4312 2564 4388 expositiones
2592 4324 3073 4388 sacramentorum.
3096 4349 3169 4359 —
3193 4312 3475 4388 Allege'rite
3503 4334 3572 4373 ex

2059 4378 2237 4435 Veteri
2259 4390 2316 4435 et
2339 4380 2490 4437 Novo
2512 4382 2879 4441 Testamento.
2905 4418 2978 4431 ——
2996 4386 3195 4441 Contra
3217 4378 3429 4442 Judieos
3452 4388 3572 4443 libri

2055 4450 2185 4504 duo.
2218 4479 2286 4492 -
2319 4449 2709 4508 Prooemiorum
2762 4455 2914 4510 liber.
2962 4489 3035 4499 ——
3063 4456 3141 4513 De
3194 4460 3571 4514 ecclesiasticis

2055 4517 2256 4597 Qﬂiciis
2302 4521 2426 4597 libri
2465 4523 2593 4579 duo.
2617 4555 2688 4565 --
2716 4523 3148 4597 Synonymorum
3198 4527 3317 4583 libri
3344 4531 3472 4585 duo.
3496 4560 3569 4572 —

2053 4587 2307 4661 Epistolas
2360 4594 2583 4661 aliquot.
2613 4624 2687 4634 —
2714 4587 2923 4661 Regula
2941 4598 3344 4652 monachorum.
3378 4626 3449 4636 —
3492 4599 3569 4654 De

285 4671 446 4725 opera
481 4657 670 4712 lsidori
697 4658 900 4729 primus
924 4662 1497 4729 omniumvulgaverit,
1528 4663 1658 4716 etin
1678 4662 1871 4731 depra-
1909 4635 1961 4696 D
2055 4635 2317 4737 Condictu
2347 4635 2596 4737 [nierum
2622 4673 2695 4737 _et
2741 4635 3016 4720 vigtutum.
3059 4696 3132 4706 -
3182 4666 3466 4737 Expositio
3514 4670 3567 4724 iu

284 4759 401 4803 vata
427 4750 779 4818 exemplaria,
812 4760 871 4806 ut
891 4752 1105 4818 accidit,
1129 4751 1439 4815 incurrerit,
1464 4768 1569 4805 non
1592 4752 1749 4806 valde
1778 4753 1879 4806 mi-

286 4853 399 4894 rum
423 4850 506 4896 est
537 4842 897 4897 recentiorum
934 4843 1263 4912 diligentiam
1293 4843 1444 4909 plura
1468 4842 1877 4898 animadvertis-

284 4943 341 4983 se
367 4946 486 4999 quae
534 4933 847 4988 corectione
889 4935 1210 5003 indigerent.
1262 4934 1554 4989 Nonntzllas
1597 4934 1876 5004 scriptura:

288 5022 573 5076 varietates
603 5025 846 5092 margini,
879 5026 953 5079 uti
985 5026 1144 5080 etiam
1181 5026 1372 5081 breves
1417 5025 1673 5094 quasdam
1720 5035 1876 5083 notas

286 5109 553 5167 interdum
634 5114 870 5184 adjecit,
950 5118 1244 5187 pnesertim
1298 5117 1351 5172 in
1414 5115 1872 5190 Etymolegiarum

285 5210 446 5268 ep‘cre
469 5217 539 5255 ex
563 5202 803 5258 Vuleanii
829 5205 1085 5260 editione.
1113 5204 1269 5260 Initio
1298 5206 1601 5276 catalogutn
1644 5207 1873 5277 scripto-

285 5306 419 5358 rem,
450 5294 647 5362 quibus
674 5295 907 5352 Isidorus
934 5298 988 5352 in
1044 5298 1195 5354 libris
1246 5297 1699 5368 Etymelogiarum
1747 5316 1874 5357 usus

284 5382 649 5452 est,appesuit
665 5401 679 5438 :
695 5384 746 5438 in
770 5384 874 5440 line
890 5402 1016 5440 vero
1030 5386 1163 5440 duos
1181 5386 1405 5454 indices,
1422 5387 1647 5441 alterum
1670 5404 1870 5453 rerum,

285 5470 512 5526 alterum
534 5474 772 5529 locorum
795 5491 959 5532 sacra:
971 5474 1279 5547 Scriptum.
1304 5477 1699 5533 Advertendum
1720 5479 1874 5534 deni-

283 5575 389 5629 que
410 5574 496 5619 est
536 5578 784 5634 magnam
811 5582 931 5622 esse
958 5568 1010 5622 in
1032 5568 1344 5638 paginarum
1392 5569 1630 5623 numeris
1659 5578 1872 5638 pertur-

284 5649 578 5723 bationem,
601 5656 886 5726 aliquando
908 5658 1072 5715 etiam
1099 5658 1151 5713 in
1175 5658 1410 5714 uulneris
1439 5657 1691 5729 capitum.

2050 4728 2329 4784 Canticum
2360 4729 2683 4787 Salomonis.

2052 4842 2104 4897 4.
2148 4841 2277 4898 Post
2301 4842 2530 4897 iudicem
2575 4859 2797 4913 operum
2840 4845 3027 4915 prima:
3071 4848 3242 4916 partis
3269 4856 3565 4917 sequuntur

1978 4935 2163 4990 Grialii
2184 4932 2477 5001 dedicatio,
2502 4946 2557 4991 et
2580 4937 2818 5008 praefatio
2838 4938 2905 4993 ad
2934 4938 3189 4996 lectorem
3222 4961 3235 4993 :
3262 4958 3396 5012 quas
3422 4960 3564 5000 nunc

1976 5026 2131 5081 SlrlO.

2054 5116 2233 5189 (Hanc
2251 5121 2610 5191 prwfatiouem
2627 5139 2742 5177 cum
2766 5124 3101 5182 dedicatione
3117 5128 3284 5199 legere
3311 5138 3387 5182 est
3410 5130 3559 5183 initio

1982 5213 2103 5264 tomi
2131 5213 2427 5283 sequentis.)

2050 5303 2211 5373 273
2240 5303 2327 5357 3|.
2358 5303 2607 5360 Nonnulli
2650 5306 2782 5362 falso
2826 5318 3073 5364 asserunt
3114 5308 3404 5364 editionem
3436 5307 3557 5362 Phi—

1982 5392 2437 5462 lippollaGrialio
2453 5397 2617 5452 fuisse
2642 5397 3045 5468 dedicatam,”
3071 5400 3358 5468 eodecepli
3412 5401 3556 5470 quod

1969 5487 2120 5556 jussu
2136 5486 2605 5560 Pbilippillcmpta
2622 5491 2784 5549 fuerit
2808 5492 2990 5562 Neque
3020 5492 3086 5547 de
3112 5492 3229 5545 aliis
3247 5490 3299 5543 id
3322 5490 3550 5545 mirum:

1974 5578 2067 5631 sed
2090 5576 2144 5630 in
2165 5576 2517 5646 Rodriguezio
2544 5580 2611 5633 de
2622 5580 2810 5635 Castro
2826 5583 3092 5635 notandus
3106 5580 3151 5635 is
3162 5594 3315 5635 error
3341 5591 3440 5645 est,
3459 5584 3553 5649 qui

1977 5675 2143 5723 totam
2180 5666 2469 5723 editionem
2496 5678 2624 5725 tom.
2654 5670 2696 5724 ll
2725 5670 2976 5725 Bibliotb.
3004 5670 3248 5739 Hispan.,
3277 5686 3398 5741 pag.
3426 5671 3552 5737 298,

1973 5760 2102 5818 satis
2128 5760 2361 5831 alioquin
2389 5761 2675 5833 diligenter
2693 5764 2995 5835 descripsit.
3045 5760 3211 5830 Quod
3243 5763 3307 5823 iu
3324 5766 3551 5840 cpistola
