4022 6198
405 359 511 414 εΣΓὶ

1114 363 1200 414 All
1238 359 1465 415 Ol’EliA
1505 361 1564 412 S.
1608 354 1856 434 151001“
1898 353 2342 411 HISPALENSIS
2375 353 2914 410 PRULEGOMENA.

3568 351 3678 406 9.16

403 473 729 529 dedicatoria
760 473 992 528 Crialius
1023 490 1126 525 non
1148 471 1316 526 serrrel
1339 473 1532 526 asserit
1565 485 1718 541 reges
1753 469 1988 526 Catholi-
2017 478 2053 531 Α
2090 469 2292 536 regiam
2340 468 2654 532 editionem,
2708 478 2821 524 turn
2869 468 3029 524 aliam
3073 484 3216 524 nunc
3271 469 3686 526 describendam

406 580 502 620 cos
527 565 595 618 ab
615 563 803 618 ΝΛοή
829 564 994 632 stirpe
1019 577 1187 631 genus
1211 560 1431 626 ducere,
1464 560 1626 616 tuodo
1654 561 1765 630 jam
1795 563 1990 630 passim

404 657 662 725 rejicitur,
693 665 786 710 aut
811 656 866 709 in
892 655 1108 709 dubium
1136 663 1440 710 revocatur.
1472 655 1811 724 Disputatum
1840 670 1868 708 a
1893 670 1991 708 no-

403 751 485 805 bis
520 749 616 802 fuit
653 764 773 818 cap.
805 747 874 800 17
900 747 968 802 de
993 746 1300 811 traditione,
1335 762 1456 816 qua:
1479 748 1606 802 olim
1651 746 1884 801 maxime
1911 746 1992 800 in-

405 851 488 894 tcr
517 837 786 906 Hispanos
835 837 1021 906 viguit,
1061 838 1225 895 fuisse
1252 837 1438 892 lsidori
1484 852 1728 903 sororem
1773 850 1987 906 germa-

401 946 526 984 nam
581 929 922 986 Theodoram
971 929 1218 994 nomine,
1269 927 1560 996 Leovigildi
1627 942 1874 991 uxorem,
1927 926 1985 981 S.

402 1019 799 1088 llermeucgildi
828 1029 883 1074 et
905 1019 1162 1075 Recaredi
1186 1028 1430 1084 matrem,
1462 1033 1620 1088 quam
1646 1018 1988 1073 traditionem

401 1111 579 1167 valido
609 1111 844 1165 innixam
871 1127 989 1165 esse
1022 1110 1368 1164 fundamento
1392 1109 1720 1177 negavimus.
1771 1107 1992 1161 Fatetur

400 1199 654 1267 Grialius,
684 1200 738 1255 in
770 1198 1084 1270 praefatione
1114 1198 1181 1252 ad
1205 1197 1481 1261 lectorem,
1505 1211 1564 1251 se
1585 1195 1817 1251 solertia:
1846 1195 1943 1249 Pet
1976 1194 1990 1248 i

401 1295 647 1355 Chacon,
676 1309 780 1363 qua
807 1293 894 1347 ille
947 1292 998 1346 in
1046 1290 1399 1364 Etymologiis
1446 1288 1635 1344 lsidori
1661 1289 1992 1357 corrigendis

351 1402 533 1452 ‘usus
593 1386 803 1447 fuerat,
859 1399 1144 1454 perparum
1209 1383 1494 1451 minusque
1557 1379 1784 1434 fortasse
1833 1393 1992 1448 quam

401 1494 617 1548 :equum
646 1476 820 1532 fuerat
851 1476 1123 1530 tribuisse.
1157 1473 1450 1528 Dolendum
1495 1472 1729 1526 maxime
1767 1481 1848 1525 est
1882 1481 1992 1525 tum

349 1607 358 1628 ι
400 1571 499 1626 iras
521 1569 763 1625 Ciaconii
808 1569 1166 1638 conjecturas,
1195 1575 1305 1620 tum
1331 1565 1511 1621 Alvari
1541 1564 1785 1620 Comezii
1825 1578 1995 1617 anno-

402 1661 665 1716 tationum
689 1660 742 1714 in
769 1675 958 1715 omnes
979 1659 1160 1728 viginti
1185 1659 1349 1713 libros
1377 1655 1832 1728 Etyrnologiarum
1866 1671 1992 1710 cor-

403 1767 503 1820 pus
531 1749 692 1822 274
711 1764 918 1818 magna:
938 1749 1112 1814 molis,
1140 1748 1282 1820 quod
1311 1747 1426 1817 ipse
1445 1744 1680 1800 Grialius
1704 1754 1990 1807 memerat,

400 1848 494 1894 aut
522 1843 742 1896 omnino
770 1839 1126 1905 intercidisse,
1151 1848 1242 1894 aut
1279 1854 1346 1894 eo
1395 1839 1448 1893 in
1497 1837 1620 1892 loco
1648 1851 1768 1891 esse
1795 1849 1866 1890 ex
1885 1850 1992 1904 quo
2032 1896 2045 1912 η

399 1945 672 1999 nunquam
705 1929 934 1985 fortasse
958 1939 1254 1999 emergant.
1338 1953 1340 1955 ν

468 2017 559 2072 3:2.
588 2016 845 2088 Equidem
875 2019 943 2073 de
979 2017 1169 2075 Grialii
1213 2019 1317 2074 lide
1355 2027 1411 2074 et
1459 2018 1735 2088 diligentia
1771 2017 1991 2072 minime

397 2107 610 2174 dubito,
638 2110 766 2177 quin
804 2125 868 2164 ea
892 2111 1072 2164 omnia
1113 2126 1234 2180 qua:
1261 2111 1362 2166 sibi
1392 2111 1695 2166 necessaria
1721 2118 1816 2164 aut
1840 2109 1992 2164 valde

397 2197 548 2254 utilia
576 2198 886 2256 viderentur
934 2201 1188 2270 selegerit
1217 2219 1230 2255 :
1262 2203 1359 2258 sed
1385 2217 1510 2257 cum
1537 2202 1604 2256 de
1649 2200 1990 2257 doctissimo-

395 2304 516 2344 rum
545 2289 820 2346 hominum
846 2292 1249 2347 comruentariis
1275 2307 1362 2348 res
1384 2293 1480 2360 sit,
1498 2292 1808 2347 maluissem
1829 2288 1987 2348 Gria-

396 2377 530 2434 lium
585 2379 930 2446 abundasse,
987 2397 1148 2451 quam
1179 2398 1280 2438 nos
1334 2383 1567 2438 incertos
1614 2382 1893 2452 reliquisse
1918 2398 1986 2437 an

394 2476 691 2546 quidquam
719 2478 1142 2546 prterermiserit,
1163 2479 1310 2546 quod
1331 2477 1420 2533 alii
1443 2477 1508 2531 ad
1535 2477 1725 2531 lsidori
1749 2475 1983 2545 scriptu-

395 2578 515 2620 ram
537 2566 912 2637 corrigendam
935 2577 1026 2622 aut
1054 2568 1430 2624 declarandam
1462 2568 1735 2639 pertinere
1757 2568 1983 2623 fortasse

394 2657 811 2714 existimassem.
874 2659 1064 2714 Parum
1096 2669 1348 2716 accurate
1375 2659 1652 2717 Fabricius
1677 2660 1746 2715 de
1773 2660 1854 2716 bis
1883 2677 1982 2715 no-

393 2749 464 2805 tis
513 2749 752 2819 loquitur
800 2750 1055 2806 Bibliotlr.
1088 2760 1198 2807 vet.
1229 2750 1407 2806 Latin.
1444 2750 1538 2806 lib.
1569 2766 1642 2812 IV,
1673 2765 1722 2806 c.
1755 2749 1806 2814 6,
1839 2767 1892 2804 n.
1925 2749 1979 2815 6,

391 2840 484 2895 ubi
507 2841 672 2896 refert
715 2841 978 2911 prodiisse
1004 2841 1369 2914 Etyrnologias
1392 2841 1590 2896 lllatriti
1620 2840 1775 2904 1599,
1808 2858 1871 2895 ac
1898 2842 1979 2896 de-

389 2931 563 3002 nique,
589 2931 756 2998 addit,
778 2934 1074 2986 accuratius
1103 2933 1326 2987 Parisiis
1347 2931 1506 2994 1601,
1526 2948 1642 2985 cum
1663 2933 1799 2987 notis
1821 2932 1979 2986 variis

390 3041 518 3080 cura
566 3025 724 3080 Joan.
764 3024 986 3099 Grialii,
1017 3042 1175 3096 opera
1218 3024 1404 3080 Jacobi
1428 3023 1671 3079 Breulii:
1709 3022 1977 3094 siquidem

389 3114 445 3169 in
474 3112 711 3170 editione
737 3113 1054 3178 Matritensi,
1085 3127 1206 3183 qua:
1248 3113 1532 3168 Breulrana
1561 3113 1719 3181 longe
1747 3120 1832 3168 est
1859 3127 1975 3168 ωτι

2098 557 2317 624 Breulii,
2341 558 2494 613 valde
2524 558 2864 627 imperfectas
2893 574 3013 614 esse
3044 577 3057 613 :
3102 559 3156 612 in
3203 557 3432 628 epistola
3458 575 3588 615 vero
3616 563 3684 617 ad

2097 647 2158 704 Ρ.
2202 648 2538 704 Franciscum
2580 651 2740 720 275
2771 649 3004 719 Rabago,
3034 651 3248 706 easdem
3291 651 3560 707 editiones
3586 667 3685 708 ex-

2098 750 2265 796 trema
2297 756 2478 808 manu,
2526 751 2583 797 et
2610 743 2845 812 polltiori
2901 744 3068 807 cultu,
3121 758 3283 812 quem
3327 752 3458 798 artas
3501 756 3687 800 nostra

2093 830 2530 900 exigit,‘carere
2584 831 2843 888 aflirmat.
2893 830 2956 884 V.
3007 831 3079 886 cl.
3131 831 3322 886 Petrus
3370 829 3687 889 Emmanuel

2094 919 2461 988 Herurandez,
2512 923 2850 980 bibliothecae
2907 924 3352 994 arclriepiscOpali
3411 923 3689 1002 Toletanm

2093 1012 2395 1081 pnnfectus,
2421 1015 2473 1068 in
2496 1017 2637 1071 notis
2665 1017 2732 1070 ad
2761 1015 3122 1088 Conspectum
3150 1018 3404 1075 editionis
3431 1019 3682 1076 lsidoria-

2097 1118 2178 1158 na:
2203 1119 2233 1158 a
2255 1103 2505 1160 Zaccaria
2530 1115 2752 1175 paratae,
2774 1122 2825 1162 c.
2849 1106 2937 1173 42,
2961 1109 3314 1177 prolerendis,
3341 1119 3525 1166 censet
3550 1113 3680 1167 hanc

2097 1194 2387 1250 editionem
2417 1198 2618 1265 regiam
2672 1197 3038 1253 Matritensem
3068 1200 3277 1254 cmteris
3304 1201 3416 1255 sive
3444 1202 3680 1256 anterio-

2098 1284 2265 1350 r.bus,
2293 1286 2408 1341 sive
2432 1287 2820 1356 posterioribus
2849 1303 2970 1344 esse
3019 1289 3430 1358 prmferendam.
3463 1292 3678 1349 Fatetur

2102 1378 2468 1445 nihilominus,
2519 1379 2730 1436 mendis
2761 1382 3163 1451 typograpbicis
3207 1397 3328 1437 eam
3372 1396 3604 1451 scatere,
3633 1399 3693 1442 et

2099 1469 2342 1536 quaedam
2374 1485 2541 1541 opera
2574 1472 2778 1542 spuria,
2811 1474 2896 1527 vel
2922 1473 3103 1538 dubia,
3137 1491 3232 1540 pro
3262 1477 3512 1544 legitimis
3538 1493 3690 1532 corrr-

2095 1561 2278 1629 plecti.
2347 1561 2422 1617 De
2496 1563 2771 1620 erroribus
2819 1568 3222 1636 typographicis
3279 1570 3574 1637 praesertim
3632 1572 3686 1626 in

2094 1651 2366 1708 Chronico
2414 1655 2572 1711 fidem
2601 1656 2766 1710 etiam
2795 1655 2922 1712 facit
2963 1658 3241 1713 Florezius
3273 1668 3407 1714 tom.
3438 1659 3526 1724 γι,
3559 1677 3685 1731 pag.

2093 1741 2224 1809 478,
2257 1746 2348 1812 qui
2381 1755 2530 1800 recte
2557 1747 2789 1801 advertit
2826 1765 3017 1819 parum
3049 1749 3187 1804 hanc
3210 1751 3499 1805 editionem
3531 1764 3687 1808 citc-

2096 1835 2169 1889 ris
2197 1844 2382 1890 notam
2429 1837 2616 1904 fuisse,
2646 1846 2704 1892 ut
2733 1854 2908 1907 neque
2937 1839 3198 1894 Bar'ouirrs
3216 1879 3230 1904 ,
3258 1857 3431 1910 neque
3466 1840 3686 1911 Pagius,

2097 1926 2206 1981 imo
2228 1943 2404 1997 neque
2431 1928 2720 1986 cardinalis
2748 1939 2930 1986 noster
2958 1932 3240 1999 Aguirrius
3267 1947 3387 1985 eam
3428 1948 3533 2002 pne
3562 1950 3685 1989 nra-

2098 2017 2254 2073 nibus
2297 2019 2550 2075 habuisse
2598 2019 2900 2076 videantur.
2949 2021 3024 2075 Ex
3072 2023 3221 2078 libris
3271 2023 3537 2078 Zacearia:
3567 2035 3685 2094 past

2096 2107 2214 2176 ejus
2249 2108 2458 2163 obitum
2489 2111 2766 2181 exemplar
2789 2111 2950 2179 bujus
2970 2111 3222 2167 editionis
3269 2128 3370 2180 ego
3401 2115 3685 2182 acquisivi,

2097 2200 2372 2256 nonnullis
2401 2201 2545 2257 uotis
2571 2217 2700 2258 mss.
2744 2218 3050 2274 respersum
3098 2220 3258 2260 manu
3283 2205 3520 2274 ejusdem
3553 2207 3594 2260 Ζ
3615 2226 3692 2264 .c-

2096 2303 2275 2344 canar.

2620 2400 2848 2456 CAPUT
2877 2400 3140 2456 XXXVII.

2089 2507 2266 2565 Editio
2294 2509 2520 2582 Operam
2545 2511 2760 2576 Isidori,
2784 2522 2997 2582 curante
3021 2512 3245 2574 Breulio,
3285 2514 3501 2570 Parisiis
3529 2535 3677 2572 anno

2375 2580 2528 2646 1602,
2559 2584 2774 2653 repetita
2805 2580 3036 2637 Colonia:
3069 2600 3207 2638 anno
3240 2583 3396 2640 1617.

2156 2669 2210 2724 1.
2244 2669 2360 2726 Νοιι
2389 2672 2560 2728 multo
2598 2683 2722 2744 post
2751 2673 3041 2728 editionem
3069 2671 3302 2743 Operum
3328 2675 3514 2732 lsidori
3565 2678 3677 2732 Ma-

2088 2763 2362 2821 tritensem
2389 2764 2621 2822 Jacobrrs
2650 2768 2720 2821 du
2766 2767 2943 2834 Breul,
2973 2770 3268 2824 monachus
3294 2769 3678 2829 Beuedictinus

2083 2855 2142 2910 S.
2176 2855 2481 2912 Germania
2507 2857 2696 2925 Pratis,
2725 2859 2886 2913 aliam
2912 2860 3206 2916 editionem
3227 2862 3440 2915 curavit
3465 2880 3478 2928 ;
3509 2878 3675 2931 quam

2084 2946 2198 3003 Nic.
2257 2949 2522 3004 Antonius
2578 2949 2985 3019 Margarinianm
3010 2951 3263 3008 editionis
3291 2952 3454 3006 veluti
3484 2969 3674 3007 exem-

2083 3039 2230 3110 plum
2261 3049 2467 3108 censet,
2496 3041 2791 3097 correctius
2841 3052 3040 3108 tamen,
3089 3051 3146 3096 et
3183 3042 3523 3109 luculerrtius,
3556 3060 3660 3098 nec

2085 3145 2194 3182 non
2222 3130 2538 3197 quibusdam
2565 3131 2723 3185 editis
2743 3131 2811 3186 de
2839 3146 2980 3186 novo
3026 3130 3221 3186 libellis
3251 3132 3667 3202 locupletatum.

389 3206 590 3262 rectior
615 3214 672 3260 et
691 3206 1015 3290 accuratior.
1058 3205 1169 3275 iam
1195 3205 1511 3275 prodierant
1540 3203 1725 3258 Grialii
1750 3212 1909 3268 τιοιω.
1941 3220 1970 3258 a
2002 3189 2048 3253 ο
2078 3189 2301 3274 Fallitur
2331 3228 2531 3288 tamen,
2557 3221 2701 3290 quod
2741 3220 2890 3276 addit
2932 3221 3202 3277 Breulium
3231 3189 3522 3278 editionem
3557 3241 3670 3278 no-

388 3293 605 3350 Breulio
630 3295 696 3348 a:.l
726 3309 836 3349 sua:
861 3288 1112 3350 editionis
1155 3295 1359 3350 calcem
1406 3294 1647 3362 adjectae.
1683 3293 1850 3348 Recte
1873 3309 1970 3348 au-

387 3394 497 3442 tem
525 3384 806 3442 Fabricius
831 3395 1015 3440 monet
1047 3401 1140 3442 eas
1168 3396 1323 3441 notas
1370 3385 1589 3440 minime
1635 3385 1969 3449 ambitiosas,

385 3474 777 3532 eruditissimas
831 3484 1010 3533 tamen
1064 3492 1258 3533 vocare
1322 3477 1599 3532 Bartltium
1643 3477 1710 3532 ad
1761 3476 1968 3532 Biton.

385 3581 442 3638 p.
473 3566 597 3620 544.
1007 3631 1011 3635 ι

457 3659 547 3715 35.
573 3658 794 3716 Addidit
821 3660 1051 3717 Grialius
1079 3661 1379 3732 catalogum
1407 3660 1750 3731 scriptorum,
1781 3659 1849 3715 ab
1879 3659 1973 3714 lsi-

385 3751 525 3806 doro
546 3749 628 3805 vel
649 3751 956 3817 citatorum,
983 3751 1065 3808 vel
1084 3751 1280 3823 quibus
1299 3750 1531 3805 maxime
1549 3749 1799 3806 videatur
1815 3765 1969 3805 usus:

388 3851 500 3895 tum
531 3841 898 3912 prtefationem
956 3844 1283 3914 peculiarem
1314 3843 1367 3898 in
1421 3842 1878 3914 Etymologiarum
1910 3843 1973 3896 li-

385 3935 532 3987 bros.
563 3931 671 3988 Sed
711 3942 990 3990 auctorum
1025 3935 1328 4005 catalogum
1357 3934 1665 4005 diligentius
1691 3950 1722 3988 a
1751 3933 1972 3989 Bartbio

383 4023 712 4090 confectum,
741 4025 988 4081 indicatis
1011 4026 1168 4095 locis,
1196 4025 1390 4097 quibus
1410 4023 1648 4081 lsidorus
1666 4038 1762 4080 eos
1787 4023 1973 4093 appel-

386 4111 480 4177 lat,
511 4111 886 4169 exbibebimus
909 4115 1044 4169 infra
1081 4129 1201 4184 cap.
1243 4114 1332 4179 55,
1366 4129 1488 4169 eum
1515 4112 1582 4166 de
1620 4111 1972 4182 Etymologiis

385 4216 629 4256 seorsum
654 4202 978 4258 disseremus
1005 4221 1018 4266 ;
1049 4204 1122 4257 uti
1145 4202 1304 4258 etiam
1333 4217 1455 4272 cap.
1486 4199 1555 4254 50
1575 4199 1760 4254 Grialii
1786 4202 1976 4268 prarl'a-

388 4290 590 4346 tiouem
615 4291 681 4347 ad
703 4291 1160 4363 Etymnlngiarum
1190 4291 1356 4346 libros
1376 4291 1761 4346 describemus.
1790 4290 1846 4344 lu
1871 4292 1974 4347 line

388 4381 577 4450 prima:
604 4383 773 4451 partis
795 4391 1016 4438 notatur
1047 4401 1060 4436 :
1090 4382 1302 4438 Hatrici
1347 4384 1484 4454 apud
1520 4384 1778 4439 Joannem
1808 4383 1973 4439 Flau-

2077 3318 2244 3365 stram
2299 3310 2589 3382 llispanaru
2643 3327 2748 3368 non
2808 3312 3040 3378 vidisse,
3091 3322 3152 3367 ut
3204 3329 3328 3368 mox
3375 3314 3667 3370 constabit.

2077 3397 2323 3455 Breulius
2359 3415 2472 3454 suae
2496 3400 2721 3456 editioni
2745 3401 2891 3457 hunc
2921 3402 3130 3457 titulum
3159 3401 3361 3456 aflixit:

2147 3488 2198 3540 2.
2233 3488 2292 3544 S.
2320 3488 2513 3543 Isidori
2541 3488 2873 3559 Hispalensis
2892 3491 3120 3561 episcopi
3149 3486 3320 3558 Opera
3348 3490 3521 3543 omnia
3551 3506 3668 3560 qua

2075 3590 2300 3644 exstant,
2334 3581 2524 3651 partim
2574 3582 2854 3653 aliquando
2883 3586 3105 3637 uirorum
3144 3583 3553 3636 doctissimorum
3582 3583 3666 3634 la-

2077 3673 2282 3728 boribus
2322 3675 2486 3743 edita,
2525 3677 2719 3740 partim
2755 3693 2892 3730 nunc
2939 3677 3161 3747 primum
3209 3678 3494 3746 exscripta,
3520 3685 3570 3730 et
3596 3676 3669 3729 ad

2076 3764 2420 3835 chirographa
2449 3767 2768 3837 exemplaria
2797 3769 3088 3822 accuratius
3117 3785 3270 3837 quam
3305 3776 3458 3821 antea
3487 3783 3661 3821 cmen-

2075 3855 2218 3908 data.
2280 3855 2381 3908 Per
2429 3853 2672 3910 Fratrem
2712 3855 2962 3909 Iacobum
3009 3856 3076 3908 du
3129 3855 3306 3922 Breul,
3345 3856 3652 3910 monachum

2075 3945 2138 4000 S.
2171 3944 2416 3999 Germani
2455 3962 2486 3998 a
2522 3944 2718 4000 Pratis.
2753 3945 2972 4000 Parisiis
3001 3946 3139 4014 apud
3170 3944 3482 4000 Michaelem
3511 3945 3655 4002 Son-

2072 4036 2235 4100 nium,
2266 4037 2347 4090 via
2372 4035 2636 4102 Jacobtea,
2666 4036 2758 4089 sub
2787 4046 2934 4091 scuto
2966 4036 3264 4102 Basiliensi,
3301 4035 3454 4090 1601.

2143 4127 2198 4182 3.
2227 4126 2468 4199 Epistola
2496 4127 2828 4183 dedicatoria
2859 4127 3056 4182 Breulii
3087 4129 3244 4198 digna
3291 4137 3374 4182 est
3402 4143 3522 4198 qua:
3549 4127 3656 4184 hoc

2073 4215 2198 4273 loco
2223 4224 2539 4286 reponatur,
2569 4217 2816 4287 quamvis
2835 4225 2889 4270 et
2917 4217 3174 4272 nonnulla
3201 4217 3268 4272 de
3288 4216 3492 4272 lsidoro
3525 4217 3658 4271 lalsa

2073 4314 2480 4373 commemoret,
2518 4315 2579 4364 ut
2622 4314 2809 4378 postea
2859 4308 3081 4373 notabo,
3113 4315 3168 4362 et
3197 4321 3388 4377 magna
3417 4321 3486 4362 ex
3509 4314 3664 4376 parte

2074 4413 2144 4452 ne
2169 4397 2236 4452 ad
2257 4396 2517 4452 lsidorum
2549 4397 2768 4466 quidem
2808 4399 3093 4467 pertineat.

389 4471 542 4526 drum
590 4469 750 4527 1597.
798 4471 855 4527 In
912 4472 1016 4528 line
1071 4473 1322 4529 secundm
1371 4475 1538 4544 partis
1583 4473 1789 4530 Matriti
1835 4476 1974 4545 apud
1998 4499 2050 4558 ο
2076 4488 2238 4559 276
2268 4485 2336 4559 It,
2365 4488 2421 4559 ὶρι
2446 4487 2654 4559 altrim
2680 4486 2852 4554 Ραινί,
2879 4505 2940 4559 ac
2972 4487 3279 4559 υεάοῃιίηο
3323 4487 3570 4559 Mariano
3601 4488 3664 4541 de

389 4561 651 4618 Joannem
697 4563 993 4620 Flandrum
1043 4564 1200 4620 1599.
1252 4566 1484 4624 Iudicem
1516 4567 1757 4624 locorum
1808 4585 1973 4625 sacrae

391 4655 680 4728 Scriptura:
705 4657 938 4713 Grialius
967 4676 1015 4713 ιν
1035 4659 1225 4730 glexit,
1254 4657 1414 4716 unico
1447 4674 1623 4714 rerum
1652 4659 1830 4717 indice
1850 4676 1972 4717 con-

393 4755 591 4803 tentus.
1026 4799 1032 4804 .

462 4838 554 4894 54.
575 4839 688 4896 Nic.
710 4839 969 4896 Antonius
993 4858 1114 4897 eum
1138 4841 1278 4897 hanc
1297 4841 1586 4898 editionem
1611 4841 1973 4897 Matritenscm

390 4940 659 4998 recenset,
689 4933 765 4986 ait
791 4949 911 4988 eam
949 4933 1097 5002 jussu
1123 4933 1352 5004 Philippi
1381 4933 1421 4988 ll
1452 4950 1481 4988 a
1519 4933 1646 4989 viris
1687 4933 1852 4989 totius
1879 4933 1972 4988 lili-

389 5022 593 5092 spauite
646 5022 971 5080 doctissimis
1033 5032 1195 5093 atque
1237 5023 1614 5080 eruditissimis
1657 5040 1754 5094 per
1798 5031 1978 5094 partes

391 5109 640 5165 adornari
687 5118 920 5179 emptam
950 5110 1133 5174 luisse,
1191 5127 1420 5181 quorum
1468 5127 1606 5167 unus
1641 5111 1854 5166 tandem
1883 5127 1974 5166 su-

391 5207 599 5270 perstes
625 5198 856 5256 Grialius
885 5200 1255 5257 defunctorum
1307 5201 1538 5270 adjutus,
1585 5216 1686 5256 nec
1720 5216 1826 5256 non
1863 5201 1976 5256 suis

393 5293 701 5361 perfunctus
714 5292 1011 5357 laboribus,
1036 5294 1086 5350 in
1112 5294 1379 5363 publicum
1397 5294 1594 5350 emisit.
1614 5291 1778 5348 Erant
1797 5302 1972 5348 taurea

391 5381 552 5437 etiam
599 5392 712 5436 tum
763 5381 853 5436 alii
905 5384 1264 5452 superstites,
1314 5393 1371 5437 ut
1429 5382 1644 5449 Loaisa,
1713 5380 1972 5449 Mariana,

392 5477 523 5533 etc.,
544 5470 688 5540 quod
713 5485 782 5527 ex
807 5472 920 5543 ipsa
947 5471 1135 5528 Grialii
1181 5473 1495 5543 prxfatione
1523 5471 1654 5528 satis
1681 5473 1970 5543 colligitur.

465 5559 556 5616 35.
587 5563 828 5620 Andreas
858 5563 1086 5632 Burriel,
1110 5565 1223 5635 qui,
1249 5572 1308 5619 ut
1336 5580 1462 5620 mox
1493 5565 1756 5632 dicemus,
1781 5564 1847 5619 ad
1875 5563 1970 5619 lsi-

392 5649 509 5704 d0ri
567 5667 766 5721 scrrpta
815 5654 1128 5710 excutienda
1181 5652 1406 5708 consilia
1462 5670 1559 5710 sua
1602 5655 1972 5720 direxerat,in

395 5747 623 5813 cpistola
663 5745 732 5801 ad
760 5747 824 5802 Ι).
852 5745 1070 5806 Petrum
1098 5747 1166 5805 de
1191 5745 1382 5805 (λιθιτο
1410 5748 1622 5815 asserit,
1667 5763 1789 5804 cum
1835 5746 1972 5802 hanc

2153 4548 2464 4614 'M'artimbos
2493 4548 2859 4613 cwnobiarclraa
2915 4558 2975 4612 S.
3025 4548 3300 4612 Michaelis
3346 4558 3400 4610 in
3447 4556 3663 4623 Ercmo,

2151 4629 2424 4684 Mecceaati
2445 4645 2555 4691 suo,
2587 4627 2777 4681 Frater
2819 4627 3046 4682 Iacobus
3075 4628 3140 4681 du
3175 4628 3346 4692 Breul,
3381 4629 3665 4682 monachus

2153 4700 2216 4754 S.
2246 4698 2492 4752 Germani
2518 4716 2550 4750 a
2579 4697 2762 4752 Pratis
2792 4698 2851 4752 S.
2880 4696 2944 4752 P.
2975 4696 3046 4751 Β.

2150 4768 2205 4822 4.
2237 4767 2369 4823 Cum
2401 4767 2466 4822 ad
2495 4779 2694 4824 eet-tam
2739 4767 2880 4822 diem
2924 4767 3122 4822 mensis
3152 4766 3294 4831 Maii,
3341 4768 3467 4822 anni
3508 4767 3668 4822 Chri-

2081 4839 2270 4893 stiana:
2309 4837 2494 4892 salutis
2535 4836 2712 4900 1579,
2762 4836 3018 4893 Henricus
3065 4837 3130 4891 Ill
3177 4837 3667 4893 Christianissimus

2082 4908 2414 4964 Francorum
2446 4924 2561 4974 rex,
2607 4907 2822 4962 comitia
2852 4907 3000 4962 clero
3027 4907 3303 4962 Gallicana
3331 4907 3554 4962 Lutetia:
3583 4908 3671 4962 in-

2081 4979 2324 5043 dixisset,
2367 4977 2660 5046 fuissetque
2687 4977 2752 5032 ad
2779 4976 2882 5032 hoc
2910 4991 3045 5045 opus
3089 4978 3391 5032 carnobium
3417 4985 3670 5033 nostrum

2079 5049 2334 5111 electum,
2388 5047 2494 5102 huc
2538 5045 2910 5102 cenvenerunt
2941 5047 3038 5100 viri
3067 5045 3420 5102 ecclesiastici
3449 5048 3675 5104 circiter

2078 5119 2388 5186 sexaginta;
2439 5117 2690 5172 nimirum
2737 5115 3216 5173 reverendissimus
3260 5116 3547 5172 cardinalis
3597 5133 3671 5173 ac

2081 5185 2469 5242 illustrissimus
2497 5187 2762 5255 princeps.
2795 5185 3022 5241 Carolus
3069 5186 3391 5250 Borbonius,
3421 5187 3670 5243 omnium

2079 5258 2411 5328 coryphaeus,
2443 5257 2848 5328 arclriprmsules
2877 5268 3004 5328 tres,
3029 5257 3267 5328 episcopi
3295 5265 3444 5328 octo,
3469 5258 3676 5328 reliqui

2080 5326 2320 5391 abb‘atcs,
2351 5337 2444 5381 aut
2465 5327 2644 5396 aliqua
2680 5326 2942 5394 dignitate
2967 5326 3020 5380 in
3049 5327 3159 5382 suis
3177 5327 3502 5382 dioecesibus
3531 5326 3675 5380 inSt-

2077 5412 2208 5467 gnes
2238 5414 2252 5450 :
2285 5413 2474 5452 omnes
2517 5395 2694 5467 autem
2724 5396 2796 5452 ob
2814 5412 2998 5467 raram
3027 5395 3324 5460 scientiam,
3351 5412 3532 5467 rerum
3563 5412 3681 5450 cx-

2080 5465 2417 5546 perientiam,
2447 5475 2503 5522 et
2532 5465 2890 5546 (quodnrajus
2911 5467 3159 5546 estlvita:
3181 5466 3566 5546 integritatem,
3592 5482 3684 5522 ex

2078 5537 2324 5592 omnibus
2346 5535 2549 5605 magno
2559 5535 2760 5605 judicio
2784 5535 3187 5605 absque'l‘avore
3215 5536 3392 5590 electi.
3419 5535 3681 5601 Quorum

2080 5621 2146 5660 ex
2177 5623 2401 5661 numero
2433 5605 2764 5674 (dignissime
2813 5605 3254 5674 archimandrita)
3285 5621 3406 5674 cum
3435 5605 3684 5660 domino

2084 5675 2386 5742 Margarino
2411 5673 2480 5731 de
2510 5676 2558 5729 la
2604 5674 2790 5744 “igne,
2819 5675 3072 5744 theologo
3095 5673 3318 5730 ductare
3345 5673 3684 5745 Parisiensl.

2083 5763 2180 5817 pro
2212 5745 2628 5818 liotlrouragensi
2656 5746 2956 5816 provincia,
2991 5745 3119 5802 licet
3139 5745 3354 5811 absens,
3379 5744 3692 5816 delegatus
