4030 6186
362 316 463 371 217

1345 309 2019 367 ΙδῖὒυΙιΙΛΝΑ.-ΡΑΗ8
2061 311 2099 366 I.
2139 314 2290 368 CAP.
2336 314 2593 370 XXXVII.

3516 325 3625 377 218

364 431 520 485 l‘uiti.
551 426 701 492 Quod
731 433 879 479 certe
908 423 1093 494 majori
1141 424 1233 476 tibi
1271 424 1413 477 cedit
1467 423 1654 477 honori
1696 438 1859 494 quam
1889 422 1932 475 si
1980 447 1999 487 κ
2037 425 2212 478 stcriis
2243 426 2563 494 prmfectatn.
2589 426 2768 481 Cmsar
2817 427 3079 483 Baronius
3118 429 3431 489 cardinalis.
3471 440 3623 489 tomo

362 516 570 571 presen~
615 495 932 571 exszitisses.
980 493 1255 562 Quispiant
1308 494 1451 571 enim
1499 493 1931 571 malerolus,__ex

362 563 453 625 suo
483 575 729 623 contorto
756 581 856 619 uec
877 564 1032 632 justa:
1059 579 1324 618 mensura:
1353 563 1489 632 pede
1517 564 1778 631 potuisset
1802 563 1935 616 alios

365 640 555 705 tncttri,
580 646 634 691 et
652 636 833 690 dicere
858 643 951 688 aut
972 636 1254 702 praesentia
1276 634 1612 705 perterritos,
1637 642 1730 686 aut
1752 648 1929 705 prece,

361 711 438 763 vel
471 703 641 778 pretio
672 707 727 778 in
774 706 873 759 hac
903 712 1081 778 parte,
1111 713 1416 778 corruptos,
1460 703 1697 778 lapillum
1728 703 1932 778 albntn,

363 782 432 833 tui
459 773 648 846 gratia,
697 777 748 829 in
775 790 982 846 iurarant
1013 774 1240 846 misisse.
1272 773 1375 846 Sed
1406 774 1611 846 collega
1636 780 1791 846 tuus,_
1805 773 1930 846 dum

320 884 323 889 -
360 844 503 919 putat
532 846 744 919 negotia
773 845 1028 919 Ecclesia:
1055 845 1164 919 cito
1192 844 1467 919 terminari
1506 858 1686 919 posse,
1715 844 1796 895 vel
1834 844 1933 896 hn-

360 913 440 974 ras
464 913 750 973 succisivas
772 915 837 969 ad
863 914 1180 970 studendum
1209 915 1309 969 sibi
1349 913 1561 968 abunde
1589 913 1801 976 datura,
1839 928 1926 965 ro-

357 998 502 1058 gatus
545 1001 585 1058 ra
652 985 915 1039 Michaele
962 984 1163 1058 sonnio
1193 984 1499 1058 bibliopola
1544 983 1923 1058 farnosissinro,

356 1050 585 1128 suscepit
621 1070 807 1128 curam
835 1054 1156 1128 emfndandi
1184 1053 1356 1128 Opera
1380 1050 1557 1128 saneti
1599 1052 1785 1128 [sideri
1829 1050 1922 1105 lli-

354 1122 606 1197 spslensis
627 1125 887 1197 episcopi.
910 1123 1063 1197 Quod
1084 1125 1364 1179 absolvere
1388 1124 1604 1197 minime
1630 1122 1817 1197 valuit,
1842 1137 1928 1175 re-

355 1192 448 1254 bus
469 1192 719 1252 Ecclesize
745 1192 945 1262 jugiter
983 1194 1242 1259 intentus,
1279 1202 1333 1248 et
1356 1194 1701 1248 nihilominus
1728 1192 1782 1246 in
1803 1208 1927 1261 sep-

353 1269 528 1323 timum
565 1267 710 1320 diem
742 1264 1017 1320 Februarii
1045 1265 1322 1334 sequentis
1350 1265 1474 1317 anui
1502 1264 1796 1333 productis.

418 1357 465 1411 5.
498 1356 667 1425 Hujus
706 1364 885 1409 autem
936 1354 1241 1422 bibliopolae
1273 1354 1435 1421 filius,
1485 1370 1700 1419 nomen,
1732 1361 1931 1425 statum

351 1428 743 1496 cattdoremque
767 1441 975 1496 tuorum
999 1426 1237 1494 parentis
1261 1427 1518 1496 retinens,
1544 1441 1642 1479 nec
1666 1440 1732 1477 eo
1756 1424 1930 1476 minus

350 1499 466 1578 boni
492 1495 690 1578 ραι).ιεί
708 1495 1081 1578 cupidrtshme
1108 1495 1158 1547 iu
1190 1495 1324 1578 cella
1353 1496 1757 1578 delitescentem
1784 1508 1928 1561 saepe

347 1565 647 1622 sollicitavit
668 1575 724 1619 ιιι
747 1566 891 1634 quod
918 1565 1055 1619 alius
1080 1580 1174 1633 per
1196 1566 1364 1618 otium
1387 1566 1667 1619 absolvere
1689 1579 1794 1617 non
1826 1578 1926 1631 po-

348 1638 440 1693 tuit
468 1636 616 1706 (licet
645 1633 845 1690 hocin
877 1634 1230 1706 frontiSpicio,
1277 1646 1334 1689 et
1361 1635 1412 1688 in
1437 1634 1664 1706 epistola
1693 1633 1924 1686 liminari

345 1708 408 1762 ad
428 1704 746 1761 avunculum
774 1722 953 1770 suum,
980 1704 1464 1759 Cmnomanensun
1506 1705 1765 1757 decanum
1794 1719 1923 1772 pro-

345 1777 536 1842 mittat)
568 1776 684 1845 ipse
712 1790 1167 1830 consummarem.
1223 1774 1399 1843 Quod,
1430 1775 1540 1827 Deo
1565 1774 1797 1845 favente,
1850 1772 1923 1826 vi-

344 1862 529 1915 resque
554 1862 675 1901 cum
698 1846 883 1908 animi,
921 1855 1031 1898 tum
1051 1845 1317 1915 corpnris,
1339 1860 1435 1915 per
1449 1844 1675 1915 senilem
1701 1850 1920 1915 mntem

343 1911 649 1969 fatisci-rites
676 1925 1034 1980 sustentante,
1081 1911 1303 1981 perfeci,
1329 1911 1540 1967 collatis
1561 1912 1743 1966 multis
1763 1911 1924 1965 Codi-

340 1986 483 2041 cibus
527 1986 918 2054 chirographis,
968 1994 1022 2037 et
1052 1984 1385 2054 potissimum
1424 1999 1534 2038 uno
1574 2000 1626 2036 v.
1668 1982 1919 2054 cl._Pauli

342 2055 559 2118 Petavii,
593 2050 815 2110 senatus
846 2050 1163 2109 Parisieitsis
1187 2055 1480 2109 consiliarii
1510 2070 1523 2106 :
1555 2054 1725 2107 altero
1754 2050 1883 2119 Papi
1904 2083 1916 2091 -

338 2127 398 2179 rii
449 2125 726 2183 Blassonii.
774 2128 825 2179 ιιι
873 2127 1064 2178 eodem
1110 2132 1303 2178 senatu
1348 2124 1619 2187 advocati,
1651 2138 1717 2176 ex
1759 2122 1918 2175 editis

340 2196 481 2249 libris
501 2196 793 2258 notissimi,
820 2206 873 2248 et
895 2195 1055 2265 tertio
1072 2194 1171 2265 viri
1190 2195 1340 2265 probi
1362 2193 1662 2265 Sebastiani
1681 2191 1911 2265 Niv_el_lii,

336 2268 568 2320 omnium
621 2266 957 2319 librarionuu
990 2260 1205 2330 decani;
1241 2281 1335 2319 seu
1383 2264 1721 2330 antiquioris.
1770 2260 1912 2315 Lbri

336 2345 505 2415 autem
555 2335 668 2415 duo
717 2332 1035 2415 de_0ﬂiciis
1066 2332 1602 2415 ecclesiasticisadeo
1651 2332 1912 2415 corrupti,

335 2407 532 2459 mendis
565 2414 626 2460 et
651 2406 856 2460 lacunis
900 2405 1078 2458 i-eft-rti
1109 2414 1285 2468 erant,
1325 2413 1384 2458 ut
1412 2404 1539 2457 nihil
1570 2418 1749 2465 supra.
1808 2404 1913 2455 Sed

337 2476 428 2527 hos
456 2491 519 2529 cx
542 2476 720 2529 veteri
747 2475 942 2530 Codice
973 2490 1071 2528 ms.
1103 2483 1299 2528 nostra:
1330 2474 1694 2532 bibliothecas,
1724 2482 1777 2523 et
1806 2472 1913 2525 alio

331 2542 583 2610 Colorum,
618 2562 760 2600 anno
805 2544 1001 2599 Christi
1048 2543 1205 2606 1568,
1238 2545 1378 2612 apud
1406 2543 1731 2598 Cervuinum
1761 2540 1916 2595 Cale-

333 2615 494 2678 nium,
526 2626 585 2670 et
613 2614 853 2669 hmredes
892 2615 1110 2668 Joannis
1137 2615 1366 2679 Quentel
1418 2615 1701 2683 impresso,
1729 2626 1913 2683 emen-

331 2686 599 2754 davimus,
628 2697 683 2739 et
711 2687 886 2754 capita
925 2686 1128 2750 integra
1160 2700 1281 2753 quae
1332 2681 1557 2738 deerant
1585 2681 1906 2754 addidimus.

330 2753 426 2821 Qui
458 2771 591 2810 vero
634 2754 752 2809 ltbri
778 2751 966 2810 nostro
1006 2751 1193 2809 labore
1232 2754 1518 2823 conquisiti
1560 2753 1610 2807 in
1634 2754 1751 2823 hac
1787 2751 1912 2823 Edi-

329 2827 469 2895 tione
514 2826 588 2879 de
634 2840 795 2893 novo,
847 2824 1129 2895 prodeant,
1177 2822 1601 2895 index’operum
1631 2822 1906 2895 indicabit.

326 2892 595 2949 Locorum
652 2892 869 2964 insuper
901 2910 1067 2949 sacrm
1116 2892 1485 2963 Scriptor-min
1519 2902 1665 2964 textu
1710 2892 1910 2960 produ-

326 2975 534 3034 ctorum
568 2965 736 3021 libros
765 2962 818 3019 et
848 2970 1023 3033 capita
1050 2966 1115 3018 ad
1147 2962 1439 3034 marginem
1466 2962 1771 3017 notavimus
1805 2980 1818 3015 :
1850 2972 1909 3016 ut

325 3033 389 3104 ad
418 3035 565 3104 ipsos
594 3034 787 3100 fontes,
819 3035 971 3104 quasi
997 3034 1162 3103 digito
1184 3033 1483 3089 monstrato
1512 3034 1721 3092 itinere.
1747 3034 1906 3087 sedu-

325 3103 404 3159 lus
429 3103 605 3159 lector
625 3103 885 3175 recurrat,
904 3105 1209 3175 videatque,
1242 3120 1368 3158 num
1392 3104 1532 3173 quod
1553 3104 1767 3175 qumrit,
1784 3118 1908 3160 cou-

324 3175 547 3229 tractius
564 3189 727 3243 quam
743 3174 968 3229 decebat
997 3172 1163 3244 (unde
1194 3184 1319 3229 nata
1349 3172 1419 3228 sit
1440 3172 1783 3244 obscuritas),
1812 3182 1905 3244 aut

322 3259 611 3312 perperam
642 3245 863 3299 citatum
894 3243 1072 3299 fuerit.
1122 3244 1221 3312 Qui
1251 3245 1404 3299 labor
1456 3259 1730 3312 nunquam
1773 3243 1907 3297 tanti

321 3315 678 3369 :estimabitur
703 3315 889 3382 quanti
922 3315 1049 3368 mihi
1083 3316 1360 3379 constitit;
1386 3330 1483 3367 nec
1514 3315 1643 3368 mihi
1674 3322 1903 3377 tantum,

318 3383 410 3438 sed
431 3392 488 3438 et
512 3400 637 3456 meo
661 3386 816 3455 277
837 3384 983 3437 fratri
1002 3385 1318 3456 hieronymo
1341 3382 1585 3456 Leluge,
1610 3384 1906 3456 baculnse-

319 3454 561 3524 nectutis
587 3452 743 3524 meo;
772 3452 929 3524 quem
955 3456 1005 3506 in
1037 3470 1067 3507 a
1086 3452 1364 3524 tjutorium
1391 3452 1741 3524 adsciveratn.
1772 3452 1903 3506 Nam

319 3523 369 3576 itt
398 3522 728 3593 quibusdam
780 3523 909 3575 locis
960 3522 1150 3577 auctdr
1172 3540 1277 3578 non
1308 3524 1531 3593 vulgari,
1563 3524 1656 3577 sed
1683 3522 1908 3593 Septua-

318 3593 467 3663 ginta
488 3592 848 3663 Interpretum
868 3594 1215 3663 translatione
1239 3592 1441 3647 utitur:
1466 3606 1695 3661 tuncjue
1710 3592 1902 3647 frustra

318 3661 383 3717 ad
415 3662 838 3717 concordatttias
867 3661 1158 3716 Bibliorum
1182 3664 1548 3718 recnrrissetn.

381 3754 437 3809 6.
466 3753 590 3808 Jam
618 3760 826 3819 tempus
847 3762 930 3807 est
953 3754 1266 3822 utdeipsius
1289 3753 1345 3808 S.
1369 3753 1557 3807 Isidori
1577 3754 1902 3824 parentibus,

318 3834 462 3889 ortu,
491 3824 784 3877 sanctitate
842 3824 987 3891 vitaz,
1014 3824 1316 3879 eruditione
1354 3832 1410 3877 et
1436 3824 1634 3890 obitus,
1676 3839 1795 3891 qua:
1840 3826 1906 3879 ab

318 3894 593 3963 historicis
619 3892 977 3963 Ilispanorum
1006 3894 1307 3955 didicimus,
1332 3894 1565 3948 breviter
1592 3893 1903 3949 referamus.

319 3962 514 4020 Baetica
546 3962 815 4033 Hispania:
842 3964 1014 4031 regio,
1045 3972 1232 4032 postea
1261 3967 1328 4018 ab
1359 3963 1631 4025 Wandalis
1669 3964 1907 4018 Wanda-

319 4034 457 4105 licia,
487 4044 559 4105 et,
592 4048 734 4105 nunc
772 4034 1062 4105 Audeluzia
1103 4034 1279 4103 (cujus
1329 4035 1561 4105 maxima
1601 4036 1779 4104 portio
1803 4035 1905 4105 est)

319 4103 479 4169 dicta,
512 4104 787 4159 civitatem
839 4101 1121 4173 Hispalim,
1150 4101 1308 4158 hedie
1344 4101 1906 4174 Sevillam'nuncupa;

319 4183 463 4244 um,
530 4182 694 4228 tantm
750 4174 1115 4239 amoenitatis,
1170 4174 1621 4244 pulchritudinis,
1674 4183 1729 4229 et
1774 4190 1909 4244 opu-

320 4243 495 4299 lentia:
540 4244 727 4309 habet,
758 4250 815 4295 ttt
852 4251 1009 4299 vetus
1044 4243 1385 4311 proverbium
1425 4244 1608 4311 fuerit,
1658 4243 1904 4300 Homini-

319 4312 416 4369 bus
461 4328 604 4383 quos
643 4312 783 4384 Deus
826 4324 999 4375 amat,
1037 4313 1241 4383 llispali
1266 4314 1481 4369 domum
1503 4315 1724 4384 largitur
1744 4326 1798 4370 et
1829 4316 1901 4369 vi-

318 4394 482 4454 ctum.
543 4383 890 4454 Spalis_ttero
949 4392 1001 4437 et
1058 4384 1366 4451 Spaleusis,
1404 4383 1687 4450 suppressa
1733 4386 1905 4451 prima

316 4453 545 4534 syllaba,
572 4452 690 4534 ‘pro
717 4452 957 4525 Hispalis
1006 4453 1516 4534 etfﬂispalensisdn
1531 4454 1904 4534 vetustissimis
1936 4467 1983 4526 ι)

318 4521 444 4594 loss.
470 4521 786 4594 Codicibus,
821 4521 991 4594 atque
1013 4521 1201 4594 etiam
1227 4527 1279 4577 in
1332 4525 1753 4594 aliisimpressis
1771 4540 1897 4594 pas-

321 4591 423 4647 sim
463 4593 685 4663 legitur.
716 4593 806 4649 Sic
854 4591 1023 4648 Graeci
1082 4593 1409 4663 IliSpaniatn
1435 4593 1691 4663 Spaniam
1713 4591 1897 4663 appel-

319 4663 449 4718 Iant.
514 4662 667 4729 Quos
738 4663 1153 4726 Childebertus,
1186 4661 1481 4717 secundus
1566 4661 1896 4717 Francorum

316 4746 407 4787 rex
434 4732 799 4801 Christianus,
831 4734 884 4787 in
920 4749 1019 4788 suo
1049 4732 1378 4787 fundationis
1417 4741 1614 4801 nostra:
1665 4732 1898 4787 basilica:

314 4803 673 4925 Rngmatico,
705 4814 832 4883 ante
876 4803 1023 4883 mille
1070 4817 1241 4856 annos
1283 4802 1450 4867 edito,
1500 4800 1738 4882 imitatus
1789 4811 1892 4858 est.

361 4888 446 4925 am
474 4873 545 4925 de
571 4871 632 4925 8.
658 4870 938 4925 thcentto
965 4882 1199 4925 martvre
1228 4870 1453 4925 loauens
1472 4879 1579 4925 ait:
1610 4870 1774 4925 Cuius
1795 4887 1892 4925 nos

361 4870 446 4943 am
474 4873 545 4928 de
571 4871 632 4927 8.
658 4870 938 4943 Vincentio
965 4870 1547 4943 martyreloquensait
1565 4870 1774 4943 {Cujus
1795 4887 1897 4928 nos

316 4942 572 5012 reliquias
596 4943 664 4997 de
710 4940 911 5012 Spania
949 4939 1554 5012 apportavintus._lgitur
1574 4942 1629 4996 S.
1658 4939 1895 4998 Isidorus

315 5009 521 5080 Hispali
544 5021 705 5067 natus
734 5009 839 5078 est,
862 5009 1344 5080 patre—Severiano,
1372 5010 1691 5067 Theodorici
1716 5012 1896 5068 Ostroo

313 5080 602 5152 gothorttni
632 5090 687 5135 et
710 5080 873 5135 Italiae
903 5081 1042 5152 regis
1073 5081 1203 5145 lilio,
1227 5091 1396 5136 matre
1424 5098 1554 5136 vero
1583 5081 1889 5152 Theodora,

315 5151 515 5221 inclyto
539 5149 837 5221 Gothorum
857 5149 1041 5219 regum
1057 5153 1314 5219 sanguine
1332 5162 1609 5221 prognata.
1642 5151 1893 5221 Idemque

313 5220 380 5274 de
407 5235 475 5274 eo
502 5220 647 5287 quod
674 5220 741 5275 de
777 5220 834 5276 S.
864 5221 1148 5277 Ambrosio
1165 5222 1356 5290 legitur
1388 5239 1400 5274 :
1432 5220 1639 5276 Scilicet
1666 5220 1890 5277 examen

312 5304 474 5361 apum
504 5290 605 5359 ipsi
626 5290 815 5345 infanti
844 5292 1017 5344 visum
1048 5293 1101 5345 iu
1140 5307 1204 5347 os
1228 5291 1456 5360 ingredi,
1482 5300 1538 5347 et
1579 5292 1758 5361 egredi
1780 5330 1795 5353 .
1826 5308 1890 5349 ac

313 5359 367 5413 iu
414 5361 614 5431 coelum
652 5375 825 5431 usque
866 5362 1100 5426 evolare,
1155 5359 1346 5416 futura:
1396 5362 1512 5429 ejus
1566 5359 1890 5431 eloquentia:

314 5430 654 5507 prasagium.
680 5429 811 5497 Quae
832 5439 1017 5507 postea
1051 5441 1195 5507 tanta
1220 5431 1337 5493 fuit,
1362 5441 1420 5507 ut
1439 5429 1713 5507 auditores
1748 5448 1891 5502 smpe

313 5499 364 5551 in
392 5508 669 5567 stuporem
699 5499 952 5555 verteret.
973 5499 1439 5556 HabuitlratresS.
1472 5502 1769 5556 Leandrum
1798 5499 1876 5557 ar-

311 5569 713 5640 chiepiscopum
729 5570 1124 5640 Hispaleusent,
1154 5581 1209 5625 et
1229 5572 1286 5625 S.
1312 5571 1890 5639 Fulgentium,cpiseo-

314 5652 439 5703 pum
460 5639 693 5720 primum
708 5639 1083 5720 Astigitanum,
1107 5642 1300 5695 deinde
1321 5642 1817 5720 Carthagincusetn,
1836 5652 1892 5697 et

310 5707 563 5765 sororem
600 5707 971 5778 'Florentiam,
1026 5720 1332 5768 sanctarum
1391 5711 1651 5780 virginum
1698 5728 1888 5769 mona-

2040 495 2586 563 st-ptimoAtmalium,
2604 499 2702 549 sub
2728 514 2868 551 anno
2882 498 3075 553 Christi
3107 498 3231 562 569,
3260 500 3410 554 addit
3436 499 3619 557 Theo-

2040 565 2267 638 dosium,
2314 566 2601 638 Leuvigilifi
2640 568 2795 638 (alias
2826 568 3139 637 Leovigildi)
3186 572 3325 637 regis
3374 586 3619 627 uxorem.

2111 636 2161 688 7.
2189 634 2517 690 Breviariutn
2549 634 2863 703 Ilispaleuse
2892 634 3043 704 ponit
3087 634 3305 704 msuer
3352 640 3616 695 Justinam

2038 706 2381 769 abbatissam,
2412 715 2466 758 et
2506 707 2774 761 Braulium
2826 708 2938 760 sive
2970 708 3310 763 Braulionem
3340 708 3619 764 C:esarau-

2037 786 2318 843 gustanunt
2349 777 2683 844 episcopum.
2704 777 2808 830 Sed
2838 777 2993 830 .Ioau.
3015 778 3230 833 Vasaces
3260 780 3309 832 itt
3340 778 3617 833 Chronico

2038 847 2135 916 sub
2165 862 2307 900 anno
2329 846 2538 900 Domini
2571 847 2671 899 567
2704 849 2840 901 hanc
2870 849 3110 901 eamdem
3145 858 3296 916 putat
3342 864 3462 903 esse
3494 866 3617 903 eum

2039 914 2305 968 Florentia
2344 934 2355 968 :
2390 918 2531 971 hunc
2578 933 2708 970 vero
2774 928 2931 980 negat
2979 914 3303 984 reliquorum
3374 918 3615 973 fratrem.

2040 984 2298 1055 Defuncto
2330 985 2573 1039 Leandro
2612 986 2699 1041 die
2728 986 2797 1039 '27
2844 986 3117 1040 Februarii
3151 990 3274 1041 anni
3303 989 3405 1041 603
3435 992 3515 1055 (ιιι
3565 990 3615 1043 itt

2038 1054 2418 1125 Mstrtyrologio
2441 1056 2687 1110 Romano
2710 1058 2914 1110 notavit
2941 1057 3076 1110 idem
3108 1058 3413 1126 Barouius),
3446 1054 3499 1111 iu
3524 1073 3615 1110 ar-

2038 1126 2438 1196 cltiepiscaipum
2478 1126 2845 1196 Ilispalensem
2868 1126 3071 1196 electus
3092 1136 3173 1181 est
3225 1126 3473 1191 Isidorus,
3505 1144 3613 1182 non

2038 1195 2273 1249 fraterno
2303 1195 2661 1251 successionis
2682 1197 2802 1264 jure
2830 1195 3084 1249 suffectus
3111 1212 3262 1251 more
3290 1212 3496 1258 eorum,
3520 1200 3614 1265 qui

2036 1266 2259 1320 dicunt:
2293 1266 2613 1320 Hzereditate
2661 1267 3031 1335 possideamus
3080 1266 3442 1320 sanctuarium
3484 1267 3613 1331 Dei;

2037 1350 2136 1390 nec
2166 1346 2416 1390 verentur
2440 1337 2570 1404 regii
2628 1337 2764 1389 vatis
2794 1336 3205 1403 itnprecatioues
3240 1352 3307 1390 eo
3356 1336 3455 1388 loci
3486 1337 3616 1389 sub-

2033 1414 2338 1473 sequvutes.
2390 1407 2540 1461 lianc
2586 1417 2765 1460 autem
2815 1406 3132 1460 electionem
3175 1405 3515 1460 coulirutavit
3554 1406 3615 1461 S.

2032 1475 2321 1546 Gregorius
2344 1492 2499 1546 papa,
2532 1477 2690 1544 eique
2728 1475 2946 1544 pallium
2998 1476 3242 1542 dignitati
3294 1490 3617 1546 congruens,

2034 1545 2140 1599 imo
2193 1545 2554 1599 necessarium
2604 1546 2670 1598 ad
2719 1546 2835 1612 ejus
2878 1547 3305 1609 exsecutionem,
3340 1545 3483 1598 misit
3515 1564 3527 1597 :
3561 1555 3617 1599 ut

2032 1614 2190 1669 habet
2212 1616 2445 1670 officium
2474 1615 2588 1682 ejus
2628 1616 2931 1682 peculiare,
2984 1616 3122 1667 inter
3167 1618 3442 1683 proprium
3492 1632 3617 1669 sau-

2030 1693 2237 1756 t-turum
2259 1685 2635 1756 Hispanorum,
2660 1700 2800 1756 anno
2816 1685 3021 1739 Domini
3040 1684 3173 1737 I597
3194 1684 3615 1756 Ctesarattgustze

1959 1748 2001 1806 Β
2032 1748 2371 1823 impressum:
2398 1755 2505 1807 Nec
2535 1755 2998 1823 arcltiepisc0pum
3052 1764 3277 1820 tantum,
3307 1754 3401 1808 sed
3448 1748 3609 1808 etiam

2028 1828 2521 1893 metropolitanmn,
2543 1826 2821 1893 primatem
2848 1826 3291 1892 etepiscoporum
3317 1840 3611 1890 sumntum,

2030 1892 2639 1956 llodericusToletanus,
2662 1894 2953 1949 Allonsusa
2980 1894 3339 1961 Carthagena,
3364 1893 3608 1958 Vasmus,

2026 1972 2079 2016 et
2108 1964 2327 2019 Ilraulio
2360 1981 2485 2019 eum
2531 1964 2692 2018 fuisse
2723 1964 3064 2018 ennftteutttr.
3097 1965 3302 2028 Quibus
3350 1964 3609 2032 astipula-

2027 2041 2112 2105 tnr
2142 2034 2399 2088 Batonius
2425 2037 2493 2086 ita
2522 2036 2704 2089 dicens
2738 2052 2749 2087 :
2782 2034 3008 2087 Diversis
3052 2036 3198 2105 fulsit
3238 2036 3610 2105 m'raculorum

2020 2104 2201 2175 signis,
2234 2106 2483 2169 primaria
2514 2106 2764 2175 dignitate
2805 2107 3014 2172 ﬂorens,
3047 2104 3093 2158 et
3131 2105 3356 2175 Romani
3376 2119 3526 2175 papa:
3552 2104 3603 2156 in

2029 2170 2283 2243 Hispania
2319 2176 2448 2245 vices
2480 2170 2680 2245 gerEns.
2716 2170 2889 2245 Locus
2924 2184 3102 2228 autem
3133 2174 3389 2227 Tudettsis
3415 2170 3611 2245 talibus

2023 2242 2143 2295 eum
2174 2244 2384 2298 extollit
2412 2242 2671 2297 encomiis
2705 2262 2717 2295 :
2759 2242 3044 2297 Decor/rtus
3075 2246 3273 2297 exstitit
3301 2244 3604 2307 sanctitate,

2021 2315 2203 2380 Spiritu
2233 2314 2518 2383 prophetia:
2539 2314 2731 2375 clarus,
2762 2316 2815 2366 in
2838 2314 3172 2384 eleemosynis
3202 2314 3400 2383 largus,
3431 2313 3608 2379 hospi-

2023 2385 2222 2436 talitate
2251 2385 2563 2452 prwcipuus,
2611 2384 2765 2437 corde
2808 2400 3036 2447 serenus,
3067 2388 3120 2436 in
3142 2384 3395 2436 sententia
3428 2398 3603 2445 verax,

2020 2453 2073 2505 in
2114 2453 2314 2523 judich
2338 2454 2531 2522 justus,
2563 2455 2615 2505 in
2652 2453 3021 2521 prwdicatione
3050 2456 3210 2523 278
3239 2456 3402 2513 la'tus,
3439 2453 3496 2523 in
3524 2452 3605 2502 lu-

2020 2521 2230 2575 crandis
2259 2521 2365 2577 Deo
2394 2523 2661 2575 animabus
2690 2523 2970 2585 studiosus,
3020 2521 3097 2575 inv
3111 2521 3429 2590 expositione
3460 2521 3607 2573 Seri-

2020 2603 2287 2661 pturarum
2319 2603 2521 2657 cautus,
2547 2594 2599 2645 in
2625 2592 2841 2646 consilio
2866 2593 3125 2661 providus,
3150 2596 3205 2645 in
3229 2601 3345 2644 actu
3370 2591 3601 2653 Immitis,

2018 2664 2073 2715 in
2100 2679 2277 2717 mensa
2299 2662 2592 2731 sobriusnin
2615 2664 2848 2716 oratione
2873 2664 3099 2724 devotus,
3118 2664 3385 2715 honestate
3404 2662 3597 2722 clarus,

2015 2750 2214 2801 semper
2276 2751 2370 2803 pro
2425 2732 2775 2803 Ecclesiwet
2828 2734 3054 2786 veritatis
3121 2733 3420 2803 defensione
3469 2732 3601 2783 mori

2012 2799 2354 2873 ρινίιιιιείει
2396 2805 2449 2856 in
2497 2805 2635 2856 omni
2691 2800 2918 2873 bonitate
2957 2799 3280 2873 conSplcuus.
3337 2799 3603 2873 Pra'terea

2021 2872 2175 2925 I’ater
2204 2874 2299 2943 fuit
2330 2873 2654 2935 clericorum,
2689 2872 2865 2925 doctor
2892 2881 2940 2925 et
2979 2870 3294 2926 sustentator
3317 2870 3601 2924 monacho-

2012 2959 2125 2995 rum
2174 2960 2235 2995 ac
2272 2943 2602 3003 monialium,
2658 2944 2953 2995 consolator
2984 2944 3325 3005 merentium,
3371 2953 3598 2993 tutamen

2010 3012 2322 3082 pupillorum
2348 3029 2409 3066 ac
2435 3013 2722 3075 viduarum,
2742 3013 2948 3067 attritor
2968 3013 3299 3083 superborum
3320 3052 3334 3077 ,
3364 3025 3600 3079 persecu-

2011 3092 2093 3137 tor
2117 3092 2165 3136 et
2196 3084 2416 3137 malleus
2445 3083 2824 3136 Itwretirorum.

2083 3151 2138 3208 8.
2188 3153 2342 3219 Quod
2391 3160 2721 3221 postremum
2780 3167 2967 3219 magna
3025 3151 3217 3205 fiducia
3265 3152 3332 3205 ab
3378 3153 3599 3206 ineunte

2009 3230 2170 3277 :etate
2222 3224 2483 3293 pnestitit.
2534 3223 2665 3277 Nam
2715 3226 2800 3293 (ιιι
2849 3232 2934 3277 est
2985 3222 3059 3293 in,
3106 3223 3431 3276 lectionibus
3478 3222 3597 3275 festi

2010 3293 2173 3362 illius)
2206 3292 2382 3347 adhuc
2431 3292 2786 3359 adolescens,
2842 3292 3085 3347 hmresit'n
3139 3294 3392 3346 Arianam
3453 3293 3595 3361 (qua:

2008 3372 2221 3427 gentem
2250 3363 2550 3418 Gothorum
2603 3362 2870 3432 Hispaniae
2914 3364 3173 3417 latissime
3221 3362 3592 3432 dominantem

2007 3433 2221 3499 penitus
2262 3434 2581 3503 jampridem
2614 3431 2904 3503 invaserat)
2929 3443 3038 3487 tam
3068 3440 3385 3503 constanter
3417 3431 3591 3497 palam

2008 3501 2285 3571 arguebat,
2319 3501 2390 3556 uti
2418 3518 2603 3572 parum
2632 3501 2859 3557 abfuerit
2884 3503 3009 3571 quin
3042 3503 3109 3556 ab
3132 3502 3344 3572 Arianis
3365 3514 3592 3555 necare—

2010 3580 2114 3626 tur.
2146 3572 2252 3627 Sed
2283 3571 2587 3627 admdnitus
2614 3589 2644 3626 a
2673 3572 2939 3633 Leandre,
2995 3574 3137 3627 hunc
3164 3571 3267 3625 sibi
3309 3584 3592 3625 successo-

2010 3657 2124 3712 rem
2177 3644 2291 3697 fore
2343 3644 2716 3712 pmsagicute,
2778 3642 3197 3708 indignationem
3247 3639 3589 3712 temperavit.

2009 3710 2205 3765 Contra
2250 3710 2365 3777 eos,
2410 3714 2495 3766 vel
2524 3710 2756 3780 quosvis
2801 3712 2941 3780 alios
2994 3712 3297 3772 haereticos,
3347 3718 3484 3765 teste
3528 3710 3589 3764 S.

2012 3780 2315 3853 Braulioue,
2340 3779 2743 3853 archiepiscopo
2767 3779 3029 3853 Toletano
3053 3780 3591 3853 (Ctesat-attgustano),

2012 3850 2199 3904 librum
2229 3853 2445 3918 scripsit
2464 3852 2552 3919 qni
2577 3852 2735 3904 hodie
2755 3851 3108 3905 desideratur.
3129 3852 3268 3916 Qttin
3291 3850 3452 3906 etiam
3480 3866 3590 3907 aera

2010 3919 2137 3987 66l,
2194 3920 2245 3974 id
2283 3930 2367 3975 est
2395 3936 2537 3974 anno
2564 3920 2771 3991 Domini
2800 3920 2926 3987 623,
2965 3922 3114 3991 regni
3143 3932 3325 3976 autem
3354 3922 3589 3975 Sisebuti

2010 3992 2148 4061 regis
2173 3991 2421 4061 septimo,
2454 3991 2595 4061 apud
2631 3989 2911 4059 llispalim,
2944 3992 2997 4044 in
3037 3989 3344 4046 secretario
3383 4000 3583 4057 sanctae

2014 4058 2344 4115 Hierusalem
2372 4058 2656 4115 concilium
2714 4058 3005 4115 celebravit
3052 4062 3310 4113 adversus
3342 4060 3591 4124 Arepha-

2012 4130 2110 4194 los,
2144 4130 2427 4185 hmreticos
2464 4131 2690 4196 scilicet,
2719 4146 2944 4199 quorum
2974 4131 3177 4199 primus
3217 4139 3408 4183 auctor
3438 4130 3589 4196 igno-

2010 4208 2160 4271 ratur
2208 4218 2223 4252 :
2275 4211 2328 4255 et
2364 4201 2570 4271 Cyrum
2628 4199 2912 4268 quemdam
2967 4199 3311 4271 episcopum,
3361 4199 3587 4271 istorum

2013 4270 2254 4325 ltzeresim
2284 4269 2679 4334 defendentem,
2714 4285 2809 4340 per
2848 4270 3092 4324 veredica
3123 4271 3405 4340 doctorum
3437 4270 3589 4340 testi-

2010 4342 2188 4411 tnonia
2212 4340 2526 4395 confutavit.
2556 4338 2755 4411 Sicque
2786 4356 2881 4409 per
2902 4340 3232 4411 eumﬂarnit
3260 4339 3399 4392 alma
3431 4338 3582 4393 fides.

2011 4408 2181 4474 Quam
2234 4411 2351 4479 ejus
2387 4408 2684 4466 successor‘
2716 4408 2874 4477 longe
2921 4410 3191 4465 dissimilis
3240 4422 3587 4476 corrumpere

2011 4480 2156 4534 uisus
2186 4488 2289 4543 est,
2340 4489 2398 4533 ιιι
2427 4481 2507 4534 his
2532 4481 2709 4535 verbis
2735 4482 2972 4534 declarat
2997 4479 3291 4533 Tudensis:
3325 4479 3587 4533 Surcessit

2006 4548 2221 4618 (inquit)
2246 4550 2538 4604 beatissimo
2581 4550 2785 4603 Isidoro
2819 4549 3154 4615 Tlteodiscus,
3190 4552 3395 4603 natione
3431 4548 3583 4601 Cra:—

2001 4634 2112 4681 cus,
2158 4621 2403 4672 varietate
2452 4621 2743 4690 linguarum
2800 4623 3000 4686 doctus,
3048 4622 3275 4672 exterius
3325 4620 3585 4690 locutione

2001 4690 2215 4751 nitidus,
2265 4690 2429 4742 rarius
2471 4686 2637 4742 autem
2692 4692 2769 4749 (ut
2813 4690 2980 4741 exitus
3038 4690 3437 4753 demonstravit)
3489 4686 3582 4739 sub

1998 4758 2150 4827 ovina
2181 4758 2490 4827 pelleilupus
2536 4758 2915 4812 voracissimus.
2959 4757 3103 4811 Nam
3147 4758 3303 4812 libros
3332 4758 3581 4825 quosdam

2002 4824 2194 4880 Isidori
2223 4828 2287 4880 de
2308 4825 2359 4878 Ν
2367 4824 2527 4881 aturis
2558 4843 2727 4880 rerum
2747 4838 2793 4879 et
2820 4832 2942 4880 Arte
2966 4828 3244 4893 medicina,
3268 4824 3359 4881 nec
3382 4845 3483 4881 non
3514 4827 3580 4880 de

1999 4895 2122 4949 Arte
2161 4897 2396 4963 notoria,
2427 4907 2702 4965 antequam
2745 4896 2797 4949 in
2829 4896 3085 4966 publicum
3130 4900 3379 4962 venirent,
3411 4913 3579 4951 corru-

1998 4966 2096 5039 pit,
2118 4981 2351 5039 resecans
2381 4984 2501 5021 vera
2539 4978 2586 5020 et
2615 4967 2848 5039 inserens
2888 4970 3028 5037 falsa
3053 4984 3073 5039 ς
3099 4978 3251 5039 atque
3277 4986 3368 5039 per
3398 4982 3575 5038 quent—

1998 5036 2120 5088 dam
2146 5036 2388 5100 Arabem,
2419 5038 2623 5092 nomine
2659 5036 2990 5103 Avicennam,
3041 5038 3104 5091 de
3133 5036 3322 5093 Latino
3351 5036 3418 5091 in'
3437 5039 3575 5088 Ara-

1997 5104 2107 5159 bem
2155 5108 2441 5180 transtulit.
2497 5108 2762 5180 Erroneus
2809 5125 3006 5180 quoque
3059 5111 3115 5162 in
3172 5110 3403 5180 articulis
3451 5106 3577 5180 ﬁdei

1994 5177 2376 5249 comprobatus,
2422 5195 2514 5249 per
2558 5178 2815 5247 synodum
2852 5177 3277 5249 areltiepist‘Opali
3303 5178 3574 5249 dignitate

1994 5246 2306 5315 degradutus
2322 5246 2539 5312 εει.οιιί
2556 5246 2823 5317 propterea
2834 5249 2904 5301 ad
2916 5249 3109 5303 Arabes
3125 5246 3351 5310 transiit,
3364 5255 3411 5317 et
3422 5258 3575 5299 secta

1992 5318 2467 5388 pseudoprophetq
2496 5315 2777 5373 Malto’meti
2817 5335 2877 5372 eo
2921 5320 3110 5374 saeculo
3132 5319 3297 5372 exorti
3329 5315 3568 5369 adhaesit.

2069 5385 2120 5441 9.
2153 5385 2209 5441 In
2249 5389 2402 5509 cujus
2429 5387 2713 5443 Theodisci
2744 5389 3174 5452 detestationem,
3207 5397 3262 5441 et
3292 5390 3400 5455 ipsa
3430 5401 3571 5452 quo-

2073 5472 2102 5509 e
2152 5456 2312 5509 Hisoa
2338 5459 2381 5509 is
2438 5456 2676 5509 Ecclesia
2718 5459 2859 5509 (qua:
2906 5458 3150 5509 undecim
3206 5456 3571 5509 sullratzaneos

1996 5470 2102 5524 que
2152 5456 2381 5526 Hispalis
2438 5456 2676 5513 Ecclesia
2718 5459 2859 5527 (qua:
2906 5458 3150 5512 undecim
3206 5456 3574 5521 sullraganeos

1996 5527 2300 5595 episcopos,
2332 5527 2383 5580 in
2414 5528 2551 5581 libro
2581 5528 2796 5583 'l‘heatri
2846 5529 2991 5583 orbis
3027 5528 3351 5585 nominatos.
3384 5527 3567 5580 hacte-

1998 5612 2103 5666 nus
2138 5597 2420 5665 habuerat)
2448 5598 2723 5665 primatus.
2750 5598 3236 5666 arcltipne.~ulatus,
3283 5605 3333 5650 et
3364 5606 3568 5649 metro-

1998 5664 2219 5752 politani
2249 5664 2593 5752 dignitatibus
2619 5669 2846 5752 ιιιιιίξξὶετ
2885 5664 2936 5746 in
2965 5666 3205 5752 ordinem
3246 5667 3484 5752 redacta,
3509 5673 3569 5752 let

2008 5736 2271 5793 Toletanis:
2306 5736 2547 5807 subjecta
2596 5747 2680 5793 est
2724 5736 2997 5793 Ecclesiae.
3040 5736 3170 5802 Qua:
3216 5736 3361 5792 sedis
3403 5736 3567 5794 subli~
