4022 6198
423 249 530 302 223

1157 237 1248 290 AD
1299 231 1525 288 0PERA
1566 231 1625 284 S.
1669 222 1919 286 lSIDOliI
1959 218 2394 278 HISPALENSIS
2433 212 2966 271 PROLEGOMENA.

3593 207 3699 262 224

427 359 628 418 Recole
655 373 722 415 ea
749 371 868 426 quae
895 369 1017 422 cap.
1049 351 1113 404 -l7
1141 349 1211 404 de
1253 346 1438 401 lsidori
1483 342 1794 415 parentibus
1829 338 2006 408 dispu-
2044 345 2084 402 Α
2121 415 2137 426 Δ
2185 333 2572 390 Prommiorum
2623 330 2757 384 liber
2784 329 2836 382 in
2864 327 3029 383 Vetus
3051 334 3107 381 et
3143 324 3347 380 Novum
3388 323 3704 380 Testamen-

427 453 556 508 tavi.
607 449 990 519 Episcopatum
1031 438 1508 506 Cartltaginensem
1551 429 1818 501 Fulgentii
1863 443 2016 483 com-

427 518 733 602 mentitium
779 535 1008 604 censeri,
1039 549 1160 602 cap.
1191 531 1225 586 5
1253 529 1456 584 monui.
1515 526 1594 580 An
1635 523 1837 580 Isidoro
1863 518 2023 574 fuerit

429 652 583 693 soror
609 631 914 694 Theodora,
955 628 1068 680 sive
1096 620 1401 677 Theodosia
1447 617 1683 676 nomine.
1729 611 2018 680 Lcovigildi

430 725 571 793 regis
617 737 770 784 uxor,
801 718 1151 772 vehementer
1181 710 1416 765 dubium
1461 721 1581 760 esse
1623 719 1743 773 cap.
1773 702 1839 755 17
1883 699 2018 754 dixi.

431 817 616 886 Neque
643 828 814 866 annus
849 805 1163 863 enmrtualis
1195 800 1420 858 Leandri
1449 798 1554 852 605
1587 811 1706 850 esse
1739 800 1916 862 potest
1956 808 2024 846 ex

431 881 719 962 momentis
741 899 1009 955 rationum
1040 911 1156 964 cap.
1183 893 1251 946 20
1273 891 1464 945 allatis.
1495 887 1730 956 Qumstio
1750 885 1818 939 de
1843 881 2026 954 pallio,

430 996 574 1068 quod
603 993 808 1050 lsidoro
837 1007 865 1044 a
895 988 1158 1057 Gregorio
1189 987 1381 1052 Magno
1411 982 1630 1036 missum
1659 977 1874 1042 dicitur,
1913 974 2029 1045 agi-

431 1097 542 1144 tata
573 1095 655 1141 est
685 1099 804 1154 cap.
829 1081 920 1136 22.
953 1079 1087 1134 Cum
1123 1078 1361 1132 Breulius
1391 1073 1732 1129 Braulioncm
1760 1071 2033 1125 Ctesarau-

433 1189 714 1249 gustanum
760 1175 1070 1244 episcopum
1121 1171 1268 1240 prius
1317 1167 1532 1230 dixerit,
1571 1172 1696 1233 post
1744 1175 1917 1230 neque
1957 1159 2030 1214 ita

435 1271 604 1326 multo
633 1283 730 1339 per
755 1280 994 1322 errorem
1037 1263 1360 1318 Toletanum
1397 1257 1860 1324 archiepiscopum
1903 1268 2036 1308 nun-

435 1361 651 1430 cupavit
686 1379 698 1411 :
733 1357 1075 1411 Braulionem
1115 1353 1260 1408 enim
1299 1349 1567 1418 intelligit,
1609 1361 1729 1402 cum
1757 1360 1823 1400 ex
1851 1359 1918 1399 eo
1947 1357 2037 1398 re-

437 1451 542 1506 fert
583 1448 844 1503 lsidornm
897 1445 1089 1501 librum
1137 1449 1325 1498 contra
1379 1437 1663 1494 ltarreticos
1716 1433 2036 1506 scripsisse:

439 1555 564 1594 nam
595 1539 734 1606 apttl
775 1535 1104 1591 lldel‘onsum
1147 1533 1199 1587 in
1234 1530 1422 1585 lsidori
1453 1530 1631 1597 elogio
1659 1527 1880 1582 omnino
1909 1523 2040 1579 nihil

437 1628 616 1684 simile
645 1627 862 1694 legitur,
891 1624 1032 1693 apud
1063 1621 1406 1676 Braulionem
1435 1633 1564 1672 vero
1597 1633 1610 1669 :
1657 1609 1742 1668 De
1761 1611 2039 1668 Itwresibus

439 1717 626 1772 librant
654 1731 831 1777 unum,
852 1715 904 1767 in
927 1730 1046 1784 quo,
1075 1711 1334 1780 majorum
1363 1715 1566 1762 secutus
1589 1703 1846 1772 exempla,
1873 1702 2036 1755 brevi-

439 1815 548 1864 tate
586 1823 686 1875 qua
727 1805 914 1874 potuit,
945 1802 1139 1870 diffusa
1179 1801 1402 1870 collegit.
1453 1796 1638 1866 Neque
1684 1804 1862 1849 tamen
1915 1791 2040 1845 hinc

441 1907 657 1962 arguas,
683 1892 940 1947 lsidorum
978 1890 1210 1944 haereses
1248 1887 1426 1957 potius
1463 1886 1568 1940 hoc
1605 1883 1744 1939 libro
1771 1880 2040 1938 refellisse

443 2001 605 2056 quam
651 1997 836 2038 earum
883 1980 1163 2036 historiam
1211 1991 1512 2033 enarrasse.

521 2093 608 2148 l9.
642 2091 718 2148 De
747 2105 888 2146 anno
917 2106 1024 2160 quo
1065 2087 1379 2159 Hispalense
1409 2084 1696 2140 concilium
1739 2099 1776 2137 tt
1805 2081 2045 2137 celebra-

2121 415 2256 462 tum.

2193 473 2572 530 Commentario
2593 470 2644 524 in
2665 467 2938 532 Geuesim,
2963 467 3014 520 in
3035 464 3296 523 Exodum,
3317 464 3369 518 in
3393 463 3707 532 chiticum,

2122 549 2175 604 iu
2217 545 2496 607 Numeros,
2527 542 2580 595 in
2612 539 3103 607 Denteronomium,
3133 536 3183 607 i_t_t
3214 533 3492 607 JosueLitl
3519 533 3710 607 librum

2123 603 2394 680 Indicum,
2441 603 2493 667 in
2544 611 2733 666 librum
2789 608 2950 674 Ruth,
2977 607 3028 661 in
3055 605 3104 670 Ι,
3139 604 3211 670 ll,
3241 603 3326 668 lli,
3355 603 3422 658 IV
3457 603 3590 672 Reg.
3617 647 3634 672 ,
3659 604 3712 657 in

2126 687 2365 741 Esdram.

2169 701 2365 741 suram.
3718 715 3725 734 ,

2199 757 2360 829 285
2382 753 2456 806 De
2475 751 2740 805 Antiocho
2763 763 2908 818 rege,
2932 759 2984 802 et
3005 743 3432 800 Machabaeorum
3457 743 3718 814 martyrio

2130 833 2525 884 COnsummato.

2205 894 2592 964 Allegoriarum
2637 888 2990 962 quarumdam
3031 900 3199 942 sacra:
3245 884 3539 954 Scripturm
3584 883 3723 937 liber

2135 983 2294 1026 unus.

2304 1033 2670 1106 scriptoribus
2685 1026 3088 1106 ecclesiasticis,
3115 1025 3434 1106 liberhunns:
3655 1019 3694 1051 δ

2208 1109 2282 1162 De
2317 1092 2440 1159 Vita.
2476 1103 2562 1157 vel
2601 1101 2758 1156 Ohitu
2784 1108 3088 1154 sanctorum
3119 1095 3214 1165 qui
3243 1092 3351 1146 Deo
3382 1093 3724 1161 placuerunt.

2211 1177 2286 1232 De
2327 1175 2616 1232 Nativitate
2663 1170 2908 1228 Domini,
2963 1166 3235 1231 l’assione,
3284 1165 3722 1232 Resurrectioue.

2141 1231 2339 1316 regno,
2359 1253 2524 1316 atque
2565 1242 2792 1313 judicio,
2823 1238 2890 1294 ad
2930 1236 3261 1292 Florentiam
3306 1247 3551 1290 sororem
3589 1231 3728 1287 liber

2141 1335 2302 1374 unus.

2213 1387 2292 1442 Ad
2322 1384 2588 1448 eamdem,
2617 1382 2685 1437 de
2709 1378 3002 1436 Vocatione
3030 1376 3292 1448 gentium.

2215 1441 2288 1511 De
2337 1453 2538 1510 Ofﬁciis
2567 1441 2975 1512 Ecclesiasticis,
3034 1441 3156 1499 libri
3201 1446 3330 1499 duo.
3363 1443 3440 1499 Ex
3469 1445 3530 1500 G.
3557 1441 3630 1497 Μ.
3663 1441 3728 1498 S.

2143 1528 2313 1583 sancti
2341 1523 2596 1580 Germani
2625 1538 2656 1576 a
2685 1521 2858 1574 Pratis
2897 1516 3190 1574 emendati.

2216 1595 2454 1666 Epistola
2484 1593 2548 1647 ad
2562 1589 2924 1666 _Ludil‘redum
2954 1587 3109 1666 (alias
3139 1583 3547 1666 Leudel‘rcdurn)
3582 1582 3726 1636 Cor-

2075 1655 2436 1722 Btlubensem
2490 1663 2835 1733 episcopum,
2887 1655 2984 1733 de;
3007 1655 3244 1733 episcopi
3302 1663 3364 1733 et
3411 1663 3734 1733 cmtcrorunt

2145 1738 2465 1794 clericorum
2493 1724 2544 1787 in
2575 1724 3041 1786 Ecclesiaol'ﬁcio.
3077 1724 3244 1792 Hujus
3281 1725 3519 1793 epistola:
3545 1732 3732 1794 postc-

2147 1793 2259 1861 rior
2305 1822 2449 1874 pars,
2501 1818 2621 1872 quae
2649 1800 3083 1874 desiderabatur,
3109 1811 3381 1864 quantque
3411 1793 3733 1874 dilati-rivum

2149 1862 2735 2002 {)liipa'nia‘z'ex'emplar
2763 1870 2918 1924 nobis
2962 1867 3174 1921 tandem
3221 1862 3600 1935 suppeditavit,
3633 1862 3736 1916 ha-

2189 1965 2213 2001 e
2247 1964 2306 2000 ur
2335 1963 2386 1999 tn
2413 1961 2494 1999 ra.

2189 1961 2306 2001 etur
2335 1961 2494 1999 intra.

2220 2015 2640 2072 Sententiarum,
2666 2010 2778 2066 sive
2798 2008 2866 2064 de
2893 2022 3103 2062 summo
3123 2005 3270 2061 Sono
3291 2003 3412 2058 libri
3439 2013 3566 2072 tres.

2225 2070 2244 2107 ⁴
2271 2085 2522 2153 Epistola:
2560 2070 3007 2153 aliquot,‘pr:eter
3033 2092 3126 2132 eas
3150 2091 3270 2146 qua:
3297 2081 3424 2130 ante
3453 2070 3740 2143 Etymolo-

445 2193 562 2240 tum
593 2183 713 2251 fuit,
745 2181 828 2253 egi
854 2149 973 2252 cap.
1003 2180 1096 2245 21,
1137 2149 1188 2234 in
1231 2194 1338 2248 quo
1363 2175 1594 2232 concilio
1631 2173 1909 2230 convictus
1952 2171 2047 2227 fuit

2178 2149 2348 2253 tia‘s'et
2372 2149 3003 2253 Spinonyma'ltabentur.

449 2275 742 2346 Gregorius
771 2274 1076 2344 episcopus.
1107 2270 1271 2342 284
1294 2269 1536 2324 Breulius
1562 2267 1752 2340 Cyrum
1780 2265 2052 2337 quemdam

447 2367 743 2435 episcopum
783 2363 1050 2428 nominat,
1084 2378 1302 2428 errore,
1334 2371 1391 2415 ut
1431 2368 1591 2431 puto,
1627 2357 2048 2430 typographico,

447 2473 547 2528 pro
577 2459 768 2528 Syrum
793 2457 1060 2527 quemdam
1089 2457 1380 2524 e;.iscopum
1403 2471 1421 2508 :
1445 2463 1564 2508 erat
1592 2454 1734 2508 enim
1759 2452 2053 2521 Gregorius

450 2548 672 2603 natione
697 2547 885 2617 Syrus,
913 2555 970 2600 ut
991 2562 1058 2600 ex
1089 2546 1204 2614 ipso
1231 2544 1534 2614 llispalensi
1563 2543 1794 2598 concilio
1816 2549 2046 2597 constat.

451 2640 700 2696 Breulius
750 2639 982 2709 denique
1031 2637 1239 2694 fabulas
1285 2643 1486 2700 narrat,
1518 2649 1654 2704 quas
1689 2633 1812 2704 jam-
1847 2633 2050 2704 pridem

452 2732 542 2786 alii
565 2731 634 2786 de
653 2729 975 2784 Theodisclo
997 2727 1184 2783 lsidori
1205 2740 1520 2783 successore
1543 2724 1829 2790 tinxerunt,
1845 2737 1874 2776 a
1898 2722 2054 2778 nobis

455 2838 576 2890 cap.
607 2819 679 2873 22
707 2820 984 2875 refutatas.

523 2909 614 2963 20.
647 2907 776 2964 Post
819 2907 1101 2978 epistolam
1151 2905 1558 2970 dedicatoriam,

459 3454 706 3509 Breulius
733 3453 991 3509 librorum
1020 3452 1250 3507 indicem
1279 3451 1384 3506 hoc
1413 3450 1570 3504 titulo
1601 3467 1614 3502 :

465 3545 635 3600 Index
681 3545 927 3601 librorum
975 3545 1036 3601 S.
1081 3545 1274 3600 lsidori
1320 3541 1651 3612 Hispalensis
1697 3541 1954 3611 episcopi,
1995 3556 2062 3593 ea:

535 3618 714 3687 quibus
737 3634 825 3672 eos
852 3617 936 3687 qui
965 3633 1100 3668 nunc
1128 3616 1346 3687 primum
1392 3613 1644 3687 prodeunt
1670 3613 1724 3666 in
1761 3613 1926 3666 lucent
1968 3627 2062 3664 no-

539 3683 672 3740 thus
702 3689 770 3740 ad
797 3683 1085 3758 marginem
1115 3683 1366 3739 astericus
1392 3683 1610 3737 indicat.

535 3777 627 3832 21.
668 3777 964 3846 Originum,
996 3777 1110 3832 sive
1137 3774 1591 3846 Etymologiarum
1625 3772 1742 3846 libri
1776 3771 1986 3846 viginti.

537 3847 620 3928 .De
650 3841 991 3911 Ditt'érentiis,
1040 3850 1154 3902 sive
1185 3841 1521 3916 Proprietate
1561 3843 1876 3910 verborum,
1922 3841 2058 3898 liber

468 3933 694 3990 prunus.

541 3987 619 4060 De
645 3987 967 4044 Diﬂerentiis
986 3987 1336 4060 spiritalibus,
1365 3985 1499 4060 liber
1526 3983 1815 4060 secundus:

540 4059 993 4131 synonymorum,
1016 4052 1606 4131 'sivcHSoliloquiorum,
1637 4053 1758 4107 libri
1783 4052 1911 4108 duo.

543 4125 618 4184 De
637 4125 958 4198 Contetnptu
989 4127 1172 4183 mundi
1201 4125 1432 4182 libellus.

541 4199 740 4254 Norma
765 4198 994 4254 vivendi.

543 4271 563 4290 ‘
602 4268 922 4323 Exhortatio
961 4262 1278 4335 paenitendi,
1318 4277 1440 4335 cum
1483 4258 1854 4335 consolatione
1883 4259 2065 4335 etuti-

469 4338 762 4396 sericordia
803 4336 921 4400 Dei,
957 4329 1024 4389 ad
1060 4329 1292 4387 animam
1333 4331 1508 4398 futura
1549 4330 1743 4399 judicia
1775 4329 2066 4400 formidang

473 4421 604 4462 tem.
671 4405 842 4473 Quam
887 4398 955 4460 ex
1003 4419 1104 4458 ms.
1149 4401 1348 4473 Codice
1403 4398 1852 4473 biblidtheczehS.
1894 4399 2064 4473 yauri
2101 4413 2146 4473 ι)

475 4468 838 4542 Fossatensis,
887 4474 1156 4545 quondam
1205 4471 1482 4542 regularis,
1531 4487 1584 4526 v.
1612 4470 1681 4526 cl.
1728 4468 1848 4524 Nic.
1893 4469 2068 4525 Faber

477 4546 757 4603 transcribi
788 4546 1019 4600 curavit.

547 4623 564 4638 ‘
606 4615 920 4686 Lamentum
943 4613 1287 4686 ptenitentize,
1302 4627 1463 4668 versu
1483 4626 1546 4668 ac
1562 4609 1757 4680 duplici
1781 4607 2068 4680 alphabefo

474 4689 700 4744 editum.
733 4685 810 4740 Ex
839 4683 1030 4742 eadem
1057 4683 1402 4738 bibliotheca.

549 4760 569 4782 ‘
605 4757 788 4812 Oratio
817 4758 1022 4828 prolixa
1051 4755 1108 4810 S.
1139 4751 1358 4828 lsidori,
1394 4753 1461 4808 ad
1491 4749 1662 4828 llenda
1681 4765 1914 4828 __se_tnper
1943 4764 2068 4819 pec-

476 4836 620 4896 cata,
650 4839 748 4897 pro
777 4819 1116 4897 correctione
1145 4825 1285 4897 vitm.
1318 4823 1397 4877 Ex
1426 4819 1992 4897 cadenrbibliotlteca.

553 4900 570 4918 '
607 4889 792 4952 Oratio
819 4896 1058 4964 ejusdem
1090 4893 1506 4964 brevis,icon_tra
1534 4891 1754 4964 insidias
1777 4889 1998 4964 diaboli.

549 4966 785 5036 Epistula
815 4959 882 5020 ad
912 4965 1212 5036 Massanum
1237 4963 1393 5034 (alias
1411 4959 2066 5036 Massongmtepiscopum

476 5037 548 5093 de
593 5028 742 5106 lapsu
781 5044 838 5091 et
878 5035 1221 5106 reparatione
1247 5028 1582 5106 sacerdotis.
1627 5028 2068 5086 Ex'bibliotheca

476 5108 538 5164 8.
564 5102 816 5163 Germani
843 5121 873 5160 a
899 5102 1072 5160 Pratis
1102 5104 1306 5172 integra
1335 5102 1540 5158 reddita
1571 5119 1586 5154 :
1625 5115 1746 5156 cum
1774 5107 1932 5154 antea
1961 5115 2068 5154 non

478 5178 580 5234 nisi
611 5177 906 5246 fragmenta
936 5174 1187 5246 quaedam
1207 5174 1460 5246 impressa
1489 5177 1785 5246 exstare-nt2

553 5237 863 5372 genN'ﬁtubgla
907 5237 1108 5310 rerum,
1145 5243 1260 5299 sive
1282 5237 1373 5300 'de
1399 5241 1619 5308 Mundo,
1649 5239 1716 5294 ad
1761 5237 2068 5294 Sisebutum

481 5332 684 5388 regem,
715 5332 867 5372 noer.

557 5376 578 5412 ‘
609 5376 911 5444 Chronicon
959 5386 1028 5441 ab
1079 5385 1232 5442 initio
1276 5382 1483 5448 mundi,
1532 5395 1702 5450 usque
1750 5376 1817 5432 ad
1834 5392 2066 5450 _ann_um

481 5459 726 5530 quintum
771 5456 1098 5530 Suiuthilani
1143 5447 1646 5530 regis_G_o_thoruni,
1682 5465 1780 5530 per
1824 5447 2066 5504 Garsiam

484 5523 728 5586 anisam
754 5527 1115 5592 emendatum,
1145 5523 1444 5581 et'scholiis
1469 5523 1812 5592 illustratum.

555 5599 858 5680 Chropicon
887 5587 1208 5666 Gothorum,
1249 5593 1482 5651 llistoria
1537 5591 1943 5658 Wandalorum,
1975 5587 2068 5646 lli-

491 5669 660 5724 storia
686 5667 1002 5726 Sucvorttm.

1609 2903 2052 2972 pramotationcm
2080 2887 2126 2948 C
2157 2860 2252 2948 seti

453 2999 713 3057 librorum
767 2997 958 3053 lsidori
1005 3013 1036 3052 a
1077 2997 1365 3052 Braulionc
1411 2995 1632 3060 editam,
1673 2993 1940 3066 Sigeberti
1992 3008 2056 3049 ac

455 3089 679 3146 Joannis
703 3087 980 3144 Trithemii
1018 3087 1196 3157 capita
1225 3087 1292 3141 de
1329 3085 1518 3141 lsidori
1547 3084 1743 3153 elogio,
1775 3091 1831 3138 et
1867 3097 2056 3138 narra-

459 3182 660 3236 tionem
693 3179 978 3248 Redempti
1018 3177 1084 3232 de
1109 3177 1296 3231 I~idori
1335 3175 1503 3240 obitu,
1537 3173 1777 3229 Breulius
1813 3171 2058 3242 quiedam

457 3271 606 3326 addit
628 3270 696 3326 de
715 3286 859 3325 anno
888 3259 1065 3325 obitus
1085 3267 1272 3323 lsidori
1297 3275 1459 3334 atque
1482 3265 1595 3333 ejus
1617 3263 1862 3334 corporis
1889 3273 2059 3317 trans-

459 3363 679 3427 latione,
709 3377 831 3432 qute
859 3377 890 3415 a
919 3361 1076 3416 nobis
1099 3360 1210 3414 suis
1239 3359 1373 3413 locis
1398 3373 1631 3428 expensa
1658 3363 1803 3410 sunt.
1833 3352 2062 3424 Subjicit

2277 2219 2476 2296 Regula
2502 2219 2908 2296 monachorum.

2229 2299 2247 2318 ‘
2283 2287 2662 2350 De'Contlictu
2708 2291 2956 2344 vitiorum
2987 2297 3044 2344 et
3070 2287 3353 2342 virtutum.

2230 2374 2250 2389 '
2280 2365 2554 2424 Expositio
2593 2362 2645 2415 in
2672 2360 2894 2416 Cantica
2919 2359 3272 2413 canticorum.

2230 2439 2247 2459 ‘
2270 2435 2328 2490 S.
2361 2431 2610 2490 lltiefonsi
2636 2431 2771 2485 liber
2794 2430 2862 2484 de
2894 2427 3031 2484 Viris
3067 2425 3380 2482 illustribus.

2231 2509 2248 2528 ‘
2276 2505 2434 2559 Liber
2457 2503 2526 2558 de
2555 2499 2902 2564 Diﬂerentiis,
2926 2501 3038 2554 sive
3067 2498 3398 2566 proprietate
3427 2496 3740 2566 verborum.

2158 2577 2261 2645 Qui
2283 2577 2334 2630 in
2363 2570 2852 2645 editione_Matrit_ia
2883 2571 3015 2645 anni
3043 2565 3182 2622 l599
3205 2570 3423 2645 (praeter
3451 2567 3584 2645 alios
3605 2565 3748 2645 duos

2157 2637 2404 2722 superius
2435 2637 3314 2722 postEtytnologia's"imp-ressos)
3347 2643 3594 2716 repertus
3633 2641 3740 2687 est.

2235 2707 2252 2740 ⁵
2283 2707 2449 2771 ιὶὺειῖ
2477 2712 2585 2766 divi
2613 2707 2800 2766 lsidori
2829 2707 2897 2764 de
2927 2707 3427 2774 Viris’illustribus,’
3472 2707 3562 2774 qui
3595 2711 3750 2774 certe

2158 2789 2296 2844 libro
2325 2787 2381 2841 S.
2409 2782 2660 2839 lldel‘onsi
2689 2781 2756 2834 de
2783 2781 2968 2833 eadem
3013 2779 3239 2834 materia
3269 2773 3508 2848 prmponi
3538 2773 3746 2835 debuit,

2289 2873 2394 2911 non
2421 2863 2530 2908 tam
2564 2853 2673 2907 cito
2701 2850 2858 2904 nobis
2891 2849 3146 2904 innottiit.

2279 2927 2428 2994 Notae
2467 2925 2703 2994 virorum
2741 2921 3022 2994 doctorum
3075 2920 3126 2972 in
3169 2915 3438 2994 quosdam
3479 2913 3648 2994 libros
3677 2912 3750 2966 D.

2158 2991 2369 3062 lsidori,
2399 2993 2782 3066 perAJoannertt
2814 2988 3072 3066 Grialium
3098 2987 3336 3066 00.1199'33
3349 2993 3629 3066 .699"???

2235 3071 2253 3090 '
2284 3053 2612 3122 Glossarium
2637 3077 2701 3116 ex
2730 3060 2953 3114 diversis
2974 3075 3092 3126 quae
3114 3053 3327 3111 nomine
3347 3055 3530 3109 lsidori
3553 3053 3754 3122 His‘pa-

2161 3138 2327 3194 lensis
2366 3133 2606 3206 episcopi
2645 3128 3112 3206 circumferuntur,
3156 3128 3463 3206 collectum.

2233 3197 2524 3277 Scriptum
2553 3197 2751 3258 sanctae
2779 3201 3184 3277 auctoritatuta
3207 3211 3322 3277 quae
3354 3197 3405 3250 in
3435 3197 3542 3250 hoc
3583 3207 3758 3263 opere

2161 3267 2389 3350 sparsim
2416 3277 2593 3331 citata:
2619 3281 2673 3350 et
2693 3271 3146 3350 explicatzesu‘nt,
3171 3267 3346 3320 index.

2239 3348 2437 3403 Rerum
2459 3353 2514 3400 et
2536 3335 2962 3411 verboruinquze
2985 3343 3034 3395 in
3059 3339 3165 3394 hoc
3192 3351 3354 3407 opere
3379 3335 3754 3398 continentur,

2163 3419 2328 3476 index
2361 3415 2790 3487 copiosissimus.
2930 3419 2932 3422 '

2233 3528 2322 3584 22.
2351 3525 2594 3582 Breulius
2621 3524 2932 3578 asteriscum
2961 3522 3026 3574 iis
3057 3518 3312 3589 operibus
3353 3514 3582 3587 praeﬁgit
3631 3528 3757 3582 qua:

2163 3623 2217 3678 in
2247 3621 2484 3678 editione
2513 3616 2713 3688 Bigntei
2740 3615 3216 3680 desiderabantur,
3267 3612 3516 3680 quamvis
3553 3606 3663 3675 jam
3695 3607 3758 3659 in

2163 3711 2400 3767 editione
2429 3707 2614 3764 Grialii
2642 3721 2838 3761 excusa
2859 3703 3255 3775 apparuissent,
3275 3709 3334 3754 ut
3352 3697 3656 3752 Ghronicon
3680 3695 3758 3748 ab

2165 3801 2322 3857 initio
2351 3799 2552 3864 mundi,
2575 3805 2631 3853 et
2655 3812 2719 3852 ea
2749 3796 2927 3850 omnia
2957 3809 3122 3863 opera
3145 3806 3265 3863 qua:
3286 3798 3407 3860 post
3429 3789 3592 3842 libros
3611 3786 3758 3840 Sen-

2166 3893 2456 3948 tentiarum
2506 3896 2874 3944 recensentur.
2897 3884 3124 3939 Videtur
3163 3883 3306 3938 enim
3355 3879 3599 3934 Breulius
3639 3877 3758 3946 jam

2164 3983 2280 4039 fere
2305 3983 2374 4037 ad
2405 3979 2716 4036 umbilicum
2743 3993 2893 4032 suam
2933 3973 2975 4028 E
2997 3975 3234 4030 titionem
3265 3971 3598 4043 perduxisse,
3629 3983 3760 4023 cum

2165 4074 2235 4129 ad
2268 4073 2388 4144 ejus
2412 4086 2601 4126 manus
2639 4068 2803 4124 editio
2832 4069 2981 4136 regia
3019 4065 3346 4120 Matritensis
3375 4061 3640 4133 pervenit.
3670 4059 3761 4114 Ex

2168 4181 2277 4238 quo
2314 4161 2512 4220 accidit
2551 4170 2611 4216 ut
2645 4175 2710 4216 ea
2747 4159 2926 4215 omnia
2956 4171 3076 4227 quae
3111 4157 3164 4211 in
3193 4154 3430 4211 editione
3457 4149 3758 4205 Matritensi

2171 4275 2203 4315 a
2232 4272 2292 4315 se
2333 4271 2440 4312 non
2468 4253 2754 4310 observata
2799 4251 3034 4322 reperit,
3076 4249 3238 4304 etiam
3265 4243 3450 4300 Grialii
3491 4252 3646 4297 notas
3685 4240 3760 4294 ad

2171 4351 2378 4404 calcem
2425 4344 2678 4415 reiecerit
2721 4360 2736 4396 :
2781 4358 2905 4398 cum
2947 4341 3160 4396 interim
3212 4343 3500 4394 contextus
3527 4347 3758 4403 operum

2171 4441 2436 4496 editorum
2465 4438 2582 4495 sine
2613 4437 2718 4490 ulla
2744 4434 2930 4490 Grialii
2959 4431 3335 4488 emendatione
3375 4424 3756 4500 permanserit,

2169 4548 2234 4589 ac
2259 4531 2432 4590 solum
2461 4529 2642 4600 aliqua
2668 4543 2736 4583 ex
2769 4535 2921 4598 parte
2949 4539 3055 4596 ope
3081 4529 3330 4578 notarum
3354 4518 3530 4590 juvari
3561 4514 3757 4586 possit.

2239 4644 2329 4699 25.
2359 4643 2418 4698 lu
2439 4642 2540 4698 hac
2565 4639 2766 4696 Breulii
2791 4638 3030 4694 editione
3059 4635 3402 4706 przefationes
3431 4627 3762 4686 Matritensis

2169 4735 2418 4791 editionis
2449 4733 2612 4803 286
2638 4729 2864 4786 omissas
2901 4741 3043 4797 aegre
3099 4725 3280 4781 ferunt
3317 4721 3656 4779 Colomesius
3697 4727 3764 4774 et

2169 4827 2281 4887 alii,
2307 4831 2364 4879 ut
2391 4821 2599 4878 notavit
2625 4819 2903 4876 Fabricius
2931 4819 2984 4873 in
3008 4817 3146 4871 Bibl.
3177 4815 3322 4870 med.
3344 4813 3462 4868 aevi.
3486 4808 3758 4866 Judicium

2169 4914 2466 4972 doctissimi
2492 4913 2592 4968 viri
2621 4911 2850 4966 Andr-etc
2875 4907 3126 4965 Burrielii
3153 4906 3222 4962 de
3247 4915 3475 4974 utraque
3505 4904 3608 4958 hac
3633 4899 3758 4956 edi-

2171 5009 2337 5074 tione,
2368 5005 2637 5061 Grialiana
2665 5001 2719 5058 et
2747 4999 3070 5064 Breuliania,
3101 4997 3298 5070 protuli
3328 5011 3449 5066 cap.
3467 4993 3561 5058 '56,
3585 5007 3762 5063 prope

2173 5099 2352 5154 linem.
2395 5095 2646 5166 Alioquin
2689 5090 2853 5148 editio
2903 5089 3184 5145 Breuliana
3229 5086 3399 5143 nitida
3445 5083 3608 5139 etiam
3650 5091 3764 5149 est,

2171 5195 2422 5244 accurata
2451 5195 2509 5242 et
2531 5185 2731 5254 Bigmei
2759 5183 2996 5238 editione
3017 5180 3175 5248 longe
3195 5175 3567 5248 priestantior;
3589 5171 3766 5242 Regia

2171 5293 2388 5351 quoque
2415 5274 2712 5331 Matritensi
2741 5273 2974 5335 uberior,
3006 5269 3254 5340 quamvis
3281 5266 3459 5322 minus
3487 5268 3760 5318 correcta.

2169 5371 2228 5428 ln
2275 5381 2502 5438 utraque
2541 5377 2717 5422 tamen
2761 5363 2998 5420 editione
3044 5359 3318 5416 Grialiana
3363 5365 3419 5412 et
3465 5353 3761 5410 Breuliana

2170 5463 2324 5518 deest
2367 5462 2502 5516 liber
2545 5459 2614 5514 de
2661 5456 2916 5512 Doctrina
2961 5461 3016 5508 et
3063 5449 3198 5508 Fide
3249 5445 3762 5504 Ecclesiasticortun

2171 5557 2502 5624 dogmatam,
2533 5567 2563 5606 a
2586 5550 2799 5619 Bignaco
2828 5545 3142 5618 productus,
3164 5542 3256 5612 qui
3281 5539 3486 5596 Isidoro
3514 5551 3546 5591 a
3576 5532 3766 5588 multis

2176 5648 2446 5714 tribuitur,
2476 5654 2550 5714 et,
2574 5639 2819 5714 quamvis
2849 5653 2907 5695 re
2936 5651 3061 5696 vera
3092 5634 3279 5692 lsidori
3309 5645 3416 5689 non
3441 5629 3543 5698 sit,
3577 5635 3764 5681 tamen
