4022 6198
456 329 559 386 227

1175 317 1268 375 AI)
1305 315 1531 372 OPEIIA
1570 313 1632 370 S.
1676 309 1920 369 ISIDORI
1962 309 2404 366 IIISPALENSIS
2444 307 2978 366 PROLEGOMENA.

3617 303 3730 359 228

452 442 688 512 scripta,
737 438 1020 512 eidemque
1048 433 1486 512 longoutempore
1526 443 1555 480 a
1595 423 1873 512 permultis
1902 423 2038 504 scri-
2068 431 2112 484 Α
2143 439 2302 492 quem
2341 423 2558 478 doctum
2610 420 2816 488 incidit,
2846 421 2938 491 qui
2984 418 3127 475 votis
3153 417 3271 488 ejus
3317 416 3522 474 laceret
3571 420 3727 475 satis.

455 492 700 582 iior'ib'ii;
745 492 1169 582 luitjasiertum:
1198 492 1371 582 Nunc'
1391 499 1459 551 ab
1480 567 1494 582 _
1512 492 1759 582 ominibus
1787 492 2037 582 Pomerio

809 578 1102 631 Videantur
1130 573 1231 624 hac
1259 571 1326 623 de
1372 583 1432 622 re
1463 567 1711 637 I~idorus
1752 562 2042 637 nostegde

459 631 925 705 Virisvillustribus
968 659 1088 712 cap.
1136 640 1228 702 25,
1259 649 1315 693 et
1347 638 1417 712 cl.
1440 635 1730 712 _Ceilleriu_s
1758 643 1898 712 tom.
1925 631 2042 712 ξεν.

407 749 414 755 ·
460 701 974 775 Ῐιὶῶίῖἷὶἱέηέναιε
1001 701 1091 766 άὲδ
1118 712 1239 764 Aut.
1269 708 1556 762 ecclésiast.
1583 705 1651 760 de
1687 703 1902 759 Juliano
1932 701 2042 758 Po-

459 789 628 844 merio
658 791 944 841 disserens.

530 842 806 912 8.7Tertio
860 856 979 909 loco
1034 849 1296 908 subnexni
1341 846 1655 916 opusculum
1696 842 2042 916 _hoc_titulo,

463 926 773 982 Exhortatio
804 924 1130 985 humilitatis,
1162 913 1520 991 quodsanrto
1555 913 2046 991 illartinoAIiracca-

461 997 607 1051 rensi
639 996 893 1065 episcopo
924 984 1248 1065 τιείετὶιῄξειῇεΔ
1271 988 1579 1065 editumque
1607 993 1687 1039 est
1909 984 2049 1064 inter

461 1053 702 1136 ejusdem
718 1053 892 1135 Ope-ra
917 1073 1049 1118 tom.
1072 1060 1163 1116 XV
1186 1059 1457 1128 Hispania:
1475 1053 1654 1111 Sacr-.1:
1680 1053 1725 1107 a'
1740 1053 2048 1108 doctissimo

459 1136 492 1190 I‘
507 1137 727 1190 Inrezio.

535 1207 589 1260 9.
631 1203 1035 1273 Abjudicandus
1063 1200 1314 1273 similiter
1343 1206 1427 1252 est
1463 1193 1670 1273 Isidoro
1714 1200 1902 1273 npstro
1931 1207 2049 1273 ser-

461 1292 554 1330 mo
578 1277 669 1343 qui
697 1262 962 1342 sequitur,
996 1271 1074 1327 De
1096 1269 1342 1343 Corpore
1362 1279 1410 1320 et
1454 1262 1953 1343 Sang‘uine'pogtini
1996 1263 2051 1342 in

464 1332 701 1408 Pascha,
756 1332 878 1398 cum
921 1332 1059 1396 idem
1103 1342 1174 1393 sit
1199 1332 1420 1392 omnino
1445 1332 1792 1408 cuiti'hoinil.
1818 1332 2052 1408 impoti

467 1399 1060 1474 Cmsarii'Arelatensis,
1094 1409 1167 1463 De
1197 1408 1471 1462 Pasc/tatc.
1505 1404 1626 1474 vid.
1662 1402 1912 1456 Biblioth.
1947 1399 2052 1455 PP.

467 1483 623 1537 Tom.
656 1481 722 1542 II.
751 1482 857 1536 col.
881 1481 1007 1546 277,
1037 1472 1164 1534 edit.
1191 1477 1360 1532 Paris.
1394 1472 1554 1546 1624.

543 1553 630 1607 10.
671 1539 954 1606 Adduntur
971 1539 1212 1605 carmina
1236 1541 1861 1616 quariamhbibliotllecze
1882 1539 2057 1616 sancti

467 1623 655 1681 Isidori
703 1636 960 1692 appensa.
987 1634 1111 1692 quae
1151 1609 1402 1692 toni.
1429 1613 1674 1692 _Hispa.n_.
1717 1609 1869 1692 §acr.
1911 1610 2056 1692 edita

466 1695 684 1748 fuerunt
726 1681 828 1746 liae
872 1681 1264 1758 inscriptione:
1301 1685 1500 1758 Titutgts
1540 1681 1923 1736 Bibliotltectea
1958 1681 2056 1758 do—

466 1780 588 1847 mne
641 1761 845 1847 ἐεάοτρ
873 1749 1073 1847 alite:
1125 1749 2054 1847 992-999.f'“§1l‘fl§f§.."°“““"“’
2088 1791 2132 1847 Β

469 1834 666 1903 quibus
677 1832 886 1903 _capita_
901 1829 1098 1903 ibidem
1107 1826 1306 1903 indigit
1317 1833 1416 1903 ata.
1429 1823 1797 1903 suppleaptur.

543 1902 631 1956 ll.
671 1887 838 1955 Sexto
875 1899 995 1953 loco
1036 1896 1180 1951 edidi
1219 1887 1610 1964 Expositionem
1649 1887 1828 1964 Missae
1862 1904 1882 1942 :
1911 1902 2053 1964 qua},

469 1973 571 2027 etsi
605 1986 716 2025 non
765 1968 978 2035 indigna
1007 1966 1266 2035 videatur
1283 1958 1466 2018 Isidori
1522 1959 1736 2035 ingenio
1771 1967 1829 2035 _et
1875 1958 2057 2035 erudit

473 2025 643 2101 tione.
675 2039 761 2092 vel
791 2053 857 2092 eo
877 2025 1114 2091 vnomine
1157 2034 1226 2088 ab
1254 2033 1372 2102 ipso
1398 2039 1482 2086 est
1502 2101 1507 2102 γ
1528 2025 1820 2102 ableganda
1844 2065 1884 2102 ,_
1910 2025 2057 2102 quod

471 2097 660 2164 Isidoii
707 2117 865 2161 aelate
893 2106 1029 2160 alius
1076 2103 1250 2158 Missa:
1277 2097 1423 2154 'ordo
1469 2101 1710 2168 ritusque
1749 2097 1964 2168 vigebat
2007 2098 2059 2150 in

472 2178 709 2233 Ecclesia
739 2177 968 2244 llispana
995 2175 1062 2229 ab
1083 2173 1265 2244 eo_qni
1296 2171 1488 2244 ibidem
1511 2167 1826 2244 exponitur,
1858 2167 2061 2237 quique

471 2248 615 2304 idem
644 2255 726 2302 est
752 2238 970 2300 omnino
998 2261 1117 2299 cum
1148 2238 1392 2301 Remano
1423 2238 1706 2293 hodierno.

551 2317 634 2371 l2.
694 2315 892 2370 Deinde
944 2314 1193 2382 subjunxi
1248 2311 1512 2382 Lectiones
1551 2323 1792 2382 norem,“
1825 2306 1877 2360 in
1926 2305 2062 2360 festo

476 2386 845 2440 translationis
873 2375 1257 2439 sancti'Isidori
1287 2381 1420 2434 alias
1459 2379 1727 2433 recitatas.
1759 2375 2064 2445 Desumpta:

474 2465 600 2510 sunt
628 2455 694 2509 ad
718 2455 938 2507 verbum
969 2468 1037 2506 ex
1075 2454 1210 2505 actis
1239 2449 1604 2504 translationis
1632 2446 1871 2515 ejusdem
1915 2454 2053 2499 tom.

474 2525 546 2579 IX
571 2525 786 2592 Ilispan.
821 2523 974 2576 Sacr.
997 2521 1173 2592 editis.

551 2595 638 2647 15.
667 2583 959 2646 Ῥοειιοεηιο
991 2591 1205 2645 tandem
1230 2588 1348 2642 loco
1370 2585 1724 2656 supplendum
1748 2584 1931 2639 curavi
1948 2583 2064 2656 VCa-

477 2674 568 2735 put
623 2663 690 2717 I7
722 2659 1076 2735 Qupstionum
1119 2661 1173 2735 in
1210 2655 1502 2735 “Leviticurn
1553 2671 1621 2710 ex
1652 2655 2065 2735 _Albornozia.no

475 2725 673 2789 Codice
710 2725 753 2786 a7
792 2732 852 2786 Ι).
903 2731 1061 2785 Petro
1107 2729 1175 2783 de
1203 2728 1394 2782 Castro
1438 2726 1817 2796 transcriptum
1854 2742 1867 2777 :
1915 2725 2067 2796 cujus

480 2803 849 2872 apographum
878 2801 928 2872 in
953 2800 1282 2872 bibliotheca
1294 2796 1609 2872 Floreziana
1638 2794 1940 2872 conventus
1959 2794 2065 2872 divi

480 2864 709 2942 Philippi
757 2871 950 2939 regalis
987 2868 1316 2924 Matritensis
1345 2866 1550 2923 ordinis
1586 2864 1760 2921 sancti
1785 2864 2066 2933 Augustini

477 2951 801 2997 asservatur.

555 3012 642 3064 I4.
685 3009 992 3064 Lomentum
1031 3008 1343 3076 paenitentia:
1394 3007 1588 3076 duplici
1635 3003 1906 3076 alpltabeto
1950 3003 2066 3058 edi-

483 3091 612 3148 tum,
651 3091 783 3143 etc.,
815 3075 1245 3148 cujusktneminit
1295 3093 1346 3131 v.
1390 3075 1474 3132 cl.’
1509 3075 1761 3148 Nicolaus
1777 3075 2068 3148 Antonius

480 3141 614 3205 tom.
640 3148 658 3202 I
690 3141 945 3220 Biblioth.
973 3145 1178 3220 Veter.,
1212 3147 1305 3220 lib.
1333 3162 1387 3209 v,
1419 3161 1540 3214 cap.
1572 3143 1626 3213 4,
1654 3141 1859 3220 9.,265,
1893 3144 2057 3220 quod-
2091 3160 2138 3220 (ι

524 3236 590 3274 ue
617 3221 684 3273 ab
715 3217 905 3272 eodem
937 3219 1051 3287 ipso
1075 3215 1299 3287 Nicolao
1327 3213 1611 3287 acceptum
1634 3213 1927 3287 edidermit
1948 3213 2061 3287 ᾼΑ.

533 3299 696 3354 ctor.,
737 3282 998 3357 sanctori,
1031 3295 1162 3341 tom.
1193 3284 1436 3357 [Aprilis
1459 3282 1530 3339 ad
1564 3285 1703 3357 diem
1735 3282 1800 3350 4;
1821 3283 2067 3357 _Editioni

483 3360 609 3414 huic
635 3351 741 3414 non
767 3356 964 3421 additi,
995 3358 1138 3426 quod
1159 3351 1304 3423 sero,
1330 3371 1394 3412 ea
1437 3370 1632 3426 nempe
1667 3353 1781 3409 fere
1817 3354 1872 3408 in
1903 3351 2065 3408 linem

481 3429 777 3501 perducta,
791 3426 1094 3480 admonitus
1120 3441 1258 3501 sum.

556 3497 644 3554 15.
703 3497 862 3551 Liber
912 3504 1092 3550 autem
1144 3495 1220 3549 De
1275 3493 1472 3549 Ordine
1526 3503 1881 3547 creaturarum
1928 3508 1957 3546 a
2003 3493 2066 3548 D.

483 3568 745 3623 D‘Acheri
778 3575 907 3620 tom.
941 3565 960 3619 Ι
1007 3565 1279 3635 Spicilegii
1322 3578 1444 3635 pag.
1481 3563 1588 3617 225
1611 3564 1818 3626 editus;
1861 3573 1916 3618 et
1950 3578 2070 3635 qua:

483 3640 611 3694 abb.
641 3637 1023 3693 Constantinus
1053 3634 1649 3705 Cajetanusevulgavit
1687 3636 1944 3703 opuscula
1972 3634 2072 3705 sub

484 3709 673 3764 Isidori
704 3706 940 3769 nomine,
971 3720 1094 3760 Cum
1124 3702 1155 3759 a
1186 3705 1315 3761 viris
1343 3702 1522 3760 doctis
1545 3704 1629 3758 vel
1653 3702 1954 3771 ut’spuria,
1984 3702 2073 3757 Vel

487 3785 548 3831 ut
573 3777 797 3831 nimium
833 3785 1082 3844 suspecta
1111 3775 1478 3839 traducantur,
1524 3789 1632 3830 non
1665 3773 1789 3828 talia
1812 3775 1926 3828 visa
1949 3781 2074 3828 sunt

487 3861 610 3916 quae
641 3847 731 3916 hi3:
755 3846 1143 3916 insererentur.

565 3915 650 3971 16.
691 3913 866 3969 Habes
892 3914 1074 3982 igitur,
1101 3914 1328 3970 candide
1369 3914 1558 3982 lector,
1587 3913 1775 3970 Isidori
1805 3911 1999 3982 Opera,
2029 3912 2074 3966 si

487 4001 597 4041 non
642 4001 706 4040 ea
751 3999 958 4039 summa
989 3984 1282 4052 diligentia,
1313 3999 1476 4055 quam
1530 4000 1638 4038 non
1685 3983 1787 4038 nisi
1833 3983 2076 4055 homines

489 4055 784 4111 doctissimi
831 4064 887 4109 et
924 4051 1274 4109 eruditissimi
1323 4051 1579 4123 praestare
1629 4061 1912 4122 poterant,
1957 4051 2079 4123 illu-

492 4135 681 4189 strata,
704 4140 767 4180 ac
795 4124 973 4178 nativo
1000 4124 1161 4178 nitori
1187 4120 1463 4186 restituta;
1488 4120 1760 4190 aliquanto
1784 4130 1961 4173 tamen
1979 4120 2076 4175 de-

491 4196 764 4250 faacatiora
804 4194 1174 4262 amplioraque
1215 4207 1377 4260 quam
1435 4193 1577 4262 regis
1618 4190 2073 4262 exhibuiteditio.

490 4266 626 4334 Ipsis
657 4267 836 4331 itaque
883 4259 1156 4334 perimere
1179 4301 1195 4325 ,
1239 4259 1474 4334 ipsomm
1525 4261 1742 4314 lectioni
1771 4259 1962 4334 sedqu
1992 4260 2078 4313 in-

492 4329 705 4396 c'umbe,
737 4329 1022 4400 meumque
1045 4329 1306 4400 laborem,
1332 4329 1564 4384 studium
1587 4369 1603 4394 ,
1631 4337 1885 4386 conatum
1909 4329 2080 4385 liben-

491 4411 574 4457 ter
599 4399 942 4472 amplectere.
969 4399 1123 4454 Vale.

563 4513 653 4568 17.
693 4512 937 4568 Aliirmat
963 4511 1170 4581 Editor,
1219 4512 1286 4568 ad
1316 4512 1608 4568 editionem
1649 4515 1850 4586 regiam
1891 4515 2076 4572 Grialii
2113 4551 2155 4604 υ

492 4606 822 4676 conquisitos
845 4604 1008 4662 fuisse
1047 4605 1275 4662 Codices
1304 4621 1459 4672 mss.,
1491 4622 1599 4662 non
1630 4622 1728 4677 per
1757 4615 1926 4663 totam
1953 4618 2076 4664 tan-

495 4707 604 4752 tum
636 4697 967 4767 Hispaniam,
1009 4696 1104 4752 sed
1134 4697 1296 4751 etiam
1338 4711 1436 4766 per
1463 4696 1770 4751 universam
1819 4696 1933 4753 fere
1968 4699 2080 4752 Ita-

491 4786 622 4842 liam
655 4804 669 4840 :
699 4787 843 4857 quod
889 4794 1066 4841 tamen
1107 4787 1284 4841 minus
1327 4800 1512 4840 verum
1544 4795 1675 4856 puto
1701 4827 1717 4854 ,
1765 4795 1825 4841 ut
1873 4803 1939 4843 ex
1966 4788 2081 4857 ipsa

494 4875 685 4932 Grialii
728 4875 1040 4946 przelatione
1081 4875 1369 4944 colligitur.
1417 4875 1564 4931 Idem
1603 4875 1871 4940 Grialius,
1922 4886 1980 4930 ut
2025 4877 2077 4931 in

497 4967 726 5038 epistola
752 4967 1083 5022 dedicatoria
1115 4966 1418 5036 proﬁtetur,
1449 4967 1702 5037 sperabat
1739 4965 1856 5022 fore
1889 4978 1946 5020 ut
1985 4968 2079 5020 alii

495 5076 600 5114 non
629 5059 794 5114 nostri
842 5058 1025 5123 modo,
1073 5057 1165 5111 sed
1191 5058 1392 5112 externi
1440 5059 1596 5111 etiam
1632 5057 1920 5110 eruditione
1947 5071 2082 5126 pra:-

494 5160 690 5206 slantes
713 5150 806 5203 viri
832 5148 960 5202 inid
985 5149 1221 5202 certatim
1249 5149 1626 5219 conspirarent,
1657 5158 1712 5200 ut
1736 5147 2083 5200 laboriosissi-

496 5257 583 5294 ma
615 5239 839 5310 Hispani
887 5238 1110 5293 doctoris
1143 5249 1382 5308 excerpta
1411 5237 1581 5290 studio
1624 5253 1717 5289 suo
1744 5237 2086 5307 pervestigare

496 5349 652 5403 porro
692 5340 990 5402 pergerent,
1041 5332 1374 5402 fortunasque
1402 5338 1608 5383 nostra:
1635 5328 1816 5398 opibus
1841 5329 1940 5399 ipsi
1975 5329 2082 5383 suis

496 5423 906 5478 constabilirent.

570 5516 733 5586 290
763 5513 848 5568 18.
884 5513 1052 5568 Doleo
1079 5513 1248 5568 vicem
1295 5510 1485 5577 Optimi
1535 5509 1771 5566 Editoris
1793 5548 1810 5574 ,
1842 5509 1933 5579 qui
1983 5524 2085 5566 nec

497 5602 671 5660 labori
701 5619 798 5660 nec
827 5604 1061 5674 sumptui
1092 5603 1349 5672 pepercit,
1381 5609 1439 5656 ιιι
1471 5602 1650 5655 omnia
1680 5617 1744 5657 ea
1783 5601 2086 5673 requireret

499 5700 816 5747 ornamenta
860 5707 979 5764 qua:
1027 5699 1220 5748 novatn
1256 5692 1548 5749 editionem
1589 5692 1887 5747 uberiorem
1928 5693 2082 5747 locu-

499 5779 890 5871 pletioremque
933 5781 1204 5848 redderet,
1252 5796 1422 5853 neque
1453 5790 1627 5839 tamen
1667 5783 1720 5837 in
1771 5783 1940 5840 virum
1985 5783 2082 5841 ali-

2145 513 2382 570 Primum
2412 515 2557 570 enim
2587 514 2877 568 editionem
2919 521 3160 568 veterem
3189 508 3376 566 Grialii
3424 512 3498 566 ita
3527 527 3729 582 repraz-

2143 607 2396 674 sentavit,
2427 614 2487 660 ut
2517 606 2663 660 nullo
2685 606 2806 660 loco
2831 604 3108 674 antiquam
3137 602 3459 672 scripturam
3480 603 3737 658 restitue-

2146 698 2236 762 rit,
2267 697 2469 750 nullam
2494 696 2698 750 variam
2731 695 3014 750 lectionem
3043 691 3373 761 ascripserit,
3403 691 3545 746 nulla
3577 702 3737 745 nota-

2149 788 2296 844 tione
2348 788 2537 844 Isidori
2592 787 2916 843 sententiam
2976 785 3276 840 illustrarit.
3327 783 3388 839 In
3443 785 3738 839 editionem

2149 880 2338 937 Grialii
2366 897 2471 937 non
2511 895 2685 952 pauca
2717 881 3051 950 irrepserunt
3087 877 3283 932 menda
3315 894 3329 932 :
3380 877 3581 931 nullum
3612 893 3740 931 cor-

2147 981 2357 1028 rectum
2388 972 2486 1028 fuit
2517 973 2570 1027 in
2615 973 2718 1027 hac
2757 972 2929 1026 altera
2959 970 3197 1026 editione
3229 969 3516 1024 recentiori
3547 968 3737 1023 Matri-

2150 1066 2290 1121 tensi
2316 1084 2328 1118 :
2359 1066 2534 1136 plura,
2568 1080 2668 1120 nec
2695 1064 2834 1118 levia
2861 1063 3076 1131 adjecta
3098 1069 3246 1116 sunt.

2224 1159 2310 1213 l9.
2357 1157 2497 1212 Illud
2545 1173 2677 1212 vero
2726 1154 3063 1224 negligentia:
3107 1166 3316 1222 magna
3360 1161 3737 1222 argumentum

2152 1261 2252 1318 est,
2283 1253 2446 1322 quod,
2471 1268 2593 1308 cum
2621 1250 2854 1306 Grialius
2881 1250 2935 1304 in
2960 1250 3083 1314 line,
3118 1257 3178 1303 ut
3206 1247 3323 1304 ﬁeri
3342 1247 3499 1310 solet,
3527 1259 3742 1300 errores

2155 1343 2420 1414 quosdam
2451 1344 2866 1416 typographicos
2889 1339 3240 1410 corrigendos
3274 1338 3615 1404 indicaverit,
3641 1353 3739 1391 cu-

2156 1444 2304 1492 rator
2333 1436 2660 1491 Matritensis
2689 1451 2840 1491 nova!
2870 1434 3126 1490 editionis
3165 1431 3386 1488 eosdem
3425 1445 3642 1487 errores
3684 1431 3741 1484 in

2159 1538 2421 1583 contextu
2453 1529 2686 1584 intactos
2712 1527 2964 1594 reliquit,
3000 1539 3174 1594 neque
3198 1524 3254 1578 in
3278 1523 3382 1578 line
3404 1530 3497 1577 aut
3521 1523 3621 1577 bos
3648 1530 3745 1576 aut

2158 1618 2301 1688 alios,
2323 1633 2538 1674 errores
2562 1616 2929 1672 emendandos
2957 1615 3255 1686 proposuit.
3283 1613 3420 1680 Quid
3450 1628 3580 1681 ergo
3617 1621 3701 1667 est
3725 1654 3743 1678 ,

2157 1715 2305 1784 quod
2335 1716 2385 1769 in
2423 1714 2601 1768 fronte
2631 1713 2886 1768 editionis
2909 1720 2964 1765 et
3003 1711 3057 1764 in
3101 1710 3416 1780 praefatione
3445 1709 3705 1763 asseritur
3725 1747 3746 1773 ,

2159 1807 2332 1877 Opera
2363 1807 2550 1862 lsidori
2579 1823 2712 1859 nunc
2738 1805 2904 1858 denuo
2930 1802 3348 1858 emendatissime
3385 1810 3615 1855 correcta
3639 1839 3653 1862 ,
3693 1809 3747 1854 et

2159 1897 2424 1969 aliquanto
2469 1895 2806 1967 defwcatiora
2843 1909 3004 1964 quam
3043 1891 3209 1960 Regia
3258 1891 3501 1946 exhibuit
3539 1891 3706 1946 editio
3729 1931 3747 1957 ,

2159 1986 2212 2042 in
2243 1987 2415 2042 lucem
2443 1986 2700 2056 prodire?

2230 2078 2321 2133 2ο.
2365 2078 2571 2132 Deinde
2627 2092 2750 2131 cum
2801 2076 2988 2131 Editor
3024 2076 3126 2132 sibi
3170 2072 3510 2146 proposuerit
3554 2087 3751 2126 novam

2160 2171 2450 2227 editionem
2494 2171 2665 2225 veteri
2709 2169 2873 2238 Regia
2901 2169 3202 2225 uberiorem
3233 2166 3756 2236 locupletioremqne

2162 2258 2411 2323 reddere,
2443 2273 2540 2314 cur
2569 2258 2768 2312 Breulii
2799 2256 3089 2311 editionem
3119 2271 3226 2326 pra:
3256 2255 3500 2309 manibus
3523 2268 3630 2308 non
3655 2253 3756 2307 ha-

2165 2350 2300 2415 buit,
2343 2364 2410 2404 ex
2454 2363 2560 2418 qua
2612 2362 2748 2401 nova
2788 2346 2956 2402 editio
3005 2345 3215 2400 auctior
3251 2351 3435 2412 posset
3474 2341 3758 2396 evadere?

2167 2441 2320 2501 Sero.
2351 2440 2542 2510 inquit.
2573 2440 2868 2494 admonitus
2888 2455 3001 2493 sum
3023 2438 3086 2491 de
3126 2436 3375 2490 Lamenta
3404 2435 3716 2506 pwnitentiat
3735 2474 3754 2500 ,

2165 2530 2302 2600 quod
2335 2529 2665 2584 Bollandiani
2691 2529 2984 2582 ediderunt.
3017 2526 3180 2596 Atqui
3207 2526 3310 2580 hoc
3334 2525 3506 2595 ipsum
3536 2524 3760 2579 Lamen-

2168 2629 2303 2688 tum,
2329 2620 2406 2674 uti
2435 2619 2538 2672 alia
2563 2619 2726 2672 etiam
2756 2632 2875 2688 qua:
2903 2617 2954 2669 in
3002 2631 3140 2670 nova
3183 2615 3423 2670 editione
3453 2613 3754 2668 Matritensi

2165 2711 2558 2776 desiderantur,
2603 2710 2656 2764 in
2704 2708 2989 2764 Breuliana
3036 2707 3275 2762 editione
3315 2716 3757 2776 comparuerant.

2169 2799 2237 2856 Et
2283 2800 2601 2855 Lamentqu
2648 2797 2866 2868 quidem
2925 2796 3254 2867 pmnitentia:
3297 2795 3441 2864 apud
3484 2795 3760 2851 Breulium

2169 2892 2338 2947 multo
2365 2892 2576 2946 auctius
2599 2899 2775 2946 exstat
2803 2905 2963 2958 quam
2995 2889 3138 2957 apud
3166 2889 3573 2944 Bollandianos.
3621 2889 3759 2942 Pro-

2169 2981 2340 3036 fertur
2361 2981 2413 3035 in
2440 2979 2749 3051 Appendice
2773 2995 2840 3035 ex
2869 2995 2997 3034 mss.
3030 2977 3338 3043 Codicibus,
3383 2988 3636 3048 tanquam
3681 2981 3766 3034 iu-

2172 3073 2399 3141 editum,
2429 3081 2589 3142 caput
2618 3070 2687 3124 47
2713 3071 2781 3126 de
2815 3071 3055 3143 partibus
3085 3079 3243 3126 terra)
3283 3070 3403 3124 libri
3444 3069 3512 3123 de
3557 3069 3764 3124 Natura

2168 3179 2372 3220 rerum.
2426 3163 2506 3219 Ac
2546 3179 2733 3218 revera
2779 3161 3195 3232 pmtermissum
3244 3163 3348 3217 hoc
3393 3171 3554 3231 caput
3603 3162 3701 3214 luit
3732 3177 3763 3215 ι

2169 3255 2392 3322 Grialio,
2419 3255 2604 3310 nescio
2629 3270 2731 3324 qua
2763 3269 2926 3308 causa
2956 3262 3049 3307 aut
3079 3252 3400 3321 negligentia
3439 3270 3454 3304 :
3492 3253 3767 3321 reperitur

2171 3349 2314 3404 enim
2343 3364 2447 3404 non
2469 3348 2644 3402 solum
2677 3346 2820 3418 apud
2851 3346 3144 3411 Breulium,
3185 3345 3277 3400 sed
3306 3345 3467 3398 etiam
3499 3345 3642 3414 apud
3675 3343 3765 3398 Bi-

2172 3454 2403 3509 gnacum,
2443 3437 2532 3506 qui
2581 3436 2842 3490 Grialium
2892 3436 2944 3490 in
2997 3435 3236 3490 editione
3285 3433 3518 3504 Operum
3568 3433 3766 3488 Isidori

2173 3530 2446 3604 pnncessit
2475 3547 2488 3582 :
2520 3530 2573 3583 in
2603 3528 2784 3584 multis
2811 3529 2973 3583 etiam
2999 3524 3385 3596 antiquissimis
3415 3526 3764 3590 membranis,

2175 3637 2282 3676 non
2310 3629 2491 3675 tamen
2517 3621 2570 3674 in
2597 3619 2848 3675 omnibus
2884 3617 3159 3674 veteribus
3194 3616 3593 3688 exemplaribus
3639 3617 3769 3672 libri

2174 3715 2243 3770 de
2270 3713 2472 3768 Natura
2505 3726 2704 3767 rerum.

2243 3802 2332 3857 21.
2371 3801 2640 3857 iudicium
2687 3800 2922 3855 Editoris
2949 3797 3017 3854 de
3066 3798 3340 3854 nonnullis
3386 3797 3640 3867 operibus
3669 3795 3769 3851 Isi-

2177 3895 2292 3950 dori
2337 3894 2556 3949 nomine
2599 3893 2852 3961 vulgatis,
2881 3907 3002 3960 quae
3036 3891 3120 3944 vel
3169 3889 3352 3959 spuria
3383 3888 3467 3942 vel
3515 3896 3769 3957 suspecta

2177 3985 2467 4050 existimat,
2499 3984 2605 4039 alio
2635 3984 2756 4039 loco
2785 3981 3120 4038 commodius
3150 3979 3475 4051 expendam.
3507 3978 3660 4035 Nunc
3681 3979 3768 4034 in-

2177 4076 2351 4131 dicem
2378 4075 2611 4145 Operutn
2639 4090 2758 4144 qure
2787 4075 3069 4144 Appendix
3098 4075 3316 4129 exhibet
3355 4072 3695 4142 subiungam.

2249 4166 2338 4220 22.
2389 4167 2663 4236 Appendix
2717 4167 2785 4219 ad
2833 4183 2990 4236 opera
3043 4166 3149 4218 divi
3197 4164 3389 4218 Isidori
3436 4163 3771 4234 Hispalensis

2178 4239 2402 4317 episcopi
2424 4235 2490 4317 ex
2519 4237 2743 4317 antiquis
2766 4235 3657 4317 29ιηϐοάὶςὶὑᾳε,ηιᾳηιξξσνὶριὶρᾶ
3679 4237 3768 4317 qui

2179 4305 2233 4361 in
2263 4305 2479 4360 diversis
2509 4305 2849 4360 ecclesiarum
2881 4306 3156 4374 Hispaniae
3183 4306 3454 4358 tabulariis
3496 4322 3558 4357 ac
3585 4305 3772 4358 biblio-

2182 4377 2338 4430 thecis
2383 4379 2724 4445 reperiuntur,
2759 4386 2908 4445 prout
2946 4377 3237 4429 continetur
3277 4376 3331 4427 in
3361 4375 3457 4427 hoc
3503 4383 3640 4445 tanto
3688 4391 3773 4427 se-

2181 4447 2370 4512 cundo,
2400 4443 2600 4500 Μαιήῑὶ
2625 4443 2766 4517 typis
2779 4455 2827 4500 et
2847 4447 3084 4517 expensis
3108 4445 3478 4517 Bari/rotorum
3498 4443 3562 4496 ab
3587 4443 3769 4512 Ulloa,

2181 4519 2234 4572 in
2263 4519 2344 4571 via
2367 4514 2727 4586 Conceptionis
2756 4533 2773 4570 :
2800 4533 2938 4570 anno
2972 4515 3182 4570 Domini
3209 4514 3367 4568 1778.

2185 4650 2342 4707 Liber
2379 4661 2591 4723 quartus
2620 4651 3222 4723 Sententiarum_domini
3254 4650 3467 4723 Isidori,
3499 4660 3772 4706 contentus

2327 4720 2402 4777 in'
2422 4725 2518 4778 hoc
2546 4733 2681 4777 tomo
2710 4722 2957 4776 secundo.
2993 4720 3228 4791 Explicit
3270 4721 3398 4775 liber
3424 4731 3626 4776 tertius.

2523 4837 2789 4907 Incipiunt
2816 4838 3046 4904 capitula
3077 4836 3196 4890 libri
3224 4838 3417 4908 quarti.

2253 4945 2342 5000 25.
2373 4945 2500 5018 Cap.
2537 4947 2577 5002 I.
2624 4947 2698 5002 De
2733 4947 3073 5018 Rectoribus,
3122 4946 3354 5018 qualiter
3392 4948 3774 5002 conversatio-

2191 5033 2311 5070 nem
2343 5016 2593 5086 habeint.
2617 5047 2688 5056 —
2715 5016 2775 5071 II.
2803 5018 2878 5070 De
2899 5017 3142 5082 Clericis,
3189 5017 3375 5084 quales
3401 5031 3494 5071 eos
3516 5027 3778 5086 oporteat

2188 5101 2327 5155 esse.
2376 5117 2445 5129 -—
2490 5085 2578 5142 Ill.
2631 5088 2708 5141 De
2761 5087 2953 5141 invidis
2999 5096 3056 5141 et
3102 5086 3368 5155 protervis
3413 5085 3662 5141 subditis.
3699 5119 3778 5130 —

2187 5154 2277 5208 IV.
2337 5155 2411 5209 De
2447 5155 2565 5211 Vita
2621 5158 2706 5212 vel
2781 5154 3188 5212 conversatione
3260 5157 3669 5211 monachorum.
3699 5186 3778 5198 —

2190 5225 2253 5295 Υ.
2289 5225 2361 5278 De
2391 5225 2700 5281 Humilitate
2729 5227 2816 5280 vel
2846 5242 3010 5295 apere
3037 5225 3444 5295 monachorum.
3475 5259 3547 5268 —
3576 5226 3662 5280 Vl.
3698 5227 3779 5282 De

2191 5293 2490 5365 Tepiditate
2517 5299 2599 5352 vel
2634 5298 2748 5352 otio
2800 5293 3444 5365 Monachorum.r—V-7VVII.
3487 5296 3562 5348 De
3606 5297 3780 5350 A-ihi-

2191 5364 2379 5438 bendis
2415 5383 2513 5435 pro
2540 5367 2782 5438 corporis
2811 5366 3134 5438 necessitate
3155 5364 3425 5438 subsidiis.
3449 5365 3664 5438 ένιιι.
3693 5366 3780 5422 De

2189 5432 2385 5490 Electis
2414 5432 2552 5490 inter
2584 5432 2843 5491 tumultus
2882 5437 3235 5504 reproborum
3262 5435 3399 5489 bene
3439 5437 3777 5492 viventibus.

2185 5532 2259 5545 -
2283 5504 2373 5559 IX.
2407 5507 2483 5562 De
2512 5505 2766 5562 Passione
2789 5507 3082 5562 electorum
3107 5514 3162 5559 et
3189 5504 3560 5574 compassione
3585 5505 3783 5574 proxi-

2185 5589 2417 5630 morum.
2457 5608 2527 5619 —-
2569 5575 2637 5630 Χ.
2695 5577 2771 5631 De
2812 5575 3163 5630 Discretione.
3208 5605 3281 5618 —
3316 5573 3415 5628 XI.
3469 5575 3544 5629 De
3592 5573 3784 5631 Ρωηί-

2188 5647 2375 5714 tentia.
2425 5677 2498 5686 —
2541 5646 2658 5703 XII.
2724 5647 2799 5700 De
2842 5644 3193 5701 Conlessione
3269 5655 3634 5714 peccatorum.
3696 5673 3792 5698 --~

2187 5712 2323 5770 XIII.
2382 5717 2526 5782 Quot
2575 5719 2685 5771 sint
2733 5731 2930 5784 genera
2979 5712 3330 5771 somniorum.
3391 5744 3463 5756 —-
3505 5714 3641 5769 XIV.
3691 5715 3786 5773 De

2188 5784 2472 5843 Nocturnis
2497 5787 2852 5844 illusiouibus.
2887 5815 2960 5828 —
2986 5785 3102 5842 XV.
3147 5785 3223 5842 De
3249 5785 3579 5844 multimodis
3606 5801 3787 5860 argu-
