4022 6198
438 308 542 363 235

1211 305 1300 357 AD
1338 303 1567 357 OPERA
1609 303 1668 358 8.
1711 300 1958 356 ιδιυοῐιι
1999 297 2444 356 IIISPALENSIS
2479 295 3016 353 PROLEGOMENA.

3616 300 3722 356 εδδ

438 418 552 487 sil),
576 415 670 469 sed
701 414 930 487 illa_qu:e
955 428 1065 487 non
1091 413 1314 487 multum
1341 419 1558 473 nocent,
1589 411 1834 478 quamvis
1861 410 2036 487 minus
2068 418 2108 470 Α
2142 418 2256 478 pta,
2293 409 2459 487 quod
2491 421 2792 487 congruens
2837 418 2922 465 est
2967 409 3374 487 testiumnio__S.
3421 410 3724 487 Braulionis

438 481 706 542 mdilicent
739 503 750 535 :
785 483 911 538 "(ec
947 484 1103 549 igitur
1132 483 1333 534 minora
1364 491 1574 549 peccata
1595 521 1608 543 ,
1661 496 1749 532 seu
1779 481 2020 540 veniatin,

431 573 529 626 per
560 557 730 624 ignem
758 553 973 626 purgari
1013 567 1291 626 posse-non
1322 558 1394 626 est
1425 549 1825 626 denegandum,
1857 560 1906 602 et
1933 565 2024 626 eo—

439 620 551 679 rum
581 620 874 695 iactarent,
911 622 964 695 si
994 620 1276 695 majoribus
1311 621 1474 695 culpis
1511 638 1614 695 non
1662 629 1919 695 gravetur,
1952 620 2027 672 sic

440 688 608 748 tamen
639 694 786 764 quasi
831 707 920 761 per
946 688 1115 764 ignem
1145 691 1336 744 salvari
1366 688 1781 764 putandum—est.
1813 688 2030 764 Quaerat

439 765 602 828 alius,
637 758 692 816 et
738 758 845 816 cito
881 758 1326 824 succumbetnus,
1361 758 1522 814 verba
1565 767 1671 813 tam
1699 759 1929 828 clariora
1972 758 2027 812 in

434 835 544 886 alio
571 839 760 886 sancto
811 830 970 883 Patre
993 829 1232 898 ejusdem
1273 830 1447 883 intutis
1487 827 1764 899 loquendo
1808 828 1876 899 de
1906 829 2029 899 igne

439 899 764 971 purgatorii,
811 899 1080 971 praecipue
1124 899 1170 952 si
1213 908 1484 968 postrema
1522 897 1580 971 8.
1633 897 1823 953 lsidori
1862 897 2028 971 verba

439 968 735 1040 perpendat
767 988 780 1022 :
813 969 919 1026 Sed
961 969 1024 1022 de
1056 970 1148 1023 illo
1175 971 1474 1040 purgatorio
1513 970 1633 1037 igne
1663 972 1759 1040 hoc
1787 968 2030 1040 animati:

434 1038 733 1096 pariendum
760 1049 857 1103 est,
886 1040 1023 1108 quod
1048 1039 1187 1092 omni
1213 1038 1362 1110 quem
1388 1041 1684 1110 exrogitare
1703 1039 1756 1091 in
1786 1038 2030 1108 prcesenti

439 1120 602 1180 potest
638 1111 788 1164 homo
832 1117 1198 1164 tormentorum
1227 1108 1395 1163 modo
1424 1118 1473 1162 et
1521 1108 1727 1180 longior
1764 1117 1813 1162 et
1856 1109 2030 1161 acrior

437 1183 626 1304 Μ’ὅὲ.
693 1248 894 1304 [Encas
954 1247 1269 1303 Parisiensis
1327 1247 1586 1303 collector
1638 1248 2029 1302 sententiarum

439 1318 534 1374 SS.
571 1319 786 1373 Patrum
821 1328 928 1372 tam
970 1317 1202 1373 Orientis
1228 1334 1389 1386 quam
1419 1317 1746 1382 Occidentis,
1775 1317 2032 1371 adversus

438 1389 674 1450 (iuncos,
698 1389 1098 1459 processioncm
1121 1388 1351 1459 Spiritus
1377 1390 1548 1459 sancti
1579 1403 1608 1440 a
1634 1386 1792 1442 Patre
1813 1397 1868 1442 et
1893 1386 2030 1441 Filio

440 1458 828 1528 pernegantes,
861 1459 1034 1528 locum
1059 1458 1113 1512 S.
1139 1458 1330 1514 lsidori
1359 1458 1424 1513 de
1447 1459 1636 1512 ordine
1661 1464 2030 1528 creaturarum

441 1527 656 1583 adducit
678 1530 875 1598 (Lucas
900 1527 1182 1599 Acherius,
1211 1528 1513 1599 rSpici!eg.).
1543 1544 1608 1581 ex
1640 1543 1750 1595 quo
1781 1542 1885 1581 non
1916 1527 2032 1580 leve

440 1608 617 1668 potest
644 1597 862 1652 formari
890 1597 1147 1664 judicium
1170 1597 1550 1668 divulgationis
1581 1600 2032 1668 linjus_tractatus

443 1666 660 1738 nomine
706 1668 763 1722 S.
815 1668 1002 1738 lsidori
1039 1677 1286 1738 tempore
1329 1666 1442 1738 quo
1492 1670 1674 1723 ﬂoruit
1703 1666 1926 1732 :Eneas,
1977 1675 2034 1721 et

440 1737 555 1806 ejus
583 1740 891 1792 testimonio
922 1736 1156 1791 fulcitur.

2139 477 2427 534 asserentis
2449 485 2558 532 tres
2579 479 2742 532 libros
2761 477 3158 534 Sententiarum
3194 477 3413 538 ﬁoribus
3439 481 3724 543 decorasse

2130 547 2488 672 lSimltsidorum
2535 562 2602 601 ex
2631 547 2780 602 libris
2822 549 3116 606 moralibus
3156 547 3405 620 Gregorii
3435 566 3590 622 papa:
3624 555 3726 610 de-

2153 635 2166 672 l
2269 634 2331 672 IS.

2153 627 2331 674 ibatis.

2200 686 2291 742 57.
2323 688 2536 764 Novum
2561 702 2677 764 non
2708 694 2792 742 est
2806 688 2963 764 apud
3009 689 3356 764 auctoresde
3378 688 3491 764 hac
3508 708 3571 748 re
3594 709 3723 764 per-

2131 765 2422 814 tractantes
2449 758 2670 813 dubium
2700 758 2960 824 excitare,
2993 773 3065 813 an
3094 759 3153 814 8.
3183 760 3422 816 Isidorus
3441 762 3580 819 libro
3595 758 3721 819 'uno

2131 828 2447 904 complexus
2493 827 2656 904 fuerit
2704 835 2876 904 totum
2914 843 3052 904 0p_us
3097 828 3532 904 Sententiarum,
3572 834 3721 904 quod

2131 899 2456 978 appellatum
2482 905 2569 978 est
2711 897 2926 978 summa
2956 897 3103 978 Bono
3145 900 3214 954 ab
3243 899 3396 978 initio
3425 897 3722 978 primi-ca:-

2131 966 2258 1036 pitis
2284 968 2363 1022 sic
2392 967 2696 1038 incipientis
2728 984 2742 1020 :
2772 967 3042 1023 Summum
3072 968 3262 1024 bonum
3307 966 3448 1024 Deus
3484 980 3597 1034 est;
3624 973 3725 1030 sed

2131 1038 2247 1092 haec
2273 1039 2462 1106 opinio.
2501 1045 2698 1107 aperte_
2727 1039 3089 1093 contrariatur
3111 1039 3424 1095 auctoritati
3452 1039 3511 1096 8.
3552 1041 3723 1099 Brau-

2131 1105 2323 1173 lionis,
2348 1117 2457 1163 tres
2484 1105 2650 1162 libros
2676 1105 3078 1162 Sententiarum
3105 1110 3460 1174 numerantis,
3484 1119 3539 1165 et
3563 1111 3737 1166 simul

2132 1178 2447 1250 asserentis,
2470 1179 3042 1250 ipsummet‘partitnm
3071 1178 3233 1250 fuisse
3261 1178 3721 1250 Etymologiarum

2132 1245 2388 1329 God‘icem
2415 1245 2716 1329 S.’_l.sido‘ri
2837 1247 3041 1328 _viginti
3081 1247 3280 1329 librps,
3322 1245 3449 1329 quia
3479 1245 3724 1329 agsancto

2133 1317 2355 1387 doctore
2397 1318 2674 1386 prodierat
2721 1317 2885 1372 nimia
2924 1317 3292 1387 magnitudine
3337 1317 3722 1387 imperfectus.

2135 1385 2422 1444 distinctus
2449 1387 2641 1452 titulis,
2669 1401 2775 1441 non
2806 1387 2986 1442 libris.
3007 1385 3290 1454 Quomodo
3327 1385 3457 1454 ergo
3480 1405 3578 1443 nos
3616 1391 3720 1444 hu-

2130 1455 2284 1528 jusce
2303 1457 2635 1528 difﬁcultatis
2654 1455 2863 1528 vincula
2890 1457 3268 1528 dissolvemus,
3291 1464 3352 1512 ut
3372 1457 3509 1512 libro
3527 1470 3724 1528 quarto

2134 1524 2198 1580 de
2238 1526 2454 1581 Summo
2501 1527 2647 1581 Bono
2677 1524 2808 1580 ﬁdes
2838 1525 3199 1581 adhibeatur?

2207 1595 2296 1650 58.
2327 1596 2555 1662 Quidam
2585 1597 2652 1650 ab
2681 1596 2788 1650 alio
2815 1595 3040 1650 doctore
3061 1596 3300 1650 additum
3325 1595 3488 1652 luisse
3526 1597 3721 1660 librum

2134 1675 2387 1737 quartum
2417 1665 2869 1737 suspicabuntur.
2893 1666 2998 1737 Alii
3024 1666 3273 1722 laciniam
3310 1665 3600 1723 Pastoralis
3627 1686 3672 1722 se
3691 1686 3726 1724 ιι

2138 1735 2420 1792 Moralium
2465 1735 2529 1791 SI
2554 1735 2800 1803 Gregorii
2828 1735 3006 1803 Magni
3033 1737 3286 1801 credent,
3317 1745 3374 1791 et
3402 1751 3500 1792 nos
3537 1737 3589 1792 in
3622 1739 3725 1794 hac

512 1789 883 1877 saluauit
911 1789 1172 1877 defies
1217 1806 1511 1862 illustribus
1554 1821 1660 1861 non
1700 1807 2023 1877 respuitntts,
2063 1789 2112 1849 Β
2138 1789 2782 1877 tutissimaaerisono,
2801 1789 3725 1877 naremmjsrdrcrésiionz..ziaiii;

439 1878 564 1945 quia
591 1878 644 1930 in
675 1891 792 1945 cap.
821 1874 854 1928 5
881 1884 936 1931 et
966 1874 1035 1928 14
1074 1876 1270 1932 fundata
1308 1885 1365 1932 et
1403 1885 1759 1945 conspurcata
1796 1874 2029 1945 apparet

440 1948 698 2001 memoria
728 1945 837 2000 Osii
881 1947 1119 2015 episcOpi
1166 1945 1570 2011 Cordubensis;
1614 1949 1724 2014 jam
1781 1948 1924 2001 enim
1973 1947 2026 1999 in

438 2017 752 2085 praefatione
782 2017 846 2069 ad
877 2015 1207 2070 Breviarium
1231 2015 1521 2085 Gothicum
1569 2017 1845 2071 attulimus
1877 2017 2030 2069 testi-

440 2084 681 2155 monium
730 2085 1003 2139 Athanasii
1055 2085 1121 2139 ad
1157 2084 1539 2142 defensandam
1569 2086 1912 2155 posthumam
1942 2084 2026 2139 fa-

438 2171 581 2210 mam
610 2154 744 2223 Osii,
769 2170 892 2209 nam
938 2156 1090 2225 origo
1121 2155 1326 2210 fabella:
1356 2164 1544 2210 contra
1573 2152 1765 2224 Magni
1794 2152 1904 2225 Osii
1930 2155 2028 2208 ho-

440 2239 625 2280 norem
655 2235 710 2280 et
758 2224 1085 2292 postremum
1117 2225 1233 2293 ejus
1270 2226 1389 2280 vitae
1427 2227 1647 2291 exitum,
1692 2224 1933 2280 confarta
1972 2230 2028 2278 et

439 2295 730 2364 adiuventa
757 2294 854 2349 fuit
883 2311 913 2347 a
945 2294 1253 2350 Marcellino
1283 2303 1338 2349 et
1381 2294 1669 2359 Faustino,
1699 2294 2027 2364 presbyteris

440 2363 809 2434 Luciferianis,
835 2365 928 2434 qui
959 2367 1066 2419 ta’e
1093 2366 1269 2418 scelus
1297 2366 1554 2420 adversus
1591 2363 1776 2419 Osium
1803 2363 2024 2431 excogi-

445 2442 650 2502 tarunt,
681 2443 738 2488 ut
769 2433 1059 2488 firmiorem
1089 2434 1377 2488 redderent
1401 2450 1552 2488 suum
1581 2449 1797 2503 pravam
1827 2434 2026 2488 doctrio

442 2519 564 2557 nam
588 2503 654 2557 de
682 2519 789 2557 non
820 2503 1268 2558 communicando
1293 2518 1413 2558 cum
1445 2503 1510 2558 iis
1534 2502 1626 2572 qui
1653 2503 1704 2557 in
1736 2502 1840 2556 ﬁde
1876 2503 2026 2556 defe-

440 2575 660 2636 cissent,
689 2573 849 2628 etiam
880 2581 1161 2642 postquam
1187 2573 1390 2640 judic’o
1419 2572 1676 2628 Ecclesia:
1701 2572 2023 2638 condignam

439 2651 665 2710 egerunt
688 2642 1076 2713 pmnitentiam.
1097 2641 1303 2697 Passim
1333 2642 1652 2697 Luciferiani
1674 2642 2024 2713 litterassuas

440 2722 496 2768 et
540 2711 769 2783 aliorum
801 2712 1028 2783 nomine
1043 2714 1348 2783 suppositas
1377 2715 1810 2783 spargebanttut
1834 2711 2025 2774 admo-

437 2782 958 2852 nerentgllispanos,
990 2779 1200 2846 Gallos,
1233 2779 1422 2847 italos,
1453 2779 1687 2837 et'Afros
1717 2780 1934 2852 Patres,
1956 2783 2023 2836 de

438 2850 736 2922 MagniOsii
758 2850 910 2921 lapsu
945 2853 996 2922 in
1026 2859 1301 2921 postremo
1323 2853 1444 2907 vitae
1466 2852 1671 2916 ﬁne,de
1693 2850 1806 2918 ejus
1832 2851 2024 2919 opibus

438 2931 494 2976 et
539 2921 796 2988 avaritia,
828 2922 895 2991 de
919 2921 1038 2991 ejus
1087 2923 1527 2991 pusillanimitate
1578 2930 1642 2991 et
1678 2921 1870 2974 timore
1895 2935 2022 2991 ,_ne

436 2992 755 3060 imperatori
791 2988 1103 3059 displiceret
1135 3009 1148 3043 :
1180 3000 1236 3045 et
1263 3007 1384 3046 cum
1410 2991 1604 3046 mentis
1633 2990 1882 3044 humana:
1913 2988 2021 3043 fra-

435 3061 613 3128 gilitas
637 3071 699 3130 et
719 3060 900 3115 carnis
928 3061 1361 3130 concupiscentia
1403 3061 1512 3130 jam
1543 3060 1634 3115 diu
1659 3063 1730 3115 sit
1763 3061 1978 3130 cognita
1998 3097 2014 3124 ,

439 3144 632 3198 magno
664 3129 918 3186 Ecclesia:
947 3129 1186 3199 planctu,
1229 3129 1619 3188 sacrislitteris
1641 3129 2013 3199 edocentibus,

433 3197 781 3255 Saleinoncm
807 3197 1118 3270 corruptum
1171 3208 1228 3252 et
1273 3200 1624 3270 depravatum
1668 3197 1834 3270 fuisse
1870 3200 2016 3254 circa

435 3270 680 3324 ultimum
707 3271 830 3323 vita:
857 3269 981 3324 sua:
1012 3269 1358 3336 curriculum,
1389 3279 1446 3324 et
1474 3285 1632 3325 nemo
1662 3269 1868 3324 inﬁcias
1893 3277 1981 3324 eat
1999 3308 2015 3334 ,

433 3337 823 3410 Tertullianum
850 3347 929 3410 iet
977 3337 1270 3410 Origenem
1297 3340 1444 3410 avia
1473 3341 1774 3394 declinasse
1822 3338 2018 3392 mirum

435 3417 681 3480 nonet,
714 3408 811 3480 S_S.
847 3408 1103 3480 Hilarium
1123 3451 1139 3477 ,
1169 3417 1224 3463 et
1251 3408 1514 3464 lsidorum
1537 3410 1699 3480 300
1739 3423 2018 3480 assensum

473 3479 724 3534 nebuisse
744 3477 853 3533 Osii
881 3479 1074 3548 lapsui,
1103 3480 1398 3549 praesertim
1419 3477 1682 3534 cum—tam
1703 3479 1758 3532 in
1780 3479 2020 3546 longaeva

434 3495 724 3602 pneuuisse
744 3495 853 3533 usu
881 3495 1074 3548 lapsm,
1103 3495 1398 3549 praesertim
1419 3495 1540 3534 cum
1567 3495 1674 3534 tam
1703 3495 1758 3532 in
1780 3495 2020 3546 iongawa

453 3549 594 3616 iujus
622 3557 782 3603 mtate
801 3587 817 3615 ,
847 3549 1146 3604 minacibus
1176 3549 1518 3618 imperatoris
1560 3549 1752 3604 litteris
1781 3549 2020 3616 urgenti-

434 3619 562 3684 bus,
597 3619 1083 3687 pertimescendum
1117 3617 1268 3674 esset
1289 3634 1358 3674 ne
1405 3619 1711 3687 decrepitus
1757 3632 1923 3672 senex
1953 3617 2021 3672 ad

439 3689 713 3742 infantiam
770 3704 1017 3744 reversus
1056 3688 1227 3757 decipi
1259 3698 1350 3741 aut
1376 3688 1558 3743 verius
1585 3689 1705 3756 cogi
1759 3689 2024 3757 potuisset

437 3758 506 3810 ab
535 3757 821 3824 haereticis,
856 3769 915 3812 ut
945 3758 1130 3813 forma:
1160 3757 1482 3813 Arianorum
1512 3758 1754 3813 subdola:
1782 3757 2019 3812 subscri-

439 3828 608 3880 beret.
657 3826 794 3892 Quid
843 3828 984 3890 inde,
1038 3829 1200 3882 etiam
1232 3829 1277 3882 si
1320 3828 1642 3884 accidisset?
1675 3827 2017 3890 Diceremus,

435 3895 651 3968 defectu
683 3897 929 3968 perlecta:
949 3896 1352 3952 deliberationis
1373 3899 1437 3968 in
1467 3906 1574 3951 tam
1603 3897 1877 3968 decrepita
1902 3905 2024 3968 asta:

441 3977 512 4028 te,
543 3966 715 4035 plena:
743 3965 956 4022 defectu
986 3968 1248 4022 libertatis
1279 3976 1334 4021 et
1355 3966 1706 4022 discussionis
1734 3965 1941 4034 formm,
1973 3967 2023 4020 vi

437 4049 695 4105 metuque
733 4045 981 4090 coactum
1022 4037 1208 4090 Osium
1260 4039 1499 4105 potuisse
1543 4036 1674 4101 falli,
1720 4037 1816 4090 sed
1860 4035 2025 4090 nulla-

437 4115 595 4160 tenus
637 4120 668 4158 a
716 4121 842 4159 vera
874 4115 929 4159 et
974 4114 1121 4160 recta
1153 4106 1256 4160 lide
1303 4121 1369 4159 ex
1415 4105 1578 4159 animi
1615 4106 1885 4159 sententia
1931 4105 2027 4159 de-

441 4176 690 4229 clinasse.

509 4243 599 4297 Si.
633 4243 835 4296 Rursus
864 4243 1228 4311 convertimur
1255 4243 1323 4296 ad
1347 4242 1448 4296 alia
1465 4256 1628 4311 opera
1655 4243 1710 4297 S.
1736 4242 1942 4297 lsidori.
1967 4241 2027 4298 In

439 4312 764 4381 bibliotheca
790 4311 982 4381 domus
1010 4311 1076 4364 de
1105 4310 1327 4381 Medicis
1352 4310 1662 4366 asservatur
1681 4328 1820 4381 opus
1839 4313 1896 4366 8.
1927 4313 2026 4367 lsi-

440 4383 558 4435 dori
591 4380 882 4450 derAslris,
914 4381 1056 4448 quod
1087 4381 1228 4435 forte
1257 4380 1398 4434 idem
1430 4382 1533 4434 erit
1557 4397 1680 4436 cum
1711 4380 1778 4437 eo
1803 4384 1946 4450 quod
1972 4385 2023 4440 in

440 4451 587 4505 regia
610 4449 936 4504 bibliotheca
965 4449 1318 4504 Escurialensi
1347 4451 1666 4505 custoditur.

2131 1874 2280 1932 circa
2315 1876 2551 1931 auctoris
2578 1877 2928 1944 progeniem;
2975 1874 3145 1930 satius
3183 1877 3253 1930 sit
3300 1874 3481 1931 dicere
3523 1877 3722 1932 librum

2130 1954 2381 2016 quartum
2413 1960 2509 2015 per
2535 1945 2718 2013 plures
2743 1959 2937 2016 annos
2959 1946 3199 2008 latuisse,
3229 1945 3726 2014 perspicacissimo-

2130 2014 2359 2084 rumque
2385 2016 2624 2086 virorum
2649 2015 2839 2086 oculos
2863 2014 3114 2086 eﬁ'ugisse
3131 2055 3147 2082 ,
3178 2023 3238 2068 ut
3258 2029 3460 2086 “neque
3489 2017 3542 2086 in
3573 2018 3722 2086 regia

2131 2083 2369 2140 editione
2408 2084 2724 2148 Matritensi,
2761 2099 2935 2154 neque
2984 2083 3726 2154 Parisiensibus’prodereinr

2129 2155 2524 2225 autographum
2549 2171 2565 2221 ;
2594 2164 2652 2209 et
2685 2155 2731 2210 si
2757 2169 2944 2225 verum
2973 2171 3081 2209 non
3117 2157 3190 2209 sit
3234 2155 3510 2222 exemplar
3537 2157 3726 2224 operis

2128 2223 2185 2279 S.
2217 2222 2442 2290 lsidori.
2469 2224 2630 2279 laudo
2659 2222 2943 2280 artiﬁcium
2995 2225 3264 2287 auctoris,
3298 2225 3467 2292 magis
3508 2222 3722 2280 assimi-

2128 2294 2291 2350 lautis
2322 2294 2488 2350 ﬁlium
2515 2309 2615 2349 suo
2643 2294 2819 2362 patri,
2849 2309 3012 2363 quam
3045 2295 3217 2364 ipsum
3239 2302 3445 2364 patrem
3474 2295 3722 2352 sibimet-

2131 2364 2229 2433 ipsi
2255 2382 2268 2417 :
2293 2364 2548 2420 discretio
2591 2362 2913 2426 verborum,
2947 2362 3260 2433 perspicuus
3314 2362 3720 2422 Sententiarum

2126 2449 2337 2500 sensus,
2384 2434 2556 2504 stylus
2583 2433 2832 2504 redolens
2875 2435 3127 2488 swculum
3182 2441 3489 2504 septmuni,
3536 2438 3720 2490 omnia

2127 2517 2233 2573 non
2265 2501 2541 2559 abortivus
2583 2503 2642 2557 8.
2681 2501 2870 2573 lsidori
2923 2503 3087 2570 fetus,
3135 2501 3426 2573 sed301
3458 2507 3720 2560 naturalis

2126 2572 2394 2627 videntur.
2425 2573 2528 2626 Alii
2556 2574 2715 2642 igitur
2754 2572 2994 2636 videant,
3013 2573 3228 2642 judices
3264 2588 3324 2626 se
3361 2572 3720 2641 censtituant,

2126 2656 2335 2711 nosque
2363 2657 2551 2697 eorum
2577 2643 2775 2711 judicio
2801 2643 3032 2698 libenter
3056 2643 3422 2710 subjicieinur.

2195 2658 2226 2695 Is
2267 2658 2335 2698 ue
2363 2658 2551 2697 eorum
2577 2658 2775 2711 judicio
2802 2658 3032 2698 tinenter
3056 2658 3422 2710 subjicieniur.

2195 2658 2284 2766 53.
2323 2712 2750 2782 Cbirographum
2779 2727 2847 2767 ex
2883 2728 2992 2782 quo
3040 2712 3395 2782 transcriptus
3437 2721 3522 2769 est
3575 2714 3717 2771 liber

2124 2791 2349 2852 quartus
2377 2781 2808 2852 Sententiarum,
2847 2781 3122 2852 specimen
3149 2790 3205 2852 et
3245 2781 3425 2837 saeculi
3457 2799 3530 2837 ιιι
3571 2787 3719 2840 anti-

2123 2851 2385 2920 quitatem
2418 2851 2663 2907 redolet:
2691 2851 2889 2922 obAhoc’
2911 2851 3268 2908 admiratione
3297 2853 3551 2922 rapimur,
3578 2853 3709 2909 dum

2161 2922 2505 2992 erpendimus
2532 2936 2632 2992 nec
2674 2924 2727 2976 in
2756 2919 2814 2992 8.
2861 2921 3165 2992 Braulionis
3203 2919 3422 2992 magus,
3455 2937 3628 2992 neque
3656 2926 3713 2979 in

2161 2938 2505 2991 erpenuimus
2532 2938 2632 2976 nec
2674 2938 2727 2976 in
2756 2938 2814 2976 8.
2861 2938 3165 2977 uraunoms
3203 2938 3422 2986 manus,
3455 2938 3628 2992 neque
3656 2941 3713 2979 ιιι

2121 2938 2854 3060 gigebertiﬁemblacensis,
2895 3006 2995 3046 nec
3037 2990 3262 3046 Joannis
3291 2990 3593 3058 Tritbemii,
3623 2994 3715 3050 lo-

2121 3050 2338 3130 quventis
2381 3050 2765 3130 deopusculis
2803 3050 2863 3116 St.
2913 3059 3133 3126 lsidori.
3166 3076 3339 3128 neque
3376 3062 3429 3116 in
3475 3050 3714 3118 aliorum
3809 3063 3822 3068 ”

2123 3129 2373 3186 notitiam
2404 3131 2510 3185 tale
2536 3129 2655 3184 libri
2698 3131 2875 3200 quarti
2906 3129 3330 3200 manuscriplum
3362 3133 3710 3199 pervenisse,

2121 3215 2246 3256 cum
2272 3215 2468 3270 magna
2493 3200 2768 3270 diligentia
2793 3209 2849 3254 et
2870 3201 3024 3269 jussu
3053 3201 3194 3270 regis
3225 3201 3452 3270 Codices
3486 3202 3712 3260 luissem

2121 3285 2218 3352 per
2245 3267 2546 3351 universam
2589 3267 2930 3339 Hispaniam,
2962 3267 3169 3325 Italiam
3196 3278 3252 3326 et
3295 3267 3522 3325 Galliam
3573 3287 3712 3327 con-

2163 3355 2330 3396 1118"].

2122 3355 2378 3464 quiisﬁiliit
2404 3409 2582 3479 major
2598 3409 2728 3465 ﬁdes
2747 3409 2873 3464 huic
2893 3409 3116 3464 editioni
3143 3409 3476 3474 exhibe'ttnr,
3500 3410 3568 3465 ad
3589 3412 3710 3466 cai—

2122 3494 2239 3548 cem
2264 3480 2422 3548 hujus
2448 3477 2775 3548 praefationis
2808 3494 3141 3548 apponemus
3178 3480 3407 3548 indicem
3444 3480 3712 3536 libroruin

2122 3550 2182 3604 8.
2209 3547 2398 3604 [sideri
2426 3547 2519 3620 qui
2548 3549 2690 3620 typis
2736 3547 2918 3604 excusi
2947 3551 3161 3620 luerunt
3185 3547 3405 3620 Parisiis
3433 3550 3574 3618 apud
3599 3549 3713 3606 Se-

2123 3619 2427 3674 bastianum
2448 3617 2743 3687 ’Nivellium
2769 3632 2912 3674 anno
2943 3617 3102 3684 1601,
3129 3619 3326 3680 stu-lio,
3350 3617 3514 3687 opera
3542 3627 3596 3673 et
3622 3619 3713 3674 la-

2122 3688 2343 3744 boribus
2379 3687 2442 3744 F.
2488 3686 2674 3746 Jacobi
2702 3688 2774 3743 du
2797 3687 2988 3750 Breul,
3021 3689 3268 3743 monachi
3299 3689 3357 3742 S.
3389 3686 3644 3743 Germani
3678 3707 3712 3745 a

2124 3755 2316 3824 Pratis,
2349 3767 2407 3813 et
2433 3759 2661 3814 aliorum
2690 3759 3112 3814 clarissimorum
3142 3759 3398 3823 virorum,
3428 3766 3483 3812 et
3509 3758 3714 3816 collata

2124 3828 2226 3885 hac
2258 3827 2506 3898 ampliori
2533 3829 2781 3898 editione
2799 3844 2920 3883 cum
2951 3826 3264 3898 prmfalaidu
3299 3827 3454 3898 Brettl
3477 3865 3492 3890 ,
3532 3827 3714 3898 adno-

2125 3905 2307 3952 tantur
2333 3894 2452 3968 libri
2473 3897 2530 3952 S.
2563 3897 2752 3953 lsidori
2773 3894 3049 3968 hucusque
3072 3897 3277 3968 ine‘diti,
3301 3895 3534 3952 scilicet:
3553 3894 3715 3968 Liber

2124 3977 2336 4038 quartus
2383 3967 2801 4030 Sententiarum,
2847 3965 3117 4038 Expositio
3155 3965 3528 4038 Migrantis:
3565 3966 3717 4024 forte

2126 4035 2266 4092 idem
2320 4045 2403 4093 est
2459 4046 2715 4091 tractatus
2761 4035 2937 4104 quem
2971 4035 3205 4092 Joannes
3259 4035 3583 4104 Trithennus
3640 4038 3717 4096 de

2125 4105 2490 4174 Scriptoribus
2504 4102 2884 4160 ecclesiasticis
2898 4105 3208 4160 denominat
3224 4105 3292 4160 de
3303 4102 3487 4160 Ollicio
3504 4104 3716 4163 Missae:

2130 4176 2287 4229 Liber
2317 4191 2452 4230 unus
2483 4175 2549 4245 αξ
2573 4174 2758 4245 Asti-is,
2786 4176 2876 4245 qui
2923 4174 3059 4245 forte
3090 4174 3232 4230 idem
3279 4182 3362 4229 est
3391 4189 3456 4245 a_c
3491 4175 3586 4242 qui
3627 4176 3717 4230 in-

2127 4244 2376 4298 scribitur
2423 4260 2454 4298 a
2509 4242 2819 4299 Trithcmio‘
2859 4245 2926 4298 de
2979 4243 3320 4299 Astronomia
3354 4261 3367 4295 :
3398 4242 3592 4299 Sermo
3647 4247 3718 4300 de

2128 4313 2356 4382 Corpore
2381 4322 2430 4366 et
2472 4315 2722 4399 rurigenae
2762 4313 3002 4399 homini,
3033 4328 3194 4399 qfuem
3223 4315 3384 4399 eiiam
3408 4319 3713 4399 tractatum

2127 4381 2516 4439 commemorat
2547 4381 2873 4438 Trithemius
2897 4383 3036 4437 inter
3059 4381 3233 4452 Opera
3263 4383 3320 4437 S.
3354 4381 3542 4436 lsidori
3561 4420 3576 4446 ,
3604 4386 3718 4438 sic-

2128 4468 2236 4522 que
2255 4454 2552 4522 legentibus
2575 4461 2720 4522 patet
2745 4454 2940 4520 aditus,
2975 4461 3032 4507 ut
3057 4462 3250 4508 cuncta
3271 4454 3388 4522 ejus
3407 4466 3572 4522 opera
3593 4455 3721 4510 sive

549 4519 601 4592 5.
627 4516 813 4592 Oratio
839 4519 994 4583 Audi,
1015 4519 1242 4592 _(.'Itrisl_e,
1269 4522 1461 4574 tristem
1487 4521 1682 4592 ﬂetum,
1707 4522 1850 4592 edita
1886 4529 1968 4576 e=t
1995 4539 2024 4578 a
2057 4519 2105 4580 Ι)
2130 4516 2278 4579 certa
2310 4516 2439 4578 'sive
2489 4516 2650 4578 dubia
2679 4523 2889 4592 possint
2927 4516 3316 4591 perscrutari,‘
3337 4529 3392 4578 et
3441 4516 3722 4580 editiones

442 4589 817 4660 Papebrochio
857 4596 988 4660 tom.
1014 4589 1033 4642 l
1073 4590 1296 4658 Aprilis,
1321 4593 1407 4646 cui
1435 4589 1692 4645 deficiunt
1716 4591 1830 4647 fere
1853 4595 2013 4660 quin-

443 4659 698 4729 quaginta
745 4659 981 4730 stantizn,
1011 4673 1107 4730 seu
1167 4661 1400 4730 stroplire
1433 4677 1445 4712 :
1481 4662 1767 4716 constabat
1817 4659 2017 4717 etenim

438 4727 657 4786 centum
679 4738 735 4783 et
762 4729 973 4796 decem,
997 4727 1095 4784 sed
1133 4727 1316 4784 carum
1347 4730 1537 4784 divisio
1577 4730 1716 4785 forte
1741 4732 1890 4786 auxit
1915 4750 2018 4787 nu-

441 4815 678 4854 merum:
703 4799 806 4853 hoc
833 4815 968 4868 opus
996 4813 1104 4853 non
1128 4800 1350 4854 dedecet
1369 4799 1426 4854 8.
1450 4799 1730 4866 lsidorum,
1755 4817 1874 4854 nam
1899 4804 2023 4858 licet

441 4883 550 4941 non
577 4868 759 4941 omnia
795 4868 954 4937 plene
982 4870 1299 4941 correxerit,
1333 4879 1511 4924 tamen
1543 4874 1802 4939 cpuscula
1844 4874 2021 4941 impo-

383 4978 398 4993 .
442 4938 954 5010 Iita__inc_omp_t_aque
981 4937 1098 5010 ejus
1121 4940 1217 4994 dis.
1236 4938 1361 5010 ipuli
1400 4937 1628 5010 posteris
1655 4937 1957 4996 servarunt.

514 5005 602 5060 56.
648 5005 712 5078 _ln
759 5005 1127 5078 discernendis
1172 5005 1415 5078 pra-fatis
1459 5011 1644 5074 libris,
1701 5012 1838 5065 alios
1881 5013 2024 5068 viros

441 5076 783 5132 doctissimos
807 5076 1016 5144 judices
1057 5076 1346 5144 habemus,
1389 5079 1483 5133 sed
1524 5081 1826 5134 nullatenus
1868 5081 2024 5136 nobis

443 5146 722 5219 materiam
757 5145 1178 5219 subministrant
1221 5151 1288 5202 al
1333 5149 1712 5204 vindicandum
1742 5151 2021 5219 chirogra-

2121 4602 2430 4651 exterorum
2459 4593 2799 4647 emendicare
2827 4607 2933 4646 non
2963 4603 3242 4660 cogantur.

2195 4662 2283 4716 61.
2315 4662 2388 4717 De
2407 4663 2760 4732 expositionis
2784 4661 2958 4732 Missa:
2984 4670 3214 4716 tractatu
3236 4677 3343 4732 non
3370 4661 3545 4717 solum
3561 4661 3724 4732 judi-

2126 4734 2233 4800 cis,
2275 4747 2461 4786 verum
2486 4731 2610 4787 nec
2651 4731 2837 4786 arbitri
2886 4740 3066 4798 partes
3107 4731 3380 4802 suscipere
3425 4731 3728 4798 audemus.

2127 4816 2403 4872 usquequo
2419 4802 2646 4856 clariora
2665 4812 2980 4872 argumenta
2999 4816 3101 4872 una
3128 4816 3194 4872 cx
3212 4809 3368 4872 parte
3387 4809 3727 4872 appareant:

2128 4869 2457 4926 Trithemius
2477 4872 2676 4926 etenim
2705 4869 3034 4924 mentionem
3059 4870 3183 4925 facit
3211 4871 3332 4924 libri
3354 4869 3509 4925 unius
3533 4869 3733 4927 81δί-

2129 4943 2248 4996 dori
2301 4940 2369 4994 de
2407 4938 2595 4995 Oflicio
2633 4941 2823 5003 Μίδεω,
2875 4937 2970 5010 sed
3021 4955 3141 4995 cum
3177 4940 3561 5010 superscriptio
3602 4956 3736 4998 non

2130 5011 2434 5074 conveniat,
2457 5011 2590 5079 licet
2617 5009 3003 5078 aliquantulum
3026 5009 3334 5079 discrepent
3353 5009 3513 5079 verba
3541 5023 3742 5079 expo-

2130 5080 2341 5134 sitionis
2363 5088 2419 5133 et
2442 5078 2640 5148 Ofticii,
2658 5077 2770 5148 jam
2777 5079 2840 5140 ,in
2864 5077 3458 5133 dubietatem'mentem
3483 5077 3739 5133 itiduCilt:

2131 5149 2346 5218 aliunde
2367 5149 2562 5218 {major
2588 5150 2785 5203 militat
2812 5149 3068 5203 adversus
3112 5148 3390 5218 pmfatum
3420 5155 3748 5206 tractatum

2129 5217 2437 5282 difﬁcultas,
2459 5216 2584 5288 quia
2613 5219 2666 5272 in
2695 5233 2761 5273 eo
2787 5218 3078 5287 exponitur
3105 5217 3259 5272 Missa
3290 5216 3481 5288 iisdem
3508 5219 3754 5273 oratio-

441 5217 613 5340 phum
651 5215 770 5269 libri
801 5216 980 5298 quarti
1023 5215 1422 5273 Sententiarum
1445 5259 1472 5301 ,.
1515 5215 1928 5300 qui.liu_cus'qué
1966 5221 2020 5276 in

465 5301 616 5340 ucem
640 5299 747 5338 non
774 5281 872 5338 fult
898 5286 1092 5340 editus.
1119 5288 1439 5340 Asservatur
1459 5305 1510 5340 in
1528 5304 1673 5340 regia
1695 5289 2019 5340 bibliotheca

465 5301 622 5357 ucem
640 5299 747 5357 non
774 5281 872 5357 fuit
898 5286 1092 5342 editus.
1119 5288 1439 5345 Asservatur
1450 5281 1510 5344 in
1528 5281 1673 5357 regia
1695 5281 2020 5346 bibliotheca

444 5354 798 5412 Escurialensi
829 5363 936 5409 tam
963 5356 1130 5413 nitide
1147 5397 1162 5420 ,
1203 5359 1517 5422 luculenter,
1541 5354 1862 5414 et'Gothicis
1889 5359 2020 5412 tha-

442 5424 738 5499 racteribus
763 5434 1016 5499 exaratus
1039 5467 1055 5492 ,
1086 5437 1147 5482 ut
1183 5430 1252 5483 de
1292 5445 1358 5484 eo
1387 5429 1689 5499 ambigendi
1730 5429 1881 5484 locus
1910 5444 2018 5484 non

441 5495 792 5569 relinquatur.
827 5495 1064 5569 Dignitas
1095 5499 1332 5552 materia:
1377 5495 1557 5569 quatn'
1589 5507 2020 5569 pertractatAnun

440 5565 612 5638 solum
635 5574 816 5634 atquat
833 5607 846 5629 ,
877 5567 977 5638 sed
998 5576 1289 5638 exsuperat
1317 5565 1426 5638 tres
1451 5565 1660 5638 priores
1685 5570 1848 5624 libros
1886 5567 2021 5623 Sen-

442 5637 763 5699 tentiarum,
809 5650 904 5690 seu
952 5637 1019 5690 de
1064 5635 1286 5692 Summo
1331 5635 1498 5692 Bono.
1553 5638 1874 5701 Sententiae,
1923 5654 2022 5693 seu

443 5703 754 5776 proverbia
775 5705 845 5758 ibi
874 5707 1106 5776 passim
1134 5707 1474 5776 reperiuntur
1521 5707 1924 5772 fecundissima,
1965 5719 2021 5764 et

452 5769 521 5823 ex
555 5769 841 5828 Moralibus
872 5769 1240 5846 Pastoraliqu'e
1270 5777 1325 5832 8.
1349 5775 1592 5849 Gregorii
1623 5777 1795 5849 Magni
1829 5769 2019 5836 excer-

2128 5289 2312 5353 nibus,
2337 5296 2394 5341 et
2414 5286 2606 5343 eodem
2636 5286 3043 5357 prorsusmodo
3074 5302 3183 5356 quo
3217 5286 3376 5357 hodie
3406 5287 3759 5357 celebratur

2128 5366 2254 5428 post
2299 5353 2688 5428 correctionem
2734 5356 2964 5428 Missalis
3011 5353 3205 5428 iaciam
3251 5371 3282 5410 a
3333 5355 3390 5410 S.
3433 5353 3624 5428 P;o__V
3663 5367 3765 5428 et

2127 5424 2406 5482 Clemente
2449 5426 2590 5492 Vlll,
2633 5441 2754 5482 cum
2797 5426 3135 5495 exploratum
3162 5426 3262 5492 sit,
3313 5434 3370 5480 et
3416 5440 3484 5479 ex
3513 5424 3769 5495 Missa“

2129 5496 2373 5551 Romano
2402 5498 2624 5566 antiquo
2650 5494 2991 5566 perspicuum
3039 5496 3160 5562 ﬁat,
3192 5496 3244 5549 in
3277 5495 3524 5565 plurimis
3541 5535 3571 5566 ,Α
3590 5494 3776 5554 licet

2127 5583 2236 5622 non
2265 5563 2667 5633 essentiali'bus,
2689 5563 2906 5620 diﬁ‘erre
2935 5564 3238 5621 Romanam
3278 5563 3527 5622 “veterem
3560 5563 3780 5620 titur-

2126 5637 2268 5706 giam
2295 5651 2325 5690 a
2342 5646 2615 5706 correcta.

2199 5705 2288 5760 62.
2327 5703 2463 5761 Cum
2506 5706 2668 5774 igitur
2701 5719 2815 5775 nec
2857 5704 3104 5774 Gregorii
3154 5702 3331 5775 Magni
3378 5701 3792 5775 temporibus

2129 5775 2252 5832 talis
2280 5776 2416 5833 ordo
2440 5772 2664 5844 pre—cum
2690 5774 2854 5835 fuerit
2883 5772 3230 5844 observatus,
3250 5772 3361 5834 'nec
3391 5772 3448 5828 8.
3483 5772 3792 5833 lsidorm
