4030 6186
256 294 358 350 2⁸57

1241 291 1647 350 lSlDORlANA.
1686 321 1759 336 -
1798 292 1977 348 PARS
2016 293 2055 346 Ι.
2096 292 2245 349 CAP.
2292 292 2537 349 XXXIX.

3432 298 3538 353 238

255 410 421 463 alium
454 406 774 478 peragendae
819 402 1196 478 Missa;__r_i_tuni
1226 406 1524 478 agnoverit,
1550 406 1648 478 nisi
1679 417 1840 478 quem
1869 409 1917 467 Α
1946 404 2174 478 Cuncta
2205 405 2511 478 testimonia
2545 406 2935 478 proferemus,
2965 417 3024 461 ut
3077 406 3190 474 tibi,
3225 408 3539 468 charissima

258 474 518 533 idenim—et
562 474 786 545 e'xponit
814 478 935 544 cap'.
966 474 1032 527 15
1060 475 1152 529 lib.
1187 490 1203 529 l
1231 476 1295 545 de
1346 474 1541 543 Ofﬁciis
1573 475 1839 528 Ecclesia-

254 549 427 610 stiris,
460 555 520 600 ut
551 544 851 614 legentibus
881 544 1103 614 patebit,
1136 554 1191 600 et
1231 544 1399 599 fusius
1429 547 1480 598 iu
1512 556 1693 599 nostra
1724 545 1843 597 Dis-

254 618 557 672 sertatione
587 613 653 668 ad
697 614 1025 667 Breviarium
1056 613 1341 669 Gothieum
1382 614 1705 679 declaratur,
1736 630 1841 667 non

257 696 342 741 est
367 686 675 739 verosimile
703 682 760 752 8.
793 681 1054 736 lsidorum
1086 682 1249 738 fuisse
1269 684 1387 752 ejus
1415 694 1714 748 auctorem,
1743 683 1844 737 etsi

258 764 404 810 ultro
426 756 689 808 fateamur
708 750 1027 821 Gregorium
1049 750 1390 821 Magnum'illi
1408 752 1578 807 Missa:
1598 753 1845 807 ordinem

258 824 637 879 transmisisse.

327 894 419 948 63.
461 892 867 958 Cistercienses,
896 894 1255 958 Carthusiani,
1278 892 1612 947 Dominicaui
1636 899 1691 944 et
1715 890 1847 945 Car-

257 964 498 1017 melitani
524 962 761 1017 Calceati
787 964 1008 1032 proprio
1039 965 1142 1017 ritu
1169 972 1226 1017 et
1252 961 1449 1016 Missali
1479 968 1848 1032 anteqcorrec-

256 1034 461 1087 tionem
518 1030 801 1097 utuntur,_
832 1030 905 1088 eti
932 1034 1183 1086 omnibus
1233 1046 1448 1085 sacrum
1504 1030 1848 1083 audientibus

254 1102 471 1156 videtur
499 1102 638 1155 alius
684 1103 822 1156 ordo
852 1117 1069 1171 precum
1124 1111 1178 1155 et
1208 1098 1693 1171 caeremoniarum,
1721 1115 1843 1171 cum

255 1182 439 1226 tamen
469 1186 576 1225 non
606 1172 678 1225 sit
706 1167 1166 1231 ritus'Gothicus,
1202 1186 1301 1225 nec
1338 1167 1625 1222 Orientalis
1656 1168 1844 1223 Eccle-

254 1243 380 1302 sia}.
433 1240 527 1295 sed
556 1249 761 1293 tantum
790 1250 942 1295 vetus
973 1239 1247 1294 Romanus
1296 1247 1418 1307 post
1445 1238 1697 1292 saeculum
1740 1252 1848 1307 quo

253 1311 391 1364 vixit
419 1310 477 1364 S.
510 1309 804 1376 Gregorius
834 1309 1056 1377 Magnus
1080 1310 1324 1362 usitatus.

318 1379 413 1431 64.
440 1378 753 1432 Cardinales
774 1388 831 1434 et
855 1376 1106 1448 pnes-ales
1130 1378 1396 1448 Toletani,
1429 1378 1491 1431 F.
1527 1376 1850 1448 Franciscus

254 1448 538 1503 Ximcnius
594 1450 661 1503 de
688 1446 978 1513 Cisneros,
1025 1451 1185 1518 302
1229 1457 1285 1502 ct
1325 1446 1565 1518 Joannes
1592 1447 1849 1518 Martincz

253 1520 499 1573 Silii-acus
556 1518 607 1571 in
651 1518 826 1572 lucem
864 1516 1388 1573 cditcriniflllissalc
1439 1517 1664 1571 mixtum
1696 1516 1851 1573 Τοιο-

254 1598 476 1653 Ianum,
508 1589 761 1656 idemque
808 1588 1000 1641 iterum
1033 1588 1231 1643 cudere
1262 1587 1534 1641 mandavit
1561 1587 1851 1656 cardinalis

252 1660 492 1712 Joannes
518 1654 746 1720 Tavera,
779 1666 972 1712 etnon
1015 1660 1190 1713 solum
1234 1659 1288 1711 in
1333 1656 1560 1711 rubricis
1600 1654 1850 1721 Missalis,

253 1729 352 1781 sed
381 1729 432 1783 in
458 1728 646 1782 ordine
669 1743 887 1796 precum
912 1727 1362 1797 quamplurimum
1387 1726 1564 1780 dill'ert
1592 1741 1621 1778 a
1651 1725 1848 1779 Missali

253 1797 509 1851 Romano
540 1794 1092 1865 post—correctionem
1112 1798 1168 1850 8.
1207 1796 1289 1850 Pii
1319 1794 1384 1859 ν,
1432 1798 1486 1849 iu
1513 1798 1670 1858 cujus
1699 1810 1849 1849 com-

250 1867 633 1935 probationem
657 1879 990 1933 compertum
1015 1875 1099 1921 est
1144 1866 1447 1934 Philippum
1476 1865 1541 1931 ll,
1570 1865 1853 1931 Hispania-

248 1952 374 1990 rum
409 1950 612 2002 regem,
642 1937 701 1991 S.
746 1935 842 1990 Pio
876 1937 916 1990 ν
949 1952 1135 2005 preces
1184 1936 1439 2005 fudisseL
1460 1946 1518 1989 ut
1560 1935 1851 2005 sustineret

250 2006 552 2059 laudabiles
578 2004 996 2060 consuetudines
1026 2005 1083 2061 S.
1116 2005 1371 2060 Ecclesiae.
1398 2004 1705 2069 Toletanac,
1736 2004 1851 2072 ejus

250 2089 471 2129 cantum
519 2083 574 2129 et
620 2075 889 2140 rubricas,
923 2083 983 2129 ut
1013 2076 1197 2130 videre
1240 2083 1323 2129 est
1366 2074 1419 2128 in
1460 2074 1603 2128 bulla
1646 2074 1845 2128 Missali

250 2145 310 2197 8.
347 2144 423 2199 Pii
456 2144 499 2199 V
532 2150 748 2213 prmlixa
772 2161 787 2211 ;
810 2154 865 2198 et
892 2145 1019 2199 licet
1046 2152 1375 2200 memoratus
1397 2159 1638 2198 summus
1672 2145 1849 2213 p0nti-

251 2215 339 2269 lex
375 2214 591 2269 Missale
637 2216 755 2282 ejus
803 2214 857 2267 in
892 2222 1005 2269 toto
1035 2215 1167 2269 orbe
1204 2214 1481 2268 observari
1530 2214 1846 2279 mandavit,

252 2293 436 2337 tamen
484 2285 665 2352 quoad
692 2284 1113 2339 consuetudines
1143 2283 1439 2339 laudabiles
1486 2289 1544 2337 et
1586 2292 1801 2337 cantum
1830 2324 1845 2350 ,

253 2353 685 2422 regi_Catholico
711 2354 939 2422 benigne
969 2354 1208 2411 indulsit.

324 2420 415 2475 65.
450 2423 662 2479 Missale
689 2420 914 2477 mixtum
938 2424 1253 2477 Toletanum
1284 2432 1401 2477 erat
1428 2435 1615 2477 revera
1648 2420 1849 2476 Roma-

251 2507 387 2545 num
420 2494 723 2560 antiquum,
753 2493 896 2562 quod
928 2493 979 2546 in
1011 2492 1251 2547 Ecclesia
1273 2492 1538 2548 Toletana
1570 2490 1667 2544 fuit
1689 2492 1850 2544 intro-

246 2563 473 2615 ductum
496 2563 830 2628 temporibus
851 2563 992 2628 regis
1018 2563 1278 2627 Alphonsi
1302 2562 1392 2630 Vl,
1413 2566 1566 2629 cujus
1594 2562 1850 2627 auSpiciis

247 2646 502 2699 summus
560 2630 802 2699 pontifex
851 2633 1011 2686 ritum
1064 2633 1368 2688 Romanum
1424 2631 1492 2685 ad
1542 2630 1848 2685 universam

245 2698 576 2770 Hispaniam
606 2701 869 2765 extendit,
903 2711 958 2757 et
986 2704 1119 2756 ritus
1145 2700 1406 2757 Gothicus
1450 2716 1544 2755 seu
1597 2699 1846 2755 Mozara-

244 2770 440 2835 liicus,
489 2770 746 2825 cancellis
784 2772 1135 2839 quarumdam
1184 2770 1559 2839 parochiarum
1616 2770 1849 2826 civitatis

244 2788 440 2835 meus,
489 2788 746 2825 cancetns
822 2788 1135 2825 uarumuam
1184 2788 1559 2839 parocmarum
1616 2788 1845 2826 etvuaus

244 2839 554 2906 Toletanze,
585 2849 640 2894 et
660 2788 859 2895 sacello
882 2839 940 2895 S.
970 2839 1243 2905 Ecclesiae,
1269 2842 1366 2893 fuit
1387 2841 1845 2909 circumscriptus:

242 2911 442 2963 statim
465 2925 529 2964 ac
553 2909 678 2964 Pius
699 2910 739 2964 V
765 2910 909 2964 misit
938 2909 1185 2980 Philippo
1216 2911 1258 2964 ll
1279 2909 1497 2980 Missale
1519 2918 1843 2975 correctum,

240 2980 303 3033 in
336 2980 745 3035 desuetudinem
776 2981 909 3034 abiit
949 2979 1164 3035 Missale
1204 2981 1453 3042 mixtum,
1483 2979 1557 3033 ita
1580 3048 1585 3049 γ
1606 2980 1847 3049 appella-

240 3058 369 3103 tum
398 3066 519 3105 cum
549 3051 619 3104 ob
641 3050 953 3105 mixtionem
980 3051 1113 3105 ritus
1135 3049 1363 3105 Romani
1386 3058 1440 3104 et
1471 3048 1702 3116 Gothici’,
1736 3058 1846 3103 tum

240 3121 325 3172 ob
355 3119 596 3175 rubricas
625 3120 944 3175 intertextus
987 3121 1094 3174 ritu
1145 3119 1389 3175 Romano
1415 3119 1588 3173 veteri
1618 3130 1675 3173 et
1717 3135 1841 3175 cor-

239 3198 429 3243 τεεῑο.

436 3257 649 3313 Missale
675 3258 1109 3323 Ambrosianum,
1137 3258 1302 3329 prado
1319 3273 1505 3313 cusum
1521 3273 1662 3329 anno
1680 3255 1838 3323 1522,

236 3328 708 3450 quamplurimum
751 3331 994 3398 congruit
1036 3327 1233 3386 Missali
1264 3329 1432 3382 mixto
1461 3343 1570 3396 quo
1598 3327 1841 3384 Ecclesia

290 3398 515 3450 oletana
548 3398 799 3450 utebatur
838 3410 963 3450 ante
1006 3399 1064 3450 8.
1115 3399 1407 3450 concilium
1435 3397 1838 3450 Tridentinum:

290 3398 515 3451 oletana
548 3398 799 3452 utebatur
838 3397 963 3452 ante
1006 3399 1064 3455 8.
1115 3399 1407 3455 concilium
1435 3397 1838 3463 Tridentinum;

234 3477 301 3521 et
338 3468 520 3521 tam'en
545 3467 821 3533 prmlatum
848 3468 1061 3523 Missale
1083 3469 1514 3532 Ambrosianum,
1543 3470 1842 3524 secundum

234 3550 462 3589 morem
493 3535 554 3589 8.
587 3535 889 3605 Ambrosii,
929 3547 989 3590 ut
1012 3539 1063 3591 in
1093 3542 1271 3592 fronte
1308 3539 1584 3602 asseritur,
1619 3554 1724 3593 non
1756 3555 1842 3593 so-

232 3606 362 3661 lum
408 3612 539 3658 ante
568 3605 958 3660 correctionem
1013 3606 1070 3661 S.
1135 3606 1210 3660 Pii
1253 3606 1311 3669 V,
1366 3609 1457 3660 sed
1499 3607 1661 3661 etiam
1718 3619 1843 3664 ante

232 3674 652 3746 ordinationem
686 3673 909 3744 liturgirc
952 3676 1146 3730 factam
1173 3692 1202 3730 a
1229 3675 1286 3730 S.
1318 3674 1602 3746 Gregorio,
1626 3675 1835 3746 Magno.

232 3744 351 3798 fuit
393 3759 423 3797 a
460 3741 531 3813 8.
565 3743 789 3813 doctore
818 3741 1104 3800 Ambrosio
1147 3741 1451 3800 ordinatum
1473 3782 1489 3808 ,
1516 3745 1645 3813 quin
1675 3741 1844 3813 possit

231 3812 590 3882 denominari
621 3813 754 3867 ritus
791 3814 1177 3870 Ambrosianus
1205 3814 1464 3869 Gothicus
1484 3853 1502 3882 ,
1536 3812 1637 3871 Sed
1662 3825 1843 3872 vetus-

234 3885 490 3939 tissimus
516 3881 812 3936 Romanus.

316 3952 416 4024 67.
461 3950 818 4024 Propinamus
875 3953 988 4018 tibi,
1032 3952 1419 4023 jucundissime
1461 3952 1652 4019 lector,
1687 3955 1843 4024 quid-

236 4023 384 4093 quid
412 4022 676 4093 optimum
708 4024 950 4077 invenire
980 4022 1291 4093 patuimus;
1322 4023 1550 4092 adauge,
1579 4026 1622 4078 si
1670 4022 1837 4091 vales,

235 4100 301 4163 et
329 4091 541 4163 ditesce
568 4091 1035 4163 dissertationibus
1065 4095 1169 4148 tuis
1195 4108 1361 4163 opera
1380 4091 1551 4148 nostri
1577 4094 1838 4150 doctoris.

237 4161 415 4216 Nobis
436 4168 545 4214 tam
576 4162 933 4232 periculosum
965 4173 1048 4219 est
1074 4161 1274 4232 passim
1296 4165 1365 4217 de
1390 4164 1640 4217 omnibus
1670 4166 1841 4219 ambi-

238 4245 384 4300 gere
412 4231 673 4301 quamde
702 4232 848 4286 nullo
879 4231 1143 4287 dubitare.
1175 4232 1429 4286 Proxime
1464 4240 1586 4301 post
1633 4234 1840 4288 obitum

239 4303 424 4369 ipsius
472 4302 531 4354 8.
561 4300 831 4367 doctoris,
875 4304 986 4357 sive
1033 4303 1362 4357 Theodiscus
1388 4300 1506 4369 ejus
1536 4317 1837 4368 successor,
1910 4308 1914 4313 ’

239 4370 302 4424 in
335 4385 447 4438 quo
488 4385 593 4424 non
643 4372 1010 4436 immoramur,
1042 4374 1155 4427 sive
1181 4372 1305 4438 alii,
1336 4372 1526 4425 honori
1555 4371 1611 4426 8.
1655 4371 1842 4428 lsidori

242 4444 493 4493 maxime
547 4440 780 4506 infensi,
830 4442 1185 4496 obtcnebrarc
1238 4452 1294 4497 et
1336 4440 1448 4510 fere
1495 4442 1838 4510 exstinguere

1947 474 2137 539 lector,
2154 474 2445 541 jucundum
2476 474 2823 531 exhibeamus
2850 476 3108 531 ollicinm.

2140 543 2409 618 Isidorus,
2443 544 2516 618 ait
2545 543 2600 596 S.
2636 543 2900 618 Brauliuf,
2927 547 3018 618 _rir
3041 549 3294 618 egregius,
3338 548 3539 618 Hispa-

1948 614 2103 667 lensis
2134 611 2382 667 Ecclesia:
2406 613 2693 683 episcopus,
2726 614 2884 683 303
2916 611 3144 683 Leandri
3163 611 3398 683 'episcoln‘
3424 611 3542 672 suc-

1948 690 2185 751 cessaret
2216 699 2508 751 germanus,
2521 682 2696 751 floruit
2720 700 2751 734 a
2769 693 2992 749 tempore
3007 682 3058 733 Μ
3068 685 3181 735 auri
3190 686 3242 735 (ii
3264 682 3457 751 impera
3466 698 3512 739 to
3526 718 3541 727 -

1947 751 2021 803 ris
2041 761 2090 803 et
2109 750 2358 804 Recaredi
2380 750 2582 820 regis...
2601 752 2676 820 vir
2698 752 2749 802 in
2773 752 2913 803 omni
2934 752 3207 803 locutionis
3228 770 3410 820 genere
3436 757 3542 815 for-

1948 830 2151 880 matus,
2184 819 2578 888 incomparabili
2623 819 2914 885 eloquentia
2940 821 3180 871 clarus...
3226 828 3275 871 et
3317 834 3541 886 quantus

1947 888 2203 957 sapientia
2251 889 2541 957 fuerit.”
2580 888 2690 957 ejus
2727 887 2941 940 diversis
2974 889 3158 941 studiis
3186 897 3234 941 et
3262 892 3542 948 elaboratis

1949 956 2207 1023 opusculis
2246 956 2492 1079 perlucile
2519 956 2744 1021 prudens
2771 956 2929 1009 lector
2958 958 3247 1026 intelligere
3279 962 3537 1027 poterit...

1949 1027 2074 1079 obiit
2102 1028 2320 1079 tempori
2357 1043 2416 1079 us
2440 1024 2678 1079 Heraclii
2707 1028 3036 1079 imperatoris
3066 1036 3115 1077 et
3157 1028 3537 1079 Christianissi-

1949 1027 2074 1079 obiit
2102 1024 2416 1091 temporibus
2440 1024 2678 1079 Heraclii
2707 1028 3036 1094 imperatoris
3066 1024 3543 1085 ctXC/tri'stionissi-

1950 1098 2019 1148 mi
2050 1095 2353 1148 Chintillani
2399 1096 2557 1165 regis,
2599 1112 2729 1165 sana
2778 1095 3016 1165 doctrina
3056 1100 3391 1163 pra'stantior
3419 1117 3545 1154 cun-

1950 1167 2078 1229 ctis,
2106 1175 2157 1245 et
2199 1163 2724 1245 copiosior'operibas
2760 1164 3051 1218 c/taritau's.
3185 1166 3545 1245 lldepliousus

1951 1234 2339 1304 asserit_opera
2368 1234 2565 1304 eximia
2596 1242 2652 1287 et
2680 1250 2796 1304 non,
2818 1249 2981 1302 parva
3010 1236 3307 1304 scripsisse.

2019 1304 2108 1356 70.
2145 1302 2382 1358 Joannes
2417 1302 2744 1358 Trithcmius
2780 1303 2835 1358 S.
2870 1302 3132 1358 [siderum
3174 1315 3337 1360 vocat
3378 1308 3541 1363 cirum

1950 1375 2005 1426 in
2032 1374 2218 1427 divinis
2261 1374 2547 1439 Scripturis
2584 1381 2631 1426 et
2679 1373 3017 1427 swcularibus
3046 1374 3235 1428 litteris
3280 1377 3411 1429 nulli
3450 1395 3544 1433 suo

1953 1453 2177 1513 tempore
2214 1444 2513 1507 secundum,
2557 1444 2763 1511 ingenio
2809 1443 3062 1507 subtilem,
3106 1461 3261 1498 sensu
3303 1447 3500 1501 clarum
3526 1491 3541 1511 ,

1952 1514 2539 1584 eloquioqcompositum,
2586 1515 2816 1566 carmine
2847 1514 3180 1584 excellentem
3210 1525 3259 1567 ct
3286 1533 3461 1583 prosa.
3496 1528 3548 1573 et

1953 1582 2055 1656 non
2102 1582 2271 1634 minus
2317 1584 2592 1635 sanctitate
2630 1599 2783 1653 quam
2825 1582 3063 1636 doctrina
3109 1582 3365 1655 insignem
3394 1587 3545 1656 e/ful-

1954 1668 2102 1705 διδδε.

2027 1722 2114 1773 7t.
2160 1720 2487 1790 Redemptus
2537 1720 2786 1791 clericus,
2829 1722 2919 1791 qui
2949 1722 3108 1777 morti
3151 1724 3319 1779 adluit
3347 1725 3405 1782 S.
3446 1727 3543 1783 lsi-

1884 1766 1926 1822 Β
1954 1791 2092 1857 dori,
2120 1766 2627 1846 exa'iﬁﬁssiiifierér'i
2656 1766 2714 1844 ἐ.
2736 1766 2975 1845 ἀὸέίὄὲίε
2999 1766 3054 1845 iii
3073 1766 3405 1851 ἓοέιὲὲῖἕέ
3421 1766 3547 1853 γ’ᾗὶ-

1953 1861 2115 1915 ceutii
2145 1868 2271 1938 ante
2295 1861 2501 1915 obitum
2530 1861 2603 1938 ad_
2628 1860 2797 1938 Deum
2818 1862 3142 1938 orationem,
3171 1865 3548 1938 adﬁcoepisco-

1954 1946 2084 1997 pos,
2116 1931 2321 1985 clerum
2359 1938 2415 1986 ct
2444 1930 2698 2000 populum
2731 1930 3116 1987 allocutionem
3137 1972 3151 1995 ,
3182 1930 3545 1993 cilicio'indu-

1955 2008 2065 2054 tum
2112 2009 2166 2054 et
2197 2002 2384 2064 cinere
2423 2014 2794 2074 conspersum,
2836 2001 3220 2074 juxtaveteris
3249 2006 3547 2074 disciplina:

1952 2084 2220 2146 normam,
2253 2070 2574 2146 expaudisse
2600 2084 2792 2146 manus
2820 2070 2891 2146 ad
2908 2071 3127 2146 caplum,
3146 2070 3547 2146 completisque

1953 2140 2223 2205 omnibus,
2278 2149 2400 2208 post
2455 2140 2624 2212 diem
2658 2139 3017 2195 confessionis
3074 2144 3158 2212 vel
3209 2139 3544 2212 pteniteniite

1951 2219 2223 2277 quartum,
2255 2209 2579 2278 pastoralem
2603 2209 2788 2277 jugem
2815 2224 2998 2265 curam
3026 2220 3079 2265 et
3112 2209 3273 2268 linem
3301 2228 3455 2269 suum
3490 2218 3545 2271 in

1952 2293 2083 2345 pace
2123 2294 2527 2352 consuii_imasse
2577 2278 2750 2349 pridie
2796 2278 2974 2334 Nonas
3020 2282 3234 2352 Aprilis,
3278 2299 3385 2340 cera
3417 2285 3541 2351 679,

1953 2362 2095 2402 anno
2125 2348 2339 2403 Domini
2368 2347 2491 2401 686.

2026 2418 2112 2471 72.
2168 2417 2418 2473 lmbuere
2441 2457 2456 2481 ,
2488 2418 2841 2475 disertissime
2869 2419 3041 2475 lector
3060 2461 3075 2487 ,
3108 2419 3299 2475 lsidori
3328 2432 3549 2481 senten-

1954 2485 2063 2548 tiis,
2096 2488 2247 2556 operi
2279 2489 2514 2542 verenda
2544 2497 2782 2556 patrum,
2815 2491 2859 2542 si
2891 2485 3180 2545 adulterini
3224 2492 3315 2547 lilii
3351 2509 3413 2548 ea
3445 2494 3545 2549 de-

1954 2564 2246 2628 texerunt;
2293 2572 2362 2628 ne
2403 2558 2604 2628 lumine
2650 2567 2743 2613 aut
2782 2559 3140 2628 perspiciculo
3183 2562 3375 2617 obtuso
3417 2566 3547 2620 solis

1953 2625 2195 2681 maculas
2225 2635 2319 2698 aut
2346 2626 2484 2682 lunae
2511 2626 2752 2682 defectus
2783 2625 3135 2697 perscruteris
3158 2674 3172 2698 ,
3205 2631 3297 2685 scd
3340 2648 3547 2689 morem

1951 2707 2142 2766 gerere
2176 2696 2470 2763 majoribus
2512 2697 2679 2761 disce,
2711 2696 3168 2754 et’vicissitudiui'
3200 2716 3404 2766 rerum,
3452 2720 3545 2759 ca-

1952 2765 2118 2835 lamo,
2150 2767 2326 2835 prelo,
2361 2775 2439 2821 tot
2464 2768 2885 2835 calamitatibus,
2915 2768 3181 2835 cladibus,
3228 2765 3548 2829 vastationi-

1952 2834 2092 2905 bus,
2125 2836 2349 2905 praedis,
2385 2836 2574 2901 bellis,
2605 2844 2659 2891 et
2688 2834 3039 2893 barbarorum
3073 2834 3373 2896 iuctnrsibus
3402 2847 3542 2899 mala

1952 2904 2206 2970 addicito,
2251 2906 2297 2960 si
2346 2906 2425 2961 vis
2469 2907 2605 2961 mari
2656 2908 2894 2963 secundo
2942 2906 3046 2963 hoc
3087 2911 3338 2965 saeculum
3372 2922 3547 2969 trans-

1954 2989 2071 3029 mea
2080 2990 2157 3030 re.

2488 3064 2715 3121 CAPUT
2764 3065 3009 3121 XXXIX.

1868 3141 1914 3203 C
1945 3152 2174 3228 Conatus
2213 3158 2552 3228 quorumdam
2592 3161 2662 3212 ad
2706 3177 2891 3214 novam
2936 3159 3161 3228 Operam
3194 3162 3392 3218 [sideri
3432 3166 3540 3219 edi-

2015 3227 2630 3303 tioncm_’perﬁciendam.‘
2655 3228 2900 3303 Casimiri
2948 3227 3145 3285 Oudini
3175 3233 3433 3303 judicium
3476 3238 3543 3290 de

2014 3296 2252 3351 met/rode
2283 3296 2383 3368 qua
2414 3316 2475 3352 ea
2500 3298 2685 3368 perlici
2714 3300 2940 3355 deberet.

2016 3403 2066 3457 l.
2090 3404 2224 3459 Cum
2247 3407 2489 3476 plerique
2512 3408 2656 3464 docti
2687 3408 2786 3463 viri
2812 3410 2925 3477 jam
2948 3410 3148 3465 dudum
3179 3427 3373 3468 novam
3398 3429 3533 3484 ope-

1942 3511 2061 3549 rum
2106 3498 2398 3553 editionem
2446 3508 2784 3570 expeterent,
2830 3502 2947 3570 ejus
2979 3505 3321 3573 perﬁcienda:
3358 3510 3541 3562 cousi-

1943 3583 2073 3640 lium
2106 3601 2211 3641 non
2242 3589 2399 3657 pauci
2442 3590 2696 3653 inierunt,
2730 3600 2788 3645 ut
2817 3589 3054 3647 Jacobus
3105 3593 3389 3666 llommey,
3423 3596 3538 3652 An-

1943 3674 2100 3743 dreas
2146 3676 2375 3747 Burriel,
2420 3679 2737 3736 Franciscus
2778 3680 2942 3736 Perez
2986 3680 3177 3754 Bayer,
3223 3684 3543 3744 Franciscus

1943 3766 2208 3823 Antonius
2226 3769 2499 3837 Zaccaria,
2524 3772 2599 3826 De
2612 3772 2855 3828 Burrieio
2869 3789 2931 3827 ac
2945 3775 3013 3829 de
3025 3775 3273 3831 Zaccaria
3297 3793 3543 3836 seorsum

1943 3874 2071 3914 mox
2106 3860 2300 3915 dicam.
2350 3859 2607 3917 Iacobum
2650 3863 2930 3936 Homntey,
2955 3877 3133 3922 morte
3158 3867 3540 3940 interceptum,

1944 3964 2009 4005 ea
2043 3966 2161 4019 qua:
2210 3952 2278 4006 de
2324 3951 2512 4007 lsidori
2560 3954 2777 4024 scriptis
2827 3956 3155 4013 excudendis
3206 3960 3543 4028 cogitaverat

1945 4042 2165 4109 exsequi
2198 4058 2303 4095 non
2334 4044 2594 4111 potuisse,
2629 4044 2783 4099 testis
2808 4053 2891 4100 est
2918 4045 3165 4101 laudatus
3196 4046 3452 4102 Ziccaria
3484 4050 3543 4104 in

1944 4140 2238 4199 conspectu
2285 4140 2485 4200 parata:
2525 4147 2636 4187 suae
2674 4133 2884 4188 edionis
2916 4134 3241 4200 lsidorianae,
3274 4144 3331 4192 et
3373 4138 3541 4193 refert

1944 4220 2105 4273 etiam
2137 4220 2415 4277 Fabricius
2449 4223 2501 4278 iu
2532 4223 2666 4278 Bibl.
2700 4225 2860 4280 medii
2890 4227 2987 4280 :evi
3015 4227 3180 4282 verbo
3204 4227 3465 4283 Isidorus.

2018 4311 2182 4383 304
2231 4313 2285 4367 2.
2349 4313 2562 4386 Bayerii
2611 4326 2839 4374 conatus
2886 4317 2954 4372 ad
3006 4317 3195 4374 Isidori
3245 4321 3539 4378 editionem

1945 4402 2318 4458 adornandam
2370 4406 2602 4464 leviores
2654 4405 2819 4462 fuisse
2849 4408 3138 4475 videntur;
3187 4411 3277 4478 qui
3310 4411 3541 4470 fortasse

240 4509 603 4581 intenderunt
623 4495 1019 4581 Arelar'issimum
1046 4495 1262 4567 ’nOStrae
1323 4509 1592 4581 Hispania:
1659 4495 1838 4567 lumen
1866 4520 1919 4581 ι)
1946 4507 2120 4562 neque
2150 4495 2333 4549 omnia
2364 4497 2525 4550 edere
2573 4497 2762 4551 ISi-lm'i
2791 4514 2956 4581 ορετε
2991 4501 3285 4568 εοείιίιὺειιο
3341 4503 3539 4558 Bandi-

222 4578 517 4653 ‘lsidorum
549 4596 562 4630 :
589 4578 701 4653 alii,
730 4581 994 4653 praecipue
1034 4583 1302 4644 monachi,
1344 4578 1458 4653 ejus
1487 4580 1715 4653 Calices
1744 4597 1841 4635 re-

242 4650 570 4711 condentes,
601 4650 947 4702 solertissima
979 4666 1105 4704 cura
1139 4652 1495 4703 transcribere
1524 4651 1787 4717 optabant
1818 4665 1833 4704 :

224 4718 348 4792 sed
379 4734 486 4771 non
516 4718 755 4792 omnium
791 4735 889 4792 par
913 4728 1031 4774 erat
1070 4720 1123 4792 in
1163 4718 1569 4792 transcribendo
1616 4720 1840 4792 diligen—

228 4788 345 4859 itia,
380 4795 666 4859 prOpterea
699 4790 925 4857 plurima
962 4790 1157 4843 menda
1188 4790 1239 4841 iu
1270 4788 1625 4859 chirographa
1670 4790 1841 4859 irrep-

242 4870 374 4910 sere
414 4874 427 4907 :
462 4858 576 4921 alii,
624 4868 685 4910 ut
732 4874 888 4912 suum
939 4869 1152 4913 tenuem
1203 4859 1440 4910 laborem
1498 4857 1837 4926 decorarent,

222 4926 609 5000 [siv_e_cleric_i,
636 4927 751 5000 sive
781 4930 1062 5000 monachi,
1099 4928 1391 5000 lmzlissimo
1417 4926 1755 5000 stellio_na_tus
1783 4938 1840 4984 et

241 4995 474 5063 'vulpino
496 4997 719 5050 crimine
746 5012 806 5051 se
828 4998 1182 5063 maculantes,
1203 4999 1302 5050 sub
1330 4996 1546 5051 nomine
1569 4996 1628 5051 8.
1651 4998 1837 5054 lsidori

239 5079 384 5138 suas
408 5066 639 5133 ineptias
666 5065 994 5138 ell‘ntientes,
1024 5068 1255 5138 posteris
1292 5074 1640 5138 constuprata
1672 5084 1837 5138 opera

240 5133 491 5201 virginea
524 5144 577 5189 et
605 5136 891 5205 purissima
918 5136 976 5191 8.
1024 5133 1215 5190 lsidori
1242 5133 1543 5202 reliquere,
1597 5148 1655 5191 ut
1703 5133 1839 5206 opus

239 5212 410 5273 suum
430 5212 580 5259 tanto
602 5213 823 5260 auctore
850 5206 1193 5271 extollerent,
1223 5220 1328 5259 non
1356 5218 1712 5273 agnoscentes
1740 5224 1840 5263 nec

239 5272 412 5343 lupos
458 5275 635 5329 ovinis
686 5276 915 5343 pellibus
960 5276 1157 5330 debere
1200 5276 1439 5343 conlegi,
1487 5291 1587 5330 nec
1630 5278 1839 5333 asinina

241 5341 606 5421 delirantienta
638 5341 839 5399 diutius
880 5359 1040 5415 posse
1078 5346 1178 5400 sub
1220 5341 1436 5415 pietatis
1478 5347 1657 5416 specie
1706 5363 1837 5404 con-

241 5419 429 5465 tineri.
1520 5428 1523 5431 “

277 5550 293 5561 ο
324 5479 427 5561 68..
455 5480 691 5561 lsidorus
740 5483 899 5561 igitur
943 5500 1053 5561 non
1069 5493 1441 5561 _cget__no_stro
1490 5488 1842 5561 test’monio,

239 5552 497 5625 simplici
515 5561 722 5625 tantum
740 5552 951 5625 gaudet
976 5553 1034 5609 S.
1068 5552 1370 5610 Braulionis
1398 5558 1708 5612 amicissimi
1735 5552 1839 5625 sui,

241 5627 311 5693 et
332 5619 387 5674 8.
423 5621 679 5693 Ιιᾴεῑοιιεὶ
702 5619 968 5693 discipuli
994 5626 1096 5689 sui,
1128 5626 1473 5691 auctoritate,
1497 5635 1553 5681 et
1579 5619 1841 5683 relatione

241 5690 436 5765 obitus
462 5692 604 5765 facta
634 5707 665 5746 a
693 5690 1012 5765 Redempto,
1039 5696 1236 5750 clerico
1259 5711 1382 5762 suo,
1402 5690 1492 5765 qui
1523 5713 1644 5751 cum
1671 5711 1701 5750 e
1729 5699 1839 5752 vita

245 5755 324 5813 ad
348 5754 518 5815 Deum
549 5762 603 5816 in
634 5777 766 5831 pace
808 5754 1191 5833 iucundissima
1228 5754 1491 5834 emig'ra'rc
1540 5770 1839 5836 conspexit.

1944 4585 2066 4639 nius
2114 4595 2245 4642 tom.
2300 4588 2319 4641 Ι
2371 4590 2504 4644 Cod.
2534 4592 2683 4646 latin.
2734 4572 2864 4646 bibl.
2894 4593 3087 4648 Medic.
3123 4594 3377 4650 Laurent.
3412 4598 3540 4654 Flo-

1943 4681 2107 4740 rent.,
2134 4676 2266 4743 plut.
2301 4677 2389 4745 l9,
2422 4680 2553 4733 Cnd.
2587 4681 2672 4745 51,
2705 4697 2827 4735 cum
2856 4682 3204 4751 mysticorum
3238 4688 3539 4754 expositio-

1944 4778 2041 4818 nes
2065 4775 2546 4835 sacramentorum,
2578 4784 2674 4823 seu
2701 4771 3027 4837 qumstiones
3052 4771 3240 4828 lsidori
3286 4777 3337 4829 in
3372 4777 3538 4836 Vetus

1944 4852 2349 4909 Testamentum
2400 4859 2779 4921 recensuisset,
2830 4860 2968 4915 hanc
3015 4862 3252 4917 subdidit
3299 4878 3533 4925 notam:

1945 4943 2198 4999 Nostrum
2231 4948 2364 5001 hunc
2394 4948 2631 5003 Codicem
2661 4966 2799 5004 anno
2830 4949 2968 5004 1756
2988 4952 3151 5022 jussit
3180 4955 3277 5008 sibi
3304 4960 3533 5028 conferri

1943 5036 2023 5090 Cl.
2053 5036 2115 5090 Ρ.
2146 5036 2435 5092 Zacharias
2468 5040 2528 5094 S.
2561 5040 2615 5093 J.
2649 5057 2766 5094 cum
2811 5042 3058 5112 Hispana
3085 5045 3331 5101 editione.
3362 5048 3428 5102 In
3457 5048 3536 5101 bi-

1943 5128 2193 5183 bliotheca
2225 5148 2340 5184 vero
2374 5130 2626 5186 Toletaaa
2669 5132 2844 5188 Codex
2880 5144 3176 5189 asseruntur
3205 5138 3533 5196 mentbraua-
3600 5128 3605 5142 ’

1941 5236 2060 5274 ceus
2089 5222 2143 5275 in
2169 5223 2425 5291 quadrata
2448 5226 2617 5295 forma
2646 5227 3009 5282 remotissima:
3037 5230 3386 5299 antiquitatis,
3430 5246 3532 5283 sa:-

1944 5312 2057 5367 culo
2088 5314 2331 5366 nimirum
2361 5332 2449 5369 vut
2478 5318 2556 5369 vel
2584 5318 2794 5370 ineunte
2843 5332 2897 5371 Ix
2925 5329 3191 5382 exoratus,
3222 5336 3369 5391 quem
3396 5336 3534 5388 pra:—

1948 5403 2212 5457 laudatum
2245 5404 2557 5457 Zachariam
2606 5407 2929 5460 consuluisse
2961 5408 3246 5477 oportebat,
3294 5416 3349 5459 ut
3406 5410 3532 5462 milii

1947 5504 2068 5549 tunc
2136 5497 2379 5565 temporis
2435 5498 2719 5567 afﬁrmavit
2785 5497 3185 5552 Barcinonensis
3249 5500 3529 5555 canonica:

1949 5586 2179 5657 Bayerus
2215 5587 2477 5652 Perezius,
2527 5590 2613 5658 qui
2664 5589 2902 5642 Codicem
2947 5590 3095 5641 illum
3138 5589 3533 5657 diligentissime

1946 5678 2234 5731 contulerat
2272 5679 2417 5741 iussu
2448 5676 2779 5733 Ferdinandi
2833 5677 2905 5730 VI
2945 5677 3324 5745 Hispaniarum
3370 5683 3527 5753 regis,

1947 5770 2068 5827 dum
2093 5769 2235 5823 illum
2265 5770 2414 5824 edere
2442 5770 2794 5825 meditaretur.
2828 5766 2942 5823 Hoc
2986 5768 3159 5838 ipsum
3187 5784 3256 5825 ex
3297 5769 3526 5844 Bayeriu
