4030 6186
480 298 585 351 259

1231 299 1321 353 AD
1360 297 1589 353 OPERA
1631 296 1689 351 S.
1734 294 1982 352 lSlDORI
2023 294 2461 355 HISPALENSIS
2502 291 3030 356 PROLEGOMENA.

3658 305 3764 361 240

480 412 687 469 audivit
753 415 993 469 Andreas
1062 412 1253 467 Petrus
1306 408 1673 471 Julianellius,
1731 409 2072 463 bibliotheca:
2103 410 2151 469 Α
2196 477 2209 485 _
2252 407 3762 485 Lamenturnpmnitentizeproindulgentiapeccatorum,

484 505 852 561 Laurentiana:
894 524 990 574 pro
1040 506 1188 572 regio
1225 502 1634 556 bibliothecario
1673 502 1818 555 vices
1852 517 2069 572 gerens,

478 606 536 649 ut
581 607 808 651 testatur
836 598 951 664 ipse
979 596 1155 648 verbis
1200 608 1253 647 c.
1284 593 1355 646 45
1384 591 1682 647 referendis
1704 630 1721 656 ,
1759 608 1881 646 cum
1907 592 1974 647 de
2002 607 2070 648 eo

484 685 681 739 Codice
710 684 1022 737 Florentino
1049 689 1359 736 sermonem
1390 683 1688 735 instituam.

547 773 603 826 5.
660 771 825 825 Hiror
853 780 1030 824 tamen
1061 786 1091 823 a
1122 770 1353 841 Bayerio
1380 771 1620 823 laborem
1650 774 1807 822 istum
1829 784 1987 823 suum
2013 771 2066 825 in

474 869 585 915 not.
634 858 703 913 ad
753 859 1009 913 Bihlioth.
1058 869 1162 913 vet.
1197 859 1349 929 Hisp.
1401 859 1562 914 fuisse
1603 860 1817 913 silentio
1847 870 2067 928 praeter-

472 949 713 1003 missum.
764 948 1167 1002 Commemorat
1197 948 1285 1001 ille
1313 947 1531 1015 quidem
1574 948 1627 1000 in
1672 957 1785 1001 not.
1819 947 1886 1000 ad
1916 964 2060 1002 num.

472 1036 577 1091 102
598 1036 687 1090 lib.
714 1053 746 1088 v
769 1051 892 1105 cap.
917 1034 971 1098 4,
995 1050 1054 1088 se
1075 1034 1141 1088 ad
1169 1049 1369 1087 annum
1398 1031 1536 1085 1752
1560 1033 1815 1088 Codicem
1846 1032 2065 1103 Etyma-

470 1128 732 1196 logiarum
770 1125 1089 1179 Toletanum
1121 1122 1301 1178 surculi
1326 1139 1379 1177 ιχ
1406 1131 1498 1178 aut
1529 1124 1762 1177 ineuntis
1788 1140 1842 1189 x,
1868 1123 2060 1176 alium-

466 1233 572 1284 que
601 1218 727 1271 item
772 1215 1052 1285 antiquum
1080 1214 1374 1268 contulisse
1402 1228 1523 1267 cum
1564 1212 1750 1267 Grialii
1774 1212 1921 1267 edito
1949 1229 1963 1263 :
1996 1228 2063 1265 ea:

466 1325 568 1377 qua
608 1307 803 1369 labore,
854 1306 1045 1374 inquit,
1099 1322 1201 1359 non
1248 1304 1543 1375 pamitenda
1583 1304 1708 1357 mihi
1748 1304 2060 1357 variantium

464 1400 738 1451 lectionum
778 1396 1021 1448 succrerit
1062 1410 1226 1464 seges.
1278 1394 1348 1446 At
1393 1408 1513 1446 cum
1558 1393 1609 1445 in
1650 1400 1765 1446 not.
1808 1391 1875 1446 ad
1905 1406 2056 1446 num.

464 1489 567 1543 139
597 1489 666 1543 de
697 1503 827 1541 mss.
857 1486 1149 1541 Codieibus
1178 1485 1543 1551 Quaestionum
1590 1485 1641 1538 in
1672 1484 1840 1539 Vetus
1868 1483 2057 1539 Testa—

462 1584 699 1630 mentum
747 1588 1052 1630 sermonem
1096 1573 1344 1635 instituit,
1391 1573 1586 1641 quinos
1628 1571 1857 1628 Codices
1888 1571 2055 1626 Escu-

461 1669 722 1723 rialenses
763 1666 984 1732 indicat,
1017 1666 1085 1721 de
1132 1664 1406 1719 Toletanis
1436 1679 1563 1721 vero
1591 1679 1659 1719 ne
1688 1664 1911 1719 verbum
1942 1663 2057 1733 qui-

458 1759 581 1813 dem
606 1759 776 1813 ullum
806 1758 952 1857 facit.
998 1756 1111 1857 [nmo
1139 1771 1319 1857 neque
1342 1756 1929 1857 andreas-Burrielius,
1960 1758 2053 1857 qui
2091 1774 2135 1834 Β
2163 1798 2243 1855 οε
2267 1817 2398 1856 nam
2418 1803 2641 1857 editione
2667 1756 2717 1855 ἶ)

462 1866 589 1907 mss.
620 1850 954 1920 exemplaria
1000 1848 1259 1903 Toletana
1300 1847 1491 1903 lsidori
1531 1850 1941 1920 diligentissime
1972 1851 2052 1905 in-

457 1944 752 2012 vestigarat
780 1950 837 1997 et
864 1942 1228 2009 consuluerat,
1251 1938 1504 1997 Codicem
1533 1942 1701 1997 ullum
1732 1943 1915 2009 refert,
1945 1959 2053 2015 quo

456 2032 793 2097 Quaestioncs
819 2031 874 2085 in
906 2030 1072 2086 Vetus
1116 2028 1519 2085 Testamentum
1561 2032 1962 2098 contineantur,
1994 2042 2053 2086 ut

454 2136 525 2173 ex
572 2120 689 2188 ejus
737 2120 969 2188 epistola
1020 2133 1144 2173 mox
1188 2118 1506 2189 proferenda
1553 2118 1891 2176 manifestum
1936 2120 2047 2177 ﬁet.

456 2210 644 2264 Varias
683 2219 864 2265 autem
915 2208 1178 2264 lectiones
1204 2223 1273 2263 ex
1320 2209 1487 2264 veteri
1512 2209 1743 2266 Gothico
1787 2209 2051 2267 Toletano

458 2301 921 2374 Etymologiarum
971 2301 1110 2357 libro
1160 2318 1190 2356 a
1247 2300 1475 2373 Bayerio
1530 2304 1787 2360 collectas
1838 2305 2043 2369 luisse,

457 2392 845 2461 Rodriguezius
863 2393 933 2449 de
960 2392 1154 2448 Castra
1186 2401 1316 2448 tom.
1342 2393 1383 2447 Il
1415 2393 1550 2450 Bibl.
1578 2395 1753 2467 llisp.,
1778 2411 1898 2467 pag.
1923 2398 2045 2465 512,

456 2481 509 2536 in
537 2490 647 2538 not.
678 2482 988 2537 conlirmat.

450 2564 457 2573 ’
524 2576 579 2629 4.
611 2572 884 2641 Quoniam
924 2588 1055 2629 vero
1099 2574 1270 2629 multo
1307 2586 1433 2631 ante
1471 2575 1765 2633 Casiniirus
1808 2576 2049 2634 Oudinus

450 2668 520 2724 de
549 2668 750 2738 Script.
800 2666 1074 2724 ecclesiat.
1111 2676 1242 2724 tom.
1288 2668 1333 2736 l,
1364 2668 1468 2724 col.
1514 2667 1673 2733 1585,
1719 2669 2045 2738 peculiarem

455 2760 890 2816 dissertationem
916 2759 1086 2815 edidit
1112 2758 1182 2815 de
1202 2759 1428 2830 Scriptis
1456 2759 1513 2813 S.
1547 2760 1734 2815 lsidori
1762 2759 2050 2827 Hispalam

452 2854 547 2918 sis,
582 2853 633 2907 in
664 2867 769 2923 qua
801 2850 1046 2907 ordinem
1069 2851 1312 2906 exhibuit
1337 2866 1498 2921 quem
1527 2851 1581 2906 in
1603 2865 1827 2921 operum
1857 2851 2044 2907 lsidori

454 2943 694 2997 editione
748 2942 953 2997 servari
1010 2940 1125 3011 ipse
1171 2948 1425 3010 cuperet,
1481 2939 1641 3010 quale
1688 2939 1850 2994 fuerit
1899 2940 2043 2995 docti

453 3032 613 3099 hujus
651 3029 973 3086 heterodoxi
1017 3029 1103 3084 vel
1145 3036 1405 3100 apostatte
1444 3029 1622 3099 potius
1667 3028 1923 3099 judicium
1963 3030 2044 3085 vi-

449 3122 696 3176 deatnus.
758 3170 770 3182 ,

451 3234 613 3305 305
646 3233 789 3288 Ordo
821 3230 1049 3303 Operam
1071 3231 1131 3288 S.
1166 3230 1362 3286 lsidori
1412 3230 1741 3302 Hispalensis
1792 3232 2037 3303 episcopi.

519 3343 569 3397 5.
592 3343 901 3415 Driginum,
934 3344 1049 3399 sive
1076 3342 1539 3415 Etymologiarum
1582 3342 1703 3397 libri
1732 3344 1940 3415 viginti.

518 3413 966 3478 Dill'erentiarum,
998 3428 1095 3469 seu
1149 3413 1217 3468 de
1271 3413 1602 3482 proprietate
1630 3414 1895 3469 sermonis
1918 3414 2040 3470 libri

448 3495 558 3539 tres
587 3485 775 3540 ordine
800 3484 1076 3555 praedicto.
1098 3482 1339 3555 (Scilicet
1360 3483 1586 3555 primum
1620 3482 1755 3555 liber
1783 3483 2039 3555 alphabe—

442 3556 580 3610 ticus
617 3552 926 3619 verborum,
960 3552 1157 3608 deinde
1196 3552 1331 3607 liber
1375 3552 1662 3606 verborum
1692 3553 1808 3607 sine
1840 3552 2040 3609 ordine

441 3624 805 3694 al'pliabetico,
832 3633 944 3679 tum
967 3623 1100 3678 liber
1121 3620 1551 3694 Dillerentiarum
1574 3624 1799 3694 rerum.)

514 3696 589 3749 De
615 3690 814 3750 Natura
861 3709 1067 3760 rerum,
1092 3693 1204 3748 sive
1265 3692 1334 3747 de
1378 3690 1581 3747 mundo
1617 3691 1686 3745 ad
1729 3690 2036 3748 Sisebutum

448 3779 629 3821 regem
638 3803 653 3817 .

512 3832 673 3888 Liber
711 3832 1104 3892 Prommiorum
1128 3833 1196 3890 de
1226 3832 1377 3889 libris
1421 3832 1629 3888 Veteris
1654 3841 1709 3888 et
1734 3830 1873 3889 Novi
1904 3831 2035 3888 Tes-

448 3904 692 3957 tamenti.

510 3972 669 4028 Liber
696 3973 1085 4045 Alienoriarum
1111 3989 1277 4030 sacrae
1297 3974 1589 4045 Scriptum
1632 3972 1701 4028 de
1727 3972 2035 4028 nominibus

442 4043 650 4099 Veteris
680 4055 735 4099 et
763 4044 897 4100 Novi
936 4044 1288 4101 Testamenti.

509 4115 893 4169 Commentarii
944 4116 1134 4170 breves
1183 4116 1237 4168 in
1286 4113 1453 4168 libros
1506 4111 1793 4167 historicos
1820 4110 2032 4167 Veteris

440 4182 792 4248 Testamenti,
818 4184 1092 4248 Genesim,
1124 4192 1233 4236 etc.

510 4253 933 4316 Sententiarum,
964 4255 1078 4307 sive
1098 4251 1164 4304 de
1178 4265 1387 4304 summo
1415 4250 1586 4315 Bono,
1618 4248 1737 4304 libri
1768 4257 1900 4306 tres.

515 4323 655 4375 Libri
687 4322 794 4375 (lno
826 4329 1010 4376 contra
1033 4320 1326 4388 nequitiam
1354 4319 1683 4373 Judmorum.

512 4391 656 4443 Libri
686 4392 793 4446 duo
819 4390 887 4444 de
918 4390 1109 4445 oﬂlciis
1125 4387 1329 4443 divinis
1357 4406 1452 4444 seu
1481 4387 1879 4444 ecclesiasticis.

513 4460 748 4540 Epistola
783 4457 1250 4540 [adulandifredum
1277 4459 1681 4515 Cordubensem
1708 4460 2019 4530 episcopum

438 4528 505 4584 de
536 4528 719 4586 iisdem
742 4529 947 4586 olftciis.

509 4599 958 4671 Synonymorum,
991 4599 1104 4657 sive
1159 4598 1583 4669 Soliloquiorum
1624 4597 1748 4653 libri
1798 4598 1906 4653 duo
1954 4598 2021 4653 ad

443 4669 783 4726 Draulionem
820 4671 1280 4725 arehidiaeonnm.

507 4740 706 4808 Regula
747 4742 1134 4795 monachorum
1184 4740 1451 4811 capitibus
1490 4738 1562 4793 24
1609 4739 1865 4795 distincta
1919 4754 2018 4809 pro

476 4811 625 4863 atria:
654 4826 775 4865 usu.

438 4825 805 4934 pagi‘vig'ét
833 4888 1006 4935 morte
1056 4889 1362 4935 sanctorum
1400 4880 1489 4949 qui
1542 4879 1653 4935 Deo
1678 4879 2018 4949 placuerunt,

433 4949 546 5003 sive
576 4949 642 5002 de
670 4960 788 5002 ortu
816 4958 870 5003 et
897 4949 1047 5002 obitu
1079 4949 1314 5004 Patrum.
1434 4978 1439 4981 λ

507 5020 671 5089 Liber
692 5017 761 5089 de
778 5018 1139 5089 Scriptoribus
1184 5020 1563 5076 ecclesiasticis
1618 5035 1739 5075 cum
1788 5018 2021 5089 Supple-

432 5098 618 5160 mento
640 5087 703 5160 8.Δ
728 5086 1251 5160 lldefoitsiToletani
1272 5091 1683 5160 archiepisc0pi.

504 5158 821 5229 Clironicon
844 5160 909 5229 ab
933 5157 1083 5212 initio
1104 5161 1287 5229 mundi
1338 5157 1507 5229 usque
1533 5160 1599 5229 ad
1631 5174 1829 5229 annum
1860 5157 2019 5229 quin:

433 5237 545 5350 ὣιέ
606 5226 913 5282 Suintillani
961 5229 1102 5297 regis
1179 5226 1503 5294 Gothorum,
1550 5228 1754 5282 Christi
1806 5226 2019 5282 Domini

505 5365 741 5423 Historia
766 5366 1089 5434 Gothorum,
1112 5368 1413 5423 Suevorum
1441 5376 1497 5422 et
1524 5368 1888 5423 Vandalorum
1912 5384 1925 5436 ;
1950 5382 2019 5423 ex

434 5436 671 5492 editione
698 5446 876 5493 tamen
907 5438 1213 5504 Labbeana,
1243 5453 1401 5506 quam
1424 5438 1841 5506 designavimus.

507 5506 695 5562 Pauca:
724 5506 1013 5562 admodum
1037 5517 1092 5561 et
1117 5508 1311 5562 breves
1344 5510 1588 5577 quaedam
1612 5509 1875 5578 epistolae.

897 5597 1168 5668 Append'x
1194 5598 1527 5652 incertorum.

508 5682 564 5755 ἢ.
595 5684 912 5755 Exhortatio
934 5686 1226 5755 pmnitendi
1279 5701 1400 5740 cum
1436 5687 1808 5743 consolatione
1830 5696 1886 5743 et
1910 5688 2021 5741 mi-

441 5753 729 5809 sericordis
748 5757 859 5822 Dei,
880 5753 948 5813 ad
964 5756 1196 5810 animam
1211 5755 1387 5812 futura
1406 5756 1605 5826 judicia
1620 5757 2016 5815 formidantem.

2177 477 2374 549 duplici
2430 477 2718 549 alpha'beto
2746 477 3033 549 digestum,
3064 491 3121 536 et
3173 477 3465 538 trochaieis
3494 477 3760 543 versibus.

2293 549 2428 627 ratio
2457 550 2662 627 prolixa
2715 552 2785 603 ad
2830 550 3007 606 ﬂenda
3050 566 3267 621 semper
3295 560 3513 621 peccata
3544 556 3612 610 ad
3643 572 3764 613 cor-

2175 620 2474 671 rectionem
2501 620 2644 673 vitae.
3056 663 3062 668 .

2244 684 2429 741 Oratio
2452 688 2626 743 brevis
2654 697 2840 744 contra
2874 688 3093 745 insidias
3122 688 3343 747 diaboli.

2244 754 2404 809 Liber
2420 756 2486 809 de
2512 758 2702 812 ordine
2729 766 3120 813 creaturarum.

2240 823 2673 881 Commentarius
2694 827 2747 881 in
2770 826 3053 884 Canticum
3082 829 3438 887 canticorum.

2598 920 2877 991 Appendix
2897 922 3303 991 suppositarum.

2242 1007 2292 1084 7_.
2325 1006 2402 1062 De
2425 1006 2678 1084 conﬂictu
2725 1011 2983 1084 vitiorum
3014 1020 3070 1065 et
3094 1013 3373 1084 virtutum,
3405 1016 3496 1084 qui
3528 1017 3761 1074 Ambro-

2166 1077 2228 1131 sii
2252 1079 2493 1157 Autperti
2522 1088 2621 1133 est.
2652 1107 2723 1157 -_-
2752 1078 3004 1157 Epistola:
3030 1099 3121 1157 :-_r
3135 1082 3200 1136 ad
3216 1077 3516 1157 Massonem
3529 1086 3594 1157 de
3608 1088 3763 1157 lapsu

2165 1148 2463 1220 sacerdotis
2486 1158 2538 1202 et
2565 1150 2912 1220 restitutione
2932 1160 3055 1219 post
3083 1150 3408 1220 lapsum.—
3462 1155 3541 1208 Ad
3590 1148 3757 1211 Clau-

2164 1216 2315 1301 dium
2344 1216 2556 1301 ducem.
2598 1220 2773 1301 :_Ad
2808 1216 3162 1301 Redemptum
3190 1222 3655 1281 archidiaconum.
3690 1257 3757 1266 —-

2166 1284 2243 1337 Aul
2277 1284 2570 1353 Eugenium
2601 1288 2918 1341 Toletanum
2944 1284 3279 1360 episcopum.

2233 1395 2286 1448 8.
2317 1395 2413 1451 Hic
2441 1406 2525 1451 est
2544 1397 2676 1453 ordo
2704 1414 2865 1467 quem
2890 1397 3133 1456 Oudinus
3158 1402 3211 1457 in
3232 1403 3477 1472 proxima
3507 1408 3754 1463 omnium

2160 1483 2349 1539 lsidori
2371 1484 2606 1555 Operum
2636 1488 2875 1543 editione
2929 1492 3133 1546 servari
3157 1493 3411 1562 cupiebat
3441 1513 3455 1548 :
3487 1498 3580 1565 qui
3608 1512 3745 1553 sane

2160 1573 2215 1626 in
2244 1573 2425 1629 multis
2451 1590 2573 1630 cum
2593 1591 2659 1632 eo
2690 1578 2944 1633 convenit
2967 1594 3127 1649 quem
3155 1581 3288 1637 mihi
3319 1586 3649 1656 przescripsi.

2661 1692 2824 1762 305
2850 1690 3078 1747 CAPUT
3129 1692 3242 1749 XL.

2722 1820 2897 1872 perum
2950 1802 3011 1858 S.
3066 1802 3262 1859 lsidori
3302 1806 3609 1861 adornanda
3638 1812 3751 1863 Att-

2227 1873 2367 1945 dren;
2406 1871 2646 1945 liurrielii
2692 1871 2910 1945 gansilia
2964 1882 3016 1945 et
3068 1875 3273 1945 erudita
3318 1878 3557 1945 epistola.
3628 1879 3750 1933 Alia

2238 1941 2296 1994 V.
2326 1941 2385 1995 C.
2420 1942 2563 1996 Petri
2590 1942 2653 1996 de
2681 1942 2863 1997 Castra
2892 1944 3108 2012 epistola
3134 1944 3204 1997 ad
3230 1941 3429 2000 Franc.
3461 1948 3751 2002 Antonium

2224 2012 2268 2065 Ζ
2271 2012 2556 2067 accariam.

2224 2120 2273 2174 1.
2308 2120 2623 2177 Franciscus
2653 2121 2901 2191 Rabagus
2920 2121 3046 2178 Soc.
3077 2123 3225 2189 Jesu,
3262 2126 3344 2179 vir
3369 2128 3584 2196 egregie
3614 2130 3749 2185 doc-

2154 2219 2261 2277 tus,
2283 2222 2339 2266 ut
2390 2212 2587 2281 scripta
2653 2212 2770 2280 ejus
2822 2221 3109 2277 testantur,
3143 2214 3401 2269 doctrina:
3430 2232 3557 2271 vero
3604 2218 3749 2274 inter

2152 2305 2417 2376 Hispanos
2466 2306 2723 2375 augenda:
2771 2306 3212 2372 studiosissimus,
3244 2308 3371 2363 dum
3426 2310 3747 2368 confessarii

2150 2414 2345 2454 munus
2407 2399 2549 2469 apud
2604 2397 2997 2453 Ferdinandum
3050 2396 3113 2451 Vl
3169 2397 3507 2454 Catholieum
3558 2416 3744 2469 regem

2148 2493 2414 2560 exercuit,
2442 2507 2564 2547 cum
2614 2492 2780 2546 multa
2810 2492 2912 2545 alia
2940 2492 3254 2546 litteratum
3284 2490 3530 2561 Hispana:
3571 2496 3747 2549 utilis-

2148 2581 2283 2635 sima
2346 2581 2488 2649 regis
2536 2582 2858 2635 auctoritate
2888 2581 3070 2650 peragi
3118 2582 3349 2647 curavit,
3374 2590 3485 2635 tum
3521 2583 3654 2638 illud
3687 2586 3741 2639 in

2148 2669 2336 2739 primis
2365 2668 2508 2737 quod
2544 2668 2853 2739 peritissimi
2902 2669 3149 2724 homines
3178 2678 3356 2724 vetera
3384 2670 3743 2740 insigniorum

2148 2757 2495 2813 ecclesiarum
2525 2756 2915 2813 cathedralium
2941 2758 3199 2813 tabularia
3245 2758 3533 2829 diligenter
3585 2762 3739 2818 inve-

2146 2846 2490 2918 stigare'jussi
2503 2857 2648 2915 sunt,
2664 2858 2720 2902 ut
2732 2848 3104 2918 antiquissima
3118 2864 3343 2919 quaeque
3360 2863 3738 2922 monumenta,

2146 2939 2339 3009 quibus
2358 2938 2546 3007 religio
2569 2946 2662 2993 aut
2689 2939 2910 2994 historia
2937 2938 3192 2995 illustrari
3222 2951 3425 3010 posset,
3447 2959 3479 2999 e
3502 2947 3742 3002 tenebris

2146 3027 2199 3082 in
2233 3030 2400 3084 lucem
2430 3029 2845 3083 v'ndicarentur.
2879 3029 2960 3082 An
2980 3029 3120 3084 lreas
3164 3029 3371 3086 Burriel
3432 3048 3498 3087 ex
3544 3036 3737 3090 eadem

2067 3152 2115 3215 ο
2144 3120 2429 3186 societate,
2455 3120 2791 3175 avidissimus
2844 3129 2900 3175 et
2942 3121 3327 3179 solertissimus
3397 3127 3738 3195 antiquitatis

2146 3212 2343 3277 cultor,
2368 3211 2435 3265 ad
2464 3212 2707 3267 ecclesia:
2730 3210 3001 3266 Toletanaz
3026 3213 3266 3267 omnium
3298 3214 3737 3286 Hispaniensium

2143 3300 2507 3356 celeberrimae
2581 3302 2903 3358 tabularium
2986 3304 3363 3360 excutiendum
3427 3307 3736 3365 destinatus

2143 3389 2244 3445 fuit
2269 3407 2280 3443 :
2314 3391 2397 3446 cui
2422 3390 2600 3446 socius
2627 3390 2837 3446 additus
2867 3399 2951 3446 est
2995 3390 3311 3449 Franciscus
3340 3392 3504 3449 Perez
3529 3397 3736 3469 Bayer,

2143 3496 2252 3537 non
2275 3480 2565 3537 obscurum
2593 3482 2645 3535 in
2673 3483 2808 3537 orbe
2831 3481 3094 3538 litterario
3118 3499 3330 3537 nomen.

2210 3572 2265 3626 ‘2.
2322 3570 2561 3625 Meminit
2610 3570 2771 3641 hujus
2828 3573 2903 3626 rei
2960 3573 3075 3642 ipse
3127 3573 3387 3645 Bayerius
3436 3576 3489 3630 in
3518 3587 3635 3633 nut.
3665 3580 3737 3633 ad

2140 3663 2277 3719 Bibl.
2313 3663 2434 3719 Vel.
2466 3662 2617 3734 Hisp.
2647 3664 2739 3719 lib.
2772 3680 2849 3732 ιιι,
2882 3679 3001 3735 cap.
3034 3665 3090 3731 5,
3123 3683 3176 3721 ιι.
3210 3666 3297 3733 69,
3324 3669 3410 3722 ubi
3433 3668 3498 3724 de
3529 3670 3734 3727 Codice

2138 3774 2239 3812 ms.
2272 3756 2545 3813 Dracontii
2572 3758 2651 3812 sic
2681 3757 2847 3812 refert
2895 3776 2907 3811 :
2942 3756 3190 3823 Contulit,
3217 3769 3267 3813 et
3316 3763 3575 3814 variantes
3624 3764 3735 3816 lec-

2138 3849 2302 3901 tiones
2331 3849 2594 3901 annotavit
2623 3846 2702 3901 σι.
2735 3848 2952 3915 amicus,
2974 3851 3095 3902 etin
3120 3851 3423 3920 colligendis
3464 3869 3492 3905 e
3516 3854 3733 3908 charta-

2135 3938 2375 4009 phylacia
2404 3950 2453 3992 et
2470 3939 2775 3994 bibliotheca
2797 3941 3134 3995 illustrissimi
3155 3941 3536 3997 Canonicorum
3577 3945 3733 4000 Tole-

2137 4040 2375 4083 tanarum
2410 4031 2635 4101 collegii,
2665 4047 2779 4101 qua:
2806 4032 2857 4084 in
2900 4034 3125 4100 patriam
3172 4033 3441 4087 historiam
3490 4039 3735 4105 conferre

2133 4129 2364 4189 possent,
2388 4121 2750 4185 monumentis,
2775 4122 2974 4189 collega
3004 4121 3126 4175 olim
3147 4138 3289 4174 meus
3317 4124 3553 4177 Andreas
3581 4124 3733 4178 Mar-

2132 4225 2219 4261 t‘tts
2249 4208 2471 4275 Burriel,
2504 4210 2627 4263 Sac.
2654 4210 2774 4262 Jisu
2797 4209 3077 4279 presbyter,
3112 4226 3300 4280 magna
3332 4213 3405 4264 rei
3449 4212 3732 4267 litterariae

2132 4303 2456 4356 damnoante
2478 4318 2641 4355 annos
2669 4303 2864 4372 aliquot
2884 4312 3201 4367 praematura
3232 4313 3404 4356 marte
3434 4306 3681 4372 abreptus
3710 4321 3730 4358 :

2130 4409 2259 4463 quas
2308 4409 2424 4445 cum
2468 4392 2709 4455 plurimis
2752 4392 2983 4462 ejusdem
3029 4393 3271 4455 stupendi
3314 4392 3471 4460 plane
3533 4392 3732 4447 laboris

2130 4495 2281 4557 atque
2316 4484 2589 4537 industria:
2611 4482 2792 4553 fetibus
2816 4485 2870 4536 in
2899 4483 3096 4552 regiam
3128 4482 3489 4536 bibliothecam
3542 4483 3733 4537 Matri.
3786 4468 3791 4473 ’

2132 4587 2323 4631 (ensem
2342 4585 2519 4646 postea
2533 4575 2731 4629 delatas
2757 4574 3204 4645 catagraphosque
3225 4574 3296 4625 ad
3318 4589 3529 4627 manum
3543 4575 3727 4629 habeo.

2196 4668 2254 4721 5.
2296 4667 2461 4737 Igitur
2482 4665 2795 4727 Burrielius,
2826 4680 2947 4719 eum
2972 4664 3273 4719 studiorum
3304 4679 3530 4718 suorum
3560 4666 3729 4719 ratio-

2127 4775 2251 4816 nem
2274 4758 2495 4827 Babago
2520 4758 2791 4820 redderet,
2820 4756 2888 4810 de
2919 4754 2976 4810 S.
3006 4756 3211 4810 Isidoro
3242 4755 3484 4823 loquitur
3532 4755 3728 4811 litteris

2128 4852 2417 4922 llispanice
2462 4849 2676 4920 scriptis
2731 4847 2907 4903 Toleti
2956 4846 3029 4901 22
3064 4846 3374 4902 Decembris
3402 4847 3529 4901 anni
3564 4847 3723 4916 1⁸1Ξὶ2,

2125 4957 2353 5012 quarum
2382 4940 2703 4995 sententiam
2729 4938 2923 4994 Latine
2951 4937 3144 4993 reddo.

2199 5030 2513 5099 Excerptum
2534 5044 2599 5082 ea:
2627 5027 2867 5081 Burrielii
2897 5027 3117 5095 epistola
3148 5028 3216 5081 ad
3252 5026 3314 5082 Ρ.
3352 5027 3650 5099 Rabaguns.

2194 5122 2250 5177 4.
2292 5140 2310 5173 ι
2344 5120 2607 5186 Quoniam
2636 5118 2695 5174 S.
2723 5117 2961 5173 Isidorus
3010 5117 3275 5187 Hispania:
3302 5128 3503 5173 nostra:
3532 5118 3724 5173 doc'or

2127 5223 2210 5269 est
2233 5212 2639 5275 celeberrimus,
2663 5220 2716 5265 et
2735 5209 2851 5278 ejus
2864 5209 3040 5280 Opera
3066 5210 3117 5264 in
3141 5210 3347 5265 duabus
3368 5210 3718 5275 editionihus,

2126 5302 2409 5358 Breuliana
2439 5310 2495 5356 et
2521 5300 2669 5368 regia
2708 5297 3027 5363 Matritensi,
3059 5300 3177 5354 sine
3204 5308 3449 5354 extrema
3478 5316 3645 5355 manu
3667 5310 3717 5354 et

2126 5392 2361 5465 politiori
2384 5390 2552 5455 cultu,
2588 5403 2707 5459 qua:
2734 5397 2977 5458 tempora
3036 5399 3219 5442 nostra
3256 5390 3418 5459 307
3453 5387 3721 5457 ﬂagitant,

2126 5496 2323 5539 excusa
2354 5478 2587 5543 fuerunt,
2615 5476 2856 5547 quaedam
2894 5476 3013 5546 ejus
3043 5493 3206 5547 opera
3229 5494 3351 5532 cum
3391 5493 3525 5533 mss.
3553 5477 3719 5534 Codi-

2122 5577 2277 5631 cibus
2304 5572 2396 5643 qui
2452 5572 2539 5627 hic
2585 5578 2933 5625 asservantur
2980 5570 3175 5626 collata
3220 5579 3388 5634 sunt,
3420 5572 3713 5640 przesertim

2125 5662 2585 5734 Etymologiarum
2618 5660 2737 5715 libri
2769 5674 2892 5714 cum
2920 5659 3129 5716 duobus
3157 5658 3405 5716 Gothieis
3433 5662 3713 5731 exempla-

2123 5757 2291 5821 ribus,
2320 5768 2548 5825 quorum
2599 5751 2828 5809 alterum
2882 5751 3108 5809 fortasse
3146 5762 3271 5810 ante
3306 5751 3630 5809 Maurorum
3660 5752 3709 5806 is
