4030 6186
320 286 414 340 εει

1338 294 1747 355 ISIDORIANA.
1788 330 1857 340 —
1896 299 2071 359 PARS
2110 304 2148 359 I.
2188 303 2339 361 CAP.
2383 304 2493 363 XL.

3482 325 3588 379 9η

321 399 619 471 Hispaniam
660 400 1005 471 irruptionem
1048 413 1326 459 exaratum
1364 414 1477 473 est;
1501 416 1749 464 neutrum
1800 424 1894 465 au-
1925 416 1969 474 Α
2005 411 2239 485 Epistula
2292 416 2363 470 ad
2409 418 2688 473 monachos
2742 418 3102 479 Benedierinos
3177 434 3589 500 congregationis

320 502 421 548 tem
449 490 515 545 ab
540 487 732 546 Isidari
756 490 1054 548 editoribus
1098 493 1499 553 Matritensibus
1551 500 1894 555 observatum

318 580 432 637 fuit.

368 669 430 738 ,5.
466 689 485 723 ι
520 670 753 726 Exstant
805 673 858 728 in
908 674 1008 731 hac
1062 675 1384 732 bibliotheca
1436 677 1605 733 Biblia
1645 678 1896 734 editionis

314 761 533 829 vulgata:
554 760 832 818 volumine
878 764 1011 819 satis
1066 779 1274 833 crasso,
1305 775 1361 820 et
1409 767 1578 821 tribus
1631 767 1895 824 columnis

310 859 525 907 exarata
552 869 565 904 :
598 865 723 920 que
750 852 991 909 Mariana
1039 854 1093 909 in
1137 856 1297 926 epist.
1330 856 1567 911 dedicat.
1585 856 1889 911 Comment.

310 945 435 999 Navi
460 943 816 1013 Testamenti,
840 956 897 1001 et
925 948 975 1001 in
1006 948 1165 1018 epist.
1214 948 1386 1005 dedic.
1410 951 1477 1004 ad
1507 950 1654 1005 card.
1689 950 1891 1006 Bellar-

308 1038 497 1092 minum
537 1036 848 1093 Comment.
911 1038 1121 1095 Veteris
1174 1039 1549 1111 Testamenti,
1600 1052 1888 1112 antequam

308 1121 463 1177 Mauri
493 1121 784 1194 Hispanias
833 1126 1175 1194 invasissent,
1204 1128 1310 1184 hac
1337 1137 1422 1184 est
1451 1140 1581 1184 ante
1608 1129 1759 1187 mille
1784 1145 1885 1184 an-

304 1227 393 1271 nos
412 1214 617 1285 scripta
657 1214 822 1272 fuisse
843 1217 1075 1273 censuit.
1129 1218 1521 1276 Inmstimabilis
1540 1220 1631 1277 hic
1651 1220 1833 1277 Codex
1854 1236 1887 1276 a

301 1303 355 1359 S.
387 1304 613 1375 lsidoro,
637 1314 696 1360 ut
716 1314 883 1378 patet,
914 1309 981 1363 ad
1021 1324 1177 1366 usum
1223 1312 1576 1367 ecclesiarum
1616 1312 1885 1383 Hispania:

300 1394 568 1451 ordinatus
618 1397 738 1452 fuit.
786 1387 1042 1469 Singulas
1096 1402 1263 1459 libras
1308 1412 1506 1473 praeter
1560 1404 1881 1480 Hieronymi

299 1487 571 1558 prologum
602 1488 742 1544 alius
769 1489 826 1545 S.
859 1489 1051 1547 lsidari
1082 1494 1361 1563 praecedit,
1389 1503 1445 1550 et
1482 1496 1724 1565 singulas
1748 1512 1879 1567 pra-

296 1577 477 1647 phetas
503 1577 742 1649 elogium
782 1580 1123 1652 historicum,
1144 1585 1290 1653 quod
1336 1585 1390 1639 in
1444 1585 1583 1642 libro
1635 1586 1877 1657 ejusdem

294 1663 349 1719 S.
379 1663 584 1731 lsidari,
613 1666 684 1723 de
734 1666 869 1723 Ortu
920 1678 977 1724 et
1018 1670 1238 1727 interitu
1301 1671 1546 1741 Patrum,
1585 1677 1874 1746 reperitur.

296 1755 614 1827 Pervulgata
641 1762 1013 1817 controversia
1057 1772 1160 1829 est,

291 1862 439 1916 opus.
463 1847 747 1918 Equidem,
778 1852 1055 1908 sexcentis
1074 1855 1402 1923 conjecturis
1429 1867 1725 1926 permotus,
1756 1860 1903 1929 opi-.

290 1952 386 1991 nor
435 1936 491 1993 S.
526 1939 813 1997 doctorem
867 1958 930 1999 ea
971 1949 1357 2017 prophetarum
1412 1950 1586 2019 elogia
1635 1954 1872 2022 perscri-

292 2027 469 2095 psisse,
501 2037 563 2083 ut
584 2029 638 2083 in
669 2029 856 2088 Bibliis
877 2049 943 2088 ea
971 2035 1195 2104 singulis
1225 2038 1503 2108 prophetis
1538 2039 1871 2110 praefigeret;

289 2118 418 2183 quod
448 2118 639 2174 itidem
668 2119 738 2177 de
765 2123 1004 2193 prologis
1055 2126 1327 2183 existimo.
1364 2128 1433 2183 Ut
1474 2129 1637 2198 igitur
1663 2132 1873 2202 prologi

286 2204 435 2261 simul
457 2207 596 2263 uniti
617 2211 934 2279 opusculum
962 2224 1274 2284 separatum
1319 2216 1713 2275 Prommiorum
1739 2236 1872 2277 ean-

284 2294 473 2365 ﬁciunt,
504 2300 584 2355 ita
632 2302 795 2356 etiam
851 2305 1239 2375 prophetarum
1294 2308 1490 2378 elogia.
1520 2308 1638 2365 Alia
1696 2310 1873 2380 elogia

278 2386 371 2445 SS.
395 2390 628 2461 Virginis
654 2401 712 2450 et
739 2396 1136 2465 apostolorum,
1159 2413 1228 2454 ex
1275 2400 1473 2470 quibus
1527 2402 1698 2456 altera
1742 2418 1869 2472 pars

280 2483 537 2551 opusculi,
569 2486 636 2539 de
682 2481 817 2540 Ortu
868 2495 924 2542 et
978 2486 1203 2545 interitu
1227 2488 1470 2557 Patrum,
1495 2501 1732 2559 constat,
1757 2493 1867 2549 far-

280 2579 412 2627 tasse
458 2574 627 2628 alium
677 2576 747 2631 ab
802 2577 1009 2634 Isidoro
1032 2588 1310 2637 auctorem
1342 2582 1561 2637 habent.
1594 2581 1655 2637 In
1678 2584 1870 2639 eadem

275 2660 465 2718 Codice
488 2662 796 2734 Evangeliis
816 2667 1006 2724 decem
1051 2685 1291 2727 canones
1324 2671 1540 2728 Eusebii
1569 2673 1869 2729 Caesarien-

272 2752 342 2807 sis
389 2768 485 2823 pro
547 2759 1000 2826 evangelistarum
1048 2761 1337 2817 concordia
1410 2766 1812 2835 prmmittuntur
1850 2784 1863 2819 :

270 2860 495 2914 quorum
516 2849 856 2907 harmoniam
880 2852 1114 2909 Isidorus
1140 2854 1192 2908 in
1222 2852 1683 2926 Etymalagiarum
1711 2854 1865 2911 libris

271 2936 505 3003 exponit.
554 2938 695 2995 Ante
748 2939 901 2995 Pauli
958 2943 1216 3013 epistolas
1270 2959 1510 3001 canones
1536 2944 1858 3003 Priscilliani

270 3022 498 3083 breretici
528 3043 559 3081 a
592 3027 884 3099 Peregrina
914 3034 1171 3105 episcopo
1215 3037 1449 3091 correcti
1471 3037 1813 3108 reperiuntur
1839 3057 1853 3092 :

2001 501 2298 559 Parisensis
2348 507 2408 561 S.
2462 506 2639 562 Mauri
2669 524 2821 579 super
2850 511 3157 581 quibusdam
3188 534 3371 582 parum
3408 537 3590 576 cansa-

2000 592 2102 659 nis,
2128 597 2510 662 prwtermissis,
2535 606 2686 667 atque
2715 600 3138 669 improbabilibus
3167 607 3219 659 in
3244 610 3346 662 vita
3376 609 3439 665 S.
3457 610 3586 666 Gre-

1998 683 2131 749 gorii
2158 681 2362 751 Magni,
2394 685 2458 737 ab
2484 688 2607 754 ipsis
2623 688 2906 752 adornata,
2933 701 2980 745 et
3006 693 3060 745 in
3094 703 3231 751 tanta
3253 697 3320 751 IV
3359 697 3585 771 Operam

1995 772 2049 824 in
2081 772 2241 826 lucem
2272 776 2432 840 edita,
2464 781 2679 848 repertis
2697 779 2900 835 Matriti
2913 794 2962 837 et
2988 785 3240 843 Bononia:
3269 790 3428 847 S754.
3447 793 3583 852 lluic

1995 875 2126 930 ergo
2155 863 2408 919 Zaccaria
2436 866 2643 924 litteras
2668 870 2835 934 dedit,
2860 880 2923 927 ut
2948 890 3076 930 mss.
3111 877 3339 936 Codices
3369 881 3584 939 Toleta-

1995 951 2305 1007 noslsidori
2345 964 2438 1009 aut
2465 955 2579 1026 ipse
2600 957 2891 1027 conferret,
2933 971 3027 1018 aut
3078 966 3146 1021 ab
3195 970 3304 1026 a'ia
3348 973 3581 1030 conferri

1993 1049 2224 1095 curaret.
2255 1041 2445 1099 Petrus
2466 1051 2531 1099 ad
2564 1046 2882 1105 Burrielium
2914 1055 3189 1123 negotium
3219 1060 3431 1118 detulit.
3462 1061 3575 1119 Ha-

1994 1130 2096 1185 beo
2118 1147 2285 1201 penes
2305 1150 2391 1189 me
2420 1135 2671 1193 Burrielii
2698 1149 2936 1209 quatuor
2963 1142 3247 1202 familiaria
3270 1150 3337 1204 ad
3365 1149 3582 1209 Petrum

1990 1222 2257 1291 epistolia,
2289 1224 2413 1280 data
2440 1242 2581 1284 anno
2613 1227 2771 1297 1754,
2794 1231 2883 1287 die
2912 1231 2967 1299 3,
2992 1234 3080 1291 die
3107 1235 3141 1289 6
3167 1247 3223 1293 et
3266 1239 3355 1295 die
3386 1240 3452 1294 l3
3476 1242 3580 1299 De-

1988 1315 2239 1381 cembris,
2271 1325 2327 1372 et
2346 1332 2491 1373 anno
2524 1319 2680 1387 I755,
2711 1321 2799 1377 die
2826 1322 2862 1376 ὃ
2887 1322 3147 1381 Januarii.

2058 1424 2113 1481 8.
2140 1426 2339 1483 Harum
2362 1428 2604 1485 brevium
2647 1433 2995 1502 epistolarum
3048 1438 3151 1493 hac
3190 1455 3356 1496 unum
3382 1454 3464 1500 est
3491 1458 3580 1499 ar-

1984 1526 2319 1584 gumentum,
2351 1527 2413 1574 ut
2436 1520 2503 1576 de
2530 1521 2743 1578 ratione
2784 1540 2890 1594 qua
2944 1527 3212 1584 Zacearite
3264 1535 3578 1602 responderi

1982 1614 2171 1674 posset
2224 1607 2543 1663 disseratur.
2566 1610 2861 1668 Burrielius
2904 1619 3198 1686 praemittit,
3229 1621 3331 1677 sibi
3376 1624 3428 1677 in
3453 1626 3575 1679 ani-

1981 1714 2072 1753 mo
2099 1714 2220 1756 esse
2241 1700 2534 1757 editionem
2566 1702 2754 1759 lsidori
2786 1706 2996 1763 meliori
3025 1711 3285 1769 methoda
3312 1714 3573 1782 digestam

1189 1766 1332 1867 ξῖιηθ
1357 1765 1573 1869 ,Πείάοΐί
1613 1768 1875 1869 θὲυειηοθί
1906 1788 1955 1849 Β
1980 1807 2143 1860 quam
2194 1792 2361 1862 Regia
2401 1795 2729 1853 Matritensis
2774 1809 2962 1869 esset,
3016 1818 3048 1859 e
3102 1821 3233 1861 mss.
3283 1808 3575 1868 Cadieihus

1974 1879 2228 1952 Hispanis
2251 1882 2519 1940 adamare
2552 1904 2565 1939 :
2598 1887 2748 1943 addit
2796 1889 2955 1946 facile
3004 1907 3065 1949 se
3127 1894 3393 1952 Zaccaria:
3446 1915 3573 1954 suas

1974 1986 2164 2028 omnes
2208 1974 2263 2028 in
2311 1974 2573 2031 lsidorum
2621 1977 3026 2039 lucubrationes
3080 1999 3487 2057 concessurum,
3524 1993 3568 2046 si

1973 2063 2115 2118 bona
2143 2080 2264 2119 eum
2289 2068 2447 2123 venia
2474 2083 2661 2125 eorum
2703 2086 2736 2126 e
2768 2086 2999 2142 quorum
3044 2078 3303 2147 penderet
3330 2091 3462 2136 nutu
3517 2085 3568 2138 id

1974 2152 2088 2209 fieri
2116 2165 2299 2225 posset
2329 2174 2343 2209 :
2375 2167 2631 2215 caeterum
2659 2160 2878 2219 brevem
2909 2164 3169 2223 Codicum
3200 2184 3329 2224 mss.
3359 2172 3565 2228 deseri-

1973 2243 2234 2315 ptionem,
2265 2246 2308 2301 si
2346 2248 2479 2303 nihil
2503 2249 2648 2305 aliud
2669 2251 2925 2310 Zaeearia
2955 2256 3179 2327 ﬂagitet,
3210 2260 3265 2316 in
3320 2278 3417 2318 sua
3446 2279 3568 2322 esse

1974 2344 2267 2407 potestate,
2300 2346 2360 2392 ut
2405 2354 2529 2395 cum
2578 2340 2831 2400 Zacearia
2876 2351 3261 2407 communicet.
3295 2353 3568 2412 Valuisset

1971 2424 2270 2483 Burrielius
2324 2428 2646 2497 editionem,
2699 2435 2912 2492 collatis
2943 2440 3161 2497 auxiliis
3214 2452 3272 2499 et
3326 2448 3567 2504 consiliis

1969 2516 2084 2571 sive
2115 2517 2169 2571 in
2198 2516 2372 2584 Italia,
2401 2519 2516 2577 sive
2542 2522 2596 2577 in
2626 2522 2881 2596 Hispania
2912 2532 3094 2601 peragi
3146 2552 3165 2587 :-
3190 2534 3288 2591 sed
3312 2536 3560 2605 fortunat,

1969 2621 2089 2676 qute
2119 2615 2246 2663 tunc
2275 2609 2329 2664 in
2351 2612 2501 2667 curia
2549 2613 2786 2685 Ilispana
2832 2619 2935 2675 sibi
2976 2638 3236 2695 prospera
3282 2639 3423 2698 erat,
3454 2647 3563 2689 non

1967 2696 2100 2751 satis
2129 2696 2330 2753 fidebat
2362 2718 2375 2753 :
2408 2710 2574 2772 atque
2597 2715 2826 2764 eventus
2879 2711 2994 2781 ipse
3015 2715 3308 2783 prudentes
3327 2696 3563 2779 hominis

1965 2784 2191 2843 timores
2235 2790 2593 2849 confirmavit.
2618 2795 2954 2867 Agnoseebat
3008 2806 3170 2862 etiam
3217 2809 3561 2870 dillicultates

1964 2891 2085 2947 quae
2109 2878 2164 2933 in
2193 2879 2450 2952 Hispania
2506 2887 2573 2941 ad
2620 2889 2885 2957 ejusmodi
2908 2910 3135 2965 operum
3163 2900 3556 2961 absolutionem

1963 2968 2233 3026 interdum
2277 2987 2592 3033 occurrunt.
2628 2980 2852 3051 Vereor,
2895 2986 3089 3058 inquit,
3146 3007 3217 3047 ne
3258 2996 3400 3051 forte
3437 3000 3556 3054 edi.-

1963 3058 2098 3115 tioni
2148 3070 2302 3117 extra
2355 3064 2667 3137 Hispaniam
2713 3074 3160 3145 impedimentum
3206 3084 3420 3155 aliquod
3453 3105 3551 3160 ap-

267 3132 399 3186 quos
425 3120 494 3175 ab
524 3121 646 3178 aliis
674 3136 1133 3183 cammemaratos
1174 3143 1282 3184 non
1333 3129 1459 3186 novi
1505 3148 1519 3183 :
1561 3131 1742 3201 itaque
1761 3145 1858 3188 eos

267 3206 518 3245 amna“:
578 3231 596 3245 .

2713 3120 2785 3127 -..-
2830 3120 3160 3135 --.....,........
3206 3120 3275 3139 α..
3319 3120 3419 3143 υυυ
3453 3120 3551 3143 αν-

1965 3158 2214 3220 panatur,
2243 3162 2300 3209 et
2349 3155 2403 3210 in
2461 3157 2717 3231 Hispania
2761 3120 2979 3223 interim
3035 3172 3165 3227 nihil
3223 3120 3553 3245 peiliciattir.

265 3206 545 3281 descripsi.
577 3231 596 3264 ι

329 3302 379 3355 6.
413 3303 492 3359 De
517 3308 819 3363 canonibus
849 3308 1186 3377 Priscilliani,
1224 3328 1363 3382 quas
1389 3314 1681 3372 Burrielius
1708 3332 1859 3375 com-

263 3404 543 3459 memorat,
593 3396 764 3451 videri
791 3408 971 3467 potest
991 3401 1265 3459 Fabricius
1320 3405 1374 3459 in
1413 3404 1667 3463 Biblioth.
1696 3410 1858 3465 medii

259 3482 373 3550 :evi,
421 3492 480 3538 et
527 3484 778 3541 Zaccaria
826 3498 956 3543 tam.
988 3492 1030 3545 V
1078 3492 1212 3547 llist.
1264 3495 1429 3551 litter.
1480 3496 1597 3554 Ital.
1646 3515 1767 3572 cap.
1798 3501 1855 3572 9,

260 3585 405 3625 num.
439 3570 499 3639 4,
530 3576 621 3642 qui
664 3590 723 3630 se
761 3577 1010 3645 ignorare
1035 3580 1232 3636 fatetur
1258 3585 1505 3653 quisnam
1544 3570 1727 3644 fuerit?
1753 3570 1855 3648 Pe;

257 3664 507 3730 regr‘nus
536 3663 626 3719 ille
670 3666 957 3738 episcopus
982 3671 1075 3740 qui
1097 3687 1336 3731 canones
1363 3675 1681 3734 I’riscilliani
1728 3697 1854 3738 car-

257 3755 412 3809 rexit.
445 3755 525 3809 Ac
557 3756 786 3814 fortasse
813 3762 1435 3840 pseudanymusauctar
1461 3777 1561 3836 est,
1589 3772 1700 3842 qui,
1730 3790 1852 3831 cum

256 3858 406 3900 suum
438 3862 639 3902 nomen
667 3850 931 3907 occultari
985 3855 1171 3923 vellet,
1203 3857 1477 3931 Peregrini
1523 3878 1720 3921 nomen
1767 3884 1852 3925 as-

257 3936 497 4005 sumpsit,
525 3939 669 4006 quod
725 3940 884 3995 simili
940 3943 1005 3998 de
1043 3960 1206 4001 causa
1237 3948 1373 4004 alios
1401 3967 1686 4023 usurpasse
1714 3973 1850 4014 can-

257 4032 377 4080 stat.
403 4025 769 4086 Burrieliusin
799 4032 992 4090 litteris
1016 4036 1086 4091 ad
1115 4036 1179 4091 D.
1212 4038 1429 4095 Petrum
1450 4043 1519 4099 de
1541 4043 1736 4105 Castra
1763 4049 1852 4107 die

257 4127 309 4169 nt
335 4114 453 4171 Jan.
492 4118 633 4173 1754
664 4137 787 4176 mox
816 4122 1125 4193 afferendis,
1151 4128 1327 4186 adhuc
1356 4134 1579 4203 putabat
1632 4137 1849 4197 Priscil-

254 4205 498 4265 lianihos
519 4227 759 4270 canones
807 4218 949 4288 typis
999 4235 1109 4275 nan
1157 4220 1323 4279 fuisse
1375 4228 1714 4297 exscriptos:
1747 4232 1845 4288 sed

256 4310 344 4352 eos
367 4299 478 4368 jam
493 4301 563 4356 ab
592 4317 736 4359 anno
764 4305 908 4362 I752
928 4308 980 4362 in
1010 4308 1341 4368 Bibliotheca
1365 4312 1683 4373 Pistoriensi
1714 4319 1847 4377 Zac-

256 4390 392 4444 caria
420 4392 753 4461 vulgaverat,
784 4398 870 4451 uhi
898 4400 1278 4458 animadvertit
1307 4406 1526 4462 eosdem
1557 4408 1845 4470 Priscillia-

256 4491 391 4532 tuas
441 4481 610 4553 308
658 4500 897 4541 canones
922 4503 950 4541 a
983 4486 1272 4559 Peregrina
1321 4506 1599 4555 correctos
1628 4511 1844 4560 exstare

255 4564 303 4620 in
325 4566 656 4628 Bibliotheca
690 4574 944 4632 Vaticana
967 4579 1088 4634 cod.
1114 4581 1277 4649 5729,
1306 4583 1446 4651 217;
1477 4588 1705 4646 fortasse
1760 4594 1845 4648 in-

252 4656 433 4728 telligit
457 4662 709 4730 paginam
731 4664 835 4718 2l7
856 4667 1086 4724 Codicis.
1120 4669 1176 4724 In
1206 4670 1633 4734 IaudatisBibliis
1654 4678 1845 4736 Gothi-

253 4749 326 4804 cis
348 4753 589 4808 ecclesia:
614 4754 888 4813 Toletanre
915 4758 1102 4815 deerat
1132 4762 1334 4831 primus
1362 4766 1637 4837 prolagus,
1668 4773 1833 4828 omni-

254 4839 348 4893 bus
390 4844 563 4898 saeris
616 4844 773 4901 libris
826 4850 1150 4919 communis,
1180 4868 1340 4922 quem
1369 4872 1434 4909 ex
1489 4859 1839 4921 celeberrima

252 4928 353 4987 alia
381 4932 585 4991 Codice
614 4938 828 5008 collegii
856 4940 1078 5011 majoris
1135 4946 1524 5017 complutensis
1546 4951 1838 5015 Burrielius

249 5018 475 5079 describi
506 5027 734 5083 curavit.

317 5114 527 5207 7,.‘Past
550 5118 756 5207 litteras
785 5123 855 5178 ad
874 5124 1147 5196 Rabagum
1178 5129 1348 5195 datas,
1374 5132 1590 5191 biennio
1619 5150 1831 5207 exacta,

249 5196 534 5260 Burrielius
563 5206 831 5265 laecaria:
863 5216 1102 5277 nomine,
1135 5219 1227 5286 qui
1281 5221 1570 5279 editionem
1601 5224 1832 5295 Operum

248 5288 302 5342 S.
334 5290 517 5350 IsidOri
538 5299 917 5372 meditabatur,
941 5305 1007 5361 de
1037 5324 1168 5364 mss.
1201 5311 1388 5367 lsidori
1434 5288 1832 5387 exemplaribus

247 5398 360 5446 qua:
403 5384 577 5443 Toleti
630 5406 1057 5465 asservarentur,
1116 5404 1395 5460 consultus
1443 5406 1558 5461 fuit.
1594 5384 1634 5461 Ε
1678 5414 1827 5481 regio

249 5467 623 5543 Hispanorunr
649 5482 842 5553 majori
892 5486 1123 5558 collegia
1172 5490 1518 5560 Bononiensi,
1570 5500 1714 5566 quod
1765 5499 1823 5557 S.

245 5559 532 5623 Clementis
562 5582 924 5645 nuncupatur,
956 5578 1226 5636 Matritum
1268 5595 1492 5641 venerat
1538 5591 1620 5644 vir
1647 5592 1824 5649 clarus

247 5649 429 5709 Petrus
454 5657 522 5713 de
549 5659 737 5718 Castra
750 5665 989 5734 ejusdem
1012 5672 1221 5741 collegii
1239 5675 1503 5745 alumnus,
1530 5696 1670 5736 nunc
1698 5682 1819 5739 llis-

244 5743 469 5809 palcnsis
513 5750 773 5811 ccclesize.
805 5755 1134 5828 Cananicus,
1182 5762 1336 5833 cujus
1380 5743 1553 5823 exstat
1610 5770 1817 5828 erudita

1964 3240 2208 3313 Denique
2232 3246 2394 3319 309
2447 3249 2746 3322 longiorem
2801 3258 3087 3329 epistolam
3139 3269 3406 3333 exaravit,
3430 3286 3552 3341 quae

1962 3334 2032 3390 ad
2061 3335 2371 3395 Zaceariam
2393 3342 2529 3399 mitti
2553 3354 2756 3417 posset.
2783 3348 2856 3405 Ea
2882 3352 3026 3409 edita
3076 3354 3187 3424 jam
3216 3368 3300 3415 est
3347 3376 3376 3415 a
3398 3334 3554 3419 Iase-

1960 3430 2072 3501 pho
2115 3431 2419 3503 Rodriguez
2462 3437 2532 3495 de
2583 3440 2775 3501 Castra
2831 3446 2885 3501 in
2907 3446 3240 3507 Bibliotheca
3310 3453 3548 3526 Ilispana

1960 3521 2124 3578 verba
2155 3521 2393 3581 Isidorus
2444 3543 2461 3581 :
2512 3529 2605 3585 sed
2636 3533 2781 3601 quod
2819 3534 2910 3590 ille
2939 3536 3060 3595 loco
3106 3542 3337 3598 fortasse
3369 3521 3548 3605 aliena

1958 3612 2105 3678 fecit,
2134 3629 2233 3669 nos
2256 3614 2377 3672 loco
2401 3621 2636 3677 maxime
2658 3634 2964 3692 opportuno
2993 3633 3406 3697 pnetermittere
3435 3653 3544 3693 non

1963 3700 2142 3769 decet,
2172 3706 2471 3773 praesertim
2518 3722 2640 3763 eum
2692 3711 2852 3782 digna
2898 3714 2968 3769 sit
3019 3732 3139 3787 quae
3180 3736 3301 3776 cum
3342 3728 3543 3784 exteris

1957 3796 2403 3852 communicetur.
2428 3796 2557 3853 Eam
2585 3801 2749 3870 igitur
2775 3818 2842 3859 ex
2871 3804 3164 3878 Ilispanica
3195 3819 3535 3889 autographa,

1956 3888 2246 3959 exemplari
2283 3890 2363 3946 sic
2392 3890 2635 3947 Latinam
2666 3894 2948 3953 faciebam.

2068 4000 2138 4056 D.
2168 4000 2325 4058 Petro
2356 4002 2420 4058 de
2439 4002 2642 4085 Casya,
2665 4009 2830 4085 amica
2854 4012 3177 4085 charissima,
3212 4020 3461 4085 Andreas,
3486 4078 3489 4083 ,

2524 4075 2728 4132 Burriel
2786 4080 2826 4134 S
2836 4123 2846 4133 .
2908 4082 2977 4137 Β.

2022 4162 2076 4219 9.
2110 4164 2340 4248 bitteras
2394 4176 2512 4248 tuas
2546 4167 2702 4248 simul
2727 4187 2849 4248 e_u_m
2880 4174 2946 4230 iis
2967 4182 3188 4247 quasi).
3211 4162 3533 4248 Franciscus

1951 4232 2217 4319 antonius
2242 4236 2492 4319 zaccaria
2528 4238 2629 4319 _die_
2672 4240 2724 4319 ξ-
2750 4232 3539 4319 Navemb'risviianan—irewadute

1949 4304 2499 4394 deditklibentis‘sitne
2528 4308 2652 4394 legi.
2683 4309 3086 4394 I'iartefartnna
3114 4304 3367 4394 563365

1947 4389 2082 4455 pore
2103 4375 2299 4460 Patres.
2340 4375 2556 4460 Panigaj
2585 4375 2949 4460 'e_t'_Bra_mieri
2978 4405 3008 4444 e
3031 4375 3537 4460 prdiidc’iB'vén'éia

1950 4444 2229 4526 societatis
2271 4444 2438 4538 Jesu,‘_
2460 4444 2585 4538 qui.
2620 4450 2973 4538 l‘llyssipane_
3005 4444 3073 4516 δἐι
3102 4444 3303 4525 1515;.“

1878 4524 1927 4584 υ
1952 4514 2609 4607 ξυεὶ³.ιρ,ξξ,ξφῐιίεέξίηιν
2642 4514 2742 4607 ne
2790 4514 2893 4605 εῖιει-
2946 4514 3532 4607 τεξῼένυῖἷῗαῖιίδέῦἱίῖ

1953 4583 2125 4665 “te”
2158 4585 2700 4678 Menedeme
2728 4594 3052 4678 ηυίιιεμτωε
3071 4583 3539 4678 ίεῑτῇξρίιεῖεῑεέῖξί

1948 4655 2154 4737 rariora
2183 4669 2412 4724 quaeque
2455 4655 2814 4716 monumenta
2854 4655 3185 4725 observanda
3199 4655 3535 4737 ἴεᾞῆἧῖὸῆνά

1945 4722 2077 4807 iiut,
2094 4722 2347 4805 idoneum
2372 4735 2583 4807 tempus
2616 4740 2803 4786 nactus
2831 4750 2972 4801 sum,
3002 4748 3064 4794 ut

1946 4790 2398 4873 .Zaecaria,\quem
2436 4790 2639 4878 optime
2691 4814 2920 4878 narunt,
2957 4790 3531 4878 ioiguiii'EEiFnEEeini

1943 4861 2281 4947 instituerem
2312 4882 2332 4946 :_
2357 4861 2518 4934 atque
2538 4867 2678 4958 adeo
2705 4861 3531 4958 utprudentiamﬁducisuilut'i':
3592 4952 3602 4958 η

1942 4933 2149 5016 netrsis,
2179 4934 2271 5017 qui
2426 4933 2738 5017 pneleetura
2767 4933 3533 5017 sumbibliotliec—aiveutn-ella;

1942 5003 2155 5059 rissimo
2183 5006 2297 5060 viro
2320 5003 2972 5092 Muratariosuhragavit,
3000 5003 3242 5097 under;

1940 5087 2157 5157 remus;
2183 5089 2248 5130 ac
2303 5087 2560 5168 praeterea
2604 5081 2759 5163 inter
2814 5081 2913 5168 nos
2958 5081 3524 5168 cogrerremds',"iﬁii

1935 5143 2274 5237 putissimum
2303 5143 2511 5237 ratipne
2540 5152 2646 5206 tuis
2665 5143 2983 5237 procedam
3000 5143 3526 5237 Viaceavriaupdsttil‘a:

1934 5213 2005 5267 tis
2017 5229 2071 5291 ἢ
2084 5229 2172 5291 me
2199 5217 2512 5291 responderi
2542 5213 2808 5291 oporteat.

2009 5284 2499 5377 igotﬁeup'riitnt’l‘m
2535 5284 2748 5377 gratias
2787 5299 2893 5377 tibi
2942 5315 3005 5355 ex
3038 5305 3203 5377 corde
3230 5320 3331 5375 ago
3374 5310 3523 5377 quod

1934 5355 2079 5413 docti
2108 5355 2506 5441 istius'Jesuitae
2534 5355 2935 5441 lucubrationes
2954 5380 3010 5425 et
3030 5355 3522 5441 pla'uwsus'tamjsin:

1934 5441 2059 5482 cera
2115 5434 2820 5516 etpropensaﬁvoluntate
2875 5434 3199 5516 promovere
3249 5434 3450 5516 satagis
3497 5468 3513 5505 :

1935 5498 2209 5577 communi
2240 5498 2402 5577 etiam
2433 5502 2596 5577 totius
2626 5514 2819 5577 nostra:
2837 5498 3014 5577 gantis
3042 5498 3189 5568 vacet
3216 5498 3518 5577 velleﬁtr’tﬂuti

1932 5580 2109 5634 posse,
2134 5575 2193 5647 ut
2212 5636 2224 5648 .
2242 5568 2416 5623 eidem
2447 5571 2713 5657 Za‘ccaria;
2740 5568 3034 5635 clarissima
3051 5568 3517 5657 memoriis—grati:

1928 5649 2035 5716 que
2060 5636 2225 5728 animi
2248 5650 2558 5728 argumenta
2571 5645 2906 5728 exhiberem,
2923 5650 3067 5728 quod
3082 5636 3512 5728 susroiﬁ‘c'iigh'i.

1928 5705 2132 5789 tinuum
2180 5705 2546 5789 docti-iureque
2588 5705 2907 5789 capiam__ad
2940 5705 3195 5780 'dactaris

1925 5771 2109 5833 lsidori
2165 5780 2360 5851 scripta
2393 5771 2703 5841 illustranda
2756 5771 3393 5857 effunslct'eﬂdea'eve’ri'l'.
