4022 6198
482 326 589 384 155

1205 326 1295 382 AD
1333 324 1562 382 OPERA
1598 324 1656 381 S.
1699 323 1945 382 lSlDORl
1986 321 2421 383 HISPALENSIS
2460 320 2995 380 PROLEGOMENA.

3651 314 3761 384 256

484 438 691 495 litteras
738 437 984 507 adjiciam
1007 478 1022 501 ,
1070 440 1203 506 quas
1244 434 1436 490 Petrus
1460 434 1529 491 de
1562 434 1755 490 Castro
1783 434 1850 490 ad
1880 434 2071 491 Zacca-
2100 435 2148 497 Δ
2173 441 2374 489 statum
2398 434 2451 489 in
2479 434 2630 490 curia
2653 432 2953 488 Matritensi
2982 432 3304 488 conversum
3325 432 3513 501 fuisse,
3542 434 3759 505 dejecto

483 531 619 584 riam
664 528 913 598 scripsit,
969 541 1089 582 cum
1141 523 1439 591 longiorem
1488 524 1733 579 Burrielii
1785 524 2067 594 epistolam

482 620 723 688 aliasque
753 617 1027 673 breviores
1055 613 1346 669 familiares
1368 655 1382 679 ,
1415 614 1484 669 de
1515 614 1712 683 quibus
1754 622 1881 669 ante
1907 614 2019 668 dixi
2049 655 2066 683 ,

480 712 639 767 simul
668 711 924 765 mitteret.
956 709 1172 763 Littera:
1199 718 1378 763 autem
1422 709 1566 763 Petri
1595 708 1661 763 de
1688 708 1880 763 Castro
1898 747 1914 771 ,
1945 723 2067 763 ver-

478 802 562 855 bis
600 799 803 854 Latinis
853 800 921 854 ab
976 798 1095 869 ipso
1141 807 1416 869 concepta:
1442 840 1458 867 ,
1486 798 1631 869 apud
1670 813 1760 853 me
1812 806 2067 867 autogra-

478 888 598 957 phae
641 897 787 941 sunt.

478 996 922 1053 Reverendissimo
983 996 1130 1051 Patri
1187 996 1472 1052 Francisco
1528 998 1755 1052 Antonio
1804 996 2063 1054 Zaccaria

760 1085 790 1122 e
818 1067 949 1123 8.1.
984 1066 1173 1122 Petrus
1203 1068 1267 1121 de
1293 1066 1477 1122 Castra
1514 1068 1575 1123 S.
1609 1067 1679 1122 P.
1712 1067 1782 1124 Β.

547 1178 638 1234 74.
678 1177 857 1233 Pridie
881 1178 1000 1233 Kal.
1025 1178 1353 1243 Decembris,
1379 1178 1689 1233 doctissime
1714 1177 1891 1244 Pater,
1915 1180 2065 1235 litte—

478 1266 569 1304 ras
598 1260 716 1303 tuas
754 1250 936 1315 accepi
963 1249 1352 1304 benevolentia:
1397 1249 1449 1301 in
1480 1264 1566 1302 me
1596 1250 1803 1312 plenas.
1831 1248 1947 1316 Qua
1978 1265 2064 1304 ra-

475 1320 622 1399 tione
660 1319 752 1399 tibi
784 1319 836 1373 in
883 1319 946 1373 iis
989 1334 1108 1399 qua:
1136 1318 1203 1372 de
1233 1327 1343 1399 tua“
1363 1317 1910 1399 lsi't‘lori‘Hispalensj‘s
1946 1318 2061 1399 edi:

474 1389 623 1444 tione
669 1388 739 1443 ad
776 1404 863 1441 me
910 1386 1129 1450 scribis,
1158 1403 1257 1455 per
1304 1387 1370 1442 Β.
1422 1386 1483 1441 P.
1541 1386 1805 1442 Andream
1854 1387 2062 1443 Burriel

474 1472 679 1513 morem
724 1470 914 1524 gerere
960 1457 1302 1522 curaverim,
1356 1457 1482 1527 quia
1534 1473 1657 1512 cum
1714 1457 1803 1511 illa
1852 1472 2061 1527 magna:

474 1528 664 1591 molis,
688 1536 852 1595 atque
881 1542 982 1596 ego
1012 1528 1064 1580 in
1089 1527 1311 1581 summis
1340 1527 1554 1596 collegii
1589 1528 1751 1581 rebus
1789 1536 1934 1583 totus
1972 1543 2064 1584 es-

472 1612 585 1651 sem
612 1637 628 1662 ,
654 1599 875 1666 exsequi
925 1597 1067 1651 haud
1096 1604 1340 1666 poteram
1368 1614 1382 1663 ;
1414 1612 1537 1665 qua:
1581 1597 1845 1665 ejusmodi
1874 1598 1925 1651 in
1962 1612 2064 1653 nos

472 1666 780 1721 humanitas
807 1710 821 1733 ,
845 1682 965 1736 qum
990 1682 1155 1736 super
1183 1666 1373 1721 eodem
1401 1676 1720 1736 argumento
1751 1666 2058 1733 assiduitas,

473 1750 593 1801 quae
614 1736 832 1790 tandem
858 1736 943 1791 sui
969 1736 1152 1790 auxilii
1179 1736 1249 1790 sit
1288 1736 1381 1789 tibi
1410 1736 1734 1799 necessitas,
1758 1736 1923 1805 ipsius
1947 1739 2065 1805 epi~

2173 521 2233 577 Ρ.
2256 523 2546 578 Francisco
2569 521 2807 593 Rabago,
2838 523 2929 592 qui
2961 523 3072 592 regi
3097 537 3126 577 a
3157 519 3589 580 confessionibus
3617 536 3756 593 erat,

2170 620 2227 665 et
2278 611 2581 667 istiusmodi
2634 612 2926 667 litterarios
2984 618 3212 667 conatus
3262 621 3643 682 persuaserat,
3707 624 3762 670 tt

2167 703 2525 773 promovebat
2555 721 2568 756 :
2598 718 2667 758 ex
2700 704 2764 758 iis
2783 718 2903 772 qum
2942 703 3056 772 ipse
3083 702 3149 757 ad
3178 702 3531 758 lsidorianam
3566 704 3760 761 editio-

2168 810 2292 851 nem
2322 805 2630 866 paraverat,
2678 797 2811 851 nihil
2841 797 3061 851 omnino
3087 797 3204 851 sine
3242 796 3383 863 regis
3409 796 3551 851 bona
3579 798 3757 865 venia,

2167 893 2264 939 aut
2314 892 2586 955 prmcepto
2616 926 2636 950 ,
2682 884 2750 938 ad
2802 884 3111 939 Zaccariam
3164 884 3534 940 remissurum.
3598 885 3761 943 Addit

2168 974 2548 1031 collectionem
2596 989 2864 1030 canonum
2900 972 3190 1029 Gothicam
3229 974 3298 1028 ad
3340 974 3577 1045 quinque
3624 992 3756 1033 mss.

2168 1064 2397 1120 Codices
2443 1080 2474 1119 a
2533 1078 2593 1120 se
2653 1064 2975 1120 recensitam
3023 1064 3289 1120 asservari
3355 1065 3408 1119 in
3463 1069 3759 1123 secretaria

2166 1156 2370 1220 Status,
2395 1164 2453 1210 ut
2481 1164 2677 1211 vocant
2701 1174 2715 1208 :
2747 1156 2887 1211 hanc
2908 1170 3126 1225 quoque
3145 1170 3205 1211 se
3233 1156 3460 1211 libenter
3489 1157 3761 1214 Zaccaria:

2166 1263 2581 1317 concessurum,
2607 1248 2661 1303 si
2681 1262 2779 1318 per
2800 1261 2984 1317 regem
3012 1247 3195 1305 liccat.
3222 1246 3431 1304 Interea
3463 1248 3764 1308 Burrielius

2167 1339 2236 1395 ab
2266 1338 2586 1395 eruditionis
2605 1338 2797 1393 studiis
2817 1337 3111 1409 sepositus,
3143 1346 3313 1392 totum
3343 1353 3403 1393 se
3422 1339 3755 1409 explicanda:

2169 1431 2457 1500 theologia:
2492 1429 2852 1495 scholasticae,
2876 1428 3103 1498 aliisque
3132 1427 3423 1505 Societatis
3444 1429 3757 1485 ministeriis

2166 1525 2434 1582 obeundis
2483 1525 2818 1581 tradiderat:
2850 1536 3160 1594 quanquam
3196 1520 3363 1577 etiam
3412 1535 3479 1576 eo
3510 1529 3764 1591 tempore

2166 1616 2329 1672 docta
2374 1615 2621 1686 quaedam
2673 1629 2841 1686 opera
2892 1614 2945 1667 in
2994 1611 3184 1683 vulgus
3229 1610 3427 1676 emisit,
3466 1624 3767 1681 suppresso

2166 1706 2376 1762 scilicet
2401 1705 2641 1760 nomine.

470 1788 2056 1885 auts',‘q.;a'untieaqsnjato,_saugassuescant.
2097 1805 2139 1865 Β
2237 1797 2327 1851 77-
2379 1797 2572 1850 Exstat
2622 1794 2783 1851 simul
2829 1807 2953 1885 cum
3029 1791 3120 1885 lli}
3169 1788 3414 1885 θρίειοιίξ
3482 1788 3765 1860 catalogus

469 1873 734 1941 Quoniam
765 1890 896 1929 vero
925 1890 1031 1928 non
1055 1873 1295 1929 indicant
1322 1890 1352 1927 a
1382 1873 1574 1943 quibus
1610 1873 1659 1927 ei
1689 1875 1755 1928 de
1785 1874 1889 1928 illis
1919 1876 2060 1931 inter

470 1956 570 1997 vos
625 1943 1059 1999 commuuicandi
1114 1944 1417 1997 libertatem
1471 1944 1761 2011 impetrare
1813 1945 2056 2007 debeas,

468 2013 656 2135 Baucis
686 2014 990 2094 exhibeam.
1018 2013 1263 2093 Quatuor
1288 2013 1355 2093 ab
1384 2012 1689 2094 hineannis
1717 2013 2061 2070 doctissimus

512 2097 559 2135 ιο
589 2090 692 2135 tum
721 2084 934 2135 tnclvm!
959 2081 1245 2135 SOClelalIS
1281 2097 1381 2135 νιν.
1413 2096 1559 2135 recta
1596 2081 1844 2135 sull‘ultus
1866 2092 2059 2135 aucto-

511 2081 559 2136 ic
589 2090 692 2136 tua:
721 2084 934 2153 inclyta:
959 2081 1245 2153 Societatis
1281 2083 1381 2153 vir,
1413 2082 1559 2151 regia
1596 2081 1844 2137 sulfultus
1866 2092 2059 2139 aucto-

467 2152 631 2206 ritate
658 2151 1121 2221 atque—stipendio
1147 2190 1163 2217 ,
1194 2151 1370 2206 Toleti
1399 2159 1790 2213 commoratur.
1822 2161 1880 2207 ut
1919 2153 2060 2209 illius

468 2220 749 2291 primaria!
786 2220 1032 2276 ecclesia:
1077 2221 1374 2291 arcltivium
1421 2229 1707 2291 scrutetur.
1754 2221 1967 2291 Itaque,
2001 2230 2061 2277 ut

470 2290 702 2358 conjicio
730 2330 746 2355 ,
776 2291 875 2345 nisi
900 2306 996 2359 per
1010 2290 1410 2346 serenissimum
1439 2299 1587 2344 tuum
1617 2290 1835 2345 Mutina:
1858 2290 2058 2348 ducem

468 2375 499 2412 a
550 2360 809 2431 ministris
853 2361 1047 2429 regiis;
1089 2375 1119 2413 a
1148 2360 1576 2415 conlessionibus
1615 2368 1671 2415 et
1697 2368 1839 2417 statu
1886 2362 2057 2431 ipsam

468 2429 778 2498 assequaris
802 2471 817 2495 ,
847 2437 901 2483 te
947 2444 1065 2483 eam
1106 2431 1263 2484 aliter
1312 2430 1560 2485 obtinere
1608 2446 1768 2498 posse
1791 2470 1806 2493 ,
1839 2429 2057 2487 minime

469 2495 705 2569 confido.
734 2498 937 2569 Vellem
971 2498 1153 2568 utique
1201 2506 1261 2552 ut
1288 2495 1630 2569 occasiOneni
1654 2502 1793 2553 hanc
1823 2500 2058 2569 ellugere

469 2581 577 2637 non
609 2568 835 2622 sineres.
874 2567 1004 2621 Nam
1053 2567 1096 2621 si
1138 2583 1167 2620 a
1197 2568 1347 2621 vobis
1368 2610 1383 2633 ,
1417 2569 1506 2635 qui
1536 2584 1676 2637 pene
1705 2585 1893 2623 omnes
1924 2567 2053 2625 mss.

468 2634 698 2692 Codices
723 2637 1250 2710 consultoshabetis,
1276 2634 1447 2710 editio
1467 2634 1573 2691 non
1607 2638 1898 2710 perﬁcitur,
1931 2641 2055 2710 quis

466 2720 586 2777 eam
629 2707 1015 2777 aggredietur?
1046 2706 1197 2773 Quod
1241 2708 1471 2777 scribis,
1517 2719 1569 2760 te
1597 2708 1736 2761 velle
1767 2709 1833 2762 ab
1870 2706 2054 2777 aliquo

465 2776 583 2829 viro
626 2776 789 2831 docto
815 2777 881 2829 de
912 2777 1062 2831 libris
1102 2778 1193 2843 qui
1246 2776 1333 2830 hic
1371 2776 1733 2843 divulgantur,
1762 2776 2053 2832 certiorem

470 2844 584 2898 lieri
611 2885 625 2907 ,
681 2845 747 2915 id,
781 2845 1042 2901 facturum
1096 2848 1148 2899 in
1184 2861 1243 2899 se
1282 2848 1485 2913 recepit
1520 2846 1946 2915 sapientissimus
1974 2849 2056 2903 vir

467 2929 500 2967 e
532 2928 688 2969 sacra
731 2914 1211 2971 Franciscanorum
1264 2916 1460 2968 familia
1488 2959 1502 2982 ,
1538 2914 1601 2971 lt.
1649 2917 1857 2971 scilicet
1898 2918 1954 2971 P.
1989 2917 2053 2972 F.

464 2983 667 3054 .loseplt
696 2983 992 3051 Torrubia,
1041 2986 1195 3052 cujus
1229 2985 1618 3054 jucundissima
1664 2988 2054 3044 consuetudine

467 3051 636 3106 liuor.
673 3053 741 3107 At
788 3056 961 3123 ipsum
1006 3051 1161 3109 video
1231 3051 1301 3109 ita
1333 3055 1444 3110 suis
1479 3056 1691 3178 scriptis
1724 3066 2051 3136 occupatum

465 3123 813 3178 tmdatzraune
862 3126 1241 3178 laborantem.
1275 3135 1332 3178 ut
1379 3126 1445 3178 de
1491 3126 1579 3178 nol
1606 3134 1877 3178 mutatione
1906 3126 2047 3178 dmi-

465 3123 813 3195 podagraqne
862 3126 1241 3193 laborantem,
1275 3135 1332 3179 ut
1379 3126 1445 3180 de
1491 3123 1883 3195 pollicitatione
1906 3126 2047 3182 diﬂi-

464 3191 610 3266 datn.
642 3191 783 3266 Idem
821 3196 985 3249 etiam
1038 3195 1104 3266 ad
1138 3205 1189 3249 te
1223 3191 1400 3249 mittet
1444 3191 1723 3265 exemplar
1746 3198 1830 3251 sui
1880 3212 2052 3266 nuper

463 3261 593 3315 editi
624 3263 804 3335 operis
820 3264 1174 3335 ,Acuititulus
1210 3274 1293 3320 cst
1323 3267 1552 3335 Aparato
1580 3261 1712 3335 pura
1752 3261 2054 3322 la'ltisto'ria

462 3334 673 3410 natural
696 3334 786 3410 de_
810 3333 1065 3410 lespaiia;
1093 3348 1147 3390 et
1196 3336 1339 3405 quod
1367 3333 1434 3410 ξε*
1462 3345 1525 3410 _te
1567 3333 1794 3410 smmtno
1823 3338 1905 3406 (ut
1942 3339 2051 3410 hic)

464 3402 651 3472 lavorc
672 3402 1043 3472 accipiendum
1062 3420 1134 3459 es.
1151 3421 1181 3459 e
1215 3402 1325 3459 non
1348 3405 1557 3460 dubito.
1578 3402 1948 3460 l’razfectu'ram
1972 3402 2054 3461 bi?-

460 3470 766 3546 bliothecas,
795 3470 954 3546 qnam
986 3474 1363 3529 Mutinensinm
1387 3478 1492 3529 dux
1516 3476 1609 3531 tibi
1633 3484 1755 3546 post
1776 3475 2053 3546 Muratorii

463 3539 670 3616 obitum
715 3539 1009 3616 rectissime
1046 3546 1333 3604 commisit.
1364 3539 1650 3616 plurimum
1681 3545 1840 3615 325
1869 3557 2051 3613 gratu-

465 3607 567 3664 lor.
606 3611 689 3686 _De_
714 3621 767 3667 te
795 3614 1008 3686 qudem
1054 3625 1201 3670 certe
1234 3607 1411 3670 tantus
1442 3607 1927 3686 princepsj—citjus
1952 3618 2053 3671 sub

465 3682 723 3755 auspiciis
776 3682 1047 3751 divulgata
1098 3682 1529 3755 divulganlaque
1585 3682 1769 3739 Italica
1824 3686 2052 3741 historia

462 3746 721 3825 {neraria
774 3746 1032 3825 ceruiinr,
1057 3756 1212 3810 aliter
1248 3746 1389 3809 bene
1437 3746 1631 3825 mereri
1676 3770 1784 3811 non
1812 3764 2048 3825 poterat.

468 3816 616 3873 Vale.
649 3819 869 3887 Matriti,
907 3839 960 3876 Ill
984 3816 1063 3879 Id.
1087 3825 1324 3879 Januarii
1356 3824 1514 3882 1755.

534 3952 622 4010 75.
680 3953 809 4011 Post
855 3957 1126 4015 Zaccariac
1173 3961 1408 4028 obitum,
1450 3962 1588 4017 inter
1632 3963 1766 4016 alias
1812 3964 2050 4018 virorum

460 4042 749 4101 illustrium
776 4050 845 4102 ad
885 4065 1006 4105 eum
1042 4053 1270 4123 scriptas
1293 4052 1571 4120 epistolas,
1602 4068 1735 4120 quas
1767 4068 1935 4120 penes
1964 4067 2053 4107 me

460 4136 692 4202 retineo,
745 4141 918 4207 reperi
950 4148 1059 4195 tres
1089 4141 1360 4203 Burrielii,
1394 4141 1621 4207 primam
1660 4138 1903 4192 Latinam
1935 4139 2050 4192 Ma-

460 4225 570 4279 triti
610 4224 679 4277 20
717 4224 1051 4294 Septembris
1074 4227 1239 4293 1755,
1286 4226 1511 4279 alteram
1558 4224 1900 4293 Hispanicum
1942 4224 2051 4281 To-

463 4312 557 4366 leti
600 4313 668 4367 12
708 4314 1013 4369 Decembris
1041 4315 1204 4381 1755,
1240 4315 1449 4368 tertiam
1489 4315 1674 4369 itidem
1705 4314 2048 4385 Hispanicum

461 4402 670 4457 ceteris
717 4402 1036 4472 longiorem,
1085 4407 1555 4476 ctautograpltam
1601 4407 1800 4462 Matriti
1847 4406 1918 4461 25
1946 4407 2050 4463 Fe-

2074 3161 2125 3225 ϐ

2161 1885 2396 1957 Operum
2421 1884 2670 1940 Burrielii
2699 1894 2821 1954 post
2849 1882 3007 1952 hujus
3035 1882 3242 1937 obitum
3282 1880 3580 1947 coniectus,
3611 1897 3754 1951 quo-

2160 1991 2279 2031 rum
2331 1976 2437 2029 alia
2478 1975 2654 2030 lucem
2680 1973 2955 2038 viderant,
3004 1973 3109 2025 alia
3137 1986 3267 2026 mss.
3320 1971 3754 2025 asservabantur.

2159 2068 2338 2123 Nostri
2366 2067 2596 2124 instituti
2622 2075 2707 2122 est
2728 2075 2935 2121 tantum
2961 2064 3167 2119 referre
3188 2062 3565 2119 collectionem
3591 2076 3759 2117 cano-

2160 2161 2337 2214 nicam
2404 2158 2728 2224 Gothicam,
2798 2154 3107 2211 collectioni
3184 2151 3375 2207 lsidori
3441 2151 3760 2206 Mercatoris

2159 2248 2465 2319 oppositam
2514 2247 2674 2302 tumis
2710 2245 2776 2301 IV
2807 2246 2858 2300 in
2892 2243 3010 2309 fol.,
3060 2244 3359 2299 absolutam
3406 2255 3550 2296 anno
3592 2239 3757 2305 1754,

2158 2355 2261 2395 ms.
2293 2338 2708 2395 Dissertationes
2745 2352 2873 2393 mss.
2905 2337 2973 2391 de
3002 2334 3105 2389 hac
3131 2332 3458 2389 collectione
3489 2331 3755 2387 canonica

2158 2429 2411 2499 Gothica,
2462 2437 2519 2484 et
2562 2436 2750 2484 contra
2798 2427 2989 2483 Cennii
3035 2440 3273 2482 errores.
3307 2423 3755 2479 Dissertationem

2157 2534 2263 2574 ms.
2294 2518 2364 2574 de
2392 2518 2578 2572 Bibltis
2596 2518 2790 2587 quibus
2817 2515 3007 2571 lsidori
3043 2524 3205 2571 mtate
3234 2529 3329 2569 usa
3359 2522 3443 2569 est
3470 2510 3755 2582 Hispania,

2158 2624 2300 2663 anno
2333 2606 2492 2662 1759.
2542 2605 2836 2677 Epistolam
2866 2606 3030 2677 326
3056 2622 3157 2661 ms.
3190 2605 3256 2659 ad
3284 2605 3348 2660 Ι).
3375 2603 3636 2660 Joannem
3682 2604 3756 2659 de

2158 2700 2364 2771 Amaya
2394 2699 2461 2755 de
2501 2699 2735 2769 Legibus
2772 2695 3062 2768 Hispania;
3109 2694 3403 2766 Epistolam
3440 2693 3507 2749 ad
3553 2693 3616 2749 D.
3644 2690 3753 2748 Pe-

2158 2796 2298 2843 trnm
2327 2789 2394 2845 de
2421 2788 2612 2844 Castro
2656 2788 2723 2843 de
2754 2787 2986 2857 Legibus
3012 2786 3289 2842 canonicis
3318 2783 3605 2855 Hispanim.
3638 2784 3755 2838 Fo-

2157 2896 2276 2935 rum
2302 2877 2551 2934 Judicum
2571 2876 2843 2949 Hispania:
2868 2892 2990 2934 cum
3014 2878 3155 2933 notis
3169 2886 3224 2933 et
3242 2876 3405 2932 variis
3427 2876 3757 2933 lectionibus

2156 2987 2287 3026 ’Μ’
2726 3035 2958 3094 CAPUT
3023 3036 3160 3092 xu.

2158 3133 2476 3188 Franciscus
2497 3133 2749 3186 Antonius
2778 3131 3033 3185 Zaccaria
3063 3143 3393 3201 conspectum
3421 3149 3530 3187 sum
3559 3132 3757 3186 editio-

2482 3204 2563 3256 nis
2592 3201 2910 3257 Isidoriana:
2935 3202 3071 3270 typis
3102 3203 3399 3254 committit.

2230 3320 2283 3373 1.
2324 3317 2442 3373 Non
2496 3317 2712 3373 invenio
2767 3317 2821 3371 in
2869 3314 3132 3370 Zaccaria:
3195 3315 3408 3371 schedis
3448 3312 3754 3385 quidquam

2154 3411 2300 3467 aliud
2346 3413 2489 3466 inter
2533 3411 2708 3481 ipsum
2763 3418 2819 3465 et
2863 3408 3184 3463 Burrielium
3238 3407 3307 3463 de
3363 3406 3553 3461 [sideri
3603 3422 3763 3461 nova

2153 3502 2391 3563 editione
2418 3500 2755 3573 procuranda
2801 3506 3087 3554 tractatum
3122 3497 3303 3553 fuisse.
3335 3495 3580 3551 Burrielii
3620 3496 3752 3566 qui.-

2154 3596 2280 3651 detn
2330 3594 2757 3661 lucubrationes,
2808 3602 2868 3649 ut
2913 3592 3024 3663 jam
3072 3607 3139 3647 cx
3189 3590 3416 3663 Bayerio
3465 3591 3641 3655 retuli,
3685 3591 3761 3645 in

2155 3688 2539 3743 bibliothecam
2568 3686 2771 3754 regiam
2798 3685 3173 3740 Matritenan
3193 3699 3385 3739 omnes
3405 3682 3594 3737 delatae
3620 3682 3752 3736 l'ue-

2154 3788 2298 3843 runt,
2358 3778 2413 3833 in
2468 3791 2643 3845 caque
2694 3782 3065 3829 asservautnr.
3122 3773 3331 3827 Interea
3387 3770 3635 3826 Zaccaria
3685 3772 3759 3826 in-

2153 3886 2308 3925 suum
2357 3884 2494 3937 opus
2547 3881 2654 3921 non
2709 3865 2947 3933 segniter
2992 3863 3336 3918 incumbebat
3367 3879 3382 3916 :
3413 3878 3477 3918 ac
3524 3864 3746 3917 tandem

2154 3960 2380 4015 consilia
2399 3972 2497 4012 sua
2516 3957 2633 4012 orbi
2656 3953 2920 4008 litterario
2944 3951 3542 4023 patefecit,Conspectu
3569 3952 3749 4020 edito,

2153 4049 2305 4116 cujus
2332 4047 2546 4115 quidem
2582 4044 2788 4098 nullum
2820 4043 3039 4098 omnino
3084 4042 3229 4112 apud
3257 4051 3532 4098 auctorem
3555 4057 3747 4097 exem-

2151 4140 2297 4210 plum
2328 4143 2621 4202 manserat,
2654 4135 2754 4189 nisi
2781 4135 3051 4204 quoddam
3082 4136 3472 4205 autograpbum
3494 4133 3749 4190 nonnihil

2152 4229 2219 4283 ab
2239 4229 2385 4283 edito
2397 4227 2727 4297 discrepans.
2741 4226 2847 4281 Sed
2864 4241 2963 4296 ego
2975 4235 3320 4299 conspectum
3334 4225 3476 4297 typis
3490 4224 3747 4281 commis-

2150 4336 2267 4375 sum
2300 4327 2487 4373 nactus
2518 4332 2744 4372 munere
2766 4316 2828 4372 γ.
2845 4317 2907 4372 C.
2931 4317 3225 4373 doctissimi
3261 4316 3503 4387 prmsulis
3528 4314 3751 4384 Reggii,

2151 4409 2522 4479 hujuscemodi
2549 4410 2825 4464 litterariae
2850 4409 3199 4478 supellectilis
3228 4409 3429 4463 curiosi
3458 4406 3743 4475 indagato-

460 4491 660 4546 bruarii
694 4491 845 4548 I759.
869 4493 1091 4551 Omissis
1115 4497 1236 4551 aliis
1259 4511 1380 4565 qua:
1408 4497 1476 4553 ad
1498 4512 1585 4553 me
1610 4514 1719 4553 non
1749 4499 2044 4568 pertinent,
2077 4531 2131 4591 Β
2154 4506 2248 4568 ris,
2295 4512 2350 4557 et
2402 4501 2540 4571 aequi
2589 4501 2954 4564 :cstimatoris,
2987 4499 3389 4569 Prolegomenis
3430 4498 3742 4555 lsidorianis

460 4581 545 4637 vel
572 4583 617 4638 si
646 4584 713 4639 ad
745 4602 828 4640 me
851 4587 1089 4655 quidem,
1144 4598 1292 4643 certe
1338 4604 1443 4643 non
1484 4590 1550 4643 ad
1578 4590 1684 4644 boc
1716 4598 1925 4661 tempus
1954 4598 2048 4645 aut

460 4687 622 4743 opus,
653 4674 946 4731 Burrielius
976 4680 1026 4732 in
1050 4681 1219 4751 prima
1251 4680 1479 4750 cpistola
1512 4682 1590 4735 sic
1620 4680 1841 4736 totidem
1870 4682 2051 4738 verbis

460 4764 575 4817 ait':
622 4764 859 4821 Isidorus
891 4768 1196 4840 Hispanij
1243 4773 1514 4841 sapientia:
1542 4788 1659 4825 cum
1687 4772 2051 4827 ecclesiastica:

460 4864 569 4909 tum
612 4863 851 4928 profana:
880 4864 995 4931 fons
1019 4865 1246 4934 quidam,
1279 4882 1336 4918 re
1358 4874 1511 4918 atrum
1539 4875 1589 4919 et
1618 4866 1765 4933 origo
1790 4873 1887 4919 cst.
1920 4864 2049 4935 Ejus

464 4945 638 5016 Opera
666 4965 758 5001 nec
787 4953 962 5005 omnia
990 4960 1248 5025 hucusque
1275 4957 1437 5021 edita,
1462 4973 1556 5010 nec
1584 4974 1645 5009 ea
1675 4958 1915 5011 met/coda
1948 4974 2049 5026 qua

460 5053 558 5108 par
604 5048 678 5092 est
708 5040 971 5094 illustrata
1012 5044 1276 5099 habemus.
1312 5045 1463 5101 Nora
1513 5065 1636 5118 ergo
1666 5048 1891 5117 Upcrum
1936 5065 2049 5101 ont-

463 5129 606 5183 nt'um
635 5131 794 5185 editio
838 5133 1218 5207 illustratioque
1247 5153 1349 5190 non
1391 5138 1491 5190 nisi
1522 5154 1711 5207 magno
1750 5139 2050 5208 reipublicw

460 5219 735 5276 litterariw
757 5225 1025 5278 commodo
1055 5236 1221 5296 potest
1260 5226 1512 5281 accidere.
1550 5225 1616 5278 Id
1642 5236 1844 5280 tantum
1875 5227 2043 5291 doleo,

467 5306 846 5380 Hispaniarum
899 5312 1162 5367 doctorem
1200 5316 1263 5367 ab
1294 5316 1499 5369 nomine
1544 5331 1647 5369 non
1684 5312 1924 5381 Hispano
1954 5314 2047 5368 sed

462 5412 640 5458 extero
688 5406 1000 5459 illustratum
1055 5408 1141 5473 iri,
1190 5408 1517 5478 nationisque
1549 5416 1742 5461 nostra:
1775 5406 1928 5459 drcus
1979 5405 2043 5457 ab

464 5493 581 5548 aliis
627 5514 780 5565 quant
823 5514 855 5550 a
904 5507 1096 5554 nostrae
1144 5501 1372 5554 nationis
1420 5499 1744 5563 Itominibus,
1792 5515 1886 5554 nec
1936 5499 2048 5553 sine

469 5582 635 5655 aliqua
662 5598 838 5642 nostra
868 5589 1137 5656 dedecore,
1180 5591 1337 5645 decus
1371 5608 1557 5646 novum
1587 5593 1839 5662 accipere.

537 5674 623 5728 76.
656 5678 711 5732 In
729 5681 969 5751 epistolis
991 5682 1295 5755 llispanicis
1315 5686 1540 5756 exponit
1562 5685 1875 5752 Burrielius,
1899 5686 2045 5756 quod

467 5762 660 5819 attinet
699 5770 765 5823 ad
810 5773 989 5831 studia
1036 5776 1089 5832 in
1130 5791 1250 5849 qua:
1294 5778 1408 5849 ipsc
1458 5777 1821 5844 incumbebat,
1863 5792 2043 5834 rerum

2154 4591 2496 4649 inserendum
2522 4590 2731 4660 judicat
2744 4592 2781 4646 i.

2150 4704 2459 4772 Conspectus
2498 4718 2641 4756 novre
2668 4701 2727 4755 S.
2764 4701 2958 4755 Isidori
2988 4701 3318 4767 llispalensis
3348 4700 3574 4770 Oper-um
3615 4701 3735 4755 edi-

2222 4776 2399 4839 tionis,
2435 4789 2588 4843 quam
2637 4783 2789 4842 parat
2834 4772 3157 4843 lt'ranciscus
3196 4773 3449 4827 Antonius
3477 4772 3737 4843 lact-aria

2224 4840 2503 4899 Societatis
2528 4840 2679 4909 Jesu,
2699 4842 3019 4895 serenissimi
3062 4840 3435 4897 Mutinensiunt
3477 4843 3621 4895 ducis
3664 4840 3741 4893 bi-

2222 4914 2491 4967 bliotheca:
2516 4916 2809 4982 praefectus.
2839 4910 3067 4966 Veneiis
3099 4910 3257 4979 1758,
3286 4929 3353 4967 ex
3391 4911 3738 4983 typograplu'a

2230 4983 2675 5037 Remondiniaua.

2225 5076 2278 5129 2.
2306 5075 2439 5128 Cum
2473 5083 2582 5129 tres
2603 5075 2823 5130 omnino
2845 5075 2954 5130 sint
2974 5073 3209 5146 omnium
3240 5072 3297 5129 S.
3328 5074 3515 5146 lsidori
3544 5073 3737 5146 Hispa-

2154 5145 2318 5200 lensis
2371 5146 2607 5213 Opt'rum
2663 5146 2964 5209 editiones,
3023 5145 3305 5211 Margarini
3366 5144 3558 5212 Bignati
3628 5144 3735 5200 una

2155 5215 2370 5270 Parisiis
2403 5213 2572 5279 1550;
2621 5215 2810 5277 altera,
2843 5230 3016 5282 eaque
3062 5215 3500 5283 przcstantissima
3546 5214 3734 5269 Matri-

2156 5287 2319 5340 tensis
2342 5284 2562 5340 Joannis
2588 5284 2770 5339 Grialii
2799 5283 2937 5337 1599
2962 5302 2976 5350 ;
3008 5286 3166 5338 tertia
3185 5283 3400 5339 demum
3418 5284 3735 5341 Parisiensis

2152 5355 2333 5426 Jacobi
2380 5354 2577 5409 Breulii
2610 5354 2936 5411 Benedictini
2967 5355 3229 5426 monachi
3246 5353 3381 5426 160i
3427 5355 3586 5426 (nant
3609 5369 3731 5426 qum

2153 5442 2184 5479 e
2203 5424 2398 5480 Colon.
2424 5426 2777 5495 typograpbio
2800 5425 2999 5494 prodiit
3028 5439 3117 5478 an.
3141 5423 3275 5477 1617
3318 5423 3533 5494 ipsa‘est
3556 5423 3727 5495 Paris.

2153 5495 2353 5549 Breulii
2392 5494 2608 5561 reensa,
2643 5503 2699 5547 ut
2752 5509 2922 5549 novas
2972 5496 3112 5549 inter
3158 5495 3425 5550 editiones
3460 5494 3735 5548 numerari

2152 5566 2239 5620 vix
2281 5567 2510 5634 possit);
2564 5574 2860 5636 queruntur
2914 5572 3095 5636 tamen
3127 5563 3242 5636 _viri
3292 5566 3506 5636 quique,
3559 5579 3732 5620 sacrm

2154 5632 2496 5705 profantequc
2541 5632 2859 5705 eruditionis
2915 5634 3161 5697 studiosi,
3182 5703 3193 5705 _
3220 5632 3411 5689 multa
3433 5637 3730 5688 etiamnum

2155 5703 2451 5759 desiderari
2475 5712 2532 5757 ut
2560 5703 2861 5774 absolutam
2889 5712 3151 5774 tantoque
3178 5703 3544 5773 Hispaniensis
3564 5712 3734 5771 atque

2155 5776 2291 5833 adeo
2320 5774 2593 5831 catholica:
2640 5771 2894 5831 Ecclesia:
2932 5771 3157 5832 doctore
3200 5771 3414 5845 dignam
3468 5775 3728 5829 liororum
