4030 6186
245 278 347 335 257

1306 277 1716 337 ISIDORIANA.
1754 310 1822 321 —
1863 277 2039 336 PARS
2075 278 2115 334 I.
2155 279 2311 338 CAP.
2354 280 2489 337 XL'.

3424 288 3533 347 258

244 399 359 468 ejus
378 395 676 468 editionem
708 392 1019 448 habeamus.
1048 394 1200 449 lianc
1221 409 1443 468 sperare
1469 413 1570 454 nos
1593 398 1832 467 iusserat
1858 406 1909 467 Α
1934 398 2214 467 demptum
2268 397 2743 468 archidiaconum,
2788 406 2843 451 et
2883 397 2953 452 ad
2988 397 3283 468 Eugenium
3313 400 3533 461 Toleta-

243 463 476 538 Jacobus
518 463 879 538 Hommeyus;
909 463 1292 538 verum_inorte
1339 463 1668 538 interceptus
1698 469 1831 538 libe-

246 550 363 590 rare
409 534 567 588 ﬁdem
609 532 830 606 minime
880 534 1072 600 potuit.
1105 533 1290 602 Itaque
1338 537 1407 590 de
1454 532 1561 591 illa'
1590 537 1832 606 paranda

244 606 538 673 cogitatum
577 618 607 657 a
647 603 803 673 nobis
843 616 875 655 e
906 612 943 665 t,
974 612 1032 655 ut
1072 619 1141 659 ne
1188 606 1480 671 litterariae,
1512 603 1831 662 Christianas

244 671 423 747 autem
462 688 585 728 cum
625 671 823 747 primis
864 673 1175 747 reipublicae
1220 683 1410 747 tantus
1454 676 1506 729 in
1552 688 1828 747 posterum

246 745 457 799 deesset
484 739 730 815 ornatus.
786 739 925 806 Quid
950 739 1187 815 ‘porroa
1217 744 1371 798 nobis
1400 739 1662 801 hactenus
1697 762 1833 815 prm-

245 815 427 868 stitum
451 812 542 877 sit,
570 812 699 880 quid
729 820 989 880 przeterea
1020 812 1324 878 moliamur,
1360 822 1419 867 ut
1455 815 1621 870 editio
1649 812 1833 873 isihec

248 883 675 952 nostranuoad
730 880 876 945 licet,
905 882 1294 952 perfectissima
1345 884 1434 948 sit,
1483 884 1633 940 Iubet
1659 887 1833 941 doctis

248 953 392 1016 viris,
444 950 696 1021 Ilispanis
750 964 871 1003 cum
906 950 1122 1019 'primis,
1164 966 1394 1021 quorum
1447 954 1617 1022 gloria
1659 955 1715 1009 S.
1769 955 1831 1009 ι).

250 1023 479 1077 maxime
554 1022 810 1082 interest,
868 1027 1159 1088 antequam
1214 1023 1460 1091 prodeat,
1516 1026 1587 1079 ob
1646 1026 1834 1079 oculos

248 1106 468 1161 ponere,
504 1091 642 1161 utsi
672 1104 779 1159 qua
828 1094 1093 1161 mutanda
1110 1106 1229 1145 esse
1275 1094 1604 1158 censuerint,
1631 1094 1699 1147 de
1729 1095 1835 1148 illis

253 1159 351 1218 nos
376 1159 683 1233 humaniter
731 1168 1008 1233 moneant,
1054 1159 1318 1233 simulque
1364 1164 1522 1233 327
1552 1178 1614 1217 ea
1652 1165 1834 1219 omnia

244 1246 362 1298 quae
400 1232 466 1284 ad
497 1228 940 1300 dicsideratissimi
991 1231 1171 1297 operis
1220 1228 1586 1300 praestantiam
1628 1234 1834 1287 utilita-

248 1313 463 1370 temque
517 1299 698 1355 l'acere
762 1298 1121 1353 existimarint
1173 1298 1455 1356 nobiscum
1527 1303 1833 1358 communi-

245 1378 388 1425 cent.

315 1440 372 1513 ἦ.
396 1438 656 1513 QuJinuI,
682 1438 742 1513 in
772 1452 840 1513 eo
868 1438 1122 1513 quemde
1150 1441 1506 1509 scriptoribus
1532 1452 1585 1497 et
1619 1443 1834 1513 scriptis

245 1510 624 1582 eeelesiasticis
681 1508 873 1582 Lipsiae
924 1508 1090 1582 edidit
1137 1508 1529 1567 commentario
1566 1513 1651 1582 (Τ.
1686 1508 1742 1578 Ι,”
1778 1529 1830 1581 p.

248 1578 391 1634 I595
412 1578 851 1651 seq.),ordinem
882 1578 1102 1651 exhibet
1149 1583 1214 1632 al
1243 1596 1403 1649 quem
1444 1578 1604 1645 nova,
1637 1585 1681 1636 si
1726 1578 1835 1651 qua

245 1646 549 1713 curaretur,
589 1647 1007 1718 lsidorianorum
1038 1646 1273 1718 Operuin
1320 1660 1463 1706 esset
1510 1654 1676 1707 editio
1718 1646 1835 1708 exi-

243 1721 443 1788 genda.
476 1718 639 1773 Nobis
664 1717 801 1771 alius
830 1718 1052 1772 omnino
1085 1717 1280 1787 placet.

316 1788 372 1842 4.
420 1788 609 1857 Itaque
629 1788 681 1842 in
706 1788 944 1855 quinque
968 1788 1241 1845 volumina
1267 1789 1559 1845 editionem
1592 1800 1834 1846 nostram

244 1856 536 1930 partimur.
689 1858 871 1930 primo
917 1866 1098 1930 autem
1126 1859 1326 1930 ,quo_d
1370 1860 1431 1930 in
1470 1862 1604 1916 duas
1658 1870 1841 1930 partes

247 1927 556 1993 tribuimus,
594 1927 789 1999 biblica
840 1934 895 1979 et
940 1927 1242 1999 dogmatica
1271 1927 1329 1981 S.
1364 1928 1445 1999 D.
1471 1944 1636 1999 Opera
1661 1927 1842 1985 'dabi-

247 2015 392 2066 inus,
435 2007 582 2053 certa
612 1997 883 2066 primum;
924 2009 1045 2064 qua:
1072 1995 1267 2052 deinde
1303 1998 1485 2066 spuria
1510 1995 1841 2063 ‘nobis‘sunt

249 2082 386 2124 usa.

319 2137 372 2209 5.
409 2135 609 2192 Biblica
635 2137 749 2191 haec
776 2143 922 2190 sunt.
953 2134 993 2189 I.
1026 2134 1186 2209 Liber
1208 2134 1621 2209 Prommiorum,
1648 2146 1843 2209 prmter

246 2208 536 2267 editiones.
566 2221 703 2275 quas
724 2221 940 2275 semper
959 2205 1310 2275 contulimus,
1332 2222 1455 2262 cum
1488 2205 1660 2263 tribus
1683 2223 1836 2263 com-

282 2293 375 2330 ara
408 2294 470 2331 us
508 2274 814 2337 Codicibus,
848 2274 1167 2339 Veronensi,
1197 2274 1496 2344 Cmseuate,
1526 2277 1840 2333 Florentino

287 2388 300 2399 .
324 2346 537 2401 Crucis.
567 2346 629 2399 II.
661 2345 1015 2417 Quaastiones,
1058 2354 1113 2398 et
1142 2347 1507 2417 lnysticorum
1535 2348 1841 2417 expositio-

249 2431 350 2473 nes
375 2426 838 2471 sacramentorum
870 2415 920 2469 in
954 2415 1119 2469 Vetus
1141 2413 1563 2470 Testamentum.
1597 2413 1702 2471 Eas
1730 2432 1839 2471 non

243 2487 422 2542 solum
452 2502 576 2540 cum
617 2487 684 2540 iis
729 2486 1038 2539 auctoribus
1076 2484 1474 2549 contendimus,
1506 2501 1643 2555 quos
1673 2487 1840 2541 multa

243 2574 311 2612 ex
353 2557 443 2610 his
465 2554 855 2623 qumstionibus
884 2555 935 2608 in
963 2568 1091 2608 suos
1129 2556 1547 2609 commentarios
1596 2556 1842 2611 novimus

241 2627 542 2689 derivasse,
592 2624 812 2689 Bedam,
844 2625 1085 2694 inquam,
1139 2631 1194 2677 et
1222 2624 1355 2678 Clau
1377 2626 1503 2679 tium
1532 2624 1839 2679 Taurinen-

241 2713 385 2756 sem,
447 2710 514 2749 ex
566 2694 879 2749 Pistoriensi
924 2693 1143 2748 Codice
1191 2709 1365 2763 nuper
1421 2697 1627 2749 editum
1678 2714 1708 2748 a
1755 2696 1836 2749 Cl.

240 2765 460 2821 Joanne
516 2763 1185 2835 BaptistaTrombellio;
1242 2780 1428 2818 verum
1496 2765 1659 2819 etiam
1716 2781 1871 2821 eum.

241 2837 467 2891 duobus
539 2831 912 2905 Laurentiana:
948 2831 1289 2891 bibliotheca:
1354 2850 1484 2890 mss.
1538 2835 1837 2905 exemplis,

240 2906 557 2961 recentiore
600 2904 793 2974 altero,
846 2905 1020 2959 altero
1061 2906 1408 2974 perantiquo;
1457 2918 1521 2957 ac
1577 2904 1840 2972 praeterea

241 2992 370 3030 cum
425 2974 618 3043 insigni
651 2973 1006 3030 Bononiensis
1054 2975 1471 3043 Alburnotianm
1499 2974 1837 3029 bibliotheca:

240 3046 481 3109 Codice,
532 3058 694 3113 quem
732 3045 800 3098 ad
832 3044 1221 3113 autographum
1261 3044 1435 3114 ipsum
1459 3042 1836 3111 Isidoriannm,

242 3114 431 3169 Toleti
465 3124 595 3170 tunc
623 3122 977 3175 asset-vatum,
1002 3114 1101 3168 etsi
1125 3129 1232 3168 non
1256 3130 1364 3169 uno
1392 3114 1444 3169 in
1476 3115 1596 3168 loco
1628 3122 1837 3184 tempo-

240 3200 371 3240 rum
417 3184 609 3252 injuria
663 3184 921 3246 Iacerum,
972 3184 1326 3239 Alburnotius
1365 3184 1657 3239 eardinalis
1706 3186 1840 3238 mira

240 3255 531 3323 diligentia
557 3256 881 3323 exigendum
933 3255 1162 3308 iuravit.
1197 3252 1351 3323 Hinc,
1388 3263 1448 3308 ut
1484 3262 1678 3309 extera
1712 3256 1839 3308 mit-

242 3322 391 3387 tani,
423 3322 724 3378 extremum
752 3324 1105 3393 qu2~tionum
1129 3325 1188 3378 in
1239 3322 1534 3394 Leviticum
1574 3332 1737 3394 caput
1788 3325 1841 3378 in

241 3395 415 3451 editis
442 3394 707 3465 exemplis
745 3409 883 3465 pene
929 3394 1194 3465 integrum
1233 3393 1528 3465 desiderari
1574 3393 1842 3465 comperi-

243 3481 393 3520 mus.
447 3462 537 3516 III.
572 3462 876 3533 Allegoriae,
919 3478 1041 3533 cum
1074 3462 1387 3533 Yeronensi,
1436 3462 1735 3533 Caesenate,
1786 3472 1842 3518 et

242 3533 575 3588 Florentino
619 3530 920 3585 S..'Crucis
968 3530 1117 3585 libris
1170 3547 1298 3587 mss.
1352 3533 1586 3587 collatae.
1632 3530 1730 3588 IV.’
1766 3533 1843 3589 De

244 3601 514 3658 Numeris
544 3601 699 3664 liber,
727 3615 886 3669 quem
939 3600 1160 3668 periisse
1199 3600 1439 3655 Oudinus
1467 3602 1839 3665 existimabat;

241 3672 491 3728 Joannes
503 3671 755 3725 Albertus
772 3669 1046 3725 Fabricius
1068 3684 1193 3725 vero
1208 3686 1316 3724 non
1328 3671 1598 3725 diversum
1616 3671 1841 3727 fortasse

241 3759 274 3796 a
335 3741 609 3810 capitibus
652 3739 1125 3810 VEtyniologiarum
1174 3740 1532 3810 quibusdam,
1558 3756 1839 3810 perperam

242 3809 589 3879 conjecerat.
648 3809 779 3863 Eum
844 3825 910 3863 ex
979 3809 1202 3879 egregio
1264 3811 1423 3878 regia:
1495 3809 1842 3865 Taurinensis

241 3881 597 3937 bibliothecae
619 3896 717 3934 ms.
760 3879 959 3934 Codice
988 3880 1144 3948 primi
1180 3894 1432 3933 eruemus
1457 3880 1507 3934 in
1539 3882 1839 3948 octodecim

242 3951 491 4021 capitula
541 3950 827 4014 tributum,
876 3947 1105 4018 quorum
1150 3949 1253 4003 hoc
1295 3949 1501 4021 initium
1537 3968 1549 4003 :
1585 3947 1709 4003 Non
1764 3960 1841 4004 est

242 4017 947 4091 superﬂuumumtmerorum
986 4034 1173 4091 causas
1216 4020 1272 4072 in
1303 4017 1589 4091 Scripturis
1644 4022 1842 4075 sanctis

245 4088 546 4145 attendere.
577 4088 786 4143 Habent
807 4090 943 4143 enini
962 4089 1238 4159 quamdam
1267 4090 1494 4142 scientia:
1522 4090 1837 4153 doctrinam,

248 4161 578 4231 Dlurimaque
648 4161 863 4229 mystica
921 4170 1266 4213 sacramenta.
1316 4159 1570 4231 rl’roiude
1635 4162 1841 4231 regulas

246 4228 595 4282 auorumdam
644 4228 992 4293 numerorum,
1038 4238 1092 4279 ut
1120 4230 1345 4293 voluisti,
1387 4230 1583 4297 placuit
1627 4228 1843 4283 breviter

246 4300 516 4352 intimare.
562 4298 626 4351 In
667 4298 924 4370 principio
962 4305 1131 4370 autem
1164 4298 1288 4367 quid
1326 4298 1412 4370 ιςὶιΔ
1436 4315 1680 4370 numerus
1708 4300 1845 4370 deﬁ-

249 4370 505 4422 niendum
540 4368 1006 4437 estuAppendicis
1048 4367 1217 4437 instar
1267 4367 1482 4437 spurius
1520 4370 1585 4437 in
1614 4367 1840 4425 Cantica

250 4439 593 4494 canticorum
632 4434 1062 4492 Cominentarius
1109 4434 1319 4500 edetur,
1362 4454 1470 4492 non
1507 4436 1678 4492 fusior
1728 4438 1838 4505 ille,

1938 466 2429 542 nuiu’episeopum,
2453 466 2523 542 de
2567 482 2796 542 quarum
2825 466 3257 542 «sentiamus
3294 471 3536 542 disputa.

1934 536 2112 589 bimus
2162 536 2421 611 adversus
2476 536 2867 611 hypercriticos
2896 536 3181 606 quosdam.
3217 537 3324 611 Has
3373 536 3535 611 pono

1938 612 2147 659 tantum
2181 606 2267 659 hic
2290 606 2554 675 epistolas
2585 621 2858 672 memoro;
2896 622 3017 661 nam
3040 623 3160 675 qua:
3198 609 3266 664 ad
3292 606 3537 669 Braulio-

1938 690 2062 748 nem
2096 681 2222 728 sunt
2250 673 2555 748 ab'lsidoro
2586 676 2784 748 missae,
2828 677 2946 731 alia;
2976 677 3042 731 ad
3060 673 3534 748 Etymologiarum

1936 744 2107 826 libros
2145 753 2412 826 spectant,
2455 745 2574 798 alia:
2611 746 2679 797 ad
2718 745 3052 826 Synonytua,
3080 744 3200 826 alia:
3236 748 3305 802 ad
3332 744 3539 806 'moua-

1937 813 2165 884 chorum
2215 813 2514 883 Regulam,
2558 813 2788 883 quorum
2836 813 3053 884 quidem
3109 816 3367 872 librorum
3411 836 3535 876 cum

1936 882 2101 937 veluti
2132 882 2692 957 sint__nuncupatori:e
2744 882 3007 957 epistolae,
3046 902 3165 957 non
3206 886 3365 957 video
3414 904 3531 957 cur,

1936 954 2365 1022 repugnantibus
2414 956 2527 1008 lere
2570 955 2732 1006 etiam
2767 970 2897 1007 mss.
2947 954 3254 1021 Codicibus,
3306 954 3532 1014 distrahi

1936 1036 1967 1074 a
2015 1025 2127 1077 suis
2157 1023 2261 1076 illa:
2309 1023 2440 1077 locis
2488 1022 2741 1077 debeant.
2795 1022 2870 1077 De
2918 1024 3108 1079 ordine
3157 1035 3531 1083 creaturarum

1938 1091 2094 1165 liber,
2139 1107 2168 1145 a
2220 1093 2483 1147 Dacherio
2524 1093 2721 1165 editus.
2777 1093 3033 1165 epistolas
3080 1103 3366 1161 sequetur;
3414 1100 3528 1165 qui,

1937 1162 2039 1231 etsi
2090 1170 2287 1230 praeter
2313 1176 2377 1215 ea
2420 1178 2538 1231 quae
2565 1162 2860 1218 Dacherius
2909 1171 2965 1217 et
2991 1163 3241 1217 Nieolaus
3272 1162 3533 1222 Antonius

1936 1230 2229 1297 disserunt,
2276 1230 2481 1285 Isidoro
2528 1233 2675 1285 illuni
2720 1231 2993 1300 adjudicat
3040 1233 3202 1287 etiam
3252 1233 3533 1292 Bobiensis

1938 1300 2225 1364 iudiculus,
2275 1318 2306 1356 a
2350 1301 2646 1357 Mur-atorio
2677 1305 2943 1370 vn‘gatus,
2977 1318 3191 1369 vereor,
3247 1312 3303 1356 ut
3342 1303 3403 1358 S.
3436 1308 3535 1361 do-

1937 1370 2075 1424 ctori
2118 1370 2282 1441 tribui
2335 1373 2523 1441 possit.
2558 1370 2850 1427 Sermones
2888 1372 3101 1427 tandem
3132 1373 3337 1441 aliquot
3376 1374 3532 1430 volu-

1938 1454 2084 1510 men,
2117 1440 2393 1505 claudent,
2439 1457 2547 1495 non
2601 1442 2821 1510 genuini
2877 1442 2952 1496 illi
2994 1441 3101 1495 duo
3147 1440 3534 1503 de’Nativitate

1937 1509 2175 1584 Domini,
2206 1510 2381 1584 deque
2400 1509 2626 1584 Sanctis
2656 1513 2892 1584 Angefis,
2936 1511 3350 1584 a_Con;tant_ino
3371 1513 3531 1584 Caje-

1941 1588 2067 1632 tano
2098 1580 2354 1647 divulgati
2389 1581 2464 1648 (bi
2496 1582 2659 1639 enini,
2712 1582 2856 1647 quod
2896 1582 3070 1635 editor
3114 1581 3258 1636 haud
3298 1580 3535 1639 animad-

1937 1649 2137 1719 vertit,
2185 1664 2255 1702 ex
2300 1651 2417 1703 aliis
2469 1650 2659 1703 lsidori
2712 1648 2864 1704 libris
2913 1651 3151 1719 excerpti
3203 1656 3395 1716 sunt),
3441 1653 3533 1709 sed

1937 1718 2108 1786 spurii
2138 1726 2270 1781 tres,
2290 1734 2431 1787 quos
2455 1735 2485 1771 e
2507 1719 2850 1775 bibliothecis
2872 1720 3027 1788 primi
3051 1718 3313 1785 eruimus,
3329 1721 3535 1779 Isidoro

1868 1788 2225 1856 Bperperam
2280 1789 2601 1856 inscriptos,
2662 1804 2800 1841 unus
2846 1790 3057 1843 scilicet
3113 1802 3178 1843 ex
3230 1790 3535 1848 Malatestio

1945 1854 2231 1910 Caesenate
2258 1854 2461 1911 Codice
2506 1864 2695 1911 contra
2741 1858 3008 1921 Arianos;
3059 1858 3285 1923 alterpa
3315 1860 3539 1917 Nicolao

1948 1926 2182 1979 Antonio
2206 1937 2554 1989 memoratus,
2578 1926 2645 1979 de
2670 1924 2727 1982 S.
2760 1925 3034 1980 IEmiliani
3062 1928 3309 1983 laudibus
3340 1946 3371 1985 e
3402 1929 3535 1987 Ver-

1942 1994 2164 2049 celleusi
2198 1994 2496 2060 tabulario;
2532 1997 2722 2048 tertius
2747 2013 2778 2049 e
2807 1995 3122 2051 Florentino
3161 1996 3218 2053 S.
3239 1997 3404 2055 Marci
3433 2018 3537 2058 ms.

1944 2064 2103 2117 libro.
2134 2064 2372 2117 Accedet
2412 2073 2658 2133 quartus,
2690 2064 2790 2118 sub
2844 2064 3058 2119 Eusebii
3112 2066 3377 2127 Emisseui
3433 2087 3555 2128 no»

1945 2134 2089 2187 mine
2134 2135 2404 2205 vulgatus,
2455 2137 2522 2188 de
2575 2133 2819 2204 Corpore
2861 2143 2927 2188 et
2968 2134 3241 2205 Sanguine
3301 2138 3536 2204 Domini,

1943 2218 2114 2273 quem
2136 2204 2274 2273 apud
2318 2202 2652 2273 Marteuium
2688 2202 2790 2273 (De
2840 2206 3008 2273 antiq.
3038 2202 3293 2260 Ecclesize
3321 2202 3539 2265 [litibus

1946 2282 1985 2343 t_.
2019 2271 2284 2343 Ithediol.
2319 2273 2482 2335 edit.,
2517 2290 2589 2343 _p.
2627 2271 2754 2343 410)
2809 2271 3016 2343 Isidoro
3064 2284 3253 2331 nostro
3298 2278 3539 2335 tribuunt

1945 2341 2400 2413 Rothomagensis
2430 2353 2485 2395 et
2515 2341 2862 2399 Pratellensis
2885 2342 3118 2399 Codices
3146 2349 3462 2413 pervetusti.

2016 2411 2068 2463 7.
2121 2412 2227 2465 Sed
2270 2412 2322 2464 in
2364 2411 2537 2486 fronte
2590 2414 2784 2486 prioris
2833 2413 2989 2486 hujus
3034 2411 3322 2486 voluminis
3367 2419 3539 2486 partis

1944 2489 2139 2549 praeter
2181 2480 2486 2545 generalem
2520 2480 3049 2548 prsfationem’duze
3088 2480 3385 2540 exstabunt
3425 2488 3537 2543 dis-

1941 2549 2284 2622 Sertatioues.
2318 2552 2455 2618 Aget
2472 2551 2620 2619 prior
2646 2550 2710 2622 de
2733 2552 2891 2605 rebus
2913 2567 2943 2605 a
2967 2552 3022 2605 S.
3047 2551 3256 2607 Isidoro
3280 2556 3539 2622 praeclare

1942 2618 2131 2687 gestis,
2178 2618 2270 2671 ubi
2310 2618 2485 2673 etiam
2523 2623 2590 2675 de
2630 2620 2772 2673 illius
2831 2623 3155 2677 monachatu
3186 2618 3537 2681 Benedictino

1942 2688 2277 2765 deque_ejus_
2288 2704 2521 2765 corpore
2559 2690 2981 2759 disputabimus;
3008 2692 3389 2765 tnonacltatum
3418 2697 3537 2765 qui-

1942 2758 2092 2822 dem,
2121 2757 2431 2828 Mabillonio
2470 2761 2625 2824 duce,
2646 2757 2926 2828 negantes
2954 2762 3209 2816 adversus
3239 2757 3538 2820 Constanti-

1946 2843 2075 2882 num
2110 2827 2466 2901 Cajetanum;
2511 2845 2707 2901 corpus
2752 2827 2879 2885 vero
2924 2832 3171 2901 Hispanis
3208 2846 3535 2901 asserentes,

1941 2906 2131 2974 eontra
2160 2914 2319 2974 quam
2363 2898 2779 2974 Bononiensiqu
2811 2916 2993 2955 rerum
3019 2898 3536 2974 scriptoribusqui;

1942 2968 2174 3040 busdam
2220 2972 2391 3040 visum
2432 2979 2533 3024 est.
2588 2968 2790 3040 Vitam,
2817 2986 3034 3040 quoque
3078 2968 3269 3037 sancti,
3314 2988 3345 3027 a
3391 2968 3538 3032 Luca

1943 3036 2178 3111 Tudensi
2234 3039 2581 3111 descriptam,
2613 3049 2670 3111 et
2713 3054 2744 3093 a
2776 3036 3139 3111 Bollandianis
3185 3042 3403 3111 editam,
3446 3045 3536 3101 hic

1945 3109 2266 3180 recudemus
2289 3124 2411 3162 cum
2437 3109 2759 3180 llensclieuii
2787 3109 2848 3163 V.
2880 3111 2941 3165 C.
2966 3112 3272 3180 nostrisque
3298 3109 3536 3172 notatio-

1947 3177 2134 3250 nibus.
2154 3175 2391 3250 Obitum,
2416 3195 2445 3233 a
2481 3178 2787 3250 Iledempto
2816 3188 3116 3248 uazratum,
3140 3175 3294 3250 juxta
3320 3198 3538 3241 eorum-

1946 3247 2071 3302 dem
2101 3247 2577 3318 Bollandianorum
2629 3247 2956 3316 Editionem,
3005 3247 3169 3318 quam
3216 3268 3339 3307 cum
3388 3254 3535 3312 Con-

1946 3318 2164 3395 stantini
2214 3317 2459 3387 Cajetani
2512 3320 2786 3395 exemplo,
2816 3317 3087 3395 IIispanim
3127 3336 3297 3395 sacrae
3342 3324 3405 3393 (t.
3436 3323 3535 3395 IX)

1946 3388 2203 3451 editione,
2234 3402 2299 3442 ac
2346 3388 2709 3445 vetustissimo
2738 3388 3110 3447 Vallicelliano
3138 3388 3359 3446 Codice'
3383 3388 3536 3450 com;

1946 3458 2151 3527 paravi.
2194 3456 2324 3533 Qu_~._c
2362 3461 2429 3533 ad
2482 3459 2670 3533 lsidori
2702 3459 3012 3533 doctrinam
3043 3460 3366 3533 _scriptaque
3410 3479 3537 3533 spe-

1944 3534 2140 3601 ctant,_
2166 3529 2654 3601 explit-abitaltera
2684 3529 3008 3585 dissertatio.
3039 3529 3096 3584 In
3140 3546 3203 3585 ea
3244 3529 3535 3601 propterea

1944 3597 2012 3651 de
2037 3598 2254 3666 scriptis
2275 3600 2352 3670 ab
2373 3613 2440 3654 eo
2466 3600 2638 3663 libris,
2664 3608 2774 3670 tum
2797 3601 2889 3668 qui
2919 3601 2985 3653 ad
3008 3614 3120 3670 nos
3147 3597 3529 3670 pervencrunt,

1946 3674 2228 3743 tum__quos
2273 3666 2613 3743 intercidisse
2653 3666 2939 3743 dolemus;
2987 3668 3055 3743 de
3083 3666 3365 3743 catholicis
3399 3666 3534 3743 dog;

1947 3737 2217 3809 matibus,
2245 3738 2349 3809 _rab_
2395 3738 2487 3792 illo
2556 3738 2944 3808 propugnatis;
3001 3737 3069 3791 de
3130 3737 3529 3809 Scripturaruiu

1944 3819 2106 3873 quam
2134 3805 2377 3860 adhibuit
2396 3805 2643 3862 versione
2670 3823 2685 3872 ;
2713 3805 2781 3862 de
2801 3820 2990 3876 magna
3012 3820 3174 3875 quam
3202 3805 3531 3870 consecutus

1945 3884 2029 3948 est
2056 3876 2313 3948 doctrina:
2336 3878 2525 3948 Jama;
2555 3876 2730 3948 deque
2769 3878 3119 3948 amplioribus
3148 3878 3267 3946 ejus
3293 3880 3529 3948 Operam

1946 3944 2270 4016 editiouibus
2310 3946 2757 4016 disceptabimus.
2807 3945 2954 4002 Illius
2981 3944 3199 4015 quoque
3239 3944 3528 4007 bibliothe-

1946 4014 2503 4087 cam_illustrabimus,
2528 4018 2920 4072 vetustissimos
2947 4014 3523 4087 versusrexplanantes,

1945 4086 2038 4151 qui
2062 4082 2372 4155 Isidoriana:
2399 4086 2740 4141 bibliotheca:
2763 4087 2958 4155 pluteis
2983 4082 3241 4155 inscripti
3256 4082 3525 4155 feramur,
3584 4128 3587 4129 ν

1947 4155 2024 4208 uti
2050 4154 2190 4224 apud
2227 4154 2580 4211 Muratorium
2606 4154 2787 4211 videre
2813 4165 2897 4210 est
2938 4157 2988 4209 in
3015 4154 3187 4210 altero
3221 4154 3524 4216 Anecdotoé

1946 4222 2431 4296 rum'Latinorum
2471 4226 2871 4296 voluminetp.
2923 4224 3047 4279 208.
3095 4227 3308 4296 seqq.),
3361 4237 3418 4283 et
3468 4230 3526 4287 in

1947 4292 2169 4366 Ιιιξρλιι.
2197 4309 2347 4366 sacra
2374 4298 2435 4366 (t.
2467 4294 2554 4361 IX,
2585 4311 2637 4365 p.
2664 4292 2811 4365 576).

2015 4362 2069 4417 8’.
2094 4362 2399 4436 secundum
2422 4362 2833 4420 Isidoriaiiorutn
2864 4364 3095 4436 Operum
3119 4367 3372 4423 volumen
3393 4368 3526 4427 duas

1947 4433 2075 4513 item
2117 4434 2169 4486 in
2204 4443 2398 4513 partes
2426 4436 2757 4513 dividimus_:
2791 4433 3232 4513 Asceticislibris
3274 4439 3524 4513 alteram.

250 4522 420 4581 quem
468 4507 527 4561 S.
572 4505 832 4581 Gregorio
859 4506 1053 4581 Magno
1096 4508 1351 4581 adversus
1394 4503 1837 4581 Gussanvillajgum
1876 4522 1920 4581 ο
1948 4503 2169 4581 alteram
2202 4503 2266 4581 iis
2309 4506 2605 4581 tribuentes
2647 4506 2738 4573 qui
2779 4506 2847 4581 ad
2889 4506 3226 4581 disciplinam
3255 4509 3530 4578 pertinent

251 4579 600 4631 vindicarunt
647 4576 888 4637 Maurini.
939 4577 1078 4630 illius
1124 4577 1397 4640 editores;
1444 4578 1537 4631 sed
1585 4578 1837 4643 brevior,

252 4662 419 4717 quem
476 4646 709 4717 Grialius
760 4655 827 4717 et
869 4645 1116 4717 Breulius
1153 4645 1512 4713 divulgaruut,
1571 4662 1843 4715 quemque

250 4714 465 4840 ﬁsidoro
511 4714 925 4785 abjudicandum
974 4715 1141 4769 multa
1188 4722 1315 4770 sunt
1360 4730 1478 4785 qua:
1526 4717 1657 4770 mihi
1713 4714 1840 4770 sua-

295 4800 400 4840 ean
431 4824 445 4839 .

295 4795 445 4842 eant.

328 4853 382 4908 6.
418 4855 601 4909 Altera
653 4854 847 4925 prioris
900 4854 1186 4911 voluminis
1240 4869 1367 4925 pars
1411 4853 1739 4925 dogmat'ca,
1766 4855 1841 4909 uti

256 4940 433 4993 nuper
452 4923 721 4990 dicebam,
769 4925 828 4980 S.
862 4925 1045 4979 lsidori
1078 4923 1254 4994 opera
1273 4923 1682 4994 complectetur.
1725 4924 1842 4979 Pri-

257 5011 408 5049 mum
458 4996 600 5050 inter
648 5010 712 5050 ea
760 4996 862 5049 sibi
911 4993 1188 5049 vindicant
1232 4995 1407 5049 locum
1439 4993 1840 5049 Sententiarum

259 5064 381 5118 libri
412 5072 543 5129 tres,
583 5066 675 5135 qui
696 5075 751 5119 et
787 5066 855 5120 de
890 5064 1116 5119 Summo
1145 5065 1295 5135 Bono
1323 5064 1703 5119 inscribuntur.
1737 5064 1841 5119 Eos

257 5142 443 5187 autem
491 5134 831 5199 recudemus,
890 5150 1012 5190 cum
1071 5134 1316 5189 undecim
1373 5150 1503 5189 mss.
1554 5135 1840 5189 Codicibus

257 5213 630 5273 comparatos,
663 5204 978 5267 Veronensi,
1011 5203 1286 5271 Chisiano,
1322 5204 1636 5270 Barberiuo,
1668 5203 1841 5258 Pisto-

261 5276 452 5337 rieusi,
478 5273 723 5335 Lucensi.
760 5275 1082 5329 Florentinis
1112 5274 1323 5328 duobus
1351 5278 1407 5328 S.
1445 5273 1630 5340 Marci,
1672 5275 1841 5329 tribus

256 5343 389 5397 item
421 5342 748 5399 Florentinis
797 5342 856 5398 S.
907 5344 1121 5407 Crat‘is,
1172 5358 1235 5397 ac
1284 5354 1471 5398 no~tro
1515 5345 1694 5397 δεῖξαιΙί
1725 5359 1838 5398 xut.

255 5412 535 5467 Accedent
587 5415 706 5468 libri
746 5413 851 5467 duo
881 5416 947 5467 ad
999 5414 1363 5468 Florentinam
1395 5427 1662 5479 sororem,
1716 5428 1837 5467 cum

255 5483 500 5552 quinque
548 5499 677 5538 mss.
708 5483 995 5538 Codicibus
1024 5483 1226 5551 collati,
1265 5483 1578 5537 Μαιαιθειίἰς
1607 5484 1836 5547 duobus,

256 5553 486 5607 totidem
504 5552 830 5608 Florentinis
851 5569 916 5608 ac
936 5552 1163 5607 Luceusi
1184 5570 1198 5618 ;
1230 5562 1340 5607 tum
1361 5554 1604 5621 epistola:
1625 5554 1838 5621 aliquas,

255 5621 667 5693 adfﬂassonem
706 5638 901 5692 nempe
924 5625 1085 5693 (hanc
1112 5639 1236 5678 cum
1269 5619 1495 5693 duobus,
1529 5619 1841 5693 Ρίδιοτιθιιξιὶ

253 5691 467 5746 scilicet
489 5702 544 5747 et
575 5691 994 5759 Vindobonensi,
1217 5692 1477 5762 exemplis
1505 5692 1842 5761 comparavi-

256 5763 423 5819 mus).
457 5762 526 5817 ad
565 5761 887 5819 IIelladium.
931 5763 998 5819 ad
1027 5694 1317 5819 ἒὲἓιίιιω
1368 5763 1577 5819 ducem.
1624 5761 1691 5819 ad
1735 5761 1840 5819 Re-

256 5763 423 5831 mus),
457 5762 526 5817 ad
565 5761 887 5833 IIelladium,
931 5761 1317 5841 ad‘CﬁtIdium
1368 5761 1577 5832 ducem,
1624 5761 1691 5821 ad
1735 5761 1840 5820 Re-

1946 4572 2396 4648 ecclesiasticam.
2423 4572 2584 4648 Primi
2597 4572 2844 4648 generis
2856 4586 2990 4648 sunt,
3008 4572 3053 4648 Ii.
3078 4572 3524 4648 Synonymorum

1944 4641 2065 4695 libri
2079 4642 2210 4709 duo,
2225 4657 2350 4696 cum
2367 4643 2577 4697 duobus
2596 4641 2964 4699 Laurentiaua:
2981 4641 3322 4701 bibliotheca:
3342 4662 3526 4702 exem-

1987 4711 2048 4766 lis
2096 4711 2508 4784 comparati._2.
2559 4712 2825 4784 Ile_329
2866 4722 3179 4784 contemptu
3234 4716 3439 4771 mundi.
3467 4716 3521 4773 5.

1994 4781 2266 4834 xhortatio
2298 4782 2612 4852 paenitendi.
2639 4781 2692 4834 4.
2718 4781 3043 4837 Eauientum
3084 4781 3431 4852 pmnitentize.
3465 4786 3521 4843 5.

1947 4849 2129 4905 Oratio
2160 4865 2257 4919 pro
2300 4849 2642 4919 correptione
2674 4852 2814 4906 vitm.
2850 4853 2903 4907 6.
2946 4849 3129 4909 Oratio
3158 4865 3350 4911 contra
3395 4858 3525 4913 insi-

1946 4922 2065 4975 dias
2094 4920 2313 4990 diaboli.
2345 4921 2398 4974 7.
2441 4920 2646 4985 Oratio,
2684 4921 2799 4977 sive
2838 4922 3137 4990 Confessio.
3189 4941 3219 4980 a
3250 4927 3521 4984 Constan-

1948 4991 2059 5044 tino
2086 4988 2372 5063 Cajetauo_
2402 4990 2692 5059 divulgata.
2746 4992 2801 5047 8.
2852 4993 3049 5063 Regula
3106 4988 3517 5063 monachorum,

1942 5062 2030 5115 cui
2058 5077 2125 5115 ex
2155 5075 2299 5115 nono
2327 5061 2670 5116 Marteuianaa
2697 5061 3032 5119 collectionis
3058 5068 3331 5121 volumine
3358 5061 3518 5122 acceé

1942 5130 2033 5203 det
2080 5139 2241 5200 caput
2296 5132 2573 5203 ultimum,
2628 5134 2742 5188 sive
2800 5133 3002 5203 Regula
3054 5136 3397 5201 devotarum;
3446 5150 3517 5189 es

1944 5201 2117 5269 primo
2147 5216 2276 5255 vero
2304 5201 2771 5258 Beuedictinorum
2800 5201 3071 5258 annalium
3097 5216 3243 5259 tomo
3273 5205 3514 5269 Pactum,

1942 5272 2083 5339 quod
2136 5270 2553 5344 IIonoriat-ensis
2612 5275 2921 5344 monasterii
2973 5274 3237 5344 monachi,
3279 5274 3513 5344 (horum

1980 5347 2115 5413 ratia
2165 5341 2421 5413 Regulam
2477 5357 2626 5395 suam
2659 5342 2891 5398 Isidorus
2920 5344 3157 5413 scripsit)
3195 5341 3377 5397 abbati
3416 5358 3517 5398 suo

1942 5356 2115 5463 gratia
2165 5356 2421 5412 negatam
2477 5357 2626 5395 suam
2659 5356 2891 5398 Isidorus
2920 5356 3157 5413 scrtpsu)
3195 5356 3377 5397 abbatt
3416 5358 3517 5398 suo

1964 5412 2232 5494 emebant.
2267 5412 2641 5494 genuina
2671 5421 2815 5491 sunt,
2840 5428 2957 5481 qua:
2980 5414 3140 5494 ititer.
3168 5415 3345 5494 loeth
3374 5413 3517 5494 Itan

1947 5481 2137 5552 damus
2165 5480 2347 5552 libello
2367 5478 2434 5536 de
2453 5478 2761 5544 Conversis,
2789 5478 2949 5552 quem
2978 5481 3242 5538 IIenricus
3269 5478 3518 5537 Canisius

1986 5551 2151 5621 rimus
2205 5550 2406 5621 edidit,
2455 5552 2665 5606 recudit
2708 5550 2835 5605 vero
2876 5552 3182 5621 Cajetauus,
3224 5566 3333 5605 non
3373 5554 3517 5621 qqu

2000 5619 2153 5689 idoro
2194 5618 2580 5687 abjudicandus
2606 5620 2696 5684 sit,
2737 5629 2796 5674 ut
2826 5618 3052 5689 nugatur
3080 5618 3519 5689 Basnagiusfsed

1948 5688 2113 5758 quod,
2164 5688 2282 5757 ipso
2312 5704 2418 5744 non
2466 5689 2727 5744 diltitente
2778 5688 3059 5758 Caietano,
3102 5707 3168 5744 ex
3220 5688 3524 5747 lsidorisms

1948 5758 2347 5818 Sententiarum
2388 5758 2540 5817 libris
2576 5758 2863 5829 decerptus
2886 5760 2974 5818 sit.
3005 5758 3365 5827 Quamobrem
3395 5766 3526 5820 satis
