4002 6196
437 270 540 327 2ῧὸ

442 475 621 532 nalem
673 471 990 527 Lorenzana
1020 510 1036 535 ,
1084 463 1446 533 autographas
1497 462 1756 530 quidem,
1804 459 1900 514 sed
1952 459 2027 513 ita

439 562 811 632 frequentibus
850 557 1026 611 lituris
1070 564 1126 610 et
1160 551 1592 608 eorrectionibus
1628 565 1941 620 respersas,
1973 555 2032 602 ut

439 655 638 710 merito
660 648 891 705 dubitari
922 645 1093 716 possit
1117 659 1184 698 an
1210 642 1516 713 exemplum
1546 657 1731 696 earum
1763 640 1814 694 in
1841 639 2031 710 llispa-

445 745 590 800 niam
620 742 841 795 missum
872 735 1124 791 omnibus
1152 734 1481 804 inpartibus
1508 731 1830 788 consentiat.
1875 730 1933 784 in
1972 745 2034 785 re

444 835 560 903 ipsa
589 838 738 887 certe
763 827 1046 889 vixnllum
1077 826 1365 882 discrimen
1394 823 1763 879 intercessisse
1789 821 2034 878 credide-

443 926 567 980 rim.
621 921 851 975 Primam
908 918 1194 990 epistolam
1237 918 1418 971 datam
1464 914 1658 986 opinor
1685 929 1828 969 anno
1858 913 2031 984 1782,

443 1031 564 1086 quae
587 1016 703 1070 sine
731 1013 1080 1081 inscriptione
1109 1010 1214 1064 ulla
1242 1008 1433 1078 incipit
1459 1025 1474 1062 :

445 1127 713 1183 Zaccarire
735 1123 952 1194 cpistola
981 1122 1050 1175 ad
1078 1121 1566 1194 excellentissimum
1585 1119 2032 1194 archiepisfopum

518 1186 823 1250 Toletanu'm
850 1209 986 1246 nunc
1015 1192 1472 1246 eminentissimum
1495 1189 1816 1242 cardinalem
1837 1186 2036 1240 Laren-

519 1281 726 1319 zonam.

515 1358 568 1412 9.
614 1356 1010 1410 Recreaverant
1052 1367 1140 1406 me
1167 1351 1440 1405 Toletanze
1482 1348 1702 1410 litterze,
1747 1361 1814 1400 ex
1842 1345 2036 1416 quibus

447 1441 795 1494 acceperam,
823 1435 1026 1494 quanta
1069 1421 1236 1494 anim_i
1269 1421 1528 1494 facilitate
1573 1433 1677 1494 non
1717 1416 1894 1470 solum
1927 1431 2033 1494 ma-

449 1486 658 1566 gnilicis
703 1486 819 1550 istis
841 1486 965 1566 '_t_uis
1017 1506 1139 1566 eum
1189 1489 1574 1566 Toletauorum
1614 1486 1868 1566 Patrum,
1920 1493 2036 1538 tum

447 1555 814 1642 conciliorum
845 1561 1114 1642 llispania:
1132 1558 1495 1642 editionibus,
1547 1569 1635 1610 me
1663 1555 1870 1642 donare
1897 1569 2034 1636 con-

447 1635 737 1700 stituisses,
767 1632 860 1688 sed
889 1625 1049 1686 etiam
1081 1628 1149 1683 ad
1169 1642 1353 1700 cam,
1379 1641 1541 1696 quam
1585 1625 1840 1700 a__r_nultis
1879 1626 2036 1700 annis

449 1705 668 1759 molitus
694 1694 843 1765 sum,
885 1700 1126 1756 omnium
1169 1694 1588 1752 lsilorianorum
1631 1694 1890 1765 librorum
1921 1694 2036 1765 edi-

450 1776 652 1827 tionem
699 1763 893 1839 insigni
928 1770 1111 1839 neseio
1142 1768 1298 1839 cujus
1327 1767 1589 1839 hactenus
1634 1763 1823 1839 inediti
1854 1763 2034 1839 operis

452 1831 832 1896 additamento
867 1831 1611 1907 locupletandam,__hancque
1653 1831 2034 1907 ip_sam,_diﬂ_i-

450 1911 664 1983 ci‘limis
711 1911 836 1983 licet
873 1900 1246 1983 temporibns,
1293 1904 1473 1972 aliquo
1514 1900 1774 1983 pecuniae.
1797 1900 2036 1957 subsidio

446 1980 749 2049 iuvandam
772 1971 1123 2049 declarasses.
1163 1975 1290 2049 Nee
1315 1971 1445 2049 vero
1480 1971 1622 2026 aliud
1649 1971 2034 2049 mihi_exspec-

452 2040 674 2103 iamlum
728 2046 918 2108 fuerat,
964 2047 1079 2100 sive
1130 2043 1472 2112 amplissima:
1522 2049 1628 2095 tua:
1678 2040 1857 2103 sedis,
1917 2054 2037 2162 (itm

452 2119 712 2162 lnitlnrmn
743 2116 971 2162 duorum
1003 2112 1142 2162 amid
1180 2129 1238 2162 se
1260 2112 1611 2162 conciliorum
1635 2108 1916 2162 nrzesidem
1980 2125 2037 2161 a-

451 2119 712 2174 lsidorum
743 2116 972 2171 duorum
1003 2112 1142 2183 apud
1180 2108 1238 2166 se
1260 2112 1611 2183 conciliorum
1635 2108 1916 2183 p_ra:sid_em
1937 2108 2040 2183 ha-

451 2188 632 2242 buisse
661 2186 942 2251 gloriatur,
972 2178 1324 2251 dignitatem,
1358 2181 1472 2234 sive
1515 2179 1786 2251 singulare
1814 2178 1879 2251 in_
1899 2178 2040 2251 anti-

451 2272 591 2325 quos
613 2246 884 2338 Hispania:
912 2246 1145 2333 Patresa
1165 2265 1394 2320 quormu
1427 2246 2036 2338 sane'princeps..lsido-

454 2317 544 2380 rus
565 2337 666 2390 est,
690 2317 803 2378 sive
823 2317 1313 2391 exquisitissimam,
1336 2333 1442 2388 qua
1465 2317 1655 2387 polles,
1681 2317 2039 2372 eruditionem

454 2394 840 2450 consideranti.

526 2463 612 2517 10.
655 2461 852 2516 Verum
885 2460 1092 2529 (patere
1119 2457 1293 2529 enim,
1325 2455 1518 2529 prazsul
1545 2454 2037 2529 excellentissime,

455 2541 516 2588 ut
555 2533 789 2586 animum
822 2524 923 2584 tibi
955 2544 1132 2582 meum
1176 2524 1451 2581 liberrime
1486 2525 1739 2594 pandam)
1791 2524 2039 2594 nonnihil

453 2602 582 2670 haesi
611 2617 734 2656 cum
764 2607 950 2670 postea
995 2599 1233 2670 cogitare
1281 2605 1334 2650 te
1373 2595 1442 2670 de
1485 2593 1607 2670 mea
1656 2593 1759 2647 hac
1799 2593 2041 2648 editione

452 2669 631 2728 Toleti
661 2663 898 2725 curanda
938 2663 1345 2722 intellexissent.
1383 2663 1517 2724 Nam
1565 2664 1610 2717 si
1645 2675 2034 2732 repugnarem,

456 2743 683 2796 verebar
711 2754 776 2794 ne
807 2746 898 2792 aut
939 2738 990 2791 in
1017 2745 1221 2791 tantam
1243 2750 1404 2804 quam
1432 2747 1558 2802 erga
1589 2733 2038 2804 mepraatctutisti

455 2810 842 2866 humanitatem
891 2809 1157 2874 ingratus,
1187 2801 1282 2858 aut
1319 2805 1372 2858 in
1403 2818 1521 2874 mea
1550 2801 2040 2874 petitione_moles-

458 2889 544 2934 tus
573 2880 669 2934 tibi
691 2887 852 2946 atque
879 2871 1368 2946 importunusesse
1397 2871 1641 2927 viderem.
1663 2871 1824 2939 Atqui
1858 2879 2038 2946 tamen

459 2963 682 3003 necesse
707 2941 789 3000 est
819 2955 875 2998 ut
904 2941 997 2999 tibi
1019 2944 1362 3014 gravissimas
1391 2955 1521 3014 sane
1551 2956 1743 3014 causas
1768 2941 2001 3014 aperiam
2019 2981 2036 3008 ,

458 3034 556 3072 cur
570 3017 730 3088 335
749 3015 814 3068 ab
829 3015 930 3068 hoc
953 3024 1006 3068 te
1018 3009 1277 3088 dimoveri
1301 3009 1528 3088 consilio
1550 3011 1783 3064 maxime
1801 3009 2033 3088 cupiam.

460 3080 744 3157 Atque—ilia
772 3093 921 3139 certe
948 3083 1165 3136 maximi
1199 3080 1457 3157 ponderis
1482 3089 1594 3157 est,
1626 3094 1745 3157 qua:
1778 3093 1898 3134 sese
1928 3081 2037 3157 pri-

459 3149 606 3211 muin
627 3155 817 3220 oﬂ‘ert,
843 3167 1093 3222 magnum
1110 3194 1125 3217 ,
1156 3149 1264 3221 quo
1289 3151 1662 3222 disjungimur,
1689 3149 1930 3222 locorum
1955 3152 2037 3202 iu-

459 3225 761 3282 tervallum.
795 3219 1109 3289 Nuperrime
1133 3219 1255 3275 cum
1291 3219 1529 3289 duorum
1557 3228 1652 3271 aut
1682 3219 1840 3271 trium
1869 3234 2039 3273 anuo-

457 3311 574 3350 rnm
618 3287 1024 3362 exspectatione
1071 3289 1356 3362 fatigatus,
1408 3287 2032 3362 tandemhpnstremam,

457 3379 574 3434 qua:
608 3355 737 3434 mihi
768 3362 1065 3434 necessaria
1085 3355 1196 3425 est,
1229 3357 1595 3434 Matritensem
1711 3355 1898 3434 lsidori
1919 3359 2037 3410 eti-

457 3426 658 3488 t'ionem
699 3431 936 3486 Gadibus
983 3432 1360 3499 impetrassem
1388 3468 1402 3492 ,
1471 3426 1662 3499 viginti
1715 3427 1956 3499 quinque
2005 3441 2035 3480 a

456 3502 775 3558 Liburnensi
824 3509 980 3570 portu
1034 3496 1352 3570 milliaribus
1400 3497 1561 3567 periit
1609 3496 1876 3570 navicula
1914 3510 2037 3564 quae

456 3589 633 3628 meum
662 3563 922 3627 Isidor-um
953 3568 1249 3625 deferebat.
1284 3570 1365 3620 An
1396 3563 1502 3619 non
1533 3563 1722 3620 eodem
1743 3568 1795 3618 in
1821 3563 2034 3632 itinere,

454 3653 545 3696 aut
574 3645 764 3702 etiam,
796 3640 940 3710 quod
973 3654 1078 3692 non
1108 3636 1274 3710 semel
1311 3635 1738 3710 accidit,_ist_ltic
1774 3636 1914 3710 apud
1955 3635 2038 3704 ip-

452 3728 568 3765 sum
600 3703 987 3780 typographum
1007 3749 1022 3773 ,
1048 3707 1278 3780 _aut_alio
1314 3721 1420 3780 non
1453 3703 1835 3780 absimilieasu
1865 3703 2035 3780 inter:

453 3775 636 3834 edere
661 3773 875 3848 posset,
917 3778 1061 3846 quod
1090 3777 1190 3848 ad_
1210 3789 1269 3848 te
1299 3777 1603 3848 mitterem,
1637 3775 1771 3848 eden
1793 3775 1900 3826 lum
1931 3773 2035 3827 mei

453 3852 632 3916 operis
665 3844 1006 3912 exemplum?
1040 3845 1227 3916 Aliud,
1262 3844 1500 3916 inquies,
1545 3845 1770 3916 apttdte
1796 3852 2030 3916 servato.

451 3911 524 3973 At
555 3935 710 3973 nemo
741 3927 792 3972 te
823 3911 1012 3970 melius
1055 3915 1304 3982 intelligit
1341 3929 1504 3980 quam
1549 3911 1768 3965 dil‘ﬂcile
1807 3914 1876 3966 sit
1925 3921 2036 3966 tres

450 4003 654 4057 eosque
694 3991 1034 4057 praegnantes
1077 3995 1252 4038 tomos
1297 3999 1456 4053 posse
1489 3997 1644 4057 nunc
1676 3982 1935 4057 exscribi,
1968 3996 2032 4036 ac

451 4051 660 4114 sumina
686 4051 878 4111 deinde
906 4056 1178 4122 diligeuta
1198 4097 1210 4115 ,
1261 4051 1320 4106 ui
1356 4052 1576 4105 omnino
1617 4064 1834 4102 necesse
1862 4051 2033 4116 foret,

450 4128 762 4197 recognosci
797 4127 1022 4197 intanta
1052 4124 1316 4197 variarum
1331 4122 1650 4197 -leetionum
1669 4125 1831 4197 atque
1847 4133 2033 4197 ,διωρ-

451 4186 719 4251 ῑειιίοἷιυιιι
749 4195 902 4261 c0pia
935 4211 946 4244 :
979 4193 1106 4259 quin
1131 4199 1184 4243 et
1212 4188 1510 4261 diutissime
1538 4186 1894 4254 protrahenda
1921 4188 2036 4243 edi-

451 4268 528 4320 tin
571 4276 742 4328 esset,
771 4258 832 4318 et
850 4258 1081 4316 maxima
1114 4259 1320 4328 argenti
1360 4258 1411 4310 vi
1450 4271 1804 4310 amanuenses
1835 4273 2028 4326 repen-

451 4337 633 4390 dendi.

529 4404 612 4457 11.
654 4401 789 4470 Quid
811 4415 942 4454 vero
963 4399 1006 4454 si
1031 4397 1498 4470 j-lurimatqttidem
1517 4437 1532 4464 ,
1555 4410 1617 4450 ac
1645 4395 2031 4470 penetdixerim

455 4466 864 4527 innumerabilia
907 4471 959 4522 in
1008 4466 1325 4522 adversariis
1351 4469 1576 4521 habeam
1629 4466 1696 4518 ad
1737 4466 2030 4520 editionem

454 4542 807 4612 pertinentia,
837 4539 1157 4612 paucissima
1188 4553 1317 4612 vero
1344 4543 1494 4605 prelo
1524 4535 1747 4612 parata?
1772 4534 2032 4612 Nimirum

453 4603 516 4666 ea
547 4614 672 4666 mihi
701 4603 916 4679 semper
953 4623 1105 4662 mens
1142 4605 1271 4679 luit,
1307 4603 1368 4679 ut
1393 4622 1534 4679 cum
1579 4603 2032 4679 Mmeenatemtui

453 4683 683 4736 similem
711 4675 901 4735 nactus
925 4692 1099 4733 essnn
1119 4717 1134 4740 ,
1165 4677 1255 4744 qui
1277 4675 1569 4730 editionem
1595 4675 1707 4726 suis
1731 4675 2032 4743 sumptibus

455 4752 702 4806 facillima
735 4752 1114 4817 impressorum
1155 4743 1526 4817 exemplorum
1575 4743 1914 4817 venditione,
1975 4756 2032 4798 ut

452 4822 640 4887 decet,
667 4815 1080 4887 compensandis
1105 4824 1353 4887 curaret,
1393 4815 1459 4868 ad
1498 4829 1616 4868 eam
1644 4823 1770 4867 tunc
1799 4815 2029 4887 primum

453 4883 644 4944 manus
687 4883 1061 4951 admoverent,
1097 4883 1402 4954 eodemque
1441 4892 1681 4952 tempore
1719 4891 1776 4936 et
1822 4885 2029 4954 edenda

454 4960 658 5028 scripto
681 4957 1107 5028 consignarem,
1133 4962 1189 5008 et
1225 4953 1350 5028 seri,
1375 4963 1435 5028 ta
1471 4954 1804 5028 typographo
1842 4953 2028 5028 impri-

455 5023 646 5083 menda
674 5023 1032 5081 traderentur.
1063 5023 1249 5092 Neque
1281 5025 1331 5077 id
1368 5024 1677 5083 uni-aberis,
1707 5025 1898 5092 pnnsul
1931 5038 2030 5076 ex-

455 5098 865 5162 cellentissime,
897 5096 988 5164 qui
1017 5091 1187 5164 probe
1231 5093 1485 5161 intelligis
1517 5098 1719 5164 quanto
1764 5091 1892 5164 mihi
1933 5099 2028 5144 tie-

453 5167 544 5222 dio
561 5169 795 5221 futurum
811 5159 998 5220 fuisset
1015 5159 1219 5217 (extum
1239 5159 1549 5224 emendare,
1573 5160 1748 5212 varias
1768 5159 2028 5215 lectiones

454 5237 714 5304 adjicere,
746 5235 1064 5306 opportunis
1091 5248 1214 5288 cum
1242 5233 1376 5306 meis
1399 5241 1513 5284 tum
1542 5230 1769 5306 aliorum
1799 5237 2029 5306 annota-

456 5300 707 5361 tionibus
735 5300 962 5360 obseura
1010 5304 1126 5357 loca
1169 5302 1475 5371 explicare,
1529 5300 1657 5371 quin
1708 5305 1854 5371 certa
1902 5313 2029 5371 spes

453 5373 732 5443 atfulgeret
761 5383 868 5429 tam
897 5373 1150 5428 laboriosi
1177 5369 1358 5442 operis
1401 5369 1690 5440 aliquando
1721 5369 1938 5424 tandem
1976 5370 2033 5425 in

453 5447 626 5504 lucem
655 5445 955 5499 emattendi.

523 5517 608 5572 12.
633 5515 1005 5585 Quamobrem
1023 5511 1171 5567 vides
1203 5526 1310 5585 non
1337 5522 1625 5585 νοθεῖ-ωε
1643 5507 1790 5585 2nisi
1820 5507 2028 5585 Romae,

452 5586 541 5642 ubi
569 5578 738 5656 dego,
773 5589 842 5644 de
877 5581 1116 5643 editione
1161 5578 1423 5656 cogitare3
1472 5578 1556 5634 Sit
1575 5578 1721 5656 ⁸ῃιίιιί
1760 5580 2025 5648 pecunia:

453 5667 562 5710 nuo
589 5648 826 5712 alienove
855 5667 975 5727 post
1011 5665 1196 5714 mense
1225 5648 1549 5722 suscipietur
1575 5648 1696 5718 illa,
1729 5663 1902 5720 maluo
1932 5665 2030 5706 un-

457 5735 614 5790 quam
643 5727 871 5783 cessabit
896 5727 1021 5784 dum
1047 5728 1391 5802 perﬁciatura

1167 262 1257 318 AD
1295 260 1524 318 OPERA
1561 257 1622 314 S.
1661 256 1913 315 ISIDORI
1951 255 2386 316 lllSPALENSIS
2427 255 2961 316 PROLEGOMENA.

439 382 614 438 habeo
653 379 920 436 Zaccaria:
957 375 1215 448 epistolas
1241 375 1310 428 ad
1335 370 1815 428 eminentissimum
1845 368 2024 424 eardi-
2055 375 2103 430 Α

2062 3115 2110 3176 C

3612 261 3718 320 264

2201 373 2288 426 l3.
2331 369 2553 442 Accedit
2581 371 2647 423 ad
2678 371 2816 442 lucc,
2853 369 2965 425 tieri
2997 384 3104 424 non
3147 384 3307 442 posse
3346 373 3478 442 quin
3512 374 3721 431 crebra

2131 443 2478 497 suboriantur
2505 440 2903 501 dubitationes.
2938 441 3234 510 praisertim
3267 440 3414 510 quod
3442 442 3510 496 ad
3539 445 3720 502 varias

2133 512 2392 581 lectiones
2421 510 2644 581 attinet,
2678 511 2770 581 vix,
2799 509 3065 581 diluenda:
3082 535 3106 572 ,-
3131 509 3231 563 nisi
3263 509 3404 564 uova
3432 527 3611 581 eaque
3640 515 3719 570 la-

2131 582 2328 637 cillima
2361 579 2473 634 Cod
2496 594 2616 633 cum
2639 617 2653 639 ,
2684 580 2775 646 qui
2798 579 2885 632 hic
2914 592 3108 645 magno
3137 595 3366 634 numero
3395 579 3551 647 sunt,
3582 599 3721 639 con-

2131 651 2444 706 sultatione.
2476 648 2542 700 At
2578 649 2705 715 quil
2747 648 2793 703 si
2833 648 3255 718 manuscriptum
3302 665 3483 706 meum
3534 667 3722 708 exem-

2133 722 2278 792 plum
2301 718 2460 792 isthic
2486 719 2672 792 esset?

2203 787 2293 845 M.
2334 787 2454 852 llzn,
2483 803 2549 842 ne
2578 787 2787 859 longior
2811 787 3093 859 sim_quam
3125 804 3222 856 par
3248 798 3356 852 est,
3388 791 3720 859 gravissima:

2131 874 2234 915 cau
2263 874 2308 913 ω
2332 871 2456 913 sunt
2485 873 2579 912 cur
2601 855 2877 911 Toletaua:
2909 857 3205 912 Romanam
3239 860 3368 913 mihi
3395 855 3714 917 'editionem

2132 945 2266 984 nece
2297 929 2437 982 sario
2462 926 2844 998 prazferendam
2861 941 3130 998 censeam.
3157 927 3262 982 Eas
3283 944 3380 998 pro
3413 939 3504 984 tua
3527 933 3718 986 harum

2133 1015 2314 1069 rerum
2346 995 2678 1069 experientia
2709 995 2754 1049 si
2803 997 3185 1069 perpenderjs,
3213 995 3398 1064 quidni
3425 1001 3566 1069 aequi
3606 1003 3722 1057 illas

2137 1068 2377 1136 bonique
2409 1077 2461 1120 te
2499 1066 2764 1136 facturum
2796 1069 3048 1135 sperem?
3098 1067 3282 1135 Neque
3329 1066 3510 1125 tamen
3567 1080 3716 1125 tuum

2135 1137 2266 1191 tnihi
2286 1134 2591 1191 defuturum
2613 1134 3096 1207 auxiliummetuo.
3130 1134 3316 1207 Itaque
3335 1138 3462 1190 illud
3488 1140 3721 1207 primum

2136 1222 2167 1260 a
2217 1217 2268 1260 te
2308 1216 2471 1275 peto,
2519 1215 2577 1275 ut
2615 1205 2914 1275 cujusmodi
2967 1207 3038 1258 sit
3080 1205 3225 1273 quod
3271 1207 3414 1274 apud
3455 1205 3508 1261 te
3551 1209 3721 1265 latere

2138 1273 2377 1331 in'ellexi
2429 1274 2690 1331 ἀνέκδοτον
2735 1274 2793 1328 S.
2840 1273 3029 1330 lsidoi
3079 1273 3430 1341 npusculum,
3464 1292 3551 1332 me
3597 1281 3728 1334 edo-

2137 1361 2283 1401 ceas.
2311 1345 2421 1400 lloe
2442 1347 2585 1399 enim
2613 1345 2700 1398 ubi
2721 1345 2850 1397 mihi
2878 1345 3294 1414 signiticaveris,
3317 1347 3498 1399 statim
3524 1364 3724 1403 novum

2138 1430 2272 1470 mea:
2291 1415 2540 1469 editionis
2561 1423 2907 1484 conspectum
2931 1414 3016 1468 hic
3036 1415 3209 1478 edam,
3243 1415 3351 1469 late
3379 1431 3473 1484 per
3494 1415 3723 1483 Italiam,

2140 1485 2447 1554 Hispanias,
2465 1483 2692 1537 Galliam
2717 1483 2956 1551 aliasque
2975 1484 3224 1550 regiones
3235 1483 3723 1551 disseminandum,

2138 1569 2248 1624 quo
2277 1554 2422 1608 docti
2446 1554 2542 1607 viri
2572 1554 2639 1624 ad
2665 1569 2860 1607 nomen
2887 1568 3044 1607 suum
3075 1554 3199 1608 huic
3243 1554 3465 1624 editioni
3487 1555 3726 1611 dandqu

2141 1623 2458 1682 invitentur.
2499 1623 2629 1690 quin
2666 1624 2957 1692 quidquam
2998 1625 3238 1692 pecunia:
3287 1623 3341 1676 iu
3387 1633 3727 1681 antecessum

2145 1702 2460 1758 numerent,
2508 1701 2724 1762 pactum
2760 1692 3000 1764 pretium
3037 1706 3143 1746 non
3191 1692 3294 1746 nisi
3347 1694 3439 1747 ubi
3485 1697 3729 1764 singulos

2067 1749 2112 1808 Β
2141 1773 2319 1820 tomos
2348 1749 2659 1831 acceperint
2681 1749 3024 1830 per'so'uturi.

2213 1833 2302 1887 l5.
2347 1832 2548 1886 Deinde
2576 1832 2678 1886 hoc
2710 1831 2942 1886 maxime
2972 1831 3164 1894 velim,
3203 1841 3263 1886 ut
3303 1848 3372 1888 ne
3411 1848 3611 1890 renuas
3637 1834 3734 1889 lsi-

2141 1904 2421 1958 dorianam
2470 1903 2610 1955 hanc
2649 1901 2942 1955 editionem
2997 1902 3328 1968 amplissimo
3377 1905 3580 1957 nomini
3637 1914 3730 1959 tuo

2141 1973 2380 2028 inscribi.
2412 1972 2678 2038 Quoniam
2709 1985 2838 2024 vero
2860 1973 3130 2025 sociorum
3175 1986 3455 2026 neuierum
3485 1974 3616 2028 satis
3637 1990 3731 2029 ex-

2140 2043 2338 2113 pensis,
2359 2041 2583 2113 secundi
2614 2039 2929 2113 voluminis,
2971 2055 3036 2113 ac
3062 2041 3321 2113 deinceps
3351 2043 3493 2096 tertii
3523 2059 3723 2111 suppe-

2140 2109 2374 2166 ditandis
2402 2109 2644 2179 futurum
2673 2111 2836 2179 336
2860 2125 2966 2164 non
2992 2109 3180 2165 dubito
3199 2152 3215 2177 ,
3247 2109 3350 2166 erit
3381 2109 3732 2168 humanitatis

2143 2189 2267 2244 tum,
2289 2180 2474 2250 tuique
2501 2180 2553 2232 in
2572 2178 2831 2233 [siderum
2857 2179 3016 2250 studii
3046 2187 3252 2234 tantum
3278 2183 3516 2250 pecunia:
3535 2182 3731 2237 saltem

2142 2249 2584 2314 subminiStrare,
2627 2259 2887 2316 quantum
2920 2249 3211 2304 editionem
3259 2249 3414 2318 primi
3442 2251 3731 2306 voluminis

2144 2327 2200 2375 et
2219 2318 2292 2391 ab
2316 2317 2736 2391 amanuensibus
2761 2318 3080 2391 parandam,
3110 2329 3165 2373 et
3191 2334 3222 2373 a
3249 2317 3588 2391 typographo
3612 2337 3730 2375 ma-

2141 2387 2582 2458 gniﬁcentissime
2605 2388 2986 2457 perlicieudam
3012 2387 3288 2458 postulare
3311 2387 3730 2457 existimaveris,

2142 2457 2208 2513 ea
2239 2466 2432 2530 tamen
2452 2457 2590 2524 lege,
2624 2473 2785 2530 quam
2828 2473 2990 2527 supra
3033 2459 3354 2523 iudicabam,
3389 2471 3444 2530 ut
3471 2461 3730 2530 quidquid

2141 2528 2487 2596 expenderis.
2521 2527 2894 2596 exemplorum
2938 2543 3162 2584 numero
3191 2537 3248 2583 et
3285 2529 3597 2584 vcud.tione
3621 2527 3731 2586 'tibi

2143 2597 2484 2652 sarciendum
2511 2596 2672 2651 scias.

2217 2664 2305 2720 16.
2353 2665 2511 2738 Vide,
2524 2666 2730 2738 praesul
2758 2667 3112 2736 amplissime,
3136 2676 3540 2738 quantattecnm
3566 2669 3732 2724 liber-

2143 2745 2258 2808 tate
2286 2751 2459 2808 agam.
2494 2735 2570 2808 Ne
2598 2736 2678 2808 id,
2711 2735 2916 2804 quaeso,
2947 2738 3091 2808 vitio,
3107 2735 3305 2808 vertas.
3338 2737 3469 2792 Dleo
3498 2740 3731 2808 primum

2143 2806 2460 2877 ingenuitati
2491 2806 2543 2860 id
2575 2806 2768 2869 tribue,
2794 2809 3034 2861 comitati
3062 2807 3255 2862 deinde
3283 2817 3406 2873 tuac,
3437 2806 3557 2877 qua:
3587 2817 3649 2864 ut
3676 2811 3733 2864 in

2144 2885 2200 2931 te
2228 2874 2444 2930 Patrem
2473 2877 2902 2946 amantissimum
2931 2877 3242 2946 pervideam
3273 2874 3472 2932 etTeeit.
3515 2879 3731 2935 Interea

2141 2947 2538 3001 sanctissimqu
2594 2945 2988 3016 llispalcnsiuiu
3047 2946 3329 3012 prmsulem
3379 2961 3573 3016 rogare
3620 2966 3731 3004 non

2143 3016 2406 3087 desinam,
2441 3023 2498 3068 ut
2538 3023 2590 3068 te
2633 3014 3164 3087 llispangeEccltsize
3200 3014 3521 3071 incolumem
3564 3033 3733 3087 quam

2142 3085 2444 3139 diutissime
2471 3093 2665 3138 servet.
2694 3083 2772 3137 Ex
2808 3083 2970 3139 Urbe.

2215 3154 2301 3206 17.
2345 3153 2584 3228 meminit
2613 3154 2664 3207 in
2690 3154 2776 3208 bis
2805 3154 2999 3228 litteris
3018 3154 3284 3228 __Zaccaria
3311 3155 3439 3210 novi
3465 3172 3733 3228 conspec-

2143 3233 2229 3279 tus
2287 3238 2448 3292 quem
2505 3223 2669 3295 edere
2720 3225 3119 3295 parabat.78ed
3171 3225 3385 3295 brevem
3433 3223 3729 3295 quemdam

2141 3291 2493 3362 coiispectum
2525 3293 2780 3362 editionis
2807 3291 3116 3347 lsidorianze
3155 3294 3220 3346 ad
3255 3291 3731 3362 archiepiscopum

2141 3360 2458 3432 Toletanum
2481 3360 2676 3432 deferri
2693 3361 3130 3432 jamcuraverat,
3154 3373 3212 3417 ut
3231 3360 3454 3432 Opinor;
3465 3379 3563 3432 per
3584 3360 3733 3419 duos

2138 3431 2343 3486 ordinis
2370 3429 2466 3484 SS.
2500 3429 2782 3500 Trinitatis,
2805 3431 3040 3500 insignes
3069 3434 3212 3487 viros
3236 3476 3248 3494 .
3270 3429 3506 3487 alterum
3537 3431 3732 3488 Roma:

2141 3510 2269 3555 tunc
2298 3511 2722 3572 eornmorantem
2767 3499 2826 3572 P7.
2857 3501 3150 3556 Antonium
3177 3501 3431 3572 Quevedo
3463 3519 3734 3572 procura-

2140 3578 2314 3641 torem
2363 3571 2703 3641 generalem,
2768 3571 2997 3641 alterum
3063 3573 3356 3641 provincia:
3402 3570 3731 3627 castellatim

2138 3639 2448 3710 praefectum
2483 3638 2855 3710 Elian-tinum
2885 3638 3080 3707 Ortega
3108 3657 3120 3692 :
3152 3641 3243 3708 qui
3291 3641 3587 3696 editionem
3632 3642 3729 3698 lsi-

2137 3705 2416 3763 dorianam
2447 3708 2512 3778 ad
2544 3705 2750 3762 felicem
2771 3708 2972 3763 exitum
3002 3705 3224 3778 provehi
3251 3711 3728 3766 vehementissime

2139 3781 2416 3848 aptabant.
2449 3777 2620 3848 Atque
2643 3779 2756 3832 bare
2781 3777 3103 3833 fortasseest
3125 3795 3285 3833 causa
3305 3821 3319 3844 ,
3352 3795 3448 3833 cur
3467 3779 3727 3834 Zaccaria

2139 3847 2548 3909 existimaverit,
2595 3848 2875 3914 prxsulem
2904 3848 3223 3901 'I‘oletnuum
3255 3850 3391 3902 velle
3435 3863 3496 3901 ut
3536 3848 3730 3904 lsitori

2136 3915 2312 3986 Opera
2349 3916 2522 3970 Toleti
2563 3916 2950 3986 exuderentur,
3001 3933 3121 3971 cum
3167 3919 3342 3986 potius
3385 3917 3731 3973 Matritenscs

2140 3985 2296 4058 typos
2319 3985 2879 4058 commendatissunus
2927 3988 3135 4058 praesul;
3153 3985 3220 4039 ad
3249 3988 3543 4041 editionem
3587 3989 3733 4041 desi-

2136 4053 2379 4126 gnasset.
2413 4053 2618 4126 Eodem
2666 4054 2864 4118 refero,
2914 4053 3058 4126 quod
3101 4055 3370 4110 Zaccarire
3418 4059 3728 4126 nuntiatum

2139 4123 2322 4190 fuerit,
2356 4125 2495 4193 apud
2524 4123 2841 4179 Toletanum
2872 4123 2967 4178 an't
2988 4126 3167 4180 stitem
3212 4126 3483 4193 quoddam
3531 4125 3727 4180 lsidori

2137 4211 2274 4264 opus
2297 4193 2528 4247 nondum
2559 4193 2764 4248 editum
2792 4197 2957 4249 latere
2990 4213 3004 4247 :
3037 4195 3188 4262 cujus
3219 4196 3294 4249 rei
3325 4195 3528 4248 nullam
3572 4211 3730 4262 pror-

2136 4263 2229 4318 sus
2261 4266 2588 4318 mentionem
2617 4264 2830 4318 inVenio
2859 4280 3036 4333 neque
3077 4266 3127 4317 in
3173 4263 3415 4333 ejusdem
3465 4265 3727 4333 antistitis

2137 4334 2348 4393 litteris.
2395 4348 2571 4401 neque
2613 4334 2666 4386 in
2708 4332 3174 4388 observationibus
3217 4334 3276 4386 υ.
3320 4332 3462 4385 Petri
3508 4332 3732 4386 Emma-

2139 4404 2309 4458 nuelis
2337 4401 2675 4466 llernandez,
2715 4403 3052 4458 bibliothecm
3080 4401 3558 4472 archiepiscopalis
3586 4418 3728 4470 pra:-

2068 4497 2113 4555 υ
2140 4472 2284 4555 fecti:
2309 4472 2376 4555 de
2403 4472 2597 4555 quibus
2627 4487 2771 4527 nunc
2799 4472 2975 4555 dicere
3000 4473 3296 4538 aggredior.

2210 4542 2299 4597 18.
2340 4539 2786 4610 Arehiepiscopus
2814 4541 3106 4595 Toletanus
3145 4556 3362 4604 novum,
3388 4554 3552 4609 quem
3591 4539 3733 4594 indi-

2133 4613 2271 4676 cavi,
2309 4619 2660 4678 conspectum
2691 4612 2758 4663 ad
2787 4627 2942 4664 suum
2989 4611 3453 4665 bibliOlhet'aliUIII
3486 4613 3729 4674 remisit,

2131 4691 2190 4735 ut
2216 4681 2266 4734 in
2295 4679 2616 4734 sententiam
2642 4695 2799 4749 suam
2825 4680 2892 4734 de
2920 4695 2985 4734 eo
3014 4679 3295 4749 proferret.
3326 4679 3498 4735 Penes
3534 4698 3621 4734 me
3647 4692 3730 4734 est

2130 4749 2438 4817 exemplum
2482 4750 2722 4817 epistolas
2763 4748 3061 4817 llispanicie
3110 4749 3504 4803 bibliothecarii
3541 4750 3725 4804 Toleti

2128 4819 2217 4874 die
2240 4818 2308 4874 15
2335 4819 2558 4873 deecmb
2589 4819 2633 4873 is
2668 4818 2803 4872 178').
2821 4821 2884 4871 ad
2911 4819 3388 4887 Archiepiscnpum
3405 4820 3566 4873 datm.
3593 4819 3730 4873 lier-

2128 4893 2423 4965 nandeeus
2462 4889 2696 4965 breviter
2734 4889 2956 4965 exponit
3005 4899 3356 4965 eortsp‘eetnm
3411 4889 3674 4965 editioni_~
3702 4930 3720 4954 ,

2132 4974 2292 5027 quem
2315 4958 2564 5010 Zaccaria
2597 4957 2868 5026 Ij.muarii
2893 4959 3017 5011 anni
3050 4956 3184 5010 I758
3211 4959 3539 5027 vulgaverat,
3568 4957 3730 5026 cujus

2133 5026 2297 5082 etiam
2324 5031 2372 5080 in
2401 5027 2668 5082 Memoriis
2689 5027 3033 5082 Trivnltianis
3057 5042 3240 5080 mense
3275 5026 3557 5080 Decembri
3577 5043 3726 5091 ejus-

2131 5096 2255 5150 dem
2299 5097 2422 5150 anni
2473 5097 2675 5150 mentio
2717 5097 2970 5151 oecurrit.
3022 5097 3243 5149 l‘razfert
3292 5107 3471 5148 autem
3519 5113 3722 5151 novum

2132 5176 2507 5235 conspectum,
2530 5182 2591 5219 ac
2612 5181 2952 5235 summopere
2969 5165 3236 5235 liccarizn
3257 5164 3494 5218 studium
3513 5166 3722 5230 laudat,

2133 5243 2194 5290 ut
2221 5234 2612 5304 archiepiscopi
2644 5234 2880 5288 animmn
2912 5239 2976 5287 ad
3007 5234 3189 5303 operis
3214 5236 3578 5304 patroe.nium
3606 5251 3725 5288 ευδ-

2132 5305 2438 5374 cipiendum
2496 5303 2733 5358 inducat.
2787 5304 3178 5374 Animadvertit
3218 5303 3553 5357 ’Zaccariam
3612 5305 3722 5372 jam

2136 5373 2302 5445 astate
2332 5384 2647 5445 provectum
2674 5389 2824 5434 esse.
2857 5383 2912 5427 ct
2947 5373 3163 5445 alittnde
3192 5375 3558 5445 necessarium
3603 5389 3724 5426 esse

2136 5453 2198 5498 ut
2241 5441 2408 5500 ediiio
2455 5444 2701 5510 exigatur
2747 5445 2814 5497 ad
2853 5458 2982 5497 mss.
3021 5442 3253 5498 Codices
3284 5441 3574 5512 Hispanos,
3629 5457 3722 5496 eos

2138 5513 2458 5583 prmsertim,
2479 5514 2570 5582 qui
2595 5513 2943 5583 diligentiam
2955 5521 3324 5566 correctorum
3349 5511 3610 5583 editionis
3640 5528 3721 5564 re.

2136 5580 2236 5650 giae
2267 5580 2588 5638 Matritensis
2612 5580 2881 5651 fugerunt.
2916 5580 3207 5650 Propterea
3236 5581 3439 5644 innuit,
3465 5592 3724 5652 oportere

2143 5663 2200 5710 ut
2215 5655 2407 5729 idonei
2451 5657 2501 5712 in
2534 5657 2781 5729 Hispania
2812 5659 2970 5729 337
2997 5657 3097 5712 viri
3126 5657 3498 5729 designentur,
3528 5662 3721 5728 quibus

2139 5726 2357 5783 collatio
2379 5726 2760 5798 exemplarium
2785 5726 2910 5786 mss‘.
2931 5726 3316 5792 committatur,
3341 5735 3395 5782 et
3417 5744 3444 5782 a
3463 5726 3715 5783 list-aria
