  <div class='ocr_page' id='page_1' title='image "/cluster/home/n/w/nwhite01/storage/ocr_20150623/81/hvd.32044054758859/138.png"; bbox 0 0 4030 6186; ppageno 0'>
   <div class='ocr_carea' id='block_1_1' title="bbox 316 307 414 363">
    <p class='ocr_par' dir='ltr' id='par_1_1' title="bbox 316 307 414 363">
     <span class='ocr_line' id='line_1_1' title="bbox 316 307 414 363; baseline 0 -1"><span class='ocrx_word' id='word_1_1' title='bbox 316 307 414 363; x_wconf 72' lang='grc' dir='ltr'><strong>21ίὸ</strong></span> 
     </span>
    </p>
   </div>
   <div class='ocr_carea' id='block_1_2' title="bbox 315 416 1953 488">
    <p class='ocr_par' dir='ltr' id='par_1_2' title="bbox 315 416 1953 488">
     <span class='ocr_line' id='line_1_2' title="bbox 315 416 1953 488; baseline -0.004 -14"><span class='ocrx_word' id='word_1_2' title='bbox 315 418 531 488; x_wconf 87' lang='lat' dir='ltr'><strong>aliquem</strong></span> <span class='ocrx_word' id='word_1_3' title='bbox 550 416 633 471; x_wconf 99' lang='lat' dir='ltr'><strong>vel</strong></span> <span class='ocrx_word' id='word_1_4' title='bbox 657 416 865 485; x_wconf 86' lang='lat' dir='ltr'><strong>aliquos</strong></span> <span class='ocrx_word' id='word_1_5' title='bbox 884 416 1005 487; x_wconf 74' lang='lat' dir='ltr'><strong>eligi</strong></span> <span class='ocrx_word' id='word_1_6' title='bbox 1028 417 1118 486; x_wconf 90' lang='lat' dir='ltr'><strong>qui</strong></span> <span class='ocrx_word' id='word_1_7' title='bbox 1141 417 1194 472; x_wconf 92' lang='lat' dir='ltr'><strong>in</strong></span> <span class='ocrx_word' id='word_1_8' title='bbox 1216 417 1360 473; x_wconf 90' lang='lat' dir='ltr'><strong>idem</strong></span> <span class='ocrx_word' id='word_1_9' title='bbox 1385 434 1523 488; x_wconf 87' lang='lat' dir='ltr'><strong>opus</strong></span> <span class='ocrx_word' id='word_1_10' title='bbox 1542 416 1872 480; x_wconf 71' lang='lat' dir='ltr'><strong>incumbant,</strong></span> <span class='ocrx_word' id='word_1_11' title='bbox 1907 423 1953 478; x_wconf 77' lang='grc' dir='ltr'><strong>Α</strong></span> 
     </span>
    </p>
   </div>
   <div class='ocr_carea' id='block_1_3' title="bbox 313 508 1268 579">
    <p class='ocr_par' dir='ltr' id='par_1_3' title="bbox 313 508 1268 579">
     <span class='ocr_line' id='line_1_3' title="bbox 313 508 1268 579; baseline -0.006 -12"><span class='ocrx_word' id='word_1_12' title='bbox 313 512 355 567; x_wconf 82' lang='lat' dir='ltr'><strong>si</strong></span> <span class='ocrx_word' id='word_1_13' title='bbox 381 508 503 579; x_wconf 90' lang='lat' dir='ltr'><strong>quid</strong></span> <span class='ocrx_word' id='word_1_14' title='bbox 532 508 841 562; x_wconf 85' lang='lat' dir='ltr'><strong>humanitus</strong></span> <span class='ocrx_word' id='word_1_15' title='bbox 864 508 962 577; x_wconf 61' lang='lat' dir='ltr'><strong>ipsi</strong></span> <span class='ocrx_word' id='word_1_16' title='bbox 990 508 1268 563; x_wconf 90' lang='lat' dir='ltr'><strong>acciderit.</strong></span> 
     </span>
    </p>
   </div>
   <div class='ocr_carea' id='block_1_4' title="bbox 380 595 1878 653">
    <p class='ocr_par' dir='ltr' id='par_1_4' title="bbox 380 595 1878 653">
     <span class='ocr_line' id='line_1_4' title="bbox 380 595 1878 653; baseline -0.004 0"><span class='ocrx_word' id='word_1_17' title='bbox 380 600 461 653; x_wconf 84' lang='grc'><strong>19.</strong></span> <span class='ocrx_word' id='word_1_18' title='bbox 502 598 702 653; x_wconf 88' lang='lat' dir='ltr'><strong>Censet</strong></span> <span class='ocrx_word' id='word_1_19' title='bbox 753 596 1154 651; x_wconf 77' lang='lat' dir='ltr'><strong>Hernandezius</strong></span> <span class='ocrx_word' id='word_1_20' title='bbox 1191 613 1390 652; x_wconf 81' lang='lat' dir='ltr'><strong>novum</strong></span> <span class='ocrx_word' id='word_1_21' title='bbox 1433 595 1699 652; x_wconf 64' lang='lat' dir='ltr'><strong>Zaccaria:</strong></span> <span class='ocrx_word' id='word_1_22' title='bbox 1745 609 1878 650; x_wconf 80' lang='lat' dir='ltr'><strong>cnn-</strong></span> 
     </span>
    </p>
   </div>
   <div class='ocr_carea' id='block_1_5' title="bbox 310 685 1879 760">
    <p class='ocr_par' dir='ltr' id='par_1_5' title="bbox 310 685 1879 760">
     <span class='ocr_line' id='line_1_5' title="bbox 310 685 1879 760; baseline -0.003 -15"><span class='ocrx_word' id='word_1_23' title='bbox 310 699 541 760; x_wconf 83' lang='lat' dir='ltr'><strong>spectum</strong></span> <span class='ocrx_word' id='word_1_24' title='bbox 576 687 815 741; x_wconf 83' lang='lat' dir='ltr'><strong>nonduin</strong></span> <span class='ocrx_word' id='word_1_25' title='bbox 859 687 1179 757; x_wconf 78' lang='lat' dir='ltr'><strong>perfectum.</strong></span> <span class='ocrx_word' id='word_1_26' title='bbox 1212 686 1471 754; x_wconf 83' lang='lat' dir='ltr'><strong>Quamvis</strong></span> <span class='ocrx_word' id='word_1_27' title='bbox 1499 685 1641 740; x_wconf 91' lang='lat' dir='ltr'><strong>enim</strong></span> <span class='ocrx_word' id='word_1_28' title='bbox 1684 685 1879 740; x_wconf 88' lang='lat' dir='ltr'><strong>biblio-</strong></span> 
     </span>
    </p>
   </div>
   <div class='ocr_carea' id='block_1_6' title="bbox 311 771 1880 847">
    <p class='ocr_par' dir='ltr' id='par_1_6' title="bbox 311 771 1880 847">
     <span class='ocr_line' id='line_1_6' title="bbox 311 771 1880 847; baseline -0.002 -17"><span class='ocrx_word' id='word_1_29' title='bbox 311 777 424 847; x_wconf 89' lang='lat' dir='ltr'><strong>pola</strong></span> <span class='ocrx_word' id='word_1_30' title='bbox 475 773 627 828; x_wconf 84' lang='lat' dir='ltr'><strong>Ulloa</strong></span> <span class='ocrx_word' id='word_1_31' title='bbox 664 774 843 828; x_wconf 90' lang='lat' dir='ltr'><strong>oleum</strong></span> <span class='ocrx_word' id='word_1_32' title='bbox 875 782 932 830; x_wconf 91' lang='lat' dir='ltr'><strong>ct</strong></span> <span class='ocrx_word' id='word_1_33' title='bbox 957 790 1176 843; x_wconf 85' lang='lat' dir='ltr'><strong>operam</strong></span> <span class='ocrx_word' id='word_1_34' title='bbox 1216 775 1268 828; x_wconf 91' lang='lat' dir='ltr'><strong>in</strong></span> <span class='ocrx_word' id='word_1_35' title='bbox 1310 774 1547 829; x_wconf 90' lang='lat' dir='ltr'><strong>editione</strong></span> <span class='ocrx_word' id='word_1_36' title='bbox 1588 771 1880 827; x_wconf 82' lang='lat' dir='ltr'><strong>Matritensi</strong></span> 
     </span>
    </p>
   </div>
   <div class='ocr_carea' id='block_1_7' title="bbox 310 864 1881 935">
    <p class='ocr_par' dir='ltr' id='par_1_7' title="bbox 310 864 1881 935">
     <span class='ocr_line' id='line_1_7' title="bbox 310 864 1881 935; baseline -0.002 -13"><span class='ocrx_word' id='word_1_37' title='bbox 310 875 547 922; x_wconf 68' lang='lat' dir='ltr'><strong>retenter</strong></span> <span class='ocrx_word' id='word_1_38' title='bbox 587 866 803 933; x_wconf 76' lang='lat' dir='ltr'><strong>vulgata</strong></span> <span class='ocrx_word' id='word_1_39' title='bbox 835 866 1162 933; x_wconf 85' lang='lat' dir='ltr'><strong>perdiderit,</strong></span> <span class='ocrx_word' id='word_1_40' title='bbox 1191 873 1371 920; x_wconf 86' lang='lat' dir='ltr'><strong>tamen</strong></span> <span class='ocrx_word' id='word_1_41' title='bbox 1403 864 1733 935; x_wconf 78' lang='lat' dir='ltr'><strong>appendices</strong></span> <span class='ocrx_word' id='word_1_42' title='bbox 1759 864 1881 934; x_wconf 87' lang='lat' dir='ltr'><strong>ejus</strong></span> 
     </span>
    </p>
   </div>
   <div class='ocr_carea' id='block_1_8' title="bbox 309 956 1881 1027">
    <p class='ocr_par' dir='ltr' id='par_1_8' title="bbox 309 956 1881 1027">
     <span class='ocr_line' id='line_1_8' title="bbox 309 956 1881 1027; baseline 0.001 -16"><span class='ocrx_word' id='word_1_43' title='bbox 309 958 549 1012; x_wconf 75' lang='lat' dir='ltr'><strong>editionis</strong></span> <span class='ocrx_word' id='word_1_44' title='bbox 578 957 761 1011; x_wconf 88' lang='lat' dir='ltr'><strong>locum</strong></span> <span class='ocrx_word' id='word_1_45' title='bbox 790 956 991 1011; x_wconf 86' lang='lat' dir='ltr'><strong>habere</strong></span> <span class='ocrx_word' id='word_1_46' title='bbox 1012 957 1211 1013; x_wconf 88' lang='lat' dir='ltr'><strong>debent</strong></span> <span class='ocrx_word' id='word_1_47' title='bbox 1239 957 1290 1011; x_wconf 90' lang='lat' dir='ltr'><strong>in</strong></span> <span class='ocrx_word' id='word_1_48' title='bbox 1320 971 1459 1011; x_wconf 83' lang='lat' dir='ltr'><strong>nova</strong></span> <span class='ocrx_word' id='word_1_49' title='bbox 1490 957 1727 1012; x_wconf 87' lang='lat' dir='ltr'><strong>editione</strong></span> <span class='ocrx_word' id='word_1_50' title='bbox 1757 972 1881 1027; x_wconf 91' lang='lat' dir='ltr'><strong>pro-</strong></span> 
     </span>
    </p>
   </div>
   <div class='ocr_carea' id='block_1_9' title="bbox 309 1049 1880 1120">
    <p class='ocr_par' dir='ltr' id='par_1_9' title="bbox 309 1049 1880 1120">
     <span class='ocr_line' id='line_1_9' title="bbox 309 1049 1880 1120; baseline 0 -16"><span class='ocrx_word' id='word_1_51' title='bbox 309 1049 558 1105; x_wconf 85' lang='lat' dir='ltr'><strong>curanda.</strong></span> <span class='ocrx_word' id='word_1_52' title='bbox 594 1049 860 1104; x_wconf 63' lang='lat' dir='ltr'><strong>Praeterea</strong></span> <span class='ocrx_word' id='word_1_53' title='bbox 888 1058 1214 1119; x_wconf 85' lang='lat' dir='ltr'><strong>conspectus</strong></span> <span class='ocrx_word' id='word_1_54' title='bbox 1244 1065 1340 1119; x_wconf 89' lang='lat' dir='ltr'><strong>pro</strong></span> <span class='ocrx_word' id='word_1_55' title='bbox 1362 1049 1614 1120; x_wconf 82' lang='lat' dir='ltr'><strong>legitimis</strong></span> <span class='ocrx_word' id='word_1_56' title='bbox 1634 1049 1880 1119; x_wconf 72' lang='lat' dir='ltr'><strong>qutcdam</strong></span> 
     </span>
    </p>
   </div>
   <div class='ocr_carea' id='block_1_10' title="bbox 308 1138 1881 1208">
    <p class='ocr_par' dir='ltr' id='par_1_10' title="bbox 308 1138 1881 1208">
     <span class='ocr_line' id='line_1_10' title="bbox 308 1138 1881 1208; baseline -0.001 -15"><span class='ocrx_word' id='word_1_57' title='bbox 308 1154 462 1208; x_wconf 83' lang='lat' dir='ltr'><strong>opera</strong></span> <span class='ocrx_word' id='word_1_58' title='bbox 494 1139 736 1198; x_wconf 81' lang='lat' dir='ltr'><strong>exhibet.</strong></span> <span class='ocrx_word' id='word_1_59' title='bbox 788 1152 909 1207; x_wconf 76' lang='lat' dir='ltr'><strong>qua:</strong></span> <span class='ocrx_word' id='word_1_60' title='bbox 938 1148 1031 1191; x_wconf 87' lang='lat' dir='ltr'><strong>aut</strong></span> <span class='ocrx_word' id='word_1_61' title='bbox 1058 1140 1240 1207; x_wconf 89' lang='lat' dir='ltr'><strong>spuria</strong></span> <span class='ocrx_word' id='word_1_62' title='bbox 1286 1146 1415 1192; x_wconf 90' lang='lat' dir='ltr'><strong>sttnt</strong></span> <span class='ocrx_word' id='word_1_63' title='bbox 1442 1147 1536 1191; x_wconf 83' lang='lat' dir='ltr'><strong>aut</strong></span> <span class='ocrx_word' id='word_1_64' title='bbox 1561 1138 1750 1194; x_wconf 79' lang='lat' dir='ltr'><strong>saltem</strong></span> <span class='ocrx_word' id='word_1_65' title='bbox 1779 1139 1881 1191; x_wconf 90' lang='lat' dir='ltr'><strong>du-</strong></span> 
     </span>
    </p>
   </div>
   <div class='ocr_carea' id='block_1_11' title="bbox 310 1228 1881 1297">
    <p class='ocr_par' dir='ltr' id='par_1_11' title="bbox 310 1228 1881 1297">
     <span class='ocr_line' id='line_1_11' title="bbox 310 1228 1881 1297; baseline -0.002 -13"><span class='ocrx_word' id='word_1_66' title='bbox 310 1231 408 1284; x_wconf 87' lang='lat' dir='ltr'><strong>bia.</strong></span> <span class='ocrx_word' id='word_1_67' title='bbox 454 1230 531 1283; x_wconf 91' lang='lat' dir='ltr'><strong>De</strong></span> <span class='ocrx_word' id='word_1_68' title='bbox 560 1229 625 1283; x_wconf 90' lang='lat' dir='ltr'><strong>iis</strong></span> <span class='ocrx_word' id='word_1_69' title='bbox 657 1238 835 1282; x_wconf 91' lang='lat' dir='ltr'><strong>tamen</strong></span> <span class='ocrx_word' id='word_1_70' title='bbox 876 1228 1230 1282; x_wconf 87' lang='lat' dir='ltr'><strong>commodiori</strong></span> <span class='ocrx_word' id='word_1_71' title='bbox 1266 1238 1509 1297; x_wconf 86' lang='lat' dir='ltr'><strong>tempore</strong></span> <span class='ocrx_word' id='word_1_72' title='bbox 1548 1244 1606 1283; x_wconf 86' lang='lat' dir='ltr'><strong>sc.</strong></span> <span class='ocrx_word' id='word_1_73' title='bbox 1636 1237 1881 1282; x_wconf 83' lang='lat' dir='ltr'><strong>acturum</strong></span> 
     </span>
    </p>
   </div>
   <div class='ocr_carea' id='block_1_12' title="bbox 308 1320 1883 1390">
    <p class='ocr_par' dir='ltr' id='par_1_12' title="bbox 308 1320 1883 1390">
     <span class='ocr_line' id='line_1_12' title="bbox 308 1320 1883 1390; baseline -0.001 -14"><span class='ocrx_word' id='word_1_74' title='bbox 308 1321 702 1376; x_wconf 77' lang='lat' dir='ltr'><strong>llernandezitts</strong></span> <span class='ocrx_word' id='word_1_75' title='bbox 738 1321 1045 1389; x_wconf 86' lang='lat' dir='ltr'><strong>pollicetur.</strong></span> <span class='ocrx_word' id='word_1_76' title='bbox 1096 1320 1377 1376; x_wconf 82' lang='lat' dir='ltr'><strong>Promissis</strong></span> <span class='ocrx_word' id='word_1_77' title='bbox 1414 1324 1566 1376; x_wconf 89' lang='lat' dir='ltr'><strong>stetit</strong></span> <span class='ocrx_word' id='word_1_78' title='bbox 1608 1341 1619 1374; x_wconf 91' lang='lat'>:</span> <span class='ocrx_word' id='word_1_79' title='bbox 1655 1323 1883 1390; x_wconf 83' lang='lat' dir='ltr'><strong>ejusque</strong></span> 
     </span>
    </p>
   </div>
   <div class='ocr_carea' id='block_1_13' title="bbox 309 1408 1879 1479">
    <p class='ocr_par' dir='ltr' id='par_1_13' title="bbox 309 1408 1879 1479">
     <span class='ocr_line' id='line_1_13' title="bbox 309 1408 1879 1479; baseline 0 -15"><span class='ocrx_word' id='word_1_80' title='bbox 309 1412 515 1466; x_wconf 78' lang='lat' dir='ltr'><strong>Latinas</strong></span> <span class='ocrx_word' id='word_1_81' title='bbox 537 1409 1033 1465; x_wconf 77' lang='lat' dir='ltr'><strong>animadversiones</strong></span> <span class='ocrx_word' id='word_1_82' title='bbox 1064 1409 1115 1463; x_wconf 93' lang='lat' dir='ltr'><strong>in</strong></span> <span class='ocrx_word' id='word_1_83' title='bbox 1148 1408 1508 1479; x_wconf 87' lang='lat' dir='ltr'><strong>Conspectum</strong></span> <span class='ocrx_word' id='word_1_84' title='bbox 1549 1410 1802 1466; x_wconf 78' lang='lat' dir='ltr'><strong>editionis</strong></span> <span class='ocrx_word' id='word_1_85' title='bbox 1850 1427 1879 1464; x_wconf 90' lang='lat' dir='ltr'><strong>a</strong></span> 
     </span>
    </p>
   </div>
   <div class='ocr_carea' id='block_1_14' title="bbox 308 1499 1875 1569">
    <p class='ocr_par' dir='ltr' id='par_1_14' title="bbox 308 1499 1875 1569">
     <span class='ocr_line' id='line_1_14' title="bbox 308 1499 1875 1569; baseline -0.001 -14"><span class='ocrx_word' id='word_1_86' title='bbox 308 1502 549 1555; x_wconf 67' lang='lat' dir='ltr'><strong>Zrtccaria</strong></span> <span class='ocrx_word' id='word_1_87' title='bbox 594 1507 795 1569; x_wconf 65' lang='lat' dir='ltr'><strong>parata!</strong></span> <span class='ocrx_word' id='word_1_88' title='bbox 835 1500 1272 1569; x_wconf 81' lang='lat' dir='ltr'><strong>archiepiscopus</strong></span> <span class='ocrx_word' id='word_1_89' title='bbox 1301 1499 1597 1555; x_wconf 82' lang='lat' dir='ltr'><strong>Toletanus</strong></span> <span class='ocrx_word' id='word_1_90' title='bbox 1626 1500 1691 1554; x_wconf 85' lang='lat' dir='ltr'><strong>ad</strong></span> <span class='ocrx_word' id='word_1_91' title='bbox 1721 1516 1875 1555; x_wconf 84' lang='lat' dir='ltr'><strong>eum-</strong></span> 
     </span>
    </p>
   </div>
   <div class='ocr_carea' id='block_1_15' title="bbox 307 1588 1883 1657">
    <p class='ocr_par' dir='ltr' id='par_1_15' title="bbox 307 1588 1883 1657">
     <span class='ocr_line' id='line_1_15' title="bbox 307 1588 1883 1657; baseline 0 -14"><span class='ocrx_word' id='word_1_92' title='bbox 307 1592 418 1644; x_wconf 82' lang='lat' dir='ltr'><strong>dem</strong></span> <span class='ocrx_word' id='word_1_93' title='bbox 467 1589 777 1644; x_wconf 81' lang='lat' dir='ltr'><strong>Zaccariant</strong></span> <span class='ocrx_word' id='word_1_94' title='bbox 825 1589 969 1643; x_wconf 88' lang='lat' dir='ltr'><strong>misit</strong></span> <span class='ocrx_word' id='word_1_95' title='bbox 1009 1588 1165 1643; x_wconf 92' lang='lat' dir='ltr'><strong>simul</strong></span> <span class='ocrx_word' id='word_1_96' title='bbox 1206 1604 1327 1644; x_wconf 93' lang='lat' dir='ltr'><strong>cum</strong></span> <span class='ocrx_word' id='word_1_97' title='bbox 1377 1589 1459 1644; x_wconf 88' lang='lat' dir='ltr'><strong>his</strong></span> <span class='ocrx_word' id='word_1_98' title='bbox 1508 1589 1698 1644; x_wconf 88' lang='lat' dir='ltr'><strong>litteris</strong></span> <span class='ocrx_word' id='word_1_99' title='bbox 1747 1605 1883 1657; x_wconf 84' lang='lat' dir='ltr'><strong>quas</strong></span> 
     </span>
    </p>
   </div>
   <div class='ocr_carea' id='block_1_16' title="bbox 306 1678 1877 1750">
    <p class='ocr_par' dir='ltr' id='par_1_16' title="bbox 306 1678 1877 1750">
     <span class='ocr_line' id='line_1_16' title="bbox 306 1678 1877 1750; baseline -0.003 -14"><span class='ocrx_word' id='word_1_100' title='bbox 306 1680 685 1750; x_wconf 79' lang='lat' dir='ltr'><strong>archiepiscopi</strong></span> <span class='ocrx_word' id='word_1_101' title='bbox 725 1679 877 1746; x_wconf 78' lang='lat' dir='ltr'><strong>signo</strong></span> <span class='ocrx_word' id='word_1_102' title='bbox 909 1680 1139 1733; x_wconf 89' lang='lat' dir='ltr'><strong>munitas</strong></span> <span class='ocrx_word' id='word_1_103' title='bbox 1167 1678 1360 1743; x_wconf 82' lang='lat' dir='ltr'><strong>habeo,</strong></span> <span class='ocrx_word' id='word_1_104' title='bbox 1392 1686 1447 1733; x_wconf 91' lang='lat' dir='ltr'><strong>et</strong></span> <span class='ocrx_word' id='word_1_105' title='bbox 1478 1678 1601 1746; x_wconf 73' lang='lat' dir='ltr'><strong>quia</strong></span> <span class='ocrx_word' id='word_1_106' title='bbox 1641 1678 1877 1732; x_wconf 79' lang='lat' dir='ltr'><strong>maxime</strong></span> 
     </span>
    </p>
   </div>
   <div class='ocr_carea' id='block_1_17' title="bbox 305 1769 1686 1840">
    <p class='ocr_par' dir='ltr' id='par_1_17' title="bbox 305 1769 1686 1840">
     <span class='ocr_line' id='line_1_17' title="bbox 305 1769 1686 1840; baseline -0.004 -13"><span class='ocrx_word' id='word_1_107' title='bbox 305 1776 473 1837; x_wconf 71' lang='lat' dir='ltr'><strong>digna:</strong></span> <span class='ocrx_word' id='word_1_108' title='bbox 504 1782 623 1826; x_wconf 87' lang='lat' dir='ltr'><strong>sunt</strong></span> <span class='ocrx_word' id='word_1_109' title='bbox 648 1785 768 1840; x_wconf 64' lang='lat' dir='ltr'><strong>quae</strong></span> <span class='ocrx_word' id='word_1_110' title='bbox 798 1771 865 1824; x_wconf 86' lang='lat' dir='ltr'><strong>ab</strong></span> <span class='ocrx_word' id='word_1_111' title='bbox 892 1770 1145 1824; x_wconf 90' lang='lat' dir='ltr'><strong>omnibus</strong></span> <span class='ocrx_word' id='word_1_112' title='bbox 1172 1770 1419 1840; x_wconf 78' lang='lat' dir='ltr'><strong>legantur</strong></span> <span class='ocrx_word' id='word_1_113' title='bbox 1440 1769 1686 1837; x_wconf 87' lang='lat' dir='ltr'><strong>subjicio.</strong></span> 
     </span>
    </p>
   </div>
   <div class='ocr_carea' id='block_1_18' title="bbox 306 1902 1885 1962">
    <p class='ocr_par' dir='ltr' id='par_1_18' title="bbox 306 1902 1885 1962">
     <span class='ocr_line' id='line_1_18' title="bbox 306 1902 1885 1962; baseline -0.002 -2"><span class='ocrx_word' id='word_1_114' title='bbox 306 1908 603 1962; x_wconf 77' lang='lat' dir='ltr'><strong>Clarissima</strong></span> <span class='ocrx_word' id='word_1_115' title='bbox 642 1906 849 1959; x_wconf 86' lang='lat' dir='ltr'><strong>domino</strong></span> <span class='ocrx_word' id='word_1_116' title='bbox 882 1904 1161 1958; x_wconf 84' lang='lat' dir='ltr'><strong>Fraucisco</strong></span> <span class='ocrx_word' id='word_1_117' title='bbox 1183 1905 1408 1959; x_wconf 83' lang='lat' dir='ltr'><strong>Antonio</strong></span> <span class='ocrx_word' id='word_1_118' title='bbox 1436 1903 1688 1957; x_wconf 83' lang='lat' dir='ltr'><strong>Zaccaria</strong></span> <span class='ocrx_word' id='word_1_119' title='bbox 1710 1902 1885 1958; x_wconf 84' lang='lat' dir='ltr'><strong>Fran-</strong></span> 
     </span>
    </p>
   </div>
   <div class='ocr_carea' id='block_1_19' title="bbox 532 1973 1644 2043">
    <p class='ocr_par' dir='ltr' id='par_1_19' title="bbox 532 1973 1644 2043">
     <span class='ocr_line' id='line_1_19' title="bbox 532 1973 1644 2043; baseline -0.001 -14"><span class='ocrx_word' id='word_1_120' title='bbox 532 1978 697 2029; x_wconf 83' lang='lat' dir='ltr'><strong>cisctts</strong></span> <span class='ocrx_word' id='word_1_121' title='bbox 726 1975 1139 2043; x_wconf 73' lang='lat' dir='ltr'><strong>archiepiscopus</strong></span> <span class='ocrx_word' id='word_1_122' title='bbox 1170 1974 1447 2028; x_wconf 86' lang='lat' dir='ltr'><strong>Toletanus</strong></span> <span class='ocrx_word' id='word_1_123' title='bbox 1480 1974 1540 2029; x_wconf 87' lang='lat' dir='ltr'><strong>S.</strong></span> <span class='ocrx_word' id='word_1_124' title='bbox 1575 1973 1644 2028; x_wconf 78' lang='grc' dir='ltr'><strong>υ.</strong></span> 
     </span>
    </p>
   </div>
   <div class='ocr_carea' id='block_1_20' title="bbox 368 2106 1886 2178">
    <p class='ocr_par' dir='ltr' id='par_1_20' title="bbox 368 2106 1886 2178">
     <span class='ocr_line' id='line_1_20' title="bbox 368 2106 1886 2178; baseline 0 -15"><span class='ocrx_word' id='word_1_125' title='bbox 368 2109 453 2164; x_wconf 78' lang='grc'><strong>20.</strong></span> <span class='ocrx_word' id='word_1_126' title='bbox 494 2108 765 2178; x_wconf 73' lang='lat' dir='ltr'><strong>Pergratte</strong></span> <span class='ocrx_word' id='word_1_127' title='bbox 822 2108 948 2162; x_wconf 87' lang='lat' dir='ltr'><strong>mihi</strong></span> <span class='ocrx_word' id='word_1_128' title='bbox 1008 2106 1221 2163; x_wconf 82' lang='lat' dir='ltr'><strong>fuerunt</strong></span> <span class='ocrx_word' id='word_1_129' title='bbox 1274 2116 1379 2162; x_wconf 70' lang='lat' dir='ltr'><strong>tum</strong></span> <span class='ocrx_word' id='word_1_130' title='bbox 1428 2106 1643 2170; x_wconf 65' lang='lat' dir='ltr'><strong>litterae,</strong></span> <span class='ocrx_word' id='word_1_131' title='bbox 1684 2110 1886 2163; x_wconf 81' lang='lat' dir='ltr'><strong>amoris</strong></span> 
     </span>
    </p>
   </div>
   <div class='ocr_carea' id='block_1_21' title="bbox 305 2178 1883 2247">
    <p class='ocr_par' dir='ltr' id='par_1_21' title="bbox 305 2178 1883 2247">
     <span class='ocr_line' id='line_1_21' title="bbox 305 2178 1883 2247; baseline -0.002 -12"><span class='ocrx_word' id='word_1_132' title='bbox 305 2192 357 2235; x_wconf 87' lang='lat' dir='ltr'><strong>et</strong></span> <span class='ocrx_word' id='word_1_133' title='bbox 382 2180 701 2234; x_wconf 73' lang='lat' dir='ltr'><strong>reverentia:</strong></span> <span class='ocrx_word' id='word_1_134' title='bbox 732 2178 903 2247; x_wconf 79' lang='lat' dir='ltr'><strong>plena:</strong></span> <span class='ocrx_word' id='word_1_135' title='bbox 931 2192 1055 2245; x_wconf 73' lang='lat' dir='ltr'><strong>erga</strong></span> <span class='ocrx_word' id='word_1_136' title='bbox 1088 2186 1329 2247; x_wconf 39' lang='lat' dir='ltr'><strong>nostrum</strong></span> <span class='ocrx_word' id='word_1_137' title='bbox 1361 2186 1636 2245; x_wconf 86' lang='lat' dir='ltr'><strong>parentem</strong></span> <span class='ocrx_word' id='word_1_138' title='bbox 1669 2180 1883 2247; x_wconf 63' lang='lat' dir='ltr'><strong>(eodem</strong></span> 
     </span>
    </p>
   </div>
   <div class='ocr_carea' id='block_1_22' title="bbox 303 2246 1884 2316">
    <p class='ocr_par' dir='ltr' id='par_1_22' title="bbox 303 2246 1884 2316">
     <span class='ocr_line' id='line_1_22' title="bbox 303 2246 1884 2316; baseline -0.003 -12"><span class='ocrx_word' id='word_1_139' title='bbox 303 2252 439 2304; x_wconf 84' lang='lat' dir='ltr'><strong>enim</strong></span> <span class='ocrx_word' id='word_1_140' title='bbox 506 2248 705 2303; x_wconf 89' lang='lat' dir='ltr'><strong>all&#39;ectu</strong></span> <span class='ocrx_word' id='word_1_141' title='bbox 738 2246 1114 2316; x_wconf 76' lang='lat' dir='ltr'><strong>copulantur)</strong></span> <span class='ocrx_word' id='word_1_142' title='bbox 1164 2246 1463 2316; x_wconf 84' lang='lat' dir='ltr'><strong>lsidorutn.</strong></span> <span class='ocrx_word' id='word_1_143' title='bbox 1514 2247 1671 2313; x_wconf 88' lang='lat' dir='ltr'><strong>cujus</strong></span> <span class='ocrx_word' id='word_1_144' title='bbox 1710 2246 1884 2316; x_wconf 47' lang='lat' dir='ltr'><strong>Opi-ra</strong></span> 
     </span>
    </p>
   </div>
   <div class='ocr_carea' id='block_1_23' title="bbox 304 2315 1896 2387">
    <p class='ocr_par' dir='ltr' id='par_1_23' title="bbox 304 2315 1896 2387">
     <span class='ocr_line' id='line_1_23' title="bbox 304 2315 1896 2387; baseline -0.002 -13"><span class='ocrx_word' id='word_1_145' title='bbox 304 2322 490 2375; x_wconf 88' lang='lat' dir='ltr'><strong>merito</strong></span> <span class='ocrx_word' id='word_1_146' title='bbox 544 2316 765 2387; x_wconf 64' lang='lat' dir='ltr'><strong>praefers</strong></span> <span class='ocrx_word' id='word_1_147' title='bbox 799 2315 930 2387; x_wconf 82' lang='lat' dir='ltr'><strong>aliis</strong></span> <span class='ocrx_word' id='word_1_148' title='bbox 979 2316 1354 2387; x_wconf 78' lang='lat' dir='ltr'><strong>Hispaniarum</strong></span> <span class='ocrx_word' id='word_1_149' title='bbox 1410 2315 1660 2387; x_wconf 76' lang='lat' dir='ltr'><strong>Patribus</strong></span> <span class='ocrx_word' id='word_1_150' title='bbox 1705 2335 1719 2369; x_wconf 90' lang='lat'><strong>:</strong></span> <span class='ocrx_word' id='word_1_151' title='bbox 1761 2315 1896 2371; x_wconf 77' lang='lat' dir='ltr'><strong>nam</strong></span> 
     </span>
    </p>
   </div>
   <div class='ocr_carea' id='block_1_24' title="bbox 305 2384 1885 2455">
    <p class='ocr_par' dir='ltr' id='par_1_24' title="bbox 305 2384 1885 2455">
     <span class='ocr_line' id='line_1_24' title="bbox 305 2384 1885 2455; baseline -0.003 -12"><span class='ocrx_word' id='word_1_152' title='bbox 305 2392 425 2443; x_wconf 87' lang='lat' dir='ltr'><strong>licet</strong></span> <span class='ocrx_word' id='word_1_153' title='bbox 472 2384 759 2455; x_wconf 74' lang='lat' dir='ltr'><strong>theologus</strong></span> <span class='ocrx_word' id='word_1_154' title='bbox 791 2386 911 2455; x_wconf 89' lang='lat' dir='ltr'><strong>jure</strong></span> <span class='ocrx_word' id='word_1_155' title='bbox 943 2387 1112 2455; x_wconf 76' lang='lat' dir='ltr'><strong>possit</strong></span> <span class='ocrx_word' id='word_1_156' title='bbox 1140 2387 1199 2442; x_wconf 90' lang='lat' dir='ltr'><strong>S.</strong></span> <span class='ocrx_word' id='word_1_157' title='bbox 1231 2384 1474 2439; x_wconf 81' lang='lat' dir='ltr'><strong>Julianus</strong></span> <span class='ocrx_word' id='word_1_158' title='bbox 1514 2386 1565 2438; x_wconf 91' lang='lat' dir='ltr'><strong>in</strong></span> <span class='ocrx_word' id='word_1_159' title='bbox 1596 2386 1711 2453; x_wconf 80' lang='lat' dir='ltr'><strong>ejus</strong></span> <span class='ocrx_word' id='word_1_160' title='bbox 1750 2403 1885 2439; x_wconf 84' lang='lat' dir='ltr'><strong>cou-</strong></span> 
     </span>
    </p>
   </div>
   <div class='ocr_carea' id='block_1_25' title="bbox 302 2455 1885 2529">
    <p class='ocr_par' dir='ltr' id='par_1_25' title="bbox 302 2455 1885 2529">
     <span class='ocr_line' id='line_1_25' title="bbox 302 2455 1885 2529; baseline -0.004 -16"><span class='ocrx_word' id='word_1_161' title='bbox 302 2470 486 2529; x_wconf 77' lang='lat' dir='ltr'><strong>spectu</strong></span> <span class='ocrx_word' id='word_1_162' title='bbox 516 2456 903 2529; x_wconf 66' lang='lat' dir='ltr'><strong>cognoutinari,</strong></span> <span class='ocrx_word' id='word_1_163' title='bbox 951 2465 1174 2529; x_wconf 84' lang='lat' dir='ltr'><strong>propter</strong></span> <span class='ocrx_word' id='word_1_164' title='bbox 1198 2455 1541 2529; x_wconf 76' lang='lat' dir='ltr'><strong>omnigeuam</strong></span> <span class='ocrx_word' id='word_1_165' title='bbox 1575 2463 1755 2509; x_wconf 86' lang='lat' dir='ltr'><strong>tamen</strong></span> <span class='ocrx_word' id='word_1_166' title='bbox 1789 2455 1885 2509; x_wconf 77' lang='lat' dir='ltr'><strong>Isi-</strong></span> 
     </span>
    </p>
   </div>
   <div class='ocr_carea' id='block_1_26' title="bbox 303 2524 1885 2583">
    <p class='ocr_par' dir='ltr' id='par_1_26' title="bbox 303 2524 1885 2583">
     <span class='ocr_line' id='line_1_26' title="bbox 303 2524 1885 2583; baseline -0.002 -3"><span class='ocrx_word' id='word_1_167' title='bbox 303 2524 416 2583; x_wconf 77' lang='lat' dir='ltr'><strong>doi</strong></span> <span class='ocrx_word' id='word_1_168' title='bbox 458 2526 824 2581; x_wconf 85' lang='lat' dir='ltr'><strong>eruditionem</strong></span> <span class='ocrx_word' id='word_1_169' title='bbox 870 2524 1130 2580; x_wconf 86' lang='lat' dir='ltr'><strong>ambabus</strong></span> <span class='ocrx_word' id='word_1_170' title='bbox 1178 2524 1318 2579; x_wconf 84' lang='lat' dir='ltr'><strong>u&#39;nis</strong></span> <span class='ocrx_word' id='word_1_171' title='bbox 1367 2532 1514 2577; x_wconf 82' lang='lat' dir='ltr'><strong>tuam</strong></span> <span class='ocrx_word' id='word_1_172' title='bbox 1558 2533 1885 2578; x_wconf 79' lang='lat' dir='ltr'><strong>sententiam</strong></span> 
     </span>
    </p>
   </div>
   <div class='ocr_carea' id='block_1_27' title="bbox 302 2598 623 2665">
    <p class='ocr_par' dir='ltr' id='par_1_27' title="bbox 302 2598 623 2665">
     <span class='ocr_line' id='line_1_27' title="bbox 302 2598 623 2665; baseline -0.009 -14"><span class='ocrx_word' id='word_1_173' title='bbox 302 2598 623 2665; x_wconf 82' lang='lat' dir='ltr'><strong>amplector.</strong></span> 
     </span>
    </p>
   </div>
   <div class='ocr_carea' id='block_1_28' title="bbox 365 2682 1888 2755">
    <p class='ocr_par' dir='ltr' id='par_1_28' title="bbox 365 2682 1888 2755">
     <span class='ocr_line' id='line_1_28' title="bbox 365 2682 1888 2755; baseline -0.002 -13"><span class='ocrx_word' id='word_1_174' title='bbox 365 2688 457 2742; x_wconf 97' lang='grc'><strong>21.</strong></span> <span class='ocrx_word' id='word_1_175' title='bbox 501 2686 776 2755; x_wconf 83' lang='lat' dir='ltr'><strong>Nusquam</strong></span> <span class='ocrx_word' id='word_1_176' title='bbox 820 2687 1073 2740; x_wconf 85' lang='lat' dir='ltr'><strong>oblivioni</strong></span> <span class='ocrx_word' id='word_1_177' title='bbox 1120 2684 1457 2740; x_wconf 88' lang='lat' dir='ltr'><strong>tradiderunt</strong></span> <span class='ocrx_word' id='word_1_178' title='bbox 1504 2682 1719 2750; x_wconf 82' lang='lat' dir='ltr'><strong>Hispani</strong></span> <span class='ocrx_word' id='word_1_179' title='bbox 1770 2686 1888 2751; x_wconf 80' lang='lat' dir='ltr'><strong>eius</strong></span> 
     </span>
    </p>
   </div>
   <div class='ocr_carea' id='block_1_29' title="bbox 303 2754 1888 2824">
    <p class='ocr_par' dir='ltr' id='par_1_29' title="bbox 303 2754 1888 2824">
     <span class='ocr_line' id='line_1_29' title="bbox 303 2754 1888 2824; baseline -0.003 -11"><span class='ocrx_word' id='word_1_180' title='bbox 303 2758 552 2813; x_wconf 74' lang='lat' dir='ltr'><strong>miranda</strong></span> <span class='ocrx_word' id='word_1_181' title='bbox 592 2754 824 2824; x_wconf 85' lang='lat' dir='ltr'><strong>scripta,</strong></span> <span class='ocrx_word' id='word_1_182' title='bbox 867 2756 1113 2810; x_wconf 89' lang='lat' dir='ltr'><strong>monachi</strong></span> <span class='ocrx_word' id='word_1_183' title='bbox 1158 2756 1429 2824; x_wconf 65' lang='lat' dir='ltr'><strong>praecipue</strong></span> <span class='ocrx_word' id='word_1_184' title='bbox 1471 2755 1539 2809; x_wconf 90' lang='lat' dir='ltr'><strong>de</strong></span> <span class='ocrx_word' id='word_1_185' title='bbox 1582 2754 1686 2808; x_wconf 67' lang='lat' dir='ltr'><strong>illis</strong></span> <span class='ocrx_word' id='word_1_186' title='bbox 1736 2756 1888 2808; x_wconf 86' lang='lat' dir='ltr'><strong>addi-</strong></span> 
     </span>
    </p>
   </div>
   <div class='ocr_carea' id='block_1_30' title="bbox 303 2825 1889 2891">
    <p class='ocr_par' dir='ltr' id='par_1_30' title="bbox 303 2825 1889 2891">
     <span class='ocr_line' id='line_1_30' title="bbox 303 2825 1889 2891; baseline -0.003 -8"><span class='ocrx_word' id='word_1_187' title='bbox 303 2830 540 2891; x_wconf 86' lang='lat' dir='ltr'><strong>scendis,</strong></span> <span class='ocrx_word' id='word_1_188' title='bbox 574 2826 915 2881; x_wconf 82' lang='lat' dir='ltr'><strong>asservandis</strong></span> <span class='ocrx_word' id='word_1_189' title='bbox 955 2834 1010 2881; x_wconf 92' lang='lat' dir='ltr'><strong>et</strong></span> <span class='ocrx_word' id='word_1_190' title='bbox 1059 2825 1508 2883; x_wconf 85' lang='lat' dir='ltr'><strong>transcriheudis.</strong></span> <span class='ocrx_word' id='word_1_191' title='bbox 1563 2840 1769 2878; x_wconf 75' lang='lat' dir='ltr'><strong>necnon</strong></span> <span class='ocrx_word' id='word_1_192' title='bbox 1822 2828 1889 2878; x_wconf 89' lang='lat' dir='ltr'><strong>de</strong></span> 
     </span>
    </p>
   </div>
   <div class='ocr_carea' id='block_1_31' title="bbox 306 2893 1887 2967">
    <p class='ocr_par' dir='ltr' id='par_1_31' title="bbox 306 2893 1887 2967">
     <span class='ocr_line' id='line_1_31' title="bbox 306 2893 1887 2967; baseline -0.003 -15"><span class='ocrx_word' id='word_1_193' title='bbox 306 2899 456 2967; x_wconf 91' lang='lat' dir='ltr'><strong>prelo</strong></span> <span class='ocrx_word' id='word_1_194' title='bbox 492 2896 809 2950; x_wconf 83' lang='lat' dir='ltr'><strong>mandandis</strong></span> <span class='ocrx_word' id='word_1_195' title='bbox 858 2895 1066 2967; x_wconf 65' lang='lat' dir='ltr'><strong>sedulo,</strong></span> <span class='ocrx_word' id='word_1_196' title='bbox 1100 2897 1221 2949; x_wconf 90' lang='lat' dir='ltr'><strong>licet</strong></span> <span class='ocrx_word' id='word_1_197' title='bbox 1264 2909 1375 2967; x_wconf 85' lang='lat' dir='ltr'><strong>non</strong></span> <span class='ocrx_word' id='word_1_198' title='bbox 1404 2902 1461 2967; x_wconf 81' lang='lat' dir='ltr'><strong>ut</strong></span> <span class='ocrx_word' id='word_1_199' title='bbox 1502 2893 1887 2967; x_wconf 43' lang='lat' dir='ltr'><strong>decertandum</strong></span> 
     </span>
    </p>
   </div>
   <div class='ocr_carea' id='block_1_32' title="bbox 304 2961 1887 3031">
    <p class='ocr_par' dir='ltr' id='par_1_32' title="bbox 304 2961 1887 3031">
     <span class='ocr_line' id='line_1_32' title="bbox 304 2961 1887 3031; baseline -0.002 -11"><span class='ocrx_word' id='word_1_200' title='bbox 304 2961 611 3028; x_wconf 79' lang='lat' dir='ltr'><strong>doctorem,</strong></span> <span class='ocrx_word' id='word_1_201' title='bbox 645 2974 925 3020; x_wconf 87' lang='lat' dir='ltr'><strong>curarunt.</strong></span> <span class='ocrx_word' id='word_1_202' title='bbox 959 2964 1037 3017; x_wconf 87' lang='lat' dir='ltr'><strong>Tu</strong></span> <span class='ocrx_word' id='word_1_203' title='bbox 1068 2980 1196 3018; x_wconf 91' lang='lat' dir='ltr'><strong>vero</strong></span> <span class='ocrx_word' id='word_1_204' title='bbox 1226 2964 1378 3031; x_wconf 86' lang='lat' dir='ltr'><strong>quasi</strong></span> <span class='ocrx_word' id='word_1_205' title='bbox 1411 2964 1461 3016; x_wconf 91' lang='lat' dir='ltr'><strong>in</strong></span> <span class='ocrx_word' id='word_1_206' title='bbox 1504 2964 1603 3017; x_wconf 80' lang='lat' dir='ltr'><strong>hac</strong></span> <span class='ocrx_word' id='word_1_207' title='bbox 1627 2961 1887 3028; x_wconf 59' lang='lat' dir='ltr'><strong>llestwria</strong></span> 
     </span>
    </p>
   </div>
   <div class='ocr_carea' id='block_1_33' title="bbox 302 3034 1891 3105">
    <p class='ocr_par' dir='ltr' id='par_1_33' title="bbox 302 3034 1891 3105">
     <span class='ocr_line' id='line_1_33' title="bbox 302 3034 1891 3105; baseline -0.003 -14"><span class='ocrx_word' id='word_1_208' title='bbox 302 3047 481 3101; x_wconf 87' lang='lat' dir='ltr'><strong>natus,</strong></span> <span class='ocrx_word' id='word_1_209' title='bbox 512 3044 569 3091; x_wconf 91' lang='lat' dir='ltr'><strong>ct</strong></span> <span class='ocrx_word' id='word_1_210' title='bbox 598 3035 789 3092; x_wconf 85' lang='lat' dir='ltr'><strong>litteris</strong></span> <span class='ocrx_word' id='word_1_211' title='bbox 821 3035 1075 3105; x_wconf 88' lang='lat' dir='ltr'><strong>imbutus,</strong></span> <span class='ocrx_word' id='word_1_212' title='bbox 1110 3034 1299 3105; x_wconf 85' lang='lat' dir='ltr'><strong>_mu‘tis</strong></span> <span class='ocrx_word' id='word_1_213' title='bbox 1328 3034 1395 3086; x_wconf 84' lang='lat' dir='ltr'><strong>ab</strong></span> <span class='ocrx_word' id='word_1_214' title='bbox 1426 3034 1547 3105; x_wconf 83' lang='lat' dir='ltr'><strong>hinc</strong></span> <span class='ocrx_word' id='word_1_215' title='bbox 1576 3034 1731 3105; x_wconf 75' lang='lat' dir='ltr'><strong>anuis</strong></span> <span class='ocrx_word' id='word_1_216' title='bbox 1757 3035 1891 3105; x_wconf 86' lang='lat' dir='ltr'><strong>assi-</strong></span> 
     </span>
    </p>
   </div>
   <div class='ocr_carea' id='block_1_34' title="bbox 302 3103 1885 3173">
    <p class='ocr_par' dir='ltr' id='par_1_34' title="bbox 302 3103 1885 3173">
     <span class='ocr_line' id='line_1_34' title="bbox 302 3103 1885 3173; baseline -0.002 -14"><span class='ocrx_word' id='word_1_217' title='bbox 302 3110 404 3160; x_wconf 89' lang='lat' dir='ltr'><strong>duo</strong></span> <span class='ocrx_word' id='word_1_218' title='bbox 450 3122 517 3159; x_wconf 87' lang='lat' dir='ltr'><strong>ea</strong></span> <span class='ocrx_word' id='word_1_219' title='bbox 570 3116 751 3160; x_wconf 90' lang='lat' dir='ltr'><strong>mente</strong></span> <span class='ocrx_word' id='word_1_220' title='bbox 811 3104 1013 3171; x_wconf 90' lang='lat' dir='ltr'><strong>volvis,</strong></span> <span class='ocrx_word' id='word_1_221' title='bbox 1073 3103 1189 3173; x_wconf 79' lang='lat' dir='ltr'><strong>ejus</strong></span> <span class='ocrx_word' id='word_1_222' title='bbox 1244 3104 1545 3173; x_wconf 12' lang='lat' dir='ltr'><strong>sententias,</strong></span> <span class='ocrx_word' id='word_1_223' title='bbox 1577 3103 1885 3173; x_wconf 79' lang='lat' dir='ltr'><strong>scrutaris,</strong></span> 
     </span>
    </p>
   </div>
   <div class='ocr_carea' id='block_1_35' title="bbox 302 3159 1962 3244">
    <p class='ocr_par' dir='ltr' id='par_1_35' title="bbox 302 3159 1962 3244">
     <span class='ocr_line' id='line_1_35' title="bbox 302 3159 1962 3244; baseline -0.006 -14"><span class='ocrx_word' id='word_1_224' title='bbox 302 3159 575 3244; x_wconf 87' lang='lat' dir='ltr'><strong>perquiris</strong></span> <span class='ocrx_word' id='word_1_225' title='bbox 602 3159 886 3238; x_wconf 71' lang='lat' dir='ltr'><strong>diligenter</strong></span> <span class='ocrx_word' id='word_1_226' title='bbox 913 3159 1068 3237; x_wconf 73' lang='lat' dir='ltr'><strong>mss.,</strong></span> <span class='ocrx_word' id='word_1_227' title='bbox 1100 3159 1376 3244; x_wconf 60' lang='lat' dir='ltr'><strong>&#39;cutnaliis</strong></span> <span class='ocrx_word' id='word_1_228' title='bbox 1407 3170 1720 3244; x_wconf 50' lang='lat' dir='ltr'><strong>ﬁdelissime</strong></span> <span class='ocrx_word' id='word_1_229' title='bbox 1757 3159 1883 3244; x_wconf 53' lang='lat' dir='ltr'><strong>cun;</strong></span> <span class='ocrx_word' id='word_1_230' title='bbox 1918 3159 1962 3220; x_wconf 87' lang='lat' dir='ltr'><strong>C</strong></span> 
     </span>
    </p>
   </div>
   <div class='ocr_carea' id='block_1_36' title="bbox 301 3240 1883 3312">
    <p class='ocr_par' dir='ltr' id='par_1_36' title="bbox 301 3240 1883 3312">
     <span class='ocr_line' id='line_1_36' title="bbox 301 3240 1883 3312; baseline -0.001 -16"><span class='ocrx_word' id='word_1_231' title='bbox 301 3240 445 3312; x_wconf 52' lang='lat' dir='ltr'><strong>lers&#39;,</strong></span> <span class='ocrx_word' id='word_1_232' title='bbox 490 3255 549 3298; x_wconf 91' lang='lat' dir='ltr'><strong>et</strong></span> <span class='ocrx_word' id='word_1_233' title='bbox 577 3246 644 3297; x_wconf 91' lang='lat' dir='ltr'><strong>de</strong></span> <span class='ocrx_word' id='word_1_234' title='bbox 670 3244 1066 3299; x_wconf 83' lang='lat' dir='ltr'><strong>absolutissima</strong></span> <span class='ocrx_word' id='word_1_235' title='bbox 1099 3242 1338 3296; x_wconf 90' lang='lat' dir='ltr'><strong>omnium</strong></span> <span class='ocrx_word' id='word_1_236' title='bbox 1384 3241 1621 3296; x_wconf 87' lang='lat' dir='ltr'><strong>editione</strong></span> <span class='ocrx_word' id='word_1_237' title='bbox 1648 3240 1759 3309; x_wconf 88' lang='lat' dir='ltr'><strong>jam</strong></span> <span class='ocrx_word' id='word_1_238' title='bbox 1792 3242 1883 3296; x_wconf 92' lang='lat' dir='ltr'><strong>diu</strong></span> 
     </span>
    </p>
   </div>
   <div class='ocr_carea' id='block_1_37' title="bbox 298 3312 1884 3377">
    <p class='ocr_par' dir='ltr' id='par_1_37' title="bbox 298 3312 1884 3377">
     <span class='ocr_line' id='line_1_37' title="bbox 298 3312 1884 3377; baseline 0 -12"><span class='ocrx_word' id='word_1_239' title='bbox 298 3315 603 3369; x_wconf 88' lang='lat' dir='ltr'><strong>meditaris.</strong></span> <span class='ocrx_word' id='word_1_240' title='bbox 648 3312 829 3367; x_wconf 90' lang='lat' dir='ltr'><strong>Laudo</strong></span> <span class='ocrx_word' id='word_1_241' title='bbox 867 3312 1119 3375; x_wconf 89' lang='lat' dir='ltr'><strong>studium,</strong></span> <span class='ocrx_word' id='word_1_242' title='bbox 1155 3321 1245 3365; x_wconf 83' lang='lat' dir='ltr'><strong>tua</strong></span> <span class='ocrx_word' id='word_1_243' title='bbox 1289 3312 1513 3366; x_wconf 79' lang='lat' dir='ltr'><strong>:emulor</strong></span> <span class='ocrx_word' id='word_1_244' title='bbox 1553 3320 1677 3365; x_wconf 85' lang='lat' dir='ltr'><strong>vota</strong></span> <span class='ocrx_word' id='word_1_245' title='bbox 1702 3352 1718 3377; x_wconf 94' lang='lat'><strong>,</strong></span> <span class='ocrx_word' id='word_1_246' title='bbox 1750 3319 1805 3367; x_wconf 91' lang='lat' dir='ltr'><strong>et</strong></span> <span class='ocrx_word' id='word_1_247' title='bbox 1833 3313 1884 3365; x_wconf 91' lang='lat' dir='ltr'><strong>in</strong></span> 
     </span>
    </p>
   </div>
   <div class='ocr_carea' id='block_1_38' title="bbox 298 3381 1221 3437">
    <p class='ocr_par' dir='ltr' id='par_1_38' title="bbox 298 3381 1221 3437">
     <span class='ocr_line' id='line_1_38' title="bbox 298 3381 1221 3437; baseline -0.002 0"><span class='ocrx_word' id='word_1_248' title='bbox 298 3384 548 3437; x_wconf 80' lang='lat' dir='ltr'><strong>eamdem</strong></span> <span class='ocrx_word' id='word_1_249' title='bbox 580 3381 739 3436; x_wconf 91' lang='lat' dir='ltr'><strong>linem</strong></span> <span class='ocrx_word' id='word_1_250' title='bbox 773 3398 890 3435; x_wconf 92' lang='lat' dir='ltr'><strong>mea</strong></span> <span class='ocrx_word' id='word_1_251' title='bbox 923 3382 1221 3436; x_wconf 89' lang='lat' dir='ltr'><strong>collimant.</strong></span> 
     </span>
    </p>
   </div>
   <div class='ocr_carea' id='block_1_39' title="bbox 366 3449 1884 3506">
    <p class='ocr_par' dir='ltr' id='par_1_39' title="bbox 366 3449 1884 3506">
     <span class='ocr_line' id='line_1_39' title="bbox 366 3449 1884 3506; baseline -0.002 0"><span class='ocrx_word' id='word_1_252' title='bbox 366 3452 463 3506; x_wconf 86' lang='lat'><strong>22.</strong></span> <span class='ocrx_word' id='word_1_253' title='bbox 514 3451 594 3505; x_wconf 81' lang='lat' dir='ltr'><strong>Ne</strong></span> <span class='ocrx_word' id='word_1_254' title='bbox 624 3451 833 3505; x_wconf 87' lang='lat' dir='ltr'><strong>mireris</strong></span> <span class='ocrx_word' id='word_1_255' title='bbox 876 3452 1050 3504; x_wconf 79' lang='lat' dir='ltr'><strong>adhuc</strong></span> <span class='ocrx_word' id='word_1_256' title='bbox 1092 3451 1299 3505; x_wconf 70' lang='lat' dir='ltr'><strong>hserere</strong></span> <span class='ocrx_word' id='word_1_257' title='bbox 1325 3464 1412 3504; x_wconf 90' lang='lat' dir='ltr'><strong>me</strong></span> <span class='ocrx_word' id='word_1_258' title='bbox 1442 3465 1503 3505; x_wconf 91' lang='lat' dir='ltr'><strong>ea</strong></span> <span class='ocrx_word' id='word_1_259' title='bbox 1534 3449 1587 3502; x_wconf 92' lang='lat' dir='ltr'><strong>in</strong></span> <span class='ocrx_word' id='word_1_260' title='bbox 1613 3449 1884 3504; x_wconf 83' lang='lat' dir='ltr'><strong>sententia</strong></span> 
     </span>
    </p>
   </div>
   <div class='ocr_carea' id='block_1_40' title="bbox 295 3518 1885 3589">
    <p class='ocr_par' dir='ltr' id='par_1_40' title="bbox 295 3518 1885 3589">
     <span class='ocr_line' id='line_1_40' title="bbox 295 3518 1885 3589; baseline -0.003 -13"><span class='ocrx_word' id='word_1_261' title='bbox 295 3531 354 3577; x_wconf 90' lang='lat' dir='ltr'><strong>ut</strong></span> <span class='ocrx_word' id='word_1_262' title='bbox 385 3521 595 3574; x_wconf 77' lang='lat' dir='ltr'><strong>Matriti</strong></span> <span class='ocrx_word' id='word_1_263' title='bbox 624 3526 680 3571; x_wconf 93' lang='lat' dir='ltr'><strong>et</strong></span> <span class='ocrx_word' id='word_1_264' title='bbox 709 3535 814 3573; x_wconf 90' lang='lat' dir='ltr'><strong>non</strong></span> <span class='ocrx_word' id='word_1_265' title='bbox 845 3520 967 3573; x_wconf 86' lang='lat' dir='ltr'><strong>alibi</strong></span> <span class='ocrx_word' id='word_1_266' title='bbox 998 3521 1162 3573; x_wconf 89' lang='lat' dir='ltr'><strong>editio</strong></span> <span class='ocrx_word' id='word_1_267' title='bbox 1194 3520 1304 3573; x_wconf 83' lang='lat' dir='ltr'><strong>liat.</strong></span> <span class='ocrx_word' id='word_1_268' title='bbox 1349 3518 1427 3572; x_wconf 88' lang='lat' dir='ltr'><strong>Ad</strong></span> <span class='ocrx_word' id='word_1_269' title='bbox 1457 3519 1506 3572; x_wconf 89' lang='lat' dir='ltr'><strong>id</strong></span> <span class='ocrx_word' id='word_1_270' title='bbox 1536 3520 1885 3589; x_wconf 89' lang='lat' dir='ltr'><strong>quamplures</strong></span> 
     </span>
    </p>
   </div>
   <div class='ocr_carea' id='block_1_41' title="bbox 294 3589 1886 3658">
    <p class='ocr_par' dir='ltr' id='par_1_41' title="bbox 294 3589 1886 3658">
     <span class='ocr_line' id='line_1_41' title="bbox 294 3589 1886 3658; baseline -0.004 -11"><span class='ocrx_word' id='word_1_271' title='bbox 294 3607 383 3647; x_wconf 88' lang='lat' dir='ltr'><strong>tne</strong></span> <span class='ocrx_word' id='word_1_272' title='bbox 417 3596 627 3658; x_wconf 76' lang='lat' dir='ltr'><strong>cogunt</strong></span> <span class='ocrx_word' id='word_1_273' title='bbox 650 3591 868 3655; x_wconf 73' lang='lat' dir='ltr'><strong>privata:</strong></span> <span class='ocrx_word' id='word_1_274' title='bbox 897 3597 951 3643; x_wconf 90' lang='lat' dir='ltr'><strong>et</strong></span> <span class='ocrx_word' id='word_1_275' title='bbox 979 3589 1202 3657; x_wconf 78' lang='lat' dir='ltr'><strong>publica:</strong></span> <span class='ocrx_word' id='word_1_276' title='bbox 1234 3592 1481 3658; x_wconf 86' lang='lat' dir='ltr'><strong>rationes</strong></span> <span class='ocrx_word' id='word_1_277' title='bbox 1508 3606 1521 3639; x_wconf 88' lang='lat'><strong>:</strong></span> <span class='ocrx_word' id='word_1_278' title='bbox 1556 3603 1657 3641; x_wconf 89' lang='lat' dir='ltr'><strong>nec</strong></span> <span class='ocrx_word' id='word_1_279' title='bbox 1686 3589 1886 3643; x_wconf 80' lang='lat' dir='ltr'><strong>exteris</strong></span> 
     </span>
    </p>
   </div>
   <div class='ocr_carea' id='block_1_42' title="bbox 294 3657 1883 3732">
    <p class='ocr_par' dir='ltr' id='par_1_42' title="bbox 294 3657 1883 3732">
     <span class='ocr_line' id='line_1_42' title="bbox 294 3657 1883 3732; baseline -0.002 -18"><span class='ocrx_word' id='word_1_280' title='bbox 294 3657 657 3732; x_wconf 82' lang='lat' dir='ltr'><strong>typographis</strong></span> <span class='ocrx_word' id='word_1_281' title='bbox 700 3658 945 3732; x_wconf 79' lang='lat' dir='ltr'><strong>invideo,</strong></span> <span class='ocrx_word' id='word_1_282' title='bbox 980 3673 1089 3732; x_wconf 71' lang='lat' dir='ltr'><strong>una</strong></span> <span class='ocrx_word' id='word_1_283' title='bbox 1113 3665 1400 3712; x_wconf 76' lang='lat' dir='ltr'><strong>contentus</strong></span> <span class='ocrx_word' id='word_1_284' title='bbox 1440 3657 1737 3732; x_wconf 80' lang='lat' dir='ltr'><strong>Ma_tritensi</strong></span> <span class='ocrx_word' id='word_1_285' title='bbox 1768 3658 1883 3711; x_wconf 88' lang='lat' dir='ltr'><strong>edi-</strong></span> 
     </span>
    </p>
   </div>
   <div class='ocr_carea' id='block_1_43' title="bbox 296 3727 1885 3797">
    <p class='ocr_par' dir='ltr' id='par_1_43' title="bbox 296 3727 1885 3797">
     <span class='ocr_line' id='line_1_43' title="bbox 296 3727 1885 3797; baseline 0.001 -15"><span class='ocrx_word' id='word_1_286' title='bbox 296 3727 450 3784; x_wconf 66' lang='lat' dir='ltr'><strong>tione</strong></span> <span class='ocrx_word' id='word_1_287' title='bbox 467 3746 482 3795; x_wconf 91' lang='lat'><strong>;</strong></span> <span class='ocrx_word' id='word_1_288' title='bbox 520 3737 719 3794; x_wconf 90' lang='lat' dir='ltr'><strong>tuoque</strong></span> <span class='ocrx_word' id='word_1_289' title='bbox 750 3728 932 3782; x_wconf 91' lang='lat' dir='ltr'><strong>labore</strong></span> <span class='ocrx_word' id='word_1_290' title='bbox 953 3727 1186 3796; x_wconf 83' lang='lat' dir='ltr'><strong>plurium</strong></span> <span class='ocrx_word' id='word_1_291' title='bbox 1216 3741 1482 3781; x_wconf 89' lang='lat' dir='ltr'><strong>annorum</strong></span> <span class='ocrx_word' id='word_1_292' title='bbox 1506 3727 1696 3793; x_wconf 82' lang='lat' dir='ltr'><strong>fretus,</strong></span> <span class='ocrx_word' id='word_1_293' title='bbox 1724 3740 1885 3797; x_wconf 77' lang='lat' dir='ltr'><strong>Spero</strong></span> 
     </span>
    </p>
   </div>
   <div class='ocr_carea' id='block_1_44' title="bbox 296 3806 948 3866">
    <p class='ocr_par' dir='ltr' id='par_1_44' title="bbox 296 3806 948 3866">
     <span class='ocr_line' id='line_1_44' title="bbox 296 3806 948 3866; baseline -0.006 -12"><span class='ocrx_word' id='word_1_294' title='bbox 296 3808 527 3854; x_wconf 61' lang='lat' dir='ltr'><strong>crateras</strong></span> <span class='ocrx_word' id='word_1_295' title='bbox 555 3806 948 3866; x_wconf 71' lang='lat' dir='ltr'><strong>superaturam.</strong></span> 
     </span>
    </p>
   </div>
   <div class='ocr_carea' id='block_1_45' title="bbox 364 3864 1884 3935">
    <p class='ocr_par' dir='ltr' id='par_1_45' title="bbox 364 3864 1884 3935">
     <span class='ocr_line' id='line_1_45' title="bbox 364 3864 1884 3935; baseline -0.001 -14"><span class='ocrx_word' id='word_1_296' title='bbox 364 3869 457 3921; x_wconf 78' lang='grc'><strong>25.</strong></span> <span class='ocrx_word' id='word_1_297' title='bbox 499 3864 722 3920; x_wconf 78' lang='lat' dir='ltr'><strong>Easdem</strong></span> <span class='ocrx_word' id='word_1_298' title='bbox 753 3864 1117 3930; x_wconf 81' lang='lat' dir='ltr'><strong>difﬁcultates,</strong></span> <span class='ocrx_word' id='word_1_299' title='bbox 1142 3866 1336 3935; x_wconf 84' lang='lat' dir='ltr'><strong>quibus</strong></span> <span class='ocrx_word' id='word_1_300' title='bbox 1364 3880 1451 3920; x_wconf 91' lang='lat' dir='ltr'><strong>me</strong></span> <span class='ocrx_word' id='word_1_301' title='bbox 1473 3867 1671 3934; x_wconf 66' lang='lat' dir='ltr'><strong>premis</strong></span> <span class='ocrx_word' id='word_1_302' title='bbox 1701 3875 1763 3920; x_wconf 95' lang='lat' dir='ltr'><strong>ut</strong></span> <span class='ocrx_word' id='word_1_303' title='bbox 1789 3876 1884 3921; x_wconf 88' lang='lat' dir='ltr'><strong>ttto</strong></span> 
     </span>
    </p>
   </div>
   <div class='ocr_carea' id='block_1_46' title="bbox 297 3934 1881 4007">
    <p class='ocr_par' dir='ltr' id='par_1_46' title="bbox 297 3934 1881 4007">
     <span class='ocr_line' id='line_1_46' title="bbox 297 3934 1881 4007; baseline -0.001 -16"><span class='ocrx_word' id='word_1_304' title='bbox 297 3939 635 4007; x_wconf 83' lang='lat' dir='ltr'><strong>asquiescam</strong></span> <span class='ocrx_word' id='word_1_305' title='bbox 680 3934 921 4007; x_wconf 81' lang='lat' dir='ltr'><strong>judicio,</strong></span> <span class='ocrx_word' id='word_1_306' title='bbox 970 3934 1280 4003; x_wconf 79' lang='lat' dir='ltr'><strong>perspectas</strong></span> <span class='ocrx_word' id='word_1_307' title='bbox 1327 3935 1539 4007; x_wconf 39' lang='lat' dir='ltr'><strong>habuit</strong></span> <span class='ocrx_word' id='word_1_308' title='bbox 1567 3937 1881 4007; x_wconf 85' lang='lat' dir='ltr'><strong>priusquam</strong></span> 
     </span>
    </p>
   </div>
   <div class='ocr_carea' id='block_1_47' title="bbox 296 4004 1879 4074">
    <p class='ocr_par' dir='ltr' id='par_1_47' title="bbox 296 4004 1879 4074">
     <span class='ocr_line' id='line_1_47' title="bbox 296 4004 1879 4074; baseline 0 -15"><span class='ocrx_word' id='word_1_309' title='bbox 296 4004 590 4074; x_wconf 48' lang='lat' dir='ltr'><strong>PCUrtega</strong></span> <span class='ocrx_word' id='word_1_310' title='bbox 630 4004 950 4060; x_wconf 87' lang='lat' dir='ltr'><strong>rescriberet</strong></span> <span class='ocrx_word' id='word_1_311' title='bbox 992 4020 1090 4058; x_wconf 90' lang='lat' dir='ltr'><strong>suo</strong></span> <span class='ocrx_word' id='word_1_312' title='bbox 1112 4005 1481 4073; x_wconf 87' lang='lat' dir='ltr'><strong>condiscipulo</strong></span> <span class='ocrx_word' id='word_1_313' title='bbox 1516 4004 1578 4060; x_wconf 79' lang='lat' dir='ltr'><strong>P.</strong></span> <span class='ocrx_word' id='word_1_314' title='bbox 1602 4004 1879 4072; x_wconf 78' lang='lat' dir='ltr'><strong>Quevedo.</strong></span> 
     </span>
    </p>
   </div>
   <div class='ocr_carea' id='block_1_48' title="bbox 298 4074 1883 4144">
    <p class='ocr_par' dir='ltr' id='par_1_48' title="bbox 298 4074 1883 4144">
     <span class='ocr_line' id='line_1_48' title="bbox 298 4074 1883 4144; baseline -0.001 -16"><span class='ocrx_word' id='word_1_315' title='bbox 298 4075 547 4144; x_wconf 78' lang='lat' dir='ltr'><strong>Perlege,</strong></span> <span class='ocrx_word' id='word_1_316' title='bbox 578 4076 621 4128; x_wconf 88' lang='lat' dir='ltr'><strong>si</strong></span> <span class='ocrx_word' id='word_1_317' title='bbox 653 4075 750 4138; x_wconf 86' lang='lat' dir='ltr'><strong>vis,</strong></span> <span class='ocrx_word' id='word_1_318' title='bbox 782 4085 936 4127; x_wconf 89' lang='lat' dir='ltr'><strong>notas</strong></span> <span class='ocrx_word' id='word_1_319' title='bbox 962 4090 1095 4144; x_wconf 87' lang='lat' dir='ltr'><strong>quas</strong></span> <span class='ocrx_word' id='word_1_320' title='bbox 1120 4074 1186 4127; x_wconf 90' lang='lat' dir='ltr'><strong>ad</strong></span> <span class='ocrx_word' id='word_1_321' title='bbox 1218 4084 1565 4143; x_wconf 75' lang='lat' dir='ltr'><strong>conspectuin</strong></span> <span class='ocrx_word' id='word_1_322' title='bbox 1598 4091 1749 4129; x_wconf 68' lang='lat' dir='ltr'><strong>novae</strong></span> <span class='ocrx_word' id='word_1_323' title='bbox 1781 4086 1883 4129; x_wconf 71' lang='lat' dir='ltr'><strong>tusc</strong></span> 
     </span>
    </p>
   </div>
   <div class='ocr_carea' id='block_1_49' title="bbox 302 4143 1884 4213">
    <p class='ocr_par' dir='ltr' id='par_1_49' title="bbox 302 4143 1884 4213">
     <span class='ocr_line' id='line_1_49' title="bbox 302 4143 1884 4213; baseline -0.001 -12"><span class='ocrx_word' id='word_1_324' title='bbox 302 4143 552 4201; x_wconf 79' lang='lat' dir='ltr'><strong>etitionis</strong></span> <span class='ocrx_word' id='word_1_325' title='bbox 608 4160 759 4197; x_wconf 75' lang='lat' dir='ltr'><strong>meus</strong></span> <span class='ocrx_word' id='word_1_326' title='bbox 789 4143 1263 4213; x_wconf 85' lang='lat' dir='ltr'><strong>_bib|iutltecarius</strong></span> <span class='ocrx_word' id='word_1_327' title='bbox 1326 4145 1577 4212; x_wconf 86' lang='lat' dir='ltr'><strong>apposuit</strong></span> <span class='ocrx_word' id='word_1_328' title='bbox 1640 4146 1884 4213; x_wconf 87' lang='lat' dir='ltr'><strong>aliasque</strong></span> 
     </span>
    </p>
   </div>
   <div class='ocr_carea' id='block_1_50' title="bbox 302 4211 1881 4334">
    <p class='ocr_par' dir='ltr' id='par_1_50' title="bbox 302 4211 1881 4334">
     <span class='ocr_line' id='line_1_50' title="bbox 302 4211 1881 4334; baseline 0.001 -67"><span class='ocrx_word' id='word_1_329' title='bbox 302 4231 517 4283; x_wconf 77' lang='lat' dir='ltr'><strong>insuper</strong></span> <span class='ocrx_word' id='word_1_330' title='bbox 534 4214 767 4294; x_wconf 76' lang='lat' dir='ltr'><strong>adjiciet.</strong></span> <span class='ocrx_word' id='word_1_331' title='bbox 788 4211 862 4293; x_wconf 59' lang='lat' dir='ltr'><strong>ljla</strong></span> <span class='ocrx_word' id='word_1_332' title='bbox 878 4213 981 4266; x_wconf 89' lang='lat' dir='ltr'><strong>erit</strong></span> <span class='ocrx_word' id='word_1_333' title='bbox 1190 4213 1349 4282; x_wconf 76' lang='lat' dir='ltr'><strong>igitur</strong></span> <span class='ocrx_word' id='word_1_334' title='bbox 1366 4211 1671 4295; x_wconf 74' lang='lat' dir='ltr'><strong>accuratior</strong></span> <span class='ocrx_word' id='word_1_335' title='bbox 1693 4211 1881 4282; x_wconf 76' lang='lat' dir='ltr'><strong>editio,</strong></span> 
     </span>
     <span class='ocr_line' id='line_1_51' title="bbox 302 4292 1881 4334; baseline 0 0"><span class='ocrx_word' id='word_1_336' title='bbox 302 4302 403 4334; x_wconf 90' lang='lat' dir='ltr'><strong>non</strong></span> <span class='ocrx_word' id='word_1_337' title='bbox 448 4299 571 4334; x_wconf 75' lang='lat' dir='ltr'><strong>mm</strong></span> <span class='ocrx_word' id='word_1_338' title='bbox 615 4298 903 4334; x_wconf 83' lang='lat' dir='ltr'><strong>conlosmr.</strong></span> <span class='ocrx_word' id='word_1_339' title='bbox 934 4297 992 4334; x_wconf 89' lang='lat' dir='ltr'><strong>se</strong></span> <span class='ocrx_word' id='word_1_340' title='bbox 1058 4296 1267 4334; x_wconf 84' lang='lat' dir='ltr'><strong>vertor.</strong></span> <span class='ocrx_word' id='word_1_341' title='bbox 1311 4294 1627 4334; x_wconf 80' lang='lat' dir='ltr'><strong>correctior.</strong></span> <span class='ocrx_word' id='word_1_342' title='bbox 1660 4292 1716 4334; x_wconf 86' lang='lat' dir='ltr'><strong>et</strong></span> <span class='ocrx_word' id='word_1_343' title='bbox 1743 4300 1881 4334; x_wconf 82' lang='lat' dir='ltr'><strong>enu-</strong></span> 
     </span>
    </p>
   </div>
   <div class='ocr_carea' id='block_1_51' title="bbox 299 4283 1881 4354">
    <p class='ocr_par' dir='ltr' id='par_1_51' title="bbox 299 4283 1881 4354">
     <span class='ocr_line' id='line_1_52' title="bbox 299 4283 1881 4354; baseline 0.001 -17"><span class='ocrx_word' id='word_1_344' title='bbox 299 4302 403 4337; x_wconf 87' lang='lat' dir='ltr'><strong>non</strong></span> <span class='ocrx_word' id='word_1_345' title='bbox 448 4299 571 4354; x_wconf 74' lang='lat' dir='ltr'><strong>qua:</strong></span> <span class='ocrx_word' id='word_1_346' title='bbox 615 4283 903 4351; x_wconf 88' lang='lat' dir='ltr'><strong>copiosior,</strong></span> <span class='ocrx_word' id='word_1_347' title='bbox 934 4283 1027 4354; x_wconf 84' lang='lat' dir='ltr'><strong>sed</strong></span> <span class='ocrx_word' id='word_1_348' title='bbox 1058 4283 1267 4354; x_wconf 81' lang='lat' dir='ltr'><strong>verior,</strong></span> <span class='ocrx_word' id='word_1_349' title='bbox 1311 4284 1627 4354; x_wconf 84' lang='lat' dir='ltr'><strong>correctior,</strong></span> <span class='ocrx_word' id='word_1_350' title='bbox 1660 4292 1716 4337; x_wconf 95' lang='lat' dir='ltr'><strong>et</strong></span> <span class='ocrx_word' id='word_1_351' title='bbox 1743 4300 1881 4354; x_wconf 80' lang='lat' dir='ltr'><strong>enu-</strong></span> 
     </span>
    </p>
   </div>
   <div class='ocr_carea' id='block_1_52' title="bbox 299 4351 1882 4421">
    <p class='ocr_par' dir='ltr' id='par_1_52' title="bbox 299 4351 1882 4421">
     <span class='ocr_line' id='line_1_53' title="bbox 299 4351 1882 4421; baseline 0.001 -15"><span class='ocrx_word' id='word_1_352' title='bbox 299 4351 586 4407; x_wconf 61' lang='lat' dir='ltr'><strong>nierat&#39;ioni</strong></span> <span class='ocrx_word' id='word_1_353' title='bbox 615 4368 837 4419; x_wconf 85' lang='lat' dir='ltr'><strong>operum</strong></span> <span class='ocrx_word' id='word_1_354' title='bbox 869 4354 924 4421; x_wconf 57' lang='grc' dir='ltr'><strong>ὃ.</strong></span> <span class='ocrx_word' id='word_1_355' title='bbox 958 4352 1197 4421; x_wconf 81' lang='lat' dir='ltr'><strong>doctoris</strong></span> <span class='ocrx_word' id='word_1_356' title='bbox 1221 4367 1382 4421; x_wconf 86' lang='lat' dir='ltr'><strong>quant</strong></span> <span class='ocrx_word' id='word_1_357' title='bbox 1413 4351 1723 4420; x_wconf 81' lang='lat' dir='ltr'><strong>singillatim</strong></span> <span class='ocrx_word' id='word_1_358' title='bbox 1754 4352 1787 4407; x_wconf 69' lang='grc' dir='ltr'><strong>ἲ.</strong></span> <span class='ocrx_word' id='word_1_359' title='bbox 1807 4364 1882 4410; x_wconf 65' lang='lat' dir='ltr'><strong>cit</strong></span> 
     </span>
    </p>
   </div>
   <div class='ocr_carea' id='block_1_53' title="bbox 297 4420 1881 4489">
    <p class='ocr_par' dir='ltr' id='par_1_53' title="bbox 297 4420 1881 4489">
     <span class='ocr_line' id='line_1_54' title="bbox 297 4420 1881 4489; baseline 0.001 -12"><span class='ocrx_word' id='word_1_360' title='bbox 297 4426 417 4489; x_wconf 78' lang='lat' dir='ltr'><strong>ejus</strong></span> <span class='ocrx_word' id='word_1_361' title='bbox 456 4423 839 4477; x_wconf 58' lang='lat' dir='ltr'><strong>dilectissimus</strong></span> <span class='ocrx_word' id='word_1_362' title='bbox 878 4420 1123 4474; x_wconf 90' lang='lat' dir='ltr'><strong>Braulius</strong></span> <span class='ocrx_word' id='word_1_363' title='bbox 1164 4420 1708 4489; x_wconf 66' lang='lat' dir='ltr'><strong>Cmsarauguslanus,</strong></span> <span class='ocrx_word' id='word_1_364' title='bbox 1750 4440 1881 4478; x_wconf 91' lang='lat' dir='ltr'><strong>con-</strong></span> 
     </span>
    </p>
   </div>
   <div class='ocr_carea' id='block_1_54' title="bbox 333 4492 1705 4551">
    <p class='ocr_par' dir='ltr' id='par_1_54' title="bbox 333 4492 1705 4551">
     <span class='ocr_line' id='line_1_55' title="bbox 333 4492 1705 4551; baseline 0.005 -7"><span class='ocrx_word' id='word_1_365' title='bbox 333 4492 597 4547; x_wconf 73' lang='lat' dir='ltr'><strong>ruettlior.</strong></span> <span class='ocrx_word' id='word_1_366' title='bbox 1694 4541 1705 4551; x_wconf 96' lang='lat'><strong>.</strong></span> 
     </span>
    </p>
   </div>
   <div class='ocr_carea' id='block_1_55' title="bbox 297 4507 1871 4617">
    <p class='ocr_par' dir='ltr' id='par_1_55' title="bbox 297 4507 1871 4617">
     <span class='ocr_line' id='line_1_56' title="bbox 333 4507 1705 4551; baseline 0.005 -7"><span class='ocrx_word' id='word_1_367' title='bbox 333 4507 597 4547; x_wconf 83' lang='lat' dir='ltr'><strong>ruennor.</strong></span> <span class='ocrx_word' id='word_1_368' title='bbox 1694 4541 1705 4551; x_wconf 94' lang='lat'><strong>.</strong></span> 
     </span>
     <span class='ocr_line' id='line_1_57' title="bbox 297 4507 1871 4617; baseline 0.001 -3"><span class='ocrx_word' id='word_1_369' title='bbox 297 4507 326 4561; x_wconf 60' lang='lat'><strong>8</strong></span> <span class='ocrx_word' id='word_1_370' title='bbox 367 4562 456 4614; x_wconf 74' lang='grc'><strong>21.</strong></span> <span class='ocrx_word' id='word_1_371' title='bbox 495 4561 613 4616; x_wconf 88' lang='lat' dir='ltr'><strong>Uno</strong></span> <span class='ocrx_word' id='word_1_372' title='bbox 665 4568 871 4614; x_wconf 84' lang='lat' dir='ltr'><strong>tantum</strong></span> <span class='ocrx_word' id='word_1_373' title='bbox 916 4560 1084 4615; x_wconf 85' lang='lat' dir='ltr'><strong>verbo</strong></span> <span class='ocrx_word' id='word_1_374' title='bbox 1113 4560 1349 4614; x_wconf 90' lang='lat' dir='ltr'><strong>animum</strong></span> <span class='ocrx_word' id='word_1_375' title='bbox 1400 4576 1580 4617; x_wconf 87' lang='lat' dir='ltr'><strong>meum</strong></span> <span class='ocrx_word' id='word_1_376' title='bbox 1622 4561 1871 4617; x_wconf 80' lang='lat' dir='ltr'><strong>pandant.</strong></span> 
     </span>
    </p>
   </div>
   <div class='ocr_carea' id='block_1_56' title="bbox 298 4629 1873 4700">
    <p class='ocr_par' dir='ltr' id='par_1_56' title="bbox 298 4629 1873 4700">
     <span class='ocr_line' id='line_1_58' title="bbox 298 4629 1873 4700; baseline 0.001 -15"><span class='ocrx_word' id='word_1_377' title='bbox 298 4630 613 4700; x_wconf 79' lang='lat' dir='ltr'><strong>Tumetipse</strong></span> <span class='ocrx_word' id='word_1_378' title='bbox 642 4630 879 4699; x_wconf 88' lang='lat' dir='ltr'><strong>appellas</strong></span> <span class='ocrx_word' id='word_1_379' title='bbox 905 4630 1161 4684; x_wconf 90' lang='lat' dir='ltr'><strong>Isidorum</strong></span> <span class='ocrx_word' id='word_1_380' title='bbox 1189 4629 1415 4683; x_wconf 90' lang='lat' dir='ltr'><strong>duorum</strong></span> <span class='ocrx_word' id='word_1_381' title='bbox 1458 4631 1597 4700; x_wconf 84' lang='lat' dir='ltr'><strong>apud</strong></span> <span class='ocrx_word' id='word_1_382' title='bbox 1626 4629 1873 4685; x_wconf 87' lang='lat' dir='ltr'><strong>Toletum</strong></span> 
     </span>
    </p>
   </div>
   <div class='ocr_carea' id='block_1_57' title="bbox 298 4700 1876 4770">
    <p class='ocr_par' dir='ltr' id='par_1_57' title="bbox 298 4700 1876 4770">
     <span class='ocr_line' id='line_1_59' title="bbox 298 4700 1876 4770; baseline -0.001 -15"><span class='ocrx_word' id='word_1_383' title='bbox 298 4701 654 4755; x_wconf 90' lang='lat' dir='ltr'><strong>conciliorum</strong></span> <span class='ocrx_word' id='word_1_384' title='bbox 677 4701 952 4770; x_wconf 65' lang='lat' dir='ltr'><strong>praesidem</strong></span> <span class='ocrx_word' id='word_1_385' title='bbox 979 4714 993 4763; x_wconf 86' lang='lat'><strong>;</strong></span> <span class='ocrx_word' id='word_1_386' title='bbox 1019 4709 1073 4754; x_wconf 85' lang='lat' dir='ltr'><strong>et</strong></span> <span class='ocrx_word' id='word_1_387' title='bbox 1096 4714 1191 4753; x_wconf 90' lang='lat' dir='ltr'><strong>nos</strong></span> <span class='ocrx_word' id='word_1_388' title='bbox 1216 4700 1587 4770; x_wconf 66' lang='lat' dir='ltr'><strong>tantummodo</strong></span> <span class='ocrx_word' id='word_1_389' title='bbox 1610 4700 1876 4770; x_wconf 88' lang='lat' dir='ltr'><strong>iuquarto</strong></span> 
     </span>
    </p>
   </div>
   <div class='ocr_carea' id='block_1_58' title="bbox 298 4766 1871 4840">
    <p class='ocr_par' dir='ltr' id='par_1_58' title="bbox 298 4766 1871 4840">
     <span class='ocr_line' id='line_1_60' title="bbox 298 4766 1871 4840; baseline -0.003 -15"><span class='ocrx_word' id='word_1_390' title='bbox 298 4770 576 4840; x_wconf 64' lang='lat' dir='ltr'><strong>praefuisse</strong></span> <span class='ocrx_word' id='word_1_391' title='bbox 615 4788 627 4821; x_wconf 92' lang='lat'>:</span> <span class='ocrx_word' id='word_1_392' title='bbox 667 4766 894 4824; x_wconf 80' lang='lat' dir='ltr'><strong>concilio</strong></span> <span class='ocrx_word' id='word_1_393' title='bbox 924 4784 1052 4823; x_wconf 89' lang='lat' dir='ltr'><strong>vero</strong></span> <span class='ocrx_word' id='word_1_394' title='bbox 1076 4810 1090 4833; x_wconf 90' lang='lat'><strong>,</strong></span> <span class='ocrx_word' id='word_1_395' title='bbox 1128 4768 1272 4840; x_wconf 85' lang='lat' dir='ltr'><strong>quod</strong></span> <span class='ocrx_word' id='word_1_396' title='bbox 1299 4767 1499 4840; x_wconf 77' lang='lat' dir='ltr'><strong>dicitur</strong></span> <span class='ocrx_word' id='word_1_397' title='bbox 1522 4766 1871 4840; x_wconf 76' lang='lat' dir='ltr'><strong>Gundemari,</strong></span> 
     </span>
    </p>
   </div>
   <div class='ocr_carea' id='block_1_59' title="bbox 299 4837 1873 4907">
    <p class='ocr_par' dir='ltr' id='par_1_59' title="bbox 299 4837 1873 4907">
     <span class='ocr_line' id='line_1_61' title="bbox 299 4837 1873 4907; baseline -0.001 -15"><span class='ocrx_word' id='word_1_398' title='bbox 299 4837 411 4894; x_wconf 84' lang='lat' dir='ltr'><strong>non</strong></span> <span class='ocrx_word' id='word_1_399' title='bbox 456 4839 715 4902; x_wconf 78' lang='lat' dir='ltr'><strong>adfuisse,</strong></span> <span class='ocrx_word' id='word_1_400' title='bbox 752 4840 845 4893; x_wconf 90' lang='lat' dir='ltr'><strong>sed</strong></span> <span class='ocrx_word' id='word_1_401' title='bbox 895 4848 1098 4893; x_wconf 83' lang='lat' dir='ltr'><strong>tantum</strong></span> <span class='ocrx_word' id='word_1_402' title='bbox 1149 4837 1223 4893; x_wconf 86' lang='lat' dir='ltr'><strong>ad</strong></span> <span class='ocrx_word' id='word_1_403' title='bbox 1272 4837 1413 4907; x_wconf 76' lang='lat' dir='ltr'><strong>regis</strong></span> <span class='ocrx_word' id='word_1_404' title='bbox 1467 4837 1775 4891; x_wconf 80' lang='lat' dir='ltr'><strong>instantiam</strong></span> <span class='ocrx_word' id='word_1_405' title='bbox 1824 4840 1873 4891; x_wconf 93' lang='lat' dir='ltr'><strong>ei</strong></span> 
     </span>
    </p>
   </div>
   <div class='ocr_carea' id='block_1_60' title="bbox 298 4906 1872 4974">
    <p class='ocr_par' dir='ltr' id='par_1_60' title="bbox 298 4906 1872 4974">
     <span class='ocr_line' id='line_1_62' title="bbox 298 4906 1872 4974; baseline -0.001 -11"><span class='ocrx_word' id='word_1_406' title='bbox 298 4910 681 4974; x_wconf 58' lang='lat' dir='ltr'><strong>subscripsisse</strong></span> <span class='ocrx_word' id='word_1_407' title='bbox 710 4917 987 4963; x_wconf 89' lang='lat' dir='ltr'><strong>testamur.</strong></span> <span class='ocrx_word' id='word_1_408' title='bbox 1019 4907 1248 4962; x_wconf 82' lang='lat' dir='ltr'><strong>Aliunde</strong></span> <span class='ocrx_word' id='word_1_409' title='bbox 1274 4906 1496 4962; x_wconf 82' lang='lat' dir='ltr'><strong>Cudices</strong></span> <span class='ocrx_word' id='word_1_410' title='bbox 1525 4921 1680 4973; x_wconf 92' lang='lat' dir='ltr'><strong>mss.,</strong></span> <span class='ocrx_word' id='word_1_411' title='bbox 1703 4907 1793 4974; x_wconf 91' lang='lat' dir='ltr'><strong>qui</strong></span> <span class='ocrx_word' id='word_1_412' title='bbox 1820 4908 1872 4962; x_wconf 92' lang='lat' dir='ltr'><strong>in</strong></span> 
     </span>
    </p>
   </div>
   <div class='ocr_carea' id='block_1_61' title="bbox 299 4975 1875 5045">
    <p class='ocr_par' dir='ltr' id='par_1_61' title="bbox 299 4975 1875 5045">
     <span class='ocr_line' id='line_1_63' title="bbox 299 4975 1875 5045; baseline 0.001 -15"><span class='ocrx_word' id='word_1_413' title='bbox 299 4979 477 5044; x_wconf 85' lang='lat' dir='ltr'><strong>Italia,</strong></span> <span class='ocrx_word' id='word_1_414' title='bbox 500 4975 705 5039; x_wconf 86' lang='lat' dir='ltr'><strong>Galliis,</strong></span> <span class='ocrx_word' id='word_1_415' title='bbox 729 4986 783 5032; x_wconf 90' lang='lat' dir='ltr'><strong>et</strong></span> <span class='ocrx_word' id='word_1_416' title='bbox 812 4978 934 5031; x_wconf 86' lang='lat' dir='ltr'><strong>alibi</strong></span> <span class='ocrx_word' id='word_1_417' title='bbox 959 4985 1301 5031; x_wconf 82' lang='lat' dir='ltr'><strong>asservautur</strong></span> <span class='ocrx_word' id='word_1_418' title='bbox 1320 4992 1386 5029; x_wconf 81' lang='lat' dir='ltr'><strong>ex</strong></span> <span class='ocrx_word' id='word_1_419' title='bbox 1414 4975 1662 5044; x_wconf 81' lang='lat' dir='ltr'><strong>Hispanis</strong></span> <span class='ocrx_word' id='word_1_420' title='bbox 1687 4990 1875 5045; x_wconf 86' lang='lat' dir='ltr'><strong>aspor-</strong></span> 
     </span>
    </p>
   </div>
   <div class='ocr_carea' id='block_1_62' title="bbox 299 5044 1870 5111">
    <p class='ocr_par' dir='ltr' id='par_1_62' title="bbox 299 5044 1870 5111">
     <span class='ocr_line' id='line_1_64' title="bbox 299 5044 1870 5111; baseline -0.002 -10"><span class='ocrx_word' id='word_1_421' title='bbox 299 5048 431 5111; x_wconf 86' lang='lat' dir='ltr'><strong>tati,</strong></span> <span class='ocrx_word' id='word_1_422' title='bbox 480 5044 620 5100; x_wconf 81' lang='lat' dir='ltr'><strong>forte</strong></span> <span class='ocrx_word' id='word_1_423' title='bbox 669 5063 789 5100; x_wconf 92' lang='lat' dir='ltr'><strong>cum</strong></span> <span class='ocrx_word' id='word_1_424' title='bbox 845 5046 1118 5101; x_wconf 76' lang='lat' dir='ltr'><strong>Toletanis</strong></span> <span class='ocrx_word' id='word_1_425' title='bbox 1163 5055 1214 5099; x_wconf 89' lang='lat' dir='ltr'><strong>et</strong></span> <span class='ocrx_word' id='word_1_426' title='bbox 1265 5045 1723 5099; x_wconf 80' lang='lat' dir='ltr'><strong>Escurialensibus</strong></span> <span class='ocrx_word' id='word_1_427' title='bbox 1752 5044 1870 5099; x_wconf 83' lang='lat' dir='ltr'><strong>non</strong></span> 
     </span>
    </p>
   </div>
   <div class='ocr_carea' id='block_1_63' title="bbox 298 5116 1871 5187">
    <p class='ocr_par' dir='ltr' id='par_1_63' title="bbox 298 5116 1871 5187">
     <span class='ocr_line' id='line_1_65' title="bbox 298 5116 1871 5187; baseline 0 -18"><span class='ocrx_word' id='word_1_428' title='bbox 298 5124 637 5187; x_wconf 65' lang='lat' dir='ltr'><strong>con-enitet“</strong></span> <span class='ocrx_word' id='word_1_429' title='bbox 668 5135 681 5180; x_wconf 91' lang='lat'>;</span> <span class='ocrx_word' id='word_1_430' title='bbox 712 5125 768 5169; x_wconf 80' lang='lat' dir='ltr'><strong>et</strong></span> <span class='ocrx_word' id='word_1_431' title='bbox 795 5116 919 5187; x_wconf 72' lang='lat' dir='ltr'><strong>(Iunt</strong></span> <span class='ocrx_word' id='word_1_432' title='bbox 949 5132 1137 5187; x_wconf 83' lang='lat' dir='ltr'><strong>parare</strong></span> <span class='ocrx_word' id='word_1_433' title='bbox 1166 5117 1409 5187; x_wconf 86' lang='lat' dir='ltr'><strong>volumus</strong></span> <span class='ocrx_word' id='word_1_434' title='bbox 1436 5117 1727 5187; x_wconf 74' lang='lat' dir='ltr'><strong>editionettt</strong></span> <span class='ocrx_word' id='word_1_435' title='bbox 1752 5131 1871 5184; x_wconf 60' lang='lat' dir='ltr'><strong>per-</strong></span> 
     </span>
    </p>
   </div>
   <div class='ocr_carea' id='block_1_64' title="bbox 299 5184 1657 5254">
    <p class='ocr_par' dir='ltr' id='par_1_64' title="bbox 299 5184 1657 5254">
     <span class='ocr_line' id='line_1_66' title="bbox 299 5184 1657 5254; baseline -0.001 -17"><span class='ocrx_word' id='word_1_436' title='bbox 299 5185 520 5249; x_wconf 75' lang='lat' dir='ltr'><strong>fectam,</strong></span> <span class='ocrx_word' id='word_1_437' title='bbox 552 5184 691 5240; x_wconf 82' lang='lat' dir='ltr'><strong>forte</strong></span> <span class='ocrx_word' id='word_1_438' title='bbox 722 5187 773 5239; x_wconf 90' lang='lat' dir='ltr'><strong>in</strong></span> <span class='ocrx_word' id='word_1_439' title='bbox 805 5184 1036 5254; x_wconf 76' lang='lat' dir='ltr'><strong>majores</strong></span> <span class='ocrx_word' id='word_1_440' title='bbox 1061 5186 1311 5254; x_wconf 88' lang='lat' dir='ltr'><strong>scopulos</strong></span> <span class='ocrx_word' id='word_1_441' title='bbox 1340 5185 1657 5239; x_wconf 85' lang='lat' dir='ltr'><strong>incidemus.</strong></span> 
     </span>
    </p>
   </div>
   <div class='ocr_carea' id='block_1_65' title="bbox 369 5254 1870 5325">
    <p class='ocr_par' dir='ltr' id='par_1_65' title="bbox 369 5254 1870 5325">
     <span class='ocr_line' id='line_1_67' title="bbox 369 5254 1870 5325; baseline 0.002 -18"><span class='ocrx_word' id='word_1_442' title='bbox 369 5254 464 5307; x_wconf 86' lang='lat'><strong>25.</strong></span> <span class='ocrx_word' id='word_1_443' title='bbox 520 5254 833 5325; x_wconf 78' lang='lat' dir='ltr'><strong>Eapropter,</strong></span> <span class='ocrx_word' id='word_1_444' title='bbox 888 5256 1183 5309; x_wconf 81' lang='lat' dir='ltr'><strong>clarissime</strong></span> <span class='ocrx_word' id='word_1_445' title='bbox 1233 5256 1481 5312; x_wconf 87' lang='lat' dir='ltr'><strong>domine.</strong></span> <span class='ocrx_word' id='word_1_446' title='bbox 1532 5270 1599 5307; x_wconf 90' lang='lat' dir='ltr'><strong>ne</strong></span> <span class='ocrx_word' id='word_1_447' title='bbox 1646 5255 1870 5310; x_wconf 90' lang='lat' dir='ltr'><strong>moreris</strong></span> 
     </span>
    </p>
   </div>
   <div class='ocr_carea' id='block_1_66' title="bbox 297 5323 1867 5393">
    <p class='ocr_par' dir='ltr' id='par_1_66' title="bbox 297 5323 1867 5393">
     <span class='ocr_line' id='line_1_68' title="bbox 297 5323 1867 5393; baseline 0 -16"><span class='ocrx_word' id='word_1_448' title='bbox 297 5323 734 5379; x_wconf 77' lang='lat' dir='ltr'><strong>elucubrationes</strong></span> <span class='ocrx_word' id='word_1_449' title='bbox 780 5336 896 5379; x_wconf 88' lang='lat' dir='ltr'><strong>tuas</strong></span> <span class='ocrx_word' id='word_1_450' title='bbox 942 5325 1263 5393; x_wconf 70' lang='lat' dir='ltr'><strong>quantocius</strong></span> <span class='ocrx_word' id='word_1_451' title='bbox 1301 5325 1514 5377; x_wconf 91' lang='lat' dir='ltr'><strong>mittere</strong></span> <span class='ocrx_word' id='word_1_452' title='bbox 1543 5340 1556 5375; x_wconf 88' lang='lat'><strong>:</strong></span> <span class='ocrx_word' id='word_1_453' title='bbox 1591 5339 1696 5377; x_wconf 93' lang='lat' dir='ltr'><strong>uno</strong></span> <span class='ocrx_word' id='word_1_454' title='bbox 1726 5326 1867 5378; x_wconf 79' lang='lat' dir='ltr'><strong>enim</strong></span> 
     </span>
    </p>
   </div>
   <div class='ocr_carea' id='block_1_67' title="bbox 297 5394 1873 5463">
    <p class='ocr_par' dir='ltr' id='par_1_67' title="bbox 297 5394 1873 5463">
     <span class='ocr_line' id='line_1_69' title="bbox 297 5394 1873 5463; baseline 0.001 -18"><span class='ocrx_word' id='word_1_455' title='bbox 297 5396 453 5460; x_wconf 81' lang='lat' dir='ltr'><strong>apice</strong></span> <span class='ocrx_word' id='word_1_456' title='bbox 483 5410 591 5448; x_wconf 93' lang='lat' dir='ltr'><strong>non</strong></span> <span class='ocrx_word' id='word_1_457' title='bbox 622 5394 956 5449; x_wconf 66' lang='lat' dir='ltr'><strong>discedemus</strong></span> <span class='ocrx_word' id='word_1_458' title='bbox 986 5395 1053 5448; x_wconf 90' lang='lat' dir='ltr'><strong>ab</strong></span> <span class='ocrx_word' id='word_1_459' title='bbox 1080 5395 1174 5457; x_wconf 84' lang='lat' dir='ltr'><strong>cis,</strong></span> <span class='ocrx_word' id='word_1_460' title='bbox 1209 5407 1512 5463; x_wconf 90' lang='lat' dir='ltr'><strong>nomenque</strong></span> <span class='ocrx_word' id='word_1_461' title='bbox 1551 5401 1723 5463; x_wconf 90' lang='lat' dir='ltr'><strong>tuum,</strong></span> <span class='ocrx_word' id='word_1_462' title='bbox 1771 5396 1873 5463; x_wconf 65' lang='lat' dir='ltr'><strong>etsi</strong></span> 
     </span>
    </p>
   </div>
   <div class='ocr_carea' id='block_1_68' title="bbox 298 5461 1874 5532">
    <p class='ocr_par' dir='ltr' id='par_1_68' title="bbox 298 5461 1874 5532">
     <span class='ocr_line' id='line_1_70' title="bbox 298 5461 1874 5532; baseline 0.001 -17"><span class='ocrx_word' id='word_1_463' title='bbox 298 5464 554 5532; x_wconf 81' lang='lat' dir='ltr'><strong>expensis</strong></span> <span class='ocrx_word' id='word_1_464' title='bbox 585 5466 719 5518; x_wconf 85' lang='lat' dir='ltr'><strong>meis</strong></span> <span class='ocrx_word' id='word_1_465' title='bbox 765 5465 858 5517; x_wconf 88' lang='lat' dir='ltr'><strong>liat</strong></span> <span class='ocrx_word' id='word_1_466' title='bbox 904 5463 1104 5525; x_wconf 89' lang='lat' dir='ltr'><strong>editio,</strong></span> <span class='ocrx_word' id='word_1_467' title='bbox 1153 5472 1355 5516; x_wconf 89' lang='lat' dir='ltr'><strong>tantum</strong></span> <span class='ocrx_word' id='word_1_468' title='bbox 1395 5461 1725 5531; x_wconf 75' lang='lat' dir='ltr'><strong>personabit.</strong></span> <span class='ocrx_word' id='word_1_469' title='bbox 1769 5461 1874 5517; x_wconf 86' lang='lat' dir='ltr'><strong>Eas</strong></span> 
     </span>
    </p>
   </div>
   <div class='ocr_carea' id='block_1_69' title="bbox 296 5532 1874 5601">
    <p class='ocr_par' dir='ltr' id='par_1_69' title="bbox 296 5532 1874 5601">
     <span class='ocr_line' id='line_1_71' title="bbox 296 5532 1874 5601; baseline 0.002 -18"><span class='ocrx_word' id='word_1_470' title='bbox 296 5539 451 5601; x_wconf 83' lang='lat' dir='ltr'><strong>prius</strong></span> <span class='ocrx_word' id='word_1_471' title='bbox 501 5542 751 5588; x_wconf 87' lang='lat' dir='ltr'><strong>accurate</strong></span> <span class='ocrx_word' id='word_1_472' title='bbox 793 5533 1225 5599; x_wconf 86' lang='lat' dir='ltr'><strong>transcribemus,</strong></span> <span class='ocrx_word' id='word_1_473' title='bbox 1256 5541 1311 5585; x_wconf 92' lang='lat' dir='ltr'><strong>et</strong></span> <span class='ocrx_word' id='word_1_474' title='bbox 1339 5533 1382 5586; x_wconf 91' lang='lat' dir='ltr'><strong>si</strong></span> <span class='ocrx_word' id='word_1_475' title='bbox 1423 5532 1551 5600; x_wconf 90' lang='lat' dir='ltr'><strong>quid</strong></span> <span class='ocrx_word' id='word_1_476' title='bbox 1581 5534 1874 5587; x_wconf 90' lang='lat' dir='ltr'><strong>occurrerit</strong></span> 
     </span>
    </p>
   </div>
   <div class='ocr_carea' id='block_1_70' title="bbox 297 5601 1877 5671">
    <p class='ocr_par' dir='ltr' id='par_1_70' title="bbox 297 5601 1877 5671">
     <span class='ocr_line' id='line_1_72' title="bbox 297 5601 1877 5671; baseline 0.002 -17"><span class='ocrx_word' id='word_1_477' title='bbox 297 5604 617 5671; x_wconf 71' lang='lat' dir='ltr'><strong>obscurius,</strong></span> <span class='ocrx_word' id='word_1_478' title='bbox 644 5604 728 5659; x_wconf 84' lang='lat' dir='ltr'><strong>vel</strong></span> <span class='ocrx_word' id='word_1_479' title='bbox 777 5604 1041 5656; x_wconf 80' lang='lat' dir='ltr'><strong>dil&#39;licilius</strong></span> <span class='ocrx_word' id='word_1_480' title='bbox 1065 5643 1080 5668; x_wconf 93' lang='lat'><strong>,</strong></span> <span class='ocrx_word' id='word_1_481' title='bbox 1124 5602 1268 5671; x_wconf 92' lang='lat' dir='ltr'><strong>quod</strong></span> <span class='ocrx_word' id='word_1_482' title='bbox 1317 5601 1689 5656; x_wconf 88' lang='lat' dir='ltr'><strong>emendatione</strong></span> <span class='ocrx_word' id='word_1_483' title='bbox 1718 5618 1877 5669; x_wconf 78' lang='lat' dir='ltr'><strong>egere</strong></span> 
     </span>
    </p>
   </div>
   <div class='ocr_carea' id='block_1_71' title="bbox 297 5671 1875 5740">
    <p class='ocr_par' dir='ltr' id='par_1_71' title="bbox 297 5671 1875 5740">
     <span class='ocr_line' id='line_1_73' title="bbox 297 5671 1875 5740; baseline 0.002 -16"><span class='ocrx_word' id='word_1_484' title='bbox 297 5673 474 5740; x_wconf 81' lang='lat' dir='ltr'><strong>visum</strong></span> <span class='ocrx_word' id='word_1_485' title='bbox 502 5672 680 5739; x_wconf 77' lang='lat' dir='ltr'><strong>fuerit,</strong></span> <span class='ocrx_word' id='word_1_486' title='bbox 712 5673 841 5726; x_wconf 91' lang='lat' dir='ltr'><strong>nihil</strong></span> <span class='ocrx_word' id='word_1_487' title='bbox 867 5683 1062 5732; x_wconf 89' lang='lat' dir='ltr'><strong>tamen,</strong></span> <span class='ocrx_word' id='word_1_488' title='bbox 1096 5679 1147 5723; x_wconf 84' lang='lat' dir='ltr'><strong>te</strong></span> <span class='ocrx_word' id='word_1_489' title='bbox 1175 5671 1473 5726; x_wconf 91' lang='lat' dir='ltr'><strong>inconsulto</strong></span> <span class='ocrx_word' id='word_1_490' title='bbox 1502 5679 1664 5740; x_wconf 88' lang='lat' dir='ltr'><strong>atque</strong></span> <span class='ocrx_word' id='word_1_491' title='bbox 1686 5672 1875 5739; x_wconf 87' lang='lat' dir='ltr'><strong>inscio,</strong></span> 
     </span>
    </p>
   </div>
   <div class='ocr_carea' id='block_1_72' title="bbox 304 5738 1877 5800">
    <p class='ocr_par' dir='ltr' id='par_1_72' title="bbox 304 5738 1877 5800">
     <span class='ocr_line' id='line_1_74' title="bbox 304 5738 1877 5800; baseline 0.001 -5"><span class='ocrx_word' id='word_1_492' title='bbox 304 5738 673 5799; x_wconf 71' lang='lat' dir='ltr'><strong>intuutabitur</strong></span> <span class='ocrx_word' id='word_1_493' title='bbox 697 5761 710 5796; x_wconf 87' lang='lat'><strong>:</strong></span> <span class='ocrx_word' id='word_1_494' title='bbox 739 5744 809 5796; x_wconf 89' lang='lat' dir='ltr'><strong>do</strong></span> <span class='ocrx_word' id='word_1_495' title='bbox 837 5742 1013 5796; x_wconf 89' lang='lat' dir='ltr'><strong>lidetn.</strong></span> <span class='ocrx_word' id='word_1_496' title='bbox 1040 5740 1105 5793; x_wconf 80' lang='lat' dir='ltr'><strong>Et</strong></span> <span class='ocrx_word' id='word_1_497' title='bbox 1131 5740 1333 5795; x_wconf 82' lang='lat' dir='ltr'><strong>interea</strong></span> <span class='ocrx_word' id='word_1_498' title='bbox 1365 5741 1424 5795; x_wconf 79' lang='grc' dir='ltr'><strong>Ι).</strong></span> <span class='ocrx_word' id='word_1_499' title='bbox 1452 5740 1513 5794; x_wconf 87' lang='grc'><strong>0.</strong></span> <span class='ocrx_word' id='word_1_500' title='bbox 1557 5738 1627 5794; x_wconf 77' lang='grc' dir='ltr'><strong>Μ.</strong></span> <span class='ocrx_word' id='word_1_501' title='bbox 1653 5744 1877 5800; x_wconf 87' lang='lat' dir='ltr'><strong>obsecro</strong></span> 
     </span>
    </p>
   </div>
   <div class='ocr_carea' id='block_1_73' title="bbox 666 5830 1282 5894">
    <p class='ocr_par' dir='ltr' id='par_1_73' title="bbox 666 5830 1282 5894">
     <span class='ocr_line' id='line_1_75' title="bbox 666 5830 1282 5894; baseline -0.005 0"><span class='ocrx_word' id='word_1_502' title='bbox 666 5833 938 5894; x_wconf 70' lang='lat' dir='ltr'><strong>eruoc.</strong></span> <span class='ocrx_word' id='word_1_503' title='bbox 987 5830 1282 5893; x_wconf 76' lang='lat' dir='ltr'><strong>LXXXI.</strong></span> 
     </span>
    </p>
   </div>
   <div class='ocr_carea' id='block_1_74' title="bbox 1314 300 2532 366">
    <p class='ocr_par' dir='ltr' id='par_1_74' title="bbox 1314 300 2532 366">
     <span class='ocr_line' id='line_1_76' title="bbox 1314 300 2532 366; baseline -0.01 0"><span class='ocrx_word' id='word_1_504' title='bbox 1314 307 1729 366; x_wconf 78' lang='lat' dir='ltr'><strong>ISIDORIANA.</strong></span> <span class='ocrx_word' id='word_1_505' title='bbox 1768 336 1838 347; x_wconf 89' lang='lat'><strong><em>—</em></strong></span> <span class='ocrx_word' id='word_1_506' title='bbox 1876 303 2054 358; x_wconf 77' lang='lat' dir='ltr'><strong>PARS</strong></span> <span class='ocrx_word' id='word_1_507' title='bbox 2092 302 2129 357; x_wconf 92' lang='lat' dir='ltr'><strong>I.</strong></span> <span class='ocrx_word' id='word_1_508' title='bbox 2172 300 2329 359; x_wconf 67' lang='lat' dir='ltr'><strong>CAP;</strong></span> <span class='ocrx_word' id='word_1_509' title='bbox 2377 302 2532 357; x_wconf 78' lang='lat' dir='ltr'><strong>XLII.</strong></span> 
     </span>
    </p>
   </div>
   <div class='ocr_carea' id='block_1_75' title="bbox 3458 301 3564 357">
    <p class='ocr_par' dir='ltr' id='par_1_75' title="bbox 3458 301 3564 357">
     <span class='ocr_line' id='line_1_77' title="bbox 3458 301 3564 357; baseline 0 -1"><span class='ocrx_word' id='word_1_510' title='bbox 3458 301 3564 357; x_wconf 79' lang='lat'><strong>266</strong></span> 
     </span>
    </p>
   </div>
   <div class='ocr_carea' id='block_1_76' title="bbox 1982 409 3563 479">
    <p class='ocr_par' dir='ltr' id='par_1_76' title="bbox 1982 409 3563 479">
     <span class='ocr_line' id='line_1_78' title="bbox 1982 409 3563 479; baseline 0.002 -13"><span class='ocrx_word' id='word_1_511' title='bbox 1982 421 2039 466; x_wconf 93' lang='lat' dir='ltr'><strong>ut</strong></span> <span class='ocrx_word' id='word_1_512' title='bbox 2086 418 2141 463; x_wconf 86' lang='lat' dir='ltr'><strong>te</strong></span> <span class='ocrx_word' id='word_1_513' title='bbox 2187 410 2278 464; x_wconf 91' lang='lat' dir='ltr'><strong>diu</strong></span> <span class='ocrx_word' id='word_1_514' title='bbox 2325 410 2697 479; x_wconf 10' lang='lat' dir='ltr'><strong>sospitemietr</strong></span> <span class='ocrx_word' id='word_1_515' title='bbox 2733 409 3055 465; x_wconf 87' lang='lat' dir='ltr'><strong>incolumem</strong></span> <span class='ocrx_word' id='word_1_516' title='bbox 3101 418 3299 476; x_wconf 78' lang='lat' dir='ltr'><strong>servet.</strong></span> <span class='ocrx_word' id='word_1_517' title='bbox 3345 409 3563 479; x_wconf 73' lang='lat' dir='ltr'><strong>Matriti,</strong></span> 
     </span>
    </p>
   </div>
   <div class='ocr_carea' id='block_1_77' title="bbox 1983 478 2721 535">
    <p class='ocr_par' dir='ltr' id='par_1_77' title="bbox 1983 478 2721 535">
     <span class='ocr_line' id='line_1_79' title="bbox 1983 478 2721 535; baseline -0.005 0"><span class='ocrx_word' id='word_1_518' title='bbox 1983 482 2071 535; x_wconf 89' lang='lat' dir='ltr'><strong>die</strong></span> <span class='ocrx_word' id='word_1_519' title='bbox 2098 480 2169 533; x_wconf 79' lang='lat'><strong>20</strong></span> <span class='ocrx_word' id='word_1_520' title='bbox 2201 480 2373 532; x_wconf 81' lang='lat' dir='ltr'><strong>Martii</strong></span> <span class='ocrx_word' id='word_1_521' title='bbox 2403 482 2526 533; x_wconf 87' lang='lat' dir='ltr'><strong>anni</strong></span> <span class='ocrx_word' id='word_1_522' title='bbox 2563 478 2721 531; x_wconf 78' lang='lat' dir='ltr'><strong>I785.</strong></span> 
     </span>
    </p>
   </div>
   <div class='ocr_carea' id='block_1_78' title="bbox 2050 586 3567 647">
    <p class='ocr_par' dir='ltr' id='par_1_78' title="bbox 2050 586 3567 647">
     <span class='ocr_line' id='line_1_80' title="bbox 2050 586 3567 647; baseline 0.004 -6"><span class='ocrx_word' id='word_1_523' title='bbox 2050 586 2138 641; x_wconf 85' lang='lat'><strong>26.</strong></span> <span class='ocrx_word' id='word_1_524' title='bbox 2182 587 2239 641; x_wconf 91' lang='lat' dir='ltr'><strong>In</strong></span> <span class='ocrx_word' id='word_1_525' title='bbox 2284 586 2506 641; x_wconf 85' lang='lat' dir='ltr'><strong>Srhedis</strong></span> <span class='ocrx_word' id='word_1_526' title='bbox 2549 586 2855 641; x_wconf 86' lang='lat' dir='ltr'><strong>Isidorianis</strong></span> <span class='ocrx_word' id='word_1_527' title='bbox 2901 586 3167 643; x_wconf 72' lang='lat' dir='ltr'><strong>Ztccarize</strong></span> <span class='ocrx_word' id='word_1_528' title='bbox 3211 591 3307 643; x_wconf 86' lang='lat' dir='ltr'><strong>has</strong></span> <span class='ocrx_word' id='word_1_529' title='bbox 3354 592 3567 647; x_wconf 70' lang='lat' dir='ltr'><strong>litteras</strong></span> 
     </span>
    </p>
   </div>
   <div class='ocr_carea' id='block_1_79' title="bbox 1979 678 3570 751">
    <p class='ocr_par' dir='ltr' id='par_1_79' title="bbox 1979 678 3570 751">
     <span class='ocr_line' id='line_1_81' title="bbox 1979 678 3570 751; baseline 0.004 -18"><span class='ocrx_word' id='word_1_530' title='bbox 1979 679 2313 734; x_wconf 88' lang='lat' dir='ltr'><strong>eminentiss.</strong></span> <span class='ocrx_word' id='word_1_531' title='bbox 2337 679 2623 733; x_wconf 89' lang='lat' dir='ltr'><strong>cardinalis</strong></span> <span class='ocrx_word' id='word_1_532' title='bbox 2639 679 2705 733; x_wconf 87' lang='lat' dir='ltr'><strong>de</strong></span> <span class='ocrx_word' id='word_1_533' title='bbox 2730 678 3039 733; x_wconf 81' lang='lat' dir='ltr'><strong>Lorenzaua</strong></span> <span class='ocrx_word' id='word_1_534' title='bbox 3056 681 3252 751; x_wconf 87' lang='lat' dir='ltr'><strong>reperi.</strong></span> <span class='ocrx_word' id='word_1_535' title='bbox 3279 680 3406 737; x_wconf 86' lang='lat' dir='ltr'><strong>Post</strong></span> <span class='ocrx_word' id='word_1_536' title='bbox 3435 682 3570 741; x_wconf 84' lang='lat' dir='ltr'><strong>Zac-</strong></span> 
     </span>
    </p>
   </div>
   <div class='ocr_carea' id='block_1_80' title="bbox 1978 769 3561 829">
    <p class='ocr_par' dir='ltr' id='par_1_80' title="bbox 1978 769 3561 829">
     <span class='ocr_line' id='line_1_82' title="bbox 1978 769 3561 829; baseline 0.003 -4"><span class='ocrx_word' id='word_1_537' title='bbox 1978 769 2141 825; x_wconf 71' lang='lat' dir='ltr'><strong>caria:</strong></span> <span class='ocrx_word' id='word_1_538' title='bbox 2178 784 2458 824; x_wconf 80' lang='lat' dir='ltr'><strong>excessum</strong></span> <span class='ocrx_word' id='word_1_539' title='bbox 2510 770 2649 823; x_wconf 88' lang='lat' dir='ltr'><strong>inter</strong></span> <span class='ocrx_word' id='word_1_540' title='bbox 2696 769 2829 823; x_wconf 85' lang='lat' dir='ltr'><strong>alias</strong></span> <span class='ocrx_word' id='word_1_541' title='bbox 2870 770 3105 823; x_wconf 81' lang='lat' dir='ltr'><strong>virorum</strong></span> <span class='ocrx_word' id='word_1_542' title='bbox 3154 770 3437 827; x_wconf 86' lang='lat' dir='ltr'><strong>illustrium</strong></span> <span class='ocrx_word' id='word_1_543' title='bbox 3491 774 3561 829; x_wconf 85' lang='lat' dir='ltr'><strong>ad</strong></span> 
     </span>
    </p>
   </div>
   <div class='ocr_carea' id='block_1_81' title="bbox 1979 859 3570 928">
    <p class='ocr_par' dir='ltr' id='par_1_81' title="bbox 1979 859 3570 928">
     <span class='ocr_line' id='line_1_83' title="bbox 1979 859 3570 928; baseline 0.001 -13"><span class='ocrx_word' id='word_1_544' title='bbox 1979 874 2104 915; x_wconf 80' lang='lat' dir='ltr'><strong>etim</strong></span> <span class='ocrx_word' id='word_1_545' title='bbox 2133 859 2286 914; x_wconf 88' lang='lat' dir='ltr'><strong>datas</strong></span> <span class='ocrx_word' id='word_1_546' title='bbox 2328 859 2603 928; x_wconf 83' lang='lat' dir='ltr'><strong>epistulas,</strong></span> <span class='ocrx_word' id='word_1_547' title='bbox 2634 874 2769 927; x_wconf 82' lang='lat' dir='ltr'><strong>quas</strong></span> <span class='ocrx_word' id='word_1_548' title='bbox 2816 874 2982 927; x_wconf 85' lang='lat' dir='ltr'><strong>penes</strong></span> <span class='ocrx_word' id='word_1_549' title='bbox 3007 875 3091 914; x_wconf 91' lang='lat' dir='ltr'><strong>me</strong></span> <span class='ocrx_word' id='word_1_550' title='bbox 3120 862 3351 927; x_wconf 85' lang='lat' dir='ltr'><strong>retineo,</strong></span> <span class='ocrx_word' id='word_1_551' title='bbox 3377 879 3570 919; x_wconf 86' lang='lat' dir='ltr'><strong>occur-</strong></span> 
     </span>
    </p>
   </div>
   <div class='ocr_carea' id='block_1_82' title="bbox 1980 950 3569 1019">
    <p class='ocr_par' dir='ltr' id='par_1_82' title="bbox 1980 950 3569 1019">
     <span class='ocr_line' id='line_1_84' title="bbox 1980 950 3569 1019; baseline 0.004 -14"><span class='ocrx_word' id='word_1_552' title='bbox 1980 960 2168 1006; x_wconf 89' lang='lat' dir='ltr'><strong>rerunt</strong></span> <span class='ocrx_word' id='word_1_553' title='bbox 2193 952 2322 1006; x_wconf 90' lang='lat' dir='ltr'><strong>mihi</strong></span> <span class='ocrx_word' id='word_1_554' title='bbox 2346 952 2465 1004; x_wconf 71' lang='lat' dir='ltr'><strong>dua:</strong></span> <span class='ocrx_word' id='word_1_555' title='bbox 2490 950 2728 1018; x_wconf 71' lang='lat' dir='ltr'><strong>ejustlo-m</strong></span> <span class='ocrx_word' id='word_1_556' title='bbox 2750 952 3040 1007; x_wconf 83' lang='lat' dir='ltr'><strong>doctissimi</strong></span> <span class='ocrx_word' id='word_1_557' title='bbox 3065 953 3370 1019; x_wconf 80' lang='lat' dir='ltr'><strong>cardinalis,</strong></span> <span class='ocrx_word' id='word_1_558' title='bbox 3399 955 3569 1011; x_wconf 82' lang='lat' dir='ltr'><strong>altera</strong></span> 
     </span>
    </p>
   </div>
   <div class='ocr_carea' id='block_1_83' title="bbox 1980 1036 3570 1102">
    <p class='ocr_par' dir='ltr' id='par_1_83' title="bbox 1980 1036 3570 1102">
     <span class='ocr_line' id='line_1_85' title="bbox 1980 1036 3570 1102; baseline 0.004 -11"><span class='ocrx_word' id='word_1_559' title='bbox 1980 1038 2103 1093; x_wconf 86' lang='lat' dir='ltr'><strong>data</strong></span> <span class='ocrx_word' id='word_1_560' title='bbox 2118 1049 2273 1095; x_wconf 79' lang='lat' dir='ltr'><strong>sexto</strong></span> <span class='ocrx_word' id='word_1_561' title='bbox 2288 1038 2411 1095; x_wconf 90' lang='lat' dir='ltr'><strong>Idus</strong></span> <span class='ocrx_word' id='word_1_562' title='bbox 2434 1036 2672 1092; x_wconf 84' lang='lat' dir='ltr'><strong>Januarii</strong></span> <span class='ocrx_word' id='word_1_563' title='bbox 2707 1038 2857 1102; x_wconf 86' lang='lat' dir='ltr'><strong>I786,</strong></span> <span class='ocrx_word' id='word_1_564' title='bbox 2883 1040 3047 1095; x_wconf 87' lang='lat' dir='ltr'><strong>altera</strong></span> <span class='ocrx_word' id='word_1_565' title='bbox 3068 1056 3195 1095; x_wconf 79' lang='lat' dir='ltr'><strong>xvnt</strong></span> <span class='ocrx_word' id='word_1_566' title='bbox 3215 1040 3331 1097; x_wconf 83' lang='lat' dir='ltr'><strong>Kal.</strong></span> <span class='ocrx_word' id='word_1_567' title='bbox 3354 1041 3570 1099; x_wconf 88' lang='lat' dir='ltr'><strong>Octobr.</strong></span> 
     </span>
    </p>
   </div>
   <div class='ocr_carea' id='block_1_84' title="bbox 1982 1128 3571 1201">
    <p class='ocr_par' dir='ltr' id='par_1_84' title="bbox 1982 1128 3571 1201">
     <span class='ocr_line' id='line_1_86' title="bbox 1982 1128 3571 1201; baseline 0.003 -18"><span class='ocrx_word' id='word_1_568' title='bbox 1982 1145 2107 1184; x_wconf 89' lang='lat' dir='ltr'><strong>ann.</strong></span> <span class='ocrx_word' id='word_1_569' title='bbox 2141 1128 2301 1194; x_wconf 81' lang='lat' dir='ltr'><strong>I789,</strong></span> <span class='ocrx_word' id='word_1_570' title='bbox 2333 1130 2529 1199; x_wconf 82' lang='lat' dir='ltr'><strong>quibus</strong></span> <span class='ocrx_word' id='word_1_571' title='bbox 2549 1129 2615 1183; x_wconf 89' lang='lat' dir='ltr'><strong>ad</strong></span> <span class='ocrx_word' id='word_1_572' title='bbox 2644 1129 3021 1201; x_wconf 74' lang='lat' dir='ltr'><strong>perliciendum</strong></span> <span class='ocrx_word' id='word_1_573' title='bbox 3052 1130 3238 1184; x_wconf 67' lang='lat' dir='ltr'><strong>I~idori</strong></span> <span class='ocrx_word' id='word_1_574' title='bbox 3278 1133 3571 1189; x_wconf 88' lang='lat' dir='ltr'><strong>editionem</strong></span> 
     </span>
    </p>
   </div>
   <div class='ocr_carea' id='block_1_85' title="bbox 1981 1217 3570 1275">
    <p class='ocr_par' dir='ltr' id='par_1_85' title="bbox 1981 1217 3570 1275">
     <span class='ocr_line' id='line_1_87' title="bbox 1981 1217 3570 1275; baseline 0.001 -2"><span class='ocrx_word' id='word_1_575' title='bbox 1981 1218 2329 1273; x_wconf 87' lang='lat' dir='ltr'><strong>vehementer</strong></span> <span class='ocrx_word' id='word_1_576' title='bbox 2384 1217 2692 1273; x_wconf 85' lang='lat' dir='ltr'><strong>Zaccariam</strong></span> <span class='ocrx_word' id='word_1_577' title='bbox 2742 1218 3009 1273; x_wconf 85' lang='lat' dir='ltr'><strong>hortatur.</strong></span> <span class='ocrx_word' id='word_1_578' title='bbox 3061 1219 3370 1273; x_wconf 78' lang='lat' dir='ltr'><strong>Auctarium</strong></span> <span class='ocrx_word' id='word_1_579' title='bbox 3422 1231 3570 1275; x_wconf 84' lang='lat' dir='ltr'><strong>nota-</strong></span> 
     </span>
    </p>
   </div>
   <div class='ocr_carea' id='block_1_86' title="bbox 1982 1309 3571 1379">
    <p class='ocr_par' dir='ltr' id='par_1_86' title="bbox 1982 1309 3571 1379">
     <span class='ocr_line' id='line_1_88' title="bbox 1982 1309 3571 1379; baseline 0.002 -16"><span class='ocrx_word' id='word_1_580' title='bbox 1982 1324 2101 1363; x_wconf 90' lang='lat' dir='ltr'><strong>rum</strong></span> <span class='ocrx_word' id='word_1_581' title='bbox 2132 1309 2525 1364; x_wconf 90' lang='lat' dir='ltr'><strong>bibliothecarii</strong></span> <span class='ocrx_word' id='word_1_582' title='bbox 2556 1309 3057 1378; x_wconf 80' lang='lat' dir='ltr'><strong>archiepistopalis,</strong></span> <span class='ocrx_word' id='word_1_583' title='bbox 3098 1310 3239 1379; x_wconf 90' lang='lat' dir='ltr'><strong>quod</strong></span> <span class='ocrx_word' id='word_1_584' title='bbox 3278 1311 3330 1365; x_wconf 92' lang='lat' dir='ltr'><strong>in</strong></span> <span class='ocrx_word' id='word_1_585' title='bbox 3362 1310 3571 1366; x_wconf 86' lang='lat' dir='ltr'><strong>descri-</strong></span> 
     </span>
    </p>
   </div>
   <div class='ocr_carea' id='block_1_87' title="bbox 1983 1399 3571 1469">
    <p class='ocr_par' dir='ltr' id='par_1_87' title="bbox 1983 1399 3571 1469">
     <span class='ocr_line' id='line_1_89' title="bbox 1983 1399 3571 1469; baseline 0.004 -16"><span class='ocrx_word' id='word_1_586' title='bbox 1983 1401 2089 1469; x_wconf 76' lang='lat' dir='ltr'><strong>ptis</strong></span> <span class='ocrx_word' id='word_1_587' title='bbox 2117 1399 2308 1455; x_wconf 90' lang='lat' dir='ltr'><strong>litteris</strong></span> <span class='ocrx_word' id='word_1_588' title='bbox 2329 1401 2676 1469; x_wconf 85' lang='lat' dir='ltr'><strong>promittitur,</strong></span> <span class='ocrx_word' id='word_1_589' title='bbox 2721 1400 2945 1455; x_wconf 81' lang='lat' dir='ltr'><strong>Romam</strong></span> <span class='ocrx_word' id='word_1_590' title='bbox 2987 1403 3052 1455; x_wconf 90' lang='lat' dir='ltr'><strong>ad</strong></span> <span class='ocrx_word' id='word_1_591' title='bbox 3089 1402 3397 1458; x_wconf 83' lang='lat' dir='ltr'><strong>Zaccariam</strong></span> <span class='ocrx_word' id='word_1_592' title='bbox 3443 1405 3571 1459; x_wconf 83' lang='lat' dir='ltr'><strong>mis-</strong></span> 
     </span>
    </p>
   </div>
   <div class='ocr_carea' id='block_1_88' title="bbox 1983 1493 3571 1563">
    <p class='ocr_par' dir='ltr' id='par_1_88' title="bbox 1983 1493 3571 1563">
     <span class='ocr_line' id='line_1_90' title="bbox 1983 1493 3571 1563; baseline 0.001 -15"><span class='ocrx_word' id='word_1_593' title='bbox 1983 1509 2101 1548; x_wconf 85' lang='lat' dir='ltr'><strong>sum</strong></span> <span class='ocrx_word' id='word_1_594' title='bbox 2131 1509 2238 1549; x_wconf 90' lang='lat' dir='ltr'><strong>non</strong></span> <span class='ocrx_word' id='word_1_595' title='bbox 2260 1494 2442 1548; x_wconf 88' lang='lat' dir='ltr'><strong>credo.</strong></span> <span class='ocrx_word' id='word_1_596' title='bbox 2468 1493 2651 1547; x_wconf 86' lang='lat' dir='ltr'><strong>llabeo</strong></span> <span class='ocrx_word' id='word_1_597' title='bbox 2674 1503 2830 1547; x_wconf 87' lang='lat' dir='ltr'><strong>notas</strong></span> <span class='ocrx_word' id='word_1_598' title='bbox 2852 1494 3012 1563; x_wconf 60' lang='lat' dir='ltr'><strong>ipsae,</strong></span> <span class='ocrx_word' id='word_1_599' title='bbox 3037 1495 3301 1562; x_wconf 84' lang='lat' dir='ltr'><strong>exquis&#39;ta</strong></span> <span class='ocrx_word' id='word_1_600' title='bbox 3325 1495 3571 1550; x_wconf 86' lang='lat' dir='ltr'><strong>doctrina</strong></span> 
     </span>
    </p>
   </div>
   <div class='ocr_carea' id='block_1_89' title="bbox 1984 1582 3573 1655">
    <p class='ocr_par' dir='ltr' id='par_1_89' title="bbox 1984 1582 3573 1655">
     <span class='ocr_line' id='line_1_91' title="bbox 1984 1582 3573 1655; baseline 0.003 -20"><span class='ocrx_word' id='word_1_601' title='bbox 1984 1582 2240 1649; x_wconf 81' lang='lat' dir='ltr'><strong>refertas,</strong></span> <span class='ocrx_word' id='word_1_602' title='bbox 2285 1597 2419 1650; x_wconf 92' lang='lat' dir='ltr'><strong>quas</strong></span> <span class='ocrx_word' id='word_1_603' title='bbox 2462 1583 2585 1637; x_wconf 94' lang='lat' dir='ltr'><strong>huic</strong></span> <span class='ocrx_word' id='word_1_604' title='bbox 2643 1584 2761 1637; x_wconf 90' lang='lat' dir='ltr'><strong>loco</strong></span> <span class='ocrx_word' id='word_1_605' title='bbox 2813 1584 3119 1636; x_wconf 65' lang='lat' dir='ltr'><strong>inserendas</strong></span> <span class='ocrx_word' id='word_1_606' title='bbox 3165 1600 3393 1651; x_wconf 85' lang='lat' dir='ltr'><strong>censeo,</strong></span> <span class='ocrx_word' id='word_1_607' title='bbox 3441 1601 3573 1655; x_wconf 66' lang='lat' dir='ltr'><strong>pnn-</strong></span> 
     </span>
    </p>
   </div>
   <div class='ocr_carea' id='block_1_90' title="bbox 1987 1670 3572 1741">
    <p class='ocr_par' dir='ltr' id='par_1_90' title="bbox 1987 1670 3572 1741">
     <span class='ocr_line' id='line_1_92' title="bbox 1987 1670 3572 1741; baseline 0 -16"><span class='ocrx_word' id='word_1_608' title='bbox 1987 1672 2151 1726; x_wconf 87' lang='lat' dir='ltr'><strong>misso</strong></span> <span class='ocrx_word' id='word_1_609' title='bbox 2181 1670 2484 1741; x_wconf 86' lang='lat' dir='ltr'><strong>Conspectu</strong></span> <span class='ocrx_word' id='word_1_610' title='bbox 2516 1673 2800 1735; x_wconf 70' lang='lat' dir='ltr'><strong>Zaccnrize,</strong></span> <span class='ocrx_word' id='word_1_611' title='bbox 2845 1674 3083 1727; x_wconf 86' lang='lat' dir='ltr'><strong>numeris</strong></span> <span class='ocrx_word' id='word_1_612' title='bbox 3111 1688 3174 1728; x_wconf 89' lang='lat' dir='ltr'><strong>ac</strong></span> <span class='ocrx_word' id='word_1_613' title='bbox 3224 1674 3414 1729; x_wconf 91' lang='lat' dir='ltr'><strong>litteris</strong></span> <span class='ocrx_word' id='word_1_614' title='bbox 3445 1675 3572 1731; x_wconf 68' lang='lat' dir='ltr'><strong>insi-</strong></span> 
     </span>
    </p>
   </div>
   <div class='ocr_carea' id='block_1_91' title="bbox 1916 1761 3081 1848">
    <p class='ocr_par' dir='ltr' id='par_1_91' title="bbox 1916 1761 3081 1848">
     <span class='ocr_line' id='line_1_93' title="bbox 1916 1761 3081 1848; baseline 0.003 -36"><span class='ocrx_word' id='word_1_615' title='bbox 1916 1790 1959 1848; x_wconf 72' lang='lat' dir='ltr'><strong>B</strong></span> <span class='ocrx_word' id='word_1_616' title='bbox 1985 1761 2154 1828; x_wconf 75' lang='lat' dir='ltr'><strong>gnito,</strong></span> <span class='ocrx_word' id='word_1_617' title='bbox 2184 1762 2377 1832; x_wconf 89' lang='lat' dir='ltr'><strong>quibus</strong></span> <span class='ocrx_word' id='word_1_618' title='bbox 2408 1764 2711 1818; x_wconf 89' lang='lat' dir='ltr'><strong>notationes</strong></span> <span class='ocrx_word' id='word_1_619' title='bbox 2739 1767 3081 1831; x_wconf 82' lang='lat' dir='ltr'><strong>respondent.</strong></span> 
     </span>
    </p>
   </div>
   <div class='ocr_carea' id='block_1_92' title="bbox 1991 1871 3571 1946">
    <p class='ocr_par' dir='ltr' id='par_1_92' title="bbox 1991 1871 3571 1946">
     <span class='ocr_line' id='line_1_94' title="bbox 1991 1871 3571 1946; baseline 0.004 -21"><span class='ocrx_word' id='word_1_620' title='bbox 1991 1871 2165 1946; x_wconf 71' lang='lat' dir='ltr'><strong>Breuis</strong></span> <span class='ocrx_word' id='word_1_621' title='bbox 2204 1872 2517 1946; x_wconf 58' lang='lat' dir='ltr'><strong>Conspectus</strong></span> <span class='ocrx_word' id='word_1_622' title='bbox 2564 1892 2706 1930; x_wconf 70' lang='lat' dir='ltr'><strong>nocte</strong></span> <span class='ocrx_word' id='word_1_623' title='bbox 2746 1877 3010 1942; x_wconf 71' lang='lat' dir='ltr'><strong>editionis,</strong></span> <span class='ocrx_word' id='word_1_624' title='bbox 3058 1894 3210 1946; x_wconf 85' lang='lat' dir='ltr'><strong>quam</strong></span> <span class='ocrx_word' id='word_1_625' title='bbox 3257 1876 3571 1933; x_wconf 75' lang='lat' dir='ltr'><strong>Francisrus</strong></span> 
     </span>
    </p>
   </div>
   <div class='ocr_carea' id='block_1_93' title="bbox 2058 1943 3570 2018">
    <p class='ocr_par' dir='ltr' id='par_1_93' title="bbox 2058 1943 3570 2018">
     <span class='ocr_line' id='line_1_95' title="bbox 2058 1943 3570 2018; baseline 0.006 -24"><span class='ocrx_word' id='word_1_626' title='bbox 2058 1943 2311 2018; x_wconf 55' lang='lat' dir='ltr'><strong>Antonius</strong></span> <span class='ocrx_word' id='word_1_627' title='bbox 2342 1944 2606 2018; x_wconf 57' lang='grc' dir='ltr'><strong>ΔΖρεεαγξη</strong></span> <span class='ocrx_word' id='word_1_628' title='bbox 2643 1963 2684 2018; x_wconf 17' lang='grc' dir='ltr'><strong>αλ</strong></span> <span class='ocrx_word' id='word_1_629' title='bbox 2710 1947 2887 1999; x_wconf 83' lang='lat' dir='ltr'><strong>multis</strong></span> <span class='ocrx_word' id='word_1_630' title='bbox 2930 1943 3082 1999; x_wconf 79' lang='lat' dir='ltr'><strong>annis</strong></span> <span class='ocrx_word' id='word_1_631' title='bbox 3123 1958 3293 2014; x_wconf 84' lang='lat' dir='ltr'><strong>parat,</strong></span> <span class='ocrx_word' id='word_1_632' title='bbox 3346 1946 3570 2018; x_wconf 72' lang='lat' dir='ltr'><strong>Operam</strong></span> 
     </span>
    </p>
   </div>
   <div class='ocr_carea' id='block_1_94' title="bbox 2062 2011 2733 2081">
    <p class='ocr_par' dir='ltr' id='par_1_94' title="bbox 2062 2011 2733 2081">
     <span class='ocr_line' id='line_1_96' title="bbox 2062 2011 2733 2081; baseline 0.004 -16"><span class='ocrx_word' id='word_1_633' title='bbox 2062 2011 2124 2065; x_wconf 83' lang='grc'><strong>3.</strong></span> <span class='ocrx_word' id='word_1_634' title='bbox 2157 2012 2353 2067; x_wconf 80' lang='lat' dir='ltr'><strong>lsidori</strong></span> <span class='ocrx_word' id='word_1_635' title='bbox 2387 2012 2733 2081; x_wconf 79' lang='lat' dir='ltr'><strong>Hispalensis.</strong></span> 
     </span>
    </p>
   </div>
   <div class='ocr_carea' id='block_1_95' title="bbox 2060 2120 3569 2196">
    <p class='ocr_par' dir='ltr' id='par_1_95' title="bbox 2060 2120 3569 2196">
     <span class='ocr_line' id='line_1_97' title="bbox 2060 2120 3569 2196; baseline 0.005 -22"><span class='ocrx_word' id='word_1_636' title='bbox 2060 2120 2149 2176; x_wconf 86' lang='lat'><strong>27.</strong></span> <span class='ocrx_word' id='word_1_637' title='bbox 2184 2122 2375 2196; x_wconf 78' lang='lat' dir='ltr'><strong>Tribus</strong></span> <span class='ocrx_word' id='word_1_638' title='bbox 2403 2124 2562 2179; x_wconf 86' lang='lat' dir='ltr'><strong>tomis</strong></span> <span class='ocrx_word' id='word_1_639' title='bbox 2588 2126 2838 2196; x_wconf 73' lang='lat' dir='ltr'><strong>universa</strong></span> <span class='ocrx_word' id='word_1_640' title='bbox 2872 2125 3037 2179; x_wconf 89' lang='lat' dir='ltr'><strong>editio</strong></span> <span class='ocrx_word' id='word_1_641' title='bbox 3068 2128 3367 2191; x_wconf 86' lang='lat' dir='ltr'><strong>constabit;</strong></span> <span class='ocrx_word' id='word_1_642' title='bbox 3396 2125 3569 2196; x_wconf 67' lang='lat' dir='ltr'><strong>Opera</strong></span> 
     </span>
    </p>
   </div>
   <div class='ocr_carea' id='block_1_96' title="bbox 1991 2194 3255 2262">
    <p class='ocr_par' dir='ltr' id='par_1_96' title="bbox 1991 2194 3255 2262">
     <span class='ocr_line' id='line_1_98' title="bbox 1991 2194 3255 2262; baseline 0.003 -19"><span class='ocrx_word' id='word_1_643' title='bbox 1991 2199 2175 2262; x_wconf 71' lang='lat' dir='ltr'><strong>tamen</strong></span> <span class='ocrx_word' id='word_1_644' title='bbox 2201 2194 2253 2245; x_wconf 87' lang='lat' dir='ltr'><strong>in</strong></span> <span class='ocrx_word' id='word_1_645' title='bbox 2278 2204 2485 2262; x_wconf 77' lang='lat' dir='ltr'><strong>septem</strong></span> <span class='ocrx_word' id='word_1_646' title='bbox 2518 2194 2679 2247; x_wconf 64' lang='lat' dir='ltr'><strong>veluti</strong></span> <span class='ocrx_word' id='word_1_647' title='bbox 2708 2196 2907 2250; x_wconf 69' lang='lat' dir='ltr'><strong>classes</strong></span> <span class='ocrx_word' id='word_1_648' title='bbox 2938 2198 3255 2251; x_wconf 90' lang='lat' dir='ltr'><strong>tribuentur.</strong></span> 
     </span>
    </p>
   </div>
   <div class='ocr_carea' id='block_1_97' title="bbox 2152 2260 3408 2337">
    <p class='ocr_par' dir='ltr' id='par_1_97' title="bbox 2152 2260 3408 2337">
     <span class='ocr_line' id='line_1_99' title="bbox 2152 2260 3408 2337; baseline 0.002 -21"><span class='ocrx_word' id='word_1_649' title='bbox 2152 2260 2479 2337; x_wconf 16' lang='lat' dir='ltr'><strong>Pritnaipars</strong></span> <span class='ocrx_word' id='word_1_650' title='bbox 2510 2262 2710 2337; x_wconf 83' lang='lat' dir='ltr'><strong>Biblica</strong></span> <span class='ocrx_word' id='word_1_651' title='bbox 2737 2268 3145 2333; x_wconf 75' lang='lat' dir='ltr'><strong>complectetur,</strong></span> <span class='ocrx_word' id='word_1_652' title='bbox 3175 2282 3366 2337; x_wconf 85' lang='lat' dir='ltr'><strong>nempe</strong></span> <span class='ocrx_word' id='word_1_653' title='bbox 3396 2285 3408 2318; x_wconf 86' lang='lat'>:</span> 
     </span>
    </p>
   </div>
   <div class='ocr_carea' id='block_1_98' title="bbox 2062 2330 2785 2387">
    <p class='ocr_par' dir='ltr' id='par_1_98' title="bbox 2062 2330 2785 2387">
     <span class='ocr_line' id='line_1_100' title="bbox 2062 2330 2785 2387; baseline 0.007 -5"><span class='ocrx_word' id='word_1_654' title='bbox 2062 2331 2113 2383; x_wconf 88' lang='grc'><strong>1.</strong></span> <span class='ocrx_word' id='word_1_655' title='bbox 2149 2330 2365 2387; x_wconf 82' lang='lat' dir='ltr'><strong>Librum</strong></span> <span class='ocrx_word' id='word_1_656' title='bbox 2396 2333 2785 2387; x_wconf 79' lang='lat' dir='ltr'><strong>Procemiarum.</strong></span> 
     </span>
    </p>
   </div>
   <div class='ocr_carea' id='block_1_99' title="bbox 2058 2399 3569 2471">
    <p class='ocr_par' dir='ltr' id='par_1_99' title="bbox 2058 2399 3569 2471">
     <span class='ocr_line' id='line_1_101' title="bbox 2058 2399 3569 2471; baseline 0.006 -19"><span class='ocrx_word' id='word_1_657' title='bbox 2058 2399 2115 2453; x_wconf 93' lang='lat'><strong>2.</strong></span> <span class='ocrx_word' id='word_1_658' title='bbox 2147 2399 2501 2467; x_wconf 71' lang='lat' dir='ltr'><strong>Qumstiones,</strong></span> <span class='ocrx_word' id='word_1_659' title='bbox 2531 2412 2586 2457; x_wconf 91' lang='lat' dir='ltr'><strong>et</strong></span> <span class='ocrx_word' id='word_1_660' title='bbox 2608 2404 2960 2471; x_wconf 63' lang='lat' dir='ltr'><strong>mysticorum</strong></span> <span class='ocrx_word' id='word_1_661' title='bbox 2992 2405 3359 2471; x_wconf 82' lang='lat' dir='ltr'><strong>expositiones</strong></span> <span class='ocrx_word' id='word_1_662' title='bbox 3380 2403 3569 2461; x_wconf 83' lang='lat' dir='ltr'><strong>Sacra-</strong></span> 
     </span>
    </p>
   </div>
   <div class='ocr_carea' id='block_1_100' title="bbox 1992 2470 3124 2536">
    <p class='ocr_par' dir='ltr' id='par_1_100' title="bbox 1992 2470 3124 2536">
     <span class='ocr_line' id='line_1_102' title="bbox 1992 2470 3124 2536; baseline 0.004 -14"><span class='ocrx_word' id='word_1_663' title='bbox 1992 2478 2297 2524; x_wconf 88' lang='lat' dir='ltr'><strong>meutorum</strong></span> <span class='ocrx_word' id='word_1_664' title='bbox 2329 2472 2380 2524; x_wconf 94' lang='lat' dir='ltr'><strong>in</strong></span> <span class='ocrx_word' id='word_1_665' title='bbox 2411 2471 2575 2526; x_wconf 74' lang='lat' dir='ltr'><strong>Vetus</strong></span> <span class='ocrx_word' id='word_1_666' title='bbox 2603 2470 3005 2526; x_wconf 85' lang='lat' dir='ltr'><strong>Testamentum</strong></span> <span class='ocrx_word' id='word_1_667' title='bbox 3042 2470 3124 2536; x_wconf 52' lang='lat' dir='ltr'><strong>is.</strong></span> 
     </span>
    </p>
   </div>
   <div class='ocr_carea' id='block_1_101' title="bbox 2060 2539 2460 2594">
    <p class='ocr_par' dir='ltr' id='par_1_101' title="bbox 2060 2539 2460 2594">
     <span class='ocr_line' id='line_1_103' title="bbox 2060 2539 2460 2594; baseline 0.008 -3"><span class='ocrx_word' id='word_1_668' title='bbox 2060 2539 2114 2592; x_wconf 81' lang='grc'><strong>5.</strong></span> <span class='ocrx_word' id='word_1_669' title='bbox 2146 2540 2460 2594; x_wconf 78' lang='lat' dir='ltr'><strong>Alleaorias.</strong></span> 
     </span>
    </p>
   </div>
   <div class='ocr_carea' id='block_1_102' title="bbox 2061 2606 3571 2685">
    <p class='ocr_par' dir='ltr' id='par_1_102' title="bbox 2061 2606 3571 2685">
     <span class='ocr_line' id='line_1_104' title="bbox 2061 2606 3571 2685; baseline 0.005 -24"><span class='ocrx_word' id='word_1_670' title='bbox 2061 2606 2115 2663; x_wconf 71' lang='grc'><strong>4.</strong></span> <span class='ocrx_word' id='word_1_671' title='bbox 2141 2608 2237 2685; x_wconf 88' lang='lat' dir='ltr'><strong>_De</strong></span> <span class='ocrx_word' id='word_1_672' title='bbox 2265 2606 2513 2685; x_wconf 71' lang='lat' dir='ltr'><strong>Nunteris</strong></span> <span class='ocrx_word' id='word_1_673' title='bbox 2535 2609 2749 2665; x_wconf 84' lang='lat' dir='ltr'><strong>Librum</strong></span> <span class='ocrx_word' id='word_1_674' title='bbox 2774 2626 3044 2680; x_wconf 88' lang='lat' dir='ltr'><strong>nunquam</strong></span> <span class='ocrx_word' id='word_1_675' title='bbox 3067 2613 3291 2679; x_wconf 89' lang='lat' dir='ltr'><strong>editum,</strong></span> <span class='ocrx_word' id='word_1_676' title='bbox 3312 2629 3379 2669; x_wconf 89' lang='lat' dir='ltr'><strong>ex</strong></span> <span class='ocrx_word' id='word_1_677' title='bbox 3404 2612 3571 2685; x_wconf 73' lang='lat' dir='ltr'><strong>Regio</strong></span> 
     </span>
    </p>
   </div>
   <div class='ocr_carea' id='block_1_103' title="bbox 1992 2675 2561 2736">
    <p class='ocr_par' dir='ltr' id='par_1_103' title="bbox 1992 2675 2561 2736">
     <span class='ocr_line' id='line_1_105' title="bbox 1992 2675 2561 2736; baseline 0.007 -5"><span class='ocrx_word' id='word_1_678' title='bbox 1992 2675 2310 2734; x_wconf 87' lang='lat' dir='ltr'><strong>Taurinensi</strong></span> <span class='ocrx_word' id='word_1_679' title='bbox 2340 2680 2561 2736; x_wconf 84' lang='lat' dir='ltr'><strong>Codice.</strong></span> 
     </span>
    </p>
   </div>
   <div class='ocr_carea' id='block_1_104' title="bbox 2062 2747 3569 2820">
    <p class='ocr_par' dir='ltr' id='par_1_104' title="bbox 2062 2747 3569 2820">
     <span class='ocr_line' id='line_1_106' title="bbox 2062 2747 3569 2820; baseline 0.004 -19"><span class='ocrx_word' id='word_1_680' title='bbox 2062 2747 2306 2820; x_wconf 81' lang='lat' dir='ltr'><strong>Addetur</strong></span> <span class='ocrx_word' id='word_1_681' title='bbox 2334 2752 2642 2820; x_wconf 80' lang='lat' dir='ltr'><strong>suppositus</strong></span> <span class='ocrx_word' id='word_1_682' title='bbox 2688 2751 2741 2805; x_wconf 94' lang='lat' dir='ltr'><strong>in</strong></span> <span class='ocrx_word' id='word_1_683' title='bbox 2786 2750 3005 2807; x_wconf 88' lang='lat' dir='ltr'><strong>Cantica</strong></span> <span class='ocrx_word' id='word_1_684' title='bbox 3047 2752 3380 2807; x_wconf 89' lang='lat' dir='ltr'><strong>canticorum</strong></span> <span class='ocrx_word' id='word_1_685' title='bbox 3418 2752 3569 2809; x_wconf 80' lang='lat' dir='ltr'><strong>Com-</strong></span> 
     </span>
    </p>
   </div>
   <div class='ocr_carea' id='block_1_105' title="bbox 1993 2819 2419 2890">
    <p class='ocr_par' dir='ltr' id='par_1_105' title="bbox 1993 2819 2419 2890">
     <span class='ocr_line' id='line_1_107' title="bbox 1993 2819 2419 2890; baseline -0.002 0"><span class='ocrx_word' id='word_1_686' title='bbox 1993 2819 2286 2890; x_wconf 58' lang='lat' dir='ltr'><strong>meinati&quot;:</strong></span> <span class='ocrx_word' id='word_1_687' title='bbox 2318 2819 2419 2890; x_wconf 52' lang='lat' dir='ltr'><strong>(ll.</strong></span> 
     </span>
    </p>
   </div>
   <div class='ocr_carea' id='block_1_106' title="bbox 1994 2887 3566 3010">
    <p class='ocr_par' dir='ltr' id='par_1_106' title="bbox 1994 2887 3566 3010">
     <span class='ocr_line' id='line_1_108' title="bbox 1994 2887 3566 3010; baseline 0.002 -64"><span class='ocrx_word' id='word_1_688' title='bbox 1994 2887 2437 3010; x_wconf 52' lang='lat' dir='ltr'><strong>3§9SSccuuda</strong></span> <span class='ocrx_word' id='word_1_689' title='bbox 2466 2889 2922 2972; x_wconf 70' lang='lat' dir='ltr'><strong>parqugmatica</strong></span> <span class='ocrx_word' id='word_1_690' title='bbox 2953 2890 3244 2963; x_wconf 83' lang='lat' dir='ltr'><strong>exhibebit.</strong></span> <span class='ocrx_word' id='word_1_691' title='bbox 3279 2890 3418 2947; x_wconf 86' lang='lat' dir='ltr'><strong>Sunt</strong></span> <span class='ocrx_word' id='word_1_692' title='bbox 3453 2907 3519 2948; x_wconf 88' lang='lat' dir='ltr'><strong>ea</strong></span> <span class='ocrx_word' id='word_1_693' title='bbox 3550 2911 3566 2949; x_wconf 85' lang='lat'><strong>;</strong></span> 
     </span>
     <span class='ocr_line' id='line_1_109' title="bbox 2107 2961 2850 3010; baseline 0 0"><span class='ocrx_word' id='word_1_694' title='bbox 2107 2996 2121 3010; x_wconf 93' lang='lat'><strong>.</strong></span> <span class='ocrx_word' id='word_1_695' title='bbox 2199 2968 2541 3010; x_wconf 83' lang='lat' dir='ltr'><strong>ententtarum</strong></span> <span class='ocrx_word' id='word_1_696' title='bbox 2576 2961 2691 3010; x_wconf 89' lang='lat' dir='ltr'><strong>Ithrt</strong></span> <span class='ocrx_word' id='word_1_697' title='bbox 2727 2971 2850 3010; x_wconf 81' lang='lat' dir='ltr'><strong>tres.</strong></span> 
     </span>
    </p>
   </div>
   <div class='ocr_carea' id='block_1_107' title="bbox 2107 2957 2850 3015">
    <p class='ocr_par' dir='ltr' id='par_1_107' title="bbox 2107 2957 2850 3015">
     <span class='ocr_line' id='line_1_110' title="bbox 2107 2957 2850 3015; baseline 0.005 -4"><span class='ocrx_word' id='word_1_698' title='bbox 2107 2957 2133 3010; x_wconf 54' lang='grc'><strong>,⁷</strong></span> <span class='ocrx_word' id='word_1_699' title='bbox 2153 2957 2541 3013; x_wconf 71' lang='lat' dir='ltr'><strong>Sententiarum</strong></span> <span class='ocrx_word' id='word_1_700' title='bbox 2576 2957 2850 3015; x_wconf 60' lang='lat' dir='ltr'><strong>libri&#39;tt-es.</strong></span> 
     </span>
    </p>
   </div>
   <div class='ocr_carea' id='block_1_108' title="bbox 2066 3027 3222 3087">
    <p class='ocr_par' dir='ltr' id='par_1_108' title="bbox 2066 3027 3222 3087">
     <span class='ocr_line' id='line_1_111' title="bbox 2066 3027 3222 3087; baseline 0.004 -7"><span class='ocrx_word' id='word_1_701' title='bbox 2066 3027 2121 3080; x_wconf 88' lang='lat'><strong>2.</strong></span> <span class='ocrx_word' id='word_1_702' title='bbox 2164 3028 2307 3083; x_wconf 86' lang='lat' dir='ltr'><strong>Libri</strong></span> <span class='ocrx_word' id='word_1_703' title='bbox 2336 3029 2443 3083; x_wconf 89' lang='lat' dir='ltr'><strong>duo</strong></span> <span class='ocrx_word' id='word_1_704' title='bbox 2473 3030 2539 3083; x_wconf 92' lang='lat' dir='ltr'><strong>ad</strong></span> <span class='ocrx_word' id='word_1_705' title='bbox 2568 3029 2929 3084; x_wconf 82' lang='lat' dir='ltr'><strong>Florentinam</strong></span> <span class='ocrx_word' id='word_1_706' title='bbox 2961 3046 3222 3087; x_wconf 85' lang='lat' dir='ltr'><strong>sororem.</strong></span> 
     </span>
    </p>
   </div>
   <div class='ocr_carea' id='block_1_109' title="bbox 2068 3098 3520 3174">
    <p class='ocr_par' dir='ltr' id='par_1_109' title="bbox 2068 3098 3520 3174">
     <span class='ocr_line' id='line_1_112' title="bbox 2068 3098 3520 3174; baseline 0.003 -23"><span class='ocrx_word' id='word_1_707' title='bbox 2068 3098 2301 3153; x_wconf 85' lang='lat' dir='ltr'><strong>Accedet</strong></span> <span class='ocrx_word' id='word_1_708' title='bbox 2318 3098 2526 3174; x_wconf 53' lang='lat' dir='ltr'><strong>Eubius</strong></span> <span class='ocrx_word' id='word_1_709' title='bbox 2554 3098 2619 3152; x_wconf 81' lang='lat' dir='ltr'><strong>de</strong></span> <span class='ocrx_word' id='word_1_710' title='bbox 2649 3098 2845 3174; x_wconf 74' lang='lat' dir='ltr'><strong>ordine</strong></span> <span class='ocrx_word' id='word_1_711' title='bbox 2873 3110 3227 3174; x_wconf 69' lang='lat' dir='ltr'><strong>creaturarum</strong></span> <span class='ocrx_word' id='word_1_712' title='bbox 3257 3102 3392 3159; x_wconf 82' lang='lat' dir='ltr'><strong>liber</strong></span> <span class='ocrx_word' id='word_1_713' title='bbox 3419 3099 3520 3174; x_wconf 76' lang='grc'><strong>(2).</strong></span> 
     </span>
    </p>
   </div>
   <div class='ocr_carea' id='block_1_110' title="bbox 2318 3167 3248 3237">
    <p class='ocr_par' dir='ltr' id='par_1_110' title="bbox 2318 3167 3248 3237">
     <span class='ocr_line' id='line_1_113' title="bbox 2318 3167 3248 3237; baseline 0.003 -16"><span class='ocrx_word' id='word_1_714' title='bbox 2318 3167 2495 3223; x_wconf 89' lang='lat' dir='ltr'><strong>Tertia</strong></span> <span class='ocrx_word' id='word_1_715' title='bbox 2526 3186 2648 3237; x_wconf 75' lang='lat' dir='ltr'><strong>pars</strong></span> <span class='ocrx_word' id='word_1_716' title='bbox 2672 3170 2926 3232; x_wconf 72' lang='lat' dir='ltr'><strong>Asct-tica,</strong></span> <span class='ocrx_word' id='word_1_717' title='bbox 2958 3171 3206 3225; x_wconf 87' lang='lat' dir='ltr'><strong>uitttirutu</strong></span> <span class='ocrx_word' id='word_1_718' title='bbox 3236 3191 3248 3224; x_wconf 88' lang='lat'><strong>:</strong></span> 
     </span>
    </p>
   </div>
   <div class='ocr_carea' id='block_1_111' title="bbox 2066 3236 2753 3309">
    <p class='ocr_par' dir='ltr' id='par_1_111' title="bbox 2066 3236 2753 3309">
     <span class='ocr_line' id='line_1_114' title="bbox 2066 3236 2753 3309; baseline 0.003 -18"><span class='ocrx_word' id='word_1_719' title='bbox 2066 3237 2115 3309; x_wconf 72' lang='lat' dir='ltr'><strong>I.</strong></span> <span class='ocrx_word' id='word_1_720' title='bbox 2144 3236 2566 3309; x_wconf 78' lang='lat' dir='ltr'><strong>S_yno_nymorutn</strong></span> <span class='ocrx_word' id='word_1_721' title='bbox 2599 3240 2753 3293; x_wconf 87' lang='lat' dir='ltr'><strong>liber.</strong></span> 
     </span>
    </p>
   </div>
   <div class='ocr_carea' id='block_1_112' title="bbox 2059 3306 2907 3380">
    <p class='ocr_par' dir='ltr' id='par_1_112' title="bbox 2059 3306 2907 3380">
     <span class='ocr_line' id='line_1_115' title="bbox 2059 3306 2907 3380; baseline 0.006 -21"><span class='ocrx_word' id='word_1_722' title='bbox 2059 3306 2112 3380; x_wconf 74' lang='lat'><strong>2.</strong></span> <span class='ocrx_word' id='word_1_723' title='bbox 2155 3306 2567 3380; x_wconf 71' lang='lat' dir='ltr'><strong>_De_Co}ttemptu</strong></span> <span class='ocrx_word' id='word_1_724' title='bbox 2597 3310 2778 3380; x_wconf 83' lang='lat' dir='ltr'><strong>mutuli</strong></span> <span class='ocrx_word' id='word_1_725' title='bbox 2808 3308 2907 3380; x_wconf 83' lang='lat'><strong>(5).</strong></span> 
     </span>
    </p>
   </div>
   <div class='ocr_carea' id='block_1_113' title="bbox 2058 3375 2900 3449">
    <p class='ocr_par' dir='ltr' id='par_1_113' title="bbox 2058 3375 2900 3449">
     <span class='ocr_line' id='line_1_116' title="bbox 2058 3375 2900 3449; baseline 0.004 -20"><span class='ocrx_word' id='word_1_726' title='bbox 2058 3376 2111 3449; x_wconf 61' lang='grc'><strong>5.</strong></span> <span class='ocrx_word' id='word_1_727' title='bbox 2145 3375 2460 3449; x_wconf 63' lang='lat' dir='ltr'><strong>Exhortatio</strong></span> <span class='ocrx_word' id='word_1_728' title='bbox 2479 3375 2768 3446; x_wconf 71' lang='lat' dir='ltr'><strong>paenitendi</strong></span> <span class='ocrx_word' id='word_1_729' title='bbox 2799 3375 2900 3449; x_wconf 63' lang='grc'><strong>(4).</strong></span> 
     </span>
    </p>
   </div>
   <div class='ocr_carea' id='block_1_114' title="bbox 2057 3446 2928 3517">
    <p class='ocr_par' dir='ltr' id='par_1_114' title="bbox 2057 3446 2928 3517">
     <span class='ocr_line' id='line_1_117' title="bbox 2057 3446 2928 3517; baseline 0.003 -19"><span class='ocrx_word' id='word_1_730' title='bbox 2057 3447 2110 3501; x_wconf 75' lang='grc'><strong>4.</strong></span> <span class='ocrx_word' id='word_1_731' title='bbox 2160 3446 2458 3517; x_wconf 67' lang='lat' dir='ltr'><strong>Lomentum</strong></span> <span class='ocrx_word' id='word_1_732' title='bbox 2484 3450 2799 3515; x_wconf 79' lang='lat' dir='ltr'><strong>ptenitentite</strong></span> <span class='ocrx_word' id='word_1_733' title='bbox 2828 3446 2928 3517; x_wconf 70' lang='grc' dir='ltr'><strong>(ὅ).</strong></span> 
     </span>
    </p>
   </div>
   <div class='ocr_carea' id='block_1_115' title="bbox 2062 3516 3074 3586">
    <p class='ocr_par' dir='ltr' id='par_1_115' title="bbox 2062 3516 3074 3586">
     <span class='ocr_line' id='line_1_118' title="bbox 2062 3516 3074 3586; baseline 0.001 -18"><span class='ocrx_word' id='word_1_734' title='bbox 2062 3517 2113 3586; x_wconf 65' lang='grc' dir='ltr'><strong>ξό.</strong></span> <span class='ocrx_word' id='word_1_735' title='bbox 2157 3516 2340 3586; x_wconf 76' lang='lat' dir='ltr'><strong>Qratt‘o</strong></span> <span class='ocrx_word' id='word_1_736' title='bbox 2365 3534 2460 3586; x_wconf 83' lang='lat' dir='ltr'><strong>pro</strong></span> <span class='ocrx_word' id='word_1_737' title='bbox 2486 3519 2807 3585; x_wconf 63' lang='lat' dir='ltr'><strong>correptione</strong></span> <span class='ocrx_word' id='word_1_738' title='bbox 2834 3516 2945 3572; x_wconf 74' lang='lat' dir='ltr'><strong>vita:</strong></span> <span class='ocrx_word' id='word_1_739' title='bbox 2975 3518 3074 3586; x_wconf 87' lang='lat'><strong>(6).</strong></span> 
     </span>
    </p>
   </div>
   <div class='ocr_carea' id='block_1_116' title="bbox 2059 3584 3453 3656">
    <p class='ocr_par' dir='ltr' id='par_1_116' title="bbox 2059 3584 3453 3656">
     <span class='ocr_line' id='line_1_119' title="bbox 2059 3584 3453 3656; baseline 0.004 -19"><span class='ocrx_word' id='word_1_740' title='bbox 2059 3584 2111 3638; x_wconf 88' lang='grc'><strong>6.</strong></span> <span class='ocrx_word' id='word_1_741' title='bbox 2158 3584 2341 3641; x_wconf 82' lang='lat' dir='ltr'><strong>Oratio</strong></span> <span class='ocrx_word' id='word_1_742' title='bbox 2366 3584 2551 3641; x_wconf 70' lang='lat' dir='ltr'><strong>contra</strong></span> <span class='ocrx_word' id='word_1_743' title='bbox 2579 3584 2797 3641; x_wconf 81' lang='lat' dir='ltr'><strong>insidias</strong></span> <span class='ocrx_word' id='word_1_744' title='bbox 2826 3584 3017 3641; x_wconf 82' lang='lat' dir='ltr'><strong>diaboli</strong></span> <span class='ocrx_word' id='word_1_745' title='bbox 3047 3588 3150 3656; x_wconf 86' lang='lat'><strong>(7).</strong></span> <span class='ocrx_word' id='word_1_746' title='bbox 3430 3644 3453 3651; x_wconf 52' lang='grc' dir='ltr'><em>η</em></span> 
     </span>
    </p>
   </div>
   <div class='ocr_carea' id='block_1_117' title="bbox 2059 3656 3565 3731">
    <p class='ocr_par' dir='ltr' id='par_1_117' title="bbox 2059 3656 3565 3731">
     <span class='ocr_line' id='line_1_120' title="bbox 2059 3656 3565 3731; baseline 0.005 -22"><span class='ocrx_word' id='word_1_747' title='bbox 2059 3657 2111 3731; x_wconf 83' lang='lat'><strong>_7.</strong></span> <span class='ocrx_word' id='word_1_748' title='bbox 2157 3658 2357 3731; x_wconf 74' lang='lat' dir='ltr'><strong>Oratio,</strong></span> <span class='ocrx_word' id='word_1_749' title='bbox 2381 3658 2518 3731; x_wconf 33' lang='lat' dir='ltr'><strong>.sive</strong></span> <span class='ocrx_word' id='word_1_750' title='bbox 2544 3656 2831 3731; x_wconf 70' lang='lat' dir='ltr'><strong>Confessio,</strong></span> <span class='ocrx_word' id='word_1_751' title='bbox 2856 3673 2886 3711; x_wconf 88' lang='lat' dir='ltr'><strong>a</strong></span> <span class='ocrx_word' id='word_1_752' title='bbox 2923 3657 3279 3714; x_wconf 76' lang='lat' dir='ltr'><strong>Constantino</strong></span> <span class='ocrx_word' id='word_1_753' title='bbox 3304 3657 3565 3731; x_wconf 69' lang='lat' dir='ltr'><strong>Cajetano</strong></span> 
     </span>
    </p>
   </div>
   <div class='ocr_carea' id='block_1_118' title="bbox 1988 3726 2651 3795">
    <p class='ocr_par' dir='ltr' id='par_1_118' title="bbox 1988 3726 2651 3795">
     <span class='ocr_line' id='line_1_121' title="bbox 1988 3726 2651 3795; baseline 0.006 -20"><span class='ocrx_word' id='word_1_754' title='bbox 1988 3726 2217 3795; x_wconf 85' lang='lat' dir='ltr'><strong>primum</strong></span> <span class='ocrx_word' id='word_1_755' title='bbox 2249 3726 2520 3795; x_wconf 72' lang='lat' dir='ltr'><strong>divulgata</strong></span> <span class='ocrx_word' id='word_1_756' title='bbox 2551 3727 2651 3795; x_wconf 84' lang='lat'><strong>(8).</strong></span> 
     </span>
    </p>
   </div>
   <div class='ocr_carea' id='block_1_119' title="bbox 2058 3794 3258 3869">
    <p class='ocr_par' dir='ltr' id='par_1_119' title="bbox 2058 3794 3258 3869">
     <span class='ocr_line' id='line_1_122' title="bbox 2058 3794 3258 3869; baseline 0.004 -22"><span class='ocrx_word' id='word_1_757' title='bbox 2058 3794 2112 3849; x_wconf 88' lang='lat'><strong>8.</strong></span> <span class='ocrx_word' id='word_1_758' title='bbox 2147 3794 2347 3869; x_wconf 77' lang='lat' dir='ltr'><strong>Regula</strong></span> <span class='ocrx_word' id='word_1_759' title='bbox 2374 3794 2768 3869; x_wconf 63' lang='lat' dir='ltr'><strong>lIonzicliorunt,</strong></span> <span class='ocrx_word' id='word_1_760' title='bbox 2799 3794 2891 3850; x_wconf 91' lang='lat' dir='ltr'><strong>sed</strong></span> <span class='ocrx_word' id='word_1_761' title='bbox 2923 3796 3129 3869; x_wconf 81' lang='lat' dir='ltr'><strong>integra</strong></span> <span class='ocrx_word' id='word_1_762' title='bbox 3161 3796 3258 3869; x_wconf 87' lang='lat'><strong>(9).</strong></span> 
     </span>
    </p>
   </div>
   <div class='ocr_carea' id='block_1_120' title="bbox 2252 3864 3291 3939">
    <p class='ocr_par' dir='ltr' id='par_1_120' title="bbox 2252 3864 3291 3939">
     <span class='ocr_line' id='line_1_123' title="bbox 2252 3864 3291 3939; baseline 0.004 -22"><span class='ocrx_word' id='word_1_763' title='bbox 2252 3864 2525 3919; x_wconf 81' lang='lat' dir='ltr'><strong>Accedent</strong></span> <span class='ocrx_word' id='word_1_764' title='bbox 2548 3864 2614 3919; x_wconf 93' lang='lat' dir='ltr'><strong>de</strong></span> <span class='ocrx_word' id='word_1_765' title='bbox 2639 3880 2792 3939; x_wconf 77' lang='lat' dir='ltr'><strong>more</strong></span> <span class='ocrx_word' id='word_1_766' title='bbox 2818 3865 3019 3936; x_wconf 86' lang='lat' dir='ltr'><strong>spuria,</strong></span> <span class='ocrx_word' id='word_1_767' title='bbox 3042 3864 3247 3939; x_wconf 77' lang='lat' dir='ltr'><strong>nempe</strong></span> <span class='ocrx_word' id='word_1_768' title='bbox 3278 3909 3291 3921; x_wconf 94' lang='lat'><strong>.</strong></span> 
     </span>
    </p>
   </div>
   <div class='ocr_carea' id='block_1_121' title="bbox 2058 3931 3564 4010">
    <p class='ocr_par' dir='ltr' id='par_1_121' title="bbox 2058 3931 3564 4010">
     <span class='ocr_line' id='line_1_124' title="bbox 2058 3931 3564 4010; baseline 0.009 -26"><span class='ocrx_word' id='word_1_769' title='bbox 2058 3931 2473 4010; x_wconf 79' lang='lat' dir='ltr'><strong>l.__Fr_agmenta</strong></span> <span class='ocrx_word' id='word_1_770' title='bbox 2500 3935 2741 4004; x_wconf 60' lang='lat' dir='ltr'><strong>quaedam</strong></span> <span class='ocrx_word' id='word_1_771' title='bbox 2763 3931 3273 3993; x_wconf 74' lang='lat' dir='ltr'><strong>commentariorum</strong></span> <span class='ocrx_word' id='word_1_772' title='bbox 3299 3938 3351 3993; x_wconf 91' lang='lat' dir='ltr'><strong>in</strong></span> <span class='ocrx_word' id='word_1_773' title='bbox 3382 3938 3564 4010; x_wconf 75' lang='lat' dir='ltr'><strong>Regu-</strong></span> 
     </span>
    </p>
   </div>
   <div class='ocr_carea' id='block_1_122' title="bbox 1986 4002 2498 4058">
    <p class='ocr_par' dir='ltr' id='par_1_122' title="bbox 1986 4002 2498 4058">
     <span class='ocr_line' id='line_1_125' title="bbox 1986 4002 2498 4058; baseline 0.002 -2"><span class='ocrx_word' id='word_1_774' title='bbox 1986 4003 2089 4058; x_wconf 84' lang='lat' dir='ltr'><strong>lam</strong></span> <span class='ocrx_word' id='word_1_775' title='bbox 2119 4005 2174 4055; x_wconf 80' lang='lat' dir='ltr'><strong>S.</strong></span> <span class='ocrx_word' id='word_1_776' title='bbox 2206 4002 2498 4057; x_wconf 83' lang='lat' dir='ltr'><strong>Benedicti.</strong></span> 
     </span>
    </p>
   </div>
   <div class='ocr_carea' id='block_1_123' title="bbox 2056 4072 2954 4129">
    <p class='ocr_par' dir='ltr' id='par_1_123' title="bbox 2056 4072 2954 4129">
     <span class='ocr_line' id='line_1_126' title="bbox 2056 4072 2954 4129; baseline 0.003 -3"><span class='ocrx_word' id='word_1_777' title='bbox 2056 4072 2109 4126; x_wconf 89' lang='grc'><strong>2.</strong></span> <span class='ocrx_word' id='word_1_778' title='bbox 2151 4073 2226 4127; x_wconf 90' lang='lat' dir='ltr'><strong>De</strong></span> <span class='ocrx_word' id='word_1_779' title='bbox 2255 4073 2450 4127; x_wconf 88' lang='lat' dir='ltr'><strong>Norma</strong></span> <span class='ocrx_word' id='word_1_780' title='bbox 2484 4074 2694 4129; x_wconf 73' lang='lat' dir='ltr'><strong>vivendi</strong></span> <span class='ocrx_word' id='word_1_781' title='bbox 2724 4073 2954 4129; x_wconf 90' lang='lat' dir='ltr'><strong>libellus.</strong></span> 
     </span>
    </p>
   </div>
   <div class='ocr_carea' id='block_1_124' title="bbox 2055 4142 2926 4207">
    <p class='ocr_par' dir='ltr' id='par_1_124' title="bbox 2055 4142 2926 4207">
     <span class='ocr_line' id='line_1_127' title="bbox 2055 4142 2926 4207; baseline 0 -9"><span class='ocrx_word' id='word_1_782' title='bbox 2055 4146 2109 4198; x_wconf 79' lang='lat'><strong>3.</strong></span> <span class='ocrx_word' id='word_1_783' title='bbox 2157 4145 2231 4197; x_wconf 89' lang='lat' dir='ltr'><strong>De</strong></span> <span class='ocrx_word' id='word_1_784' title='bbox 2259 4142 2524 4198; x_wconf 80' lang='lat' dir='ltr'><strong>Cunllictu</strong></span> <span class='ocrx_word' id='word_1_785' title='bbox 2557 4144 2806 4198; x_wconf 79' lang='lat' dir='ltr'><strong>vitiorum</strong></span> <span class='ocrx_word' id='word_1_786' title='bbox 2843 4150 2926 4207; x_wconf 73' lang='lat'><strong>&gt;14.</strong></span> 
     </span>
    </p>
   </div>
   <div class='ocr_carea' id='block_1_125' title="bbox 2053 4213 3562 4287">
    <p class='ocr_par' dir='ltr' id='par_1_125' title="bbox 2053 4213 3562 4287">
     <span class='ocr_line' id='line_1_128' title="bbox 2053 4213 3562 4287; baseline 0.005 -22"><span class='ocrx_word' id='word_1_787' title='bbox 2053 4214 2105 4266; x_wconf 70' lang='grc'><strong>4.</strong></span> <span class='ocrx_word' id='word_1_788' title='bbox 2150 4213 2587 4287; x_wconf 67' lang='lat' dir='ltr'><strong>Delustitntionc</strong></span> <span class='ocrx_word' id='word_1_789' title='bbox 2616 4214 2737 4269; x_wconf 66' lang='lat' dir='ltr'><strong>vita:</strong></span> <span class='ocrx_word' id='word_1_790' title='bbox 2764 4215 2898 4287; x_wconf 76' lang='lat' dir='ltr'><strong>liber</strong></span> <span class='ocrx_word' id='word_1_791' title='bbox 2928 4230 3067 4269; x_wconf 90' lang='lat' dir='ltr'><strong>nunc</strong></span> <span class='ocrx_word' id='word_1_792' title='bbox 3106 4215 3333 4287; x_wconf 80' lang='lat' dir='ltr'><strong>primum</strong></span> <span class='ocrx_word' id='word_1_793' title='bbox 3377 4218 3562 4287; x_wconf 69' lang='lat' dir='ltr'><strong>vulga-</strong></span> 
     </span>
    </p>
   </div>
   <div class='ocr_carea' id='block_1_126' title="bbox 1984 4283 3562 4354">
    <p class='ocr_par' dir='ltr' id='par_1_126' title="bbox 1984 4283 3562 4354">
     <span class='ocr_line' id='line_1_129' title="bbox 1984 4283 3562 4354; baseline 0.004 -18"><span class='ocrx_word' id='word_1_794' title='bbox 1984 4290 2091 4354; x_wconf 71' lang='lat' dir='ltr'><strong>tus,</strong></span> <span class='ocrx_word' id='word_1_795' title='bbox 2127 4299 2195 4354; x_wconf 80' lang='lat' dir='ltr'><strong>ex</strong></span> <span class='ocrx_word' id='word_1_796' title='bbox 2228 4283 2550 4354; x_wconf 82' lang='lat' dir='ltr'><strong>Veronensis</strong></span> <span class='ocrx_word' id='word_1_797' title='bbox 2591 4284 2808 4354; x_wconf 88' lang='lat' dir='ltr'><strong>capituli</strong></span> <span class='ocrx_word' id='word_1_798' title='bbox 2835 4283 3143 4353; x_wconf 82' lang='lat' dir='ltr'><strong>pervetusto</strong></span> <span class='ocrx_word' id='word_1_799' title='bbox 3186 4285 3427 4354; x_wconf 84' lang='lat' dir='ltr'><strong>Codice;</strong></span> <span class='ocrx_word' id='word_1_800' title='bbox 3472 4283 3562 4344; x_wconf 75' lang='lat' dir='ltr'><strong>ubi</strong></span> 
     </span>
    </p>
   </div>
   <div class='ocr_carea' id='block_1_127' title="bbox 1980 4352 2581 4410">
    <p class='ocr_par' dir='ltr' id='par_1_127' title="bbox 1980 4352 2581 4410">
     <span class='ocr_line' id='line_1_130' title="bbox 1980 4352 2581 4410; baseline 0.003 -3"><span class='ocrx_word' id='word_1_801' title='bbox 1980 4352 2039 4407; x_wconf 88' lang='lat' dir='ltr'><strong>S.</strong></span> <span class='ocrx_word' id='word_1_802' title='bbox 2072 4352 2277 4407; x_wconf 83' lang='lat' dir='ltr'><strong>Isidoro</strong></span> <span class='ocrx_word' id='word_1_803' title='bbox 2309 4353 2581 4410; x_wconf 88' lang='lat' dir='ltr'><strong>tribuitur.</strong></span> 
     </span>
    </p>
   </div>
   <div class='ocr_carea' id='block_1_128' title="bbox 2055 4422 3250 4494">
    <p class='ocr_par' dir='ltr' id='par_1_128' title="bbox 2055 4422 3250 4494">
     <span class='ocr_line' id='line_1_131' title="bbox 2055 4422 3250 4494; baseline 0.003 -17"><span class='ocrx_word' id='word_1_804' title='bbox 2055 4422 2177 4494; x_wconf 68' lang='lat' dir='ltr'><strong>llam</strong></span> <span class='ocrx_word' id='word_1_805' title='bbox 2194 4424 2380 4494; x_wconf 66' lang='lat' dir='ltr'><strong>omnia</strong></span> <span class='ocrx_word' id='word_1_806' title='bbox 2412 4438 2611 4490; x_wconf 84' lang='lat' dir='ltr'><strong>prunus</strong></span> <span class='ocrx_word' id='word_1_807' title='bbox 2640 4430 2817 4477; x_wconf 88' lang='lat' dir='ltr'><strong>tomus</strong></span> <span class='ocrx_word' id='word_1_808' title='bbox 2845 4422 3250 4494; x_wconf 89' lang='lat' dir='ltr'><strong>complectetur.</strong></span> 
     </span>
    </p>
   </div>
   <div class='ocr_carea' id='block_1_129' title="bbox 2055 4491 3437 4563">
    <p class='ocr_par' dir='ltr' id='par_1_129' title="bbox 2055 4491 3437 4563">
     <span class='ocr_line' id='line_1_132' title="bbox 2055 4491 3437 4563; baseline 0.004 -19"><span class='ocrx_word' id='word_1_809' title='bbox 2055 4491 2145 4563; x_wconf 68' lang='lat'><strong>28.</strong></span> <span class='ocrx_word' id='word_1_810' title='bbox 2186 4492 2464 4546; x_wconf 89' lang='lat' dir='ltr'><strong>Secundus</strong></span> <span class='ocrx_word' id='word_1_811' title='bbox 2496 4502 2671 4548; x_wconf 89' lang='lat' dir='ltr'><strong>tomus</strong></span> <span class='ocrx_word' id='word_1_812' title='bbox 2699 4501 2807 4563; x_wconf 85' lang='lat' dir='ltr'><strong>tres</strong></span> <span class='ocrx_word' id='word_1_813' title='bbox 2836 4491 3173 4563; x_wconf 51' lang='lat' dir='ltr'><strong>itetu&#39;partes</strong></span> <span class='ocrx_word' id='word_1_814' title='bbox 3202 4496 3437 4551; x_wconf 69' lang='lat' dir='ltr'><strong>habebit.</strong></span> 
     </span>
    </p>
   </div>
   <div class='ocr_carea' id='block_1_130' title="bbox 2051 4559 3565 4631">
    <p class='ocr_par' dir='ltr' id='par_1_130' title="bbox 2051 4559 3565 4631">
     <span class='ocr_line' id='line_1_133' title="bbox 2051 4559 3565 4631; baseline 0.007 -17"><span class='ocrx_word' id='word_1_815' title='bbox 2051 4559 2226 4631; x_wconf 76' lang='lat' dir='ltr'><strong>Prima</strong></span> <span class='ocrx_word' id='word_1_816' title='bbox 2270 4576 2391 4631; x_wconf 80' lang='lat' dir='ltr'><strong>pars</strong></span> <span class='ocrx_word' id='word_1_817' title='bbox 2431 4577 2629 4629; x_wconf 86' lang='lat' dir='ltr'><strong>paucas</strong></span> <span class='ocrx_word' id='word_1_818' title='bbox 2652 4562 2906 4631; x_wconf 83' lang='lat' dir='ltr'><strong>epistolas</strong></span> <span class='ocrx_word' id='word_1_819' title='bbox 2933 4559 3007 4617; x_wconf 52' lang='lat' dir='ltr'><strong>et&#39;</strong></span> <span class='ocrx_word' id='word_1_820' title='bbox 3027 4578 3304 4619; x_wconf 81' lang='lat' dir='ltr'><strong>sermones</strong></span> <span class='ocrx_word' id='word_1_821' title='bbox 3344 4568 3565 4623; x_wconf 75' lang='lat' dir='ltr'><strong>habebit</strong></span> 
     </span>
    </p>
   </div>
   <div class='ocr_carea' id='block_1_131' title="bbox 1978 4627 2846 4698">
    <p class='ocr_par' dir='ltr' id='par_1_131' title="bbox 1978 4627 2846 4698">
     <span class='ocr_line' id='line_1_134' title="bbox 1978 4627 2846 4698; baseline 0 -15"><span class='ocrx_word' id='word_1_822' title='bbox 1978 4627 2181 4698; x_wconf 84' lang='lat' dir='ltr'><strong>Isidoro</strong></span> <span class='ocrx_word' id='word_1_823' title='bbox 2211 4627 2420 4683; x_wconf 53' lang='lat' dir='ltr'><strong>in&#39;Mss.</strong></span> <span class='ocrx_word' id='word_1_824' title='bbox 2435 4627 2846 4698; x_wconf 46' lang='lat' dir='ltr'><strong>tributos-(I0).</strong></span> 
     </span>
    </p>
   </div>
   <div class='ocr_carea' id='block_1_132' title="bbox 1977 4697 3557 4770">
    <p class='ocr_par' dir='ltr' id='par_1_132' title="bbox 1977 4697 3557 4770">
     <span class='ocr_line' id='line_1_135' title="bbox 1977 4697 3557 4770; baseline 0.003 -18"><span class='ocrx_word' id='word_1_825' title='bbox 1977 4697 2225 4753; x_wconf 88' lang='lat' dir='ltr'><strong>Secunda</strong></span> <span class='ocrx_word' id='word_1_826' title='bbox 2282 4714 2407 4767; x_wconf 88' lang='lat' dir='ltr'><strong>pars</strong></span> <span class='ocrx_word' id='word_1_827' title='bbox 2457 4699 2587 4763; x_wconf 71' lang='lat' dir='ltr'><strong>Quae</strong></span> <span class='ocrx_word' id='word_1_828' title='bbox 2641 4701 2711 4752; x_wconf 82' lang='lat' dir='ltr'><strong>ad</strong></span> <span class='ocrx_word' id='word_1_829' title='bbox 2774 4700 3101 4770; x_wconf 84' lang='lat' dir='ltr'><strong>disciplinam</strong></span> <span class='ocrx_word' id='word_1_830' title='bbox 3150 4703 3557 4763; x_wconf 60' lang='lat' dir='ltr'><strong>ecclesiasticus:</strong></span> 
     </span>
    </p>
   </div>
   <div class='ocr_carea' id='block_1_133' title="bbox 2475 4770 3061 4835">
    <p class='ocr_par' dir='ltr' id='par_1_133' title="bbox 2475 4770 3061 4835">
     <span class='ocr_line' id='line_1_136' title="bbox 2475 4770 3061 4835; baseline 0 -14"><span class='ocrx_word' id='word_1_831' title='bbox 2475 4770 2752 4835; x_wconf 81' lang='lat' dir='ltr'><strong>pertinent,</strong></span> <span class='ocrx_word' id='word_1_832' title='bbox 2800 4770 3007 4823; x_wconf 84' lang='lat' dir='ltr'><strong>scilicet</strong></span> <span class='ocrx_word' id='word_1_833' title='bbox 3047 4788 3061 4821; x_wconf 85' lang='lat'><strong>:</strong></span> 
     </span>
    </p>
   </div>
   <div class='ocr_carea' id='block_1_134' title="bbox 2055 4834 3557 4909">
    <p class='ocr_par' dir='ltr' id='par_1_134' title="bbox 2055 4834 3557 4909">
     <span class='ocr_line' id='line_1_137' title="bbox 2055 4834 3557 4909; baseline 0.006 -18"><span class='ocrx_word' id='word_1_834' title='bbox 2055 4838 2099 4891; x_wconf 93' lang='grc'><strong>1.</strong></span> <span class='ocrx_word' id='word_1_835' title='bbox 2145 4836 2288 4891; x_wconf 91' lang='lat' dir='ltr'><strong>Duos</strong></span> <span class='ocrx_word' id='word_1_836' title='bbox 2315 4837 2379 4909; x_wconf 74' lang='lat' dir='ltr'><strong>de</strong></span> <span class='ocrx_word' id='word_1_837' title='bbox 2408 4834 2614 4907; x_wconf 77' lang='lat' dir='ltr'><strong>Ofﬁciis</strong></span> <span class='ocrx_word' id='word_1_838' title='bbox 2644 4839 2806 4893; x_wconf 51' lang='lat' dir='ltr'><strong>libras</strong></span> <span class='ocrx_word' id='word_1_839' title='bbox 2834 4854 2955 4894; x_wconf 86' lang='lat' dir='ltr'><strong>cum</strong></span> <span class='ocrx_word' id='word_1_840' title='bbox 2984 4839 3211 4909; x_wconf 80' lang='lat' dir='ltr'><strong>epistola</strong></span> <span class='ocrx_word' id='word_1_841' title='bbox 3245 4841 3312 4896; x_wconf 86' lang='lat' dir='ltr'><strong>ad</strong></span> <span class='ocrx_word' id='word_1_842' title='bbox 3343 4842 3557 4901; x_wconf 78' lang='lat' dir='ltr'><strong>Lentie-</strong></span> 
     </span>
    </p>
   </div>
   <div class='ocr_carea' id='block_1_135' title="bbox 1975 4904 2726 4977">
    <p class='ocr_par' dir='ltr' id='par_1_135' title="bbox 1975 4904 2726 4977">
     <span class='ocr_line' id='line_1_138' title="bbox 1975 4904 2726 4977; baseline 0.001 -17"><span class='ocrx_word' id='word_1_843' title='bbox 1975 4904 2206 4977; x_wconf 81' lang='lat' dir='ltr'><strong>l&#39;redum,</strong></span> <span class='ocrx_word' id='word_1_844' title='bbox 2239 4917 2293 4961; x_wconf 86' lang='lat' dir='ltr'><strong>et</strong></span> <span class='ocrx_word' id='word_1_845' title='bbox 2319 4904 2547 4977; x_wconf 71' lang='lat' dir='ltr'><strong>hymnos</strong></span> <span class='ocrx_word' id='word_1_846' title='bbox 2575 4910 2726 4977; x_wconf 79' lang='lat' dir='ltr'><strong>duos.</strong></span> 
     </span>
    </p>
   </div>
   <div class='ocr_carea' id='block_1_136' title="bbox 2054 4974 3555 5054">
    <p class='ocr_par' dir='ltr' id='par_1_136' title="bbox 2054 4974 3555 5054">
     <span class='ocr_line' id='line_1_139' title="bbox 2054 4974 3555 5054; baseline 0.004 -24"><span class='ocrx_word' id='word_1_847' title='bbox 2054 4974 2620 5054; x_wconf 64' lang='lat' dir='ltr'><strong>Accede_t_Qratianum</strong></span> <span class='ocrx_word' id='word_1_848' title='bbox 2652 4975 2936 5054; x_wconf 55' lang='lat' dir='ltr'><strong>lsidoriaLti</strong></span> <span class='ocrx_word' id='word_1_849' title='bbox 2965 4979 3098 5054; x_wconf 82' lang='lat' dir='ltr'><strong>ritus</strong></span> <span class='ocrx_word' id='word_1_850' title='bbox 3124 4978 3357 5054; x_wconf 75' lang='lat' dir='ltr'><strong>L_i_be!lus</strong></span> <span class='ocrx_word' id='word_1_851' title='bbox 3383 4981 3498 5054; x_wconf 82' lang='lat' dir='ltr'><strong>(ll)</strong></span> <span class='ocrx_word' id='word_1_852' title='bbox 3525 4998 3555 5037; x_wconf 94' lang='lat' dir='ltr'><strong>a</strong></span> 
     </span>
    </p>
   </div>
   <div class='ocr_carea' id='block_1_137' title="bbox 1980 5043 3556 5117">
    <p class='ocr_par' dir='ltr' id='par_1_137' title="bbox 1980 5043 3556 5117">
     <span class='ocr_line' id='line_1_140' title="bbox 1980 5043 3556 5117; baseline 0.008 -20"><span class='ocrx_word' id='word_1_853' title='bbox 1980 5043 2062 5099; x_wconf 85' lang='lat' dir='ltr'><strong>Cl.</strong></span> <span class='ocrx_word' id='word_1_854' title='bbox 2095 5046 2404 5117; x_wconf 76' lang='lat' dir='ltr'><strong>Blancbiuio</strong></span> <span class='ocrx_word' id='word_1_855' title='bbox 2432 5062 2501 5117; x_wconf 84' lang='lat' dir='ltr'><strong>ex</strong></span> <span class='ocrx_word' id='word_1_856' title='bbox 2543 5046 2835 5102; x_wconf 78' lang='lat' dir='ltr'><strong>Veronensi</strong></span> <span class='ocrx_word' id='word_1_857' title='bbox 2876 5048 3074 5104; x_wconf 88' lang='lat' dir='ltr'><strong>Codice</strong></span> <span class='ocrx_word' id='word_1_858' title='bbox 3104 5044 3298 5117; x_wconf 86' lang='lat' dir='ltr'><strong>editus,</strong></span> <span class='ocrx_word' id='word_1_859' title='bbox 3322 5043 3406 5106; x_wconf 81' lang='lat' dir='ltr'><strong>cui</strong></span> <span class='ocrx_word' id='word_1_860' title='bbox 3442 5043 3556 5109; x_wconf 75' lang='lat' dir='ltr'><strong>Dis-</strong></span> 
     </span>
    </p>
   </div>
   <div class='ocr_carea' id='block_1_138' title="bbox 1980 5115 3261 5188">
    <p class='ocr_par' dir='ltr' id='par_1_138' title="bbox 1980 5115 3261 5188">
     <span class='ocr_line' id='line_1_141' title="bbox 1980 5115 3261 5188; baseline 0.004 -19"><span class='ocrx_word' id='word_1_861' title='bbox 1980 5116 2202 5188; x_wconf 68' lang='lat' dir='ltr'><strong>sertatio</strong></span> <span class='ocrx_word' id='word_1_862' title='bbox 2228 5116 2294 5188; x_wconf 58' lang='grc' dir='ltr'><strong>με</strong></span> <span class='ocrx_word' id='word_1_863' title='bbox 2324 5115 2621 5171; x_wconf 83' lang='lat' dir='ltr'><strong>Isidoriana</strong></span> <span class='ocrx_word' id='word_1_864' title='bbox 2651 5119 2861 5188; x_wconf 85' lang='lat' dir='ltr'><strong>liturgia</strong></span> <span class='ocrx_word' id='word_1_865' title='bbox 2888 5121 3261 5187; x_wconf 62' lang='lat' dir='ltr'><strong>pmiuitletur.</strong></span> 
     </span>
    </p>
   </div>
   <div class='ocr_carea' id='block_1_139' title="bbox 2050 5184 3553 5255">
    <p class='ocr_par' dir='ltr' id='par_1_139' title="bbox 2050 5184 3553 5255">
     <span class='ocr_line' id='line_1_142' title="bbox 2050 5184 3553 5255; baseline 0.004 -19"><span class='ocrx_word' id='word_1_866' title='bbox 2050 5184 2099 5237; x_wconf 82' lang='grc'><strong>2.</strong></span> <span class='ocrx_word' id='word_1_867' title='bbox 2140 5184 2433 5241; x_wconf 84' lang='lat' dir='ltr'><strong>Isidoriana</strong></span> <span class='ocrx_word' id='word_1_868' title='bbox 2464 5202 2730 5241; x_wconf 87' lang='lat' dir='ltr'><strong>canonum</strong></span> <span class='ocrx_word' id='word_1_869' title='bbox 2770 5184 3018 5243; x_wconf 64' lang='lat' dir='ltr'><strong>collectio</strong></span> <span class='ocrx_word' id='word_1_870' title='bbox 3045 5200 3154 5242; x_wconf 85' lang='lat' dir='ltr'><strong>tum</strong></span> <span class='ocrx_word' id='word_1_871' title='bbox 3197 5203 3366 5255; x_wconf 70' lang='lat' dir='ltr'><strong>quam</strong></span> <span class='ocrx_word' id='word_1_872' title='bbox 3405 5189 3553 5242; x_wconf 88' lang='lat' dir='ltr'><strong>card.</strong></span> 
     </span>
    </p>
   </div>
   <div class='ocr_carea' id='block_1_140' title="bbox 1977 5254 3553 5327">
    <p class='ocr_par' dir='ltr' id='par_1_140' title="bbox 1977 5254 3553 5327">
     <span class='ocr_line' id='line_1_143' title="bbox 1977 5254 3553 5327; baseline 0.003 -20"><span class='ocrx_word' id='word_1_873' title='bbox 1977 5254 2244 5323; x_wconf 76' lang='lat' dir='ltr'><strong>Aguirrio,</strong></span> <span class='ocrx_word' id='word_1_874' title='bbox 2273 5268 2381 5327; x_wconf 90' lang='lat' dir='ltr'><strong>tum</strong></span> <span class='ocrx_word' id='word_1_875' title='bbox 2408 5272 2525 5324; x_wconf 60' lang='lat' dir='ltr'><strong>qua:</strong></span> <span class='ocrx_word' id='word_1_876' title='bbox 2548 5254 2805 5327; x_wconf 15' lang='lat' dir='ltr'><strong>aACennio</strong></span> <span class='ocrx_word' id='word_1_877' title='bbox 2837 5259 3051 5327; x_wconf 78' lang='lat' dir='ltr'><strong>Vulgata</strong></span> <span class='ocrx_word' id='word_1_878' title='bbox 3078 5255 3195 5324; x_wconf 80' lang='lat' dir='ltr'><strong>fuit,</strong></span> <span class='ocrx_word' id='word_1_879' title='bbox 3220 5254 3343 5313; x_wconf 81' lang='lat' dir='ltr'><strong>eum</strong></span> <span class='ocrx_word' id='word_1_880' title='bbox 3366 5267 3553 5311; x_wconf 85' lang='lat' dir='ltr'><strong>nostro</strong></span> 
     </span>
    </p>
   </div>
   <div class='ocr_carea' id='block_1_141' title="bbox 1976 5325 2680 5396">
    <p class='ocr_par' dir='ltr' id='par_1_141' title="bbox 1976 5325 2680 5396">
     <span class='ocr_line' id='line_1_144' title="bbox 1976 5325 2680 5396; baseline 0.003 -18"><span class='ocrx_word' id='word_1_881' title='bbox 1976 5329 2042 5378; x_wconf 88' lang='lat' dir='ltr'><strong>de</strong></span> <span class='ocrx_word' id='word_1_882' title='bbox 2065 5334 2292 5396; x_wconf 85' lang='lat' dir='ltr'><strong>utraque</strong></span> <span class='ocrx_word' id='word_1_883' title='bbox 2315 5326 2517 5393; x_wconf 83' lang='lat' dir='ltr'><strong>judicio</strong></span> <span class='ocrx_word' id='word_1_884' title='bbox 2546 5325 2680 5396; x_wconf 84' lang='lat' dir='ltr'><strong>(l2).</strong></span> 
     </span>
    </p>
   </div>
   <div class='ocr_carea' id='block_1_142' title="bbox 2048 5393 3555 5477">
    <p class='ocr_par' dir='ltr' id='par_1_142' title="bbox 2048 5393 3555 5477">
     <span class='ocr_line' id='line_1_145' title="bbox 2048 5393 3555 5477; baseline 0.005 -32"><span class='ocrx_word' id='word_1_885' title='bbox 2048 5393 2321 5475; x_wconf 77' lang='lat' dir='ltr'><strong>Accedent</strong></span> <span class='ocrx_word' id='word_1_886' title='bbox 2365 5397 2591 5477; x_wconf 67' lang='lat' dir='ltr'><strong>concilia</strong></span> <span class='ocrx_word' id='word_1_887' title='bbox 2618 5393 2745 5458; x_wconf 83' lang='lat' dir='ltr'><strong>duo,</strong></span> <span class='ocrx_word' id='word_1_888' title='bbox 2792 5397 2997 5477; x_wconf 69' lang='lat' dir='ltr'><strong>quibus</strong></span> <span class='ocrx_word' id='word_1_889' title='bbox 3023 5395 3099 5477; x_wconf 67' lang='grc' dir='ltr'><strong>3ἷΔ</strong></span> <span class='ocrx_word' id='word_1_890' title='bbox 3126 5396 3187 5450; x_wconf 91' lang='lat' dir='ltr'><strong>D.</strong></span> <span class='ocrx_word' id='word_1_891' title='bbox 3221 5394 3457 5465; x_wconf 68' lang='lat' dir='ltr'><strong>prmfuit,</strong></span> <span class='ocrx_word' id='word_1_892' title='bbox 3501 5407 3555 5452; x_wconf 88' lang='lat' dir='ltr'><strong>et</strong></span> 
     </span>
    </p>
   </div>
   <div class='ocr_carea' id='block_1_143' title="bbox 1976 5462 3315 5603">
    <p class='ocr_par' dir='ltr' id='par_1_143' title="bbox 1976 5462 3315 5603">
     <span class='ocr_line' id='line_1_146' title="bbox 1976 5462 3240 5533; baseline 0.002 -18"><span class='ocrx_word' id='word_1_893' title='bbox 1976 5476 2204 5530; x_wconf 86' lang='lat' dir='ltr'><strong>quorum</strong></span> <span class='ocrx_word' id='word_1_894' title='bbox 2235 5464 2348 5531; x_wconf 89' lang='lat' dir='ltr'><strong>ipse</strong></span> <span class='ocrx_word' id='word_1_895' title='bbox 2371 5462 2601 5519; x_wconf 77' lang='lat' dir='ltr'><strong>fortasse</strong></span> <span class='ocrx_word' id='word_1_896' title='bbox 2630 5462 2866 5519; x_wconf 81' lang='lat' dir='ltr'><strong>canones</strong></span> <span class='ocrx_word' id='word_1_897' title='bbox 2895 5466 3128 5533; x_wconf 86' lang='lat' dir='ltr'><strong>scripsit.</strong></span> <span class='ocrx_word' id='word_1_898' title='bbox 3221 5462 3240 5465; x_wconf 54' lang='grc'>⁷</span> 
     </span>
     <span class='ocr_line' id='line_1_147' title="bbox 2064 5530 3315 5603; baseline 0.002 -19"><span class='ocrx_word' id='word_1_899' title='bbox 2064 5602 2067 5603; x_wconf 15' lang='grc' dir='ltr'><em>ν</em></span> <span class='ocrx_word' id='word_1_900' title='bbox 2147 5601 2166 5603; x_wconf 93' lang='lat'>_</span> <span class='ocrx_word' id='word_1_901' title='bbox 2207 5530 2387 5603; x_wconf 75' lang='lat' dir='ltr'><strong>Tertia</strong></span> <span class='ocrx_word' id='word_1_902' title='bbox 2420 5549 2540 5601; x_wconf 86' lang='lat' dir='ltr'><strong>pars</strong></span> <span class='ocrx_word' id='word_1_903' title='bbox 2572 5532 2835 5589; x_wconf 76' lang='lat' dir='ltr'><strong>Historica</strong></span> <span class='ocrx_word' id='word_1_904' title='bbox 2865 5535 3041 5598; x_wconf 88' lang='lat' dir='ltr'><strong>dabit,</strong></span> <span class='ocrx_word' id='word_1_905' title='bbox 3073 5549 3265 5603; x_wconf 89' lang='lat' dir='ltr'><strong>nempe</strong></span> <span class='ocrx_word' id='word_1_906' title='bbox 3301 5552 3315 5587; x_wconf 92' lang='lat'>:</span> 
     </span>
    </p>
   </div>
   <div class='ocr_carea' id='block_1_144' title="bbox 2017 5601 3555 5684">
    <p class='ocr_par' dir='ltr' id='par_1_144' title="bbox 2017 5601 3555 5684">
     <span class='ocr_line' id='line_1_148' title="bbox 2017 5601 3555 5684; baseline 0.007 -29"><span class='ocrx_word' id='word_1_907' title='bbox 2017 5672 2030 5684; x_wconf 45' lang='lat'><strong>.</strong></span> <span class='ocrx_word' id='word_1_908' title='bbox 2055 5602 2104 5682; x_wconf 68' lang='grc' dir='ltr'><strong>1ἶ</strong></span> <span class='ocrx_word' id='word_1_909' title='bbox 2134 5601 2264 5666; x_wconf 63' lang='lat' dir='ltr'><strong>Quae</strong></span> <span class='ocrx_word' id='word_1_910' title='bbox 2293 5602 2515 5657; x_wconf 84' lang='lat' dir='ltr'><strong>Sacram</strong></span> <span class='ocrx_word' id='word_1_911' title='bbox 2556 5608 2932 5677; x_wconf 72' lang='lat' dir='ltr'><strong>profanamque</strong></span> <span class='ocrx_word' id='word_1_912' title='bbox 2960 5601 3235 5658; x_wconf 71' lang='lat' dir='ltr'><strong>hstoriatn</strong></span> <span class='ocrx_word' id='word_1_913' title='bbox 3265 5606 3555 5679; x_wconf 80' lang='lat' dir='ltr'><strong>exhibent,</strong></span> 
     </span>
    </p>
   </div>
   <div class='ocr_carea' id='block_1_145' title="bbox 1978 5685 2275 5726">
    <p class='ocr_par' dir='ltr' id='par_1_145' title="bbox 1978 5685 2275 5726">
     <span class='ocr_line' id='line_1_149' title="bbox 1978 5685 2275 5726; baseline -0.01 0"><span class='ocrx_word' id='word_1_914' title='bbox 1978 5685 2227 5726; x_wconf 88' lang='lat' dir='ltr'><strong>nttntrum</strong></span> <span class='ocrx_word' id='word_1_915' title='bbox 2260 5687 2275 5723; x_wconf 70' lang='grc'><strong><em>3</em></strong></span> 
     </span>
    </p>
   </div>
   <div class='ocr_carea' id='block_1_146' title="bbox 2054 5740 2467 5799">
    <p class='ocr_par' dir='ltr' id='par_1_146' title="bbox 2054 5740 2467 5799">
     <span class='ocr_line' id='line_1_150' title="bbox 2054 5740 2467 5799; baseline 0.005 -4"><span class='ocrx_word' id='word_1_916' title='bbox 2054 5742 2103 5796; x_wconf 85' lang='lat' dir='ltr'><strong>I.</strong></span> <span class='ocrx_word' id='word_1_917' title='bbox 2145 5740 2467 5799; x_wconf 79' lang='lat' dir='ltr'><strong>Chronicon.</strong></span> 
     </span>
    </p>
   </div>
   <div class='ocr_carea' id='block_1_147' title="bbox 3162 5823 3197 5879">
    <p class='ocr_par' dir='ltr' id='par_1_147' title="bbox 3162 5823 3197 5879">
     <span class='ocr_line' id='line_1_151' title="bbox 3162 5823 3197 5879; baseline 0 0"><span class='ocrx_word' id='word_1_918' title='bbox 3162 5823 3197 5879; x_wconf 86' lang='lat'><strong>9</strong></span> 
     </span>
    </p>
   </div>
  </div>
