4022 6198
288 318 397 374 971

1032 316 1123 371 AD
1162 314 1391 368 OPERA
1433 312 1489 369 S.
1534 310 1780 368 ISI’DORI
1826 308 2270 365 HISPALENSIS
2313 307 2845 363 PllOLitZt'IOMENA.

3511 307 3581 361 τε

297 431 471 493 cium,
514 426 658 497 quod
705 434 831 479 ante
875 424 1168 479 editionem
1217 421 1433 493 publico
1486 428 1887 491 programmate
1919 425 1963 481 Α
1991 418 2379 487 aliquantulum
2412 418 2763 482 imminuitur,
2788 433 2908 471 cum
2942 424 3176 473 mentem
3203 416 3271 473 ad
3303 419 3581 478 innumera

298 517 471 575 doctis
500 516 629 571 viris
649 556 666 584 ,
695 530 757 568 ac
784 513 1079 583 pnesertim
1111 510 1361 581 i‘lispanis
1388 518 1740 581 proponetur,
1770 526 1876 564 non

300 611 418 668 leve
446 606 795 680 typographis
822 605 1059 660 subsidio
1086 605 1322 659 futurum
1345 619 1524 673 spero.

362 719 530 790 ’345
555 715 646 770 tu.
686 715 768 769 Ad
798 729 1074 790 meperro
1104 714 1247 783 quod
1279 715 1471 790 attinet
1490 755 1512 781 .,
1563 712 1751 769 fiducia
1778 715 1878 790 in-

288 784 583 858 dulic’n‘tim
608 796 717 858 tua:
746 801 852 839 non
870 784 1067 858 dubito
1094 785 1465 858 remaggredi,
1491 799 1625 858 usus
1636 785 1882 858 consiliis

296 876 328 914 a
379 854 787 922 praeclarissimo
832 857 987 917 viro,
1029 856 1119 922 qui
1171 856 1264 908 tibi
1309 863 1393 908 est
1441 870 1470 908 a
1521 854 1878 915 bibliotheca,

298 876 328 914 a
415 875 787 912 melartssuno
832 875 987 917 VII'O,
1029 875 1119 922 ιμιι
1171 875 1264 908 ιιυι
1309 875 1393 908 BS!
1441 875 1470 908 ει
1521 875 1878 915 υιυιιοιιιθϐτι,

298 875 429 982 ηιἰεί
463 926 728 989 indicatis,
761 939 934 992 coque
977 925 1246 985 libentius,
1277 922 1419 992 quod
1454 924 1707 992 pit'raqne
1750 925 1883 977 meis

283 997 544 1053 sensibus
563 1038 578 1061 ,
601 996 699 1049 etsi
723 995 773 1048 in
797 994 944 1047 brevi
971 1010 1101 1048 mea:
1130 994 1379 1047 editionis
1406 1002 1695 1059 conspectu
1727 994 1884 1049 dissi-

297 1066 531 1129 tnulatis,
568 1065 725 1134 plane
752 1064 1109 1118 consentiant.
1145 1064 1256 1130 Age
1289 1078 1447 1134 ergo,
1480 1062 1674 1134 inclyte.
1701 1064 1879 1116 archi-

290 1137 517 1207 pr.i;sul,
539 1132 726 1207 tria_ut
757 1148 783 1186 a
810 1142 862 1187 te
891 1148 1108 1207 exorem
1140 1149 1238 1201 pro
1268 1132 1523 1207 singulari
1551 1132 1883 1207 humanitate

288 1201 391 1262 uiua
421 1206 605 1261 sinito.
632 1204 876 1257 Primum
917 1202 1071 1269 illud,
1114 1210 1173 1256 ut
1202 1202 1291 1269 qui
1323 1210 1431 1255 tam
1459 1201 1749 1269 grandibus
1778 1202 1881 1255 im-

335 1276 479 1333 ensis
528 1273 846 1327 Mozarabici
894 1268 1182 1337 Breviarii,
1211 1268 1595 1324 Toletanorum
1628 1268 1844 1323 Patrum
1864 1311 1879 1334 ,

323 1344 732 1415 lispaniensium
763 1341 1124 1415 Conciliorum
1154 1356 1343 1395 novam
1376 1341 1515 1409 apud
1539 1354 1635 1393 vos
1657 1354 1883 1415 eamque

295 1408 893 1482 magniﬁcentissimam
922 1410 1213 1465 editionem
1263 1408 1453 1465 curare
1493 1424 1606 1482 non
1645 1408 1880 1482 desinis,

294 1485 350 1539 in
382 1477 554 1539 meam
598 1481 791 1538 lsidori
832 1481 1146 1545 editionem,
1176 1494 1337 1547 quam
1367 1479 1610 1533 cominus
1648 1477 1879 1543 Matriti,

292 1555 378 1608 uti
409 1553 667 1607 voluntati
710 1558 814 1603 tua:
845 1547 1309 1605 obsecundaturus
1350 1550 1583 1602 maxime
1605 1562 1880 1616 cuperem,

295 1620 729 1678 concinnandam
758 1620 957 1682 velim,
988 1626 1237 1687 suscepta
1282 1618 1568 1687 prohibent
1598 1620 1883 1686 prmteritae

295 1696 416 1746 vita}
447 1690 668 1745 consilia
692 1731 707 1754 ,
736 1689 1035 1759 symbolam
1083 1686 1315 1759 aliquam
1367 1686 1615 1741 conferre
1658 1702 1881 1759 nonre-

296 1774 466 1884 nugs,
512 1760 697 1828 primis
724 1757 913 1812 saltem
944 1758 1231 1813 necessarii
1260 1764 1553 1827 apparatus
1579 1757 1883 1824 sumptibus

296 1848 355 1884 su
397 1838 663 1884 ecturatn.

290 1838 663 1885 sullecturatn.

360 1918 450 1972 45.
493 1919 732 1972 Alterum
764 1924 875 1979 est,
903 1923 960 1969 ut
988 1929 1125 1983 quos
1162 1928 1384 1983 sperare
1423 1929 1509 1969 me
1550 1928 1792 1984 Jusseras
1817 1914 1883 1968 li-

292 1991 443 2054 bros,
468 1989 681 2041 mittcre
706 1985 771 2039 ad
803 1999 910 2047 me,
944 1992 1003 2038 ut
1027 1984 1258 2054 primum
1292 1985 1522 2051 licuerit,
1558 1984 1711 2038 velis.
1744 1984 1884 2054 Tane

292 2059 413 2111 dent
432 2053 496 2110 te
528 2056 874 2110 vehementer
902 2068 1059 2123 rogo,
1088 2063 1148 2107 ut
1173 2053 1591 2123 septuagenario
1621 2055 1761 2120 seni,
1790 2053 1884 2123 qui

295 2140 346 2180 te
386 2126 821 2182 reverentissime
864 2121 1011 2185 colit,
1045 2121 1276 2191 tuosque
1304 2121 1403 2192 pro
1441 2121 1690 2192 Hispanae
1736 2121 1888 2179 nobi-

286 2196 508 2251 lissimae
556 2194 812 2249 Ecclesiae
846 2193 1034 2263 gloria
1087 2201 1253 2263 atque
1302 2193 1620 2263 utilitatibus
1676 2192 1888 2249 labores

292 2266 511 2320 maximi
542 2266 686 2345 _l'acit
714 2261 1095 2345 prtedi’catque,
1128 2261 1231 2318 hoc
1268 2261 1753 2345 solatii-indulgeas
1772 2302 1789 2345 τ
1808 2271 1890 2345 _ut

282 2349 387 2389 sua
416 2331 734 2404 amplissimi
765 2333 839 2387 tui
869 2331 1103 2404 nominis
1129 2332 1432 2404 patrocinio
1458 2332 1698 2404 Romana
1722 2331 1888 2386 lsido-

290 2401 565 2458 rianorum
587 2401 828 2472 Operumi
849 2402 1015 2456 editio
1045 2401 1289 2470 prodeat,
1309 2402 1465 2472 testis
1488 2403 1633 2472 aetati
1668 2409 1885 2463 uestrae,

290 2479 447 2529 testis
471 2471 779 2541 posteritati
809 2471 983 2525 futura
1014 2484 1147 2525 mea:
1178 2471 1583 2541 demississime
1623 2471 1677 2525 in
1708 2479 1761 2525 te
1790 2472 1887 2541 ob-

289 2540 595 2600 servantiae.
646 2541 703 2595 ll
744 2556 908 2595 unum
943 2540 988 2593 si
1037 2555 1133 2609 per
1159 2549 1212 2595 te
1240 2540 1371 2594 mihi
1400 2540 1649 2605 licuerit,
1681 2540 1891 2609 magnis

292 2614 486 2667 animis
508 2612 708 2667 endsso
733 2612 913 2666 statim
943 2608 1240 2679 conspectu
1274 2625 1438 2676 novo,
1468 2624 1531 2664 ac
1556 2610 1687 2664 satis
1708 2608 1891 2679 amplo

291 2687 457 2737 totius
480 2681 753 2746 editionis,
782 2683 848 2734 al
888 2693 1050 2748 quam
1084 2678 1342 2735 citissime
1386 2679 1745 2734 inchoandam
1775 2678 1892 2733 stu—

291 2757 377 2807 «tia
406 2752 586 2808 omnia
631 2750 888 2806 referam.
927 2748 1077 2813 Vale,
1104 2748 1346 2817 pontifex
1393 2748 1848 2803 excellentissime
1872 2787 1888 2812 ,

288 2839 487 2892 tneque
514 2838 694 2877 sacras
719 2836 910 2892 manus
934 2829 1053 2892 tuas
1080 2820 1418 2892 osculantem
1444 2827 1535 2892 t_ua
1556 2818 1728 2888 gratia
1760 2834 1889 2889 pro-

291 2888 541 2962 sequere.
576 2891 783 2956 Romae,
814 2890 993 2945 [libus
1020 2888 1312 2957 Aprilibus,
1345 2888 1503 2944 1785.

360 3002 450 3058 46.
481 3002 620 3069 Quid
650 3010 771 3072 post
799 3001 896 3056 has
922 3000 1187 3057 Zaccariae
1229 3000 1437 3057 litteras
1464 3001 1577 3057 sive
1605 3001 1675 3057 ad
1713 3001 1891 3056 archi-

284 3097 603 3166 episcopum
629 3092 946 3148 Toletanum
976 3092 1204 3159 missas,
1248 3091 1363 3147 sive
1408 3107 1476 3147 eo
1525 3092 1781 3157 consilio,
1834 3100 1895 3147 ut

290 3190 653 3250 mitterentur.
683 3185 936 3254 scriptas,
966 3183 1035 3239 de
1070 3183 1175 3239 hoc
1203 3183 1422 3251 negotio
1451 3189 1739 3239 tractatum
1769 3182 1884 3239 fue-

293 3279 383 3343 rit,
412 3276 629 3348 penitus
655 3275 865 3343 ignoro.
891 3274 1209 3343 Quanquam
1238 3288 1305 3330 ex
1334 3288 1393 3329 re
1422 3272 1556 3345 ipsa,
1584 3288 1650 3328 ex
1679 3273 1886 3329 duabus

292 3366 689 3440 posterioribus
729 3365 972 3434 epistolis
1011 3363 1347 3419 eminentiss.
1378 3363 1440 3418 D.
1469 3363 1756 3419 cardinalis
1782 3363 1887 3419 Lo-

287 3475 574 3527 remantc,
614 3473 749 3529 quas
798 3473 947 3512 num.
980 3455 1048 3510 26
1094 3455 1357 3522 iudicavi,
1403 3456 1534 3511 satis
1562 3455 1888 3526 perspicitur

286 3551 425 3607 nihil
454 3549 648 3606 deinde
675 3555 852 3604 actum
899 3547 1081 3602 luisse.
1114 3547 1566 3616 Archiepiscopus
1593 3545 1887 3602 Toletanus

292 3642 475 3698 multis
518 3642 690 3712 iisque
733 3640 1064 3709 gravissimis
1110 3640 1407 3696 rationibus
1452 3648 1581 3695 tunc
1627 3637 1888 3708 impulsus

288 3732 583 3787 editionem
612 3746 643 3785 a
675 3730 953 3799 l-iccaria,
976 3730 1289 3787 doctissimo
1317 3729 1557 3799 quidem,
1580 3727 1677 3785 sed
1708 3741 1884 3783 rerum

290 3830 596 3879 nostrarum
651 3820 879 3877 fortasse
931 3837 1037 3877 non
1090 3820 1163 3877 ita
1213 3822 1424 3892 perito,
1454 3820 1800 3883 adornatam,
1833 3818 1885 3872 in

295 3913 546 3983 Hispania
572 3909 866 3967 curandam
893 3910 1230 3965 decreverat.
1264 3910 1321 3966 ω
1344 3909 1595 3966 Zaccaria
1628 3916 1887 3980 praestare

294 4018 399 4058 non
457 4010 713 4073 poterat,
766 4002 864 4057 nisi
931 4002 1233 4071 improbum
1293 4002 1532 4056 laborem
1587 3999 1886 4067 susciperet

293 4100 480 4148 exacte
503 4091 778 4163 digerendi
808 4106 869 4146 ea
910 4091 1087 4146 omnia
1117 4106 1236 4159 qua:
1284 4097 1600 4159 paraverat,
1628 4095 1683 4139 et
1709 4085 1885 4139 absol-

295 4185 449 4240 vendi
478 4198 598 4253 qua:
628 4182 968 4252 promiserat,
1003 4190 1059 4233 ut
1081 4181 1191 4247 jam
1224 4180 1371 4247 prelo
1403 4186 1587 4245 parata
1618 4177 1667 4228 in
1696 4174 1886 4244 Hispa-

296 4274 437 4328 niam
461 4272 822 4325 mitterentur.
853 4269 1017 4322 Senio
1042 4269 1152 4333 jam
1188 4269 1300 4335 ipse
1328 4265 1629 4331 confectus,
1661 4265 1888 4321 diversis

297 4362 514 4416 maximi
560 4357 818 4413 momenti
866 4356 1308 4425 occupationibus
1354 4354 1682 4423 impeditus,
1714 4368 1889 4423 neque

297 4452 581 4508 laboriosa
602 4448 878 4505 collationi
910 4454 1089 4502 textus
1127 4462 1248 4503 cum
1280 4461 1409 4501 mss.
1435 4452 1489 4499 et
1515 4445 1671 4499 editis
1700 4460 1885 4499 exem-

297 4543 539 4613 plaribus
568 4537 924 4604 assuefactus,
967 4537 1019 4592 id
1050 4553 1210 4593 unum
1240 4536 1543 4606 spectabat,
1576 4545 1633 4589 ut
1661 4534 1884 4604 pecunia
1918 4540 1969 4602 ι)

296 4634 531 4702 adjutus,
562 4645 677 4687 rem
708 4644 805 4701 per
828 4644 888 4685 se
913 4644 976 4685 ac
1014 4643 1111 4699 per
1136 4628 1269 4684 alios
1300 4626 1485 4682 Romae
1512 4627 1750 4679 maximo
1778 4639 1887 4694 quo

299 4736 485 4797 posset
504 4724 794 4781 commodo
822 4722 1075 4793 expedire
1106 4728 1356 4776 tentaret.
1397 4716 1541 4773 Sane
1566 4715 1729 4770 multa
1757 4713 1888 4770 Zac-

300 4820 443 4874 caria
471 4819 523 4873 in
544 4818 653 4871 suis
680 4816 904 4886 publicis
931 4813 1340 4885 programtnatis
1380 4810 1619 4879 pollicita
1678 4805 1851 4861 fuerat
1870 4845 1884 4869 ,

298 4924 418 4978 quae
443 4908 704 4979 perlicere
728 4907 942 4977 quidem
970 4904 1260 4973 cogitabat,
1286 4902 1376 4958 sed
1407 4901 1645 4957 nondum
1675 4899 1890 4953 inchoa-

303 5009 470 5065 verat,
501 5006 561 5053 ut
589 5010 729 5054 nunc
755 4995 1060 5051 distinctius
1089 4995 1395 5064 explicabo.

763 5108 925 5180 35,6
965 5104 1192 5161 CAPUT
1243 5104 1424 5158 xuu.

300 5221 593 5293 Apparatus
646 5215 1254 5293 Zaccqrianae‘Operum
1296 5215 1359 5270 S.
1399 5213 1601 5293 _Isid_ori
1649 5212 1891 5293 editionis

390 5284 701 5345 recenselur.
732 5287 1043 5343 Adversaria
1072 5284 1185 5357 ejus
1210 5301 1302 5356 pro
1327 5285 1582 5338 uolumine
1606 5284 1790 5351 primo.

375 5400 427 5454 1.
468 5402 600 5457 Cum
629 5400 711 5455 vir
741 5400 907 5455 nostri
940 5398 1198 5469 temporis
1226 5394 1616 5452 eruditissimus
1642 5392 1889 5447 Zaccaria

304 5505 401 5562 per
427 5492 777 5562 quadraginta
799 5507 992 5556 annos,
1021 5503 1197 5557 eoque
1224 5484 1472 5555 amplius,
1499 5498 1652 5537 nova:
1673 5481 1893 5537 editioni

298 5581 611 5637 lsidorianae
639 5580 959 5651 apparandaa
986 5577 1387 5642 allaboraverit,
1416 5574 1741 5630 incredibilis
1770 5590 1894 5643 pro-

304 5669 448 5725 fecto
488 5670 770 5725 doctorum
820 5669 1100 5725 hominum
1128 5681 1249 5723 esse
1275 5666 1435 5721 debet
1466 5663 1799 5735 exspectatio
1827 5665 1894 5719 de

308 5760 636 5830 ejuscctuodi
687 5769 947 5831 apparatu
989 5774 1149 5829 :qute
1193 5767 1371 5815 tamen
1415 5756 1554 5828 apud
1603 5756 1895 5812 nonnullos

1140 5911 1182 5921 7—-

1912 3173 1958 3237 C

1986 510 2074 564 illa
2106 510 2402 579 omnigenze
2448 510 2708 564 doctrina:
2745 523 2909 577 opera
2950 516 3300 575 convertunt,
3329 525 3449 580 quae
3478 513 3586 569 huc

1987 602 2018 669 ί,
2041 618 2102 657 so
2133 611 2375 671 tempore
2404 601 2657 655 Zaccaria
2687 610 2782 653 aut
2804 600 3127 668 composuit,
3155 611 3245 652 aut
3273 599 3583 663 illustravit,

1986 703 2079 747 aut
2107 688 2313 749 edenda
2347 693 2575 755 curavit,
2607 706 2836 763 qumque
2862 692 2930 747 ab
2958 708 3066 746 uno
3096 691 3315 745 homine
3346 691 3587 759 potuisse

1987 786 2251 856 proliciSLi
2290 786 2377 839 vix
2414 785 2747 853 intelligitur,
2778 792 2838 837 ut
2860 782 2990 837 nihil
3022 783 3199 838 dicam
3243 782 3310 837 dc
3337 781 3588 850 plurimis

1987 878 2105 931 aliis
2137 891 2341 944 magum
2372 876 2525 931 molis
2552 885 2644 929 aut
2672 876 2803 930 varii
2833 875 3131 944 arg:nnenti
3163 874 3435 944 operibus,
3465 888 3588 941 quae

1988 972 2205 1025 molitus
2255 979 2311 1025 et
2358 970 2630 1039 pollicitus
2673 970 2889 1035 fuerat,
2937 977 2993 1024 et
3021 969 3259 1022 moriens
3291 967 3340 1020 in
3374 966 3589 1021 schedis

1988 1061 2220 1129 reliquit.
2253 1059 2546 1115 Postremis
2575 1059 2731 1114 annis
2757 1074 2880 1113 cum
2931 1057 2999 1112 de
3036 1055 3364 1111 Zaccariana
3395 1052 3585 1109 lsidori

1988 1149 2221 1205 editione
2245 1150 2486 1219 plerique
2502 1148 2613 1218 jam
2633 1144 3006 1218 desperarent,
3022 1146 3151 1200 mihi
3173 1147 3334 1200 etiam
3360 1145 3411 1200 in
3436 1160 3587 1199 men-

1990 1248 2097 1294 tem
2128 1239 2294 1302 venit,
2327 1240 2671 1307 quantumvis
2696 1238 2815 1294 aliis
2841 1237 3095 1307 operibus
3123 1236 3449 1291 excudendis
3478 1251 3584 1290 non

1988 1344 2177 1399 parum
2208 1337 2495 1397 occupato,
2529 1329 2766 1384 animum
2812 1326 2878 1381 ad
2912 1341 3104 1380 novam
3134 1324 3368 1394 Operum
3396 1322 3585 1379 lsidori

1988 1418 2282 1474 editionem
2305 1418 2596 1474 curandam
2620 1422 2937 1472 court-nere
2961 1432 2976 1469 :
3000 1415 3092 1470 sed
3124 1413 3399 1483 indignum
3428 1429 3583 1484 pror-

1988 1524 2080 1565 sus
2109 1508 2392 1563 videbatur
2417 1508 2560 1577 quod
2591 1506 2859 1562 Zaccariaa
2884 1506 3037 1559 labor
3065 1510 3159 1558 aut
3210 1504 3433 1574 periret,
3467 1511 3583 1570 aut,

1989 1597 2325 1653 cessantibus
2369 1594 2657 1666 Hispanis,
2687 1595 2752 1650 ad
2784 1595 3013 1650 aliorum
3057 1609 3247 1649 manus
3277 1592 3577 1649 devcnirct.

1988 1688 2155 1757 Igitur
2184 1702 2369 1742 mense
2394 1687 2607 1756 quintlli
2637 1685 2763 1739 anni
2795 1687 3043 1755 proxime
3069 1684 3239 1754 elapsi
3273 1682 3433 1751 1⁸194,
3459 1698 3585 1737 sua-

1990 1778 2152 1835 dente
2178 1777 2411 1833 maxime
2453 1776 2875 1832 emiuentissimo
2912 1774 3169 1829 cardinali
3206 1775 3267 1829 D.
3308 1773 3587 1843 Stephano

1988 1868 2203 1938 Borgia,
2235 1866 2437 1923 eximio
2477 1866 2775 1922 litterarum
2807 1865 3043 1921 omnium
3092 1865 3301 1920 cultore
3346 1880 3409 1919 ac
3438 1865 3587 1920 litte-

1984 1966 2227 2013 ratorum
2259 1958 2497 2013 virorum
2550 1964 2813 2025 patrono,
2861 1952 3112 2016 Zaccaria
3162 1954 3343 2008 omnia
3394 1968 3488 2009 sua
3519 1954 3589 2008 de

1987 2039 2181 2101 lsidori
2206 2046 2368 2101 rebus
2395 2045 2707 2101 adversaria
2733 2043 2800 2098 ad
2829 2044 2916 2098 i‘ue
2942 2042 3142 2098 deferri
3193 2043 3479 2099 concessit.

2056 2136 2107 2190 2.
2151 2135 2226 2190 Ea
2253 2146 2456 2204 autem,
2483 2136 2559 2189 uti
2587 2148 2687 2203 ego
2716 2134 2921 2203 accepi,
2953 2134 3033 2189 sic
3061 2148 3350 2202 exponam.
3383 2132 3587 2187 Praitcr

1989 2228 2259 2298 epistolas,
2283 2242 2419 2296 quas
2437 2225 2549 2296 jam
2582 2226 2761 2294 attuli,
2784 2235 2902 2280 erat
2930 2225 3047 2280 Vita
3069 2224 3128 2280 8.
3154 2223 3345 2280 lsidori
3368 2241 3432 2279 ex
3466 2224 3587 2281 Bol-

1990 2320 2257 2377 landiauis
2286 2334 2407 2376 cum
2434 2318 2827 2375 commentario
2856 2317 3055 2387 praevio
3075 2316 3342 2383 deserit-ta
3370 2334 3382 2368 :
3412 2315 3586 2370 histo—

1989 2413 2069 2469 ria
2101 2414 2262 2478 etiam
2310 2411 2679 2466 translationis
2709 2409 2957 2480 corporis
2994 2408 3051 2465 S.
3082 2408 3272 2465 lsidori
3300 2424 3367 2463 ex
3396 2409 3586 2464 iisdem

1991 2502 2397 2567 Bollaudianis,
2432 2517 2594 2555 manu
2634 2509 2873 2565 exarata,
2906 2499 2999 2555 sed
3033 2514 3211 2569 neque
3239 2500 3378 2565 vita,
3411 2514 3586 2569 neque

1991 2593 2216 2650 historia
2250 2592 2618 2647 translationis
2635 2591 2861 2659 integra,
2892 2597 2943 2651 et
2965 2590 3221 2645 mendose
3240 2597 3467 2658 utraque
3485 2589 3582 2644 deo

1990 2684 2210 2753 scripta.
2244 2682 2627 2738 Deriderantur
2651 2688 2789 2734 noLe
2808 2693 2941 2748 quas
2970 2677 3223 2734 Zaccaria
3241 2679 3583 2748 promiserat,

1992 2790 2056 2829 ac
2089 2775 2265 2831 solum
2291 2782 2416 2828 sunt
2445 2771 2691 2843 qumdaut
2721 2771 2880 2825 varia:
2924 2769 3184 2826 lectiones
3224 2769 3289 2824 ad
3316 2771 3581 2824 narratio—

1994 2880 2115 2921 nem
2148 2865 2429 2934 Redempti
2459 2864 2527 2917 dc
2548 2863 2694 2918 obitu
2724 2860 2780 2917 8.
2816 2861 2881 2915 lsi
2906 2861 3000 2916 ’ori
3037 2877 3101 2915 ex
3131 2860 3361 2929 quodam
3386 2860 3584 2917 Codice

1993 2954 2364 3009 Vallicellano.
2389 2953 2506 3008 Nic.
2525 2952 2785 3008 Antonius
2808 2952 2859 3005 in
2882 2950 3131 3006 Biblioth.
3152 2958 3259 3006 vet.
3278 2950 3424 3019 liisp.
3446 2951 3533 3005 lib.
3549 2966 3584 3003 v

1992 3043 2098 3097 duo
2127 3044 2336 3112 capita,
2368 3043 2583 3097 tertium
2628 3041 2837 3097 scilicet
2884 3050 2938 3093 et
2966 3050 3216 3108 quartum
3264 3041 3382 3109 ejus
3425 3041 3584 3108 libri,

1996 3135 2117 3189 vita:
2171 3141 2227 3189 et
2270 3132 2528 3189 doctrinae
2579 3130 2765 3186 lsidori
2815 3129 3143 3185 illustranda:
3196 3129 3584 3187 destinaverat.

1990 3223 2115 3279 Haec
2162 3223 2323 3293 igitur
2366 3221 2475 3277 duo
2502 3222 2681 3291 capita
2728 3220 2831 3276 sibi
2887 3220 3136 3275 Zaccaria
3160 3222 3391 3276 exscribi
3421 3222 3585 3276 simili

1989 3314 2151 3370 modo
2181 3321 2485 3377 curaverat,
2518 3311 2728 3367 scilicet
2751 3326 2817 3365 ex
2850 3311 3018 3380 prima
3050 3308 3306 3373 editione,
3336 3310 3586 3380 adeoque

1987 3405 2105 3459 sine
2149 3403 2214 3457 iis
2245 3402 2613 3457 notationibus
2656 3415 2790 3469 quas
2837 3399 3093 3468 Bayerius
3121 3398 3175 3453 in
3205 3396 3444 3453 editione
3467 3399 3587 3453 Ma-

1988 3493 2197 3550 tritensi
2219 3492 2437 3561 adjecit,
2461 3490 2617 3563 357
2642 3490 2713 3545 ub
2734 3489 2859 3543 'rior
2882 3488 2935 3543 in
2957 3488 3060 3542 hoc
3080 3494 3397 3556 argumento
3418 3502 3585 3556 quam

1989 3588 2041 3642 in
2074 3585 2341 3655 plerisque
2365 3582 2500 3649 aliis,
2532 3596 2653 3637 cum
2680 3580 2746 3636 de
2773 3578 3036 3649 Operibus
3064 3576 3124 3632 8.
3150 3575 3338 3632 lsidori
3361 3576 3585 3634 edendis

1990 3675 2108 3745 ipse
2137 3687 2355 3744 quoque
2381 3672 2743 3741 cogitavisset.
2785 3667 2930 3723 Duas
2955 3667 3361 3724 dissertationes
3391 3666 3585 3723 Zacca-

1990 3767 2068 3820 ria
2101 3763 2371 3834 pollicitus
2400 3760 2599 3827 fuerat,
2630 3760 2856 3814 alteram
2882 3756 2947 3810 de
2975 3754 3093 3809 Vita
3121 3756 3391 3825 rebusque
3419 3756 3585 3825 gestis

1989 3854 2047 3912 S.
2073 3854 2281 3916 lsidori,
2314 3853 2542 3906 alteram
2570 3850 2639 3903 de
2666 3847 2913 3902 doctrina
2951 3844 3273 3915 scriptisque
3301 3846 3536 3915 ejusdem
3566 3864 3582 3903 :

1990 3952 2179 3999 neutra
2204 3943 2454 3997 inchoata
2477 3946 2615 4005 erat,
2634 3936 2830 3990 nedum
2850 3933 3088 4004 perfecta
3116 3952 3129 3989 :
3154 3936 3254 3991 nisi
3283 3936 3327 3993 si
3357 3938 3586 3993 fortasse

1990 4034 2166 4089 Vitam
2187 4075 2202 4100 ,
2234 4047 2395 4102 quam
2426 4028 2558 4094 dixi,
2588 4043 2653 4082 ex
2687 4025 3044 4081 Bollanrliauis
3085 4026 3232 4081 Actis
3259 4036 3583 4089 extractam,

1989 4135 2045 4181 et
2084 4126 2190 4179 duo
2226 4123 2312 4176 illa
2340 4119 2683 4175 bib'iothecze
2716 4115 2964 4185 Hispanae
2993 4115 3108 4171 Nic.
3159 4117 3375 4172 Antonii
3406 4118 3582 4187 capita

1990 4211 2341 4279 intelligebat.
2378 4208 2633 4262 Voluerat
2659 4206 2820 4261 etiam
2852 4206 2921 4260 de
2952 4204 3140 4260 lsidori
3174 4206 3421 4274 genuinis
3459 4208 3580 4277 epi-

1988 4300 2162 4365 stolis,
2185 4299 2359 4369 deque
2406 4296 2743 4350 Muzarabica
2786 4295 3031 4363 liturgia,
3074 4303 3234 4365 atque
3261 4297 3584 4354 collectione

1990 4409 2254 4451 canonum
2286 4392 2570 4462 Hispanica
2609 4389 2881 4445 disserere
2906 4407 2919 4441 :
2949 4389 3042 4444 sed
3071 4403 3261 4443 manus
3290 4389 3442 4458 operi
3471 4404 3582 4443 non

1991 4486 2248 4542 admovit.
2282 4484 2650 4539 Constituerat
2677 4482 2898 4551 singulis
2940 4480 3091 4536 libris
3118 4478 3174 4534 8.
3206 4478 3395 4536 lsidori
3444 4495 3582 4549 pra:-

1992 4577 2220 4633 fationes
2254 4574 2554 4647 pneﬁgere,
2600 4573 2692 4627 sed
2722 4586 2881 4626 unam
2913 4578 3115 4625 tantum
3145 4572 3362 4626 invenio
3390 4570 3583 4626 adum-

1993 4669 2197 4723 bratam
2220 4669 2285 4723 ad
2316 4668 2508 4723 librum
2540 4663 2951 4731 Prooemiorum,
2977 4671 3031 4717 et
3052 4662 3275 4716 alteram
3297 4663 3365 4718 ad
3388 4663 3580 4720 librum

1993 4760 2061 4816 de
2090 4761 2200 4815 Vir.
2243 4761 2437 4814 illustr.
2457 4800 2471 4819 ,
2502 4773 2636 4827 quas
2674 4755 2827 4811 edam
2859 4769 2980 4808 cum
3023 4753 3090 4808 de
3119 4752 3198 4810 his
3223 4754 3371 4810 libris
3399 4768 3577 4823 agam.

1995 4849 2127 4904 Cum
2159 4850 2270 4919 ip~e
2301 4848 2564 4904 Prudentia
2595 4845 2766 4915 primo
2798 4845 2918 4899 loco
2955 4842 3223 4897 excudere
3257 4844 3579 4912 cogitasset,

1994 4941 2278 5012 prologum
2326 4939 2453 4993 huic
2499 4934 2648 5006 operi
2698 4946 2958 5004 apparere
3009 4932 3304 4985 studuerat.
3358 4930 3579 4987 Librum

1993 5047 2122 5087 vero
2149 5030 2217 5084 de
2243 5028 2355 5084 Vir.
2389 5028 2580 5082 illustr.
2611 5025 2768 5079 simul
2818 5038 2940 5078 cum
2975 5027 3090 5074 tota
3130 5020 3454 5077 Bibliotheca
3483 5036 3583 5075 ee-

1992 5120 2292 5179 clesiastica
2323 5120 2547 5176 Fabricii
2570 5118 2731 5174 edere
2759 5117 3074 5173 decreverat
3099 5133 3111 5167 :
3144 5113 3268 5170 hinc
3297 5116 3580 5186 prologum

1993 5213 2255 5268 habemus
2284 5208 2351 5265 ad
2375 5223 2497 5264 eum
2526 5209 2745 5264 librum.

2061 5302 2118 5357 5.
2157 5299 2434 5356 Statuerat
2458 5296 2772 5370 quibusdam
2820 5295 2873 5350 in
2916 5295 3050 5350 locis
3098 5296 3405 5351 notationes
3453 5309 3581 5352 suas

1997 5392 2230 5460 antiquis
2253 5389 2481 5443 aliorum
2506 5386 2706 5442 addere
2736 5403 2748 5440 :
2780 5385 2979 5440 nullam
3010 5385 3309 5440 istiusmodi
3338 5387 3579 5440 notatio-

1995 5498 2123 5536 num
2152 5481 2449 5537 absolutam
2503 5478 2753 5543 invenio,
2803 5478 2902 5532 nisi
2931 5492 3131 5546 paucas
3159 5478 3228 5531 ad
3274 5478 3465 5532 librum
3508 5481 3579 5533 de

1999 5573 2109 5628 Vir.
2140 5572 2356 5637 illustr.,
2384 5579 2440 5626 et
2463 5570 2818 5639 quorumdam
2847 5577 3128 5622 auctorum
3160 5568 3278 5623 loca
3317 5569 3575 5633 indicata,

1994 5677 2059 5717 ex
2090 5662 2284 5732 quibus
2311 5660 2489 5715 lumen
2518 5668 2701 5728 posset
2724 5657 2967 5722 haurire,
2995 5656 3037 5711 si
3065 5658 3280 5725 quando
3321 5673 3444 5714 eum
3488 5658 3576 5714 la-

1994 5757 2180 5810 borem
2210 5756 2524 5823 susciperet.
2560 5750 2686 5808 Post
2714 5750 2829 5821 ejus
2866 5764 3146 5808 excessum
3175 5749 3430 5821 acquisivi
3457 5747 3579 5807 edi-
