4088 6492
787 326 1268 336 ——_—————.——.—
1293 325 1314 332 -σ
1332 325 1450 337 ._-—-—
2663 325 2693 333 ..ο
3209 322 3332 332 ηρ..-

883 365 1348 376 *ο-..οᾙ-ι-
1361 368 1400 374 -ι
1413 370 1422 373 ..
1509 367 1546 374 ..ι-η
1589 367 1640 373 -νη
1663 369 1672 371 η
2047 363 2276 373 -—-.~__——
3198 363 3242 371 .-
3267 365 3314 371 ---

770 663 1022 724 BENE
1041 661 1254 723 νοω
1299 662 1461 756 C
1480 661 1696 728 TOR].
1747 661 1894 720 ,1οΔ
1906 660 2135 722 ΝΝΕΞ
2179 663 2384 722 LUDC

1508 661 1696 728 "ORI.
1747 661 1894 720 1οΔ
1906 660 2135 722 ΝΝΕΞ
2179 663 2402 722 LUDO
2421 665 2496 722 I'J
2507 666 2662 726 CUS
2705 663 2869 726 SCH
2881 667 3033 732 U-L-Z
3047 673 3122 733 E.

353 1069 546 1127 Missis
601 1071 712 1141 iam
762 1068 883 1121 illis
923 1080 1058 1134 quae
1107 1064 1177 1118 de
1242 1063 1486 1118 universi
1551 1064 1738 1132 operis
1792 1060 2172 1135 dispositione
2218 1081 2282 1121 ex
2339 1067 2682 1122 I’rrrl‘atione
2751 1070 2816 1123 ad
2863 1080 3075 1126 tomum
3147 1071 3389 1142 primum
3435 1072 3606 1142 hujus

277 1165 553 1217 editionis
618 1167 888 1216 constare
960 1157 1353 1218 arbitramur,
1438 1157 1510 1209 iis
1562 1156 1742 1231 unice
1821 1157 2262 1224 iultaerebimus,
2341 1176 2465 1230 qua:
2538 1162 2823 1230 juvabunt
2895 1164 3172 1232 lectores,
3235 1174 3298 1219 ut
3353 1165 3608 1236 judicare

282 1260 555 1328 possint,
611 1267 766 1319 tutu,
830 1256 890 1308 in
956 1266 1073 1323 quo
1129 1251 1444 1305 litterarum
1505 1266 1710 1320 genere
1763 1252 1852 1306 hic
1917 1262 2102 1308 tomus
2161 1255 2438 1325 praecipue
2500 1264 2793 1320 versetur,
2843 1265 3000 1323 tum,
3060 1258 3268 1328 quibus
3326 1259 3608 1328 praecipue

279 1355 558 1411 subsidiis
591 1354 681 1409 usi
722 1352 928 1407 simus.

355 1479 617 1532 Primum
656 1478 845 1531 locum
900 1475 958 1529 in
1024 1473 1133 1526 hoc
1187 1466 1473 1522 volumine
1511 1474 1662 1521 tenet
1697 1465 2154 1524 Commentarius
2187 1468 2241 1522 in
2277 1469 2576 1527 Canticum
2614 1476 2963 1532 comicorum
2997 1515 3011 1542 ,
3053 1477 3148 1548 qui
3190 1491 3256 1532 ex
3287 1475 3461 1546 priori
3491 1474 3611 1530 edi-

282 1574 464 1628 tionis
497 1572 916 1628 Sirmondiana:
967 1576 1123 1621 tome
1157 1564 1412 1633 reliquus
1446 1564 1588 1616 erat.
1654 1558 1799 1616 Huic
1833 1573 2202 1624 accesserunt
2249 1581 2448 1625 omnes
2500 1570 2582 1624 illi
2637 1571 2796 1637 libri,
2849 1588 2992 1643 quos
3045 1572 3387 1628 Sirmondus
3434 1573 3610 1626 altero

289 1669 569 1724 editionis
605 1681 726 1721 sua
758 1662 1047 1718 volumine
1071 1658 1400 1730 Complexus
1441 1666 1563 1713 erat
1603 1675 1616 1712 :
1661 1657 1927 1712 nimirum
1971 1654 2376 1718 Commentarii
2419 1664 2476 1720 in
2512 1663 2735 1729 Isaiam,
2772 1666 3068 1724 Jeremiam
3101 1669 3338 1741 (librum
3367 1669 3609 1724 Baruchi

285 1765 461 1818 etiam
505 1778 575 1818 ac
629 1762 891 1816 Thrasos
935 1753 1264 1822 Jeremiaa),
1316 1752 1705 1817 Ezechielem,
1766 1751 2048 1809 Danielem
2100 1766 2155 1811 et
2188 1746 2488 1813 duodecim
2525 1760 2874 1832 PrOphetas,
2931 1778 3074 1834 quos
3111 1764 3361 1819 minores
3390 1764 3607 1818 dicunt.

293 1856 636 1926 Argumenti
670 1854 918 1924 dignitas
957 1859 1015 1906 et
1046 1845 1375 1920 praestantia
1409 1845 1499 1900 his
1531 1844 1870 1900 Theodoreti
1903 1845 2336 1904 Commentariis
2375 1853 2612 1922 gratiam
2674 1853 3060 1909 conciliabunt
3099 1853 3243 1926 apud
3285 1870 3483 1911 omnes
3512 1855 3608 1925 qui

287 1937 604 2016 Scriptura
636 1957 815 1998 sacrae
848 1940 1179 1999 lectionem,
1209 1947 1270 1992 ut
1302 1949 1404 2016 par
1435 1944 1544 1998 est,
1582 1935 1637 1988 in
1678 1935 1900 1991 deliciis
1935 1937 2161 2000 habent,
2191 1939 2339 1995 etde
2370 1957 2541 1997 sensu
2581 1943 2836 1999 locorum
2868 1961 2992 2017 qua:
3020 1945 3448 2016 ditiicultatibus
3483 1963 3611 2017 pre-

290 2046 544 2100 muntur,
578 2034 810 2090 solliciti
844 2038 1000 2087 sunt.
1039 2031 1158 2085 Imo
1187 2029 1414 2083 Iaudem
1446 2022 1558 2082 illis
1594 2042 1705 2082 non
1735 2026 2114 2100 denegabunt,
2145 2033 2243 2102 qui
2277 2035 2563 2103 noverint,
2596 2038 2929 2109 scriptorem
2964 2048 3219 2097 nostrum
3253 2040 3323 2096 iis
3347 2042 3611 2096 omnibus

293 2128 600 2197 praesidiis,
638 2141 765 2195 qua:
812 2136 1107 2179 sacrarum
1156 2119 1490 2174 Litterarum
1543 2119 1908 2189 interpretem
1957 2115 2250 2191 adjuvant.
2293 2139 2401 2194 pro
2434 2128 2708 2197 temporis
2757 2130 2843 2184 sui
2894 2132 3113 2188 ratione
3154 2132 3377 2202 egregie
3423 2133 3611 2186 muni-

291 2229 434 2289 tum,
469 2232 553 2283 et,
589 2218 744 2289 quod
786 2218 842 2271 in
882 2217 990 2271 hac
1025 2228 1203 2270 causa
1227 2215 1461 2268 omnino
1489 2228 1604 2268 non
1647 2213 1894 2284 ignorari
1929 2213 2117 2278 debet,
2156 2216 2225 2269 ab
2253 2217 2557 2287 allegorica
2583 2228 2639 2274 et
2671 2223 2908 2292 mystico
2942 2223 3348 2294 interpretandi
3375 2239 3609 2295 genere,

293 2320 445 2387 quod
485 2317 687 2372 multis
723 2313 952 2368 Patrum
983 2311 1132 2366 adeo
1165 2308 1404 2380 placuit,
1440 2308 1768 2363 alieniorem
1813 2307 2013 2363 fuisse.
2045 2308 2178 2375 Quae
2207 2310 2273 2364 ad
2305 2308 2603 2366 historiam
2642 2314 2916 2370 librorum
2956 2331 3099 2387 quos
3120 2314 3217 2372 hic.
3246 2326 3429 2372 tomus
3459 2332 3613 2371 cont.-

296 2413 593 2480 pleetitur,
620 2409 930 2479 pertinent,
965 2405 1083 2473 jam
1122 2418 1234 2458 non
1264 2401 1624 2471 attingimus,
1667 2399 1797 2471 quia
1847 2401 1915 2454 de
1960 2400 2063 2454 hoc
2113 2409 2464 2472 argumento,
2511 2412 2567 2458 et
2602 2403 2876 2476 imprimis
2904 2407 2974 2462 de
3005 2409 3324 2464 rationibus
3367 2425 3492 2479 quae
3542 2412 3622 2465 ad

291 2500 755 2558 Commentarios
795 2498 852 2552 in
879 2496 1184 2552 Canticum
1221 2493 1573 2548 canticorum
1609 2491 1957 2548 'l‘heodoreto
1994 2491 2374 2550 vindicandos
2413 2496 2622 2563 valent,
2650 2512 2822 2568 supra
2858 2500 2977 2570 jam
3004 2499 3442 2572 disputavimus,
3484 2518 3613 2558 cum

291 2595 366 2649 de
396 2593 530 2662 ejus
565 2592 680 2645 vita
723 2599 776 2646 et
807 2588 1037 2659 scriptis
1070 2598 1388 2658 ageremus.

367 2713 445 2768 De
471 2711 773 2767 codicibus
803 2724 943 2764 mss.
975 2705 1259 2778 imprimis
1285 2704 1582 2761 dicendum
1603 2704 1730 2768 erit,
1754 2717 1996 2776 quorum
2027 2706 2240 2761 auxilio
2273 2707 2518 2765 adhunc
2546 2719 2755 2765 tom-um
2781 2711 2956 2782 prelis
2985 2711 3293 2784 parandum
3320 2713 3404 2768 uti
3433 2712 3614 2770 licuit.

300 2805 363 2858 ad
398 2820 547 2876 quos
581 2805 778 2874 itaque
810 2817 878 2857 se
919 2800 1174 2856 referunt
1209 2799 1409 2854 littera:
1444 2799 1520 2863 Α,
1558 2797 1634 2863 Β,
1669 2796 1711 2852 C
1740 2805 1796 2853 et
1830 2794 1917 2865 F,
1955 2798 2012 2854 in
2058 2799 2293 2856 scholiis
2325 2802 2534 2871 passim
2568 2804 2766 2859 obviae.
2796 2803 3058 2876 Quinque
3092 2815 3224 2862 sunt
3261 2806 3361 2874 illi,
3398 2806 3617 2862 scilicet

302 2897 607 2951 Bavaricus
630 2911 780 2949 unus
803 2903 859 2949 et
879 2890 1286 2956 Coislinianus,
1311 2907 1436 2946 cum
1453 2887 1784 2947 Florentino
1811 2902 1866 2948 et
1883 2891 2104 2947 duobus
2122 2892 2743 2968 Augustanis,quorum
2773 2914 2920 2954 unus
2941 2898 3009 2953 ad
3035 2899 3436 2969 expositionem
3463 2898 3615 2954 Can-

300 2991 392 3043 tici
437 2989 796 3043 canticorum
839 2984 1129 3055 pertinet,
1173 2983 1316 3037 alter
1357 2990 1570 3038 textum
1606 2981 1866 3038 Graecum
1899 2983 2172 3039 librorum
2214 2986 2670 3056 prepheticorum
2704 2989 2952 3046 exhibet.
3010 2992 3064 3048 Is
3126 3007 3292 3063 quem
3333 3001 3616 3061 postremo

302 3081 422 3136 Ioco
452 3079 900 3141 nominavimus,
932 3075 1074 3131 adeo
1099 3075 1344 3131 utilitate
1368 3091 1468 3130 sua
1495 3083 1552 3130 et
1593 3076 1920 3147 praastantia
1953 3091 2014 3131 se
2060 3079 2439 3146 commendat,
2479 3089 2542 3135 ut
2576 3081 2888 3152 pleniorem
2919 3081 3046 3153 ejus
3090 3084 3478 3141 recensionem
3511 3099 3617 3138 nec

303 3176 370 3227 ab
402 3177 506 3229 hoc
539 3175 671 3228 loco
705 3173 980 3236 alienam,
1012 3185 1117 3225 nec
1147 3169 1325 3240 aequis
1351 3169 1548 3224 harum
1583 3184 1773 3225 rerum
1807 3171 2042 3227 arbitris
2078 3172 2355 3244 ingratam
2394 3173 2512 3230 fore
2538 3175 2951 3232 existimemus.
2989 3175 3089 3233 Est
3120 3177 3614 3239 membranaccus,

307 3272 450 3335 εει-4,
489 3270 639 3324 satis
673 3267 858 3322 nitide
885 3267 1091 3322 sacculo
1122 3281 1177 3320 ix
1210 3265 1301 3319 vel
1329 3281 1362 3319 ι
1405 3267 1679 3335 scriptus,
1709 3275 1765 3320 et
1796 3265 1960 3322 bona?
2003 3268 2234 3323 omnino
2279 3281 2448 3324 noue.
2477 3268 2706 3325 Initium
2758 3270 2884 3341 ejus
2922 3269 3134 3328 faciunt
3163 3271 3276 3328 duo
3307 3271 3460 3335 folia,
3494 3287 3620 3340 quae

307 3376 513 3434 partem
546 3366 924 3420 constituisse
955 3363 1221 3416 videntur
1243 3361 1370 3416 libri
1401 3361 1799 3429 ecclesiastici,
1833 3376 1999 3431 quem
2032 3361 2431 3418 Lectionarimn
2459 3364 2736 3419 vocabant
2781 3372 3020 3420 veteres.
3059 3363 3273 3419 Similis
3306 3365 3616 3434 argumenti

305 3470 430 3512 sunt
463 3460 577 3512 duo
617 3458 822 3511 ultima
866 3454 1084 3511 codicis
1122 3454 1254 3509 folia
1290 3471 1303 3506 :
1335 3455 1403 3510 de
1436 3454 1524 3512 his
1563 3463 1750 3510 autem
1789 3454 2013 3510 laciniis
2050 3456 2231 3511 codici
2277 3456 2631 3528 Augustano,
2668 3466 2729 3510 ut
2773 3457 2829 3511 in
2877 3455 3302 3527 com-pingendis
3333 3456 3619 3526 antiquio-

305 3557 462 3611 ribus
503 3571 644 3610 mss.
680 3554 804 3610 ﬁeri
833 3553 1072 3616 solebat,
1099 3550 1335 3617 assutis,
1378 3550 1566 3621 aptior
1591 3550 1796 3607 deinde
1825 3552 1933 3606 erit
1965 3551 2192 3608 dicendi
2235 3553 2418 3610 locus.
2454 3552 2676 3609 Folium
2705 3554 2932 3608 tertium
2969 3568 3096 3608 cum
3131 3553 3350 3608 duobus
3378 3567 3619 3624 sequen-

299 3657 454 3708 tibus
481 3653 729 3722 pertinet
760 3650 828 3705 ad
853 3649 1020 3705 tinem
1050 3649 1309 3720 prommii
1331 3647 1682 3706 Theodoreti
1711 3650 1768 3704 in
1801 3648 2093 3705 duodecim
2124 3651 2434 3721 PrOphetas
2465 3651 2734 3714 minores,
2760 3658 2808 3706 et
2844 3651 2910 3706 ad
2942 3650 3194 3721 ejusdem
3228 3659 3618 3720 argumentum

304 3752 358 3803 in
392 3750 622 3810 Oseam,
660 3747 760 3817 qui
798 3746 1044 3816 primum
1101 3745 1154 3798 in
1195 3743 1300 3799 hoc
1331 3744 1528 3800 codice
1561 3753 1713 3800 tenet
1743 3745 1948 3804 Iocum.
1982 3744 2065 3800 Ex
2100 3746 2188 3802 his
2224 3747 2494 3802 nonnulla
2548 3747 2615 3802 ad
2656 3763 2794 3803 usus
2834 3755 3060 3802 nostros
3099 3747 3412 3804 transferre
3459 3749 3617 3804 licuit

299 3860 430 3915 pag.
471 3843 812 3898 150643”.
852 3841 1012 3896 Folio
1041 3848 1204 3896 sexto
1237 3849 1293 3896 et
1319 3845 1570 3911 quatuor
1598 3841 1874 3911 proximis
1911 3865 1913 3897 :

2024 3843 2168 3898 uitur
2201 3843 2460 3913 Ἡσυχίου
2498 3842 2880 3915 πρεσϐυτέρου
2919 3843 3316 3914 Ἱεροσολύμων
3359 3830 3638 3914 sumpti

301 3940 415 3993 τῶν
451 3940 519 3992 :6'
578 3937 909 4009 προφητῶν,
940 3937 1037 3990 καὶ
1085 3937 1311 3990 Ἡσαΐου
1339 3937 1436 3992 καὶ
1467 3937 1672 4006 Δανιὴλ
1703 3938 1824 4008 (sed
1865 3954 1915 3993 at

2003 3939 2263 3995 )anielem
2302 3938 2446 3993 nilril
2480 3954 2548 3993 ex
2575 3936 2858 4008 Ilesychio
2897 3938 2953 3991 in
2987 3937 3182 3992 codice
3214 3936 3438 4008 legitur)
3479 3937 3617 4007 ἔχων

299 4034 423 4103 (ξω)
461 4035 521 4085 ὲν
552 4032 937 4103 παραθέσεσιν
968 4029 1070 4092 τὰς
1107 4029 1218 4081 τῶν
1256 4029 1704 4102 δυσχερεστέρων
1732 4031 2051 4104 ἑρμηνείας.
2085 4030 2308 4102 Incipit,
2345 4033 2505 4085 Ἐστι
2536 4034 2636 4102 μὲν
2666 4034 2897 4102 ἀρχαῖον
2927 4029 3087 4083 τοῦτο
3106 4033 3220 4094 τοῖς
3247 4030 3529 4102 θεοφόροις
3558 4030 3621 4082 τὸ

298 4126 660 4194 erm-351592.
699 4123 919 4178 Desinit
951 4121 1008 4175 in
1049 4121 1262 4180 verbis,
1293 4115 1452 4175 Οὗτοι
1489 4121 1660 4191 ,μόνον
1701 4123 1811 4175 τῶν
1849 4125 1909 4175 ὲν

2006 4125 2084 4193 »τῇ
2126 4123 2578 4192 βασιλευσάντων
2611 4125 2940 4192 μέμνηνται.
2976 4121 3302 4192 Sequuntur
3327 4122 3620 4192 Κεφάλαια

308 4218 474 4288 Ὠσηὲ
513 4217 832 4288 προφήτου,
884 4228 1135 4283 quorum
1185 4211 1381 4282 viginti
1437 4213 1492 4266 in
1532 4212 1635 4268 hoc
1670 4213 1868 4269 codice
1921 4221 2312 4267 recensentur.
2369 4211 2499 4266 Ilaec
2556 4213 2779 4267 demum
2831 4212 3038 4281 excipit
3094 4219 3280 4267 textus
3338 4212 3620 4282 prophetae

291 4310 481 4368 Oscae.
525 4307 858 4362 Proximum
920 4305 1102 4360 locum
1151 4311 1302 4358 tenet
1351 4300 1472 4359 Joel
1501 4343 1517 4368 ,
1566 4304 1728 4372 cujus
1771 4305 1965 4360 decem
2027 4303 2506 4379 ευηιαεφάλαια.
2543 4302 2732 4358 Amosi
2763 4343 2776 4366 ,
2841 4302 2938 4373 qui
3011 4303 3305 4373 sequitur,
3367 4305 3432 4357 l7
3487 4317 3621 4361 sunt

291 4405 622 4474 13:11:11;
658 4399 888 4456 Obadiaz
925 4399 1062 4464 tri‘a,
1104 4397 1258 4454 Jonas
1284 4408 1552 4470 quatuor,
1587 4399 1831 4456 Michaea:
1865 4398 2157 4467 tredecim,
2187 4397 2428 4454 Nahumi
2473 4406 2744 4469 quatuor,
2777 4396 3064 4454 Habacuci
3110 4398 3320 4469 pariter
3346 4407 3613 4469 quatuor,

293 4497 610 4568 Sephonias
640 4502 878 4564 septem,
915 4491 1100 4563 Aggzei
1143 4493 1416 4562 quinque,
1450 4492 1738 4550 Zachariae
1775 4493 2017 4562 triginta
2060 4494 2199 4558 duo,
2241 4491 2526 4547 Malachia:
2565 4491 2806 4562 denique
2839 4491 3053 4547 decem.
3096 4488 3454 4560 Singulorum
3489 4506 3615 4560 pro-

298 4592 612 4660 phetarum
647 4585 827 4641 textui
880 4584 1149 4638 nonnulla
1181 4584 1250 4640 de.
1282 4585 1510 4641 nomine
1538 4593 1593 4640 et
1621 4584 1693 4640 de
1732 4586 1902 4641 rebus
1937 4586 2006 4640 ad
2044 4586 2369 4656 prophetam
2429 4585 2854 4656 pertinentibus
2903 4583 3316 4653 subjiciuntur,
3375 4595 3615 4652 quorum

283 4679 795 4749 conparationem
824 4690 953 4730 cum
1000 4675 1111 4733 illis
1147 4691 1272 4746 qua:
1297 4691 1367 4730 ex
1403 4675 1601 4732 codice
1635 4677 1891 4746 quodam
1923 4676 2251 4732 Florentino
2290 4676 2358 4731 ad
2391 4694 2492 4736 nos
2531 4679 2715 4734 delata
2743 4687 2896 4744 sunt,
2933 4673 3309 4752 instituimus.
3349 4672 3614 4731 Minores.

281 4789 438 4844 quos
483 4771 713 4833 dicunt,
746 4766 1076 4836 Prophetas.
1115 4767 1171 4820 in
1214 4765 1408 4821 codice
1464 4767 1796 4836 Augustano
1828 4767 2119 4836 excipiunt
2175 4767 2438 4838 majores.
2482 4767 2641 4823 Isaia:
2691 4774 2818 4836 post
2879 4761 3269 4819 recensionem
3328 4759 3396 4814 88
3439 4775 3611 4828 κεφα-·

280 4867 468 4921 11in
495 4861 863 4933 praemittitur
887 4857 1224 4914 Theodoreti
1256 4868 1654 4930 argumentum
1692 4861 1746 4914 iu
1775 4859 2004 4925 Isaiam,
2042 4861 2132 4915 cui
2159 4860 2216 4916 in
2236 4862 2435 4918 codice
2463 4861 2789 4917 Florentino
2812 4859 2930 4913 hare
2960 4870 3142 4928 pauca
3169 4854 3612 4924 subiunguntur.

278 4956 535 5028 Διαϐολή
571 4954 670 5008 τοῦ
707 4950 984 5024 αἰσθητοῦ
1038 4951 1282 5023 Ἰσραὴλ,
1321 4951 1404 5005 ὅτι
1458 4951 1728 5023 πρότερον
1763 4951 2034 5030 εὐσεβῶν,
2073 4951 2306 5026 ὕστερον
2348 4954 2410 5008 οὐ
2456 4954 2618 5024 μόνον
2647 4953 2706 5004 ὲν
2737 4954 2849 5014 τοῖς
2892 4947 3158 5013 εἰδώλοις,
3198 4945 3335 5000 ἀλλὰ
3381 4945 3477 4999 καὶ
3517 4943 3615 4998 τοῦ

279 5053 538 5128 Χριστοῦ
568 5053 671 5124 τὴν
696 5048 1001 5122 βασιλείαν
1029 5048 1366 5118 ἠρνήσαντο,
1397 5049 1491 5100 καὶ
1533 5046 1734 5117 ἀπειλὴ
1772 5050 1897 5102 κατ’
1925 5047 2133 5114 αὐτῶν,
2191 5051 2292 5103 ὅσα
2323 5045 2680 5103 παιδεύεσθαι
2722 5043 3032 5117 μέλλουσιν.
3075 5041 3273 5097 Isaiam
3317 5041 3374 5096 in
3421 5039 3616 5094 codice

273 5157 623 5222 Augustano
650 5147 921 5218 sequitur
949 5142 1231 5198 Jeremias
1263 5160 1373 5198 una
1406 5158 1534 5199 cum
1575 5144 1718 5198 libro
1764 5141 2032 5209 Baruehi,
2074 5146 2317 5202 'l'brenis
2364 5154 2420 5199 et
2445 5142 2685 5214 epistola
2715 5139 2994 5202 Jeremiae,
3036 5136 3246 5191 omisso
3297 5133 3615 5204 κεφαλαίων

276 5247 483 5306 indice.
529 5246 699 5302 Liber
736 5239 1005 5297 Baruchi
1070 5237 1128 5292 in
1175 5238 1372 5293 codice
1431 5238 1762 5296 inscribitur
1822 5239 1890 5296 ’ῐε

1994 5242 2100 5305 ita;
2149 5241 2386 5312 Βαρούχ.
2424 5238 2682 5300 'I‘hrenis,
2721 5235 2814 5307 qui
2861 5235 3080 5290 titulum
3133 5233 3342 5287 habent
3373 5231 3608 5303 Βαροὺχ,

271 5345 634 5421 ρηπηὶιιίιυι·
671 5335 1011 5407 inscriptio
1045 5349 1060 5385 :
1110 5331 1168 5384 Ὀ
1203 5332 1480 5403 Ἱερεμίας
1511 5335 2058 5404 αἰχμαλωτισθέντος
2093 5334 2190 5389 τοῦ
2223 5335 2354 5388 λαοῦ
2385 5335 2481 5388 καὶ
2509 5333 2663 5397 ὄντος
2691 5333 2750 5385 ἐν
2780 5328 3062 5384 Βαϐυλῶνι
3097 5326 3290 5399 θρηνεῖ
3311 5327 3408 5396 τὴν
3433 5326 3610 5386 πόλιν,

263 5448 353 5504 καὶ
391 5446 490 5520 τὴν
515 5443 742 5518 χώραν,
796 5434 904 5489 καὶ
938 5428 1044 5482 τὸν
1081 5426 1334 5520 λαδνμὲπὶ
1363 5431 1478 5491 τοῖς
1515 5428 1954 5499 συμὸεϐηκὸσιν.
1987 5434 2096 5485 Καὶ
2130 5431 2323 5504 θρηνεῖ
2351 5430 2662 5502 περικοπάς
2698 5445 2852 5490 τινας
2890 5426 2984 5480 καὶ
3025 5425 3315 5520 διαστολὰς
3347 5423 3613 5520 περιγρά·

245 5565 370 5621 φηγ.
408 5505 751 5617 αἰσχξμένας
782 5524 943 5594 ἑξῆς
996 5519 1127 5621 ἀπὸ.
1164 5517 1276 5621 τῶν
1319 5522 1452 5621 αἶρ’
1497 5521 1778 5592 Ἑϐραίοις
1813 5524 2131 5594 στοιχείων,
2167 5524 2262 5577 καὶ
2301 5523 2441 5611 μετᾲ
2470 5523 2532 5575 τὸ
2572 5522 2784 5576 τελέσαι
2815 5520 2906 5621 τὸν
2956 5515 3306 5621 ἐφζὲκάστου
3346 5515 3618 5621 στοξχειου

231 5590 456 5723 ἶέῖῑξνῗ
608 5630 715 5688 ἐπὶ
761 5622 929 5680 πᾶσι
963 5613 1072 5667 τὸν
1103 5611 1216 5662 ἀπὸ
1254 5610 1348 5663 τοῦ
1374 5611 1486 5666 Gai
1517 5590 1831 5688 dpﬁpsvov
1854 5659 1869 5682 ,
1913 5590 2052 5688 iiirsp
2084 5617 2232 5670 ἐστὶν
2269 5590 2412 5687 nep"
2436 5613 2714 5685 Ἑϐραίοις
2739 5610 2975 5681 γράμμα
3001 5653 3012 5672 ,
3042 5606 3410 5672 ἐπανέρχεται
3439 5604 3530 5656 ἐπὶ
3556 5603 3617 5656 τὸ

987 5708 1031 5723 n
1177 5703 1198 5723 ι
1229 5701 1276 5723 v
1299 5704 1430 5723 νινε
3230 5695 3248 5723 1

573 5689 920 5798 Γιτιοι.
981 5708 1123 5766 Gn.
1175 5701 1454 5764 LXXXI.
3229 5695 3253 5753 1
3641 5689 3728 5737 ν

2005 5799 2041 5808 ο..
