4088 6440
530 391 594 459 11
1878 380 1934 454 'J.
1958 395 2131 454 LUD.
2164 394 2517 455 SCHULZII
2651 376 2657 381 ’
3730 398 3790 463 te

534 506 673 574 Ἅλες
711 505 802 559 καὶ
837 504 997 558 πάλιν
1026 504 1232 576 Θρηνεῑ.
1273 503 1382 558 Καὶ
1412 504 1572 557 τοῦτο
1602 508 1749 558 ποιεῖ
1781 504 2039 576 τετράκις
2068 505 2138 559 τὰ
2172 507 2345 558 εἴκοσι
2404 507 2497 557 καὶ
2530 504 2624 557 δύο
2656 506 2893 573 στοιχεῖα
2924 504 3177 572 ἐπεξιών.
3216 505 3449 560 Tcxlum
3486 507 3794 564 Ezechielis

518 600 780 670 praecedit
814 599 1086 669 particula
1117 598 1425 668 argumenti
1468 613 1499 652 a
1536 598 1888 654 Theodoreto
1928 598 2141 667 scripti,
2176 599 2265 652 cui
2314 596 2462 651 aliud
2499 594 2819 667 subjicitur,
2860 598 3189 667 inscriptum
3224 598 3616 669 Πολυχρονίου,
3644 601 3794 670 quod

517 694 734 764 incipit,
768 689 951 748 ’Ἦσαν
982 693 1039 747 δὲ
1079 692 1220 746 κατὰ
1250 692 1438 747 τοῦτον
1480 692 1572 747 τὸν
1605 695 1801 766 καιρὸν
1832 694 1929 748 καὶ
1959 694 2131 763 ψευδο

2180 695 2429 765 ροφῆται,
2474 694 2681 748 desiuit
2708 703 2889 767 autem
2932 695 2987 747 in
3025 694 3208 750 verbis
3234 693 3344 746 τῶν
3377 695 3794 765 προλεγομένων

513 786 614 856 τὴν
637 784 923 856 ἀλήθειαν.
968 781 1207 839 Textum
1242 784 1550 842 Ezechielis
1574 790 1829 857 sequitur
1878 787 2249 854 fragmentum
2285 786 2528 838 homiliae
2560 784 2941 855 Chrysostomi
2983 785 3051 839 de
3096 785 3376 850 Susanna,
3408 786 3557 855 quod
3592 787 3796 840 inseri-

512 875 663 931 bitur
709 877 957 932 Ἰωάννου
983 878 1420 948 ἀρχιεπισκόπου
1454 880 2087 943 Κωνσταντινουπόλεως
2120 882 2126 929 i

2177 897 2183 932 :
2214 877 2311 931 τοῦ
2343 880 2421 942 εἰς
2459 880 2768 932 Σουτάνναν
2798 877 2955 946 λόγος
2981 877 3123 949 (ita).
3153 879 3371 948 lttcipit,
3413 878 3791 947 Ἀγωνιζέσθω

510 964 626 1031 οὖν,
662 987 716 1023 κ.
744 988 791 1023 τ.
818 970 867 1024 λ.
903 969 1114 1025 Desinit
1148 972 1202 1025 in
1229 972 1419 1027 verbis
1445 975 1776 1043 φυλάττεται
1823 977 2059 1048 ἀκεραξα
2103 994 2124 1029 a

2177 977 2200 1028 ‘t
2231 974 2477 1045 ἀϐλαϐὴς
2506 978 2539 1046 ή
2568 976 2737 1046 ψυχή.
2770 975 3094 1029 Proximum
3142 974 3324 1030 locum
3373 983 3523 1031 tenet
3561 975 3791 1030 historia

513 1058 803 1127 Susannte,
835 1078 958 1133 quae
994 1062 1322 1121 inscribitur
1361 1068 1587 1140 Δανιὴλ.
1624 1069 1780 1126 lianc
1819 1069 2025 1139 excipit
2069 1069 2210 1123 liber
2246 1067 2511 1136 Daniclis,
2561 1068 2649 1122 cui
2681 1069 2918 1139 hymnus
2965 1068 3132 1121 trium
3164 1081 3489 1137 puerorum,
3530 1081 3655 1136 cap.
3708 1080 3788 1126 ut,

505 1152 696 1220 25-90,
727 1154 1017 1223 inseritur,
1051 1157 1213 1226 plane
1248 1167 1307 1213 ut
1341 1159 1397 1214 in
1430 1160 1625 1216 codice
1655 1162 1751 1216 illo
1783 1177 1896 1232 quo
1928 1176 2060 1216 usus
2095 1167 2182 1215 est
2225 1160 2447 1217 Noster.
2473 1160 2650 1232 Capiti
2677 1162 2858 1231 primo
2888 1158 3133 1215 Danielis
3161 1159 3457 1229 ascriptum
3491 1167 3578 1214 est
3622 1159 3797 1228 Ὅρα-ι

507 1263 592 1309 σις
640 1244 707 1316 β’,
739 1245 988 1302 secundo
1026 1249 1258 1320 Ὄρασις
1286 1256 1355 1320 γ’,
1405 1252 1480 1307 ita
1529 1252 1795 1324 deinceps
1830 1255 2160 1309 continuato
2190 1253 2466 1309 visionum
2498 1268 2734 1308 numero
2764 1267 2940 1323 usque
2971 1251 3038 1305 ad
3071 1259 3239 1321 caput
3269 1251 3568 1312 decimum,
3613 1263 3643 1303 a
3678 1264 3793 1319 quo

502 1334 699 1405 incipit
737 1335 883 1390 visio
911 1330 1225 1404 undecima,
1259 1339 1328 1393 ad
1359 1356 1524 1411 quam
1555 1344 1726 1398 relata
1760 1351 1847 1398 est
1875 1358 2004 1414 pars
2036 1343 2236 1413 capitis
2263 1344 2543 1398 undecimi
2570 1358 2747 1413 usque
2774 1344 2844 1397 ad
2881 1343 3227 1398 versiculum
3261 1343 3586 1398 vicesimum
3622 1355 3790 1410 quar-

503 1436 642 1491 tum,
687 1427 780 1482 ubi
810 1429 1042 1499 explicit
1073 1431 1244 1487 codex
1290 1435 1716 1504 prophetarum.
1753 1436 1809 1490 In
1843 1434 1949 1491 ﬁne
1982 1435 2105 1505 ejus
2143 1436 2443 1506 subjuncta
2476 1442 2607 1493 sunt
2635 1436 2747 1490 duo
2776 1435 2881 1490 ista
2910 1434 3062 1499 folia,
3093 1450 3238 1505 quae,
3282 1442 3343 1488 ut
3372 1433 3487 1504 jam
3520 1433 3786 1495 diximus,

499 1524 697 1579 similis
738 1534 873 1580 sunt
922 1528 1233 1598 argumenti
1271 1543 1397 1584 cum
1453 1529 1563 1587 illis
1600 1547 1722 1604 qua:
1758 1531 1976 1587 initium
2016 1532 2233 1588 codicis
2263 1533 2635 1598 constituunt,
2668 1532 2740 1585 ita
2777 1540 2836 1585 ut
2874 1531 2942 1585 de
2982 1531 3069 1585 his
3097 1539 3342 1601 quatuor
3375 1529 3606 1601 pagellis
3638 1544 3787 1585 nunc

497 1615 841 1685 conjunctim
888 1617 1075 1675 dicere
1126 1623 1430 1690 possimus.
1484 1623 1725 1695 Disjecta
1764 1625 1992 1697 quidem
2041 1633 2097 1681 et
2133 1625 2321 1681 lacera
2361 1625 2810 1700 suntmembra;
2843 1627 3009 1696 digna
3064 1632 3247 1678 tamen
3280 1632 3464 1687 erant,
3496 1639 3619 1693 qua:
3660 1624 3787 1679 huic

496 1710 673 1765 codici
708 1710 1169 1785 adjungerentur,
1200 1714 1394 1786 sicque
1429 1716 1499 1773 ab
1522 1718 1749 1774 interitu
1786 1718 2228 1775 vindicarentur.
2255 1719 2529 1775 Exhibent
2559 1718 2865 1790 particulas
2892 1716 3165 1788 quasdam
3199 1721 3383 1770 textus
3412 1713 3589 1769 Graeci
3623 1713 3682 1769 Ν.
3716 1713 3782 1769 Τ.

494 1806 550 1851 et
585 1799 853 1857 lectiones
882 1804 1184 1860 nonnttllas
1215 1814 1411 1861 notatu
1445 1807 1648 1878 dignas
1679 1809 2082 1879 suppeditant,
2116 1810 2324 1879 quibus
2351 1810 2467 1880 jam
2509 1825 2621 1865 non
2664 1809 3027 1863 immorantur
3054 1848 3069 1872 ,
3107 1823 3233 1863 cum
3287 1807 3355 1861 ab
3382 1806 3486 1862 hoc
3515 1806 3639 1861 loco
3674 1807 3786 1861 sint

493 1895 707 1950 alienm.
738 1896 962 1953 Initium
996 1898 1116 1954 folii
1154 1901 1321 1971 primi
1364 1903 1565 1957 incidit
1601 1904 1656 1957 in
1687 1904 1884 1959 Matth.
1915 1922 2044 1969 xxv,
2079 1906 2168 1974 15,
2197 1918 2247 1961 et
2285 1905 2643 1977 progreditur
2672 1921 2853 1975 usque
2884 1904 2954 1959 ad
2985 1920 3108 1975 cap.
3139 1920 3292 1969 xxw,
3321 1903 3379 1958 2.
3412 1902 3541 1958 llaec
3579 1903 3786 1973 excipit

491 1994 754 2065 pericopa
785 2009 851 2049 ex
896 1994 1062 2049 Joan.
1104 2012 1204 2060 xu,
1248 1997 1435 2052 i7-26.
1471 1996 1692 2054 Folium
1736 2002 1960 2055 tertiqu
2002 2000 2197 2072 incipit
2238 2018 2268 2055 a
2316 2001 2504 2057 verbis
2552 2002 2664 2058 illis
2703 1999 2866 2056 Joan.
2903 2016 3017 2065 xiv,
3062 1999 3129 2054 16
3155 2039 3171 2065 ,
3213 1998 3573 2070 Παράκλητον
3623 1997 3784 2050 δώσει

499 2086 653 2155 ὑμῖν,
695 2093 749 2139 et
774 2085 953 2154 pergit
980 2099 1159 2155 usque
1190 2086 1257 2141 ad
1293 2087 1631 2143 versiculum
1661 2089 1994 2145 vicesimum
2040 2092 2303 2160 primum.
2350 2089 2557 2147 Deinde
2584 2092 2837 2163 sequitur
2873 2092 3138 2163 pericopa
3166 2106 3233 2146 ex
3256 2089 3417 2144 Joan.
3450 2107 3584 2157 xvii,
3626 2089 3782 2151 1-15.

490 2191 655 2246 quam
682 2176 790 2229 alia
813 2176 1024 2248 excipit
1049 2192 1116 2233 ex
1136 2175 1300 2233 Joan.
1328 2194 1445 2244 xw,
1485 2180 1577 2244 27,
1612 2181 1704 2236 28.
1742 2180 1932 2237 Ultimi
1960 2182 2202 2254 denique
2243 2182 2360 2239 folii
2400 2184 2621 2239 initittm
2651 2183 2847 2239 incidit
2880 2183 2936 2239 in
2972 2185 3138 2239 verba
3153 2182 3293 2236 Ἀλλ’
3315 2181 3426 2248 ἔξει
3446 2182 3507 2236 τὸ
3534 2181 3651 2251 φῶς
3682 2182 3784 2252 τῆς

492 2282 659 2353 ζωῆς.
704 2280 830 2338 llaec
862 2283 1072 2354 excipit
1119 2286 1386 2356 pericopa
1436 2300 1504 2340 ex
1549 2285 1744 2341 Matth.
1785 2290 1939 2350 xviu,
1976 2287 2106 2342 10-2

2162 2331 2168 2350 ,
2222 2305 2344 2359 qute
2391 2289 2747 2356 inscribitur,
2794 2289 2873 2360 Τῇ
2903 2287 3167 2359 ἐπαύριον
3199 2288 3300 2358 τῆς
3344 2271 3382 2340 ἶ
3409 2287 3475 2339 ὲκ
3510 2274 3591 2340 Ξῖ
3631 2287 3776 2340 Mat.

489 2378 679 2435 Finem
720 2380 852 2436 facit
895 2382 1071 2438 sectio
1122 2398 1191 2438 ex
1252 2381 1445 2439 Matth.
1491 2400 1547 2451 ν,
1595 2382 1769 2439 42-48
1814 2382 2103 2455 desumpta

2206 2387 2299 2441 cui
2365 2386 2567 2442 titulus
2628 2386 2989 2457 prmmiltitur
3040 2385 3323 2440 Σάϐϐατον
3374 2385 3591 2457 πρῶτον
3642 2384 3780 2454 μετὰ

490 2467 592 2539 τῆς
621 2470 930 2543 Πεντηκοσ.

558 2563 636 2618 Ex
678 2564 762 2620 his
797 2567 1106 2637 intelligent
1138 2567 1398 2635 lectores,
1437 2582 1692 2640 magnam
1729 2583 1859 2625 esse
1899 2569 2113 2626 codicis
2144 2569 2295 2624 illius
2328 2566 2732 2637 praestantiam,
2793 2581 3032 2637 cumque
3082 2566 3278 2622 usibus
3343 2565 3550 2621 nostris
3608 2560 3780 2616 fuisse

488 2656 727 2712 maxime
762 2658 1265 2714 accommodatum.
1313 2659 1634 2730 Saepissime
1696 2659 1855 2714 illum
1903 2675 2031 2714 cum
2067 2658 2435 2716 emendatiori
2496 2658 2737 2715 lectione
2783 2673 2951 2729 quam
3015 2656 3217 2714 Noster
3248 2657 3304 2711 in
3352 2653 3777 2712 Commentariis

487 2750 606 2806 suis
638 2752 912 2823 sequitur,
956 2755 1404 2810 consentientem
1436 2755 1702 2811 vidimus.
1742 2752 1966 2812 Passim
2007 2771 2233 2828 quoque
2257 2756 2503 2812 rariores
2534 2756 2803 2812 lectiones
2828 2756 3077 2820 exhibet,
3116 2769 3256 2825 quas
3282 2769 3348 2810 ex
3380 2750 3606 2809 scholiis
3648 2749 3778 2803 huic

487 2845 724 2902 editioni
773 2846 1011 2919 adjectis
1062 2849 1120 2904 in
1154 2864 1292 2906 usus
1335 2865 1469 2906 suos
1522 2850 1690 2907 facile
1737 2850 2101 2918 transferent,
2156 2852 2250 2923 qui
2290 2851 2469 2907 textui
2516 2852 2884 2923 interpretum
2921 2850 3240 2907 Grascorum
3287 2848 3357 2905 ad
3398 2849 3531 2905 artis
3566 2845 3778 2900 critica:

487 2949 763 3012 praecepta
802 2943 1153 2999 emendando
1201 2959 1428 3013 operam
1479 2951 1707 3002 navant.
1732 2943 2028 3003 Breviores
2075 2962 2228 3001 nunc
2262 2947 2472 3002 erimus
2519 2945 2574 2999 in
2625 2943 2987 3001 recensendis
3038 2943 3329 2998 codicibus
3372 2942 3626 3012 reliquis.
3664 2939 3777 2993 Au-

490 3042 769 3103 gustanus
823 3034 986 3097 alter,
1018 3034 1087 3090 de
1135 3048 1248 3106 quo
1296 3050 1468 3107 supra
1501 3035 1766 3103 diximus,
1813 3047 1901 3094 est
1949 3036 2309 3103 chartaceus,
2359 3038 2500 3101 in-l,
2554 3037 2623 3092 ab
2672 3036 2977 3106 antiquiori
3015 3035 3368 3106 descriptus,
3401 3034 3776 3104 complectens

485 3123 824 3181 Theodoreti
874 3125 1348 3183 Commentariun
1380 3128 1436 3181 in
1477 3126 1779 3183 Canticum
1817 3129 2191 3193 canticorum,
2245 3142 2355 3183 una
2406 3144 2533 3183 cum
2566 3127 3032 3197 interpretatione
3064 3126 3312 3191 Maximi,
3338 3125 3445 3181 Nili
3482 3135 3536 3181 et
3582 3124 3771 3181 Pselli.

485 3217 651 3273 Liber
680 3217 788 3274 iste
808 3232 946 3275 mss.
976 3219 1191 3276 utiliter
1219 3220 1533 3291 comparari
1566 3221 1746 3292 potuit
1771 3236 1899 3276 cum
1921 3220 2168 3278 editione
2199 3220 2617 3287 Sirmondiana,
2644 3220 2756 3274 imo
2780 3219 2948 3274 etiam
2982 3234 3108 3275 cum
3140 3219 3339 3275 Latina
3372 3219 3569 3275 horum
3603 3220 3768 3274 Com-

486 3311 883 3366 mentariorum
911 3311 1395 3383 interpretatione,
1425 3328 1593 3384 quam
1645 3312 1794 3369 Petr.
1828 3312 2026 3370 Frauc.
2062 3312 2236 3370 Zinus
2297 3312 2539 3369 Venetiis
2597 3310 2838 3377 a.157‘5,
2884 3311 2941 3366 in
2978 3311 3034 3377 4,
3090 3311 3234 3384 typis
3283 3313 3481 3368 excudi
3530 3313 3767 3367 curavit.

483 3400 672 3457 Codex
708 3400 1015 3458 Bavaricus
1043 3412 1129 3459 est
1169 3405 1531 3469 chartaceus,
1567 3403 1621 3458 in
1660 3404 1815 3470 folio,
1841 3404 2125 3476 eleganter
2159 3406 2427 3475 scriptus,
2458 3403 2711 3468 integros
2751 3400 3127 3473 complectens
3160 3402 3498 3458 Theodoreti
3535 3404 3590 3457 in
3617 3401 3774 3459 πει-ε-

484 3496 653 3549 miam
686 3493 1026 3563 (Baruchum
1055 3510 1283 3567 quoque
1334 3512 1401 3552 ac
1454 3496 1759 3566 Threnos),
1811 3497 2162 3553 Ezechielem
2196 3506 2249 3552 ct
2307 3494 2586 3550 Danielem
2638 3492 3105 3552 Commentarios.
3152 3492 3408 3566 Capitum
3449 3494 3669 3566 quidem
3722 3508 3775 3551 et

485 3586 895 3641 versiculorum
942 3587 1155 3643 nullam
1204 3588 1371 3644 habet
1417 3588 1866 3655 distinctionem,
1898 3589 2118 3645 divisus
2166 3594 2352 3643 autem
2400 3592 2486 3641 est
2529 3586 2586 3639 in
2640 3585 2851 3658 aliquot
2901 3593 3109 3653 tomos,
3156 3586 3323 3657 plane
3354 3594 3418 3641 ut
3445 3586 3666 3643 codices
3696 3587 3773 3642 illi

485 3676 692 3747 quibus
724 3676 1061 3733 Sirmondus
1114 3692 1252 3734 usus
1297 3688 1403 3734 est.
1438 3678 1648 3733 Tomus
1695 3693 1794 3733 seu
1849 3677 2029 3733 sectio
2056 3675 2211 3747 prior
2240 3668 2645 3729 Commentarii
2690 3675 2749 3730 in
2799 3672 3097 3731 Jeremiam
3144 3674 3369 3732 exhibet
3417 3682 3673 3731 catenam
3716 3678 3771 3730 in

460 3764 635 3826 ibunc
675 3771 1001 3842 prophetam
1035 3787 1105 3827 ex
1151 3771 1559 3844 Chrysostomi,
1590 3771 1854 3844 Origenis
1900 3783 1959 3828 et
2006 3769 2338 3826 Theodoreti
2375 3771 2601 3843 scriptis
2625 3778 2973 3844 congestam,
3002 3771 3204 3843 reliqui
3240 3779 3425 3828 autem
3472 3787 3666 3827 omnes
3701 3773 3770 3828 ad

483 3866 748 3924 Nostrum
784 3869 946 3924 unice
973 3870 1275 3939 pertinent.
1309 3868 1784 3927 Praestantissimo
1810 3869 1945 3925 huic
1990 3867 2193 3936 codici,
2218 3867 2316 3938 qui
2344 3868 2413 3922 ad
2440 3869 2738 3923 maximam
2776 3868 2944 3940 hujus
2972 3868 3278 3924 voluminis
3320 3874 3533 3939 partem
3565 3868 3772 3923 utiliter

484 3961 734 4016 adhiberi
772 3960 968 4031 potuit,
1001 3961 1274 4031 plurimas
1301 3961 1571 4018 debemus
1604 3970 1788 4018 textus
1816 3958 2263 4015 emendationes.
2294 3956 2451 4013 liaud
2487 3960 2760 4016 minorem
2796 3960 3092 4015 utilitatem
3118 3958 3283 4013 nobis
3312 3959 3569 4029 praestitit
3598 3960 3771 4014 codex

485 4054 576 4109 ille
606 4053 1003 4120 Coislinianus,
1036 4070 1190 4111 nunc
1247 4053 1814 4120 San-Germaneusis,
1845 4068 2011 4124 quem
2048 4052 2235 4125 dignis
2273 4054 2532 4110 laudibus
2564 4053 2858 4110 exornavit
2900 4051 3376 4115 Montfauconius,
3405 4059 3521 4107 tum
3569 4052 3623 4106 in
3669 4053 3761 4107 Bi-

486 4144 746 4199 bliotheca
800 4142 1055 4211 Coisliu.,
1117 4163 1170 4218 p.
1227 4147 1354 4215 303,
1388 4156 1504 4204 tum
1550 4150 1608 4204 in
1656 4146 1992 4201 Bibliotheca
2051 4146 2492 4202 bibliothecarum
2545 4164 2698 4215 21:33.,
2748 4144 2862 4200 vol.
2905 4141 2969 4210 ll,
3030 4159 3084 4213 p.
3145 4142 3303 4199 1061.
3347 4143 3446 4201 Est
3485 4146 3765 4201 membra-

484 4253 713 4302 naceus,
754 4237 1199 4309 octingentorum
1257 4255 1558 4302 annorum,
1598 4250 1652 4296 et
1697 4238 2092 4310 complectitur
2123 4238 2461 4296 Theodoreti
2499 4234 2974 4294 Commentariun]
3011 4236 3068 4290 in
3123 4235 3418 4293 duodecim
3465 4236 3769 4308 Prophetas

484 4330 752 4385 minores.
786 4328 989 4385 Studia
1017 4340 1210 4389 nostra
1239 4332 1346 4387 hac
1390 4333 1446 4388 in
1480 4348 1540 4387 re
1570 4332 1966 4388 liberalissime
1998 4331 2215 4403 adjuvit
2246 4347 2366 4386 rev.
2396 4329 2479 4384 El.
2512 4328 2839 4395 Stoeherus,
2867 4327 2965 4399 qui
3014 4329 3283 4410 eximium
3316 4330 3483 4385 [illum
3519 4333 3768 4387 codicem

485 4441 611 4481 cum
642 4425 887 4482 editione
913 4425 1301 4483 Sirmondiana
1325 4443 1652 4499 comparare
1677 4444 1708 4483 a
1739 4444 1801 4485 se
1833 4429 1979 4483 haud
2010 4429 2257 4483 alienum
2293 4414 2530 4497 putavit.

558 4515 687 4569 llaec
721 4516 789 4570 dc
821 4515 1110 4570 codicibus
1141 4533 1275 4573 mss.
1316 4519 1448 4574 huic
1481 4526 1632 4574 tomo
1683 4518 2011 4587 retingendo
2054 4516 2318 4571 adhibitis
2357 4513 2592 4569 dicenda
2630 4520 2810 4568 erant.
2850 4512 3075 4568 Utinam
3112 4513 3367 4571 licuisset
3418 4517 3578 4573 nobis
3604 4518 3770 4573 Com-

485 4609 795 4665 mentarios
826 4604 1160 4664 Theodoreti
1204 4609 1260 4664 in
1314 4609 1517 4667 Isaiam
1570 4610 1876 4681 integritati
1925 4624 2062 4673 suae,
2100 4608 2147 4662 si
2173 4622 2283 4677 qua
2317 4606 2441 4672 ejus
2476 4619 2603 4675 spes
2635 4611 2910 4676 superest,
2948 4606 3102 4659 omni
3130 4620 3199 4660 ex
3247 4617 3405 4676 parte
3435 4609 3763 4665 restituere!

486 4703 544 4757 lo
575 4703 677 4757 hac
706 4702 872 4757 veluti
906 4718 1121 4759 summa
1166 4714 1419 4761 votorum
1467 4714 1792 4761 uestrorum
1828 4701 1984 4772 quid
2008 4716 2039 4754 a
2076 4700 2238 4756 nobis
2288 4699 2598 4770 praestitum
2652 4698 2748 4762 sit,
2780 4698 2973 4769 paucis
3006 4714 3160 4773 nunc.
3200 4700 3499 4756 dicendum
3551 4705 3678 4769 erit,
3709 4713 3770 4761 ut

487 4804 750 4867 appareat
781 4797 1101 4862 lectoribus,
1131 4797 1268 4852 nihil
1301 4814 1413 4854 non
1464 4798 1637 4855 fuisse
1684 4808 1986 4859 tentatum,
2020 4794 2341 4863 studiisque
2369 4795 2726 4871 nostrisnen
2763 4793 3007 4851 defuisse
3040 4810 3378 4868 propensam
3425 4799 3766 4855 voluntatem

488 4894 732 4947 virorum
780 4893 1240 4960 venerandorum,
1270 4909 1509 4965 quorum
1544 4902 1681 4947 nutu
1734 4903 1789 4947 et
1820 4889 2157 4945 auctoritate
2204 4888 2589 4958 bibliopolium
2638 4888 3125 4960 Orphanotropltei
3157 4892 3548 4963 comparandis
3579 4893 3767 4949 subsi-

488 4985 596 5039 diis
627 5001 750 5054 quae
781 4984 921 5039 hanc
965 4985 1266 5041 editionem
1309 5001 1509 5039 ornare
1545 4984 1798 5054 possint,
1825 4982 1976 5037 mimi
2003 4980 2165 5035 modo
2196 4981 2511 5051 prospexit.
2537 4979 2773 5035 Exstant
2800 4980 3022 5051 quidem
3060 4981 3113 5036 in
3144 4982 3551 5051 celeberrimis,
3595 4984 3767 5042 italiae

488 5076 863 5146 imprimiset
897 5075 1111 5141 Calliae,
1159 5076 1533 5139 biblidthecis,
1564 5073 1787 5128 codices
1830 5087 1969 5127 mss.
2012 5072 2110 5142 qui
2161 5070 2515 5141 magnificum
2562 5086 2678 5141 prae
2727 5085 2789 5129 se
2838 5070 3027 5127 ferunt
3069 5073 3289 5129 titulum
3349 5077 3533 5147 Operis
3584 5077 3765 5132 Theo-

487 5166 661 5227 doreti
714 5167 770 5221 in
816 5166 1043 5232 lsaiam,
1072 5166 1192 5230 sed,
1224 5173 1284 5219 ut
1333 5165 1500 5219 fallax
1547 5163 1696 5218 haud
1749 5178 1879 5219 raro
1929 5173 2017 5221 est
2068 5164 2357 5219 titulorum
2397 5164 2677 5229 invitatio,
2711 5166 2788 5220 ita
2838 5180 3059 5237 quoque
3101 5168 3373 5223 incertum
3407 5178 3514 5235 est,
3546 5184 3671 5224 num
3707 5171 3764 5224 in

488 5261 748 5317 omnibus
779 5262 892 5318 illis
928 5277 1064 5317 mss.
1097 5260 1399 5330 quidquam
1426 5267 1631 5328 praeter
1658 5274 1723 5314 ea
1773 5276 1896 5330 qua:
1922 5260 2036 5331 jam
2066 5260 2215 5316 edita
2248 5267 2404 5325 sunt,
2434 5260 2770 5315 inveniatur.
2803 5259 2881 5315 Ne
2929 5273 3111 5318 tamen
3155 5271 3407 5319 nostrum
3458 5263 3766 5320 desiderari

488 5360 678 5419 posset
728 5351 995 5415 studium,
1027 5364 1250 5404 omnem
1300 5348 1556 5403 dedimus
1608 5362 1858 5417 operam,
1914 5359 1973 5403 ut
2020 5347 2088 5402 de
2142 5349 2331 5403 indole
2362 5364 2500 5405 mss.
2549 5348 2833 5413 codicum,
2861 5364 3003 5418 quos
3054 5348 3506 5409 Montfauconius
3549 5360 3665 5406 tum
3708 5353 3763 5405 in

487 5442 820 5498 Bibliotheca
869 5441 1232 5503 Coia’liuiana,
1265 5439 1383 5493 tuui
1436 5440 1493 5494 in
1530 5439 1865 5494 Bibliotheca
1915 5441 2362 5496 bibliothecarum
2397 5458 2526 5494 mss.
2566 5456 2724 5505 nova,
2766 5441 2961 5510 paucis
3010 5443 3316 5506 recensuit,
3349 5442 3566 5511 plenius
3616 5442 3767 5511 judi-

488 5536 673 5600 randi,
704 5544 761 5590 et
807 5552 873 5590 cx
931 5535 1015 5590 his
1052 5533 1324 5600 fontibus,
1359 5534 1407 5590 si
1442 5534 1569 5604 quis
1600 5549 1794 5590 eorum
1846 5535 2078 5591 daretur
2106 5552 2266 5603 usus,
2306 5536 2602 5591 hauriendi
2639 5536 2802 5590 nobis
2834 5535 3185 5606 contingeret
3231 5536 3485 5593 facultas.
3518 5536 3676 5591 llunc
3707 5539 3761 5592 in

493 5624 653 5679 linem
691 5623 1137 5679 clarissimorum
1170 5624 1315 5677 inter
1339 5632 1559 5680 exteros
1595 5626 1841 5680 virorum
1877 5626 2303 5696 imploravimus
2336 5627 2568 5691 auxilia,
2603 5640 2725 5693 qua:
2753 5626 2921 5680 etiam
2954 5640 3066 5680 non
3102 5625 3419 5691 defuerunt,
3439 5630 3763 5686 auctoritate

470 5728 590 5773 ana
624 5728 724 5767 nos
777 5704 1075 5782 adiuvante
1130 5704 1339 5771 illustri
1378 5708 1723 5787 Schlmgcro,
1754 5718 1847 5772 cui
1887 5717 2053 5773 unice
2086 5717 2660 5788 debemusquidquid
2706 5717 2760 5770 in
2812 5716 2922 5772 hoc
2968 5718 3193 5788 negotio
3227 5718 3349 5775 sive
3397 5720 3597 5774 tentari
3644 5721 3764 5779 sive

491 5804 742 5873 praestari
776 5806 972 5874 potuit.
1002 5806 1120 5863 Non
1156 5807 1410 5865 difﬁciles
1449 5822 1509 5861 se
1569 5810 1927 5879 praebuerunt
1962 5809 2069 5863 cel.
2104 5786 2397 5875 Paciaudi‘,
2441 5813 2513 5875 cl.
2556 5807 2767 5863 Bottari
2821 5809 3034 5878 aliique
3089 5811 3273 5880 magni
3329 5812 3571 5868 nominis
3622 5815 3750 5867 viri.
