4088 6478
296 393 375 454 I3
1535 386 1910 456 ΡΒίΕΡΑΤΙ(

2014 391 2055 459 Ν
2133 394 2310 462 TUM.
2358 394 2441 461 II.
3569 411 3628 470 li

298 519 551 574 quorum
602 518 767 560 cura:
817 513 877 562 et
913 506 1102 560 studio
1158 506 1637 574 instructissima,
1686 513 1741 564 in
1775 509 1936 566 Italia
1969 512 2270 582 imprimis,
2318 516 2669 575 bibliotheca:
2699 519 3013 575 commissae
3062 528 3211 577 sunt.
3242 520 3510 579 Eﬂ‘ectum
3546 536 3626 582 cst

301 616 534 672 quoque
571 600 985 656 humanissimi
1039 601 1334 659 Paciaudii
1385 620 1579 675 opera,
1616 615 1677 659 ut
1731 607 1946 664 indices
1994 610 2250 665 omnium
2296 612 2364 665 ad
2396 612 2813 669 Thcodoretum
2860 615 3262 684 pertinentium
3309 634 3445 674 mss.
3479 616 3629 672 Vati-

300 708 488 759 cana,
522 692 960 760 Valliceliianm,
994 693 1421 752 Barberiniana:
1465 698 1546 770 (in
1585 714 1696 769 qua
1731 708 1914 755 exstat
1946 699 2283 758 Theodoreti
2338 705 2625 774 expositio
2672 706 2728 760 in
2766 705 2967 763 lsaiam
2993 709 3344 779 prophetam,
3381 726 3488 766 nec
3522 727 3629 767 non

300 792 570 861 ejusdem
618 791 985 860 aliorumque
1018 793 1435 847 commentaria
1479 793 1537 847 in
1587 793 1815 865 Isaiam)
1844 804 1902 851 et
1944 793 2348 853 Parisiensium
2392 799 2886 870 bibliothecarum,
2932 804 3127 861 usibus
3173 808 3386 863 nostris
3430 823 3631 865 conce-

308 884 612 949 derentur,
649 884 766 938 imo
813 893 879 939 ut
934 884 1430 942 eminentissimus
1476 887 1782 943 cardinalis
1825 887 1986 959 Chigi
2044 889 2445 945 bibliothecam
2486 906 2682 958 suam,
2716 908 2885 964 quam
2940 905 3153 955 norum
3205 913 3424 967 omnes,
3463 916 3633 972 supra

307 981 515 1037 laudes
554 989 795 1037 nostras
844 983 1121 1054 positam,
1154 991 1212 1038 et
1246 982 1547 1053 Splendido
1581 1000 1719 1042 mss.
1749 994 2031 1056 apparatu
2072 995 2331 1043 ornatam
2364 1001 2512 1055 esse,
2538 989 2949 1060 ampliﬁcandis
2996 994 3202 1051 studiis
3233 999 3445 1055 nostris
3483 999 3633 1054 omni

310 1092 567 1147 tempore
599 1086 806 1149 patere
854 1078 1205 1149 indulgeret.
1252 1078 1391 1146 Quae
1421 1095 1545 1135 cum
1600 1080 1682 1135 ita
1726 1089 1943 1146 essent,
1989 1083 2118 1153 quis
2166 1099 2276 1137 non
2329 1083 2669 1139 uberrimam
2714 1094 3103 1156 exspectasset
3151 1092 3431 1147 messem?
3459 1090 3634 1148 Tanta

311 1187 451 1228 vero
505 1171 614 1225 fuit
670 1172 1239 1242 impedimentorum,
1274 1190 1400 1245 quae
1440 1175 1604 1231 nobis
1659 1191 1721 1232 se
1755 1175 2107 1246 objecerunt,
2159 1178 2352 1244 moles,
2392 1186 2450 1231 ut
2482 1180 2722 1235 eluctari
2772 1181 3023 1246 nondum
3070 1183 3318 1242 licuerit.
3352 1184 3635 1243 Do-lebunt

310 1264 639 1327 nobiseum,
668 1264 768 1333 qui
817 1264 1031 1320 litteris
1083 1264 1229 1321 bene
1280 1266 1536 1337 cupiunt,
1569 1265 1710 1323 adeo
1751 1268 1859 1322 hoc
1902 1275 2153 1340 tempore
2194 1268 2403 1341 negligi
2429 1267 2752 1326 Graecarum
2787 1272 3100 1329 litterarum
3147 1276 3419 1342 studium,
3448 1286 3509 1332 ut
3539 1278 3633 1335 vix

310 1358 553 1413 inveniri
588 1359 807 1428 possit,
828 1359 928 1428 qui
959 1360 1382 1430 perlustrandis
1408 1361 1704 1417 codicibus
1735 1371 1902 1419 antea
1933 1363 2122 1431 dictis,
2156 1363 2339 1436 iisque
2368 1376 2494 1419 cum
2527 1365 2776 1422 editione
2809 1364 3208 1423 Sirmondiana
3238 1371 3633 1440 comparandis

308 1449 451 1504 satis
497 1449 573 1505 sit
600 1458 798 1518 aptus.
828 1447 989 1506 Hanc
1045 1451 1324 1522 imprimis
1352 1453 1735 1510 diilicultatem
1773 1456 2156 1529 impedivisse,
2201 1460 2508 1530 quominus
2549 1459 2824 1519 hactenus
2870 1478 2939 1521 ex
2969 1462 3260 1521 codicibus
3294 1465 3422 1520 istis
3459 1466 3634 1521 multa

306 1543 367 1597 in
401 1558 542 1599 usus
576 1551 820 1600 nostros
861 1544 1112 1603 derivari
1164 1550 1474 1620 potuerint,
1505 1552 1751 1623 probant
1785 1554 1986 1611 litterae
2016 1556 2071 1611 in
2098 1555 2205 1612 hae
2233 1571 2406 1612 causa
2434 1558 2682 1630 scriptor,
2722 1572 2847 1631 quas
2880 1573 3074 1617 omnes
3116 1560 3173 1615 id
3208 1562 3375 1618 unice
3404 1554 3628 1633 urgent,

306 1633 624 1693 mittendos
656 1652 788 1694 esse
814 1639 873 1693 in
926 1639 1074 1695 hanc
1116 1653 1363 1712 segetem
1408 1645 1508 1713 qui
1536 1645 1871 1716 colligendis
1896 1645 2178 1704 fructibus
2205 1647 2332 1705 istis
2376 1647 2493 1703 sint
2522 1649 2730 1705 idonei.
2761 1648 2929 1721 Spem
2959 1658 3150 1707 autem
3192 1651 3441 1707 nondum
3468 1651 3631 1722 abie-

302 1727 514 1794 cimus,
563 1730 691 1787 fore
751 1741 816 1786 ut
854 1748 925 1789 ex
981 1737 1470 1805 praestantissimis
1522 1739 1698 1795 Italiae
1744 1740 2126 1806 bibliothecis,
2160 1742 2442 1815 imprimis
2486 1742 2748 1815 Cbiggia,
2798 1744 3053 1815 quaedam
3104 1743 3173 1800 ad
3206 1759 3343 1801 usus
3405 1755 3633 1800 nostros

305 1822 760 1879 transferantur.
789 1824 929 1892 Quae
978 1827 1030 1884 si
1075 1844 1145 1884 ex
1194 1838 1327 1886 voto
1374 1841 1573 1889 nostro
1622 1834 1939 1907 obtingant,
1986 1846 2142 1893 tomo
2173 1836 2370 1893 ultimo
2415 1837 2766 1906 inserentur,
2814 1839 2908 1894 cui
2947 1839 3113 1895 etiam
3166 1838 3452 1905 accedent,“
3496 1852 3626 1909 quae

302 1909 448 1969 forte
479 1931 546 1969 ea
564 1914 854 1989 Procopio
878 1921 1130 1992 aliisque
1161 1925 1564 1996 scriptoribus,
1582 1942 1730 1999 quos
1758 1929 1832 1984 ob
1848 1932 2117 2002 temporis
2139 1931 2457 2002 angustiam
2490 1939 2753 1988 excutere
2776 1933 3028 1989 nondum
3044 1932 3311 2000 licuit,'in
3334 1932 3484 1988 hanc
3510 1936 3641 1986 rem

302 2004 499 2060 an‘erri
549 2016 848 2077 poterunt.
887 2010 1350 2078 Interea,donec
1401 2017 1706 2088 aliquando
1752 2018 1850 2074 hic
1896 2019 2046 2077 fetus
2079 2021 2299 2077 auctior
2327 2021 2586 2092 prodeat,
2617 2023 2893 2080 lectorum
2938 2024 3135 2081 usibus
3183 2022 3491 2080 inservient
3532 2023 3631 2076 illa

303 2118 429 2174 qua:
476 2119 635 2159 nunc
686 2105 828 2162 dare
870 2110 1197 2178 potuimus,
1240 2127 1479 2185 quaeque
1528 2115 1638 2170 nisi
1693 2115 2102 2181 eruendatiora,
2135 2117 2333 2174 saltem
2373 2117 2622 2188 pleniora
2671 2133 2799 2177 esse
2838 2119 3182 2179 videbuntur
3218 2119 3629 2190 illis,quorum

303 2197 525 2266 copiam
579 2198 937 2256 Sirmondns
999 2203 1166 2260 nobis
1219 2205 1453 2261 fecerat.
1503 2205 1763 2264 Vidimus
1812 2209 1986 2273 enim,
2024 2225 2135 2264 non
2189 2209 2329 2265 adeo
2358 2210 2578 2266 lacunis
2627 2220 2684 2266 et
2727 2210 2975 2268 hiatibus
3026 2211 3222 2282 plenos
3255 2225 3382 2268 esse
3427 2211 3532 2267 Iros
3558 2210 3631 2266 .in

302 2287 505 2343 Isaiam
555 2289 1051 2358 Commentarios,
1081 2302 1141 2349 ut
1183 2295 1347 2352 multi
1378 2298 1462 2353 vel
1512 2297 1641 2361 ideo
1685 2307 1980 2370 putarunt,
2006 2299 2137 2371 quia
2178 2298 2367 2356 rarius
2395 2299 2808 2356 versiculorum
2838 2284 3142 2371 expressus
3185 2309 3306 2356 erat
3338 2315 3627 2357 numerus.

303 2386 574 2441 Instituta
602 2404 738 2444 cum
776 2397 940 2446 textu
990 2393 1333 2463 prophetico
1366 2399 1793 2467 comparatione
1848 2397 2258 2464 intelleximus,
2308 2396 2764 2455 Commentarios
2816 2398 2957 2454 istos
3007 2397 3219 2469 passim
3252 2404 3433 2453 totum
3473 2411 3634 2453 com-

302 2479 478 2550 plecti
507 2479 888 2538 dicendorum
948 2486 1254 2552 ambitum,
1289 2496 1346 2543 et
1400 2489 1569 2560 longe
1612 2489 1776 2560 plura
1824 2490 1948 2545 loca
2000 2490 2300 2562 attingere,
2334 2504 2503 2561 quam
2555 2505 2679 2562 qua:
2712 2489 2966 2549 numeris
3004 2489 3247 2544 indicata
3299 2495 3482 2543 erant.
3509 2485 3634 2543 Non

298 2576 703 2635 dubitavimus
748 2580 953 2652 itaque
992 2599 1265 2640 numeros
1322 2584 1760 2654 versiculorum,
1792 2586 1859 2641 ad
1912 2602 2057 2658 quos
2098 2586 2265 2642 simul
2318 2585 2563 2657 pertinet
2605 2584 3080 2652 Commentarios,
3116 2585 3341 2642 uncinis
3374 2584 3632 2639 inclusos

300 2674 550 2729 versioni
593 2673 820 2732 Latina:
847 2693 1165 2750 apponere,
1212 2680 1529 2751 exemplum
1574 2682 1881 2748 imitantes,
1912 2681 2065 2753 quod
2115 2680 2451 2737 Sirmondus
2491 2680 2550 2736 in
2598 2680 3037 2737 Commentariis
3068 2679 3140 2735 ad
3176 2679 3420 2749 reliquos
3453 2676 3632 2733 libros

300 2767 700 2838 propheticos,
726 2772 842 2827 etsi
872 2773 1086 2838 rarius,
1118 2773 1437 2844 praeiverat.
1468 2774 1548 2829 Ita
1581 2774 1789 2830 factum
1815 2782 1927 2843 est,
1961 2783 2023 2829 ut
2056 2773 2274 2845 plenior
2302 2790 2453 2829 nunc
2483 2782 2750 2845 appareat
2778 2772 3165 2843 interpretatio
3191 2770 3374 2835 Isaiae,
3400 2768 3628 2825 multis--

296 2874 411 2933 que
461 2861 608 2915 adeo
663 2862 813 2919 locis
870 2863 1122 2935 speciem
1158 2865 1442 2935 perpetui,
1481 2874 1542 2919 ut
1591 2865 1772 2927 aiunt,
1797 2863 2192 2919 commentarii
2237 2861 2466 2920 referat.
2504 2863 2613 2920 Sed
2663 2879 2791 2919 cum
2843 2862 3092 2917 nondum
3139 2861 3448 2919 lectoribus
3486 2862 3629 2919 satis

296 2963 673 3026 prospectum
710 2969 846 3011 esse
886 2963 1247 3026 putaremus.
1282 2955 1340 3009 in
1391 2970 1460 3011 eo
1488 2954 1656 3011 etiam
1707 2953 2149 3020 elaboravimus,
2178 2963 2243 3008 ut
2297 2954 2422 3009 loca
2463 2963 2648 3010 textus
2698 2951 3010 3025 prophetici
3063 2966 3093 3006 a
3129 2949 3483 3008 Theodoreto
3516 2967 3630 3009 non

294 3062 600 3117 expressa,
627 3047 893 3114 aliunde,
938 3048 988 3103 si
1039 3048 1159 3104 ﬁeri
1207 3056 1425 3118 posset,
1448 3062 1517 3104 ex
1568 3047 1695 3118 ipso
1738 3047 2168 3118 supplerentur.
2194 3046 2272 3102 Ex
2321 3046 2594 3103 universo
2645 3046 2837 3115 itaque
2863 3056 3036 3113 opere
3069 3042 3408 3116 colligenda,
3438 3053 3495 3100 et
3525 3060 3631 3100 suo

296 3142 427 3196 loco
460 3143 712 3199 scholiis
743 3142 1050 3199 inserenda
1085 3142 1318 3199 fuerunt
1350 3145 1473 3200 loca
1505 3144 1599 3200 bie
1626 3151 1682 3199 et
1714 3142 1793 3199 ibi
1824 3158 1856 3198 a
1881 3141 2090 3200 Nostro
2117 3144 2376 3216 ailegata,
2410 3149 2472 3197 ut
2504 3140 2812 3197 lectoribus
2845 3145 3154 3204 constaret,
3184 3153 3328 3210 quas
3356 3138 3631 3196 lectiones

295 3246 532 3291 secutus
559 3236 637 3290 sit
673 3235 738 3289 in
771 3234 919 3292 locis
950 3234 1103 3304 istis,
1132 3251 1380 3308 quorum
1414 3251 1645 3293 sensum
1680 3235 1907 3306 quidem
1937 3236 2266 3303 illustravit,
2298 3236 2472 3295 verba
2508 3243 2697 3291 autem
2737 3250 2851 3292 non
2881 3235 3181 3307 expressit.
3215 3231 3420 3291 Eadem
3458 3246 3630 3305 opera

292 3328 547 3399 reliquis
570 3327 753 3382 etiam
797 3326 986 3393 libn‘s,
1011 3343 1157 3400 quos
1187 3329 1279 3384 hic
1322 3339 1513 3387 tomus
1554 3332 1973 3404 complectitur,
2004 3329 2324 3404 praestanda
2357 3329 2483 3386 fuit.
2514 3326 2674 3396 Quod
2712 3328 2992 3400 reliquum
3029 3338 3137 3393 est,
3159 3341 3337 3398 pauca
3379 3327 3631 3383 inCom-

294 3419 606 3477 meutariis
638 3419 716 3475 ad
746 3419 907 3476 Isaize
953 3429 1125 3493 caput
1169 3423 1414 3492 primum
1445 3432 1502 3478 et
1551 3424 1833 3480 decimum
1884 3425 2114 3481 tertium
2158 3423 2655 3496 deprehendimus,
2690 3438 2815 3493 quae
2845 3436 2973 3478 cum
3002 3420 3228 3476 Eusebii
3265 3419 3628 3477 CwSarieusis

295 3514 789 3584 interpretatione
838 3520 976 3569 sunt
1033 3512 1254 3569 eadem.
1303 3512 1517 3569 Horum
1568 3530 1705 3572 vero
1751 3515 2021 3571 nonnulla
2057 3515 2406 3586 respondent
2440 3513 2514 3570 iis
2564 3526 2687 3584 quae
2719 3511 2930 3566 Basilio
2959 3509 3143 3566 solent
3192 3508 3385 3564 tribui.
3419 3507 3628 3564 Ultimo

293 3606 548 3675 denique
602 3604 734 3659 loco
772 3602 1124 3659 monendum
1156 3613 1266 3670 est,
1302 3602 1587 3674 duplicem
1640 3603 1847 3676 capitis
1876 3619 2176 3661 numerum
2206 3603 2338 3660 inde
2367 3619 2397 3659 a
2426 3603 2695 3659 vicesimo
2734 3607 2894 3657 sexto
2925 3599 3108 3671 capite
3135 3595 3392 3654 'Jeremiae
3436 3599 3491 3651 in
3523 3598 3628 3652 hac

292 3697 557 3751 editione
584 3710 718 3751 esse
748 3709 1112 3764 expressum,
1140 3695 1273 3767 quia
1304 3696 1641 3768 interpretes
1662 3696 1840 3752 Graeci
1862 3696 1941 3754 ab
1962 3694 2233 3753 Hebraico
2261 3697 2505 3768 capitum
2526 3694 2756 3763 ordine,
2772 3691 2959 3764 quem."
2965 3690 3166 3748 Noster
3191 3691 3390 3756 tenuit,
3411 3691 3626 3747 disces-

297 3798 525 3844 serunt.
555 3788 770 3851 Adeat,
800 3789 901 3858 qui
933 3787 1086 3852 velit,
1116 3787 1373 3844 scholion
1403 3789 1495 3858 i9,
1531 3805 1589 3861 p.
1613 3789 1744 3845 523.

366 3877 658 3936 meandi
712 3878 885 3933 ﬁnem
924 3877 1110 3934 facere
1160 3893 1274 3933 non
1329 3893 1653 3950 possumus,
1693 3880 2017 3952 priusquam
2058 3876 2376 3937 lectoribus
2421 3886 2662 3945 constet,
2689 3893 2757 3934 ex
2802 3884 2934 3932 voto
2991 3882 3185 3931 nostro
3237 3873 3528 3938 accidisse,
3570 3883 3628 3927 ut

294 3975 386 4031 vir
416 3990 613 4031 venor.
647 3971 745 4027 ιω
783 3971 933 4044 Aug.
952 3969 1197 4039 Nosselt,
1227 3986 1518 4031 sacrarum
1546 3972 1884 4029 Litterarum
1921 3974 2141 4041 doctor,
2172 3976 2381 4046 collega
2413 3972 2938 4045 coniunctissimus,
2969 3970 3024 4024 in
3059 3968 3269 4025 laboris
3300 3968 3627 4024 societatem

298 4070 541 4134 veniret,
588 4077 649 4125 et
698 4082 904 4122 curam
939 4068 999 4122 in
1046 4082 1105 4122 se
1137 4068 1449 4138 susciperet
1496 4068 1634 4122 tomi
1680 4067 1830 4123 tertii
1880 4068 2051 4138 prelis
2102 4068 2361 4137 parandi,
2401 4067 2564 4138 cujus
2599 4081 2728 4136 pars
2781 4063 2932 4119 haud
2963 4062 3163 4133 exigua
3199 4060 3344 4132 typis
3392 4059 3510 4130 jam
3541 4068 3627 4114 est

299 4167 612 4237 exscripta.
646 4164 827 4220 Multa
861 4163 1093 4219 fuerunt
1122 4178 1246 4235 qua:
1276 4164 1384 4218 hoc
1431 4163 1728 4219 consilium
1757 4162 1921 4220 nobis
1957 4176 2295 4234 magnopere
2327 4161 2813 4217 commendarunt.
2848 4156 2966 4213 Etsi
2995 4155 3144 4211 enim
3175 4154 3328 4208 nulla
3358 4152 3626 4209 hactenus

300 4260 469 4333 prelis
511 4260 726 4330 injecta
777 4258 857 4312 sit
910 4270 1098 4322 mora,
1136 4264 1351 4319 tamen,
1380 4270 1508 4311 cum
1543 4256 1758 4311 incerta
1793 4255 1870 4309 sit
1913 4268 2101 4309 rerum
2149 4255 2517 4308 humanarum
2551 4251 2746 4312 facies,
2794 4256 2875 4304 ει·
2906 4247 3014 4300 hoc
3065 4244 3339 4315 imprimis
3372 4245 3626 4299 laborum

298 4373 475 4430 geram
526 4356 759 4428 longius
811 4352 1091 4425 temporis
1143 4353 1411 4423 spatium,
1444 4352 1799 4424 multumque
1852 4350 1972 4415 otii,
2019 4365 2133 4421 quo
2184 4363 2319 4406 sane
2370 4364 2481 4403 non
2541 4346 2913 4409 abundamus,
2940 4338 3264 4430 desiderare
3320 4338 3623 4405 videretur,

298 4429 609 4521 opportune
668 4446 887 4500 iactitat
942 4452 1034 4499 est
1094 4451 1154 4499 ut
1212 4450 1371 4514 parte
1427 4442 1614 4513 aliqua
1677 4441 1891 4496 laboris
1952 4441 2288 4496 levarentur.
2324 4439 2383 4494 Si
2441 4437 2588 4494 Deus
2646 4436 2816 4492 vitam
2847 4433 3103 4502 viresque
3143 4429 3381 4497 dederit,
3406 4437 3643 4485 tomum

298 4552 554 4613 quartum
592 4556 700 4597 una
733 4555 869 4596 cuin
919 4539 1155 4602 ultimo,
1188 4538 1322 4593 dum
1371 4530 1755 4608 tertius‘typis
1801 4537 2167 4604 exscribitur,
2197 4536 2366 4608 prelis
2397 4534 2741 4606 parabimus.
2767 4528 2864 4586 His
2894 4542 3026 4585 vero
3057 4526 3342 4582 laboribus
3374 4535 3430 4581 ut
3470 4541 3628 4583 sum-

298 4651 445 4691 mum
472 4635 688 4695 Numen
747 4636 948 4710 gratia
998 4646 1109 4690 sua
1157 4629 1324 4696 adsit,
1359 4645 1569 4701 eosque
1618 4630 1674 4684 in
1710 4630 1799 4686 sui
1835 4629 2080 4686 nominis
2111 4630 2345 4699 gloriam
2397 4628 2810 4697 multorumque
2864 4622 3163 4678 utilitatem
3192 4617 3395 4675 cedere
3426 4618 3624 4690 jubeat

297 4727 541 4799 feliciter,
574 4731 747 4789 Deum
786 4730 857 4788 Τ.
896 4727 973 4786 0.
1012 4724 1091 4781 Μ.
1128 4739 1395 4796 rogamus
1424 4723 1727 4794 supplices.

356 4821 657 4887 Dabaﬂala:
680 4829 739 4887 in
775 4819 1118 4884 Academia
1141 4814 1533 4872 Fridericiana
1566 4815 1705 4887 ipsis
1730 4813 2009 4870 Kalendis
2046 4814 2172 4869 Maii
2204 4815 2548 4872 cloloccux.
