  <div class='ocr_page' id='page_1' title='image "/cluster/home/n/w/nwhite01/storage/ocr_20150623/81:no.2/coo.31924054869825/015.png"; bbox 0 0 4088 6410; ppageno 0'>
   <div class='ocr_carea' id='block_1_1' title="bbox 504 364 3790 455">
    <p class='ocr_par' dir='ltr' id='par_1_1' title="bbox 504 364 3790 455">
     <span class='ocr_line' id='line_1_1' title="bbox 504 364 3790 455; baseline -0.008 -1"><span class='ocrx_word' id='word_1_1' title='bbox 504 389 564 455; x_wconf 81' lang='grc'>15</span> <span class='ocrx_word' id='word_1_2' title='bbox 973 383 1078 445; x_wconf 88' lang='lat' dir='ltr'>DE</span> <span class='ocrx_word' id='word_1_3' title='bbox 1114 381 1605 443; x_wconf 84' lang='lat' dir='ltr'>THEODORETI</span> <span class='ocrx_word' id='word_1_4' title='bbox 1647 379 1722 437; x_wconf 75' lang='lat' dir='ltr'>IN</span> <span class='ocrx_word' id='word_1_5' title='bbox 1771 376 2014 438; x_wconf 74' lang='lat' dir='ltr'><strong>VETUS</strong></span> <span class='ocrx_word' id='word_1_6' title='bbox 2067 369 2636 432; x_wconf 74' lang='lat' dir='ltr'>TESTAMENTUM</span> <span class='ocrx_word' id='word_1_7' title='bbox 2676 367 3278 427; x_wconf 76' lang='lat' dir='ltr'>COMMENTARIIS.</span> <span class='ocrx_word' id='word_1_8' title='bbox 3723 364 3790 428; x_wconf 76' lang='lat'>16</span> 
     </span>
    </p>
   </div>
   <div class='ocr_carea' id='block_1_2' title="bbox 703 509 3759 561">
    <p class='ocr_par' dir='ltr' id='par_1_2' title="bbox 703 509 3759 561">
     <span class='ocr_line' id='line_1_2' title="bbox 703 509 3759 561; baseline 0.006 -32"><span class='ocrx_word' id='word_1_9' title='bbox 703 509 3759 561; x_wconf 54' lang='lat' dir='ltr'>:rW</span> 
     </span>
    </p>
   </div>
   <div class='ocr_carea' id='block_1_3' title="bbox 518 551 816 567">
    <p class='ocr_par' dir='ltr' id='par_1_3' title="bbox 518 551 816 567">
     <span class='ocr_line' id='line_1_3' title="bbox 518 551 816 567; baseline 0.003 -6"><span class='ocrx_word' id='word_1_10' title='bbox 518 553 604 567; x_wconf 52' lang='grc'>’,-</span> <span class='ocrx_word' id='word_1_11' title='bbox 619 551 816 562; x_wconf 50' lang='grc' dir='ltr'>.-.σ--,“</span> 
     </span>
    </p>
   </div>
   <div class='ocr_carea' id='block_1_4' title="bbox 1771 688 2524 782">
    <p class='ocr_par' dir='ltr' id='par_1_4' title="bbox 1771 688 2524 782">
     <span class='ocr_line' id='line_1_4' title="bbox 1771 688 2524 782; baseline -0.009 -1"><span class='ocrx_word' id='word_1_12' title='bbox 1771 688 2524 782; x_wconf 84' lang='lat' dir='ltr'>TESTIMONIA</span> 
     </span>
    </p>
   </div>
   <div class='ocr_carea' id='block_1_5' title="bbox 591 881 3712 963">
    <p class='ocr_par' dir='ltr' id='par_1_5' title="bbox 591 881 3712 963">
     <span class='ocr_line' id='line_1_5' title="bbox 591 881 3712 963; baseline -0.005 -2"><span class='ocrx_word' id='word_1_13' title='bbox 591 902 677 963; x_wconf 88' lang='lat' dir='ltr'>De</span> <span class='ocrx_word' id='word_1_14' title='bbox 710 895 1094 962; x_wconf 83' lang='lat' dir='ltr'>Theodoreti</span> <span class='ocrx_word' id='word_1_15' title='bbox 1132 891 1629 956; x_wconf 83' lang='lat' dir='ltr'>Commentariis</span> <span class='ocrx_word' id='word_1_16' title='bbox 1657 892 1726 951; x_wconf 90' lang='lat' dir='ltr'>in</span> <span class='ocrx_word' id='word_1_17' title='bbox 1757 888 2088 952; x_wconf 87' lang='lat' dir='ltr'>Canticum</span> <span class='ocrx_word' id='word_1_18' title='bbox 2125 881 2549 956; x_wconf 81' lang='lat' dir='ltr'>canticorum,</span> <span class='ocrx_word' id='word_1_19' title='bbox 2581 885 2837 957; x_wconf 81' lang='lat' dir='ltr'>Isaiam,</span> <span class='ocrx_word' id='word_1_20' title='bbox 2869 885 3244 960; x_wconf 88' lang='lat' dir='ltr'>Jeremiam,</span> <span class='ocrx_word' id='word_1_21' title='bbox 3278 885 3712 959; x_wconf 88' lang='lat' dir='ltr'>Ezechielem,</span> 
     </span>
    </p>
   </div>
   <div class='ocr_carea' id='block_1_6' title="bbox 1391 985 2932 1066">
    <p class='ocr_par' dir='ltr' id='par_1_6' title="bbox 1391 985 2932 1066">
     <span class='ocr_line' id='line_1_6' title="bbox 1391 985 2932 1066; baseline -0.005 -11"><span class='ocrx_word' id='word_1_22' title='bbox 1391 993 1727 1055; x_wconf 89' lang='lat' dir='ltr'>Danielem</span> <span class='ocrx_word' id='word_1_23' title='bbox 1767 999 1828 1052; x_wconf 89' lang='lat' dir='ltr'>et</span> <span class='ocrx_word' id='word_1_24' title='bbox 1856 987 2199 1051; x_wconf 84' lang='lat' dir='ltr'>duodecim</span> <span class='ocrx_word' id='word_1_25' title='bbox 2233 985 2587 1066; x_wconf 80' lang='lat' dir='ltr'>Prophetas</span> <span class='ocrx_word' id='word_1_26' title='bbox 2623 987 2932 1048; x_wconf 88' lang='lat' dir='ltr'>minores.</span> 
     </span>
    </p>
   </div>
   <div class='ocr_carea' id='block_1_7' title="bbox 521 538 698 550">
    <p class='ocr_par' dir='ltr' id='par_1_7' title="bbox 521 538 698 550">
     <span class='ocr_line' id='line_1_7' title="bbox 521 538 698 550; baseline 0 0"><span class='ocrx_word' id='word_1_27' title='bbox 521 538 698 550; x_wconf 66' lang='lat'>———.</span> 
     </span>
    </p>
   </div>
   <div class='ocr_carea' id='block_1_8' title="bbox 1618 1310 2690 1373">
    <p class='ocr_par' dir='ltr' id='par_1_8' title="bbox 1618 1310 2690 1373">
     <span class='ocr_line' id='line_1_8' title="bbox 1618 1310 2690 1373; baseline -0.003 0"><span class='ocrx_word' id='word_1_28' title='bbox 1618 1311 1717 1373; x_wconf 93' lang='lat' dir='ltr'>DE</span> <span class='ocrx_word' id='word_1_29' title='bbox 1800 1311 2120 1372; x_wconf 82' lang='lat' dir='ltr'>CANTICO</span> <span class='ocrx_word' id='word_1_30' title='bbox 2170 1310 2690 1372; x_wconf 83' lang='lat' dir='ltr'>CANTICOBUM.</span> 
     </span>
    </p>
   </div>
   <div class='ocr_carea' id='block_1_9' title="bbox 1472 1421 2832 1493">
    <p class='ocr_par' dir='ltr' id='par_1_9' title="bbox 1472 1421 2832 1493">
     <span class='ocr_line' id='line_1_9' title="bbox 1472 1421 2832 1493; baseline -0.003 -14"><span class='ocrx_word' id='word_1_31' title='bbox 1472 1425 1831 1479; x_wconf 76' lang='lat' dir='ltr'>Tlteodoretus</span> <span class='ocrx_word' id='word_1_32' title='bbox 1867 1424 1974 1492; x_wconf 84' lang='lat' dir='ltr'>ipse</span> <span class='ocrx_word' id='word_1_33' title='bbox 2005 1425 2062 1476; x_wconf 88' lang='lat' dir='ltr'>in</span> <span class='ocrx_word' id='word_1_34' title='bbox 2097 1423 2425 1493; x_wconf 76' lang='lat' dir='ltr'>Prwfatione</span> <span class='ocrx_word' id='word_1_35' title='bbox 2460 1424 2528 1477; x_wconf 88' lang='lat' dir='ltr'>ad</span> <span class='ocrx_word' id='word_1_36' title='bbox 2557 1421 2832 1476; x_wconf 84' lang='lat' dir='ltr'>Psalmos.</span> 
     </span>
    </p>
   </div>
   <div class='ocr_carea' id='block_1_10' title="bbox 579 1532 2193 1618">
    <p class='ocr_par' dir='ltr' id='par_1_10' title="bbox 579 1534 2095 1618">
     <span class='ocr_line' id='line_1_10' title="bbox 579 1534 2095 1618; baseline -0.011 -15"><span class='ocrx_word' id='word_1_37' title='bbox 579 1549 832 1618; x_wconf 83' lang='lat' dir='ltr'>Namque</span> <span class='ocrx_word' id='word_1_38' title='bbox 877 1544 1264 1612; x_wconf 79' lang='lat' dir='ltr'>imposuerunt</span> <span class='ocrx_word' id='word_1_39' title='bbox 1312 1537 1473 1593; x_wconf 91' lang='lat' dir='ltr'>nobis</span> <span class='ocrx_word' id='word_1_40' title='bbox 1526 1536 1781 1592; x_wconf 89' lang='lat' dir='ltr'>nonnulli</span> <span class='ocrx_word' id='word_1_41' title='bbox 1817 1544 1878 1589; x_wconf 88' lang='lat' dir='ltr'>ut</span> <span class='ocrx_word' id='word_1_42' title='bbox 1905 1534 2095 1589; x_wconf 85' lang='lat' dir='ltr'>Canti-</span> 
     </span>
    </p>
   </div>
   <div class='ocr_carea' id='block_1_11' title="bbox 2187 1532 3801 1618">
    <p class='ocr_par' dir='ltr' id='par_1_11' title="bbox 2279 1532 3801 1607">
     <span class='ocr_line' id='line_1_11' title="bbox 2279 1532 3801 1607; baseline 0.003 -20"><span class='ocrx_word' id='word_1_43' title='bbox 2279 1537 2340 1588; x_wconf 86' lang='lat' dir='ltr'>Oi</span> <span class='ocrx_word' id='word_1_44' title='bbox 2363 1535 2462 1606; x_wconf 75' lang='grc' dir='ltr'>μὲν</span> <span class='ocrx_word' id='word_1_45' title='bbox 2485 1534 2594 1605; x_wconf 89' lang='grc' dir='ltr'>γὰρ</span> <span class='ocrx_word' id='word_1_46' title='bbox 2613 1532 2711 1586; x_wconf 78' lang='grc' dir='ltr'>τοῦ</span> <span class='ocrx_word' id='word_1_47' title='bbox 2743 1533 3022 1603; x_wconf 72' lang='grc' dir='ltr'>’ᾼσματος</span> <span class='ocrx_word' id='word_1_48' title='bbox 3049 1533 3156 1587; x_wconf 84' lang='grc' dir='ltr'>τῶν</span> <span class='ocrx_word' id='word_1_49' title='bbox 3180 1534 3443 1604; x_wconf 76' lang='grc' dir='ltr'>ᾀσμάτων</span> <span class='ocrx_word' id='word_1_50' title='bbox 3463 1536 3722 1607; x_wconf 73' lang='grc' dir='ltr'>ἔπήγγειὶ</span> <span class='ocrx_word' id='word_1_51' title='bbox 3736 1557 3801 1594; x_wconf 81' lang='grc' dir='ltr'>αν</span> 
     </span>
    </p>
   </div>
   <div class='ocr_carea' id='block_1_12' title="bbox 509 1623 2123 1704">
    <p class='ocr_par' dir='ltr' id='par_1_12' title="bbox 509 1626 2097 1704">
     <span class='ocr_line' id='line_1_12' title="bbox 509 1626 2097 1704; baseline -0.011 -6"><span class='ocrx_word' id='word_1_52' title='bbox 509 1658 636 1698; x_wconf 89' lang='lat' dir='ltr'>cum</span> <span class='ocrx_word' id='word_1_53' title='bbox 691 1640 1043 1695; x_wconf 89' lang='lat' dir='ltr'>canticorum</span> <span class='ocrx_word' id='word_1_54' title='bbox 1103 1647 1508 1704; x_wconf 78' lang='lat' dir='ltr'>exponeremus</span> <span class='ocrx_word' id='word_1_55' title='bbox 1537 1649 1551 1685; x_wconf 90' lang='lat'><strong>:</strong></span> <span class='ocrx_word' id='word_1_56' title='bbox 1585 1629 1761 1699; x_wconf 77' lang='lat' dir='ltr'>aliqui</span> <span class='ocrx_word' id='word_1_57' title='bbox 1812 1643 1945 1683; x_wconf 90' lang='lat' dir='ltr'>vero</span> <span class='ocrx_word' id='word_1_58' title='bbox 1979 1626 2097 1681; x_wconf 87' lang='lat' dir='ltr'>Viri</span> 
     </span>
    </p>
   </div>
   <div class='ocr_carea' id='block_1_13' title="bbox 2188 1623 3802 1704">
    <p class='ocr_par' dir='ltr' id='par_1_13' title="bbox 2199 1623 3802 1696">
     <span class='ocr_line' id='line_1_13' title="bbox 2199 1623 3802 1696; baseline 0.001 -17"><span class='ocrx_word' id='word_1_59' title='bbox 2199 1626 2299 1696; x_wconf 83' lang='grc' dir='ltr'>τὴν</span> <span class='ocrx_word' id='word_1_60' title='bbox 2324 1626 2640 1694; x_wconf 83' lang='grc' dir='ltr'>σαφήνειαν·</span> <span class='ocrx_word' id='word_1_61' title='bbox 2659 1625 2710 1676; x_wconf 88' lang='grc' dir='ltr'>οἱ</span> <span class='ocrx_word' id='word_1_62' title='bbox 2738 1623 2793 1676; x_wconf 83' lang='grc' dir='ltr'>δὲ</span> <span class='ocrx_word' id='word_1_63' title='bbox 2813 1623 2908 1676; x_wconf 79' lang='grc' dir='ltr'>τοῦ</span> <span class='ocrx_word' id='word_1_64' title='bbox 2924 1623 3118 1694; x_wconf 80' lang='grc' dir='ltr'>ἀνδρὸς</span> <span class='ocrx_word' id='word_1_65' title='bbox 3132 1625 3240 1678; x_wconf 81' lang='grc' dir='ltr'>τῶν</span> <span class='ocrx_word' id='word_1_66' title='bbox 3262 1626 3575 1696; x_wconf 71' lang='grc' dir='ltr'>ἐπιθυμιῶν</span> <span class='ocrx_word' id='word_1_67' title='bbox 3603 1630 3802 1683; x_wconf 76' lang='grc' dir='ltr'>ἐπεθύ-</span> 
     </span>
    </p>
   </div>
   <div class='ocr_carea' id='block_1_14' title="bbox 509 1714 2123 1794">
    <p class='ocr_par' dir='ltr' id='par_1_14' title="bbox 509 1723 2098 1794">
     <span class='ocr_line' id='line_1_14' title="bbox 509 1723 2098 1794; baseline -0.01 -5"><span class='ocrx_word' id='word_1_68' title='bbox 509 1734 906 1792; x_wconf 87' lang='lat' dir='ltr'>desideriorum</span> <span class='ocrx_word' id='word_1_69' title='bbox 965 1728 1423 1786; x_wconf 89' lang='lat' dir='ltr'>desideraverunt</span> <span class='ocrx_word' id='word_1_70' title='bbox 1486 1723 1834 1794; x_wconf 82' lang='lat' dir='ltr'>prophetiam</span> <span class='ocrx_word' id='word_1_71' title='bbox 1888 1735 2098 1792; x_wconf 86' lang='lat' dir='ltr'>cogno-</span> 
     </span>
    </p>
   </div>
   <div class='ocr_carea' id='block_1_15' title="bbox 2189 1714 3803 1794">
    <p class='ocr_par' dir='ltr' id='par_1_15' title="bbox 2207 1714 3803 1788">
     <span class='ocr_line' id='line_1_15' title="bbox 2207 1714 3803 1788; baseline 0.003 -20"><span class='ocrx_word' id='word_1_72' title='bbox 2207 1733 2390 1788; x_wconf 86' lang='grc' dir='ltr'>μησαν</span> <span class='ocrx_word' id='word_1_73' title='bbox 2407 1715 2710 1783; x_wconf 83' lang='grc' dir='ltr'>διαγνῶναι</span> <span class='ocrx_word' id='word_1_74' title='bbox 2726 1714 2826 1785; x_wconf 87' lang='grc' dir='ltr'>τὴν</span> <span class='ocrx_word' id='word_1_75' title='bbox 2844 1715 3206 1786; x_wconf 80' lang='grc' dir='ltr'>προφητείαν·</span> <span class='ocrx_word' id='word_1_76' title='bbox 3224 1717 3375 1770; x_wconf 76' lang='grc' dir='ltr'>ἄλλοι</span> <span class='ocrx_word' id='word_1_77' title='bbox 3391 1718 3486 1772; x_wconf 79' lang='grc' dir='ltr'>τοῦ</span> <span class='ocrx_word' id='word_1_78' title='bbox 3513 1719 3803 1773; x_wconf 84' lang='grc' dir='ltr'>θεσπεσίου</span> 
     </span>
    </p>
   </div>
   <div class='ocr_carea' id='block_1_16' title="bbox 512 1805 2126 1882">
    <p class='ocr_par' dir='ltr' id='par_1_16' title="bbox 512 1809 2102 1882">
     <span class='ocr_line' id='line_1_16' title="bbox 512 1809 2102 1882; baseline -0.011 0"><span class='ocrx_word' id='word_1_79' title='bbox 512 1843 668 1882; x_wconf 85' lang='lat' dir='ltr'>scere</span> <span class='ocrx_word' id='word_1_80' title='bbox 703 1844 717 1879; x_wconf 91' lang='lat'>:</span> <span class='ocrx_word' id='word_1_81' title='bbox 747 1824 840 1879; x_wconf 89' lang='lat' dir='ltr'>alii</span> <span class='ocrx_word' id='word_1_82' title='bbox 866 1821 1036 1877; x_wconf 84' lang='lat' dir='ltr'>divini</span> <span class='ocrx_word' id='word_1_83' title='bbox 1065 1816 1507 1880; x_wconf 84' lang='lat' dir='ltr'>Ezechielis,alii</span> <span class='ocrx_word' id='word_1_84' title='bbox 1533 1813 1826 1869; x_wconf 87' lang='lat' dir='ltr'>duodecim</span> <span class='ocrx_word' id='word_1_85' title='bbox 1856 1809 2102 1881; x_wconf 87' lang='lat' dir='ltr'>Prophe-</span> 
     </span>
    </p>
   </div>
   <div class='ocr_carea' id='block_1_17' title="bbox 2187 1805 3801 1882">
    <p class='ocr_par' dir='ltr' id='par_1_17' title="bbox 2218 1805 3801 1882">
     <span class='ocr_line' id='line_1_17' title="bbox 2218 1805 3801 1882; baseline 0.001 -21"><span class='ocrx_word' id='word_1_86' title='bbox 2218 1807 2507 1878; x_wconf 78' lang='grc' dir='ltr'>Ἰεζεκιὴλ,</span> <span class='ocrx_word' id='word_1_87' title='bbox 2535 1806 2632 1858; x_wconf 70' lang='grc' dir='ltr'>καὶ</span> <span class='ocrx_word' id='word_1_88' title='bbox 2651 1805 2834 1876; x_wconf 74' lang='grc' dir='ltr'>ἕτεροι</span> <span class='ocrx_word' id='word_1_89' title='bbox 2875 1805 2986 1858; x_wconf 83' lang='grc' dir='ltr'>τῶν</span> <span class='ocrx_word' id='word_1_90' title='bbox 3013 1805 3223 1860; x_wconf 86' lang='grc' dir='ltr'>δώδεκα</span> <span class='ocrx_word' id='word_1_91' title='bbox 3272 1809 3577 1880; x_wconf 84' lang='grc' dir='ltr'>Προφητῶν</span> <span class='ocrx_word' id='word_1_92' title='bbox 3607 1810 3704 1874; x_wconf 82' lang='grc' dir='ltr'>τὰς</span> <span class='ocrx_word' id='word_1_93' title='bbox 3736 1814 3801 1882; x_wconf 79' lang='grc' dir='ltr'>τῇ</span> 
     </span>
    </p>
   </div>
   <div class='ocr_carea' id='block_1_18' title="bbox 510 1898 2124 1988">
    <p class='ocr_par' dir='ltr' id='par_1_18' title="bbox 510 1903 2104 1988">
     <span class='ocr_line' id='line_1_18' title="bbox 510 1903 2104 1988; baseline -0.012 -13"><span class='ocrx_word' id='word_1_94' title='bbox 510 1929 692 1975; x_wconf 87' lang='lat' dir='ltr'>tarum</span> <span class='ocrx_word' id='word_1_95' title='bbox 735 1915 1116 1988; x_wconf 78' lang='lat' dir='ltr'>praedictiones</span> <span class='ocrx_word' id='word_1_96' title='bbox 1144 1911 1488 1968; x_wconf 88' lang='lat' dir='ltr'>obscuritate</span> <span class='ocrx_word' id='word_1_97' title='bbox 1514 1907 1794 1962; x_wconf 89' lang='lat' dir='ltr'>involutas</span> <span class='ocrx_word' id='word_1_98' title='bbox 1819 1903 2104 1960; x_wconf 89' lang='lat' dir='ltr'>enucleari</span> 
     </span>
    </p>
   </div>
   <div class='ocr_carea' id='block_1_19' title="bbox 2193 1898 3807 1988">
    <p class='ocr_par' dir='ltr' id='par_1_19' title="bbox 2208 1898 3807 1970">
     <span class='ocr_line' id='line_1_19' title="bbox 2208 1898 3807 1970; baseline 0.001 -17"><span class='ocrx_word' id='word_1_99' title='bbox 2208 1900 2455 1970; x_wconf 77' lang='grc' dir='ltr'>ἀσαφείᾳ</span> <span class='ocrx_word' id='word_1_100' title='bbox 2475 1898 2872 1969; x_wconf 81' lang='grc' dir='ltr'>κεκρυμμένας</span> <span class='ocrx_word' id='word_1_101' title='bbox 2891 1900 3228 1970; x_wconf 74' lang='grc' dir='ltr'>προρρήσεις</span> <span class='ocrx_word' id='word_1_102' title='bbox 3247 1905 3438 1969; x_wconf 84' lang='grc' dir='ltr'>σαφεῖς</span> <span class='ocrx_word' id='word_1_103' title='bbox 3454 1903 3638 1966; x_wconf 81' lang='grc' dir='ltr'>αὐτοῖς</span> <span class='ocrx_word' id='word_1_104' title='bbox 3654 1902 3807 1969; x_wconf 82' lang='grc' dir='ltr'>γενέ-</span> 
     </span>
    </p>
   </div>
   <div class='ocr_carea' id='block_1_20' title="bbox 511 1991 2125 2078">
    <p class='ocr_par' dir='ltr' id='par_1_20' title="bbox 511 2005 1388 2078">
     <span class='ocr_line' id='line_1_20' title="bbox 511 2005 1388 2078; baseline -0.015 -9"><span class='ocrx_word' id='word_1_105' title='bbox 511 2013 616 2069; x_wconf 82' lang='lat' dir='ltr'>sibi</span> <span class='ocrx_word' id='word_1_106' title='bbox 647 2028 712 2067; x_wconf 88' lang='lat' dir='ltr'>ac</span> <span class='ocrx_word' id='word_1_107' title='bbox 737 2008 1008 2066; x_wconf 86' lang='lat' dir='ltr'>declarari</span> <span class='ocrx_word' id='word_1_108' title='bbox 1039 2005 1388 2078; x_wconf 84' lang='lat' dir='ltr'>Ilagitarunt.</span> 
     </span>
    </p>
   </div>
   <div class='ocr_carea' id='block_1_21' title="bbox 1377 1991 2991 2078">
    <p class='ocr_par' dir='ltr' id='par_1_21' title="bbox 1377 1991 2991 2062">
     <span class='ocr_line' id='line_1_21' title="bbox 1377 1991 2991 2062; baseline -0.002 -14"><span class='ocrx_word' id='word_1_109' title='bbox 1377 2042 1388 2056; x_wconf 86' lang='lat'>,</span> <span class='ocrx_word' id='word_1_110' title='bbox 2212 1992 2340 2046; x_wconf 82' lang='grc' dir='ltr'>σθαι</span> <span class='ocrx_word' id='word_1_111' title='bbox 2377 1991 2475 2045; x_wconf 73' lang='grc' dir='ltr'>καὶ</span> <span class='ocrx_word' id='word_1_112' title='bbox 2497 1991 2663 2062; x_wconf 83' lang='grc' dir='ltr'>δήλας</span> <span class='ocrx_word' id='word_1_113' title='bbox 2691 1991 2991 2061; x_wconf 76' lang='grc' dir='ltr'>ἐζήτησαν.</span> 
     </span>
    </p>
   </div>
   <div class='ocr_carea' id='block_1_22' title="bbox 1012 2101 3368 2190">
    <p class='ocr_par' dir='ltr' id='par_1_22' title="bbox 1012 2101 3368 2190">
     <span class='ocr_line' id='line_1_22' title="bbox 1012 2101 3368 2190; baseline -0.008 -14"><span class='ocrx_word' id='word_1_114' title='bbox 1012 2120 1267 2190; x_wconf 75' lang='lat' dir='ltr'>Pelagius</span> <span class='ocrx_word' id='word_1_115' title='bbox 1299 2116 1361 2172; x_wconf 86' lang='lat' dir='ltr'>II</span> <span class='ocrx_word' id='word_1_116' title='bbox 1397 2114 1499 2188; x_wconf 85' lang='lat' dir='ltr'>(I),</span> <span class='ocrx_word' id='word_1_117' title='bbox 1534 2116 1587 2169; x_wconf 90' lang='lat' dir='ltr'>in</span> <span class='ocrx_word' id='word_1_118' title='bbox 1613 2112 1840 2184; x_wconf 88' lang='lat' dir='ltr'>epistola</span> <span class='ocrx_word' id='word_1_119' title='bbox 1867 2109 1936 2164; x_wconf 87' lang='lat' dir='ltr'>ad</span> <span class='ocrx_word' id='word_1_120' title='bbox 1973 2108 2152 2163; x_wconf 83' lang='lat' dir='ltr'>Eliam</span> <span class='ocrx_word' id='word_1_121' title='bbox 2187 2103 2581 2177; x_wconf 82' lang='lat' dir='ltr'>Aquileiensem</span> <span class='ocrx_word' id='word_1_122' title='bbox 2616 2113 2667 2159; x_wconf 90' lang='lat' dir='ltr'>et</span> <span class='ocrx_word' id='word_1_123' title='bbox 2692 2103 2831 2158; x_wconf 85' lang='lat' dir='ltr'>alios</span> <span class='ocrx_word' id='word_1_124' title='bbox 2866 2101 3048 2159; x_wconf 76' lang='lat' dir='ltr'>Istriw</span> <span class='ocrx_word' id='word_1_125' title='bbox 3075 2105 3368 2175; x_wconf 76' lang='lat' dir='ltr'>episcopos.</span> 
     </span>
    </p>
   </div>
   <div class='ocr_carea' id='block_1_23' title="bbox 582 2224 3809 2309">
    <p class='ocr_par' dir='ltr' id='par_1_23' title="bbox 582 2224 3809 2309">
     <span class='ocr_line' id='line_1_23' title="bbox 582 2224 3809 2309; baseline -0.007 -10"><span class='ocrx_word' id='word_1_126' title='bbox 582 2245 721 2301; x_wconf 86' lang='lat' dir='ltr'>Nam</span> <span class='ocrx_word' id='word_1_127' title='bbox 748 2259 873 2301; x_wconf 91' lang='lat' dir='ltr'>cum</span> <span class='ocrx_word' id='word_1_128' title='bbox 905 2242 1232 2298; x_wconf 89' lang='lat' dir='ltr'>Theodorus</span> <span class='ocrx_word' id='word_1_129' title='bbox 1261 2238 1686 2309; x_wconf 86' lang='lat' dir='ltr'>Mopsuestenus</span> <span class='ocrx_word' id='word_1_130' title='bbox 1738 2231 2029 2289; x_wconf 86' lang='lat' dir='ltr'>Canticum</span> <span class='ocrx_word' id='word_1_131' title='bbox 2077 2228 2431 2285; x_wconf 87' lang='lat' dir='ltr'>canticorum</span> <span class='ocrx_word' id='word_1_132' title='bbox 2476 2226 2647 2282; x_wconf 85' lang='lat' dir='ltr'>vellet</span> <span class='ocrx_word' id='word_1_133' title='bbox 2677 2240 2979 2296; x_wconf 84' lang='lat' dir='ltr'>exponere,</span> <span class='ocrx_word' id='word_1_134' title='bbox 3027 2240 3126 2296; x_wconf 88' lang='lat' dir='ltr'>per</span> <span class='ocrx_word' id='word_1_135' title='bbox 3157 2225 3306 2281; x_wconf 92' lang='lat' dir='ltr'>hunc</span> <span class='ocrx_word' id='word_1_136' title='bbox 3344 2227 3548 2281; x_wconf 90' lang='lat' dir='ltr'>librum</span> <span class='ocrx_word' id='word_1_137' title='bbox 3585 2224 3809 2279; x_wconf 67' lang='lat' dir='ltr'>Aﬂthio-</span> 
     </span>
    </p>
   </div>
   <div class='ocr_carea' id='block_1_24' title="bbox 513 2315 3810 2414">
    <p class='ocr_par' dir='ltr' id='par_1_24' title="bbox 513 2315 3810 2414">
     <span class='ocr_line' id='line_1_24' title="bbox 513 2315 3810 2414; baseline -0.009 -15"><span class='ocrx_word' id='word_1_138' title='bbox 513 2343 680 2414; x_wconf 85' lang='lat' dir='ltr'>pissae</span> <span class='ocrx_word' id='word_1_139' title='bbox 727 2341 931 2413; x_wconf 68' lang='lat' dir='ltr'>reginae</span> <span class='ocrx_word' id='word_1_140' title='bbox 979 2336 1289 2395; x_wconf 89' lang='lat' dir='ltr'>blanditum</span> <span class='ocrx_word' id='word_1_141' title='bbox 1334 2333 1508 2388; x_wconf 83' lang='lat' dir='ltr'>fuisse</span> <span class='ocrx_word' id='word_1_142' title='bbox 1554 2329 1848 2402; x_wconf 81' lang='lat' dir='ltr'>profeSsus</span> <span class='ocrx_word' id='word_1_143' title='bbox 1890 2335 1996 2382; x_wconf 88' lang='lat' dir='ltr'>est.</span> <span class='ocrx_word' id='word_1_144' title='bbox 2049 2325 2210 2392; x_wconf 86' lang='lat' dir='ltr'>Quod</span> <span class='ocrx_word' id='word_1_145' title='bbox 2239 2315 2631 2380; x_wconf 85' lang='lat' dir='ltr'>Theodoretus</span> <span class='ocrx_word' id='word_1_146' title='bbox 2666 2321 3103 2393; x_wconf 85' lang='lat' dir='ltr'>reprehendens,</span> <span class='ocrx_word' id='word_1_147' title='bbox 3138 2337 3341 2377; x_wconf 87' lang='lat' dir='ltr'>nomen</span> <span class='ocrx_word' id='word_1_148' title='bbox 3367 2321 3592 2392; x_wconf 83' lang='lat' dir='ltr'>quidem</span> <span class='ocrx_word' id='word_1_149' title='bbox 3627 2318 3810 2372; x_wconf 79' lang='lat' dir='ltr'>Theo-</span> 
     </span>
    </p>
   </div>
   <div class='ocr_carea' id='block_1_25' title="bbox 514 2419 3814 2507">
    <p class='ocr_par' dir='ltr' id='par_1_25' title="bbox 514 2419 3814 2507">
     <span class='ocr_line' id='line_1_25' title="bbox 514 2419 3814 2507; baseline -0.006 -16"><span class='ocrx_word' id='word_1_150' title='bbox 514 2435 632 2506; x_wconf 77' lang='lat' dir='ltr'>dori</span> <span class='ocrx_word' id='word_1_151' title='bbox 681 2433 1013 2507; x_wconf 87' lang='lat' dir='ltr'>suppressit,</span> <span class='ocrx_word' id='word_1_152' title='bbox 1048 2429 1146 2486; x_wconf 87' lang='lat' dir='ltr'>sed</span> <span class='ocrx_word' id='word_1_153' title='bbox 1176 2437 1361 2483; x_wconf 92' lang='lat' dir='ltr'>tamen</span> <span class='ocrx_word' id='word_1_154' title='bbox 1397 2424 1680 2481; x_wconf 84' lang='lat' dir='ltr'>vesaniam</span> <span class='ocrx_word' id='word_1_155' title='bbox 1718 2422 2001 2494; x_wconf 83' lang='lat' dir='ltr'>patefecit.</span> <span class='ocrx_word' id='word_1_156' title='bbox 2041 2423 2300 2494; x_wconf 81' lang='lat' dir='ltr'>Ejusdem</span> <span class='ocrx_word' id='word_1_157' title='bbox 2332 2423 2479 2477; x_wconf 90' lang='lat' dir='ltr'>enim</span> <span class='ocrx_word' id='word_1_158' title='bbox 2507 2421 2640 2476; x_wconf 90' lang='lat' dir='ltr'>libri</span> <span class='ocrx_word' id='word_1_159' title='bbox 2664 2429 2978 2476; x_wconf 89' lang='lat' dir='ltr'>commenta</span> <span class='ocrx_word' id='word_1_160' title='bbox 3009 2419 3335 2477; x_wconf 85' lang='lat' dir='ltr'>describens</span> <span class='ocrx_word' id='word_1_161' title='bbox 3365 2421 3444 2474; x_wconf 89' lang='lat' dir='ltr'>ait</span> <span class='ocrx_word' id='word_1_162' title='bbox 3479 2421 3557 2492; x_wconf 71' lang='lat'>(2)</span> <span class='ocrx_word' id='word_1_163' title='bbox 3594 2440 3607 2475; x_wconf 90' lang='lat'><strong>:</strong></span> <span class='ocrx_word' id='word_1_164' title='bbox 3636 2421 3814 2473; x_wconf 67' lang='lat' dir='ltr'>Audio</span> 
     </span>
    </p>
   </div>
   <div class='ocr_carea' id='block_1_26' title="bbox 514 2512 3811 2598">
    <p class='ocr_par' dir='ltr' id='par_1_26' title="bbox 514 2512 3811 2598">
     <span class='ocr_line' id='line_1_26' title="bbox 514 2512 3811 2598; baseline -0.006 -15"><span class='ocrx_word' id='word_1_165' title='bbox 514 2530 694 2598; x_wconf 88' lang='lat' dir='ltr'>plures</span> <span class='ocrx_word' id='word_1_166' title='bbox 730 2523 1017 2580; x_wconf 80' lang='lat' dir='ltr'>Canticum</span> <span class='ocrx_word' id='word_1_167' title='bbox 1059 2520 1397 2575; x_wconf 78' lang='lat' dir='ltr'>canticorum</span> <span class='ocrx_word' id='word_1_168' title='bbox 1426 2517 1790 2583; x_wconf 83' lang='lat' dir='ltr'>detrahentes,</span> <span class='ocrx_word' id='word_1_169' title='bbox 1815 2525 1865 2571; x_wconf 90' lang='lat' dir='ltr'>et</span> <span class='ocrx_word' id='word_1_170' title='bbox 1895 2533 2001 2570; x_wconf 87' lang='lat' dir='ltr'>non</span> <span class='ocrx_word' id='word_1_171' title='bbox 2027 2517 2296 2571; x_wconf 84' lang='lat' dir='ltr'>credentes</span> <span class='ocrx_word' id='word_1_172' title='bbox 2324 2514 2668 2580; x_wconf 83' lang='lat' dir='ltr'>spiritualem</span> <span class='ocrx_word' id='word_1_173' title='bbox 2695 2530 2808 2568; x_wconf 90' lang='lat' dir='ltr'>esse</span> <span class='ocrx_word' id='word_1_174' title='bbox 2829 2513 3050 2578; x_wconf 85' lang='lat' dir='ltr'>librum,</span> <span class='ocrx_word' id='word_1_175' title='bbox 3077 2512 3297 2583; x_wconf 73' lang='lat' dir='ltr'>fabulas</span> <span class='ocrx_word' id='word_1_176' title='bbox 3333 2523 3515 2567; x_wconf 87' lang='lat' dir='ltr'>autem</span> <span class='ocrx_word' id='word_1_177' title='bbox 3542 2512 3811 2583; x_wconf 65' lang='lat' dir='ltr'>quasdam</span> 
     </span>
    </p>
   </div>
   <div class='ocr_carea' id='block_1_27' title="bbox 519 2610 3811 2688">
    <p class='ocr_par' dir='ltr' id='par_1_27' title="bbox 519 2610 3811 2688">
     <span class='ocr_line' id='line_1_27' title="bbox 519 2610 3811 2688; baseline -0.006 -9"><span class='ocrx_word' id='word_1_178' title='bbox 519 2623 824 2678; x_wconf 85' lang='lat' dir='ltr'>aniculares</span> <span class='ocrx_word' id='word_1_179' title='bbox 855 2634 946 2688; x_wconf 84' lang='lat' dir='ltr'>per</span> <span class='ocrx_word' id='word_1_180' title='bbox 984 2617 1257 2673; x_wconf 81' lang='lat' dir='ltr'>vesaniam</span> <span class='ocrx_word' id='word_1_181' title='bbox 1291 2623 1524 2670; x_wconf 60' lang='lat' dir='ltr'>terentes</span> <span class='ocrx_word' id='word_1_182' title='bbox 1551 2629 1860 2683; x_wconf 84' lang='lat' dir='ltr'>componere</span> <span class='ocrx_word' id='word_1_183' title='bbox 1888 2623 1937 2668; x_wconf 91' lang='lat' dir='ltr'>et</span> <span class='ocrx_word' id='word_1_184' title='bbox 1970 2628 2312 2682; x_wconf 80' lang='lat' dir='ltr'>prwsumere,</span> <span class='ocrx_word' id='word_1_185' title='bbox 2354 2612 2613 2674; x_wconf 84' lang='lat' dir='ltr'>dicentes,</span> <span class='ocrx_word' id='word_1_186' title='bbox 2646 2611 2940 2678; x_wconf 86' lang='lat' dir='ltr'>sapientem</span> <span class='ocrx_word' id='word_1_187' title='bbox 2973 2610 3323 2666; x_wconf 80' lang='lat' dir='ltr'>Salomonem</span> <span class='ocrx_word' id='word_1_188' title='bbox 3367 2611 3437 2664; x_wconf 88' lang='lat' dir='ltr'>ad</span> <span class='ocrx_word' id='word_1_189' title='bbox 3479 2611 3712 2676; x_wconf 86' lang='lat' dir='ltr'>seipsum</span> <span class='ocrx_word' id='word_1_190' title='bbox 3761 2617 3811 2661; x_wconf 89' lang='lat' dir='ltr'>et</span> 
     </span>
    </p>
   </div>
   <div class='ocr_carea' id='block_1_28' title="bbox 518 2702 1858 2781">
    <p class='ocr_par' dir='ltr' id='par_1_28' title="bbox 518 2702 1858 2781">
     <span class='ocr_line' id='line_1_28' title="bbox 518 2702 1858 2781; baseline -0.009 -15"><span class='ocrx_word' id='word_1_191' title='bbox 518 2711 692 2781; x_wconf 81' lang='lat' dir='ltr'>ﬁliam</span> <span class='ocrx_word' id='word_1_192' title='bbox 718 2707 1024 2763; x_wconf 84' lang='lat' dir='ltr'>Pharaonis</span> <span class='ocrx_word' id='word_1_193' title='bbox 1065 2705 1202 2758; x_wconf 86' lang='lat' dir='ltr'>hunc</span> <span class='ocrx_word' id='word_1_194' title='bbox 1229 2703 1424 2758; x_wconf 86' lang='lat' dir='ltr'>librum</span> <span class='ocrx_word' id='word_1_195' title='bbox 1453 2702 1858 2770; x_wconf 83' lang='lat' dir='ltr'>conscripsisse.</span> 
     </span>
    </p>
   </div>
   <div class='ocr_carea' id='block_1_29' title="bbox 1110 2815 3240 2889">
    <p class='ocr_par' dir='ltr' id='par_1_29' title="bbox 1110 2815 3240 2889">
     <span class='ocr_line' id='line_1_29' title="bbox 1110 2815 3240 2889; baseline -0.002 -13"><span class='ocrx_word' id='word_1_196' title='bbox 1110 2820 1466 2876; x_wconf 84' lang='lat' dir='ltr'>Theodoretus</span> <span class='ocrx_word' id='word_1_197' title='bbox 1490 2820 1600 2889; x_wconf 87' lang='lat' dir='ltr'>ipse</span> <span class='ocrx_word' id='word_1_198' title='bbox 1631 2820 1686 2874; x_wconf 90' lang='lat' dir='ltr'>in</span> <span class='ocrx_word' id='word_1_199' title='bbox 1719 2821 1947 2888; x_wconf 68' lang='lat' dir='ltr'>epistoca</span> <span class='ocrx_word' id='word_1_200' title='bbox 1971 2819 2063 2884; x_wconf 71' lang='lat'>82,</span> <span class='ocrx_word' id='word_1_201' title='bbox 2099 2817 2168 2872; x_wconf 88' lang='lat' dir='ltr'>ad</span> <span class='ocrx_word' id='word_1_202' title='bbox 2215 2815 2508 2872; x_wconf 84' lang='lat' dir='ltr'>Eusebium</span> <span class='ocrx_word' id='word_1_203' title='bbox 2537 2819 2838 2886; x_wconf 81' lang='lat' dir='ltr'>episcOpum</span> <span class='ocrx_word' id='word_1_204' title='bbox 2870 2818 3240 2888; x_wconf 81' lang='lat' dir='ltr'>Ancyranum.</span> 
     </span>
    </p>
   </div>
   <div class='ocr_carea' id='block_1_30' title="bbox 590 2910 2204 2988">
    <p class='ocr_par' dir='ltr' id='par_1_30' title="bbox 590 2915 2108 2988">
     <span class='ocr_line' id='line_1_30' title="bbox 590 2915 2108 2988; baseline -0.005 -12"><span class='ocrx_word' id='word_1_205' title='bbox 590 2921 696 2977; x_wconf 77' lang='lat' dir='ltr'>Per</span> <span class='ocrx_word' id='word_1_206' title='bbox 731 2917 830 2975; x_wconf 85' lang='lat' dir='ltr'>Dei</span> <span class='ocrx_word' id='word_1_207' title='bbox 875 2919 1023 2975; x_wconf 89' lang='lat' dir='ltr'>enim</span> <span class='ocrx_word' id='word_1_208' title='bbox 1071 2918 1305 2988; x_wconf 75' lang='lat' dir='ltr'>gratiam</span> <span class='ocrx_word' id='word_1_209' title='bbox 1345 2915 1650 2988; x_wconf 85' lang='lat' dir='ltr'>prophetas</span> <span class='ocrx_word' id='word_1_210' title='bbox 1701 2931 1898 2971; x_wconf 87' lang='lat' dir='ltr'>omnes</span> <span class='ocrx_word' id='word_1_211' title='bbox 1932 2915 2108 2970; x_wconf 91' lang='lat' dir='ltr'>inter-</span> 
     </span>
    </p>
   </div>
   <div class='ocr_carea' id='block_1_31' title="bbox 2202 2910 3816 2988">
    <p class='ocr_par' dir='ltr' id='par_1_31' title="bbox 2289 2910 3816 2986">
     <span class='ocr_line' id='line_1_31' title="bbox 2289 2910 3816 2986; baseline 0.004 -20"><span class='ocrx_word' id='word_1_212' title='bbox 2289 2914 2391 2968; x_wconf 83' lang='grc' dir='ltr'>Διὰ</span> <span class='ocrx_word' id='word_1_213' title='bbox 2440 2913 2550 2986; x_wconf 84' lang='grc' dir='ltr'>γὰρ</span> <span class='ocrx_word' id='word_1_214' title='bbox 2587 2915 2687 2985; x_wconf 84' lang='grc' dir='ltr'>τὴν</span> <span class='ocrx_word' id='word_1_215' title='bbox 2713 2915 2807 2968; x_wconf 79' lang='grc' dir='ltr'>τοῦ</span> <span class='ocrx_word' id='word_1_216' title='bbox 2837 2914 2974 2969; x_wconf 84' lang='grc' dir='ltr'>Θεοῦ</span> <span class='ocrx_word' id='word_1_217' title='bbox 3020 2915 3182 2986; x_wconf 82' lang='grc' dir='ltr'>χάριν</span> <span class='ocrx_word' id='word_1_218' title='bbox 3225 2913 3477 2976; x_wconf 71' lang='grc' dir='ltr'>καὶτοὺς</span> <span class='ocrx_word' id='word_1_219' title='bbox 3528 2910 3816 2982; x_wconf 78' lang='grc' dir='ltr'>προφήτας</span> 
     </span>
    </p>
   </div>
   <div class='ocr_carea' id='block_1_32' title="bbox 519 3009 2133 3085">
    <p class='ocr_par' dir='ltr' id='par_1_32' title="bbox 519 3013 970 3085">
     <span class='ocr_line' id='line_1_32' title="bbox 519 3013 970 3085; baseline -0.002 -16"><span class='ocrx_word' id='word_1_220' title='bbox 519 3013 721 3085; x_wconf 86' lang='lat' dir='ltr'>pretati</span> <span class='ocrx_word' id='word_1_221' title='bbox 759 3027 970 3068; x_wconf 83' lang='lat' dir='ltr'>sumus.</span> 
     </span>
    </p>
   </div>
   <div class='ocr_carea' id='block_1_33' title="bbox 1341 3009 2955 3085">
    <p class='ocr_par' dir='ltr' id='par_1_33' title="bbox 2220 3009 2955 3080">
     <span class='ocr_line' id='line_1_33' title="bbox 2220 3009 2955 3080; baseline 0.003 -18"><span class='ocrx_word' id='word_1_222' title='bbox 2220 3010 2467 3071; x_wconf 72' lang='grc' dir='ltr'>ἅπαντας</span> <span class='ocrx_word' id='word_1_223' title='bbox 2507 3009 2955 3080; x_wconf 85' lang='grc' dir='ltr'>ήρμηνεύσαμεν.</span> 
     </span>
    </p>
   </div>
   <div class='ocr_carea' id='block_1_34' title="bbox 1589 3119 2730 3192">
    <p class='ocr_par' dir='ltr' id='par_1_34' title="bbox 1589 3119 2730 3192">
     <span class='ocr_line' id='line_1_34' title="bbox 1589 3119 2730 3192; baseline 0.003 -17"><span class='ocrx_word' id='word_1_224' title='bbox 1589 3120 1659 3175; x_wconf 84' lang='grc' dir='ltr'>Ει</span> <span class='ocrx_word' id='word_1_225' title='bbox 1701 3122 1756 3175; x_wconf 87' lang='lat' dir='ltr'>in</span> <span class='ocrx_word' id='word_1_226' title='bbox 1787 3121 1943 3191; x_wconf 86' lang='lat' dir='ltr'>epist.</span> <span class='ocrx_word' id='word_1_227' title='bbox 1986 3119 2111 3185; x_wconf 79' lang='lat' dir='ltr'>H5,</span> <span class='ocrx_word' id='word_1_228' title='bbox 2156 3122 2224 3175; x_wconf 87' lang='lat' dir='ltr'>ad</span> <span class='ocrx_word' id='word_1_229' title='bbox 2251 3122 2479 3178; x_wconf 82' lang='lat' dir='ltr'>Leonem</span> <span class='ocrx_word' id='word_1_230' title='bbox 2512 3139 2730 3192; x_wconf 85' lang='lat' dir='ltr'>papam.</span> 
     </span>
    </p>
   </div>
   <div class='ocr_carea' id='block_1_35' title="bbox 593 3234 2207 3312">
    <p class='ocr_par' dir='ltr' id='par_1_35' title="bbox 593 3234 1883 3312">
     <span class='ocr_line' id='line_1_35' title="bbox 593 3234 1883 3312; baseline -0.009 -14"><span class='ocrx_word' id='word_1_231' title='bbox 593 3242 884 3312; x_wconf 77' lang='lat' dir='ltr'>Esplicata</span> <span class='ocrx_word' id='word_1_232' title='bbox 916 3248 1047 3298; x_wconf 91' lang='lat' dir='ltr'>sunt</span> <span class='ocrx_word' id='word_1_233' title='bbox 1079 3253 1106 3293; x_wconf 88' lang='lat' dir='ltr'>a</span> <span class='ocrx_word' id='word_1_234' title='bbox 1143 3253 1234 3295; x_wconf 90' lang='lat' dir='ltr'>me</span> <span class='ocrx_word' id='word_1_235' title='bbox 1260 3237 1491 3294; x_wconf 85' lang='lat' dir='ltr'>oracula</span> <span class='ocrx_word' id='word_1_236' title='bbox 1532 3234 1883 3307; x_wconf 88' lang='lat' dir='ltr'>prophetica.</span> 
     </span>
    </p>
   </div>
   <div class='ocr_carea' id='block_1_36' title="bbox 2021 3234 3635 3312">
    <p class='ocr_par' dir='ltr' id='par_1_36' title="bbox 2311 3236 3635 3312">
     <span class='ocr_line' id='line_1_36' title="bbox 2311 3236 3635 3312; baseline 0.005 -23"><span class='ocrx_word' id='word_1_237' title='bbox 2311 3236 2690 3308; x_wconf 84' lang='grc' dir='ltr'>Ἥρμήνευταί</span> <span class='ocrx_word' id='word_1_238' title='bbox 2711 3254 2802 3308; x_wconf 88' lang='grc' dir='ltr'>μοι</span> <span class='ocrx_word' id='word_1_239' title='bbox 2822 3237 2893 3291; x_wconf 85' lang='grc' dir='ltr'>τὰ</span> <span class='ocrx_word' id='word_1_240' title='bbox 2917 3239 3232 3312; x_wconf 79' lang='grc' dir='ltr'>προφητικὰ</span> <span class='ocrx_word' id='word_1_241' title='bbox 3264 3241 3635 3312; x_wconf 82' lang='grc' dir='ltr'>θεσπίσματα.</span> 
     </span>
    </p>
   </div>
   <div class='ocr_carea' id='block_1_37' title="bbox 1516 3351 2824 3424">
    <p class='ocr_par' dir='ltr' id='par_1_37' title="bbox 1516 3351 2824 3424">
     <span class='ocr_line' id='line_1_37' title="bbox 1516 3351 2824 3424; baseline 0 -14"><span class='ocrx_word' id='word_1_242' title='bbox 1516 3353 1667 3410; x_wconf 85' lang='lat' dir='ltr'>Idem</span> <span class='ocrx_word' id='word_1_243' title='bbox 1699 3356 1795 3410; x_wconf 85' lang='lat' dir='ltr'>sub</span> <span class='ocrx_word' id='word_1_244' title='bbox 1828 3355 1986 3424; x_wconf 78' lang='lat' dir='ltr'>ﬁnem</span> <span class='ocrx_word' id='word_1_245' title='bbox 2035 3351 2508 3408; x_wconf 83' lang='lat' dir='ltr'>Lamentationum</span> <span class='ocrx_word' id='word_1_246' title='bbox 2553 3353 2824 3410; x_wconf 70' lang='lat' dir='ltr'>Jeremiw.</span> 
     </span>
    </p>
   </div>
   <div class='ocr_carea' id='block_1_38' title="bbox 598 3475 2212 3556">
    <p class='ocr_par' dir='ltr' id='par_1_38' title="bbox 598 3475 2115 3550">
     <span class='ocr_line' id='line_1_38' title="bbox 598 3475 2115 3550; baseline -0.005 -14"><span class='ocrx_word' id='word_1_247' title='bbox 598 3481 753 3537; x_wconf 87' lang='lat' dir='ltr'>Hanc</span> <span class='ocrx_word' id='word_1_248' title='bbox 805 3481 972 3537; x_wconf 89' lang='lat' dir='ltr'>etiam</span> <span class='ocrx_word' id='word_1_249' title='bbox 1024 3479 1149 3534; x_wconf 89' lang='lat' dir='ltr'>aliis</span> <span class='ocrx_word' id='word_1_250' title='bbox 1197 3479 1544 3550; x_wconf 79' lang='lat' dir='ltr'>propheticis</span> <span class='ocrx_word' id='word_1_251' title='bbox 1594 3477 1756 3533; x_wconf 92' lang='lat' dir='ltr'>libris</span> <span class='ocrx_word' id='word_1_252' title='bbox 1805 3475 2115 3546; x_wconf 88' lang='lat' dir='ltr'>adjecimus</span> 
     </span>
    </p>
   </div>
   <div class='ocr_carea' id='block_1_39' title="bbox 2204 3475 3818 3556">
    <p class='ocr_par' dir='ltr' id='par_1_39' title="bbox 2296 3475 3818 3556">
     <span class='ocr_line' id='line_1_39' title="bbox 2296 3475 3818 3556; baseline 0.005 -28"><span class='ocrx_word' id='word_1_253' title='bbox 2296 3477 2407 3529; x_wconf 75' lang='grc' dir='ltr'>Καὶ</span> <span class='ocrx_word' id='word_1_254' title='bbox 2428 3480 2547 3540; x_wconf 85' lang='grc' dir='ltr'>ταῖς</span> <span class='ocrx_word' id='word_1_255' title='bbox 2568 3475 2757 3541; x_wconf 82' lang='grc' dir='ltr'>ἄλλαις</span> <span class='ocrx_word' id='word_1_256' title='bbox 2788 3481 3154 3549; x_wconf 84' lang='grc' dir='ltr'>προφητικαίς</span> <span class='ocrx_word' id='word_1_257' title='bbox 3185 3480 3402 3556; x_wconf 39' lang='grc' dir='ltr'>βίϐλοις,</span> <span class='ocrx_word' id='word_1_258' title='bbox 3422 3482 3818 3553; x_wconf 76' lang='grc' dir='ltr'>προστεθείκαο</span> 
     </span>
    </p>
   </div>
   <div class='ocr_carea' id='block_1_40' title="bbox 527 3565 2141 3644">
    <p class='ocr_par' dir='ltr' id='par_1_40' title="bbox 527 3567 2116 3644">
     <span class='ocr_line' id='line_1_40' title="bbox 527 3567 2116 3644; baseline -0.008 -14"><span class='ocrx_word' id='word_1_259' title='bbox 527 3572 1044 3644; x_wconf 86' lang='lat' dir='ltr'>interpretationem</span> <span class='ocrx_word' id='word_1_260' title='bbox 1072 3589 1086 3627; x_wconf 90' lang='lat'><strong>:</strong></span> <span class='ocrx_word' id='word_1_261' title='bbox 1112 3571 1252 3626; x_wconf 86' lang='lat' dir='ltr'>adeo</span> <span class='ocrx_word' id='word_1_262' title='bbox 1286 3578 1347 3625; x_wconf 90' lang='lat' dir='ltr'>ut</span> <span class='ocrx_word' id='word_1_263' title='bbox 1379 3586 1475 3643; x_wconf 89' lang='lat' dir='ltr'>per</span> <span class='ocrx_word' id='word_1_264' title='bbox 1504 3569 1601 3625; x_wconf 91' lang='lat' dir='ltr'>Dei</span> <span class='ocrx_word' id='word_1_265' title='bbox 1635 3571 1869 3640; x_wconf 76' lang='lat' dir='ltr'>gratiam</span> <span class='ocrx_word' id='word_1_266' title='bbox 1901 3567 2116 3622; x_wconf 90' lang='lat' dir='ltr'>nullam</span> 
     </span>
    </p>
   </div>
   <div class='ocr_carea' id='block_1_41' title="bbox 2205 3565 3819 3644">
    <p class='ocr_par' dir='ltr' id='par_1_41' title="bbox 2229 3565 3819 3643">
     <span class='ocr_line' id='line_1_41' title="bbox 2229 3565 3819 3643; baseline 0.006 -27"><span class='ocrx_word' id='word_1_267' title='bbox 2229 3581 2329 3635; x_wconf 83' lang='grc' dir='ltr'>μεν</span> <span class='ocrx_word' id='word_1_268' title='bbox 2366 3565 2460 3618; x_wconf 67' lang='grc' dir='ltr'>καὶ</span> <span class='ocrx_word' id='word_1_269' title='bbox 2497 3566 2657 3637; x_wconf 85' lang='grc' dir='ltr'>τήνδε</span> <span class='ocrx_word' id='word_1_270' title='bbox 2684 3566 2782 3637; x_wconf 82' lang='grc' dir='ltr'>τὴν</span> <span class='ocrx_word' id='word_1_271' title='bbox 2814 3571 3174 3639; x_wconf 80' lang='grc' dir='ltr'>προφητείαν·</span> <span class='ocrx_word' id='word_1_272' title='bbox 3200 3570 3275 3634; x_wconf 83' lang='grc' dir='ltr'>ὡς</span> <span class='ocrx_word' id='word_1_273' title='bbox 3306 3571 3578 3641; x_wconf 84' lang='grc' dir='ltr'>μηδεμίαν</span> <span class='ocrx_word' id='word_1_274' title='bbox 3609 3572 3698 3625; x_wconf 76' lang='grc' dir='ltr'>διὰ</span> <span class='ocrx_word' id='word_1_275' title='bbox 3721 3573 3819 3643; x_wconf 80' lang='grc' dir='ltr'>τὴν</span> 
     </span>
    </p>
   </div>
   <div class='ocr_carea' id='block_1_42' title="bbox 527 3657 2141 3738">
    <p class='ocr_par' dir='ltr' id='par_1_42' title="bbox 527 3660 2117 3738">
     <span class='ocr_line' id='line_1_42' title="bbox 527 3660 2117 3738; baseline -0.004 -19"><span class='ocrx_word' id='word_1_276' title='bbox 527 3666 873 3738; x_wconf 82' lang='lat' dir='ltr'>prephetiam</span> <span class='ocrx_word' id='word_1_277' title='bbox 943 3663 1427 3735; x_wconf 88' lang='lat' dir='ltr'>interpretationis</span> <span class='ocrx_word' id='word_1_278' title='bbox 1497 3671 1781 3734; x_wconf 81' lang='lat' dir='ltr'>expertem</span> <span class='ocrx_word' id='word_1_279' title='bbox 1870 3660 2117 3730; x_wconf 88' lang='lat' dir='ltr'>relique-</span> 
     </span>
    </p>
   </div>
   <div class='ocr_carea' id='block_1_43' title="bbox 2207 3657 3821 3738">
    <p class='ocr_par' dir='ltr' id='par_1_43' title="bbox 2225 3657 3821 3736">
     <span class='ocr_line' id='line_1_43' title="bbox 2225 3657 3821 3736; baseline 0.004 -27"><span class='ocrx_word' id='word_1_280' title='bbox 2225 3657 2321 3710; x_wconf 81' lang='grc' dir='ltr'>τοῦ</span> <span class='ocrx_word' id='word_1_281' title='bbox 2375 3657 2512 3711; x_wconf 77' lang='grc' dir='ltr'>Θεοῦ</span> <span class='ocrx_word' id='word_1_282' title='bbox 2584 3661 2746 3733; x_wconf 82' lang='grc' dir='ltr'>χάριν</span> <span class='ocrx_word' id='word_1_283' title='bbox 2799 3664 3137 3735; x_wconf 81' lang='grc' dir='ltr'>προφητείαν</span> <span class='ocrx_word' id='word_1_284' title='bbox 3199 3663 3519 3718; x_wconf 79' lang='grc' dir='ltr'>καταλιπεῖν</span> <span class='ocrx_word' id='word_1_285' title='bbox 3579 3667 3821 3736; x_wconf 80' lang='grc' dir='ltr'>ἀνερμή-</span> 
     </span>
    </p>
   </div>
   <div class='ocr_carea' id='block_1_44' title="bbox 528 3758 2142 3812">
    <p class='ocr_par' dir='ltr' id='par_1_44' title="bbox 528 3758 724 3812">
     <span class='ocr_line' id='line_1_44' title="bbox 528 3758 724 3812; baseline -0.005 0"><span class='ocrx_word' id='word_1_286' title='bbox 528 3758 724 3812; x_wconf 88' lang='lat' dir='ltr'>rimus.</span> 
     </span>
    </p>
   </div>
   <div class='ocr_carea' id='block_1_45' title="bbox 821 3758 2435 3812">
    <p class='ocr_par' dir='ltr' id='par_1_45' title="bbox 2229 3764 2435 3804">
     <span class='ocr_line' id='line_1_45' title="bbox 2229 3764 2435 3804; baseline 0.015 -3"><span class='ocrx_word' id='word_1_287' title='bbox 2229 3764 2435 3804; x_wconf 81' lang='grc' dir='ltr'>νευτον.</span> 
     </span>
    </p>
   </div>
   <div class='ocr_carea' id='block_1_46' title="bbox 643 3841 3108 3918">
    <p class='ocr_par' dir='ltr' id='par_1_46' title="bbox 643 3841 3108 3918">
     <span class='ocr_line' id='line_1_46' title="bbox 643 3841 3108 3918; baseline -0.001 -14"><span class='ocrx_word' id='word_1_288' title='bbox 643 3901 646 3904; x_wconf 82' lang='lat'>.</span> <span class='ocrx_word' id='word_1_289' title='bbox 1266 3847 1600 3918; x_wconf 80' lang='lat' dir='ltr'>Nicephorus</span> <span class='ocrx_word' id='word_1_290' title='bbox 1648 3844 1742 3900; x_wconf 87' lang='lat' dir='ltr'>lib.</span> <span class='ocrx_word' id='word_1_291' title='bbox 1776 3842 1920 3908; x_wconf 84' lang='lat' dir='ltr'>XIV,</span> <span class='ocrx_word' id='word_1_292' title='bbox 1944 3860 2064 3915; x_wconf 85' lang='lat' dir='ltr'>cap.</span> <span class='ocrx_word' id='word_1_293' title='bbox 2105 3857 2219 3909; x_wconf 75' lang='lat' dir='ltr'>LIV,</span> <span class='ocrx_word' id='word_1_294' title='bbox 2252 3841 2429 3912; x_wconf 87' lang='lat' dir='ltr'>Opera</span> <span class='ocrx_word' id='word_1_295' title='bbox 2455 3859 2730 3900; x_wconf 87' lang='lat' dir='ltr'>recensens</span> <span class='ocrx_word' id='word_1_296' title='bbox 2769 3846 3108 3902; x_wconf 73' lang='lat' dir='ltr'>Theodoreti.</span> 
     </span>
    </p>
   </div>
   <div class='ocr_carea' id='block_1_47' title="bbox 599 3936 2213 4018">
    <p class='ocr_par' dir='ltr' id='par_1_47' title="bbox 599 3937 1978 4018">
     <span class='ocr_line' id='line_1_47' title="bbox 599 3937 1978 4018; baseline -0.004 -21"><span class='ocrx_word' id='word_1_297' title='bbox 599 3943 660 3998; x_wconf 85' lang='lat' dir='ltr'>In</span> <span class='ocrx_word' id='word_1_298' title='bbox 695 3943 940 4000; x_wconf 84' lang='lat' dir='ltr'>sedecim</span> <span class='ocrx_word' id='word_1_299' title='bbox 975 3941 1277 4018; x_wconf 88' lang='lat' dir='ltr'>prophetas</span> <span class='ocrx_word' id='word_1_300' title='bbox 1316 3941 1467 3996; x_wconf 90' lang='lat' dir='ltr'>aliud</span> <span class='ocrx_word' id='word_1_301' title='bbox 1495 3939 1754 3993; x_wconf 84' lang='lat' dir='ltr'>volumen</span> <span class='ocrx_word' id='word_1_302' title='bbox 1785 3937 1978 3994; x_wconf 86' lang='lat' dir='ltr'>edidit.</span> 
     </span>
    </p>
   </div>
   <div class='ocr_carea' id='block_1_48' title="bbox 2123 3936 3737 4018">
    <p class='ocr_par' dir='ltr' id='par_1_48' title="bbox 2305 3936 3737 4014">
     <span class='ocr_line' id='line_1_48' title="bbox 2305 3936 3737 4014; baseline 0.006 -25"><span class='ocrx_word' id='word_1_303' title='bbox 2305 3936 2401 4000; x_wconf 85' lang='grc' dir='ltr'><strong>Εἰς</strong></span> <span class='ocrx_word' id='word_1_304' title='bbox 2424 3939 2554 4001; x_wconf 83' lang='grc' dir='ltr'>τοὺς</span> <span class='ocrx_word' id='word_1_305' title='bbox 2581 3939 2779 4005; x_wconf 83' lang='grc' dir='ltr'>δεκαὲξ</span> <span class='ocrx_word' id='word_1_306' title='bbox 2808 3941 3093 4012; x_wconf 84' lang='grc' dir='ltr'>προφήτας</span> <span class='ocrx_word' id='word_1_307' title='bbox 3122 3941 3310 4013; x_wconf 83' lang='grc' dir='ltr'>ἓτερον</span> <span class='ocrx_word' id='word_1_308' title='bbox 3353 3942 3547 4014; x_wconf 84' lang='grc' dir='ltr'>τεῦχος</span> <span class='ocrx_word' id='word_1_309' title='bbox 3577 3946 3737 3999; x_wconf 82' lang='grc' dir='ltr'>ποιεῖ.</span> 
     </span>
    </p>
   </div>
   <div class='ocr_carea' id='block_1_49' title="bbox 1953 4144 2387 4206">
    <p class='ocr_par' dir='ltr' id='par_1_49' title="bbox 1953 4144 2387 4206">
     <span class='ocr_line' id='line_1_49' title="bbox 1953 4144 2387 4206; baseline 0.002 -3"><span class='ocrx_word' id='word_1_310' title='bbox 1953 4144 2039 4206; x_wconf 91' lang='grc' dir='ltr'>ΙΝ</span> <span class='ocrx_word' id='word_1_311' title='bbox 2098 4145 2387 4206; x_wconf 88' lang='lat' dir='ltr'>ISAIAM.</span> 
     </span>
    </p>
   </div>
   <div class='ocr_carea' id='block_1_50' title="bbox 1301 4254 3076 4332">
    <p class='ocr_par' dir='ltr' id='par_1_50' title="bbox 1301 4254 3076 4332">
     <span class='ocr_line' id='line_1_50' title="bbox 1301 4254 3076 4332; baseline 0.003 -19"><span class='ocrx_word' id='word_1_312' title='bbox 1301 4254 1660 4313; x_wconf 84' lang='lat' dir='ltr'>Theodoretus</span> <span class='ocrx_word' id='word_1_313' title='bbox 1706 4259 1818 4329; x_wconf 87' lang='lat' dir='ltr'>ipse</span> <span class='ocrx_word' id='word_1_314' title='bbox 1851 4259 1906 4312; x_wconf 87' lang='lat' dir='ltr'>in</span> <span class='ocrx_word' id='word_1_315' title='bbox 1943 4258 2138 4314; x_wconf 89' lang='lat' dir='ltr'>librum</span> <span class='ocrx_word' id='word_1_316' title='bbox 2178 4270 2431 4332; x_wconf 88' lang='lat' dir='ltr'>quartum</span> <span class='ocrx_word' id='word_1_317' title='bbox 2472 4258 2693 4331; x_wconf 82' lang='lat' dir='ltr'>Regum,</span> <span class='ocrx_word' id='word_1_318' title='bbox 2726 4272 2912 4332; x_wconf 64' lang='lat' dir='ltr'>quaest.</span> <span class='ocrx_word' id='word_1_319' title='bbox 2944 4262 3076 4319; x_wconf 86' lang='lat' dir='ltr'>LII.</span> 
     </span>
    </p>
   </div>
   <div class='ocr_carea' id='block_1_51' title="bbox 599 4351 2213 4428">
    <p class='ocr_par' dir='ltr' id='par_1_51' title="bbox 599 4351 2121 4423">
     <span class='ocr_line' id='line_1_51' title="bbox 599 4351 2121 4423; baseline -0.001 -14"><span class='ocrx_word' id='word_1_320' title='bbox 599 4353 872 4409; x_wconf 60' lang='lat' dir='ltr'>Caternm</span> <span class='ocrx_word' id='word_1_321' title='bbox 901 4353 1162 4410; x_wconf 81' lang='lat' dir='ltr'>existimo</span> <span class='ocrx_word' id='word_1_322' title='bbox 1184 4365 1661 4423; x_wconf 88' lang='lat' dir='ltr'>supervacaneum</span> <span class='ocrx_word' id='word_1_323' title='bbox 1684 4351 1876 4407; x_wconf 87' lang='lat' dir='ltr'>eadem</span> <span class='ocrx_word' id='word_1_324' title='bbox 1901 4351 2121 4417; x_wconf 87' lang='lat' dir='ltr'>dicere;</span> 
     </span>
    </p>
   </div>
   <div class='ocr_carea' id='block_1_52' title="bbox 2208 4351 3822 4428">
    <p class='ocr_par' dir='ltr' id='par_1_52' title="bbox 2318 4353 3822 4428">
     <span class='ocr_line' id='line_1_52' title="bbox 2318 4353 3822 4428; baseline 0.005 -22"><span class='ocrx_word' id='word_1_325' title='bbox 2318 4353 2480 4407; x_wconf 85' lang='grc' dir='ltr'>Ἀλλὰ</span> <span class='ocrx_word' id='word_1_326' title='bbox 2525 4354 2636 4424; x_wconf 83' lang='grc' dir='ltr'>γὰρ</span> <span class='ocrx_word' id='word_1_327' title='bbox 2708 4355 2964 4427; x_wconf 84' lang='grc' dir='ltr'>περιττὸν</span> <span class='ocrx_word' id='word_1_328' title='bbox 3021 4353 3176 4427; x_wconf 79' lang='grc' dir='ltr'>οἶμαι</span> <span class='ocrx_word' id='word_1_329' title='bbox 3221 4357 3583 4428; x_wconf 85' lang='grc' dir='ltr'>ταυτολογεῖν·</span> <span class='ocrx_word' id='word_1_330' title='bbox 3650 4360 3822 4414; x_wconf 80' lang='grc' dir='ltr'>ταῦτα</span> 
     </span>
    </p>
   </div>
   <div class='ocr_carea' id='block_1_53' title="bbox 531 4444 2145 4522">
    <p class='ocr_par' dir='ltr' id='par_1_53' title="bbox 531 4444 2123 4516">
     <span class='ocr_line' id='line_1_53' title="bbox 531 4444 2123 4516; baseline -0.003 -14"><span class='ocrx_word' id='word_1_331' title='bbox 531 4460 659 4502; x_wconf 86' lang='lat' dir='ltr'>nam</span> <span class='ocrx_word' id='word_1_332' title='bbox 710 4447 912 4502; x_wconf 88' lang='lat' dir='ltr'>Isaiam</span> <span class='ocrx_word' id='word_1_333' title='bbox 962 4447 1292 4516; x_wconf 74' lang='lat' dir='ltr'>prophetam</span> <span class='ocrx_word' id='word_1_334' title='bbox 1345 4444 1722 4515; x_wconf 89' lang='lat' dir='ltr'>interpretans</span> <span class='ocrx_word' id='word_1_335' title='bbox 1778 4445 1884 4499; x_wconf 89' lang='lat' dir='ltr'>hoc</span> <span class='ocrx_word' id='word_1_336' title='bbox 1937 4444 2123 4514; x_wconf 81' lang='lat' dir='ltr'>expli-</span> 
     </span>
    </p>
   </div>
   <div class='ocr_carea' id='block_1_54' title="bbox 2205 4444 3819 4522">
    <p class='ocr_par' dir='ltr' id='par_1_54' title="bbox 2231 4446 3819 4522">
     <span class='ocr_line' id='line_1_54' title="bbox 2231 4446 3819 4522; baseline 0.006 -24"><span class='ocrx_word' id='word_1_337' title='bbox 2231 4446 2362 4516; x_wconf 82' lang='grc' dir='ltr'>γὰρ,</span> <span class='ocrx_word' id='word_1_338' title='bbox 2413 4447 2504 4500; x_wconf 87' lang='grc' dir='ltr'>τὸν</span> <span class='ocrx_word' id='word_1_339' title='bbox 2534 4447 2823 4518; x_wconf 80' lang='grc' dir='ltr'>προφήτην</span> <span class='ocrx_word' id='word_1_340' title='bbox 2880 4450 3111 4505; x_wconf 79' lang='grc' dir='ltr'>Ἡσαΐαν</span> <span class='ocrx_word' id='word_1_341' title='bbox 3141 4450 3484 4522; x_wconf 78' lang='grc' dir='ltr'>ἑρμηνεύων,</span> <span class='ocrx_word' id='word_1_342' title='bbox 3526 4453 3819 4518; x_wconf 76' lang='grc' dir='ltr'>ἀνέπτυξα.</span> 
     </span>
    </p>
   </div>
   <div class='ocr_carea' id='block_1_55' title="bbox 530 4551 1494 4592">
    <p class='ocr_par' dir='ltr' id='par_1_55' title="bbox 530 4551 1494 4592">
     <span class='ocr_line' id='line_1_55' title="bbox 530 4551 1494 4592; baseline 0.003 -3"><span class='ocrx_word' id='word_1_343' title='bbox 530 4551 649 4590; x_wconf 68' lang='grc' dir='ltr'>(ξονι</span> <span class='ocrx_word' id='word_1_344' title='bbox 663 4577 676 4592; x_wconf 88' lang='grc'><strong>.</strong></span> <span class='ocrx_word' id='word_1_345' title='bbox 1490 4553 1494 4557; x_wconf 84' lang='grc'><strong>’</strong></span> 
     </span>
    </p>
   </div>
   <div class='ocr_carea' id='block_1_56' title="bbox 1713 4624 2636 4694">
    <p class='ocr_par' dir='ltr' id='par_1_56' title="bbox 1713 4624 2636 4694">
     <span class='ocr_line' id='line_1_56' title="bbox 1713 4624 2636 4694; baseline -0.001 -12"><span class='ocrx_word' id='word_1_346' title='bbox 1713 4627 1863 4683; x_wconf 86' lang='lat' dir='ltr'>Idem</span> <span class='ocrx_word' id='word_1_347' title='bbox 1907 4626 1977 4681; x_wconf 85' lang='lat' dir='ltr'>ad</span> <span class='ocrx_word' id='word_1_348' title='bbox 2024 4624 2269 4681; x_wconf 73' lang='lat' dir='ltr'>Ieremia:</span> <span class='ocrx_word' id='word_1_349' title='bbox 2307 4633 2467 4694; x_wconf 84' lang='lat' dir='ltr'>caput</span> <span class='ocrx_word' id='word_1_350' title='bbox 2501 4641 2592 4680; x_wconf 82' lang='lat' dir='ltr'>xxI</span> <span class='ocrx_word' id='word_1_351' title='bbox 2622 4667 2636 4680; x_wconf 95' lang='lat'>.</span> 
     </span>
    </p>
   </div>
   <div class='ocr_carea' id='block_1_57' title="bbox 602 4718 2216 4792">
    <p class='ocr_par' dir='ltr' id='par_1_57' title="bbox 602 4718 2122 4792">
     <span class='ocr_line' id='line_1_57' title="bbox 602 4718 2122 4792; baseline -0.002 -16"><span class='ocrx_word' id='word_1_352' title='bbox 602 4721 672 4776; x_wconf 90' lang='lat' dir='ltr'>Et</span> <span class='ocrx_word' id='word_1_353' title='bbox 718 4722 886 4790; x_wconf 78' lang='lat' dir='ltr'>hujus</span> <span class='ocrx_word' id='word_1_354' title='bbox 926 4720 1226 4776; x_wconf 89' lang='lat' dir='ltr'>locutionis</span> <span class='ocrx_word' id='word_1_355' title='bbox 1261 4723 1531 4776; x_wconf 84' lang='lat' dir='ltr'>rationem</span> <span class='ocrx_word' id='word_1_356' title='bbox 1562 4720 1820 4792; x_wconf 90' lang='lat' dir='ltr'>pluribus</span> <span class='ocrx_word' id='word_1_357' title='bbox 1850 4718 2122 4791; x_wconf 80' lang='lat' dir='ltr'>explicui-</span> 
     </span>
    </p>
   </div>
   <div class='ocr_carea' id='block_1_58' title="bbox 2209 4718 3823 4792">
    <p class='ocr_par' dir='ltr' id='par_1_58' title="bbox 2305 4718 3823 4792">
     <span class='ocr_line' id='line_1_58' title="bbox 2305 4718 3823 4792; baseline 0.005 -22"><span class='ocrx_word' id='word_1_358' title='bbox 2305 4718 2416 4770; x_wconf 78' lang='grc' dir='ltr'>Καὶ</span> <span class='ocrx_word' id='word_1_359' title='bbox 2432 4718 2523 4774; x_wconf 84' lang='grc' dir='ltr'>τὸν</span> <span class='ocrx_word' id='word_1_360' title='bbox 2547 4720 2675 4790; x_wconf 78' lang='grc' dir='ltr'>περὶ</span> <span class='ocrx_word' id='word_1_361' title='bbox 2697 4721 2889 4774; x_wconf 84' lang='grc' dir='ltr'>τούτου</span> <span class='ocrx_word' id='word_1_362' title='bbox 2919 4719 3077 4789; x_wconf 85' lang='grc' dir='ltr'>λόγον</span> <span class='ocrx_word' id='word_1_363' title='bbox 3113 4722 3170 4773; x_wconf 85' lang='grc' dir='ltr'>ὲν</span> <span class='ocrx_word' id='word_1_364' title='bbox 3193 4723 3259 4792; x_wconf 79' lang='grc' dir='ltr'>τῇ</span> <span class='ocrx_word' id='word_1_365' title='bbox 3292 4720 3385 4774; x_wconf 83' lang='grc' dir='ltr'>τοῦ</span> <span class='ocrx_word' id='word_1_366' title='bbox 3418 4719 3563 4775; x_wconf 64' lang='lat' dir='ltr'>Gelon</span> <span class='ocrx_word' id='word_1_367' title='bbox 3602 4723 3823 4778; x_wconf 80' lang='grc' dir='ltr'>Ἡσαΐου</span> 
     </span>
    </p>
   </div>
   <div class='ocr_carea' id='block_1_59' title="bbox 531 4811 2145 4884">
    <p class='ocr_par' dir='ltr' id='par_1_59' title="bbox 531 4811 1652 4884">
     <span class='ocr_line' id='line_1_59' title="bbox 531 4811 1652 4884; baseline -0.002 -16"><span class='ocrx_word' id='word_1_368' title='bbox 531 4811 730 4868; x_wconf 84' lang='lat' dir='ltr'>musin</span> <span class='ocrx_word' id='word_1_369' title='bbox 769 4811 943 4867; x_wconf 89' lang='lat' dir='ltr'>divini</span> <span class='ocrx_word' id='word_1_370' title='bbox 973 4811 1131 4867; x_wconf 87' lang='lat' dir='ltr'>Isaiae</span> <span class='ocrx_word' id='word_1_371' title='bbox 1166 4812 1652 4884; x_wconf 88' lang='lat' dir='ltr'>interpretatione.</span> 
     </span>
    </p>
   </div>
   <div class='ocr_carea' id='block_1_60' title="bbox 1678 4811 3292 4884">
    <p class='ocr_par' dir='ltr' id='par_1_60' title="bbox 2231 4811 3292 4884">
     <span class='ocr_line' id='line_1_60' title="bbox 2231 4811 3292 4884; baseline 0.004 -21"><span class='ocrx_word' id='word_1_372' title='bbox 2231 4811 2501 4882; x_wconf 78' lang='grc' dir='ltr'>ἑρμηνείᾳ</span> <span class='ocrx_word' id='word_1_373' title='bbox 2524 4813 2614 4867; x_wconf 82' lang='grc' dir='ltr'>διὰ</span> <span class='ocrx_word' id='word_1_374' title='bbox 2651 4813 2915 4867; x_wconf 77' lang='grc' dir='ltr'>πλειόνων</span> <span class='ocrx_word' id='word_1_375' title='bbox 2945 4813 3292 4884; x_wconf 81' lang='grc' dir='ltr'>τεθείκαμεν.</span> 
     </span>
    </p>
   </div>
   <div class='ocr_carea' id='block_1_61' title="bbox 1899 5037 2459 5100">
    <p class='ocr_par' dir='ltr' id='par_1_61' title="bbox 1899 5037 2459 5100">
     <span class='ocr_line' id='line_1_61' title="bbox 1899 5037 2459 5100; baseline 0.007 -4"><span class='ocrx_word' id='word_1_376' title='bbox 1899 5037 1982 5097; x_wconf 93' lang='grc' dir='ltr'>ΙΝ</span> <span class='ocrx_word' id='word_1_377' title='bbox 2038 5037 2459 5100; x_wconf 83' lang='lat' dir='ltr'>JEREMIAM.</span> 
     </span>
    </p>
   </div>
   <div class='ocr_carea' id='block_1_62' title="bbox 1267 5147 3111 5222">
    <p class='ocr_par' dir='ltr' id='par_1_62' title="bbox 1267 5147 3111 5222">
     <span class='ocr_line' id='line_1_62' title="bbox 1267 5147 3111 5222; baseline 0.002 -20"><span class='ocrx_word' id='word_1_378' title='bbox 1267 5147 1621 5203; x_wconf 86' lang='lat' dir='ltr'>Theodoretus</span> <span class='ocrx_word' id='word_1_379' title='bbox 1652 5149 1762 5218; x_wconf 78' lang='lat' dir='ltr'>ipse</span> <span class='ocrx_word' id='word_1_380' title='bbox 1791 5149 1844 5202; x_wconf 87' lang='lat' dir='ltr'>in</span> <span class='ocrx_word' id='word_1_381' title='bbox 1879 5150 2076 5204; x_wconf 88' lang='lat' dir='ltr'>librum</span> <span class='ocrx_word' id='word_1_382' title='bbox 2118 5159 2369 5222; x_wconf 86' lang='lat' dir='ltr'>quartum</span> <span class='ocrx_word' id='word_1_383' title='bbox 2410 5149 2632 5219; x_wconf 84' lang='lat' dir='ltr'>Regum,</span> <span class='ocrx_word' id='word_1_384' title='bbox 2676 5159 2868 5221; x_wconf 67' lang='lat' dir='ltr'>quiest.</span> <span class='ocrx_word' id='word_1_385' title='bbox 2920 5149 3111 5206; x_wconf 82' lang='lat' dir='ltr'>LVII.</span> 
     </span>
    </p>
   </div>
   <div class='ocr_carea' id='block_1_63' title="bbox 604 5235 2218 5316">
    <p class='ocr_par' dir='ltr' id='par_1_63' title="bbox 604 5235 2125 5309">
     <span class='ocr_line' id='line_1_63' title="bbox 604 5235 2125 5309; baseline 0.006 -20"><span class='ocrx_word' id='word_1_386' title='bbox 604 5236 681 5292; x_wconf 89' lang='lat' dir='ltr'>Dc</span> <span class='ocrx_word' id='word_1_387' title='bbox 717 5235 1010 5292; x_wconf 82' lang='lat' dir='ltr'>Joachimo</span> <span class='ocrx_word' id='word_1_388' title='bbox 1043 5251 1202 5302; x_wconf 87' lang='lat' dir='ltr'>vero,</span> <span class='ocrx_word' id='word_1_389' title='bbox 1227 5246 1285 5295; x_wconf 89' lang='lat' dir='ltr'>et</span> <span class='ocrx_word' id='word_1_390' title='bbox 1342 5238 1617 5306; x_wconf 82' lang='lat' dir='ltr'>Joacimo,</span> <span class='ocrx_word' id='word_1_391' title='bbox 1651 5253 1706 5296; x_wconf 88' lang='lat' dir='ltr'>et</span> <span class='ocrx_word' id='word_1_392' title='bbox 1754 5239 2042 5309; x_wconf 83' lang='lat' dir='ltr'>Jechonia,</span> <span class='ocrx_word' id='word_1_393' title='bbox 2073 5253 2125 5298; x_wconf 89' lang='lat' dir='ltr'>et</span> 
     </span>
    </p>
   </div>
   <div class='ocr_carea' id='block_1_64' title="bbox 2214 5235 3828 5316">
    <p class='ocr_par' dir='ltr' id='par_1_64' title="bbox 2305 5240 3828 5316">
     <span class='ocr_line' id='line_1_64' title="bbox 2305 5240 3828 5316; baseline 0.003 -22"><span class='ocrx_word' id='word_1_394' title='bbox 2305 5240 2387 5295; x_wconf 82' lang='grc' dir='ltr'>Τὰ</span> <span class='ocrx_word' id='word_1_395' title='bbox 2409 5240 2464 5294; x_wconf 82' lang='grc' dir='ltr'>δὲ</span> <span class='ocrx_word' id='word_1_396' title='bbox 2490 5240 2636 5294; x_wconf 85' lang='grc' dir='ltr'>κατὰ</span> <span class='ocrx_word' id='word_1_397' title='bbox 2665 5241 2758 5297; x_wconf 82' lang='grc' dir='ltr'>τὸν</span> <span class='ocrx_word' id='word_1_398' title='bbox 2804 5242 3054 5314; x_wconf 69' lang='grc' dir='ltr'>ἰωαχὶμ,</span> <span class='ocrx_word' id='word_1_399' title='bbox 3091 5242 3186 5297; x_wconf 73' lang='grc' dir='ltr'>καὶ</span> <span class='ocrx_word' id='word_1_400' title='bbox 3243 5242 3506 5308; x_wconf 73' lang='grc' dir='ltr'>ἰωακεὶν,</span> <span class='ocrx_word' id='word_1_401' title='bbox 3532 5244 3625 5298; x_wconf 82' lang='grc' dir='ltr'>καὶ</span> <span class='ocrx_word' id='word_1_402' title='bbox 3669 5247 3828 5316; x_wconf 80' lang='grc' dir='ltr'>Ἰεχο-</span> 
     </span>
    </p>
   </div>
   <div class='ocr_carea' id='block_1_65' title="bbox 533 5327 2147 5412">
    <p class='ocr_par' dir='ltr' id='par_1_65' title="bbox 533 5327 2124 5402">
     <span class='ocr_line' id='line_1_65' title="bbox 533 5327 2124 5402; baseline 0.004 -20"><span class='ocrx_word' id='word_1_403' title='bbox 533 5327 769 5382; x_wconf 88' lang='lat' dir='ltr'>Sedecia</span> <span class='ocrx_word' id='word_1_404' title='bbox 825 5327 1004 5385; x_wconf 84' lang='lat' dir='ltr'>fusius</span> <span class='ocrx_word' id='word_1_405' title='bbox 1055 5331 1284 5402; x_wconf 89' lang='lat' dir='ltr'>scripsit</span> <span class='ocrx_word' id='word_1_406' title='bbox 1344 5333 1565 5390; x_wconf 86' lang='lat' dir='ltr'>divinus</span> <span class='ocrx_word' id='word_1_407' title='bbox 1626 5332 1918 5390; x_wconf 75' lang='lat' dir='ltr'>Ieremias.</span> <span class='ocrx_word' id='word_1_408' title='bbox 1971 5335 2124 5389; x_wconf 93' lang='lat' dir='ltr'>Illum</span> 
     </span>
    </p>
   </div>
   <div class='ocr_carea' id='block_1_66' title="bbox 2215 5327 3829 5412">
    <p class='ocr_par' dir='ltr' id='par_1_66' title="bbox 2233 5334 3829 5412">
     <span class='ocr_line' id='line_1_66' title="bbox 2233 5334 3829 5412; baseline 0.001 -23"><span class='ocrx_word' id='word_1_409' title='bbox 2233 5335 2378 5402; x_wconf 87' lang='grc' dir='ltr'>νίαν,</span> <span class='ocrx_word' id='word_1_410' title='bbox 2439 5336 2533 5389; x_wconf 76' lang='grc' dir='ltr'>καὶ</span> <span class='ocrx_word' id='word_1_411' title='bbox 2573 5334 2853 5401; x_wconf 75' lang='grc' dir='ltr'>Σεδεκίαν,</span> <span class='ocrx_word' id='word_1_412' title='bbox 2904 5336 3244 5408; x_wconf 83' lang='grc' dir='ltr'>πλατύτερον</span> <span class='ocrx_word' id='word_1_413' title='bbox 3303 5339 3332 5390; x_wconf 85' lang='grc' dir='ltr'>ὁ</span> <span class='ocrx_word' id='word_1_414' title='bbox 3377 5338 3520 5402; x_wconf 82' lang='grc' dir='ltr'>θεῖος</span> <span class='ocrx_word' id='word_1_415' title='bbox 3559 5339 3829 5412; x_wconf 79' lang='grc' dir='ltr'>Ἱερεμίας</span> 
     </span>
    </p>
   </div>
   <div class='ocr_carea' id='block_1_67' title="bbox 529 5421 2143 5501">
    <p class='ocr_par' dir='ltr' id='par_1_67' title="bbox 529 5421 2124 5496">
     <span class='ocr_line' id='line_1_67' title="bbox 529 5421 2124 5496; baseline 0.006 -24"><span class='ocrx_word' id='word_1_416' title='bbox 529 5430 716 5475; x_wconf 81' lang='lat' dir='ltr'>autem</span> <span class='ocrx_word' id='word_1_417' title='bbox 749 5435 971 5490; x_wconf 90' lang='lat' dir='ltr'>quoque</span> <span class='ocrx_word' id='word_1_418' title='bbox 1007 5421 1208 5477; x_wconf 87' lang='lat' dir='ltr'>librum</span> <span class='ocrx_word' id='word_1_419' title='bbox 1253 5439 1352 5494; x_wconf 87' lang='lat' dir='ltr'>per</span> <span class='ocrx_word' id='word_1_420' title='bbox 1397 5424 1641 5480; x_wconf 89' lang='lat' dir='ltr'>divinam</span> <span class='ocrx_word' id='word_1_421' title='bbox 1685 5427 1914 5496; x_wconf 77' lang='lat' dir='ltr'>gratiam</span> <span class='ocrx_word' id='word_1_422' title='bbox 1951 5436 2124 5482; x_wconf 92' lang='lat' dir='ltr'>totum</span> 
     </span>
    </p>
   </div>
   <div class='ocr_carea' id='block_1_68' title="bbox 2215 5421 3829 5501">
    <p class='ocr_par' dir='ltr' id='par_1_68' title="bbox 2235 5426 3829 5501">
     <span class='ocr_line' id='line_1_68' title="bbox 2235 5426 3829 5501; baseline 0.003 -22"><span class='ocrx_word' id='word_1_423' title='bbox 2235 5426 2567 5498; x_wconf 71' lang='grc' dir='ltr'>συνέγραψε.</span> <span class='ocrx_word' id='word_1_424' title='bbox 2605 5426 2887 5499; x_wconf 83' lang='grc' dir='ltr'>Κάκείνην</span> <span class='ocrx_word' id='word_1_425' title='bbox 2931 5427 2989 5481; x_wconf 83' lang='grc' dir='ltr'>δὲ</span> <span class='ocrx_word' id='word_1_426' title='bbox 3041 5430 3140 5501; x_wconf 76' lang='grc' dir='ltr'>τήν</span> <span class='ocrx_word' id='word_1_427' title='bbox 3184 5428 3366 5499; x_wconf 76' lang='grc' dir='ltr'>βίϐλον</span> <span class='ocrx_word' id='word_1_428' title='bbox 3409 5430 3498 5485; x_wconf 79' lang='grc' dir='ltr'>διὰ</span> <span class='ocrx_word' id='word_1_429' title='bbox 3546 5431 3645 5501; x_wconf 86' lang='grc' dir='ltr'>τῆς</span> <span class='ocrx_word' id='word_1_430' title='bbox 3679 5429 3829 5495; x_wconf 80' lang='grc' dir='ltr'>θείας</span> 
     </span>
    </p>
   </div>
   <div class='ocr_carea' id='block_1_69' title="bbox 532 5513 2146 5594">
    <p class='ocr_par' dir='ltr' id='par_1_69' title="bbox 532 5513 1130 5584">
     <span class='ocr_line' id='line_1_69' title="bbox 532 5513 1130 5584; baseline 0.003 -17"><span class='ocrx_word' id='word_1_431' title='bbox 532 5513 880 5584; x_wconf 89' lang='lat' dir='ltr'>interpretati</span> <span class='ocrx_word' id='word_1_432' title='bbox 918 5529 1130 5571; x_wconf 92' lang='lat' dir='ltr'>sumus.</span> 
     </span>
    </p>
   </div>
   <div class='ocr_carea' id='block_1_70' title="bbox 1541 5513 3155 5594">
    <p class='ocr_par' dir='ltr' id='par_1_70' title="bbox 2233 5521 3155 5594">
     <span class='ocr_line' id='line_1_70' title="bbox 2233 5521 3155 5594; baseline 0.003 -20"><span class='ocrx_word' id='word_1_433' title='bbox 2233 5521 2458 5593; x_wconf 84' lang='grc' dir='ltr'>χάριτος</span> <span class='ocrx_word' id='word_1_434' title='bbox 2491 5522 2674 5574; x_wconf 84' lang='grc' dir='ltr'>πᾶσαν</span> <span class='ocrx_word' id='word_1_435' title='bbox 2704 5521 3155 5594; x_wconf 78' lang='grc' dir='ltr'>ήρμηνεύσαμεν.</span> 
     </span>
    </p>
   </div>
   <div class='ocr_carea' id='block_1_71' title="bbox 677 5605 3674 5690">
    <p class='ocr_par' dir='ltr' id='par_1_71' title="bbox 677 5605 3674 5690">
     <span class='ocr_line' id='line_1_71' title="bbox 677 5605 3674 5690; baseline 0.004 -30"><span class='ocrx_word' id='word_1_436' title='bbox 677 5605 832 5673; x_wconf 81' lang='lat' dir='ltr'>Quod</span> <span class='ocrx_word' id='word_1_437' title='bbox 863 5607 1040 5676; x_wconf 88' lang='lat' dir='ltr'>ipsum</span> <span class='ocrx_word' id='word_1_438' title='bbox 1072 5609 1235 5662; x_wconf 82' lang='lat' dir='ltr'>etiam</span> <span class='ocrx_word' id='word_1_439' title='bbox 1269 5617 1502 5665; x_wconf 79' lang='lat' dir='ltr'>testatur</span> <span class='ocrx_word' id='word_1_440' title='bbox 1540 5610 1732 5666; x_wconf 85' lang='lat' dir='ltr'>iisdem</span> <span class='ocrx_word' id='word_1_441' title='bbox 1768 5627 1931 5681; x_wconf 82' lang='lat' dir='ltr'>prope</span> <span class='ocrx_word' id='word_1_442' title='bbox 1970 5611 2141 5666; x_wconf 81' lang='lat' dir='ltr'>verbis</span> <span class='ocrx_word' id='word_1_443' title='bbox 2197 5621 2424 5668; x_wconf 75' lang='lat' dir='ltr'>exeunte</span> <span class='ocrx_word' id='word_1_444' title='bbox 2486 5613 2932 5681; x_wconf 86' lang='lat' dir='ltr'>interpretatione</span> <span class='ocrx_word' id='word_1_445' title='bbox 2963 5614 3059 5670; x_wconf 82' lang='lat' dir='ltr'>lib.</span> <span class='ocrx_word' id='word_1_446' title='bbox 3095 5613 3175 5688; x_wconf 88' lang='lat' dir='ltr'>II_</span> <span class='ocrx_word' id='word_1_447' title='bbox 3197 5616 3674 5690; x_wconf 81' lang='lat' dir='ltr'>Paralipomenon.</span> 
     </span>
    </p>
   </div>
   <div class='ocr_carea' id='block_1_72' title="bbox 603 5784 2943 5862">
    <p class='ocr_par' dir='ltr' id='par_1_72' title="bbox 603 5784 2943 5862">
     <span class='ocr_line' id='line_1_72' title="bbox 603 5784 2943 5862; baseline 0.005 -23"><span class='ocrx_word' id='word_1_448' title='bbox 603 5785 678 5859; x_wconf 82' lang='lat' dir='ltr'>(l)</span> <span class='ocrx_word' id='word_1_449' title='bbox 711 5784 821 5843; x_wconf 83' lang='lat' dir='ltr'>Seu</span> <span class='ocrx_word' id='word_1_450' title='bbox 865 5787 1047 5858; x_wconf 85' lang='lat' dir='ltr'>potius</span> <span class='ocrx_word' id='word_1_451' title='bbox 1074 5787 1375 5860; x_wconf 88' lang='lat' dir='ltr'>Gregorius</span> <span class='ocrx_word' id='word_1_452' title='bbox 1414 5789 1482 5844; x_wconf 81' lang='grc' dir='ltr'><strong>Μ.</strong></span> <span class='ocrx_word' id='word_1_453' title='bbox 1571 5790 1647 5862; x_wconf 71' lang='grc'>(2)</span> <span class='ocrx_word' id='word_1_454' title='bbox 1679 5789 1737 5846; x_wconf 88' lang='lat' dir='ltr'>In</span> <span class='ocrx_word' id='word_1_455' title='bbox 1761 5791 2093 5848; x_wconf 81' lang='lat' dir='ltr'>Praefatione</span> <span class='ocrx_word' id='word_1_456' title='bbox 2122 5791 2189 5848; x_wconf 91' lang='lat' dir='ltr'>ad</span> <span class='ocrx_word' id='word_1_457' title='bbox 2215 5789 2943 5850; x_wconf 87' lang='lat' dir='ltr'>JoanncmAntiochcnum.</span> 
     </span>
    </p>
   </div>
  </div>
