4088 6434
203 404 255 475 ιτ
1450 389 1457 395 ’
1701 425 2184 488 TESTIMONIA-
3546 414 3617 500 is

1324 527 1671 587 Tlicodoretus
1706 534 1818 601 ipse
1850 533 1921 586 ad
1954 535 2154 590 Jerem.
2180 548 2312 589 xxxx
2334 577 2348 602 ,
2379 534 2473 602 29,
2502 536 2594 592 30.

276 634 456 690 τοῦτο
480 639 886 714 σαφέστερον
918 646 1049 700 καὶ
1083 645 1185 699 διὰ
1214 645 1298 698 τοῦ
1334 644 1621 699 θεσπεσίου
1666 645 1890 718 Ἐζεκιὴῖ

1991 700 1994 708 ,
2090 646 2315 704 Clarius
2355 648 2461 704 hoc
2498 650 2667 706 etiam
2718 649 2856 705 dixit
2907 649 3174 708 Dominus
3217 669 3315 724 per
3360 654 3605 712 divinum

228 730 580 800 δΔεσπύτης,
606 732 720 785 καὶ
756 734 964 804 ἡμεῖς
994 736 1070 790 δὲ
1092 734 1188 791 διὰ
1209 735 1454 790 πλειόνων
1489 735 1589 807 τὴν
1616 737 1842 809 ἑρμηνεί

2024 736 2390 805 Ezechielem,
2422 747 2476 796 et
2508 756 2613 797 nos
2664 742 2770 813 ipsi
2822 742 3073 814 pluribus
3122 744 3471 818 interpretati
3512 764 3611 804 su-

235 822 652 894 ἐποιησάμεθα.

2022 843 2169 882 mus.
3202 846 3214 859 ‘

1917 938 1988 961 ὸ-

1700 1043 1782 1104 ΙΝ
1841 1039 2258 1105 DANIELEM.

333 1147 706 1204 Theodoreus
733 1149 799 1204 in
842 1149 1206 1214 Prtrfatione
1241 1152 1310 1206 ad
1346 1153 1620 1221 Psalmos,
1648 1155 1713 1209 de
1744 1154 1897 1209 libris
1935 1153 2059 1207 aliis
2099 1151 2191 1220 qui
2224 1149 2569 1205 Psalmorum
2609 1153 3102 1223 interpretationem
3123 1158 3490 1214 retardarunt.

342 1240 407 1291 Ol.
424 1240 526 1310 μὲν
546 1239 665 1310 γὰρ
685 1239 795 1293 τοῦ
823 1240 1139 1313 ’ᾼσματος
1157 1242 1266 1295 τῶν
1290 1242 1549 1315 ᾀσμάτων
1577 1244 1918 1315 ἐπήγγειλαν

2096 1237 2348 1309 Namque
2393 1239 2782 1310 imposuerunt
2829 1243 2996 1299 nobis
3032 1245 3306 1311 nonnulli,
3358 1257 3417 1302 ut
3466 1246 3611 1304 Can-

284 1332 378 1400 τὶιν
405 1331 741 1401 σαφήνειαν,
770 1331 827 1385 οἱ
857 1331 924 1385 δέ
951 1332 1056 1385 τοῦ
1087 1332 1285 1404 ἀνδρὸς
1323 1333 1432 1387 τῶν
1462 1334 1771 1405 ἐπιθυμιῶν
1813 1336 1898 1387 ἐπ-

2024 1331 2200 1382 ticum
2257 1330 2605 1385 canticorum
2669 1346 3074 1403 exponeremus
3108 1352 3123 1390 :
3162 1336 3254 1391 alii
3319 1351 3444 1393 vero
3491 1337 3609 1394 Viri

285 1422 567 1491 εθῦμησαν
603 1420 929 1488 διαγνῶναι
955 1421 1062 1491 τὴν
1090 1423 1453 1494 προφητείαν.

2027 1419 2429 1477 desideriorum
2482 1421 2773 1495 (Danielis)
2824 1423 3210 1483 desiderarunt
3262 1432 3607 1500 prophetiam

2027 1527 2386 1584 cognoscere.
2908 1540 2911 1541 '

1450 1617 1706 1688 Photius,
1744 1618 2095 1681 Bibliotheca:
2123 1628 2303 1683 codice
2332 1643 2482 1686 ccm.

373 1712 724 1783 Ἀνεγνὼσθη
759 1711 862 1766 τοῦ
898 1712 1177 1784 μακαρίου
1220 1714 1571 1787 Θεοδωρήτου
1610 1717 1914 1772 ἐπισκόπου

2093 1722 2357 1796 Legimus
2394 1725 2452 1779 Β.
2492 1725 2828 1784 Theodoreti
2884 1727 3131 1800 episcopi
3169 1729 3296 1801 Cyri
3331 1731 3603 1802 interpre-

284 1803 476 1874 Κύρου
505 1803 791 1875 ἑρμηνεία
827 1805 914 1866 εἰς
936 1803 1033 1856 τὸν
1061 1804 1286 1875 Δανιήλ.
1321 1804 1540 1876 Μακρῷ
1575 1806 1679 1877 μὲν
1701 1798 1857 1872 οὗτος
1884 1812 1898 1861 t

2023 1817 2287 1872 tationem
2326 1817 2591 1875 Danielis.
2620 1818 2719 1874 Vir
2768 1821 2858 1877 hic
2900 1798 3035 1878 sane
3073 1798 3293 1887 doctus,
3323 1839 3433 1879 non
3467 1798 3605 1895 flip-

291 1894 454 1962 σοφὸς
477 1893 652 1964 ἀνὴρ,
693 1894 803 1965 οὐχ
841 1893 1171 1947 Ἱππολύτου
1198 1895 1380 1965 μόνον,
1407 1896 1546 1950 ἀλλά
1577 1898 1675 1953 καὶ⁸
1704 1897 1905 1953 πολλῶι

2019 1910 2209 1981 polyto
2252 1895 2438 1974 modo,
2472 1928 2659 1967 verum
2710 1914 2875 1969 etiam
2911 1914 3035 1970 aliis
3074 1915 3287 1980 multis,
3324 1890 3610 1986 propheti-

291 1984 489 2045 ἄλλων,
528 1986 601 2054 τῇ
636 1982 754 2037 τῶν
782 1983 1148 2054 προφητικῶν
1187 1986 1452 2056 ῥημάτων
1489 1987 1791 2056 ἀναπτύξει
1823 1990 1905 2044 καῖ

2021 2017 2213 2058 eorum
2260 2018 2584 2059 sermonum
2637 2005 3105 2077 interpretatione
3151 2014 3316 2077 atque
3346 2007 3609 2078 explana-

288 2076 659 2147 διακαθάρσει
684 2078 911 2147 κρατεῖ.
921 2078 1081 2130 Ἔστι
1106 2078 1165 2131 δὲ
1183 2079 1285 2149 τὴν
1305 2079 1528 2151 φράσιν,
1555 2081 1611 2133 εί
1629 2099 1716 2146 τις
1735 2082 1902 2147 ἀλλοςτ

2020 2091 2175 2147 tione
2211 2092 2380 2165 longe
2417 2094 2716 2150 antecellit.
2754 2076 2933 2150 Dictio
2976 2095 3097 2166 ejus
3130 2076 3604 2162 commentationi,

289 2169 621 2239 ἑρμηνείαις
654 2169 919 2240 πρέπωνο
952 2169 1036 2240 τῷ
1060 2187 1123 2223 τε
1169 2169 1397 2243 καθαρῷ
1430 2172 1526 2225 καὶ
1549 2173 1779 2245 εὖσήμιρ
1806 2174 1903 2229 τῶι

2020 2183 2067 2238 si
2101 2185 2431 2255 cujusquam
2486 2185 2654 2250 alius,
2701 2185 3011 2256 aptissima.
3062 2186 3196 2240 Nam
3234 2194 3289 2243 et
3332 2188 3488 2258 puris
3533 2188 3609 2243 si-

292 2263 562 2331 ῥημάτων
604 2260 1023 2314 ἀνακαλύπτων
1077 2261 1147 2315 τὰ
1196 2264 1653 2335 συνεσκιασμένα,
1686 2266 1782 2319 καὶ
1839 2266 1906 2339 τῷ

2020 2277 2436 2346 gnantibusque
2486 2278 2682 2333 verbis
2731 2277 2921 2332 abdita
2966 2292 3201 2348 quaeque
3254 2285 3310 2333 et
3367 2279 3607 2333 obseura

290 2353 569 2422 ἡδύνοντι,
598 2353 701 2406 ἅτε
730 2352 801 2424 δὴ
821 2352 1258 2422 διαγλυκαίνων,
1288 2353 1741 2428 προθυμοτέρους
1782 2360 1904 2431 πρὸς

2020 2368 2249 2432 revelat,
2286 2377 2342 2423 et
2370 2367 2725 2438 jucunditate
2754 2368 3020 2438 quadam,
3050 2369 3212 2439 quasi
3245 2368 3605 2426 delinimento

290 2448 395 2514 τὴν
410 2446 726 2512 ἀνάγνωσιν
754 2444 1230 2515 παρασκευάζων.
1260 2447 1371 2500 Καὶ
1403 2446 1509 2518 μὴν
1534 2449 1632 2502 καὶ
1669 2448 1744 2521 τῷ
1779 2452 1904 2521 πρὸς

2020 2459 2291 2530 suavique
2320 2460 2535 2531 lepore,
2565 2459 2634 2514 ad
2678 2460 2765 2515 sui
2799 2460 3095 2516 lectionem
3127 2461 3342 2518 invitat.
3376 2460 3520 2528 Quin
3552 2470 3607 2517 et

295 2535 575 2607 μηδεμίαν
604 2535 889 2606 ἐκτροπὴν
921 2535 1020 2588 καὶ
1050 2534 1398 2605 παρέκϐασιν
1422 2538 1798 2610 ἀποφέρεσθαι
1822 2542 1909 2595 τοῦ

2019 2567 2087 2607 ex
2117 2567 2182 2609 eo
2227 2553 2376 2623 quod
2429 2554 2496 2607 ad
2527 2554 2792 2626 ambages
2824 2553 3011 2610 nullas
3059 2553 3546 2625 digreSsionesque
3575 2571 3605 2609 a

292 2629 697 2699 πβκειμένου,
724 2629 898 2699 κόρον
932 2646 993 2681 τε
1023 2629 1434 2702 ἀφαιρούμενος
1466 2632 1669 2700 πάντα,
1693 2635 1788 2689 καὶ
1816 2638 1906 2709 τὴν

2020 2645 2306 2714 proposito
2334 2652 2661 2716 argumento
2684 2644 2926 2712 recedat,
2952 2646 3264 2701 satietatem
3299 2662 3405 2701 non
3441 2647 3608 2716 modo

294 2721 536 2792 μάθησιν
563 2720 681 2775 τῶν
708 2720 1076 2791 ζητουμένων
1106 2722 1414 2793 ἀσύγχυτόν
1443 2742 1502 2778 τε
1537 2727 1635 2780 καὶ
1665 2728 1908 2783 ἀδιασκέ-

2290 2715 2457 2802 ilfert,
2483 2734 2578 2791 sed
2612 2750 2677 2791 ea
2730 2735 2963 2806 insuper
2989 2752 3112 2809 quae
3157 2737 3213 2791 in
3244 2715 3904 2811 dubiumvbwm'

290 2815 488 2866 δαστον
509 2814 607 2866 καὶ
634 2814 845 2883 εὐχερῆ
868 2816 982 2876 τοῖς
1011 2813 1437 2885 ἀναλεγομένοις
1455 2818 1624 2872 αὑτοῦ
1643 2820 1733 2873 τὸν
1754 2822 1904 2877 πόνοι

2019 2835 2238 2892 cantur,
2275 2827 2397 2884 sine
2443 2829 2556 2883 ulla
2586 2829 2674 2884 vel
2720 2828 3071 2886 confusione-
3097 2828 3183 2886 vel
3217 2829 3604 2900 dissipatione,

291 2903 559 2974 ἐμποιῶν.
592 2904 712 2956 Καὶ
738 2904 779 2972 ἡ
816 2902 970 2968 λέξις
992 2902 1052 2955 δὲ
1080 2901 1269 2968 αὑτοῦ,
1303 2906 1398 2958 καὶ
1447 2907 1481 2975 ὴ
1528 2906 1792 2980 συνθήκη,
1816 2910 1905 2981 τῆς

2020 2921 2169 2976 facili
2215 2932 2271 2978 et
2331 2922 2628 2978 commoda
2688 2923 2904 2977 ratione
2950 2922 3185 2978 lectores
3237 2937 3370 2979 suos
3417 2922 3604 2980 docet.

302 2997 560 3066 Ἀττικῆς
607 2995 905 3063 εὐγενείας
940 2995 1006 3049 οὐ
1036 2996 1235 3064 φεύγει
1262 2997 1362 3062 τὰς
1390 3000 1578 3068 γονάς’
1608 3002 1752 3074 πλὴν
1782 3005 1836 3058 et
1862 3024 1916 3060 τι

2020 3012 2230 3069 Vocum
2267 3014 2396 3069 item
2433 3014 2559 3084 ejus
2599 3013 2869 3083 delectus,
2898 3021 3063 3085 atque
3096 3015 3213 3086 ipsa
3247 3015 3599 3084 compositio,

291 3090 726 3159 περιεργότερον
750 3087 933 3155 αὐτῆς
959 3088 1103 3151 ἐστι,
1124 3090 1221 3178 καὶ
1244 3090 1364 3161 τῆς,
1390 3093 1466 3155 ὡς
1488 3092 1679 3161 φάναι,
1699 3095 1905 3151 πολλῶι

2020 3106 2087 3162 ab
2121 3106 2298 3160 Attica
2330 3104 2623 3176 elegantiae
2654 3105 2869 3178 origine
2901 3121 3013 3160 non
3050 3105 3286 3176 refugit;
3328 3106 3433 3161 nisi
3471 3106 3601 3175 quid

288 3179 462 3248 ἀκοῆς
518 3179 988 3249 ἁνακεχωρηκός.
1034 3176 1209 3235 Τοῦτο
1261 3181 1318 3237 δὲ
1364 3186 1448 3238 ὅτι
1506 3186 1581 3258 μὴ
1637 3190 1902 3261 προσῆκοι

2019 3194 2162 3253 forte
2242 3196 2526 3252 curiosius
2607 3176 2761 3250 illic'
2806 3195 3016 3265 aliquid
3092 3206 3381 3263 occurrat,
3455 3197 3604 3267 quod

290 3270 564 3341 ἑρμηνείᾳ
586 3271 913 3336 ἀποκλίνει,
938 3272 1039 3325 καὶ
1063 3273 1187 3337 ὅλος
1212 3276 1293 3338 είς
1315 3276 1379 3329 τὸ
1405 3276 1632 3348 ἄριστόν
1653 3283 1770 3336 ἐστι
1801 3283 1904 3338 τῶν

2019 3286 2145 3356 quis
2178 3286 2477 3340 multorum
2510 3286 2745 3344 auribus
2777 3287 3064 3343 insolitum
3116 3287 3287 3344 dicat.
3317 3286 3430 3342 Hoc
3467 3303 3601 3343 con-

286 3362 602 3434 ὲῂγητῶν,
661 3363 763 3417 καὶ
793 3364 899 3418 οὐκ
924 3363 1069 3435 ἔχων
1115 3366 1316 3437 ῥᾳδίως
1349 3369 1440 3423 τὸν
1464 3370 1690 3442 ἄμεινον
1718 3364 1900 3431 διασα-

2020 3385 2151 3441 stat,
2181 3377 2318 3432 nihil
2346 3393 2469 3432 eum
2502 3378 2649 3448 quod
2687 3378 2755 3432 ad
2790 3378 3262 3451 interpretandum
3296 3378 3465 3433 faciat
3505 3379 3601 3434 de-

289 3453 493 3518 905m
528 3454 879 3525 ἀνηγμένος.
914 3456 1078 3509 Ἐστι
1114 3457 1216 3526 μὲν
1246 3458 1357 3531 γὰρ
1380 3460 1475 3514 καὶ
1505 3461 1686 3529 ἄλλοις
1718 3466 1779 3519 τὸ
1814 3484 1903 3522 κα-

2018 3470 2258 3534 clinarc,
2296 3470 2545 3541 adeoque
2584 3471 2639 3525 in
2677 3486 2954 3526 summum
2991 3472 3238 3528 evasisse
3268 3473 3601 3542 optimorum

286 3546 472 3617 θαρῶς
501 3548 713 3614 εἰπεῖν,
738 3547 840 3601 καὶ
886 3546 1209 3619 ἀνιχνεῦσαι
1235 3550 1327 3605 τὸν
1371 3553 1499 3608 νοῦν
1535 3554 1647 3609 τῶν
1673 3556 1900 3629 θεωρου-

2016 3561 2380 3631 interpretum
2413 3563 2656 3627 culmen,
2681 3570 2742 3616 ut
2789 3578 2901 3617 non
2939 3559 3103 3617 facile
3140 3563 3213 3619 sit
3240 3562 3475 3633 aliquem
3513 3576 3604 3616 re-

287 3637 493 3706 μένων*
525 3636 590 3691 τὸ
630 3638 680 3691 δ’
720 3638 843 3709 αμα
878 3656 942 3691 τε
985 3640 1175 3709 σαφῶς
1225 3642 1423 3707 εἰπεῖν,
1454 3643 1552 3697 καὶ
1595 3645 1763 3716 μηδὲν
1799 3648 1901 3703 τῶν

2016 3660 2298 3723 perturus,
2345 3644 2441 3724 qui
2491 3652 2585 3706 illo
2619 3653 2818 3708 melius
2872 3653 3111 3708 obscura
3149 3653 3412 3724 explicet.
3463 3653 3605 3707 Sunt

288 3730 615 3798 ἀναγκαίων
665 3732 729 3783 ἐν
764 3730 849 3801 τῷ
873 3732 1134 3802 συντόμῳ
1182 3734 1539 3804 παραλιπεῖν,
1582 3738 1721 3809 μηδὲ
1770 3739 1902 3812 πρὸς

2016 3744 2244 3813 quidem
2278 3751 2334 3798 et
2371 3744 2462 3798 alii
2500 3759 2641 3814 pure
2690 3743 3004 3814 loquentes,
3055 3745 3148 3814 qui
3188 3744 3598 3816 propositarum

289 3821 572 3893 ἐκδρομὰς
596 3822 634 3893 ἢ
658 3822 1049 3886 ἐπιδεικτικὰς
1073 3823 1265 3892 σοφίας
1286 3829 1507 3896 χωρεῖν,
1538 3827 1572 3898 ἢ
1595 3828 1772 3894 ἄλλως
1807 3831 1903 3901 μὲν

2018 3835 2124 3891 sibi
2173 3850 2361 3891 rerum
2402 3851 2629 3892 sensum
2668 3836 2815 3891 haud
2854 3838 3101 3908 segniter
3132 3837 3468 3908 investigent
3500 3822 3602 3891 :.at

286 3916 391 3967 ὡκ
434 3916 763 3985 ἀχρήστους
797 3916 1003 3978 ποιεῖν.
1043 3916 1438 3989 παρασύροντα
1457 3920 1516 3973 δὲ
1544 3920 1638 3974 τοῦ
1681 3940 1900 3994 προκει-

2016 3926 2185 3983 simul
2210 3934 2265 3983 et
2292 3928 2589 3999 perspicue
2617 3927 2824 3993 dicere,
2856 3934 2909 3983 et
2940 3928 3080 3982 nihil
3116 3927 3337 3983 interim
3376 3926 3600 3997 cognitu

289 4005 461 4075 μένου
494 4006 574 4076 μὴ
600 4005 847 4069 ἀπιδεῖν,
872 4005 929 4059 εῐ
951 4022 1007 4060 τι
1038 4006 1188 4075 ἀλλο,
1225 4009 1320 4063 καὶ
1350 4010 1433 4082 τῷ
1461 4014 1686 4085 χρηστῷ
1705 4015 1903 4071 Θεοδω-

2015 4019 2419 4086 necessarium,
2464 4019 2553 4074 vel
2601 4018 2897 4074 brevitatis
2944 4033 3112 4074 causa
3157 4018 3596 4090 praetermittere,

290 4096 446 4166 ρήτῳ
476 4094 702 4148 ἔνεστιν
732 4094 1204 4165 ἐσπουδασμένον
1235 4098 1335 4152 οὐκ
1361 4101 1420 4153 ἐν
1448 4101 1622 4173 ταύτῃ
1653 4104 1815 4174 μόνον
1838 4109 1904 4179 τῇ

2011 4125 2124 4165 non
2157 4111 2290 4167 item
2338 4112 2406 4166 ad
2451 4112 2805 4177 diverticula,
2837 4112 2922 4166 vel
2950 4110 3017 4166 ad
3050 4110 3319 4166 doctrinae
3355 4116 3601 4164 ostenta-

291 4184 685 4273 πραγματείᾳ,
725 4183 869 4238 ἀλλά
893 4184 1098 4273 μικροῦ
1130 4186 1237 4240 δέω
1263 4188 1431 4258 φάναι
1456 4191 1552 4244 καλ⁸
1577 4193 1637 4245 ἐν
1673 4194 1904 4259 πάσαις·

2013 4201 2218 4257 tionem
2265 4202 2478 4272 digredi
2522 4202 2650 4273 (nisi
2706 4204 2823 4258 haec
2865 4203 3097 4258 forsitan
3130 4217 3241 4257 non
3278 4202 3400 4257 sine
3446 4201 3597 4255 utili-

289 4276 490 4329 πολλαὶ
512 4276 575 4328 δὲ
602 4270 799 4341 αὗται,
823 4277 884 4328 ἐν
913 4271 1003 4339 αἷς
1025 4276 1135 4330 τῶν
1168 4278 1331 4349 ἱερῶν
1346 4281 1699 4354 Γραμμάτων
1729 4286 1762 4355 ή
1791 4286 1903 4339 δια-

2013 4299 2126 4348 tate
2175 4270 2591 4364 adhibeantur),
2625 4301 2687 4347 ut
2733 4294 2940 4364 percipi
2972 4292 3209 4363 nequeat
3260 4293 3407 4362 quod
3460 4308 3491 4346 a
3540 4307 3601 4347 re

290 4372 538 4439 σάφησις
563 4370 977 4440 φιλοπονεῖται.

2013 4384 2300 4454 proposita
2334 4382 2677 4449 discedatur,
2708 4384 2817 4441 hoc
2845 4393 2997 4440 certe
3031 4398 3146 4455 prae
3179 4384 3393 4440 caeteris
3432 4384 3601 4439 rebus

287 4466 558 4521 oninibus
592 4480 625 4519 a
656 4467 814 4521 bono
849 4463 1204 4521 Theodoreto
1234 4466 1483 4523 studiose
1512 4477 1767 4524 curatum
1802 4478 1911 4537 est,
1952 4488 2063 4529 non
2090 4477 2145 4531 in
2176 4476 2284 4531 hoc
2317 4477 2496 4533 solum
2527 4492 2717 4548 opere,
2740 4478 2835 4534 sed
2860 4477 2980 4534 fere
3008 4476 3244 4532 dixerim
3306 4477 3361 4532 in
3423 4475 3601 4531 omni-

288 4564 395 4618 bus
424 4560 559 4629 ejus
593 4559 854 4630 scriptis,
882 4573 1010 4631 qua:
1040 4559 1216 4616 multa
1255 4576 1390 4618 sane
1423 4564 1674 4636 reliquit,
1699 4566 1903 4637 quibus
1939 4583 2156 4627 sacram
2197 4570 2543 4643 Scripturam
2583 4573 2859 4632 industria
2889 4588 2991 4630 sua
3024 4573 3340 4629 illustravit.

1518 4770 1916 4841 DUODECIM
1968 4781 2417 4844 PROPHETIE.

1280 4877 1636 4937 Theodoretus
1674 4885 1785 4954 ipse
1826 4887 1883 4941 in
1902 4888 2233 4961 Prwfatione
2263 4889 2332 4943 ad
2367 4889 2637 4945 Psalmos.

360 4967 490 5021 τῶν
518 4968 707 5023 ἄλλων
730 4967 893 5024 θείων
908 4971 1139 5043 γραφῶν
1160 4971 1290 5042 παρ’
1314 4972 1583 5044 ήμῶντάς
1604 4976 1902 5049 ἑρμηνείας
1934 4990 1974 5043 D

1948 4990 1979 5043 Β
2077 4982 2324 5037 Aliorum
2353 4996 2645 5037 sacrorum
2669 4979 3016 5037 voluminum
3043 4976 3464 5049 explanationes
3495 4975 3562 5030 lla

286 5064 649 5134 αἰτήσαντες,
682 5063 736 5116 οἱ
766 5063 868 5135 μὲν
888 5065 984 5118 τοῦ
1019 5065 1301 5136 ’ᾼσματος
1331 5064 1443 5121 τῶν
1468 5067 1749 5139 ᾀσματῶν,
1777 5071 1828 5123 oi
1847 5071 1900 5125 δὲ

2012 5071 2270 5141 gitantes,
2312 5071 2421 5127 alii.
2455 5069 2674 5125 Cantiei
2723 5069 3105 5133 canticorum,
3148 5065 3242 5120 alii
3291 5063 3408 5119 Viri
3451 5064 3567 5121 desi

284 5155 383 5209 τοῦ
399 5155 608 5227 ἀνδρὸς
622 5157 739 5209 τῶν
761 5156 1095 5230 ἐπιθυμιῶν,
1118 5158 1270 5213 ἄλλοι
1296 5158 1354 5212 δὲ
1369 5157 1468 5213 τοῦ
1486 5159 1778 5215 θεσπεσίου
1805 5164 1898 5216 'le-

2010 5161 2317 5228 deriorum,
2363 5161 2455 5215 alii
2507 5161 2682 5217 divini
2740 5158 3077 5222 Ezechielis,
3147 5157 3238 5212 alii
3299 5157 3594 5214 duodecim

282 5245 503 5319 ζεκιήλ,
536 5248 639 5301 καὶ
666 5247 852 5318 ἕτεροι
883 5246 995 5302 τῶν
1032 5248 1244 5303 δώδεκα
1270 5251 1572 5321 προφητῶν
1605 5251 1896 5323 ἐζήτησαν·

2010 5250 2419 5322 PrOphetarum
2443 5252 2851 5323 expositionem
2888 5250 3242 5321 postularunt
3285 5266 3299 5303 :
3335 5246 3595 5317 deditque

281 5340 378 5392 καὶ
403 5339 653 5394 δέδωκεν
672 5340 704 5394 ό
729 5338 845 5394 τῶν
864 5339 1006 5394 ὅλων
1029 5339 1164 5404 Θεὸς
1183 5341 1392 5395 τούτων
1414 5342 1580 5397 αὑτοῦ
1605 5341 1718 5398 τῶν
1744 5344 1895 5398 θείων

2010 5344 2175 5400 nobis
2209 5344 2599 5401 universorum
2629 5342 2795 5406 Deus,
2824 5350 2885 5397 ut
2913 5342 3358 5398 Commentarios
3391 5339 3446 5394 in
3479 5338 3594 5393 haec

274 5430 462 5501 λόγων
496 5434 862 5505 συμπεράναι
892 5431 994 5505 τὴν
1021 5434 1345 5505 ἑρμηνείαν.
1397 5436 1405 5445 ’

2012 5435 2192 5506 ipsius
2229 5435 2418 5491 divina
2449 5435 2675 5506 eloquia
2714 5435 2782 5489 ad
2823 5434 2985 5490 tinem
3027 5435 3477 5505 perduceremus.

1466 5547 1716 5612 lett'us,
1750 5545 2097 5604 Bibliotheca:
2125 5547 2305 5603 codice
2341 5563 2462 5605 ccv.
3560 5590 3567 5597 .

358 5639 723 5712 Ἀνεγνώσθη
748 5639 853 5695 τοῦ
884 5639 1061 5695 αὐτοῦ
1087 5642 1170 5706 εἰς
1198 5642 1326 5707 τοὺς
1348 5643 1559 5699 δώδεκα
1591 5645 1903 5715 προφήτας,

2086 5641 2345 5713 Legimus
2368 5641 2616 5713 ejusdem
2647 5641 2702 5696 in
2727 5639 3018 5695 duodecim
3044 5635 3368 5706 l’rOplietas,
3400 5630 3588 5684 eadem

272 5733 420 5804 ἐντῇ
452 5734 601 5806 αὐτῇ
654 5733 774 5787 τῶν
833 5731 1019 5799 λὸγων
1062 5732 1321 5806 καλλονῇ,
1369 5736 1597 5806 καὶτῆς
1649 5736 1885 5799 διανοίας

2016 5734 2280 5793 dictionis
2338 5744 2391 5791 et
2450 5732 2739 5792 sentcntiae
2796 5737 3083 5788 venustate
3142 5724 3467 5779 adornatum
3523 5722 3589 5776 li-

264 5825 748 5898 διεσκευασμένον
780 5824 1023 5895 βιϐλίον.
2012 5825 2191 5881 brum.
3488 5826 3497 5832 ’
