4088 6416
314 350 390 414 29
1274 356 1359 416 IN
1399 356 1784 416 CANTICUM
1821 354 1963 413 CAN

2064 354 2113 414 Γ).
2152 379 2221 389 -
2272 353 2685 415 ΡΒᾸΞΕΑΤΙΟ.
3569 342 3639 405 30

324 463 444 516 ἀλλ’
475 460 651 533 εὐχὴν
680 464 779 516 καὶ
828 464 1088 528 ἱκετείαν,
1141 460 1213 536 ἦς
1261 466 1345 518 ὅτι
1400 465 1634 535 μάλιστα
1664 463 1952 534 χρῄζουσιν

2064 477 2147 517 eos.
2167 503 2179 526 ,
2210 478 2449 532 quarum
2474 461 2731 532 przesidio
2762 459 3113 528 potissimum
3149 462 3312 525 egent
3340 454 3414 517 ii,
3447 454 3539 523 qui
3569 454 3635 506 ad

325 553 377 606 οἱ
402 552 510 622 τῆς
536 552 653 606 τῶν
683 554 847 609 Οείων
872 557 1073 626 λογίων
1107 556 1347 619 διανοίας
1391 555 1676 624 ἐφικέσθαι
1721 555 1947 608 ποθοῦν-

2064 563 2423 609 sacrosancta:
2471 552 2772 621 Scriptura:
2813 547 3186 619 cognitionem
3235 543 3468 613 cupiunt
3510 556 3634 610 per-

328 661 440 708 τες.
495 644 744 710 Ἐδίδαξε
778 647 889 718 γάρ
932 650 1090 718 ἡμᾶς
1138 651 1168 701 ὁ
1223 648 1491 719 μακάριος
1537 648 1701 701 Δαϐὶδ
1737 648 1947 717 λέγειν·

2064 645 2258 698 venire.
2313 643 2403 697 Sic
2427 643 2571 696 enim
2604 642 2786 695 dicere
2827 654 2929 693 nos
2962 636 3155 692 docuit
3189 635 3386 690 beatus
3419 631 3588 685 David
3622 654 3632 685 :

335 754 353 784 ι
400 734 793 805 ’Δποκάλυψον
822 736 950 799 τοὺς
992 737 1315 807 ὀφθαλμούς
1352 754 1474 806 μου,
1508 740 1601 789 καὶ
1634 738 1950 807 κατανοήσω

2064 753 2077 785 ι
2109 737 2307 790 ltevcla
2354 736 2549 790 oculos
2588 750 2736 789 meos
2758 773 2772 796 ,
2812 739 2865 787 et
2900 730 3262 787 considerabo
3299 728 3571 782 mirabilia
3606 743 3635 779 (ι

329 826 401 877 τὶ
457 825 802 896 θαυμάσιαι
833 828 900 881 ὲκ
944 828 1037 882 τοῦ
1088 828 1258 899 νόμον
1313 844 1425 882 σου.
1467 846 1485 879 ι
1513 827 1698 882 Ταῦτα
1747 828 1949 881 δεδιδα-

2064 828 2169 897 lege
2205 833 2295 880 tua
2334 839 2382 881 ει.
2414 844 2432 876 ι
2462 825 2596 881 Cum
2636 826 2821 893 itaque
2874 823 2987 877 haec
3032 821 3211 877 edocti
3271 821 3477 877 simus.
3539 816 3632 869 Dei

331 918 558 986 γμένοι,
587 919 692 988 τὴν
724 918 879 973 Θείαν
914 920 1293 990 ἱκετεύσωμεν
1311 924 1487 991 χάριν,
1515 921 1790 988 ὑποδ;ῐξαι
1821 923 1951 991 ἡμῖν

2064 918 2285 986 gratiam
2309 957 2324 981 ,
2354 933 2474 987 quae
2508 918 2667 971 nobis
2695 915 2925 985 hujusce
2954 913 3074 968 libri
3104 926 3323 968 sensum
3360 917 3524 978 atque
3552 907 3634 959 iu-

727 1010 757 1064 ὖ
788 1015 808 1043 ⁵
841 1011 1053 1078 βιϐλίου
1090 1012 1355 1066 διάνοιαν.
2054 1008 2412 1078 telligentiam
2445 1008 2690 1077 aperiat,
2726 1006 3108 1074 imploremus.

332 1009 435 1079 τὴν
462 1009 627 1061 τοῦδε
656 1010 757 1064 τοῦ
788 1015 808 1043 ⁵
841 1011 1053 1081 βιϐλίου
1090 1012 1355 1066 διάνοιαν.

419 1100 656 1172 Ἐπειδὴ
716 1101 777 1155 δέ
836 1119 985 1169 τινες
1026 1103 1136 1155 τῶν
1188 1102 1250 1155 τὸ
1295 1099 1487 1175 τᾼσμα
1537 1104 1644 1156 τῶν
1691 1105 1954 1175 ᾀσμάτων

2124 1102 2437 1167 Caeterum,
2472 1102 2601 1171 quia
2641 1099 2893 1155 nonnulli
2937 1114 3165 1160 eorum,
3209 1096 3301 1166 qui
3352 1092 3634 1148 Canticum

2054 1194 2399 1248 canticorum
2450 1191 2881 1254 calumniantur,
2925 1205 2987 1245 ac
3027 1186 3372 1257 spiritualem
3410 1196 3531 1237 esse
3570 1181 3636 1233 li-

336 1190 770 1257 διαϐαλλόντων,
816 1193 911 1246 καὶ
958 1196 1333 1264 πνευματικὸν
1372 1191 1510 1249 εἶναι
1555 1195 1616 1248 τὺ
1660 1194 1864 1264 βιϐλίον
1890 1195 1951 1247 οὐ

340 1282 743 1346 πεττευόντων,
783 1283 989 1354 μύθους
1030 1285 1089 1337 δέ
1132 1302 1288 1350 τινας
1328 1286 1449 1340 οὐδὲ
1488 1287 1752 1359 γραῖδίοις
1773 1304 1951 1358 παρα-

2064 1284 2211 1339 brum
2246 1292 2482 1355 negant,
2513 1282 2728 1340 fabulas
2753 1283 2805 1353 3
2833 1281 3105 1352 quasdam
3136 1293 3205 1333 ne
3238 1274 3480 1330 aniculis
3514 1272 3637 1341 qui-

338 1371 605 1441 ληρσῧσιν
628 1373 1009 1444 ἁρμόττοντας
1029 1376 1385 1444 ὑφαινόντων,
1408 1379 1500 1431 καὶ
1516 1378 1693 1446 λέγειν
1724 1378 1956 1449 τολμών-

2064 1377 2175 1431 dem
2204 1375 2581 1431 delirantibus
2610 1375 2812 1446 dignas
2841 1378 3185 1436 contexunt;
3219 1368 3310 1422 alii
3339 1367 3635 1421 nimirum.

338 1481 471 1523 των.
497 1464 577 1530 ὡς
601 1466 772 1534 σοφὸς
796 1468 818 1498 ⁸
848 1467 1105 1539 Σολομὼν
1141 1470 1224 1534 εἰς
1248 1470 1455 1533 ἑαυτὸν,
1481 1471 1572 1523 καὶ
1600 1471 1697 1541 τὴν
1742 1470 1833 1525 τοῦ
1856 1472 1955 1525 Φα-

2064 1467 2201 1537 qnod
2235 1467 2456 1536 sapiens
2493 1465 2715 1521 Salomo
2742 1467 2810 1521 de
2841 1481 2899 1521 se
2931 1465 3053 1533 ipso
3074 1501 3090 1526 ,
3120 1462 3300 1530 deque
3332 1453 3638 1510 Pharaonis

2059 1558 2166 1613 tilia
2192 1555 2793 1629 scripseritfuonnnili
2823 1562 3005 1610 autem
3039 1551 3287 1622 ejusdem
3323 1546 3523 1601 classis
3548 1559 3640 1595 au-

338 1554 463 1626 ραὼ
496 1556 802 1629 θυγατέρα,
825 1558 986 1612 τοῦτο
1015 1560 1387 1634 συγγέγραφε,
1409 1563 1502 1615 καὶ
1532 1562 1678 1616 ἄλλοι
1699 1562 1755 1616 δέ
1772 1563 1792 1592 ⁷
1812 1579 1955 1626 τινες

2056 1658 2240 1707 ctores
2273 1663 2370 1718 pro
2391 1646 2699 1702 Pharaonis
2727 1645 2834 1700 ﬁlia
2859 1659 3123 1719 sponsam
3152 1655 3275 1696 esse
3315 1636 3500 1693 Abisai
3534 1633 3639 1687 Su—

338 1647 729 1718 ταυτησὶδτῆς
752 1650 1068 1721 συμμορίας
1088 1652 1442 1724 ὑπάρχοντες,
1461 1654 1686 1725 Ἀϐισαὴ
1710 1656 1806 1726 τὴν
1833 1656 1955 1708 Σου-

340 1740 588 1809 ναμῖτιν,
617 1740 743 1793 ἀντὶ
761 1741 864 1811 τῆς
884 1740 978 1796 τοῦ
1006 1743 1209 1815 Φαραὼ
1232 1744 1518 1816 θυγατρὸς,
1542 1742 1681 1801 εἶναι
1709 1748 1806 1818 τὴν
1829 1748 1888 1800 νύ
1897 1766 1954 1818 μ-

2064 1739 2373 1795 namitidem
2404 1738 2714 1803 ﬁnxerunt;
2747 1736 2971 1807 quidam
3004 1748 3134 1790 vero
3168 1728 3491 1802 prudentius
3517 1739 3637 1778 con-

342 1847 451 1899 ιξην
471 1831 569 1883 άνε
578 1831 879 1885 πλάσαντο·
899 1836 949 1886 οἱ
970 1834 1026 1887 δὲ
1044 1835 1254 1889 τούτων
1277 1837 1599 1909 σεμνότερον
1620 1840 1952 1912 νενοηκὸτες,

342 1918 632 1988 βασιλικὸν
649 1921 745 1975 τὸν
765 1922 926 1990 λόγον
943 1923 1292 1996 ὠνομάκασι,
1326 1928 1417 1982 καὶ
1435 1928 1652 2001 νύμφην
1668 1930 1759 1985 τὸν
1779 1931 1798 1962 ⁹
1827 1931 1954 1985 λαὸν

345 2010 875 2081 προαηγορεῦκασι,
927 2015 1021 2068 τὸν
1075 2015 1133 2070 δὲ
1193 2016 1417 2085 βασιλέα
1464 2020 1737 2089 νυμφίον’
1783 2022 1952 2090 ἀναγ-

344 2102 502 2153 καῖον
544 2101 731 2155 τοίνυν
773 2105 1130 2176 ἡγησάμεθα,
1156 2107 1255 2179 τῆς
1307 2110 1601 2180 ἑρμηνείας
1643 2112 1952 2183 ἀρχόμενοι,

344 2191 446 2261 τὴν
493 2190 902 2265 διεψευσμένην
956 2197 1166 2268 ταύτην
1217 2199 1314 2253 καὶ
1371 2200 1639 2273 βλαϐερὰν
1692 2203 1956 2277 πρότερον

343 2281 620 2351 διελέγξαι
649 2284 913 2353 διάνοιαν,
948 2285 1051 2343 εἷθ’
1092 2289 1269 2355 οὕτως
1316 2293 1462 2364 σαφῆ
1502 2295 1598 2348 τοῦ
1629 2296 1956 2366 γράμματος

345 2373 441 2425 τὸν
476 2375 683 2428 σκοπὸν
717 2378 1091 2449 καταστῆσαι.
1128 2381 1329 2451 Ἐχρῆν
1360 2384 1456 2453 μὲν
1484 2379 1577 2438 οὖν
1608 2387 1802 2450 αὐτοὺς
1834 2404 1958 2440 συν-

352 2463 511 2529 ιδεῖν,
536 2465 613 2528 ὡς
642 2466 778 2520 πολὺ
822 2467 949 2522 λίαν
978 2469 1161 2524 αὐτῶν
1193 2473 1290 2526 καὶ
1321 2473 1639 2546 σοφώτεροι,
1675 2478 1770 2530 καὶ
1797 2496 1955 2531 msu-

354 2555 722 2626 ματικὼτεροι
760 2559 1133 2629 τυγχάνουσιν
1177 2564 1226 2615 οἱ
1278 2564 1538 2636 μακάριοι
1590 2568 1854 2640 Πατέρες,
1904 2572 1953 2624 οἱ

350 2643 517 2699 τοῦτο
545 2646 605 2699 τὸ
639 2645 850 2716 βιϐλίον
896 2652 1019 2713 ταῖς
1049 2650 1222 2714 Θείαις
1267 2653 1512 2725 Γραφαῖς
1547 2660 1951 2730 συντεταχότες,

349 2737 446 2789 καὶ
496 2736 592 2791 ἅτε
638 2738 704 2809 δὴ
754 2741 1138 2811 πνευματικὸν
1176 2746 1555 2811 κανονίσαντές
1584 2766 1641 2801 τε
1677 2750 1828 2815 αὐτὸ,
1863 2754 1957 2805 καὶ

362 2828 664 2901 Ἐκκλησία
697 2829 939 2900 πρέπειν
966 2832 1401 2905 ἀποφηνάμενοι.
1443 2838 1517 2890 Οὐ
1544 2840 1651 2909 γάρ
1684 2840 1772 2904 ἂν,
1801 2842 1954 2915 εἴπερ

352 2920 527 2984 ἄλλως
553 2922 852 2998 ὑπέλαϐον,
881 2925 1004 2988 ταῖς
1048 2925 1232 2992 ἁγίαις
1272 2928 1405 2982 αὐτὸ
1446 2929 1692 2999 Γραφαῖς
1732 2935 1956 3005 συνηρε-

350 3009 592 3081 θμησαν,
622 3013 902 3084 ἀκρασίας
931 3013 1054 3085 ἔχον
1084 3017 1179 3069 καὶ
1209 3017 1519 3089 φιληδονίας
1544 3019 1819 3075 ὑπόθεσιν.
1845 3023 1957 3078 Καὶ

349 3102 711 3196 τῐᾉδείγτοὺς
742 3105 901 3158 κάτω
951 3105 1133 3175 λέγειν
1181 3108 1454 3179 Πατέρας,
1495 3109 1614 3176 ἐξὸν
1650 3112 1816 3166 αὑτοῦ
1862 3115 1955 3168 τοῦ
1984 3138 2027 3196 c

350 3191 500 3247 Θείου
551 3194 884 3267 Πνεὺματος
937 3197 1165 3252 καλέσαι
1214 3198 1314 3270 τὴν
1365 3202 1700 3273 μαρτυρίαν;
1746 3205 1961 3279 Ἐπειδὴ

352 3286 464 3357 γὰρ
494 3288 550 3340 αἱ
596 3285 745 3341 θεῖαι
799 3287 1040 3360 Γραφαὶ,
1085 3291 1142 3343 αί
1191 3291 1293 3361 μὲν
1347 3292 1451 3346 ὑπὸ
1506 3294 1822 3363 Μανασσοῖδ
1869 3298 1963 3351 τοῦ

355 3377 594 3449 πονηρίᾳ
647 3378 749 3433 καὶ
796 3377 1091 3467 δυσσεϐεία
1134 3380 1262 3446 τούς
1292 3399 1350 3436 τε
1380 3384 1486 3456 πρὸ
1518 3386 1685 3441 αὐτοῦ
1716 3391 1808 3443 καὶ
1847 3394 1964 3461 μετ’

354 3469 518 3521 ain?”
563 3469 825 3534 ἃπαντας
868 3471 1313 3545 ἀποκρύψαντος,
1338 3475 1780 3549 ἐνεπρήσθησανο
1817 3482 1871 3535 αἱ
1910 3483 1965 3537 δὲ

355 3562 497 3614 κατὰ
521 3562 615 3616 τὸν
647 3563 757 3634 τῆς
788 3564 1169 3635 αἰχμαλωσίας
1207 3566 1398 3639 καιρὸν
1422 3569 1467 3601 ¹⁶
1500 3570 1719 3641 φροῦδοι
1770 3592 1966 3629 παντε-

357 3653 462 3718 id);
502 3655 791 3723 ἐγένοντοο
832 3656 945 3711 τῶν
978 3657 1338 3713 Βαϐυλωνίων
1379 3660 1471 3715 καὶ
1515 3662 1609 3717 τὸν
1655 3662 1798 3717 Θεῖον
1842 3666 1967 3719 ναὸν

357 3746 793 3817 ἐμπρησάντων,
825 3749 924 3801 καὶ
969 3746 1068 3819 τὴν
1115 3749 1271 3803 πόλιν
1316 3749 1618 3806 ἀνάστατον
1668 3755 1966 3824 πεποιηκό-

356 3854 485 3901 των,
514 3838 610 3892 καὶ
644 3839 741 3892 τὸν
787 3838 920 3893 λαὸν
969 3839 1581 3912 ἐξανδραποδισαμένων
1630 3844 1771 3914 μετά
1803 3846 1967 3901 πολὺν

356 3928 493 3980 ἑτῶν
523 3929 790 4000 ἀριθμὸν,
818 3927 918 3983 τοῦ
962 3929 1096 3984 λαοῦ
1142 3931 1305 3986 πάλιν
1347 3933 1697 4006 ἀνακλήσεως
1735 3954 1967 4009 τετυχη-

357 4022 535 4085 κότος.
560 4023 592 4075 ὁ
618 4022 903 4093 μακάριος
939 4023 1199 4092 Ἔσδρας,
1227 4024 1366 4096 ἀνὴρ
1413 4028 1581 4099 ἀρετῇ
1628 4027 1966 4101 διαπρέπων,

357 4113 451 4164 καὶ
479 4111 578 4164 τοῦ
612 4112 895 4180 παναγίου
941 4113 1261 4185 Πνεύματος
1308 4116 1520 4189 πλήρης
1550 4118 1859 4189 γενόμενος,
1894 4121 1970 4185 ὡς

357 4204 457 4274 βοᾷ
485 4203 559 4256 τά
587 4203 925 4274 πράγματα,
956 4205 1055 4270 τὰς
1095 4207 1400 4275 ἀναγκαίας
1431 4210 1565 4281 ἡμῖν
1585 4211 1678 4264 καὶ
1695 4212 1970 4282 σωτηρίας

356 4296 708 4364 παρεκτικάς
717 4295 1033 4366 ἀναγράφει
1044 4297 1286 4367 Γραφάς·
1301 4300 1393 4352 καὶ
1403 4301 1462 4352 οὐ
1476 4300 1637 4371 μόνον
1647 4302 1714 4356 τά
1729 4303 1971 4367 Μωσέως

356 4381 809 4451 συγγράμματα,
836 4381 975 4435 ἀλλά
1003 4384 1098 4436 καὶ
1120 4385 1220 4456 τὴν
1244 4386 1440 4455 Ἰησοῦ,
1477 4389 1570 4442 καὶ
1603 4390 1711 4444 τῶν
1730 4390 1968 4457 Κριτῶν,

2058 1831 2387 1892 sidcrantcs,
2414 1843 2725 1884 sermonem
2752 1827 2900 1881 hunc
2933 1824 3140 1895 regium
3169 1820 3550 1891 appellarunt,
3582 1821 3641 1879 ut

2056 1939 2275 1995 sponsae
2306 1922 2531 1977 nomine
2564 1920 2837 1990 populus,
2875 1917 3065 1989 sponsi
3103 1923 3319 1970 autem,
3356 1926 3448 1965 rex
3487 1906 3645 1960 iuta:-

2057 2018 2298 2089 ligatur:
2334 2013 2717 2069 necessarium
2762 2025 2886 2067 esse
2928 2005 3244 2080 putavimus
3273 2042 3287 2064 ,
3326 2011 3383 2055 ut
3429 2001 3481 2053 in
3522 1998 3643 2066 ipsn

2054 2087 2530 2176 interpretationis
2581 2101 2743 2157 initio
2791 2100 2948 2172 prius
2989 2096 3160 2153 falsas
3200 2107 3265 2147 ac
3302 2087 3645 2161 perniciosas

2056 2199 2289 2265 istorum
2318 2194 2611 2265 opiniones
2635 2190 3009 2252 conl‘utcmus,
3035 2184 3235 2242 deinde
3251 2198 3451 2242 .verum
3484 2195 3545 2232 ac
3570 2180 3646 2229 di-

2058 2289 2300 2345 lucidum
2338 2285 2637 2356 scriptoris
2675 2281 3023 2354 propositum
3059 2275 3443 2333 ostendamus.
3480 2271 3644 2339 Atqui

2057 2379 2332 2435 debebant
2380 2377 2508 2440 isti,
2564 2390 2625 2431 se
2675 2375 2838 2443 longe
2888 2371 2972 2426 vel
3022 2366 3294 2438 sapientia
3326 2364 3410 2418 vel
3448 2362 3643 2430 spiritu

2056 2470 2468 2542 prtestantiores
2495 2480 2797 2539 agnoscere
2818 2470 3041 2518 sanctos
3070 2460 3263 2514 Patres
3284 2495 3300 2520 ,
3323 2454 3418 2525 qui
3448 2453 3645 2507 librum

2058 2568 2203 2621 hunc
2235 2565 2378 2619 inter
2406 2562 2623 2619 divinas
2657 2558 2978 2627 Scripturas
3010 2553 3377 2611 collocarunt,
3412 2560 3648 2633 eumque

2059 2667 2118 2713 ut
2142 2657 2345 2729 spiritu
2371 2655 2635 2710 refertum
2661 2650 3107 2722 comprobantes,
3133 2641 3383 2700 Ecclesia
3411 2638 3641 2709 dignum

2057 2752 2411 2802 censuerunt.
2449 2742 2639 2813 Neque
2668 2741 2851 2805 enim,
2879 2737 2925 2793 si
2954 2737 3117 2791 aliter
3148 2731 3486 2790 sensissent,
3516 2742 3648 2782 san-

2058 2845 2270 2893 ctarum
2324 2834 2740 2906 Scripturarum
2798 2843 3033 2886 numero
3084 2822 3526 2895 intemperantiae
3583 2835 3649 2874 ac

2060 2927 2304 2983 libidinis
2341 2934 2734 2997 argumentum
2777 2921 3190 2992 ascripsissent.
3235 2915 3343 2972 Sed
3382 2912 3513 2984 quid
3551 2926 3649 2966 ne-

2059 3033 2212 3073 cesse
2238 3025 2322 3074 est
2350 3015 2675 3072 recentioris
2704 3013 2982 3069 memoriae
3007 3011 3230 3065 Patrum
3258 3004 3647 3062 auctoritatem

2059 3110 2341 3176 adhibere,
2371 3125 2497 3166 eum
2526 3109 2704 3178 ipsius
2728 3105 2898 3160 divini
2929 3104 3168 3173 Spiritus
3202 3099 3276 3155 uti
3309 3098 3472 3153 liceat
3497 3092 3651 3149 testi-

2067 3201 2291 3257 monio?
2323 3199 2458 3255 Nam
2491 3215 2617 3254 cum
2651 3212 2810 3255 sacra
2841 3195 3137 3251 Volumina
3163 3189 3361 3263 partim
3397 3185 3503 3245 sub
3533 3183 3648 3237 Ma-

2067 3309 2251 3359 nasse,
2301 3293 2392 3364 qui
2424 3306 2618 3348 omnes
2640 3334 2654 3359 ,
2683 3295 2955 3362 quotquot
2985 3295 3039 3341 ct
3073 3293 3200 3340 ante
3236 3290 3291 3339 et
3315 3289 3440 3353 post
3468 3279 3648 3349 ipsum

2068 3384 2326 3449 fuerunt,
2365 3384 2575 3441 scelere
2614 3388 2781 3452 atque
2821 3378 3107 3449 impietate
3143 3372 3461 3446 superavit,
3493 3383 3649 3424 com-

2068 3475 2233 3532 busta
2260 3482 2447 3531 essent
2474 3491 2487 3528 :
2526 3471 2730 3544 partim
2763 3466 3107 3540 captivitatis
3133 3474 3381 3534 tempore
3402 3502 3418 3527 ,
3452 3458 3652 3529 templo

2067 3579 2098 3618 a
2131 3560 2759 3637 Babyloniis'incenso,
2799 3572 3109 3628 eversaque
3145 3556 3368 3611 civitate
3394 3592 3409 3616 ,
3449 3559 3505 3609 et
3541 3564 3645 3621 po-

2069 3657 2201 3728 pulo
2237 3657 2293 3713 in
2328 3655 2652 3712 servitutem
2686 3653 2962 3719 abducto,
3001 3649 3222 3721 penitus
3246 3644 3603 3701 interiisscnt
3633 3661 3645 3697 :

2068 3749 2123 3822 4
2151 3749 2352 3804 beatus
2382 3747 2467 3802 vir
2500 3745 2745 3808 Esdras,
2784 3741 3077 3799 excellenti
3113 3742 3318 3794 virtute
3350 3734 3649 3808 praeditus,

2068 3846 2123 3892 et
2176 3835 2389 3907 Spiritu
2441 3842 2635 3892 sancto
2689 3834 2922 3905 plenus,
2974 3840 3033 3886 ut
3085 3844 3175 3885 res
3225 3829 3342 3898 ipsa
3377 3824 3649 3883 declarat,

2070 3929 2262 3983 multis
2296 3936 2421 3999 post
2462 3928 2624 3983 annis
2649 3967 2663 3992 ,
2703 3941 2826 3981 cum
2869 3922 3104 3996 populus
3133 3927 3283 3976 esset
3323 3922 3611 3972 revocatus
3634 3954 3649 3977 ,

2072 4019 2423 4075 necessarias
2457 4018 2620 4074 nobis
2659 4032 2722 4072 ac
2757 4013 3076 4072 salutiferas
3128 4009 3443 4080 Scripturas
3493 4004 3653 4060 resti-

2072 4111 2176 4165 tuit
2202 4130 2214 4164 :
2244 4127 2345 4165 nec
2371 4110 2550 4166 solum
2588 4108 2754 4163 Hosis
2783 4107 2990 4168 libros,
3020 4104 3115 4161 sed
3145 4113 3197 4158 et
3228 4101 3441 4162 Josute,
3475 4107 3529 4154 ct
3559 4096 3654 4151 Ju-

2072 4201 2295 4265 dicum,
2331 4207 2386 4255 ct
2421 4197 2628 4268 Regum
2665 4196 2986 4257 historiam,
3022 4202 3077 4249 et
3111 4193 3321 4249 strenui
3364 4189 3485 4243 Jobi
3528 4202 3655 4240 nar-

2074 4291 2380 4352 rationem,
2437 4294 2492 4341 ct
2542 4286 2804 4340 Ecclesia!
2858 4284 3139 4347 laetitiam,
3191 4294 3382 4333 sacros
3435 4276 3655 4330 Davidis

2073 4388 2305 4445 cautus,
2340 4393 2393 4434 et
2433 4377 2674 4433 sedecim
2719 4375 3049 4447 prophetas.
3089 4381 3142 4427 et
3188 4368 3457 4441 sapientis
3499 4366 3655 4420 Salo—

357 4472 454 4524 καὶ
473 4472 588 4524 τῶν
618 4471 902 4526 Βασιλέων
943 4473 1206 4546 ἱστορίαν,
1242 4478 1336 4530 καὶ
1365 4478 1458 4532 τοῦ
1487 4482 1736 4549 γενναίου
1769 4483 1888 4536 Ἰὼϐ
1912 4483 1963 4537 τὲ

2073 4471 2255 4525 monis
2281 4477 2395 4524 tum
2427 4466 2727 4522 Proverbia
2748 4505 2763 4531 ,
2792 4475 2906 4518 tum
2935 4458 3343 4521 Ecclesiasten,
3370 4461 3483 4508 tum
3512 4452 3655 4506 Can~

357 4561 520 4634 eam
528 4581 628 4633 μα·
646 4564 743 4616 καὶ
757 4563 857 4634 τὴν
871 4563 1022 4637 ἱεράν
1036 4564 1132 4618 τοῦ
1153 4567 1268 4619 Δαϐ
1264 4567 1309 4620 ιδ
1324 4568 1611 4641 μελῳδίαν,
1627 4574 1724 4644 τὴν
1740 4574 1839 4643 τῆς
1857 4575 1968 4628 Ἑκ-

360 4653 973 4726 κλητίαςεῦφροσύνην,
992 4657 1085 4710 καὶ
1102 4658 1229 4722 τοὺς
1240 4661 1534 4716 ἑκκαίδεκα
1554 4666 1860 4736 προφήτας,
1874 4667 1971 4720 καὶ

361 4744 453 4797 τοῦ
503 4745 679 4816 σοφοῦ
731 4746 1081 4817 Σολομῶντος
1120 4749 1218 4813 τὰς
1251 4753 1574 4823 παροιμίας,
1600 4756 1694 4809 καὶ
1727 4756 1816 4810 τὸν
1849 4758 1971 4810 Ἑκ-

363 4832 731 4904 κλησιαστὴν,
760 4834 855 4887 καὶ
876 4834 939 4888 τὸ
966 4830 1159 4907 τᾼσμα
1186 4839 1295 4891 τῶν
1323 4842 1604 4912 ᾀσμάτων.
1638 4845 1764 4909 Πῶς
1792 4848 1968 4901 τοίνυν

363 4924 570 4994 ταύτην
593 4923 713 4993 ἔχει
736 4923 837 4995 τὴν
859 4924 1122 4991 διάνοιαν,
1141 4929 1211 4999 ἦν
1238 4947 1397 4999 φατε,
1429 4931 1489 4985 τὸ
1519 4933 1743 5004 βιϐλίον,
1768 4931 1814 4991 ὦ
1851 4937 1970 5008 βὲλε

362 5029 561 5075 τιστοι,
594 5015 646 5066 εἰ
680 5014 710 5066 ὁ
742 5013 844 5084 μὲν
869 5015 1122 5086 ,Ἔσδρας
1145 5016 1316 5072 ταῦτα
1366 5020 1727 5092 συνέγραψεν,
1773 5024 1873 5077 οὐκ
1914 5026 1972 5094 ἐξ

365 5103 728 5172 ἀντιγράφων
755 5101 814 5154 δὲ
853 5100 1116 5174 ἔγραψεν,
1147 5105 1284 5159 ἀλλά
1335 5107 1428 5162 τοῦ
1460 5108 1606 5162 θείου
1655 5112 1973 5183 Πνεύματος

366 5193 585 5263 πλήρης
615 5193 935 5263 γενόμενος,
969 5194 1057 5248 ἴνα
1087 5196 1253 5250 πᾶσιν
1285 5197 1595 5272 ἀνθρώποις
1623 5202 1971 5273 ἀνάγραπτον

366 5284 725 5358 παραπέμψει
776 5286 875 5356 τὴν
911 5287 1219 5355 ὡφέλειαν;
1274 5292 1353 5343 Τὰ
1397 5293 1505 5363 γὰρ
1546 5294 1646 5364 τῆς
1679 5295 1972 5360 ἀκολασίας

439 5431 467 5461 ι
507 5418 658 5475 l’sal.
696 5434 894 5484 cxvm,
928 5418 1014 5473 18.
1093 5421 1122 5461 ιι
1161 5422 1339 5478 Galat.
1382 5442 1434 5491 v,
1467 5427 1560 5483 ‘22.

2075 4562 2179 4616 lica
2212 4560 2580 4614 canticorum.
2632 4556 2689 4610 Si
2729 4555 2902 4627 igitur
2932 4551 3141 4607 Esdras
3166 4588 3180 4614 ,
3226 4547 3381 4601 nullo
3428 4543 3654 4614 adjutus

2071 4652 2401 4722 exemplari,
2435 4649 2532 4706 sed
2561 4647 2750 4703 divino
2779 4643 2987 4717 Spiritu
3019 4640 3234 4698 afﬂatus
3255 4679 3270 4706 ,
3304 4630 3417 4693 hinc
3445 4635 3513 4690 ad
3538 4651 3655 4689 om-

2073 4745 2225 4799 nium
2260 4742 2544 4796 hominum
2580 4740 2865 4794 utilitatem
2901 4731 3258 4803 conscripsit.
3281 4728 3376 4800 qui
3411 4726 3527 4783 ﬁcri
3559 4741 3657 4796 por

2071 4842 2220 4899 test,
2252 4833 2443 4904 optimi
2495 4830 2628 4895 viri,
2682 4836 2740 4884 ut
2783 4828 2924 4882 liber
2958 4824 3049 4879 hic
3079 4825 3469 4891 argumentum
3516 4814 3653 4869 illud

2071 4928 2353 4983 contineat
2388 4923 2533 4995 quod
2573 4918 2907 4975 aliirmatis?
2941 4913 3224 4985 lmpudica
3260 4909 3406 4964 enim
3444 4905 3661 4976 scripta

2071 5035 2178 5073 non
2217 5033 2244 5069 a
2283 5016 2491 5087 Spiritu
2522 5013 2730 5073 divino.
2753 5009 2850 5065 sed
2888 5004 3164 5062 diabolico
3198 4999 3652 5071 proficiscuntur.

2078 5130 2095 5162 ι
2126 5108 2365 5164 Fructus
2408 5108 2552 5162 enim
2602 5103 2878 5175 Spiritus,
2924 5108 2985 5152 ut
3038 5094 3220 5164 inquit
3265 5092 3462 5147 beatus
3509 5088 3652 5142 Pau-

2074 5205 2157 5257 lus
2187 5202 2237 5269 ιι,
2271 5201 2512 5255 charitas
2534 5241 2547 5265 ,
2580 5197 2874 5269 gaudium,
2909 5208 3042 5264 pax,
3078 5186 3376 5261 patientia,
3413 5184 3651 5243 bonitas.

2073 5294 2418 5365 benignitas,
2469 5292 2635 5350 ﬁdes.
2688 5285 3093 5347 mansuetudo,
3149 5277 3512 5336 continentia.
3545 5296 3562 5327 ι
3595 5275 3659 5331 Si

1685 5541 1920 5596 VARUS
1958 5539 2369 5596 LECTIONES.

437 5630 460 5663 ⁸
481 5629 788 5699 Θαυμάσιά.
818 5630 995 5686 Codd.
1021 5632 1148 5688 add.
1171 5650 1284 5685 σου.
1343 5636 1363 5666 ³
1397 5635 1513 5689 τοῦ.
1546 5636 1708 5691 Abest
1741 5650 1768 5686 a
1800 5634 1924 5689 cod.

2064 5652 2109 5696 ig
2142 5635 2321 5701 6096‘,
2357 5652 2407 5686 κ.
2440 5652 2485 5686 τ.
2512 5632 2560 5683 λ.
2593 5630 2646 5683 in
2674 5625 3018 5701 Tlu‘oderlttlt
3043 5619 3488 5701 ilopsuestenunr
3513 5615 3648 5701 illivt‘:

368 5707 437 5776 ut_
482 5686 770 5776 nonnullis
802 5701 1046 5776 videtur,
1086 5686 1231 5756 dicta
1268 5686 1963 5776 ειιηῑδΣοῲϐςί-(Ξοάξνριέα

2092 5686 2511 5773 ξρέιιὸιιεή.
2589 5703 2611 5729 λ
2645 5696 2893 5767 ταυτησί.
2946 5689 3077 5747 eoa.
3114 5688 3398 5757 prmmmi.
3470 5686 3489 5716 θ
3523 5686 3659 5740 God.

374 5771 576 5847 μέντοι.
612 5770 656 5803 ⁸⁸
686 5770 907 5842 καιρόν.
947 5771 1116 5826 Abest
1141 5787 1171 5826 a
1209 5774 1335 5831 cod.
