4088 6444
442 360 506 427 31
1467 334 1955 436 THEODORETi
1984 374 2325 435 EPISCOPI
2352 373 2720 436 CYRENSIS
3559 434 3568 444 .
3643 376 3719 442 32

444 472 615 527 divini
659 466 900 543 Spiritus
944 473 1157 531 fructus
1194 486 1278 531 est
1327 481 1706 547 continentia,
1758 482 2018 537 diabolici

2132 484 2558 554 συγγράμματα.
2600 485 2661 536 ού
2714 483 2807 537 τοῦ
2856 482 3001 536 θείου
3050 483 3391 554 Πνεύματος,
3440 484 3575 541 ἀλλά
3621 488 3716 543 τοῦ

444 562 695 634 profecto
747 574 830 619 est
880 566 1304 624 incontinentis.
1364 570 1781 628 lncontincntia:
1836 583 2021 628 autent

447 664 829 725 argumentum
855 673 921 712 ex
956 660 1226 714 sententia
1255 673 1434 716 vestra
1466 666 1855 736 complectitur
1880 667 2023 722 Can-

445 744 615 798 ticum
643 746 1008 803 canticorum.
1038 749 1283 804 Ccrnitis
1315 767 1444 822 ergo
1472 768 1586 822 quo
1610 755 1904 811 maledicta
1931 773 2025 813 ve-

447 843 558 887 stra
591 837 959 904 perveniant?
991 838 1359 903 Contumelia,
1395 856 1503 911 qua
1539 843 1743 899 librum
1774 844 2020 911 adicitis,

447 927 622 979 tendit
656 928 710 980 in
746 927 1010 992 Spiritum
1040 938 1315 986 sanctum.
1348 931 1526 1004 llujus
1548 936 1696 991 enim
1731 938 1908 1008 gratia
1940 953 2029 993 re-

447 1018 633 1086 pletus
676 1019 867 1074 beatus
912 1018 1118 1076 Esdras
1164 1023 1370 1078 librum
1414 1028 1682 1083 amissum
1713 1069 1728 1095 ,
1770 1039 1829 1085 ut
1886 1029 2027 1085 dixi-

446 1122 606 1174 mus,
638 1110 939 1164 renovavit.
972 1110 1130 1177 Quod
1162 1129 1291 1169 cum
1324 1116 1469 1172 beati
1504 1117 1698 1175 Patres
1731 1135 1838 1175 non
1875 1120 2029 1190 igno-

445 1207 667 1261 rarent,
698 1215 827 1253 eum
862 1201 919 1255 in
965 1217 1251 1260 sacrarum
1289 1207 1701 1278 Scripturarum
1734 1226 2028 1267 numerum

447 1290 778 1345 retulerunt.
825 1292 969 1359 Quin
1011 1297 1179 1351 etiam
1227 1300 1385 1354 multi
1433 1316 1500 1355 ex
1546 1303 1826 1359 veteribus
1871 1305 2027 1359 illum

446 1382 859 1438 commentariis
889 1392 945 1439 et
978 1385 1526 1458 interpretationibus
1559 1393 1906 1449 illustrarunt
1934 1413 1947 1450 :
1977 1404 2029 1451 et

444 1472 539 1539 qui
584 1472 844 1544 deinceps
878 1491 987 1530 non
1039 1489 1168 1532 sunt
1198 1480 1575 1550 interpretati,
1611 1484 1661 1555 5
1690 1485 1811 1555 ejus
1846 1494 2029 1541 tamen

446 1564 739 1620 sententiis
765 1567 969 1636 seripta
993 1584 1090 1623 sua
1116 1570 1472 1629 decorarunt.
1502 1574 1613 1630 Nec
1646 1578 1822 1631 solum
1855 1577 2027 1634 Euse—

445 1655 572 1710 bius
598 1655 947 1722 Palaestinus,
975 1672 1030 1715 et
1054 1660 1319 1733 Origenes
1348 1664 1663 1737 Egyptius,
1698 1677 1749 1725 ct
1781 1671 2031 1743 martyrii

447 1762 650 1801 corona
682 1750 972 1807 redimitus
1001 1752 1311 1825 Cyprianus
1336 1757 1814 1830 Carthaginiensis,
1852 1773 1906 1817 et
1943 1762 2030 1818 bis

2129 574 2371 628 ἐναντίου
2415 574 2741 645 πνεύματος.
2785 593 2803 625 ι
2849 574 2908 627 '0
2940 572 3048 646 γὰρ
3087 575 3299 644 καρπὸς
3334 575 3427 629 τοῦ
3470 578 3719 651 Πνεύμα-

2127 683 2237 729 τος,
2280 667 2418 720 κατά
2459 666 2551 719 τὸν
2592 667 2863 741 μακάριον
2907 666 3144 731 Παῦλον,
3189 668 3401 738 ἀγάπη,
3439 668 3605 739 χαρά,
3642 672 3717 723 εἱ-

2131 758 2287 829 ρήνη,
2326 757 2696 828 μακροθυμία,
2741 758 3064 829 χρηστότης,
3099 756 3449 827 ἀγαθωσύνη,
3502 760 3717 825 πίστις,

2129 847 2393 919 πραότης,
2440 850 2754 920 ἐγκράτεια.
2791 868 2810 902 ι
2841 850 2904 902 El
2948 849 3006 902 δὲ
3053 848 3148 902 τοῦ
3204 849 3349 903 θείου
3398 850 3718 922 Πνεύματος

2127 938 2339 1011 καρπὸς
2359 942 2393 1012 ἡ
2413 943 2727 1013 ἐγκράτεια,
2746 940 2841 994 τοῦ
2862 941 3104 995 ἐναντίου
3125 941 3365 1011 δηλονότι
3389 943 3422 1012 ἡ
3451 941 3714 1012 ἀκρασία·

2130 1031 2401 1102 ἀκρασίας
2433 1032 2489 1084 δὲ
2508 1031 2786 1095 ὑπόθεσιν,
2819 1030 2894 1094 ὣς
2926 1047 3085 1099 φατε,
3116 1030 3358 1101 περιέχει
3386 1028 3481 1082 τοῦ
3510 1029 3711 1100 ’ᾼσμα-

2128 1138 2221 1186 τος
2253 1122 2362 1176 τῶν
2392 1122 2658 1194 ᾀσμάτων
2688 1123 2750 1176 τὸ
2782 1122 3144 1194 σύγγραμμα.
3180 1123 3377 1193 Ὁρᾶτε
3409 1123 3591 1175 τοίνυν
3618 1120 3721 1176 ποῦ

2129 1213 2201 1268 τά
2226 1214 2329 1285 τῆς
2361 1214 2708 1286 βλασφημίας
2732 1217 2918 1286 χωρεῖ;
2959 1214 3117 1268 Κατά
3167 1216 3277 1285 γὰρ
3322 1214 3415 1267 τοῦ
3456 1214 3719 1283 παναγίου

2130 1303 2450 1376 Πνεύματος
2498 1308 2531 1376 ή
2580 1306 2721 1359 κατὰ
2762 1305 2857 1359 τοῦ
2904 1306 3108 1376 βιϐλίου
3154 1307 3391 1376 λοιδορία
3434 1306 3720 1377 τολμᾶται.

2130 1399 2244 1468 Τῆς
2293 1397 2403 1472 γάρ
2446 1399 2639 1453 τούτου
2696 1399 2916 1470 χάριτος
2973 1398 3309 1469 ἐμπλησθεὶς
3370 1399 3399 1451 6
3451 1399 3719 1470 μακάριος

2134 1492 2370 1564 Ἔσδρας
2400 1491 2718 1563 διαφθαρὲν,
2753 1491 2829 1556 ὡς
2872 1490 3099 1562 ἔφαμεν,
3143 1490 3208 1543 τὸ
3252 1488 3452 1560 βιϐλίον
3495 1488 3717 1543 ἀνενεώ-

2133 1600 2297 1638 σατοο
2325 1583 2420 1637 καὶ
2449 1583 2609 1637 τοῦτο
2642 1581 2942 1646 συνειδότες
2965 1585 3014 1636 οί
3044 1583 3304 1653 μακάριοι
3330 1581 3576 1651 Πατέρες
3601 1582 3719 1646 ταῖς

2132 1674 2307 1738 θείαις
2345 1674 2476 1728 αὐτὸ
2523 1674 2769 1745 Γραφαῖς
2813 1672 3189 1741 συντετάχασι.
3239 1671 3431 1725 Πολλοὶ
3487 1671 3542 1724 δὲ
3586 1670 3719 1724 αὐτὸ

2132 1765 2241 1819 τῶν
2269 1763 2513 1819 παλαιῶν
2548 1765 2640 1817 καί
2677 1764 3121 1836 ἡρμηνεύκασιν·
3153 1764 3202 1816 οἱ
3240 1763 3296 1816 δὲ
3335 1762 3493 1815 τοῦτο
3521 1762 3718 1830 ἐφεξῆς

445 1839 824 1911 antiquiores,
880 1847 1266 1917 apostolisque
1311 1851 1740 1921 propinquiores
1779 1870 1797 1907 :
1837 1870 2029 1910 verum

2136 1855 2212 1927 μὴ
2247 1855 2633 1927 πεποιηκότες,
2655 1835 2775 1919 ταῖς
2802 1854 3010 1908 ἐκεῖθεν
3034 1855 3263 1925 χρήσεσι
3300 1853 3369 1905 τὰ
3398 1854 3574 1905 οἰκεῖα
3600 1868 3722 1918 συγ·

446 1931 612 1984 etiam
640 1933 731 2001 qui
763 1943 886 2004 post.
921 1937 975 1991 in
1007 1939 1263 1996 ecclesiis
1293 1942 1641 2012 excelluere,
1674 1962 1906 2017 magnus
1939 1947 2032 2004 ille

448 2020 688 2079 Basilius
732 2024 1159 2085 Proverbiorum
1212 2033 1547 2105 principium
1603 2052 1918 2108 exponens,
1973 2045 2031 2095 et

447 2120 683 2182 uterque
715 2116 1055 2189 Gregorius,
1094 2138 1328 2193 quorum
1370 2126 1507 2182 alter
1553 2129 1858 2200 sanguine,
1892 2130 2032 2186 alter

446 2206 693 2260 amicitia
734 2208 939 2265 Basilio
968 2214 1307 2284 coniunctus
1332 2216 1467 2285 fuit,
1494 2227 1548 2273 et
1581 2219 1741 2277 fortis
1786 2222 1877 2278 ille
1911 2224 2032 2294 pie-

446 2299 583 2353 tatis
613 2310 992 2372 pr0pugnator
1021 2304 1338 2374 Diodorus,
1392 2318 1448 2364 et
1486 2310 1764 2379 Joannes,
1817 2316 1911 2385 qui
1962 2313 2031 2369 ad

446 2390 598 2443 hunc
630 2406 805 2462 usque
835 2393 982 2450 diem
1011 2396 1280 2454 doctrina:
1313 2400 1536 2457 ﬂuentis
1568 2405 1765 2476 irrigat
1799 2408 2031 2462 univer-

447 2493 570 2533 sum
601 2481 789 2535 orbem
820 2489 1089 2539 terrarum
1114 2526 1130 2552 ,
1163 2495 1219 2542 et
1246 2490 1490 2559 denique
1513 2532 1527 2554 ,
1564 2501 1627 2547 ut
1662 2496 1852 2563 paucis
1874 2496 2030 2550 ‘rem

448 2572 823 2641 complectens
844 2577 1135 2631 consulam
1165 2580 1458 2647 brevitati,
1490 2586 1585 2654 qui
1619 2593 1809 2656 postea
1840 2584 1994 2641 fuere
2014 2630 2029 2654 ,

447 2663 651 2717 librum
700 2664 845 2719 hunc
889 2681 1084 2724 omnes
1128 2671 1471 2741 spiritualcm
1508 2690 1635 2731 esse
1668 2686 2029 2733 censuerunt.

444 2752 579 2818 Quae
604 2770 729 2809 cum
756 2758 830 2811 ita
858 2773 917 2813 se
946 2758 1219 2827 habeant,
1246 2764 1690 2831 consideremus,
1719 2783 1788 2821 an
1814 2782 2030 2837 acquum

2130 1948 2434 2019 γράμματα
2457 1946 2902 2017 κατεκόσμησαν.
2938 1945 3047 1999 Καὶ
3080 1943 3140 1997 ού
3183 1944 3342 2015 μόνον
3396 1942 3653 2005 Εὐσέϐιος
3696 1945 3723 1995 ό

2133 2038 2521 2107 Παλαιστινδς,
2566 2040 2662 2093 καὶ
2703 2037 2986 2109 Ὠριγένης
3029 2037 3058 2090 6
3104 2035 3423 2105 Αἰγύπτιος,
3470 2035 3560 2086 καὶ
3612 2035 3725 2087 Κυ-

2130 2129 2360 2201 πριανὺς
2386 2130 2416 2183 6
2452 2125 2840 2198 Καρχηδόνιος,
2879 2127 2907 2178 ὁ
2936 2124 3030 2178 καὶ
3071 2123 3164 2178 τοῦ
3197 2123 3499 2195 μαρτυρίου
3534 2121 3724 2190 στέφα⁸

2131 2236 2222 2276 νον
2260 2218 2689 2290 ἀναδησάμενος,
2714 2216 2810 2270 καὶ
2853 2216 2902 2269 οἱ
2950 2213 3155 2268 τούτων
3200 2212 3584 2282 παλαιότεροι,
3628 2212 3724 2264 καὶ

2133 2312 2241 2366 τῶν
2270 2311 2587 2365 ἀποστόλων
2619 2308 3004 2380 πλησιέστεροι
3024 2322 3037 2336 ·
3063 2304 3199 2358 ἀλλά
3231 2304 3324 2358 καὶ
3358 2303 3408 2355 οἱ
3442 2301 3560 2373 μετ’
3590 2299 3723 2353 ὲκεί-

2134 2422 2258 2468 νους
2286 2405 2344 2458 ὲν
2369 2405 2491 2467 ταῖς
2523 2399 2874 2469 Ἐκκλησίαις
2895 2396 3330 2469 διαπρέψαντες,ι
3351 2392 3723 2465 πνευματικὸν

2135 2496 2379 2563 ἔγνωσαν
2408 2494 2467 2548 τὸ
2499 2491 2722 2563 βιϐλίον,
2754 2488 3035 2552 Βασίλειός
3068 2506 3127 2541 τε
3149 2490 3177 2541 6
3212 2489 3386 2558 μέγας
3422 2486 3520 2554 τὴν
3549 2482 3723 2554 ἀρχὴν

2132 2586 2242 2639 τῶν
2269 2582 2583 2664 Παροιμιῶν
2617 2582 2957 2653 ἑρμηνεύων,
2989 2579 3082 2632 καὶ
3112 2578 3413 2651 Γρηγόριος
3440 2575 3721 2644 ἑκάτερος,

2134 2676 2163 2728 6
2200 2676 2298 2746 μὲν
2332 2675 2432 2747 τὴν
2460 2673 2671 2727 ἐκείνου
2713 2672 3054 2741 συγγένειαν,
3082 2671 3111 2722 6
3160 2668 3217 2721 δὲ
3256 2667 3353 2737 τὴν
3403 2664 3586 2735 φιλίαν
3635 2664 3725 2717 αῦ-

2134 2768 2266 2838 χῶν,
2322 2766 2417 2820 καὶ
2466 2766 2730 2835 Διόδωρος
2776 2766 2806 2817 ὁ
2833 2764 3079 2833 γενναῖος
3128 2755 3547 2829 τῆςμεύσεϐείας
3592 2754 3723 2823 πρό-

449 2847 542 2912 sit,
572 2854 635 2901 ut
669 2854 753 2902 tot
788 2851 1073 2922 tantisque
1103 2854 1240 2910 viris
1268 2855 1566 2927 despectis,
1603 2867 2030 2932 contemptoque

2138 2876 2339 2930 μαχος·
2369 2858 2464 2912 καὶ
2502 2856 2757 2926 Ἰωάννης
2784 2858 2812 2909 6
2843 2857 2955 2917 τοῖς
2988 2851 3222 2924 ῥεύμασι
3250 2847 3348 2914 τῆς
3372 2844 3723 2908 διδασκαλίας
3796 2924 3799 2927 ν

447 2942 569 3010 ipso
601 2941 812 3013 Spiritu
849 2955 1081 3013 sancto,
1123 2950 1377 3019 proprias
1422 2952 1715 3023 opiniones
1747 2964 2030 3011 consecte-

2138 2950 2299 3022 μέχρι
2330 2940 2425 3003 καὶ
2463 2949 2702 3020 τήμερον
2741 2948 2920 3000 πᾶσαν
2959 2943 3057 3014 τὴν
3091 2940 3416 3010 οἰκουμένην
3455 2937 3720 3008 ἀρδεύων,

446 3049 595 3099 mur,
634 3052 742 3091 non
776 3037 1069 3096 audientes
1099 3055 1248 3106 eum,
1281 3043 1374 3112 qui
1407 3045 1824 3112 praeclaredieit
1851 3065 1897 3102 ε(
1926 3047 2030 3103 Co-

2135 3044 2228 3095 καὶ
2254 3043 2305 3095 οἱ
2352 3041 2469 3111 μετ’
2496 3041 2739 3104 ἐκείνους
2766 3041 2808 3070 ¹¹
2841 3038 3081 3098 ἅπαντες
3104 3076 3118 3098 ,
3166 3034 3253 3086 ἵνα
3299 3029 3533 3084 συνελὼν
3559 3029 3722 3092 εἴπω,

450 3127 746 3197 gitationes
773 3131 1095 3186 mortalium
1130 3132 1335 3187 timida:
1355 3175 1369 3197 ,
1397 3143 1452 3188 et
1482 3134 1708 3191 incerta:
1737 3138 2034 3207 providen—

450 3221 539 3273 tia:
573 3220 817 3290 ipsarum
851 3234 873 3262 ε
899 3238 914 3291 ;
943 3244 961 3275 ι
989 3235 1044 3281 et
1075 3226 1295 3281 beatum
1326 3228 1557 3282 Paulum
1594 3229 1663 3284 de
1692 3229 2029 3299 quibusdam

449 3314 522 3368 ita
554 3314 867 3384 loquentem
891 3333 905 3370 :
933 3317 1322 3374 «Evanuerunt
1344 3318 1396 3374 in
1426 3320 1864 3390 cogitationibus
1890 3323 2029 3388 suis,

449 3410 504 3459 et
534 3405 891 3461 obscuratum
922 3416 1007 3464 est
1037 3409 1310 3480 insipiens
1338 3425 1437 3466 cor
1479 3411 1732 3480 ipsorum
1777 3411 1830 3466 d.
1872 3431 1892 3465 ι
1921 3412 2034 3471 Nos

449 3497 617 3569 igitur
647 3515 771 3555 cum
820 3500 980 3557 beato
1008 3499 1176 3558 Petro
1227 3502 1303 3558 ita
1354 3503 1701 3559 clamemus:
1746 3522 1765 3556 ι
1797 3502 2034 3563 Obedire

448 3597 669 3657 oportet
703 3590 813 3645 Deo
865 3592 1041 3663 magis
1091 3608 1257 3663 quant
1290 3592 1611 3650 hominibus
1649 3605 1694 3648 ο.
1725 3613 1744 3647 ι
1776 3596 2032 3653 Dicamus

449 3679 581 3735 item
624 3682 690 3735 ad
735 3682 894 3739 illos:
924 3701 943 3735 ι
975 3683 1056 3738 Αη
1095 3684 1306 3754 justum
1352 3686 1425 3743 sit
1467 3685 1521 3740 in
1566 3694 1864 3757 conspectu
1897 3685 2028 3763 Dei,

448 3786 547 3826 vos
572 3772 754 3843 potius
776 3774 1002 3843 audire,
1029 3790 1193 3846 quam
1218 3774 1385 3832 Deum
1403 3818 1417 3841 ,
1440 3776 1689 3845 judicate
1714 3795 1726 3832 :
1756 3793 1857 3835 nos
1883 3779 2030 3833 enim

448 3877 557 3916 non
604 3878 938 3933 possumus,
982 3882 1106 3937 qua:
1150 3866 1394 3923 vidimus
1439 3883 1540 3939 per
1585 3866 1855 3938 Spiritum
1901 3882 2033 3925 san-

448 3962 632 4020 etum,
663 3965 717 4011 et
745 3957 1060 4015 audivimus
1080 3999 1095 4027 ,
1126 3973 1236 4013 non
1272 3959 1419 4029 loqui
1456 3958 1502 4014 ί.
1537 3977 1556 4011 ι
1585 3957 1788 4015 Verum
1835 3975 1904 4015 ne
1929 3973 2029 4015 no-

448 4046 532 4100 bis
561 4053 773 4101 tantum
799 4050 1110 4116 consulere,
1138 4050 1492 4107 adversarios
1519 4059 1705 4106 autem
1735 4050 2024 4121 negligere

446 4135 754 4202 videamur,
797 4152 915 4209 age,
946 4138 1091 4196 unde
1145 4141 1320 4197 morbi
1372 4141 1724 4197 occasionem
1772 4140 2026 4209 arripue-

447 4226 593 4291 riut,
633 4228 1027 4299 investigemus
1048 4274 1062 4299 ,
1099 4241 1154 4287 ct
1183 4232 1451 4287 medelam
1487 4232 1625 4302 ipsis
1646 4270 1661 4297 ,
1693 4230 1876 4301 quoad
1908 4230 2024 4286 ﬁeri

447 4326 630 4386 Potest
652 4359 665 4383 ε
697 4320 753 4390 6
780 4336 842 4376 cx
875 4323 1052 4379 sacris
1084 4323 1390 4395 Scripturis
1420 4326 1741 4381 aderamus.

2134 3133 2229 3187 καὶ
2266 3132 2360 3186 τοῦ
2389 3131 2548 3201 λόγου
2582 3128 2830 3199 διαφύγω
2862 3128 2922 3181 τὸ
2954 3127 3148 3197 μῆκος,
3180 3122 3488 3192 Συνίδωμεν
3523 3122 3721 3184 τοίνυν,

2134 3226 2186 3277 εί
2212 3224 2418 3277 δίκαιον
2448 3220 2736 3283 τοσούτους
2762 3216 2855 3272 καὶ
2879 3215 3157 3278 τοιούτους
3180 3213 3377 3284 ἀνδρας
3403 3210 3726 3263 διαπτύσαν-

2131 3334 2252 3380 τας,
2281 3315 2378 3370 καὶ
2416 3311 2581 3368 αὐτοῦ
2638 3310 2695 3365 δὲ
2742 3309 2837 3364 τοῦ
2894 3307 3162 3377 παναγίου
3210 3304 3725 3374 καταφρονήσαντας

2131 3409 2273 3467 Πνεύ
2283 3425 2472 3479 ματος,
2494 3407 2614 3469 ταῖς
2640 3403 2867 3465 οἰκείαις
2894 3399 3125 3463 ἐννοίαις
3145 3396 3473 3459 ἀκολουθεῖν,
3505 3393 3580 3463 μὴ
3612 3409 3726 3443 πει-

2135 3500 2392 3572 θομένους
2418 3495 2495 3569 τῷ
2549 3492 2730 3556 καλῶς
2761 3491 3029 3565 είρηκότι’
3059 3510 3078 3543 ι
3118 3487 3384 3559 Λογισμοὶ
3422 3483 3725 3555 ἀνθρώπων

2135 3592 2331 3658 δειλοὶ,
2389 3590 2484 3644 καὶ
2531 3586 2852 3657 ἐπισφαλεῖς
2896 3586 2953 3638 αἱ
2993 3584 3229 3637 ἐπίνοιαι
3289 3577 3501 3633 αὐτῶν·
3544 3595 3562 3626 ι
3592 3572 3726 3646 μηδὲ

2133 3683 2430 3743 ἀκούοντας
2451 3679 2544 3733 τοῦ
2579 3676 2849 3749 μακαρίου
2878 3673 3092 3729 Παύλου
3114 3670 3239 3741 περί
3266 3685 3426 3722 τινων
3446 3666 3721 3733 λέγοντος,

2133 3776 2215 3828 ὅτι
2261 3793 2280 3826 ‹
2346 3770 2806 3843 Ἐματαιὼθησαν
2845 3769 2903 3821 ὲν
2956 3768 3068 3829 τοῖς
3114 3761 3481 3830 διαλογισμοῖς
3524 3754 3724 3815 αὐτῶν,

2134 3866 2228 3921 καὶ
2260 3864 2546 3935 ἐσκοτίσθη
2575 3863 2608 3934 ἡ
2636 3862 2892 3925 ἀσύνετος
2929 3859 3106 3914 αὐτῶν
3141 3854 3361 3928 καρδία.
3394 3872 3412 3904 ι
3444 3850 3533 3904 Διὸ
3563 3849 3724 3920 ἡμεῖς

2137 3956 2276 4029 μετὰ
2316 3955 2411 4009 τοῦ
2460 3954 2736 4026 μακαρίου
2781 3952 2992 4024 Πέτρου
3043 3948 3286 4022 βοῶμεν·
3333 3963 3351 3995 ι
3397 3940 3716 4011 Πειθαρχεῖν

2130 4049 2210 4103 δεῖ
2234 4047 2354 4120 Θεῷ
2380 4047 2579 4118 μᾶλλον
2617 4045 2649 4117 ἢ
2683 4044 3013 4116 ἀνθρώποις.
3043 4061 3061 4093 ι
3084 4039 3349 4133 Ἐροῦμεν
3382 4034 3441 4133 δὲ
3466 4031 3560 4133 καὶ
3578 4029 3726 4133 ,πρός

2132 4141 2353 4206 αὐτούς’
2387 4158 2405 4192 ί
2434 4141 2497 4194 El
2552 4140 2760 4194 δίκαιόν
2809 4138 2960 4192 ἐστιν
2994 4134 3226 4189 ἐνώπιον
3257 4128 3349 4183 τοῦ
3374 4124 3509 4181 Θεοῦ
3573 4124 3726 4192 ὑμῶν

2137 4231 2337 4303 μᾶλλον
2384 4230 2602 4285 ἀκούειν
2634 4230 2668 4300 ἢ
2711 4226 2804 4281 τοῦ
2838 4224 2998 4289 Θεοῦ,
3040 4222 3261 4318 κρίνατε
3283 4235 3296 4249 ·
3331 4217 3491 4318 ἡμεῖς
3518 4212 3626 4318 γάρ
3658 4209 3721 4318 οὐ

2133 4322 2431 4396 δυνάμεθα,
2463 4321 2499 4377 ἃ.
2529 4323 2742 4394 εἴδομεν
2774 4318 2865 4372 διὰ
2899 4315 2995 4370 τοῦ
3037 4311 3374 4381 Πνεύματος,
3407 4305 3501 4360 καὶ
3548 4305 3717 4373 ἠκού-

448 4427 638 4483 σαμεν,
669 4414 744 4486 μὴ
797 4415 995 4469 λαλεῖν.
1031 4434 1050 4467 ι
1086 4417 1203 4471 Ἵνα
1256 4418 1314 4471 δὲ
1371 4420 1446 4490 μὴ
1492 4417 1661 4488 μόνον
1708 4415 1891 4469 αὐτῶν
1932 4415 2089 4485 ἡμῶν
2129 4417 2531 4490 φροντίζωμεν,
2574 4413 2770 4475 αὐτοὺς
2825 4410 2881 4462 δὲ
2934 4403 3353 4495 βλαπτομένους.
3387 4398 3722 4495 παρίδξυμεςθ,

446 4507 578 4575 φέρε
619 4506 964 4578 ζητήσωμεν,
999 4509 1163 4562 πόθεν
1218 4487 1402 4574 αὐτοῖς
1436 4487 1683 4580 Ῠγέγονεν
1717 4510 1749 4579 ἡ
1819 4508 1920 4580 τῆς
1992 4487 2198 4581 βλάϐης
2267 4487 2517 4582 ἀφορμὴ,
2561 4508 2657 4561 καὶ
2697 4504 2796 4574 τὴν
2832 4498 3069 4597 δυνατὴν
3108 4497 3292 4557 αὐτοῖς
3333 4487 3632 4561 θεραπείαν
3663 4487 3727 4538 ἐκ

447 4602 557 4656 τῶν
588 4602 745 4658 θείων
778 4605 1013 4676 Γραφῶν
1041 4608 1520 4678 προσενέγκωμεν.

517 4693 814 4764 Legentcs,
864 4704 925 4751 ut
974 4699 1240 4764 arbitror,
1280 4699 1385 4753 hoc
1432 4697 1723 4763 volumen,
1766 4693 2019 4749 animad-
2054 4695 2104 4755 Ι)

448 4792 832 4857 rertcntesquc
855 4787 908 4842 in
935 4804 999 4844 eo
1024 4796 1303 4860 unguenta
1321 4830 1335 4855 ,
1363 4797 1417 4844 et
1444 4790 1635 4844 oscula
1658 4830 1671 4854 ,
1697 4795 1751 4843 et
1781 4786 1989 4843 femora
2009 4826 2023 4853 ,

447 4887 499 4931 et
533 4887 777 4933 ventrem
801 4920 815 4945 ,
843 4887 898 4936 et
928 4882 1289 4948 umbilicum,
1318 4890 1372 4938 et
1405 4898 1604 4954 genas,
1634 4892 1686 4937 et
1715 4883 1910 4937 oculos
1932 4921 1946 4947 ,
1974 4888 2029 4935 et

448 4970 592 5032 lilia,
619 4978 673 5026 et
700 4971 841 5026 mala
863 5015 877 5039 ,
903 4982 957 5029 et
982 4975 1248 5039 nardum,
1278 4981 1332 5029 et
1360 4981 1573 5030 stacten
1591 5016 1606 5041 ,
1632 4985 1686 5029 et
1712 4972 1988 5045 myrrham
2012 5013 2024 5036 ,

450 5067 505 5115 ct
550 5061 634 5116 liis
680 5061 912 5129 similia,
966 5078 1091 5117 cum
1143 5063 1426 5134 propriam
1476 5062 1676 5117 divina:
1728 5061 2031 5131 Scriptum

452 5154 907 5209 consuetudinem
944 5151 1300 5226 ignorarent,
1338 5156 1644 5211 noluerunt
1679 5153 1929 5224 ingredi,
1981 5160 2036 5206 et

454 5243 652 5298 littera:
683 5245 864 5300 velum
918 5248 1203 5302 transilire
1227 5287 1240 5313 ,
1273 5256 1437 5316 atque
1467 5245 1618 5301 intus
1653 5244 1911 5315 spiritum
1945 5243 2033 5298 in-

455 5336 631 5403 tueri,
666 5352 729 5392 ac
759 5338 999 5393 revelata
1051 5337 1193 5393 facie
1241 5337 1473 5407 gloriam
1523 5335 1741 5391 Domini
1787 5346 2033 5390 contem-

457 5425 593 5494 plari
621 5446 633 5481 :
669 5428 764 5483 sed
796 5443 918 5499 qua:
934 5428 1078 5482 dicta
1099 5436 1230 5483 sunt
1264 5425 1565 5481 carnaliter
1600 5424 1985 5495 intelligentcs
2011 5463 2025 5488 ,

2210 4685 2723 4754 ’Λναγινώσκοντες,
2755 4678 2829 4742 ὡς
2867 4672 3043 4748 οἶμαι,
3074 4674 3230 4729 τοῦτο
3274 4673 3335 4725 τὸ
3366 4670 3723 4742 σύγγραμμα,

2133 4780 2226 4835 καὶ
2253 4777 2489 4849 ὁρῶντες
2521 4776 2578 4826 ὲν
2611 4771 2759 4841 αὐτῷ
2800 4770 2949 4842 μύρα
2993 4767 3090 4823 καὶ
3138 4766 3440 4837 φιλήματα,
3482 4760 3577 4814 καὶ
3623 4778 3725 4831 μη-

2138 4854 2284 4945 ροὺς,
2315 4870 2409 4922 καὶ
2453 4865 2683 4931 κοιλίαν,
2724 4864 2817 4918 καὶ
2870 4861 3132 4934 ὀμφαλὸν,
3164 4859 3260 4913 καὶ
3314 4856 3590 4924 σιαγόνας,
3628 4852 3723 4945 καῖ

2134 4943 2467 5033 όφθαλμοὺς,
2512 4957 2607 5010 καὶ
2662 4956 2843 5027 κρίνα,
2897 4953 2994 5007 καὶ
3046 4952 3213 5022 μῆλα,
3244 4950 3338 5004 καὶ
3383 4946 3593 5018 νάρδον,
3628 4943 3724 4996 καὶ

2138 5051 2399 5122 στακτὴν,
2448 5049 2541 5102 καὶ
2596 5047 2861 5119 σμύρναν,
2896 5047 2991 5100 καὶ
3042 5045 3142 5099 ὅσα
3182 5040 3427 5107 τοιαῦτα,
3487 5037 3581 5091 καὶ
3623 5038 3723 5106 τῆς

2134 5145 2285 5209 θείας
2310 5142 2531 5215 Γραφῆς
2558 5137 2879 5209 ἀγνοοῦντες
2909 5137 2976 5192 τά
3012 5136 3298 5207 ἰδιώματα,
3328 5131 3427 5186 οὐκ
3452 5129 3722 5199 ἠθέλησαν

2132 5237 2395 5301 διαδῦναι,
2427 5235 2519 5288 καὶ
2546 5233 2639 5287 τοῦ
2665 5232 2991 5304 γράμματος
3012 5226 3318 5299 ὑπερϐῆναι
3343 5223 3404 5276 τὸ
3433 5219 3720 5287 κάλυμμα,

2134 5331 2228 5384 καὶ
2253 5328 2402 5391 ἐντὸς
2436 5324 2689 5395 γενέσθαι
2736 5323 2815 5394 τῷ
2854 5322 3146 5391 πνεύματι,
3191 5316 3286 5370 καὶ
3340 5307 3722 5375 ἀνακεκαλυμ-

2137 5421 2284 5493 μένῳ
2330 5417 2608 5490 προσώπῳ
2654 5416 2753 5487 τὴν
2796 5414 2955 5480 δόξαν
2989 5410 3197 5481 Κυρίου
3224 5400 3719 5475 κατοπτρισοῆναι·

534 5591 556 5619 ο
603 5560 973 5651 δεμικξιι.
1050 5576 1074 5618 ει
1116 5577 1472 5643 nom.i,at.
1540 5573 1938 5643 eAci.v,29.
2023 5575 2030 5611 ι

2132 5581 2196 5628 et.
2232 5587 2305 5637 tv,
2346 5573 2431 5635 19.,
2473 5570 2565 5625 9.0.

1760 5692 1991 5749 YARU‘Z
2037 5691 2434 5749 LliCTIONES.

521 5784 562 5816 “
598 5786 713 5835 md.
756 5783 996 5837 ἐκείνων.
