4088 6424
340 419 417 482 33
1294 422 1377 480 TN
1422 423 1810 483 CANTICUM
1849 424 1964 482 CAl‘

2066 423 2137 482 iC.
2168 446 2234 457 --
2268 418 2683 481 PRREFATIO.
3574 416 3646 478 34

343 522 483 578 ἀλλὰ
526 521 814 593 ωρκικῶς
843 525 1171 594 νενοηκότες
1208 526 1278 578 τὰ
1312 527 1598 595 εἰρημένα,
1634 527 1714 589 εἰς
1747 526 1959 596 ἐκείνην

2066 526 2118 579 in
2184 525 2328 578 hanc
2392 523 2788 593 blasphemiam
2834 521 3072 592 prolapsi
3139 528 3288 575 sunt.
3347 519 3646 591 Oportebat
3728 536 3733 540 ’

346 615 449 685 τὴν
509 613 867 684 βλασφημίαν
915 614 1243 681 ἐξώκειλαν.
1293 615 1442 669 Ἔδει
1494 616 1551 670 δὲ
1604 617 1800 679 αὐτοὺς
1838 633 1963 671 συν-

352 705 506 771 ιδεῖν,
537 706 622 758 ὅτι
654 706 748 758 καὶ
790 709 852 759 ὲν
883 708 954 777 τῇ
982 707 1207 778 Παλαιᾷ
1251 707 1422 761 πολλὰ
1466 709 1745 776 τροπικῶς
1779 712 1811 779 ἡ
1843 708 1962 761 θεία

349 796 503 864 λέγει
532 797 728 868 Γραφή
751 814 765 827 ο
804 798 904 850 καὶ
935 797 1150 868 ἑτέροις
1174 799 1409 870 ὀνόμασι
1439 800 1776 871 κεχρημένη,
1801 799 1965 869 ἕτερα

345 888 407 941 δὲ
442 888 534 941 διὰ
562 887 774 941 τούτων
810 890 855 921 ³³
887 890 1171 959 σημαίνει.
1194 892 1330 961 Περὶ
1362 890 1470 961 γὰρ
1501 890 1595 944 τοῦ
1619 891 1962 945 Βαϐυλωνίου

346 979 693 1051 διηγουμένη
716 1022 732 1043 ,
766 979 894 1033 οὔτε
925 981 990 1033 τὸ
1022 981 1216 1051 κύριον
1262 982 1431 1052 ὄνομα
1460 981 1724 1046 τέθεικεν,
1756 980 1877 1034 οὔτε
1905 983 1966 1036 τὺ

347 1071 536 1124 κοινὸν
571 1070 679 1140 τῆς
708 1072 930 1141 φύσεως
960 1089 973 1102 ι
1005 1073 1130 1126 οὔτε
1160 1074 1272 1145 γὰρ
1294 1073 1783 1144 Ναϐουχοδονόσωρ
1831 1074 1964 1127 ὠνό-

352 1178 551 1232 μασεν,
588 1161 720 1216 οὔτε
753 1163 1046 1235 ἄνθρωπον
1076 1165 1526 1236 προσηγόρευσεν
1549 1182 1564 1195 ·
1590 1165 1726 1218 ἀλλά
1760 1183 1926 1236 φησιν
1946 1180 1961 1194 ⁶

352 1274 374 1306 ς
433 1254 497 1306 ⁸0
536 1252 703 1317 ἀετὸς
726 1254 757 1306 6
788 1255 1296 1326 μεγαλοπτέρυγος,
1328 1258 1355 1309 6
1381 1256 1589 1326 μακρὸς
1622 1258 1691 1327 τῇ
1721 1256 1962 1322 ἐκτάσει,

345 1346 377 1397 6
403 1344 629 1415 πλήρης
665 1344 914 1415 ὀνύχων·
954 1345 1015 1408 ὃς
1068 1346 1182 1416 ἔχει
1222 1346 1288 1399 τὸ
1332 1347 1528 1417 ἣγημα
1578 1347 1840 1399 εἰσελθεῖν
1884 1347 1965 1408 είς

342 1435 440 1487 τὸν
471 1433 739 1497 Λίϐανον,
766 1436 864 1489 καὶ
891 1435 1051 1488 ἔλαϐε
1088 1436 1158 1490 τὰ
1209 1435 1472 1489 ὲπίλεκτα
1517 1434 1618 1504 τῆς
1652 1435 1868 1507 κέδρου,
1895 1434 1965 1487 τὰ

343 1525 499 1596 ἄκρα
530 1526 636 1594 τῆς
660 1525 1008 1597 ἁπαλότητος
1033 1526 1320 1580 ἀπέκνισε.
1353 1545 1371 1578 ι
1403 1525 1514 1579 Καὶ
1546 1526 1721 1588 οὐδεὶς
1746 1524 1965 1579 πώποτε

342 1616 440 1669 τὸν
463 1615 651 1680 ἀετὸν,
680 1616 846 1670 ἀετὸν
882 1617 927 1647 ¹³
956 1617 1203 1689 ἐνόησεν.
1234 1615 1361 1669 οὔτε
1392 1616 1485 1669 τὸν
1515 1615 1769 1676 Λίϐανον,
1794 1616 1966 1668 Λίϐα-

342 1725 438 1760 νον
463 1749 480 1772 ,
525 1705 659 1760 οὔτε
707 1707 812 1776 τὴν
859 1707 1082 1778 κέδρον,
1142 1706 1335 1778 κέδρον
1364 1707 1443 1740 ¹⁸σ
1498 1705 1613 1759 ἀλλ’
1672 1706 1831 1758 ἀετὸν
1868 1706 1967 1775 μὲν

342 1799 440 1851 τὸν
471 1798 737 1868 βασιλέα,
768 1799 960 1868 ἐπειδὴ
989 1799 1084 1851 καὶ
1111 1799 1175 1851 τὸ
1219 1798 1358 1862 ζῶον
1389 1796 1668 1867 βασιλικόν
1687 1812 1699 1826 ·
1731 1796 1964 1867 μεγαλοο

346 1864 629 1960 πτέρυγον
680 1889 762 1950 δὲ,
806 1864 993 1942 διὰτὸ
1044 1889 1243 1952 πλάτος
1289 1864 1399 1958 τῆς
1431 1888 1708 1958 βασιλείας
1726 1864 1743 1917 ⁸.
1778 1887 1958 1958 πλήρη
1993 1864 2035 1919 Β

343 1962 665 2050 δὲ’ὸνύχων,
705 1980 797 2033 διὰ
830 1982 896 2034 τὸ
927 1980 1134 2051 πλῆθος
1179 1982 1281 2051 τῆς
1326 1981 1603 2050 στρατιᾶς.
1644 1980 1877 2051 ’Ἡγημα
1903 1978 1961 2031 δὲ

342 2070 516 2122 αὑτὸν
565 2070 717 2139 ἔχειν
753 2070 950 2140 ἔφησε,
993 2069 1083 2123 διὰ
1127 2070 1191 2123 τὸ
1241 2069 1371 2138 θείῳ
1418 2068 1646 2139 νεύματι
1693 2070 1960 2139 ἀγόμενον

344 2163 724 2232 πεποτηκέναι
745 2161 783 2215 ἃ
808 2161 1101 2231 πεποίηκε.
1129 2161 1363 2215 Λίϐανον
1389 2161 1445 2214 δὲ
1472 2160 1570 2232 τὴν
1603 2159 1959 2231 Ἰερουσαλὴμ

347 2252 796 2323 προσηγόρευσε,
823 2250 916 2305 διὰ
947 2249 1012 2304 τὺ
1046 2251 1183 2305 δασὺ
1212 2251 1308 2304 καὶ
1336 2250 1539 2303 πυκνὸν
1576 2248 1683 2302 τῶν
1712 2265 1960 2319 πνευμα-

345 2341 523 2395 τικῶν
568 2341 958 2411 χαρισμάτων.
1000 2340 1215 2395 Ἀπαλὰ
1287 2341 1344 2395 δὲ
1405 2343 1504 2411 τῆς
1550 2340 1780 2411 κέδρου,
1833 2339 1960 2402 τοὺς

351 2434 560 2505 ἁδροὺς
606 2434 705 2486 καὶ
742 2434 928 2502 τρυφῇ
962 2431 1356 2502 προσέχοντας,
1389 2433 1482 2484 καὶ
1528 2434 1588 2484 ἑν
1618 2430 1893 2501 ἀξιώμασι
1916 2431 1958 2462 ⁸⁸

351 2525 782 2596 διαπρέποντας.
820 2524 935 2576 Καὶ
962 2523 1139 2575 ταῦτα
1170 2521 1317 2575 οὓτω
1365 2525 1526 2588 νοεῖν,
1557 2523 1622 2575 οὐ
1664 2522 1822 2592 μόνον
1847 2523 1961 2585 τοῖς

351 2618 456 2686 τῆς
507 2614 793 2678 εὐσεϐείας
837 2614 1158 2685 τροφίμοις,
1211 2613 1348 2667 ἀλλά
1400 2614 1495 2668 καὶ
1537 2613 1808 2677 Ἰουδαίοις
1835 2611 1961 2666 σύν-

346 2708 504 2779 ηθες,
550 2710 666 2770 τοῖς
710 2705 1028 2777 παχύτερον
1064 2706 1161 2758 καὶ
1214 2704 1618 2776 σαρκικώτερσν
1668 2703 1769 2767 τὰς
1813 2702 1962 2766 θείας

347 2800 533 2853 νοοῦσι
583 2799 834 2868 Γραράς.
871 2797 985 2851 Καὶ
1012 2800 1041 2850 6
1082 2797 1350 2867 μακάριος
1378 2796 1436 2849 δὲ
1484 2795 1791 2866 Ζαχαρίας
1823 2812 1842 2845 ι
1870 2797 1961 2847 Δι-

351 2891 589 2956 ἄνοιξον,
614 2892 646 2943 6
667 2889 926 2953 Λίϐανος,
951 2888 1053 2951 τὰς
1090 2887 1265 2959 θύρας
1319 2904 1434 2950 σου,
1459 2888 1554 2940 καὶ
1597 2885 1963 2955 καταφαγέτω

349 2982 465 3052 πῦρ
491 2981 598 3045 τὰς
624 2981 858 3051 κέδρους
889 2995 986 3031 σου
1006 2996 1021 3010 ·
1048 2977 1350 3041 ὀλολυζέτω
1378 2977 1558 3043 πίτυς,
1588 2978 1670 3031 ὅτι
1704 2977 1961 3030 πέπτωκε

348 3073 567 3144 κέδρος.
607 3088 629 3121 ι
667 3070 783 3124 Καὶ
829 3068 957 3121 οὔτε
1008 3068 1243 3121 Λίϐανον
1288 3067 1516 3137 νοοῦμεν
1563 3067 1657 3120 τὸν
1706 3066 1960 3132 Λίϐανον,

349 3161 477 3214 οὔτε
506 3160 743 3231 κέδρους
778 3159 881 3223 τὰς
927 3159 1181 3229 κέδρους,
1226 3156 1353 3211 οὔτε
1405 3157 1519 3229 πῦρ
1558 3158 1619 3210 τὸ
1660 3157 1791 3228 πῦρ,
1840 3157 1963 3212 οὔτε

350 3255 517 3316 πίτυς
545 3251 650 3315 τὰς
678 3252 874 3314 πίτυς·
919 3250 1056 3304 ἁλλὰ
1087 3248 1202 3321 πῦρ
1239 3250 1337 3319 μὲν
1377 3249 1538 3303 πάλιν
1565 3249 1658 3303 τὸν
1710 3248 1965 3304 Βαϐυλώ-

353 3361 502 3407 νιον,
546 3341 609 3393 ὃν
657 3343 688 3395 6
728 3339 986 3412 Ἐζεκιὴλ
1027 3342 1071 3373 ⁸⁸
1105 3340 1264 3395 ἀετὸν
1323 3342 1761 3413 προσηγόρευσε·
1791 3343 1964 3395 Alﬁu-

350 3453 443 3489 νον
468 3434 550 3499 δὲ,
566 3433 674 3504 τὴν
705 3432 1075 3502 Ἰερουσαλήμ
1093 3445 1107 3459 ’
1131 3431 1358 3502 κέδρους
1376 3431 1452 3499 δὲ,
1475 3433 1602 3495 τοὺς
1632 3432 1724 3484 ἐπὶ
1749 3432 1963 3504 πλούτῳ

355 3532 715 3602 βριθομένως
743 3568 760 3593 ,
807 3531 906 3582 καὶ
966 3531 1025 3581 ὲν
1095 3529 1370 3600 ἀξιώμασι
1433 3530 1919 3601 λαμπρυνομὲνους
1942 3548 1955 3561 ο

352 3626 513 3687 πίτυς
562 3622 622 3675 δὲ
667 3622 801 3684 τοὺς
848 3619 1059 3674 τούτων
1115 3621 1566 3692 ὑποδεεστέρους.
1604 3622 1697 3675 Διὸ
1726 3624 1955 3692 ἐπάγει·

358 3738 380 3769 ι
401 3714 745 3777 Ὀλολυζὲτω
774 3713 959 3776 πίτυς,
989 3714 1074 3765 ὅτι
1108 3712 1365 3765 πέπτωκε
1394 3713 1609 3786 κέδρος,
1628 3734 1646 3767 ι
1676 3716 1759 3768 δτι
1793 3716 1970 3785 μεγά-

352 3807 459 3870 λως
496 3806 836 3876 μεγιστᾶνες
889 3802 1368 3873 ἐταλαιπώρησαν.
1401 3804 1514 3857 Καὶ
1561 3805 1614 3857 τί
1666 3805 1749 3858 δεῖ
1794 3805 1969 3859 πάντα

350 3899 708 3966 καταλέγειν,
757 3897 861 3949 ὅσα
906 3895 1187 3964 τροπικῶς
1263 3896 1296 3965 ἡ
1355 3895 1476 3949 θεία
1530 3896 1679 3965 λέγει
1736 3898 1967 3969 Γραφής

2067 626 2250 670 autem
2282 631 2378 670 eos
2428 615 2800 678 considerare,
2838 614 2984 666 hunc
3014 628 3139 668 esse
3172 614 3336 667 etiam
3370 613 3424 665 iu
3456 611 3645 666 Veteri

2064 704 2418 760 Testamento
2440 705 2637 759 divina:
2661 705 2960 774 Scriptura:
2986 718 3216 765 morem,
3238 711 3298 756 ιιι
3320 704 3489 757 multa
3509 703 3646 772 [igu-

2064 803 2184 851 rate
2205 796 2447 858 dicat,et
2472 795 2578 851 sub
2608 795 2733 850 aliis
2760 794 3044 850 vocabulis
3070 795 3175 848 alia
3195 793 3490 864 signiﬁcet.
3508 793 3643 847 Nam
3696 782 3700 787 ’

2063 900 2188 941 cum
2228 884 2297 940 de
2343 884 2655 954 Babyloniae
2682 899 2812 954 rege
2843 885 3188 954 loqueretur,
3218 900 3322 940 nec
3356 884 3641 955 praprium

2064 976 2240 1040 illius,
2266 989 2369 1030 nec
2402 989 2697 1029 commune
2729 982 2939 1028 natura:
2971 989 3171 1029 nomen
3209 975 3428 1043 posuit,
3464 986 3645 1041 neque

2063 1067 2212 1122 enim
2251 1064 2883 1129 Nabuchodonosorem,
2906 1080 3085 1133 neque
3107 1065 3383 1119 hominem
3403 1065 3615 1133 appella
3638 1100 3643 1104 ο

2064 1161 2171 1216 vit:
2188 1159 2306 1221 sed,
2328 1158 2580 1227 «Aquila,
2602 1158 2801 1227 inquit,
2819 1156 3043 1226 grandis
3062 1156 3638 1225 magnarutnalarum,

2066 1255 2228 1323 longa
2245 1252 2588 1315 extensione,
2609 1249 2874 1319 unguium
2898 1248 3077 1318 plena,
3097 1262 3218 1317 quae
3237 1248 3398 1301 habet
3415 1246 3641 1300 ductum

2066 1344 2310 1400 intrandi
2339 1343 2394 1397 in
2430 1339 2985 1405 Libanum,abstulit
3017 1339 3190 1393 electa
3224 1337 3469 1400 cedri,et
3501 1353 3648 1391 sum-

2066 1437 2287 1491 mitates
2310 1432 2700 1490 teneritudinis
2722 1431 2844 1499 ejus
2871 1429 3073 1485 avulsit
3104 1439 3149 1481 8.
3166 1448 3184 1481 ι
3214 1428 3324 1483 Nec
3348 1428 3642 1498 quisquam

2067 1537 2249 1582 tamen
2284 1540 2529 1596 unquam
2561 1539 2657 1594 per
2693 1523 2931 1593 aquilam
2956 1564 2973 1590 ,
3010 1523 3248 1592 aquilam
3276 1560 3290 1586 ,
3327 1536 3503 1590 neque
3546 1535 3643 1589 per

2067 1619 2367 1682 Libanum,
2401 1617 2711 1680 Libanum,
2771 1630 2870 1670 nec
2902 1630 2999 1686 per
3028 1615 3252 1670 cedrum
3293 1613 3519 1669 cedrum
3552 1613 3642 1665 in-

2068 1710 2277 1766 tellexit
2307 1728 2320 1763 :
2354 1709 2452 1764 sed
2485 1723 2587 1777 pro
2618 1707 2802 1776 aquila
2827 1747 2842 1771 ,
2881 1721 3003 1776 quae
3033 1705 3244 1776 regium
3277 1711 3362 1759 est
3394 1701 3598 1756 animal
3625 1739 3641 1763 ,

2067 1814 2250 1870 regem
2280 1799 2460 1869 ipsum
2483 1839 2498 1864 ,
2532 1812 2631 1867 pro
2661 1796 2764 1851 alis
2812 1802 2998 1850 autem
3043 1794 3257 1865 magnis
3277 1833 3292 1858 ,
3322 1790 3641 1862 amplitudiv

2061 1894 2244 1949 dinem
2272 1892 2448 1963 regni,
2476 1905 2577 1963 pro
2603 1890 2869 1959 unguium
2895 1886 3422 1946 vero'multitudine,
3452 1884 3643 1954 cepias

2063 1984 2325 2038 militum.
2355 1982 2531 2037 Porro
2561 2000 2580 2033 ι
2604 1983 2830 2036 ductum
2853 1998 2873 2031 ι
2902 1978 3072 2046 dixit,
3096 1981 3226 2049 quia
3272 1985 3408 2032 nutu
3455 1976 3643 2031 divino

2063 2074 2367 2140 ferebatur,
2402 2073 2471 2128 ad
2503 2089 2568 2131 ea
2597 2090 2723 2146 quae
2750 2072 2922 2145 gessit
2957 2069 3345 2143 perpetranda.
3400 2067 3503 2122 Per
3549 2064 3642 2119 Li—

2063 2165 2267 2220 banum
2309 2173 2493 2221 autem
2537 2164 2974 2237 Hierosolymam
3022 2160 3387 2233 signiﬁcavit,
3421 2167 3644 2228 propter

2063 2255 2237 2309 multa
2285 2270 2349 2308 ac
2396 2270 2594 2325 magna
2643 2254 2794 2311 illius
2838 2268 3072 2308 munera
3119 2249 3456 2321 spiritualia.
3502 2246 3640 2300 Nam

2064 2346 2250 2401 mollia
2280 2347 2330 2415 7
2358 2345 2506 2401 cedri
2534 2346 2773 2400 innuunt
2794 2345 3051 2399 homines
3073 2341 3289 2398 deliciis
3309 2354 3373 2394 ac
3394 2340 3642 2406 volupta-

2065 2437 2218 2492 tibus
2246 2437 2491 2503 deditos,
2520 2446 2574 2491 et
2600 2438 2657 2490 in
2685 2434 3050 2507 dignitatibus
3077 2432 3436 2488 constitutos.
3465 2432 3643 2497 Atque

2064 2528 2182 2583 haec
2206 2527 2431 2599 quidem
2462 2528 2543 2584 sic
2572 2528 2980 2598 intelliguntur,
3013 2540 3121 2579 non
3156 2524 3333 2579 solum
3362 2538 3391 2576 a
3422 2520 3642 2591 pietatis

2066 2623 2342 2687 alumnis,
2385 2637 2579 2677 verum
2612 2622 2780 2676 etiam
2829 2635 2860 2674 a
2903 2618 3143 2684 Iudaeis,
3191 2616 3284 2685 qui
3316 2615 3559 2669 crassius
3589 2620 3644 2665 et

2065 2708 2348 2764 carnalius
2374 2706 2590 2761 divinas
2614 2704 2939 2774 Scripturas
2965 2703 3148 2758 solent
3173 2698 3549 2768 interpretari.
3580 2695 3645 2748 Et

2067 2801 2263 2856 beatus
2294 2797 2626 2852 Zacharias:
2656 2814 2675 2847 ι
2708 2794 2911 2864 Aperi,
2944 2792 3158 2863 inquit,
3188 2789 3430 2852 Libane,
3458 2795 3645 2856 portas

2067 2901 2193 2945 tuas
2220 2909 2233 2945 :
2268 2897 2322 2944 et
2352 2888 2607 2943 comedat
2642 2888 2786 2958 ignis
2817 2885 3016 2941 cedros
3049 2891 3196 2937 tuas.
3229 2880 3411 2935 Ululet
3442 2878 3605 2947 pinus
3626 2916 3641 2941 ,

2066 2984 2196 3052 quia
2225 2980 2429 3035 cecidit
2454 2979 2656 3034 cedrus
2684 2979 2770 3032 ιι.»
2803 2977 2907 3031 Per
2941 2975 3211 3030 Libanum
3244 2988 3355 3028 non
3386 2969 3646 3036 intelligi-

2069 3086 2193 3125 mus
2216 3069 2487 3125 Libanum
2509 3109 2524 3135 ,
2553 3084 2732 3152 neqpe
2760 3083 2856 3139 per
2884 3066 3109 3122 cedrum
3131 3106 3145 3128 ,
3175 3062 3398 3118 cedrum
3419 3104 3431 3126 ,
3465 3074 3647 3128 neque

2068 3177 2167 3232 per
2188 3162 2390 3231 ignem,
2407 3162 2614 3233 ignem,
2641 3150 2818 3230 neque
2843 3173 2936 3229 per
2961 3158 3221 3221 abietem,
3242 3156 3475 3209 abietem
3507 3171 3520 3205 :
3548 3150 3645 3204 sed

2070 3257 2214 3328 ignis
2233 3270 2433 3311 rursus
2463 3271 2645 3326 regem
2677 3255 2992 3326 Babylonia:
3023 3253 3298 3322 designat,
3319 3265 3478 3322 quem
3517 3247 3647 3301 Eze-

2070 3348 2214 3403 chiel
2254 3348 2494 3417 aquilam
2533 3345 2867 3410 nominavit;
2912 3344 3158 3398 Libanus
3186 3340 3645 3409 Hierosolymam,

2068 3442 2268 3494 cedrus
2285 3439 2541 3494 homines
2561 3438 2774 3492 divitiis
2793 3445 2848 3492 et
2866 3435 3171 3490 honoribus
3193 3431 3464 3501 superbos
3484 3435 3648 3495 atquc

2068 3530 2506 3600 insignes,pinus
2529 3544 2659 3584 vero
2682 3528 2767 3583 his
2784 3527 3139 3596 abiectiores.
3163 3522 3373 3578 idcirco
3391 3519 3643 3589 subiicit:

2072 3619 2291 3676 «Ululet
2317 3620 2482 3690 pinus
2504 3661 2518 3686 ,
2542 3619 2670 3689 quia
2700 3618 2903 3673 cecidit
2926 3616 3125 3672 cedrus
3150 3631 3162 3665 :
3191 3633 3210 3666 ι
3235 3612 3495 3683 quoniam
3524 3625 3650 3680 pro-

2070 3728 2224 3768 ceres
2252 3713 2611 3767 vehementur
2640 3709 2827 3764 amicti
2864 3716 3019 3764 sunt.
3058 3705 3259 3761 Verum
3294 3719 3402 3760 non
3434 3710 3518 3758 est
3554 3716 3650 3756 ne-

2069 3818 2227 3860 cesse
2256 3811 2455 3858 cuncta
2483 3816 2938 3863 commemorare,
2957 3814 3077 3869 quae
3108 3814 3203 3869 per
3232 3794 3644 3865 translationem

2072 3897 2259 3951 divina
2320 3894 2458 3950 dicit
2512 3894 2822 3963 Scriptura.
2881 3891 3114 3946 Omissis
3167 3889 3333 3959 igitur
3380 3884 3645 3953 reliquis,

353 3986 587 4046 Τ⁹ᾰλλα
616 3990 808 4043 τοίνυν
832 3985 1252 4052 καταλιπόντες,
1286 3987 1417 4058 φέρε
1444 3987 1708 4058 δείξωμεν
1740 3988 1831 4041 τὸν
1854 3989 1964 4042 τῶν

2072 3988 2432 4043 ostendamus
2463 3986 2711 4041 omnium
2752 3985 2921 4039 Deum
2955 3982 3120 4039 etiam
3154 3982 3209 4036 in
3242 3979 3426 4034 Veteri
3453 3976 3644 4032 Testao

348 4084 492 4137 ὅλων
535 4082 702 4145 Θεὸν,
751 4080 851 4134 καὶ
903 4082 963 4133 ὲν
992 4082 1059 4150 τῇ
1101 4079 1336 4151 Παλαιᾷ,
1370 4080 1446 4143 ὡς
1502 4082 1726 4149 γυναικὶ
1768 4083 1833 4152 τῇ
1867 4082 1964 4135 τῶν

2076 4085 2265 4133 mento
2287 4093 2416 4133 cum
2440 4076 2755 4132 Judasorum
2784 4082 2948 4145 gente
2976 4081 3237 4141 tanquam
3263 4084 3387 4123 cum
3418 4066 3654 4120 mudiere

363 4176 643 4231 Ἰουδαίων
672 4171 888 4242 πληθύῖ
911 4169 1321 4241 διαλεγόμενον,
1353 4173 1449 4224 καὶ
1466 4172 1730 4236 τοιούτοις
1743 4172 1964 4244 ὀνόμασι

2074 4169 2481 4237 colloquentem
2504 4206 2518 4231 ,
2552 4174 2719 4235 atque
2750 4165 2948 4221 iisdem
2992 4171 3234 4218 utentem
3279 4159 3648 4215 membrorum

352 4266 538 4338 μελῶν
592 4264 966 4336 κεχρημένον,
1001 4261 1208 4326 ὁποίοις
1235 4263 1266 4314 6
1308 4261 1559 4333 Σολομὼν
1606 4265 1736 4335 περὶ
1764 4263 1964 4333 ταύτης

2070 4259 2359 4313 vocabulis
2379 4296 2393 4321 ,
2426 4258 2636 4326 quibus
2657 4256 2725 4311 de
2755 4257 2860 4309 hac
2889 4269 3094 4324 sponsa
3124 4252 3377 4307 scribens
3408 4263 3543 4304 usus
3569 4255 3653 4301 cst

348 4359 451 4428 τῆς
505 4356 737 4428 νύμφης
782 4353 1120 4426 συγγράφων
1164 4355 1454 4424 ἐχρήσατο-

2070 4346 2315 4401 Saiomo.

2003 4494 2048 4550 D

414 4605 562 4675 φησι
590 4601 778 4655 τοίνυν
804 4600 943 4670 πρὸς
975 4599 1064 4652 τὸν
1110 4596 1361 4669 Ἐζεκιὴλ
1405 4598 1434 4649 ὀ
1465 4595 1576 4649 τῶν
1615 4597 1754 4651 ὅλων
1796 4597 1931 4661 Θεός
1952 4613 1965 4625 ·

355 4716 375 4749 ι
400 4698 500 4750 Υἱὲ
537 4692 842 4765 ἀνθρώπου
862 4732 878 4757 ,
915 4690 1287 4761 διαμάρτυραι
1324 4694 1390 4761 τῇ
1426 4688 1783 4762 Ἰερουσαλὴμ
1802 4690 1901 4752 τὰς
1924 4688 1966 4720 ¹⁷

350 4789 588 4860 ἀνομίας
617 4787 797 4856 αὐτῆς
819 4802 834 4816 ’
866 4786 964 4838 καὶ
1010 4786 1153 4855 ὲρεῖς
1174 4800 1188 4814 ·
1224 4783 1362 4837 Τάδε
1390 4783 1541 4853 λέγει
1585 4781 1808 4837 Ἀδωναῖ
1853 4782 1967 4835 Κύ-

2144 4606 2237 4664 Sic
2262 4609 2429 4678 igitur
2460 4610 2844 4666 universorum
2880 4611 3025 4669 Deus
3059 4611 3653 4680 Ezechielemalloqui-

2070 4706 2159 4752 tur
2185 4716 2198 4751 :
2234 4716 2253 4750 ι
2285 4696 2387 4753 Fili
2413 4699 2675 4764 hominis,
2714 4708 2876 4757 notas
2904 4701 2989 4756 fac
3020 4701 3414 4772 Hierosolyma:
3442 4702 3653 4771 iniqui-

2071 4798 2214 4845 tates
2247 4790 2390 4859 ejus,
2423 4802 2478 4846 et
2500 4791 2657 4847 dices
2686 4810 2700 4846 :
2736 4790 2859 4847 Haec
2875 4793 3010 4847 dicit
3039 4792 3306 4848 Dominus
3346 4792 3491 4851 Deus
3522 4794 3652 4847 Hie-

355 4899 470 4953 ριος
525 4883 595 4950 τῇ
665 4876 1061 4949 Ἰερουσαλήμ·
1109 4876 1175 4929 Ἠ
1205 4874 1328 4945 ῥίζα
1383 4892 1475 4928 σου
1530 4876 1625 4929 καὶ
1670 4877 1705 4946 ἡ
1753 4874 1964 4942 γένεσίς

2069 4881 2362 4951 rosolymse
2401 4900 2414 4937 :
2468 4881 2648 4938 Radix
2702 4893 2818 4947 tua.
2854 4892 2910 4940 et
2941 4885 3228 4955 generatio
3267 4892 3358 4938 tua
3397 4885 3465 4939 de
3506 4892 3653 4939 terra

355 4990 478 5038 σου,
527 4973 596 5024 ἐκ
644 4970 753 5039 γῆς
786 4968 831 5001 ¹⁸
861 4968 1104 5021 Χαναὰν.
1156 4967 1214 5022 '0
1265 4969 1450 5039 πατήρ
1486 4985 1579 5022 σου
1615 4969 1964 5040 ’Λμορραῖος,

2073 4970 2359 5025 Chanaan.
2414 4970 2575 5028 Pater
2620 4984 2748 5030 tuus
2796 4974 3172 5041 Amorrhaaus,
3231 4982 3286 5027 et
3324 4982 3501 5029 mater
3561 4987 3653 5030 tua

354 5066 449 5119 καὶ
480 5065 518 5134 ἡ
550 5064 744 5133 μήτηρ
776 5077 875 5114 σου
908 5058 1181 5113 Χετταία’
1206 5060 1301 5112 καὶ
1343 5061 1377 5129 ἡ
1423 5059 1636 5127 γένεσίς
1685 5076 1798 5125 σου,
1833 5060 1892 5113 ἐν

2072 5061 2333 5118 Chettma.
2372 5064 2435 5118 Et
2460 5066 2742 5135 generatio
2768 5074 2863 5119 tua
2896 5066 3010 5120 haec
3043 5066 3145 5120 fuit
3174 5065 3262 5121 die
3278 5080 3388 5136 quo
3413 5074 3540 5120 nata
3555 5082 3651 5122 es:

353 5156 543 5227 ἡμέρᾳ
570 5154 831 5224 ἐτέχθης,
860 5151 964 5205 οὐκ
1000 5150 1216 5222 ἐτμήθη
1241 5154 1269 5204 6
1296 5151 1539 5221 ὀμφαλός
1586 5168 1702 5215 σου,
1745 5152 1839 5204 καὶ
1865 5151 1964 5204 οὐκ

2074 5169 2184 5209 non
2216 5164 2300 5210 est
2333 5157 2596 5225 praecisus
2623 5157 2919 5212 umbilicus
2951 5164 3103 5221 tuus,
3134 5166 3189 5213 et
3217 5173 3326 5213 non
3360 5158 3654 5213 vinxerunt

350 5246 557 5316 εδησαν
582 5245 713 5307 τοὺς
738 5240 985 5315 μαστούς
1010 5257 1106 5294 σου
1126 5258 1140 5272 ’
1167 5241 1260 5294 καὶ
1283 5244 1340 5295 ὲν
1387 5240 1541 5296 ὕδατι
1575 5241 1675 5295 οὐκ
1701 5240 1964 5313 ὲλούσθης

2077 5247 2248 5302 ubera
2294 5254 2411 5313 tua,
2442 5256 2498 5303 et
2529 5263 2670 5319 aqua
2702 5264 2808 5304 non
2843 5265 2904 5305 es
2934 5250 3046 5305 lota
3086 5249 3142 5304 in
3187 5250 3443 5317 salutem,
3481 5265 3654 5320 neque

430 5428 457 5465 ε
494 5422 699 5478 Ezecb.
755 5438 894 5488 xm,
934 5421 994 5487 5,
1023 5423 1082 5480 4.
1162 5419 1186 5457 ιι
1226 5418 1397 5476 Zach.
1428 5441 1502 5488 ιι,
1538 5420 1587 5485 1,
1627 5419 1715 5476 2..

1626 5572 1869 5647 vanu:
1895 5574 2308 5633 LECTIONES.

425 5724 471 5757 ¹¹
500 5720 640 5789 Cod.
678 5718 859 5775 τοῦτο.
942 5717 990 5789 f’
1023 5714 1187 5789 ᾴετδν
1214 5714 1392 5789 ςλετόν.
1418 5713 1552 5789 (Sed.
1577 5711 1758 5789 αύτόν.
1779 5712 1847 5789 _“
1886 5711 2301 5789 xéopov.uAbest
2322 5725 2362 5789 ει
2387 5713 2538 5789 cod._
2590 5716 2634 5748 ¹⁸
2663 5725 2798 5783 Cod,
2822 5720 3112 5788 ἀξιώματι.
3190 5717 3240 5749 ⁸⁸
3260 5714 3539 5787 Ίεζεκιήλ.
3575 5716 3651 5771 ita

363 5783 588 5866 quoque
607 5792 827 5850 deinde.
909 5787 952 5821 ²⁷
981 5787 1084 5849 τὰς
1110 5813 1183 5824 -
1213 5785 1590 5858 Ἰερουσαλήμ.
1618 5783 1740 5840 Des.
1778 5783 1831 5837 in
1872 5782 1999 5839 cod.
2098 5782 2139 5812 ¹⁸
2167 5782 2288 5851 γῆς.
2315 5782 2451 5838 Cod.
2478 5784 2595 5849 τῆς.
