4088 6426
467 388 540 456 35
1476 381 1964 441 THEODORETI
2002 379 2339 439 El’lSCOl’l
2372 380 2737 438 CYREXSIS
3689 387 3758 448 3f,

470 500 587 555 salo
606 494 789 559 salita,
816 494 873 564 8
904 508 1002 547 nec
1029 490 1273 544 involuta
1299 487 1517 559 pannis.
1550 487 1666 541 Non
1694 486 1935 557 pepercit
1971 502 2063 540 su-

2169 487 2245 548 εἱς
2290 485 2581 555 σωτηρίαν,
2619 486 2734 537 οὐδέ
2781 486 2868 538 ἁλὶ
2904 484 3146 557 ήλίσθης,
3201 490 3293 543 καὶ
3323 490 3363 522 ¹⁹
3404 492 3462 544 ἐν
3511 498 3761 566 σπαρτα·

470 605 569 658 per
602 597 655 643 te
689 587 909 651 oculus,
947 592 1003 637 ut
1042 582 1280 637 facerem
1311 579 1409 633 tibi
1447 594 1618 633 unum
1661 581 1725 632 de
1759 580 1866 641 his,
1898 589 2068 647 utun

388 719 392 724 -
472 688 691 748 paterer
722 679 801 732 tui
823 691 993 732 causa
1029 694 1039 726 :
1074 684 1127 728 et
1151 671 1368 741 abjecta
1392 685 1451 724 es
1476 685 1644 739 super
1665 668 1857 723 faciem
1887 679 2066 733 teme,

469 774 527 824 in
550 769 863 838 abjectione
889 766 1092 821 anima:
1123 772 1253 825 tua‘,
1278 761 1366 814 die
1390 775 1502 830 quo
1530 769 1655 813 nata
1684 776 1763 814 es.
1789 758 1855 813 Et
1882 767 2063 814 trans-

475 861 549 913 ivi
593 866 763 927 super
784 870 869 921 te,
909 867 962 911 et
996 854 1108 908 vidi
1141 860 1196 906 te
1225 852 1441 905 mistam
1474 850 1530 904 in
1557 852 1824 920 sanguine
1849 861 1965 904 tuo.
2006 848 2070 902 lit

467 949 582 1001 dixi
617 947 758 1001 tibi:
785 945 861 998 De
886 943 1155 1012 sanguine
1177 954 1274 995 tuo
1301 942 1409 994 vita
1441 956 1453 991 ε
1487 942 1879 1011 multiplicare,
1910 942 2069 1010 quasi

470 1052 696 1107 germen
754 1035 869 1105 agri
929 1032 1033 1087 feci
1095 1041 1168 1086 te.
1221 1030 1289 1083 Et
1340 1030 1725 1101 multiplicata,
1761 1040 1816 1087 et
1845 1033 2068 1102 grandis

473 1126 692 1188 cifecta,
744 1125 998 1193 ingressa
1034 1138 1095 1177 es
1133 1123 1188 1176 in
1235 1121 1490 1177 civitates
1531 1123 1842 1176 civitatum.
1890 1121 2066 1177 Ubera

470 1228 565 1272 tua
602 1224 788 1272 erecta
821 1223 971 1280 sunt,
1007 1222 1062 1268 et
1107 1215 1255 1283 pilus
1291 1222 1420 1268 tuus
1456 1213 1816 1284 germinavit,
1860 1220 1919 1267 ct
1946 1228 2069 1270 cras

470 1309 642 1372 nuda,
685 1317 741 1361 ct
766 1301 1321 1375 confusione'plena.
1358 1303 1425 1379 [Et
1450 1304 1680 1359 transivi
1708 1304 1869 1374 juxta
1901 1314 1976 1367 te,
2015 1312 2068 1358 et

469 1401 580 1455 vidi
617 1410 672 1454 te
723 1419 735 1454 :
775 1407 831 1453 et
864 1414 998 1452 ecce
1041 1406 1259 1466 tempus
1303 1406 1480 1460 tuum,
1527 1406 1743 1465 tempus
1787 1396 2064 1451 diverten-

469 1493 654 1546 tium:
698 1500 754 1544 et
815 1487 1052 1557 expandi
1095 1487 1216 1541 alas
1269 1500 1419 1540 meas
1461 1500 1626 1554 super
1664 1494 1736 1549 te,
1783 1494 1836 1539 et
1875 1485 2065 1554 Operui

472 1579 834 1652 ignominiam
857 1589 1033 1631 tuam.
1077 1576 1144 1629 Et
1168 1575 1354 1645 juravi
1387 1574 1510 1641 tibi,
1537 1582 1593 1629 et
1622 1576 1909 1645 ingressus
1941 1589 2064 1629 sum

474 1682 694 1741 pactum
720 1680 921 1735 tecum,
962 1668 1037 1721 ait
1064 1667 1330 1723 Dominus
1365 1666 1532 1722 Deus.
1553 1666 1620 1719 Et
1645 1665 1793 1720 facta
1816 1682 1877 1722 es
1908 1668 2064 1723 mihi.

476 1764 541 1818 Et
574 1764 680 1817 lavi
714 1771 766 1816 te
799 1777 963 1831 aqua,
997 1774 1055 1815 et
1084 1760 1382 1814 emundavi
1428 1761 1756 1829 sanguinem
1803 1769 1982 1822 tuum.
2011 1768 2065 1814 et

478 1851 609 1913 unii
650 1866 703 1912 te
726 1857 873 1910 oleo.
910 1854 973 1908 Et
1001 1854 1199 1909 vestiri
1225 1861 1280 1907 te
1310 1852 1708 1914 discoloribus,
1741 1857 1795 1904 et
1825 1852 2068 1906 calceavi
2102 1837 2141 1891 Β

473 1959 529 2005 te
566 1948 887 2021 hyacintho,
927 1955 981 2000 et
1010 1945 1158 1999 cinxi
1197 1954 1251 1999 te
1279 1943 1471 2014 bysso,
1518 1951 1573 1997 et
1611 1941 1767 1996 indui
1801 1950 1854 1997 te
1888 1943 2066 1998 subli-

474 2043 625 2097 libus
682 2057 746 2097 ex
799 2039 1051 2094 crinibus
1102 2037 1407 2092 contextis.
1461 2033 1529 2089 Et
1581 2034 1772 2089 ornavi
1812 2046 1862 2089 te
1906 2050 2069 2090 orna-

471 2143 678 2198 mento,
712 2143 766 2189 et
797 2132 925 2188 dedi
964 2131 1217 2184 armillas
1244 2130 1308 2185 ad
1330 2143 1529 2184 manus
1556 2137 1697 2191 tuas,
1730 2135 1783 2182 et
1812 2136 2067 2198 torquem

469 2230 620 2283 circa
661 2228 866 2281 collum
915 2236 1092 2289 tuum,
1134 2233 1187 2278 et
1227 2222 1356 2278 dedi
1404 2224 1652 2278 inaurem
1693 2237 1861 2291 super
1907 2234 2069 2275 nares

470 2329 619 2383 tuas,
661 2325 714 2372 et
740 2316 957 2370 rotulas
987 2330 1155 2384 super
1179 2328 1342 2368 aures
1376 2322 1525 2377 tuas,
1557 2322 1612 2368 et
1644 2326 1907 2367 coronam
1949 2312 2067 2382 glo—

470 2412 677 2465 riosam
704 2410 758 2462 in
783 2408 967 2479 capite
994 2415 1089 2461 tuo
1116 2407 1160 2459 ί.
1199 2424 1217 2457 ι
1255 2404 1321 2458 Et
1351 2405 1547 2475 paucis
1576 2403 1923 2474 interiectis:
1957 2402 2070 2457 «ειν

473 2501 687 2566 mitam,
715 2501 916 2570 inquit,
943 2510 998 2555 et
1028 2500 1157 2564 mel,
1191 2508 1247 2553 et
1277 2500 1460 2554 oleum
1485 2496 1799 2553 comedisti.
1831 2496 1896 2549 Et
1921 2494 2068 2550 facta

472 2610 536 2650 es
570 2595 727 2649 valde
752 2593 1009 2664 pulchra,
1036 2602 1090 2647 et
1131 2592 1266 2648 exiit
1293 2608 1491 2646 nomen
1529 2600 1684 2644 tuum
1722 2591 1774 2643 in
1812 2591 2068 2660 gentibus

473 2696 703 2758 propter
752 2686 1223 2757 pulchritudinem
1269 2696 1420 2739 tuam
1457 2683 1503 2738 i.
1552 2704 1570 2735 ι
1621 2683 1685 2737 Et
1738 2685 1902 2751 paulo
1948 2692 2069 2752 post

473 2793 707 2834 rursus:
744 2797 761 2829 ι
802 2777 866 2830 Et
901 2777 1107 2832 accidit
1149 2783 1275 2846 post
1305 2790 1527 2845 omnem
1571 2774 1845 2827 malitiam
1893 2784 2065 2839 tuam,

472 2871 609 2925 dicit
643 2870 855 2925 Adonai
906 2870 1196 2934 Dominus,
1239 2867 1527 2923 aediﬁcasti
1572 2867 1670 2921 tibi
1710 2868 1963 2936 lupanar,
2014 2877 2069 2924 ct

478 2960 666 3017 fecisti
702 2963 800 3016 tibi
840 2962 1210 3031 prostibulum
1242 2960 1297 3013 in
1326 2958 1549 3013 cunctis
1590 2955 1806 3027 plateis.
1840 2959 1920 3012 Ad
1951 2975 2066 3014 0m-

474 3069 598 3111 nem
621 3055 1032 3110 extremitatem
1054 3054 1156 3108 via:
1174 3051 1459 3136 aediﬁcasti
1486 3053 1772 3123 lupanaria
1798 3063 1909 3115 tua,
1933 3052 1988 3121 9
2014 3062 2067 3106 et

473 3147 770 3217 corrupisti
823 3145 1084 3201 decorem
1139 3153 1296 3198 tuum
1345 3163 1359 3197 :
1401 3151 1456 3199 et
1494 3144 1731 3199 divisisti
1771 3159 1933 3199 crura
1974 3154 2064 3198 tua

472 3240 625 3294 omni
684 3240 1024 3300 transeunti,
1073 3245 1127 3294 et
1163 3236 1546 3306 multiplicasti
1592 3252 1783 3292 omnes
1829 3236 2069 3292 fornica-

472 3331 658 3385 tiones
694 3339 842 3385 tuas.
898 3329 962 3383 Et
997 3328 1276 3384 fornicata
1315 3344 1376 3383 es
1409 3344 1533 3383 cum
1569 3329 1699 3383 (iliis
1725 3327 1949 3399 IEgypti
1984 3329 2066 3383 vi-

472 3422 619 3476 cinis
670 3422 782 3476 tuis
828 3435 1156 3492 magnarum
1207 3420 1460 3478 carnium
1511 3436 1524 3472 :
1579 3426 1633 3473 ct
1681 3415 2067 3487 multiplicasti

473 3516 877 3571 fornicationes
920 3523 1047 3570 tuas
1092 3514 1161 3569 ad
1202 3512 1534 3568 irritandum
1579 3528 1686 3568 me.
1727 3531 1746 3564 ι
1775 3511 1840 3566 Et
1874 3528 2067 3569 rursus

472 3617 600 3678 post
654 3623 837 3677 pauca
876 3626 888 3662 :
925 3626 942 3658 ι
983 3604 1095 3661 Nec
1133 3605 1277 3659 facta
1312 3620 1374 3660 cs
1417 3605 1577 3674 quasi
1620 3605 1884 3661 meretrix
1924 3620 2067 3661 mer-

473 3699 638 3754 cedes
681 3698 976 3766 colligens,
1023 3696 1118 3751 sed
1164 3696 1365 3750 mulier
1403 3695 1655 3749 adultera
1692 3696 1898 3751 similis
1940 3698 2062 3762 tibi,

472 3807 597 3862 quae
621 3792 742 3845 loco
764 3791 865 3845 viri
898 3790 984 3845 sui
1007 3788 1284 3842 adulterat
1308 3801 1432 3840 cum
1458 3786 1655 3842 alienis
1689 3804 1700 3839 :
1726 3803 1849 3856 qua:
1872 3800 2068 3855 pra-ter

477 3882 657 3936 virum
690 3897 848 3935 suum
896 3879 1107 3951 accipit
1148 3878 1451 3942 mercedes,
1502 3887 1556 3933 et
1600 3878 1861 3931 onmibus
1891 3876 2066 3931 forni-

475 3973 736 4027 cantibus
755 3988 876 4028 cum
910 3973 1031 4041 ipsa
1062 3970 1219 4025 addit
1247 3969 1551 4025 mercedes.
1571 3968 1843 4024 Omnibus
1867 3968 2067 4023 scortis

477 4065 686 4119 dantur
723 4064 1030 4127 mercedes,
1067 4072 1124 4117 tu
1164 4072 1347 4117 autem
1380 4061 1584 4117 dedisti
1614 4062 1899 4117 mercedes
1930 4076 2067 4115 cun-

474 4157 582 4211 ctis
623 4155 971 4209 amatoribus
1021 4153 1130 4207 tuis
1159 4171 1171 4207 :
1200 4162 1257 4207 et
1304 4151 1465 4207 donis
1515 4151 1786 4206 onerabas
1831 4151 1977 4214 illos,
2009 4159 2066 4204 ut

475 4246 754 4299 intrarent
803 4244 869 4297 ad
909 4252 960 4298 te
1009 4242 1255 4312 undique
1307 4242 1376 4296 ad
1423 4239 1815 4296 fornicandum
1857 4247 2060 4294 tecum.

475 4334 812 4407 Factumque
835 4346 923 4390 est
952 4334 1007 4389 in
1044 4344 1095 4388 te
1137 4343 1333 4390 contra
1368 4333 1829 4389 consuetudinem
1873 4333 2066 4387 nmlic-

477 4441 597 4478 rum
625 4424 677 4477 in
712 4424 1179 4479 t'ornicationibus
1205 4425 1340 4489 tuis,
1365 4434 1417 4478 et
1443 4432 1570 4494 post
1601 4432 1652 4477 te
1683 4438 1791 4477 non
1819 4424 1926 4478 erit
1955 4423 2065 4477 t'or-

2174 593 2281 639 νοις
2306 576 2403 627 οὐκ
2454 576 2886 647 ἐσπαργανώθης
2907 594 2920 607 ⁸
2955 577 3078 629 οὐδὲ
3127 580 3384 648 ἐφείσατο
3419 585 3448 636 ὁ
3482 583 3761 656 ὀφθαλμὸς

2171 669 2265 720 ἐπὶ
2298 668 2378 719 σοὶ
2406 667 2500 719 τοῦ
2533 669 2756 739 ποιῆσαί
2790 684 2869 722 σοι
2902 671 2946 700 ²⁰
2980 670 3037 722 ἓν
3075 672 3140 724 ἐκ
3170 672 3388 727 πάντων
3423 675 3631 731 τούτων
3664 677 3758 730 τοῦ

2172 758 2360 811 παθεῖν
2390 777 2443 811 τι
2467 760 2558 811 ἐπὶ
2592 759 2705 812 cat"
2741 762 2833 813 καὶ
2871 760 3185 832 ἀπερῤίφης
3210 765 3302 816 ἐπὶ
3339 765 3636 834 προσώπου
3665 769 3759 823 τοῦ

2171 848 2352 902 πεδίου
2409 853 2473 920 τῇ
2512 850 2815 920 σκολιότητι
2871 851 2973 921 τῆς
3026 853 3205 922 ψυχῆς
3255 871 3370 921 σου,
3399 856 3458 910 ἐν
3575 860 3761 931 ἡμέρᾳ

2168 941 2411 1011 ὲτέχθης.
2450 943 2559 994 Kal.
2591 942 2805 1012 διῆλθον
2839 943 2934 995 ἐπὶ
2969 943 3050 1009 σὲ,
3100 945 3194 997 καὶ
3243 940 3385 999 εἶδόν
3429 965 3510 1013 σε,
3552 967 3761 1020 πεφυρ-

2171 1033 2340 1103 μένην
2369 1034 2427 1087 ὲν
2450 1033 2526 1103 τῷ
2556 1032 2745 1103 αἵματί
2778 1050 2892 1087 σου.
2937 1034 3047 1087 Καὶ
3092 1031 3225 1089 εἶπά
3271 1053 3375 1101 corr
3424 1040 3519 1092 Ἐκ
3545 1041 3640 1095 τοῦ
3673 1043 3760 1096 αῖο

2170 1125 2342 1194 ματός
2370 1141 2465 1178 σου
2484 1125 2620 1194 ζωὴ,
2636 1123 2928 1195 πληθύνου·
2958 1124 3188 1197 καθὼςὴ
3212 1129 3443 1201 ἀνατολὴ
3466 1131 3560 1186 τοῦ
3587 1134 3758 1205 ἀγροῦ
3824 1142 3830 1149 ’

2165 1216 2379 1270 δέδωκὰ
2413 1235 2494 1270 σε.
2544 1218 2656 1270 Kal.
2702 1216 3067 1287 ὲπληθύνθης,
3100 1219 3196 1271 καὶ
3234 1219 3636 1292 ἐμεγαλύνθης,
3668 1226 3762 1279 καὶ

2168 1308 2415 1379 εἰσῆλθες
2436 1310 2515 1371 είς
2537 1308 2718 1372 πόλεις
2747 1309 2972 1361 πόλεων.
2989 1309 3053 1361 υἱ
3077 1310 3275 1379 μαστοί
3297 1328 3389 1365 σου
3432 1313 3759 1386 ἀνωρθώθη-

2168 1417 2288 1464 σαν,
2320 1402 2416 1454 καὶ
2453 1402 2486 1470 ἡ
2535 1399 2655 1471 θρίξ
2690 1416 2784 1451 σου
2827 1397 3087 1453 ἀνέτειλε.
3135 1401 3207 1454 Σὺ
3238 1400 3297 1454 δὲ
3326 1397 3394 1473 ἧς
3432 1403 3634 1475 γυμνὴ,
3665 1404 3761 1458 καὶ

2165 1490 2569 1562 ἀσχημονοῦσα.
2604 1490 2713 1544 Καὶ
2741 1489 2953 1559 διῆλθον
2994 1491 3081 1545 διὰ
3115 1492 3233 1555 σοῦ,
3263 1494 3359 1546 καὶ
3389 1491 3528 1547 εἶδόν
3551 1512 3638 1549 σε·
3665 1497 3760 1550 καὶ
3788 1546 3793 1555 .

2169 1584 2277 1637 ἰδοὺ
2322 1584 2514 1655 καιρός
2556 1600 2672 1648 σου,
2718 1585 2809 1637 καὶ
2859 1584 3050 1654 καιρὸς
3100 1585 3503 1641 καταλυόντων·
3537 1590 3630 1641 καὶ
3676 1588 3757 1642 δι-

2166 1676 2410 1729 επέτασα
2435 1675 2535 1738 τὰς
2565 1676 2843 1747 πτέρυγάς
2874 1694 2976 1746 μου
3011 1676 3103 1728 ἐπὶ
3134 1677 3238 1742 σοὶ,
3268 1679 3362 1730 καὶ
3388 1678 3633 1747 ἐκάλυψα
3661 1680 3761 1748 τὴν

2170 1765 2558 1836 ἀσχημοσύνην
2593 1782 2709 1819 σου.
2758 1767 2870 1818 Kal.
2915 1763 3109 1836 ώμοσά
3145 1782 3247 1828 σοι,
3296 1766 3391 1820 καὶ
3422 1766 3672 1837 εἰσῆλθον
3702 1772 3761 1823 ὲν

2170 1856 2403 1928 διαθήκῃ
2440 1857 2580 1927 μετὰ
2611 1856 2727 1922 σοῦ,
2758 1856 2909 1925 λέγει
2946 1856 3173 1911 Ἀδωνατ
3217 1857 3442 1928 Κύριος.
3492 1859 3603 1913 Καὶ
3635 1861 3759 1929 ἐγέ-

2169 1965 2261 2001 νου
2301 1965 2411 2018 μοι.
2459 1947 2569 2000 Kal.
2624 1947 2820 2002 ἐλουσά
2879 1965 2939 2000 σε
3000 1948 3176 2014 ὕδατι,
3222 1950 3317 2003 καὶ
3374 1940 3663 2004 ἀπέπλυναί
3702 1952 3762 2006 τὸ

2169 2033 2312 2109 αἷμά
2347 2056 2441 2092 σου
2491 2039 2599 2093 ἀπὸ
2648 2038 2775 2091 σοῦ’
2827 2040 2920 2092 καὶ
2970 2038 3164 2109 ἔχρισά
3209 2056 3270 2093 σε
3318 2043 3377 2095 ἐν
3414 2043 3600 2114 ἐλαίῳ.
3652 2044 3760 2097 Kal.

2170 2128 2395 2182 ἐνέδυσά
2432 2145 2489 2182 σε
2526 2130 2778 2182 ποικίλα·
2812 2130 2906 2183 καὶ
2957 2131 3191 2186 ὑπέδοσά
3249 2149 3306 2185 σε
3345 2132 3617 2200 ὑάκινθον,
3666 2137 3761 2189 καὶ

2169 2222 2349 2286 ἐζωσά
2380 2238 2439 2275 σε
2471 2219 2675 2292 βύσσῳ,
2717 2226 2812 2276 καὶ
2852 2221 3172 2289 περιέϐαλον
3203 2240 3262 2276 σε
3304 2224 3610 2295 τριχάπτῳ.
3650 2226 3761 2281 Kal.

2170 2315 2457 2383 ἐκόσμησὰ
2496 2331 2555 2367 σε
2589 2314 2797 2385 κόσμῳ,
2828 2315 2922 2371 καὶ
2950 2315 3252 2387 περιέθηκα
3279 2315 3473 2386 ψέλλια
3507 2319 3634 2389 περὶ
3661 2320 3761 2382 τὰς

2170 2400 2359 2471 χεῖράς
2394 2418 2510 2469 σου,
2550 2402 2644 2455 καὶ
2675 2401 2895 2473 κάθεμα
2923 2405 3053 2476 περὶ
3080 2404 3175 2459 τὸν
3202 2406 3474 2478 τράχηλον
3500 2425 3594 2461 σου
3616 2425 3629 2438 ⁸
3667 2410 3762 2463 καὶ

2168 2491 2345 2546 ἔδωκα
2401 2492 2623 2548 ἐνώτιον
2676 2495 2803 2566 περὶ
2854 2495 2946 2549 τὸν
3006 2497 3264 2569 μυκτῆρα
3294 2516 3410 2564 σου,
3438 2500 3531 2553 καί
3580 2501 3764 2570 τροχί-

2172 2600 2335 2647 σκους
2365 2586 2458 2638 ἐπὶ
2490 2583 2557 2638 τὰ
2587 2578 2704 2639 ὦτά
2734 2602 2848 2650 σου,
2885 2588 2977 2641 καὶ
3015 2589 3280 2659 στέφανον
3315 2593 3634 2661 καυχήσεως
3666 2592 3762 2643 ἐπὶ

2168 2675 2267 2746 τὴν
2315 2678 2559 2748 κεφαλήν
2614 2696 2729 2734 σου.
2791 2700 2810 2732 ι
2850 2680 2959 2733 Kal.
3012 2682 3129 2751 μετ’
3172 2681 3357 2749 ὀλίγα·
3399 2702 3416 2732 ι
3451 2681 3758 2752 Σεμίδαλιν,

2170 2771 2264 2824 καὶ
2299 2773 2443 2843 μέλι,
2476 2774 2571 2827 καὶ
2598 2774 2775 2829 ἔλαιον
2803 2773 3026 2843 ἔφαγες.
3074 2776 3185 2828 Kal
3229 2775 3415 2845 ἐγένου
3447 2777 3587 2846 καλὴ
3629 2778 3763 2847 acid-

2167 2865 2294 2935 δρα·
2342 2867 2437 2920 καὶ
2479 2867 2672 2938 ἐξῆλθὲ
2718 2884 2814 2921 σου
2862 2868 3049 2942 ὄνομα,
3076 2869 3133 2920 ἐν
3176 2871 3289 2930 τοῖς
3328 2867 3539 2922 ἔθνεσιν
3567 2869 3656 2923 ἐπὶ
3683 2869 3764 2941 τῷ

2169 2959 2356 3014 κάλλει
2386 2977 2500 3014 σουι
2539 2980 2558 3011 ι
2590 2961 2701 3015 Kal.
2754 2961 2871 3030 μετ’
2903 2960 3058 3028 ὀλίγα
3097 2960 3291 3014 πάλιν·
3326 2981 3344 3012 ι
3384 2962 3495 3015 Καὶ
3547 2964 3763 3030 ἐγένετο

2171 3049 2307 3118 μετὰ
2338 3050 2518 3113 πάσας
2543 3049 2641 3113 τὰς
2674 3050 2872 3113 κακίας
2898 3066 3014 3113 σου,
3062 3049 3210 3118 λέγει
3253 3050 3479 3104 ’Λδωναῖ
3525 3053 3760 3124 Κύριος,

2169 3144 2262 3196 καὶ
2288 3143 2643 3215 ᾠκοδόμησας
2674 3147 2869 3216 σεαυτῇ
2896 3143 3103 3215 οἴκημα
3128 3145 3385 3215 πορνικὸν
3406 3159 3420 3173 ⁸
3452 3146 3546 3198 καὶ
3573 3146 3765 3217 ἐποίη-

2173 3250 2273 3296 σας
2299 3235 2495 3303 σεαυτῇ
2527 3232 2736 3303 ἔκθεμα
2767 3234 2824 3286 ἐν
2856 3234 3003 3305 πάσῃ
3051 3233 3301 3306 πλατείᾳ,
3328 3235 3422 3287 καὶ
3457 3235 3547 3288 ἐπ’
3587 3236 3761 3305 ἀρχὴν

2172 3325 2356 3395 πάσης
2382 3323 2503 3377 ὁδοῦ
2529 3323 2886 3395 ᾠκοδόμησας
2913 3324 2983 3377 τὰ
3014 3325 3241 3395 πορνεῖα
3271 3326 3312 3355 ²¹
3333 3342 3346 3355 ο
3376 3324 3468 3378 καὶ
3508 3324 3761 3395 ἐλυμήνω

2169 3417 2231 3468 τὸ
2282 3416 2480 3479 κάλλος
2528 3432 2644 3480 σου,
2681 3416 2775 3469 καὶ
2823 3416 3082 3488 διήγαγες
3129 3418 3199 3471 τὰ
3251 3418 3417 3489 σκέλη
3468 3435 3560 3472 σου
3600 3422 3760 3471 παντὶ

2171 3508 2412 3578 παρόδῳ,
2444 3507 2537 3559 καὶ
2576 3507 2883 3577 ἐπλήθυνας
2933 3511 3031 3581 τὴν
3075 3508 3332 3581 πορνείαν
3378 3526 3470 3563 σου
3494 3526 3506 3539 ’
3542 3512 3637 3565 καὶ
3670 3512 3760 3575 ἐξ·

2170 3601 2501 3668 επόρνευσας
2532 3599 2623 3654 ἐπὶ
2667 3602 2793 3664 τοὺς
2842 3601 2993 3664 υἱοὺς
3037 3602 3316 3670 Αἰγύπτου
3345 3602 3472 3666 τοὺς
3498 3602 3761 3675 ὁμοροῦν-

2169 3692 2264 3755 τάς
2297 3708 2399 3756 σοι,
2441 3692 2568 3755 τοὺς
2617 3693 3095 3764 μεγαλοσάρκους·
3150 3695 3245 3748 καὶ
3292 3694 3571 3765 πολλαχῶς
3597 3697 3642 3726 ﬂ
3672 3696 3760 3761 ἐξ-

2170 3784 2503 3853 επόρνευσας
2553 3785 2649 3838 τοῦ
2701 3788 3033 3857 παροργίσαι
3088 3804 3177 3856 με.
3224 3806 3242 3838 ›
3279 3787 3390 3841 Kal
3436 3787 3554 3857 μετ’
3606 3787 3759 3856 ὀλίγα

2171 3872 2361 3927 πάλιν·
2408 3895 2424 3927 ι
2464 3876 2574 3929 Καὶ
2621 3877 2721 3930 οὐκ
2770 3878 2958 3946 ἐγένου
3006 3877 3083 3941 ὡς
3127 3878 3302 3949 πόρνη
3351 3879 3661 3948 συνάγουσα
3690 3883 3758 3932 τὰ

2172 3965 2532 4035 μισθώματα¹
2591 3971 2624 4039 ὴ
2676 3969 2812 4041 γυνὴ
2867 3971 2900 4041 ἡ
2951 3969 3264 4041 μοιχωμένη
3306 3971 3413 4024 ὑπὸ
3457 3970 3546 4024 τὸν
3591 3970 3760 4041 ἄνδρα

2169 4057 2342 4127 αὐτῆς
2373 4060 2452 4120 εἰς
2488 4058 2822 4130 ἀλλοτρίους,
2854 4061 3015 4133 ὁμοία
3048 4079 3131 4115 σοι
3151 4077 3163 4090 '
3195 4064 3228 4132 ἡ
3264 4062 3416 4133 παρὰ
3442 4062 3534 4116 τοῦ
3569 4062 3757 4133 ἀνδρὸς

2169 4151 2338 4222 αὐτῆς
2363 4151 2714 4222 λαμϐάνουσα
2749 4145 3099 4224 μισθώματα,
3126 4155 3222 4206 καὶ
3252 4155 3385 4206 πᾶσι
3410 4156 3522 4217 τοῖς
3555 4156 3757 4223 ἐκπορ-

2170 4244 2423 4299 νεύσασιν
2453 4246 2532 4307 εἰς
2575 4246 2747 4317 αὐτὴν
2778 4244 3139 4316 προσδιδοῦσα
3171 4244 3517 4315 μισθώματα.
3551 4244 3758 4307 "deat;

2169 4335 2398 4406 πόρναις
2427 4336 2632 4391 δίδοται
2683 4334 3042 4406 μισθώματα·
3098 4336 3161 4387 σὺ
3210 4336 3267 4387 δὲ
3308 4336 3627 4402 προέδωκας
3668 4354 3758 4405 μι-

2171 4428 2435 4497 σθώματα
2467 4430 2600 4480 πᾶσι
2640 4432 2752 4490 τοῖς
2786 4429 3044 4497 ἐρασταῖς
3092 4442 3214 4477 σου·
3248 4428 3342 4479 καὶ
3387 4426 3432 4457 ’³
3478 4427 3758 4496 script-t3;

476 4516 700 4570 nieatio.
740 4516 795 4568 in
826 4530 893 4570 eo
916 4516 1086 4583 enim,
1114 4515 1259 4584 quod
1282 4515 1488 4571 dedisti
1510 4515 1815 4579 mercedes,
1833 4523 1887 4567 et
1923 4530 2064 4568 mer-

2169 4518 2367 4580 αὐτοὺς
2396 4518 2490 4568 τοῦ
2522 4516 2779 4586 ἔρχεσθαι
2812 4517 2948 4582 πρὸς
2976 4516 3034 4567 σὲ
3062 4515 3321 4568 κυκλόθεν
3351 4518 3407 4569 ὲν
3429 4520 3494 4586 τῇ
3533 4521 3758 4589 πορνεὲᾳ

475 4607 639 4662 cedes
662 4621 771 4660 non
803 4607 1091 4675 accepisti,
1117 4608 1323 4662 factum
1358 4616 1444 4660 cst
1475 4606 1529 4659 in
1560 4615 1615 4660 te
1633 4605 2048 4676 perversumk.»

477 4700 696 4779 lituum
730 4708 1063 4766 sequuntur,
1095 4710 1224 4754 sunt
1249 4697 1501 4768 ejusdem
1533 4698 1771 4766 generis.

2170 4625 2283 4660 σου.
2334 4607 2444 4660 Ka‘t
2500 4608 2716 4674 ἐγένετο
2772 4607 2829 4657 ἐν
2883 4605 2964 4657 σοὶ
3009 4605 3437 4677 διεστραμμένον
3478 4610 3628 4681 παρὰ
3659 4612 3756 4671 τὰς

2168 4704 2430 4769 γυναῖκας
2462 4702 2517 4751 ἐν
2555 4701 2618 4768 τῇ
2645 4698 2872 4768 πορνείίι
2913 4715 3036 4749 σου·
3076 4700 3170 4750 καὶ
3200 4702 3243 4730 ³³
3280 4704 3415 4768 μετὰ
3447 4703 3502 4754 σέ
3531 4704 3589 4754 οὺ
3624 4721 3756 4771 πορ-

470 4792 777 4847 νεύσουσιν.
814 4792 905 4846 Ἐν
939 4784 1015 4862 τῷ
1047 4792 1387 4863 προσδιδόναι
1454 4808 1511 4842 σε
1570 4791 1923 4860 μισθώματα,
1965 4796 2057 4842 καὶ
2101 4807 2181 4846 σοι
2213 4795 2535 4865 μισθώματα
2562 4796 2660 4846 οὐκ
2686 4794 2864 4863 ἐδέθη,
2898 4794 3112 4862 ἐγένετο
3145 4795 3199 4847 ἐν
3262 4798 3343 4847 σοι
3398 4797 3756 4868 διεστραμμέ-

470 4901 583 4940 νον.
624 4904 641 4937 ι
680 4873 793 4939 Kal.
822 4887 891 4939 τὰ
922 4886 1051 4955 ἑξῆς
1074 4886 1167 4938 τοῦ
1201 4886 1367 4939 αὑτοῦ
1397 4885 1574 4945 εἴδους
1604 4885 1941 4953 ὑπάρχοντα.

542 4976 825 5043 Quidnam
872 4978 1057 5033 dicent
1122 4980 1194 5043 ii,
1257 4978 1348 5047 qui
1408 4976 1622 5031 Cantici
1707 4975 2049 5030 canticorum

470 5070 678 5139 scripta
713 5079 967 5139 carpunt,
1002 5079 1057 5123 ct
1096 5078 1353 5136 tanquam
1385 5067 1659 5136 impudica
1697 5065 2053 5133 interpretari

473 5161 700 5215 minime
726 5172 1010 5227 verentur,
1068 5176 1190 5214 cum
1245 5161 1297 5211 in
1332 5158 1516 5212 Veteri
1567 5157 1920 5209 Testamento
1950 5171 2060 5208 non

473 5253 761 5307 δ’δδὶιιὶὶιίίι
787 5253 894 5307 diei
914 5253 982 5307 de
1001 5263 1163 5323 gente
1186 5250 1503 5304 Judaeorum
1535 5247 1884 5302 invenerint?
1919 5245 2058 5300 Ecce

553 5426 572 5468 ι
619 5425 818 5481 Ezech.
852 5441 975 5489 xvi,
1012 5426 1167 5480 2-12.
1241 5425 1253 5474 Ξ
1308 5423 1445 5479 ibid.
1496 5423 1577 5485 ιδ,
1616 5424 1697 5476 Η.

2242 4975 2307 5027 Τί
2334 4974 2399 5028 ἂν
2428 4974 2634 5027 εἴποιεν
2670 4979 2718 5028 oi
2752 4976 2843 5028 τοῦ
2865 4978 3139 5047 ᾊσμειτος
3160 4978 3264 5031 τῶν
3293 4981 3553 5050 ᾀσμάτων
3585 4982 3750 5051 βλασ-

2170 5064 2483 5135 φημοῦντες
2527 5066 2585 5117 τὸ
2647 5068 3007 5137 σύγγραμμα,
3079 5071 3173 5122 καὶ
3254 5072 3568 5136 ἀκολάστως
3621 5076 3749 5128 αὐτὸ

2171 5159 2309 5208 νοεῖν
2344 5157 2671 5223 τολμώντες,
2701 5160 2922 5212 τοιαῦτα
2956 5163 3047 5214 καὶ
3074 5165 3131 5214 ἐν
3167 5167 3230 5234 τῇ
3266 5166 3477 5237 Malam}
3504 5169 3741 5243 Διαθήκῃ

2172 5248 2299 5319 περὶ
2328 5249 2423 5317 τῆς
2468 5250 2732 5303 Ἰουδαίων
2764 5252 3000 5321 πληθύος
3054 5256 3398 5325 εὑρίσκοντες
3437 5260 3743 5332 εἰρημένας

1778 5426 1802 5460 ιι
1841 5425 1975 5481 ibid.
2022 5427 2212 5480 51-5-4.

1772 5588 2002 5645 VARUS
2038 5591 2449 5651 LECTIONES.

557 5705 599 5736 to
626 5705 721 5761 καὶ
756 5734 810 5744 ..-
829 5705 1064 5771 ὲσπαργ.
1101 5702 1221 5757 Des.
1251 5704 1305 5756 in
1339 5707 1459 5759 cuti.

1537 5707 1581 5736 ²⁰
1612 5724 1712 5759 σοι.
1740 5708 1874 5787 Qud.
2066 5713 2109 5787 ξι
2136 5711 2271 5787 Cod.
2330 5715 2425 5777 τὰς
2452 5718 2708 5785 πορνείας
2748 5733 2858 5772 σου,
2933 5722 2977 5751 ²²
3006 5717 3302 5787 πολλαχῶς.
3328 5718 3461 5773 Cod.
3484 5718 3623 5787 _add.
3659 5714 3736 5773 δέο

478 5769 529 5852 .²³
556 5776 661 5830 καί.
704 5775 875 5829 Abest
898 5786 926 5823 ει
952 5769 1068 5825 cod.
1144 5775 1186 5802 "‘
1219 5776 1311 5828 καὶ
1344 5809 1410 5815 ——
1431 5777 1881 5845 διεστραμμένον.
1921 5781 2040 5838 Des.
2067 5783 2121 5836 in
2153 5784 2277 5838 cod.
