4088 6420
479 338 548 403 39
1449 337 1935 397 THEODORETI
1966 335 2305 397 EPISCOPI
2332 336 2697 397 CYRENSIS
3684 340 3753 405 40

478 460 759 517 adbibere.
803 458 915 512 lloc
954 458 1085 513 item
1124 473 1188 513 ex
1225 457 1502 527 allegoria:
1529 456 1743 526 legibus
1781 456 2054 526 intellige-

2165 456 2260 508 καὶ
2288 452 2452 506 οἱονεὶ
2478 451 2732 522 τεχθεῖσα
2756 450 2828 521 τῷ
2860 452 2954 520 τῆς
2980 450 3224 512 δουλείας
3248 450 3464 520 ἐκείνης
3494 450 3754 516 ἐξελθεῖν,

476 568 625 613 mus,
651 558 710 603 ut
740 550 823 605 sal
872 549 1219 620 spiritualem
1268 545 1621 617 prudentiam
1670 546 1967 615 signiticet,
2010 555 2063 599 et

473 641 715 695 divinam
750 640 1084 704 doctrinam,
1107 652 1213 708 qua
1235 652 1320 700 ea,
1349 651 1471 706 quae
1498 637 1780 705 corrumpi
1813 648 2062 705 possent,

472 750 503 786 ιι
540 731 834 801 putredine
874 733 1087 802 integra
1135 736 1559 784 conservantur.
1605 727 1978 794 Quamobrem
2010 737 2066 783 et

475 821 740 877 Dominus
800 822 1021 876 dicebat
1050 819 1346 888 discipulis
1383 834 1399 873 :
1436 837 1454 870 ι
1489 817 1703 874 Habete
1745 821 1827 876 sal
1852 831 1920 887 P;
1962 840 1980 872 ι
2009 830 2065 874 et

473 928 685 967 rursus:
701 934 718 965 ι
731 912 841 967 Vos
852 913 985 967 estis
1003 911 1085 967 sal
1103 922 1260 965 terrae
1270 919 1319 963 ιι.
1335 930 1352 960 ι
1370 910 1436 963 Ει
1452 910 1697 967 inVeteri
1711 910 2064 968 Testamento

471 1005 801 1072 reperimus,
832 1004 1049 1057 nullum
1080 1004 1205 1058 sine
1232 1004 1349 1059 sale
1373 1004 1715 1059 sacriﬁcium
1753 1005 1868 1059 ﬁeri
1893 1016 1937 1060 τ.
1972 1004 2062 1059 Sic

471 1093 604 1145 illud
654 1092 784 1146 item
834 1092 1267 1162 intelligendum
1321 1101 1430 1156 est,
1464 1111 1481 1144 ι
1521 1090 1642 1147 Non
1675 1101 1758 1148 est
1788 1094 2060 1163 praecisus

376 1166 385 1175 ’
469 1183 759 1237 tnnbilicus
808 1193 958 1237 tuus.
1006 1202 1025 1234 ι
1069 1182 1309 1248 Etenim,
1343 1185 1605 1254 quoniam
1652 1185 1967 1247 umbilicus,
2003 1195 2063 1239 ut

468 1275 695 1328 tradunt
726 1275 761 1328 ii
789 1275 882 1344 qui
917 1274 1034 1329 haec
1060 1276 1417 1344 profitentur,
1442 1284 1528 1330 est
1550 1275 1698 1331 velut
1729 1275 1891 1331 radix
1912 1292 2060 1346 qua:-

467 1368 592 1421 dam
609 1366 928 1436 embryonis
948 1367 1070 1455 (per
1098 1368 1281 1437 ipsum
1306 1368 1452 1423 enim
1474 1367 1620 1424 fetus
1641 1368 1742 1437 12
1760 1368 1943 1422 bauril
1962 1368 2061 1422 ali-

470 1466 758 1519 mentum,
815 1468 869 1512 et
925 1467 1186 1530 augetur.
1235 1467 1402 1530 atque
1453 1459 1761 1529 perﬁcitur)
1802 1478 1815 1514 :
1852 1459 2061 1514 idcirco

469 1548 911 1620 Hierosolymam
966 1565 1078 1605 non
1130 1566 1256 1605 esse
1303 1551 1590 1620 prmeisam
1646 1549 1749 1604 hoc
1790 1550 1910 1605 loco
1960 1551 2057 1617 ait,

467 1639 671 1708 quippe
706 1655 851 1708 quas,
907 1656 1031 1694 cum
1074 1655 1141 1694 ex
1194 1638 1430 1710 [Egyplo
1461 1647 1607 1694 esset
1644 1638 1848 1710 genita,
1881 1638 2061 1695 adhuc

468 1728 855 1799 Egyptiacam
895 1728 1270 1784 idololatrian:
1318 1728 1592 1791 hauriret,
1626 1738 1681 1784 et
1709 1744 1775 1784 ex
1806 1738 2061 1786 materno

2165 545 2245 598 ἔτι
2279 546 2465 614 φέρεις
2497 542 2567 596 τὰ
2604 542 2698 595 τοῦ
2731 544 2892 596 τόκου
2929 543 3153 612 σημεῖα,
3197 543 3270 613 μὴ
3309 541 3754 611 ἁπολουσαμένη,

2167 636 2302 690 ἀλλὰ
2323 635 2414 688 τὸν
2448 632 2700 705 μητρῷον
2725 634 2767 664 ⁸⁷
2799 633 3160 703 περικειμένη
3191 632 3385 706 ῥύπον.
3418 630 3754 696 Ἀκολούθως

2165 726 2376 787 τούτοις
2392 725 2589 793 ἐπάγει
2614 742 2626 756 ·
2663 743 2681 775 ι
2724 723 2859 776 Οὐδὲ
2888 722 2976 778 ἁλὶ
2994 721 3245 792 ήλίσθης,
3276 741 3295 775 ι
3324 723 3462 794 ὅπερ
3492 721 3609 787 ἔθος
3632 728 3757 786 ταῖς

2167 819 2359 888 μαίαις
2392 816 2731 888 προσφέρειν
2780 818 2893 879 τοῖς
2927 815 3172 886 βρέφεσι.
3211 815 3321 868 Καὶ
3344 814 3503 868 τοῦτο
3530 814 3586 869 δὲ
3610 816 3752 868 κατὰ

2165 911 2289 972 τοὺς
2313 908 2414 978 τῆς
2438 907 2768 978 ἀλληγορίας
2800 906 2999 977 νόμους
3048 906 3316 977 νοήσομεν
3337 922 3352 936 ·
3385 906 3520 969 ἃλας
3551 905 3753 969 εἰδότες

2164 1000 2264 1071 τὴν
2290 998 2666 1070 πνευματικὴν
2691 998 2929 1060 σύνεσιν,
2960 997 3055 1050 καὶ
3078 996 3176 1068 τὴν
3206 996 3357 1051 θείαν
3375 997 3748 1063 διδασκαλίαν,

2162 1092 2263 1162 τὴν
2292 1090 2694 1160 διαστύφουσαν
2743 1088 2814 1141 τά
2846 1088 3148 1159 σεσηπότα,
3177 1087 3273 1142 καὶ
3310 1087 3428 1141 σῶα
3451 1088 3752 1160 φυλάττου-

2166 1202 2285 1238 σαν.
2318 1183 2410 1237 Διὸ
2449 1185 2541 1237 καὶ
2563 1185 2591 1236 ὁ
2619 1181 2824 1253 Κύριος
2853 1180 3007 1249 ἔλεγε
3037 1182 3149 1246 τοῖς
3171 1180 3441 1251 μαθηταῖς
3464 1199 3477 1213 ο
3502 1200 3520 1233 ι
3559 1182 3753 1253 Ἔχετε

2164 1276 2327 1339 ἃλας·
2360 1296 2377 1327 ι
2411 1277 2507 1328 καὶ
2536 1274 2698 1329 πάλιν
2722 1315 2736 1340 ,
2766 1292 2784 1324 ι
2833 1274 3026 1344 Ὑμεῖς
3061 1275 3185 1327 ἐστε
3207 1273 3267 1327 τὸ
3296 1273 3431 1337 ἃλας
3454 1274 3553 1344 τῆς
3580 1275 3703 1343 γῆς.
3728 1296 3745 1327 ι

2164 1364 2274 1418 Καὶ
2308 1366 2367 1417 ἐν
2418 1366 2487 1436 τῇ
2536 1363 2750 1434 Παλαιᾷ
2795 1362 2851 1416 δέ
2902 1361 3232 1434 εὑρίσκομεν
3267 1362 3526 1432 οὐδεμίαν
3561 1362 3753 1416 θυσίαν

2163 1455 2290 1509 ἄνευ
2322 1452 2464 1509 ἁλῶν
2492 1453 2964 1524 προσφερομένην.
2990 1450 3181 1516 Οὕτως
3225 1451 3453 1524 νοοῦμεν
3481 1453 3561 1518 τὸ,
3605 1452 3753 1507 «Οὐκ

2163 1545 2374 1617 ἐτμήθη
2398 1548 2427 1599 ὁ
2449 1545 2693 1616 ὀμφαλός
2721 1561 2836 1597 σου.
2853 1564 2870 1597 ι
2893 1543 3114 1616 Ἐπειδὴ
3136 1542 3245 1616 γὰρ
3270 1538 3382 1597 οἷόν
3402 1562 3484 1606 τις
3508 1543 3635 1617 ῥίζα
3652 1540 3750 1598 τοῦ

2163 1640 2429 1713 ἐμϐρύου,
2464 1639 2607 1694 κατὰ
2633 1639 2760 1703 τοὺς
2790 1640 2858 1693 τὰ
2900 1638 3127 1692 τοιαῦτα
3154 1638 3383 1703 δεινοὺς,
3422 1641 3450 1691 ὁ
3509 1636 3751 1710 ὀμφαλὸς

2164 1732 2401 1804 ὑπάρχει
2437 1731 2527 1803 (δι’
2566 1729 2734 1784 αὑτοῦ
2771 1732 2878 1802 γὰρ
2911 1730 2987 1794 ὡς
3037 1729 3127 1783 διά
3155 1747 3301 1794 τινος
3337 1729 3492 1801 ῥίζης
3522 1728 3751 1800 ἀρύεται

469 1830 628 1876 utero
662 1818 869 1876 foedum
895 1820 1049 1874 illum
1083 1820 1269 1874 cibum
1301 1820 1627 1876 attraheret.
1667 1840 1686 1874 ι
1714 1818 1779 1874 Ει
1801 1821 2054 1887 transivi,

2162 1820 2263 1891 τὴν
2317 1818 2547 1892 τροφὴν,
2571 1819 2667 1873 καὶ
2695 1817 2941 1885 αῦξεται,
2975 1818 3072 1873 καὶ
3119 1818 3445 1890 τελειοῦται)
3474 1835 3488 1849 ο
3522 1818 3752 1882 εἰκότως

467 1912 671 1982 inquit,
692 1912 853 1982 juxta
882 1922 956 1978 te,
982 1921 1036 1967 et
1056 1912 1168 1967 vidi
1189 1922 1241 1969 te
1270 1912 1494 1967 mistam
1515 1913 1571 1967 in
1597 1915 1866 1985 sanguine
1889 1922 2005 1969 tuo.
2035 1933 2056 1967 ι

466 2003 754 2057 Sacriﬁcia
786 2004 875 2057 illa
912 2005 1213 2075 signiﬁcat,
1256 2020 1379 2074 qua:
1409 2004 1573 2061 idolis
1602 2006 2056 2064 immolabantur.

469 2113 488 2145 ι
519 2093 717 2148 Etdixi
747 2094 848 2149 tibi
877 2114 888 2148 :
925 2092 1045 2148 Vita
1071 2095 1141 2151 de
1169 2097 1439 2167 sanguine
1465 2107 1581 2165 tuo,
1606 2098 2005 2169 multiplicare.
2034 2118 2053 2151 ι

466 2184 579 2240 Illis
614 2186 762 2241 enim
801 2187 1085 2242 concessit
1119 2196 1177 2243 ut
1220 2188 1570 2244 immolarent
1606 2208 1619 2246 :
1661 2192 1926 2262 praecepit
1956 2207 2057 2247 au-

465 2285 575 2330 tem
604 2284 664 2330 ut
695 2276 1051 2331 immolarent
1084 2276 1189 2333 sibi
1233 2297 1245 2332 :
1282 2296 1393 2335 non
1426 2281 1576 2351 quod
1619 2281 1739 2352 ipse
1765 2283 2059 2341 sacriﬁciis

463 2377 670 2439 egeret,
706 2368 803 2425 sed
837 2379 897 2423 ut
929 2370 1241 2426 inﬁrmitati
1304 2372 1553 2443 ipsorum
1600 2374 1929 2448 indulgeret.
1964 2375 2059 2432 Vi-

462 2459 672 2526 ctimis,
690 2461 953 2531 inquit,et
974 2464 1246 2533 sanguine
1259 2463 1556 2521 delectaris
1573 2466 1597 2521 ?
1614 2468 1869 2525 victimas
1891 2469 2060 2539 igitur

464 2561 665 2616 macta,
701 2566 816 2606 non
862 2553 1229 2622 daemonibus,
1286 2557 1385 2617 sed
1443 2558 1600 2613 mibi.
1642 2552 1911 2625 Quamvis
1956 2576 2058 2631 ego

462 2641 707 2698 victimis
733 2658 843 2697 non
878 2643 1176 2714 indigeam,
1202 2644 1321 2700 fero
1350 2654 1557 2713 tamen,
1585 2647 1833 2718 undique
1855 2663 2060 2704 consu-

464 2735 585 2789 lens
635 2734 799 2788 saluti
830 2743 958 2791 tuze.
1001 2753 1021 2787 ι
1065 2734 1185 2791 Vita
1242 2737 1649 2809 igitur,inquit,
1687 2756 1753 2794 ex
1785 2741 2059 2812 sanguine

465 2835 582 2890 tuo,
622 2825 1018 2896 multiplicare.
1046 2846 1065 2878 ι
1098 2826 1185 2881 Ad
1216 2829 1470 2884 eumdem
1491 2830 1716 2886 modum
1751 2832 2059 2904 intelligen-

463 2919 594 2972 dum
644 2929 730 2974 est
768 2919 901 2974 illud
939 2938 952 2975 :
1003 2937 1020 2970 ι
1055 2917 1239 2975 Ubera
1293 2928 1387 2975 tua
1432 2928 1621 2976 erecta
1657 2932 1834 2978 sunt:
1875 2945 1894 2977 ι
1936 2940 2060 2995 quae

463 3010 610 3065 enim
660 3026 772 3080 prae
814 3011 985 3065 nimia
1029 3011 1286 3075 lascivia,
1324 3021 1491 3082 atque
1523 3012 1799 3069 idolorum
1842 3016 2057 3071 insania

2162 1912 2397 1967 ἐνταῦθα
2426 1912 2524 1984 τὴν
2575 1912 2937 1984 Ἰερουσαλὴμ
2969 1912 3074 1983 ἔφη
3109 1913 3183 1984 μὴ
3220 1911 3552 1984 τετμῆσθαι·
3578 1912 3652 1974 ὡς
3691 1910 3751 1976 ἐξ

2162 2002 2441 2073 Αἰγύπτου
2466 2003 2567 2075 μὲν
2590 2003 2897 2075 τεχθεῖσαν,
2935 2004 3017 2058 ἔτι
3040 2004 3096 2057 δὲ
3125 2005 3216 2059 καὶ
3248 2006 3295 2037 ³⁸
3322 2004 3421 2077 τὴν
3444 2004 3748 2074 Αἰγυπτια-

2161 2096 2263 2168 κὴν
2280 2086 2724 2167 εἰδωλολατρείαν
2741 2097 3073 2169 ἀρυομένην,
3087 2097 3180 2151 καὶ
3201 2098 3264 2150 ἐκ
3277 2097 3381 2169 τῆς
3401 2096 3663 2169 μητρῴας
3679 2097 3747 2163 ’³,

2160 2188 2360 2259 νηδύος
2382 2189 2482 2260 τὴν
2505 2188 2752 2260 πονηρὰν
2792 2189 3007 2258 ἐκείνην
3033 2186 3300 2242 ’έλκουσαν
3327 2188 3554 2259 τροφήν.
3592 2205 3610 2238 ι
3638 2187 3751 2242 Καὶ

2158 2279 2376 2353 διῆλθον
2403 2280 2495 2334 ἐπὶ
2517 2281 2599 2348 σὲ,
2633 2278 2820 2352 φησὶν,
2876 2281 2971 2335 καὶ
3024 2275 3163 2333 εἶδόν
3194 2297 3256 2334 σε
3304 2279 3663 2352 πεφυρμένην
3691 2280 3750 2331 ἐν

2159 2373 2239 2445 τῷ
2256 2374 2455 2444 αἵματί
2492 2391 2608 2428 σου.
2641 2393 2660 2426 ι
2684 2372 3020 2445 Σημαίνειδὲ
3044 2376 3145 2435 τὰς
3170 2375 3281 2437 τοῖς
3315 2371 3554 2435 εἰδώλοις
3580 2389 3750 2443 προσ-

2160 2463 2469 2537 φερομένας
2496 2464 2708 2529 θυσίας.
2749 2486 2768 2518 ι
2802 2466 2913 2519 Καὶ
2943 2461 3074 2519 εἶπά
3118 2481 3234 2519 σοι’
3276 2465 3372 2518 Ἐκ
3400 2462 3494 2518 τοῦ
3516 2463 3748 2535 αἵματός

2163 2572 2256 2609 σου
2285 2555 2419 2624 ζωὴ,
2447 2555 2743 2627 πληθύνου.
2779 2577 2797 2608 ι
2839 2556 3061 2628 Ἐπειδὴ
3109 2556 3456 2629 συνεχώρησε
3499 2557 3597 2627 μὲν
3646 2556 3748 2610 αὖα

2159 2649 2272 2710 τοῖς
2300 2646 2450 2700 θύειν
2474 2661 2487 2675 ·
2532 2646 2684 2715 αύτῷ
2716 2648 2773 2701 δὲ
2802 2647 2951 2701 θύειν
2990 2647 3383 2720 ἐνομοθέτησεν
3409 2685 3427 2713 ,
3454 2647 3554 2699 οὐκ
3585 2645 3748 2708 αὐτὸς

2161 2739 2352 2806 θυσίας
2385 2740 2660 2811 δεόμενος,
2686 2741 2824 2794 ἀλλὰ
2842 2744 2909 2811 τῇ
2938 2740 3161 2795 ἐκείνων
3188 2739 3443 2810 ἀσθενείᾳ
3470 2755 3747 2806 συγκατα-

2161 2832 2385 2897 ϐαίνων,
2408 2832 2659 2905 Χαίρεις,
2702 2834 2858 2904 φησὶ,
2899 2832 3116 2894 θυσίαις
3152 2832 3245 2885 καὶ
3269 2830 3499 2901 αἴμασι;
3530 2829 3604 2901 μὴ
3633 2831 3747 2893 τοῖς

2159 2925 2379 2996 δαίμοσι
2414 2924 2507 2978 θύε
2534 2943 2547 2957 ·
2578 2923 2693 2979 ἀλλ’
2739 2923 2864 2994 ἐμοὶ
2915 2923 3194 2994 πρόσφερε
3234 2921 3332 2985 τὰς
3378 2921 3589 2984 θυσίας.
3629 2922 3743 2974 ’Λν-

2161 3018 2357 3088 έχομαι
2387 3017 2518 3087 γὰρ,
2557 3017 2633 3088 μὴ
2673 3016 2926 3087 δεόμενος
2964 3013 3071 3068 τῶν
3112 3013 3392 3085 θυμάτων,
3427 3014 3510 3067 σοὶ
3545 3031 3747 3067 πανται

462 3100 673 3170 dejecta
695 3102 850 3172 prius
871 3101 1211 3173 petidebant,
1237 3102 1528 3174 diligentia
1557 3113 1610 3159 et
1631 3105 1917 3160 curatione
1937 3122 2054 3163 mea

2160 3108 2318 3180 χόθεν
2337 3107 2862 3181 πραγματευόμενος
2890 3106 3186 3177 σωτηρίαν.
3228 3104 3325 3158 Διὰ
3355 3104 3514 3159 τοῦτό
3539 3121 3703 3175 φησιν
3726 3122 3743 3137 ·

460 3201 647 3246 erecta
677 3203 832 3253 sunt,
863 3200 919 3247 et
944 3192 1010 3246 ad
1040 3193 1314 3263 virginum
1340 3193 1564 3248 redacta
1587 3195 1827 3251 modum.
1859 3196 2055 3253 Osten-

461 3283 542 3337 dit
561 3283 919 3338 mntationem
950 3286 1005 3339 in
1030 3284 1247 3349 melius,
1275 3294 1330 3340 et
1359 3285 1623 3354 impetum
1648 3287 1714 3342 ad
1738 3289 2047 3358 superiora,

461 3385 519 3430 et
550 3377 931 3446 temperantiae
966 3375 1236 3432 studium.
1267 3396 1285 3429 ι
1318 3377 1633 3449 Etcapillus
1658 3389 1804 3443 tuus,
1843 3382 2049 3454 inquit,

460 3467 809 3536 germinavit,
841 3486 860 3518 ι
897 3468 1003 3523 hoc
1029 3477 1135 3530 est,
1177 3484 1301 3524 cum
1335 3483 1490 3525 esses
1512 3470 1665 3524 omni
1698 3482 1899 3527 ornatu
1929 3489 2050 3543 spo-

463 3557 616 3620 liata,
650 3566 877 3625 repente
901 3557 1159 3626 capillos,
1191 3558 1284 3628 qui
1302 3568 1633 3614 ornamento
1655 3577 1777 3617 esse
1800 3572 2048 3633 possent,

458 3648 730 3703 extulisti.
766 3668 784 3700 ‹
824 3648 979 3703 Nuda
1009 3657 1192 3705 autem
1225 3666 1370 3720 eras,
1397 3661 1451 3707 et
1476 3650 1805 3711 confusione
1819 3657 1999 3726 plena.
2023 3677 2041 3710 ι

461 3740 717 3796 Nondum
754 3740 901 3795 enim
940 3740 1027 3796 lex
1055 3741 1204 3807 data,
1244 3759 1422 3814 neque
1456 3746 1874 3809 tabernaculum
1913 3763 2048 3803 con-

462 3840 735 3889 structum
769 3831 974 3897 fuerat,
1001 3848 1104 3888 nec
1138 3835 1308 3889 missa
1341 3836 1486 3891 dona
1523 3839 1828 3908 sponsalia.
1862 3838 2052 3910 Itaque

461 3925 725 3995 subjicit:
767 3944 785 3977 ι
830 3924 894 3978 Et
921 3928 1156 3981 transivi
1185 3928 1341 3997 juxta
1369 3937 1443 3994 te,
1475 3939 1531 3985 et
1554 3931 1668 3986 vidi
1702 3942 1753 3988 te
1793 3940 1888 3988 :et
1919 3947 2048 3988 ecce

461 4026 681 4087 tempus
714 4026 866 4072 tuum
896 4028 949 4073 et
982 4028 1196 4088 tempus
1226 4021 1618 4078 divertentium
1654 4042 1666 4077 :
1736 4017 1897 4080 n'ltoc
1938 4036 2042 4091 est,

457 4108 542 4161 Ad
578 4109 894 4164 nubendum
926 4118 1049 4180 apta
1088 4111 1189 4183 13
1233 4111 1379 4167 facta
1417 4130 1497 4182 es,
1532 4125 1587 4171 et
1615 4117 1684 4171 ad
1721 4116 2042 4188 coniugium

457 4199 672 4256 idonea.
712 4218 730 4253 ι
762 4200 1107 4273 Quapropter
1128 4205 1366 4276 expandi
1386 4205 1503 4263 alas
1525 4223 1678 4262 meas
1708 4224 1875 4279 super
1903 4217 1975 4275 te,
1991 4221 2046 4267 et

457 4294 653 4362 operui
704 4294 1061 4366 ignominiam
1094 4304 1270 4354 tuam.
1316 4318 1335 4353 ι
1359 4297 1468 4356 Per
1506 4302 1624 4357 alas
1659 4303 1811 4358 varia
1850 4320 2045 4361 mune-

457 4399 578 4439 rum
608 4400 809 4455 genera
831 4386 1089 4458 intelligit
1112 4402 1126 4440 :
1152 4402 1347 4460 nempe
1368 4393 1772 4459 sacerdotium,
1802 4398 2043 4466 prophe-

2168 3220 2186 3253 ι
2247 3201 2343 3255 Ἐκ
2400 3201 2494 3253 τοῦ
2560 3198 2791 3269 αἵματός
2847 3215 2940 3251 σου
2994 3197 3131 3269 ζωὴ,
3174 3196 3469 3268 πληθύνου.
3527 3215 3546 3249 ι
3588 3194 3746 3250 Οῦτω

2157 3294 2444 3363 νοήσωμεν
2477 3294 2559 3357 τὸ,
2594 3311 2612 3341 ι
2649 3291 2713 3343 Οί
2743 3289 2938 3359 μαστοί
2969 3306 3065 3361 σου
3101 3286 3537 3359 ἀνωρθώθησαν·
3568 3307 3587 3340 ι
3624 3287 3746 3341 ἀντὶ

2157 3387 2274 3452 τοῦ,
2308 3384 2639 3455 Καθειμένοι
2675 3383 2721 3414 ³ο
2753 3383 3019 3453 πρότερον
3059 3382 3148 3435 διὰ
3190 3381 3289 3452 τὴν
3324 3380 3521 3452 πολλὴν
3547 3380 3737 3433 ἀκολα-

2158 3477 2281 3531 σίαν
2320 3475 2417 3528 καὶ
2447 3471 2745 3544 ἀκρασίαν,
2775 3471 2870 3526 καὶ
2902 3471 3003 3543 τὴν
3027 3470 3157 3542 περὶ
3194 3470 3262 3523 τὰ
3292 3469 3489 3523 εἴδωλα
3524 3468 3742 3539 μανίαν,

2157 3566 2477 3638 ἐπιμελείας
2506 3564 2637 3631 παρ’
2683 3563 2819 3634 ἐμοῦ
2857 3564 3109 3633 τυχόντες
3177 3559 3603 3631 ἀνωρθώθησαν,
3649 3558 3744 3613 καὶ

2155 3660 2319 3714 οἱονεὶ
2346 3656 2633 3728 παρθένιον
2658 3656 2700 3688 ³⁸
2728 3655 2999 3725 ἐγένοντο.
3033 3652 3196 3720 Δηλοῖ
3217 3652 3273 3705 δὲ
3294 3652 3392 3724 τὴν
3418 3651 3512 3728 ἐπ).
3542 3650 3602 3703 τδ
3623 3649 3745 3719 βέλ-

2156 3769 2267 3806 τιον
2288 3748 2615 3822 μεταϐολὴν,
2666 3749 2760 3802 καὶ
2784 3748 2882 3817 τὴν
2909 3749 3004 3801 ἐπὶ
3036 3748 3106 3802 τὰ
3152 3746 3264 3802 ἄνω
3294 3744 3489 3816 ὁρμὴν,
3520 3744 3617 3796 καὶ
3643 3743 3744 3814 τῆς

2155 3844 2485 3917 ἐγκρατείας
2515 3843 2615 3914 τὴν
2661 3842 2872 3913 κτῆσιν.
2918 3862 2935 3894 ι
2982 3841 3093 3895 Καὶ
3157 3838 3349 3912 ήθρίξ
3387 3855 3502 3903 σου,
3551 3836 3739 3906 φησὶν,

2156 3937 2437 3992 ἀνέτειλε·
2478 3955 2497 3988 ι
2549 3933 2798 3989 τουτέστι
2838 3933 3045 4003 κόσμου
3113 3928 3317 3993 παντὸς
3373 3927 3738 3998 ἐστερημένη,

2156 4031 2416 4100 ἐξαίφνης
2435 4028 2676 4101 ἔσχηκας
2710 4027 2908 4099 τρίχας
2934 4025 3213 4096 κοσμῆσαι
3242 4019 3568 4092 δυναμένας.
3615 4040 3633 4070 ‹
3667 4019 3742 4072 Σὺ

2154 4125 2210 4177 δὲ
2237 4119 2381 4195 ἦσθα
2406 4122 2592 4193 γυμνὴ
2617 4120 2710 4175 καὶ
2729 4117 3117 4191 ἀσχημονοῦσα
3143 4132 3156 4146 ο
3195 4134 3214 4168 ι
3245 4113 3455 4168 οὐδέπω
3476 4112 3585 4183 γὰρ
3614 4109 3740 4163 οὔτε

2154 4216 2315 4287 νόμος
2375 4213 2603 4278 ἐδέδοτο,
2660 4209 2785 4265 οὔτε
2820 4209 2994 4279 σκηνὴ
3049 4202 3474 4265 κατεσκεύαστο,
3510 4199 3634 4253 οὔτε
3667 4200 3736 4252 τὰ

2154 4306 2402 4380 νυμφικὰ
2463 4305 2592 4360 ἕδνα
2653 4303 3074 4373 προσενήνεκτο.
3132 4298 3222 4350 Διὸ
3278 4296 3509 4363 ἐπάγει*
3561 4312 3580 4345 ι
3628 4294 3741 4347 Καὶ

2152 4400 2367 4472 διῆλθον
2395 4397 2486 4453 διὰ
2514 4396 2634 4461 σοῦ,
2668 4395 2762 4448 καὶ
2812 4389 2952 4445 εἶδόν
2986 4407 3046 4442 σε
3070 4408 3083 4421 ·
3114 4389 3210 4442 καὶ
3237 4387 3345 4439 ἰδοὺ
3376 4386 3566 4457 καιρός
3619 4402 3737 4445 σου,

458 4477 615 4539 tiam,
658 4479 1091 4547 rempublicam,
1128 4496 1385 4553 regnum,
1438 4485 1733 4552 miracula,
1761 4487 1906 4543 dona
1931 4490 2046 4555 illa,

2158 4493 2249 4545 καὶ
2277 4487 2467 4556 καιρὸς
2493 4483 2877 4537 καταλυόντων
2902 4494 2916 4508 ⁸
2957 4497 2974 4531 ι
3016 4477 3139 4530 ἀντὶ
3165 4475 3283 4542 τοῦ,
3320 4475 3513 4546 Ὧραία
3551 4474 3739 4544 ἐγένου

457 4583 579 4637 qua:
610 4568 794 4625 verbis
825 4581 1112 4640 nequeunt
1151 4575 1444 4643 explicari.
1495 4595 1515 4629 ς
1556 4575 1621 4630 Ει
1645 4578 1829 4648 juravi
1866 4581 2044 4653 tibi.)

2158 4581 2356 4651 γάμου,
2390 4576 2486 4631 καὶ
2514 4571 2797 4644 ἐπιτηδεία
2846 4569 2983 4643 πρὸς
3035 4565 3358 4636 συνάφειαν.
3390 4584 3409 4618 ι
3445 4565 3537 4619 Διὸ
3554 4565 3738 4618 διεπέ-

458 4658 573 4713 lloc
605 4660 663 4713 in
704 4663 889 4731 magni
932 4661 1108 4719 Mosis
1156 4665 1391 4734 scriptis
1440 4668 1736 4738 perspicue
1782 4671 2050 4727 cernitur.

461 4770 479 4802 ι
519 4751 737 4807 Levabo
771 4754 942 4817 enim,
980 4755 1183 4824 inquit,
1224 4756 1282 4810 in
1331 4759 1533 4813 cmlum
1583 4774 1805 4816 manum
1845 4777 2046 4830 meam,

454 4852 509 4899 et
537 4844 737 4914 jurabo
766 4861 864 4915 per
886 4846 1170 4901 dexteram
1216 4863 1417 4913 meam,
1442 4860 1498 4905 et
1529 4850 1708 4907 dicam
1739 4875 1755 4908 :
1786 4854 1919 4911 Vivo
1946 4872 2050 4928 ego

452 4935 510 4989 in
541 4936 867 4992 saeculum“.
896 4937 992 4993 »Ει
1018 4955 1217 4995 rursus
1258 4957 1271 4994 :
1309 4959 1328 4993 ι
1369 4939 1507 4997 Vivo
1539 4959 1665 5014 ego,
1698 4956 1754 5001 et
1781 4947 1918 5002 vivit
1945 4964 2047 5004 no-

454 5041 577 5082 men
620 5044 826 5096 meum,
855 5038 912 5085 et
951 5031 1205 5101 implebit
1238 5048 1438 5089 manus
1472 5034 1697 5091 Domini
1729 5038 2045 5095 universam

455 5121 717 5176 terram‘.
763 5141 779 5174 ι
806 5120 1131 5179 Jnramenta
1168 5124 1343 5195 igitur
1378 5143 1479 5183 sua
1517 5128 1597 5181 illi
1636 5129 1690 5182 in
1725 5132 2048 5186 memoriam

454 5220 699 5277 revocat,
732 5226 755 5264 ι
781 5210 995 5275 Juravi,
1032 5213 1314 5282 inquiens,
1346 5214 1472 5278 tibi,
1495 5223 1551 5269 et
1578 5216 1869 5285 ingressus
1910 5233 2045 5273 sum

455 5301 510 5355 in
544 5312 704 5372 pacto
739 5311 948 5368 tecum,
988 5304 1065 5358 ait
1089 5304 1364 5360 Dominus
1414 5304 1593 5362 Deus.
1631 5326 1648 5358 ι
1687 5305 2048 5378 Legitimum,

523 5464 551 5504 ι’
592 5454 758 5511 Marc.
803 5472 879 5523 Ix,
911 5457 1000 5511 50.
1076 5469 1103 5507 τι
1144 5456 1332 5512 Matth.
1366 5473 1428 5521 v,
1468 5459 1551 5512 l3.

1634 5468 1653 5494 τ
1699 5458 1875 5515 chit.
1918 5478 1974 5525 ll,
2015 5463 2103 5517 15.

2154 4689 2297 4726 τασα
2320 4666 2601 4739 πτέρυγάς
2642 4680 2745 4735 μου
2777 4661 2871 4715 ἐπὶ⁸
2906 4660 3002 4714 σέ·
3042 4659 3139 4712 καὶ
3172 4658 3415 4728 ἐκάλυψα
3447 4658 3544 4730 τὴν
3569 4659 3741 4728 ἀσχη-

2158 4760 2399 4833 μοσύνην
2457 4773 2574 4809 σου.
2606 4773 2623 4807 ι
2660 4751 2925 4823 Σημαίνει
2982 4750 3039 4804 δὲ
3087 4749 3175 4804 διὰ
3206 4749 3315 4803 τῶν
3352 4748 3640 4819 πτερύγων
3668 4750 3739 4799 τὰ

2154 4853 2378 4908 ποικίλα
2406 4848 2750 4921 χαρίσματαο
2771 4847 2870 4918 τὴν
2896 4842 3219 4919 ἱερωσύνην,
3246 4842 3343 4913 τὴν
3374 4838 3737 4916 προφητείαν,

2151 4948 2253 5017 τὴν
2321 4942 2705 5014 δημαγωγίαν,
2760 4939 2857 5010 τὴν
2891 4935 3192 5010 βασιλείαν,
3228 4933 3298 4989 τὰ
3331 4935 3608 5003 θαύματα,
3636 4929 3737 4993 τὰς

2150 5038 2425 5110 ἀρρήτους
2448 5036 2663 5098 ἐκείνας
2688 5033 2918 5105 δωρεάς.
2961 5051 2979 5080 ο
3017 5031 3128 5085 Καὶ
3159 5030 3350 5100 ῶμοσά
3377 5045 3478 5081 σοι.
3517 5045 3536 5078 ι
3561 5023 3737 5079 Τοῦτο

2152 5127 2341 5197 σαφῶς
2357 5125 2505 5179 ἐστιν
2539 5126 2718 5196 εὑρεῖν
2746 5126 2803 5177 ἐν
2829 5124 2940 5186 τοῖς
2962 5121 3056 5175 τοῦ
3082 5120 3317 5193 μεγάλου
3331 5118 3576 5180 Μωσέως
3606 5132 3738 5183 συγ-

2124 5218 2499 5288 γράμμασιν.
2520 5233 2539 5267 ι
2585 5213 2729 5286 Ἀρῶ
2773 5212 2904 5284 γὰρ,
2937 5214 3123 5282 φησὶν,
3147 5212 3229 5274 είς
3257 5209 3346 5261 τὸν
3365 5206 3592 5279 οὐρανὸν
3633 5210 3735 5274 την

2151 5312 2311 5381 χεῖρά
2341 5326 2465 5379 μου,
2497 5308 2588 5361 καὶ
2614 5305 2855 5378 ὀμοῦμαι
2886 5305 2954 5374 τῇ
2999 5302 3147 5373 δεξιᾷ
3184 5318 3286 5371 μου
3308 5317 3322 5332 ο
3352 5300 3446 5353 καὶ
3476 5299 3580 5369 ἐρῶ
3599 5315 3610 5327 ·
3646 5296 3733 5350 Ζῶ

2184 5474 2204 5501 ε
2241 5462 2398 5517 Deut.
2437 5479 2608 5526 xxx",
2645 5461 2733 5517 40.
2813 5463 2828 5496 ι
2862 5457 3024 5513 Νιιιιι.
3072 5474 3200 5524 xw,
3238 5457 3327 5510 2i.

1760 5578 1993 5633 VARIAE‘.
2055 5578 2471 5635 LECTIONES.

543 5663 586 5733 Ῐ⁷
613 5661 884 5733 μητρῷον.
920 5662 1041 5719 Des.
1078 5663 1131 5715 in
1168 5663 1289 5733 cod.
1331 5664 1520 5717 relicto
1547 5667 1747 5733 spatio,

456 5730 505 5766 ³⁰
531 5730 1018 5800 Ωυάζκαθήμενοι.
1096 5734 1136 5763 ⁸³
1172 5732 1309 5789 Cod.
1354 5730 1639 5805 παρθένοι.

1862 5670 1907 5702 ’⁸
1955 5672 2047 5725 καί
2110 5671 2237 5728 Des.
2273 5672 2328 5725 in
2355 5671 2481 5727 cod.
2538 5734 2545 5743 .
2582 5675 2626 5706 ὐ
2661 5671 2943 5743 μητρῴας.
2985 5670 3108 5728 Des.
3137 5671 3270 5727 ibid.
3302 5672 3494 5727 relicto
3526 5673 3738 5744 spatio.,
