4088 6422
264 365 326 434 41
1267 362 1350 424 IN
1371 361 1766 424 CANTICUM
1797 360 2092 422 CANTIC.
2128 386 2196 397 ·-
2229 359 2643 423 PRIEFATIO-
3511 364 3582 428 42

267 476 374 547 ἐγὼ
401 475 483 538 τίς
504 473 606 528 τὸν
635 474 844 530 αἰῶνα.
870 492 902 526 τ
941 475 1056 531 Καὶ
1077 471 1246 528 πάλιν
1266 489 1281 506 ο
1327 492 1347 526 ι
1398 472 1540 526 Ἀλλ’
1569 472 1605 544 ἢ
1637 473 1716 536 ζῶ
1750 471 1885 542 ἐγὼ,

1993 472 2193 543 inquit,
2221 473 2560 528 connubinm
2585 476 2938 525 contractum
2967 478 3074 538 est,
3106 469 3244 527 inita
3273 481 3404 528 sunt
3433 475 3580 528 inter

269 570 356 622 ui.
384 568 454 638 ζῇ
481 567 753 638 τὸόνομα
790 584 926 638 μου,
954 567 1057 622 καὶ
1102 565 1380 637 ἐμπλήσει
1435 566 1468 636 ἡ
1509 564 1635 629 δόξα
1685 565 1890 636 Κυρίου

1993 577 2096 618 nos
2143 570 2328 634 pacta,
2368 561 2586 617 dotales
2634 559 2838 615 tabulae
2885 559 3154 616 confectae
3197 569 3346 627 sunt,
3387 570 3442 618 et
3477 563 3582 619 hac

268 659 441 713 τᾶσαν
463 659 566 728 τὴν
593 658 728 728 γῆν.
782 678 804 711 ι
841 660 943 712 Διὸ
973 659 1087 713 τῶν
1113 657 1502 728 γεγενημένων
1533 657 1672 728 αὑτῇ
1712 659 1892 728 ὅρκων

269 751 699 821 ἀναμιμνήσκει,
718 749 819 804 καί
841 767 1022 821 φησιν
1045 767 1060 781 ·
1079 768 1100 802 ι
1136 749 1351 820 Ὤμοσά
1381 766 1490 810 σοι,
1517 749 1614 801 καὶ
1640 748 1891 818 εἰσῆλθον

270 847 322 896 ἐν
355 842 588 912 διαθήκη
625 843 776 912 μετὰ
813 842 944 906 σοῦ,
965 842 1124 911 λέγει
1177 838 1412 894 Ἀδωναῒ
1444 838 1667 910 Κύριος.
1709 857 1728 890 ι
1763 838 1891 892 "Ev-

268 949 444 1003 νυμον,
485 934 644 1002 φησι,
679 933 898 1000 γέγονε
961 933 1027 986 τὺ
1088 930 1570 994 συνοικέσιον,καὶ
1619 929 1890 1000 συνθῆκαι

274 1022 464 1092 μεταξῦ
501 1023 663 1091 ήμῶν
687 1023 1040 1093 γεγένηνται
1066 1038 1082 1054 ο
1133 1023 1231 1076 καὶ
1261 1021 1513 1092 προικῷα
1529 1024 1890 1093 γραμματεῖα

273 1113 786 1185 παρηκολούθησαν,
841 1115 1096 1186 αἱρέσεις
1134 1113 1399 1186 ἐννόμους
1428 1113 1642 1185 ἔχοντα,
1683 1131 1888 1184 emtas.

274 1205 455 1268 νοὺσας
478 1205 555 1268 ὡς
584 1205 635 1258 εὶ
674 1205 1018 1277 παραϐαίης
1041 1205 1145 1270 τὰς
1173 1207 1436 1277 κειμένας
1463 1205 1759 1276 συνθήκας,
1793 1207 1890 1261 καὶ

275 1296 366 1364 τῆς
384 1295 555 1359 οἰκίας
579 1295 947 1370 ἐκϐληθήσῃ,
969 1297 1068 1350 καὶ
1086 1297 1198 1350 τῶν
1225 1297 1394 1351 ἕδνων
1430 1297 1886 1370 άποστερηθήσῃ,

278 1387 362 1440 καὶ
386 1386 667 1459 annos“
732 1387 955 1458 γυμνὴ,
999 1387 1196 1459 ὥσπερ
1242 1387 1615 1460 εἰσελήλυθας.
1655 1390 1730 1443 Σὺ
1779 1389 1890 1462 γὰρ

276 1477 386 1530 οὐᾶ
416 1477 492 1548 τῷ
520 1478 695 1549 γάμῳ
746 1481 1196 1550 προσενήνοχας.
1222 1479 1368 1548 Ἐγὼ
1412 1479 1468 1532 δὲ
1513 1481 1608 1533 καὶ⁵
1634 1482 1889 1552 ἐρρυπω-

282 1570 437 1640 μένην
464 1569 814 1643 ἐξεκάθηρα,
854 1571 988 1635 ἁλὸς
1021 1571 1067 1603 ³¹
1093 1571 1466 1643 ἐστερημένην
1484 1572 1772 1644 διήρτυσα,
1797 1574 1892 1626 καὶ

277 1663 480 1734 γυμνὴν
505 1659 680 1716 οὖσαν
701 1663 1003 1736 ⁴ἡμερίασα,
1031 1665 1128 1718 καὶ
1154 1663 1459 1717 ἀκόλαστον
1487 1659 1656 1718 οὖσαν
1686 1663 1890 1737 ὀρθοὺς

1993 1660 2048 1708 et
2097 1651 2250 1708 cinxi
2299 1661 2354 1708 te
2405 1653 2615 1724 bysso:
2654 1671 2674 1704 )
2711 1662 2764 1708 et
2797 1668 2922 1723 quae
2950 1653 3211 1724 deinceps
3245 1667 3576 1725 sequuntur.

279 1751 413 1822 ἔχειν
441 1754 730 1825 πεποίηκα
790 1754 929 1819 τοὺς
993 1754 1260 1825 μαστούς.
1309 1754 1402 1808 Διό
1457 1756 1886 1824 ἐπάγειί-Καὶ

1993 1740 2118 1798 Haec
2141 1751 2326 1799 autem
2356 1758 2426 1798 ex
2454 1743 2788 1800 divinissimi
2815 1742 2989 1801 Musis
3011 1745 3234 1816 scriptis
3256 1743 3417 1800 facile
3452 1746 3580 1799 licet

281 1814 512 1912 εῖτῆλοσν
526 1847 586 1897 ἐν
607 1814 868 1918 suum
890 1814 1039 1916 ,λεέά
1064 1845 1183 1912 σοῦ,
1208 1814 1355 1914 λέγει
1392 1814 1623 1901 Ἀδωνσὶῖ
1644 1847 1881 1919 septo;-

1993 1835 2275 1907 colligere.
2296 1833 2402 1907 ιε,
2415 1833 2509 1890 ille
2521 1835 2665 1891 enim
2681 1843 2730 1890 et
2750 1849 2906 1891 sacra
2924 1814 3212 1890 constituit
3227 1843 3576 1898 ornamenta,

1989 1935 2044 1983 et
2101 1935 2358 1984 sanctum
2409 1926 2693 1982 unctionis
2734 1927 2940 1995 oleum,
2992 1926 3462 1998 quemadmodum
3509 1928 3579 1980 ab

1989 2017 2239 2072 omnium
2257 2015 2372 2072 Deo
2401 2014 2583 2073 fuerat
2606 2015 2859 2073 edoctus.
2880 2016 2975 2072 Sic
3006 2032 3269 2072 manuum
3303 2017 3576 2078 armillas,

1989 2116 2046 2166 et
2084 2109 2214 2165 colli
2247 2116 2529 2181 torquem,
2571 2117 2630 2165 et
2667 2110 2924 2166 inaurem
2964 2125 3137 2181 super
3174 2125 3362 2173 nares,
3393 2118 3448 2164 et
3483 2125 3575 2163 ro-

1990 2201 2136 2258 tulas
2165 2201 2486 2269 aurium,et
2516 2216 2779 2258 coronam
2807 2201 3159 2274 gloriationis
3191 2202 3360 2272 capiti
3400 2201 3578 2271 impo-

1990 2291 2157 2349 sitam‘
2211 2291 2611 2364 intelligamus.
2659 2291 2764 2348 Per
2813 2307 3078 2348 manuum
3122 2293 3269 2347 enim
3307 2291 3577 2359 armillas,

1988 2382 2230 2439 virtutes
2264 2383 2504 2439 morales
2551 2382 2833 2455 significat
2875 2401 2889 2438 :
2928 2399 3027 2456 per
3076 2385 3286 2442 rotulas
3330 2385 3577 2451 aurium,

1989 2475 2305 2532 divinarum
2326 2474 2737 2546 Scripturarum
2770 2477 3215 2549 intelligentiam,
3237 2493 3368 2549 qua,
3400 2485 3461 2532 ut
3486 2494 3578 2534 ro-

1989 2569 2123 2624 tulis
2164 2583 2354 2636 aures,
2395 2568 2494 2624 sic'
2527 2567 2750 2623 animus
2791 2575 2877 2624 est
2921 2568 3210 2625 ornandus
3243 2584 3259 2623 :
3303 2584 3404 2639 per
3447 2568 3576 2624 colli

1993 2669 2267 2730 torquem,
2304 2657 2656 2730 prudentiam
2689 2657 2745 2713 in
2775 2660 3064 2731 principali
3093 2669 3250 2730 parte
3282 2661 3578 2730 splendeno

1989 2760 2123 2817 tem,
2157 2767 2283 2825 qua:
2312 2752 2368 2806 in
2396 2751 2586 2816 corde,
2628 2751 2775 2821 quod
2804 2751 3006 2822 pendet
3026 2767 3055 2806 a
3085 2751 3256 2817 collo,
3287 2752 3527 2823 quiescit
3559 2769 3578 2814 ι

1991 654 2155 724 legali
2207 668 2273 709 ac
2317 652 2638 708 voluntaria
2679 651 3006 708 conditione
3051 653 3403 716 confirmata,
3443 663 3499 708 ut
3531 654 3577 709 si

1990 748 2150 810 pacta
2207 739 2548 804 violaveris,
2591 738 2760 795 domo
2819 742 3183 810 sponsalibus
3249 743 3578 798 muneribus

1990 840 2156 888 exuta
2200 831 2473 900 ejiciaris,
2500 839 2556 887 et
2595 831 2767 898 nuda,
2823 833 3290 904 quemadmodum
3323 850 3576 898 veneras,

1991 925 2310 980 revertaris.
2347 922 2496 978 Nihil
2523 924 2670 979 enim
2703 924 2774 978 ad
2807 925 3033 995 nuptias
3055 925 3309 980 attulisti.
3340 923 3452 994 Ego
3480 941 3578 978 au-

1992 1022 2101 1069 tem
2143 1020 2198 1069 te
2226 1013 2489 1068 sordibus
2528 1012 2875 1084 inquinatam
2907 1015 3168 1081 abstersi,
3215 1016 3348 1070 satis
3382 1032 3578 1086 exper-

1990 1112 2100 1160 tem
2138 1104 2254 1160 sale
2287 1104 2534 1171 condivi,
2571 1104 2779 1160 nudam
2837 1104 3010 1169 indui,
3054 1116 3109 1159 et
3143 1106 3321 1173 effeci,
3363 1117 3421 1159 ut
3458 1124 3580 1177 quae

1989 1196 2262 1252 dissoluta
2293 1196 2481 1252 fueras
2515 1205 2697 1252 erecta
2730 1195 2964 1252 haberes
2993 1197 3184 1251 ubera.
3207 1200 3576 1263 Quamobrem

1991 1285 2148 1342 addit
2183 1305 2197 1341 :
2238 1304 2258 1337 ι
2299 1287 2367 1342 Ει
2416 1285 2712 1357 ingressus
2755 1300 2879 1341 sum
2918 1285 2972 1338 in
3009 1295 3176 1356 pacto
3204 1293 3405 1352 tecum,
3441 1288 3578 1341 dicit

1993 1379 2260 1435 Dominus
2293 1377 2462 1434 Deus.
2492 1377 2560 1431 Et
2589 1377 2735 1433 facta
2774 1392 2835 1433 es
2862 1375 2996 1431 mihi
3035 1395 3048 1432 :
3081 1385 3138 1433 et
3176 1378 3284 1432 lavi
3317 1385 3371 1432 te
3405 1393 3574 1449 aqua.

1990 1477 2046 1526 et
2073 1468 2369 1525 emundavi
2392 1469 2722 1540 sanguinem
2761 1475 2942 1547 tuum,
2989 1480 3042 1526 et
3078 1471 3214 1526 unxi
3252 1479 3308 1526 te
3344 1473 3490 1535 oleo,
3525 1483 3580 1529 et

1991 1560 2188 1618 vestivi
2227 1567 2284 1617 te
2334 1559 2716 1616 discoloribus
2748 1578 2761 1614 :
2794 1569 2850 1617 et
2894 1562 3143 1618 calceavi
3187 1571 3241 1619 te
3279 1563 3579 1633 hyacintho

282 1935 366 1986 καὶ
395 1935 578 2001 ἐγένου
622 1953 745 2006 μοι,
783 1939 892 1990 καὶ
916 1936 1119 1992 ἔλουσά
1161 1953 1220 1990 σε
1259 1936 1436 2003 ὕδατι,
1467 1938 1562 1993 καὶ
1598 1938 1890 1995 άπέπλυνα

283 2025 338 2079 ab
360 2022 490 2098 αἷμά
529 2045 630 2082 σου
678 2027 800 2082 ἀπὸ
845 2028 974 2092 σοῦ,
1008 2030 1106 2082 καὶ
1158 2030 1350 2100 ἐχρισά
1399 2047 1457 2084 σε
1489 2032 1548 2084 ἐν
1578 2031 1764 2102 ἐλαίῳ,
1792 2033 1890 2086 καὶ

286 2118 570 2174 ἐνέδυσάσε
629 2120 917 2174 ποικίλαο
957 2121 1056 2175 καὶ
1092 2121 1338 2175 ὑπέδυσά
1388 2137 1447 2175 σε
1481 2121 1760 2188 ὑάκινθον,
1793 2124 1890 2178 καί

289 2209 449 2273 ἐξιοσά
474 2229 530 2264 σε
549 2211 776 2282 βύσσῳ,
820 2229 844 2264 ›
885 2213 986 2266 καὶ
1014 2211 1084 2265 τὰ
1114 2210 1263 2282 ἐξῆς.
1289 2211 1400 2265 Καὶ
1418 2211 1581 2267 τοῦτο
1608 2214 1654 2245 ³³
1679 2214 1737 2268 δὲ
1769 2213 1886 2269 ἐστι

295 2300 462 2368 μαθεῖν
488 2301 742 2372 ἀκριϐῶς
769 2303 843 2355 ἐκ
875 2301 992 2355 τῶν
1021 2301 1120 2354 τοῦ
1157 2302 1454 2357 θειωτάτου
1476 2303 1722 2368 Μωσέως
1751 2323 1889 2374 συγ·

296 2393 630 2461 γραμμάτων.
681 2394 947 2456 Ἐκεῖνος
977 2393 1087 2465 γὰρ
1112 2393 1205 2446 τὸν
1235 2393 1509 2464 ἱερατικὸν
1541 2397 1889 2452 κατασκευά-

303 2479 380 2544 ζει
402 2483 606 2553 κόσμον,
667 2485 773 2538 καὶ
814 2485 884 2537 τὸ
943 2485 1108 2554 ἅγιον
1157 2484 1338 2539 ἔλαιον
1373 2486 1475 2556 τῆς
1500 2486 1758 2558 κρίσεως,
1782 2487 1888 2542 ὑπὸ

302 2574 391 2626 τοῦ
415 2574 538 2629 Θεοῦ
559 2578 660 2630 τῶν
704 2578 864 2632 ὅλων
917 2576 1201 2649 διδαχθεὶς
1256 2577 1357 2648 τῆς
1413 2581 1764 2650 κατασκευῆς
1795 2579 1888 2634 τὸν

294 2668 493 2737 τρόπον.
523 2669 678 2723 οὗτοι
709 2671 1023 2740 νοήσωμεν
1060 2669 1134 2722 τὰ
1153 2669 1348 2740 ψέλλια
1385 2670 1494 2724 τῶν
1543 2671 1764 2744 χειρῶν,
1785 2674 1889 2731 ,καὶ

289 2759 343 2808 τὸ
369 2759 569 2828 κάθεμα
596 2761 645 2793 ³⁸
694 2761 802 2815 τοῦ
834 2761 1142 2832 τραχήλου,
1193 2763 1286 2816 καὶ
1325 2763 1386 2816 τὺ
1415 2763 1635 2819 ἐνώτιον
1657 2764 1748 2819 τοῦ
1786 2783 1888 2836 μυα

286 2850 492 2922 κτῆρος.
513 2853 612 2905 καὶ
637 2855 776 2918 τοὺς
797 2853 1141 2924 τροχίσκους
1175 2853 1283 2907 τῶν
1308 2852 1486 2922 ὢτων,
1523 2857 1619 2911 καὶ
1648 2856 1741 2911 τὸν
1767 2857 1890 2911 στέο

1993 2858 2089 2915 per
2124 2844 2376 2898 inaurem
2420 2856 2555 2897 vero
2590 2857 2758 2912 super
2798 2855 2985 2906 nares,
3025 2842 3206 2912 legum
3257 2842 3574 2898 divinarum

287 2959 441 3010 φανον
462 2943 562 3013 τῆς
615 2947 970 3016 καυχήσεως
1022 2944 1118 2998 ἐπὶ
1171 2947 1274 3017 τῆς
1326 2945 1575 3017 κεφαλῆς
1612 2947 1887 3019 κείμενον.

1993 2939 2236 3002 frenum,
2273 2951 2302 2990 a
2328 2934 2505 2991 tauris
2537 2935 2833 3004 desumpta
2879 2936 3226 3005 metaphora,
3268 2937 3363 3006 qui
3420 2937 3502 2993 sic
3546 2947 3577 2991 ιι

285 3030 476 3086 mna
502 3035 615 3104 γὰρ
642 3033 863 3104 χειρῶν
894 3033 996 3104 τὴν
1035 3035 1346 3107 πρακτικὴν
1368 3035 1572 3106 ἀρετὴν
1595 3037 1885 3108 ὀνομάζειο

1993 3029 2249 3085 bubulcis
2275 3038 2534 3098 aguntur.
2568 3025 2855 3097 Siquidem
2889 3033 2945 3082 et
2983 3042 3080 3096 per
3097 3026 3295 3082 Oscam
3343 3029 3581 3099 prophe-

280 3123 599 3192 τροχίσκους
626 3124 689 3176 δὲ
718 3124 890 3178 ὢτων
915 3124 1018 3196 τὴν
1046 3125 1156 3178 τῶν
1183 3125 1346 3180 θείων
1376 3126 1574 3194 λογίων
1601 3129 1886 3200 ἀκρόασιν,

1994 3127 2108 3174 tam
2159 3118 2291 3174 talia
2341 3131 2538 3172 rursus
2587 3117 2839 3187 loquitur
2891 3117 3034 3206 Deus
3074 3135 3087 3171 :
3130 3135 3150 3169 ι
3197 3115 3354 3172 Sicut
3401 3119 3577 3173 vitula

275 3207 346 3270 ὧν
372 3215 599 3286 ἔχεσθαι
624 3218 715 3270 δεῖ
754 3192 1023 3289 καθάπερ
1047 3220 1080 3289 ή
1115 3219 1255 3291 ἀκοὴ
1288 3218 1382 3273 τοῦ
1409 3192 1721 3291 τροχίσκου’
1759 3192 1890 3278 κάθἐ

1995 3218 2168 3266 uestro
2187 3210 2396 3280 percita
2416 3209 2680 3265 insanivit
2695 3192 3043 3280 Ephraimlir
3057 3208 3122 3262 Et
3141 3225 3235 3279 per
3248 3209 3574 3265 Jeremiam:

277 3324 382 3376 εμα
425 3309 489 3360 δὲ
542 3309 646 3362 τοῦ
678 3309 978 3380 τραχήλου
1012 3310 1109 3364 τὸν
1138 3311 1240 3382 τῆς
1295 3314 1566 3376 συνέσεως
1589 3313 1796 3384 κόσμον
1833 3315 1890 3371 ἐν

2001 3319 2020 3354 ι
2057 3302 2301 3368 Audivi,
2357 3303 2575 3374 inquit,
2622 3294 3358 3372 Ephraim'lamentantem:
3395 3302 3578 3357 Casti«

274 3396 350 3466 τῷ
375 3397 712 3468 ἡγεμονικῷ
738 3399 1058 3469 λάμποντα,
1081 3400 1110 3454 ὃ
1132 3403 1199 3472 τῇ
1230 3401 1429 3473 καρδίᾳ
1452 3403 1890 3469 ἐπαναπαύεται,

1999 3393 2140 3466 gasti
2170 3408 2277 3459 me,
2297 3393 2552 3457 Domine,
2582 3401 2638 3448 et
2676 3391 2931 3446 eruditus
2965 3405 3076 3444 non
3120 3407 3269 3456 sum,
3298 3393 3453 3461 quasi
3484 3393 3578 3461 ju-

273 3491 338 3558 τῇ
354 3488 458 3542 τοῦ
484 3489 782 3560 τραχήλου
817 3489 1174 3562 ἐξηρτημένη
1199 3507 1214 3522 ο
1244 3490 1462 3546 ἐνώτιον
1481 3493 1540 3546 δέ
1564 3496 1624 3548 ἐν
1651 3494 1893 3567 μυκτῆρι

274 3579 557 3650 κείμενον,
589 3580 707 3633 τῶν
753 3579 922 3634 θείων
960 3581 1146 3652 νόμων
1177 3583 1272 3637 τὸν
1323 3584 1541 3654 χαλινόν
1565 3603 1580 3616 ·
1633 3587 1698 3639 ἐκ
1729 3604 1894 3658 μετα-

275 3672 453 3740 φορᾶς
504 3670 624 3724 τῶν
679 3670 933 3742 ταύρων,
974 3673 1088 3726 τῶν
1132 3672 1306 3739 οὕτως
1337 3676 1442 3729 ὑπὸ
1477 3677 1587 3731 τῶν
1614 3676 1894 3748 βοηλατῶν

630 3764 748 3817 Καὶ
781 3763 896 3833 γὰρ
914 3764 1006 3818 διὰ
1031 3765 1189 3835 Ὠσηέ
1230 3767 1328 3821 τοῦ
1349 3771 1629 3842 προφήτου
1663 3770 1893 3824 τοιαῦτα

272 3852 444 3905 πάλιν
498 3855 672 3922 φησὶν
737 3855 769 3906 ὁ
825 3853 999 3918 Θεός·
1033 3875 1052 3908 ι
1097 3857 1188 3920 Ὠς
1237 3856 1472 3928 δάμαλις
1502 3860 1894 3932 παροιστρῶσα

275 3941 704 4012 παροίστρησεν
763 3941 1030 4016 Ἑφραῖμ.
1082 3963 1103 3998 r
1157 3946 1270 4000 Καὶ
1320 3947 1506 4012 πάλιν,
1557 3966 1577 4000 ι
1618 3950 1890 4015 Ἤκουσα,

273 4035 469 4104 ςησὶν,
505 4033 764 4104 Ἐφραῒμ
791 4034 1124 4107 ὀδυρομένου
1144 4051 1158 4066 ο
1194 4037 1553 4104 Ἐπαίδευσάς
1580 4057 1669 4111 με,
1693 4040 1890 4112 Κύριε,

276 4128 368 4176 καὶ
395 4126 508 4178 οὐκ
540 4123 896 4195 ἐπαιδεύθην
925 4142 940 4157 ο
971 4124 1166 4197 ὥσπερ
1195 4129 1395 4199 μόσχος
1414 4129 1517 4183 οὐκ
1547 4129 1889 4201 ἐδιδάχθην.ι

276 4215 367 4268 Διὸ
399 4216 741 4285 ἀναγκαίως
767 4213 865 4268 τοῦ
894 4215 1138 4271 τοιούτου
1178 4219 1401 4289 χαλινοῦ
1429 4221 1650 4293 ἐδεήθη,
1674 4223 1762 4275 ἵνα
1791 4222 1893 4291 τῆς

276 4307 526 4363 ἀτάκτου
557 4309 742 4377 φορᾶς
768 4305 862 4360 διὰ
889 4305 1080 4362 τούτου
1103 4309 1405 4380 κωλύηται.
1428 4311 1586 4366 οὕτω
1605 4315 1890 4385 νοήσωμεν

1995 4314 2111 4372 tua,
2143 4316 2198 4363 et
2231 4304 2535 4375 corrupisti
2557 4303 2814 4358 decorem
2839 4309 2994 4354 tuum
3031 4307 3122 4354 :et
3143 4300 3386 4355 divisisti
3413 4316 3579 4354 crura

278 4399 373 4451 καὶ
395 4399 676 4470 πορνικὸν
691 4400 930 4472 οἴκημα.
953 4403 1090 4466 Τοὺς
1104 4402 1214 4474 γάρ
1234 4402 1589 4457 τῶνείδώλων
1605 4406 1787 4468 οῐκους
1805 4405 1890 4460 διὰ

1995 4407 2086 4453 tua
2123 4399 2272 4454 omni
2299 4393 2637 4452 transeunti.
2675 4413 2695 4446 ι
2731 4391 2826 4447 llis
2851 4391 3037 4447 verbis
3063 4391 3329 4463 exprimit
3349 4391 3450 4461 15
3467 4391 3576 4444 vim

278 4489 492 4542 τούτων
506 4491 611 4561 ἐσή
619 4507 786 4560 μανε.
795 4491 1060 4564 Πορνικὸν
1073 4494 1130 4548 δέ
1146 4495 1279 4549 αὐτὸ
1290 4497 1733 4568 προσηγόρευσεν
1744 4498 1890 4567 οτκηι-

2000 4490 2249 4546 libidinis
2280 4487 2690 4544 incredibilem.
2718 4484 2840 4540 Non
2874 4483 3020 4540 enim
3047 4499 3173 4539 cum
3210 4481 3580 4538 familiaribus

283 4597 382 4650 μα·
402 4581 608 4652 ἐπειδὴ
629 4579 748 4636 οἷον
767 4583 812 4617 ³⁵
833 4585 1047 4656 τῷΙΘεῷ
1058 4587 1503 4660 συνημμένη,κά
1518 4589 1711 4642 τοῦτον
1726 4590 1890 4662 ἄνδρα

1997 4582 2132 4639 solis
2162 4581 2406 4637 habebas
2431 4577 2918 4641 consuetudinem,
2970 4573 3065 4630 sed
3100 4576 3298 4630 ardore
3331 4574 3579 4629 libidinis

282 4671 665 4741 ἀκμάζουσα,
681 4675 794 4729 τῶν
811 4678 1070 4749 πονηρῶν
1101 4681 1317 4752 ἠράσθη
1332 4681 1625 4754 δαιμόνων,
1657 4684 1751 4740 καὶ
1773 4684 1890 4738 τού-

1994 4673 2187 4730 furens
2252 4687 2380 4729 cum
2443 4672 2704 4728 omnibus
2773 4667 3242 4741 prmtereuntibus
3303 4666 3581 4737 impudice

1995 3482 2269 3538 venculus
2299 3497 2408 3537 non
2436 3482 2605 3538 didici
2625 3495 2704 3534 ε.»
2727 3479 2865 3535 Hinc
2901 3479 3062 3536 freno
3088 3480 3360 3550 ejusmodi
3384 3483 3580 3552 egebat

1993 3577 2244 3642 omnino,
2278 3582 2338 3630 ut
2361 3575 2428 3630 ab
2455 3573 2824 3643 incomposito
2847 3587 3040 3644 gressu
3071 3573 3445 3629 cohiberetur.
3466 3573 3582 3630 Hoc

1995 3668 2160 3723 modo
2215 3674 2272 3723 et
2327 3666 2564 3737 lupanar
2612 3664 3056 3736 intelligendum.
3111 3662 3392 3719 ldolorum
3431 3666 3578 3720 enim

1993 3761 2228 3817 delubra
2265 3761 2369 3817 hoc
2398 3760 2622 3815 nomine
2667 3758 3028 3831 significavit.
3081 3756 3342 3828 Lupanar
3391 3770 3577 3814 autem

1995 3853 2312 3924 appellavit,
2343 3853 2475 3924 quia
2507 3868 2633 3908 cum
2660 3859 2809 3907 esset
2827 3849 2941 3906 Deo
2975 3849 3298 3920 conjuncta,
3337 3863 3580 3920 eumque

1994 3943 2176 3999 virum
2235 3942 2562 4014 appellaret,
2616 3939 2899 4011 improbos
2955 3937 3238 3994 daemones
3281 3937 3579 4004 adamavit,

1995 4045 2162 4106 atque
2193 4034 2306 4089 illis
2335 4033 2539 4104 templa
2568 4031 2904 4098 construxit,
2951 4036 3006 4086 et
3051 4044 3174 4100 qua:
3205 4045 3236 4084 a
3275 4027 3386 4084 Deo
3417 4043 3580 4084 acce-

1994 4133 2152 4197 perat
2183 4138 2435 4187 munera,
2471 4137 2536 4177 ea
2567 4121 2913 4176 daemonibus
2948 4129 3033 4175 est
3072 4120 3321 4191 elargita.
3366 4119 3580 4174 Idcirco

1996 4217 2227 4287 subjicit
2258 4234 2272 4269 :
2307 4233 2327 4266 ι
2359 4214 2440 4268 Ad
2471 4228 2635 4268 omne
2664 4219 2833 4282 caput
2864 4215 2963 4265 via:
2979 4210 3264 4266 arditicasti
3293 4211 3580 4278 lupanaria

284 4775 394 4824 τοις
413 4763 690 4834 ἐδείματο
715 4769 904 4835 ναοὺς,
921 4770 1018 4824 καὶ
1031 4771 1101 4825 τα
1116 4771 1222 4825 ὑπὸ
1247 4771 1341 4827 τοῦ
1355 4772 1494 4828 Θεοῦ
1515 4775 1894 4847 χορηγούμενα

287 4851 426 4922 αὐτῇ
455 4853 616 4924 δῶρα
658 4857 876 4924 τούτοις
899 4861 1232 4935 προσέφερε.
1263 4863 1362 4918 Διὰ
1407 4864 1570 4919 τοῦτο
1599 4866 1850 4935 ἐπήγαγε
1875 4882 1890 4897 ο

293 4962 312 4992 ι
321 4943 370 4996 κ
379 4945 436 4996 αὶ
447 4945 540 4997 ἐπ’
553 4947 590 4999 ἁ
598 4947 738 5019 ρχην
753 4949 934 5022 πάσης
949 4951 1072 5006 ὀδοῦ
1081 4953 1255 5024 ᾠκοδὸ
1260 4972 1336 5027 μη
1343 4972 1442 5019 σας
1457 4954 1523 5010 τὰ
1537 4971 1607 5010 πο
1612 4956 1764 5027 ρνεῖά
1774 4973 1891 5020 σου,

289 5035 382 5088 καὶ
401 5035 670 5108 ἐλυμήνω
684 5041 751 5094 τὸ
769 5041 966 5106 κάλλος
987 5058 1105 5109 σου,
1127 5047 1220 5100 καὶ
1235 5045 1496 5117 διήγαγες
1509 5047 1578 5101 τὰ
1597 5046 1762 5118 σκέλη
1796 5063 1893 5101 σου

290 5124 458 5176 παντὶ
483 5125 738 5198 παρόδῳ,
766 5147 787 5180 ι
826 5129 929 5201 τὴν
960 5135 1062 5203 τῆς
1089 5133 1394 5199 ἀκολασίας
1451 5135 1757 5208 ὑπερϐολὴν
1802 5136 1895 5190 διὰ

288 5213 484 5267 τούτου
535 5218 895 5288 παραδηλῶν.
955 5224 1031 5276 οὐ
1080 5224 1191 5296 γὰρ
1244 5229 1362 5291 τοῖς
1419 5227 1678 5300 συνήθεσι
1711 5228 1894 5299 μόνοις

292 5306 486 5375 ἐγένου
513 5325 526 5338 ·
561 5309 708 5362 ἀλλὰ
756 5310 965 5378 πάντας
1015 5315 1146 5380 τοὺς
1213 5319 1513 5389 παριόντας
1550 5318 1892 5392 ἐφελκομένη

364 5475 390 5504 ⁸
418 5461 567 5522 Osee
599 5486 675 5538 tv,
716 5468 802 5526 16.

1996 4765 2469 4828 commiscebaris.
2499 4763 2808 4821 Mistionem
2838 4764 2928 4819 hic
2956 4777 3154 4817 rursus
3203 4761 3434 4831 ﬁgurate
3478 4775 3580 4814 no-

1999 4862 2175 4917 minat
2201 4861 2412 4916 cultum
2443 4858 2741 4915 idolorum.
2772 4851 3340 4912 Animadvertendum
3365 4859 3452 4907 est
3478 4866 3579 4904 au-

2002 4959 2133 5020 tem,
2158 4952 2364 5024 quibus
2407 4950 2695 5005 vocabulis
2740 4957 2928 5004 utatur
2967 4944 3113 5003 Deus
3160 4945 3578 5002 universorum,

2002 5053 2061 5102 ut
2087 5046 2420 5102 immensum
2461 5042 2797 5100 idololatria:
2847 5039 3092 5096 studium
3145 5037 3402 5107 explicet.
3439 5054 3456 5086 ι
3492 5034 3580 5088 Di-

1999 5136 2206 5204 visisti,
2242 5136 2444 5207 inquit,
2475 5149 2646 5191 crura
2671 5141 2766 5189 tua
2805 5132 2957 5188 omni
2984 5129 3322 5193 transeunti,
3356 5137 3412 5184 et
3438 5129 3580 5182 mul-

2003 5228 2264 5300 tiplicasti
2309 5225 2711 5284 fornicationes
2751 5232 2898 5290 tuas,
2931 5229 2988 5279 et
3035 5222 3310 5279 fornicata
3355 5236 3416 5276 cs
3453 5234 3579 5274 cum

2005 5321 2136 5377 filiis
2163 5318 2386 5392 Egypti
2414 5319 2616 5375 vicinis
2647 5318 2780 5383 tuis,
2814 5317 2910 5388 qui
2949 5323 3078 5371 sunt
3103 5327 3428 5387 magnarum
3456 5325 3577 5366 car-

879 5481 901 5509 ³
929 5468 1133 5526 Jerem.
1170 5488 1402 5538 xxxvm,
1444 5474 1533 5535 18,
1572 5471 1730 5540 juxta
1777 5472 1910 5529 edit.
1947 5471 2272 5528 Romanam.

1588 5627 1823 5684 VAlllmE
1858 5628 1986 5686 LEC
2002 5626 2264 5685 TlONES.

364 5716 407 5747 ³¹
440 5715 574 5780 ἁλός
602 5716 731 5771 cod.
756 5731 948 5787 praem.
979 5720 1095 5774 καί.

298 5800 328 5836 a
351 5788 475 5842 eod.
515 5788 716 5844 relicto
737 5789 943 5858 spatio.

627 5877 911 5938 ΡΑτιιοι.
959 5876 1082 5937 Gn.
1136 5875 1421 5937 LXXXI.

1201 5721 1248 5753 ⁸³
1273 5722 1451 5779 τοῦτο.
1487 5724 1611 5780 cod.
1643 5723 1835 5779 ταῦτα.

1937 5725 1984 5766 ⁸⁸
2009 5723 2136 5780 cod.
2168 5723 2482 5794 κατάθημα.
2513 5721 2606 5776 Sic
2639 5734 2858 5790 quoque
2893 5717 3111 5775 deinde.

3213 5714 3258 5747 ³⁸
3283 5706 3394 5768 οἷον
3426 5713 3574 5768 abest

3183 5872 3220 5933 2
