4088 6414
511 352 586 417 43
1539 335 2031 401 THEODORETI
2043 330 2109 393 Ἑ

2211 332 2397 394 iCOPI
2417 330 2783 392 CYRENSIS
3727 325 3795 390 44

515 470 690 524 nium.
727 485 744 517 ι
785 461 883 517 llis
907 473 1128 532 quoque
1157 455 1344 512 verbis
1379 451 1908 508 nimiumidolorum
1936 456 2103 518 atque

2211 445 2524 510 ἀκολάστως
2552 445 2813 517 ἐμίγνυσο
2835 460 2850 476 ’
2884 442 3028 515 μίξιν
3056 443 3111 498 δέ
3155 443 3320 497 πάλιν
3347 441 3583 498 ἐνταῦθα
3606 461 3787 517 τροπι-

517 555 816 627 impietatis
851 553 1104 607 ardorem
1139 544 1380 604 ostendit
1415 563 1427 599 :
1469 561 1488 596 ι
1529 542 1642 598 Nec
1684 541 1829 596 facta
1857 555 1918 595 es
1947 537 2106 609 quasi

518 645 782 703 meretrix
819 653 1069 714 quaestus
1113 639 1400 709 colligens,
1455 635 1550 691 sed
1606 634 1806 688 mulier
1856 633 2109 687 adultera

516 739 715 794 similis
748 736 868 798 tibi,
919 750 1041 805 quae
1072 738 1274 802 prieter
1300 728 1484 782 virum
1518 741 1682 782 suum
1715 723 1921 794 accipit
1963 737 2110 776 mer-

517 830 702 885 cedes.
734 823 1001 882 Omnibus
1031 824 1123 894 qui
1159 819 1418 876 fornicati
1455 825 1588 873 sunt
1629 832 1758 872 cum
1792 817 1910 886 ipsa
1943 814 2110 869 dabat

521 918 822 975 mercedes.
847 919 929 970 Tu
955 924 1136 968 autem
1165 912 1366 968 dedisti
1398 910 1684 966 mercedes
1711 910 1928 964 cunctis
1963 923 2112 961 ama-

511 1009 731 1063 toribus
760 1007 871 1060 tuis
901 1025 913 1060 :
946 1013 999 1059 et
1023 1003 1186 1057 donis
1218 1002 1492 1056 onerabas
1510 1015 1625 1064 eos,
1655 1008 1713 1052 ut
1740 1001 2009 1052 intrarent
2044 997 2110 1052 ad

507 1103 575 1149 te
602 1093 846 1163 undique
877 1090 945 1145 ad
983 1089 1372 1144 fornicandum
1409 1095 1614 1142 tecum.
1660 1084 2000 1152 Factumque
2026 1095 2112 1140 est

519 1189 572 1243 in
609 1197 660 1244 te
699 1195 898 1242 contra
931 1181 1396 1240 consuetudinem
1447 1181 1742 1235 mulierum
1781 1179 1835 1232 in
1875 1178 2112 1232 fornica-

507 1281 772 1335 tionibus
830 1279 962 1332 tuis.
998 1295 1016 1328 ι
1057 1275 1178 1330 ‘Per
1228 1275 1345 1329 haec
1392 1273 1520 1327 item
1555 1271 1914 1342 signiﬁcavit,
1958 1269 2107 1339 quod

519 1387 645 1426 cum
686 1387 716 1425 a
752 1369 865 1425 Deo
898 1376 952 1424 et
983 1368 1346 1431 frumentum,
1388 1371 1442 1419 et
1481 1363 1694 1430 vinum,
1729 1369 1784 1418 et
1811 1363 2012 1427 oleum,
2055 1367 2112 1416 et

521 1479 676 1526 oves,
694 1471 748 1516 et
772 1461 963 1524 boves,
991 1470 1044 1514 et
1067 1457 1269 1512 vitulos
1287 1455 1658 1525 accepissent,
1685 1468 1772 1518 ea,
1795 1461 2110 1522 contempto

521 1552 652 1616 Deo,
687 1551 846 1620 cujus
883 1561 1040 1606 erant
1073 1549 1237 1612 dona,
1275 1546 1439 1602 idolis
1484 1545 1807 1610 obtulerint,
1846 1560 1875 1598 a
1908 1545 2109 1615 quibus

521 1645 661 1699 nihil
688 1658 926 1712 unquam
957 1642 1064 1697 nisi
1115 1639 1417 1710 perniciem
1450 1643 1783 1706 acceperant
1819 1656 1832 1689 :
1874 1652 1938 1692 ac
1968 1651 2112 1693 mer-

510 1733 709 1789 cedem
740 1733 959 1804 quidem
1009 1746 1115 1786 non
1162 1729 1231 1784 ab
1279 1727 1548 1782 adulteris
1595 1728 1965 1798 accipiebant,
2012 1728 2110 1783 sed

2209 541 2320 602 κῶς
2341 539 2438 608 τὴν
2481 537 2591 591 τῶν
2639 535 2878 591 εἰδώλων
2911 536 3228 607 θεραπείαν
3276 537 3552 605 ὀνομάζει.
3603 539 3696 590 Δεῖ
3740 539 3797 592 δέ

2209 633 2560 702 ἐπι-τηρῆσαι,
2590 629 2797 692 ὁποίοις
2852 629 2898 662 ³⁸
2955 628 3286 698 όνόμασινό
3333 627 3444 682 τῶν
3477 627 3616 682 ὅλων
3649 628 3797 690 -Θεδς

2210 723 2502 791 ἐχρήσατο,
2524 720 2624 792 τὴν
2651 720 2753 790 τῆς
2784 719 3231 789 είδωλολατρείας
3249 719 3530 790 ἀμετρίαν
3553 721 3798 790 σημᾶναι

2211 811 2554 883 βουλόμενος.
2597 831 2617 864 ι
2680 812 2954 882 Διήγαγες
3010 810 3122 882 γὰρ
3167 813 3234 865 τὰ
3281 811 3448 883 σκέλη
3503 829 3598 864 σου
3631 812 3797 865 παντὶ

2209 903 2449 974 παρόδῳ,
2471 905 2568 958 καὶ
2594 902 2904 973 ἐπλήθυνας
2941 905 3038 973 τὴν
3089 903 3347 974 πορνείαν
3386 921 3500 958 σου.
3541 905 3651 957 Kal.
3707 905 3796 970 ἐξ-

2208 995 2546 1064 επόρνευσας
2570 993 2662 1047 ἐπὶ
2682 995 2809 1056 τοὺς
2841 994 2989 1056 υἱοὺς
3011 993 3286 1061 Αἰγύπτου
3307 993 3434 1057 τοὺς
3461 994 3797 1066 όμοροῦντάς

2212 1102 2316 1151 σοι,
2356 1087 2482 1150 τοῦς
2519 1085 2990 1155 μεγαλοσάρκους.
3030 1102 3048 1136 ι
3083 1083 3256 1137 Πάλιν
3290 1083 3527 1139 ἐνταῦθα
3561 1086 3664 1154 τῆς
3716 1086 3798 1139 εί-

2207 1177 2608 1248 δωλολατρείας
2639 1176 2700 1229 τὸ
2734 1176 2775 1208 ⁸⁷
2803 1175 3051 1244 μέγεθος,
3084 1176 3178 1230 καὶ
3211 1175 3471 1240 ἀσεϐείας
3498 1175 3597 1246 τήν
3625 1177 3798 1248 ὑπερ-

2210 1269 2374 1340 ϐολὴν
2403 1272 2667 1330 τοιούτοις
2720 1267 2948 1336 ὀνόμασι
3012 1265 3433 1338 παρεδήλωσεν*
3478 1285 3497 1317 ι
3535 1266 3647 1320 Kal.
3697 1267 3797 1321 οὐκ

2209 1357 2400 1427 ἐγένου
2427 1357 2502 1420 ὡς
2538 1357 2711 1428 πόρνη
2746 1357 3055 1424 συνάγουσα
3103 1357 3430 1427 μισθώματα
3455 1374 3470 1388 ο
3525 1360 3559 1428 ή
3591 1359 3729 1428 γυνὴ
3756 1361 3792 1429 ή

2213 1449 2533 1520 μοιχωμένη
2564 1449 2724 1517 όμοία
2750 1466 2853 1511 σοι,
2881 1450 2915 1520 ἥ
2951 1449 3100 1519 παρὰ
3129 1449 3222 1503 τοῦ
3248 1450 3443 1520 ἀνδρὸς
3470 1450 3642 1522 αὐτῆς
3663 1451 3799 1519 λαμ-

2211 1542 2450 1596 ϐάνουσα
2476 1540 2826 1612 μισθώματα,
2857 1543 2990 1596 πᾶσι
3021 1545 3132 1606 τοῖς
3161 1543 3588 1614 ἐκπορνεύσασιν
3625 1544 3796 1614 αὐτὴν

2211 1633 2493 1705 προεδίδου
2526 1632 2858 1705 μισθώματα
2883 1650 2896 1664 ·
2947 1634 3042 1688 καὶ
3097 1635 3162 1688 σὺ
3193 1633 3434 1698 δέδωκας
3463 1634 3795 1706 μισθώματα

2213 1727 2347 1778 πᾶσι
2372 1728 2482 1789 τοῖς
2514 1727 2774 1796 ἐρασταῖς
2825 1740 2940 1790 σου,
3002 1727 3097 1779 κα)⁵
3131 1725 3415 1797 ἐφόρτιζες
3449 1727 3669 1791 αὐτοὺς,
3699 1723 3794 1779 τοῦ

517 1829 662 1898 ipsis
691 1801 1085 1898 largiebantur.
1123 1821 1222 1878 His
1250 1822 1450 1878 similia
1481 1829 1612 1877 sunt
1638 1821 1785 1891 apud
1817 1821 2109 1877 Jeremiam

2214 1816 2466 1888 ἔρχεσθαι
2497 1817 2632 1889 πρὸς
2667 1818 2726 1870 σὲ
2757 1817 3018 1871 κυκλόθεν
3050 1819 3107 1870 ἐν
3135 1820 3202 1890 τῇ
3241 1818 3469 1890 πορνείᾳ
3495 1835 3610 1884 σου,
3637 1817 3796 1872 κα³ι³⁶

516 1918 866 1985 prophetam.
904 1933 922 1966 ι
963 1913 1119 1969 Nunc
1149 1914 1319 1979 enim,
1342 1912 1440 1976 ait,
1470 1911 1747 1966 mcechata
1777 1927 1837 1966 es
1869 1927 1996 1965 cum
2028 1912 2110 1966 la'-

521 2005 648 2073 pide
665 2005 901 2074 etligno.
941 2002 1087 2058 Leva
1118 2003 1311 2057 oculos
1343 2010 1466 2056 tuos
1494 2000 1550 2054 in
1575 2000 1851 2054 directum
1871 2041 1886 2065 ,
1911 2009 1965 2054 et
1987 2001 2114 2056 vide

509 2096 615 2149 'ubi
641 2096 746 2166 16
778 2110 886 2150 non
909 2095 1194 2165 inquinata
1215 2092 1311 2148 sis.
1337 2091 1494 2146 Nunc
1513 2106 1640 2147 vero
1660 2093 1713 2145 in
1736 2091 1838 2147 viis
1856 2092 2108 2156 sedebas,

519 2195 854 2256 exspectans
886 2201 1001 2252 eos,
1036 2187 1197 2256 quasi
1233 2185 1426 2240 cornix
1461 2184 1516 2238 in
1545 2183 1846 2239 solitudine
1871 2185 1992 2237 sola
2021 2207 2031 2238 :
2058 2191 2113 2238 et

520 2278 764 2348 polluisti
802 2285 1008 2333 terram
1040 2277 1518 2332 fornicationibus
1543 2276 1656 2331 tuis
1680 2269 1747 2324 ι’.
1769 2295 1786 2326 ι
1827 2275 1892 2330 Et
1917 2276 2112 2332 beatus

517 2371 719 2428 Isaias:
751 2389 768 2422 ι
790 2369 1097 2434 Quomodo,
1123 2369 1326 2439 inquit,
1351 2369 1495 2424 facta
1510 2379 1595 2424 est
1619 2368 1883 2423 meretrix
1912 2369 2111 2424 civitas

522 2460 704 2515 fidelis
740 2459 899 2520 Sion,
923 2458 1082 2527 plena
1109 2457 1347 2527 judicii?
1372 2459 1427 2512 in
1449 2475 1558 2528 qua
1583 2459 1799 2529 justitia
1828 2458 2110 2525 dormivit,

523 2541 898 2616 nunc'autem
931 2548 1220 2603 homicida;-
1255 2561 1300 2600 υ.
1333 2569 1350 2602 ι
1382 2549 1450 2604 Et
1478 2565 1674 2605 rursus
1703 2569 1717 2604 :
1746 2570 1762 2601 ι
1788 2551 1981 2615 Qualis
2004 2559 2109 2615 est,

511 2642 730 2712 inquit,
761 2641 850 2694 hic
885 2639 1025 2694 liber
1049 2639 1263 2709 repudii
1299 2641 1493 2696 matris
1528 2649 1747 2704 vestrae,
1778 2657 1890 2711 quo
1925 2642 2111 2696 dimisi

519 2735 683 2788 eam?
711 2739 808 2786 aut
842 2733 1061 2786 cuinam
1091 2747 1216 2784 cum
1257 2731 1478 2786 debitor
1515 2747 1697 2786 essem
1727 2732 1946 2786 vendidi
1975 2732 2116 2786 vos?

507 2823 666 2879 «Ecce
687 2823 832 2878 enim
863 2821 919 2875 in
958 2821 1346 2890 iniquitatibus
1384 2823 1591 2877 vestris
1626 2822 1834 2876 venditi
1865 2824 2022 2885 estis,
2060 2830 2116 2878 et

2213 1911 2430 1978 ἐγένετο
2452 1911 2510 1962 ἐν
2565 1910 2647 1962 σοὶ
2685 1909 3098 1981 διεστραμμένα
3136 1911 3286 1982 παρά
3324 1911 3423 1975 τάς
3449 1913 3713 1980 γυναῖκας
3736 1911 3796 1964 ἐν

2211 2005 2277 2072 τῇ
2303 2001 2532 2072 πορνεία
2584 2018 2697 2055 σου.
2736 2021 2753 2052 ι
2787 2003 2895 2054 Kal
2915 2001 3002 2054 διὰ
3042 2000 3250 2055 τούτων
3289 2001 3451 2056 πάλιν
3496 2002 3792 2073 ἐσήμανεν,

2212 2094 2295 2146 ὅτι
2337 2093 2488 2163 παρά
2511 2093 2604 2146 τοῦ
2656 2093 2790 2146 Θεοῦ
2825 2093 3220 2164 λαμϐάνοντες,
3276 2095 3372 2148 καὶ
3410 2097 3577 2160 σῖτον,
3596 2095 3690 2148 καὶ
3715 2093 3796 2147 οἷ-

2212 2203 2323 2250 νον,
2361 2186 2451 2238 καὶ
2474 2185 2672 2248 ἔλαιον,
2708 2186 2802 2238 καὶ
2819 2185 3089 2256 πρόϐατα,
3114 2186 3209 2238 καὶ
3241 2185 3390 2256 βόας,
3415 2188 3508 2239 καὶ
3535 2189 3794 2256 μόσχους,

2212 2280 2324 2340 τοῖς
2353 2276 2592 2338 εἰδώλοις
2617 2275 2717 2338 τὰς
2762 2275 2957 2338 θυσίας
3000 2276 3339 2346 προσέφερον
3362 2293 3376 2307 ο
3417 2275 3508 2328 τὸν
3535 2277 3633 2346 μὲν
3663 2276 3796 2330 Θεὸν

2213 2370 2602 2439 ἀτιμάζοντες,
2635 2361 2696 2420 οῦ
2735 2365 2910 2420 ταῦτα
2942 2366 3012 2419 τὰ
3061 2367 3210 2439 δῶρα
3256 2367 3550 2437 ἐτύγχανον
3570 2384 3583 2396 °
3606 2369 3720 2430 τοῖς
3737 2367 3797 2421 δὲ

2217 2460 2383 2530 μηδὲν
2441 2458 2666 2512 πώποτε
2719 2457 3128 2529 παρεσχηκόσιν
3153 2497 3171 2523 ,
3224 2458 3446 2529 ὀλέθρου
3494 2459 3554 2512 δὲ
3637 2459 3798 2528 μόνον

2214 2551 2516 2622 προξένοις,
2576 2547 2750 2604 ταῦτα
2787 2549 3223 2620 προσφέροντες·
3286 2554 3383 2604 καὶ
3441 2548 3633 2621 μισθὸν
3686 2552 3801 2613 τοῖς

2219 2646 2428 2714 μοιχοῖς
2443 2643 2746 2713 ὀρέγοντες,
2779 2642 2970 2710 μισθὸν
2990 2642 3045 2695 δὲ
3075 2642 3205 2713 παρ’
3223 2641 3402 2694 αὐτῶν
3418 2642 3479 2694 ού
3503 2641 3568 2693 λα
3576 2640 3801 2712 μϐάνον-

2214 2753 2326 2800 τες.
2353 2735 2577 2800 Τούτοις
2603 2737 2766 2806 ὅμοια
2793 2737 2888 2789 καὶ
2933 2735 3001 2789 τά
3036 2737 3191 2806 παρά
3238 2735 3318 2805 τῷ
3348 2734 3602 2805 προφήτῃ
3641 2733 3802 2804 Ἰερε-

2220 2829 2318 2900 μίᾳ
2339 2845 2352 2858 ·
2385 2846 2404 2878 ι
2425 2828 2542 2881 Νῦν
2579 2828 2678 2898 μὲν
2701 2827 2831 2900 γὰρ,
2863 2829 3020 2899 φησὶ,
3045 2828 3374 2898 ἐμοίχευσας
3401 2825 3460 2880 τὸ
3494 2825 3670 2891 ξύλον,
3705 2824 3802 2878 καὶ

509 2909 580 2965 —in
605 2909 915 2964 sceleribus
946 2909 1148 2963 vestris
1179 2908 1363 2963 dimisi
1391 2918 1624 2965 matrem
1649 2921 1913 2967 vestram.
1951 2930 1970 2964 ι
2006 2911 2109 2967 Sed

2214 2918 2306 2971 τὸν
2333 2917 2497 2972 λίθον.
2523 2912 2694 2987 Ἀρον
2713 2917 2756 2950 ³⁸
2785 2919 2912 2980 τοὺς
2964 2916 3280 2986 ὀφθαλμούς
3322 2933 3416 2970 σου
3446 2918 3527 2980 είς
3549 2915 3795 2980 εὐθεῖαν,

508 3001 656 3071 -quid
686 3011 957 3070 opusIest,
983 3001 1198 3070 singula
1219 3017 1341 3070 quae
1373 3016 1469 3070 per
1487 3001 1789 3072 prophetas
1818 3018 1847 3056 a
1880 3002 2109 3058 Domino

2218 3009 2311 3061 καὶ
2331 3008 2405 3060 ίδέ
2431 3007 2532 3060 ποῦ
2551 3008 2649 3060 οὐκ
2665 3006 3112 3078 ἐξεφύρθης.Νῦν
3131 3009 3189 3062 δέ
3208 3009 3300 3061 ἐπὶ
3324 3011 3443 3072 ταῖς
3464 3007 3603 3070 ὁδοῖς
3631 3007 3798 3060 ἐκάθ-

523 3092 669 3148 dicta
688 3101 839 3159 sunt,
883 3094 1189 3164 persequi?
1217 3109 1282 3148 ex
1313 3094 1384 3149 iis
1407 3094 1576 3159 enim,
1610 3109 1734 3165 quas
1774 3109 2109 3151 commemo-

2221 3114 2338 3160 ισας
2396 3097 2755 3168 προσδοκῶσα
2795 3097 3013 3160 αὐτοὺς,
3065 3097 3197 3151 ὡσεὶ
3242 3097 3455 3168 κορώνη
3503 3097 3562 3148 ἐν
3607 3097 3802 3167 ἐρήμῳ

528 3142 669 3148 κω
689 3142 839 3159 -_---,
883 3142 1182 3164 ,----.,_--
1222 3142 1282 3148 ---
1314 3142 1383 3149 ---
1613 3142 1733 3165 Ἰ-..
1778 3142 2083 3151 --.--...-...-

522 3187 790 3250 ravimus,
833 3186 1050 3241 discere
1086 3185 1386 3256 possimus,
1422 3186 1496 3239 ita
1527 3188 1851 3244 tractandas
1876 3204 1998 3244 esse
2020 3189 2107 3243 di-

2224 3142 2383 3257 p.6v‘r,,
2410 3142 2505 3239 x21
2533 3187 2577 3219 ’⁵ο
2609 3187 2838 3257 ἐμίανας
2859 3142 3083 3257 τὴννγῆν
3110 3187 3168 3240 ἐν
3189 3142 3612 3259 ταῖςΐπορνείαις

2221 3279 2333 3332 Καὶ
2357 3281 2384 3331 6
2438 3279 2706 3350 μακάριος
2742 3278 2800 3331 δέ
2846 3279 3108 3342 Ἡσαΐας,
3153 3298 3171 3330 ι
3216 3278 3342 3340 Πῶς
3370 3280 3608 3346 ἐγένετο,
3638 3277 3797 3347 φησὶ,

519 3277 681 3332 vinas
707 3276 1046 3347 Seripturas,
1073 3288 1133 3331 ut
1157 3273 1266 3332 non
1295 3277 1539 3331 litteram
1575 3293 1877 3348 sequamur
1905 3282 2109 3349 solum,

525 3369 621 3423 sed
662 3377 900 3425 mentem
939 3385 1002 3424 ac
1030 3385 1256 3424 sensum
1294 3368 1445 3422 illius
1479 3371 1814 3438 aperiamus.

2222 3371 2396 3444 πόρνη
2435 3371 2589 3435 πόλις
2621 3373 2788 3442 πιστὴ
2818 3369 2978 3434 Σιὼν,
3016 3373 3049 3440 ή
3105 3371 3321 3443 πλήρης
3362 3371 3635 3441 κρίσεως;
3671 3371 3728 3422 ἐν

521 3462 833 3534 δικαιοσύνη
858 3461 1127 3533 ἐκοιμήθη
1166 3465 1223 3517 ἐν
1270 3461 1431 3532 αὐτῇ,
1468 3461 1562 3514 νῦν
1601 3463 1658 3516 δέ
1691 3465 1964 3532 φονευταί.
2003 3465 2150 3518 »Καὶ
2187 3461 2371 3530 αὖθις·
2413 3485 2429 3518 ι
2465 3466 2641 3529 Ποῖον,
2676 3464 2832 3534 φησὶ,
2873 3464 2933 3516 τὺ
2987 3462 3187 3533 βιϐλίον
3233 3463 3393 3516 τοῦτο
3420 3461 3515 3515 τοῦ
3559 3461 3799 3514 ἀποστα-

525 3551 639 3605 σίου
673 3554 772 3622 τῆς
795 3553 1002 3623 μητρὸς
1022 3553 1214 3622 ὑμῶν;
1244 3551 1275 3622 ἦ
1301 3552 1710 3622 τίνιὺπόχρεως
1735 3555 1810 3608 ῶν
1834 3555 2094 3625 πέπρακα
2170 3557 2358 3627 ὐμᾶς;
2439 3556 2573 3610 Ἰδοὺ
2636 3559 2758 3619 ταῖς
2819 3555 3117 3626 ἁμαρτίαις
3167 3554 3323 3626 ὑμῶν
3371 3551 3672 3623 ἐπράθητε,
3703 3549 3800 3603 καὶ

521 3652 639 3712 ταῖς
663 3650 914 3719 ἀνομίαις
938 3649 1091 3718 ὑμῶν
1118 3647 1475 3713 ὲξαπέστειλα
1507 3650 1604 3719 τὴν
1634 3649 1845 3722 μητέρα
1869 3651 2043 3722 ὑμῶν.
2079 3671 2098 3704 ι
2139 3653 2251 3705 Kal.
2287 3653 2339 3706 τε
2369 3653 2451 3706 δεῖ
2503 3651 2682 3706 πάντα
2732 3651 2911 3720 λέγειν
2946 3649 3012 3703 τά
3040 3651 3130 3703 διὰ
3155 3649 3264 3704 τῶν
3328 3647 3625 3721 προφητῶν
3691 3649 3798 3704 ὑπὸ

523 3740 617 3792 τοῦ
649 3739 786 3792 Θεοῦ
820 3737 929 3791 τῶν
967 3737 1102 3790 ὅλων
1140 3736 1447 3806 λεγόμενα;
1503 3738 1718 3808 ἀπόχρη
1767 3741 1875 3811 γὰρ
1913 3741 2008 3793 καὶ
2041 3740 2112 3793 τὰ
2150 3742 2418 3811 εἰρημένα
2505 3741 2713 3805 διδάξαι
2756 3743 2924 3811 ἡμᾶς,
2974 3741 3121 3804 ὅπως
3168 3740 3248 3793 δεῖ
3299 3742 3440 3794 νοεῖν
3485 3739 3585 3802 τὰς
3645 3740 3796 3804 θείας

521 3830 768 3903 Γραφὰς,
813 3829 887 3900 μὴ
916 3829 994 3900 τῷ
1032 3830 1319 3901 γράμματι
1349 3828 1509 3900 μόνον
1544 3833 1932 3902 προσέχοντας,
1967 3834 2104 3887 ἀλλὰ
2144 3835 2238 3888 καὶ
2266 3837 2364 3904 τὴν
2387 3834 2574 3887 τούτου
2597 3835 2833 3888 διάνοιαν
2867 3835 3330 3898 ἀναπτύσσοντας.

594 3925 639 3975 Α
675 3924 844 3978 veteri
891 3923 1058 3991 igitur
1097 3921 1164 3976 ad
1200 3938 1396 3978 novam
1433 3939 1692 3992 sponsam
1749 3927 2103 3993 accedentes,

2285 3930 2380 3982 Ἐκ
2408 3928 2511 3996 τῆς
2529 3929 2772 3992 παλαιᾶς
2789 3929 2970 3982 τοίνυν
2993 3928 3214 3999 νύμφης
3251 3928 3342 3980 ἐπὶ
3371 3927 3470 3998 τὴν
3495 3927 3624 3980 νέαν
3656 3926 3791 3979 ποδ-

525 4017 631 4069 hac
665 4015 884 4069 ratione
915 4013 1206 4069 Canticum
1257 4015 1600 4070 canticorum
1655 4018 2105 4088 interpretemur,

2211 4018 2539 4092 ηγηθέντες,
2586 4018 2734 4075 οὕτω
2779 4021 3065 4092 νοήσωμεν
3110 4021 3171 4073 τὸ
3215 4018 3310 4072 τοῦ
3354 4019 3638 4090 ’ᾼσματος
3685 4018 3795 4070 τῶν

525 4105 860 4175 rejectisque
891 4103 1042 4159 falsis
1079 4119 1142 4158 ac
1180 4104 1510 4176 perniciosis
1542 4107 1921 4176 opinionibus,
1974 4122 2108 4163 san-

2211 4112 2466 4184 ᾲσμάτων
2495 4111 2721 4182 βιϐλίον,
2751 4111 2846 4166 καὶ
2864 4112 2965 4177 τάς
2986 4111 3378 4182 διεψευσμένας
3397 4113 3492 4164 καὶ
3523 4110 3796 4180 βλαϐερὰς

523 4207 646 4252 ctos
673 4197 953 4252 imitemur
999 4206 1199 4266 patres,
1250 4205 1416 4268 atque
1469 4214 1636 4254 unam
1692 4215 1953 4271 sponsam
1982 4217 2107 4257 eum

2211 4209 2420 4272 ἐκείνας
2466 4207 2622 4273 δόξας
2669 4207 3086 4271 καταλιπόντες,
3133 4209 3249 4270 τοῖς
3289 4205 3467 4273 ἁγίοις
3516 4203 3791 4274 πατράσιν

524 4305 634 4344 uno
668 4304 877 4358 sponso
921 4289 1324 4360 colloquentem
1378 4304 1771 4360 agnoscamus,
1807 4301 1862 4348 et
1906 4295 1998 4363 qui
2037 4295 2109 4349 sit

2211 4297 2707 4368 ἀκολουθήσωμεν,
2772 4298 2867 4350 καὶ
2921 4299 3204 4367 νοήσωμεν
3267 4295 3397 4365 μίαν
3446 4294 3664 4364 νύμφην
3710 4295 3792 4346 ἐνί

523 4396 785 4450 sponsus,
822 4396 1054 4450 quasque
1101 4381 1172 4435 sit
1220 4396 1450 4451 sponsa,
1499 4398 1529 4436 a
1579 4385 1787 4438 sanctis
1827 4385 2106 4439 discamus

2211 4389 2428 4459 νυμφίῳ
2454 4387 2867 4457 διαλεγομένην.
2902 4388 2998 4440 καὶ
3026 4387 3284 4457 μάθωμεν
3313 4385 3464 4458 παρά
3491 4385 3598 4438 τῶν
3623 4385 3794 4453 άγίων

523 4472 812 4542 apostolis.
841 4472 896 4526 Id
921 4474 1063 4527 enim
1089 4472 1248 4527 docet
1272 4488 1374 4528 nos
1397 4481 1455 4526 et
1477 4473 1857 4529 divinissimus
1879 4473 2102 4541 Paulus,

524 4563 598 4615 ita
629 4562 878 4617 scribens
909 4580 920 4614 :
971 4581 989 4615 ι
1025 4562 1301 4633 Despondi
1339 4568 1486 4618 enim
1516 4580 1617 4619 vos
1647 4566 1740 4617 uni
1777 4566 1918 4630 viro,
1939 4567 2106 4636 virgi-

2211 4478 2553 4539 ἀποστόλων,
2581 4478 2669 4540 τίς
2707 4493 2766 4529 τε
2795 4478 2824 4528 ό
2853 4478 3106 4546 νυμφίος,
3151 4478 3246 4529 καὶ
3282 4478 3362 4541 τίς
3395 4479 3426 4547 ή
3465 4475 3670 4546 νύμφη.
3706 4477 3795 4527 Δι-

2209 4569 2399 4623 δάσκει
2445 4567 2554 4637 γὰρ
2604 4567 2752 4635 ήμᾶς
2809 4567 2904 4618 καὶ
2948 4568 2977 4618 6
3022 4565 3295 4648 θειόταοτος
3347 4566 3579 4630 Παῦλος,
3619 4565 3794 4629 οὕτως

523 4667 645 4707 nem
679 4660 886 4706 castam
923 4653 1185 4708 exhibere
1215 4653 1503 4709 Christo'.
1541 4673 1558 4705 ι
1608 4652 1884 4724 Sponsam
1919 4634 2102 4710 autem

2211 4660 2468 4729 γράφων·
2585 4634 2950 4729 Ἥρμοσάμην
2990 4658 3136 4728 ὑμᾶς
3179 4634 3260 4712 ἐνὶ
3307 4659 3480 4730 ἀνδρὶ,
3521 4655 3792 4727 παρθένον

523 4755 584 4793 ex
625 4743 811 4799 multis
853 4741 1145 4797 conflatam
1179 4743 1347 4797 dicit.
1408 4742 1542 4797 Nam
1579 4744 1868 4813 despondi,
1900 4740 2102 4816 inquit,

523 4846 634 4885 non
668 4841 739 4898 te,
773 4832 871 4888 sed
894 4848 1012 4897 vos,
1055 4833 1162 4886 hoc
1196 4843 1304 4897 est,
1343 4833 1556 4889 animas
1580 4835 1699 4904 pias
1729 4844 1786 4890 et
1813 4837 1867 4890 in
1890 4837 2105 4893 virtute

523 4921 820 4991 perfectas.
859 4921 1134 4992 Sponsam
1164 4922 1314 4977 enim
1349 4922 1534 4978 divina
1563 4923 1858 4996 Scriptura
1907 4926 2104 4983 Eccle-

524 5015 661 5068 siam
694 5016 985 5086 intelligit:
1013 5030 1277 5085 sponsum
1316 5024 1500 5072 autem
1539 5017 1820 5074 Christum
1846 5023 2102 5090 appellat.

2208 4753 2378 4824 ἁγνὴν
2415 4754 2762 4824 παραστῆσαι
2793 4751 3108 4823 τῷΧριστῷ
3125 4753 3228 4806 ⁸³.)
3262 4752 3374 4806 Kal.
3396 4752 3496 4822 τὴν
3538 4751 3637 4821 μὲν
3663 4750 3796 4819 νύμρ

2208 4859 2315 4913 φην
2348 4846 2412 4896 ἐκ
2444 4843 2653 4897 πολλῶν
2690 4843 2838 4912 λέγει
2860 4861 3199 4916 συγκεκροτη
3211 4844 3399 4914 μένην.
3420 4842 3789 4914 Ἦρμοσάμην

2207 4935 2335 5005 γὰρ,
2371 4934 2538 4999 λέγει,
2572 4935 2736 5005 ὑμᾶς,
2765 4937 2826 4989 ού
2851 4935 2930 4999 σὲ,
2957 4935 3032 4999 ὡς
3066 4930 3207 4988 εἷναι
3228 4935 3470 5004 δηλονότι
3503 4933 3602 4997 τὰς
3632 4934 3790 4986 εὐσε-

2207 5025 2323 5088 ϐεῖς
2356 5025 2453 5079 καὶ
2486 5027 2694 5090 τελείας
2743 5029 2801 5080 ἐν
2853 5029 3021 5098 ἀρετῇ
3067 5027 3264 5096 ψυχάς.
3317 5025 3555 5096 Νύμφην
3601 5024 3712 5094 γὰρ
3744 5024 3792 5055 δ’

524 5103 590 5157 Et
619 5119 849 5172 magnus
884 5107 975 5160 ille
1013 5103 1274 5170 Joannes,
1309 5107 1403 5176 qui
1438 5107 1574 5178 legis
1606 5109 1767 5164 ﬁnem
1809 5119 1865 5165 et
1915 5113 2102 5181 gratia:

2211 5114 2347 5171 οἶδεν
2380 5120 2408 5171 6
2439 5118 2580 5182 θεῖος
2612 5119 2767 5188 λόγος
2795 5119 2894 5189 τὴν
2937 5118 3266 5189 Ἐκκλησίαν
3287 5137 3299 5149 ·
3343 5118 3575 5188 νυμφίον
3613 5117 3668 5169 δὲ
3697 5116 3794 5168 τὸν

523 5194 854 5264 principium
883 5196 984 5264 l7
1028 5195 1291 5264 ostendit,
1322 5199 1530 5268 quique
1570 5201 1713 5256 inter
1729 5201 2099 5275 paedagogum

2211 5207 2442 5278 Χριστὸν
2461 5207 2738 5278 ὀνομάζει.
2763 5209 2872 5261 Καὶ
2889 5210 2916 5261 ό
2941 5209 3116 5278 μέγας
3147 5209 3203 5262 δέ
3243 5208 3516 5279 Ἰωάννης,
3547 5209 3577 5262 ό
3601 5204 3795 5270 δείξας

597 5356 617 5392 ι
658 5352 850 5410 lercm.
887 5368 980 5416 in,
1008 5352 1064 5404 ἓ.
1145 5360 1169 5387 η
1205 5350 1308 5408 lsa.
1344 5368 1395 5418 ι,
1421 5353 1516 5408 ‘21.
1588 5365 1620 5393 τ
1657 5356 1700 5410 ll
1733 5358 1859 5412 Cor.
1894 5374 1957 5424 ιι,
1992 5362 2050 5416 2.

1797 5454 2027 5554 vanu:
2069 5499 2472 5556 LECTIONES.

589 5588 635 5618 ³⁸
657 5586 878 5670 ὁποίοις,
941 5587 1098 5670 abest
1131 5598 1159 5637 a
1188 5588 1308 5670 cod.
1488 5591 1574 5670 τό..
1613 5592 1731 5647 des.
1769 5593 1900 5670 ibid.
2010 5594 2055 5626 ³⁸
2106 5598 2287 5670 και-
2316 5595 2545 5670 πορνᾴᾳ
2585 5613 2677 5670 σου
2717 5595 2837 5670 des.
2892 5592 3026 5670 ibid.
3086 5595 3161 5670 ,³⁸
3179 5591 3333 5670 Δἆρον
3371 5627 3440 5670 έ-
3481 5597 3793 5670 ἐξεφύρθης

525 5659 739 5781 oes.diu
775 5659 897 5713 cod.
932 5659 1123 5712 relicto
1156 5663 1350 5729 spatio.
1412 5660 1459 5692 ⁸ο
1494 5662 1585 5714 καὶ
1612 5693 1681 5702 —
1705 5666 1983 5735 πορνεὶαις
2020 5683 2132 5731 σου,
2168 5667 2283 5723 des.
2325 5659 2536 5721 in'cod'.
2637 5667 2677 5697 “
2719 5663 2964 5736 Χριστῷ.
2999 5665 3124 5720 eod.
3169 5659 3310 5737 Θεῷ.
3417 5669 3462 5701 δ’
3490 5659 3597 5741 γάρ
3633 5659 3796 5726 ἐὴεᾶ

527 5743 556 5780 a
590 5743 655 5782 co
702 5765 716 5781 .
