4088 6464
575 403 650 466 δῖ
1571 397 2061 460 THEODORETI
2097 399 2438 463 EPISCOPI
2466 401 2834 464 CYRENSIS
3774 405 3850 476 48-

531 529 535 533 ·
569 524 826 594 piuntur,
862 528 1120 574 naturam
1155 517 1428 584 indicare,
1460 515 1701 588 vitaeque
1731 517 2022 587 praesentis
2051 516 2154 572 (ίο-

2257 520 2318 572 τδ
2349 515 2542 591 *ᾼσμα
2575 519 2685 574 τῶν
2711 520 3002 592 ᾀσμάτωνο
3039 517 3136 576 καὶ
3171 518 3229 573 ai
3267 519 3366 593 μὲν
3399 521 3700 594 Παροιμίαι
3746 525 3844 598 τὴν

571 628 701 670 cere
726 613 1025 668 vanitatem
1063 631 1078 668 ι
1117 620 1176 670 ut
1209 628 1274 667 ea
1302 611 1445 665 ﬂuxa
1471 617 1527 664 et
1558 607 1776 679 fragilia
1816 623 2157 680 cognoscen-

574 718 676 768 .es,
707 711 974 774 tanquam
1016 704 1404 774 praetereuntia
1435 714 1784 770 spernamus,
1826 708 1886 756 et
1929 715 1994 756 ea
2033 718 2157 773 quae

575 797 763 852 l'utura
829 805 994 863 sunt,
1065 802 1125 849 ut
1183 793 1559 863 permanentia
1621 794 2090 862 concupiscamus
2138 811 2152 847 :

580 887 685 959 19
707 888 998 943 Canticum
1022 900 1153 940 vero
1184 884 1526 940 canticorum
1555 884 1849 954 mysticam
1867 899 2084 954 sponsa:
2103 893 2157 940 et

573 979 765 1047 sponsi
798 974 1266 1032 necessitudinem
1295 983 1350 1031 et
1373 975 1824 1045 coniunctionem
1845 976 2153 1031 continere.

575 1070 646 1126 Ut
695 1069 836 1123 adeo
883 1069 1145 1124 universa
1197 1067 1513 1124 Salomonis
1561 1067 1819 1122 doctrina
1869 1070 1945 1122 sit
1986 1067 2156 1122 veluti

567 1161 720 1215 scala
756 1160 1030 1230 quaedam,
1067 1175 1192 1231 qua
1238 1161 1420 1218 tribus
1461 1159 1728 1230 gradibus
1767 1167 2006 1224 constet,
2040 1173 2158 1213 mo-

573 1250 699 1314 rali,
733 1252 976 1305 naturali
1005 1258 1065 1305 et
1093 1251 1354 1322 mystico.
1412 1249 1696 1318 Principio
1743 1248 1913 1318 igitur
1958 1249 2048 1318 qui
2086 1247 2155 1302 ad

571 1345 659 1412 pie
690 1354 952 1413 recteque
982 1341 1204 1396 vivendi
1247 1340 1600 1410 disciplinam
1641 1338 2156 1405 accedit,‘necesse

581 1444 669 1488 est
699 1443 759 1488 ut
783 1434 944 1488 bonis
977 1433 1294 1487 actionibus
1342 1432 1586 1487 animum
1614 1437 1828 1501 purget,
1878 1438 2046 1501 atque
2079 1433 2154 1484 ita

571 1526 835 1593 deinceps
903 1524 1155 1596 fugacem
1229 1538 1414 1578 rerum
1485 1521 1975 1593 praetereuntium,
2035 1537 2158 1593 qua:

572 1632 746 1672 sensu
773 1616 1037 1686 jucunda:
1067 1614 1352 1680 videntur,
1395 1614 1696 1670 vanitatem
1751 1612 2057 1683 despiciat:
2101 1621 2156 1668 et

571 1706 703 1761 inde
734 1715 1016 1776 postremo
1047 1703 1308 1759 sublimis
1340 1703 1524 1756 avolet
1573 1700 1645 1755 ad
1699 1714 1988 1770 sponsum,
2031 1714 2156 1770 per-

572 1806 738 1868 petua
771 1797 918 1850 bona
952 1795 1330 1866 pollicentem,
1367 1789 1666 1846 amandum
1695 1797 1751 1846 et
1788 1789 2158 1861 complecten-

2260 611 2459 682 ῆθικὴν
2491 611 2761 680 ὠφέλειαν
2798 612 2912 674 τοῖς
2955 609 3304 680 βουλομένοις
3351 612 3754 684 προσφέρουσιν
3775 631 3788 646 ³
3817 618 3845 670 ό

2256 701 2314 754 δὲ
2360 702 2826 772 Ἐκκλησιαστὴς,
2877 701 2986 755 τῶν
3039 701 3334 772 ὁρωμένων
3396 703 3691 776 ἐρμηνεύει
3747 705 3844 776 τὴν

2259 792 2448 862 φύσιν,
2479 793 2574 851 καὶ
2597 791 2694 846 τοῦ
2726 793 2994 862 παρόντος
3021 791 3139 862 βίου
3167 791 3230 846 τὸ
3265 793 3493 864 μάταιον
3513 796 3840 860 ἐκδιδάσκει,

2261 885 2348 938 ἵνα
2384 885 2648 956 μαθόντες
2682 884 2863 937 αὐτῶν
2896 883 2958 936 τὸ
2990 883 3278 954 ἐπίκηρον,
3304 885 3380 949 ώς
3404 885 3712 956 παριόντων
3741 904 3841 940 κα·

2256 980 2718 1048 ταφρονήσωμεν,
2777 976 2876 1031 καὶ
2923 976 3035 1030 τῶν
3087 976 3393 1047 μελλόντων
3446 977 3524 1042 ώς
3576 979 3842 1049 μενόντων

2258 1071 2714 1142 ἐπιθυμήσωμεν.
2761 1071 2836 1123 Τὸ
2863 1070 2920 1124 δὲ
2959 1066 3151 1142 ᾋσμα
3179 1071 3288 1124 τῶν
3311 1071 3596 1141 ᾀσμάτων,
3616 1073 3715 1143 τὴν
3744 1089 3843 1142 μυ-

2257 1161 2453 1234 στικὴν
2492 1161 2788 1230 συνάφειαν
2818 1161 2919 1232 τῆς
2944 1161 3164 1232 νύμφης
3190 1163 3283 1216 καὶ
3315 1161 3410 1216 τοῦ
3436 1163 3672 1234 νυμφίου
3702 1163 3843 1217 διδά-

2259 1259 2412 1306 σκει·
2443 1250 2520 1315 ὡς
2555 1245 2698 1305 εῖναι
2730 1251 2830 1321 τὴν
2864 1253 3047 1308 πᾶσαν
3083 1252 3176 1305 τοῦ
3207 1251 3552 1322 Σολομῶντος
3584 1269 3842 1324 πραγμα-

2254 1340 2411 1396 τείαν
2441 1340 2689 1412 κλίμακά
2714 1358 2858 1407 τινα,
2880 1345 3032 1412 τρεῖς
3053 1340 3284 1411 ἔχουσαν
3315 1343 3442 1406 τοὺς
3465 1343 3731 1414 βαθμοὺς,
3753 1343 3842 1398 τὸν

2256 1431 2472 1500 ὴθικδν,
2496 1432 2587 1486 τὸν
2614 1433 3020 1502 φυσιολογικὸν,
3051 1434 3143 1488 τὸν
3181 1435 3464 1504 μυστικόν.
3506 1437 3600 1488 Δεῖ
3621 1435 3729 1508 γὰρ
3752 1436 3842 1490 τὸν

2258 1523 2423 1588 εὐθὺς
2456 1524 2751 1594 προσιόντα
2790 1527 2857 1595 τῇ
2893 1524 3150 1596 εὐσεϐείᾳ
3194 1524 3536 1598 καθαρθῆναι
3577 1526 3843 1596 πρότερον

2256 1610 2347 1666 διά
2386 1611 2486 1678 τῆς
2516 1611 2733 1681 ἀγαθῆς
2761 1611 3018 1683 πράξεως
3054 1611 3154 1683 τὴν
3199 1611 3474 1667 διάνοιαν·
3527 1609 3627 1666 εἷθ’
3670 1611 3842 1676 οὕτως

2257 1703 2628 1758 κατοπτεῦσαι
2658 1703 2769 1757 τῶν
2815 1704 3123 1774 παριόντων
3146 1703 3190 1736 δ’
3227 1703 3288 1757 τὸ
3333 1705 3582 1774 μάταιον,
3613 1702 3708 1756 καὶ
3735 1701 3844 1755 τῶν

2257 1793 2557 1848 δοκούντων
2585 1796 2836 1866 τερπνῶν
2855 1794 2916 1848 τὸ
2938 1795 3201 1867 ἐπίκηρον
3221 1812 3235 1826 ·
3264 1795 3359 1849 καὶ
3379 1795 3630 1850 ἐντεῦθεν
3657 1793 3851 1849 λοιπὸν.

577 1888 734 1942 dum.
769 1885 983 1942 Idcirco
1016 1885 1178 1940 tertio
1223 1883 1388 1939 etiam
1421 1883 1546 1937 loco
1578 1882 1670 1936 hic
1692 1882 2034 1940 constitutus
2071 1889 2154 1938 est

2264 1883 2600 1958 ἀναπτῆναι,
2634 1886 2729 1941 καὶ
2759 1885 2852 1940 τὸν
2882 1886 3116 1957 νυμφίον
3149 1886 3404 1957 ποθῆσαι,
3438 1886 3530 1940 τὸν
3557 1887 3627 1943 τὰ
3653 1885 3844 1942 αἰώνια

573 1979 738 2045 liber,
767 1984 829 2033 ut
860 1977 1081 2032 ratione
1109 1983 1166 2031 et
1192 1975 1281 2031 via
1312 1975 1378 2030 ad
1415 1972 1812 2044 perfectionem
1851 1975 2159 2032 contenda-

572 2085 721 2126 mus.
779 2068 1038 2124 Arbitror
1089 2074 1278 2123 autem
1347 2065 1656 2138 sapientem
1717 2065 2072 2123 Salomonem
2127 2082 2159 2122 a

571 2169 753 2232 patre,
779 2169 970 2232 utpote
995 2159 1288 2230 prepheta,
1317 2173 1382 2212 ac
1402 2171 1604 2228 magno
1623 2157 1845 2228 quidem
1871 2159 2156 2228 prOpheta,

569 2255 827 2308 edoctum
857 2251 975 2306 haec
1004 2250 1432 2319 conscripsisse.
1467 2247 1736 2304 Audierat
1760 2248 1908 2303 enim
1931 2251 2160 2306 omnino

569 2342 734 2397 illum
787 2342 860 2396 ita
905 2348 1197 2396 canentem
1241 2357 1256 2395 :
1297 2357 1320 2393 ι
1382 2338 1578 2394 Astitit
1625 2337 1820 2407 regina
1850 2354 1881 2392 a
1914 2337 2159 2398 dexteris

566 2435 705 2498 tuis,
718 2434 776 2489 in
792 2435 993 2490 vestitu
1008 2434 1290 2500 deaurato,
1307 2431 1751 2496 circumamicta,
1769 2431 2050 2503 variegata
2069 2433 2119 2487 ι’.
2133 2453 2154 2488 ι

569 2524 640 2580 Ει
672 2539 869 2580 rursus
910 2543 925 2580 :
964 2543 984 2576 ι
1015 2524 1180 2590 Audi,
1214 2525 1349 2588 illia,
1379 2532 1436 2579 et
1463 2523 1607 2586 vide,
1630 2532 1680 2579 et
1717 2523 1920 2577 inclina
1968 2539 2156 2581 aurem

573 2625 757 2684 tuam,
809 2624 866 2672 et
921 2616 1254 2671 obliviscere
1289 2614 1478 2685 populi
1517 2614 1598 2670 tui
1633 2629 1700 2671 ac
1747 2613 1948 2670 domus
1986 2616 2158 2685 patris

568 2710 693 2766 tui:
746 2716 802 2764 et
836 2707 1194 2778 concupiscet
1236 2722 1330 2761 rex
1381 2705 1634 2762 decorem
1689 2715 1868 2772 tuum,
1897 2708 2157 2776 quoniam

573 2803 695 2872 ipse
731 2809 817 2856 est
871 2799 1141 2857 Dominus
1200 2798 1345 2855 Deus
1372 2805 1502 2854 tuus
1534 2807 1582 2851 ο.
1629 2815 1648 2849 ι
1708 2795 1885 2867 Hujus
1933 2796 2156 2868 quidem

571 2893 699 2948 libri
729 2892 1020 2948 lectionem
1060 2891 1539 2954 adolescentibus,
1577 2895 1744 2959 atque
1775 2895 1939 2945 aetate
1977 2887 2157 2945 adhuc

572 2983 940 3055 imperfectis,
974 2997 1208 3054 prorsus
1235 2980 1595 3048 interdicunt,
1631 2981 1768 3037 solis
1793 2987 1974 3036 autem
2023 2981 2154 3039 viris

570 3077 854 3148 perfectis,
881 3077 974 3148 qui
999 3075 1284 3132 recondita
1301 3083 1357 3130 et
1377 3089 1582 3129 arcana
1607 3075 1890 3144 percipere
1913 3075 2152 3139 valeant,

567 3178 626 3223 et
647 3168 1020 3235 spiritualiter
1050 3167 1358 3237 intelligere
1385 3180 1507 3236 quae
1535 3166 1742 3236 scripta
1771 3172 1927 3231 sunt,
1972 3166 2157 3236 legen-

567 3263 702 3319 dum
736 3260 1002 3332 prabent.
1051 3257 1266 3314 Omissa
1309 3257 1480 3328 igitur
1523 3256 1923 3326 disputatione,
1967 3263 2150 3312 utrum

571 3353 895 3424 prophetice
941 3350 1188 3421 scriptus
1219 3349 1315 3415 sit,
1349 3364 1419 3403 an
1454 3363 1578 3418 quae
1628 3362 1658 3401 a
1701 3355 1854 3418 patre
1883 3346 2154 3404 didicerat

569 3443 814 3508 Salomo,
861 3454 927 3496 ea
967 3440 1276 3494 litterarum
1306 3435 1680 3492 monumentis
1727 3436 2022 3503 mandarit,
2053 3452 2151 3492 ex-

568 3531 906 3602 positionem
939 3527 1373 3600 aggrediamur:
1423 3526 1528 3580 boc
1571 3539 1743 3580 unum
1787 3540 1816 3577 a
1853 3525 2153 3580 lectoribus

569 3623 941 3693 postulantes,
973 3635 1042 3675 ne
1084 3619 1213 3673 furti
1240 3633 1341 3673 nos
1374 3616 1720 3680 insimulent,
1773 3616 1882 3686 20
1921 3616 1966 3672 si
1996 3616 2149 3685 quid,

568 3715 718 3785 quod
752 3730 781 3768 ι
813 3711 1065 3784 patribus
1084 3712 1294 3765 dictum
1331 3709 1426 3774 sit,
1493 3708 1550 3769 in
1604 3707 1694 3762 his
1734 3708 2152 3763 commentariis

569 3804 918 3860 oﬂeuderint.
956 3800 1216 3858 Fatemur
1277 3801 1421 3857 enim
1453 3807 1509 3856 et
1557 3813 1658 3854 nos
1697 3798 1768 3852 ab
1823 3798 1932 3853 illis
1961 3797 2151 3867 espla-

569 3897 821 3952 nationis
871 3894 1220 3950 occasionem
1278 3891 1582 3960 accepisse.
1649 3888 1763 3944 lloc
1813 3901 1994 3944 autem
2041 3906 2151 3945 non

568 3988 779 4042 .‘lurtum
831 3985 1100 4057 appellari
1158 3983 1341 4050 debet,
1391 3982 1490 4038 sed
1546 3989 1776 4052 paterna
1833 3981 2147 4036 bteretlita-s.

568 4081 894 4150 Quanquam
920 4079 987 4134 ad
1025 4078 1139 4143 illa,
1181 4091 1304 4146 quae
1346 4075 1413 4131 ab
1442 4076 1524 4131 eis
1567 4074 1906 4144 accepimus,
1955 4074 2153 4142 adjun—

566 4172 748 4224 ximus
783 4183 907 4238 qua:
928 4175 1118 4224 nostra
1160 4175 1312 4222 sunt.
1345 4164 1410 4220 Et
1445 4165 1592 4234 quod
1630 4165 1800 4222 latius
1849 4179 1881 4218 a
1913 4169 2150 4235 quibus-

563 4263 692 4318 dam
723 4261 1055 4331 explicatum
1084 4269 1188 4324 est,
1215 4273 1316 4314 nos
1334 4259 1756 4315 contraximus:
1783 4257 1934 4329 quod
1968 4269 2151 4318 autem

566 4352 918 4419 diligentiam
947 4353 1284 4422 requirebat,
1317 4349 1701 4405 dilatavimus.
1730 4348 2000 4407 Laborem
2050 4350 2150 4405 de-

569 4441 740 4509 nique
775 4441 1158 4508 suscepimus,
1205 4439 1526 4504 lectoribus,
1578 4447 1640 4494 ut
1677 4439 1942 4504 arbitror,
2004 4439 2151 4495 haud

2262 1977 2732 2048 ἐπαγγειλάμενον
2761 1977 2961 2047 ἀγαθά.
2993 1977 3092 2032 Διά
3125 1977 3284 2032 τοῦτο
3316 1980 3411 2032 καὶ
3435 1979 3618 2051 τρίτον
3683 1979 3842 2034 τέτα-

2262 2085 2391 2123 κται
2413 2068 2476 2123 τὸ
2501 2068 2704 2139 βιϐλίον
2718 2070 2875 2124 τοῦτο
2893 2070 3015 2137 ’,ἵνα
3034 2069 3140 2142 ὀδῷ
3170 2087 3256 2134 τις
3289 2070 3520 2141 βαδίζων
3550 2071 3644 2126 ἐπὶ
3671 2070 3733 2127 τὸ
3757 2071 3844 2126 τέ-

2259 2162 2404 2216 λειον
2437 2161 2603 2216 ἔλθοι.
2653 2161 2923 2234 Ἠγοῦμαι
2951 2162 3006 2215 δὲ
3045 2162 3137 2217 τὸν
3182 2164 3348 2234 σοφὸν
3381 2163 3702 2235 Σολομῶντα
3740 2163 3844 2220 ὑπὸ

2257 2253 2354 2306 τοῦ
2386 2253 2616 2324 πατρὸς,
2663 2254 2759 2309 ἅτε
2800 2254 2864 2327 δὴ
2904 2257 3184 2328 προφήτου
3219 2257 3310 2310 καὶ
3350 2256 3586 2327 μεγάλου
3629 2257 3845 2328 προφή-

2257 2363 2376 2408 του.
2438 2347 2824 2418 δεδιδαγμένον
2871 2347 3043 2402 ταῦτα
3093 2349 3554 2420 συγγεγραφέναι.
3604 2350 3848 2406 Ἤκουσε

2259 2435 2369 2506 γὰρ
2392 2435 2558 2490 αὐτοῦ
2595 2435 2816 2499 πάντως
2853 2436 3071 2509 ᾅδοντος
3091 2453 3104 2470 ·
3153 2457 3172 2489 ι
3204 2438 3460 2510 Παρέστη
3493 2439 3527 2508 ὴ
3555 2436 3847 2508 βασίλισσα

2259 2524 2325 2580 ἐκ
2346 2522 2536 2590 δεξιῶν
2565 2542 2684 2588 σου,
2701 2527 2758 2578 ἐν
2783 2525 3064 2598 ἱματισμῷ
3079 2526 3357 2597 διαχρύσῳ
3378 2527 3673 2600 περιϐεϐλη
3683 2528 3844 2598 μέν-η,

2260 2617 2680 2690 πεποικιλμένη.
2716 2636 2734 2670 ι
2779 2619 2892 2672 Καὶ
2931 2619 3123 2673 πάλιν·
3181 2638 3201 2671 ι
3244 2620 3545 2684 Ἄκουσον,
3581 2619 3853 2691 θύγατερ,

2258 2709 2355 2762 καὶ
2387 2709 2484 2776 ἴδε,
2535 2709 2630 2762 καὶ
2679 2709 2860 2763 κλῖνον
2897 2710 2959 2764 τὸ
2995 2707 3089 2774 οὖς
3131 2727 3249 2777 σου,
3305 2711 3399 2764 καὶ
3440 2710 3703 2765 ἐπιλάθου
3748 2709 3849 2764 τοῦ

2258 2799 2388 2856 λαοῦ
2426 2817 2544 2866 σου,
2572 2803 2667 2856 καὶ
2695 2801 2790 2856 τοῦ
2816 2802 2967 2856 οίκου
2999 2801 3091 2855 τοῦ
3116 2801 3322 2872 πατρός
3356 2818 3474 2864 σου,
3526 2801 3622 2855 καὶ
3654 2802 3853 2856 ἐπιθυ-

2261 2894 2426 2964 μήσει
2455 2895 2485 2947 ό
2507 2892 2762 2962 βασιλεὺς
2789 2894 2883 2948 τοῦ
2907 2893 3134 2957 κάλλους
3150 2910 3265 2957 σου,
3293 2893 3373 2947 ὅτι
3395 2894 3560 2956 αὐτός
3585 2894 3700 2948 ἐστι
3726 2893 3850 2949 Κύ-

2261 2985 2377 3056 ριός
2407 3003 2523 3041 σου.
2571 3006 2590 3039 ι
2643 2986 2859 3056 Ἀμέλει
2890 2988 3004 3050 τοῖς
3040 2986 3369 3058 μειρακίοις,
3401 2986 3497 3040 καὶ
3522 2989 3634 3050 τοῖς
3661 2985 3855 3040 ἀτελέ-

2259 3093 2344 3130 σιν
2377 3077 2458 3132 Eat
2508 3078 2608 3150 τὴν
2657 3079 2910 3149 ἠλικίαν,
2959 3078 3060 3131 οὐκ
3107 3078 3497 3148 ἐπιτρέπουσιν
3546 3077 3709 3132 αὑτοῦ
3742 3078 3854 3150 τὴν

2259 3169 2595 3238 ἀνάγνωσιν·
2645 3171 2826 3239 μόνοις
2852 3169 2909 3222 δὲ
2938 3171 3053 3232 τοῖς
3096 3171 3177 3231 εἰς
3219 3167 3422 3238 ἄνδρας
3451 3167 3720 3233 τελοῦσιν,
3748 3169 3851 3224 και

2260 3261 2500 3313 συνιέναι
2541 3260 2862 3330 δυναμένοις
2893 3259 2963 3312 τὰ
2999 3259 3378 3329 κεκρυμμένα,
3413 3259 3509 3312 καὶ
3543 3276 3856 3330 πνευματιο

2260 3351 2375 3416 κῶς
2403 3351 2596 3421 νοῆσαι
2623 3349 2691 3404 τά
2721 3349 3106 3422 γεγραμμένα,
3150 3347 3550 3418 ἀναγινώσκειν
3591 3349 3855 3405 κελεύου-

2260 3461 2365 3497 σιν.
2405 3442 2615 3497 υὺκοῦν
2654 3442 2998 3511 παυσάμενοι
3023 3441 3118 3494 τοῦ
3147 3441 3500 3511 ζυγομαχεῖν,
3551 3440 3666 3496 εἴτε
3707 3458 3852 3514 προ-

2257 3533 2505 3605 φητικῶς
2535 3535 2957 3604 συγγέγραπται
2993 3532 3052 3586 τὸ
3089 3531 3316 3602 βιϐλίον,
3356 3533 3465 3586 εἴτε
3505 3531 3855 3604 μεμαθηκὼς

2257 3623 2410 3695 παρὰ
2454 3623 2550 3676 τοῦ
2591 3625 2819 3695 πατρὸς,
2853 3621 2889 3676 ἀ
2935 3621 3183 3692 ἐδιδάχθη
3220 3622 3483 3687 διδάσκει,
3519 3621 3622 3692 τῆς
3664 3621 3855 3690 ἐρμη-

2256 3715 2405 3777 νείας
2436 3712 2734 3785 ἁψώμεθα·
2765 3711 3022 3767 τοσοῦτον
3055 3713 3181 3776 τοὺς
3214 3710 3631 3782 ἐντευξομένους
3663 3729 3854 3782 παρα·-

2256 3806 2607 3870 καλέσαντες,
2651 3805 2725 3876 μὴ
2753 3804 2961 3876 κλοπὴν
3003 3805 3159 3877 ἡμῶν
3187 3806 3538 3875 κατηγορεῖν,
3564 3804 3617 3857 εί
3645 3822 3697 3858 τι
3730 3806 3853 3868 τοῖς

2258 3898 2533 3967 πατράσιν
2562 3899 2854 3967 εἰρημένον
2877 3898 2936 3950 ἐν
2957 3901 3076 3961 ταῖς
3107 3896 3404 3967 ἡμετέραις
3434 3895 3647 3967 εὕροιεν
3671 3894 3853 3967 έρμη-

2255 3990 2451 4053 νείαις.
2511 3987 2914 4060 Ὀμολογοῦμεν
2964 3988 3073 4059 γὰρ
3119 3988 3214 4040 καὶ
3248 3988 3410 4057 ἡμεῖς
3453 3988 3585 4057 παρ’
3621 3985 3852 4040 ἐκείνων

2255 4079 2354 4142 τὰς
2380 4079 2640 4150 ἀφορμὰς
2674 4078 2968 4149 εὑρηκέναι
3011 4078 3111 4149 τῆς
3151 4075 3483 4146 σαφηνείαςο
3519 4075 3635 4128 ἐστι
3679 4075 3736 4128 δὲ
3782 4074 3852 4127 τὸ

2252 4153 2493 4223 τοιοῦτον
2541 4170 2602 4222 ού
2649 4168 2846 4239 κλοπὴ,
2879 4167 3014 4221 ἀλλά
3058 4165 3396 4238 κληρονομία
3437 4164 3687 4237 πατρῴα.
3728 4165 3852 4217 Καὶ

2253 4262 2322 4315 τά
2357 4262 2457 4332 μὲν
2493 4261 2622 4332 παρ’
2652 4260 2876 4314 ἐκείνων
2906 4257 3192 4330 είληφότες
3219 4256 3466 4327 τίθεμεν,
3499 4255 3568 4310 τά
3599 4256 3653 4308 δὲ
3686 4255 3852 4308 αὐτοὶ

2254 4351 2643 4420 ἐπεξευρόντες
2671 4349 3059 4420 προστίθεμεν.
3094 4348 3202 4401 Καὶ
3226 4347 3298 4401 τά
3328 4348 3448 4418 μὲν,
3484 4348 3560 4410 ώς
3592 4346 3678 4400 διὰ
3701 4345 3840 4398 πλά-

2253 4458 2379 4506 τους
2417 4440 2687 4512 εἰρημένα
2715 4439 2882 4497 τισὶν.
2918 4437 3292 4508 συντέμνομεν
3313 4455 3327 4469 ο
3368 4438 3436 4491 τά
3459 4439 3518 4492 δέ
3543 4436 3853 4508 ἐπεξεργα-

567 4529 842 4585 inutilem.
873 4529 1384 4597 Quamobrem,eos
1410 4531 1503 4602 qui
1533 4531 1656 4587 sine
1685 4531 1872 4586 labore
1900 4531 2148 4586 laborum

2259 4531 2378 4594 σίας
2421 4531 2654 4601 δεόμενα
2697 4527 3072 4599 διευρύνομεν.
3125 4527 3235 4581 Καὶ
3287 4528 3425 4592 ὅλως
3471 4525 3850 4597 ἀνεδεξάμεθα

568 4627 896 4680 murorum,
927 4620 1172 4680 fructum
1200 4629 1333 4678 sunt
1361 4621 1700 4692 percepturi,
1739 4629 1962 4693 rogatos
1995 4623 2152 4676 volu-

2259 4621 2444 4684 πόνον,
2479 4621 2580 4673 οὐκ
2605 4620 2877 4689 ἄχρηστον
2903 4612 3057 4688 οἶμαι
3081 4621 3192 4683 τοῖς
3213 4617 3618 4692 ἐντευξομένοις
3643 4618 3851 4686 ἐσόμε-

569 4721 717 4777 mus,
745 4717 810 4764 ut.
837 4711 1002 4768 nobis
1035 4727 1134 4781 pro
1187 4710 1470 4768 laboribus
1501 4711 1710 4766 nostris
1749 4710 2032 4768 orationes
2085 4726 2152 4767 ac

2257 4729 2368 4767 vov.
2403 4711 2496 4764 Διὸ
2527 4710 2650 4773 τοὺς
2680 4709 2894 4773 ἀπόνως
2927 4711 3054 4774 τοὺς
3084 4711 3389 4782 ἡμετέρους
3419 4709 3854 4782 καρπουμένους

568 4814 768 4870 preces
811 4800 1127 4872 impertiant
1155 4817 1308 4859 suas.
1343 4801 1501 4868 Quod
1550 4801 1599 4857 si
1656 4800 1842 4856 minus
1889 4811 2152 4856 accurata

2257 4801 2453 4864 πόνους
2497 4799 2948 4870 παρακαλοῦμεν,
2992 4800 3157 4871 εύχάς
3203 4804 3333 4873 ἡμῖν
3375 4801 3682 4856 ἀντιδοῦναι
3727 4798 3853 4852 τῶν

568 4889 847 4954 videbitur
872 4892 1192 4962 explicatio,
1218 4891 1463 4947 laborem
1485 4891 1681 4950 saltem
1705 4889 1834 4947 boni
1861 4892 2150 4958 consulas,

2257 4891 2454 4946 πόνων.
2485 4891 2550 4944 El
2580 4890 2638 4943 δὲ
2676 4892 2776 4944 οὐκ
2817 4890 3052 4962 ἀκριϐὴς
3094 4891 3127 4961 ἡ
3177 4891 3442 4962 ἑρμηνεία
3493 4890 3712 4961 φανείη,
3745 4888 3854 4943 τὸν

567 4994 622 5042 et
653 5001 776 5058 qua:
801 4986 1002 5046 desunt
1030 4987 1148 5059 ipse
1175 4987 1399 5052 doceas.

2257 4982 2388 5054 γοῦν
2420 4983 2581 5038 πόνον
2609 4982 2892 5050 ἀπόδεξαι,
2920 4984 3014 5038 καὶ
3041 4981 3111 5036 τά
3137 4982 3394 5038 λείποντα
3422 4982 3634 5047 δίδαξον
3661 4982 3727 5035 ⁸⁸.

641 5145 672 5188 ι’
699 5145 845 5203 Psal.
881 5161 1042 5211 xuv,
1085 5144 1171 5200 ιο.
1240 5155 1272 5182 ~°
1313 5141 1445 5197 ibid.
1478 5142 1565 5208 ll,
1596 5139 1686 5196 12.

1885 5297 2123 5354 νΜυιΕ
2165 5295 2571 5355 LECTIONES.

639 5390 684 5424 "
711 5390 840 5472 ροάτ
872 5389 1186 5472 παρόντειινσ-
1238 5391 1296 5472 ,⁸³
1322 5389 1549 5472 δίβαξον-
1583 5383 1790 5472 tecm!-
1823 5395 2132 5472 εθςυυῑηιιτ
2158 5389 2300 5470 ista
2337 5387 2539 5472 ἐξέρα.
2568 5383 3026 5472 inuadens.
3046 5377 3850 5472 efﬂauisﬁﬁilifrf'is

565 5460 677 5537 τῶν
697 5447 999 5537 ᾀσμάτων,-
1011 5460 1332 5537 συλλεγεῖσα
1346 5447 1470 5537 ’ἀπό
1497 5477 1555 5537 τε
1579 5459 1689 5537 τῶν
1719 5458 1798 5537 sic
1825 5447 1982 5537 τρύτο
2006 5457 2310 5537 ἑρμηνειῶν
2335 5447 3190 5537 τούιάγίουίικρῆγορίρυ.Νύσσης.
3214 5447 3309 5505 τοῦ
3333 5450 3488 5537 diripi:
3727 5451 3847 5537 καὶ

566 5475 677 5515 των
697 5474 768 5514 ac
815 5474 982 5522 ατων,
1015 5474 1332 5526 συλλεγεῖσα
1362 5474 1468 5512 απο
1497 5477 1555 5512 τε
1579 5474 1689 5511 των
1719 5474 1798 5519 εις
1825 5474 1982 5509 τουτο
2006 5474 2310 5528 ερμηνειων
2335 5474 2640 5579 τονιαίῖιουιι
2662 5474 2920 5537 ρηγοριου
2951 5474 3190 5536 ινυιξσης,
3216 5474 3309 5505 του
3333 5474 3488 5518 αγιυυ
3513 5474 3712 5534 ἑὶςιΛυυ
3743 5474 3847 5528 fill.

566 5530 662 5608 τοῦ
692 5479 848 5608 ᾇγίόυ
867 5530 1150 5608 Μαξίμου.
1190 5530 1301 5608 Inc.
1346 5526 1795 5608 Ἰῖξπε-ιδῇααὶτάς
1831 5527 2156 5608 Παροιμίαις.
2186 5528 2309 5608 κ.
2339 5527 2469 5608 D_etn
2500 5523 3018 5608 e‘sequttur‘étépa
3044 5519 3848 5608 eglﬁfnd'tg‘Eii-fé‘ﬁ'igfffgy

569 5588 831 5723 ἷσμάτων
864 5588 1127 5680 ἐξηνγηθὲν
1150 5600 1300 5669 παρά
1326 5600 1420 5654 τοῦ
1448 5588 1657 5652 Ψελλοῦ
1691 5596 1778 5649 διὰ
1805 5588 2343 5677 στίχωνπολιτικῶν.
2371 5597 2480 5651 Inc.
2500 5588 2762 5676 Ἐπείῖπερ
2795 5594 2856 5646 τὸ
2879 5588 3276 5674 φιλομαθξς,’κ.
3307 5591 3357 5646 λ.
3385 5588 3583 5686 Eadem
3608 5596 3845 5639 exstant

617 5678 762 5722 attne
797 5684 850 5720 in
881 5669 1118 5723 etltttone
1153 5671 1346 5723 horum
1371 5668 1904 5723 Commentariorum
1930 5683 2053 5723 uita:
2080 5667 2322 5722 Venetus
2349 5681 2493 5721 anno
2527 5666 2686 5723 i575.
2722 5664 2832 5718 ιιι-4
2863 5664 3086 5723 produt,
3117 5672 3412 5723 interprete
3443 5658 3598 5710 letro
3632 5654 3842 5710 Franc.

617 5654 850 5738 a'tinein
881 5654 1118 5725 e'cl'iiione
1153 5654 1346 5725 horum
1371 5654 2053 5738 Comruentarlorum‘qua:
2080 5667 2322 5722 Venetiis
2349 5681 2493 5721 anno
2527 5666 2697 5738 1575,
2722 5654 3086 5738 i'n-4_prodiit_,
3117 5654 3412 5738 interprete
3443 5658 3598 5738 Petro
3632 5654 3842 5738 iii-armt

570 5737 728 5798 Ziuo,
779 5737 1083 5806 interjectis
1128 5739 1374 5814 Maximi,
1427 5739 1558 5814 Nili,
1617 5736 1903 5814 _I_’_s_e_lliqu_e
1946 5726 2408 5804 commentariis;
2442 5726 2743 5814 necuonin
2783 5726 3024 5789 editione
3062 5726 3183 5786 Lat.
3219 5726 3461 5786 omnium
3505 5726 3846 5782 Theodoreti

570 5753 728 5798 uno,
779 5753 1083 5806 interiectis
1135 5753 1374 5808 maxum,
1431 5753 1558 5803 mu,
1628 5753 1893 5860 rseutt‘pic

570 5821 823 5875 operum,
855 5823 976 5878 quae
997 5812 1211 5880 prodiit
1245 5813 1488 5869 Colonia:
1515 5824 1566 5864 a.
1615 5807 1770 5872 l575,
1822 5807 1893 5861 υι.
