4088 6414
598 375 663 451 5t
1626 385 2113 448 THEODORETI
2154 387 2492 448 EPISCOPI
2513 384 2876 445 CYRENSIS
3362 387 3366 391 ·
3781 371 3876 438 ξ52

598 494 795 551 libenti
821 493 1009 549 animo
1037 493 1336 551 servirent.
1381 493 1613 558 Idcirco,
1653 514 1674 547 ε
1718 496 2040 561 Exaltabor,
2090 497 2169 551 in-

2284 499 2373 567 ύφ’
2403 497 2594 550 ἐαυτὸν
2627 497 2942 566 ἐποιήσατο,
2999 495 3093 547 καὶ
3124 494 3224 562 τὴν
3251 491 3358 546 τῶν
3383 490 3611 544 πάντων
3636 489 3874 544 ἐχόντων

597 580 742 651 quit,
781 582 836 636 in
868 581 1152 652 gentibus,
1189 582 1480 637 exaltabor
1528 583 1582 636 in
1639 591 1806 637 terra.
1849 603 1867 636 ι
1913 584 2177 654 Ejusdem

597 672 821 742 generis
850 681 905 728 et
941 674 1075 728 illud
1108 682 1232 729 est:
1264 691 1283 724 ι
1318 671 1528 728 Omnes
1559 680 1772 742 gentes,
1795 675 2040 745 plaudite
2069 693 2180 732 ma-

593 763 802 819 nibus:
846 763 1081 834 jubilate
1121 763 1237 817 Deo
1270 775 1402 817 voce
1439 763 1852 821 exsultationis.
1901 767 2176 834 Quoniam

595 852 866 910 Dominus
912 855 1192 920 excelsus,
1241 853 1531 920 terribilis,
1572 871 1668 912 rex
1719 873 1956 929 magnus
2011 877 2178 932 super

593 960 812 1000 onmem
846 955 1047 999 terram
1079 955 1126 1000 ο.
1161 963 1181 997 ι
1226 943 1293 999 Ει
1324 960 1560 1003 rursus:
1597 965 1617 998 ι
1653 951 1958 1020 Accingere
1994 951 2178 1022 gladio

594 1047 692 1091 tuo
726 1051 897 1105 super
922 1035 1103 1091 femur
1130 1046 1310 1103 tuum,
1342 1039 1748 1108 potentissime.
1771 1039 1967 1112 Specie
1999 1053 2092 1098 tua
2123 1052 2180 1100 et

590 1128 1010 1198 pulchritudine
1040 1137 1136 1184 tua
1190 1131 1458 1197 intende,
1495 1147 1764 1203 prospere
1805 1137 2065 1206 procede,
2124 1147 2178 1192 et

591 1235 761 1290 regna
793 1218 834 1273 ί.
875 1239 894 1272 ι
932 1221 1002 1276 Ει
1036 1222 1208 1278 alibi:
1239 1241 1258 1276 ι
1310 1222 1558 1280 Attollite
1593 1225 1698 1295 23
1727 1234 1914 1296 portas
1943 1237 2174 1292 vestras,

589 1312 894 1384 principes,
917 1323 973 1369 et
993 1315 1306 1380 elevamini,
1341 1324 1514 1386 portae
1554 1326 1798 1383 aeternae,
1836 1329 1890 1374 et
1925 1320 2178 1391 introibit

591 1419 688 1460 rex
731 1405 942 1475 gloriae,
986 1405 1258 1464 Dominus
1306 1407 1471 1464 fortis
1523 1419 1577 1465 et
1622 1422 1852 1480 potens,
1910 1411 2179 1469 Dominus

590 1504 789 1564 potens
813 1495 868 1551 in
913 1499 1100 1568 praelio
1127 1501 1176 1554 ⁸.
1211 1517 1230 1550 ι
1273 1497 1373 1555 His
1422 1499 1594 1570 igitur
1641 1501 1695 1556 in
1742 1504 1980 1557 canticis
2029 1503 2178 1574 regis

590 1587 882 1643 victoriam
931 1591 1216 1645 celebrant
1267 1593 1581 1663 prOphetae,
1628 1609 1868 1666 eumque
1920 1594 2177 1651 laudibus

589 1675 853 1743 eﬂ’erunt,
895 1682 1044 1748 quod
1093 1680 1347 1750 captivos
1398 1683 1698 1737 vindicarit
1733 1683 1788 1738 in
1841 1685 2172 1740 libertatem.

589 1769 662 1822 At
691 1767 982 1824 Canticum
1030 1772 1380 1826 canticorum
1436 1773 1590 1828 illius
1625 1776 1853 1846 nuptias
1886 1776 2174 1843 describit,

2283 590 2580 659 ἀνεδήσατο
2656 588 2953 658 βασιλείαν.
3018 586 3109 639 Διό
3165 602 3364 655 φησιν·
3400 601 3419 634 ι
3477 582 3873 652 ’Υψωθήσομαι

2281 683 2338 733 ἐν
2382 683 2495 744 τοῖς
2521 680 2752 743 ἔθνεσιν,
2799 679 3159 750 ὑψωθήσομαι
3201 678 3258 729 ἐν
3300 678 3367 746 τῇ
3415 677 3510 745 γῇ.
3543 695 3560 726 ι
3615 671 3872 726 Τοιοῦτόν

2281 773 2520 826 ἐστικαὶ
2571 773 2664 834 τὸ,
2711 792 2728 823 ι
2773 773 2957 825 Πάντα
2997 771 3066 823 τὰ
3101 769 3265 838 ἔθνη,
3307 769 3616 838 κροτήσατε
3657 767 3870 835 χεῖραςο

2281 866 2586 931 ἀ-λαλάξατε
2616 865 2694 934 τῷ
2721 865 2840 935 Θεῷ
2862 867 2918 917 ἐν
2949 866 3101 932 φωνῇ
3131 862 3528 931 ἀγαλλιάσεως,
3565 863 3648 914 ὅτι
3668 859 3874 930 Κύριος

2284 955 2529 1025 ὕψιστος,
2577 955 2829 1025 φοϐερὸς,
2885 954 3140 1025 βασιλεὺς
3199 953 3371 1023 μέγας
3417 954 3509 1006 ἐπὶ
3544 954 3725 1006 πᾶσαν
3775 952 3873 1024 τὴν

2281 1051 2406 1119 γῆν.
2464 1071 2481 1101 ι
2524 1050 2632 1103 Καὶ
2660 1050 2855 1103 πάλιν·
2898 1068 2917 1100 ι
2956 1047 3266 1116 Περίζωσαι
3310 1049 3410 1117 τὴν
3456 1046 3734 1117 ῥομφαίαν
3775 1063 3871 1100 σου

2281 1143 2375 1198 ἐπὶ
2405 1143 2495 1196 τὸν
2525 1144 2697 1214 μηρόν
2727 1159 2844 1206 σου,
2873 1143 3086 1196 δυνατέ.
3111 1143 3189 1212 Τῇ
3213 1140 3507 1210 ὡραιότητί
3537 1157 3632 1192 σου
3666 1141 3763 1194 καὶ
3793 1139 3876 1211 τῷ

2283 1233 2468 1286 κάλλει
2501 1251 2594 1287 σου
2630 1232 2863 1286 ἔντεινον
2882 1233 2925 1298 ⁸,
2962 1233 3055 1286 καὶ
3081 1229 3399 1294 κατευοδοῦ,
3429 1229 3523 1281 καὶ
3557 1227 3865 1298 βασίλευε.)

2287 1329 2398 1382 Καὶ
2437 1322 2615 1389 αὖθις
2654 1326 2894 1396 (Ἄρατε
2927 1325 3124 1387 πύλας,
3152 1324 3202 1376 οἱ
3239 1322 3521 1392 ἄρχοντες,
3559 1319 3735 1390 ὑμῶν,
3775 1320 3872 1373 καὶ⁵

2280 1419 2583 1490 ἐπάρθητε,
2612 1417 2779 1470 πύλαι
2797 1416 3025 1481 αἰώνιοι,
3045 1416 3138 1469 καὶ
3154 1413 3525 1467 εἰσελεύσεται
3551 1415 3579 1465 ὁ
3607 1410 3873 1474 Βασιλεὺς

2282 1511 2379 1581 τῆς
2416 1509 2599 1580 δόξης,
2649 1508 2852 1580 Κύριος
2910 1508 3171 1578 κραταιὸς
3214 1505 3310 1558 καὶ
3355 1503 3601 1565 δυνατὸς,
3664 1502 3870 1572 Κύριος

2281 1602 2509 1664 δυνατὸς
2569 1602 2627 1654 ἐν
2682 1601 2923 1670 πολέμῳ.
2965 1619 2983 1650 ι
3039 1598 3127 1649 Ἐν
3181 1596 3282 1666 μὲν
3336 1590 3428 1648 οὖν
3486 1593 3694 1655 τούτοις
3755 1595 3871 1650 τοῖς

2282 1693 2490 1764 ᾅσμασι
2522 1691 2621 1762 τὴν
2651 1689 2809 1762 νίκην
2827 1689 2920 1742 τοῦ
2949 1688 3213 1759 βασιλέως
3241 1687 3290 1739 οἱ
3314 1686 3588 1755 προφῆται
3613 1683 3867 1748 διεξίασι,

2283 1784 2378 1836 καὶ
2418 1783 2512 1834 ἐπὶ
2554 1784 2619 1851 τῇ
2643 1781 2752 1832 τῶν
2795 1778 3155 1850 αἰχμαλώτων
3199 1775 3360 1829 αὐτὸν
3408 1773 3671 1844 ὑμνοῦσιν
3715 1772 3871 1825 ἐλευ-

590 1870 646 1917 et
689 1875 820 1933 erga
871 1876 1139 1932 sponsam
1191 1878 1438 1920 amorem
1479 1867 1742 1937 explicat.
1782 1886 1801 1920 ι
1835 1866 2110 1938 Sponsam
2149 1887 2169 1921 ι

2279 1873 2457 1944 θερίᾳ.
2499 1872 2572 1926 Τὸ
2593 1850 2650 1924 δὲ
2674 1867 2864 1942 *ᾼσμα
2901 1869 3012 1922 τῶν
3043 1869 3306 1939 ᾀσμάτων
3352 1866 3447 1919 τὸν
3474 1865 3653 1935 γάμον
3697 1861 3868 1916 αὑτοῦ

589 1960 776 2010 autem
813 1953 1055 2024 appellat
1085 1969 1204 2019 eos,
1223 1956 1319 2026 qui
1348 1955 1404 2010 in
1444 1956 1557 2012 illis
1582 1958 1816 2013 canticis
1844 1974 1873 2012 a
1905 1959 2175 2026 servitute

588 2046 810 2102 liberati
851 2055 1383 2112 commemorantur,
1426 2054 1481 2101 et
1527 2046 1843 2102 libertatem
1890 2049 2174 2103 consecuti

587 2139 657 2196 ad
690 2139 837 2211 regis
869 2148 1056 2210 partes
1082 2155 1142 2194 se
1170 2138 1585 2210 applicuerunt,
1623 2139 1859 2209 ejusque
1905 2139 2173 2194 beneﬁcia

586 2229 888 2287 immortali
921 2230 1192 2287 memoria
1222 2230 1682 2301 complectentes,
1715 2247 2086 2303 magnamque
2108 2219 2173 2288 in

586 2323 744 2380 illum
787 2324 1237 2382 benevolentiam
1295 2333 1464 2394 atque
1508 2338 1757 2380 amorem
1799 2325 2172 2392 declarantes,

585 2416 772 2488 ipsum
819 2417 1046 2474 assidue
1102 2423 1433 2482 sectantur;
1483 2416 1596 2471 imo
1635 2433 1855 2488 quoque
1913 2420 2174 2475 caelestes

585 2516 914 2579 potestates,
942 2524 1067 2580 qua:
1094 2507 1226 2563 dum
1262 2517 1545 2578 quaerunt,
1578 2510 1780 2578 ecquis
1821 2511 1894 2564 sit
1933 2511 2041 2566 iste
2079 2526 2172 2565 rex

583 2601 796 2673 gloriae,
839 2601 1008 2656 simul
1041 2615 1166 2656 cum
1213 2601 1310 2657 illo
1350 2617 1478 2658 esse
1515 2600 1949 2670 concupiscunt,
1985 2617 2052 2657 ac
2109 2618 2174 2658 ne

581 2695 786 2763 exiguo
809 2693 1031 2763 quidem
1063 2693 1333 2763 temporis
1368 2701 1650 2748 momento
1673 2694 1742 2748 ab
1763 2709 1853 2758 eo,
1883 2709 1978 2764 per
2003 2710 2168 2764 quem

583 2785 819 2842 salutem
858 2793 1218 2856 acceperunt,
1253 2801 1314 2842 se
1336 2786 1580 2858 disjungi
1615 2787 1924 2857 patiuntur.
1960 2784 2075 2840 Hac
2105 2787 2174 2840 de

582 2871 756 2936 causa
787 2879 1087 2936 Canticum
1128 2881 1475 2937 canticorum
1513 2881 1606 2936 hic
1639 2881 1779 2935 liber
1816 2879 2168 2943 inscribitur,

580 2971 847 3042 quoniam
902 2973 1116 3042 reliqua
1173 2973 1390 3027 cantica
1440 2981 1670 3043 propter
1722 2971 1830 3028 hoc
1873 2970 2169 3027 Canticum

581 3062 730 3119 facta
779 3071 934 3130 sunt,
973 3071 1030 3120 et
1078 3063 1147 3119 ad
1193 3063 1300 3120 hoc
1344 3064 1434 3119 illa
1475 3065 1816 3134 perducunt.
1867 3063 1982 3118 lloc
2021 3064 2168 3119 enim

577 3153 666 3208 est
717 3153 990 3209 bonorum
1041 3161 1235 3225 caput,
1277 3153 1482 3210 divina:
1514 3154 1878 3224 benignitatis
1927 3170 2164 3220 summa,
2195 3194 2236 3250 Ο

578 3242 880 3300 ineﬂabilis
930 3245 1177 3309 bonitas,
1219 3244 1567 3300 incredibilis
1609 3244 2021 3310 misericordia,
2061 3244 2166 3299 im-

577 3350 772 3393 mnsa
827 3335 1164 3400 clementia,
1217 3335 1610 3391 inenarrabilis
1668 3334 1955 3399 cbaritas,
2019 3335 2166 3405 quod

577 3434 777 3483 auctor
798 3428 940 3499 ipse,
965 3435 1020 3483 et
1053 3426 1306 3490 eﬂector,
1331 3435 1388 3483 et
1407 3435 1764 3499 procreator,
1789 3435 1842 3482 et
1879 3427 2164 3490 Dominus,

574 3528 633 3574 et
676 3517 864 3583 Deus,
916 3529 973 3574 et
1005 3519 1306 3590 princeps,
1357 3525 1414 3573 et
1458 3518 1556 3589 qui
1622 3534 1841 3589 semper
1875 3519 2017 3574 idem
2055 3530 2163 3585 est,

576 3615 788 3670 luteum
811 3612 918 3667 hoc
947 3611 1176 3676 animal,
1210 3611 1568 3683 passionibus
1592 3613 1924 3678 obnoxium,
1954 3625 2008 3670 et
2037 3629 2160 3669 cor-

576 3705 944 3776 ruptibile,et
979 3706 1280 3776 ingratum,
1309 3714 1479 3776 atque
1520 3706 1736 3772 inutile,
1771 3722 1880 3761 non
1917 3709 2097 3763 solum
2135 3723 2163 3762 a

576 3807 756 3854 morte
787 3805 844 3854 et
881 3799 1151 3854 servitute
1197 3797 1476 3854 diabolica
1525 3799 1815 3869 eripuerit,
1853 3799 1950 3854 sed
1996 3800 2160 3855 etiam

575 3891 894 3947 libertatem
927 3891 1009 3946 illi
1044 3891 1281 3963 largitus
1313 3883 1499 3952 sit.'ut
1532 3907 1642 3946 non
1675 3893 1857 3947 solum
1883 3908 1988 3947 nos
2029 3893 2165 3947 libe-

576 3997 672 4036 ros
702 3983 1081 4046 constituerit,
1111 3983 1206 4039 sed
1240 3983 1294 4037 in
1327 3983 1468 4038 illius
1508 4000 1737 4055 quoque
1771 3983 2124 4054 adoptaverit
2146 3995 2184 4036 ι’

575 4090 757 4145 neque
796 4075 977 4128 solum
1004 4074 1266 4130 tribuerit
1307 4075 1626 4145 adoptionis
1663 4076 1772 4149 24
1801 4093 2028 4142 munus,
2069 4093 2160 4132 ve-

575 4182 697 4221 rum
723 4167 892 4222 etiam
938 4182 1202 4238 sponsam
1231 4177 1286 4223 et
1323 4169 1539 4224 vocarit
1579 4177 1637 4225 et
1681 4170 1894 4232 fecerit,
1933 4169 2159 4225 eodem-

571 4276 684 4332 que
725 4260 890 4316 modo
915 4276 1025 4330 quo
1053 4276 1299 4330 sponsus
1335 4277 1461 4316 cum
1501 4278 1565 4317 ea
1596 4262 1884 4316 connubio
1927 4261 2160 4329 junctus

571 4352 763 4418 fuerit,
789 4366 956 4425 atque
979 4353 1410 4411 innumerabilia
1436 4355 1582 4409 dona
1607 4355 1894 4427 sponsalia
1921 4354 2159 4419 dederit,

568 4451 627 4500 et
655 4445 863 4510 cubile,
901 4452 959 4500 et
995 4445 1302 4500 thalamum
1350 4445 1662 4509 adornarit,
1720 4453 1778 4499 et
1809 4445 2019 4500 nudam
2069 4446 2159 4500 in-

2274 1964 2586 2035 διαγράφει,
2617 1965 2714 2017 καλ⁸
2760 1963 2852 2017 τὸν
2885 1963 3014 2032 περὶ
3042 1962 3141 2030 τὴν
3171 1960 3392 2029 νύμφην
3433 1958 3612 2029 ἔρωτα
3643 1956 3870 2025 διαγρά-

2275 2073 2456 2126 φεται.
2495 2074 2512 2106 ι
2559 2054 2800 2125 Νύμφην
2835 2072 2853 2104 ι
2882 2053 2940 2106 δὲ
2974 2051 3373 2123 προσαγορεύει
3399 2051 3528 2112 τοὺς
3549 2049 3606 2101 ἐν
3637 2047 3868 2110 ἐκείνοις

2273 2153 2385 2213 τοῖς
2434 2148 2642 2220 ᾇσμασι
2704 2150 2804 2218 τῆς
2858 2145 3240 2215 αἰχμαλωσίας
3297 2140 3739 2209 ἀπαλλαγέντας,
3769 2137 3869 2193 καὶ

2273 2241 2372 2312 τῆς
2425 2240 2741 2310 ἐλευθερίας
2780 2237 3169 2308 τετυχηκότας,
3203 2235 3296 2289 κα¹ι
3335 2231 3867 2305 προσοικειωθέντας

2273 2334 2350 2405 τῷ
2386 2333 2614 2404 βασιλεῖ,
2646 2333 2739 2387 καὶ
2769 2333 3000 2402 άληστον
3025 2330 3134 2384 τῶν
3161 2329 3492 2398 εὐεργεσιῶν
3515 2327 3612 2398 τὴν
3645 2327 3870 2395 μνήμην

2274 2427 2596 2498 ἐσχηκότας,
2634 2425 2726 2477 καὶ
2751 2423 2950 2495 πολλὴν
2975 2423 3104 2493 περὶ
3150 2421 3314 2474 αὐτὸν
3344 2420 3557 2473 εὔνοιαν
3577 2418 3674 2471 καὶ
3704 2433 3869 2486 στορ-

2272 2518 2376 2589 γὴν
2408 2517 2908 2587 ἐπιδεικνυμένους,
2949 2516 3040 2568 καὶ
3078 2513 3344 2584 διηνεκῶς
3373 2510 3522 2580 αύτῷ
3543 2509 3868 2579 ἑπομένους·

2274 2606 2414 2676 εἶτα,
2442 2609 2550 2661 τῶν
2586 2609 2697 2662 ἀνω
2728 2607 3012 2678 δυνάμεων
3049 2601 3633 2674 πυνθανομένων,‹Τίς
3660 2603 3805 2652 ἐστιν
3839 2601 3871 2650 ὁ

2276 2701 2530 2772 βασιλεὺς
2562 2699 2720 2770 δόξης
2755 2700 2809 2764 ⁹;
2848 2717 2865 2749 ι
2898 2700 3137 2750 συνεῖναι
3175 2694 3578 2766 ίμειρομένους,
3617 2692 3712 2744 καὶ
3744 2689 3868 2742 οὐδὲ

2275 2794 2414 2865 πρὸς
2442 2793 2617 2862 βραχὺ
2649 2791 2838 2862 μόριον
2871 2789 3084 2860 ἡμέρας
3112 2787 3450 2859 χωρισθῆναι
3496 2784 3592 2838 τοῦ
3625 2783 3867 2837 σεσωκό-

2273 2903 2364 2948 τος
2395 2883 2778 2952 ἀνεχομένους.
2809 2881 3015 2935 Τούτου
3055 2881 3210 2951 χάριν
3243 2875 3431 2950 τᾼσμα
3460 2877 3572 2930 τῶν
3603 2877 3645 2907 ³ο
3675 2877 3863 2946 ᾀσμά-

2272 2992 2382 3028 των
2407 2977 2652 3028 καλεῖται
2675 2972 2837 3026 τοῦτο
2871 2971 2932 3024 τὸ
2972 2970 3199 3041 βιϐλίον,
3249 2967 3611 3038 σημαίνοντος
3648 2964 3743 3017 τοῦ
3774 2964 3861 3016 10'-

2272 3083 2393 3136 γου,
2433 3065 2508 3129 ὼς
2536 3066 2720 3118 ἐκεῖνα
2759 3063 2828 3116 τά
2854 3063 3074 3133 ᾄσματα
3106 3060 3194 3114 διὰ
3228 3057 3386 3112 τοῦτο
3427 3058 3488 3110 τὸ
3512 3053 3672 3128 ’ᾆσμα
3710 3055 3848 3122 γεγὲ

2270 3176 2452 3228 νηται,
2487 3159 2710 3212 κάκεῖνα
2731 3157 2870 3225 πρὸς
2897 3153 3056 3207 τοῦτο
3088 3151 3213 3220 ἄγει
3248 3151 3313 3204 ¹¹.
3350 3169 3368 3201 ι
3400 3149 3572 3203 Τοῦτο
3598 3147 3708 3217 γάρ
3746 3147 3867 3198 ἐστι

2269 3253 2330 3306 τὸ
2351 3250 2646 3321 κεφάλαιον
2668 3247 2778 3301 τῶν
2802 3244 3046 3315 ἀγαθῶν,
3075 3245 3169 3298 καὶ
3199 3245 3241 3274 ¹²
3273 3241 3421 3305 θείας
3455 3238 3867 3310 φιλανθρωπίας

2268 3342 2297 3393 ὁ
2320 3337 2587 3408 κολοφὼν,
2614 3339 2647 3408 ἡ
2675 3337 2916 3409 ἀρρητος
2943 3332 3240 3402 άγαθότης,
3272 3334 3300 3384 ὁ
3344 3331 3656 3402 ἀμέτρητος
3689 3327 3868 3390 ἔλεος,

2267 3431 2296 3483 ό
2321 3430 2672 3500 ἀστάθμητος
2702 3423 2905 3490 οἶκτος,
2939 3426 2972 3495 ἡ
3010 3424 3288 3495 ἄφραστος
3327 3423 3541 3492 ἀγάπη,
3578 3420 3638 3473 τὸ
3670 3421 3857 3489 ἀνέχε-

2269 3522 2394 3576 σθαι
2417 3523 2510 3574 τὸν
2537 3519 2789 3588 ποιητὴν,
2818 3517 2914 3571 καὶ
2952 3516 3220 3586 πλάστην,
3253 3515 3348 3568 καὶ
3377 3511 3731 3583 δημιουργὸν,
3766 3511 3866 3564 καὶ

2267 3609 2495 3680 Κύριον,
2525 3611 2618 3661 καὶ
2657 3606 2814 3673 Θεὸν,
2846 3605 2942 3659 καὶ
2985 3606 3283 3673 Δεσπότην,
3330 3603 3424 3656 καὶ
3471 3604 3558 3656 ἀεὶ
3597 3601 3867 3664 ὡσαύτως

2267 3699 2478 3770 ἔχοντα,
2513 3699 2576 3751 τὸ
2614 3697 2841 3768 πήλινον
2879 3697 2923 3728 ¹³
2946 3695 3107 3749 τοῦτο
3133 3694 3292 3759 ζῶον,
3323 3694 3420 3747 καὶ
3463 3693 3730 3763 παθητὸν,
3756 3691 3859 3744 καὶ

2267 3792 2530 3864 φθαρτὸν,
2551 3791 2644 3844 καὶ
2665 3791 2945 3860 ἀγνῶμον,
2964 3789 3059 3842 καὶ
3077 3789 3374 3860 ἄχρηστον,
3405 3785 3479 3857 μὴ
3506 3787 3665 3856 μόνον
3685 3785 3861 3838 ἀπαλο

2265 3887 2425 3951 λάξαι
2457 3886 2712 3949 θανάτου,
2750 3885 2844 3937 καὶ
2882 3883 3198 3952 διαδολικῆς
3223 3880 3565 3952 τυραννίδος,
3600 3877 3736 3930 ἀλλά
3766 3879 3862 3930 καὶ

2265 3976 2579 4047 ἐλευθερίαν
2617 3975 2989 4046 δωρήσασθαι,
3048 3974 3142 4026 καὶ
3187 3971 3262 4043 μὴ
3325 3970 3484 4040 μόνον
3543 3969 3866 4040 ἐλευθέρους

2265 4068 2566 4138 ἀποφῆναι,
2607 4066 2742 4122 ἀλλά
2769 4067 2861 4119 καὶ
2895 4067 3043 4128 υἱοὺς
3077 4064 3419 4134 καταστῆσαι
3446 4062 3508 4094 ³⁵·
3541 4063 3636 4115 καὶ
3661 4061 3735 4131 μὴ
3766 4061 3859 4128 μό.

2263 4178 2356 4214 νον
2395 4163 2495 4232 τῆς
2524 4159 2800 4222 υἱοθεσίας
2859 4157 3212 4228 δωρήσασθαι
3249 4155 3516 4226 χάρισμα,
3579 4153 3716 4206 ἀλλά
3763 4152 3865 4204 καὶ

2263 4253 2487 4324 νύμφην
2519 4250 2962 4321 προσαγορεῦσαί
3001 4265 3061 4301 τε
3091 4249 3187 4300 καὶ
3213 4248 3461 4318 ποιῆσαι,
3513 4247 3607 4300 καὶ
3637 4245 3866 4316 νυμφίῳ

2265 4344 2670 4418 παραπλησίως
2713 4340 3156 4412 συναρμοσθῆναι
3196 4341 3357 4409 αὐτῇ,
3389 4339 3481 4393 καὶ
3519 4338 3644 4391 ἕδνα
3688 4337 3865 4407 μυρία

2265 4440 2678 4512 προσενεγκεῖν,
2707 4435 2802 4488 καὶ
2834 4433 3101 4503 νυμφῶνα
3157 4434 3252 4486 καὶ
3279 4433 3517 4503 θάλαμον
3555 4447 3864 4502 προευτρε-
3962 4481 3969 4485 _

570 4536 780 4601 (luerit,
809 4543 866 4591 et
908 4536 1152 4608 denique
1184 4536 1367 4593 factus
1395 4538 1516 4608 ipse
1549 4537 1622 4592 sit
1664 4551 1888 4606 sponsae
1917 4544 1972 4591 et
2017 4536 2157 4589 ami-

2272 4533 2449 4586 πίσαιο
2488 4530 2582 4582 καὶ
2621 4525 2838 4597 γυμνὴν
2891 4520 3058 4577 οὖσαν
3112 4525 3410 4594 ἀμφιάσαι,
3463 4523 3555 4577 καὶ
3600 4521 3866 4592 γενέσθαι

568 4636 715 4690 ctus,
749 4638 804 4684 et
826 4629 1006 4692 cibus,
1033 4638 1090 4685 et
1121 4637 1310 4702 potus,
1338 4639 1392 4685 et
1422 4629 1536 4695 via,
1573 4637 1628 4683 et
1658 4639 1900 4691 scutum,
1934 4635 1989 4682 et
2018 4627 2154 4688 vita,

567 4727 623 4775 et
649 4718 766 4785 lux,
803 4727 857 4777 et
895 4723 1256 4778 resurrectio.
1294 4719 1402 4776 Sed
1440 4735 1544 4790 ego
1575 4733 1823 4783 arenam,
1871 4728 1920 4773 el
1958 4718 2160 4787 pluviae

566 4819 754 4881 guttas
786 4829 1118 4869 enumerare
1151 4813 1461 4874 contendo,
1489 4818 1546 4866 et
1577 4809 1780 4881 cyatho
1804 4824 1957 4864 mare
1982 4808 2159 4863 dime-

567 4905 683 4969 tiri,
725 4905 821 4974 qui
857 4904 1062 4960 divinze
1090 4903 1462 4960 humanitatis
1495 4900 1938 4971 magnitudinem
1970 4900 2157 4955 verbis

563 5010 739 5050 conor
765 4996 1070 5065 explicare.
1103 4995 1403 5049 Canticum
1454 4994 1624 5064 igitur
1659 4992 2010 5047 canticorum
2063 4992 2156 5046 hic

566 5085 705 5141 liber
741 5085 1094 5150 inscribitur,
1142 5093 1440 5156 prepterea
1477 5083 1624 5154 quod
1659 5083 1874 5154 majora
1911 5083 2004 5138 Dei
2048 5084 2153 5138 bo-

566 5174 760 5232 nitatis
810 5188 1015 5244 genera
1067 5189 1172 5228 nos
1218 5172 1414 5228 edocet
1442 5181 1498 5228 et
1557 5174 1798 5228 maxime
1866 5171 2150 5228 recondita

2267 4626 2406 4694 αὐτῇ
2437 4620 2804 4690 περιϐόλαιον,
2852 4617 2945 4670 καὶ
2977 4615 3200 4687 τροφὴν,
3246 4617 3340 4669 καὶ⁵
3377 4615 3547 4684 πόμα,
3589 4614 3682 4666 καὶ
3713 4613 3860 4675 ὁδὸν,

2267 4716 2364 4769 καὶ
2390 4712 2602 4782 θυρεὸν,
2628 4709 2720 4762 καὶ
2753 4707 2921 4778 ζωὴν,
2958 4707 3052 4760 καὶ
3074 4707 3209 4775 φῶς,
3232 4708 3327 4761 καὶ
3357 4706 3670 4759 ἀνάστασιν.
3692 4703 3864 4757 Ἀλλὰ

2267 4806 2378 4876 γάρ
2409 4800 2698 4874 φιλονεικῶ
2725 4799 2955 4870 ψάμμον
2989 4797 3266 4868 ἀριθμεῖν,
3297 4797 3330 4867 ἢ
3361 4794 3519 4848 ύετοῦ
3561 4793 3860 4861 σταγόνας,

2267 4899 2300 4969 ἢ
2331 4897 2428 4968 τὴν
2457 4895 2730 4948 θάλασσαν
2765 4891 2951 4960 κυάθῳ
2979 4890 3023 4922 ¹⁸
3066 4893 3306 4962 μετρετν,
3338 4891 3438 4960 τῆς
3474 4887 3627 4950 θείας
3660 4886 3858 4955 φιλαν-

2266 4987 2516 5060 θρωπίας
2546 4987 2831 5056 ἐφικέσθαι
2875 4984 3020 5054 λόγῳ
3047 4981 3285 5054 τολμῶν.
3319 4981 3417 5034 Διά
3459 4979 3620 5034 τοῦτο
3671 4980 3859 5033 τοίνυν

2262 5071 2456 5148 *ᾼσμα
2485 5073 2594 5127 τῶν
2649 5074 2692 5105 ¹⁶
2727 5073 2993 5145 ᾀσμάτων
3027 5071 3494 5142 προσαγορεύεται
3517 5070 3580 5124 τὸ
3622 5069 3850 5140 βιϐλίον,

2259 5169 2336 5232 ὡς
2359 5167 2426 5224 τὰ
2469 5167 2638 5239 μείζω
2666 5165 2760 5221 τοῦ
2802 5168 2843 5198 "
2895 5162 3032 5218 Θεοῦ
3077 5163 3412 5236 άγαθότητος
3445 5164 3558 5237 εἴδη
3599 5163 3856 5218 διδάσκον

639 5391 662 5421 ο
703 5380 849 5437 l‘sal.
885 5381 1110 5447 ar.vr,2,
1145 5382 1200 5436 3.
1283 5381 1301 5418 ί
1340 5379 1485 5436 Psal.
1523 5395 1668 5446 aus,
1699 5383 1766 5445 4,
1804 5381 1855 5433 ὅ.
1941 5384 1966 5420 8
2000 5379 2144 5434 Psal.

2277 5394 2338 5447 ιι,
2381 5378 2433 5445 7,
2472 5379 2527 5433 8.

1859 5557 2094 5612 VARIJE
2130 5557 2534 5614 LECTIONES.

1120 5684 1306 5740 praem.
1339 5670 1452 5724 καί.
1487 5669 1636 5726 conl‘.
1660 5680 1699 5725 t.
1732 5669 1772 5733 l,
1805 5685 1858 5739 p.
1900 5669 2026 5724 889.

1570 5741 1612 5772 "
1637 5742 1760 5796 cod.
1798 5741 2008 5810 πήλιον.

637 5671 660 5704 ⁸
682 5670 933 5724 ἐντεινον.
962 5669 1088 5724 cod.

566 5742 692 5797 cod.
721 5741 888 5807 λέγει.
969 5743 1012 5773 "
1041 5739 1153 5795 καί.
1183 5739 1308 5796 cod.
1341 5740 1462 5809 τῆς.

2126 5671 2146 5700 ’
2184 5670 2358 5739 δόξης.
2397 5671 2520 5724 cod.
2548 5684 2736 5739 praem.
2762 5670 2880 5738 τῆς.

2111 5741 2153 5774 ³³
2181 5737 2343 5820 καὶ-ὲ
2366 5737 2704 5812 καταστῆσαι
2741 5737 2860 5798 deS.
2905 5739 2958 5795 in
3025 5739 3148 5795 cod.
3217 5740 3260 5772 ⁸⁵
3288 5738 3514 5814 ψάμμον
3537 5769 3604 5779 -—-
3635 5737 3844 5808 κυάθῳ,

2953 5668 3127 5722 ὀτῶν
3187 5669 3342 5723 abest
3370 5666 3545 5722 acod.
3625 5667 3662 5698 ¹¹
3698 5667 3845 5734 ἄγει.

573 5811 691 5867 des.
725 5813 780 5867 in
809 5813 931 5870 cod.
1013 5813 1054 5845 ¹⁶
1087 5813 1193 5868 τῶν
1219 5813 1336 5870 des.
1370 5811 1500 5868 ibid.
1567 5813 1605 5843 '7
1641 5812 1751 5867 τοῦ.
1787 5811 1908 5866 cod.
1939 5827 2122 5881 prem.
2153 5811 2270 5880 τῆς.
