4088 6420
517 351 588 418 55
1550 339 2040 406 THEODORETI
2067 339 2406 426 EPISCQPI
2433 343 2799 412 CYRENSIS
3721 352 3792 418 56

519 465 797 522 tecturum
818 473 964 516 esse.
981 457 1182 515 Nescio
1202 469 1302 511 cur
1324 451 1567 518 diﬁ‘erat,
1589 468 1690 506 cur
1714 466 1800 506 me
1823 447 2100 503 desiderio

2212 450 2566 508 ἐπιτελέσειν.
2609 453 2728 510 Οὐκ
2757 451 2874 510 οῖδα
2899 455 2957 511 δὲ
2978 457 3096 516 ἀνθ’
3131 452 3192 516 οῦ
3213 459 3260 498 ’⁸
3312 458 3522 532 μέλλει,
3554 461 3650 516 καί
3692 479 3792 516 πε-

520 555 806 612 arlentem
826 550 1124 620 despiciat.
1143 547 1290 602 Dixit
1305 545 1439 600 mihi
1460 560 1554 615 per
1569 542 1798 597 Oscam:
1819 558 1838 590 ι
1862 538 2101 610 Despon-

522 648 658 704 sgbo
695 653 751 700 te
783 642 918 699 mihi
947 643 1000 697 in
1033 639 1266 712 justitia,
1296 643 1352 692 et
1381 635 1436 690 in
1460 633 1693 703 judicio,
1717 639 1771 687 et
1796 633 1852 687 in
1878 631 2101 686 miseri-

521 737 735 798 cordia,
759 742 816 790 et
848 735 904 788 in
938 727 1391 787 miserationibus
1413 745 1426 777 :
1449 733 1503 782 et
1520 723 1870 794 desponsabo
1893 731 1944 777 te
1966 722 2102 776 mihi

524 831 583 882 in
610 827 740 892 tide,
775 834 830 882 et
866 836 1167 896 cognosces
1197 817 1492 875 Dominum
1522 827 1570 873 ι.
1613 834 1632 867 ι
1664 815 1811 870 Dixit
1843 813 1981 869 mihi
2007 829 2105 885 per

528 918 726 975 Isaiam
753 934 768 970 :
809 935 827 969 ε
858 914 1093 981 Latare,
1114 911 1340 974 sterilis,
1372 924 1496 982 quae
1525 923 1636 964 non
1668 909 1839 980 paris,
1873 920 2105 975 erumpe

524 1016 581 1072 et
617 1009 817 1071 clama,
860 1018 985 1075 quae
1023 1017 1134 1058 non
1167 1000 1414 1072 parturis
1440 1020 1454 1056 :
1483 1000 1750 1071 quoniam
1789 998 1975 1069 plures
2008 994 2104 1050 lilii

524 1100 779 1162 desertae,
807 1109 973 1166 quam
1002 1094 1148 1164 ejus,
1171 1108 1295 1165 qua:
1319 1093 1484 1149 habet
1506 1093 1684 1147 virum
1713 1091 1762 1144 ι.
1791 1109 1810 1142 ι
1834 1089 2106 1160 Exspecto

528 1205 629 1261 per
663 1187 913 1258 singulos
930 1185 1050 1242 dies
1067 1185 1392 1242 desiderans
1420 1192 1480 1238 ut
1510 1184 1642 1238 mihi
1678 1182 1945 1253 promissa
1975 1197 2104 1254 per-

526 1282 836 1340 solvantur.
894 1279 1022 1335 Haec
1092 1280 1292 1344 innuit,
1326 1279 1558 1336 dicens:
1601 1296 1620 1332 ι
1677 1276 1974 1333 Oseuletur
2019 1290 2108 1334 me

523 1373 735 1431 osculis
771 1373 888 1429 oris
921 1373 1027 1429 sui.
1056 1391 1076 1426 ›
1110 1376 1189 1428 Ac
1213 1387 1281 1427 ne
1311 1387 1373 1428 ex
1416 1387 1581 1428 sensu
1608 1381 1799 1426 nostro
1832 1369 2104 1440 interpre-

523 1476 726 1533 temur,
753 1481 948 1522 eorum
975 1481 1097 1536 qua:
1125 1464 1270 1518 dicta
1297 1473 1425 1521 sunt
1453 1473 1644 1518 testem
1680 1461 1907 1518 Paulum
1935 1458 2108 1520 addu-

523 1572 738 1614 camus.
764 1556 864 1612 Hic
891 1556 959 1612 ad
986 1557 1246 1613 llebraeos
1281 1556 1554 1620 scribens,
1586 1562 1640 1612 et
1667 1553 1734 1610 de
1763 1553 1868 1610 lide
1894 1567 2105 1620 sermo:

523 1664 649 1705 nem
708 1648 1023 1706 institutum
1073 1662 1454 1719 prosequens,
1502 1645 1618 1701 haec
1674 1643 1743 1701 de
1792 1643 2108 1700 Abrahamo

523 1742 773 1814 loquitur
805 1760 819 1798 :
862 1761 882 1794 ι
921 1739 1053 1796 Fide
1081 1749 1458 1796 commoratus
1490 1747 1573 1796 est
1604 1739 1659 1794 in
1690 1745 1836 1793 terra
1871 1738 2108 1809 prornis—

2209 544 2369 614 ριορᾷ
2412 561 2479 614 με
2503 545 2796 602 ποθοῦσαν.
2836 544 2972 602 Εἰπέ
3008 566 3100 620 μοι
3123 548 3214 605 διὰ
3248 549 3425 622 Ὦσηέ⁹
3463 571 3481 604 ι
3512 554 3622 608 Kal.
3653 572 3792 630 μνη·-

2207 633 2508 705 στεύσομαί
2533 638 2580 669 “
2617 653 2675 691 σε
2708 639 2767 692 ἐν
2795 637 3130 711 δικαιοσύνῃ,
3165 640 3260 694 καί⁸
3306 643 3366 694 ἐν
3397 642 3649 714 κρίματι,
3698 645 3792 698 καὶ

2202 727 2262 780 ἐν
2298 727 2461 792 ἐλέει,
2497 729 2593 783 καὶ
2621 732 2682 783 ἐν
2706 731 3032 801 οἰκτιρμοῖς,
3066 731 3160 783 καὶ
3192 731 3602 804 μνηστεύσομαί
3630 751 3689 787 σε
3731 736 3791 788 ἐν

2204 820 2412 884 πίστει,
2451 811 2549 876 καὶ
2577 819 2862 894 ἐπιγνώσῃ
2885 823 2978 876 τὸν
3020 821 3246 892 Κύριον.
3285 841 3304 875 ›
3339 819 3474 878 Εἰπέ
3510 842 3601 896 μοι
3633 826 3722 881 διὰ
3741 826 3790 859 ’⁸

2215 914 2462 968 Ἡσαΐου⁹
2497 934 2516 970 ι
2541 914 2918 986 Εὐφράνθητι,
2947 917 3137 987 στεῖρα
3161 917 3194 986 ἡ
3216 916 3279 969 οὐ
3302 917 3585 984 τίκτουσα,
3624 919 3791 989 ῥῆξον

2203 1005 2301 1064 καὶ
2328 1006 2545 1078 βόησον,
2580 1008 2613 1078 ἡ
2644 1009 2744 1062 οὐκ
2766 1008 3050 1073 ὠδίνουσα,
3081 1009 3162 1063 ὅτι
3198 1008 3368 1062 πολλά
3398 1008 3469 1062 τά
3506 1010 3670 1065 τέκνα
3689 1011 3790 1081 τῆς

2204 1100 2412 1172 ἐρήμου
2446 1101 2646 1170 μᾶλλον
2674 1103 2708 1173 ἢ
2741 1103 2841 1172 τῆς
2875 1102 3109 1173 ἐχούσης
3145 1101 3238 1155 τὸν
3263 1101 3451 1172 ἀνδραο
3490 1121 3508 1154 ι
3553 1104 3647 1158 καὶ
3667 1103 3792 1156 ἀνα-

2208 1193 2356 1264 μένω
2413 1194 2538 1249 καθ’
2595 1195 2834 1264 ἑκάστην
2874 1193 3091 1265 ἡμέραν
3130 1196 3312 1265 τυχεῖν
3370 1195 3631 1264 ἐφιεμένῃ
3680 1194 3792 1248 τῶν

2207 1285 2558 1356 ὑποσχέσεων
2573 1287 2639 1340 ³⁸.
2664 1285 2852 1341 Ταῦτα
2870 1286 3167 1342 αἰνίττεται
3185 1286 3438 1355 λέγουσα·
3462 1306 3480 1337 ι
3503 1285 3792 1355 1φιλησόιτω

2209 1395 2278 1450 με
2304 1378 2416 1433 ἀπὸ
2441 1378 2763 1448 φιλημάτων
2795 1378 3064 1448 στόματος
3109 1378 3273 1432 αὐτοῦ
3295 1379 3362 1432 ’⁷.
3397 1397 3416 1429 ι
3454 1378 3565 1430 Καὶ
3594 1378 3683 1432 ῐνα
3712 1377 3789 1448 μὴ

2205 1471 2595 1538 ἀποφαπικῶς
2651 1471 2696 1504 ⁸³
2727 1470 3177 1541 ἐρμηνεύσωμεν,
3232 1469 3367 1540 φέρε
3397 1469 3650 1540 μάρτυρα
3681 1469 3792 1521 τῶν

2207 1560 2514 1631 εἰρημένων
2545 1558 2637 1614 τὸν
2663 1560 2935 1632 μακάριον
2976 1559 3297 1629 καλέσωμεν
3345 1557 3577 1612 Παῦλον.
3619 1549 3792 1620 Οὗτος

2219 1649 2495 1721 Ἑϐραίοις
2510 1651 2761 1723 γράφων,
2779 1650 2873 1706 καὶ
2894 1652 3024 1721 περὶ
3052 1651 3097 1683 ²⁹
3119 1651 3354 1712 πίστεως
3376 1648 3535 1717 λόγον
3555 1645 3790 1712 διεξιὼν,

2209 1741 2440 1798 τοιαῦτά
2469 1759 2604 1813 φησι
2632 1742 2765 1814 περί
2788 1741 2884 1796 τοῦ
2923 1741 3200 1814 ’Δῦραάμ·
3239 1760 3257 1794 ι
3291 1741 3482 1795 Πίστει
3527 1739 3792 1810 παρῴκη-

523 1833 726 1896 sionis,
753 1840 1014 1902 tanquam
1041 1831 1092 1886 in
1122 1830 1324 1895 aliena,
1358 1830 1412 1884 in
1439 1828 1672 1900 tuguriis
1701 1826 1955 1882 habitans
1979 1841 2104 1881 cum

2213 1852 2304 1890 σεν
2351 1837 2430 1898 εἰς
2461 1836 2564 1908 τὴν
2595 1835 2702 1906 γῆν
2756 1835 2857 1906 τῆς
2906 1833 3232 1904 ἐπαγγελίας
3270 1833 3346 1896 ὡς
3389 1832 3697 1905 ἀλλοτρίαν,
3731 1832 3794 1885 ἐν

523 1923 719 1982 lsaaco
752 1931 808 1980 et
837 1921 1068 1987 Jacobo,
1103 1921 1486 1978 cobaeredibus
1532 1917 1917 1990 promissionis
1956 1917 2108 1988 ejus-

523 2015 672 2073 dem.
707 2014 1074 2085 Exspeetabat
1104 2013 1248 2077 enim
1282 2012 1640 2067 fundamenta
1690 2009 1980 2066 habentem
2024 2009 2105 2068 ei-

523 2108 774 2172 vitatem,
798 2106 958 2176 cujus
991 2105 1187 2160 artifex
1216 2115 1271 2161 et
1318 2103 1573 2158 conditor
1616 2110 1704 2157 est
1735 2101 1875 2157 Deus
1904 2099 1947 2157 ι.
1989 2121 2008 2153 ι
2043 2099 2108 2156 Et

525 2207 651 2270 post
684 2212 902 2269 pauca:
953 2215 972 2254 ι
1026 2195 1190 2252 Juxta
1241 2195 1400 2250 ﬁdem
1452 2193 1699 2250 defuncti
1751 2201 1882 2248 sunt
1915 2207 2106 2249 omnes

525 2290 627 2355 illi,
655 2305 764 2345 non
795 2289 1036 2358 acceptis
1064 2285 1551 2360 promissionibus,
1585 2284 1678 2342 sed
1721 2283 1882 2354 quasi
1913 2298 1942 2340 e
1988 2283 2107 2340 lon-

523 2383 728 2453 ginquo
751 2396 847 2437 eas
875 2380 1144 2445 videntes,
1169 2386 1224 2432 et
1248 2378 1581 2442 salutantes,
1606 2383 1660 2431 et
1692 2376 2016 2430 conﬁtentes
2047 2388 2108 2430 se

525 2472 847 2544 peregrinos
872 2479 926 2530 et
962 2470 1204 2540 hospites
1224 2484 1346 2526 esse
1378 2483 1544 2539 super
1575 2474 1804 2523 terram.
1830 2465 1933 2532 Qui
1961 2467 2107 2526 enim

526 2565 645 2624 haec
674 2563 888 2628 dicunt,
927 2561 1240 2633 significant
1280 2575 1340 2616 se
1374 2559 1610 2630 patriam
1638 2573 1908 2630 quaerere.
1950 2557 2016 2612 Et
2059 2557 2108 2620 si

524 2657 746 2728 quidem
794 2653 970 2726 ipsius
1015 2652 1416 2718 meminissent,
1451 2650 1558 2722 27
1585 2650 1653 2705 de
1696 2666 1805 2723 qua
1832 2651 2107 2717 exierunt,

527 2749 795 2810 baberent
838 2749 1031 2819 utique
1082 2759 1298 2820 tempus
1338 2749 1667 2805 revertendi.
1735 2747 1893 2806 Nunc
1923 2757 2104 2806 autem

529 2838 812 2894 meliorem
843 2835 1206 2910 appetunt,"id
1236 2848 1340 2904 est,
1374 2842 1676 2895 cmiestem.
1711 2838 1839 2900 Ideo
1869 2855 1978 2896 non
2007 2857 2108 2911 pu-

527 2928 650 2994 duit
681 2927 849 2984 Deum
889 2929 1074 2983 vocari
1111 2926 1254 2983 Deus
1287 2943 1516 2982 eorum:
1556 2929 1769 2999 paravit
1809 2927 1952 2986 enim
1997 2928 2107 2990 illis

528 3019 806 3082 civitatem
829 3029 890 3073 ".
942 3019 1006 3074 Iit
1047 3019 1116 3076 de
1156 3035 1356 3089 magno
1408 3019 1588 3084 Mose,
1635 3039 1654 3074 ι
1711 3018 1884 3092 Magis
1922 3021 2104 3092 elegit.

2213 1931 2440 1999 σκηναῖς
2474 1929 2811 1998 κατοικήσας
2847 1925 2987 1997 μετά
3051 1925 3236 1980 Ἰσαὰκ
3275 1926 3371 1978 καὶ
3412 1923 3630 1985 Ἰακὼϐ,
3682 1921 3794 1977 τῶν

2214 2020 2676 2090 συγκληρονόμων
2690 2019 2790 2088 τῆς
2817 2016 3152 2086 ἐπαγγελίας
3179 2016 3276 2086 τῆς
3292 2014 3480 2085 αὐτῆς·
3519 2012 3794 2082 ἐξεδέχετο

2211 2110 2323 2182 γὰρ
2349 2109 2448 2181 τὴν
2471 2108 2600 2172 τοὺς
2652 2107 2936 2178 θεμελίους
2979 2107 3206 2178 ἔχουσαν
3234 2106 3409 2171 πόλιν,
3438 2099 3506 2176 ἧς
3538 2103 3794 2174 τεχνίτης

2213 2203 2308 2256 καὶ
2330 2200 2664 2272 δημιουργὸς
2685 2202 2714 2254 ὁ
2739 2199 2892 2264 Θεόςο
2935 2218 2955 2252 ι
2999 2199 3092 2253 καὶ
3147 2197 3282 2268 μετά
3309 2195 3534 2266 βραχέα·
3578 2213 3596 2250 ι
3631 2193 3793 2248 Κατά

2212 2293 2416 2356 πίστιν,
2437 2293 2622 2363 φησὶν,
2642 2291 2912 2346 ἀπέθανον
2927 2285 3070 2345 οὗτοι
3086 2291 3309 2353 πάντες,
3329 2289 3402 2360 μὴ
3417 2286 3669 2350 λαϐόντες
3689 2285 3790 2346 τὰς

2213 2385 2571 2454 ἐπαγγελίας,
2624 2383 2762 2439 ἀλλά
2816 2382 3100 2454 πόρρωθεν
3173 2381 3344 2443 αῦτάς
3397 2379 3629 2442 ἰδόντες,
3691 2374 3792 2429 καὶ

2211 2479 2612 2550 ἀσπασάμενοι,
2637 2477 2735 2530 καὶ
2762 2476 3201 2546 ὁμολογήσαντες
3246 2476 3328 2528 ὅτι
3351 2471 3490 2537 ξένοι
3511 2468 3608 2523 καὶ
3646 2484 3791 2538 παρ-

2212 2570 2471 2642 επίδημοί
2491 2569 2630 2623 εἰσιν
2657 2569 2750 2623 ἐπὶ
2775 2569 2872 2638 τῆς
2900 2567 3022 2637 γῆς·
3055 2567 3105 2620 οἳ
3131 2565 3238 2636 γὰρ
3263 2561 3487 2618 τοιαῦτα
3517 2559 3789 2628 λέγουσιν,

2212 2660 2601 2732 ἐμφανίζουσιν
2642 2659 2724 2713 ὅτι
2763 2657 2998 2729 πατρίδα
3029 2652 3398 2725 ἐπιζητοῦσιν
3451 2649 3548 2705 καὶ
3594 2651 3643 2702 εἰ
3691 2647 3793 2717 μὲν

2212 2752 2429 2821 ἐκείνης
2448 2751 2819 2822 ἐμνημόνευον
2840 2750 2931 2818 ἀφ’
2958 2743 3026 2821 ἦς
3050 2747 3294 2817 ἐξῆλθον,
3330 2741 3474 2814 εἶχον
3505 2741 3572 2796 ἂν
3603 2738 3794 2810 καιρὸν

2211 2843 2555 2913 ἀνακάμψαιο
2587 2840 2684 2896 νῦν
2729 2840 2786 2893 δὲ
2820 2840 3123 2911 κρείττονος
3179 2836 3495 2908 ὀρέγονται,
3546 2830 3792 2886 τουτέστι

2210 2938 2313 3007 τῆς
2339 2935 2685 3007 ἐπουρανίων
2720 2933 2800 2988 διὸ
2837 2933 2930 2986 καὶ
2962 2933 3027 2964 ’⁸⁸
3056 2930 3156 2984 οὐκ
3183 2925 3572 2996 ἐπαισχύνεται
3607 2925 3636 2975 ὁ
3659 2920 3794 2982 Θεὸς

2212 3027 2396 3082 αὐτῶν
2439 3025 2723 3081 καλεῖσθαι
2764 3023 2918 3087 Θεός·
2955 3022 3217 3093 ἡτοίμασε
3247 3018 3357 3089 γὰρ
3391 3017 3574 3078 αὐτοῖς
3613 3013 3789 3067 πόλιν.

530 3111 729 3185 inquit,
784 3109 949 3181 alliigi
991 3125 1117 3166 cum
1168 3112 1371 3183 populo
1422 3111 1538 3180 Dei,
1573 3127 1739 3182 quam
1787 3113 2107 3183 temporalis

2215 3120 2328 3176 Kal.
2354 3121 2482 3191 περὶ
2508 3117 2605 3172 τοῦ
2639 3115 2879 3189 μεγάλου
2905 3113 3148 3176 Μωσέως
3188 3114 3375 3182 φησὶν,
3412 3109 3497 3162 ὅτι
3527 3126 3548 3160 ι
3574 3103 3794 3163 Μᾶλλον

529 3202 743 3270 peccati
794 3200 1000 3257 habere
1054 3200 1498 3272 jucunditatem:
1554 3203 1790 3275 majores
1844 3207 2110 3262 thesauro

529 3291 921 3366 Egyptiorum
958 3294 1288 3349 existimans
1314 3293 1536 3350 divitias
1564 3295 1922 3366 opprobrium
1952 3295 2112 3353 Chri-

529 3381 638 3449 sti;
672 3382 865 3438 oculos
905 3382 1054 3438 enim
1101 3382 1461 3438 convertebat
1489 3383 1544 3438 in
1586 3386 2107 3441 remunerationem.

531 3471 662 3530 Fide
690 3473 915 3546 reliquit
943 3472 1274 3546 Egyptum,
1309 3489 1418 3530 non
1451 3475 1657 3531 veritus
1704 3475 2108 3536 animositatem

532 3565 698 3636 regis.
751 3564 1089 3622 lnvisibilem
1149 3567 1297 3622 enim
1352 3575 1616 3638 tanquam
1669 3567 1866 3624 videns
1938 3569 2110 3624 susti-

531 3659 654 3713 nuit
671 3667 720 3712 ιι.
750 3675 769 3711 ι
800 3656 868 3712 Et
891 3657 960 3714 de
977 3659 1236 3717 omnibus
1267 3660 1430 3714 simul
1463 3660 1697 3725 sanctis,
1726 3661 1820 3734 qui
1849 3661 1904 3715 in
1923 3659 2109 3718 Veteri

531 3748 894 3805 Testamento
926 3749 1174 3806 illustres
1212 3751 1569 3817 exstiterunt,
1621 3752 1737 3808 haec
1771 3753 1943 3811 dicit:
1987 3771 2007 3806 ι
2044 3752 2112 3808 Et

532 3841 589 3896 hi
615 3856 809 3898 omnes
835 3842 1155 3900 testimonio
1186 3843 1312 3898 lidei
1338 3844 1576 3914 probati,
1613 3859 1725 3900 non
1775 3854 2111 3916 acceperunt

531 3935 984 4006 promissionem,
1023 3931 1134 3990 Deo
1169 3949 1270 4005 pro
1299 3935 1462 3991 nobis
1493 3936 1692 3992 melius
1738 3935 1950 4007 aliquid
1985 3952 2111 4006 pro-

529 4025 779 4092 vidente,
816 4033 876 4082 ut
913 4041 1020 4082 non
1071 4027 1191 4083 sine
1233 4027 1394 4083 nobis
1445 4035 1967 4084 consummarentur
1999 4035 2045 4086 °.
2085 4048 2104 4081 ι

530 4115 677 4184 Quin
712 4124 768 4176 et
802 4117 1064 4174 Dominus
1095 4118 1153 4174 in
1182 4118 1358 4175 sacris
1379 4117 1694 4189 Evangeliis
1721 4119 1837 4176 haec
1869 4121 1935 4176 ad
1975 4137 2110 4193 apo-

529 4209 705 4266 stolos
744 4209 855 4264 ait:
897 4227 915 4262 ι
955 4208 1111 4266 Multi
1139 4212 1438 4281 prophetae,
1484 4220 1539 4268 et
1597 4229 1777 4285 reges,
1835 4222 1891 4271 et
1946 4214 2108 4286 justi,

530 4299 827 4370 cupierunt
861 4299 1050 4358 videre
1074 4318 1196 4373 quae
1227 4303 1447 4372 videtis,
1482 4313 1535 4361 et
1566 4322 1674 4362 non
1714 4307 1978 4363 viderunt
2008 4326 2022 4364 :
2055 4316 2111 4366 et

533 4391 728 4448 audire
748 4409 870 4463 quae
902 4395 1129 4461 auditis,
1160 4403 1210 4450 et
1235 4411 1344 4452 non
1369 4398 1688 4454 audierunt.
1713 4397 1894 4454 Vestri
1925 4407 2106 4460 autem

2215 3211 2391 3267 είλετο
2417 3206 2911 3280 συγκακουχεῶθαι
2935 3205 3014 3276 τῷ
3035 3204 3150 3274 λαῷ
3169 3202 3263 3257 τοῦ
3291 3200 3448 3267 Θεοῦ,
3472 3200 3505 3270 ἢ
3527 3199 3795 3270 πρόσκαι-

2219 3319 2312 3374 ρον
2365 3301 2510 3371 ἐχειν
2570 3298 2846 3370 ἁμαρτίας
2891 3295 3188 3350 ἀπόλαυσιν
3211 3311 3225 3325 ·
3292 3290 3514 3362 μείζονα
3565 3287 3796 3343 πλοῦτον

2215 3394 2567 3467 ἡγησάμενος
2597 3391 2705 3446 τῶν
2737 3390 3014 3459 Αἰγύπτου
3049 3384 3339 3458 θησαυρῶν
3376 3384 3466 3437 τὸν
3493 3378 3796 3449 ὀνειδισμὸν

2215 3481 2311 3538 τοῦ
2336 3481 2593 3554 Χριστοῦ·
2629 3479 2904 3548 ἀπέϐλεψε
2942 3477 3053 3547 γὰρ
3081 3477 3161 3539 εἰς
3203 3475 3302 3545 τὴν
3349 3468 3793 3544 μισθαποδοσίαν.

2217 3576 2408 3631 Πίστει
2440 3573 2731 3628 κατέλιπεν
2762 3574 3060 3640 Δίγυπτον,
3105 3569 3180 3640 μὴ
3207 3565 3468 3638 φοόηθείς
3504 3563 3598 3617 τὸν
3624 3559 3796 3629 θυμὸν

2214 3667 2312 3723 τοῦ
2338 3665 2622 3738 βασιλέως·
2661 3664 2755 3717 τὸν
2783 3663 2893 3733 γὰρ
2919 3660 3150 3734 ἀόρατον
3175 3659 3220 3690 ³⁸
3255 3659 3332 3720 ὡς
3383 3653 3526 3726 δρῶν
3567 3650 3796 3720 ἐκαρτέ-

2220 3772 2374 3828 ρησε.
2411 3773 2430 3807 ι
2462 3754 2574 3808 Καὶ⁴
2601 3752 2730 3824 περὶ
2763 3752 2982 3808 πάντων
3011 3749 3069 3802 δὲ
3099 3746 3235 3819 ὁμοῦ
3262 3746 3372 3801 τῶν
3387 3744 3581 3814 ἁγίων,
3603 3740 3713 3828 τῶν
3737 3739 3797 3792 ἐν

2214 3827 2283 3918 τῇ
2317 3844 2529 3916 Παλαιᾷ
2566 3842 2982 3913 διαπρεψάντων
3009 3839 3232 3894 τοιαῦτά
3259 3853 3410 3910 φησιο
3445 3855 3466 3890 ι
3503 3834 3614 3892 Καὶ
3649 3827 3796 3886 οὗτοι

2218 3937 2420 3999 πάντες
2467 3933 2906 4007 μαρτυρηθέντες
2944 3930 3035 3986 διὰ
3065 3932 3163 4000 τῆς
3193 3929 3430 3990 πίστεως
3462 3927 3569 3983 οὐκ
3603 3921 3795 3992 ἐκομί-

2218 4044 2383 4083 σαντο
2414 4027 2515 4097 τὴν
2552 4024 2910 4094 ἐπαγγελίαν,
2935 4022 3032 4076 τοῦ
3069 4021 3205 4076 Θεοῦ
3245 4021 3378 4093 περὶ
3419 4017 3579 4090 ἡμῶν
3609 4016 3795 4085 κρεῖτ-

2215 4119 2311 4176 τόν
2329 4136 2383 4175 τι
2405 4116 2878 4190 προὸλεψαμένου,
2907 4115 2993 4168 ἵνα
3030 4113 3105 4185 μὴ
3124 4113 3294 4184 χωρὶς
3323 4110 3480 4182 ἡμῶν
3494 4105 3797 4164 τελειωθῶ-

2219 4227 2324 4266 σιν.
2359 4228 2378 4261 ι
2419 4208 2530 4264 Καὶ
2576 4207 2781 4280 Κύριος
2819 4207 2862 4238 ³¹
2895 4205 2951 4258 δὲ
2984 4206 3043 4258 ἐν
3078 4206 3191 4267 τοῖς
3244 4204 3411 4274 ἰεροῖς
3440 4196 3798 4269 Εὑαγγελίοις

2217 4301 2443 4358 τοιαῦτα
2475 4300 2611 4372 πρὸς
2647 4301 2774 4361 τοὺς
2815 4297 3148 4360 ἀποστόλους
3173 4295 3327 4367 φησί·
3363 4314 3383 4348 ι
3429 4290 3622 4350 Πολλοὶ
3665 4305 3802 4356 προ-

2219 4395 2408 4462 φῆται,
2431 4391 2526 4442 καί¹
2553 4388 2792 4460 βασιλεῖς
2820 4386 2888 4450 ⁸³,
2914 4386 3011 4439 καὶ
3038 4385 3258 4448 δίκαιοι,
3285 4383 3638 4456 ἐπεθύμησαν
3668 4380 3800 4434 ἰδεῖν

530 4480 677 4536 beati
708 4489 840 4535 sunt
881 4482 1049 4547 oculi,
1099 4483 1226 4552 quia
1274 4484 1499 4540 vident:
1559 4494 1614 4544 et
1657 4499 1823 4540 aures
1885 4493 2107 4546 vestras,

2213 4483 2248 4538 ἃ
2274 4480 2522 4551 βλέπετε.
2557 4479 2649 4532 καὶ
2672 4478 2774 4536 οὐκ
2805 4473 2963 4530 εἷδον’
2990 4478 3086 4533 καὶ
3105 4477 3336 4532 ἀκοῦσαι
3359 4476 3396 4532 ἃ
3425 4473 3676 4539 ἀκούετε,
3703 4472 3801 4526 καὶ

531 4571 665 4642 quia
698 4571 929 4627 audiunt
949 4583 996 4628 ρ.
1041 4593 1060 4626 ι
1091 4571 1311 4630 Etcum
1353 4575 1564 4632 Iudaeis
1610 4576 1928 4646 disputans,
1961 4574 2110 4632 diee-

532 4663 666 4718 bat:
707 4680 728 4716 ι
788 4663 1067 4744 Abraham
1104 4675 1258 4737 pater
1289 4675 1474 4725 vester
1519 4666 1753 4737 cupivit,
1803 4673 1866 4720 ut
1901 4664 2113 4721 videret

531 4753 687 4808 diem
728 4768 948 4810 meum:
985 4757 1160 4822 vidit,
1195 4767 1248 4813 et
1282 4759 1507 4828 gavisus
1558 4763 1664 4812 est.
1707 4772 1727 4806 ι
1784 4753 1851 4808 Ει
1892 4751 2112 4809 Simeon

2210 4575 2312 4628 οὐκ
2346 4573 2606 4642 ἥκουσαν.
2643 4568 2830 4638 ’Υμῶν
2870 4567 2928 4623 δέ
2973 4568 3232 4640 μακάριοι
3276 4570 3326 4622 oi
3365 4565 3655 4638 ὀφθαλμοὶ,
3713 4564 3800 4616 ὅτι

2215 4665 2498 4736 βλέπουσι,
2528 4662 2623 4718 καὶ
2653 4661 2723 4715 τὰ
2755 4653 2868 4716 ὦτα
2891 4662 3044 4733 ὑμῶν
3065 4703 3081 4728 ,
3109 4663 3190 4718 ὃτι
3212 4662 3422 4719 ἀκούει.
3461 4679 3482 4714 a
3523 4660 3634 4714 Kal.
3662 4657 3802 4728 πρὸς

2226 4754 2516 4818 Ἰουδαίους
2550 4753 2607 4808 δὲ
2640 4753 3023 4825 διαλεγόμενος
3059 4755 3266 4826 ἐλεγεψ
3300 4773 3320 4808 ι
3373 4752 3672 4825 ’Δὸραάμδ
3700 4768 3802 4805 πα-

531 4859 703 4902 senex
759 4862 1088 4918 responsum
1148 4859 1438 4922 acceperat
1471 4865 1500 4902 a
1537 4846 1748 4918 Spiritu
1795 4858 2010 4909 sancto,
2056 4859 2107 4906 se

2213 4847 2320 4919 τὴρ
2350 4845 2504 4918 ὑμῶν
2561 4845 2912 4918 ἐπεθύμησεν
2959 4846 3088 4900 ἰδεῖν
3117 4847 3217 4917 τὴν
3263 4846 3480 4917 ἡμέραν
3505 4843 3664 4913 ἐμήν·
3699 4839 3802 4895 καὶ

531 4951 642 4991 non
676 4937 924 4994 visurqu
966 4950 1222 5008 mortem,
1261 4941 1367 4996 nisi
1399 4939 1552 5010 prius
1583 4935 1795 4991 videret
1831 4933 2111 4990 Christum

537 5027 772 5085 Domini.
813 5029 1074 5088 Genitum
1108 5035 1319 5103 itaque,
1367 5039 1422 5086 et
1456 5029 1683 5082 allatum
1741 5025 1811 5079 ad
1846 5025 2112 5094 templum

606 5225 620 5262 ι
663 5212 816 5268 Osee.
861 5226 934 5275 ιι,
966 5209 1064 5270 19,
1098 5207 1190 5260 20.
1271 5205 1296 5243 ιι
1329 5204 1430 5275 lsa_.
1461 5217 1582 5275 inv.
1623 5199 1673 5253 1.

534 5281 773 5350 xm,16,
815 5273 929 5337 17(
981 5277 1190 5332 PJoau.
1227 5289 1322 5328 vm
1351 5309 1365 5334 .
1406 5273 1497 5324 56.

1784 5199 1799 5237 ι
1851 5197 2016 5253 llebr.
2047 5215 2123 5263 xi,
2148 5201 2202 5265 9,
2235 5204 2320 5260 l0.

2220 4935 2362 5004 εἶδε,
2411 4937 2506 4994 καὶ
2545 4938 2738 5010 ἐχάρη.
2790 4957 2809 4990 ι
2859 4937 2971 4993 Καὶ
3012 4936 3252 5008 Συμεὼνσ
3289 4937 3347 4991 δέ
3397 4937 3426 4991 ὀ
3483 4930 3802 5005 πρεσϐύτης

2221 5028 2603 5103 ἐχρηματίσθη
2635 5030 2710 5102 μὴ
2735 5030 2864 5086 ἰδεῖν
2907 5029 3160 5096 θάνατον,
3203 5029 3308 5094 Em;
3346 5029 3414 5084 ἂν
3439 5027 3526 5099 ιδῃ
3551 5026 3643 5080 τὸν
3671 5025 3803 5094 Χρι-

2427 5213 2464 5236 ³
2501 5204 2636 5260 Ibid.
2670 5205 2880 5261 15-16.
2985 5217 3012 5245 ιι
3042 5207 3179 5263 Ibid.
3220 5205 3324 5273 25,
3347 5206 3439 5262 9-6.
3549 5222 3569 5244 ο
3602 5205 3803 5264 Matth.

1790 5446 2026 5504 VARIAE
2064 5447 2467 5505 LECTIONES.

602 5615 651 5650 “
671 5612 765 5690 ob.
786 5615 911 5690 eod.
936 5615 1079 5690 ὅτου.
1145 5613 1192 5645 ’⁸
1220 5612 1344 5669 cod.
1375 5608 1766 5690 gyna‘csﬁopat.
1830 5611 1874 5640 "
1898 5609 2006 5690 διὰ.
2029 5606 2151 5690 cod“.
2177 5608 2296 5690 sfw:
2357 5609 2402 5644 λθ
2433 5607 2554 5690 cod.
2587 5608 2972 5690 προσχέσεωνΖΔ
3015 5609 3060 5641 ³⁷
3092 5608 3284 5690 αὐτ-οῦ.
3316 5608 3371 5662 In
3394 5605 3518 5690 cod.
3549 5606 3806 5690 sequitur

533 5687 806 5755 expositio
834 5681 1299 5755 trittm_Patt'utn._
1380 5682 1426 5712 ’⁸
1460 5680 1594 5755 cod.
1631 5679 2006 5755 drcpfsaangtbc.

2089 5678 2135 5710 ³ο
2166 5678 2313 5749 περί.
2342 5676 2476 5749 cod.
2509 5676 2698 5749 prarin.
2727 5676 2854 5734 τῶν.
2909 5680 2973 5713 ³³⁸
3013 5679 3105 5733 καί
3159 5679 3310 5736 abest
3340 5678 3512 5736 acod.

3603 5675 3648 5710 ⁹⁶
3669 5677 3800 5732 cod.

535 5747 800 5825 ἀοράτως.
860 5754 900 5786 ³¹
936 5753 1162 5821 Κύριος.
1200 5752 1321 5810 cod.
1367 5766 1550 5820 praem.
1575 5753 1621 5804 ὁ.
1700 5750 1743 5783 ³³
1765 5750 1858 5804 καὶ
1890 5747 2127 5818 βασιλεῖς
2150 5747 2303 5803 abest
2338 5747 2375 5802 ι.
2408 5762 2458 5801 c.
