4088 6422
388 354 454 418 ΕΙ
1505 355 1589 421 IN
1628 363 2017 427 CANTICUM
2053 369 2344 432 CANTIC.
2370 374 2515 434 LIB.
2545 374 2592 434 Ι.

3602 382 3674 450 58

392 461 510 517 στὺν
532 459 770 531 Κυρίου.
804 461 1083 534 Τεχθέντα
1105 465 1310 530 τοίνυν,
1342 465 1441 520 καὶ
1464 469 1544 533 είς
1567 469 1660 522 τὸν
1689 471 1815 526 ναὸν
1832 473 1971 526 άνεν·

2104 494 2304 534 manus
2325 480 2380 535 in
2407 495 2539 536 suas
2574 480 2835 552 sumpsit,
2867 490 2922 538 et
2948 481 3130 543 dixit:
3178 504 3197 538 ι
3229 483 3391 542 Nunc
3437 486 3672 547 dimittis

391 554 633 624 τιθέντα,
668 554 970 626 δεξάμενός
999 573 1061 609 τε
1108 558 1171 612 ἑν
1205 559 1420 629 χερσὶν,
1451 560 1601 629 φησί’
1645 581 1664 613 ι
1713 562 1827 616 Νῦν
1854 565 1987 618 ἀπο-

389 645 531 709 λύεις
549 645 646 698 τὸν
669 644 861 699 δοῦλόν
888 663 1010 709 σου,
1041 647 1316 716 Δέσποτα,
1342 652 1486 706 κατὰ
1505 651 1569 704 τὺ
1603 653 1761 723 ῥῆμά
1805 671 1896 708 σου
1929 657 1988 710 ὲν

385 740 592 808 εἰρήνῃο
622 739 708 791 ὅτι
735 734 879 791 εῐδον
911 741 964 792 oi
1004 739 1279 812 ὀφθαλμοί
1323 759 1426 814 μου
1460 743 1524 798 τὸ
1555 745 1834 818 Σωτήριὸν
1869 765 1985 817 σου,

383 828 413 886 ὃ
437 830 745 898 ἡτοίμασας
799 830 950 885 κατὰ
994 831 1298 902 πρόσωπον
1325 835 1546 889 πάντων
1578 837 1690 891 τῶν
1737 839 1904 893 λαῶν’
1958 860 1979 895 ι

386 919 563 973 καὶτὰ
591 918 748 990 ἑξῆς.
769 920 947 990 Δῆλον
969 923 1176 989 τοίνυν,
1204 924 1284 990 ὡς
1301 927 1425 989 ταῖς
1454 925 1630 991 θείαις
1661 930 1988 1002 ὑποσχέσεσι

384 1011 738 1076 πιστεύοντες
797 1014 1121 1086 ἐπεθύμουν
1159 1017 1273 1073 τῶν
1326 1020 1678 1091 ἐπαγγελιῶν
1721 1022 1783 1076 τὸ
1834 1024 1988 1088 τέλος

390 1102 529 1156 ίδεῖν·
552 1103 634 1156 διὸ
649 1105 716 1157 τδ
738 1100 943 1177 τᾼσμα
970 1107 1084 1162 τῶν
1112 1108 1384 1179 ᾀσμάτων
1401 1112 1614 1182 εἰσάγει
1639 1113 1737 1185 τὴν
1765 1114 1986 1187 νύμφην

384 1193 660 1263 λέγουσαν·
702 1216 728 1250 ε
766 1199 1065 1270 Φιλησάτω
1096 1218 1167 1272 με
1201 1203 1315 1257 άπὸ
1341 1205 1666 1276 φιλημάτων
1718 1209 1986 1278 στόματος

383 1287 562 1342 αὑτοῦ.
595 1308 615 1339 ι
648 1290 875 1361 Φίλημα
896 1291 956 1346 δὲ
993 1293 1228 1366 νοοῦμεν
1256 1296 1322 1350 οὑ
1346 1298 1632 1368 στομάτων
1663 1301 1982 1371 συνάφειαν,

379 1377 490 1430 ἀλλ’
514 1379 784 1444 εὐσεϐοῦς
803 1381 992 1453 ψυχῆς
1019 1385 1117 1439 καὶ
1158 1384 1307 1439 θείου
1336 1386 1498 1457 λόγου
1532 1389 1838 1444 κοινωνίαν.
1872 1390 1985 1444 Καὶ

381 1469 550 1522 ιοικεν
582 1471 616 1540 ἡ
657 1470 857 1543 νύμφη
883 1473 1133 1528 τοιοῦτόν
1159 1493 1216 1529 τι
1242 1475 1442 1546 λέγειν·
1477 1479 1727 1533 Ἤκουσά
1750 1497 1843 1533 σου
1877 1480 1984 1534 τῶν

381 1561 552 1629 λόγων
574 1563 668 1617 διά
685 1565 1070 1636 γραμμάτων·
1115 1567 1374 1640 ἐπιθυμῶ
1395 1569 1452 1624 δὲ
1491 1571 1586 1626 καὶ
1610 1572 1783 1643 αὐτῆς
1814 1572 1984 1626 ἀκοῦ-

384 1653 473 1708 σαί
497 1671 593 1708 σου
628 1656 726 1726 τῆς
755 1657 970 1728 φωνῆς·
1002 1657 1272 1730 βούλομαι
1309 1662 1535 1731 άμέσως
1563 1665 1628 1717 ὲκ
1651 1663 1748 1717 τοῦ
1783 1665 1986 1736 στόμα-

379 1760 469 1807 τος
491 1745 590 1817 τὴν
623 1746 782 1817 ἱερὰν
797 1747 1064 1816 δέξασθαι
1109 1751 1485 1819 διδασκαλίαν,
1514 1753 1612 1808 καὶ
1642 1753 1849 1826 ταύτην
1868 1757 1982 1820 τοῖς

2095 586 2322 626 servum
2350 581 2528 636 tuum,
2555 574 2804 641 Domine,
2833 577 3140 632 secundum
3170 578 3396 634 verbum
3429 589 3580 635 tuum
3614 583 3668 638 in

2088 675 2250 730 pace.
2275 661 2414 727 Quia
2442 663 2697 720 viderunt
2721 665 2864 721 oculi
2893 668 2998 721 mei
3024 667 3276 724 Salutare
3306 677 3497 726 tuum:
3521 676 3667 742 quod

2092 753 2307 822 parasti
2339 765 2468 809 ante
2502 755 2698 812 faciem
2743 758 2855 828 28
2884 759 3127 813 omnium
3174 762 3522 830 populorum,
3565 783 3585 817 ι
3615 774 3668 821 et

2086 845 2303 916 reliqua
2329 856 2376 902 ει.
2403 846 2636 903 Constat
2661 850 2853 920 igitur,
2883 865 2980 906 eos
3003 852 3290 909 credentes
3316 854 3518 910 divinis
3542 871 3666 924 pro-

2089 937 2281 993 missis
2309 953 2374 992 ea
2403 938 2471 993 ad
2513 939 2674 994 linem
2711 942 2984 1011 producta
3027 944 3213 998 videre
3261 947 3665 1016 concupivisse.

2092 1027 2284 1098 Itaque
2311 1029 2602 1086 Canticum
2639 1034 2986 1087 canticorum
3032 1050 3290 1104 sponsam
3330 1037 3541 1092 inducit
3583 1038 3670 1094 di-

2089 1129 2348 1176 centem:
2383 1140 2404 1174 t
2445 1121 2744 1178 Osculetur
2771 1141 2858 1180 me
2900 1127 3109 1180 osculis
3148 1128 3264 1183 oris
3297 1129 3401 1183 sui.
3437 1148 3456 1181 ι
3496 1128 3668 1185 Oscu-

2091 1212 2200 1266 lum
2239 1221 2421 1267 autem
2457 1213 2851 1282 intelligimus,
2907 1232 3018 1270 non
3055 1218 3168 1271 oris
3215 1234 3339 1271 cum
3396 1235 3514 1285 ore,
3569 1222 3668 1276 sed

2087 1301 2284 1356 animae
2311 1302 2416 1372 pias
2456 1316 2583 1356 cum
2625 1303 2816 1357 divino
2855 1305 3026 1360 verbo
3065 1306 3559 1374 conjunctionem:
3604 1320 3666 1364 ut

2087 1405 2292 1461 sponsa
2321 1392 2430 1448 tale
2471 1393 2754 1463 quidpiam
2782 1393 2968 1450 dicere
3020 1395 3273 1451 videatur
3314 1415 3325 1450 :
3363 1397 3539 1454 Verba
3571 1408 3666 1453 tua

2086 1497 2185 1551 per
2230 1483 2445 1540 litteras
2477 1483 2688 1549 audivi,
2731 1486 2895 1556 cupio
2931 1495 3113 1541 autem
3159 1498 3212 1541 et
3257 1503 3446 1543 vocem
3490 1491 3664 1559 ipsam

2089 1573 2285 1630 audire
2313 1594 2328 1630 :
2358 1575 2525 1648 cupio
2548 1577 2669 1632 sine
2697 1577 2881 1632 medio
2910 1592 2976 1632 ex
3016 1593 3112 1632 ore
3147 1579 3266 1648 ipso
3310 1595 3527 1634 sacram
3565 1582 3666 1636 do-

2085 1666 2323 1722 ctrinam
2345 1669 2650 1739 percipere,
2678 1684 2911 1739 eamque
2954 1670 3154 1724 mentis
3197 1685 3331 1724 meae
3362 1671 3526 1727 labiis
3571 1687 3669 1726 ex-

2087 1756 2353 1811 osculari.
2396 1778 2414 1810 ι
2441 1757 2736 1814 Osculetur
2764 1774 2850 1814 me
2876 1761 3084 1816 osculis
3111 1759 3226 1816 oris
3250 1762 3359 1816 sui.
3391 1782 3409 1814 ι
3440 1761 3668 1831 Sponsa:

381 1835 478 1905 τῆς
525 1836 769 1903 διανοίας
799 1857 909 1909 μου
954 1842 1332 1914 καταφιλῆσαι
1369 1844 1596 1916 χείλεσι.
1641 1865 1660 1898 r
1698 1845 1971 1918 Φιλησάτιι

2086 1847 2205 1902 haec
2246 1849 2454 1905 dicenti
2510 1865 2751 1920 sponsus
2789 1851 2938 1906 illico
2983 1860 3230 1922 apparet,
3272 1859 3436 1922 atque
3480 1853 3668 1923 implet

387 1941 453 1994 με
484 1925 592 1978 ἀπὸ
637 1927 979 1998 φιλημάτων
1038 1932 1312 2004 στόματος
1341 1933 1528 1990 αὑτοῦ.
1591 1953 1612 1988 ι
1666 1935 1852 1990 Ταῦτα
1883 1936 1983 2008 τῆς

384 2014 593 2086 νύμςδης
634 2019 959 2090 εἰρηκυίας,
995 2021 1160 2088 εὐθὺς
1191 2026 1222 2078 6
1261 2025 1492 2096 νυμφίος
1538 2027 1886 2097 ἐπιφαίνεται
1912 2032 1980 2100 τῇ

384 2106 582 2180 νύμφῃ.
625 2109 728 2180 τὴν
763 2110 1072 2183 ὑπόσχεσιν
1104 2114 1150 2146 ³³
1182 2115 1402 2186 ἐκείνην
1440 2116 1690 2190 πληρῶν,
1717 2119 1800 2172 ὅτι
1827 2120 1982 2173 «Ἔτι

385 2198 634 2272 λαλούσης
673 2202 720 2234 ⁸⁸
753 2220 878 2270 σου,
904 2205 1018 2259 ἰδοὺ
1047 2206 1304 2278 πάρειμι.
1343 2227 1365 2260 ι
1395 2209 1545 2280 Δῦτη
1575 2209 1632 2264 δὲ
1661 2209 1822 2274 εὐθὺς
1851 2210 1980 2265 θεα-

389 2294 586 2363 σαμένη
610 2295 705 2348 τὸν
739 2296 1096 2369 ποθούμενον
1115 2299 1506 2370 ικ-πλήττεται,
1533 2300 1700 2355 αὐτοῦ
1724 2302 1817 2356 καὶ
1847 2303 1982 2358 θαυ-

396 2382 543 2451 μάζει
574 2385 688 2448 τοὺς
721 2386 1004 2454 μαστοὺς,
1042 2389 1140 2441 καὶ
1172 2388 1273 2460 τὴν
1303 2389 1552 2458 εὐωδίαν,
1585 2393 1679 2446 καὶ
1713 2391 1833 2463 βοᾷ·

466 2472 528 2540 β’.
565 2473 788 2542 Ἀγαθοὶ
847 2475 1162 2546 ³⁸,μαστοι
1228 2478 1275 2510 ³⁸
1307 2494 1425 2534 σου
1475 2481 1631 2552 ὑπὲρ
1665 2477 1853 2549 οἶνον,
1877 2483 1979 2539 καί

394 2562 545 2631 ὀσμὴ
566 2567 769 2632 μύρων
802 2581 932 2621 σου
980 2569 1140 2636 ὑπὲρ
1159 2568 1361 2623 πάντα
1405 2571 1684 2641 ἀρώματα
1726 2574 1793 2630 ³⁷.
1820 2572 1975 2644 Οἶδα,

386 2655 526 2720 φησι,
550 2657 611 2710 τά
643 2657 754 2710 ὑπὸ
782 2659 1046 2723 Μωσέως
1069 2663 1595 2720 κατασκευασθέντα
1630 2666 1799 2739 μύρα.
1834 2669 1896 2723 τό
1915 2687 1974 2724 τε

380 2745 543 2798 ἔλαιον
562 2748 659 2818 τῆς
695 2750 971 2822 κρίσεως,
1009 2754 1107 2806 καὶ
1130 2753 1194 2806 τὸ
1222 2753 1477 2826 θυμίαμα
1498 2758 1598 2828 τῆς
1626 2760 1930 2825 συνθέσεως
1954 2779 1968 2794 ο

374 2837 502 2890 ἀλλά
550 2842 775 2895 πάντων
825 2842 1064 2898 ἐκείνων
1104 2844 1215 2899 τῶν
1258 2847 1572 2918 ἀρωμάτων
1624 2852 1684 2905 τὸ
1741 2851 1834 2906 σὺν
1875 2853 1976 2923 μύ-

367 2945 458 2997 ρον
485 2931 631 2985 ἐστὶν
658 2933 1067 2992 εὐωδέστατον.
1103 2938 1294 3008 Μύρον
1324 2938 1380 2992 δὲ
1415 2940 1654 2998 ἐνταῦθα
1687 2944 1844 2998 καλεῖ
1877 2945 1974 3018 τὴν

369 3024 748 3095 πνευματικὴν
808 3025 1001 3097 χάριν,
1059 3022 1129 3100 ἧς
1185 3029 1404 3101 πλήρης
1461 3031 1744 3104 ὑπάρχων,
1777 3037 1842 3089 ὲκ
1878 3035 1973 3088 τοῦ

364 3111 740 3186 πληρώματος
767 3115 946 3170 αὐτοῦ
999 3119 1168 3171 πᾶσιν
1204 3120 1337 3190 ἡμῖν
1381 3119 1634 3176 δέδωκεν.
1683 3124 1776 3177 Διὸ
1821 3124 1916 3179 καὶ
1945 3126 1974 3178 ὁ

2084 1939 2425 2009 promissum
2467 1940 2644 1996 illud:
2685 1959 2704 1993 ι
2735 1941 2933 1997 Adhuc
2974 1944 3233 2013 loquente
3262 1951 3337 2008 te,
3388 1959 3520 2000 ecce
3569 1944 3668 1998 ad-

2083 2045 2206 2086 sum
2239 2040 2285 2086 τ.
2327 2051 2347 2084 ι
2379 2031 2595 2101 Sponsa
2646 2049 2782 2088 vero
2827 2049 3094 2104 sponsum
3144 2044 3390 2104 optatum
3442 2035 3663 2102 intuita,

2083 2121 2460 2191 obstupescit,
2504 2130 2667 2192 atque
2700 2123 2867 2177 ubera
2901 2125 3042 2195 ejus,
3076 2133 3131 2180 et
3161 2125 3490 2182 suavitatem
3525 2123 3664 2179 odo-

2085 2214 2162 2270 ris
2187 2214 2518 2283 admiratur,
2551 2223 2608 2271 et
2639 2214 2881 2270 clamat:

2155 2470 2326 2529 Vens.
2358 2472 2415 2530 2.
2463 2471 2692 2529 Meliora
2723 2483 2846 2530 sunt
2893 2474 3056 2528 ubera
3105 2484 3197 2528 tua
3245 2475 3395 2541 vino,
3448 2483 3496 2528 et
3531 2474 3664 2530 odor

2081 2576 2470 2637 unguentorum
2509 2577 2723 2621 tuorum
2753 2577 2976 2636 prestat
3021 2568 3165 2621 omni
3203 2559 3660 2633 aromati.'Nota,

2080 2659 2284 2730 inquit,
2312 2667 2442 2714 sunt
2477 2659 2610 2713 mihi
2659 2669 2959 2731 unguenta,
3009 2676 3130 2730 quae
3181 2659 3356 2715 Moses
3398 2660 3658 2725 confecit,

2077 2760 2133 2806 et
2174 2751 2357 2806 oleum
2397 2752 2713 2817 unctionis,
2759 2760 2814 2807 et
2864 2753 3165 2823 thymiama
3195 2751 3658 2820 compositionis:

2077 2841 2172 2898 sed
2212 2845 2456 2898 omnium
2504 2843 2729 2898 illorum
2765 2853 3078 2897 aromatum
3130 2851 3468 2914 unguentum
3506 2850 3660 2897 tuum

2075 2939 2162 2987 est
2216 2933 2633 2988 suavissimum.
2673 2951 2692 2984 ι
2738 2930 3090 3003 Unguentum
3142 2952 3161 2984 ι
3204 2932 3294 2987 hic
3334 2940 3493 2987 vocat
3536 2947 3661 3002 gra-

2077 3027 2209 3080 tiam
2251 3026 2622 3096 spiritualem,
2648 3042 2758 3096 qua
2787 3026 2880 3081 ille
2927 3025 3186 3093 refertus,
3224 3041 3290 3080 cx
3321 3025 3661 3096 plenitudine

2077 3133 2178 3173 sua
2228 3119 2388 3172 nobis
2420 3118 2682 3174 omnibus
2721 3118 3047 3189 impertivit.
3101 3117 3467 3184 Quamobrem
3507 3117 3659 3171 clara

361 3205 634 3277 μακάριος
677 3207 908 3272 Παῦλος
956 3207 1077 3281 βοᾷ,
1123 3211 1208 3264 ὅτι
1240 3228 1258 3262 t
1297 3212 1538 3280 Χριστοῦ
1578 3214 1775 3268 εὐωδία
1802 3215 1970 3286 ἐσμὲν

2076 3223 2212 3263 voce
2239 3208 2434 3263 beatus
2463 3205 2692 3272 Paulus,
2742 3226 2759 3258 ι
2795 3207 3005 3263 Christi
3033 3207 3233 3270 bonus,
3267 3205 3470 3276 inquit,
3519 3204 3658 3260 odor

355 3298 548 3361 hvmi;
579 3299 952 3371 σωζομένοις,
1008 3303 1105 3356 καὶ
1164 3303 1224 3356 ὲν
1267 3304 1382 3368 τοῖς
1413 3305 1845 3375 ἀπολλυμένοις·
1887 3302 1969 3371 οἷς

357 3390 456 3459 μὲν
483 3390 639 3462 ὀσμὴ
669 3391 942 3458 θανάτου,
993 3394 1075 3457 είς
1121 3393 1355 3449 θάνατον
1376 3413 1390 3428 ·
1423 3391 1504 3460 οἷς
1532 3396 1589 3450 δὲ
1626 3397 1772 3470 ὀσμὴ
1798 3398 1965 3470 ζωῆς,

351 3485 434 3548 είς
451 3484 625 3556 ζωήν.
639 3503 660 3538 ι
684 3485 834 3556 Γυψὶ
853 3487 970 3558 γὰρ
993 3489 1110 3551 τοῖς
1124 3488 1496 3561 νεκροδόροις,
1516 3490 1691 3562 τροφὴ
1725 3492 1826 3562 μέν
1849 3493 1967 3547 ὲστι

350 3576 418 3628 τά
474 3576 698 3648 δυσώδη
758 3578 1016 3648 σώματα,
1044 3579 1106 3632 τὸ
1135 3579 1196 3633 δὲ
1255 3579 1428 3653 μύρον
1451 3582 1672 3654 δλεθρον
1703 3583 1768 3638 ⁸⁸.
1807 3584 1967 3638 Οὕτω

350 3669 466 3732 τοῖς
498 3669 830 3736 δυσσεὸέσι,
863 3670 960 3723 καὶ
998 3675 1064 3742 τῇ
1089 3671 1326 3742 δυσωδίᾳ
1351 3673 1451 3743 τῆς
1482 3674 1760 3744 ἁμαρτίας
1790 3691 1964 3746 προσο

347 3758 606 3828 εδρεύεεν
667 3760 1116 3832 προῃρημένοις,
1162 3762 1353 3833 ἡδίστη
1401 3763 1502 3834 μὲν
1530 3763 1632 3833 τῆς
1666 3763 1965 3828 ἀκολασίας

347 3851 380 3918 ἡ
403 3849 678 3910 δυσωδία,
715 3848 915 3920 βαρεία
943 3850 1003 3904 δὲ
1060 3851 1156 3904 καὶ
1183 3852 1431 3926 ἐπαχθὴς
1463 3855 1497 3925 ἡ
1542 3853 1783 3925 Χριστοῦ
1815 3854 1963 3909 διδα-

344 3941 589 3994 σκαλία·
617 3941 703 3996 διὸ
735 3943 832 3996 καὶ
867 3942 965 3996 τὸν
993 3942 1321 4016 αὐθαίρετον
1381 3947 1568 4009 αὑτοῖς
1605 3945 1837 4001 θάνατον
1865 3949 1960 4001 ὲπε

340 4034 496 4101 άγει.
519 4055 540 4085 ‹
559 4034 718 4103 Δῦτη
747 4035 860 4106 γάρ
893 4037 1036 4100 ἐστι,
1062 4036 1218 4106 φησὶ,
1245 4037 1451 4108 κρίσις,
1476 4039 1557 4092 ὅτι
1586 4038 1647 4092 τὸ
1667 4037 1781 4107 φῶς
1798 4034 1962 4110 ἦλθεν

338 4126 424 4189 εἰς
457 4124 555 4179 τὸν
589 4126 828 4195 κόσμον,
889 4127 985 4180 καὶ
1018 4128 1316 4198 ἠγάπησαν
1353 4128 1555 4200 μᾶλλον
1590 4130 1641 4183 oi
1681 4129 1962 4202 ἄνθρωποι

337 4217 402 4268 τὺ
440 4217 664 4280 σκότος,
727 4217 764 4287 ἢ
815 4216 879 4269 τὸ
923 4215 1064 4286 φῶς.
1107 4237 1126 4268 ι
1167 4218 1406 4281 Εἰκότως
1454 4219 1634 4272 τοίνυν
1704 4220 1870 4288 φησιν
1924 4220 1959 4290 ή

335 4305 582 4374 νύμφη·
625 4323 646 4356 ε
702 4304 820 4357 Καὶ
867 4305 1014 4375 ὀσμὴ
1071 4304 1261 4376 μύρων
1312 4322 1406 4358 σου
1466 4305 1606 4377 ὑπὲρ
1661 4305 1842 4358 πάντα
1891 4302 1962 4357 τά

336 4396 645 4466 ἀρώματα.
670 4416 690 4448 ι
714 4396 828 4450 Καὶ
853 4396 917 4449 οὑ
946 4395 1118 4464 λέγει,
1147 4396 1252 4451 Τοῦ
1282 4397 1458 4469 μύρου
1481 4416 1595 4462 σου,
1617 4398 1805 4464 ἀλλὰ,‹
1837 4396 1960 4450 Τῶν

339 4489 544 4560 μύρων
596 4504 700 4542 σου
763 4489 846 4520 ³³⁸
873 4507 893 4538 ο
926 4487 1252 4542 δεικνύουσα
1293 4489 1377 4542 ὅτι
1438 4489 1610 4544 πολλὰ
1661 4491 1755 4542 καὶ
1787 4489 1958 4560 μυρία

338 4577 696 4648 χαρίσματα.
723 4569 827 4647 ιᾯ
852 4575 953 4647 μὲν
982 4578 1114 4649 γάρ,
1135 4577 1278 4632 κατά
1297 4579 1390 4633 τὸν
1426 4579 1698 4650 μακάριον
1721 4577 1956 4641 Παῦλον,

337 4669 558 4722 δέδοται
598 4668 646 4699 ⁸⁸
674 4668 835 4738 λόγος
865 4668 1059 4738 σοφίας
1080 4684 1094 4697 ·
1114 4668 1259 4740 ἄλλῳ
1283 4669 1340 4723 δὲ
1365 4669 1522 4738 λόγος
1541 4668 1794 4737 γνώσεως
1824 4667 1966 4723 κατὰ

339 4761 404 4813 τὸ
422 4761 564 4815 αὐτὸ
598 4760 832 4830 Πνεῦμα
850 4779 864 4792 ·
925 4762 1101 4833 ἑτέρῳ
1119 4761 1176 4815 δὲ
1211 4763 1395 4826 πίστις
1423 4764 1481 4817 ἐν
1505 4761 1582 4833 τῷ
1604 4762 1752 4833 αὑτῷ
1787 4761 1962 4816 Πνεύ-

344 4869 480 4922 ματι
501 4870 514 4882 ·
554 4852 711 4923 ἄλλῳ
730 4853 790 4906 δὲ
819 4855 1176 4925 ἐνεργήματα
1207 4853 1492 4924 δυνάμεων
1514 4868 1529 4883 °
1562 4853 1706 4924 ἄλλῳ
1731 4854 1789 4906 δὲ
1823 4871 1958 4926 προ-

339 4944 546 5015 φητεία
571 4963 586 4975 ·
613 4944 765 5016 ἄλλῳ
806 4945 866 4998 δὲ
918 4945 1228 5016 διακρίσεις
1260 4946 1596 5017 πνευμάτων
1625 4945 1693 5012 ⁸⁸,
1718 4945 1865 5018 ἄλλῳ
1891 4945 1950 4999 δὲ

340 5037 480 5107 γένη
521 5038 821 5106 γλωσσῶν.
857 5056 876 5090 ι
910 5037 1012 5091 Διά
1039 5038 1202 5092 τοῦτο
1239 5039 1300 5092 ού
1344 5038 1516 5108 λέγει,
1566 5038 1745 5111 Ὀσμὴ
1772 5038 1949 5110 μύρου

340 5146 461 5193 σου,
499 5129 664 5193 ἀλλὰ,
703 5147 722 5180 t
772 5129 952 5200 Ὀσμὴ
979 5127 1168 5200 μύρων
1192 5145 1306 5182 σου.
1352 5149 1370 5181 ι
1405 5127 1638 5193 Δείξασα
1671 5129 1742 5182 τὰ
1779 5127 1950 5182 πολλὰ

340 5219 436 5272 καὶ
459 5218 694 5272 ποικίλα
745 5218 1089 5289 χαρίσματα,
1131 5217 1374 5274 διδάσκει
1397 5218 1544 5289 ἡμᾶς
1569 5218 1653 5272 ὅτι
1679 5219 1788 5273 ἀπὸ
1816 5220 1948 5290 μιᾶς

400 5405 430 5444 σι
459 5392 604 5448 Luc.
645 5409 684 5448 ιι
715 5433 731 5459 ,
776 5391 968 5449 29-51.
1050 5402 1073 5432 τ
1102 5390 1209 5451 lsa.
1245 5408 1404 5464 ultr,
1441 5393 1496 5451 9.

1574 5405 1596 5434 ³
1645 5393 1691 5450 ll
1735 5392 1866 5459 Cor.
1908 5409 1988 5460 tl,
2040 5393 2124 5451 l5.
2206 5396 2225 5432 ί
2256 5392 2418 5450 Joan.
2454 5393 2668 5462 "1,19.

2073 3317 2288 3364 sumus,
2317 3301 2372 3354 in
2407 3301 2475 3356 iis
2507 3300 2600 3372 qui
2636 3300 2774 3354 salvi
2806 3299 2966 3364 ﬁunt,
2997 3307 3052 3353 et
3077 3298 3130 3352 in
3158 3298 3227 3354 iis
3265 3297 3357 3368 qui
3386 3303 3654 3368 pereunt:

2072 3397 2197 3452 aliis
2224 3397 2448 3468 quidem
2490 3397 2628 3452 odor
2652 3395 2851 3450 mortis
2892 3393 2960 3448 ad
3009 3401 3265 3455 mortem,
3311 3392 3436 3445 aliis
3472 3397 3655 3444 autem

2070 3487 2209 3544 odor
2253 3490 2380 3544 vitm.
2428 3489 2497 3544 ad
2548 3489 2717 3542 vitam
2764 3498 2813 3540 ι.
2876 3504 2895 3538 ι
2961 3483 3290 3539 Vulturibus
3354 3482 3499 3538 enim
3559 3482 3654 3552 qui

2067 3588 2372 3634 vescuntur
2394 3579 2780 3647 cadaveribus,
2820 3577 3008 3633 cibum
3044 3576 3285 3647 praebent
3318 3573 3430 3645 29
3458 3573 3655 3629 Reten-

2069 3673 2145 3727 tia
2180 3686 2438 3742 corpora,
2470 3679 2811 3742 unguentum
2835 3684 2966 3724 vero
2988 3668 3154 3724 infert
3188 3667 3296 3722 illis
3326 3665 3650 3737 perniciem.

2071 3765 2166 3822 Sic
2216 3763 2538 3820 hominibus
2598 3761 2802 3832 impiis,
2856 3775 3025 3831 seque
3064 3759 3118 3814 in
3156 3758 3406 3813 fmditate
3441 3755 3652 3827 peccati

2067 3857 2474 3922 volutantibus,
2505 3865 2646 3912 teter
2679 3853 2931 3909 libidinis
2953 3852 3092 3906 odor
3121 3857 3206 3904 est
3252 3847 3648 3910 suavissimus,

2065 3948 2250 4020 gravis
2307 3955 2496 4002 autem
2538 3961 2604 4001 ac
2639 3945 2873 4000 molesta
2905 3942 3116 3998 Christi
3151 3941 3474 4011 disciplina:
3513 3953 3650 4008 qua-

2063 4045 2290 4108 propter
2317 4044 2372 4092 et
2397 4036 2766 4090 voluntariam
2812 4033 2952 4104 ipsis
2986 4041 3218 4087 mortem
3251 4031 3430 4086 aﬂ’ert.
3472 4049 3491 4080 ι
3529 4027 3649 4083 Hoc

2063 4128 2211 4182 enim
2243 4134 2350 4190 est,
2377 4126 2581 4196 inquit,
2609 4125 2906 4196 judicium,
2941 4125 3069 4193 quia
3102 4123 3194 4176 lux
3227 4122 3378 4177 venit
3399 4122 3453 4175 in
3488 4136 3650 4176 mun-

2065 4219 2218 4282 dum,
2252 4225 2306 4270 et
2328 4216 2642 4270 dilexerunt
2680 4216 2854 4284 magis
2883 4215 3133 4268 homines
3165 4215 3446 4276 tenebras,
3480 4226 3646 4283 quam

2066 4306 2316 4362 lucem‘.
2381 4323 2399 4355 ι
2438 4304 2635 4358 lllerito
2683 4303 2855 4374 igitur
2891 4303 2969 4356 ait
3018 4317 3260 4372 sponsa:
3308 4321 3326 4352 ‹
3392 4300 3459 4356 Ει
3509 4301 3648 4355 odor

2064 4405 2471 4470 unguentorum
2513 4411 2680 4466 super
2716 4392 2903 4449 omnia
2947 4399 3216 4446 aromata.
3263 4408 3282 4442 ι
3332 4389 3454 4445 Νοη
3490 4391 3644 4457 dicit,

2065 4492 2328 4564 unguenti
2366 4491 2470 4553 tui,
2497 4488 2593 4545 sed
2629 4506 2650 4541 ι
2691 4493 3095 4559 unguentorum
3133 4494 3394 4538 tuorum:
3447 4503 3466 4536 ι
3502 4483 3646 4538 indi-

2065 4597 2224 4646 cans,
2258 4580 2428 4635 multa
2468 4595 2593 4636 esse
2643 4593 2876 4632 munera
2907 4577 3235 4647 gratiarum.
3276 4594 3293 4627 ι
3323 4573 3433 4630 Alii
3471 4577 3640 4638 enim,

2062 4682 2204 4730 teste
2238 4673 2397 4728 beato
2427 4670 2624 4734 Paulo,
2663 4671 2827 4725 datus
2855 4677 2939 4722 cst
2978 4683 3165 4722 sermo
3209 4665 3514 4737 sapientiae,
3548 4666 3642 4718 alii

2057 4773 2242 4817 autem
2268 4777 2450 4818 sermo
2474 4761 2721 4816 scientia:
2745 4759 3051 4814 secundum
3069 4757 3328 4812 eumdem
3348 4755 3638 4834 Spiritum,

2052 4853 2146 4908 alii
2179 4853 2316 4908 ﬁdes
2349 4853 2402 4906 in
2428 4852 2617 4907 eodem
2685 4851 2922 4920 Spiritu,
2959 4849 3050 4903 alii
3076 4847 3322 4918 operatio
3349 4848 3639 4910 virtutum,

2058 4945 2148 4999 alii
2177 4943 2602 5014 prophetia,alii
2634 4942 2900 4997 discretio
2935 4941 3254 5009 spirituum,
3298 4938 3390 4992 alii
3436 4953 3638 5008 genera

2056 5038 2372 5108 linguarum
2398 5044 2448 5090 ιι.
2498 5054 2517 5087 ι
2548 5033 2848 5104 Propterea
2877 5047 2986 5086 non
3023 5032 3178 5092 dicit,
3205 5028 3342 5085 odor
3373 5030 3637 5101 unguenti

2057 5129 2160 5192 tui,
2193 5126 2288 5183 sed
2327 5147 2344 5178 ε
2376 5126 2513 5181 odor
2537 5134 2942 5195 unguentorum
2979 5131 3223 5177 tuorum.
3266 5140 3284 5173 ι
3315 5120 3416 5178 Ubi
3448 5131 3636 5178 ostcn-

2055 5217 2193 5275 dens
2228 5219 2400 5273 multa
2427 5224 2482 5272 et
2508 5216 2660 5270 varia
2687 5214 2832 5270 dona
2876 5229 2941 5269 ac
2973 5229 3222 5277 munera,
3254 5213 3434 5280 docet,
3464 5228 3528 5270 ea
3565 5212 3638 5268 ab

2742 5393 2815 5448 ιιι
2855 5395 2982 5450 Cor.
3026 5412 3124 5460 xu,
3161 5392 3316 5450 8-10.

1636 5545 1872 5603 γΑιιιίΕ
1908 5545 2314 5604 LELTIONES.

402 5643 451 5676 ³³
475 5641 768 5711 ὸ-ύπόσχ

337 5713 501 5784 Hebr.
540 5726 788 5784 amores.
798 5741 816 5784 ξ
850 5713 892 5745 ³⁷
916 5713 1122 5784 άρώμα

340 5801 430 5837 σου
453 5783 578 5839 des.
624 5782 683 5838 in
710 5782 838 5842 cod.

772 5657 892 5695 εσιν
920 5643 1042 5698 des.
1082 5642 1138 5697 in
1169 5642 1295 5699 cod.
1400 5643 1448 5676 “
1481 5641 1607 5698 cod.
1631 5640 1936 5705 λαλοῦντος.

1124 5711 1301 5783 ταηΙη
1323 5713 1450 5769 cod.
1491 5711 1744 5783 sequitur
1772 5712 2044 5783 expositio
2073 5709 2237 5783 trium
2261 5710 2508 5783 Patrum.
2592 5713 2637 5746 ³⁸
2659 5709 2782 5772 cod.
2805 5709 3070 5783 ὀλέθριον.

911 5781 968 5816 ⁸⁵⁷
997 5781 1127 5839 ced.
1161 5781 1383 5840 δίδοται.
1452 5783 1495 5816 ⁸¹
1514 5781 1649 5838 ἄλλα
1671 5781 2066 5852 -πνευμάτων
2093 5782 2212 5839 des.
2256 5782 2310 5839 iu
2339 5781 2464 5839 cod.

2041 5643 2086 5675 ³⁸
2112 5641 2354 5711 Ἀγαθοί.
2386 5641 2441 5697 in
2492 5651 2642 5700 textu
2679 5641 2787 5711 τῶν
2825 5645 2879 5696 0'
2912 5657 3097 5710 prmm.
3139 5641 3246 5711 δτιἶ
3304 5637 3374 5711 ,³⁸
3413 5639 3624 5711 μαστοί.

3151 5708 3197 5740 ³⁹
3226 5707 3327 5762 ὑπὲ
3335 5707 3427 5780 ρ-ὲ
3440 5707 3510 5779 μύ
3521 5725 3630 5778 ρων
