4088 6462
475 386 544 458 59
1496 391 1987 454 THEODORETI
2021 393 2049 452 Ι

2155 391 2361 452 SCOPI
2396 393 2761 456 CYRENSIS
3681 400 3754 464 60

475 513 590 553 uno
649 497 955 572 eodemque
1011 499 1167 559 fonte
1223 500 1513 574 proﬂuere.
1573 504 1703 560 Ideo
1777 503 2049 572 subjicit:

2165 508 2448 575 προχεῖται
2483 508 2691 578 πηγῆς.
2733 507 2828 561 Διὸ
2885 507 3082 578 ἐπάγει
3107 525 3121 540 ⁸
3159 529 3176 562 ι
3217 510 3405 581 Μύρον
3443 509 3751 569 ὲκκενωθὲν

481 607 500 639 ε
546 589 898 661 Unguentum
929 593 1165 650 effusum
1207 610 1407 650 nomen
1447 601 1626 650 tuum.
1664 613 1685 646 ι
1729 593 2060 664 Multiplices

474 682 647 746 enim,
678 683 878 752 inquit,
924 687 978 740 hi
1013 701 1077 740 ac
1111 686 1249 740 varii
1286 685 1492 748 fontes,
1528 686 1620 756 qui
1659 694 1830 742 totum
1869 687 2058 742 orbem

476 781 749 830 terrarum
781 776 970 833 odoris
1001 779 1274 833 suavitate
1309 779 1687 848 repleverunt,
1717 779 1937 832 unicam
1968 780 2061 833 ha-

475 867 610 920 bent
635 881 825 920 venam
867 874 923 919 et
954 866 1246 936 originem,
1299 875 1644 937 unguentum
1689 877 1865 922 tuum.
1904 867 1960 922 In
1993 884 2060 924 eo

473 955 622 1006 enim
668 952 939 1007 habitavit
988 956 1172 1009 omnis
1223 956 1510 1025 plenitudo
1568 956 1880 1014 divinitatis
1900 966 1954 1022 ν,
2005 967 2060 1014 et

475 1044 592 1113 ipse
625 1052 823 1098 cuncta
859 1044 1105 1116 Spiritus
1151 1048 1298 1104 dona
1349 1058 1409 1105 ut
1458 1052 1625 1107 homo
1661 1053 1827 1106 simul
1868 1069 2058 1109 susce-

473 1139 570 1208 pit.
615 1136 884 1202 Quocirca
927 1140 1134 1195 clamat
1185 1144 1348 1198 etiam
1389 1143 1600 1199 Isaias:
1654 1163 1673 1196 ι
1734 1145 2057 1216 Egredietur

469 1232 625 1301 virga
655 1229 724 1285 de
762 1233 954 1288 radice
977 1231 1154 1300 Iesse,
1182 1243 1236 1291 et
1259 1236 1357 1290 llos
1385 1235 1452 1292 de
1487 1237 1674 1292 radice
1707 1239 1828 1307 ejus
1860 1253 2054 1294 ascen-

470 1323 607 1378 det:
642 1333 698 1378 et
751 1325 1067 1396 requiescet
1118 1343 1283 1398 super
1331 1345 1455 1384 eum
1517 1327 1758 1400 Spiritus
1811 1330 2053 1399 Domini,

469 1415 579 1484 3o
613 1416 846 1487 spiritus
875 1418 1159 1489 sapientia:
1189 1429 1244 1476 et
1278 1421 1616 1487 intellectus,
1659 1425 1887 1495 spiritus
1918 1439 2054 1479 con-

470 1507 582 1562 silii
617 1519 670 1563 et
698 1509 1061 1577 fortitudinis,
1107 1513 1340 1583 spiritus
1387 1515 1637 1569 scientiae
1685 1529 1739 1570 et
1786 1517 2048 1585 pietatis:

471 1607 527 1652 et
554 1600 790 1671 replehit
814 1617 939 1656 eum
967 1605 1198 1674 spiritus
1224 1605 1439 1660 timoris
1472 1605 1564 1661 Dei
1589 1615 1637 1659 ι.
1671 1627 1689 1660 ι
1717 1608 1848 1663 Ideo
1880 1608 2049 1664 dicit:

476 1711 493 1742 ι
527 1690 886 1762 Unguentum
915 1694 1153 1750 effusum
1191 1711 1390 1751 nomen
1429 1697 1564 1763 tibi;
1607 1718 1626 1750 ι
1658 1707 1712 1753 et
1743 1715 1854 1754 non
1887 1717 1907 1751 ‹
1948 1717 2051 1756 un-

468 1791 734 1851 guentum
773 1802 792 1836 ι
828 1785 904 1839 ait
926 1785 1274 1856 simpliciter,
1312 1787 1407 1843 sed
1444 1807 1463 1840 ι
1507 1788 1765 1846 effusum.
1799 1811 1816 1844 ι
1848 1791 2051 1859 Quem-

2163 597 2337 665 διιομὰ
2365 597 2412 628 δ’
2450 595 2548 651 σου
2579 599 2645 653 “.
2689 619 2706 650 ι
2743 601 2805 654 Οἱ
2839 599 2949 671 γάρ
3005 600 3212 666 πολλοὶ,
3256 603 3443 673 φησὶν,
3466 597 3612 656 οὗτοι
3651 606 3748 658 καὶ

2161 685 2408 757 διάφοροι
2431 689 2668 759 κρουνοὶ,
2700 690 2749 741 oi
2787 691 2967 743 πᾶσαν
3021 689 3119 760 τὴν
3159 688 3488 760 οἰκουμένην
3518 691 3748 751 εὐωδίας

2161 779 2572 850 πληρώσαντες,
2609 781 2738 850 μίαν
2778 781 2960 851 ἔχουσι
2995 781 3169 851 φλέϐα
3211 783 3302 835 καὶ
3337 783 3542 854 πηγὴν,
3563 783 3626 836 τὸ
3653 784 3748 837 σὺν

2162 871 2354 942 μύρον,
2389 891 2405 921 ι
2466 873 2554 927 Ἐν
2587 871 2734 941 αὐτῷ
2765 873 2876 944 γὰρ
2898 872 3188 943 κατῴκησε
3228 875 3337 926 πᾶν
3381 873 3442 927 τὸ
3472 874 3747 947 πλήρωμα

2157 965 2258 1033 τῆς
2286 961 2560 1031 θεότητος,
2603 981 2620 1013 ι
2649 964 2744 1016 καὶ
2774 964 2935 1026 αὐτὸς
2970 965 3148 1018 πάντα
3176 965 3311 1034 ὁμοῦ
3349 965 3417 1017 τά
3449 965 3542 1018 τοῦ
3575 965 3747 1018 Πνεύί-

2162 1071 2332 1124 ματος
2360 1054 2501 1107 κατὰ
2535 1054 2591 1106 τὸ
2628 1053 2968 1125 ἀνθρώπινον
3013 1054 3309 1121 ὑπεδέξατο
3345 1055 3512 1127 δῶρα.
3541 1055 3632 1109 Διὸ
3649 1055 3745 1111 καὶ

2169 1146 2396 1209 Ἡσαΐας
2433 1146 2532 1218 βοᾷ
2560 1163 2572 1177 ο
2601 1165 2618 1197 t
2669 1146 3041 1211 Ἐξελεύσεται
3098 1147 3292 1217 ῥάϐδος
3343 1149 3408 1202 ἐκ
3458 1149 3561 1218 τῆς
3587 1149 3744 1220 ῥίζης

2170 1237 2390 1299 Ἰεσσαὶ,
2422 1236 2515 1288 καὶ
2555 1237 2714 1298 ἄνθος
2747 1237 2810 1289 ὲκ
2837 1237 2938 1306 τῆς
2995 1234 3150 1307 ῥίζης
3185 1236 3349 1290 αὐτοῦ
3391 1237 3437 1269 ⁸⁸
3465 1237 3744 1308 ἀναϐήσε-

2154 1343 2244 1380 ται
2268 1343 2281 1357 ο
2317 1327 2412 1380 καὶ
2453 1328 2902 1381 ὲπαναπαύσεται
2936 1331 3022 1382 ἐπ’
3047 1327 3196 1399 αὐτῷ
3237 1329 3282 1361 ⁸⁸
3310 1329 3370 1382 τὸ
3395 1329 3621 1401 Πνεῦμα
3645 1329 3740 1383 τοῦ

2155 1419 2312 1484 Θεοῦ,
2353 1419 2569 1491 πνεῦμα
2595 1422 2787 1492 σοφίας
2825 1423 2920 1475 καὶ
2955 1422 3248 1484 συνέσεως,
3289 1421 3507 1492 πνεῦμα
3544 1421 3742 1493 βουλῆς

2155 1515 2250 1564 καὶ⁹
2285 1512 2490 1582 ίσχύος,
2531 1514 2752 1585 πνεῦμα
2804 1515 3060 1584 γνώσεως
3087 1515 3182 1568 καὶ
3227 1515 3511 1580 εὐσεϐείας
3532 1531 3545 1546 ⁶
3578 1515 3674 1570 καὶ
3693 1516 3742 1548 ⁸⁸

2154 1606 2370 1677 πνεῦμα
2399 1607 2565 1675 φόϐου
2591 1607 2725 1660 Θεοῦ
2757 1607 3025 1677 ἐμπλήσει
3049 1606 3232 1659 αὐτόν.
3268 1608 3364 1659 Διὰ
3391 1606 3547 1660 τοῦτο
3565 1608 3737 1677 λέγει·

2160 1717 2179 1750 ι
2218 1697 2408 1769 Μύρον
2438 1696 2746 1750 ἐκκενωθὲν
2769 1696 2944 1766 ὄνομά
2978 1713 3060 1750 σοι
3085 1714 3101 1727 ’
3130 1716 3147 1747 ι
3181 1697 3276 1750 καὶ
3299 1697 3360 1750 οὐ
3391 1697 3541 1765 λέγει
3570 1716 3589 1748 ι
3638 1697 3743 1768 μύ-

2156 1805 2248 1860 ρον
2283 1806 2301 1840 ι
2337 1786 2546 1851 ἁπλῶς,
2579 1785 2716 1839 ἀλλὰ
2751 1805 2769 1836 ‹
2810 1786 3134 1839 ὲκκενωθέν.
3177 1806 3195 1837 ι
3226 1785 3497 1858 Καθάπερ
3534 1787 3646 1858 γὰρ
3679 1787 3743 1840 τὸ

467 1873 764 1930 admodum
789 1878 935 1930 enim
969 1885 1318 1948 unguentum
1349 1880 1403 1934 in
1425 1895 1558 1936 vase
1603 1884 1929 1938 conclusum
1965 1885 2045 1938 in-

2159 1881 2329 1952 μύρον
2389 1881 2448 1932 έν
2483 1879 2688 1949 ἀγγείῳ
2734 1877 3142 1949 κεκρυμμένον,
3200 1879 3594 1950 κεκρυμμένην
3626 1879 3742 1949 ἔχει

465 1953 676 2023 elusam
702 1969 985 2024 ‘continet
1041 1978 1094 2026 et
1123 1971 1298 2041 ipsam
1340 1972 1527 2028 odoris
1562 1973 1968 2044 fragrantiam;
2002 1975 2046 2030 si

465 2067 652 2113 autem
681 2058 1016 2125 effundatur,
1069 2061 1250 2131 ipsum
1301 2077 1524 2134 quoque
1584 2066 1762 2136 replet
1823 2081 2044 2122 aerem:

462 2141 548 2205 lsic
587 2149 855 2209 Dominus
890 2152 1172 2217 Christus,
1205 2163 1332 2210 ante
1369 2157 1688 2226 passionem
1718 2160 1914 2228 paucis
1952 2176 2050 2216 no-

462 2250 556 2297 tus
580 2254 736 2299 erat:
769 2251 825 2298 at.
858 2255 1222 2314 posteaquam
1255 2261 1476 2303 crucem
1505 2255 1847 2321 mortemque
1881 2251 2049 2306 susti-

463 2334 605 2399 nuit,
639 2349 706 2390 ac
739 2336 906 2390 veluti
937 2337 1192 2406 corporis
1216 2353 1315 2394 vas
1350 2348 1598 2410 apertum
1631 2340 1755 2408 fuit,
1781 2344 2049 2399 continuo

462 2426 609 2482 beati
647 2429 886 2498 apostoli
919 2429 1201 2485 suavitate
1227 2429 1319 2485 illa
1345 2432 1543 2502 repleti
1577 2441 1733 2500 sunt,
1759 2441 1814 2488 et
1843 2443 2047 2489 terram

461 2529 870 2588 percurrentes,
909 2529 964 2576 et
1012 2523 1189 2577 maria
1257 2523 1603 2594 trajicieutes
1627 2565 1642 2590 ,
1677 2527 2050 2598 omnibusque

463 2607 818 2682 Evangelium
845 2617 1190 2682 nuntiantes,
1231 2618 1424 2672 odoris
1465 2620 1739 2675 suavitate
1778 2619 2047 2674 mundum

460 2705 787 2761 universum
828 2708 1263 2778 compleverunt.
1291 2709 1373 2764 01)
1400 2709 1455 2765 id
1498 2711 1573 2764 ait
1602 2726 1806 2782 sponsa
1834 2729 1846 2765 :
1880 2730 1897 2762 ‹
1929 2709 2050 2766 Un-

459 2803 729 2863 guentum
779 2797 1016 2853 effusum
1084 2813 1284 2854 nomen
1331 2799 1447 2853 tibi.
1507 2819 1526 2850 ι
1576 2799 1723 2854 Satis
1774 2799 1921 2854 enim
1967 2806 2050 2853 est

459 2887 667 2942 Christi
699 2904 897 2945 nomen
937 2891 1004 2945 ad
1040 2891 1258 2962 piorum
1298 2892 1513 2947 animas
1550 2893 1860 2964 unguentis
1911 2907 2050 2962 quo-

458 2977 754 3035 dammodo
791 2981 1144 3046 imbuendas,
1173 2991 1341 3054 atque
1363 2984 1514 3039 omni
1539 2985 1727 3040 odoris
1774 2985 2048 3040 suavitate

458 3072 924 3143 conspergendas.
964 3075 1122 3141 Quod
1152 3077 1198 3130 si
1239 3076 1407 3130 etiam
1461 3078 1640 3147 magis
1697 3076 1931 3147 mystice
1969 3077 2048 3131 vis

2155 1971 2250 2024 καὶ
2301 1971 2400 2039 τὴν
2432 1969 2728 2040 εὐοσμίαν,
2761 1970 2808 2020 εἰ
2838 1969 2894 2022 δὲ
2933 1968 3255 2040 προχυθείη,
3287 1970 3381 2023 καὶ
3419 1969 3582 2022 αὑτὸν
3609 1971 3742 2024 ἀνα-

2155 2062 2432 2133 πίμπλησι
2489 2062 2579 2117 τὸν
2628 2062 2766 2132 ἀέρα
2794 2079 2808 2094 ο
2870 2061 3042 2125 οὕτως
3091 2063 3119 2116 6
3159 2064 3439 2133 Δεσπότης
3480 2063 3738 2134 Χριστὸς,

2153 2155 2262 2226 πρὸ
2303 2154 2403 2225 μὲν
2451 2153 2546 2206 τοῦ
2606 2153 2815 2217 πάθους
2866 2153 3068 2221 ὀλίγοις
3101 2150 3170 2225 ἦν
3209 2154 3485 2226 γνώριμος
3509 2170 3524 2183 ·
3553 2153 3741 2225 ἐπειδὴ

2151 2245 2209 2300 δὲ
2245 2247 2337 2299 τὸν
2363 2246 2597 2317 σταυρὸν
2631 2246 2918 2317 ὑπέμεινε,
2939 2246 3138 2299 καὶτὸν
3168 2244 3421 2311 θάνατον,
3455 2244 3551 2298 καὶ
3577 2245 3743 2297 οἱονεὶ

2152 2338 2400 2410 διηνοίγη
2466 2339 2511 2370 ⁸⁷
2567 2338 2627 2392 τὸ
2687 2336 2781 2392 τοῦ
2853 2336 3107 2407 σώματος
3151 2337 3346 2406 ἄγγος,
3379 2335 3609 2406 πλήρεις
3642 2336 3743 2406 μὲν

2153 2422 2315 2495 εὐθὺς
2359 2432 2408 2484 οἱ
2471 2431 2731 2501 μακάριοι
2773 2430 3064 2483 ἀπόστολοι
3099 2429 3199 2499 τῆς
3229 2427 3494 2498 εύοσμίας
3525 2426 3744 2496 ἐκείνης

2152 2524 2400 2592 ἐγένοντο
2419 2541 2431 2553 ·
2504 2523 2801 2592 δραμόντες
2830 2523 2908 2586 δὲ,
2956 2521 3060 2593 γῆν
3085 2522 3180 2574 καὶ
3206 2521 3484 2576 θάλασσαν
3519 2537 3742 2594 περινο-

2155 2616 2477 2685 στήσαντες,
2513 2615 2608 2668 καὶ
2625 2614 2686 2667 τὸ
2711 2614 2979 2685 κήρυγμα
3017 2615 3152 2666 πᾶσι
3185 2612 3741 2684 διαπορθμεύσαντες,

2154 2709 2373 2762 ἃπασαν
2395 2707 2492 2779 τὴν
2518 2707 2842 2776 οἰκουμένην
2870 2705 2969 2776 τῆς
2995 2703 3256 2776 εὐοσμίας
3277 2704 3412 2776 ὲπλή
3423 2722 3621 2776 ρωσαν.
3644 2705 3745 2758 Διά

2147 2790 2308 2854 ’τοῦτό
2336 2817 2501 2870 φησιν
2522 2799 2780 2871 ήνύμφηο
2813 2818 2831 2850 ‹
2862 2797 3052 2869 Μύρον
3083 2796 3385 2851 ὲκκενωθὲν
3413 2797 3584 2867 ὄνομά
3600 2814 3739 2851 σοι.»

2165 2890 2353 2962 Ἀρκεῖ
2407 2891 2518 2962 γὰρ
2556 2891 2590 2959 ἡ
2648 2888 2894 2961 Χριστοῦ
2929 2889 3277 2960 προσηγορία
3309 2890 3474 2943 οἱονεὶ
3517 2888 3746 2960 μυρίσαι

2151 2987 2245 3039 καὶ
2300 2983 2532 3046 εὐωδίας
2583 2982 2804 3052 ἁπάσης
2873 2981 3186 3052 ὲμφορῆσαι
3222 2979 3332 3034 τῶν
3373 2980 3616 3034 εὐσεϐῶν
3642 2980 3745 3043 τὰς

2149 3075 2346 3146 ψυχάς.
2373 3075 2437 3126 Εἰ
2465 3073 2522 3126 δὲ
2551 3072 2716 3143 βούλῃ
2774 3072 2868 3125 καὶ
2915 3071 3324 3143 μυστικώτερον
3353 3071 3568 3142 νοῆσαι,
3612 3071 3750 3126 ἀνά-

459 3163 792 3234 iuteliigere,
827 3167 978 3222 sacri
1022 3168 1382 3238 baptismatis
1435 3169 1684 3240 mysterii
1733 3168 2045 3232 recordare,

2156 3183 2360 3237 μνησον
2405 3164 2630 3218 σεαυτὸν
2680 3165 2778 3236 τῆς
2804 3165 2958 3236 ἱερᾶς
2984 3163 3391 3234 μυσταγωγίας,
3422 3165 3480 3216 ὲν
3577 3165 3626 3217 oi
3655 3181 3750 3217 τε-

459 3255 512 3308 iu
545 3271 656 3326 quo
687 3259 780 3328 qui
809 3257 1124 3324 initiantur,
1167 3268 1295 3330 post
1323 3261 1545 3332 tyranni
1592 3261 2039 3331 abnegationem,

457 3357 511 3402 et
534 3350 676 3420 regis
704 3349 1138 3417 confessionem,
1173 3352 1340 3406 veluti
1373 3353 1532 3423 signo
1559 3367 1624 3406 ac
1654 3360 1780 3407 nota
1805 3353 2042 3423 quadam

458 3441 631 3511 regia,
661 3441 972 3512 spiritualis
997 3443 1263 3515 unguenti
1297 3443 1600 3499 chrismate
1648 3443 1885 3508 inuncti,
1941 3445 2045 3498 sub

455 3545 520 3584 ea
559 3531 767 3587 visibili
808 3535 1077 3604 unguenti
1118 3519 1301 3603 specie
1328 3533 1671 3590 invisibilem
1705 3535 2044 3590 sanctissimi

459 3622 702 3693 Spiritus
736 3625 970 3694 gratiam
1001 3625 1308 3695 accipiunt.

531 3797 660 3854 Ideo
682 3800 1090 3870 adulescentula:
1113 3801 1410 3855 dilexerunt
1430 3810 1494 3856 te.
1519 3800 1708 3872 (Vens.
1736 3801 1816 3869 3.)
1840 3801 2046 3855 Traxe-

456 3902 582 3946 runt
619 3901 820 3960 te,post
847 3903 893 3946 te
921 3896 989 3946 ad
1017 3894 1228 3947 odorem
1263 3903 1648 3963 unguentorum
1683 3903 1893 3946 tuorum
1922 3909 2045 3946 cur-

455 3995 650 4043 rentes.
684 3985 862 4052 Hanc,
899 3986 1098 4057 inquit,
1139 3988 1409 4057 unguenti
1443 3987 1543 4052 tui,
1576 3987 1681 4042 hoc
1712 3994 1818 4054 est,
1847 3987 2049 4041 divinae

455 4095 522 4134 ac
545 4080 850 4137 salutiferae
885 4081 1152 4137 doctrinae
1176 4092 1280 4136 tua:
1304 4082 1662 4152 fragrantiam
1695 4082 1798 4152 31
1855 4083 2043 4153 perci-

454 4174 675 4242 pientes
695 4175 893 4230 anima:
935 4174 1317 4231 adolescentes
1347 4190 1411 4228 ac
1449 4184 1693 4230 strenuae
1735 4175 1859 4244 (has
1899 4173 2047 4228 enim

453 4264 879 4320 adolescentulus
901 4267 1186 4336 appellat),
1207 4281 1395 4320 amore
1418 4275 1513 4320 tuo
1532 4265 1611 4321 sic
1636 4265 1875 4319 inceusze
1897 4272 2046 4330 sunt,

454 4367 512 4412 ut
549 4367 602 4414 te
635 4359 702 4413 ad
744 4373 806 4415 se
840 4359 1141 4424 traxerint,
1181 4367 1235 4413 et
1288 4367 1412 4428 post
1467 4366 1524 4412 te
1557 4359 1632 4412 ita
1667 4365 1870 4412 secutae
1915 4357 2048 4420 sint,

452 4457 511 4503 ut
539 4465 710 4505 cursu
757 4449 812 4505 id
845 4450 1115 4514 fecerint,
1156 4464 1226 4504 ne
1265 4450 1740 4518 relinquerentur,
1789 4463 1930 4503 neve
1967 4463 2053 4503 se-

2151 3259 2424 3330 λούμενοι,
2457 3257 2596 3329 μετὰ
2619 3255 2718 3326 τὴν
2742 3256 2972 3328 ἄρνησιν
2987 3255 3081 3309 τοῦ
3102 3255 3392 3326 τυράννου,
3418 3255 3513 3308 καὶ
3532 3253 3631 3326 τὴν
3647 3254 3746 3308 τοῦ

2153 3350 2417 3420 βασιλέως
2445 3347 2760 3420 ὁμολογίαν,
2795 3346 2965 3400 οἱονε1⁵
3003 3345 3280 3417 σφραγῖδά
3305 3362 3427 3400 τινα
3453 3344 3747 3416 βασιλικὴν

2151 3443 2395 3510 δέξονται
2438 3440 2534 3494 τοῦ
2583 3438 2958 3512 πνευματικοῦ
2989 3437 3162 3509 μύρου
3191 3438 3252 3491 τὸ
3296 3437 3507 3509 χρίσμα
3531 3453 3546 3466 ·
3580 3437 3657 3502 ὡς
3685 3437 3748 3491 ἑν

2149 3540 2303 3609 τύπῳ
2331 3537 2407 3608 τῷ
2446 3536 2603 3607 μύρῳ
2622 3535 2720 3607 τὴν
2743 3534 2974 3606 ἀόρατον
3001 3531 3097 3585 τοῦ
3125 3531 3394 3601 παναγίου
3424 3530 3747 3602 Πνεύματος

2152 3630 2312 3702 χάριν
2351 3629 2738 3699 ὑποδεχόμενοι
2765 3627 2836 3680 ⁸⁸.

2223 3805 2324 3858 Διά
2345 3803 2522 3858 τοῦτο
2539 3800 2812 3868 νεάνιδες
2833 3801 3161 3869 ἠγάπησάν
3184 3815 3278 3855 σε.
3306 3799 3471 3869 (στιχ.
3492 3795 3588 3868 γ’.)
3602 3797 3748 3852 Εἵλ-

2153 3893 2356 3950 κυσάν
2387 3909 2483 3955 σε,
2507 3893 2703 3946 ὀπίσω
2733 3909 2850 3947 σου
2889 3895 2974 3958 είς
3001 3890 3205 3960 ὀσμὴν
3227 3890 3424 3960 μύρου
3448 3905 3566 3944 σου
3601 3888 3749 3956 δραι

2147 3987 2375 4059 μοῦσαι
2391 3987 2529 4039 δ’·δο.
2553 3985 2793 4054 Ταύτης,
2828 3985 2983 4054 φησὶ,
3021 3983 3124 4054 τῆς
3147 3981 3410 4052 εὐοσμίας
3433 3980 3528 4035 τοῦ
3568 3981 3746 4052 μύρου

2156 4095 2274 4139 σου,
2301 4076 2549 4130 τουτέστι
2580 4077 2678 4145 τῆς
2711 4074 2862 4137 Θείας
2905 4075 3001 4127 καὶ
3042 4072 3424 4144 σωτηριὼδους
3467 4088 3562 4125 σου
3599 4070 3743 4124 διδα-

2157 4169 2410 4232 σκαλίας,
2443 4166 2981 4238 ἀντιλαμϐανόμεναι
3013 4167 3066 4217 αἱ
3101 4164 3350 4217 νεανικαὶ
3373 4162 3469 4217 καὶ
3499 4162 3745 4232 ἀνδρεῖαι

2154 4261 2326 4332 ψυχαὶ
2355 4259 2580 4332 (ταύτας
2609 4258 2718 4328 γὰρ
2741 4256 2988 4319 νεάνιδας
3015 4257 3042 4308 6
3066 4254 3224 4322 λόγος
3253 4253 3454 4325 καλεῖ),
3477 4251 3650 4316 οὕτως
3681 4269 3744 4306 σε

2157 4354 2378 4426 θερμῶς
2411 4352 2730 4422 ἠγάπησαν,
2760 4350 2834 4412 ὡς
2879 4347 3104 4400 ὲλκῦσαί
3139 4363 3200 4399 σε
3240 4347 3378 4417 πρὸς
3411 4345 3630 4412 ἑαυτὰς,
3649 4344 3747 4397 καὶ

2159 4438 2337 4499 ὀπίσω
2374 4460 2469 4496 σου
2503 4439 2894 4510 ἀκολουθῆσαι,
2918 4438 3055 4491 ἀλλὰ
3089 4439 3184 4492 καὶ
3233 4439 3333 4492 σὺν
3374 4438 3565 4508 δρόμῳ
3585 4435 3748 4490 τοῦτο

448 4542 820 4611 iungerentur
877 4556 907 4594 a
957 4540 1163 4596 dilecto
1211 4556 1339 4596 suo.
1398 4539 1560 4596 Hunc
1601 4548 1787 4595 autem
1816 4554 2041 4594 cursum

2155 4538 2398 4605 ποιῆσαι,
2432 4535 2519 4586 ἵνα
2553 4533 2627 4603 μὴ
2689 4528 3087 4598 ἀπολειφθῶσι,
3126 4530 3260 4601 μηδὲ
3309 4529 3623 4600 χωρισθῶσι
3646 4527 3746 4582 τοῦ

448 4634 696 4705 explicat
724 4635 890 4690 etiam
916 4634 1108 4690 beatus
1137 4635 1364 4701 Paulus,
1397 4654 1416 4688 t
1455 4635 1656 4702 Curro,
1689 4633 1970 4703 inquiens,
1998 4632 2043 4686 si

448 4743 562 4798 quo
593 4727 759 4782 modo
783 4727 1270 4798 comprehendam,
1296 4728 1572 4798 siquidem
1601 4727 1768 4782 etiam
1792 4739 2046 4793 compre-

450 4819 659 4876 hensus
689 4835 812 4874 sum
839 4828 890 4874 γ.
928 4839 947 4872 ι
991 4820 1058 4876 Ει
1096 4821 1274 4876 alibi:
1322 4839 1341 4872 ι
1388 4819 1504 4888 Sic,
1555 4817 1760 4889 inquit,
1811 4817 2044 4879 currite,

449 4921 508 4967 ut
556 4912 1044 4985 comprehendatis
1083 4924 1131 4968 ι.
1177 4933 1196 4966 ι
1255 4913 1322 4967 Ει
1362 4913 1473 4967 alio
1515 4913 1639 4967 loco
1698 4932 1709 4966 :
1769 4927 1788 4960 ‹
1833 4908 2042 4962 Βοιιιιιη

447 5011 729 5061 certamen
764 5005 996 5071 certavi,
1030 5021 1264 5061 cursum
1285 5002 1696 5066 consummavi,
1733 4999 1895 5054 fidem
1927 5014 2042 5053 ser-

448 5095 568 5149 vavi
597 5107 645 5149 ι.
684 5114 704 5148 ›
741 5097 955 5151 Anima:
977 5097 1147 5168 igitur
1173 5106 1405 5151 strenuo
1432 5109 1496 5148 ac
1525 5093 1668 5148 virili
1702 5107 1870 5148 sensu
1902 5106 2044 5160 prae-

518 5292 544 5321 '
579 5279 794 5343 Coloss.
833 5299 894 5346 ιι,
923 5284 975 5339 9.

1052 5290 1078 5317 ι
1105 5280 1215 5336 lsa.
1256 5297 1330 5345 xi,
1359 5279 1410 5341 Ι,
1445 5279 1502 5332 ‘2.
1579 5284 1605 5324 γ
1638 5273 1876 5346 Philipp.
1909 5290 1998 5336 ιιι,
2036 5271 2118 5325 I2.

2159 4625 2524 4696 ποθουμένου.
2557 4622 2718 4692 Δηλοῖ
2756 4621 2814 4672 δὲ
2844 4621 2939 4673 καὶ
2961 4622 2988 4672 6
3024 4621 3293 4692 μακάριος
3315 4620 3530 4685 Παῦλος
3558 4619 3748 4675 τοῦτον

2153 4720 2247 4772 τὸν
2307 4718 2532 4788 δρόμον,
2597 4714 2775 4782 λέγων
2795 4728 2809 4741 ⁸
2837 4731 2854 4761 ι
2899 4711 3091 4782 Τρέχω
3120 4712 3172 4765 εἴ
3201 4729 3264 4780 γε
3308 4713 3400 4766 καὶ
3423 4711 3750 4778 καταλάϐω,

2155 4812 2238 4879 ἐφ’
2266 4802 2310 4876 ᾧ
2342 4807 2436 4860 καὶ
2462 4803 2830 4874 κατελήφθην.
2866 4821 2884 4854 ι
2921 4804 3032 4857 Καὶ
3055 4803 3216 4856 πάλιν
3239 4819 3254 4833 ·
3287 4823 3306 4853 ι
3347 4802 3561 4869 Οὕτως,
3584 4805 3747 4874 φησὶ,

2155 4902 2402 4974 τρέχετε,
2433 4898 2524 4952 ἵνα
2549 4889 2916 4966 καταλάὸητε.
2959 4913 2978 4946 ι
3018 4894 3129 4948 Καὶ
3163 4894 3425 4967 ἑτέρωθιο
3458 4912 3477 4946 ι
3512 4893 3618 4948 Τὸν
3643 4911 3750 4948 κα-

2153 4997 2246 5048 λὸν
2268 4993 2458 5063 ἀγῶνα
2488 4991 2820 5062 ἠγώνισμαι,
2866 4989 2958 5042 τὸν
2992 4988 3192 5059 δρόμον
3212 4989 3496 5054 τετέλεκα,
3532 4987 3632 5058 τὴν
3655 4987 3750 5041 πί-

2157 5104 2273 5140 στιν
2297 5086 2596 5155 τετήρηκα.
2631 5101 2649 5134 »
2679 5080 2946 5152 Τρέχουσι
2974 5078 3152 5134 τοίνυν
3183 5080 3239 5134 αἱ
3265 5079 3512 5133 νεανικὸν
3543 5077 3750 5152 φρόνη-

2197 5280 2218 5306 τ
2253 5269 2426 5326 lCor.
2465 5286 2543 5337 Ix,
2575 5269 2667 5324 24.
2748 5279 2772 5306 ο
2807 5264 2850 5322 ll
2871 5264 3018 5322 Tim.
3053 5281 3126 5332 tv,
3168 5264 3223 5318 7.

1773 5430 2012 5487 VARlE
2055 5429 2458 5487 LECTIONES.

523 5546 566 5577 δ’
593 5540 1042 5615 ,Μύρον-ιῇνομά
1063 5555 1191 5615 σου.
1227 5535 1387 5615 Hebr.
1421 5533 1563 5615 sicut
1606 5529 2049 5615 olettm_-eﬂ‘unde‘

2155 5531 2376 5615 nomine
2394 5538 2520 5615 tuo:

450 5600 822 5685 proxima'lin.
867 5600 986 5685 Set
1013 5610 1076 5663 21
1113 5610 1274 5685 obvia
1309 5613 1447 5685 αξξ..
1499 5603 1561 5685 δῖ
1577 5600 1742 5685 αὑ.τοῦ
1773 5601 1890 5657 des.
1946 5602 2000 5685 in
2034 5617 2049 5652 ι

2155 5641 2159 5654 .
2236 5601 2280 5630 ⁸³
2306 5600 2429 5655 cod.
2460 5600 2644 5654 αὐτόν.
2739 5600 2794 5681 ,⁸⁸
2822 5600 2916 5676 καί
2962 5600 3076 5678 θιιρε

451 5661 822 5742 δεὲῗιίἶὶόἆξ
849 5661 1045 5736 relicto
1064 5661 1274 5748 spatio.
1319 5677 1400 5748 _“
1427 5672 1830 5748 ὑποδεχόμενοι.
1885 5671 2049 5726 codex

2155 5671 2534 5740 superioribus
2579 5669 2781 5748 repetit
2838 5664 3181 5748 ista,nii.tipov
3222 5661 3528 5748 ἐκκενιιεθὲν

2634 5529 2679 5561 ⁸³
2715 5543 2830 5580 σου.
2865 5523 2987 5579 cod.
3038 5540 3144 5587 σοι,
3177 5537 3298 5592 qua:
3345 5521 3507 5592 lectio
3549 5521 3746 5592 pagina

2748 5598 2794 5628 ⁸⁸
2822 5596 2916 5649 καί
2962 5595 3118 5649 abest
3149 5608 3177 5646 a
3199 5591 3330 5646 eod.
3421 5591 3464 5623 “
3499 5591 3748 5662 διτνοὶγη

2748 5670 2781 5716 it
2838 5665 2966 5716 ista.
3011 5664 3181 5716 μύρον
3222 5661 3528 5716 ὲκκενωθὲν
3573 5625 3746 5716 δνοιιά

3605 5678 3709 5732 νομ

601 5731 1466 5817 ’’ὶνῖοψίίἱλκ-υσαν-Ῑ-δραμοῦσαι.
1495 5731 1861 5817 1ζεόξ.”ξ“ι·ίιιιε
1890 5757 1975 5817 mc
2002 5758 2049 5812 pi

2155 5731 2240 5817 te;
2264 5748 2319 5794 ct
2352 5731 2662 5817 curremus:
2702 5740 2907 5809 Symm.
2953 5731 3204 5805 exesas.
3243 5733 3376 5802 Aqu.
3414 5731 3643 5786 ἕλκνσόν
3674 5731 3748 5802 μα

455 5825 632 5894 μύρου
665 5841 760 5877 σου
793 5818 1117 5891 δραμοῦσαι.
1144 5811 1382 5888 Recepta
1412 5814 1574 5874 lectio
1608 5813 1661 5870 lt.
1697 5813 1731 5869 l.
1761 5822 1844 5872 est.
1878 5811 2049 5885 μύρωτ

2157 5831 2185 5865 υ
2215 5811 2426 5882 δραμοῦ
2433 5827 2552 5882 μεν.
3395 5853 3402 5858 .
3765 5827 3772 5836 ·
