4088 6474
365 399 440 462 ﬁl
1489 402 1580 464 IN
1608 402 2008 464 CANTICUM'
2037 402 2331 465 CANTIC-
2380 403 2532 472 LIB.
2564 407 2624 466 I.’
3622 407 3695 472 62

375 532 459 585 μα
494 513 838 584 κεκτημέναι
858 510 1057 582 ψυχαὶ,
1085 513 1192 566 καὶ
1217 514 1315 568 τὸν
1341 514 1513 588 ἀϐρδν
1543 517 1640 570 καὶ
1670 517 1838 588 ὑγρὸν
1901 516 1995 569 καὶ

2105 520 2250 585 ditat,
2295 521 2533 590 vitaeque
2578 521 2916 590 voluptatem
2970 529 3026 579 et
3059 521 3342 578 lasciviam
3386 531 3552 595 atque
3593 526 3694 582 de-

371 605 582 675 χαῦνον
617 606 735 675 βίον
758 603 1161 675 διαφυγοῦσαι,
1197 607 1300 660 καὶ
1327 607 1422 660 τὸν
1453 607 1618 660 πόνον
1634 608 1758 662 ἀντὶ
1785 608 2000 678 τρυφῆς

370 697 772 767 προελόμεναι,
791 696 967 750 όπίσω
982 695 1083 749 τοῦ
1102 697 1352 768 νυμφίου
1367 697 1692 767 θελγόμεναι
1704 697 1801 752 καὶ
1819 697 2007 752 καλού-

375 805 551 858 μεναι
567 790 610 821 ἰ
629 791 699 859 τῇ
720 788 923 859 εὐωδίᾳ.
938 787 1034 841 τοῦ
1060 790 1268 860 μύρου,
1288 789 1386 844 καὶ
1400 790 1566 844 οίονεὶ
1581 792 1808 862 ἀρρήτῳ
1821 788 2005 860 δεσμῷ

370 881 779 952 κατεχόμεναι.
811 880 1002 934 Ταῦτα
1039 881 1146 952 μὲν
1179 879 1280 936 οὖν
1338 885 1372 954 ή
1398 883 1611 954 νύμφη,
1656 884 1885 955 μηδέπω
1908 883 2003 937 τοῦ

373 974 686 1043 νυμφῶνος
697 973 1024 1040 ἀξιωθεῖσα,
1039 973 1184 1045 πρός
1199 991 1265 1028 τε
1279 973 1376 1030 τὸν
1390 974 1486 1030 τοῦ
1505 976 1740 1047 νυμφίου
1760 978 2002 1048 Πατέρα,

374 1068 476 1120 καὶ
506 1069 651 1138 πρὸς
698 1068 868 1122 αὑτὸν
906 1068 1006 1122 τὸν
1037 1068 1282 1140 νυμφίον
1325 1069 1626 1140 ἐληλυθότα
1659 1070 1797 1141 πρὸς
1833 1071 2005 1140 αὐτὴν

373 1159 760 1231 διεξέρχεται.
804 1160 1083 1226 Ἀξιοῦται
1114 1160 1176 1214 δὲ
1195 1161 1416 1233 καὶτῆς
1440 1163 1735 1228 παστάδος,
1768 1163 1862 1216 καὶ
1895 1164 2005 1216 τῶν

375 1253 476 1308 τοῦ
506 1254 754 1324 νυμφίου
782 1254 1053 1325 θαλάμων
1085 1273 1146 1308 τε
1174 1257 1274 1309 καὶ
1295 1255 1584 1326 ταμιείων,
1623 1257 1718 1311 καὶ
1747 1273 2008 1328 σεμνυνο-

378 1348 525 1417 μένη
558 1347 704 1417 πρὸς
733 1347 832 1401 τὸν
861 1350 1068 1402 οίκεῖον
1091 1347 1246 1417 λέγει
1279 1348 1474 1420 χορόν·
1501 1367 1520 1400 ι
1549 1349 1852 1420 Είσήνεγκέ
1881 1366 1948 1420 με
1977 1350 2006 1403 6

377 1439 646 1507 βασιλεὺς
664 1442 749 1503 είς
764 1439 830 1492 τὺ
844 1441 1099 1511 ταμιεῖον
1117 1439 1312 1504 αὐτοῦ,
1334 1458 1354 1492 ι
1372 1440 1640 1504 τουτέστι,
1659 1441 1730 1494 τὰ
1751 1457 2004 1512 κεκρυμ-

381 1530 528 1597 μένα
546 1529 721 1584 αὑτοῦ
743 1530 1077 1600 ἀπεκάλυψέ
1103 1548 1194 1602 μοι
1222 1530 1593 1602 βουλεύματα·
1612 1530 1678 1585 τὸ
1702 1531 2006 1603 μυστήριον

375 1624 442 1674 τι)
470 1624 586 1677 ἀπὸ
613 1623 727 1675 τῶν
752 1621 979 1676 αἰώνων
995 1623 1094 1678 καὶ
1109 1624 1221 1678 ἀπὺ
1237 1623 1350 1677 τῶν
1371 1623 1576 1692 γενεῶν
1593 1622 1862 1695 ὲγνὼρισέ
1888 1638 2004 1692 μοι’

377 1719 514 1780 τοὺς
544 1717 886 1788 θησαυροὺς,
924 1719 1061 1782 τοὺς
1095 1718 1434 1782 σκοτεινοὺς,
1484 1718 1580 1772 καὶ
1618 1716 2002 1790 ἀποκρύφους,

377 1811 476 1862 καὶ
501 1809 803 1880 ἀοράτους,
836 1808 1046 1881 ἀνὲῳξέ
1072 1827 1186 1880 μοι,
1215 1811 1360 1864 κατά
1375 1809 1476 1882 τὴν
1494 1810 1591 1864 τοῦ
1618 1810 1848 1864 Ἡσαΐου
1877 1827 2006 1880 προ-

380 1902 635 1968 φητείαν.
673 1903 791 1955 Καὶ
812 1901 977 1955 τοῦτο
1001 1901 1154 1957 ἔστιν
1183 1903 1576 1974 ἀκριϐέστερον
1601 1905 1668 1959 ὲκ
1693 1904 1805 1958 τῶν
1837 1906 2002 1976 ἱερῶν

381 1994 738 2060 Εὐαγγελίων
765 1993 991 2065 μαθεῖν,
1024 1995 1192 2066 ἡνίκα
1230 1998 1260 2050 6
1289 1997 1572 2069 Δεσπότης
1595 1999 1857 2069 Χριστὸς,
1886 1999 2001 2062 τοῖς

384 2084 482 2152 μὲν
520 2083 813 2148 Ἰουδαίοις
846 2086 907 2138 ὲν
930 2087 1279 2155 παραϐολαῖς
1299 2086 1592 2158 διελέγετο,
1610 2092 1724 2154 τοῖς
1741 2089 1800 2143 δὲ
1821 2089 2001 2158 ἁγίοις

380 2177 544 2230 αὑτοῦ
583 2178 873 2249 μαθηταῖς
927 2179 1298 2235 ἀπεκάλυπτε
1358 2183 1469 2236 τῶν
1528 2183 1858 2253 παραϐολῶν
1901 2183 2002 2254 τὴν

384 2271 642 2338 διάνοιαν,
664 2272 854 2338 λέγων
878 2286 893 2300 ·
926 2290 946 2323 ι
971 2272 1134 2342 Ὑμῖν
1157 2273 1364 2328 δέδοται
1389 2275 1596 2342 γνῶναι
1618 2277 1688 2330 τά
1724 2277 2004 2348 μυστήρια

389 2365 484 2432 τῆς
515 2364 827 2433 βασιλείας,
865 2365 1106 2430 ἐκείνοις
1140 2365 1200 2419 δὲ
1239 2367 1300 2421 οὗ
1334 2366 1567 2422 δέδοται.
1598 2369 1709 2421 Καὶ
1757 2370 2004 2440 ταμιεῖον

487 2457 517 2507 6
577 2456 788 2526 Κύριος
850 2457 956 2526 τὴν
985 2456 1233 2511 διάνοιαν
1305 2459 1729 2530 προσαγορεύει,
1788 2458 1999 2528 λέγων’

410 2567 428 2598 ι
471 2548 539 2600 Σῦ
567 2548 623 2601 δὲ
647 2549 774 2602 ὅταν
812 2549 1131 2621 προσεύχῃ,
1161 2549 1372 2603 εἴσελθε
1403 2551 1558 2614 είςτὸ
1593 2551 1850 2622 ταμιεῖόν
1883 2567 2002 2616 σου,

401 2643 488 2693 καὶ
511 2643 807 2711 πρᾶσευξαι
847 2641 930 2712 τῷ
964 2643 1143 2713 Πατρί
1180 2659 1274 2698 σου
1307 2642 1388 2714 τῷ
1418 2644 1478 2696 ὲν
1507 2642 1585 2714 τῷ
1620 2643 1850 2716 κρυπτῷ
1873 2645 1940 2698 δ’.
1977 2661 1996 2695 ι

395 2753 412 2782 ι
447 2734 748 2803 Είσήνεγκέ
787 2751 861 2805 με
886 2738 919 2789 6
959 2734 1215 2804 βασιλεὺς
1232 2735 1330 2798 ἐίς
1357 2735 1418 2788 τὸ
1456 2740 1707 2805 ταμιεῖον
1750 2737 1941 2790 αὐτοῦ’
1979 2757 1997 2789 ι

395 2825 678 2896 μονονουχὶ
707 2826 962 2896 λέγουσα
1017 2827 1159 2896 μετὰ
1185 2828 1278 2881 τοῦ
1329 2827 1604 2898 μακαρίου
1651 2827 1890 2894 Παύλου,
1921 2830 2003 2883 ὅτι

393 2934 409 2964 ι
453 2917 518 2969 Ἀ
561 2918 862 2989 ὀφθαλμὸς
913 2920 1017 2973 οὐκ
1045 2916 1176 2985 εἶδε,
1198 2922 1293 2974 καὶ⁵
1313 2916 1405 2985 οῦς
1424 2920 1526 2976 οὐκ
1545 2921 1768 2992 ἤκουσε,
1794 2923 1887 2976 καὶ
1912 2922 2008 2974 ἐπὶ

382 3002 610 3071 καρδίαν
640 3004 951 3075 ἀνθρώπου
1004 3007 1109 3060 οὐκ
1162 3007 1358 3079 ἀνέϐη,
1397 3008 1433 3062 ἃ
1480 3009 1781 3080 ἡτοίμασεν
1813 3013 1841 3064 6
1871 3009 2004 3074 Θεὸς

377 3095 675 3162 ἀγαπῶσιν
733 3098 787 3130 ιι
829 3099 1000 3152 αὐτόν
1025 3082 1228 3170 ’.ἡμῖν
1257 3100 1314 3153 δὲ
1341 3101 1369 3154 ό
1398 3101 1533 3165 Θεὸς
1570 3102 1890 3172 ἀπεκάλυψε
1917 3103 2004 3157 διὰ

2109 612 2308 669 sidiam
2338 612 2637 684 fugientes,
2670 622 2725 668 et
2754 613 3008 670 laborem
3031 616 3248 672 deliciis
3272 625 3689 687 anteponentes,

2107 714 2235 776 post
2265 720 2534 776 sponsum
2563 713 2822 770 currunt,
2865 709 3128 777 unguenti
3162 708 3468 778 fragrantia
3493 710 3692 765 illectm

2108 805 2274 867 atque
2295 804 2571 863 attractaz,
2606 810 2672 851 ac
2710 795 2880 850 veluti
2911 797 3138 851 vinculo
3175 797 3413 867 quodam
3461 797 3695 866 inexpli-

2107 889 2279 944 cabili
2305 889 2602 959 colligata.
2637 888 2853 958 Sponsa
2882 888 3074 958 igitur,
3104 890 3346 944 nondum
3372 891 3438 944 ad
3467 891 3692 960 nuptias

2105 981 2374 1047 admissa,
2411 981 2602 1052 sponsi
2632 980 2879 1045 Patrem,
2907 989 2962 1037 et
2996 997 3266 1051 sponsum
3306 983 3486 1052 ipsum
3531 981 3597 1036 ad
3633 997 3696 1037 se

2106 1072 2423 1145 profectum
2485 1073 2575 1128 his
2622 1073 2946 1142 alloquitur.
3008 1074 3090 1127 Ad
3125 1074 3351 1142 nuptias
3391 1081 3596 1136 autem,
3639 1080 3694 1126 et

2108 1167 2300 1237 sponsi
2327 1165 2658 1229 thalamum,
2690 1177 2744 1220 et
2771 1164 3088 1219 cubiculum
3110 1163 3456 1219 admittitur:
3488 1171 3543 1218 et
3575 1163 3694 1232 glo-

2107 1258 2258 1313 riosa
2289 1257 2376 1312 his
2403 1267 2605 1312 emtum
2637 1256 2917 1311 suumsic
2945 1253 3180 1309 allatur:
3221 1273 3240 1306 ι
3279 1252 3697 1308 lntroduxitme

2107 1366 2208 1408 rex
2247 1350 2303 1404 in
2345 1348 2662 1404 cubiculum
2685 1351 2910 1411 'suum,
2957 1365 2975 1398 ›
3004 1345 3059 1399 id
3093 1353 3199 1411 est,
3235 1343 3530 1399 recondita
3557 1343 3696 1398 mihi

2108 1441 2344 1497 consilia
2379 1455 2478 1496 sua
2511 1438 2771 1510 patefecit
2804 1455 2818 1491 :
2853 1439 3182 1509 mysterium
3214 1451 3244 1490 a
3267 1437 3490 1492 saeculis
3521 1445 3576 1490 et
3602 1452 3697 1506 ge-

2109 1534 2503 1592 nerationibus
2539 1533 2686 1588 mihi
2709 1533 3019 1599 indicavit;
3055 1531 3349 1585 thesauros
3387 1527 3604 1584 abditos
3644 1536 3695 1582 et

2109 1627 2466 1704 abscon'ditos
2513 1633 2683 1696 atque
2721 1625 3032 1680 invisibiles
3066 1622 3282 1694 aperuit
3306 1621 3462 1685 mihi,
3497 1635 3698 1675 secun-

2109 1721 2238 1776 dum
2272 1721 2429 1776 Isaia;
2448 1718 2794 1790 prOphetiam
2818 1718 2869 1770 ι).
2898 1716 2964 1770 Et
2983 1716 3089 1771 hoc
3103 1731 3170 1770 ex
3185 1715 3361 1770 sacris
3380 1711 3696 1782 Evangeliis

2111 1815 2318 1871 clarius
2368 1813 2498 1868 licet
2531 1810 2866 1881 intelligere,
2905 1809 2998 1863 ubi
3031 1808 3288 1863 Christus
3321 1805 3588 1860 Dominus
3629 1803 3698 1857 ad

2108 1906 2331 1963 Judreos
2368 1888 2438 1959 in.
2465 1904 2747 1975 parabolis
2779 1898 3050 1971 loquitur,
3078 1899 3290 1956 sanctis
3321 1907 3503 1952 autem
3526 1895 3696 1952 disci—

2104 2001 2252 2072 pulis
2277 1999 2393 2054 suis
2426 1998 2532 2068 32
2561 1995 2948 2067 parabolarum
2975 2007 3199 2048 sensum
3225 1991 3475 2061 exponit,
3500 1987 3693 2050 Vobis,

2106 2091 2389 2161 inquiens,
2441 2088 2630 2142 datum
2676 2094 2761 2140 est
2812 2099 2977 2140 nosse
3041 2082 3305 2153 mysteria
3358 2079 3536 2150 regni,
3588 2077 3698 2133 illis

2107 2195 2285 2239 autem
2322 2197 2431 2236 non
2466 2187 2552 2234 est
2583 2179 2771 2233 datum
2807 2188 2855 2232 ο.
2904 2175 3078 2230 Porro
3130 2193 3148 2225 ι
3177 2172 3496 2227 cubiculum
3523 2189 3542 2221 ι
3592 2167 3698 2222 Do-

2107 2277 2290 2332 minus
2313 2288 2540 2329 sensum
2561 2278 2722 2326 vocat
2747 2270 2942 2325 dicens
2974 2287 2986 2322 :
3024 2288 3041 2318 ‹
3075 2266 3156 2320 Tu
3178 2271 3361 2319 autem
3385 2277 3510 2317 cum
3543 2275 3696 2326 oras,

2107 2368 2255 2423 intra
2288 2367 2344 2420 in
2379 2363 2700 2421 cubiculum
2734 2370 2914 2422 tuum,
2942 2367 2998 2415 et
3027 2374 3124 2414 ora
3161 2357 3226 2410 ad
3262 2355 3482 2409 Patrem
3518 2361 3694 2413 tuum,

2107 2459 2200 2530 qui
2249 2466 2334 2513 est
2373 2456 2430 2509 in
2476 2451 2807 2510 abscondito
2832 2450 2883 2505 ά.
2916 2469 2936 2501 ›
2969 2479 3040 2491 --
3078 2467 3096 2500 ι
3126 2445 3437 2502 Introduxit
3481 2458 3570 2499 me
3600 2459 3692 2498 rex

2106 2553 2161 2607 in
2211 2549 2528 2606 cubiculum
2592 2561 2776 2602 suum.
2812 2563 2830 2596 ι
2889 2540 3296 2613 Propemodum
3325 2538 3521 2593 dicens
3567 2552 3695 2592 cum

2105 2645 2268 2698 beato
2321 2639 2540 2695 Paulo:
2580 2656 2598 2689 ι
2631 2637 2768 2702 Quae
2805 2633 3006 2688 oculus
3049 2646 3160 2686 non
3199 2628 3358 2692 vidit,
3394 2641 3498 2682 nec
3545 2624 3698 2680 auris

2105 2733 2338 2799 audivit,
2374 2745 2478 2786 nec
2511 2729 2567 2784 in
2602 2743 2701 2782 cor
2732 2725 2973 2780 hominis
2991 2721 3382 2785 ascenderunt,
3404 2731 3527 2787 qua:
3553 2731 3698 2784 prae-

2103 2829 2319 2901 paravit
2378 2827 2525 2880 Deus
2561 2819 2926 2892 diligentibus
2968 2833 3028 2873 se
3060 2833 3074 2870 :
3113 2815 3280 2870 nobis
3319 2818 3503 2866 autem
3551 2807 3696 2863 Deus

2102 2921 2364 2977 revelavit
2381 2933 2478 2988 per
2495 2914 2764 2985 Spiritum
2790 2925 2972 2967 suum.
2988 2927 3006 2960 ι
3028 2938 3094 2948 --
3121 2926 3139 2959 ι
3163 2904 3272 2961 Nos
3290 2903 3439 2959 enim
3470 2915 3695 2955 sensum

2104 3014 2309 3071 Christi
2340 3013 2608 3066 habemus
2639 3021 2686 3072 ε,
2726 3007 2782 3060 in
2819 3019 2928 3075 quo
2957 3016 3155 3057 omnes
3186 3005 3316 3056 sunt
3339 2995 3587 3052 thesauri
3613 3008 3700 3049 sa-

2105 3105 2330 3178 pientiae
2362 3109 2417 3157 et
2457 3100 2704 3157 scientiae
2736 3088 3055 3152 absconditi
3091 3091 3136 3146 τ.
3167 3111 3185 3144 ι
3215 3119 3287 3132 -
3325 3109 3344 3140 ι
3381 3085 3698 3142 Introduxit

376 3187 471 3240 τοῦ
496 3189 836 3260 Πνεύματος
865 3191 1059 3246 αὐτοῦ.
1101 3191 1295 3263 Ἡμεῖς
1315 3192 1426 3264 γὰρ
1459 3193 1584 3248 νοῦν
1606 3195 1846 3269 Χριστοῦ
1877 3195 1993 3267 ἕχον

2106 3215 2192 3254 me
2216 3213 2313 3252 rex
2333 3196 2386 3250 in
2414 3191 2734 3249 cubiculum
2761 3203 2946 3245 suum.
2987 3206 3005 3238 ι
3035 3185 3156 3240 Νοη
3181 3184 3422 3238 alienum
3446 3188 3695 3247 estquae-

379 3299 505 3348 μεν,
534 3277 664 3351 ένῷ
704 3283 920 3347 πάντες
970 3285 1110 3338 εἰσὶν
1143 3287 1192 3338 oi
1230 3286 1495 3358 θησαυροὶ
1525 3288 1625 3359 τῆς
1664 3289 1860 3359 σοφίας
1909 3292 2005 3344 καὶ

375 3372 476 3440 τῆς
504 3371 778 3440 γνώσεως
829 3373 1168 3445 ἀπόκρυφοι.
1197 3394 1324 3427 ι-‹
1348 3378 1653 3449 Είσήνεγκέ
1691 3397 1760 3450 με
1789 3381 1817 3434 ό
1852 3381 2006 3451 βασιο

375 3463 504 3527 λεὺς
558 3465 645 3529 εἰς
688 3465 755 3518 τὸ
805 3468 1063 3536 ταμιεῖον
1108 3467 1302 3523 αὑτοῦ.
1341 3487 1360 3521 ι
1405 3470 1730 3541 Ἀναγκαῖον
1761 3473 2004 3545 ζητῆσαι

375 3557 524 3619 τίνος
555 3556 756 3610 ἕνεκεν
795 3557 939 3627 μόνη
967 3561 1002 3629 ἡ
1042 3560 1235 3631 νύμφη
1261 3561 1564 3631 εἰσάγεται,
1588 3567 1644 3618 αἱ
1675 3564 1733 3618 δὲ
1763 3566 2005 3632 νεάνιδες

373 3650 480 3703 οὐκ
505 3652 859 3720 εἰσάγονται,
886 3651 1004 3705 ἀλλ’
1028 3651 1136 3718 ἔξω
1170 3655 1477 3724 ἑστηκυῖαι,
1512 3656 1612 3728 τὴν
1639 3658 1861 3730 νύμφην
1893 3663 2007 3715 εἱσ-

377 3741 654 3795 ελθοῦσαν
709 3743 1056 3814 ἀναμένουσι
1083 3761 1097 3776 ο
1128 3747 1222 3800 καὶ
1247 3746 1571 3822 ἐξελθούσης
1618 3753 1714 3805 καὶ
1735 3753 2003 3826 διηγησα-

380 3833 558 3903 μένης
582 3833 707 3896 πῶς
748 3835 1056 3906 εἰσήγαγεν
1086 3839 1259 3909 αὐτὴν
1293 3842 1322 3894 ό
1360 3841 1621 3910 βασιλεὺς
1665 3846 1747 3905 εἰς
1791 3844 1851 3897 τὸ
1902 3863 2002 3898 τα-

383 3924 564 3986 μιεῖον
597 3923 799 3989 αὐτοῦ,
831 3926 1135 3994 ἐπάγουσιν
1165 3943 1180 3956 °
1211 3947 1230 3980 ι
1255 3929 1767 4003 ’Δγαλλιασώμεθα,
1797 3934 1892 3988 καὶ
1909 3936 2003 3988 εὑ-

379 4014 727 4100 φρανθῶμεν
751 4019 816 4070 ὲν
845 4018 952 4072 σοί.
981 4019 1370 4093 ’Δγαπήσομεν
1394 4025 1634 4094 μαστούς
1663 4027 1836 4079 dou.”
1861 4029 2003 4100 ὑπὲρ

375 4099 543 4160 οἶνον.
600 4106 860 4179 Εὐθύτης
883 4111 1144 4182 ἠγάπησε
1175 4130 1234 4165 σε
1253 4114 1320 4168 ⁸⁸.
1356 4133 1374 4166 ι
1411 4117 1486 4170 Ού
1533 4117 1737 4182 πάντες
1760 4121 1807 4172 ol
1840 4099 2004 4172 πεπι-

379 4200 703 4262 στευκότες,
741 4202 842 4270 τῆς
910 4201 1034 4274 ἴσης
1097 4205 1258 4272 ἀξίας
1317 4209 1651 4281 ὑπάρχουσι.
1726 4231 1745 4262 ι
1802 4212 2004 4266 Πολλαὶ

377 4294 492 4362 γὰρ
525 4295 697 4362 μοναὶ
715 4295 878 4363 παρά
925 4295 1000 4365 τῷ
1047 4299 1226 4370 Πατρί
1263 4319 1387 4370 μου,
1415 4321 1433 4354 ›
1464 4305 1630 4373 φησὶν
1680 4306 1709 4358 6
1741 4305 2000 4374 Χριστὸς,

377 4382 694 4448 τουτέστιν,
747 4383 1084 4454 ἀξιωμάτων
1145 4390 1420 4462 διαφοραί.
1448 4394 1612 4448 Ἀλλο
1663 4395 1774 4466 γὰρ
1815 4397 2003 4466 τάγμα

382 4475 779 4546 πατριαρχῶν.
835 4479 931 4532 καὶ
989 4479 1121 4534 ἄλλο
1198 4485 1529 4556 ’νιροφτγιτῶν⁹
1586 4487 1714 4541 ἀλλο
1762 4488 1998 4542 ἀποστό-

381 4563 492 4615 λων
513 4606 530 4626 ,
580 4566 683 4618 καὶ
727 4566 863 4621 ἄλλο
906 4569 954 4602 ⁵⁸
987 4572 1316 4643 μαρτύρων·
1337 4575 1467 4629 ἄλλο
1495 4577 1607 4630 τῶν
1638 4580 1695 4632 ὲν
1729 4580 2000 4652 παρθενίᾳ

379 4658 821 4728 διαπρεψάντων
878 4662 948 4728 ⁸⁷,
999 4666 1096 4718 καὶ
1139 4667 1268 4721 ἄλλο
1319 4669 1429 4722 τῶν
1464 4671 1560 4725 τοῦ
1600 4674 1781 4744 γάμου
1833 4675 2000 4743 ζυγὸν

381 4751 633 4820 ἐννόμως
657 4753 1008 4809 ὑπελθόντων
1039 4772 1054 4786 ’
1086 4758 1217 4813 ἄλλο
1257 4760 1368 4815 τῶν
1402 4765 1461 4816 ὲν
1489 4764 1707 4838 πλούτῳ
1740 4768 1831 4821 τὸν
1865 4768 2000 4824 Θεδν

383 4842 888 4913 θεραπευσάντων,
930 4849 1022 4901 καὶ
1083 4853 1295 4907 πιστῶν
1336 4855 1641 4927 οἰκονόμων
1693 4863 2000 4933 γεγενημέ-

383 4952 514 4998 νων,
546 4937 642 4988 καὶ
673 4935 810 4990 ἀλλο
838 4936 950 4992 τῶν
970 4940 1072 5010 τῆς
1103 4944 1294 5008 πενίας
1326 4945 1394 4999 τὰ
1421 4949 1644 5003 ποικίλα
1690 4952 1996 5023 παθήματα

379 5027 680 5126 καρτερῶς
708 5028 1137 5126 ὑπενεγκάντων
1170 5049 1183 5063 ·
1215 5037 1342 5091 ἀλλο
1378 5040 1490 5094 τῶν
1547 5042 1648 5113 τὴν
1708 5044 1997 5115 πολιτικὴν

379 5118 588 5189 ἀρετὴν
619 5120 948 5188 μετιόντων,
971 5125 1067 5179 καὶ
1096 5125 1226 5180 ἀλλο
1250 5129 1361 5183 τῶν
1405 5132 1466 5186 ἐν
1497 5133 1652 5206 ὄρεσι
1701 5135 1996 5207 διαιτωμέ-

381 5226 521 5273 νων,
554 5210 654 5262 καὶ
674 5213 744 5282 τῇ
775 5211 900 5285 θείᾳ
941 5213 1150 5287 θεωρίᾳ
1188 5218 1328 5292 μόνῃ
1365 5225 1656 5296 προσέχειν
1698 5243 1999 5298 προαιρου-

383 5377 484 5498 M:
519 5373 634 5499 ξε.
675 5395 803 5448 ην,
827 5380 888 5437 5.
925 5425 930 5432 .
963 5391 987 5421 ε
1018 5381 1214 5441 Matth.
1243 5401 1365 5451 xm,
1401 5387 1488 5443 ll.

1599 5386 1627 5426 ἀ
1661 5387 1852 5444 Matth.
1875 5406 1952 5454 Vt,
1992 5389 2050 5445 6.

2108 3307 2255 3358 rere,
2284 3303 2386 3344 cur
2419 3287 2538 3343 sola
2575 3297 2784 3356 sponsa
2816 3281 3228 3342 introducatur,
3270 3269 3699 3330 adolescentula‘.

2108 3391 2292 3439 autem
2321 3395 2434 3434 non
2466 3380 2619 3433 item.
2656 3375 2818 3430 Foris
2843 3373 2991 3429 enim
3033 3379 3265 3432 stantes,
3306 3376 3565 3434 sponsam
3608 3360 3696 3414 in-

2105 3475 2454 3548 gredientem
2496 3469 2866 3540 operiuntur,
2925 3478 3102 3533 eaque
3150 3458 3485 3532 egrediente,
3532 3464 3697 3524 atque

2106 3545 2425 3629 enarrante,
2472 3577 2583 3634 quo
2629 3559 2797 3616 modo
2853 3573 2949 3613 rex
3007 3557 3182 3626 ipsam
3222 3546 3596 3606 introduxerit
3638 3545 3695 3598 in

2106 3659 2426 3716 cubiculum
2452 3670 2636 3721 suum,
2665 3651 2934 3723 adjiciunt
2969 3667 2982 3703 :
3013 3667 3031 3700 ι
3063 3644 3436 3706 Exsultemus,
3462 3647 3517 3695 et
3547 3639 3698 3694 laete-

2106 3767 2234 3805 mur
2256 3749 2310 3803 in
2339 3759 2411 3803 te.
2437 3746 2740 3816 Diligemus
2760 3743 2932 3799 ubera
2963 3749 3053 3794 tua
3087 3736 3262 3807 magis
3291 3747 3456 3804 quam
3479 3730 3694 3784 vinum.

2107 3841 2404 3898 Rectitudo
2445 3837 2640 3893 dilexit
2675 3844 2750 3891 tc.
2801 3853 2818 3886 ι
2843 3833 2966 3888 Non
2992 3843 3190 3886 omnes
3210 3826 3305 3897 qui
3341 3820 3697 3881 crediderunt

2107 3943 2236 3992 sunt
2262 3937 2316 3989 in
2347 3932 2538 3988 eodem
2567 3927 2852 4000 dignitatis
2879 3923 3075 3996 gradu.
3113 3941 3132 3973 ι
3161 3920 3343 3975 Multa!
3360 3917 3530 3979 enim,
3558 3913 3698 3970 dicit

2095 4027 2384 4089 Christus,
2425 4020 2742 4077 mansiones
2769 4024 2901 4072 sunt
2928 4013 3072 4085 apud
3110 4009 3330 4066 Patrem
3365 4019 3548 4062 meum
3575 4006 3622 4068 ⁸,
3671 4022 3690 4054 ι

2104 4120 2211 4173 hoc
2243 4125 2349 4181 est,
2392 4114 2578 4168 multa:
2611 4111 2942 4180 dignitatum
2987 4102 3333 4160 differentiae.
3377 4097 3511 4152 Nam
3554 4094 3698 4149 alius

2105 4220 2192 4267 est
2227 4207 2366 4263 ordo
2406 4202 2876 4276 patriarcharum,
2916 4198 3064 4251 alius
3099 4194 3516 4264 prophetarum,
3549 4189 3697 4242 alius

2107 4301 2526 4373 apostolorum,
2589 4295 2733 4347 alius
2793 4298 3121 4358 martyrum.
3177 4286 3323 4339 alius
3359 4281 3696 4353 virginitatis

2106 4371 2306 4450 decore
2334 4386 2742 4462 praestantium,
2782 4382 2924 4434 alius
2956 4375 3292 4431 matrimonii
3332 4373 3522 4442 jugum
3566 4371 3698 4440 legi-

2107 4487 2238 4541 time
2261 4461 2638 4541 subeuntium,
2676 4474 2819 4528 alius
2864 4470 3010 4523 inter
3046 4465 3268 4521 divitias
3301 4462 3410 4516 Deo
3437 4461 3543 4531 33
3581 4475 3697 4515 scr-

2105 4576 2375 4635 vientium
2410 4571 2762 4638 fideliumque
2785 4566 3251 4635 dispensatorum,
3287 4558 3430 4612 alius
3461 4569 3698 4626 pauper-

2108 4668 2238 4724 tatis
2277 4664 2459 4720 varias
2502 4675 2783 4715 azrumnas
2829 4656 3044 4710 fortiter
3095 4648 3512 4710 sustinentium,
3556 4645 3696 4699 alius

2106 4759 2325 4816 civilem
2372 4750 2753 4808 excolentium
2793 4747 3071 4806 virtutem,
3109 4739 3252 4794 alius
3305 4738 3360 4792 in
3417 4734 3696 4790 montibus

2107 4850 2444 4922 degentium,
2467 4859 2530 4898 ac
2549 4841 2650 4898 soli
2669 4839 2872 4894 divinae
2893 4829 3693 4903 contemplationivacantium.

2105 4921 2288 5014 Atque
2319 4941 2373 4993 in
2410 4937 2498 4992 his
2531 4935 2671 5004 ipsis
2709 4932 2832 4984 vitae
2852 4926 3146 4998 generibus
3175 4923 3345 4978 multa
3375 4921 3694 4976 discrimina

2061 5011 2484 5106 reperiuntur,
2544 5041 2670 5082 cum
2730 5021 3018 5077 ardentius
3055 5019 3170 5082 alii,
3228 5015 3323 5069 alii
3383 5011 3694 5075 remissius,

2105 5128 2196 5184 alii
2221 5122 2562 5186 accuratius,
2580 5119 2668 5174 alii
2693 5112 3066 5186 negligentius
3089 5121 3318 5164 munera
3346 5120 3442 5161 sua
3471 5106 3693 5160 obeant.

2108 5216 2266 5287 Quod
2299 5213 2522 5286 quidem
2554 5210 2640 5266 vel
2670 5223 2733 5265 ex
2773 5204 2991 5262 Domini
3021 5201 3282 5273 parabola
3309 5197 3475 5254 facile
3498 5212 3694 5268 possu-

2165 5400 2189 5428 ο
2229 5382 2246 5436 l
2277 5384 2407 5439 Cor.
2435 5398 2498 5441 ll.
2521 5380 2606 5446 9,,
2648 5377 2737 5443 ιο,
2772 5374 2860 5431 l6.
2947 5372 2966 5412 τ
2999 5370 3213 5428 Coloss.
3248 5383 3314 5432 ιι,
3340 5368 3395 5424 3.
3479 5364 3503 5402 ε
3529 5359 3688 5417 Joan.

1763 5585 2000 5643 γΑιιιΑξ
2043 5587 2456 5646 LECTlONES.

455 5707 502 5793 ξ’
535 5705 668 5762 cod.
701 5704 1065 5793 κηλούμεναι.
1118 5705 1473 5793 λἸκρυπτῷ.
1496 5709 1558 5766 In
1601 5709 1730 5793 cod.
1755 5711 2007 5780 sequitur
2030 5711 2304 5781 expositio
2336 5711 2513 5793 trium
2534 5707 2813 5793 'Patrurn.‘
2880 5704 2928 5736 ⁵³
2965 5692 3292 5793 ἀγαπὶοοοᾶ,
3323 5703 3522 5793 Errant}

385 5777 434 5809 "
461 5777 644 5844 ἀγαπ.

686 5757 930 5848 μα’στούς
956 5794 1076 5830 σου.
1111 5757 1289 5833 Hebr.r
2341 5757 2405 5812 ’δέ
2908 5757 3289 5831 τοείίιυύίιιεε,
3322 5757 3402 5819 ἐς.
3430 5757 3523 5830 qui
3549 5760 3684 5815 rccli

390 5857 543 5903 sunt.
614 5847 664 5878 “
683 5845 804 5904 eod.
843 5848 1046 5904 ἄλλων.
1129 5849 1172 5881 ⁵⁷
1203 5849 1328 5904 ἄλλο
1353 5881 1419 5893 —-
1452 5850 1865 5919 διαπρεῲάντων
1893 5851 2008 5908 des.
2035 5852 2087 5908 iu
2120 5851 2242 5909 cod.
2270 5850 2464 5909 relicto
2493 5845 2690 5920 spatio.
