4088 6456
336 389 412 452 65
1465 391 1549 452 IN
1587 389 1978 454 CANTICUM
2011 393 2306 456 CANTIC.
2331 395 2478 461 LIB.
2519 396 2573 458 Ῑ.
3589 407 3673 474 66'

334 505 459 574 νην.
484 494 620 556 Εἶτα
648 499 760 571 τὴν
800 500 1214 572 κεκρυμμένην
1257 501 1432 574 αὐτῆς
1462 503 1736 574 διηγεῖται
1779 503 1952 568 δόξαν·

2062 507 2330 564 ιίεηιιιτς.
2349 508 2487 565 Hinc
2499 523 2720 580 quoque
2734 509 2878 567 idem
2897 510 3095 570 beatus
3106 514 3619 585 Apostolusclamat
3642 544 3658 582 :

339 614 361 647 ι
382 595 539 647 [lica
550 592 669 665 γὰρ
688 594 724 663 ὴ
742 592 879 658 δόξα
891 593 992 662 τῆς
1010 592 1288 665 θυγατρὸς
1300 593 1398 648 τοῦ
1420 593 1686 666 βασιλέως
1704 596 1952 652 ἔσωθεν.ι

2073 619 2093 653 ι
2107 602 2165 656 Si
2180 601 2235 656 in
2254 601 2356 657 hac
2370 609 2586 656 tantum
2602 603 2714 657 vita
2732 611 3021 674 Sperantes
3036 621 3232 664 sumus
3252 607 3306 663 in
3321 607 3544 670 Christo
3566 616 3660 670 mi-

332 682 561 753 Ἐπειδὴ
594 684 748 736 κατὰ
783 682 882 736 τὸν
910 685 1196 755 μακάριον
1219 683 1457 751 Παῦλον,
1488 703 1508 736 ι
1563 685 1626 739 Ἦ
1657 686 1772 758 ζωὴ
1805 687 1962 757 ἡμῶν

331 776 649 846 κέκρυπται
687 777 795 828 σὺν
833 775 919 846 τῷ
953 777 1181 848 Χριστῷ
1211 780 1272 831 ὲν
1299 780 1344 811 ⁸³
1371 779 1452 848 τῷ
1490 779 1644 850 Θεῷ⁶
1680 797 1699 832 3
1720 781 1864 833 κατά
1907 781 1966 835 δὲ

330 867 423 919 τὸν
453 866 704 937 παρόντα
731 866 857 933 βίον
893 867 1103 932 πάντες
1129 869 1182 920 οί
1206 867 1460 933 θέλοντες
1492 867 1739 932 εὐσεϐῶς
1785 869 1884 940 ζῇν
1906 872 1966 923 ἐν

331 958 560 1028 Χριστῷ
615 958 803 1028 Ἰησοῦ
870 957 1295 1031 διωχθήσονται.
1339 960 1432 1014 Διὸ
1468 961 1564 1014 καὶ
1615 961 1659 1028 ὁ,
1691 961 1967 1032 μακάριος

331 1051 552 1113 Παῦλος
574 1049 679 1120 βοᾷ
704 1065 718 1076 ·
753 1071 773 1101 ι
798 1051 863 1103 Et
892 1053 1038 1122 ὲντῇ
1064 1052 1180 1123 ζωῇ
1205 1052 1384 1123 ταύτῃ
1411 1051 1703 1122 ἠλπικότες
1721 1052 1890 1122 ἐσμὲν
1905 1055 1965 1107 ὲν

333 1143 560 1214 Χριστῷ
627 1143 828 1212 μόνον,
873 1143 1240 1214 ἐλεεινότεροι
1306 1146 1528 1199 πάντων
1578 1145 1768 1214 ἐσμέν.
1806 1164 1826 1198 3
1863 1145 1965 1200 Διά

333 1235 492 1288 τοῦτο
524 1235 630 1305 μέν
665 1250 830 1304 φησι’
871 1253 891 1288 ι
935 1237 1098 1289 Πᾶσα
1127 1237 1163 1306 ὴ
1203 1236 1333 1301 δόξα
1377 1237 1476 1306 τῆς
1530 1236 1799 1308 θυγατρὸς
1867 1237 1964 1292 τοῦ

334 1325 609 1395 βασιλέως
645 1324 866 1378 ἐσωθέν
922 1326 1076 1378 ἐστιν
1108 1325 1154 1357 ⁸⁸
1184 1365 1203 1390 ,
1254 1327 1314 1378 ὲν
1365 1327 1700 1397 κροσσωτοῖς
1742 1326 1965 1396 χρυσοῖς

332 1418 835 1489 ταριῦεὸλημένη,
876 1418 1284 1490 πεποικιλμένη
1318 1438 1334 1454 ο
1377 1438 1396 1471 3
1454 1411 1619 1474 πάλιν
1673 1419 1966 1492 κροσσωτά

331 1514 519 1584 χρυσᾶ
578 1513 680 1565 καὶ
745 1513 976 1567 ποικίλα
1007 1512 1080 1566 τά
1113 1512 1352 1583 διάφορα
1400 1514 1575 1581 λέγων
1620 1513 1960 1585 χαρίσματα.

331 1606 567 1668 Τούτοις
600 1605 715 1675 γὰρ
747 1604 1014 1676 ἐπιφέρει
1046 1621 1063 1636 ο
1098 1623 1118 1656 ι
1143 1604 1646 1675 Ἀπενεχθήσονται
1680 1603 1760 1675 τῷ
1806 1603 1962 1674 βασι-

334 1695 425 1750 λεῖ
474 1696 743 1766 παρθένοι
792 1695 979 1748 ὀπίσω
1007 1693 1182 1765 αὐτῆς
1207 1711 1220 1724 ·
1253 1695 1313 1748 al.
1362 1693 1591 1765 πλησίον
1621 1693 1814 1764 φαὺτῆς
1863 1694 1964 1748 ἀπε

333 1787 733 1858 ενεχθήσονταί
767 1803 855 1839 σοι
874 1786 944 1851 ⁸⁸,
960 1785 1429 1857 ἀπενεχθήσονται
1452 1787 1510 1839 ἐν
1532 1785 1844 1858 εὐφροσύνῃ
1866 1787 1963 1841 καὶ

2067 692 2421 750 serabiliores
2451 710 2643 751 sumus
2659 696 2917 752 omnibus
2941 697 3278 756 hominibus.
3311 720 3332 754 3
3361 701 3660 774 Propterea

2065 779 2202 836 dicit
2225 801 2238 836 :
2262 800 2281 832 ι
2304 781 2498 839 Omnis
2527 785 2702 855 gloria
2732 786 2855 841 lilia:
2875 788 3022 857 regis
3045 789 3194 845 intus
3216 799 3324 857 est,
3346 793 3401 846 in
3424 792 3660 850 fimbriis

2067 873 2275 939 aureis,
2300 876 2741 944 circumamicta,
2771 878 3054 947 variegata
3082 897 3097 944 ;
3134 900 3153 932 3
3193 882 3440 940 fimbrias
3459 901 3657 942 rursus

2068 980 2267 1022 aureas
2311 978 2366 1022 et
2426 969 2632 1032 varias,
2699 970 2918 1026 diversa
2985 971 3297 1044 intelligens
3355 978 3656 1047 gratiarum

2067 1059 2238 1114 dona.
2285 1057 2581 1130 Subjungit
2619 1061 2808 1116 enim:
2857 1081 2878 1113 ι
2915 1062 3230 1120 Allerentur
3263 1067 3378 1136 regi
3409 1069 3659 1138 virgines

2066 1157 2193 1220 post
2209 1165 2328 1205 eam
2352 1169 2367 1216 ;
2393 1152 2660 1222 proximae
2677 1152 2801 1222 ejus
2823 1154 3126 1210 all'erentur
3144 1157 3240 1212 tibi
3264 1176 3280 1224 ;
3315 1158 3659 1214 adducentur

2067 1241 2124 1297 in
2155 1242 2346 1297 laetitia
2385 1251 2440 1298 et
2467 1245 2868 1312 exsultatione;
2926 1248 3278 1304 adducentur
3309 1251 3363 1304 in
3391 1253 3655 1322 templum

2067 1333 2214 1404 regis
2245 1343 2294 1388 ι’.
2334 1353 2354 1385 3
2383 1333 2460 1388 Ex
2496 1335 2565 1390 iis
2595 1350 2717 1405 qua:
2741 1335 2888 1391 dicta
2934 1347 3085 1403 sunt,
3120 1348 3370 1409 apparet,
3414 1356 3513 1397 eos
3560 1343 3656 1412 qui

2065 1431 2368 1479 evaserunt
2427 1425 2480 1478 in
2520 1425 2702 1480 virum
2762 1426 3094 1496 perfectum,
3130 1429 3226 1498 qui
3282 1439 3554 1486 venerunt
3587 1433 3656 1487 ad

2067 1526 2386 1569 mensuram
2418 1515 2618 1576 aetatis,
2647 1523 2706 1570 ut
2761 1517 2959 1572 beatus
3010 1518 3088 1572 ait
3119 1517 3323 1575 Paulus
3356 1527 3405 1584 ³,
3450 1506 3657 1592 quique

2064 1600 2288 1658 virtutis
2313 1602 2708 1673 perfectionem
2740 1605 2920 1675 adepti
2965 1616 3120 1670 sunt,
3159 1623 3418 1678 sponsam
3467 1613 3656 1682 appel-

2065 1688 2214 1757 lari;
2257 1691 2352 1762 qui
2399 1707 2532 1747 vero
2561 1692 2804 1748 nondum
2852 1693 3248 1765 perfectionem
3281 1705 3412 1753 sunt
3459 1713 3656 1756 conse-

2065 1783 2204 1847 cuti,
2243 1793 2408 1854 atque
2433 1784 2545 1840 illis
2575 1795 2709 1842 sunt
2739 1787 3058 1854 inferiores,
3085 1804 3184 1845 eos
3224 1797 3490 1861 tauquam
3518 1793 3670 1846 ado-.

334 1851 669 1944 ἀγαλλίασει
688 1895 702 1908 ·
741 1877 1088 1947 ἀχθήσονται
1129 1851 1212 1940 είς
1230 1851 1369 1931 ’ναὸν
1404 1851 1692 1946 βασιλέως.
1717 1894 1738 1930 3
1782 1851 1952 1946 έύδη-

2061 1851 2402 1934 lescentulas
2424 1880 2698 1949 quasdam
2735 1894 2999 1950 sponsam
3021 1851 3296 1947 comitari,
3320 1851 3535 1939 omnem
3565 1885 3656 1939 he-

333 1969 426 2022 λον
446 1969 633 2022 τοίνυν
664 1971 732 2022 ὲκ
772 1968 890 2023 τῶν
928 1969 1267 2040 εἰρημένων,
1298 1967 1373 2031 ὡς
1399 1967 1452 2020 oi
1507 1967 1610 2038 μὲν
1646 1967 1958 2037 φθάσαντες

334 2061 414 2122 είς
441 2060 618 2130 ἄνδρα
644 2060 886 2124 τέλειον,
930 2061 1013 2125 είς
1053 2059 1258 2132 μέτρον
1287 2059 1527 2129 ἡλικίας,
1552 2060 1698 2114 κατὰ
1723 2059 1817 2113 τὸν
1849 2077 1956 2131 μα-

334 2151 527 2221 κάριον
550 2149 801 2213 Παῦλον,
833 2150 933 2203 xal.
951 2152 1052 2219 τῆς
1072 2149 1278 2220 ἀρετῆς
1306 2149 1406 2222 τὴν
1455 2148 1772 2220 τελειότητα
1819 2167 1954 2220 κτη-

334 2246 586 2315 σάμενοι,
621 2242 822 2312 νύμφη
855 2239 1392 2312 προσαγορεύονται·
1409 2241 1458 2293 οί
1486 2240 1544 2292 δὲ
1579 2241 1750 2311 μήπω
1778 2241 1822 2271 ⁶⁶
1858 2239 1955 2312 τὴν

328 2334 664 2404 τηλειότητα
724 2331 1072 2401 φθάσαντες,
1125 2329 1268 2384 ἀλλά
1319 2329 1527 2383 τούτων
1575 2329 1956 2401 ὑποδεέστεροι

329 2427 727 2496 τυγχάνοντες,
792 2419 914 2477 οἶόν
961 2439 1109 2486 τινες
1167 2421 1414 2485 νεάνιδες
1470 2422 1830 2477 ἀκολουθοῦσι
1887 2424 1953 2493 τῇ

335 2518 556 2588 νύμφῃ,
587 2521 766 2571 πᾶσαν
803 2515 1025 2569 εὔνοιαν
1063 2515 1163 2569 καὶ
1201 2514 1594 2586 φιλοστοργίαν
1617 2514 1744 2586 περί
1776 2531 1835 2567 τε
1865 2515 1957 2567 αὑ·

334 2614 442 2683 τὴν
485 2613 583 2665 καὶ
633 2612 722 2664 τὸν
764 2611 1011 2682 νυμφίον
1055 2610 1101 2642 ⁸⁷
1163 2609 1617 2680 ἐπιδεικνύμεναι,
1648 2609 1712 2667 ⁸³.
1773 2628 1791 2660 ι
1831 2609 1955 2661 Εἰσ-

332 2702 536 2771 ἠνεγκέ
555 2718 625 2771 με
648 2701 678 2752 ό
696 2700 964 2770 βασιλεὺς
991 2701 1074 2764 εἰς
1097 2698 1159 2753 τὸ
1177 2701 1429 2768 ταμιεῖον
1451 2694 1640 2751 αὐτοῦ.
1678 2695 1958 2765 Ἀγαλλια-

334 2793 558 2862 σὼμεθα
570 2794 667 2846 καί⁵
680 2791 1090 2864 εὐφρανθῶμεν
1104 2793 1162 2845 ὲν
1175 2791 1281 2844 σοί.
1294 2810 1312 2843 3
1322 2793 1396 2843 Οὐ
1410 2793 1517 2864 γὰρ
1529 2788 1952 2860 ζηλοτυποῦσιν,

331 2887 456 2940 οὐδὲ
478 2884 774 2954 φθονοῦσιν
798 2886 870 2948 δ’,
896 2883 1002 2949 ἔξω
1033 2883 1314 2954 μείνασαι,
1347 2882 1444 2935 καὶ
1474 2883 1700 2952 μηδέπω
1729 2880 1830 2950 τῆς
1848 2897 1954 2933 πα-

335 2978 524 3041 στάδος
542 2976 842 3046 τυχοῦσαν
866 2975 986 3029 ἀλλ’
1010 2974 1422 3046 εὐφραίνονται,
1447 2975 1538 3026 καὶ
1561 2973 1954 3042 ἀγαλλιῶνται.

332 3073 428 3124 καὶ
443 3073 746 3140 γαννυνται
777 3070 875 3122 ὲπὶ
894 3072 963 3139 τῇ
993 3070 1130 3140 τιμῇ
1158 3067 1257 3136 τῆς
1275 3066 1515 3137 νύμφης,
1544 3065 1639 3118 καὶ
1656 3063 1954 3136 ἀρκοῦνται

328 3163 408 3234 τῷ
429 3163 536 3233 τῆς
569 3163 803 3233 ἡδίστης
829 3161 1003 3230 αὑτῆς
1025 3158 1323 3214 ἀπολαύειν
1357 3158 1560 3228 φωνῆς.
1591 3157 1682 3209 Διὸ
1711 3156 1950 3225 ἐπάγου-

2057 1970 2428 2026 nevolentiam
2463 1979 2632 2041 atque
2678 1986 2926 2027 amorem
2963 1979 3080 2027 tum
3113 1987 3244 2042 erga
3288 1973 3488 2044 ipsam,
3533 1983 3650 2030 tum

2057 2071 2190 2128 erga
2243 2072 2511 2127 sponsum
2568 2058 2905 2117 indicantes.
2942 2079 2962 2112 ι
2996 2061 3311 2118 Introduxit
3341 2078 3430 2120 me
3464 2080 3560 2120 rex
3595 2068 3650 2120 in

2058 2148 2376 2204 cubiculum
2413 2165 2578 2206 suum
2613 2168 2628 2206 :
2665 2151 3010 2209 exsultemus
3041 2159 3096 2208 et
3133 2153 3383 2209 laetemur
3413 2155 3471 2210 in
3510 2162 3564 2210 te
3625 2175 3646 2208 3

2057 2237 2182 2294 Non
2230 2239 2377 2296 enim
2435 2241 2788 2306 :emulantur,
2847 2258 2958 2298 non
3012 2245 3286 2309 invident,
3327 2247 3460 2302 dum
3513 2245 3650 2304 foris

2058 2337 2304 2396 manent,
2327 2344 2428 2384 nec
2453 2331 2509 2384 in
2536 2331 2838 2385 thalamum
2871 2334 3243 2389 admittuntur
3267 2353 3282 2390 :
3305 2336 3402 2392 sed
3423 2346 3650 2407 prOpter

2060 2419 2328 2475 honorem
2381 2436 2603 2492 sponsae
2639 2422 2899 2477 laetantur
2933 2433 2989 2479 et
3017 2425 3320 2492 exsultant,
3354 2435 3409 2481 et
3443 2429 3650 2498 gaudio

2060 2511 2420 2580 triumphant.
2455 2513 2828 2584 praaclareque
2878 2530 3066 2570 secum
3111 2517 3198 2587 agi
3235 2525 3455 2587 putant,
3498 2518 3647 2588 quod

2053 2601 2454 2672 iucundissima
2495 2605 2670 2673 ipsius
2703 2621 2839 2660 voce
2868 2605 3243 2676 perfruantur.
3285 2608 3477 2678 Itaque
3499 2626 3519 2661 ι
3553 2609 3648 2664 Di-

2058 2691 2312 2762 ligemus,
2342 2694 2622 2763 inquiunt,
2651 2697 2820 2751 ubera
2853 2706 2946 2751 tua
2977 2700 3150 2770 magis
3181 2714 3347 2769 quam
3378 2700 3592 2756 vinum.
3621 2719 3643 2754 3

2060 2781 2125 2836 Et
2149 2800 2272 2853 qme
2303 2787 2472 2840 verba
2503 2803 2709 2858 sponsa
2742 2788 2894 2843 dixit
2925 2805 3157 2860 sponso,
3185 2806 3248 2847 ea
3281 2791 3416 2862 ipse
3448 2793 3649 2848 dicunt

2057 2872 2166 2944 36
2189 2889 2428 2943 sponsae,
2456 2891 2522 2930 ex
2555 2892 2653 2931 sua
2680 2878 2734 2930 in
2769 2879 2922 2932 illam
2954 2878 3344 2935 benevolentia
3381 2888 3435 2937 et
3458 2897 3647 2938 amore

2058 2966 2249 3034 sponsi
2276 2980 2520 3021 amorem
2548 2983 2612 3021 ac
2641 2969 3080 3025 benevolentiam
3120 2971 3459 3029 haurientes.
3484 2974 3650 3029 Chri-

2058 3063 2180 3111 stus
2211 3057 2355 3112 enim
2391 3057 2458 3111 ad
2490 3059 2770 3128 apostolos
2807 3076 2820 3112 :
2854 3079 2872 3112 ι
2911 3060 3016 3128 Qui
3059 3076 3182 3128 vos,
3210 3063 3412 3132 inquit,
3466 3066 3648 3120 susci-

2058 3147 2159 3216 pit,
2214 3163 2300 3202 me
2339 3150 2574 3220 suscipit
2610 3151 2657 3217 t;
2697 3170 2715 3200 3
2766 3163 2819 3207 et
2852 3171 2864 3206 ι
2906 3151 3294 3224 «Quicunque
3344 3158 3647 3226 potandum

328 3270 418 3308 σιν
447 3271 462 3284 ο
511 3273 533 3304 ι
560 3249 964 3324 Ἀγαετήσομεν
992 3249 1235 3321 μαστούς
1267 3267 1362 3302 σου
1390 3249 1530 3318 ὑπὲρ
1571 3246 1736 3303 οἶνον.
1783 3270 1800 3300 3
1834 3248 1946 3301 Καὶ

2055 3238 2268 3294 dederit
2291 3241 2522 3294 calicem
2553 3254 2711 3312 aquae
2743 3242 2956 3312 frigidae
2990 3245 3084 3298 uni
3115 3261 3177 3300 ex
3216 3249 3461 3314 parvulis
3501 3249 3644 3315 istis,

329 3343 474 3417 ὅπερ
504 3345 648 3415 αῦτη
677 3344 759 3415 τῷ
793 3342 1018 3414 νυμφίῳ
1075 3342 1202 3414 ἔφη,
1239 3341 1399 3395 τοῦτο
1452 3337 1612 3394 αὗται
1639 3342 1703 3411 τῇ
1759 3339 1950 3412 νύμφῃ

2055 3330 2144 3399 qui
2189 3331 2244 3384 in
2281 3346 2368 3386 me
2405 3332 2660 3397 credunt,
2695 3349 2853 3388 amen
2902 3335 3028 3390 dico
3077 3338 3258 3399 vobis,
3301 3353 3410 3394 non
3457 3341 3648 3410 perdet

331 3439 490 3504 φασὶ,
512 3437 603 3490 διὰ
628 3437 733 3508 τὴν
758 3438 894 3508 περὶ
920 3435 1090 3506 αὐτὴν
1125 3433 1341 3488 εὔνοιαν
1362 3434 1409 3464 ⁷⁰
1430 3435 1524 3487 καὶ
1558 3433 1818 3505 στοργὴν,
1847 3427 1944 3485 τοῦ

2055 3424 2356 3479 mercedem
2393 3441 2548 3480 suam
2579 3434 2632 3482 ιι.
2673 3446 2692 3478 3
2734 3425 2966 3497 Sponsae
3005 3429 3172 3484 ubera
3209 3445 3408 3486 rursus
3458 3431 3649 3485 adole-

331 3529 576 3598 νυμφίου
599 3529 704 3598 τὴν
730 3526 954 3580 εὔνοιαν
998 3525 1406 3596 ὲπισπώμεναι.
1453 3525 1591 3593 Φησὶ
1637 3525 1748 3594 γὰρ
1796 3524 1890 3576 καὶ
1917 3523 1948 3576 ὁ

335 3620 575 3692 Χριστὴ
607 3620 726 3682 τοῖς
759 3618 1086 3680 ἀποστόλοις
1115 3634 1128 3646 ·
1176 3635 1195 3668 ι
1242 3617 1301 3670 Ὀ
1322 3615 1610 3686 δεχόμενος
1645 3615 1810 3684 ὑμᾶς,
1845 3614 1947 3683 ἐμὲ

332 3713 554 3782 δέκεται
584 3727 598 3738 °
643 3730 664 3762 3
701 3711 820 3773 καί,
856 3728 876 3762 ι
914 3711 1012 3773 ’ος
1047 3708 1114 3762 ἂν
1161 3707 1364 3779 ποτίσῃ
1417 3706 1677 3776 ποτήριον
1729 3703 1944 3774 ψυχροῦ

333 3805 431 3856 ἕνα
489 3803 603 3856 τῶν
641 3802 860 3872 μικρῶν
905 3800 1116 3854 τούτων
1145 3799 1253 3852 τῶν
1310 3797 1676 3852 πιστευόντων
1703 3795 1784 3858 είς
1821 3796 1944 3864 ἐμὲ,

333 3897 484 3966 ἀμὴν
513 3895 665 3962 λέγω
695 3894 850 3963 ὑμῖν,
869 3892 931 3945 ού
964 3891 1040 3962 μὴ
1076 3889 1321 3961 ἀπολέσῃ
1351 3889 1444 3942 τὸν
1477 3887 1669 3960 μισθὸν
1701 3886 1892 3941 αὑτοῦ.
1921 3907 1939 3940 3

332 3987 594 4048 ὶίαστοὺς
620 3983 683 4035 δὲ
713 3984 879 4036 πάλιν
911 3982 1012 4053 τῆς
1045 3980 1268 4051 νύμφης
1309 3981 1364 4032 αἱ
1415 3977 1657 4042 νεάνιδες
1714 3976 1944 4042 καλοῦσι

330 4081 456 4141 τοὺς
477 4077 581 4146 τῆς
610 4074 973 4136 διδασκαλίας
1009 4072 1296 4143 κρουνοὺς,
1338 4071 1466 4132 τοὺς
1527 4068 1769 4131 ἀπάσαις
1823 4071 1944 4131 ταῖς

331 4168 573 4239 ἡλικίαις
607 4169 681 4222 τά
704 4166 998 4238 πρόσφορα
1024 4164 1359 4234 προχέοντας
1385 4163 1604 4234 νάματα
1635 4176 1650 4192 ο
1696 4159 1793 4212 καὶ
1843 4159 1945 4211 ὑπ-

337 4261 654 4330 ισχνοῦνται
686 4259 1002 4327 ἀγαπήσειν
1018 4255 1116 4326 τῆς
1145 4254 1366 4324 νύμφης
1382 4255 1509 4316 τοὺς
1538 4253 1777 4324 μαστοὺς
1803 4253 1944 4322 ὑπὲρ

333 4355 520 4406 πᾶσαν
557 4350 922 4422 ἀνθρωπίνην
943 4346 1308 4419 εὐφροσύνην.
1335 4345 1511 4398 Τοῦτο
1539 4345 1648 4416 γὰρ
1666 4343 1944 4416 τροπικῶς

332 4437 539 4504 ὁοίνος
586 4437 949 4508 ὀνομάζεται,
1011 4438 1040 4490 ὁ
1090 4435 1396 4504 εὐφραίνων
1453 4424 1942 4505 καρδίαν¹ἁνθρώ⁸

2052 3516 2319 3570 seentulae
2349 3517 2625 3587 appellant
2647 3517 2956 3586 disciplinae
2983 3518 3184 3585 fontes,
3205 3535 3270 3576 ex
3295 3522 3646 3592 quibuslati-

2049 3619 2144 3659 ces
2187 3607 2445 3661 omnibus
2475 3609 2729 3663 aetatibus
2771 3609 2934 3664 utiles
2983 3620 3264 3666 emanant.
3300 3611 3644 3667 Pollicentizr

2050 3704 2233 3750 autem
2285 3712 2346 3752 se
2380 3715 2600 3768 sponsae
2638 3701 2810 3756 ubera
2846 3703 3042 3772 magis.
3075 3717 3240 3772 quam
3276 3720 3498 3762 omnem
3538 3705 3644 3760 liu-

2047 3803 2265 3842 manam
2316 3792 2560 3846 laetitiam
2592 3793 2922 3848 dilecturas.
2963 3793 3017 3848 ld
3049 3796 3194 3849 enim
3227 3797 3523 3866 allegorice
3565 3799 3647 3851 vi-

2047 3894 2176 3933 num
2219 3881 2440 3940 dicitur.
2488 3885 2634 3951 quod
2692 3883 2936 3939 hominis
2987 3898 3086 3939 cor
3122 3885 3398 3940 exhilarat
3431 3895 3480 3941 ν.
3515 3886 3642 3941 Haec

2047 3979 2226 4025 autem
2259 3980 2373 4026 tum
2403 3974 2456 4027 in
2486 3972 2676 4028 Veteri
2703 3984 2756 4029 et
2773 3974 2926 4030 Novo
2960 3975 3315 4032 Testamento
3344 3979 3488 4034 facta
3516 3994 3644 4035 esse

2047 4064 2341 4125 novimus,
2403 4073 2515 4118 tum
2569 4067 2805 4136 singulis
2853 4068 3046 4123 diebus
3084 4068 3200 4124 fieri
3249 4071 3640 4141 perspicimus.

2045 4152 2192 4207 Deus
2235 4154 2380 4207 enim
2419 4156 2470 4207 in
2503 4155 2688 4210 Veteri
2727 4155 3088 4212 Testamento
3123 4161 3414 4230 prophetis
3448 4160 3639 4217 futura

2047 4239 2402 4309 patefaciens.
2424 4259 2516 4312 per
2535 4245 2685 4312 ipsos
2700 4244 3036 4309 hominibus,
3063 4247 3157 4314 qui
3191 4256 3324 4303 tunc
3353 4249 3636 4314 vivebant,

2023 4332 2252 4385 ‘rectam
2286 4333 2502 4387 vivendi
2553 4334 2828 4388 rationem
2860 4337 3212 4390 ostendebat.
3255 4336 3322 4390 Et
3357 4338 3639 4407 propheta:

2046 4421 2266 4490 quidem
2325 4425 2428 4492 ipsi
2468 4425 2746 4480 cubiculis
2791 4432 2846 4479 et
2887 4427 3108 4481 arcanis
3139 4425 3233 4483 Dei
3289 4427 3632 4494 fruebantur,

335 4551 464 4587 που.
528 4532 694 4585 Ἐστι
735 4531 796 4583 δὲ
827 4527 1004 4582 ταῦτα
1042 4527 1141 4582 καὶ⁸
1167 4528 1224 4580 ὲν
1256 4528 1322 4598 τῇ
1348 4526 1563 4596 Παλαιᾷ
1589 4525 1683 4578 καὶ
1711 4526 1769 4578 ὲν
1797 4526 1840 4556 "‘
1872 4525 1940 4595 τῇ

2055 4523 2212 4584 atque
2249 4523 2512 4570 exeuntes
2550 4515 2878 4570 mortalibus
2917 4531 3002 4582 ea,
3047 4534 3170 4591 quae
3200 4519 3306 4573 sibi
3357 4520 3634 4590 patefacta

334 4623 453 4694 Νέᾳ
474 4622 735 4693 Διαθήκῃ
752 4619 1106 4691 γεγενημένα
1128 4617 1494 4689 καταμαθεῖν,
1528 4617 1623 4671 καὶ
1653 4616 1776 4671 καθ’
1805 4617 1938 4670 ὲκά-

338 4732 472 4786 στην
502 4714 564 4767 δὲ
591 4714 816 4785 ἡμέραν
847 4713 1113 4783 γινόμενα
1147 4709 1471 4764 θεάσασθαι.
1495 4707 1586 4762 Ἐν
1617 4708 1719 4779 μὲν
1740 4707 1848 4780 γὰρ
1874 4710 1940 4780 τῇ

337 4805 556 4874 Παλαιᾷ
581 4805 700 4866 τοῖς
734 4804 1045 4874 προφήταις
1065 4803 1094 4854 ό
1115 4800 1248 4865 Θεὸς
1273 4798 1680 4854 ἀποκαλύπτων
1711 4798 1779 4853 τὰ
1811 4799 1942 4869 μέλ-

336 4889 523 4952 λοντα,
549 4889 619 4943 δι’
655 4889 840 4944 αὐτῶν
867 4891 996 4952 τοὺς
1036 4887 1294 4960 τηνικάδε
1338 4886 1663 4959 ἀνθρώπους
1713 4886 1774 4939 τὸ
1824 4886 1942 4940 δέον

336 4974 616 5034 ἐδίδασκε.
644 4979 762 5034 Καὶ
787 4980 838 5033 οί
876 4979 976 5050 μὲν
1021 4979 1132 5033 τῶν
1165 4977 1435 5049 ταμιείων
1475 4978 1569 5030 καὶ
1602 4976 1943 5048 ἀποκρύφων

336 5071 629 5142 ἀπήλαυον
661 5069 758 5123 τοῦ
785 5069 948 5135 Θεοῦ,
975 5071 1067 5124 καὶ
1096 5069 1332 5136 ἐξιόντες
1357 5069 1546 5137 ἔλεγον
1573 5069 1686 5132 τοῖς
1730 5067 1946 5138 ἀνθρώ-

335 5181 464 5227 ποις
488 5164 561 5217 τά
588 5162 1097 5233 ἀποκαλυπτόμενα
1129 5162 1224 5217 καὶ
1253 5163 1299 5194 ⁷¹
1338 5160 1670 5232 δηλούμενα.
1727 5161 1819 5214 Διὸ
1849 5159 1945 5215 καὶ

333 5257 367 5309 ὁ
402 5254 573 5308 Δασὶδ
597 5254 735 5326 πρὸς
761 5255 854 5308 τὸν
887 5253 1022 5305 Θεόν
1043 5270 1179 5324 φησι
1212 5269 1226 5283 ο
1259 5270 1280 5304 ι
1306 5252 1388 5306 Τά
1417 5251 1585 5322 ἄδηλα
1608 5254 1701 5306 καὶ
1720 5248 1789 5303 τά
1809 5251 1946 5324 κρύ-

404 5411 435 5454 σι
477 5401 518 5455 Il
551 5400 700 5456 Tim.
734 5418 834 5466 in,
874 5401 970 5468 12;
1024 5399 1202 5455 lCor.
1237 5415 1328 5464 xv,
1377 5399 1458 5454 l9.

333 5485 410 5539 xx,
447 5473 545 5528 41.
647 5481 674 5510 ν
705 5471 860 5530 Ρειιί.
900 5487 1021 5539 cm,
1053 5473 1142 5526 15.
1220 5484 1247 5513 ι
1274 5471 1422 5526 l’sal.
1454 5485 1508 5536 L,
1543 5471 1599 5524 ti.

2044 4606 2433 4678 declarataquc
2481 4607 2732 4673 fuerant,
2786 4609 3133 4689 indicabant.
3186 4609 3537 4681 Quapropter
3581 4620 3637 4666 et

2047 4697 2215 4753 David
2250 4697 2380 4763 Deo,
2404 4716 2423 4750 ι
2461 4699 2754 4767 Abstrusa,
2784 4701 2988 4772 inquit,
3016 4709 3072 4757 et
3099 4703 3316 4757 occulta
3352 4704 3638 4773 sapientiae

2044 4799 2152 4846 tuae
2183 4792 2554 4848 manifestasti
2578 4794 2711 4848 mihi
2743 4802 2791 4850 κ.
2832 4813 2851 4847 3
2888 4794 2990 4860 Qui
3021 4811 3150 4851 vero
3196 4811 3295 4867 per
3340 4797 3636 4866 prophetas

2045 4883 2244 4940 divinae
2273 4885 2606 4958 cognitionis
2629 4885 2792 4958 aquis
2825 4886 3227 4957 irrigabantur,
3255 4887 3545 4958 pr0phetis
3574 4897 3635 4941 ut

2047 4973 2146 5030 Dei
2193 4982 2356 5045 atque
2405 4977 2690 5033 hominum
2726 4978 3088 5033 internuntiis
3122 4980 3368 5033 animum
3405 4980 3636 5033 adhibe-

2046 5065 2181 5121 bant
2217 5083 2231 5121 :
2265 5068 2501 5137 apostoli
2539 5082 2761 5139 quoque
2796 5068 2986 5123 divino
3020 5067 3260 5123 Numine
3295 5069 3488 5136 alllati,
3522 5070 3638 5138 pie-

2046 5156 2175 5211 tatis
2197 5157 2451 5212 nuntium
2484 5173 2583 5228 per
2609 5174 2806 5214 omnes
2826 5158 3079 5214 homines
3111 5167 3480 5230 pervagantes
3507 5176 3631 5230 pm-

2051 5247 2391 5318 mulgarunt.
2440 5251 2620 5322 Atque
2659 5250 2896 5322 apostoli
2942 5249 3166 5322 quidem
3215 5249 3434 5307 Domini
3483 5252 3634 5308 frue-

1558 5410 1581 5437 ν
1615 5398 1762 5456 Psal.
1796 5415 1952 5466 xciv,

2055 5400 2084 5465 ι,
2127 5397 2217 5455 15.
2295 5403 2320 5434 ⁸
2350 5395 2547 5469 Ephcs.
2583 5397 2670 5467 tvf,
2700 5397 2786 5452 l3.
2869 5399 2888 5434 ⁸
2921 5394 3110 5452 Matth.
3144 5409 3176 5450 ι
3198 5433 3214 5461 ,
3243 5395 3334 5451 40.
3409 5403 3437 5432 ιι
3461 5393 3631 5451 Marc.

1699 5587 1932 5643 VABIAB
1970 5584 2376 5644 LECTIONES.

402 5681 450 5712 ⁸⁸
481 5683 542 5735 ἐν
560 5683 720 5738 abest
755 5699 786 5739 a
820 5682 949 5739 cod.
1013 5681 1228 5734 ’δὲστιν
1257 5680 1376 5736 des.
1413 5681 1547 5737 ibid.
1625 5681 1671 5712 "
1709 5684 1806 5735 ἀπ.
1841 5699 1940 5734 σοι.
1971 5697 2001 5734 e
2035 5680 2158 5750 cod.
2180 5692 2343 5750 ‘supp.
2417 5679 2462 5711 “
2492 5679 2616 5734 cod.
2651 5679 2895 5750 μηδέπω.
2965 5677 3010 5750 ’ζ
3027 5674 3279 5745 νυμφίον.
3301 5671 3460 5750 codd.
3503 5670 3630 5726 add.

332 5755 520 5824 αὑτῆς.
602 5755 650 5789 ⁸⁸
688 5755 837 5808 ἐπιδ.
874 5755 931 5808 lu
967 5755 1096 5807 cod.
1118 5767 1274 5821 sequ.
1303 5766 1358 5805 et

336 5822 456 5875 "tv
493 5823 651 5879 abest
677 5843 708 5881 ει
740 5827 874 5881 cod.
934 5823 982 5855 ⁷⁹
1009 5822 1126 5876 καί.
1155 5821 1277 5878 cod.
1305 5821 1358 5892 ἧ.

602 5753 650 5789 ⁸⁸
688 5755 837 5808 ἐπιδ.
874 5754 931 5808 lu
967 5752 1096 5807 cod.
1118 5767 1274 5822 sequ.
1303 5754 1577 5822 etpositio
1596 5751 1765 5809 trium
1785 5751 2039 5806 Patrum.
2112 5749 2158 5782 "
2189 5742 2345 5820 φθον.
2373 5742 2808 5822 εοᾶ.φρονόὗσιν.
2878 5750 2925 5783 ⁷⁸
2954 5742 3187 5800 εὔνοιάν.
3218 5745 3339 5800 θυαε
3368 5742 3630 5796 διάνοιανο
