4088 6462
423 398 492 461 67
1461 388 1949 448 TI-lEUDUliE'l‘l
1979 389 2320 445 Ei’leUl’l
2359 386 2725 445 CYBENSIS
3635 382 3705 445 63

416 499 960 574 δαηιυιιόυὺῖοιιῐίε,
998 504 1377 578 apostolorum
1418 513 1600 558 autem
1634 499 1916 555 auditores
1948 514 2014 555 ex

2122 518 2217 570 φια
2247 502 2345 570 τῆς
2380 499 2571 567 σοφίας
2607 513 2699 550 σου
2730 493 3006 564 ὲδήλωσάς
3032 510 3144 563 μοι.
3175 512 3192 544 ι
3231 495 3292 546 υί
3323 492 3382 546 δὲ
3403 492 3492 546 διά
3517 492 3562 524 ⁷³
3593 495 3703 547 τῶν

417 604 672 659 fontibus
705 599 1051 671 apostolicis,
1082 609 1346 667 tanquam
1387 609 1456 649 ex
1485 593 1751 648 uberibus
1781 591 2016 661 quibus-

409 696 570 760 .dam,
603 694 914 747 doctrinam
936 691 1044 761 37
1070 690 1218 744 omni
1243 689 1370 742 vino
1395 700 1458 740 ac
1484 685 1674 739 laetitia
1700 683 2014 739 suaviorem

405 786 772 850 yitauricbant.
822 783 939 838 Hoc
980 785 1108 836 item
1159 790 1406 848 tempore
1449 777 1711 832 Ecclesia:
1756 776 2014 831 doctores

409 878 640 931 'divinos
687 876 882 930 latices
919 873 1120 943 populo
1169 871 1604 926 subministrant
1645 877 1906 938 tanquam
1947 884 2012 922 ex

421 966 720 1021 reconditis
743 963 1073 1034 quibusdam
1099 961 1280 1016 cellis.
1305 961 1412 1027 Qui
1436 970 1620 1014 autem
1654 959 1856 1014 fruitur
1881 959 2011 1025 illis,

423 1066 686 1128 tanquam
713 1073 778 1110 ex
814 1055 1076 1110 uberibus
1098 1053 1386 1124 spirituale
1413 1053 1638 1107 attrahit
1666 1053 2008 1114 alimentum,

425 1151 589 1219 idque
618 1148 766 1201 omni
801 1147 1039 1201 humana
1071 1146 1437 1200 oblectatione
1461 1145 1761 1214 jucundius
1778 1144 2015 1197 arbitra-

427 1249 534 1293 tur.
576 1237 788 1292 Idcirco
820 1245 875 1292 et
905 1237 958 1290 in
988 1235 1238 1290 Canticis
1268 1249 1490 1303 sponsa,
1529 1253 1546 1283 ι
1586 1232 1895 1286 Introduxit
1927 1246 2013 1285 me

425 1347 543 1393 rex,
592 1330 792 1398 inquit,
843 1319 1260 1381 in'cubiculum
1295 1342 1476 1380 suum.
1524 1344 1541 1376 ι
1576 1323 2013 1378 Adolescenlula:

423 1436 558 1473 vero
579 1420 946 1489 respondent:
982 1439 1000 1470 ι
1035 1419 1386 1473 Exsultemus
1410 1425 1464 1471 et
1488 1418 1734 1470 lmtemur
1761 1416 1814 1467 in
1839 1423 1892 1468 te
1914 1423 1958 1472 ξ.
1990 1433 2006 1464 ι

2119 590 2416 664 προφητῶν
2447 591 2556 644 τῶν
2584 589 2743 642 θείων
2765 585 3022 656 ναμάτων
3049 585 3436 650 ἀπολαύοντες,
3489 585 3565 648 ὼς
3603 601 3703 656 με·

2121 683 2296 744 σίταις
2319 680 2454 734 Θεοῦ
2489 681 2584 734 καὶ
2618 678 2922 751 ἀνθρώπων
2971 679 3084 740 τοῖς
3140 677 3451 748 προφήταις
3485 678 3705 748 προσεῖ-

2118 791 2209 846 χον
2237 789 2252 806 ⁶
2285 773 2378 825 καὶ⁸
2398 773 2446 825 οί
2473 770 2760 825 ἀπόστολοι
2787 768 2864 834 δὲ,
2897 767 3156 832 ὡσαύτως
3181 767 3366 822 θεόθεν
3392 767 3702 838 ἐμπνεόμε-

2116 878 2215 922 νοι,
2251 859 2353 928 τῆς
2384 858 2666 920 εὐσεϐείας
2680 857 2743 910 τὸ
2769 858 3031 926 κηρυγμα
3061 858 3140 919 είς
3176 855 3425 920 ἅπαντας
3452 856 3578 920 τοὺς
3612 857 3704 909 άν-

2117 949 2367 1022 θρώπους
2391 949 2548 1002 τοῦτο
2581 947 3076 1020 διαπορθμεύοντες
3101 947 3430 1002 διετέλεσαν.
3497 947 3608 1000 Καὶ
3648 949 3700 1001 oi

2119 1043 2218 1114 μὲν
2244 1042 2529 1095 ἀπόστολοι
2560 1042 2670 1095 τῶν
2699 1040 3050 1094 Δεσποτικῶν
3080 1041 3360 1111 ἀπήλαυον
3391 1037 3657 1108 ταμιείων
3683 1054 3698 1068 ·

2114 1137 2162 1187 οί
2197 1134 2254 1187 δὲ
2274 1133 2480 1187 τούτων
2510 1132 2780 1204 ἀκροαταὶ
2826 1131 2933 1184 τῶν
2973 1130 3346 1185 ἀποστολικῶν
3405 1130 3702 1201 ἐτύγχανον

2116 1226 2384 1298 κρουνῶν,
2413 1220 2524 1279 οἷόν
2553 1243 2716 1280 τινων
2773 1223 2994 1294 μαστῶν
3025 1223 3225 1286 παντὸς
3262 1223 3406 1277 οῐνου
3456 1223 3551 1276 καὶ
3591 1223 3702 1276 πά-

2117 1336 2217 1390 σης
2245 1316 2585 1388 εὐφροσύνης
2610 1316 2975 1386 τιμιωτέρων.
3000 1315 3112 1368 Καὶ
3141 1315 3284 1368 κατὰ
3325 1315 3416 1367 τὸν
3460 1315 3704 1385 παρόντα

2114 1411 2170 1462 δὲ
2197 1410 2408 1479 καιρὸν,
2433 1411 2482 1460 οἱ
2511 1409 2611 1478 τῆς
2653 1407 2980 1476 Ἐκκλησίας
3009 1405 3318 1459 διδάσκαλοι
3341 1404 3412 1458 τὰ
3455 1405 3574 1458 θεία
3610 1405 3704 1458 νά·

423 1511 489 1564 Et
527 1512 885 1580 pollicentur,
950 1511 1241 1564 dicentes:
1285 1528 1302 1560 ι
1346 1507 1643 1574 Diligetuus
1698 1504 1864 1558 ubera
1921 1513 2011 1558 tua

2120 1518 2264 1571 ματα
2283 1500 2654 1572 προσφέρουσι
2670 1499 2748 1570 τῷ
2763 1498 2897 1570 λαῷ,
2922 1500 3072 1551 ῶσπε
3081 1517 3112 1569 ρ
3142 1497 3204 1551 ἐκ
3227 1515 3391 1552 τινων
3416 1499 3698 1568 ταμιείων.

425 1593 600 1672 magis
632 1617 796 1670 quam
832 1603 1021 1655 vinum
1050 1619 1063 1654 :
1099 1619 1119 1651 ι
1147 1615 1484 1668 causamque
1534 1597 1772 1652 aﬂ‘erunt
1807 1615 1820 1649 :
1851 1617 1868 1649 t
1909 1595 2013 1651 Re-

2128 1593 2186 1647 Ὀ
2239 1593 2297 1646 δὲ
2344 1590 2652 1657 ἀπολαύων,
2705 1590 2895 1662 ὥσπερ
2940 1591 3048 1644 ἀπό
3091 1607 3254 1644 τινων
3298 1589 3540 1660 μαστῶν,
3603 1589 3703 1659 τὴν

424 1691 642 1745 ctitudo
680 1692 877 1745 dilexit
917 1701 989 1745 te.
1028 1710 1046 1742 ›
1109 1690 1164 1744 Si
1199 1690 1345 1743 enim
1389 1688 1576 1743 suavis
1625 1697 1679 1742 et
1709 1698 1896 1743 rectus
1929 1694 2014 1742 est

2117 1685 2499 1754 πνευματικὴν
2524 1684 2673 1737 ἒλκει
2700 1684 2928 1755 τροφὴν,
2970 1682 3274 1752 καὶπάσης
3300 1680 3468 1752 αὐτὴν
3500 1681 3702 1751 εὐφρο-

425 1781 714 1844 Dominus,
741 1789 799 1833 ut
833 1781 908 1833 ait
942 1779 1108 1832 llavid
1144 1789 1192 1841 γ,
1215 1787 1269 1832 et
1301 1780 1452 1848 virga
1481 1778 1830 1833 rectitudinis
1863 1782 2011 1848 virga

2118 1777 2286 1847 σύνης
2317 1775 2579 1846 βιωτικῆς
2609 1774 2819 1844 ἀμείνω
2857 1777 3092 1843 ἡγεῖται.
3149 1775 3250 1827 Διὰ
3289 1773 3446 1828 τοῦτο
3497 1774 3592 1826 καὶ⁵
3641 1774 3703 1824 ἑν

424 1871 579 1940 regni
612 1872 688 1924 tui
732 1880 778 1933 ³,
811 1881 862 1924 et
889 1870 958 1924 ob
1005 1870 1057 1922 id
1101 1880 1153 1921 te
1181 1869 1397 1930 dilexit,
1427 1869 1584 1922 decet
1634 1878 1689 1922 et
1725 1885 1825 1924 nos
1861 1884 1925 1923 ex
1957 1878 2008 1923 te

2115 1872 2221 1931 τοῖς
2247 1870 2522 1938 ’ᾼσμασιν
2542 1869 2575 1936 ἡ
2599 1866 2786 1936 νύμφη
2822 1867 2986 1937 φησίν
3016 1883 3030 1897 ο
3069 1885 3088 1918 ι
3118 1865 3419 1936 Εἰσήνεγκέ
3449 1881 3516 1935 με
3543 1867 3570 1917 ὁ
3612 1864 3703 1934 βα-

425 1962 687 2030 peudere,
716 1971 768 2016 et
792 1959 1013 2015 assidue
1037 1959 1315 2023 insistere,
1352 1967 1409 2014 et
1445 1959 1554 2013 tuis
1581 1959 1843 2014 uberibus
1874 1959 2002 2014 frui.

2118 1961 2297 2024 σιλεὺς
2335 1963 2414 2023 είς
2452 1960 2513 2012 τὸ
2555 1958 2800 2029 ταμιεῖον
2830 1958 3017 2012 αὐτοῦ.
3062 1976 3080 2009 ι
3109 1959 3177 2010 Ai
3215 1958 3270 2011 δὲ
3296 1957 3535 2020 νεάνιδες
3591 1957 3702 2009 ἀπο

425 2051 563 2105 Tum
596 2068 790 2106 rursus
815 2052 1058 2120 loquitur
1092 2063 1293 2119 sponsa
1322 2066 1336 2104 :

2119 2053 2402 2122 εκρίναντο
2436 2067 2449 2081 °
2486 2069 2504 2102 t
2539 2049 3030 2121 Ἀγαλλιασὼμεθα
3063 2051 3157 2105 καὶ
3203 2049 3598 2121 εὐφρανθῶμεν
3645 2050 3704 2102 ὲν

425 2143 507 2196 σοί
565 2159 580 2173 ·
614 2163 632 2194 ι
693 2143 786 2196 καὶ
871 2140 1255 2211 ὑπισχνοῦνται
1329 2139 1619 2207 λέγουσαιο
1685 2159 1704 2191 ι
1745 2141 2131 2216 Ἀγαπήσομεν
2199 2142 2436 2213 μαστούς
2510 2159 2601 2194 σου
2660 2143 2800 2214 ὑπὲρ
2865 2139 3004 2196 οἶνον
3030 2159 3043 2171 ·
3101 2162 3119 2194 ι
3197 2142 3289 2194 καὶ
3357 2141 3455 2211 τὴν
3521 2141 3705 2193 αἰτίαν

421 2234 773 2304 ἐπιφέρουσιν
808 2249 820 2263 ·
879 2253 897 2285 ι
936 2232 1180 2302 Εὐθύτης
1235 2233 1491 2303 ὴγάπησέ
1572 2250 1652 2287 σε.
1691 2253 1709 2284 ι
1781 2236 1844 2286 Εἰ
1914 2237 2022 2308 γάρ
2104 2257 2122 2289 ι
2169 2235 2406 2306 χρηστὸς
2441 2237 2535 2288 καὶ
2578 2234 2741 2297 εὐθὺς
2787 2237 2816 2288 ὁ
2852 2233 3076 2304 Κύριος,
3107 2233 3249 2286 κατὰ
3278 2234 3370 2286 τὸν
3431 2234 3704 2304 μακάριον

421 2325 604 2389 Δαϐὶδ,
661 2325 754 2378 καὶ
795 2325 985 2396 ῥάϐδος
1019 2324 1316 2395 εὐθύτητος
1383 2325 1643 2395 ὴράϐδος
1691 2325 1789 2395 τῆς
1858 2328 2134 2398 βασιλείας
2189 2344 2303 2389 σου,
2355 2329 2448 2379 καὶ
2480 2325 2568 2378 διὰ
2591 2324 2750 2378 τοῦτο
2774 2324 3032 2395 ἡγάπησέ
3065 2341 3125 2376 σε
3155 2339 3166 2351 ·
3213 2342 3230 2374 ι
3283 2321 3551 2395 πρ⁶οσήκει
3609 2325 3704 2378 καὶ

419 2421 567 2489 ἡμᾶς
625 2420 956 2491 ἐξηρτῆσθαι
1022 2418 1114 2474 σοῦ
1177 2421 1224 2452 τι
1292 2420 1389 2475 κα)⁸
1434 2419 1698 2491 διηνεκῶς
1746 2424 2152 2495 προσεδρεύειν,
2213 2423 2307 2477 καὶ
2353 2422 2464 2476 τῶν
2518 2421 2628 2476 σῶν
2669 2421 2966 2476 ἀπολαύειν
3013 2421 3252 2492 μαστῶν.
3288 2416 3423 2475 Εῐτα
3463 2420 3625 2475 πάλιν
3667 2423 3702 2493 ἠ

420 2513 610 2581 νύμφη
659 2513 861 2581 φησιν·

496 2599 661 2654 Vsus.
694 2598 749 2665 ἂ,
777 2599 829 2653 5.
875 2599 1047 2669 Nigra
1074 2616 1214 2663 sum,
1247 2609 1298 2654 et
1342 2601 1606 2670 formosa,
1651 2605 1781 2672 ﬁlia:
1817 2603 2009 2659 Hiero-

2181 2603 2242 2657 6'.
2275 2603 2548 2658 Μέλαινὰ
2575 2602 2833 2673 etputare!
2860 2602 3040 2672 καλὴ,
3068 2607 3384 2673 θυγατέρες
3396 2605 3699 2673 Ἰερουσα-

419 2693 660 2763 rolymw,
677 2693 814 2744 sicut
839 2690 1183 2745 tabernacula
1201 2691 1396 2758 Cedar,
1415 2692 1552 2746 sicut
1577 2695 1737 2762 pelles
1764 2695 2010 2748 Salomo-

2115 2695 2258 2765 λὴμ,
2279 2696 2361 2761 ὡς
2395 2697 2759 2766 σκηνώματα
2793 2697 3110 2765 Κηδὰρ,ὡς
3130 2697 3360 2766 «saepem
3391 2700 3698 2769 Σολομὼν.

422 2788 526 2842 uis.
565 2784 648 2838 Ne
691 2785 963 2852 aspiciatis
991 2800 1094 2850 me,
1123 2785 1262 2853 quod
1285 2802 1380 2854 ego
1411 2787 1511 2839 sim
1540 2786 1845 2854 deuigrata,
1871 2787 2009 2856 quod

2115 2794 2173 2841 ε’;
2205 2791 2263 2842 Μ
2271 2787 2303 2856 ὴ
2345 2786 2624 2855 βλέψητέ
2646 2804 2744 2856 με,
2777 2787 2867 2840 ὅτι
2896 2788 3010 2856 ἐγώ
3045 2789 3164 2856 είμι
3207 2788 3698 2857 μεμελανωμένη,

421 2878 647 2932 intuitus
673 2878 743 2930 sit
780 2892 859 2928 me
885 2877 984 2929 sol.
1025 2875 1150 2931 Haec
1183 2893 1288 2930 non
1327 2877 1441 2946 jam
1471 2878 1896 2933 adolescentulis
1925 2894 2012 2932 ar-

2115 2876 2205 2930 ὅτι
2233 2876 2575 2945 παρέϐλεψέ
2602 2893 2678 2945 με
2703 2881 2735 2930 ὀ
2766 2877 2961 2944 ἣλιος.
2999 2875 3270 2946 Ίιγοῦμαι
3292 2879 3391 2930 οὐκ
3423 2876 3504 2929 ἐτι
3528 2876 3702 2929 ταῦτα

422 2969 599 3022 bitror
653 2980 683 3019 a
733 2981 937 3034 sponsa
967 2966 1076 3019 dici
1121 2984 1134 3020 :
1173 2969 1267 3022 sed
1306 2967 1436 3033 illis,
1471 2985 1593 3038 quae
1645 2971 1699 3022 in
1743 2970 1860 3039 lege
1897 2971 2013 3040 glo-

2117 2967 2257 3039 πρδς
2305 2969 2402 3031 τὰς
2438 2969 2684 3031 νεάνιδας
2733 2967 2912 3035 λέγειν
2944 2968 3044 3038 τὴν
3089 2968 3330 3039 νύμφην,
3375 2967 3536 3021 ἀλλὰ¹
3563 2969 3702 3038 πρὸς

421 3060 654 3122 riantes,
682 3067 733 3111 et
759 3055 937 3110 Veteri
965 3055 1318 3112 Testamento
1337 3059 1516 3124 elatae,
1549 3059 1766 3128 sibique
1796 3061 2014 3130 placen-

421 3156 527 3212 tes,
565 3148 902 3216 exprobrant
943 3147 1014 3209 ei,
1058 3160 1165 3200 non
1211 3147 1388 3201 solum
1423 3147 1570 3217 quod
1603 3149 1909 3216 alienigena
1942 3147 2015 3201 sit

422 3253 487 3293 ac
528 3238 838 3308 peregrina,
877 3251 1066 3291 verum
1110 3237 1300 3298 etiam,
1337 3239 1484 3306 quod
1524 3239 1804 3293 daemonas
1853 3247 2011 3292 antea

423 3329 679 3393 coluerit,
719 3342 1029 3397 eorumque
1055 3328 1209 3382 cultu
1256 3326 1462 3382 fmdata
1504 3328 1724 3394 nigrum
1775 3329 2011 3382 colorem

423 3420 786 3475 contraxerit.
841 3417 1210 3484 Quamobrem
1273 3420 1340 3472 ad
1404 3434 1520 3485 eas,
1571 3419 1766 3490 Nigra,
1814 3420 2010 3490 inquit,

426 3527 570 3577 sum,
600 3511 794 3577 fateor,
821 3511 917 3565 sed
955 3519 1137 3566 tamen
1171 3512 1400 3580 pulchra
1428 3512 1592 3564 :olim
1624 3512 1873 3581 equidem
1904 3528 2010 3566 θεε-
2042 3488 2083 3543 C

425 3605 724 3666 cutiebam,
773 3604 869 3658 sed
903 3603 1014 3671 jam
1051 3604 1242 3670 video;
1291 3604 1488 3657 laceris
1520 3605 1796 3672 quondam
1831 3604 2012 3659 obsita

425 3689 647 3767 pannis,
680 3710 827 3750 nunc
853 3696 1054 3750 vestitu
1083 3696 1349 3750 deaurato
1373 3697 1811 3763 circumam‘icta,
1839 3699 2013 3753 varie-

425 3797 569 3860 gata,
611 3790 816 3859 regiam
865 3789 1459 3858 obtinco‘tlignilatem
1495 3808 1508 3844 :
1551 3799 1604 3843 et
1636 3791 1748 3858 regi
1787 3791 2010 3856 assisto,

423 3881 536 3951 38
549 3888 601 3934 te
619 3881 918 3950 expellens,
946 3897 1066 3950 qua:
1083 3882 1134 3933 in
1157 3896 1335 3950 regem
1359 3883 1684 3947 insanivisti,
1707 3893 1868 3954 atque
1889 3900 2011 3938 eum

425 3970 699 4034 occidisti,
719 3978 773 4024 et
803 3971 1184 4025 adulterorum
1215 3973 1563 4027 multitudine
1590 3975 1888 4027 thalamum
1919 3975 2014 4029 de-

425 4061 682 4129 turpasti.
714 4058 792 4113 Ne
833 4061 1001 4130 igitur
1031 4062 1163 4116 mihi
1211 4063 1424 4133 nigrum
1462 4066 1711 4120 colorem
1755 4065 2008 4134 objicias,

425 4167 605 4220 neque
629 4153 928 4221 cxprobres
963 4155 1148 4223 priora
1175 4158 1336 4209 mala.
1368 4156 1448 4212 Me
1477 4159 1690 4224 nigram
1722 4173 1843 4212 esse
1872 4172 2010 4210 con-

426 4247 585 4299 flteor
613 4245 853 4315 quidem,
883 4245 976 4301 sed
1013 4254 1192 4302 tamen
1225 4246 1541 4314 formosam,
1575 4257 1628 4304 et
1658 4264 1860 4319 sponso
1886 4265 2012 4317 gra-

427 4345 558 4389 tam.
581 4336 900 4405 Exemplum
935 4335 1160 4391 Mariam
1197 4339 1515 4406 reformida,
1545 4357 1668 4412 quae
1694 4358 1816 4396 cum
1846 4342 2008 4404 Mosi,

425 4430 568 4500 quod
592 4429 1009 4502 Aﬂtibiopissam
1043 4431 1291 4488 duxisset
1319 4448 1566 4498 uxorem,
1599 4433 2008 4500 exprobrasset,

428 4523 640 4591 lcprosa
693 4524 868 4578 instar
906 4523 1047 4578 nivis
1089 4523 1280 4580 effecta
1319 4532 1439 4589 est,
1481 4533 1536 4578 ct
1585 4531 1848 4596 tanquam
1905 4525 2010 4576 im-

428 4609 632 4664 munda
654 4614 895 4668 ecastris
923 4612 1025 4667 fuit
1046 4615 1243 4683 ejecta,
1266 4631 1444 4686 neque
1465 4615 1619 4684 prius
1646 4615 1826 4675 rediit,
1848 4629 2009 4681 quam

428 4704 797 4774 resipisceret,
834 4721 897 4760 ac
943 4710 1290 4764 contumelia:
1336 4709 1699 4779 ptenitercta.
1731 4705 1843 4776 Ego
1873 4721 2011 4774 quo-

431 4810 538 4865 que
591 4810 712 4850 sum
770 4795 1148 4870 Ethiopissa,
1195 4800 1293 4855 sed
1340 4807 1521 4853 tamen
1574 4811 1778 4867 sponsa
1829 4796 2009 4865 magni

428 4886 782 4957 Legislatoris
817 4909 830 4944 :
878 4906 941 4947 ac
991 4891 1101 4946 filia
1137 4893 1358 4963 quidem
1403 4888 1710 4946 sacerdOtis
1746 4885 2014 4941 Madiani-

427 4977 544 5045 tici,
602 4979 842 5038 hominis
897 4982 1219 5046 idololatrae,
1276 4978 1372 5036 sed
1422 4979 1594 5032 oblita
1649 4992 1774 5032 sum
1829 4977 2012 5046 p0puli

430 5072 557 5140 mei,
584 5081 640 5128 et
684 5075 880 5131 domus
923 5075 1096 5146 patris
1142 5075 1251 5128 mei
1304 5091 1317 5126 :
1368 5081 1661 5142 propterea
1695 5071 2014 5139 concupivit

429 5177 524 5216 rex
554 5163 805 5222 decorem
836 5181 1038 5222 meum.
1068 5163 1146 5218 Ne
1196 5163 1486 5233 aspiciatis
1522 5175 1610 5215 me
1643 5161 1832 5231 igitur,
1865 5161 2011 5231 quod

432 5249 586 5308 fusca
604 5255 728 5321 sim,
755 5258 902 5329 quod
931 5257 1171 5311 intuitus
1199 5254 1272 5308 sit
1302 5267 1388 5308 me
1413 5253 1517 5306 sol.
1539 5251 1671 5318 Qua:
1696 5253 1750 5306 in
1772 5267 2011 5324 praesen-

432 5345 504 5399 tia
534 5346 684 5404 fusca
713 5365 860 5413 sum,
891 5347 1339 5404 candidissimam
1370 5347 1505 5400 estis
1528 5356 1922 5416 conspectui-ae,
1958 5355 2011 5403 et

432 5437 742 5497 clamabitis
773 5459 788 5496 :
825 5441 958 5506 Quae
984 5447 1068 5494 est
1106 5439 1208 5492 ista
1237 5476 1251 5500 ,
1284 5451 1406 5506 quae
1441 5437 1690 5492 ascendit
1720 5439 2012 5493 dealbata?

2114 3059 2212 3121 τάς
2256 3058 2349 3111 ἐπὶ
2398 3059 2475 3129 τῷ
2510 3059 2659 3130 νόμῳ
2709 3059 3046 3132 γαυριῶσας,
3089 3059 3182 3114 καὶ
3224 3060 3318 3112 ἐπὶ
3371 3062 3438 3131 τῇ
3485 3059 3702 3130 Παλαιᾷ.

2115 3149 2362 3223 Διαθήκῃ
2413 3150 2850 3220 φρυαττομένας,
2891 3152 2986 3203 καὶ⁸
3037 3150 3570 3223 μεγαλοφροῖούσας,
3604 3153 3699 3202 καὶ

2115 3219 2479 3306 ὀνειδιζούσας
2514 3219 2682 3312 αὐτῇ,
2714 3242 2776 3293 οὐ
2801 3242 2861 3295 τὸ
2897 3219 3195 3311 ἀλλόφυλον
3230 3219 3410 3312 μόνον’,
3439 3242 3574 3295 ἀλλά
3605 3243 3699 3296 καὶ

2113 3333 2210 3406 τὴν
2237 3335 2508 3407 προτέραν
2540 3333 2983 3403 δεισιδαιμονίαν,
3018 3335 3112 3386 καὶ
3147 3335 3248 3403 τὴν
3279 3334 3530 3387 ἐντεῦθεν
3554 3351 3700 3402 γινο-

2121 3427 2288 3498 μένην
2319 3427 2582 3496 μέλαιναν
2607 3425 2795 3497 χρόαν.
2822 3425 2914 3478 Διὸ
2945 3426 3093 3493 λέγει
3119 3426 3254 3496 πρὸς
3286 3426 3471 3488 αὐτάς·
3501 3427 3576 3478 Οὐ
3604 3426 3699 3495 μόσ

2118 3535 2205 3571 νον
2237 3519 2353 3588 εἰμὶ
2390 3518 2638 3587 μέλαινα,
2674 3517 2811 3571 ἀλλὰ
2845 3519 2937 3571 καὶ
2971 3519 3144 3588 καλή·
3174 3517 3443 3585 ἀνέϐλεψα
3464 3517 3573 3588 γὰρ
3603 3518 3701 3569 πά-

2116 3609 2206 3661 λαι
2244 3608 2654 3677 τυφλώττουσα,
2707 3608 2801 3662 καὶ
2854 3610 3020 3678 ῥάκια
3067 3607 3276 3660 παλαιά
3311 3607 3696 3678 περικειμένη,

2117 3701 2212 3755 νῦν
2258 3703 2316 3752 ὲν
2358 3700 2640 3771 ἱματισμῷ
2687 3700 2962 3771 διαχρύσῳ
3005 3700 3469 3772 περιϐεϐλημένη,
3503 3717 3698 3752 πεποι-

2117 3791 2371 3862 κιλμένη,
2404 3789 2464 3842 τὸ
2490 3789 2768 3859 βασιλικὸν
2788 3789 2954 3860 ἔσχον
2986 3789 3224 3858 ἀξίωμα,
3259 3788 3353 3841 καὶ
3379 3787 3456 3858 τῷ
3490 3787 3700 3856 βασιλεῖ

2117 3882 2485 3951 παρίσταμαι,
2528 3880 2919 3952 ὲξωθησαμένη
2956 3897 3014 3932 σε
3048 3882 3408 3948 ἐπιμανεῖσαν
3433 3878 3511 3948 τῷ
3543 3879 3699 3947 βασι-

2115 3973 2216 4036 λεῖ,
2243 3975 2337 4025 καὶ
2367 3971 2553 4024 τοῦτον
2592 3972 2689 4042 μὲν
2722 3971 2938 4041 θανάτῳ
2963 3970 3429 4041 παραδεδωκυῖαν,
3453 3969 3530 4038 τῷ
3561 3969 3700 4038 πλή-

2117 4065 2201 4118 θει
2235 4065 2292 4118 δὲ
2324 4064 2432 4118 τῶν
2476 4065 2681 4136 μοιχῶν
2716 4065 2814 4136 τὴν
2860 4065 3110 4118 παστάδα
3145 4065 3435 4133 μιάνασαν.
3466 4061 3558 4131 Μὴ
3591 4061 3699 4114 τοί-

2115 4177 2210 4213 νυν
2267 4158 2492 4222 ὀνείδιςέ
2554 4175 2648 4226 μοι
2707 4160 2767 4210 τὸ
2827 4157 2994 4228 μέλαν
3043 4155 3143 4225 τῆς
3200 4154 3385 4224 χρόας,
3440 4154 3574 4224 μηδὲ
3630 4154 3698 4206 τά

2117 4252 2360 4322 πρότερά
2411 4269 2501 4321 μοι
2525 4252 2569 4283 ⁷⁸
2621 4251 2721 4318 ἄγε
2772 4253 2852 4313 εἰς
2905 4250 3067 4320 μέσον
3097 4248 3264 4302 κακά.
3305 4247 3546 4300 Μέλαινα
3587 4247 3697 4316 γάρ

2116 4346 2253 4411 εἰμι,
2282 4341 2549 4411 ὁμολογῶ,
2575 4341 2712 4394 ἀλλὰ
2741 4339 2879 4409 καλὴ
2913 4341 3330 4410 κα“ιάρέσκουοα
3359 4339 3436 4408 τῷ
3457 4339 3695 4408 νυμφίῳ.

2115 4431 2386 4502 Φοϐήθητι
2416 4431 2516 4500 τῆς
2551 4431 2783 4500 Μαριὰμ
2813 4430 2873 4482 τὸ
2902 4432 3251 4502 παράδειγμα
3272 4449 3286 4463 ·
3317 4430 3559 4483 ὠνείδισε
3588 4430 3698 4499 γάρ

2117 4522 2347 4591 κάκείνη
2397 4521 2605 4584 Μωσεί,
2648 4522 2727 4573 ὃτι
2775 4521 3130 4575 Αίθιόπισσαν
3161 4524 3397 4592 γυναῖκα
3428 4519 3693 4590 ¹Ιιγάγετο,

2116 4615 2211 4668 καὶ
2241 4612 2458 4681 ἐγένετο
2496 4610 2756 4682 λεπρῶσα
2787 4611 2917 4664 ὡσεὶ
2956 4613 3088 4682 χιών
3108 4631 3122 4646 ’
3160 4615 3252 4667 καὶ
3283 4614 3358 4676 ὡς
3388 4611 3698 4681 ἀκάθαρτος

2116 4705 2222 4769 ἔξω
2260 4704 2356 4772 τῆς
2392 4702 2745 4773 παρεμϐολῆς
2770 4703 3052 4775 ἐξεϐλήθη,
3081 4707 3174 4759 καὶ
3203 4706 3301 4759 οὐκ
3323 4702 3694 4773 εἰσελήλυθεν,

2044 4827 2091 4884 D
2117 4800 2276 4869 ἄχρις
2325 4790 2390 4850 αὖ
2441 4797 2756 4867 μετενόησε.
2797 4797 2965 4866 Κάγὼ
3001 4799 3182 4851 τοίνυν
3209 4797 3536 4851 Αίθιόπισσα
3571 4795 3693 4865 μὲν,

2118 4891 2254 4945 ἀλλὰ
2283 4891 2375 4943 τοῦ
2407 4890 2646 4961 μεγάλου
2687 4890 2998 4960 Νομοθέτου
3045 4891 3266 4961 νύμφη·
3307 4891 3402 4943 καὶ
3452 4889 3698 4956 θυγάτηρ

2122 4982 2221 5054 μὲν
2257 4983 2449 5052 ἱερέως
2496 4982 2723 5052 Μαδιάμ
2742 4982 2787 5012 ⁷³
2826 4982 3016 5050 ἀνδρὸς
3050 4982 3438 5051 είδωλολάτρου
3461 4997 3472 5008 ·
3513 4978 3698 5031 ἐπελαο

2120 5075 2292 5146 θόμην
2337 5074 2391 5126 δὲ
2439 5077 2532 5127 τοῦ
2565 5073 2696 5128 λαοῦ
2744 5090 2870 5144 μου,
2905 5073 3000 5127 καὶ
3042 5073 3136 5126 τοῦ
3170 5073 3321 5126 οἴκου
3363 5071 3457 5124 τοῦ
3491 5069 3697 5138 πατρός

2122 5181 2259 5238 μου⁹
2298 5165 2378 5219 διὸ
2414 5165 2760 5237 ἐπεθύμησεν
2813 5168 2840 5219 ὁ
2885 5165 3136 5236 βασιλεὺς
3167 5165 3260 5218 τοῦ
3308 5163 3539 5226 κάλλους
3571 5178 3693 5232 μου.

2119 5259 2209 5329 Μὴ
2247 5256 2481 5328 βλέψητέ
2517 5275 2582 5327 με
2614 5259 2794 5311 τοίνυν
2824 5259 2904 5310 ὅτι
2939 5255 3049 5326 ἐγώ
3081 5259 3196 5327 εἰμι
3241 5252 3694 5326 μεμελανωμένη,

2117 5349 2198 5402 ὅτι
2230 5349 2543 5419 παρέϐλεψέ
2581 5367 2648 5420 με
2677 5351 2705 5402 ὁ
2732 5349 2911 5421 ἥλιος·
2935 5348 3132 5418 δψεσθέ
3163 5365 3230 5420 με
3258 5343 3697 5414 λελευκασμένην

2118 5438 2213 5509 τὴν
2265 5438 2360 5492 νῦν
2409 5441 2895 5515 μεμελανωμένην,
2944 5442 3042 5496 καὶ
3084 5439 3330 5512 βοήσετε·
3363 5439 3458 5502 Τίς
3490 5436 3628 5506 αὕτη
3662 5435 3696 5503 ὴ

500 5603 532 5644 1
563 5594 708 5651 Psal.
740 5606 938 5654 χχχιιι,
963 5591 1017 5643 9.
1098 5599 1119 5626 ²
1153 5589 1298 5645 Psal.
1334 5606 1478 5653 XLIV,
1505 5592 1557 5646 7.
1640 5606 1665 5633 ιι
1696 5570 1849 5646 Num.
1886 5609 1995 5647 xu.
2038 5593 2179 5653 1-15.

1789 5707 2026 5762 VARI/ﬁ
2071 5702 2477 5764 LECTI'ONES.

511 5798 562 5835 "
580 5800 668 5854 διά
694 5801 848 5855 abest
879 5812 908 5851 a
950 5798 1070 5852 cod.
1152 5799 1197 5831 7‘
1229 5817 1321 5852 σου
1346 5799 1460 5855 des.
1491 5801 1543 5855 in
1563 5801 1686 5856 cod.

1765 5801 1812 5830 ⁷⁵
1843 5800 1965 5854 cod.
1994 5818 2115 5862 μου.
2177 5802 2224 5834 ⁷⁸
2252 5801 2371 5856 cod.
2401 5799 2632 5855 Μιδιάυ..
