4088 6418
535 344 601 413 τι
1561 331 2049 403 THEODORETI
2084 329 2427 398 EPISCOPI
2453 327 2820 394 CYRENSIS
3728 329 3801 395 72

537 455 770 530 Spiritui
817 453 1015 513 sancto
1071 451 1354 520 resistitis,
1401 451 1549 509 sicut
1595 461 1784 526 patres
1819 451 2014 518 vestri,
2059 459 2115 508 et

2218 450 2493 519 Στεφάνου
2518 443 2921 517 διαμαχομένου
2951 440 3048 497 καὶ
3071 440 3356 511 λέγοντος·
3389 458 3409 494 ι
3451 441 3802 516 Σκληροτρά-

536 565 636 608 vos
655 561 701 605 ο.
737 565 760 601 ν
792 547 858 603 Ει
895 548 1090 606 beatus
1117 547 1322 604 Paulus
1354 545 1423 600 ad
1454 543 1776 601 Corinthios
1816 543 2069 602 scribens
2099 559 2114 598 :

541 660 562 696 ι
601 641 840 697 Omnino
863 640 1108 708 auditur,
1141 640 1346 710 inquit,
1395 637 1545 692 inter
1583 651 1686 694 vos
1716 636 2034 705 fornicatio,
2064 644 2120 692 et

535 729 663 784 talis
694 728 1008 794 fornicatio,
1034 729 1210 799 qualis
1235 741 1338 782 nec
1373 725 1519 782 inter
1545 734 1738 799 gentes
1762 726 1809 783 ί.
1849 745 1869 780 ι
1899 726 1966 782 Et
1991 743 2118 784 rur-

537 833 635 874 sus
669 836 701 874 :~
730 835 750 871 ι
783 817 862 874 Ne
892 819 1088 874 iterum
1126 832 1252 873 cum
1305 832 1534 883 venero,
1566 818 1823 874 humiliet
1852 833 1942 875 me
1971 817 2119 875 Deus

538 909 682 979 apud
721 924 839 974 vos,
865 919 920 964 et
958 909 1176 980 lugeam
1204 909 1413 964 multos
1436 924 1504 964 ex
1530 909 1620 974 iis,
1647 910 1746 980 qui
1774 917 1902 964 ante
1929 923 2122 980 pecca-

536 1006 754 1063 verunt,
787 1007 844 1054 et
881 1013 991 1053 non
1023 1007 1256 1070 egerunt
1302 1000 1688 1070 paenitentiam
1713 1009 1762 1056 σ.
1803 1019 1821 1050 ι
1849 1000 1930 1054 Ad
1955 1000 2120 1055 Cala-

535 1099 622 1146 tas
643 1098 824 1145 autem
851 1130 866 1158 ,
903 1107 923 1142 ι
969 1088 1014 1145 0
1048 1106 1150 1146 vos
1184 1091 1438 1155 stolidos,
1481 1091 1684 1161 inquit,
1727 1088 1970 1156 Galatas,
1994 1092 2121 1162 quis

533 1197 633 1236 vos
676 1181 967 1237 fascinavit
1021 1196 1134 1236 non
1179 1181 1408 1237 obedire
1428 1183 1676 1246 veritati,
1724 1189 1854 1237 ante
1882 1197 2118 1252 quorum

533 1271 727 1327 oculos
748 1269 913 1326 Jesus
941 1271 1198 1326 Christus
1222 1273 1462 1341 scriptus
1485 1281 1591 1338 est,
1622 1280 1678 1328 et
1719 1272 1773 1325 in
1807 1272 1966 1326 vobis
1991 1286 2120 1326 cru-

533 1362 732 1417 ciﬁsus
751 1361 820 1414 h?
849 1381 866 1414 ι
903 1360 1000 1418 liis
1037 1363 1216 1418 modis
1249 1363 1622 1431 increpantes,
1651 1370 1706 1417 et
1734 1362 2118 1425 admonentes,

534 1459 592 1506 et
639 1458 991 1521 peccatorum
1033 1466 1202 1521 rugas
1243 1451 1738 1514 discutientes,‘et
1785 1451 2122 1508 inveteratos

535 1556 720 1597 mores
765 1543 1145 1612 abstergentes
1168 1583 1184 1607 ,
1221 1543 1382 1612 primi
1423 1542 1500 1596 illi
1538 1541 1870 1598 Christiana
1900 1542 2122 1610 pietatis

533 1631 791 1690 doctores
813 1641 870 1688 et
905 1633 1312 1699 buccinatores,
1366 1648 1626 1704 sponsam
1665 1631 1881 1688 Domini
1918 1649 1987 1690 ex
2025 1648 2112 1689 ve-

533 1724 638 1779 teri
681 1739 903 1788 novam,
931 1740 998 1779 ex
1045 1726 1188 1795 turpi
1217 1734 1383 1795 atque
1418 1725 1652 1780 deformi
1691 1724 1980 1794 pulchram
2003 1765 2020 1790 ,
2051 1740 2117 1781 ex

2217 541 2396 615 χηλοι,
2445 541 2540 594 καὶ
2583 538 2950 610 ἀπερίτμητοι
2991 538 3058 608 τῇ
3091 534 3291 606 καρδίᾳ
3335 535 3432 588 καὶ
3479 537 3598 600 τοῖς
3639 537 3798 606 ὠσὶν,

2220 635 2377 705 ὑμεῖς
2412 632 2500 686 ἀεὶ
2527 629 2605 703 τῷ
2633 628 2914 700 Πνεύματι
2942 627 3020 700 τῷ
3053 626 3194 698 ἁγίῳ
3235 625 3605 691 ἀντιπίπτετε,
3634 628 3711 692 ὡς
3746 629 3800 682 oi

2220 723 2454 796 πατέρες
2483 721 2636 794 ὐμῶν
2657 721 2751 776 καὶ⁸
2771 720 2948 792 ὑμεῖς.
2981 737 3002 772 ι
3025 719 3136 774 Kal
3157 719 3185 772 ό
3213 719 3482 790 μακάριος
3499 718 3555 772 δὲ
3584 719 3801 785 Παῦλος

2219 817 2528 889 Κορινθίοις
2560 816 2659 888 μὲν
2686 813 3017 869 ἐπιστέλλων
3039 813 3205 885 φησίν
3223 825 3237 841 ·
3273 831 3294 864 ι
3332 810 3511 874 Ὀλως
3537 811 3800 867 ἀκούεται

2219 911 2277 963 ὲν
2305 908 2435 980 ὐμτν
2467 909 2714 979 πορνεία,
2745 907 2867 976 ἥτις
2901 903 3024 958 οὐδὲ
3068 905 3128 956 ὲν
3153 905 3264 966 τοῖς
3293 902 3506 956 ἔθνεσιν
3532 903 3800 974 ὀνομάζε-

2217 1018 2341 1055 ται⁶
2391 1019 2410 1053 ι
2461 1000 2558 1055 καὶ
2594 998 2778 1065 πάλιν,
2819 1017 2839 1049 ι
2872 997 3087 1068 Μήπως
3122 995 3344 1048 ἐλθόντα
3385 1010 3454 1064 με
3491 993 3629 1064 πρὸς
3654 995 3802 1064 ὑμᾶς

2218 1091 2530 1163 ταπεινώσῃ
2572 1093 2601 1145 ὁ
2635 1089 2764 1154 Θεός
2819 1105 2940 1160 μου,
2982 1087 3077 1141 καὶ
3113 1085 3369 1156 πενθήσω
3415 1084 3647 1148 πολλοὺς
3687 1085 3802 1138 τῶν

2219 1181 2746 1255 προημαρτηκότων,
2766 1181 2862 1234 καὶ
2885 1180 2960 1250 μὴ
2978 1179 3445 1250 μετανοησάντων.
3477 1197 3496 1230 ι
3530 1177 3801 1240 Γαλάταις

2218 1275 2276 1329 δὲ
2304 1275 2564 1346 γράφων,
2602 1289 2621 1324 ι
2671 1267 2743 1324 Ὦ
2782 1271 3022 1339 ἀνόητοι,
3053 1271 3208 1340 φησὶ,
3245 1269 3502 1334 Γαλάται,
3531 1268 3617 1332 τίς
3651 1269 3802 1339 ὑμᾶς

2219 1365 2489 1434 ἐϐάσκηνε
2511 1363 2559 1395 ⁸⁸
2583 1365 2650 1433 τῇ
2682 1361 2912 1432 ἀληθείᾳ
2940 1360 3015 1432 μὴ
3032 1359 3335 1425 πείθεσθαι,
3357 1354 3438 1424 οἷς
3466 1362 3587 1412 κατ’
3607 1359 3804 1428 ὀφθαλ-

2224 1458 2361 1527 μούς
2401 1453 2608 1525 Ἰησοῦς
2641 1454 2877 1524 Χριστὸς
2906 1451 3228 1524 προεγράφη
3261 1452 3319 1504 ὲν
3345 1452 3477 1522 ὑμῖν
3514 1452 3800 1521 ἐσταυρω-

2224 1549 2416 1620 μένοςς
2447 1565 2467 1598 ι
2498 1546 2684 1610 Οὕτως
2708 1543 3092 1616 ἐπιτιμῶντες,
3129 1543 3224 1598 καὶ
3258 1541 3669 1614 παραινοῦντες,
3705 1543 3802 1594 καὶ

2218 1637 2318 1700 τάς
2349 1635 2565 1708 ῥυτίδας
2589 1635 2701 1689 τῶν
2729 1634 3147 1705 ἁμαρτημάτων
3179 1633 3562 1696 διατείνοντες,
3602 1635 3699 1685 καὶ
3730 1632 3802 1684 τὰ

2220 1728 2572 1798 γεγηρακότα
2592 1725 2919 1792 ἀποξύοντες
2952 1724 3079 1794 ήθη,
3111 1725 3235 1778 νέαν
3259 1723 3384 1778 ἀντὶ
3408 1724 3667 1787 παλαιᾶς,
3700 1723 3802 1777 καὶ

533 1812 690 1883 nigra
725 1812 1175 1868 candidissimam
1230 1813 1616 1868 reddiderunt.
1663 1812 1880 1884 Sponsa
1923 1814 2113 1885 igitur,

2221 1820 2342 1872 ἀντὶ
2380 1816 2652 1880 δυσειδοῦς
2688 1817 2783 1870 καὶ
2811 1813 3080 1885 είδεχθοῦς
3107 1813 3381 1886 εὐπρεπῆ,
3418 1814 3511 1867 καὶ
3545 1813 3666 1866 ἀντὶ
3701 1829 3804 1882 με-

533 1917 658 1958 οιιιιι
681 1903 844 1959 vellet
875 1905 1187 1972 ostendere,
1219 1904 1496 1974 quomodo
1540 1907 1772 1977 pulchra
1801 1907 2118 1979 decoraque

529 1994 808 2049 evaserit:
847 2011 867 2046 ι
905 1991 1052 2059 Filii,
1090 1994 1294 2066 inquit,
1328 1995 1526 2050 matris
1564 2011 1699 2051 meae
1728 2010 2118 2068 pugnaverunt

530 2092 726 2138 contra
750 2099 856 2139 me.
889 2082 1199 2140 Posuerunt
1224 2101 1310 2140 me
1333 2083 1438 2156 41
1471 2086 1761 2141 custodem
1795 2087 1850 2140 in
1875 2087 2070 2142 vineis.
2093 2106 2112 2139 ι

530 2160 903 2228 Tradiderunt
930 2175 1077 2230 enim
1108 2173 1246 2228 mihi
1293 2175 1464 2229 veluti
1491 2176 1681 2231 vineas
1713 2176 2002 2247 quasdam,
2033 2179 2119 2234 di-

527 2263 656 2319 vina
687 2267 968 2330 mandata,
998 2275 1168 2334 utque
1188 2279 1253 2320 ea
1283 2279 1393 2319 non
1413 2267 1592 2320 solum
1619 2269 1858 2322 colerem
1887 2277 1944 2322 et
1969 2283 2120 2323 exer-

526 2365 732 2417 cerem,
768 2368 958 2408 verum
991 2355 1158 2409 etiam
1189 2353 1531 2409 custodirem
1554 2392 1572 2419 ,
1615 2371 1683 2411 ne
1710 2371 1818 2426 qua
1868 2357 2118 2427 improba

527 2443 707 2499 bestia
741 2442 985 2499 fructum
1024 2445 1299 2513 perderet,
1329 2452 1386 2499 et
1425 2446 1809 2512 labefactaret,
1842 2458 1971 2503 sunt
2019 2465 2116 2505 co-

527 2533 758 2589 hortati.
813 2533 934 2588 Mox
969 2533 1171 2590 addit:
1209 2552 1228 2587 ι
1275 2532 1504 2590 Vineam
1548 2551 1726 2592 meam
1775 2552 1889 2592 non
1927 2547 2118 2594 custo-

527 2625 665 2681 divi.
699 2646 723 2679 ο
770 2623 980 2681 ilorum
1024 2627 1321 2682 verborum
1367 2626 1569 2696 duplex
1599 2637 1685 2682 est
1718 2644 1942 2694 sensus,
1969 2638 2115 2685 uter-

527 2733 636 2788 que
682 2718 808 2789 pius
838 2728 1004 2789 atque
1033 2718 1210 2775 utilis.
1256 2718 1368 2772 Aut
1401 2719 1547 2773 enim
1581 2719 1736 2787 dicit,
1784 2735 1845 2776 se
1877 2720 2117 2788 vineam,

526 2823 692 2880 quam
721 2817 851 2866 ante
874 2810 1250 2866 Christianam
1284 2809 1444 2865 [idem
1475 2811 1578 2866 sibi
1615 2825 1646 2865 a
1679 2811 1982 2880 majoribus
2012 2821 2122 2867 tra-

527 2902 704 2956 ditam
738 2902 1012 2970 coluerat,
1051 2902 1128 2956 ita
1151 2902 1458 2973 neglectam
1511 2911 1676 2972 atque
1724 2903 2116 2958 incustoditam

527 2993 845 3064 reliquisse,
888 3005 950 3049 ut
997 2997 1182 3064 priora
1221 2993 1476 3048 instituta
1503 2994 1722 3064 penitus
1749 2997 2030 3065 corrumpi
2063 3005 2118 3050 et

528 3086 811 3141 oblivione
848 3085 1021 3142 deleri
1052 3085 1262 3142 sineret
1291 3102 1304 3140 :
1336 3093 1433 3140 aut
1454 3086 1672 3141 vineam
1701 3100 1880 3153 suam,
1911 3087 1965 3141 id
2005 3095 2113 3152 est,

2219 1910 2408 1982 λαίνης
2438 1909 2770 1977 λευκοτάτην
2796 1907 3146 1976 ἀπεφήναντο
3169 1904 3265 1958 τοῦ
3296 1905 3503 1976 Κυρίου
3531 1904 3630 1975 τὴν
3664 1903 3806 1973 νύμ-

2221 2019 2330 2072 φην
2353 2002 2402 2053 οί
2436 2000 2644 2070 πρῶτοι
2667 1999 2766 2069 τῆς
2792 1997 3076 2060 εὐσεϐείας
3102 1995 3376 2066 ὑποφῆται
3413 1996 3509 2049 καὶ
3537 1998 3800 2068 κήρυκες.

2220 2090 2317 2145 Διά
2344 2088 2504 2142 τοῦτο
2525 2088 2574 2125 ⁸⁸
2615 2089 2649 2157 ἡ
2696 2087 2883 2157 νύμφη
2918 2084 3089 2150 δεῖξαι
3119 2083 3420 2155 βουλομένη
3450 2083 3570 2137 τίνα
3599 2083 3805 2154 τρόπον

2220 2181 2400 2252 ὡραία
2428 2179 2621 2248 γέγονε
2662 2179 2757 2232 καὶ
2787 2177 2950 2247 καλή,
3002 2176 3196 2247 φησίνο
3237 2195 3255 2228 ι
3290 2176 3409 2229 Υίοὶ
3444 2175 3651 2246 μητρός
3696 2186 3804 2244 μου

2219 2271 2562 2342 ἐμαχέσαντο
2593 2270 2651 2322 ὲν
2699 2267 2842 2338 ἐμοί.
2875 2268 3102 2320 Ἔθεντό
3136 2283 3204 2338 με
3235 2265 3573 2336 φυλάκισσαν
3609 2266 3666 2318 ὲν
3693 2265 3808 2333 ἀμ-

2221 2366 2448 2419 πελῶσι.
2478 2383 2500 2416 ι
2531 2363 2864 2435 Παρέδωκάν
2892 2379 2984 2432 μοι
3007 2364 3117 2432 γὰρ
3145 2357 3255 2414 οἷόν
3275 2375 3427 2422 τινας
3447 2357 3803 2428 ἀμπελῶνας,

2218 2458 2317 2522 τὰς
2344 2456 2494 2520 θείας
2522 2454 2741 2519 ἐντολάς
2761 2470 2775 2485 ⁸
2806 2455 2900 2508 κα)⁸
2925 2453 3130 2516 ταύτας
3160 2453 3260 2506 οὐκ
3285 2449 3615 2522 ἐργάζεσθαι
3640 2450 3806 2519 μόνον

2220 2547 2317 2602 καὶ
2353 2548 2640 2618 γεωργεῖν,
2672 2545 2808 2599 ἀλλά
2839 2545 2933 2599 καὶ
2976 2543 3266 2614 φυλάττειν
3301 2540 3804 2612 παρεκελεύσαντο,

2221 2639 2308 2694 ἵνα
2337 2639 2410 2709 μή
2444 2656 2496 2692 τι
2532 2637 2642 2691 τῶν
2677 2634 2928 2706 πονηρῶν
2960 2635 3166 2705 θηρίων
3187 2634 3516 2704 λυμαίνηται
3543 2631 3636 2684 τὸν
3665 2647 3808 2700 καρ-

2221 2730 2340 2784 πόν.
2371 2728 2594 2791 Τούτοις
2622 2727 2874 2796 ἐπιφέρει
2895 2740 2908 2753 ο
2942 2741 2961 2774 ι
3003 2723 3332 2794 Ἀμπελῶνα
3371 2721 3503 2792 ἐμὸν
3532 2721 3631 2773 οὐκ
3669 2719 3807 2783 ἐφύ-

2219 2818 2373 2884 λαξα.
2416 2838 2434 2870 ι
2469 2817 2672 2887 Διπλῆν
2702 2816 2815 2886 ἔχει
2839 2816 2938 2886 τὴν
2972 2815 3180 2868 ἔννοιαν
3215 2813 3276 2868 τὸ
3302 2813 3487 2884 ῥητὸν,
3521 2811 3721 2881 εὐσεϐῆ
3743 2810 3806 2864 δὲ

2219 2913 2509 2982 ἑκατέραν,
2540 2911 2628 2964 καὶ
2653 2907 2918 2979 ὠφελείας
2946 2908 3172 2979 μεστήν.
3206 2908 3279 2958 Ἦ
3301 2907 3409 2974 γάρ
3440 2905 3598 2958 τοῦτο
3623 2903 3805 2971 λέγει,

2215 3007 2300 3061 ὅτι
2327 3003 2429 3058 Τὸν
2460 3003 2623 3074 πρότε
2635 3002 2726 3073 ρόν
2753 3018 2854 3071 μου
2885 2999 3203 3068 ἀμπελῶνα,
3229 2998 3287 3050 δν
3315 2997 3418 3067 πρὸ
3440 2998 3537 3068 τῆς
3565 2995 3808 3058 πίστεως

2219 3093 2547 3165 ἐγεώργουν,
2582 3091 2676 3146 τὸν
2701 3089 2973 3161 πατρόθεν
3009 3106 3098 3160 μοι
3133 3087 3524 3159 παραδοθέντα,
3563 3084 3807 3139 καταλέ-

529 3177 728 3234 animae
757 3191 873 3232 suae
907 3177 1198 3234 utilitatem
1234 3177 1565 3249 neglexisse,
1595 3185 1648 3233 et
1681 3177 1916 3232 aliorum
1953 3192 2110 3233 com-

2218 3186 2378 3240 λοιπα
2411 3182 2810 3254 ἀνεπιμέλητον
2838 3182 2932 3234 καὶ
2961 3180 3291 3250 ἀφύλακτον,
3343 3175 3486 3231 ὥστε
3519 3174 3807 3239 παντελῶς

527 3268 690 3324 moda
713 3269 952 3339 propriis
974 3269 1286 3326 commodis
1309 3270 1640 3340 praetulisse.
1677 3267 1790 3324 Hoc
1807 3270 1956 3325 enim
1982 3273 2112 3325 bea-

527 3369 620 3416 tus
648 3376 868 3432 quoque
884 3361 1090 3417 Paulus
1119 3370 1373 3428 testatur,
1401 3361 1596 3418 dicens
1632 3379 1646 3416 :
1684 3380 1702 3413 ι
1731 3360 1983 3417 Charitas
1999 3378 2109 3417 non

527 3454 728 3524 quaerit
751 3469 874 3523 qua:
911 3467 1012 3509 sua
1052 3461 1184 3509 sunt
1211 3453 1252 3507 ί.
1297 3471 1316 3504 ι
1349 3452 1414 3506 Et
1441 3452 1594 3520 alibi,
1624 3471 1642 3504 ι
1683 3451 1874 3516 Nemo,
1907 3453 2106 3525 inquit,

526 3552 738 3613 quaerat
759 3544 905 3614 quod
921 3559 1084 3600 suum
1104 3553 1210 3610 est,
1226 3545 1320 3600 sed
1334 3544 1482 3616 quod
1500 3545 1747 3609 alterius,
1772 3547 2002 3616 quisque
2021 3545 2033 3595 i
2054 3584 2068 3598 .
2083 3564 2102 3596 ι

529 3632 596 3688 Et
615 3633 684 3690 de
719 3637 904 3705 seipse
937 3651 952 3687 :
995 3634 1153 3690 «Non
1176 3651 1381 3703 quaero,
1410 3635 1609 3705 inquit,
1641 3635 1786 3705 quod
1810 3635 1942 3689 mihi
1978 3636 2112 3690 utile

525 3736 630 3789 est,
669 3725 765 3782 sed
795 3726 943 3796 quod
992 3727 1204 3790 multis,
1231 3735 1289 3780 ut
1329 3727 1467 3781 salvi
1514 3728 1644 3780 liunt
1671 3728 1716 3781 ιι.
1758 3747 1777 3780 ι
1809 3725 2111 3798 Utramque

527 3835 661 3876 vero
695 3820 1026 3875 sententiam
1063 3835 1370 3890 proponere
1411 3821 1638 3890 placuit,
1685 3830 1743 3875 ut
1775 3836 1896 3876 eam
1938 3820 2112 3875 lector

527 3913 846 3982 perspiciat,
877 3921 928 3966 et
952 3913 1112 3966 istam
1159 3913 1414 3983 accipiat,
1439 3928 1562 3984 quae
1595 3915 1778 3968 verior
1812 3913 1915 3984 ipsi
1953 3914 2109 3969 video

528 4001 701 4056 bitur.
742 4001 873 4056 Post
901 4001 1016 4056 luec
1053 4018 1259 4073 sponsa
1286 4005 1549 4061 omittens
1579 4020 1704 4060 cum
1736 4006 2109 4061 adolescenti-

529 4095 633 4150 bus
662 4095 839 4166 loqui,
875 4103 932 4152 ct
975 4111 1099 4150 cum
1139 4097 1356 4153 ﬁliabus
1388 4095 1777 4170 Hierosolyma
1803 4098 2108 4168 disputare,

525 4186 800 4242 convertit
827 4202 887 4242 se
923 4187 992 4241 ad
1033 4203 1320 4258 sponsum,
1363 4198 1421 4246 et
1471 4205 1712 4246 amorem
1765 4205 1927 4247 suum
1978 4205 2110 4262 erga

524 4276 676 4332 illum
708 4277 793 4333 his
832 4279 1018 4335 verbis
1047 4282 1223 4351 aperit
1254 4299 1267 4336 :

2220 3277 2287 3332 τά
2331 3276 2575 3348 πρότερα
2606 3275 2708 3345 ήδη
2738 3271 3133 3343 διαφθαρῆναι,
3165 3269 3261 3324 καὶ
3302 3268 3444 3339 λήθῃ
3483 3265 3802 3336 παραδοθῆ-

2221 3386 2342 3422 ναι·
2374 3367 2406 3438 ῆ
2438 3367 2520 3420 δτι
2562 3363 2667 3417 Τὸν
2705 3363 2837 3433 ὲμὸν
2867 3361 3186 3432 ἀμπελῶνα,
3227 3360 3477 3412 τουτέστι
3516 3356 3618 3426 τῆς
3659 3355 3807 3426 ἐμῆς

2217 3457 2397 3528 ψυχῆς
2437 3456 2535 3527 τὴν
2573 3451 2842 3522 ὠφέλειαν
2875 3449 3167 3520 ἀφιεμένη,
3207 3449 3304 3502 καὶ
3347 3447 3418 3500 τά
3461 3445 3572 3500 τῶν
3626 3443 3808 3497 ἄλλων

2219 3549 2382 3620 κέρδη
2408 3547 2516 3598 τῶν
2546 3543 2764 3598 οίκείων
2788 3542 2996 3614 κερδῶν
3030 3538 3458 3612 προαιρουμένη.
3492 3535 3663 3590 Τοῦτο
3691 3538 3808 3605 γὰρ

2214 3641 2309 3694 κα)⁸
2356 3641 2385 3693 ό
2433 3637 2704 3710 μακάριος
2748 3634 2962 3698 Παῦλός
2996 3649 3181 3703 φησιν,
3217 3632 3299 3685 ὅτι
3351 3649 3369 3682 ι
3419 3632 3486 3683 Ἦ
3519 3628 3708 3698 ἀγάπη
3737 3628 3806 3680 οὐ

2215 3732 2370 3801 ζητεῖ
2409 3728 2478 3783 τὰ
2510 3729 2732 3798 ἑαυτῆςο
2772 3747 2791 3780 ι
2829 3725 2924 3780 καὶ
2957 3725 3140 3790 πάλιν,
3192 3741 3213 3776 ι
3262 3724 3468 3794 Μηδεὶς
3508 3721 3570 3775 τὸ
3600 3718 3806 3774 ἑαυτοῦ

2215 3822 2480 3894 ζητείτω,
2526 3820 2662 3874 ἀλλά
2689 3819 2751 3872 τὸ
2781 3818 2876 3871 τοῦ
2916 3817 3106 3888 ἐτέρου
3134 3816 3398 3878 ἕκαστος’
3448 3832 3468 3867 ι
3526 3813 3623 3867 καὶ
3670 3811 3806 3882 περὶ

2214 3913 2413 3968 ἑαυτοῦ
2448 3912 2510 3966 δέ
2541 3925 2726 3981 φησιν,
2761 3911 2844 3963 ὅτι
2875 3924 2896 3960 ι
2940 3909 3014 3962 υύ
3047 3905 3197 3977 ζητῶ
3225 3905 3283 3959 τὸ
3313 3903 3554 3976 ἐμαυτοῦ
3587 3903 3804 3973 συμφέ-

2217 4025 2331 4080 ρον,
2365 4004 2504 4060 ἀλλά
2532 4003 2593 4057 τὸ
2617 4001 2728 4056 τῶν
2753 4000 2984 4064 πολλῶν,
3023 4000 3110 4052 ἴνα
3155 3996 3389 4050 σωθῶσι.
3430 4017 3449 4050 ι
3481 3994 3714 4048 Τέθεικα
3742 3993 3805 4044 δὲ

2213 4099 2503 4172 ἀμφότερα
2542 4094 2614 4150 τά
2645 4095 2921 4166 νοήματα,
2975 4091 3042 4144 ἶν’
3083 4089 3257 4159 ἔχοιεν
3297 4090 3345 4142 oi.
3376 4087 3804 4158 ἐντυγχάνοντες

2213 4189 2540 4263 ἀμφοτέρων
2562 4187 2662 4256 τὴν
2690 4183 2916 4254 γνῶσιν,
2953 4183 3048 4236 καὶ
3083 4181 3144 4234 τὸ
3176 4178 3366 4234 δοκοῦν
3393 4179 3578 4241 αὐτοῖς
3603 4175 3807 4247 ἀληθέ-

2219 4299 2410 4355 στερον
2433 4275 2573 4334 εἶναι
2594 4276 2855 4331 λάϐωσιν.
2888 4273 3047 4328 Μετά
3077 4271 3251 4326 ταῦτα
3273 4274 3308 4342 ἡ
3335 4271 3545 4340 νύμφη,
3573 4269 3806 4322 καταλι-

523 4371 702 4426 ποῦσα
747 4371 875 4436 τούς
917 4391 978 4427 τε
1009 4375 1144 4444 πρὸς
1181 4376 1286 4440 τάς
1311 4377 1557 4443 νεάνιδας
1583 4379 1796 4448 λόγους,
1831 4381 1924 4435 καὶ
1954 4380 2056 4451 τὴν
2089 4380 2228 4452 πρὸς
2261 4379 2361 4440 τάς
2388 4371 2699 4441 θυγατέρας
2740 4367 3097 4438 Ἰερουσαλὴμ
3132 4362 3501 4429 διδασκαλίαν,
3538 4361 3805 4432 τρέπεται

524 4466 660 4537 πρὸς
687 4465 779 4518 τὸν
807 4466 1059 4536 νυμφίον,
1103 4469 1196 4521 καὶ
1229 4471 1296 4541 ἢν
1325 4471 1440 4542 ἔχει
1482 4473 1610 4542 περὶ
1643 4473 1805 4526 αὐτόν
1836 4473 2057 4543 ἀγάπην
2087 4474 2308 4544 γυμνοῖ,
2344 4468 2440 4523 καί
2468 4480 2633 4534 φησιν
2652 4479 2666 4492 ⁸

596 4555 767 4612 Vens.
803 4559 856 4614 6.
900 4557 1091 4614 Indica
1129 4563 1277 4630 mihi,
1319 4582 1468 4636 quem
1511 4565 1700 4619 dilexit
1743 4567 1928 4619 anima
1964 4581 2101 4629 mea,

2283 4555 2764 4628 ς⁹.Ἀπάγτειλόν
2787 4570 2909 4623 μοι,
2942 4551 3015 4606 ὃν
3035 4552 3354 4621 ἠγάπησεν
3390 4548 3424 4616 ἡ
3455 4545 3626 4616 ψυχή
3655 4563 3804 4615 μου,

525 4646 616 4701 ιιὺὶ
635 4663 850 4717 pascas,
873 4649 962 4702 ubi
983 4650 1140 4705 cubes
1173 4652 1228 4706 in
1254 4654 1494 4719 meridie,
1521 4653 1804 4724 nequando
1829 4653 1959 4722 ﬁam
2003 4656 2112 4707 eel-

2221 4655 2339 4709 ποῦ
2369 4651 2727 4722 ποιμαίνεις,
2758 4648 2877 4702 ποῦ
2903 4645 3190 4711 κοιτάζεις
3229 4645 3300 4698 ὲν
3324 4641 3684 4712 μεσημϐρίᾳ,
3718 4638 3806 4708 μή

527 4740 608 4793 uti
640 4741 1000 4795 circumducta
1023 4743 1077 4797 in
1105 4745 1347 4816 gregibus
1371 4745 1642 4800 sodalium
1667 4755 1902 4798 tuorum.
1931 4746 2112 4800 Anxia

2219 4757 2364 4800 ποτε
2392 4741 2649 4814 γένωμαι
2693 4741 2773 4805 ὡς
2802 4736 3286 4808 περιϐαλλομένη
3313 4734 3359 4766 ⁸⁸
3411 4734 3504 4786 ἐπ’
3556 4731 3810 4800 ἀγέλαις

524 4839 690 4904 atque
727 4832 834 4905 42
870 4837 1128 4906 sollicita,
1161 4853 1234 4893 ne
1275 4851 1482 4909 sponso
1520 4851 1622 4892 suo
1657 4837 1925 4907 privetur,
1961 4843 2016 4891 et
2054 4836 2108 4890 in

2219 4835 2470 4904 ἑταίρων
2484 4833 2532 4866 ⁸⁸
2563 4847 2702 4886 σου.
2729 4831 3098 4902 Δειμαίνουσα
3120 4828 3250 4899 γὰρ,
3285 4826 3379 4880 καὶ
3404 4823 3702 4891 ἀγωνιῶσα
3729 4822 3812 4893 μὴ

524 4924 666 4981 alios
696 4925 908 4982 incidat
935 4943 1161 5001 greges,
1189 4931 1288 5000 qui
1323 4945 1436 4984 non
1467 4929 1538 4983 ab
1567 4929 1665 4984 illo
1696 4936 1981 4998 regantur,
2012 4928 2107 4983 sed

2222 4925 2459 4998 στερηθῇ
2511 4923 2606 4980 τοῦ
2642 4922 2901 4995 νυμφίου,
2951 4922 3045 4974 καὶ
3101 4921 3315 4991 ἑτέροις
3363 4915 3814 4988 περιπέστβποι-

523 5015 594 5070 ab
612 5017 753 5083 aliis,
772 5019 866 5090 qui
889 5022 1078 5090 sponsi
1109 5021 1350 5086 sodales,
1375 5035 1486 5075 non
1517 5035 1584 5075 ex
1615 5018 1909 5088 dignitate,
1930 5033 2110 5089 neque

2221 5019 2397 5093 μνίοις
2419 5017 2518 5088 οὐχ
2544 5017 2636 5070 ὑπ’
2657 5013 2825 5070 αὐτοῦ
2856 5011 3322 5084 ποιμαινομένοις,
3348 5007 3468 5062 ἀλλ’
3489 5009 3595 5061 ὐπὸ
3629 5005 3812 5059 ἄλλων

521 5123 588 5165 ex
648 5113 929 5167 communi
955 5127 1146 5180 sensu,
1212 5112 1312 5168 sed
1368 5127 1434 5168 ex
1495 5112 1739 5167 instituti
1803 5111 2111 5166 imitatione

2218 5108 2378 5165 τινῶν
2433 5110 2668 5180 ἑταίρων
2712 5104 2882 5162 αὐτοῦ
2925 5102 3367 5177 ὀνομαζομένων,
3415 5100 3478 5154 οὐ
3527 5099 3670 5153 κατά
3707 5096 3811 5167 τὴν

522 5217 932 5276 nuncupentur,
965 5218 1226 5274 sponsum
1265 5204 1496 5275 supplex
1516 5203 1781 5274 appellat,
1811 5203 2106 5273 inquiens:

2218 5203 2375 5268 ἀξίαν
2429 5201 2554 5255 οὐδὲ
2601 5199 2744 5254 κατά
2777 5198 2837 5252 τὸ
2887 5197 3065 5250 κοινὸν
3110 5195 3206 5249 τοῦ
3246 5194 3619 5266 φρονήματος,
3671 5189 3816 5244 ἀλλά

596 5359 990 5422 εΛοι.νιι,51.
1062 5356 1124 5414 τι
1154 5357 1282 5413 Cor.
1306 5373 1359 5422 v,
1390 5356 1442 5412 1.
1496 5355 1580 5410 811
1609 5357 1949 5424 Cor.sn,2£
2034 5355 2115 5412 bG

2220 5370 2260 5412 ι.
2285 5372 2365 5424 ιιι,
2404 5359 2456 5412 1.
2526 5353 2736 5411 ίιίίοι.
2764 5369 2883 5419 xm,
2912 5354 2966 5409 5.
3036 5364 3048 5402 ι
3086 5349 3445 5414 Ιίῖοι,ι,21γ.
3507 5347 3690 5402 |“ibid.
3717 5347 3815 5402 55.

1917 5511 2594 5574 γΑιιιΛειΕυτιθΝΕε.

589 5634 636 5667 ⁸³
663 5633 958 5702 ἐϐάσκηνε.
989 5631 1084 5686 Sic
1115 5645 1337 5701 quoque
1377 5629 1598 5686 codices
1627 5633 1877 5702 nonnulli
1905 5631 2047 5701 apud
2075 5630 2302 5702 millium
2332 5630 2398 5684 ad
2425 5629 2666 5702 Galrm,
2705 5630 2754 5684 l.

521 5717 703 5776 tamen
729 5700 928 5776 deinde
961 5700 1227 5776 repetitur
1260 5702 1574 5776 postue“).
1676 5700 1726 5734 ⁸⁸
1756 5700 2094 5776 pii—mgis.

2218 5701 2296 5756 br.
2325 5715 2452 5756 cum
2483 5701 2629 5758 enim
2658 5716 2839 5757 essem
2883 5702 3028 5759 sicut
3070 5702 3383 5756 declinans.

525 5775 782 5840 ἑταίρων.
813 5773 949 5828 Cod.
978 5771 1290 5842 ἀγγελείαις
1318 5773 1540 5841 ἑτέρων.

2855 5628 2902 5661 ⁸⁷⁵
2932 5628 3111 5683 “retro.
3142 5622 3268 5681 rod.
3295 5623 3424 5678 add.
3473 5619 3628 5694 φησί.
3661 5627 3814 5690 quod

2883 5702 3028 5748 sicut
3070 5702 3383 5748 tier-limus.
3502 5693 3548 5726 ⁸⁸
3583 5693 3812 5748 ἀγέλαις

3633 5728 3754 5762 ὶῧσὶ*
3764 5728 3811 5754 υ,
