4088 6424
274 383 339 444 73
1352 384 1435 446 IN
1485 386 1866 452 CANTICUM
1918 387 2206 448 CANTIC.
2253 389 2396 448 LIB.
2441 391 2488 449 Ι.
3469 398 3538 458 74

271 489 405 544 κατά
451 488 554 559 τὴν
606 487 844 560 μίμησιν
890 490 988 547 τοῦ
1044 491 1484 566 ἐπιτηδεύματος
1515 498 1748 552 ἱκετεύει
1779 498 1863 552 τὸν

1980 497 2252 564 Quoniam
2291 497 2482 555 dilexit
2516 507 2566 553 te
2601 500 2782 555 anima
2822 517 2961 570 mea,
2998 501 3088 558 dic
3129 503 3260 559 mihi
3293 505 3388 562 ubi
3441 523 3540 578 pa-

271 581 497 650 νυμφίον
527 581 766 649 λέγουσα
786 599 800 610 ·
852 581 1084 654 Ἐπειδὴ
1117 582 1377 656 ἠγάπησέ
1404 602 1463 639 σε
1506 587 1539 658 ἡ
1569 587 1716 660 ψυχή
1741 607 1865 661 μου,

269 673 387 724 εἰπέ
418 687 512 740 μοι
546 669 691 724 κατὰ
715 670 812 724 τὸν
850 673 959 741 τῆς
1002 672 1360 745 μεσημϐρίας
1391 677 1584 748 καιρὸν
1611 679 1715 734 ποῦ
1745 699 1867 737 ποι-

272 762 502 830 μαίνεις.
529 761 565 831 ἢ
610 759 716 814 ποῦ
767 761 1050 826 κοιτάζεις
1080 763 1151 818 τὰ
1181 765 1460 835 πρόϐατα’
1491 767 1566 838 μὴ
1601 767 1872 838 ἀγνοοῦσα

269 852 390 921 τῇδε
417 851 644 904 κάκεῖσε
674 854 1091 926 περινοστήσω,
1122 854 1220 908 καὶ
1242 855 1500 927 ἀλωμένη
1529 858 1624 910 καὶ
1652 859 1867 914 πλανω-

270 943 400 1013 μένη
427 943 721 1013 περιπέσω
743 943 981 1012 ἀγέλαις
997 946 1062 999 οὐ
1095 945 1196 1016 τῆς
1225 947 1328 1017 σῆς
1359 950 1678 1014 ἐπιστασίας
1701 951 1868 1022 ἀξιω-

271 1031 478 1101 μέναις,
525 1031 670 1086 ἀλλά
728 1049 892 1097 τινας
955 1033 1154 1099 ἄλλους
1191 1038 1400 1107 νομέας
1449 1039 1545 1094 καὶ
1579 1039 1869 1110 βουκόλους

267 1120 531 1190 ἐχούσαις.
567 1121 644 1176 Th
677 1122 796 1193 γὰρ
841 1142 862 1175 ι
899 1124 1375 1199 περιϐαλλομένη,
1415 1145 1437 1180 ι
1471 1131 1812 1200 ῥεμϐομένη
1837 1135 1868 1186 ό

264 1209 550 1280 Σύμμαχος
599 1209 888 1265 τέθεικεν.
927 1211 1176 1278 Εἰκότως
1215 1215 1275 1272 δὲ
1324 1217 1420 1272 καὶ
1471 1218 1616 1273 κατὰ
1641 1219 1733 1273 τὸν
1767 1222 1867 1292 τῆς

263 1299 604 1370 μεσημϐρίας
638 1301 854 1370 καιρὸν
879 1302 1223 1358 πυνθάνεται
1257 1307 1291 1376 ἡ
1318 1307 1504 1379 νύμφη
1531 1308 1635 1362 ποῦ
1667 1313 1697 1363 ὁ
1725 1327 1864 1381 νυμ-

259 1392 371 1459 φίος
400 1391 577 1462 μένει,
617 1393 824 1465 ἐπειδὴ
869 1395 973 1447 τοῦ
1020 1397 1200 1464 φωτὸς
1229 1398 1331 1467 τῆς
1361 1398 1615 1467 γνώσεως
1656 1402 1864 1472 ἐγκρα-

255 1483 370 1546 τοῦς
395 1483 725 1552 γενομένου,
759 1485 1098 1556 ἀνεφύησαν
1128 1489 1186 1542 αί
1221 1490 1482 1560 αἱρέσεις,
1522 1491 1865 1562 Χριστιανῶν

251 1573 346 1642 μὲν
376 1573 438 1626 τὸ
473 1575 656 1645 ὄνομα
704 1575 989 1646 ἔχουσαι,
1043 1578 1164 1632 ἀλλ’
1209 1579 1408 1650 ἔρημοι
1461 1582 1561 1652 τῆς
1603 1583 1864 1656 ἀληθείας

1973 602 2097 643 scas
2128 588 2277 643 horis
2311 588 2653 658 meridianis,
2687 598 2782 645 aut
2817 592 2908 648 ubi
2941 608 3070 650 oves
3114 594 3180 649 ad
3224 595 3536 652 cubandum

1971 692 2177 748 ponas;
2213 693 2283 732 ne
2310 678 2502 748 ignara
2537 681 2644 736 huc
2677 681 2809 737 illuc
2836 698 3025 754 vager,
3055 693 3111 740 et
3135 687 3448 742 errabunda
3478 689 3533 743 in

1969 768 2107 823 alios
2144 769 2427 824 incurram
2461 785 2691 841 greges,
2719 773 2811 840 qui
2864 782 2954 828 tua
2994 791 3102 832 non
3149 776 3356 849 dignati
3398 795 3529 834 cura

1969 859 2038 913 ab
2079 859 2202 916 aliis
2230 861 2546 929 pastoribus
2578 870 2633 918 et
2677 864 2931 922 bubulcis
2961 868 3352 936 guberneutur.
3393 869 3529 925 Illud

1969 950 2112 1006 enim
2148 969 2167 1002 ι
2201 952 2606 1015 circumducta,
2637 970 2657 1005 ι
2681 953 2826 1023 apud
2853 953 3245 1025 Symmachum
3270 966 3356 1014 est
3383 979 3402 1013 ι
3446 975 3535 1016 er-
3567 1027 3571 1032 ι

1967 1042 2235 1097 rabunda.
2269 1060 2288 1093 ι
2341 1041 2465 1096 Non
2518 1043 2794 1099 immerito
2841 1055 3022 1114 autem
3067 1063 3268 1118 sponsa
3313 1055 3564 1122 quaerit,

1968 1133 2058 1187 ubi
2106 1133 2415 1188 meridiano
2441 1142 2689 1203 tempore
2711 1150 2948 1204 sponsus
2977 1149 3213 1196 maneat.
3250 1140 3366 1208 Qua
3389 1144 3531 1198 enim
3567 1193 3570 1196 .

1967 1230 2292 1293 tempestate
2328 1223 2657 1295 cognitionis
2699 1227 2881 1281 lumen
2918 1230 3093 1298 magis
3135 1230 3392 1301 fulgebat,
3426 1234 3535 1291 ha:-

1967 1329 2136 1378 reses,
2172 1313 2617 1372 Christianorum
2643 1316 2868 1386 quidem
2910 1319 3262 1388 praeferentes
3297 1340 3536 1390 nomen,,

1965 1406 2059 1460 sed
2077 1405 2325 1462 veritatis
2341 1415 2614 1479 expertes,
2632 1407 2994 1475 pullularunt.
3019 1410 3254 1469 Proinde
3267 1414 3512 1470 sollicita

1965 1493 2291 1563 dinis‘pleua
2320 1495 2501 1550 locum
2531 1497 2787 1567 exquirit,
2810 1497 2903 1553 ubi
2929 1512 3166 1568 sponsus
3187 1515 3311 1556 cum
3338 1503 3534 1560 ovibus

1963 1585 2306 1652 meridietur,
2332 1601 2402 1640 ne
2433 1588 2487 1642 in
2510 1601 2724 1651 eorum,
2743 1588 2836 1658 qui
2866 1589 3086 1646 sodales
3115 1594 3304 1661 sponsi
3334 1608 3394 1654 se
3410 1609 3518 1666 pro

247 1666 608 1736 ὑπάρχουσαι.
654 1667 883 1722 Τούτου
918 1669 1088 1739 χάριν
1106 1671 1399 1738 ἀγωνιῶσα
1424 1674 1616 1743 μαθεῖν
1649 1677 1863 1744 ἐφίεται

1966 1673 2205 1739 ﬁtentur,
2225 1689 2416 1746 greges
2434 1675 2662 1730 incidat.
2689 1675 2984 1732 Sciendum
3008 1687 3092 1734 est
3120 1689 3320 1747 autem,
3341 1699 3519 1752 quem-

245 1755 330 1810 τοῦ
352 1759 590 1827 νυμφίου
612 1759 713 1812 τὸν
737 1759 945 1826 τόπον,
968 1761 1102 1814 ἔνθα
1127 1763 1270 1816 κατά
1289 1763 1380 1817 τὸν
1398 1764 1499 1833 τῆς
1515 1767 1862 1838 μεσημϐρίας

1966 1763 2258 1818 admodum
2312 1767 2592 1835 propheta:
2637 1764 2882 1830 fuerunt,
2905 1775 2959 1822 et
2980 1769 3066 1824 his
3083 1773 3344 1827 contrarii
3371 1789 3522 1844 pseu-

244 1846 424 1916 καιρὸν
453 1847 710 1910 κοιτάζει
734 1849 810 1904 τὰ
840 1851 1130 1920 πρόϐατα,
1156 1853 1243 1906 ἵνα
1273 1853 1346 1923 μὴ
1371 1855 1644 1927 περιπέσῃ
1670 1857 1715 1889 ⁸⁷
1741 1860 1860 1922 ταῖς

1966 1851 2337 1922 duprophetae,
2371 1862 2425 1908 et
2455 1855 2709 1923 apostoli,
2767 1864 2933 1926 atque
2963 1859 3031 1914 ab
3059 1862 3126 1915 iis
3152 1840 3388 1919 diversa
3405 1879 3532 1920 sen-

247 1936 346 1988 τῶν
396 1937 766 2007 καλουμένων
811 1939 1067 2011 ἑταίρων
1119 1941 1368 2010 ἀγέλαις.
1419 1945 1612 2000 Ἰστέον
1656 1946 1715 2000 δὲ
1757 1949 1860 2014 ὅτι,

1969 1941 2166 1997 tientes
2201 1941 2669 2011 pseudoapostoli,
2698 1942 2780 1997 sic
2815 1945 2980 2000 etiam
3023 1949 3472 2017 pseudochristos
3501 1965 3533 2006 a

242 2024 423 2094 ὥσπερ
451 2021 596 2098 ἦσαν
613 2028 667 2082 οι
699 2029 1036 2099 προφῆται,
1074 2031 1172 2084 καὶ
1210 2031 1415 2087 τούτων
1458 2035 1692 2090 ἐναντίοι
1728 2037 1862 2108 ψευ-

1967 2029 2254 2099 Scriptura
2283 2030 2467 2089 divina
2495 2034 2821 2104 nuncupari.
2862 2037 3231 2100 Quamobrem
3262 2049 3318 2097 et
3346 2041 3534 2098 Domi-

242 2114 591 2187 ὃοπροφῆται,
641 2118 747 2172 καὶ
808 2118 993 2174 πάλιν
1024 2120 1344 2186 ἀπόστολοι,
1399 2125 1492 2177 καὶ
1537 2125 1611 2179 τὰ
1643 2128 1863 2182 ἐναντία
1965 2135 2092 2180 nus,
2132 2140 2150 2172 ι
2187 2120 2443 2192 Surgent,
2492 2123 2689 2192 inquit,
2735 2127 2892 2178 multi
2939 2129 3452 2202 pseudoprophetae,
3481 2143 3536 2189 et

248 2205 555 2275 φρονοῦντες
595 2206 1089 2277 ψευδαπόστολοι,
1140 2209 1317 2269 οὕτως
1359 2213 1454 2266 καὶ
1485 2212 1861 2286 ψευδόχριστοι

1967 2209 2168 2264 multos
2211 2211 2475 2266 seducent
2506 2211 2544 2263 ι.
2584 2229 2603 2261 ι
2648 2209 2713 2264 Ει
2746 2211 2940 2269 beatus
2978 2216 3182 2272 Paulus
3205 2232 3324 2274 non
3355 2221 3533 2276 solum

254 2296 351 2348 ὑπὸ
383 2296 478 2366 τῆς
524 2297 678 2362 θείας
715 2298 1046 2354 καλοῦνται
1083 2300 1327 2372 Γραφῆς.
1365 2303 1456 2356 Διὸ
1483 2306 1578 2359 καὶ
1605 2307 1632 2361 ὸ
1657 2306 1862 2378 Κύριός

265 2403 437 2456 φησιν,
482 2389 560 2441 ὃτι
600 2407 620 2439 ι
663 2391 1127 2462 ’Δναστήσονται
1163 2393 1347 2446 πολλοὶ
1393 2393 1858 2469 ψευδοπροφῆται,

271 2477 364 2528 u‘t
397 2478 607 2541 πολλοὺς
635 2479 1028 2550 πλανήσουσι.
1063 2500 1084 2532 ›
1117 2483 1226 2535 Καὶ
1254 2485 1282 2535 ὁ
1321 2486 1588 2557 μακάριος
1628 2489 1685 2541 δὲ
1713 2489 1862 2541 Παῦ-

282 2566 366 2630 λος
400 2568 459 2620 οὐ
503 2570 655 2639 μόνον
690 2571 1128 2642 ψευδαδέλφους
1179 2570 1290 2627 οἶδε
1337 2576 1534 2646 λέγειν,
1587 2579 1726 2633 ἀλλὰ
1768 2581 1861 2634 καὶ⁵

275 2657 732 2726 ᾴευδαποπόλους.
782 2663 892 2716 Διό
928 2680 1138 2734 φησιν·
1178 2685 1196 2716 ι
1238 2667 1302 2720 Οί
1330 2667 1438 2738 γὰρ
1473 2669 1704 2725 τοιοῦτοι
1731 2671 1863 2741 ψευ-

274 2748 570 2804 δαπόστολοί
612 2755 743 2805 εἰσι.
781 2773 803 2805 ι
857 2754 1102 2820 Τούτοις
1133 2757 1168 2828 ή
1201 2757 1384 2830 νύμφη
1419 2761 1495 2832 μὴ
1545 2767 1862 2833 περιπεσεῖν

278 2839 522 2894 ἱκετεύει·
551 2843 748 2913 ἐπειδὴ
779 2843 851 2898 τὸ
873 2847 1212 2916 ποιμενικὸν
1244 2849 1639 2908 ἐπιδείκνυνται
1673 2853 1862 2924 σχῆμα

271 2930 358 2980 καὶ
379 2931 571 2998 ἀγέλας
590 2932 896 3000 ὡσαύτως,
933 2938 1035 2990 καὶ
1069 2938 1306 3009 ποίμνας
1331 2940 1376 2972 ⁸⁸
1407 2941 1622 3014 ἔχοντες
1646 2945 1862 3013 φαίνον-

263 3037 344 3073 ται
365 3021 408 3052 ⁸³
427 3039 442 3052 ·
463 3024 638 3077 ὁποῖοί
665 3026 819 3078 εἰσιν
863 3027 916 3078 οἱ
950 3027 1025 3080 τὰ
1051 3029 1147 3084 τοῦ
1191 3030 1420 3101 Ἀρείου,
1452 3031 1545 3086 καὶ
1566 3035 1857 3105 Εὐνομίου.

262 3112 348 3162 καὶ
381 3113 734 3183 Μαρκίωνος,
775 3118 881 3170 καὶ
928 3118 1276 3184 Βαλεντίνον,
1327 3123 1420 3176 καὶ
1453 3123 1731 3195 Μάνητος,
1766 3126 1860 3181 καὶ

264 3200 529 3257 ὶίοντανοῦ
571 3210 951 3277 φρονοῦντες·
989 3210 1177 3280 σχῆμα
1229 3211 1328 3281 μὲν
1357 3186 1726 3285 χριστιανίκὸν
1767 3219 1862 3271 καὶ
1891 3186 1933 3244 C

259 3292 418 3360 ὄνομα
469 3297 883 3367 περικείμενοι,
929 3301 1028 3352 καὶ
1075 3301 1373 3372 ἐκκλησίας
1419 3305 1857 3376 οἰκοδομοῦντες,

258 3383 348 3434 καὶ
377 3384 522 3448 θείας
554 3388 595 3439 Γ
600 3391 790 3458 ραφὰς
835 3392 1286 3462 πεπλανημένοις
1326 3396 1628 3466 προϐάτοις
1666 3401 1860 3468 ἀναγι-

259 3471 575 3543 νώσκοντες,
609 3480 708 3530 καὶ
736 3479 1008 3548 νέμοντες
1035 3481 1225 3546 κακῶς
1257 3485 1384 3548 τοὺς
1415 3485 1772 3556 πειθομένους
1788 3489 1855 3554 ⁸⁸,

259 3565 352 3616 καὶ
377 3566 581 3638 ἑταῖροι
615 3570 712 3622 τοῦ
753 3572 999 3642 νυμφίου
1050 3573 1430 3645 νομιζόμενοι,
1477 3577 1756 3631 ἐπίϐουλοι
1799 3580 1858 3634 δὲ

257 3654 406 3719 Ms;
457 3661 552 3712 καὶ
597 3661 866 3730 ὀλέθριοι,
914 3664 1011 3716 καὶ
1043 3663 1344 3735 δηλητήρια
1399 3670 1512 3730 τοῖς
1566 3669 1860 3738 προϐάτοις

257 3745 379 3799 ἀντὶ
397 3749 495 3819 τῆς
519 3751 803 3822 τροφίμου
822 3753 965 3818 πόας
997 3754 1299 3824 ὀρέγοντες.
1330 3757 1427 3810 Διά
1466 3758 1626 3813 τοῦτο
1659 3762 1692 3832 η
1723 3762 1860 3831 νύμ-

256 3855 332 3906 φη
356 3840 593 3916 ἱκετεύει
617 3843 712 3897 τὸν
736 3845 996 3912 νυμφίον,
1027 3846 1302 3912 ὑποδεῖξαι
1323 3849 1458 3920 αὐτῇ
1484 3849 1587 3904 ποῦ
1619 3853 1860 3916 κοιτάζει

255 3927 323 3979 τὰ
351 3929 606 4000 πρόϐατα
638 3935 699 3985 ὲν
736 3933 1082 4004 μεσημϐρίᾳ,
1138 3935 1225 3988 ἵνα
1261 3936 1335 4006 μὴ
1376 3937 1599 4007 γένηται
1636 3960 1653 3991 ι
1694 3958 1852 4012 περι-

1967 2299 2135 2353 l‘alsos
2156 2300 2377 2365 fratres,
2409 2301 2502 2355 sed
2535 2301 2698 2354 etiam
2736 2305 3231 2375 pseudoapostolos
3263 2313 3532 2367 nominat.

1969 2407 1988 2439 ι
2027 2387 2166 2443 Nam
2203 2390 2260 2443 hi
2291 2401 2440 2456 sunt,
2480 2391 2681 2460 inquit,
2722 2395 3172 2466 pseudoapostoli
3195 2408 3256 2454 ⁸³.
3292 2419 3310 2451 ι
3343 2401 3400 2454 In
3433 2402 3534 2459 hos

1963 2495 2165 2548 sponsa
2197 2496 2266 2535 ne
2297 2483 2565 2545 incurrat,
2591 2497 2869 2554 precatur.
2893 2486 3184 2544 Pastorum
3214 2491 3359 2546 enim
3409 2507 3536 2562 spe-

1963 2570 2102 2624 ciem
2125 2586 2235 2641 prae
2267 2586 2326 2626 se
2356 2571 2464 2642 43
2503 2573 2705 2642 ferunt,
2733 2585 2789 2631 et
2813 2591 3006 2648 greges
3037 2579 3288 2634 similiter
3312 2579 3531 2646 habent,

1963 2668 2126 2732 atque
2153 2663 2334 2718 ovilia.
2368 2663 2569 2729 Quales
2599 2676 2730 2722 sunt
2758 2670 2814 2731 ii,
2839 2671 2933 2739 qui
2956 2679 3138 2741 partes
3167 2671 3306 2733 Arii,
3339 2682 3394 2727 et
3422 2672 3500 2728 Eu
3519 2703 3534 2713 -

1964 2753 2156 2816 nomii,
2197 2761 2252 2808 et
2297 2753 2614 2822 Marcionis,
2649 2765 2703 2812 et
2741 2756 3045 2825 Valentini,
3091 2770 3145 2816 et
3189 2761 3444 2827 Manetis,
3477 2772 3534 2818 et

1964 2843 2209 2898 Montani
2256 2854 2650 2901 consectantur
2695 2867 2708 2902 :
2745 2850 2838 2918 qui
2889 2864 3014 2903 cum
3057 2859 3112 2906 et
3155 2850 3440 2916 habitum,
3477 2863 3533 2907 et

1965 2949 2165 2990 nomen
2213 2934 2661 2991 Christianorum
2701 2938 3132 3006 circumferant,
3177 2952 3232 2996 et
3267 2943 3534 2998 ecclesias

1966 3025 2258 3092 azdilicent,
2289 3035 2342 3082 et
2359 3028 2572 3084 divinas
2593 3027 2911 3101 Seripturas
2943 3033 3189 3103 deceptis
3228 3034 3425 3092 ovibus
3447 3035 3534 3092 in-

1968 3125 2360 3188 terpretentur,
2398 3128 2451 3174 et
2475 3122 2618 3175 male
2662 3133 2893 3192 pascant
2922 3138 3017 3179 eos
3048 3125 3140 3194 qui
3189 3139 3395 3180 morem
3426 3124 3536 3182 illis

1966 3216 2184 3280 gerunt,
2217 3224 2386 3280 seque
2420 3213 2610 3281 sponsi
2645 3212 2860 3270 sodales
2890 3223 2944 3270 et
2975 3215 3180 3270 amicos
3217 3215 3388 3271 velint
3419 3217 3539 3270 exi-

1965 3301 2183 3357 stimari
2217 3319 2232 3353 :
2265 3309 2394 3357 sunt
2428 3310 2610 3358 tamen
2640 3305 2990 3360 insidiatores
3019 3306 3334 3374 perniciosi,
3362 3314 3416 3361 et
3439 3322 3539 3376 pro

1967 3392 2284 3448 salubribus
2321 3393 2508 3449 herbis
2549 3395 2809 3465 pestifera
2840 3410 3047 3450 venena
3080 3395 3279 3450 ovibus
3325 3396 3538 3451 submi-

1966 3485 2223 3540 nistrant.
2266 3483 2559 3554 Propterea
2611 3501 2813 3556 sponsa
2878 3502 3138 3558 sponsum
3179 3489 3434 3544 obsecrat
3479 3500 3540 3545 ιιι

1968 3574 2174 3630 iudicet
2201 3575 2305 3632 sibi
2337 3575 2428 3634 ubi
2470 3590 2601 3632 oves
2637 3577 2702 3632 ad
2734 3578 3046 3632 cubandum
3081 3579 3315 3636 collocet
3341 3579 3395 3635 in
3427 3597 3532 3635 me.

1968 3666 2127 3730 ridie,
2152 3680 2222 3722 ne
2249 3685 2268 3717 ι
2305 3667 2709 3731 circumventa,
2732 3686 2749 3718 ι
2781 3675 2875 3722 aut
2903 3669 3206 3724 errabunda
3233 3669 3538 3726 secundum

1966 3756 2376 3830 Symmachum,
2409 3766 2635 3832 vagetur
2664 3760 2806 3815 inter
2826 3776 3013 3816 eorum
3040 3775 3251 3832 greges,
3289 3760 3383 3831 qui
3415 3776 3538 3814 cum

1969 3850 2156 3919 sponsi
2186 3850 2297 3904 sint
2327 3849 2534 3914 hostes,
2573 3849 2722 3905 illius
2752 3858 2933 3905 tamen
2979 3851 3194 3906 sodales
3237 3866 3296 3906 se
3331 3850 3541 3920 ﬁngunt

1962 3957 2102 3997 esse.
2130 3939 2374 4010 Sponsus
2407 3941 2574 4011 igitur
2608 3957 2826 4012 sponsae
2851 3943 3163 4011 respondet,
3194 3950 3248 3996 et
3273 3941 3348 3996 ait
3381 3961 3394 3995 :

262 4024 568 4093 ϐαλλομένη
593 4065 610 4089 ,
650 4044 668 4075 ι
714 4025 750 4093 ἦ
801 4026 1142 4096 ῥεμϐομένη
1200 4028 1341 4083 κατὰ
1405 4029 1495 4084 τὸν
1524 4031 1844 4102 Σύμμαχον.
1899 4035 1987 4085 ἐπ’
2032 4031 2233 4100 ἀγέλας
2277 4031 2386 4084 τῶν
2417 4031 2647 4100 ἑταίρων
2676 4033 2716 4065 δ¹
2759 4032 2922 4085 αὑτοῦ
2959 4032 3536 4103 προσαγορευομένων.

259 4115 510 4168 ἐναντίων
552 4116 615 4167 δὲ
661 4113 817 4183 αὐτῷ
885 4115 1242 4184 ὑπαρχόντων
1262 4117 1328 4170 ’³.
1379 4118 1752 4192 Ἀποκρίνεται
1800 4117 1894 4174 οὖν
1942 4121 1970 4172 ὁ
2019 4121 2249 4189 νυμφίος
2287 4121 2355 4190 τῇ
2384 4118 2598 4190 νύμφῃ·
2641 4119 2734 4172 καί
2765 4133 2959 4188 φησιν·

327 4207 389 4272 ζ’.
422 4210 575 4264 Ἐὰν
589 4208 682 4280 μὴ
704 4207 867 4277 γνῷς
895 4208 1191 4275 σεαυτὴν,
1224 4211 1262 4276 ἡ
1286 4213 1441 4278 καλὴ
1470 4213 1540 4266 ἐν
1561 4215 1857 4284 γυναιξὶν,

255 4300 469 4363 ἔξελθε
506 4299 594 4353 σὺ
647 4301 720 4354 ἐν
769 4300 1054 4367 πτέρναις
1081 4297 1201 4355 τῶν
1233 4304 1545 4370 ποιμνίων,
1597 4305 1696 4358 καί
1726 4307 1860 4358 ποί-

250 4406 428 4457 μαιη
458 4391 604 4455 τοὺς
646 4390 899 4458 ἐρίφους
923 4403 1042 4444 σου
1065 4388 1169 4444 ἐπὶ
1201 4390 1554 4460 σκηνώμασι
1586 4394 1704 4448 τῶν
1733 4408 1862 4448 ποια

251 4478 476 4545 μένων.
513 4480 583 4532 Ὀ
613 4479 676 4533 δὲ
699 4477 851 4544 λέγει
873 4475 1115 4530 τοιοῦτόν
1145 4478 1294 4534 ἐστιν
1315 4494 1328 4508 ·
1365 4479 1460 4543 Εἰς
1487 4480 1690 4552 σαυτὴν
1719 4482 1858 4536 ἁπο-

2038 4211 2201 4276 Vt-zns.
2235 4212 2287 4266 7.
2322 4211 2382 4265 Si
2410 4213 2623 4278 ignoras
2656 4211 2896 4277 teipsam,
2929 4212 3200 4278 oputchra
3247 4214 3386 4267 inter
3420 4231 3536 4268 mu-

1962 4304 2138 4364 lieres,
2159 4301 2400 4370 egredere
2423 4310 2478 4352 tu
2513 4302 2566 4354 iu
2595 4300 2824 4368 vestigiis
2859 4315 3072 4369 gregum
3101 4310 3152 4354 et
3179 4317 3337 4369 pasce
3357 4302 3536 4356 Ιιαιάοδ

1964 4404 2081 4448 tuos
2124 4392 2180 4446 in
2223 4389 2576 4446 tabernaculis
2614 4399 2907 4456 pastorum.
2944 4389 3102 4460 Quod
3152 4399 3332 4446 autem
3381 4391 3538 4458 dicit,

1963 4484 2232 4554 ejusmodi
2287 4492 2417 4538 est:
2477 4481 2728 4555 Teipsam
2772 4483 3069 4552 aspiciens,
3109 4491 3162 4537 et
3209 4481 3364 4540 dotes
3417 4492 3542 4538 tuas

255 4570 555 4636 ϐλέπουσα,
595 4569 697 4623 καὶ
730 4568 803 4620 τὰ
824 4569 964 4622 κατά
1005 4569 1210 4640 σαυτὴν
1250 4570 1684 4642 περισκοποῦσα,
1722 4573 1862 4643 καλὴ

1966 4577 2325 4631 considerans
2364 4575 2616 4643 (pulchra
2654 4574 2798 4629 enim
2841 4590 2899 4630 es
2950 4572 3115 4639 facta,
3161 4580 3217 4630 et
3247 4574 3538 4650 mulierum

254 4663 364 4733 γαρ
413 4661 683 4729 γέγονας,
735 4661 832 4714 καὶ
879 4659 1071 4713 πασῶν
1101 4660 1378 4728 γυναικῶν
1416 4662 1859 4735 εὐπρεπεστάτη,

1969 4669 2212 4722 omnium
2276 4666 2734 4736 formosissima),
2791 4680 2913 4736 quae
2970 4665 3048 4717 tui
3119 4671 3248 4718 sunt
3294 4663 3538 4729 similes,

254 4753 495 4822 γνὼριζε
540 4753 648 4814 τὰς
673 4751 874 4820 ὁμοίας
920 4768 1022 4805 σοι.
1069 4751 1193 4804 Ἐὰν
1225 4752 1282 4805 δὲ
1317 4753 1522 4823 σαυτὴν
1559 4753 1862 4822 ἠγνόησας,

257 4843 557 4914 ipsi»:an
590 4842 708 4896 τῶν
745 4843 1017 4912 ποιμνίων
1061 4843 1129 4895 τὰ
1166 4844 1310 4913 ἴχνη,
1356 4844 1451 4895 καὶ
1491 4843 1861 4902 ἀκολουθοῦσα

259 4933 518 5001 ποίμαινε
573 4930 657 5002 μὴ
718 4930 792 4982 τὰ
841 4929 1092 4999 πρόϐατα
1157 4933 1338 5000 μόνον,
1393 4929 1535 4983 ἀλλά
1587 4933 1680 4984 καὶ
1735 4934 1862 4996 τοὺς

258 5023 484 5095 ἐρίφους
509 5041 638 5088 σου,
679 5023 740 5074 ἰν
764 5024 878 5084 τοῖς
909 5019 1236 5090 σκηνώμασι
1267 5019 1374 5074 τῶν
1404 5023 1698 5092 ποιμένων.
1723 5022 1862 5080 Boii.

257 5116 407 5169 λεται
450 5114 567 5185 γὰρ
604 5115 638 5166 ὁ
677 5111 1077 5182 φιλάνθρωπος·
1109 5111 1386 5182 Δεσπότης
1425 5112 1490 5167 οὐ
1527 5113 1687 5182 μόνον
1731 5116 1860 5178 τοὺς

259 5207 528 5268 δικαίους.
581 5203 726 5256 ἀλλὰ
783 5203 878 5255 καὶ
929 5205 1056 5265 τοὺς
1109 5203 1467 5273 ἁμαρτωλοὺς
1534 5204 1856 5273 ἐπιμελείας

333 5355 348 5395 ³
385 5356 588 5412 καιιινι.
623 5356 824 5419 94,1Ι.
904 5365 944 5386 ³
975 5354 1167 5410 llCor.
1201 5369 1261 5419 tt,
1314 5355 1415 5420 l5,
1445 5355 1536 5411 ‘26.

1966 4772 2222 4832 agnosce.
2253 4755 2350 4812 Sin
2391 4759 2620 4828 teipsam
2650 4757 2894 4832 ignoras,
2929 4755 3156 4826 vestigia
3185 4769 3411 4828 gregum
3440 4769 3538 4810 ex-

1964 4849 2138 4919 plora,
2164 4859 2215 4904 et
2239 4848 2519 4920 sequendo
2551 4863 2713 4918 pasce
2737 4862 2845 4905 non
2861 4862 2992 4908 oves
3016 4847 3213 4908 solum,
3247 4843 3343 4899 sed
3375 4844 3540 4899 etiam

1969 4939 2152 4994 haedos
2191 4948 2339 5001 tuos,
2381 4940 2438 4992 in
2488 4937 2859 4994 tabernaculis
2894 4943 3200 5006 pastorum.
3235 4931 3367 4988 Vult
3393 4932 3540 4987 enim

1965 5028 2240 5099 benignus
2287 5028 2572 5095 Dominus,
2629 5036 2690 5082 ut
2734 5041 2846 5082 non
2891 5024 3056 5080 modo
3087 5024 3302 5093 iustos,
3348 5035 3539 5075 verum

1965 5120 2130 5176 etiam
2169 5127 2486 5188 peccatores
2524 5117 2672 5177 omni
2721 5116 2907 5174 studio
2941 5123 2997 5174 et
3031 5129 3165 5175 cura
3209 5112 3542 5183 complecta-

1966 5223 2106 5263 mur.
2154 5208 2525 5279 Quapropter,
2555 5225 2572 5258 ι
2627 5205 2746 5261 Non
2797 5212 2978 5276 egent,
3028 5203 3228 5274 inquit,
3281 5201 3374 5273 qui
3420 5199 3539 5256 sani

1562 5505 1795 5564 VARIAS
1832 5501 2247 5564 LECTIONES.

331 5669 373 5703 ﬂ
405 5668 538 5722 θθδο
612 5665 780 5735 πέδην
861 5663 1060 5740 ’,ἔδθδο
1095 5663 1379 5740 ποιμένας·
1444 5663 1492 5694 ”
1526 5663 1669 5740 coax
1693 5659 1967 5740 φαίνεταί·
1995 5659 2496 5740 ,ξ’-προδάτοιςρ-
2520 5657 2874 5730 πειθομένους
2903 5656 3018 5713 des.
3057 5655 3108 5710 in
3137 5654 3258 5709 cod.
3337 5650 3379 5682 θ’
3409 5653 3509 5708 cod

274 5740 488 5809 ιτερων.
565 5738 616 5770 θ’
646 5727 854 5804 cui“.
927 5733 987 5788 ln
1023 5733 1147 5787 cod.
1191 5727 1442 5803 sequitur
1482 5727 1757 5788 exoositio
1785 5729 1951 5784 trium
1995 5727 2242 5785 Patrum.

591 5830 874 5888 Parrum“
900 5827 1029 5888 Gn.
1061 5825 1344 5886 LXXXI.

3104 5813 3138 5873 3
3231 5801 3233 5804 ⁴
