4088 6418
579 385 650 451 ’15
1611 383 2098 444 THEODORETI
2123 384 2460 448 EPISCOPI
2488 385 2849 447 CYRENSIS
3763 390 3831 449 76

581 505 732 562 sunt,
754 494 970 551 medico
998 511 1008 548 τ
1041 494 1137 550 sed
1159 494 1250 565 qui
1273 494 1412 549 male
1430 509 1493 549 se
1514 492 1720 548 habent
1739 503 1791 546 υ.
1817 513 1833 544 ι
1859 494 1923 548 Et
1945 513 1957 547 :
1991 513 2009 545 ι
2033 492 2151 551 Non

2264 499 2444 568 πάσης
2475 495 2776 561 ἀξιοῦσθαι.
2799 498 2892 551 Διό
2919 513 3102 568 φησιν·
3144 516 3160 548 ι
3198 497 3273 550 Οὐ
3309 498 3499 569 χρείαν
3530 499 3749 570 ἔχουσιν
3781 503 3830 554 οἱ

583 592 707 644 veni
736 600 934 640 vocare
959 585 1160 654 justas,
1187 584 1282 640 sed
1319 592 1638 655 peccatores
1663 584 1731 638 ad
1755 583 1865 656 Μ
1887 586 2159 654 pceniten-

581 683 714 736 tiam
734 689 777 731 ⁸.
808 698 826 729 ι
866 675 930 732 Et
950 692 1045 746 per
1068 676 1410 730 Ezechielem
1435 674 1764 746 prophetam
1796 694 1808 729 :
1839 675 2158 746 «Numquid

579 771 881 827 voluntatis
902 784 1034 824 meae
1060 769 1188 833 erit,
1223 767 1423 836 inquit,
1458 782 1610 822 mors
1642 765 1914 836 impii?et
1943 769 2160 833 non,‘ut

580 869 931 918 convertatur
962 874 990 910 a
1027 859 1132 912 viis
1186 857 1344 922 suis,
1398 867 1451 911 et
1503 857 1727 911 vivatr?
1779 876 1798 909 ι
1846 856 1912 910 Et
1965 860 2160 912 beatus

582 951 866 1021 apostolus
905 947 1106 1002 Paulus
1155 947 1224 1002 de
1259 948 1378 1016 ipso
1416 947 1584 1002 dicit:
1623 966 1644 998 ς
1671 947 1775 1014 Qui
1819 947 1936 1002 vult
1970 962 2162 1002 omnes

583 1041 832 1095 homines
857 1039 1039 1094 salvos
1065 1037 1204 1101 ﬁeri,
1238 1046 1292 1093 et
1319 1037 1385 1093 ad
1419 1038 1758 1109 agnitionem
1787 1038 2040 1094 veritatis
2061 1053 2160 1092 ve-

582 1135 766 1186 nires.
800 1149 818 1182 ι
857 1130 982 1186 Ideo
1016 1131 1133 1184 vult
1163 1143 1425 1199 sponsam
1477 1130 1663 1186 haedos
1697 1131 1862 1184 etiam
1903 1143 2153 1199 pascere.

585 1225 873 1278 llaedorum
911 1231 1092 1277 autem
1122 1222 1342 1276 nomine
1373 1229 1693 1291 peccatores
1737 1221 1964 1291 ﬁgurate
2002 1219 2162 1274 intel-

583 1318 704 1387 ligit
723 1315 907 1368 divina
929 1314 1235 1384 Scriptura.
1259 1312 1370 1367 llos
1398 1314 1542 1368 enim
1573 1312 1838 1367 Dominus
1865 1327 1894 1365 a
1923 1310 2164 1366 sinistris

586 1413 661 1462 ait
700 1409 941 1461 locatum
979 1405 1067 1469 Iri,
1113 1403 1396 1472 sejunctos
1436 1403 1504 1457 ab
1557 1403 1739 1472 agnis,
1774 1403 1866 1472 qui
1910 1401 2164 1484 dextrum

587 1501 770 1554 locum
799 1497 1144 1553 obtinebunt.
1175 1495 1310 1549 Nam
1341 1495 1396 1548 in
1423 1494 1539 1566 lege
1566 1509 1784 1565 quoque
1814 1509 1912 1564 pro
1943 1501 2166 1563 peccato

589 1605 696 1645 non
729 1591 870 1652 ovis,
899 1588 991 1643 sed
1024 1588 1216 1643 hircus
1248 1603 1314 1640 ex
1351 1586 1531 1656 capris
1560 1586 1920 1640 mactabatur.
1955 1584 2167 1639 Idcirco

587 1698 823 1752 sponsus
848 1681 913 1736 ad
938 1694 1229 1750 sponsam,
1258 1676 1518 1747 Sequere,
1535 1677 1972 1746 inquit,gregum
2001 1676 2168 1730 vesti-

586 1775 694 1841 gia,
714 1778 767 1826 et
793 1767 1210 1842 praecedentium
1242 1775 1559 1820 sanctorum
1590 1763 1756 1817 vitam
1781 1771 2166 1832 perscrutare:

2265 589 2536 660 ἰσχύοντες
2565 591 2773 662 ἰατροῦ,
2798 591 2914 646 ἀλλ’
2936 593 2983 644 οἱ
3011 591 3196 656 κακῶς
3221 591 3489 664 ἔχοντες»
3517 593 3646 648 καί·
3688 595 3834 648 «Οὐκ

2260 677 2422 751 ἦλθον
2452 681 2680 734 καλέσαι
2711 682 2974 748 δικαίους,
3007 682 3122 736 ἀλλ’
3147 683 3504 755 ἁμαρτωλοὺς
3537 686 3617 748 είς
3655 687 3837 756 μετά-

2263 788 2431 826 νοιαν.
2448 791 2467 825 I
2483 773 2586 826 Kal
2608 768 2970 843 διὰῚεζεκιὴλ
2983 771 3076 826 τοῦ
3095 774 3394 845 προφήτου·
3409 774 3530 846 «Μή
3546 774 3834 847 θελήσωη,

2261 861 2418 932 φησὶ,
2451 863 2543 916 τὸν
2573 865 2802 918 θάνατον
2831 863 2926 918 τοῦ
2953 863 3301 935 ἀμαρτωλοῦ,
3330 865 3405 927 ὼς
3433 865 3492 918 τὸ
3509 866 3837 936 ἐπιστρέψαι

2262 953 2358 1005 καὶ
2392 952 2492 1023 ζῇν
2522 953 2722 1020 ·αύτόν;
2759 973 2780 1006 ι
2815 952 2926 1006 Καὶ
2957 955 2986 1005 ὁ
3014 953 3281 1025 μακάριος
3307 953 3604 1018 ἀπόστολος
3624 955 3838 1018 Παῦλος

2263 1045 2390 1115 περὶ
2419 1046 2582 1100 αύτοῦ
2615 1063 2832 1116 φησιν’(
2855 1047 2913 1098 '0
2943 1045 3112 1100 θέλων
3140 1047 3346 1110 πάντας
3373 1047 3696 1117 ἀνθρώπους
3727 1063 3836 1101 σωκ·

2264 1134 2443 1206 θῆναι,
2502 1137 2597 1190 καὶ
2631 1139 2712 1200 είς
2761 1136 3054 1204 ἐπίγνωσιν
3108 1136 3364 1207 ἀληθείας
3415 1137 3609 1192 ἐλθεῖν.
3665 1158 3682 1191 ι
3738 1140 3839 1195 Διά

2264 1226 2422 1282 τοῦτο
2453 1225 2701 1298 βούλεται
2747 1229 2918 1299 αὐτὴν
2958 1229 3056 1282 καὶ
3091 1230 3218 1291 τοὺς
3250 1229 3470 1299 ἐρίφους
3501 1228 3715 1299 βόσκειν
3735 1249 3751 1263 ·
3777 1232 3839 1282 ἐν

2265 1317 2420 1388 τύπῳ
2445 1317 2501 1370 δὲ
2529 1317 2870 1388 ἁμαρτωλῶν
2905 1319 3031 1382 τοὺς
3065 1319 3285 1389 ἐρίφους
3318 1320 3352 1388 ή
3385 1318 3503 1372 θεία
3546 1321 3842 1391 παραλαμ-

2267 1408 2421 1461 ϐάνει
2462 1409 2685 1480 Γραφή·
2735 1409 2958 1472 τούτους
2996 1409 3104 1480 γὰρ
3147 1409 3206 1474 ἐξ
3255 1409 3551 1480 εὐωνύμων
3578 1413 3607 1464 6
3636 1412 3844 1484 Κύριος

2268 1496 2372 1568 ἔφη
2422 1497 2806 1568 σταθήσεσθαι,
2855 1497 3232 1572 διακριθέντας
3265 1503 3329 1554 ἐκ
3358 1501 3467 1555 τῶν
3515 1504 3704 1573 ἀμνῶν
3732 1504 3844 1558 τῶν

2267 1588 2544 1658 λαχόντων
2577 1589 2748 1654 δεξιὸν
2773 1591 2819 1623 ’⁸
2861 1591 3060 1662 χῶρον.
3109 1591 3327 1662 Ἐπειδὴ
3368 1595 3458 1646 καὶ
3491 1593 3551 1647 ἐν
3586 1592 3666 1665 τῷ
3695 1596 3848 1667 νόμῳ

2270 1678 2407 1748 ὑπὲρ
2435 1679 2713 1751 ἁμαρτίας
2742 1681 2802 1733 ού
2835 1681 3127 1752 πρόόατον,
3161 1683 3297 1738 ἀλλὰ
3324 1685 3558 1756 χίμαρος
3586 1686 3643 1752 ἐξ
3673 1687 3847 1755 αίγῶν

2269 1769 2667 1839 προσεφέρετο.
2699 1770 2796 1823 Διά
2825 1769 2981 1823 τοῦτο
3011 1770 3158 1837 λέγει
3187 1775 3252 1842 τῇ
3297 1773 3485 1847 νύμφῃ
3517 1777 3545 1828 ὁ
3573 1777 3806 1846 νυμφίος
3827 1791 3843 1805 ⁶

583 1872 638 1918 et
672 1863 724 1916 in
775 1863 991 1914 illorum
1043 1868 1328 1930 pastorum
1367 1855 1775 1917 tabernaculis,
1817 1854 1922 1906 hoc
1968 1861 2075 1915 est,
2112 1852 2168 1906 in

2272 1858 2397 1922 Τοῖς
2427 1858 2598 1930 ῖχνεσι
2629 1859 2736 1912 τῶν
2766 1859 3030 1931 ποίμνίων
3054 1863 3356 1928 ἀκολούθει,
3386 1842 3484 1917 καί
3501 1865 3608 1918 τῶν
3643 1842 3848 1938 προλα-

584 1953 897 2024 apostolicis
920 1949 1190 2014 ecclesiis,
1213 1949 1395 2004 haedos
1418 1958 1544 2001 tuos
1567 1961 1749 2017 pasce,
1770 1961 1892 2000 cum
1918 1946 1970 1998 in
1990 1944 2169 1998 Evan-

2273 1947 2476 2001 δόντων
2507 1949 2676 2016 ἁγίων
2724 1948 2988 2020 ἀνερεύνα
3014 1950 3104 2003 τὸν
3149 1950 3293 2019 βίον·
3331 1951 3426 2004 καὶ
3473 1954 3532 2004 ἐν
3577 1955 3690 2016 τοῖς
3737 1953 3851 2006 τῶν

583 2045 740 2115 geliis
773 2044 1076 2097 audiveris:
1121 2059 1139 2092 ι
1167 2038 1379 2100 Videte,
1412 2053 1479 2092 ne
1510 2037 1875 2092 contemnatis
1905 2052 2072 2090 unum
2102 2037 2169 2092 de

2279 2039 2554 2109 ποιμένων
2605 2040 2830 2092 ἐκείνων
2886 2037 3225 2111 σκηνώμασι,
3291 2044 3566 2096 τουτέστιν
3615 2045 3672 2096 ἐν
3729 2047 3851 2107 ταῖς

580 2136 798 2205 pusillis
829 2134 950 2215 istis
998 2131 1262 2194 minimis,
1307 2129 1401 2199 qui
1455 2128 1512 2181 in
1561 2143 1646 2181 me
1697 2127 1948 2182 credunt.
1994 2129 2168 2184 Amen

2273 2129 2659 2193 ἀποστολικαῖς
2706 2129 3042 2200 ἐκκλησίαις,
3090 2131 3251 2202 βόσκε
3293 2150 3387 2186 σου
3433 2136 3560 2198 τοὺς
3603 2135 3849 2206 ἐρίφους,

577 2226 723 2279 enim
757 2224 880 2277 dico
916 2214 1095 2286 vobis,
1136 2219 1317 2289 angeli
1348 2233 1538 2273 eorum
1582 2231 1796 2285 semper
1835 2215 2023 2268 vident
2084 2214 2166 2267 l'a-

2272 2219 2553 2273 ἀκούσασα
2598 2223 2654 2273 ἐν
2686 2225 2800 2285 τοῖς
2851 2223 3017 2294 ἱεροῖς
3047 2224 3398 2292 Εὑαγγελίοις
3425 2242 3439 2256 ·
3479 2244 3498 2278 ι
3544 2226 3734 2296 Ὀρᾶτε
3772 2225 3852 2296 μὴ

579 2319 716 2369 ciem
743 2313 926 2366 Patris
958 2312 1084 2376 mei,
1120 2311 1215 2380 qui
1247 2317 1331 2363 est
1361 2311 1414 2362 in
1443 2307 1656 2362 coelis'.
1699 2324 1717 2356 ι

2273 2314 2726 2385 καταφρονήσητε
2754 2313 2872 2380 ἐνὸς
2899 2314 3005 2370 τῶν
3039 2316 3250 2388 μικρῶν
3287 2317 3395 2372 τῶν
3424 2318 3719 2390 ἐλαχίστων
3740 2318 3852 2370 τῶν

580 2404 941 2458 πιστευόντων
977 2403 1057 2464 είς
1086 2400 1187 2470 ἐμέ
1208 2415 1222 2429 ο
1255 2397 1403 2471 ἀμὴν
1435 2398 1542 2468 γὰρ
1565 2395 1710 2463 λέγω
1740 2397 1888 2468 ὑμῖν,
1915 2395 1963 2448 οἱ
1993 2395 2212 2464 ἄγγελοι
2239 2403 2420 2458 αὐτῶν
2454 2407 2577 2461 καθ’
2609 2407 2824 2478 ἡμέραν
2891 2408 3057 2480 ὁρῶσι
3121 2411 3180 2464 τὸ
3226 2412 3514 2482 πρόσωπον
3578 2412 3670 2465 τοῦ
3735 2413 3851 2465 Πα-

576 2496 704 2568 τρδς
736 2495 764 2548 ύ
775 2495 889 2566 μῶν
917 2494 1013 2546 τοῦ
1038 2497 1094 2546 ἐν
1119 2495 1367 2563 οὐρανοῖς
1390 2492 1460 2542 ⁹⁵.

658 2590 816 2643 Vsus.
853 2589 906 2642 8.
953 2586 1115 2656 Equw
1151 2602 1276 2640 mea:
1314 2586 1367 2637 in
1398 2583 1642 2636 curribus
1677 2582 1978 2636 Pharaonis
2021 2585 2157 2637 assi-

2329 2586 2398 2657 η⁸.
2437 2587 2516 2656 Τῇ
2536 2589 2698 2652 ἵππῳ
2722 2605 2842 2657 μου
2875 2589 2945 2642 ἐν
2968 2589 3193 2660 ἅρμασι
3218 2589 3426 2658 Φαραὼ
3451 2591 3727 2659 ὠμοίωσά
3749 2612 3849 2657 σε,

578 2680 758 2733 milavi
800 2687 868 2743 te,
910 2679 1202 2746 propinqua
1232 2691 1366 2728 mea.
1413 2673 1670 2743 Figurate
1706 2673 1792 2726 hic
1830 2671 2159 2727 Pharaonem

2264 2679 2298 2746 ἡ
2333 2680 2602 2749 πλησίον
2622 2698 2762 2749 μου.
2793 2680 3085 2750 Τροπικῶς
3129 2680 3359 2734 ἐνταῦθα
3393 2681 3589 2752 Φαραὼ
3628 2684 3715 2735 τὸν
3748 2685 3853 2754 τῆς

581 2771 891 2840 improbum
933 2768 1186 2822 humanae
1234 2773 1445 2820 natura:
1497 2766 1706 2819 hostem
1745 2766 2004 2834 appellat,
2053 2765 2164 2818 exi-

2264 2769 2534 2839 ἡμετέρας
2558 2770 2770 2839 φύσεως
2791 2771 3063 2842 ἀλάστορα
3088 2771 3521 2842 προσηγόρευσε,
3547 2773 3638 2826 τὸν
3667 2774 3856 2845 ἀλιτή-

577 2862 784 2915 tiosum
830 2869 884 2913 et
915 2872 1257 2913 communem
1296 2855 1671 2908 adversarium
1696 2863 1970 2918 nostrum,
1999 2869 2159 2923 quem

2265 2875 2378 2928 ριον
2403 2861 2497 2914 καὶ
2528 2862 2705 2914 κοινὸν
2727 2860 2885 2932 ήμῶν
2913 2862 3169 2931 πολέμιον
3198 2861 3256 2915 ὃν
3279 2862 3326 2894 ’⁸
3354 2863 3432 2934 τῷ
3455 2863 3654 2934 Φαραὼ
3680 2882 3856 2934 παρα-

579 2966 691 3005 non
733 2949 890 3002 aliter
917 2962 1079 3018 quam
1103 2947 1235 3000 olim
1281 2945 1644 3008 Pharaonem,
1676 2944 1730 2998 in
1763 2946 1971 3000 sanctis
2001 2943 2162 3014 aquis

2264 2949 2510 3021 πλησίως
2556 2952 2614 3003 ἐν
2661 2955 2778 3015 τοῖς
2832 2953 3007 3021 ἁγίοις
3072 2953 3167 3005 τοῦ
3238 2953 3613 3024 βαπτίσματος
3663 2955 3855 3010 ὕδασιν

581 3039 931 3112 baptismatis
967 3039 1276 3093 demersum
1325 3036 1618 3106 oppressit.
1655 3034 1818 3105 Equa:
1850 3036 2036 3106 igitur,
2075 3036 2161 3090 ins

579 3135 720 3205 quit,
755 3147 860 3202 qua
888 3147 1023 3186 usus
1051 3130 1285 3185 demersi
1311 3138 1476 3199 atque
1506 3127 1666 3183 obrui
1698 3126 1999 3181 Pharaonis
2031 3141 2162 3181 cur-

580 3241 697 3288 rus,
727 3233 778 3278 te
817 3224 1049 3279 similem
1085 3221 1296 3291 judico,
1329 3235 1494 3290 quam
1542 3219 1672 3272 mihi
1718 3218 2005 3274 charitatis
2034 3218 2160 3272 vin-

578 3318 706 3373 culo
734 3333 796 3372 ac
834 3315 1238 3372 necessitudine
1260 3313 1622 3383 propinquam
1660 3310 1889 3365 adscivi.
1911 3307 2161 3362 Formam
2188 3299 2231 3356 C

578 3418 758 3465 autem
791 3409 933 3465 servi
975 3405 1084 3478 45
1117 3407 1274 3477 quasi
1308 3418 1533 3458 currum
1565 3400 1853 3472 quemdam
1888 3399 2158 3462 adhibuit,

577 3517 700 3556 cum
731 3517 796 3556 ea
827 3499 1054 3555 indutus
1087 3496 1387 3554 exinanivit
1409 3496 1786 3565 semetipsum,
1821 3502 1880 3548 ut
1906 3495 2163 3547 universo

575 3592 762 3660 generi
783 3591 1026 3644 humano
1046 3588 1282 3644 salutem
1321 3593 1609 3655 pareret'.
1644 3582 1761 3638 Tali
1812 3583 1980 3654 igitur
2009 3597 2163 3652 equae

577 3693 836 3748 sponsam
868 3676 1099 3733 similem
1124 3675 1279 3730 dicit.
1319 3674 1420 3730 Cui
1451 3674 1670 3744 quidem
1705 3672 1992 3728 sententia
2020 3673 2164 3743 Apo-

577 3768 753 3823 stolus
785 3768 948 3822 etiam
997 3764 1352 3835 astipulatur,
1398 3764 1465 3819 de
1498 3762 1780 3818 Salvatore
1821 3762 2040 3819 Christo
2085 3763 2164 3816 lo-

577 3873 751 3928 quens
781 3858 837 3910 in
879 3856 1026 3910 hunc
1067 3854 1290 3908 modum
1334 3871 1346 3906 :
1385 3872 1402 3904 ι
1455 3853 1558 3920 Qui
1611 3854 1936 3909 reformabit
1963 3868 2164 3925 corpus

577 3948 906 4002 humilitatis
939 3951 1162 4008 nostrae,
1195 3953 1254 3999 ut
1280 3944 1507 4016 ﬁguram
1539 3944 1735 4001 habeat
1768 3945 2004 4000 similem
2035 3960 2159 4000 cor-

576 4040 696 4109 pori
723 4039 966 4110 glorioso
992 4036 1179 4107 ejus-l.
1229 4056 1248 4090 ι
1280 4037 1344 4091 Ει
1379 4037 1508 4092 alibi
1541 4055 1555 4091 :
1599 4055 1618 4089 ι
1664 4036 1777 4092 Nos
1811 4052 1941 4093 vero
1972 4053 2162 4094 omnes

576 4131 814 4186 revelata
855 4128 996 4184 facie
1017 4128 1248 4200 gloriam
1283 4127 1497 4183 Domini
1529 4129 1898 4198 speculantes,
1932 4129 1985 4184 in
2010 4144 2161 4184 eam-

573 4221 696 4277 dem
725 4222 1015 4290 imaginem
1055 4219 1520 4276 transformamur
1557 4235 1587 4274 a
1624 4221 1881 4276 claritate
1914 4221 1971 4275 in
2001 4221 2163 4276 clari-

575 4321 736 4368 tatem
793 4321 1052 4382 tanquam
1105 4327 1136 4366 a
1173 4310 1395 4366 Domini
1437 4310 1646 4382 Spiritu
1688 4323 1737 4368 υ.
1780 4331 1798 4363 ι
1859 4311 1938 4366 Ex
1979 4312 2162 4368 verbis

575 4404 737 4474 igitur
754 4404 1075 4474 apostolicis
1095 4405 1322 4474 mystica
1344 4403 1560 4458 Cantici
1580 4403 1747 4458 verba
1769 4403 2160 4473 intelligamus,

573 4499 972 4566 audiamusque
1011 4510 1272 4565 sponsum
1327 4496 1402 4550 ita
1455 4496 1769 4551 dicentem:
1805 4494 1883 4550 Te
1933 4495 2160 4564 propin-

574 4603 737 4656 quam
769 4603 942 4643 meam
971 4587 1198 4651 l‘actam,
1229 4596 1395 4658 atque
1423 4588 1546 4643 ideo
1573 4587 1941 4659 propinquam
1974 4586 2158 4655 appel-

2264 3041 2595 3113 ὑποϐρύχιον
2649 3043 2940 3113 πεποίηκε.
2987 3044 3068 3114 Τῇ
3119 3044 3270 3114 ἵππῳ
3326 3062 3432 3114 μου
3475 3046 3696 3114 τοίνυν,
3741 3043 3854 3122 ᾖντ

2262 3133 2609 3204 χρησάμενος
2651 3133 2720 3187 τὰ
2769 3133 2993 3205 ἅρματα
3047 3133 3141 3187 τοῦ
3191 3134 3390 3206 Φαραὼ
3447 3138 3852 3202 κατεπόντισα,

2261 3226 2453 3296 ὁμοίαν
2485 3243 2544 3279 σε
2577 3225 2748 3297 κρίνω
2775 3227 2821 3260 ⁹¹³
2849 3227 3073 3298 πλησίον
3107 3245 3207 3298 μου
3234 3229 3552 3301 γενομένην,
3583 3231 3674 3284 καὶ
3713 3232 3856 3300 ἀγά-

2264 3332 2374 3388 πην
2403 3317 2532 3388 περὶ
2575 3317 2675 3387 ἐμὲ
2719 3317 3090 3388 κτησαμένην.
3141 3319 3443 3389 Ἐχρήσατο
3487 3319 3544 3372 δέ
3587 3317 3698 3374 οίόν
3741 3338 3854 3376 τινι

2263 3408 2497 3479 ὀχήματι
2539 3410 2605 3478 τῇ
2649 3408 2740 3460 τοῦ
2771 3408 2959 3461 δούλου
3014 3412 3226 3480 μορφῇ,
3282 3410 3351 3481 ἢν
3379 3411 3624 3476 κενώσας
3657 3413 3857 3468 ἐαυτὸν

2264 3499 2540 3562 ἀνέλαϐεν,
2577 3499 2663 3552 ἵνα
2688 3501 2849 3553 παντὶ
2876 3499 2953 3570 τῷ
2976 3501 3122 3568 γένει
3162 3503 3652 3574 πραγματεύσηται
3675 3521 3857 3576 σωτη-

2268 3591 2406 3659 ρίαν.
2434 3589 2617 3661 Ταύτῃ
2643 3592 2820 3642 τοίνυν
2867 3593 2930 3661 τῇ
2965 3591 3116 3660 ἵππῳ
3147 3591 3434 3656 ἀπεικάζει
3463 3593 3561 3664 τὴν
3605 3593 3854 3664 νύμφην.

2264 3682 2374 3734 Καὶ
2406 3684 2673 3753 μαρτυρεῖ
2701 3679 2778 3751 τῷ
2806 3682 3036 3751 νοήματι
3067 3683 3096 3735 ὁ
3129 3683 3471 3747 Ἀπόστολος,
3513 3684 3713 3738 οὑτωσὶ
3756 3685 3857 3738 λέσ

2263 3791 2376 3841 γων
2403 3771 2639 3842 περὶτοῦ
2654 3772 2906 3843 Σωτῆρος
2929 3771 3189 3845 Χριστοῦ·
3216 3793 3233 3824 ι
3250 3775 3346 3836 Ὃς
3372 3791 3616 3845 μετασχη
3627 3792 3732 3844 ματ
3743 3775 3825 3828 ίσε
3838 3794 3857 3827 ι

2262 3862 2324 3915 τὸ
2354 3861 2512 3932 σῶμα
2537 3861 2634 3932 τῆς
2661 3861 3040 3927 ταπεινώσεως
3070 3864 3220 3934 ήμῶν
3246 3865 3326 3927 εἰς
3348 3864 3408 3916 τὸ
3438 3864 3690 3932 γενέσθαι
3719 3865 3858 3918 αύτὺ

2267 3952 2590 4022 σύμμορφον
2609 3950 2687 4020 τῷ
2716 3949 2927 4021 σώματι
2953 3951 3051 4021 τῆς
3083 3952 3241 4022 δόξης
3264 3951 3449 4006 αὑτοῦ.
3483 3970 3502 4004 ι
3529 3954 3639 4006 Καὶ
3665 3953 3851 4007 πάλιν’

2270 4060 2288 4092 ι
2340 4043 2529 4112 Ἡμεῖς
2567 4041 2625 4094 δέ
2671 4042 2872 4105 πάντες
2907 4043 3412 4114 ἀνακεκαλυμμένῳ
3441 4043 3716 4115 προσώπῳ
3747 4043 3858 4114 τὴν

2263 4132 2418 4199 δόξαν
2467 4132 2672 4204 Κυρίου
2726 4132 3249 4204 κατοπτριζόμενοι,
3297 4135 3397 4205 τὴν
3447 4136 3612 4207 αὐτὴν
3664 4135 3856 4190 εἰκόνα

2266 4220 2767 4293 μεταμορφούμεθα
2808 4221 2916 4275 ἀπὸ
2946 4221 3106 4293 δόξης
3137 4225 3218 4286 είς
3268 4223 3445 4291 δόξαν,
3467 4224 3715 4296 καθάπερ
3740 4209 3874 4279 ἀπὸ.

2263 4313 2468 4384 Κυρίου
2499 4313 2835 4383 Πνεύματος.
2890 4330 2909 4365 I
2949 4312 3046 4366 Ἐκ
3090 4313 3202 4368 τῶν
3250 4315 3620 4369 ἀποπολικῶν
3668 4317 3857 4370 τοίνυν

2265 4403 2527 4473 ῥημάτων
2575 4401 2646 4454 τά
2701 4401 2940 4470 μυστικά
2982 4403 3078 4456 τοῦ
3111 4404 3388 4476 ’ᾼσματος
3433 4407 3715 4476 νοήσωμεν
3749 4407 3858 4478 ῥή-

2267 4507 2432 4562 ματα,
2473 4492 2568 4543 καὶ
2600 4490 2925 4561 ἀκούσωμεν
2955 4493 3047 4546 τοῦ
3095 4495 3327 4566 νυμφίου
3355 4497 3624 4564 λέγοντος,
3658 4499 3737 4551 ὅτι
3779 4499 3858 4552 Σὲ

2264 4582 2362 4654 τὴν
2395 4581 2621 4652 πλησίον
2651 4599 2752 4651 μου
2797 4585 3116 4656 γενομένην,
3142 4589 3255 4641 καί
3281 4587 3369 4642 διὰ
3415 4588 3576 4641 τοῦτο
3622 4589 3858 4659 πλησίον

573 4678 757 4744 latam,
785 4687 839 4732 et
869 4693 926 4733 re
949 4678 1066 4749 ipsa
1096 4679 1334 4733 nominis
1373 4677 1613 4733 fructum
1666 4684 1996 4747 assecutam,
2033 4675 2158 4730 dico

2264 4674 2694 4746 ὀνομαζομένην,
2723 4675 2816 4729 καὶ
2859 4677 2924 4730 ἐκ
2973 4677 3067 4731 τοῦ
3108 4681 3431 4752 πράγματος
3460 4681 3858 4750 καρπουμένην

572 4785 694 4824 esse
722 4770 952 4824 similem
978 4784 1131 4840 equae
1163 4784 1320 4833 meae,
1347 4784 1457 4840 qua
1485 4783 1586 4839 ego
1622 4775 1786 4822 utens
1813 4764 2156 4819 Pharaonem

573 4860 965 4928 intelligibilem
998 4861 1296 4925 submersi,
1330 4859 1542 4929 tibique
1579 4857 1810 4926 largitus
1838 4870 1960 4910 sum
1988 4855 2156 4909 liber-

573 4944 886 5009 tatemfﬂis
927 4953 1208 5024 adiungit:

650 5132 808 5189 Vens.
846 5133 900 5188 9.
937 5131 1111 5197 Quam
1139 5129 1374 5199 pulchrae
1395 5127 1552 5196 facta:
1577 5133 1701 5180 sunt
1725 5139 1870 5195 gena:
1894 5135 2018 5189 ture,
2052 5125 2163 5177 sic-

640 5296 668 5323 ιι
691 5284 882 5339 Matth.
919 5302 970 5340 Ix
993 5325 1008 5347 ,
1043 5282 1130 5335 1‘2.

573 5372 642 5420 II,
675 5356 708 5408 6
730 5395 745 5418 ,
778 5355 831 5408 7.
915 5357 932 5391 ι
964 5352 1208 5422 Philipp.
1239 5365 1321 5416 ιιι,
1356 5349 1451 5404 21.
1526 5356 1556 5386 ιι
1596 5347 1642 5402 ll
1679 5347 1814 5408 Cor.
1847 5364 1933 5415 ιιι,
1967 5347 2055 5402 18.

1221 5289 1244 5310 ⁶
1272 5279 1442 5335 Marc.
1471 5295 1531 5344 II,
1559 5279 1649 5334 l7.
1728 5289 1758 5328 Ρ
1792 5277 1992 5334 Ezech.
2026 5292 2184 5345 xvm,
2219 5279 2313 5334 23.
2389 5289 2417 5328 ει
2450 5279 2467 5332 l
2497 5278 2644 5335 'l‘im.
2679 5296 2755 5347 ιι,
2804 5283 2858 5337 4.

2261 4766 2323 4818 τὸ
2341 4767 2532 4836 ὖνομα,
2560 4769 2627 4836 τῇ
2655 4766 2806 4836 ἵππῳ
2840 4785 2938 4837 μου
2972 4770 3208 4823 ἐοικέναι
3248 4772 3409 4841 φημὶ,
3441 4766 3475 4844 ᾖ
3506 4771 3859 4842 χρησάμενος

2262 4857 2355 4909 τὸν
2383 4857 2573 4926 νοητὸν
2611 4857 2811 4928 Φαραὼ
2841 4859 2940 4912 σὺν
2966 4863 3080 4925 τοῖς
3113 4861 3352 4934 ἅρμασιν
3394 4862 3558 4916 αὑτοῦ
3587 4863 3860 4916 κατεπόνε-

2262 4965 2408 5089 me?
2457 4947 2550 5001 καί
2589 4966 2671 5001 σοι
2706 4949 2806 5019 τὴν
2847 4950 3160 5025 ἐλευθερίαν
3210 4955 3591 5026 ἐδωρησάμην.
3627 4954 3861 5018 Τούτοις

2267 5037 2341 5088 ἐπ
2377 5051 2463 5089 γει

2343 5051 2376 5089 α
2415 5051 2463 5086 ει

2343 5051 2412 5178 θῖ
2445 5125 2506 5179 Τί
2534 5126 2922 5195 ὼραιώθησαν
2953 5128 3014 5180 αἱ
3058 5125 3337 5196 mandrae
3364 5139 3480 5178 σου
3499 5125 3568 5190 ’⁸,
3599 5125 3680 5191 ὠς
3712 5140 3855 5192 τρυ-

2940 5290 2962 5318 ι⁹
2995 5279 3189 5336 Matth.
3221 5280 3475 5350 vaII,lO.
3552 5291 3575 5319 ³
3609 5278 3851 5348 Philipp.

1868 5509 2104 5566 VARIE
2146 5511 2562 5570 LECTIONES.

642 5609 686 5638 ³³
727 5605 1164 5682 θελήσωηφησί.
1192 5600 1630 5682 ’θοὰ-θελήσει]
1673 5601 2114 5682 φησὶργθελήσω.
2160 5610 2229 5682 ,οξ
2263 5609 2456 5677 δεξιόν.
2485 5610 2652 5682 abest
2703 5627 2733 5667 a
2771 5613 2895 5669 cod.
2949 5614 3140 5669 relicto
3194 5610 3393 5682 spatio.
3448 5605 3672 5682 31009.
3721 5603 3850 5682 cod.

573 5671 959 5750 ιιι-ιβιηηςτοῖς..
987 5671 1113 5730 Post
1154 5674 1398 5750 οὐρανοῖς
1441 5671 1653 5750 incod.
1684 5673 1933 5750 sequitur
1988 5671 2256 5750 expositio
2292 5671 2457 5736 trium
2497 5679 2742 5738 Patrum.
2810 5684 2856 5717 "
2886 5684 2966 5740 ὃν.
3007 5684 3133 5740 cod.
3173 5671 3250 5746 ὡς
3287 5683 3366 5734 ἐν.
3445 5678 3487 5709 ’⁷
3513 5671 3569 5749 ᾗ.
3601 5671 3769 5730 Abest
3817 5688 3857 5727 a

575 5740 699 5800 cod.
775 5743 818 5779 "
858 5742 981 5797 cod.
1020 5740 1233 5798 κοινῶ.’
1284 5743 1329 5777 ’⁸
1352 5757 1465 5795 σου.
1493 5740 1662 5796 Abest
1691 5755 1721 5794 a
1759 5740 1861 5796 cod
