2044 3213
681 180 720 209 IN
736 177 925 208 CANTICUM
947 177 1091 206 CANTIC.
1111 177 1183 207 LIB.
1204 177 1228 207 Ι.

1742 179 1780 209 78

150 241 252 276 γένος]
265 240 420 274 τράχηλός
438 247 510 270 σου,
531 238 574 270 ὡς
593 238 731 272 ὁρμίσκοι
747 237 754 251 ¹
769 237 775 262 l
794 236 874 261 Ἀλλὰ
902 234 939 269 μὴ

1001 238 1019 258 ιι
1042 233 1173 260 turturis.’
1189 233 1287 260 cauum
1307 237 1381 259 mum
1399 233 1469 259 sicut
1491 232 1621 260 monilia!
1642 232 1692 261 llic
1709 241 1780 269 qu0'

150 289 222 314 πάλιν
234 285 377 322 σαρκικῶς
395 286 538 321 νοήσωμεν
552 284 603 319 τὴν
618 284 739 317 σιαγόνα,
754 282 802 308 καὶ
818 281 862 307 τὸν
875 281 940 315 τρά-

148 334 239 369 χηλον·
256 331 388 366 λὰσωμεν
402 330 431 356 δὲ
445 331 486 362 εἰς
502 329 577 361 νοῦν,
591 330 630 355 ὅτι
644 329 691 354 καὶ
705 327 834 357 πολλάκις
850 326 867 360 ἠ
882 325 941 351 Θεία

148 380 165 405 Γ
167 378 236 414 βαφὴ
255 377 426 412 σωματικοῖς
444 375 561 410 ὀνόμασι
583 374 631 400 καὶ
654 373 701 399 ἐπὶ
724 372 774 407 τῆς
788 372 877 406 ψυχῆς
898 370 942 396 κέ-

147 432 252 459 χρηται·
268 423 317 449 καὶ
337 422 405 448 ποτὲ
424 422 475 457 μέν
490 429 574 456 φησιν
592 421 608 446 ὁ
625 419 769 454 προφήτης
788 417 939 452 Ἱερεμίας·

148 481 157 495 ι
175 471 228 504 Τὴν
246 468 354 495 κοιλίαν
370 477 436 503 μου,
457 467 509 503 τὴν
524 466 631 493 κοιλίαν
656 474 705 500 μου
733 464 787 498 ἐγὼ
807 463 898 497 ἀλγῶ·
931 472 940 487 ›

147 515 190 541 καὶ
205 515 310 545 δεικνὺς
326 514 372 540 ὅτι
382 514 393 528 ¹
408 513 440 539 οὐ
456 512 522 547 περὶ
535 511 639 545 ταύτης
654 510 736 544 λέγει,
748 509 856 542 ἐπάγει,
875 518 883 532 ι
896 507 943 534 καὶ

147 563 178 588 τὰ
191 560 355 595 αἰσθητήρια
369 559 424 594 τῆς
445 558 561 594 καρδίας
579 566 641 592 μου.
659 567 668 582 ι
686 556 754 583 nm
775 556 802 581 δὲ
822 556 835 581 ὁ
854 554 943 589 μακά-

150 616 200 642 ριος
215 606 319 638 Παῦλος
337 606 433 640 λέγει·
456 615 466 631 l
482 606 538 636 Τὰς
564 603 733 639 παρειμένας
761 603 871 637 χεῖρας,
897 601 944 627 καὶ

149 654 178 679 τὰ
191 651 406 687 παραλελυμένα
429 651 532 684 γόνατα
552 649 738 684 ἀνορθώσατε,
762 649 809 673 καὶ
833 647 944 682 τροχιὰς

150 698 223 733 ὶρθὰς
235 697 371 732 ποιήσατε
386 697 447 727 τοῖς
472 695 552 721 ποσὶν
574 695 662 729 ὑμῶν,
684 694 728 720 ἴνα
748 694 786 728 μὴ
810 693 840 719 τὸ
859 693 944 727 χωλὸν

150 744 274 778 ἐκτραπῇ.
288 742 355 777 ἰαθῇ
371 743 402 768 δὲ
420 741 539 777 μᾶλλον·
557 751 565 766 ι
583 741 645 767 οὔτε
663 741 726 774 περὶ
747 740 858 774 χειρῶν,
883 738 944 765 οὒτε

223 789 320 822 ποδῶν,
335 787 403 814 οὔτε
428 788 496 822 περὶ
519 787 569 821 τῆς
593 786 735 821 ὁρωμένης
760 785 913 820 χωλότητος
932 785 946 809 ὁ

150 834 275 869 μακάριος
287 832 436 868 παρῄνεσε
449 831 567 863 Παῦλος,
582 830 651 857 ἀλλὰ
664 830 714 862 ’τὰς
728 829 884 865 πρακτικὰς
897 829 946 863 τῆς

149 880 229 915 ψυχῆς
249 879 394 914 ἐνεργείας
411 878 521 909 τούτοις
538 878 594 908 τοῖς
618 876 731 910 ὀνόμασι
759 875 946 910 προσηγόρευ-

994 286 1047 311 que
1075 286 1129 306 non
1158 278 1305 306 carnaliter
1323 286 1399 314 gena:
1420 282 1449 306 et
1464 278 1566 306 collum
1590 278 1781 314 intelligenda.

993 323 1046 350 Sed
1063 324 1153 351 animo
1162 323 1339 359 repetendum
1353 327 1394 352 est
1406 324 1498 352 verbis
1506 325 1615 359 corpori
1628 332 1783 360 congruen-

993 368 1067 394 tibus
1081 368 1243 403 plerumque
1265 368 1437 404 Scripturam
1452 369 1492 396 uti
1507 376 1569 396 cum
1587 370 1621 397 de
1633 370 1724 397 anima
1740 370 1783 396 lo-

994 413 1195 448 quatur.Nunc
1204 422 1269 450 ergo
1283 414 1416 442 Jeremias
1430 424 1436 442 :
1452 425 1460 441 ι
1473 414 1602 443 Ventrem
1618 423 1720 448 meum,
1732 416 1783 448 ait,

994 463 1117 486 ventrem
1134 467 1224 490 meum
1240 460 1353 487 doleo'.
1372 469 1382 485 ›
1406 459 1437 487 Et
1455 460 1616 492 ostendens.
1631 467 1660 487 se
1673 467 1729 487 non
1750 459 1784 486 de

994 508 1088 531 ventre
1110 504 1196 539 loqui,
1212 505 1324 540 subjieit
1341 515 1347 532 :
1367 515 1376 531 ι
1397 510 1424 533 ct
1438 514 1539 534 sensus
1554 506 1646 534 cordis
1662 506 1751 533 meil.
1772 515 1781 531 ι

994 549 1072 577 Nunc
1086 550 1181 578 beatus
1195 550 1298 578 Paulus
1308 552 1385 578 dicit:
1397 561 1406 577 ι
1423 551 1564 580 Remissas
1579 559 1688 585 manus,
1702 555 1728 579 et
1738 559 1785 579 so-

996 594 1051 620 luta
1063 601 1152 629 genua
1166 595 1272 630 erigite,
1288 601 1314 622 et
1326 602 1440 631 gressus
1458 600 1549 624 rectos
1568 596 1650 624 l'acite
1669 597 1785 631 pedibus

996 640 1106 671 vestris,
1125 648 1159 667 ne
1174 640 1248 675 quod
1268 641 1395 668 claudum
1411 646 1454 669 est
1471 641 1527 678 46
1539 643 1658 673 luxetur,
1673 642 1721 670 sed
1735 650 1785 677 po-

997 687 1051 714 tius
1069 691 1183 714 sanetur
1191 691 1215 713 Υ.
1237 697 1246 713 ι
1271 687 1330 714 Non
1345 687 1378 715 de
1393 689 1531 720 manibus,
1548 696 1637 723 neque
1656 688 1690 715 de
1707 687 1786 722 pedi-

997 732 1060 765 bus,
1082 740 1171 767 neque
1193 733 1227 760 de
1245 733 1372 768 corporis
1394 733 1596 761 claudicatione
1621 732 1787 761 admonebat

998 778 1093 806 beatus
1107 777 1219 811 Paulus,
1234 779 1281 806 sed
1305 779 1348 806 his
1363 779 1523 808 nominibus
1545 779 1631 806 animi
1655 785 1746 806 mores
1759 781 1788 805 et

998 824 1119 852 actiones
1130 825 1277 852 indicabat.
1289 824 1407 853 Proinde
1416 825 1457 853 sic
1469 825 1653 860 intelligamus
1662 828 1689 852 et
1698 824 1765 851 illud
1778 832 1786 850 :

1001 879 1009 894 ί
1025 869 1151 897 Pulchrae
1165 870 1244 898 facta:
1258 875 1322 899 sunt
1337 878 1413 906 genae
1428 874 1481 898 tua:
1499 871 1568 898 sicut
1581 870 1697 897 turturis
1711 878 1717 896 :
1730 869 1788 896 col-

152 933 200 951 σξν.
216 925 291 951 Οὕτω
307 924 404 950 τοίνυν
424 925 570 958 νοήσωμεν
585 922 630 948 τό·
648 931 656 946 ι
679 921 865 956 Ὠραιώθησαν
889 929 948 946 σια-

1001 915 1054 941 lum
1070 918 1147 942 tuum
1167 916 1240 943 sicut
1252 916 1374 943 monilia.
1395 926 1405 942 ι
1431 915 1471 943 Ex
1487 915 1581 944 multis
1592 915 1664 943 enim
1680 915 1747 942 viris
1761 918 1789 942 et

152 971 222 1004 γὸνες
233 979 278 997 σου
290 970 330 1001 ὡς
343 968 638 1003 τρυγόνος,τράχηλός
649 976 695 993 σου
711 967 747 997 ὡς
762 967 945 1000 ὁρμίσκοι’“.ι

154 1016 195 1042 Ἐκ
204 1015 302 1042 πολλῶν
310 1015 368 1050 γὰρ
377 1013 490 1049 ἀνδρῶν
498 1013 546 1039 καὶ
557 1012 694 1046 γυναικῶν
702 1013 719 1047 ἡ
734 1011 882 1045 Ἐκκλησία
889 1020 950 1043 συγ-

154 1060 344 1096 κεκροτημένη,
357 1060 418 1095 ἔχει
431 1059 511 1090 τινὰς
523 1058 572 1092 μὲν
589 1057 805 1090 σιαγόνας,τινὰς
816 1057 843 1082 δὲ
855 1055 950 1090 ὀφθαλ-

158 1107 225 1140 μοίις,
236 1106 310 1137 τινὰς
324 1106 355 1132 δὲ
369 1105 471 1136 ἀκοὰς,
487 1104 564 1134 τινὰς
583 1103 611 1128 δὲ
630 1103 726 1136 στόμα,
743 1102 838 1132 ἄλλους
855 1102 883 1127 δὲ
898 1102 951 1135 χεῖ-

160 1152 262 1187 ρις,ιαὶ
271 1150 369 1182 ἀλλους
379 1150 470 1180 πόδας
484 1148 712 1183 ὀνομαζομένους.
735 1148 848 1173 Επαινεῖ
860 1147 949 1172 ’τοίνυν

162 1197 283 1231 inn-polo;
294 1197 358 1228 τοὺς
372 1196 426 1231 τὴν
443 1195 603 1230 σεμνότητα
619 1194 769 1229 μετιόντας,
786 1194 833 1219 καὶ
853 1192 882 1218 τὸ
900 1192 950 1226 τῆς

165 1243 244 1273 mihi»;
259 1242 378 1278 ὶρὺῢημα
392 1242 599 1276 κεκτημένους
617 1241 662 1266 καί
679 1246 771 1274 φησιν·
784 1248 793 1262 ι
805 1238 950 1273 ὨραιώΟη-

166 1298 211 1315 σιν
220 1289 333 1322 σιαγόνας
341 1297 385 1315 σου
392 1287 435 1319 ὡς
445 1287 590 1323 τρυγόνος.
598 1286 667 1320 »Τὴν
673 1286 700 1311 δὲ
711 1285 828 1320 τρυγόνα
837 1285 917 1318 φασὶν
926 1285 950 1311 οἱ

160 1335 204 1365 τὰς
219 1334 307 1368 φύσεις
326 1333 380 1360 τῶν
395 1332 480 1365 ζώων
501 1332 733 1367 συγγεγραφότες,
752 1332 781 1357 οὗ
802 1331 950 1365 φιλὲρημον

156 1377 218 1405 εἶναι
233 1380 321 1413 μόνον,
329 1379 402 1406 ἀλλὰ
417 1378 468 1404 καὶ
482 1377 621 1412 σώφρονα,
632 1379 678 1403 καὶ
692 1377 736 1403 τόν
747 1386 775 1402 τε
788 1377 890 1411 ἄρρενα
903 1377 951 1411 μιᾷ

154 1423 240 1459 Θηλείᾳ
252 1423 478 1457 συναπτόμενον,
493 1422 542 1456 τὴν
560 1422 588 1448 δὲ
603 1421 712 1456 Θήλειαν
728 1422 767 1447 ἑνὶ
784 1421 878 1456 ἄρρενι
894 1429 950 1446 κοι-

152 1470 290 1500 νωνοῦσαν,
316 1470 367 1495 καὶ
391 1469 457 1495 οὐδὲ
480 1468 550 1503 μετὰ
580 1467 629 1503 τὴν
655 1468 804 1494 ὰποϐίωοιν
824 1468 911 1501 ἑτέρῳ
933 1468 949 1502 ἢ

150 1515 225 1549 ἑτέρᾳ
235 1514 414 1549 συναφθῆναι
426 1513 606 1549 ἁνεχομένην.
618 1513 736 1544 Εἰκότως
746 1513 835 1540 τοίνυν
845 1512 932 1548 ταύτῃ
941 1512 951 1527 ³

147 1561 260 1587 ἑοικέναι
275 1561 328 1596 τὴν
350 1560 522 1595 Ἐκκλησίαν
542 1560 609 1594 φησὶ
630 1560 679 1595 τὴν
703 1559 741 1594 τῷ
756 1558 867 1594 Χριστῷ
888 1567 950 1585 συν-

146 1607 288 1640 αιᾳθείσαν,
304 1608 356 1634 καὶ
367 1607 419 1638 τὰς
431 1606 488 1633 τῶν
499 1606 587 1633 ἄλλων
602 1606 741 1636 κοινωνίας
755 1605 949 1639 διαφυγοῦσαν,

146 1653 191 1679 ul
209 1654 279 1687 μηδὲ
301 1653 378 1688 μετὰ
397 1653 447 1679 τδν
462 1652 578 1679 θάνατον
593 1651 674 1678 αὑτοῦ
692 1652 852 1678 καταλιπεῖν
870 1652 951 1678 αὑτὸν

144 1699 327 1734 ἀνεχομένην,
352 1699 425 1724 ἀλλὰ
447 1698 634 1732 ἀναμείνασαι)
658 1699 707 1732 τὴν
729 1698 886 1728 ἀνάστασιν,
906 1698 952 1723 καὶ

145 1745 338 1779 ἁναμέ-ιουσαν
365 1744 452 1770 αὑτοῦ
475 1745 526 1780 τὴν
552 1744 678 1779 δευτέραν
707 1744 867 1779 παρουσίαν.
897 1744 952 1770 Καὶ

145 1790 188 1815 τὸν
207 1789 355 1825 τράχηλον
385 1789 414 1816 δὲ
440 1790 527 1824 αὐτῆς
555 1790 699 1824 ὁρμίσκοις
725 1790 843 1815 ἑοικέναι
874 1789 950 1823 φησί.

146 1836 328 1871 ωριόἐραιον
342 1837 353 1850 δ
372 1835 402 1862 δέ
423 1837 481 1861 ἐστι
510 1835 600 1865 τοῦτο,
617 1836 664 1861 καὶ
690 1833 759 1866 εἶδος
785 1835 887 1869 κόσμου
907 1835 952 1860 τὸν

144 1881 284 1916 τράχηλον
301 1880 538 1912 καλλωπίζοντος.
562 1879 684 1905 Ἐπαινεῖ
708 1880 736 1905 δὲ
761 1879 845 1914 αὐτὴν
862 1879 953 1910 καλῶς

143 1927 283 1954 ἕλκουσαν
298 1926 347 1953 τὸν
362 1928 414 1961 τῆς
431 1926 573 1957 εὐσεϐείας
595 1925 687 1959 ζυγὸν,
706 1926 770 1961 περὶ
784 1922 814 1950 οὗ
829 1933 910 1959 φησιν
925 1926 953 1950 ἐν

144 1973 329 2007 εὐαγγελίοις
344 1974 359 1999 ὁ
375 1972 510 2007 νυμφίοςο
528 1981 537 1997 ι
558 1973 659 2006 Ἄρατε
683 1973 728 1998 τὸν
746 1972 826 2005 ζυγόν
843 1981 894 2006 μου
911 1972 952 2006 ἐφ’

143 2019 233 2053 ὑμᾶς,
247 2018 291 2044 δτι
307 2019 322 2044 ὸ
339 2018 425 2051 ζυγός
446 2025 497 2051 μου
514 2017 642 2051 χρηστὸς,
666 2018 712 2043 καὶ
727 2018 757 2043 τὸ
774 2018 882 2052 φορτίον
902 2026 952 2051 μου

143 2064 266 2099 ϋαφρόν
281 2065 356 2090 ἐστι.
382 2073 390 2088 ι
408 2062 457 2089 Διὰ
472 2062 552 2089 τοῦτο
565 2064 593 2088 ὲν
608 2064 663 2094 τοῖς
682 2063 803 2098 ᾊσμασι
820 2063 953 2098 θαυμάζει

143 2111 188 2138 τὸν
206 2110 355 2146 τράχηλον
371 2110 418 2136 τὸν
437 2108 533 2135 τοῦτον
555 2110 673 2143 φέροντα
689 2110 734 2136 τὺν
753 2110 843 2143 ζυγὸν,
867 2110 904 2141 ὡς
924 2111 953 2135 οὐ

142 2158 279 2192 δεόμενον
304 2158 356 2192 τῆς
384 2157 485 2190 ἔξωθεν
509 2157 687 2192 κοσμήσεως,
715 2158 762 2183 καὶ
790 2157 954 2183 ἐπεισάκτου

143 2203 309 2239 ὡραῐσμοῦ,
325 2203 388 2229 ἀλλ’
404 2204 509 2230 οἴκοθεν
533 2203 630 2238 ἔχοντα
652 2203 700 2237 τὴν
722 2203 899 2237 εὐπρέπειαν,
918 2203 955 2233 ὡς

1001 959 1163 988 mulieribus
1177 965 1310 988 constans
1322 960 1454 993 Ecclesia,
1466 960 1600 995 quosdam
1616 959 1696 986 habet
1706 959 1733 986 in
1746 966 1787 991 se.

1001 1005 1047 1040 qui
1059 1012 1202 1040 genarum,
1215 1006 1351 1041 quosdam
1361 1006 1410 1040 qui
1419 1006 1576 1038 oculorum,
1592 1004 1728 1040 quosdam
1740 1004 1788 1039 qui

1002 1051 1122 1082 aurium,
1133 1050 1267 1086 quosdam
1280 1051 1328 1086 qui
1344 1051 1414 1084 oris,
1425 1051 1495 1079 alios
1505 1052 1552 1086 qui
1565 1059 1707 1084 manuum,
1719 1051 1790 1079 alios

1002 1096 1047 1130 qui
1059 1096 1159 1131 pedum
1169 1101 1261 1131 partes
1271 1103 1304 1124 ac
1313 1104 1412 1124 nomen
1423 1097 1558 1124 obtinent.
1568 1095 1623 1124 Eos
1634 1097 1718 1131 igitur
1727 1096 1771 1123 lau
1779 1109 1788 1115 -

1002 1143 1048 1170 dat
1063 1142 1248 1176 sponsus,qui
1264 1142 1397 1176 gravitate
1406 1147 1471 1169 sunt
1484 1141 1586 1173 ornati,
1597 1141 1701 1176 quique
1712 1148 1790 1168 vere-

1002 1188 1110 1215 cundia:
1120 1187 1224 1222 pudore
1231 1191 1296 1216 sunt
1308 1188 1442 1223 insignes,
1454 1192 1482 1215 et
1491 1187 1547 1215 ait:
1564 1186 1703 1214 (Pulchrae
1713 1186 1791 1213 facta!

1003 1235 1068 1258 sunt
1080 1238 1155 1267 gena
1166 1236 1219 1260 tute
1234 1233 1307 1259 sicut
1320 1232 1446 1259 turturis.
1461 1241 1471 1258 ι
1489 1231 1614 1259 Tradunt
1626 1237 1728 1265 autem,
1742 1232 1790 1266 qui

1003 1279 1163 1306 animalium
1184 1282 1298 1306 naturas
1327 1278 1545 1312 descripserunt,
1571 1281 1706 1304 turturem
1734 1284 1791 1304 non

1003 1324 1160 1352 solitudinis
1171 1324 1260 1352 solum
1272 1328 1408 1351 amantem
1425 1331 1499 1356 esse,
1510 1331 1604 1351 verum
1622 1324 1704 1351 etiam
1711 1322 1792 1359 pudio

1002 1377 1086 1397 cum:
1104 1377 1137 1397 ac
1157 1377 1260 1397 marem
1278 1369 1389 1404 quidem
1408 1376 1471 1396 cum
1491 1369 1573 1396 unica
1592 1369 1725 1403 conjungi
1749 1368 1791 1396 [e-

1002 1417 1088 1449 mlna,
1105 1416 1237 1444 feminam
1249 1423 1346 1444 rursus
1358 1416 1442 1443 unico
1459 1423 1534 1443 mare
1545 1419 1704 1443 contentam
1716 1423 1790 1448 esse.

1003 1467 1029 1489 et
1045 1467 1173 1490 neutrum
1188 1469 1284 1489 eorum
1304 1465 1366 1497 post
1383 1464 1499 1489 mortem
1516 1461 1641 1494 alterius,
1659 1469 1722 1489 cum
1738 1461 1791 1489 alio

1003 1507 1045 1533 \el
1073 1506 1128 1534 alia
1161 1506 1230 1534 velle
1259 1506 1393 1541 copulari.
1420 1505 1604 1539 Quamobrem
1636 1505 1788 1533 Ecclesiam

1002 1552 1113 1581 Christo
1131 1552 1307 1588 coniunctam
1328 1553 1427 1580 merito
1453 1552 1569 1580 similem
1586 1552 1687 1579 turturi
1710 1551 1790 1583 dixit.

1003 1606 1063 1633 quae
1074 1598 1191 1625 aliorum
1212 1598 1281 1625 vitat
1298 1598 1535 1630 consuetudinem,
1553 1604 1604 1625 nec
1618 1600 1680 1632 post
1703 1596 1793 1632 ipsius

1003 1649 1121 1672 mortem
1135 1652 1196 1672 eum
1215 1644 1358 1678 relinquit,
1377 1643 1425 1671 sed
1442 1643 1690 1674 resurrectionem,
1706 1645 1733 1669 et
1747 1649 1793 1670 se-

1003 1692 1124 1718 cundum
1144 1692 1204 1725 ejus
1215 1693 1356 1725 exspectat
1370 1689 1527 1716 adventum.
1545 1690 1579 1715 At
1600 1688 1700 1715 collum
1718 1688 1793 1715 illius

1004 1736 1146 1764 monilibus
1161 1735 1262 1764 asserit
1284 1735 1384 1762 simile.
1404 1733 1452 1761 Est
1467 1737 1559 1762 autem
1574 1733 1728 1760 ornamenti
1745 1740 1794 1767 ge-

1004 1790 1057 1810 nus
1076 1789 1130 1818 quo
1149 1781 1297 1810 decoratur
1321 1780 1434 1808 collum.
1455 1779 1577 1814 Eamque
1599 1777 1705 1809 laudat,
1718 1778 1793 1813 quod

1005 1828 1113 1863 pietatis
1135 1828 1232 1863 jugum
1254 1831 1329 1855 recte
1351 1825 1438 1859 ferat,
1464 1825 1498 1853 de
1514 1833 1569 1859 quo
1587 1825 1615 1852 in
1638 1823 1792 1859 Evangelii:

1005 1881 1125 1909 sponsus
1138 1873 1280 1908 loquitur:
1296 1881 1306 1897 ι
1321 1871 1430 1903 Tollite,
1441 1870 1580 1905 inquiens.
1590 1878 1685 1905 )ugum
1701 1876 1792 1896 meum

1005 1928 1088 1955 super
1099 1927 1158 1948 vos.
1181 1919 1281 1953 Jugnm
1299 1918 1371 1945 enim
1387 1924 1478 1944 meum
1499 1924 1583 1946 suave
1603 1920 1657 1948 est,
1673 1918 1700 1943 et
1721 1921 1793 1943 onus

1005 1975 1095 1995 meum
1117 1967 1177 1995 leve
1190 1972 1213 1993 ι.
1231 1977 1241 1993 ι
1259 1966 1363 1994 Idcirco
1382 1966 1409 1993 in
1429 1965 1553 1993 Cantieis
1576 1964 1675 1991 collum
1696 1961 1793 1998 jugum

1005 2014 1057 2041 hoc
1072 2013 1164 2041 ferens
1188 2012 1242 2048 4⁸1
1264 2013 1434 2040 admiratur:
1450 2010 1551 2046 quippe
1563 2008 1636 2045 quod
1659 2008 1735 2035 nullo
1746 2015 1794 2034 ex-

1005 2060 1142 2087 trinsecus
1157 2062 1236 2093 egeat
1253 2061 1431 2088 ornamento,
1456 2059 1503 2083 aut
1522 2054 1663 2089 adjectitio
1684 2053 1793 2085 decore.

1006 2114 1069 2133 cum
1080 2113 1130 2140 per
1144 2112 1174 2132 se
1188 2104 1256 2131 adeo
1268 2103 1305 2131 sit
1317 2102 1461 2134 decorum,
1481 2106 1511 2128 ut
1527 2100 1631 2128 nudum
1646 2099 1793 2131 exsistens,

1006 2151 1157 2178 monilibus
1169 2169 1177 2181 ,
1192 2149 1293 2183 quibus
1307 2148 1424 2175 aliarum
1440 2146 1512 2173 colla
1527 2145 1618 2172 ornari
1636 2144 1736 2176 solent,
1757 2145 1795 2171 si-

1008 2198 1072 2225 mile
1086 2196 1220 2224 videatur.
1237 2195 1302 2223 Post
1319 2195 1376 2221 hate
1398 2189 1509 2227 sponsi'
1522 2191 1612 2223 verba,
1628 2189 1795 2224 respondent

143 2235 356 2279 ἀπεικάζεσθαι
373 2250 478 2284 γυμνὸν
493 2235 563 2276 ὃνταί
573 2235 717 2284 ὁρμίσκοις
741 2235 835 2280 ἄλλους
850 2250 949 2284 τραχήε

1008 2245 1090 2272 etiam
1113 2242 1209 2278 sponsi
1227 2241 1360 2270 satellites
1376 2247 1408 2267 ac
1429 2237 1562 2268 ministri,
1582 2240 1610 2264 et
1631 2243 1740 2271 spOnsa:
1754 2235 1796 2263 di-

144 2294 209 2327 λους
225 2295 367 2330 κοσμοῦσι
381 2295 402 2320 ⁸.
417 2294 527 2322 Τούτων
543 2295 595 2321 ὑπὸ
611 2295 658 2321 τοῦ
673 2295 789 2329 νυμφίου
806 2295 954 2330 ῥηθέντων,

145 2342 352 2376 ἀποκρίνονται
378 2341 426 2367 καὶ
451 2342 475 2368 οι
499 2341 642 2376 δορυφόροι
668 2341 714 2367 τοῦ
745 2341 878 2376 νυμφίου,
909 2342 956 2368 καὶ

146 2388 304 2422 ὑπηρέται,
321 2387 371 2413 καί
387 2395 454 2421 φασι
468 2389 499 2422 τῇ
518 2388 626 2423 νύμφῃ·

188 2436 216 2465 ι’,
230 2435 276 2458 ια’.
287 2433 472 2466 Ὁμοιώματα
480 2433 490 2447 ⁶
500 2434 630 2467 χρυσίου
645 2432 814 2467 ποιήσομέν
825 2441 873 2460 σοι
882 2434 957 2467 μετά

1009 2295 1073 2318 cunt
1090 2300 1097 2316 :

1047 2428 1131 2456 Vens.
1150 2427 1194 2459 10,
1215 2427 1258 2454 Η.
1279 2423 1473 2453 Similitudines
1497 2423 1559 2450 auri
1583 2421 1711 2457 faciemus
1730 2419 1796 2450 tibi.

1012 2484 1071 2502 cum
1086 2472 1300 2502 distinctionibus
1318 2471 1431 2506 argenti.
1454 2469 1597 2503 Quousque
1617 2474 1665 2494 rem
1679 2467 1707 2493 in
1721 2473 1799 2492 accu-

1013 2522 1068 2548 bitu
1080 2528 1137 2547 suo.
1156 2518 1293 2546 Videntur
1308 2517 1353 2544 hic
1371 2515 1440 2543 mihi
1451 2518 1560 2550 tempus
1571 2517 1639 2540 ante
1651 2511 1799 2539 adventum

1015 2566 1120 2593 Domini
1133 2564 1236 2592 Christi
1251 2562 1409 2597 signiﬁcare
1425 2569 1432 2587 :
1448 2566 1577 2595 sponsam
1591 2562 1681 2587 autem
1701 2565 1798 2586 conso-

148 2478 329 2512 στιγμάτων
346 2477 403 2504 τοῦ
415 2478 567 2512 ἁργιφίου.
583 2479 660 2511 Ἕως
675 2476 711 2505 οὗ
732 2480 748 2505 ὀ
759 2478 910 2510 βασιλεὺς
924 2479 958 2503 ἐν

149 2525 320 2551 ἀνακλίσει
336 2525 346 2539 ⁷
362 2524 469 2551 αὐτοῦ.
495 2525 608 2551 Δοκοῦσι
632 2525 661 2550 δέ
687 2533 731 2558 μοι
757 2524 901 2559 σημαίνειν
916 2525 958 2549 ἐν·

150 2570 242 2596 ταῦθα
258 2572 306 2596 τον
323 2570 380 2604 πρὸ
394 2569 444 2604 τῆς
460 2570 611 2605 παρουσίας
627 2569 674 2595 τοῦ
690 2570 825 2595 Δεσπότου
839 2568 958 2603 Χριστοῦ

192 2665 204 2679 '
227 2660 334 2688 larem.
356 2668 400 2690 Iv,
428 2660 470 2686 i9.
516 2666 528 2679 ι
547 2659 615 2685 Ibid.
657 2663 670 2681 ι’
687 2658 772 2685 Hebr.
796 2666 846 2688 xu,
868 2658 949 2690 12,4;

1013 2662 1023 2674 ’-
1037 2655 1133 2682 Matth.
1151 2663 1189 2687 ιι,
1207 2654 1254 2687 29,
1275 2653 1320 2680 50.

823 2735 942 2761 VAllle
964 2731 1158 2762 LECTIONES

1367 2807 1429 2834 cod.
1448 2806 1496 2837 ὡς.
1534 2805 1556 2820 ⁸·
1574 2803 1636 2830 cod.
1658 2801 1800 2837 ὁρμίσκος.

199 2819 207 2833 ¹
225 2818 265 2849 ὡς
280 2814 447 2851 -ὸρμίσκοι,
473 2813 556 2841 Ilebr.
576 2812 602 2838 in
631 2812 785 2843 ordinibus,
806 2811 907 2839 collum
929 2816 1003 2837 tuum
1031 2810 1057 2837 in
1077 2809 1233 2844 torquibus.
1271 2809 1282 2824 ²
1296 2808 1348 2835 ὅτι.
1367 2808 1429 2834 cod.
1448 2808 1496 2837 ὡς.
1534 2808 1556 2820 “·
1574 2808 1636 2830 cod.
1658 2808 1800 2841 ορμισκος.

199 2853 252 2877 :od.
270 2852 388 2877 ταύτην.
425 2850 435 2865 ⁸
449 2849 535 2876 editio
561 2848 635 2877 prior
655 2847 772 2874 habebnt
798 2847 998 2877 περιδέῤῥαιον.
1051 2845 1061 2860 ⁵
1075 2844 1137 2872 cod.
1156 2844 1304 2877 κοσμῆσαι.
1350 2842 1361 2857 ⁸
1381 2840 1551 2877 ὁμοιώματα.
1578 2838 1659 2865 Hebr.
1678 2836 1800 2863 ordines.

164 2852 174 2867 ⁸
191 2844 388 2885 cadi-rubeam
423 2849 535 2885 foditio
561 2848 639 2885 prior,
655 2847 772 2874 habebnt
798 2847 998 2881 περιδέρραιον.
1051 2845 1061 2860 ⁵
1075 2844 1137 2872 cod.
1156 2844 1304 2880 κοσμῆσαι.

165 2887 174 2901 ’
190 2889 217 2913 ὲν
228 2883 383 2914 ἀνακλίστι.
406 2884 487 2912 Ilebr.
503 2884 531 2910 in
554 2883 672 2909 ctrcuitu
689 2890 749 2908 suo.
