4088 6416
540 341 613 406 79
1585 331 2070 396 THEODORETI
2093 331 2432 397 EPISCOPI
2457 332 2826 394 CYRENSIS
3748 332 3819 394 80

543 452 766 507 tantes:
815 455 1032 511 tecum,
1083 444 1367 517 inquiunt,
1404 444 1618 499 erimus
1666 459 1904 513 semper,
1945 443 2114 513 quoat?

2233 446 2454 516 καιρόν·
2485 445 2580 498 καὶ
2612 439 3063 514 παραμυθοῦνται
3108 441 3205 511 τὴν
3247 442 3488 510 νύμφην,
3518 441 3599 493 ὅτι
3634 443 3821 500 Πάντα

544 554 639 594 rex
673 544 960 608 resurgat,
1009 542 1065 589 et
1110 548 1446 605 quocunque
1473 540 1675 586 ornatu
1727 534 2034 602 poterimus
2079 541 2131 588 te

540 629 973 685 decorabimus:
1028 641 1209 697 neque
1249 633 1386 680 ante
1429 624 1894 680 resurrectionem
1953 625 2130 694 ipsius

542 729 594 774 te
624 719 964 781 deseremus.
999 716 1095 772 sed
1123 714 1420 769 oneremus
1445 714 1546 768 tibi
1579 713 1977 769 similitudines
2008 715 2127 768 auri

538 821 592 864 ct
625 813 838 884 argenti
880 809 1289 866 distinctiones.
1327 807 1494 862 [teete
1541 817 1725 863 autem
1777 822 1887 862 non
1931 822 2129 862 aurum

541 903 744 972 ipsum,
804 902 898 958 sed
956 900 1075 954 auri
1133 899 1528 955 similitudines
1585 900 1867 954 dixerunt.
1923 898 2128 969 Majora

536 995 682 1048 cnim
707 1001 844 1049 sunt
896 992 1087 1063 sponsi
1123 993 1290 1056 dona,
1324 1008 1493 1062 quam
1547 993 1955 1056 ministrorum,
2007 1005 2130 1062 quae

534 1099 722 1154 parem
753 1099 862 1140 non
899 1085 1156 1139 obtinent
1187 1084 1444 1156 gloriam.
1484 1081 1672 1151 Itaque
1721 1083 1985 1151 majorem
2030 1083 2119 1134 Ιιυο

541 1191 728 1232 norem
782 1175 988 1232 divinis
1040 1175 1311 1232 habemus
1369 1173 1707 1246 Evangeliis,
1761 1176 2015 1246 quamvis
2073 1184 2127 1229 et

540 1267 735 1337 legem,
785 1275 843 1323 et
895 1267 1213 1336 prophetas,
1265 1275 1320 1320 et
1375 1273 1694 1321 sanctorum
1746 1266 2124 1336 apostolorum

537 1358 743 1426 scripta
775 1371 1122 1412 veneremur.
1156 1355 1527 1421 Quamobrem
1567 1353 1695 1424 jure
1741 1357 1929 1424 sponsi
1960 1356 2125 1410 mini-

533 1449 635 1504 stri
669 1448 930 1504 dixerunt
967 1467 981 1503 :
1025 1465 1045 1500 ι
1102 1448 1508 1503 Similitudines
1543 1447 1663 1502 auri
1716 1446 1985 1503 faciemus
2019 1449 2122 1502 tibi

530 1555 656 1594 cum
705 1538 1162 1595 distinctionibus
1209 1538 1451 1608 argenti,
1485 1537 1664 1592 donec
1694 1553 1789 1593 rex
1823 1540 1898 1593 sit
1930 1539 1986 1592 in
2025 1553 2121 1594 ac-

529 1630 719 1683 cubitu
752 1642 876 1685 suo.
919 1647 937 1680 ι
974 1627 1079 1683 Per
1107 1628 1322 1698 argenti
1352 1627 1767 1693 distinctiones,
1803 1637 1970 1698 atque
2001 1630 2121 1684 auri

529 1719 950 1787 similitudines,
995 1720 1298 1789 gratiarum
1336 1720 1678 1786 varietatem,
1713 1729 1770 1775 et
1801 1719 1898 1776 Dei
1927 1734 2120 1775 curam

527 1808 676 1862 circa
721 1824 842 1871 nos,
876 1823 941 1864 ac
972 1809 1374 1880 providentiam
1427 1810 1825 1880 intelligamus.
1863 1808 2124 1864 Fruimur

525 1900 672 1954 enim
689 1908 744 1956 et
759 1901 1083 1972 angelorum
1110 1900 1322 1955 auxilio
1346 1919 1360 1955 :
1386 1919 1405 1951 ι
1430 1901 1932 1956 Castrametabit-ur
1947 1901 2120 1965 enim,

527 1995 733 2065 inquit,
761 1995 990 2066 angelus
1024 1993 1240 2048 Domini
1265 1994 1321 2047 in
1349 1994 1590 2048 circuitu
1615 1994 1934 2046 timentium
1967 2008 2117 2054 eum,

524 2093 580 2140 et
606 2085 807 2155 eripiet
831 2099 926 2140 eos
955 2083 1078 2149 ad;
1111 2101 1129 2135 ι
1159 2091 1220 2138 et
1249 2125 1263 2137 .
1301 2102 1318 2134 ι
1349 2085 1575 2155 Angelis
1602 2082 1716 2155 48
1741 2083 1858 2140 suis
1889 2082 2122 2136 manda-

523 2175 604 2229 bit
631 2176 699 2230 de
723 2188 794 2239 te,
826 2185 886 2230 ut
919 2175 1236 2229 custodiant
1268 2183 1320 2230 te
1364 2175 1418 2229 in
1457 2175 1719 2230 omnibus
1751 2174 1857 2229 viis
1889 2177 2000 2229 tuis
2036 2185 2114 2227 ε.»

523 2264 670 2331 Quin
705 2265 873 2320 etiam
925 2265 1013 2319 lex
1051 2265 1175 2334 ipsa
1226 2265 1439 2333 angelis
1485 2263 1942 2320 ministrantibus
1990 2263 2118 2318 data

523 2365 630 2411 cst.
667 2355 1036 2421 Quamobrem
1070 2355 1373 2424 Apostolus
1401 2355 1480 2409 ait
1508 2372 1522 2408 :
1563 2373 1582 2406 ι
1623 2355 1682 2410 Si
1716 2355 1864 2410 enim
1896 2353 1990 2425 qui
2024 2369 2122 2425 per

525 2449 752 2518 angelos
801 2447 986 2502 dictus
1024 2456 1107 2500 est
1139 2460 1346 2510 sermo,
1383 2445 1565 2503 lactus
1615 2454 1702 2502 est
1749 2446 1946 2501 ﬁrmus
1992 2444 2043 2499 ἀ.
2093 2464 2113 2498 ι

524 2537 778 2606 Quandiu
813 2537 983 2606 igitur
1016 2553 1110 2592 rex
1141 2538 1418 2592 accumbit
1455 2544 1512 2593 et
1558 2537 1821 2608 resurgit,
1857 2551 1981 2603 nos,
2028 2536 2119 2590 in-

521 2619 667 2702 quit,
695 2645 820 2700 quae
857 2643 1161 2700 possumus
1191 2628 1508 2685 aﬂ‘eremus.
1545 2629 1882 2684 Accubitum
1927 2635 2116 2684 autem

523 2731 756 2778 mortem
790 2720 913 2790 ejus
941 2720 1242 2791 appellant.
1278 2719 1629 2790 Quapropter
1648 2729 1710 2776 et
1744 2719 1964 2774 Balaam
1987 2733 2117 2789 pro-

525 2813 684 2882 pheta
701 2813 777 2868 ait
797 2830 812 2865 :
837 2811 1198 2882 «Egredietur
1219 2812 1382 2866 homo
1398 2827 1466 2867 ex
1481 2812 1696 2868 semine
1715 2811 1860 2882 ejus,
1878 2820 1934 2869 et
1946 2812 2119 2868 domi-

524 2906 752 2962 nabitur
775 2905 1033 2977 gentibus
1079 2905 1269 2960 multis
1304 2915 1349 2959 ο.
1390 2923 1408 2954 ι
1445 2903 1512 2959 Et
1551 2905 1716 2974 paulo
1741 2913 1868 2974 post
1899 2921 1914 2958 :
1952 2921 1972 2956 ι
2010 2905 2117 2959 Ac-

522 3000 733 3055 cubans
761 2997 1027 3053 dormivit
1061 3005 1122 3050 ut
1169 2997 1275 3060 leo,
1329 3003 1386 3051 et
1437 2997 1588 3052 sicut
1639 2996 1858 3051 catulus
1917 2997 2111 3052 leonis.

521 3093 660 3161 Quis
709 3091 974 3150 excitabit
1021 3091 1185 3146 eum?
1238 3088 1638 3144 Denediceutes
1683 3089 1785 3142 tibi
1837 3090 2111 3145 benedicti

522 3191 691 3239 sunt:
725 3191 782 3238 et
817 3181 1209 3237 maledicentes
1238 3178 1338 3233 tibi
1361 3186 1498 3234 sunt
1525 3179 1803 3234 maledicti
1838 3178 1882 3234 ί.
1927 3198 1948 3233 ι
1985 3180 2110 3238 Haec

520 3289 744 3345 quoque
777 3273 834 3328 in
869 3271 1160 3344 prophetia
1191 3270 1524 3340 patriarcha:
1555 3269 1772 3338 Jacobi,
1808 3287 1914 3342 qua
1945 3274 2110 3328 benc-

521 3363 664 3418 dixit
691 3360 866 3426 Iudae,
899 3363 1030 3416 licet
1053 3360 1308 3416 invenire
1336 3362 1380 3413 ε.
1419 3358 1545 3415 [hec
1577 3361 1745 3431 igitur
1781 3377 1909 3416 cum
1942 3378 1971 3417 a
2007 3365 2111 3419 mi-

2231 538 2323 591 τὺν
2352 538 2460 608 πρὸ
2486 537 2586 608 τῆς
2617 534 2967 597 ἀναστάσεως
2997 532 3090 586 τοῦ
3123 533 3388 602 βασιλέως
3427 533 3620 603 καιρὸν
3657 535 3820 605 ἡμεῖς

2235 628 2318 682 σοὶ
2359 628 2719 699 συνεσόμεθα,
2749 628 2840 680 καὶ
2878 624 3320 695 διακοσμήσομέν
3363 640 3423 676 σε
3475 624 3554 694 τῷ
3605 625 3818 697 δυνατῷ

2232 720 2448 790 κόσμῳ·
2481 721 2574 773 καὶ
2620 719 2681 771 οὺ
2728 717 3126 786 καταλείψομέν
3158 732 3218 767 σε
3266 715 3370 778 ἕως
3418 715 3652 786 ἀναστῇ,
3682 717 3820 771 ἀλλά

2231 813 2592 884 προσοίσομέν
2627 829 2710 866 σοι
2746 811 3066 882 ὁμοιώματα
3100 808 3345 880 χρυσίου,
3397 808 3492 861 καὶ
3543 808 3820 877 στίγματα

2229 903 2516 973 ἀργυρίου.
2555 901 2890 964 Ἀκολούθως
2944 899 3002 952 δὲ
3051 900 3260 966 ἔφασαν
3315 897 3640 968 ὁμοιώματα
3687 914 3820 968 χρυ-

2233 994 2368 1057 σίου,
2403 994 2499 1047 καὶ
2541 993 2641 1046 οὐκ
2689 992 2854 1046 αὑτὸν
2898 991 2992 1044 τὸν
3042 990 3239 1060 χρυσόν
3273 989 3327 1020 ⁸·
3356 989 3545 1058 ἐπειδὴ
3590 987 3820 1058 μείζονα

2227 1085 2324 1138 τοῦ
2350 1083 2584 1155 νυμφίου
2615 1084 2684 1136 τὰ
2706 1082 2882 1153 δῶρα·
2915 1081 2986 1135 τὰ
3011 1081 3069 1136 δὲ
3101 1081 3210 1134 τῶν
3236 1081 3442 1134 ἐκείνου
3469 1081 3731 1134 διακόνιον
3753 1081 3818 1134 οὐ

2227 1175 2326 1246 τὴν
2387 1177 2508 1244 ἴσην
2552 1173 2665 1243 ἔχει
2708 1171 2887 1236 δόξαν.
2946 1171 3038 1224 Διὸ
3084 1174 3197 1234 τοῖς
3251 1171 3418 1234 θείοις
3462 1169 3819 1238 Εύαγγελίοις

2227 1269 2452 1322 πλείονα
2487 1265 2873 1337 προσφέρομεν
2917 1265 3015 1336 τὴν
3068 1264 3268 1334 τιμήν·
3320 1263 3572 1334 τιμῶμεν
3613 1262 3671 1315 δὲ
3721 1262 3818 1315 καὶ¹

2225 1360 2411 1429 νόμον,
2447 1357 2691 1419 καὶτοὺς
2728 1356 3038 1426 προφήτας,
3073 1353 3170 1407 καὶ
3207 1354 3279 1406 τὰ
3325 1354 3432 1407 τῶν
3475 1353 3648 1422 ἁγίων
3679 1354 3820 1407 ἀπο-

2229 1451 2431 1504 στόλων
2460 1449 2892 1520 συγγράμματα.
2925 1445 3166 1508 Εἰκότως
3195 1445 3375 1498 τοίνυν
3409 1445 3616 1514 ἔφασαν
3644 1445 3693 1497 οἱ
3720 1443 3816 1498 τοῦ

2224 1539 2456 1610 νυμφίου
2487 1539 2762 1592 διάκονοι·
2797 1559 2814 1587 ι
2853 1536 3207 1608 Ὀμοιώματα
3241 1536 3334 1589 τοῦ
3381 1537 3608 1608 χρυσίου
3652 1537 3816 1607 ποιή-

2225 1631 2392 1702 σομέν
2417 1648 2500 1683 σοι
2527 1633 2548 1663 ⁹
2577 1631 2718 1701 μετά
2760 1629 3074 1698 στιγμάτων
3115 1625 3210 1682 τοῦ
3247 1627 3538 1700 ἀργυρίου,
3567 1628 3671 1691 ἕως
3697 1621 3757 1680 οὗ
3788 1629 3818 1680 6

2227 1721 2478 1793 βασιλεὺς
2523 1723 2583 1773 ὲν
2626 1719 2908 1774 ἀνακλίσει
2943 1718 3130 1773 αὑτοῦ.
3168 1737 3186 1770 ι
3213 1719 3498 1788 Στίγματα
3541 1717 3599 1772 δὲ
3643 1719 3817 1789 ἀργυ-

2227 1815 2344 1886 ρίου
2373 1815 2468 1867 καὶ
2508 1811 2830 1884 ὁμοιώματα
2870 1811 3096 1881 χρυσίου
3134 1811 3196 1863 τὸ
3233 1810 3479 1864 ποικίλον
3509 1810 3616 1864 τῶν
3654 1828 3817 1880 χαρι-

2227 1906 2450 1975 σμάτων
2479 1905 2783 1974 νοήσωμεν,
2807 1903 2902 1956 καὶ
2930 1902 3028 1971 τῆς
3073 1902 3201 1972 περὶ
3227 1902 3374 1972 ἡμᾶς
3418 1900 3523 1955 ὑπὸ
3553 1901 3646 1954 τοῦ
3676 1899 3816 1953 Θεοῦ

2222 1996 2515 2066 γινομένης
2541 1995 2819 2065 προνοίας.
2863 1993 3232 2062 Ἀπολαύομεν
3269 1993 3378 2064 γὰρ
3414 1993 3508 2046 καὶ
3542 1995 3643 2063 τῆς
3681 1995 3817 2062 παρ’

2221 2087 2472 2156 ἀγγέλων
2509 2085 2792 2157 βοηθείας·
2825 2105 2843 2136 ι
2887 2085 3238 2156 Παρεμϐαλεῖ
3276 2084 3385 2154 γὰρ
3429 2084 3659 2152 ἄγγελος
3700 2085 3818 2136 Κυ-

2225 2178 2340 2248 ρίου
2371 2176 2558 2247 κύκλῳ
2585 2176 2692 2230 τῶν
2732 2175 3082 2246 φοϐουμένων
3109 2175 3294 2239 αὑτὸν,
3325 2176 3417 2229 καὶ
3447 2174 3671 2244 ῥύσεται
3710 2175 3815 2228 αύ-

2219 2269 2366 2332 τούς.
2402 2288 2418 2319 ι
2461 2268 2593 2334 Καὶ,
2630 2286 2648 2317 ι
2687 2269 2816 2331 Τοῖς
2851 2266 3103 2335 ἀγγέλοις
3140 2265 3306 2330 αὑτοῦ
3340 2266 3636 2319 ἐντελεῖται
3681 2265 3817 2334 περὶ

2222 2357 2338 2423 σοῦ,
2364 2358 2459 2412 τοῦ
2495 2357 2826 2428 διαφυλάξαι
2873 2374 2933 2411 σε
2965 2357 3026 2410 ἐν
3065 2356 3267 2420 πάσαις
3296 2359 3416 2420 ταῖς
3463 2357 3602 2419 ὁδοῖς
3634 2372 3750 2410 σου.
3787 2373 3810 2408 ι

2219 2451 2331 2504 Kal.
2354 2452 2382 2504 6
2411 2451 2575 2520 νόμος
2620 2449 2678 2502 δὲ
2705 2449 2866 2512 αὐτὸς
2896 2448 3144 2518 ἀγγέλων
3190 2448 3585 2503 διακονούντων
3625 2446 3813 2518 ἐδόθη.

2218 2542 2312 2594 Διό
2342 2541 2507 2613 φησὶν
2529 2544 2558 2596 6
2595 2542 2940 2606 ’Δπόστολος·
2985 2561 3003 2594 ι
3046 2544 3108 2596 Et
3142 2543 3252 2613 γὰρ
3282 2547 3312 2598 6
3335 2544 3402 2598 δι’
3427 2541 3672 2612 ἀγγέλων
3710 2541 3816 2593 λα-

2219 2631 2404 2703 ληθεὶς
2443 2633 2606 2703 νόμος
2659 2633 2874 2701 ἐγένετο
2919 2632 3156 2703 βέϐαιος.
3199 2655 3221 2688 ι
3263 2637 3352 2690 Ἑν
3393 2635 3503 2706 ὅσῳ
3549 2634 3728 2688 τοίνυν
3781 2633 3817 2684 6

2220 2722 2475 2792 βασιλεὺς
2507 2722 2855 2777 ἀνακλίνεται
2885 2725 2981 2778 καὶ
3006 2726 3316 2791 ἀνίσταται,
3342 2728 3523 2797 ἡμεῖς,
3553 2725 3710 2796 φησι,
3739 2725 3815 2779 τὰ

2215 2811 2420 2867 δυνατά
2449 2812 2830 2884 προσοίσομεν.
2873 2814 3180 2869 Ἀνάκλισιν
3217 2815 3274 2870 δὲ
3309 2815 3476 2871 αὑτοῦ
3517 2817 3609 2870 τὸν
3643 2815 3812 2868 θάνα-

2215 2919 2308 2957 τον
2357 2904 2877 2975 προσαγορεύουσιν.
2923 2906 3017 2960 Διὸ
3070 2906 3166 2960 καὶ
3223 2907 3253 2960 ὁ
3309 2907 3540 2978 Βαλαὰμ
3594 2923 3816 2978 προφη-

2214 2996 2391 3050 τεύων
2417 2999 2601 3068 φησίν·
2635 3017 2652 3049 ι
2695 2997 3065 3062 Ἐξελεύσεται
3095 2999 3382 3071 ἄνθρωπος
3412 3002 3476 3054 ὲκ
3513 2999 3607 3055 τοῦ
3638 2999 3817 3069 σπέρ-

2221 3105 2391 3158 ματος
2438 3087 2603 3142 αὐταῦ
2629 3129 2644 3153 ,
2687 3091 2780 3143 καὶ
2827 3091 3103 3161 κυριεύσει
3151 3091 3322 3146 ἐθνῶν
3370 3091 3616 3146 πολλῶν·
3659 3109 3679 3142 υ
3709 3091 3817 3145 καὶ

2220 3182 2336 3251 μετ’
2369 3180 2552 3249 ὀλίγα·
2593 3201 2612 3233 ι
2658 3182 3026 3246 Κατακλιθεὶς
3052 3183 3397 3239 ἀνεπαύσατο
3423 3184 3497 3247 ὡς
3527 3182 3683 3243 λέων,
3710 3183 3818 3234 καὶ

2215 3272 2293 3336 ὡς
2319 3272 2581 3342 σκύμνος,
2608 3273 2693 3335 τίς
2719 3273 3017 3344 ἀναστήσει
3043 3275 3241 3339 αὐτόν;
3268 3276 3331 3328 Oi
3369 3273 3718 3342 εὐλογοῦντές
3746 3289 3817 3325 σε

2217 3363 2560 3435 εὐλόγηνται,
2587 3365 2682 3416 καὶ
2710 3365 2760 3418 οἱ
2791 3365 3172 3437 καταρώμενοι
3203 3384 3261 3420 σε
3303 3367 3729 3437 κεκατήρανται.
3786 3382 3812 3415 ι

523 3455 714 3510 nistris
737 3452 931 3524 sponsi
959 3451 1108 3507 dicta
1143 3460 1353 3514 essent,
1388 3465 1595 3520 sponsa
1631 3465 1829 3507 rursus
1860 3453 1974 3508 ait:

2218 3456 2405 3510 Ταῦτα
2431 3457 2488 3510 δὲ
2515 3457 2611 3510 καὶ
2649 3459 2709 3510 ἐν
2753 3459 2820 3528 τῇ
2866 3458 3175 3528 προφητείᾳ
3215 3457 3309 3512 τοῦ
3339 3457 3677 3527 πατριάρχου
3697 3453 3820 3506 Ἰα-

523 3545 641 3598 κὼϐ
669 3547 737 3615 τῇ
767 3543 905 3614 πρὸς
928 3541 1020 3596 τὸν
1062 3539 1263 3594 Ἰούδαν
1286 3538 1332 3570 ¹⁶
1361 3540 1630 3613 εἰρημένῃ
1659 3541 1804 3595 ἔστιν
1832 3541 2014 3614 εὑρεῖν
2046 3545 2109 3599 ⁸⁸.
2152 3546 2371 3601 Τούτων
2401 3545 2608 3600 ἀνωθεν
2635 3544 2780 3598 οὕτω
2808 3547 3085 3616 ῥηθέντων
3143 3547 3247 3602 ὑπὸ
3270 3547 3380 3601 τῶν
3415 3545 3510 3600 τοῦ
3571 3544 3816 3614 νυμφίου

520 3635 810 3700 διακόνων,
835 3632 1002 3686 πάλιν
1029 3632 1065 3702 ή
1093 3631 1280 3701 νύμφη
1306 3631 1479 3699 φησί·

595 3724 816 3779 Nardus
852 3737 978 3776 mea
1001 3720 1147 3776 dedit
1184 3721 1398 3774 odorem
1430 3737 1608 3775 suum.
1659 3719 1827 3778 Vnus.
1858 3722 1947 3776 12.
1983 3721 2102 3776 Fa-

2281 3716 2514 3786 Νάρδος
2559 3733 2680 3786 μου
2725 3715 2950 3771 ἔδωκεν
2998 3717 3199 3788 ὀσμὴν
3249 3717 3458 3772 αὑτοῦ.
3487 3715 3601 3788 (ιβ’)
3642 3719 3819 3774 Ἀπά-

521 3816 755 3871 sciculus
776 3823 973 3868 stactes
999 3812 1202 3866 sororis
1229 3826 1362 3867 mete
1388 3811 1536 3880 ﬁlius
1565 3812 1720 3868 mihi.
1735 3811 2103 3878 Quaerendum

2218 3809 2438 3877 δεσμος
2485 3805 2752 3877 στακτῆς
2797 3807 3164 3878 ἀδελφιδοῦς
3189 3811 3232 3842 ¹²
3257 3826 3380 3880 μου
3429 3809 3580 3879 ἐμοί.
3623 3813 3814 3883 Ζητη-

521 3916 607 3962 est
628 3906 809 3978 primo
836 3919 939 3960 cur
989 3918 1116 3958 eum
1161 3903 1372 3958 sororis
1421 3903 1592 3958 tilium
1635 3903 1892 3974 appellet.
1928 3904 2107 3976 Spon-

523 4012 639 4054 sam
658 4010 790 4052 esse
817 3994 1058 4050 dicimus
1087 3994 1376 4050 collectam
1394 4010 1461 4049 cex
1488 3995 1745 4064 gentibus
1768 3994 2101 4052 Ecclesium:

521 4088 617 4145 sed
652 4099 707 4145 et
733 4088 976 4160 priorem
1017 4086 1216 4157 sponsi
1261 4085 1522 4141 uxorem‘
1551 4087 1966 4142 multitudinem
2009 4086 2108 4143 Ju-

519 4180 790 4244 daeorum,
841 4193 963 4250 quae
994 4185 1218 4248 propter
1249 4192 1410 4232 suam
1453 4177 1856 4246 impudicitiam
1893 4179 2106 4248 repudii

520 4269 760 4327 libellum
809 4268 865 4324 in
899 4282 1100 4324 manus
1151 4283 1285 4323 suas
1335 4268 1574 4338 accepit.
1629 4265 1870 4324 Sorores
1921 4277 2104 4324 autem

517 4364 668 4427 s'unt,
699 4362 961 4433 quoniam
998 4376 1058 4415 se
1089 4373 1154 4414 ex
1198 4358 1408 4414 Adamn
1458 4367 1616 4429 patre
1663 4359 1882 4430 genitas
1930 4360 2107 4416 ambae

517 4450 845 4520 gloriantur.
885 4447 993 4503 Sed
1042 4461 1306 4518 sponsus,
1353 4449 1509 4517 quod
1565 4447 1637 4504 ad
1685 4448 1807 4518 ejus
1864 4453 2105 4519 pertinet

2209 3900 2331 3954 τέον
2353 3897 2410 3953 δὲ
2436 3900 2720 3970 πρότερον,
2743 3898 2796 3951 τί
2823 3899 3023 3968 δήποτε
3051 3899 3214 3952 αὑτὸν
3249 3898 3562 3968 ἀδελφιδοῦν
3589 3900 3803 3971 ὀνομά-

2215 3993 2328 4058 ζει·
2360 3991 2579 4062 νύμφην
2621 3991 2678 4044 δὲ
2724 3990 3084 4062 ἐδιδάχθημεν
3122 3993 3222 4062 τὴν
3265 3993 3324 4058 ἐξ
3361 3992 3532 4046 ὲθνῶν
3569 3992 3808 4065 Ἐκκλη-

2215 4083 2369 4137 σίαν·
2395 4081 2533 4137 ἀλλὰ
2577 4082 2672 4135 καὶ
2709 4083 2944 4150 γυναῖκα
2979 4083 3252 4153 προτέραν
3276 4082 3370 4137 τοῦ
3428 4084 3658 4154 νυμφίου
3699 4085 3807 4156 τὴν

2218 4172 2489 4226 Ἰουδαίων
2515 4171 2749 4242 πληθὺν,
2775 4171 3045 4225 λαϐοῦσαν
3089 4171 3293 4242 βιϐλίον
3337 4175 3668 4228 ἀποστασίου
3713 4178 3806 4241 είς

2203 4265 2302 4330 τάς
2330 4267 2520 4336 χεῖρας
2543 4265 2737 4334 αὐτῆς,
2763 4264 2853 4318 διὰ
2891 4264 2990 4336 τὴν
3019 4265 3226 4320 οικείαν
3260 4265 3576 4321 ἀκολασίαν.
3619 4267 3808 4321 Ἀδελ-

2203 4357 2301 4426 φαὶ
2326 4357 2384 4410 δὲ
2410 4357 2794 4428 τυγχάνουσιν·
2825 4355 2995 4428 ἀμφω
3041 4357 3151 4428 γὰρ
3200 4356 3293 4411 τὸν
3345 4357 3517 4427 Ἀδὰμ
3564 4357 3804 4428 αὐχοῦσι

2202 4444 2417 4515 πατέρα
2436 4463 2450 4476 ·
2481 4445 2597 4498 ἀλλ’
2624 4446 2654 4498 6
2679 4445 2908 4516 νυμφίος
2935 4447 2999 4500 ὲκ
3036 4447 3139 4515 τῆς
3183 4445 3454 4518 προτέρας
3493 4447 3803 4520 ἐϐλάστησε

521 4538 939 4600 humanitatem,
973 4550 1040 4590 ex
1087 4536 1271 4605 priore
1309 4544 1473 4592 natus
1519 4547 1623 4592 est.
1688 4555 1708 4590 ι
1745 4538 2100 4596 Manifestum

2218 4535 2346 4591 ιιατά
2375 4536 2436 4589 τὸ
2459 4535 2821 4608 ἀνθρώπινον.
2862 4538 3001 4608 Φησὶ
3029 4537 3138 4609 γὰρ
3178 4539 3207 4590 6
3249 4538 3521 4610 μακάριος
3548 4540 3762 4605 Παῦλος
3781 4560 3799 4574 ·

517 4637 605 4686 est
628 4639 833 4693 autem,
874 4627 1052 4696 inquit
1083 4626 1281 4682 beatus
1308 4625 1532 4695 Paulus,
1566 4628 1712 4697 quod
1744 4645 1810 4685 ex
1840 4628 1979 4684 Juda
2010 4645 2101 4684 or-

519 4729 610 4775 tus
633 4719 706 4775 sit
740 4715 1012 4773 Dominus
1035 4718 1086 4772 h.
1124 4736 1142 4770 ι
1191 4716 1261 4771 Et
1296 4717 1428 4772 alibi
1467 4735 1480 4771 :
1517 4737 1536 4769 ι
1568 4718 1824 4784 Abrahae,
1880 4720 2095 4790 inquit,

518 4811 682 4866 dictae
709 4821 839 4868 sunt
865 4809 1286 4880 promissiones,
1319 4816 1372 4864 et
1405 4808 1601 4865 semini
1631 4809 1776 4880 ejus.
1819 4809 1936 4866 Non
1964 4810 2101 4864 dicit

519 4898 585 4954 Et
612 4899 953 4965 seminibus,
981 4898 1139 4970 quasi
1185 4898 1240 4952 in
1275 4897 1465 4958 multis
1498 4915 1512 4952 :
1547 4896 1646 4954 sed
1672 4898 1832 4968 quasi
1879 4897 1932 4952 in
1964 4913 2095 4964 uno,

519 4989 585 5044 Et
613 4991 808 5046 senririi
830 4990 974 5060 ejus,
1005 4991 1102 5060 qui
1127 4997 1214 5047 est
1233 4989 1494 5052 Christus
1531 4990 1576 5045 ί.
1612 5007 1640 5042 ο
1669 4989 1749 5044 Ac
1768 4987 1881 5062 59
1907 4990 1974 5044 de
2003 4987 2097 5042 Da-

521 5079 643 5136 vide
672 5083 749 5136 ait
776 5083 970 5139 beatus
1007 5081 1244 5140 Petrus:
1285 5100 1304 5133 ι
1341 5080 1618 5152 Propheta
1649 5082 1818 5153 igitur
1845 5097 1968 5136 cum
2005 5097 2094 5138 es-

1289 5275 1312 5303 ο
1349 5265 1498 5321 Psal.
1531 5279 1619 5331 xc,
1658 5264 1748 5323 ll.

589 5263 677 5305 θοι»
710 5261 854 5331 Psal.
897 5278 1088 5331 χχχιιι,
1127 5265 1178 5319 8.

1257 5336 1272 5372 ί
1309 5333 1489 5390 Galat.
1514 5335 1570 5400 5,
1607 5333 1696 5388 16.

524 5330 613 5386 12.
689 5332 717 5372 ιι
748 5330 914 5388 Hebr.
948 5351 1045 5402 vn,
1075 5330 1172 5390 7M.

1844 5267 1870 5305 δ
1907 5265 2073 5322 llebr.
2098 5280 2173 5332 ιι,
2202 5265 2260 5323 2.

2211 4645 2230 4679 ι
2259 4625 2532 4698 Πρόδηλον
2553 4625 2610 4679 δὲ
2649 4627 2731 4680 ὅτι
2763 4625 2823 4691 ἐξ
2855 4626 3024 4681 Ἰούδα
3057 4629 3422 4683 ἀνατέταλκεν
3445 4630 3470 4682 6
3503 4629 3727 4700 Κύριος.
3767 4651 3794 4684 s

2204 4718 2316 4772 Καὶ
2344 4718 2540 4772 πάλιν·
2573 4738 2591 4770 ι
2623 4717 2712 4790 Τῷ
2751 4719 2808 4772 δὲ
2848 4719 3101 4791 Ἀϐραὰμ
3159 4720 3464 4793 ἐρρέθησαν
3514 4723 3569 4776 αἱ
3619 4724 3802 4790 ἐπαγ-

2203 4810 2403 4879 γελίαι,
2426 4811 2524 4866 καὶ
2544 4809 2622 4882 τῷ
2653 4811 2930 4882 σπέρματι
2959 4810 3147 4866 αὐτοῦ.
3193 4813 3269 4866 Ub
3319 4812 3492 4881 λέγει,
3531 4812 3642 4867 Καὶ
3681 4817 3803 4880 τοῖς

2204 4903 2534 4976 σπέρμασιν,
2577 4902 2652 4968 ὡς
2692 4903 2786 4957 ἐπὶ
2826 4902 3060 4968 πολλῶν,
3090 4904 3207 4958 ἀλλ’
3233 4904 3309 4969 ὡς
3357 4907 3443 4978 ἐφ’
3498 4909 3642 4970 ὲνός·
3676 4907 3802 4962 Καὶ

2201 4993 2279 5064 τῷ
2306 4994 2583 5066 σπέρματι
2613 4991 2782 5049 αὐτοῦ
2820 4992 2885 5062 ⁸³,
2917 4995 2977 5058 ὃς
3010 4996 3126 5048 ἐστι
3161 4995 3414 5066 Χριστός.
3465 5015 3484 5050 ι
3520 4999 3630 5052 Καὶ
3663 4997 3802 5067 περὶ

2203 5086 2297 5141 τοῦ
2321 5086 2483 5141 Δαϐὶδ
2506 5085 2562 5140 δέ
2586 5102 2751 5157 φησιν
2781 5084 2812 5137 6
2843 5085 3115 5156 μακάριος
3154 5086 3380 5157 Πέτρος,
3409 5089 3491 5143 ὅτι
3518 5109 3536 5141 ι
3566 5088 3798 5160 Προφή-

2345 5278 2367 5306 ε
2393 5265 2558 5323 Νυηι.
2603 5283 2753 5332 xxw,
2785 5267 2872 5324 l9.
2957 5266 2978 5304 ί
3013 5266 3151 5326 Ibid.
3188 5269 3245 5328 9.
3325 5267 3350 5307 ⁸
3380 5265 3519 5323 Gen.
3543 5279 3696 5334 χιιι,
3727 5265 3796 5321 8-

1799 5491 2034 5549 VARLE
2070 5488 2475 5548 LECTIONES.

605 5650 629 5682 ⁸
651 5653 763 5707 τόν.
791 5653 958 5708 Abest
985 5671 1014 5707 a
1051 5654 1176 5708 cod.

525 5724 564 5753 “
597 5722 785 5790 ἀδελφ.
817 5740 938 5791 μου.
967 5723 1130 5776 Hebr.
1161 5723 1372 5791 amicus
1400 5738 1572 5781 meus.
1619 5725 1715 5778 ‘lta
1748 5738 1967 5794 quoaue
2005 5725 2058 5776 in
2095 5722 2451 5792 sequentibus
2474 5722 2726 5790 passim.)

1284 5654 1305 5685 ’
1327 5671 1428 5707 σοι.
1459 5654 1584 5709 Des.
1629 5653 1763 5727 ibid.
1838 5654 1882 5686 ¹⁶
1903 5653 2033 5727 cod.
2065 5652 2253 5705 Ἰούδα.
2331 5653 2379 5727 _'_'
2399 5653 2852 5727 .eﬁpsiv._in_cod_.
2889 5650 3311 5727 seq._espositio
3325 5652 3500 5727 _trium
3529 5650 3804 5727 Patrum.

2805 5723 2847 5755 "
2879 5720 3066 5775 αὑτοῦ.
3102 5720 3228 5778 cod.
3257 5723 3352 5776 σοῦ
