4088 6434
513 357 584 424 83
1541 365 2031 428 THEODORETI
2063 367 2098 426 Ii

2200 369 2403 431 SCOPI
2432 369 2798 430 CYBENSIS
3709 366 3778 430 84

514 488 600 534 est
663 477 931 540 odorifer.
989 478 1047 535 Si
1081 495 1212 552 ergo
1261 482 1444 538 locum
1490 482 1860 553 intelligas-in
1903 481 2092 537 Iudaea

2206 506 2226 537 ι
2261 487 2350 538 Ἐν
2397 487 2439 518 ’³
2475 488 2588 548 τοῖς
2615 483 2934 556 ἀμπελῶσιν
2995 483 3243 551 Ἐνγαὸδὶ
3279 501 3298 534 ι
3356 481 3601 545 τοιοῦτός
3631 483 3782 537 ἐστιν

516 567 724 622 vitibus
751 567 972 625 eximiis
1007 577 1380 638 prmstantem,
1427 586 1524 642 per
1552 565 1973 627 translationem
2015 571 2097 626 sic

516 659 901 728 accipiendum
936 669 1043 724 est,
1076 664 1234 732 quasi
1269 663 1460 717 dicat:
1494 662 1703 718 Vincas
1752 663 1879 717 illas
1910 663 2098 719 odoris

514 747 786 802 suavitate
820 757 1048 819 superat
1088 750 1283 805 botrus
1332 758 1486 806 tuus.
1541 750 1638 807 Sin
1682 752 1938 807 vocabuli
1987 753 2098 806 vim

517 839 808 895 attendens
840 842 981 895 dixit
1010 860 1030 892 ι
1070 840 1339 912 Engaddi,
1368 863 1386 895 ι
1427 843 1575 914 quod
1628 845 1903 914 signiﬁcat
1952 844 2097 898 idem

518 945 583 984 ac
639 932 821 985 oculus
860 932 962 1002 51
999 934 1328 1002 tentatt'onis,
1378 937 1460 990 sic
1494 936 1912 1006 intelligendum
1961 942 2046 991 est
2083 953 2096 990 :

518 1021 574 1074 ln
610 1022 1012 1078 tentationibus
1044 1025 1211 1080 etiam
1241 1025 1577 1093 constituta,
1606 1035 1664 1082 et
1697 1041 1727 1080 a
1759 1026 1950 1082 multis
1995 1041 2099 1095 op-

517 1118 775 1181 pugnata,
814 1112 1004 1170 odoris
1037 1115 1116 1169 tui
1157 1117 1342 1172 sentio
1395 1119 1723 1173 suavitatem
1756 1137 1770 1173 :
1824 1127 1878 1173 et
1922 1117 2098 1172 vineis

519 1197 622 1253 hoc
651 1209 899 1270 tempore
925 1201 1372 1266 ﬂorescentibus.
1406 1207 1598 1274 (modo
1624 1206 1920 1276 allegorice
1946 1206 2098 1260 acci-

515 1291 787 1363 piantur,)
837 1295 935 1349 sed
968 1295 1026 1349 in
1071 1296 1254 1352 medio
1303 1298 1669 1353 tentationum
1704 1298 2098 1354 exsistentibus

518 1381 772 1452 (tentatio
801 1384 948 1438 enim
995 1395 1082 1442 est
1109 1387 1223 1442 vita
1267 1389 1512 1445 hominis
1548 1405 1714 1459 super
1763 1401 1964 1445 terram
2002 1399 2031 1439 Ρ
2057 1392 2097 1458 ,)

516 1487 740 1529 suavem
775 1475 919 1535 botri
952 1478 1029 1531 tui
1061 1477 1309 1536 ﬂorentis
1342 1482 1568 1537 odorem
1603 1490 1897 1552 antepono.
1941 1480 2098 1546 Quod

517 1564 566 1620 si
603 1564 733 1620 dum
763 1567 945 1623 adhuc
969 1568 1146 1634 ﬂoret,
1179 1578 1295 1626 tam
1327 1582 1412 1627 est
1433 1571 1737 1639 iucundus,
1767 1572 1956 1642 qualis
1983 1572 2099 1627 fore

515 1657 796 1728 putandus
833 1671 940 1726 εει,
972 1677 1096 1716 cum
1127 1664 1195 1719 ad
1236 1666 1606 1720 maturitatem
1643 1665 1908 1720 accedet?
1939 1663 2096 1730 Quod

516 1746 564 1801 si
590 1756 966 1806 maturescens
997 1761 1082 1808 est
1116 1754 1312 1809 melior
1335 1770 1424 1818 eo,
1459 1755 1774 1824 qualisnam
1808 1754 1934 1818 erit,
1969 1768 2094 1808 cum

515 1839 680 1906 plane
723 1839 832 1906 jam
880 1855 1135 1900 maturus
1169 1853 1226 1900 et
1268 1858 1462 1901 coctus
1507 1844 1881 1900 torcularibus
1925 1843 2099 1912 subji-
2129 1825 2173 1879 Β

515 1928 727 1983 cietur?
756 1931 1023 1987 Existimo
1054 1935 1224 2000 enim,
1271 1950 1396 1991 eum
1435 1951 1534 2006 pro
1565 1934 1936 2004 spiritualium
1968 1942 2102 1990 aeta-

517 2027 632 2075 tum
669 2023 902 2088 ratione,
935 2025 1060 2081 aliis
1094 2027 1313 2096 quidem
1343 2027 1596 2082 lloridum
1623 2043 1768 2091 esse,
1803 2026 1928 2081 aliis
1945 2040 2102 2081 acer-

520 2113 672 2178 bum,
702 2115 824 2170 aliis
860 2117 1254 2187 propemodum
1300 2125 1603 2183 maturum,
1641 2119 1766 2174 aliis
1809 2118 1948 2173 satis
1982 2131 2101 2172 ma-

520 2213 740 2270 turum,
787 2207 883 2261 sed
912 2224 941 2261 a
972 2208 1228 2278 perfectis
1258 2211 1395 2266 bibi.
1429 2230 1449 2263 ι
1479 2210 1634 2265 Calix
1681 2211 1827 2266 enim
1859 2210 1983 2278 ejus
2017 2209 2102 2264 in-

516 2295 743 2351 cbrians
794 2313 1056 2367 perquam
1114 2300 1416 2370 praeclarus
1462 2309 1548 2358 cst
1577 2312 1627 2354 ιι.
1660 2319 1679 2353 ι
1720 2298 1819 2356 llis
1866 2300 2031 2356 dictis
2069 2315 2099 2354 a

511 2403 740 2457 sponsa,
771 2406 1014 2461 sponsus
1043 2408 1163 2449 eam
1192 2408 1392 2450 rursus
1423 2394 1497 2449 ita
1532 2395 1836 2466 alloquitur
1869 2411 1884 2449 :

587 2572 753 2629 Vens.
796 2576 882 2629 M.
927 2579 1060 2630 Erae
1098 2577 1321 2644 pulchra
1355 2594 1433 2641 es,
1471 2580 1769 2648 propinqua
1805 2593 1949 2642 mea,
1983 2593 2101 2633 ecce

513 2666 740 2733 pulchra
767 2683 821 2720 es
855 2682 872 2719 :
903 2669 1051 2721 oculi
1080 2671 1156 2722 tui
1193 2669 1472 2724 colambw.
1519 2668 1648 2736 Ejus
1679 2669 1878 2724 iterum
1913 2669 2102 2724 laudat

489 2755 1006 2835 pulchritmlincm,
1043 2766 1097 2811 et
1128 2758 1358 2813 fortnam
1385 2760 1714 2823 admiratur,
1749 2774 1813 2813 ac
1843 2758 2099 2815 decorem

512 2848 692 2918 ipsius
730 2848 1012 2919 duplicata
1060 2853 1314 2907 oratione
1363 2853 1526 2923 quasi
1570 2859 1782 2922 stupet.
1822 2850 2100 2922 Imprimis

514 2948 696 2995 autem
738 2941 930 2997 oculos
981 2943 1156 3011 ipsius
1191 2945 1567 3008 commendat,
1615 2944 1840 3000 dicens:
1875 2961 1894 2995 ι
1939 2942 2098 2999 Oculi

513 3031 593 3084 tui
630 3032 916 3096 columbae,
957 3053 976 3086 ι
1016 3034 1120 3088 hoc
1163 3043 1270 3099 est,
1305 3035 1642 3104 spirituales.
1688 3032 1825 3088 Nam
1860 3035 1965 3090 sub
2008 3049 2102 3088 co-

2200 577 2428 645 εὐώδης.
2457 577 2522 630 Εί
2541 577 2639 646 μὲν
2665 572 2759 630 οὗν
2789 576 2849 630 τὸ
2879 575 3079 646 χωρίον
3102 574 3364 646 σημαίνει
3392 573 3451 624 τὸ
3481 573 3538 624 ὲν
3567 576 3632 643 τῇ
3648 574 3776 626 ’ῐου-

2199 668 2344 738 δαίᾳ,
2372 667 2448 730 ὡς
2478 667 2765 738 ἀμπελῶσι
2797 667 3133 736 θαυμαστοῖς
3167 664 3607 732 κεκοσμημένον,
3654 681 3781 731 νοη-

2199 759 2318 812 τέον
2333 758 2631 828 τροπικῶς,
2663 759 2747 812 ὅτι
2777 759 2950 828 ’Υπὲρ
2968 757 3184 818 ὲκείνας
3206 757 3308 816 τὰς
3334 753 3616 822 ἀμπέλους
3643 754 3786 806 εὐώ-

2198 847 2296 917 δης
2324 863 2419 900 σου
2449 849 2478 900 ὁ
2501 847 2695 918 βότρυς
2729 846 2987 917 ὑπάρχει.
3023 846 3087 898 Εί
3119 845 3178 897 δὲ
3211 844 3298 898 διὰ
3330 844 3428 914 τὴν
3451 845 3544 896 τοῦ
3582 843 3785 912 ὀνόμαο

2198 955 2289 1000 τος
2347 937 2624 1008 σημασίαν
2677 938 2776 1008 τὴν
2821 937 3198 1007 προσηγορίαν
3231 935 3327 988 τοῦ
3385 953 3406 986 ι
3461 934 3706 1002 Ἑνγαδδὶ
3762 953 3781 985 ι

2197 1028 2466 1094 τέθεικεν,
2490 1030 2627 1100 ὅπερ
2650 1028 3012 1100 ἑρμηνεύεται
3045 1027 3354 1096 ὀφθαλμὸς
3376 1025 3784 1094 πειρατηρίων,

2199 1120 2418 1191 νοητέον
2461 1120 2654 1185 οὕτως,
2688 1121 2771 1174 ὅτι
2820 1120 2932 1174 Καὶ
2968 1121 3030 1172 ὲν-
3066 1121 3395 1189 πειρασμοῖς
3437 1118 3786 1188 ὑπάρχουσα,

2199 1213 2295 1265 καὶ
2325 1211 2428 1264 ὑπὸ
2455 1210 2666 1264 πολλῶν
2699 1209 3107 1280 πολεμουμένη,
3142 1209 3243 1277 τῆς
3280 1209 3379 1278 σῆς
3408 1208 3674 1277 εὗοσμίας
3696 1209 3789 1260 ἀν·-

2196 1302 2627 1373 τιλαμϐἀνομαι⁸
2654 1302 2748 1355 καὶ
2777 1301 2887 1354 τῶν
2913 1300 3056 1354 κατά
3081 1300 3172 1353 τὸν
3202 1300 3449 1369 παρόντα
3473 1298 3664 1369 καιρὸν
3691 1299 3789 1350 ἀν-

2200 1391 2436 1445 θούντων
2462 1390 2822 1463 ἀμπελώνων,
2855 1389 3136 1460 τροπικῶς
3159 1388 3486 1458 νοουμένων,
3520 1403 3791 1457 πειρατη-

2204 1481 2318 1554 ρίου
2346 1483 2402 1534 δὲ
2428 1481 2597 1535 ὄντων
2626 1481 2808 1550 μέσον·
2844 1480 3199 1550 πειρατήριον
3226 1479 3335 1546 γάρ
3355 1478 3472 1529 ἐστι
3497 1477 3524 1527 ὁ
3558 1475 3670 1544 βίος
3693 1475 3794 1528 ἀν-

2200 1571 2420 1642 θρώπου
2457 1572 2551 1623 ἐπὶ
2576 1571 2678 1640 τῆς
2715 1570 2840 1640 γῆς·
2882 1571 3166 1639 προκρίνω
3191 1570 3235 1599 “
3266 1567 3365 1638 τὴν
3400 1567 3662 1636 εὐοσμίαν
3693 1564 3793 1617 τοῦ

2199 1659 2560 1731 κυπρίζοντος
2591 1658 2816 1729 βότρυος
2847 1659 2913 1711 ’³.
2951 1659 3012 1711 Εἰ
3051 1657 3108 1709 δὲ
3140 1659 3167 1710 ὁ
3191 1655 3322 1726 ἄρτι
3346 1654 3524 1708 ἀνθῶν
3549 1652 3790 1714 τοιοῦτός

2200 1752 2339 1816 ἐστι,
2368 1751 2674 1822 σκοπητέον
2699 1746 2810 1814 οἷος
2841 1753 2868 1803 ὁ
2891 1748 3206 1820 περκάζων·
3239 1749 3332 1800 καὶ
3361 1749 3411 1799 εί
3440 1749 3469 1799 ὁ
3496 1746 3792 1815 περκάζων

2200 1842 2392 1896 τούτου
2409 1843 2694 1916 κρείττων,
2713 1841 3044 1912 ἐνθυμητέον
3065 1834 3175 1902 οἷος
3196 1842 3225 1892 ὁ
3243 1839 3524 1910 πέπειρος,
3550 1839 3648 1891 καὶ⁸
3668 1838 3792 1898 ταῖς

2200 1934 2380 2007 ληνοῖς
2401 1932 3012 2004 ὲπιτήδειος.Ἡγοῦμαι
3039 1931 3148 2002 γὰρ
3167 1932 3261 1985 τὸν
3285 1931 3467 1990 αὐτὸν,
3508 1929 3796 1997 ἀναλόγως

2199 2031 2321 2091 ταῖς
2364 2027 2766 2097 πνευματικαῖς
2788 2024 3049 2095 ἡλικίαις,
3084 2025 3198 2086 τοῖς
3232 2021 3332 2092 μὲν
3369 2020 3572 2081 ἀνθεῖν,
3596 2021 3709 2082 τοῖς
3735 2019 3798 2070 δὲ’

2200 2122 2549 2193 όμφακίζειν,
2576 2125 2688 2186 τοῖς
2711 2122 2770 2175 δὲ
2815 2118 3240 2190 ὑποπερκάζειν,
3278 2121 3390 2181 τοῖς
3425 2118 3481 2170 δὲ
3525 2117 3805 2185 πέπειρον

2200 2210 2361 2277 εἶναι,
2390 2215 2494 2268 ὑπὸ
2515 2214 2570 2268 δὲ
2589 2215 2698 2267 τῶν
2717 2212 2940 2266 τελείων
2963 2210 3238 2265 πίνεσθαι·
3273 2229 3290 2262 ι
3320 2211 3394 2262 Τὸ
3415 2210 3462 2240 ’⁵
3488 2208 3799 2280 γὰρ-ποτή-

2202 2322 2319 2376 ριον
2339 2304 2504 2359 αὐτοῦ
2539 2302 2811 2374 μεθύσκον
2848 2303 2895 2334 ⁸³
2926 2301 3059 2355 ὡσεὶ
3085 2301 3380 2372 κράτιστον
3407 2301 3472 2353 ⁸⁸.
3525 2316 3546 2350 ι
3573 2299 3807 2352 Τούτων

2201 2395 2308 2449 ὑπὸ
2345 2395 2449 2466 τῆς
2491 2395 2708 2466 νύμφης
2742 2395 3042 2468 ῥηθέντων,
3095 2393 3258 2449 πάλιν
3306 2394 3444 2464 αὐτῇ
3493 2393 3523 2446 ό
3559 2390 3799 2460 νυμφίος

2203 2486 2676 2559 προσδιαλέγεται,
2703 2487 2798 2540 καί
2829 2501 3017 2557 φησιν·

2277 2579 2359 2632 ιδ’.
2391 2578 2540 2633 Ἰδοὺ
2569 2575 2627 2632 εἶ
2646 2577 2832 2647 καλὴ,
2855 2579 2892 2645 ὴ
2915 2578 3186 2646 πλησίον
3211 2591 3350 2645 μου·
3383 2575 3511 2629 ἰδοὺ
3532 2568 3593 2627 εἷ
3611 2571 3798 2638 καλή·

2201 2671 2256 2722 οἱ
2295 2667 2338 2698 ’⁷
2374 2667 2676 2736 ὀφθαλμοί
2733 2682 2852 2721 σου
2901 2667 3266 2735 περιστεραί.
3341 2667 3584 2718 Ἐπαινεῖ
3620 2661 3797 2732 αὐτῆς

2203 2759 2365 2814 πάλιν
2397 2759 2462 2812 τὸ
2486 2759 2702 2823 κάλλος,
2735 2759 2829 2812 καὶ
2857 2759 3130 2830 θαυμάζει
3153 2759 3251 2828 τὴν
3288 2757 3461 2828 ὥραν,
3490 2756 3585 2809 καὶ
3608 2754 3686 2823 τῷ
3712 2755 3797 2807 δι-

2203 2851 2536 2922 πλασιασμῷ
2569 2851 2666 2922 τὴν
2687 2853 3023 2922 εὐπρέπειαν
3051 2852 3223 2921 αὐτῆς
3273 2850 3654 2920 ἐκπλήττεται.
3681 2846 3798 2917 Πρὸ

2202 2944 2262 2998 δὲ
2300 2943 2520 2997 πάντων
2547 2943 2672 3006 τοὺς
2709 2942 3028 3013 ὀφθαλμοὺς
3063 2945 3237 3013 αὐτῆς
3280 2939 3640 3012 ἐγκωμιάζει,
3699 2939 3798 2992 καί

2206 3052 2394 3106 φησιν·
2434 3052 2452 3085 ι
2524 3035 2587 3088 Oi
2619 3033 2892 3103 ὀφθαλμοί
2924 3052 3017 3087 σου
3074 3034 3417 3104 περιστεραὶ,
3472 3052 3490 3084 ι
3545 3029 3803 3085 τουτέστι

513 3123 714 3180 ιιιιιιὶιεο
766 3125 950 3194 specie
996 3125 1286 3182 descendit
1331 3126 1574 3196 Spiritus
1610 3133 1872 3190 sanctus,
1928 3125 2097 3181 et'in

2207 3127 2590 3196 πνευματικοί·
2621 3127 2678 3178 έν
2704 3126 2836 3179 εἴδει
2877 3125 2993 3196 γὰρ
3020 3126 3352 3196 περιστερᾶς
3373 3123 3701 3192 ὲπεφοίτησε
3732 3122 3797 3173 τό

513 3231 719 3288 sponso
751 3218 1043 3274 habitavit.
1078 3218 1289 3275 Idcirco
1325 3235 1435 3275 non
1463 3220 1562 3283 ait,
1599 3219 1757 3290 quasi
1790 3218 1966 3288 ipsius
1999 3233 2096 3273 co-

513 3309 746 3375 lumba,
790 3310 886 3366 sed
961 3328 979 3361 ι
1041 3310 1331 3375 columbae,
1391 3329 1410 3363 ι
1470 3309 1522 3366 id
1586 3317 1697 3374 est,
1755 3309 2095 3380 spirituales,

511 3399 700 3456 divina
725 3403 900 3470 gratia
932 3402 1102 3472 pleni,
1149 3403 1224 3459 ab
1247 3403 1398 3457 omni
1449 3403 1685 3473 caligine
1723 3401 1905 3466 liberi,
1943 3417 2098 3458 reve-

507 3491 620 3546 lata
656 3491 799 3548 facie
826 3494 1058 3562 glori-am
1101 3493 1320 3548 Domini
1361 3495 1822 3564 contemplantes,
1862 3496 1920 3550 in
1947 3510 2100 3550 eant-

511 3583 635 3638 dem
662 3585 954 3654 imaginem
1004 3585 1391 3640 transiormati
1435 3602 1465 3639 a
1506 3587 1760 3643 claritate
1789 3589 1844 3642 in
1874 3587 2098 3642 clarita-

511 3682 644 3740 tem,
683 3683 945 3745 tanqua-m
976 3691 1007 3729 a
1036 3675 1270 3732 Domino
1303 3677 1410 3748 52
1455 3677 1665 3749 Spiritu
1703 3689 1724 3717 τ
1747 3719 1762 3742 ,
1796 3688 1856 3734 ιιι
1883 3679 2100 3749 possint

509 3761 730 3818 dicere:
756 3781 774 3814 ι
806 3763 973 3820 Nobis
1009 3774 1192 3820 autem
1237 3765 1384 3822 Deus
1413 3769 1671 3824 revelavit
1701 3784 1800 3840 per
1830 3769 2097 3840 Spiritum

510 3867 674 3907 suum
703 3861 723 3889 ³
773 3873 792 3906 ι
823 3853 1048 3912 Rursus
1079 3872 1284 3926 sponsa
1317 3859 1662 3930 rcSpondeus
1696 3859 1813 3914 ait:

580 4037 749 4095 Vsus.
801 4041 904 4106 15,
961 4041 1051 4096 16.
1088 4040 1222 4096 Ecce
1260 4042 1478 4111 pulcher
1517 4059 1594 4106 es,
1627 4045 1834 4097 sororis
1875 4059 2003 4097 mete
2031 4045 2094 4111 ﬁ-

509 4131 632 4195 lius,
662 4141 712 4185 et
739 4132 894 4201 plane
913 4132 1134 4189 decorus
1162 4134 1229 4187 ad
1269 4134 1463 4188 lectum
1494 4146 1734 4190 nostrum
1763 4137 2092 4190 umbrosum.

512 4224 681 4295 Tigna
715 4225 968 4279 domuum
1000 4236 1328 4283 nostrarum.
1369 4227 1551 4293 cedri;
1601 4229 1879 4298 laquearia
1911 4239 2095 4283 nostra

505 4318 758 4387 cupressi.
794 4316 1070 4374 Hactenus
1109 4319 1302 4389 sponsi
1351 4319 1709 4390 fragrantiam
1757 4335 1964 4390 sponsa
1999 4336 2095 4375 su-

505 4411 706 4478 spexit.
741 4407 906 4465 Nunc-
934 4417 1118 4464 autem
1156 4410 1468 4464 illuminata
1513 4412 1716 4473 oculis,
1753 4426 1896 4479 quos
1929 4411 2096 4482 spiri-

2204 3217 2430 3288 Πνεῦμα
2458 3218 2519 3272 τὸ
2538 3219 2714 3286 ἅγιον,
2739 3220 2834 3272 καὶ
2862 3216 3108 3289 ἐνῴκησε
3138 3218 3218 3288 τῷ
3239 3217 3480 3289 νυμφίῳ.
3511 3215 3610 3268 Διά
3636 3211 3798 3267 τοῦτο

2201 3311 2264 3364 ού
2281 3309 2453 3376 λέγει,
2469 3308 2601 3361 ὡσεὶ
2621 3309 2667 3341 ³⁸
2693 3309 3044 3379 περιστερᾶς,
3063 3306 3199 3360 ἀλλά
3220 3305 3593 3377 «περιστεραὶ,
3608 3319 3791 3356 »τουτ-

2202 3399 2321 3452 έστι
2381 3398 2778 3468 πνευματικοὶ,
2834 3397 3060 3467 χάριτος
3120 3395 3272 3459 θείας
3329 3392 3795 3464 πεπληρωμένοι,

2202 3491 2401 3559 ἀχλύος
2451 3490 2747 3561 ἐλεύθεροι,
2788 3488 3301 3559 ἀνακεκαλυμμένῳ
3357 3487 3638 3558 προσώπῳ
3691 3485 3797 3553 τὴν

2200 3581 2358 3647 δόξαν
2388 3581 2595 3652 Κυρίου
2629 3580 3144 3652 κατοπτριζόμενοι,
3189 3579 3284 3632 καὶ
3297 3579 3397 3648 τὴν
3418 3576 3586 3646 αὐτὴν
3609 3575 3796 3628 εἰκόνο

2206 3674 2562 3746 μεταμορφού
2571 3691 2743 3745 μενοι,
2777 3672 2886 3726 ἀπὸ
2905 3671 3066 3742 δόξης
3087 3673 3169 3733 εἰς
3186 3667 3366 3734 δόξαν,
3397 3668 3659 3737 καθάπερ,
3681 3666 3796 3719 ἀπδ

2202 3767 2408 3838 Κυρίου
2433 3765 2772 3834 Πνεύματος,
2807 3765 2902 3817 καὶ
2924 3763 3217 3832 δυνάμενοι
3245 3761 3448 3829 λέγειν·
3479 3779 3498 3809 ι
3535 3760 3699 3828 Ἡμῖν
3733 3758 3795 3812 δὲ

2201 3862 2230 3912 ὁ
2257 3860 2390 3923 Θεὸς
2441 3857 2761 3926 ἁπεκάλυψε
2809 3857 2899 3910 διὰ
2943 3855 3040 3910 τοῦ
3097 3854 3417 3924 Πνεύματος
3461 3853 3628 3906 αὑτοῦ
3660 3855 3726 3907 ³⁸.
3766 3871 3786 3904 ι

2215 3951 2598 4023 Ἀποκρίνεται
2627 3950 2786 4003 πᾶλιν
2817 3950 2850 4019 ἡ
2881 3948 3089 4020 νύμφη,
3120 3947 3213 4001 καί
3247 3961 3432 4017 φησιν·

2274 4051 2357 4108 ιε’,
2391 4051 2487 4107 ις’.
2532 4040 2677 4096 Ἰδοὺ
2709 4036 2770 4094 εἴ
2795 4041 3002 4107 καλὸς,
3025 4039 3390 4107 ἀδελφιδοῦς
3425 4056 3563 4107 μου,
3595 4035 3695 4090 καί
3729 4052 3791 4104 rs

2200 4135 2416 4203 ὡραῖος
2465 4135 2615 4202 πρὸς
2637 4133 2684 4166 ³⁸
2737 4134 2963 4201 κλίνην
3009 4131 3180 4201 ἡμῶν
3223 4130 3574 4185 σύσκιονδί.
3618 4128 3794 4182 Δοκοι

2201 4230 2384 4283 οικων
2400 4227 2569 4296 ἡμῶν
2589 4227 2806 4297 κέδροι,
2833 4223 3193 4293 φατνώματα
3207 4221 3379 4292 ἡμῶν
3396 4222 3788 4291 κυπάρισσοι.

2201 4320 2377 4388 Μέχρι
2416 4319 2511 4388 μὲν
2567 4313 2662 4370 οὖν
2691 4314 2786 4370 τοῦ
2840 4314 3107 4385 παρόντος
3161 4316 3261 4383 τὴν
3310 4313 3574 4383 εὐοσμίαν
3621 4311 3791 4364 αὐτοῦ

2200 4409 2427 4463 διετέλει
2474 4406 2850 4472 θαυμάζουσα·
2905 4404 3000 4458 νῦν
3041 4401 3289 4458 δὲαύτοῦ
3351 4404 3447 4457 καὶ
3499 4403 3600 4470 τὴν
3636 4401 3790 4469 ὤραν

503 4501 682 4555 tuales
729 4501 914 4564 habet,
962 4501 1038 4554 ita
1091 4510 1150 4553 ut
1199 4501 1469 4556 coiumbae
1515 4517 1714 4557 nomen
1750 4510 1922 4573 gerat,
1971 4503 2093 4572 cjus

2200 4501 2586 4570 ἐκπλήττεται,
2620 4496 2948 4566 φωτισθεῖσα
2976 4497 3103 4559 τοὺς
3139 4495 3472 4565 ὀφθαλμοὺς,
3505 4495 3599 4546 καὶ
3623 4509 3790 4545 πνευ-
3855 4530 3857 4532 -

504 4589 670 4644 etiam
712 4589 1183 4659 pulchritudinem
1234 4590 1585 4646 admiratur:
1638 4611 1656 4643 ι
1694 4591 1952 4657 Pulcher,
1999 4594 2088 4648 in-

503 4681 723 4750 quiens,
755 4689 807 4735 et
831 4682 1065 4737 decorus
1096 4697 1176 4745 es,
1211 4697 1384 4750 nepos
1421 4699 1593 4739 meus.
1620 4704 1638 4736 ι
1676 4687 1903 4741 Lectum
1935 4703 2088 4751 vero,

505 4779 566 4827 ut
592 4771 854 4835 arbitror,
890 4772 1128 4842 appellat
1172 4773 1412 4826 divinam
1463 4774 1827 4845 Scriptura—m,
1879 4779 1933 4830 in
1980 4793 2090 4846 qua

504 4871 561 4917 et
593 4877 832 4932 sponsus
863 4870 917 4918 et
945 4878 1147 4934 sponsa
1199 4867 1660 4936 conquiescentes
1693 4876 1890 4922 mutuo
1922 4867 2090 4937 spiri-

505 4954 636 5007 tuali
661 4954 1065 5010 consuetudine
1094 4957 1530 5027 conjunguntur.
1584 4957 1663 5014 Ac
1695 4974 1937 5029 sponsus
1967 4958 2093 5027 qui-

504 5044 625 5100 dem
660 5045 868 5115 praebet
894 5047 1046 5102 verbi
1085 5049 1298 5104 semina
1334 5068 1346 5103 :
1383 5065 1588 5120 sponsa
1619 5061 1803 5105 autem
1833 5049 1923 5103 illa
1968 5064 2094 5105 sus-

580 5237 608 5276 ι)
639 5223 743 5280 Job
775 5243 873 5290 m,
923 5229 967 5283 l.
1044 5241 1073 5280 ιι
1105 5229 1255 5287 Psal.
1293 5247 1406 5286 xvtt
1433 5272 1447 5297 ,
1481 5233 1532 5287 5.

1623 5244 1642 5270 τ
1673 5234 1718 5288 ll
1748 5233 1876 5288 Cor.
1913 5250 1973 5288 ιιι
1995 5275 2008 5296 ,
2041 5233 2132 5287 l8.

2201 4594 2469 4663 ματικοὺς
2496 4591 2692 4654 αὐτοὺς
2720 4589 3065 4661 κτησαμένη,
3098 4589 3175 4651 ὡς
3201 4588 3296 4640 καὶ
3322 4588 3654 4658 περιστερᾶς
3673 4585 3792 4637 ὀνο-

2203 4684 2499 4757 μασθῆναι⁹
2526 4683 2608 4738 διό
2639 4699 2824 4751 φησιν,
2847 4683 2929 4736 ὅτι
2959 4702 2975 4733 ι
3008 4681 3188 4744 Καλὸς
3216 4681 3310 4734 καὶ
3343 4680 3544 4750 ὡραῖος
3579 4681 3606 4731 ὁ
3635 4677 3790 4730 ἀδελ·

2201 4775 2386 4846 φιδοῦς
2416 4793 2539 4847 μου.
2577 4793 2594 4826 ι
2625 4774 2828 4845 Κλίνην
2866 4774 2943 4835 δὲ,
2976 4773 3050 4836 ὡς
3099 4769 3274 4842 οἶμαι,
3304 4771 3402 4842 τὴν
3445 4770 3596 4824 θείαν
3633 4769 3797 4822 καλεῖ

2202 4870 2446 4941 Γραφήν·
2485 4862 2606 4942 ὲνῇ
2641 4870 2751 4922 ὅτε
2796 4867 3030 4938 νυμφίος
3070 4867 3115 4898 ³⁸
3150 4867 3241 4919 καὶ
3286 4867 3320 4935 ὴ
3369 4863 3558 4934 νύμφη
3600 4858 3792 4916 διανα-

2195 4956 2480 5027 παυομένη
2514 4956 2558 4987 ³³
2590 4954 2939 5010 κοινωνοῦσιν
2968 4953 3217 5024 ἀλλήλοις
3247 4953 3391 5005 κατά
3420 4952 3518 5023 τὴν
3543 4968 3794 5022 πνευμα-

2195 5049 2356 5119 τικὴν
2395 5048 2696 5102 κοινωνίαν.
2740 5048 2852 5101 Καὶ⁸
2890 5047 2919 5098 ό
2990 5045 3090 5116 μὲν
3119 5045 3304 5098 δίδωσι
3360 5043 3454 5096 τοῦ
3506 5042 3666 5112 λόγου
3718 5043 3793 5097 τὰ

2210 5245 2230 5269 ﬁ
2264 5233 2279 5286 Ι
2317 5232 2444 5287 Cor.
2483 5249 2542 5298 ll,
2589 5232 2675 5289 10.

1781 5415 2015 5470 νΛῐῖΙιιΕ
2062 5415 2410 5472 LECTIONE
2429 5417 2486 5470 S.

559 5505 712 5580 τίεν.
744 5502 866 5560 cod.
899 5519 1090 5580 praem:
1108 5506 1195 5580 ότι
1228 5505 1343 5580 καί.
1412 5506 1457 5580 ξ’
1489 5503 1964 5580 οοῴπροκρίνων.
2011 5509 2098 5578 ηξ

2200 5526 2325 5580 δύος.
2363 5507 2487 5580 cod.

1496 5571 1799 5650 μεθύσκειξ
1832 5582 1878 5611 ’³
1912 5571 2098 5650 κράτιὲ

2200 5598 2222 5633 ’.
2247 5571 2302 5630 In
2336 5579 2461 5632 cod.
2497 5571 2612 5650 seq:
2653 5573 3110 5650 expositiotrium
3137 5571 3382 5650 Patrium
3460 5573 3505 5602 "’
3544 5572 3598 5650 oi
3629 5573 3784 5627 abest

523 5575 786 5634 actiones.
819 5581 860 5628 t.
901 5575 944 5640 l,
974 5592 1027 5644 p.
1060 5575 1185 5628 749.
1261 5575 1307 5607 ’⁸
1333 5575 1457 5629 cod.

2527 5523 2713 5576 pmem.
2743 5522 2886 5576 aou._
2915 5505 2960 5536 "
2983 5501 3434 5576 τδ-κ-ράτιστον.
3463 5502 3606 5576 Aliae
3628 5513 3787 5576 eratut

504 5645 680 5719 epod.
730 5645 805 5719 _‘3
842 5641 994 5698 ὡσείζ
1029 5645 1152 5719 _cod.
1187 5641 1506 5719 praetinfté.‘
1560 5647 1606 5678 ’ν
1630 5649 1815 5703 αὐτοῦ.
1849 5650 1908 5704 In
1935 5641 2061 5705 eod.

2200 5650 2350 5719 uitur
2381 5641 2653 5719 expositio
2686 5641 2850 5719 trium
2881 5644 3118 5719 νοω-ηπ]⁸
3213 5641 3258 5673 ³ο
3288 5643 3426 5719 πρὸς
3465 5642 3782 5719 -τσύσκιον,

509 5713 692 5790 ilebr:_
729 5713 840 5790 imo
874 5715 1082 5790 sponda
1120 5725 1307 5790 nostra
1341 5716 1526 5771 virens
1562 5732 1604 5775 s.
1635 5720 1852 5789 ﬂorida,
1883 5730 1987 5776 est.
2031 5723 2098 5790 Aq

2200 5712 2470 5788 εὐθαλήςί
2522 5719 2564 5750 ³¹
2597 5717 2720 5772 cod.
2767 5715 3010 5777 σύσκιος.
3078 5713 3119 5744 ³²
3155 5712 3403 5782 νυμφίος.
3432 5714 3558 5769 trod.
3593 5727 3762 5783 pra‘m

505 5786 534 5836 ὁ
649 5784 694 5816 ³³
732 5783 858 5839 cod.
888 5784 1366 5855 διαναπαυόμενοι.
