4088 6414
513 323 577 389 91
1539 328 2026 392 TI-IEODORETI
2054 326 2392 387 EPISCOPI
2413 325 2778 386 CYRENSIS
3712 328 3782 390 92

519 460 538 491 ‹
580 439 924 511 Longitudo,
951 425 1164 511 inquit,
1193 440 1340 504 vitae,
1375 448 1432 495 ct
1459 441 1590 496 anni
1625 442 1754 497 vita:
1781 441 1837 495 in
1869 440 2096 495 dextera
2127 487 2133 498 .

2169 489 2171 497 λ
2204 437 2342 509 μὼν,
2374 438 2456 489 ὅτι
2495 455 2514 486 ι
2541 437 2730 506 Μῆκος
2775 435 2913 504 βίου,
2951 434 3045 490 καὶ
3088 433 3182 506 έτη
3225 436 3392 507 ζωῆς,
3431 438 3490 490 ἐν
3520 439 3586 508 τῇ
3634 439 3783 510 δεξιᾷ

513 531 636 596 ejus
667 549 678 584 :
714 532 768 585 in
799 531 1026 586 sinistra
1058 538 1240 585 autem
1273 529 1420 584 illius
1454 529 1626 584 diviti;
1667 552 1736 582 «ιι
1754 529 1931 600 gloria
1966 527 2038 582 «ι’.
2072 547 2089 580 ι

2199 529 2368 597 αὐτῆς
2389 545 2401 558 ·
2448 531 2507 582 ἐν
2531 527 2588 580 δέ
2611 530 2676 597 τῇ
2705 527 2968 598 ἀριστερᾷ
3001 528 3169 598 αὐτῆς
3194 526 3424 590 πλοῦτος
3462 529 3557 581 καὶ
3588 527 3737 592 δόξα.
3759 549 3777 580 ι

518 623 589 675 lit
623 623 693 676 de
734 623 997 694 amplexu
1062 624 1116 677 in
1181 621 1500 678 Proverbiis
1558 621 1768 675 dictum
1800 630 1885 676 est
1923 621 2094 676 illud:

2201 620 2311 674 Kal.
2337 619 2464 688 περὶ
2493 619 2589 688 τῆς
2617 617 2964 688 περιλήψεως
2993 615 3154 670 πάλιν
3181 614 3330 668 ἐστιν
3365 617 3548 685 εὑρεῖν
3577 618 3634 668 ἐν
3662 619 3783 681 ταῖς

519 732 536 763 ι
593 711 768 784 Diligo
812 728 969 780 eam,
1021 723 1075 766 et
1111 712 1468 769 conservabit
1523 719 1625 767 te:
1669 711 1957 766 circumda
1991 711 2102 782 58

2201 711 2531 781 Παροιμίαις
2582 709 2870 780 εἰρημένον
2916 708 2978 760 τὸ
3001 707 3070 770 ⁸⁸,
3127 706 3420 778 Ἐράσθητι
3452 707 3646 778 αὐτῆς,
3691 710 3785 763 xal.

517 809 693 868 illam,
727 817 784 862 et
838 807 1104 862 exaltabit
1146 813 1240 872 te;
1290 806 1506 861 honora
1549 805 1726 870 illam,
1765 814 1824 858 ut
1861 812 1915 860 te
1947 821 2100 859 com-

2199 804 2429 874 τηρήσει
2463 820 2545 855 σε’
2582 801 3036 872 περιχαράκωσον
3066 799 3261 869 αὐτὴν,
3301 801 3396 852 καὶ
3433 799 3640 869 ὑψώσει
3684 819 3743 854 σε
3769 817 3782 832 ·

517 898 791 964 plectatur
829 909 876 952 ο.
917 918 936 949 ι
977 897 1056 952 Ex
1087 896 1175 954 his
1203 912 1338 965 ergo
1380 898 1522 952 locis
1583 896 1874 952 discamus
1931 895 2098 950 etiam

2199 897 2432 965 τίμησον
2461 895 2651 964 αὐτὴν,
2687 894 2774 946 't'va
2805 910 2865 945 σε
2897 891 3188 965 περιλάϐῃ.
3219 911 3238 944 ι
3289 891 3570 946 Ἐντεῦθεν
3606 893 3787 946 τοίνυν

516 991 608 1044 illa
641 991 816 1060 magis
845 989 1154 1045 secundum
1186 989 1444 1059 spiritum
1471 988 1801 1058 intelligere,
1822 994 1880 1040 ut
1897 986 2101 1055 ample-

2201 987 2299 1048 τὰς
2350 985 2605 1056 ἀφορμὰς
2651 984 2938 1050 λαϐόντες,
2985 983 3510 1054 πνευματικώτερω
3559 985 3787 1038 κάκεῖνα

517 1097 647 1134 xum
702 1081 879 1135 divini
930 1079 1188 1154 Verbi'et
1239 1079 1342 1150 piae
1396 1079 1598 1134 animae
1647 1077 2100 1148 conjunctionem

2201 1079 2506 1147 νοήσωμεν,
2546 1073 2642 1128 τοῦ
2671 1075 2817 1129 θείου
2852 1075 3012 1144 λόγου
3039 1077 3135 1129 καὶ
3167 1075 3268 1145 τῆς
3312 1075 3572 1139 εὐσεϐοῦς
3608 1075 3789 1146 ψυχῆς

515 1189 640 1229 esse
699 1173 1022 1230 credamus.
1087 1173 1308 1227 Laevum
1363 1180 1548 1228 autem
1588 1178 1643 1226 et
1687 1171 1941 1225 dextrum
1982 1178 2098 1222 uta

2203 1164 2341 1220 εἶναι
2375 1167 2658 1220 κοινωνίαν
2701 1166 3056 1231 πιστεύοντες
3093 1169 3194 1238 τὴν
3244 1167 3589 1240 καλουμένην
3629 1169 3790 1240 περί-

516 1266 684 1320 nobis
729 1273 1010 1334 sumptum
1049 1264 1286 1333 intelligi
1336 1263 1521 1319 debet.
1566 1261 1724 1326 Quod
1767 1260 1986 1329 quidem
2034 1274 2104 1313 ne

2203 1259 2365 1329 ληψιν
2389 1275 2402 1288 ·
2453 1259 2548 1313 καὶ
2580 1259 2641 1312 τὸ
2669 1258 2947 1329 εὐώνυμον
2968 1259 3026 1312 δέ
3050 1262 3146 1315 καὶ
3177 1260 3373 1325 δεξιὸν,
3402 1261 3478 1326 ώς
3509 1262 3603 1331 ἀφ’
3631 1262 3791 1334 ἡμῶν

518 1357 641 1411 sine
687 1357 1164 1426 contemplatione
1207 1364 1628 1424 praetereamus,
1659 1351 2104 1407 animadverten-

2204 1351 2429 1422 ληφθὲν,
2457 1351 2694 1421 νοητέον.
2724 1352 2844 1404 Ἵνα
2870 1350 2928 1404 δέ
2957 1352 3032 1423 μὴ
3065 1351 3378 1423 ἀθεώρητον
3407 1353 3542 1406 αὐτὸ
3573 1353 3794 1408 καταλί-

517 1447 648 1503 dum
676 1459 782 1512 est,
821 1446 993 1502 Deum
1036 1447 1122 1501 vel
1154 1445 1428 1500 beneficia
1459 1442 1749 1504 conferre,
1778 1441 1862 1495 vel
1889 1440 2104 1510 suppli-

2208 1462 2416 1516 πωμεν,
2439 1443 2642 1498 οὑτωσὶ
2667 1445 2968 1516 νοήσωμεν.
3005 1446 3333 1516 Εὐεργετεῖν
3360 1443 3468 1500 οἶδε
3495 1447 3591 1501 καὶ
3628 1446 3792 1500 κολά-

517 1538 623 1592 ciis
647 1538 886 1598 adicere,
919 1553 1019 1608 pro
1047 1537 1320 1608 cujusque
1344 1535 1579 1589 meritis.
1608 1533 1717 1586 Pro
1746 1531 1970 1586 dextera
2002 1530 2101 1601 igi-

2207 1537 2322 1601 ζειν
2359 1540 2388 1590 ό
2425 1538 2578 1600 Θεὸς,
2624 1539 2737 1601 τοῖς
2769 1536 2942 1601 ἀξίοις
2990 1538 3281 1607 ἀπονέμων
3329 1538 3637 1608 ἀμφότερα.
3681 1539 3793 1609 Τὴν

519 1639 610 1683 tur
661 1629 1105 1694 beneﬁcentiam,
1140 1645 1238 1698 pro
1287 1627 1513 1682 sinistra
1563 1623 1903 1694 supplicium
1954 1623 2103 1677 acci-

2209 1629 2567 1700 εύεργετικὴν
2599 1629 2780 1682 τοίνυν
2802 1629 2964 1701 χάριν
2990 1630 3082 1682 ἐπὶ
3121 1629 3222 1699 τῆς
3259 1630 3442 1695 δεξιᾶς
3474 1631 3791 1702 νοήσαντες,

521 1722 771 1790 pientes,
823 1737 1087 1791 sponsam
1146 1720 1439 1774 audiamus
1501 1733 1620 1788 qua
1668 1717 1838 1770 dicit:
1885 1736 1903 1766 ‹
1945 1715 2102 1769 Laeva

2208 1721 2310 1790 τὴν
2329 1721 2385 1773 δέ
2414 1721 2747 1790 κολαστικὴν
2778 1721 2871 1774 ἐπὶ
2893 1722 2994 1792 τῆς
3017 1722 3320 1792 εὐωνύμου,
3343 1720 3667 1792 ἀκούσωμεν
3696 1724 3795 1794 τῆς

517 1812 643 1880 ejus
672 1813 776 1866 sub
806 1813 988 1880 capite
1027 1826 1190 1876 meo;
1232 1829 1250 1860 ι
1290 1810 1396 1863 hoc
1426 1817 1511 1862 est
1535 1847 1550 1870 ,
1589 1807 1884 1876 suppliciis
1939 1806 2105 1860 altior

2182 1807 2425 1880 ’νύμφης
2482 1809 2786 1880 λεγούσηςο
2862 1831 2879 1862 ι
2913 1812 3209 1883 Εὐώνυμος
3264 1812 3431 1866 αὐτοῦ
3483 1814 3576 1866 ἐπὶ
3610 1815 3656 1846 ⁸⁸
3695 1793 3796 1884 την

519 1922 670 1968 sum,
699 1922 881 1974 neque
908 1905 1020 1959 illis
1060 1903 1352 1973 subjicior,
1401 1901 1528 1970 quia
1562 1916 1689 1954 cum
1721 1915 1930 1970 sponso
1968 1915 2105 1954 con-

2210 1901 2455 1970 κεφαλήν
2479 1918 2578 1970 μου
2606 1918 2620 1932 ο
2652 1921 2670 1952 ι
2706 1902 3004 1967 τουτέστιν,
3038 1906 3184 1958 Ἀνω
3215 1904 3332 1975 εἰμὶ
3361 1905 3470 1958 τῶν
3496 1906 3794 1970 κολάσεων,

515 1997 709 2066 juncta
738 2011 883 2055 sum.
919 2003 1088 2064 atque
1120 1993 1274 2046 illum
1323 1992 1571 2046 studiose
1612 1991 1873 2046 observo.
1917 2008 1936 2040 ι
1975 1988 2110 2045 Dex-

2211 1992 2311 2061 οὐχ
2344 1991 2644 2062 ὐπόκειμαι
2679 1993 2928 2057 ταύταις,
2977 1993 3068 2048 διὰ
3094 1995 3156 2048 τὸ
3179 1995 3258 2066 τῷ
3301 1997 3522 2068 νυμφίῳ
3563 1997 3801 2067 πλησιάο

521 2099 637 2141 tera
687 2087 838 2140 illius
895 2083 1313 2154 amplexabitur
1345 2098 1477 2137 me:
1526 2101 1546 2132 ι
1585 2082 1638 2136 id
1680 2089 1785 2146 est,
1821 2081 2110 2136 beneﬁciis

2213 2099 2326 2145 σαι,
2364 2083 2457 2136 καὶ
2485 2083 2587 2153 τῆς
2617 2084 2911 2155 θεραπείας
2941 2085 3107 2140 αὐτοῦ
3133 2087 3438 2158 φροντίσαι.
3494 2107 3512 2140 ι
3555 2089 3619 2142 Ἦ
3647 2087 3800 2153 δεξιὰ

516 2182 636 2236 suis
674 2197 758 2234 me
789 2180 1109 2241 exornabit,
1157 2193 1221 2231 ac
1256 2178 1426 2233 veluti
1458 2178 1828 2246 amplectens,
1863 2184 1920 2230 et
1953 2192 2107 2231 com—

2211 2174 2378 2228 αὐτοῦ
2411 2175 2769 2246 περιλήψεταί
2811 2196 2878 2247 με
2920 2178 2988 2243 ⁵⁸,
3015 2197 3034 2231 ι
3072 2180 3195 2232 ἀντὶ
3221 2179 3349 2243 τοῦ,
3398 2181 3531 2244 Ταῖς
3575 2181 3803 2251 εὐεργεο

517 2274 888 2347 prehendens,
939 2283 996 2328 et
1051 2271 1394 2327 desiderium
1454 2285 1639 2324 meum
1679 2269 1956 2339 explens,
2023 2283 2110 2322 me

2215 2268 2360 2331 σίαις
2385 2267 2552 2321 αὐτοῦ
2597 2271 3011 2340 κατακοσμήσει
3043 2289 3131 2342 με,
3169 2276 3263 2326 καὶ
3294 2272 3500 2326 τούτων
3528 2273 3801 2343 ἐμπλήσει

517 2369 628 2423 illis
652 2367 984 2422 cumulahit.
1020 2365 1135 2421 lloc
1166 2374 1353 2420 autem
1377 2374 1432 2420 et
1460 2364 1658 2418 beatus
1685 2363 1893 2418 Paulus
1923 2369 2109 2417 osten~

2216 2376 2308 2428 με,
2354 2361 2519 2413 οἱονεὶ
2547 2362 3052 2434 περιπτυσσόμενος
3084 2364 3178 2417 καὶ
3221 2363 3664 2436 περιλαμϐάνων,
3702 2364 3803 2418 καὶ

516 2461 677 2525 dens,
712 2477 730 2509 ι
765 2459 879 2522 Sic,
911 2458 1010 2520 ait,
1059 2471 1280 2525 semper
1315 2470 1442 2508 cum
1473 2453 1708 2509 Domino
1734 2453 1946 2507 erimus
1990 2451 2035 2506 τ.
2087 2469 2106 2502 ι

2213 2449 2312 2520 τὴν
2340 2449 2479 2521 ἐμὴν
2508 2453 2807 2522 ἐπιθυμίαν
2851 2453 3096 2524 πληρῶν.
3139 2455 3309 2508 Τοῦτο
3343 2455 3401 2508 δέ
3435 2456 3528 2509 καὶ
3556 2459 3585 2509 ό
3621 2458 3805 2526 μακά-

517 2553 696 2622 Atque
728 2551 942 2604 utinam
974 2564 1077 2604 nos
1111 2562 1336 2617 quoque
1367 2547 1623 2600 ultricem
1654 2545 1776 2614 ejus
1807 2544 2111 2614 potentiam

2219 2559 2335 2613 ριος
2363 2543 2575 2607 Παῦλος
2601 2545 2930 2616 παραδηλῶν
2961 2547 3164 2616 ἔλεγεν,
3197 2548 3280 2601 ὅτι
3313 2568 3330 2598 ι
3356 2548 3544 2613 Οὐτως
3568 2549 3805 2602 πάντοτε

519 2641 747 2695 minime
790 2639 1172 2708 experiamur,
1229 2649 1334 2690 nec
1386 2633 1689 2702 supplicia.
1727 2648 1850 2702 quae
1882 2630 2115 2686 commi-

2217 2633 2314 2686 σὺν
2371 2634 2561 2706 Κυρίῳ
2610 2636 2874 2707 ἐσόμεθα.
2907 2656 2925 2690 ι
2991 2638 3208 2692 Γένοιτο
3257 2639 3352 2692 καὶ
3405 2641 3552 2709 ἡμᾶς
3603 2642 3807 2709 πεῖραν

519 2743 708 2794 natur,
734 2731 1134 2801 degustemus:
1170 2727 1267 2781 sed
1299 2725 1464 2780 donis
1503 2733 1558 2778 et
1599 2723 1952 2787 muneribus,
1991 2736 2114 2791 qua:

2220 2725 2318 2795 μέν
2340 2725 2384 2756 ⁵⁷
2437 2729 2536 2798 τῆς
2570 2727 2900 2799 πλαστικῆς
2946 2729 3112 2782 αὐτοῦ
3149 2730 3429 2801 δυνάμεως
3469 2731 3544 2800 μὴ
3589 2729 3804 2794 λαϐεῖν,

520 2824 810 2896 pollicitus
850 2830 958 2886 est,
1010 2819 1387 2890 perfruamur,
1420 2832 1519 2885 per
1545 2816 1781 2885 gratiam
1819 2823 1986 2884 atque
2018 2817 2113 2868 be-

2220 2817 2356 2886 μηδέ
2387 2819 2686 2886 γεύσασθαι
2716 2819 2825 2872 τῶν
2857 2821 3056 2890 ὴπειλη
3068 2823 3244 2892 μένων
3273 2823 3578 2893 τιμωριῶν,
3611 2823 3720 2875 τῶν
3748 2823 3807 2876 δὲ

518 2916 853 2986 nignitatcm
904 2913 1082 2982 ipsius
1133 2910 1326 2980 sponsi
1377 2907 1585 2963 Christi
1639 2904 1854 2960 Domini
1909 2905 2109 2966 nostri,

2217 2908 2646 2978 ἐπηγγελμένων
2694 2910 3002 2964 ἀπολαῦσαι
3054 2912 3294 2982 δωρεῶν,
3344 2913 3528 2984 χάριτι
3559 2913 3654 2966 καὶ
3684 2913 3806 2981 φιλ-

521 3008 611 3061 cui
667 3005 847 3076 gloria
898 3014 953 3058 et
1004 3003 1299 3074 imperium
1359 3001 1416 3054 in
1476 2997 1680 3052 saecula
1752 2997 2108 3052 saeculorum.

2217 2997 2504 3068 ανθρωπίᾳ
2527 2998 2621 3051 τοῦ
2648 3001 2885 3071 νυμφίου
2916 3003 3152 3073 Χριστοῦ
3191 3001 3287 3055 τοῦ
3315 3001 3520 3074 Κυρίου
3550 3001 3732 3073 ἡμῶν,

522 3101 716 3154 Amen,
2219 3088 2251 3156 ἡ
2287 3086 2414 3153 δόξα
2466 3089 2561 3142 καὶ
2611 3089 2672 3142 τὸ
2719 3091 2918 3163 κράτος
2944 3094 2996 3124 ⁵⁸
3033 3095 3114 3158 είς
3158 3095 3284 3158 τούς
3328 3093 3530 3157 αἰῶνας
3575 3092 3683 3146 τῶν
3724 3096 3812 3148 αἱω

2219 3179 2389 3236 ώνων.
2438 3181 2493 3233 Ἀ
2504 3182 2633 3252 μήν.

597 3347 830 3404 δῬι-ον.
853 3363 940 3414 ιιι,
985 3347 1070 3402 16.
1155 3359 1178 3387 ο
1223 3345 1388 3400 Prov.
1419 3360 1495 3405 Iv,
1531 3344 1586 3396 tl.
1671 3342 1689 3380 τ
1731 3338 1982 3396 lThcss.
2017 3355 2092 3401 Iv,
2124 3339 2210 3393 l7.

1841 3501 2079 3557 VARIAB
2119 3493 2530 3554 LECTIONES.

623 3621 765 3674 ἰτό.
809 3620 978 3676 Abest
1005 3635 1034 3673 a
1071 3618 1196 3674 cod.
1275 3619 1322 3651 ⁸⁸
1360 3618 1475 3671 ἐπί.
1512 3618 1638 3673 cod.
1669 3617 1792 3672 ὐπό.
1861 3615 1906 3646 ⁵⁸
1947 3614 2036 3685 μέ.
2071 3613 2226 3666 abest
2258 3625 2288 3663 a
2327 3607 2449 3662 cod.
2501 3609 2547 3640 "
2587 3609 2708 3680 μέν.
2744 3611 2901 3666 abest
2940 3626 2970 3665 a
3006 3610 3127 3666 cod.
3182 3611 3230 3643 ⁵⁸
3251 3605 3639 3681 τοῦ-κράτος.
3675 3625 3818 3666 ceu.

531 3691 650 3764 μεθ’
679 3685 739 3746 οὐ
764 3692 841 3764 τῷ
871 3689 1044 3762 Πατρὶ
1074 3693 1108 3761 ἡ
1138 3689 1268 3756 δόξα
1291 3690 1388 3743 σὺν
1413 3687 1554 3759 ἁγίῳ
1589 3687 1888 3756 Πνεύματι.
3326 3690 3332 3696 ‘

533 3883 3113 3912 ...ι-..ΗΜ

1397 4032 1507 4106 59
1601 4039 2046 4130 ΛΟΓΟΣ
2198 4039 2922 4131 ΔΕΥΤΕΡΟΣ.

2125 4258 2200 4270 σ-

1629 4403 1990 4517 LIBER
2043 4403 2714 4495 SECUNDUS.

603 4746 766 4802 Vens.
805 4751 860 4803 Ἰ.
905 4750 1168 4819 Adjuravi
1225 4767 1351 4814 vos,
1383 4751 1514 4821 ﬁlia:
1571 4749 1982 4822 Hierosolymw,
2021 4767 2188 4834 perc
2289 4752 2355 4817 ξ’.
2406 4752 2661 4816 Ὠρκισα
2711 4751 2886 4821 ὑμᾶς,
2937 4753 3258 4823 θυγατέρες
3312 4755 3710 4824 Ἰερουσαλὴμ
3748 4759 3840 4824 ⁸⁵9,

529 4848 794 4916 potentias
829 4855 878 4899 et
909 4847 1045 4899 vires
1077 4845 1234 4914 agri,
1273 4844 1322 4897 si
1369 4845 1758 4898 suscitaveritis
1791 4855 1842 4899 et
1873 4845 2115 4899 exsusci-
2217 4846 2288 4898 ἐν
2331 4843 2626 4914 δυνάμεσι
2674 4845 2771 4898 καὶ
2828 4847 3114 4915 ἰσχύσεσι
3163 4847 3271 4901 τοῦ
3326 4848 3550 4917 ἀῃοοῦ,
3614 4850 3728 4902 ἐὰν
3783 4855 3838 4881 ⁸⁸³

531 4939 766 4993 ιαοενίιίε
800 4935 1143 5000 εΙιανὶιαιεηι,
1173 4933 1337 4985 donec
1385 4933 1628 4987 voluerit.
1671 4933 1777 5000 Qui
1813 4931 2114 5003 corporum
2218 4937 2484 5008 ἐγείρητε
2503 4938 2547 4970 ⁶¹
2601 4939 2700 4993 καὶ
2752 4937 3087 5009 ἐξεγείρητε
3134 4939 3250 5006 τὴν
3297 4941 3563 5010 ἀγάπην,
3627 4942 3749 5010 ἕως
3783 4944 3840 4978 ⁸⁹

529 5047 716 5085 amore
737 5029 883 5099 capti
926 5034 1082 5090 sunt,
1114 5033 1174 5079 ut
1209 5025 1320 5080 illis
1353 5041 1478 5096 qua:
1517 5035 1714 5096 optant
1751 5027 1856 5096 ipsi
1897 5028 2117 5097 potian-
2220 5029 2478 5098 θελήσῃ.
2531 5031 2594 5083 Οἱ
2639 5031 2737 5102 μὲν
2771 5031 3041 5101 σωμάτων
3083 5032 3340 5103 ἐρῶντες,
3392 5033 3545 5104 μόνοι
3571 5034 3681 5088 τῶν
3713 5055 3834 5090 πο-

530 5131 620 5174 tur
655 5121 782 5186 soli,
827 5118 1078 5174 studiose
1107 5124 1329 5181 curant,
1364 5124 1536 5186 atque
1559 5116 1628 5170 ab
1666 5119 1866 5173 amatis
1887 5117 2118 5172 tumulos
2224 5121 2506 5192 οουμένων
2543 5122 2842 5178 ἀπολαύειν
2886 5124 3247 5190 σπουδάζουσι
3275 5143 3288 5155 ο
3337 5127 3465 5191 τοὺς
3503 5127 3562 5181 δέ
3610 5145 3848 5200 πειρω-

530 5214 661 5268 lotis
713 5211 927 5264 viribus
985 5213 1263 5260 conantur
1329 5223 1560 5274 arcere;
1622 5217 1678 5262 at
1731 5211 1824 5278 qui
1883 5211 2115 5280 spiritus
2226 5215 2425 5284 μένους
2466 5215 2749 5288 λῃστεύειν
2797 5216 2896 5280 τὰς
2950 5218 3132 5286 σφίσιν
3183 5219 3367 5283 αὐτοῖς
3421 5221 3848 5291 ἀνακειμένας,

528 5317 717 5356 amore
750 5307 881 5354 sunt
929 5296 1278 5360 inﬂammati,
1329 5297 1540 5368 Deique
1581 5307 1843 5356 tenentur
1889 5301 2113 5357 deside-
2224 5306 2365 5375 μετὰ
2410 5307 2615 5378 πολλῆς
2662 5307 3030 5362 ἀπελαύνουσι
3079 5309 3178 5378 τῆς
3226 5311 3611 5382 σφοδρότητος.
3659 5309 3735 5366 Οἱ
3775 5316 3854 5369 δὲ

532 5395 634 5457 rio,
687 5394 878 5448 eadem
937 5391 1153 5445 ﬂamma
1184 5407 1375 5448 omnes
1411 5401 1472 5446 ut
1509 5393 1764 5449 homines
1805 5395 2111 5449 incendan-
2220 5399 2610 5469 πνευματικῶς
2634 5400 2892 5471 ἐρῶντες,
2923 5402 3018 5454 καὶ
3045 5401 3133 5454 τὸν
3162 5401 3295 5454 Θεὸν
3324 5401 3640 5468 ποθοῦντες,
3675 5406 3856 5460 πάν-

1777 5511 2013 5568 ΥΑΠΙᾸ]
2058 5512 2470 5572 LECTIONES.

557 5605 612 5683 _"'-‘
644 5602 969 5688 ἐν-ἁ-ιςροῦ.
1000 5601 1157 5656 Hebr.
1203 5620 1557 5688 pcr_c:_lpreas
1597 5615 1690 5688 aut
1709 5624 1804 5676 per
1823 5625 2016 5688 cervas
2042 5613 2180 5688 agri.
2244 5613 2420 5688 θίξέάν.
2462 5614 2625 5669 Hebr.
2653 5615 2814 5688 ειμι.
2849 5639 2883 5668 ι.
2905 5649 2942 5669 ..
2965 5631 3020 5684 q.
3054 5632 3407 5688 nequaquam,
3432 5625 3492 5672 ut
3521 5617 3573 5672 in
3601 5616 3759 5672 form
3774 5640 3858 5677 1:-

643 5674 1400 5760 jirra‘inli'l’s.'t.xxmx,Et},
1434 5693 1556 5760 xcv:
1595 5674 1927 5760 “nexam,
1959 5681 2017 5760 ὅ,
2054 5674 2116 5743 ί,
2161 5691 2214 5760 gl
2255 5683 2570 5740 (Succorum
2620 5689 2690 5748 εἰ,
2729 5685 2896 5739 Marc.
2937 5674 3054 5750 νιίι,
3096 5674 3176 5740 P2.
3238 5674 3250 5688 ’
3283 5691 3321 5719 ⁶¹
3349 5674 3470 5743 cod.
3530 5674 3860 5760 ἐγείρητᾶι

539 5753 594 5798 et
625 5738 824 5799 deinde
854 5743 1215 5816 ἐξεγείρητοει.
1257 5738 1262 5740 Ἴ
1288 5749 1331 5779 ⁶¹
1357 5738 1483 5811 ἕως.
1513 5746 1644 5802 lico.
1672 5738 1849 5805 vlcrlio
1881 5738 1963 5807 ost
1996 5738 2212 5815 ἓωςόῧ.
2425 5738 2464 5740 Ἡ
2678 5738 2689 5748 ⁷
2733 5738 2740 5739 ί
2861 5738 2894 5739 Π
3044 5738 3054 5750 ’
3131 5738 3176 5740 ἡ
3358 5738 3468 5743 τῇ.
3534 5738 3546 5740 -
3571 5738 3582 5756 ’
