4088 6426
317 378 380 442 ει
1432 385 1517 445 IN
1538 386 1925 448 CANTICUM
1960 390 2250 452 CANTIC.
2285 396 2430 457 LIB.
2458 397 2538 457 II.
3527 391 3596 458 94

316 506 407 554 τις
427 490 755 561 ἀνθρωπους
786 495 1132 564 κοινωνῆσαι
1171 498 1360 561 αυτοῖς
1380 497 1474 550 τοῦ
1500 501 1722 570 φίλτρου
1747 516 1923 570 παρα-

2029 510 2139 569 tur,
2169 516 2453 577 exoptant.
2510 508 2880 576 Quamobrem
2919 516 2973 565 et
3008 524 3063 563 m
3089 509 3325 562 Canttco
3354 503 3596 559 cantico-

319 580 551 634 καλοῦσι.
601 581 695 633 Διὸ
742 581 843 635 καὶ
892 585 958 635 ἐν
1007 583 1095 654 τῷ
1143 585 1393 657 ’ᾼσματι
1435 588 1545 641 τῶν
1588 588 1848 660 ᾀσμάτων
1886 590 1920 660 ή

2027 608 2147 647 rum
2176 610 2299 648 eum
2335 613 2536 667 sponsa
2585 598 2776 669 sponsi
2818 600 3169 668 complexum
3221 596 3595 665 exposuisset,

319 672 489 741 νύμφη
515 671 910 744 διηγησαμένη
944 675 1055 745 τὴν
1080 676 1183 729 τοῦ
1216 680 1457 748 νυμφίου
1490 680 1807 752 περίληψιν,
1838 682 1920 735 ὅτι

321 784 337 815 ι
357 762 636 832 Εὐώνυμος
663 763 845 816 αὐτοῦ
876 766 997 819 ὑπὸ
1027 766 1134 838 τὴν
1160 769 1410 839 κεφαλήν
1437 788 1560 840 μου,
1592 792 1609 821 ι
1646 774 1744 825 καὶ
1771 775 1923 844 εἰρη-

312 857 450 919 tota,
498 856 644 909 «καὶ
693 858 727 926 ἡ
779 856 949 922 δεξιὰ
1002 859 1179 913 αὐτοῦ
1228 862 1593 933 περιλήψεταί
1628 880 1717 933 με,
1749 882 1768 915 ι
1824 864 1922 916 οὐκ

307 947 543 1015 ἀνέχεται
578 948 719 1016 μόνη
770 949 1079 1022 ὲντρυφᾷν
1123 950 1205 1021 τῷ
1235 952 1475 1022 νυμφίῳ,
1526 954 1646 1006 οὐδὲ
1674 955 1922 1025 ἀποχρῇν

304 1038 500 1105 ἡγεῖται
528 1036 672 1109 μόνῃ
694 1038 814 1091 τῶν
846 1042 1031 1112 ἱερῶν
1053 1044 1290 1098 ἐκείνων
1322 1045 1617 1099 ἀπολαύειν
1639 1033 1919 1115 ἀγκαλῶν,

2027 1048 2408 1117 complexibus
2462 1048 2783 1118 perfruatur
2817 1067 2829 1102 :
2862 1048 2956 1103 sed
2996 1062 3190 1102 omnes
3234 1045 3434 1101 invitat
3467 1043 3598 1098 ado-

300 1128 422 1181 an
451 1128 548 1181 καὶ
573 1128 681 1192 τὰς
709 1130 992 1196 νεάνιδας
1033 1135 1359 1206 παρακαλεῖ
1380 1152 1400 1166 ο
1433 1136 1493 1188 οὐ
1530 1136 1840 1205 παρακαλεῖ
1866 1138 1923 1191 δὲ

2027 1135 2381 1206 lescentulas,
2426 1157 2608 1211 neque
2656 1149 2871 1195 tantum
2901 1141 3118 1207 invitat,
3170 1139 3267 1195 sed
3311 1137 3480 1207 cogit,
3533 1150 3599 1191 ac

302 1220 466 1288 μόνον,
501 1219 647 1275 ἀλλὰ
693 1224 802 1276 καὶ
840 1223 1136 1294 βιάζεται,
1170 1228 1269 1281 καὶ
1315 1228 1565 1297 ἀνάγκην
1614 1227 1923 1299 ἐπιτίθησιν

2027 1232 2384 1302 jurisjurandi
2436 1233 2734 1304 obstringit
2793 1233 3147 1293 necessitate,
3196 1241 3253 1284 ut
3325 1229 3599 1284 suscitent

297 1310 466 1381 ὅρκου,
494 1311 586 1366 ίνα
609 1313 896 1385 ἐγείρωσι
948 1318 1057 1371 καὶ
1078 1318 1403 1388 ἑξεγείρωσι
1428 1321 1529 1390 τὴν
1548 1321 1794 1393 ἀγάπην,
1817 1323 1923 1385 ἕως

2027 1332 2190 1394 atque
2220 1325 2570 1379 exsuscitent
2604 1324 2954 1388 charitatem,
2990 1322 3180 1393 quoad
3213 1334 3452 1390 sponsus
3480 1321 3600 1388 ipse

297 1398 357 1453 ἂν
392 1402 424 1453 δ
461 1403 710 1473 νυμφίος
759 1403 1053 1479 ἐθελήσῃ.
1102 1408 1424 1481 Θυγατέρας
1472 1410 1530 1464 δὲ
1570 1411 1923 1484 Ἰερουσαλὴμ

2027 1412 2449 1472 voluerit.'.Has
2484 1423 2668 1471 autem
2705 1413 2948 1485 appellat
3005 1411 3146 1467 ﬁlias
3182 1408 3597 1478 Hierosolyma),

298 1493 527 1562 δηλονότι
555 1497 663 1566 τῆς
686 1499 1059 1571 ἐπουρανίου
1095 1502 1300 1565 ταύτας
1330 1502 1721 1575 προσαγορεύει
1745 1522 1760 1536 ·
1794 1504 1923 1575 περὶ

2027 1506 2274 1562 caelestis
2316 1505 2470 1561 illius
2520 1504 2806 1567 nimirum,
2841 1502 2911 1557 de
2955 1516 3064 1572 qua
3113 1501 3308 1555 beatus
3346 1496 3596 1550 Paulus:

298 1580 359 1657 ἧς
383 1586 413 1639 ὅ
444 1589 720 1659 μακάριος
756 1591 999 1656 Παῦλός
1026 1610 1202 1663 φησιν
1223 1610 1238 1624 ·
1276 1614 1295 1647 ι
1332 1596 1397 1649 Ἦ
1422 1596 1477 1650 δὲ
1505 1597 1618 1649 ἄνω
1653 1597 1923 1667 Ἰερουσα-

2030 1617 2051 1673 ι
2091 1597 2223 1664 Quae
2271 1605 2455 1652 autem
2502 1611 2723 1652 sursum
2774 1603 2882 1659 est,
2941 1592 3143 1662 inquit,
3193 1588 3597 1658 Hierosolyma,

299 1679 404 1749 λὴμ
423 1680 686 1751 ἐλευθέρα
712 1684 910 1747 ἐστὶν,
941 1684 1076 1755 ἥτις
1100 1686 1219 1739 ἐστὶ
1242 1688 1427 1759 μήτηρ
1453 1689 1670 1742 πάντων
1693 1690 1725 1759 ἡ
1733 1687 1870 1758 μῶν.
1897 1707 1916 1759 t_

2027 1689 2199 1745 libera
2242 1701 2349 1756 est,
2390 1680 2519 1759 qua:
2567 1697 2654 1743 est
2702 1696 2880 1742 mater
2912 1686 3156 1741 omnium
3196 1691 3451 1738 nostrum
3484 1682 3530 1735 ε.
3574 1698 3598 1732 ν

312 1770 500 1842 Ἀγρὸν
542 1772 600 1826 δὲ
642 1773 746 1827 τὸν
783 1776 1017 1847 κόσμον
1054 1778 1315 1849 ὀνομάζει
1339 1799 1353 1811 ·
1408 1780 1550 1835 οὕτω
1596 1782 1705 1852 γὰρ
1750 1782 1845 1835 καὶ
1895 1782 1923 1833 ὀ

2027 1782 2230 1851 Agrum
2265 1794 2396 1834 vero
2428 1778 2693 1833 mundum
2719 1786 2900 1831 vocat.
2921 1774 3012 1829 Sic
3041 1774 3188 1828 extim
3224 1781 3279 1827 et
3304 1771 3598 1831 Dominus,

300 1826 496 1932 Κύριος
539 1866 599 1914 ὲν
642 1867 771 1924 τοίς
826 1826 1014 1937 ίεεζοῖς
1059 1826 1417 1937 mergam;
1463 1826 1563 1939 τῆἶδ
1606 1826 1922 1941 παραϐολὴν

2027 1826 2230 1851 --ο--η-
2276 1826 2393 1834 .--ν
2428 1826 2693 1833 ..-ν-η---
3180 1826 3183 1827 ν
3235 1826 3245 1827 κ
3584 1826 3594 1831 ,

2027 1873 2080 1926 in
2110 1871 2287 1926 sacris
2312 1870 2627 1941 Evangeliis
2660 1868 2979 1939 parabolam
3010 1880 3293 1935 exponens
3329 1883 3342 1917 :
3385 1881 3402 1912 ι
3432 1863 3598 1930 Ager,

307 1951 613 2022 ἑρμηνεύων
662 1956 874 2024 φησιν,
924 1957 1019 2010 ὅτι
1079 1976 1099 2007 ι
1142 1959 1338 2029 Ἀγρός
1385 1961 1535 2013 ἐστιν
1573 1956 1601 2012 ὅ
1640 1961 1863 2028 κόσμος.
1897 1977 1915 2011 ι

2027 1962 2247 2033 inquit,
2295 1971 2381 2017 est
2432 1961 2672 2016 mundus
2701 1960 2753 2013 ιι.
2796 1979 2814 2010 ι
2849 1959 2918 2011 At
2948 1956 3226 2027 potentias
3267 1962 3321 2008 et
3374 1951 3602 2005 fortitu-

312 2045 562 2115 Δυνάμεις
606 2046 670 2099 δὲ
698 2047 807 2099 καὶ
844 2048 1055 2118 ίσχύας
1086 2050 1261 2120 ἀγροῦ
1295 2050 1394 2114 τὰς
1422 2052 1722 2119 ἀγγελικὰς
1764 2051 1923 2104 δυνά-

2027 2058 2184 2111 dines
2220 2055 2366 2124 agri,
2396 2055 2679 2122 angelicas
2707 2050 2959 2105 nominat
2995 2053 3323 2118 potestates,
3356 2058 3475 2108 quae
3506 2039 3600 2094 Dei

316 2154 426 2205 μεις
464 2139 619 2207 φησι,
662 2139 774 2202 τὰς
820 2138 926 2192 τὸν
972 2140 1189 2210 κόσμον
1236 2140 1635 2213 περιπολούσας
1677 2140 1819 2195 κατὰ
1863 2139 1923 2194 τὸ

2027 2148 2182 2218 jussu
2217 2145 2486 2201 mundum
2519 2144 2725 2199 obeunt
2758 2160 2771 2195 :
2819 2148 2914 2195 aut
2964 2145 3190 2196 sanctos
3222 2137 3333 2207 60
3365 2132 3603 2204 prophe-

316 2228 440 2282 Θεοῦ
467 2228 682 2301 θέλημα
712 2247 727 2260 °
779 2230 819 2301 ἢ
850 2232 994 2295 τοὺς
1025 2232 1219 2301 ἁγίους
1245 2234 1532 2305 προφήτας
1572 2233 1667 2287 καὶ
1693 2232 1923 2286 ἀποστό-

2027 2249 2133 2305 tas,
2159 2247 2214 2294 et
2242 2237 2531 2308 apostolos
2552 2277 2568 2302 ,
2598 2234 2698 2304 qui
2734 2232 2948 2295 ,divino
2999 2227 3197 2298 repleti
3230 2225 3468 2295 Spiritu,
3504 2237 3602 2291 per

322 2320 453 2383 λους.
491 2322 541 2374 οἶ
569 2321 718 2376 θείου
751 2322 1107 2393 Πνεύματος
1144 2323 1548 2395 πληρωθέντες,
1586 2323 1681 2377 καὶ
1710 2323 1811 2395 τὴν
1841 2325 1923 2376 oi-

2028 2328 2352 2385 universum
2381 2331 2646 2395 vagantes
2683 2320 2874 2377 orbem
2923 2326 3226 2382 terrarum,
3274 2314 3369 2368 Dei
3399 2312 3600 2366 adver-

329 2413 585 2484 ιωμὲνην
619 2417 1170 2487 περινοστήσαντες,
1214 2416 1342 2478 τοὺς
1372 2415 1650 2480 ἀντιθέους
1687 2416 1779 2469 καὶ
1808 2414 1927 2469 θεο-

341 2506 507 2571 μισεῖς
536 2504 801 2575 ὲξηλασαν
835 2505 1142 2576 δαίμονας,
1172 2506 1269 2561 καὶ
1289 2506 1388 2578 τὴν
1416 2507 1697 2560 εὐσέϐειαν
1723 2507 1782 2561 ἐν
1803 2510 1928 2570 ταῖς

335 2592 437 2645 τῶν
457 2595 743 2663 ἀνθρώπων
775 2596 1005 2666 ψυχαῖς
1033 2596 1467 2666 κατεφύτευσαν.
1503 2599 1593 2653 Ἐν
1623 2597 1924 2653 ἀπολαύσει

326 2688 495 2741 τοίνυν
534 2690 567 2760 ἡ
614 2689 812 2762 νύμφη
854 2690 959 2745 τοῦ
997 2692 1239 2762 νυμφίου
1271 2694 1566 2766 γενομένη,
1614 2694 1709 2748 καὶ
1756 2694 1925 2765 πείρᾳ

322 2776 553 2845 μαθοῦσα
570 2778 671 2848 τὴν
695 2781 962 2850 ἄρρητον
983 2782 1205 2853 εκείνην
1228 2781 1459 2853 τρυφὴν,
1491 2782 1590 2854 βοᾷ
1620 2784 1714 2837 καὶ
1742 2783 1890 2853 λέγει
1908 2800 1921 2813 ·

323 2868 575 2937 ιὮρκισα
594 2870 772 2940 ὑμᾶς,
798 2870 1122 2941 θυγατέρες
1147 2871 1529 2944 Ἰερουσαλὴμ,
1549 2874 1606 2926 ἐν
1622 2875 1741 2936 ταῖς
1767 2873 1928 2927 δυνά-

320 2976 437 3027 μεσι
463 2961 558 3013 καὶ
597 2961 864 3032 ίσχύσεσι
906 2963 1009 3015 τοῦ
1043 2961 1240 3033 ἀγροῦ,
1287 2964 1383 3016 ὲᾶν
1425 2965 1675 3037 ἐγείρητε
1707 2965 1803 3019 καὶ
1833 2963 1923 3031 ἐξ-

2027 2969 2511 3026 exsuscitaveritis
2543 2966 2900 3028 eharitatcm,
2931 2963 3109 3017 donec
3137 2956 3410 3022 voluerit;
3451 2974 3470 3006 ι
3499 2953 3604 3008 hoc

316 3053 556 3123 εγείρητε
596 3052 700 3124 τὴν
732 3053 1013 3124 ἀγάπην,
1064 3055 1173 3119 ἕως
1209 3048 1271 3109 οῦ
1309 3054 1513 3129 θελήσῃ
1537 3076 1550 3090 ·
1586 3076 1605 3108 ›
1651 3058 1920 3121 τουτέστι,

2027 3068 2132 3127 est,
2167 3076 2239 3116 ne
2278 3059 2605 3115 charitatem
2656 3070 2790 3125 erga
2835 3053 3006 3108 Deum
3055 3051 3110 3105 in
3158 3048 3314 3103 vobis
3355 3043 3605 3101 dormire

426 3114 667 3213 'tdsqzs'
704 3114 958 3215 nam;
1149 3114 1282 3218 περὶ
1326 3114 1436 3203 τὸν¹
1460 3114 1593 3203 6'51”
1629 3149 1852 3221 ἀγάπην
1876 3114 1923 3181 .Q

2027 3151 2340 3224 patiamini,
2376 3151 2471 3205 sed
2501 3163 2620 3204 eam
2652 3146 2938 3203 suscitetis
2977 3150 3140 3213 atque
3169 3135 3513 3198 accendatis,
3550 3142 3606 3187 et

318 3233 645 3305 καθευδῆσαι
661 3251 679 3265 ·
710 3235 862 3291 ἀλλὰ
885 3237 1199 3310 διεγείρατε
1222 3238 1412 3312 αὐτὴν,
1439 3239 1535 3294 καὶ
1556 3240 1922 3313 πυρσεύσατε,

2027 3243 2353 3299 memoriam
2417 3239 2817 3297 beneﬁciorum
2877 3236 3027 3289 illius
3097 3241 3358 3302 tanquam
3420 3225 3603 3281 oleum

2031 703 2050 736 ι
2088 683 2266 747 Laeva,
2325 689 2605 758 inquiens,
2650 690 2771 759 ejus
2813 690 2917 743 sub
2954 689 3140 759 capite
3167 701 3311 751 meo,
3355 706 3373 737 ›
3412 684 3598 754 subje-

2023 776 2330 842 cissetque,
2371 796 2391 827 ε
2430 788 2483 833 et
2516 778 2742 847 dextera
2780 778 2929 832 illius
2963 775 3366 846 amplexabitur
3406 789 3536 827 me:
3575 790 3592 822 ι

2025 883 2084 923 se
2122 870 2175 922 in
2208 869 2401 938 sponsi
2435 869 2651 924 deliciis
2688 870 2863 924 solam
2916 869 3130 922 versari
3178 880 3284 920 non
3338 863 3596 924 sustinet,

2024 970 2204 1027 neque
2247 960 2387 1013 satis
2432 974 2556 1014 esse
2605 967 2782 1028 putat,
2836 959 2884 1013 si
2928 959 3048 1028 ipsa
3089 958 3205 1011 sola
3256 955 3437 1011 sacris
3486 953 3599 1008 illis

2026 2422 2207 2478 sarios
2238 2428 2405 2488 atque
2426 2419 2624 2472 hostes
2652 2415 2930 2469 daemonas
2955 2409 3309 2480 expulerunt,
3356 2403 3606 2477 pietatis-

2025 2531 2135 2584 que
2198 2514 2458 2570 sureulos
2509 2511 2563 2566 in
2608 2507 2812 2563 animis
2871 2506 3156 2562 hominum
3211 2502 3597 2557 inseruerunt.

2026 2608 2163 2664 Cum
2196 2606 2598 2677 igiturlsponsa
2652 2615 2864 2672 sponso
2912 2598 3213 2659 frueretur,
3250 2591 3603 2663 experimen—

2026 2713 2195 2768 toque
2239 2696 2475 2752 delicias
2506 2695 2629 2764 cjus
2675 2691 2988 2763 inetl‘ahiles
3043 2689 3386 2758 degustaret,
3415 2682 3603 2739 excla-

2028 2804 2225 2845 mans:
2260 2806 2278 2839 ι
2311 2785 2574 2854 Adjuravi
2604 2799 2729 2848 vos,
2767 2781 2983 2852 inquit,
3028 2778 3152 2832 tiliae
3182 2774 3601 2837 Hierosolvmae,

2027 2895 2128 2950 per
2157 2878 2434 2949 potentias
2473 2883 2528 2932 et
2555 2875 2703 2930 vires
2733 2873 2874 2942 agri,
2903 2872 2950 2927 si
2999 2865 3412 2926 suseitaveritis
3440 2872 3605 2932 atque

320 3324 411 3379 καὶ
454 3326 793 3383 ὲπιῦάλλετε
845 3328 1017 3382 οἱονεὶ
1064 3328 1245 3383 ἔλαιον
1289 3330 1400 3384 τῶν
1448 3332 1780 3403 εὐεργεσιῶν
1825 3331 1923 3404 τὴν

323 3416 539 3486 μνήμην
561 3433 578 3447 ·
630 3416 728 3469 ἶνα
767 3417 847 3488 μὴ
881 3418 983 3471 καὶ
1008 3419 1140 3490 περὶ
1172 3418 1331 3490 ήμῶν
1362 3419 1502 3493 ῥηθῇ
1529 3438 1543 3452 °
1585 3442 1604 3473 ι
1625 3422 1924 3476 ’Ύπνωσαν

323 3508 484 3564 ὕπνον
510 3510 727 3575 αὐτῶν,
758 3511 925 3565 atat“
955 3514 1055 3582 οὐχ
1086 3506 1247 3582 εὖρον
1271 3513 1444 3567 οὐδέν.
1478 3534 1496 3565 ι
1545 3514 1672 3569 Ἐὰν
1700 3514 1808 3587 γὰρ
1845 3516 1922 3587 μὴ

322 3600 696 3672 ἀπαγγείλητε
727 3603 955 3675 ἡμέραν
982 3603 1042 3670 ἐξ
1087 3603 1302 3675 ἡμέρας
1345 3605 1407 3658 τὸ
1434 3607 1701 3679 σωτήριον
1734 3606 1921 3673 αὑτοῦ,

322 3695 412 3747 καὶ
443 3692 521 3765 μὴ
554 3693 849 3764 μνησθῆτε
880 3694 992 3748 τῶν
1043 3693 1366 3767 θαυμασίων
1404 3696 1569 3751 αὐτοῦ
1601 3691 1676 3751 ὧν
1726 3697 1920 3762 ἐποίει,

322 3783 433 3837 ἀλλ’
454 3782 802 3854 ἐπιλάθησθε
828 3782 941 3837 τῶν
961 3784 1291 3856 εὐεργεσιῶν
1317 3785 1484 3839 αὑτοῦ
1508 3803 1522 3818 ο
1560 3787 1923 3858 σϐεσθήσεται

321 3876 355 3945 ἡ
395 3876 612 3944 ἀγάπη,
648 3876 750 3928 καὶ
794 3876 963 3928 οἱονεὶ
997 3876 1423 3948 νεκρωθήσεται.
1463 3878 1585 3948 Χρὴ
1626 3878 1681 3931 δὲ
1719 3878 1922 3949 ὕμᾶς⁶⁸

319 3966 585 4037 διηνεκῶς
641 3964 909 4031 ἐξάπτειν
955 3966 1147 4038 αὐτὴν.
1199 3969 1296 4021 καὶ
1338 3968 1647 4041 διεγείρειν,
1698 3970 1793 4023 καὶ
1843 3971 1923 4035 είς

320 4059 451 4129 ὕψος
497 4059 680 4129 αὐτὴν
724 4058 909 4129 αἴρειν
938 4057 1038 4128 τὴν
1069 4059 1264 4128 φλόγα.
1303 4060 1520 4132 Μέτρον
1559 4061 1617 4114 δὲ
1650 4060 1924 4117 ποιεῖσθαι

318 4153 414 4221 τῆς
442 4152 702 4220 ἀγάπης,
737 4149 838 4202 τοῦ
865 4149 1103 4219 νυμφίου
1133 4149 1196 4203 τὸ
1225 4149 1492 4220 βούλημα.
1530 4151 1622 4222 Μὴ
1659 4152 1923 4224 πρότερον

317 4242 409 4300 οὖν
441 4243 744 4314 παύσησθε
778 4240 987 4313 ταύτην
1032 4241 1411 4315 διεγείροντες,
1459 4243 1554 4295 καὶ
1595 4241 1694 4314 τὴν
1742 4242 1924 4315 πυρὰν

314 4340 494 4411 αὐτῆς
545 4338 915 4403 ἐξάπτοντες,
958 4334 1065 4400 ἕως
1106 4334 1174 4390 ἂν
1227 4337 1257 4390 ὁ
1305 4336 1539 4406 νυμφίος
1581 4335 1727 4409 ἔχειν
1754 4336 1925 4410 αὐτὴν

2027 3322 2540 3408 supereﬂ'undatis,
2594 3346 2665 3385 ne
2717 3327 2786 3384 de
2833 3325 2992 3382 vobis
3035 3337 3263 3394 quoque
3312 3319 3532 3416 dicatur
3587 3333 3603 3368 :

2033 3448 2050 3480 ι
2079 3427 2433 3483 Dormierunt
2458 3438 2714 3480 somnum
2735 3434 2918 3484 suum,
2939 3426 2991 3471 et
3007 3414 3142 3470 nihil
3163 3414 3498 3467 invenerunt
3519 3414 3534 3445 ί
3550 3447 3563 3460 .
3581 3423 3599 3455 ι

2027 3522 2144 3576 Nisi
2182 3520 2327 3576 enim
2366 3515 2761 3574 nuntiaveritis
2815 3512 2883 3567 de
2930 3509 3019 3566 die
3063 3509 3119 3562 in
3168 3505 3313 3561 diem
3363 3501 3606 3556 salutare

2026 3614 2169 3685 ejus,
2207 3622 2262 3669 et
2299 3609 2664 3666 memineritis
2691 3606 3030 3663 mirabilium
3070 3601 3268 3674 ipsius,
3300 3611 3421 3669 quae
3450 3591 3603 3685 fecit,

2027 3682 2421 3777 exstinguetur
2449 3702 2720 3767 charitas,
2756 3706 2811 3755 et
2848 3691 3258 3769 quodammodo
3285 3682 3602 3744 intercidet.

2026 3797 2256 3868 Oportet
2305 3802 2491 3850 autem
2545 3808 2645 3848 vos
2699 3792 2848 3846 Illam
2886 3787 3238 3845 continenter
3275 3777 3602 3876 accendere,

2029 3894 2194 3955 atque
2225 3885 2499 3951 excitare,
2547 3893 2601 3938 et
2632 3881 2909 3936 ﬂammam
2953 3878 3075 3948 ejus
3129 3876 3183 3930 in
3227 3872 3401 3927 altum
3443 3872 3604 3936 quasi

2027 3977 2321 4038 extollere,
2353 3990 2420 4030 ac
2444 3973 2669 4028 modum
2701 3973 2880 4043 ipsius
2907 3967 3149 4024 dimetiri
3183 3961 3370 4034 sponsi
3400 3958 3603 4013 volun—

2029 4075 2163 4123 tate.
2212 4065 2291 4122 Ne
2348 4066 2508 4136 prius
2555 4078 2689 4134 ergo
2743 4063 2887 4116 hanc
2938 4063 3183 4114 excitare
3218 4062 3386 4123 atque
3424 4050 3603 4118 ignem

2030 4158 2183 4214 illius
2235 4156 2533 4212 incendere
2577 4152 2905 4213 desistatis,
2943 4151 3118 4205 donec
3153 4158 3392 4216 sponsus
3424 4137 3605 4209 ipsius

2031 4247 2255 4302 modum
2290 4241 2764 4300 determinaverit.
2815 4238 2916 4293 His
2946 4237 3153 4292 similia
3212 4232 3470 4286 videnlur
3516 4237 3603 4286 ea,

2030 4353 2155 4407 qua:
2205 4352 2235 4392 a
2285 4336 2451 4392 beato
2496 4333 2669 4388 Paulo
2701 4329 3043 4393 Corinthiis,
3075 4335 3129 4383 et
3154 4340 3253 4395 per
3280 4315 3607 4407 Corinthios

316 4406 458 4503 sitq
488 4431 554 4484 τὸ
602 4429 835 4501 μέτρον.
872 4427 1097 4491 Τούτοις
1126 4427 1271 4482 ἔοικε
1299 4426 1370 4482 τὰ
1394 4428 1500 4482 ὑπὸ
1529 4406 1923 4501 τοῦήμακαρίου

2030 4406 2194 4485 nobis
2224 4424 2486 4482 omnibus
2519 4421 2731 4491 scripta
2782 4427 2955 4477 sunt:
2995 4437 3013 4470 ‹
3050 4415 3322 4487 Vigilate,
3373 4418 3515 4465 state
3549 4406 3604 4460 in

314 4522 536 4577 Παύλου
585 4518 916 4592 Κορινθίοις
957 4520 1282 4590 γραφέντα,
1341 4520 1435 4573 καὶ
1483 4519 1574 4573 διὰ
1621 4521 1923 4592 Κορινθίων

2028 4520 2158 4585 ﬁde,
2188 4516 2428 4573 viriliter
2462 4514 2628 4586 agite,
2654 4522 2710 4570 et
2742 4507 3137 4569 confortemini
3172 4525 3184 4561 :
3211 4504 3398 4599 omnia
3422 4507 3606 4599 vestra

315 4616 485 4669 πᾶσιν
512 4616 657 4686 ἡμῖν
682 4630 697 4644 ο
742 4631 763 4664 c
790 4612 1146 4683 Γρηγορεῖτε,
1167 4613 1395 4682 στήκετε
1422 4614 1480 4667 ὲν
1504 4616 1571 4686 τῇ
1598 4613 1800 4677 πίστει,
1830 4615 1923 4668 ἀν-

2027 4611 2083 4666 in
2120 4607 2393 4663 charitate
2438 4603 2572 4659 ﬁant
2606 4601 2653 4658 i.
2694 4621 2712 4654 ι
2751 4602 2933 4673 Atque
2963 4600 3016 4653 in
3044 4597 3151 4654 line
3179 4591 3459 4686 Epistolae,
3493 4607 3512 4640 ι
3546 4586 3606 4642 Si

310 4685 610 4776 δρίξεσθε,
667 4701 1045 4775 κραταιοῦσθε
1071 4717 1087 4733 ·
1156 4701 1336 4757 πάντα
1398 4702 1552 4773 ὑμῶν
1618 4703 1677 4756 ὲν
1733 4704 1923 4774 ἀγάπῃ

2027 4701 2153 4773 quis
2185 4715 2299 4754 non
2333 4704 2502 4760 amat,
2544 4696 2748 4766 inquit,
2780 4693 3076 4750 Dominum
3108 4689 3323 4748 Jesum,
3359 4685 3431 4741 sit
3469 4696 3605 4736 ana-

314 4796 581 4865 γινέσθω.
618 4814 639 4847 ι
679 4794 797 4848 Καὶ
826 4794 884 4845 ὲν
903 4791 981 4862 τῷ
1004 4791 1147 4845 τέλει
1171 4791 1227 4845 δὲ
1249 4792 1348 4863 τῆς
1382 4791 1702 4863 Ἐπιστολῆς
1724 4810 1888 4864 φησιν
1908 4808 1923 4823 ⁸

2027 4792 2209 4847 thema
2251 4790 2301 4843 ιι.
2343 4808 2360 4840 ι
2409 4789 2489 4843 lta
2524 4787 2629 4859 61
2686 4796 2910 4850 amant,
2964 4784 3059 4853 qui
3112 4781 3373 4836 ardenter
3420 4779 3608 4829 amant

322 4908 344 4941 ι
368 4889 538 4952 Eiet;
566 4887 633 4940 οὗ
662 4885 814 4955 φιλεῖ
836 4883 930 4937 τδν
958 4884 1166 4955 Κύριον
1200 4883 1427 4954 Ἰησοῦν,
1455 4885 1569 4957 ἤτω
1599 4884 1873 4956 ἀνάθεμα.
1900 4902 1917 4936 ι

2032 4884 2230 4941 salutis
2263 4890 2570 4945 auctorem,
2601 4890 2657 4934 ut
2687 4879 2939 4934 nolentes
2971 4889 3160 4930 amare
3194 4886 3319 4928 eum
3342 4876 3605 4964 tanquam

315 4982 509 5044 Οὕτως
529 4978 836 5050 ἀγαπῶσιν
857 4977 908 5029 οί
931 4974 1150 5048 θερμῶς
1172 4975 1492 5044 ἀγαπῶντες
1512 4976 1605 5028 τὸν
1624 4977 1922 5045 σεσωκότα,

2032 4973 2255 5045 putrida
2283 4987 2349 5027 ac
2380 4970 2573 5026 foetida
2601 4981 2836 5037 corpora
2868 4965 3235 5020 detestentur.
3258 4957 3402 5011 Idem
3435 4957 3602 5057 etiam

311 5073 393 5135 ὡς
420 5043 553 5136 τοῦς
584 5043 820 5140 αγαπᾷν
846 5043 1013 5123 αὑτὸν
1036 5043 1142 5121 οὐκ
1170 5067 1451 5132 ἐθέλοντας
1477 5068 1555 5130 ὡς
1575 5067 1807 5121 ὀδωδότα

2032 5043 2228 5120 beatus
2247 5061 2419 5117 David
2464 5059 2743 5131 signiﬁcat
2769 5075 2783 5111 :
2826 5075 2844 5108 ι
2869 5054 3083 5118 Nonne,
3119 5049 3398 5120 inquiens,
3421 5043 3609 5100 odien-

314 5163 607 5235 σεσηπότα
642 5158 1031 5232 βδελύττεσθαι
1067 5157 1314 5229 σώματα.
1345 5156 1519 5212 Τοῦτο
1544 5158 1801 5230 σημαίνει
1834 5157 1923 5212 λέ-

2033 5164 2117 5213 tes
2155 5163 2232 5221 te,
2284 5153 2538 5219 Domine,
2573 5151 2823 5216 oderam,
2876 5157 2931 5205 ct
2973 5163 3143 5220 super
3174 5143 3441 5201 inimicos
3480 5149 3606 5196 tuos

389 5362 417 5401 ε
455 5359 648 5414 Galat.
691 5372 769 5425 tv,
810 5356 906 5411 26.
986 5357 1013 5396 ιι
1040 5354 1237 5411 Matth.
1277 5372 1401 5424 xm,
1433 5358 1524 5414 38.
1605 5360 1622 5400 ί
1659 5358 1808 5416 Psal.
1846 5375 2007 5424 Lxxv,
2039 5358 2092 5415 6.
2173 5355 2188 5409 i
2224 5358 2245 5412 l
2276 5357 2404 5412 Cor.
2446 5355 2677 5423 xvt,13,
2710 5354 2799 5410 14.
2877 5353 2905 5393 Ιι
2938 5352 3076 5409 Ibid.
3107 5350 3201 5407 se.

1628 5560 1877 5622 .VARIE
1904 5559 2314 5618 LECTIONES.

402 5768 448 5797 ⁸³
469 5765 899 5837 ἓως-ἀγάπην.
953 5762 1084 5817 des.
1115 5762 1173 5815 in
1202 5761 1324 5817 cod.
1417 5760 1466 5792 “
1512 5759 1624 5815 καί.
1667 5759 1823 5817 abest
1852 5778 1882 5815 a
1921 5761 2045 5818 cod.
2123 5762 2167 5794 “
2199 5759 2363 5831 ὑμᾶς.
2420 5755 2604 5813 Editio
2636 5757 2790 5828 prior
2815 5756 3053 5814 habebat
3086 5752 3254 5825 ἡμᾶς.
