4088 6418
537 331 605 394 99
1517 324 2001 385 THEODORETI
2025 317 2365 382 EPISCOPI
2390 315 2756 375 CYREN'SIS

3688 313 3791 379 100

538 439 820 498 montibus
874 437 1089 493 Bethel.
1141 455 1158 488 ι
1210 435 1378 489 Docet
1412 432 1501 486 hic
1535 448 1739 502 sponsa
1774 429 2109 483 internecio-

2227 425 2454 486 Ξουνοὺς,
2485 421 2554 475 τὰ
2582 425 2641 476 ὲν
2664 424 2775 482 τοῖς
2793 419 2944 491 δρεσι
2971 418 3138 473 πάλαι
3158 419 3284 473 ὅντα
3311 418 3446 489 ἄλση
3472 421 3566 474 καὶ
3588 425 3789 496 τεμένη

540 547 662 586 nem
712 531 876 585 idolis
927 529 1136 582 illatam
1170 542 1200 579 a
1244 540 1450 595 sponso
1480 539 1600 576 suo.
1632 522 1842 576 Montes
1870 520 2016 575 enim
2056 528 2110 574 et

539 623 710 676 colles
746 627 904 674 vocat
933 622 1088 674 lucos
1127 627 1180 672 et
1209 616 1438 671 delubra
1476 616 1806 675 daemonum,
1857 614 1912 667 in
1950 628 2110 667 mon-

541 713 691 767 tibus
721 713 853 766 olim
888 712 991 765 sila
1034 717 1089 764 et
1127 708 1390 762 aedificata
1423 725 1436 760 :
1467 720 1636 774 super
1676 705 1880 774 quibus
1914 704 2108 759 verbo-

545 817 666 856 rum
705 801 1006 869 sapientia,
1059 805 1114 852 et
1168 796 1564 849 miraculorum
1615 796 1844 854 virtute.
1907 794 2114 849 saliens

543 902 708 963 atque
740 891 1080 952 transiliens,
1109 890 1329 958 penitus
1365 888 1564 942 evertit
1595 903 1658 941 ea
1692 894 1858 955 atque
1889 886 2112 939 destru-

544 985 643 1038 xit.
683 983 855 1049 Quem
883 982 1102 1051 quidem
1131 995 1358 1035 sensum
1396 980 1761 1047 Symmachus
1790 979 1960 1048 magis
1995 993 2116 1046 per-

543 1074 790 1142 spicuum
850 1070 1053 1132 reddit,
1111 1071 1488 1137 interpretans
1541 1069 1608 1122 ad
1663 1070 1809 1122 hunc
1866 1067 2110 1127 modum,

547 1183 565 1216 ι
610 1165 750 1218 Ecce
803 1162 893 1216 hic
937 1161 1088 1215 venit
1135 1159 1444 1214 ascendens
1481 1168 1673 1213 contra
1711 1165 1948 1223 utentes,
1987 1172 2116 1225 pro-

543 1255 734 1309 siliens
771 1253 1040 1308 adversus
1088 1253 1282 1307 colles.
1318 1269 1337 1301 ι
1373 1250 1468 1306 llis
1517 1265 1720 1321 sponsa
1753 1265 1950 1304 rursus
1981 1248 2114 1302 sub-

545 1346 663 1414 iicit
694 1363 706 1398 :
749 1363 767 1395 ι
810 1343 888 1396 En
921 1345 1037 1411 ipse
1069 1350 1178 1397 stat
1205 1349 1328 1412 post
1359 1342 1621 1410 parietem
1648 1347 1923 1403 nostrum,
1948 1338 2118 1408 respi-

545 1438 700 1491 ciens
745 1451 840 1504 per
894 1433 1190 1495 fenestras,
1248 1433 1593 1502 prospiciens
1627 1446 1724 1500 per
1760 1428 2063 1484 cancellos.
2093 1448 2110 1477 ι

547 1527 716 1582 Docet
745 1537 928 1581 autem
959 1524 1421 1596 quemadmodum
1460 1535 1723 1592 sponsus,
1749 1521 1899 1573 omni
1932 1527 2117 1573 monte

547 1626 600 1671 et
631 1619 771 1673 colle
811 1617 1122 1681 humiliato,
1166 1614 1324 1684 juxta
1368 1612 1562 1667 Isaiam
1588 1611 1911 1681 prophetam
1963 1619 2012 1672 ο,
2047 1606 2119 1661 ad

549 1725 692 1773 eam,
724 1725 846 1780 quae
880 1709 1106 1763 humilis
1127 1705 1402 1778 quondam
1435 1710 1580 1769 erat,
1611 1712 1665 1757 et
1684 1701 1792 1772 65
1819 1701 1946 1754 valli
1971 1716 2120 1754 com-

551 1774 876 1868 parabatur,
927 1774 1175 1858 accedat,
1234 1795 1570 1863 impleatque
1611 1809 1765 1856 eam,
1811 1801 1869 1846 et
1907 1790 2122 1860 redigat
2155 1774 2195 1826 Β

560 1904 727 1958 prava
758 1890 812 1943 in
841 1889 1074 1950 directa,
1103 1896 1158 1943 et
1195 1901 1394 1958 aspera
1423 1887 1477 1939 in
1507 1885 1628 1939 vias
1653 1885 1850 1954 planas
1883 1881 1935 1945 ά,
1959 1882 2123 1951 eique

551 1990 813 2050 tanquam
869 1981 1083 2034 civitati
1146 1994 1364 2033 murum
1421 1979 1855 2039 circumstruat,
1922 1991 1991 2030 ne
2056 1974 2124 2028 ab

549 2073 802 2128 hostibus
863 2071 1202 2140 diripiatur:
1249 2080 1305 2124 et
1351 2079 1618 2138 tanquam
1680 2070 1853 2122 vineae
1881 2107 1896 2129 ,
1957 2075 2124 2134 atque

547 2162 732 2228 horto,
770 2173 824 2216 et
851 2163 1135 2228 viridario,
1170 2162 1464 2216 maceriem
1511 2161 1921 2229 circumponat,
1951 2172 2021 2211 ne
2055 2156 2125 2209 ab

546 2255 804 2308 omnibus
848 2255 1310 2324 praatereuntibus
1361 2253 1505 2305 viam
1553 2253 1950 2313 vindemietur,
1986 2263 2125 2302 neve

547 2346 617 2400 ab
645 2360 780 2416 apro
816 2345 883 2400 de
903 2346 1067 2410 silva,
1105 2355 1160 2400 et
1195 2344 1313 2398 fera
1351 2343 1580 2414 agresti,
1613 2351 1674 2396 nt
1701 2343 1856 2411 prior
1888 2341 1981 2394 illa
2003 2354 2126 2410 qua:

547 2453 614 2492 ex
643 2435 882 2508 Egypto
915 2437 1189 2492 translata
1223 2435 1422 2500 fuerat,
1457 2435 1760 2503 dissipetur
1783 2444 1829 2484 θ.
1866 2429 2127 2487 Ostendit

549 2543 682 2599 ergo
713 2527 1206 2598 quemadmodum,
1258 2528 1466 2582 eversis
1515 2526 1826 2580 daemonum
1877 2523 2125 2592 templis,

552 2630 608 2675 et
641 2635 855 2684 eorum,
890 2619 984 2687 qui
1021 2620 1371 2672 vocabantur
1394 2617 1494 2680 dii,
1523 2617 1844 2672 nemoribus
1871 2623 1926 2669 et
1956 2614 2124 2677 fanis,

553 2713 630 2780 (id
679 2713 826 2766 enim
874 2726 970 2781 per
1017 2709 1186 2764 verba
1239 2711 1344 2764 ista
1388 2726 1406 2758 ι
1457 2708 1511 2762 in
1556 2708 1838 2762 montibus
1874 2704 2063 2760 Bethel
2105 2722 2123 2754 ι

553 2801 807 2854 innuitur
837 2819 850 2854 :
886 2815 1012 2853 nam
1056 2797 1243 2853 Bethel
1278 2796 1554 2868 significat
1588 2796 1800 2851 domum
1851 2795 1945 2849 Dei
1982 2813 1995 2847 :
2029 2809 2128 2848 eo-

553 2893 677 2946 dem
701 2900 883 2946 autem
909 2891 1132 2945 nomine
1154 2905 1264 2960 quo
1289 2889 1454 2951 Deus,
1485 2889 1580 2958 qui
1609 2897 1696 2944 est
1727 2902 1893 2956 super
1917 2885 2128 2943 omnia.

557 2983 639 3036 illi
669 2983 764 3052 qui
800 2983 876 3036 dii
909 2998 1016 3036 non
1051 2989 1201 3046 sunt,
1237 2981 1311 3035 dii
1341 2982 1409 3035 ab
1443 2980 1628 3050 impiis
1662 2975 2130 3049 appellabantur.)

2212 519 2321 570 τῶν
2376 516 2648 585 δαιμόνων
2702 513 2956 582 ὠνόμασε
2980 554 2996 578 ,
3063 511 3187 566 καθ’
3221 505 3298 564 ὧν
3354 512 3649 582 ἁλλόμενος
3698 519 3794 570 καὶ

2217 609 2399 681 πηδῶν
2428 610 2494 678 τῇ
2525 625 2585 660 τε
2612 606 2774 675 σοφίᾳ
2816 605 2924 658 τῶν
2950 603 3144 671 λόγων,
3176 603 3270 657 καὶ
3315 606 3381 674 τῇ
3430 603 3656 674 δυνάμει
3686 607 3794 681 τῶν

2215 672 2528 769 θαυμάτων,
2559 672 2910 768 περιεχένετό
2944 712 3002 748 τε
3037 695 3131 748 καὶ
3176 672 3385 764 φροῦδα
3417 672 3796 748 adtriti-naves:

2213 791 2321 854 λῶς
2347 789 2669 859 πεποίηκεν.
2721 787 2937 858 Ἀμέλει
2989 786 3084 840 καὶ
3125 788 3154 839 ὀ
3184 785 3479 857 Σύμμαχος
3507 785 3666 840 τοῦτο
3699 805 3796 840 σα-

2215 886 2477 952 φέστερον
2525 880 2840 952 ἑρμηνεύων
2892 879 3088 948 φησίν·
3126 897 3145 929 ι
3185 878 3318 932 Ἰδοὺ
3367 875 3521 943 οὗτος
3573 879 3794 950 ἔρχεται

2217 966 2413 1045 βαίνων
2429 974 2568 1026 κατὰ
2583 972 2690 1026 τῶν
2711 972 2902 1042 ὀρέων,
2934 969 3211 1041 διαπηδῶν
3232 970 3373 1024 κατὰ
3400 971 3508 1024 τῶν
3530 971 3756 1040 βουνῶν.
3771 992 3788 1020 ι

2216 1064 2440 1126 Τούτοις
2467 1063 2719 1132 ἐπιφέρει
2740 1063 2954 1132 πάλινή
2978 1061 3163 1132 νύμφη
3186 1077 3199 1089 ·
3234 1081 3252 1112 ι
3287 1061 3418 1115 Ἰδοὺ
3445 1055 3600 1124 οὗτος
3622 1061 3798 1114 ὀπίσω

2216 1156 2309 1209 τοῦ
2346 1157 2526 1226 τοίχου
2553 1156 2708 1226 ἡμῶν
2739 1155 2958 1225 ἕστηκε,
2995 1154 3366 1224 παρακύπτων
3393 1155 3480 1206 διὰ
3507 1154 3617 1206 τῶν
3648 1153 3801 1226 θυρί-

2216 1249 2342 1312 δων,
2397 1248 2705 1301 είσκύπτων
2728 1248 2774 1279 ⁸⁰
2819 1248 2907 1300 διὰ
2935 1247 3041 1300 τῶν
3072 1248 3322 1301 δικτύων.
3367 1267 3386 1298 ι
3426 1246 3677 1299 Διδάσκει
3717 1245 3797 1306 δὲ,

2217 1339 2299 1391 δτι
2331 1340 2438 1392 πᾶν
2471 1337 2597 1409 ὅρος
2630 1338 2725 1390 καὶ
2757 1337 2946 1406 βουνὸν
2981 1337 3347 1401 ταπεινώσας,
3380 1339 3520 1390 κατὰ
3566 1337 3664 1406 τὴν
3703 1336 3798 1388 τοῦ

2231 1431 2450 1483 Ἡσαΐου
2507 1431 2862 1500 προφητείαν,
2913 1430 3273 1500 παραγίνεται
3317 1429 3455 1500 πρὸς
3498 1429 3669 1498 αὐτὴν
3701 1444 3800 1481 τα-

2219 1522 2414 1592 πεινὴν
2466 1517 2634 1574 οὖσαν
2682 1522 2872 1581 πάλαι,
2912 1521 3005 1574 καὶ
3057 1521 3304 1592 φάραγγι
3361 1521 3801 1590 ἀπεικασμένην,

2221 1613 2318 1666 καὶ
2350 1613 2550 1683 πληροῖ
2572 1611 2762 1682 αὐτὴν,
2788 1613 2884 1666 καὶ
2909 1612 3090 1683 τίθησι
3129 1613 3197 1665 τὰ
3230 1611 3420 1664 σκολιὰ
3447 1614 3525 1674 είς
3559 1611 3802 1676 εὐθεῖαν,

2223 1703 2316 1755 καὶ
2339 1702 2597 1772 τραχείας
2635 1703 2714 1765 είς
2751 1701 2906 1764 ὁδοὺς
2935 1700 3083 1764 λείας
3106 1719 3120 1732 ’
3151 1701 3246 1754 καὶ
3288 1700 3630 1771 περιτίθησιν
3662 1700 3802 1769 αὐτῇ

2223 1794 2299 1856 ὡς
2343 1795 2441 1864 μὲν
2490 1794 2642 1846 πόλει
2686 1797 2882 1864 τεῖχος,
2936 1793 3021 1845 ἵνα
3057 1793 3130 1862 μὴ
3167 1791 3521 1862 πολιορκῆται
3557 1792 3661 1844 ὑπὸ
3690 1791 3805 1843 τῶν

2225 1887 2522 1956 πολεμίων,
2545 1887 2622 1950 ὡς
2643 1887 2697 1938 δὲ
2725 1887 3026 1956 ἀμπελῶνι,
3057 1887 3151 1940 καὶ
3174 1887 3354 1956 κήπῳ,
3377 1887 3472 1938 καὶ
3491 1885 3807 1957 παραδείσῳ

2223 1983 2422 2050 τοῖχον,
2458 1981 2545 2033 ἵνα
2582 1981 2655 2051 μὴ
2688 1981 2962 2050 τρυγῶσιν
3009 1978 3175 2049 αὐτὴν
3212 1980 3412 2041 πάντες
3459 1979 3509 2032 oi
3554 1994 3807 2049 παραπο⁹

2229 2072 2514 2142 ρευόμενοι
2552 2071 2650 2140 τὴν
2706 2072 2842 2133 ὁδὸν,
2887 2071 3017 2140 μηδὲ
3071 2071 3380 2140 λυμήνηται
3427 2067 3595 2138 αὐτὴν
3644 2061 3706 2131 ὗς
3738 2069 3809 2119 ἐκ

2225 2161 2453 2232 δρυμοῦ,
2486 2164 2580 2215 καὶ
2612 2161 2790 2232 μονιδς
2815 2160 3004 2231 ἄγριος
3039 2160 3480 2228 κατανεμήσηται
3512 2158 3702 2228 αὐτὴν,
3729 2156 3809 2219 ὡς

2225 2255 2326 2325 τὴν
2351 2253 2622 2324 προτέραν
2651 2253 2864 2321 εκείνην
2885 2252 2983 2323 τὴν
3012 2253 3069 2316 ἐξ
3091 2251 3362 2318 Αἰγύπτου
3391 2249 3804 2319 μετατεθεῖσαν.

2229 2345 2490 2416 Σημαίνει
2533 2345 2709 2397 τοίνυν
2735 2387 2748 2409 ,
2807 2346 2889 2397 ὅτι
2934 2345 3244 2408 καταλύσας
3289 2348 3357 2396 τά
3404 2343 3509 2395 τῶν
3537 2343 3807 2411 δαιμόνων

2227 2438 2453 2506 τεμένη,
2505 2437 2599 2489 καὶ
2632 2437 2739 2489 τῶν
2772 2436 3079 2504 λεγομένων
3112 2435 3247 2487 θεῶν
3278 2435 3345 2488 τὰ
3378 2435 3515 2503 ἄλση
3559 2435 3653 2487 καὶ
3679 2434 3811 2495 τοὺς

2230 2530 2363 2593 νεὼς
2393 2529 2572 2600 (τοῦτο
2604 2529 2712 2600 γὰρ
2744 2529 2831 2581 διὰ
2864 2528 2957 2581 τοῦ
2998 2548 3016 2577 ι
3044 2529 3134 2580 ἐπὶ
3164 2529 3230 2581 τὰ
3259 2527 3357 2597 ὅρη
3388 2525 3590 2594 Βαιθὴλ
3630 2545 3648 2576 ι
3684 2526 3810 2594 ᾐνί-

2233 2624 2392 2688 ξατο·
2434 2623 2496 2676 τὸ
2540 2621 2668 2690 γὰρ,
2704 2621 2924 2690 Βαιθὴλ,
2956 2615 3103 2675 οἶκον
3135 2619 3428 2690 ἑρμηνεύει
3457 2618 3626 2672 Θεοῦ·
3657 2617 3814 2686 ὁμω-

2231 2715 2416 2786 νύμως
2446 2715 2504 2767 δὲ
2544 2713 2622 2783 τῷ
2655 2713 2747 2765 ἐπὶ
2786 2712 3005 2765 πάντων
3036 2711 3155 2780 Θεῷ
3189 2711 3282 2763 καὶ
3310 2713 3358 2762 οἱ
3394 2711 3468 2780 μὴ
3517 2709 3670 2772 ὄντες
3703 2708 3814 2761 ὑπὸ

2232 2808 2340 2860 τῶν
2387 2805 2662 2860 δυσσεϐὦν
2695 2803 3040 2874 ὠνομάζοντο
3071 2802 3211 2869 θεοί)
3235 2819 3248 2830 ·
3287 2802 3627 2871 παραγέγονε
3669 2800 3813 2870 πρὸς

2232 2899 2424 2968 αὑτήν.
2479 2897 2588 2949 Καὶ
2648 2899 2728 2958 είς
2787 2894 2887 2964 μὲν
2935 2892 3025 2945 τὸν
3079 2893 3320 2962 θάλαμον
3368 2891 3539 2960 αὐτῆς
3596 2889 3816 2942 οὐδέπω

2232 2989 2576 3054 εἰσελήλυθεν
2597 3005 2610 3018 ·
2639 2987 2744 3050 ἔξω
2771 2987 2828 3039 δὲ
2849 2986 2942 3039 τοῦ
2975 2986 3154 3057 τοίχου
3181 2983 3428 3055 έστηκὼς
3458 2983 3815 3053 παρακύπτει

555 3074 625 3126 ad
652 3089 773 3128 eam
809 3075 1036 3129 venerit.
1090 3074 1169 3127 Ac
1212 3071 1456 3126 nondum
1491 3071 1716 3141 quidem
1749 3071 1803 3121 in
1829 3067 2125 3121 thalamum

2233 3078 2320 3132 διὰ
2361 3077 2471 3131 τῶν
2523 3077 2785 3147 θυρίδων’
2837 3075 3006 3146 θύρας
3060 3076 3118 3129 δὲ
3167 3074 3267 3138 τὰς
3305 3073 3585 3143 αἰσθήσεις
3633 3073 3814 3125 καλεῖ.

556 3167 732 3236 ipsius
767 3166 1054 3235 ingressus
1097 3173 1181 3219 est
1213 3182 1226 3218 :
1258 3161 1354 3218 sed
1397 3168 1553 3218 stans
1583 3167 1706 3230 post
1746 3159 2010 3229 parietem
2044 3172 2129 3210 re-

558 3257 724 3328 spicit
754 3273 849 3326 per
901 3255 1192 3312 fenestras.
1226 3253 1525 3310 Fenestras
1578 3259 1762 3305 autem
1796 3263 1996 3304 sensus
2039 3261 2134 3300 vo-

556 3361 665 3406 cat.
697 3349 802 3404 Per
833 3364 1032 3405 sensus
1059 3348 1205 3403 enim
1229 3386 1242 3408 ,
1286 3355 1550 3416 tanquam
1589 3359 1686 3413 per
1723 3342 2020 3401 fenestras,
2077 3339 2132 3392 in

555 3442 799 3494 animam
852 3439 1109 3503 inﬂuunt,
1160 3446 1326 3508 atque
1370 3453 1438 3492 ex
1483 3435 1596 3490 illis
1630 3433 1874 3488 vicissim
1901 3431 2135 3486 ellluunt

557 3543 672 3587 tum
728 3548 794 3587 ea
852 3549 976 3603 quze
1027 3533 1169 3586 bona
1218 3539 1386 3594 sunt,
1437 3538 1552 3582 tum
1602 3527 1775 3582 etiam
1825 3523 2130 3580 contraria.

557 3625 931 3691 Quamobrem
989 3621 1262 3678 Jeremias
1321 3619 1592 3689 propheta
1647 3617 1841 3671 dicit:
1901 3633 1920 3664 ι
1985 3612 2134 3669 Mors

557 3715 807 3769 ascendit
839 3729 936 3783 per
970 3709 1415 3768 fenestrulam
1432 3708 1566 3762 Nam
1600 3706 1732 3772 «Qui
1773 3705 1908 3760 vidit
1930 3703 2134 3758 mulie-

560 3821 676 3861 rem
709 3806 776 3859 ad
809 3802 1313 3874 concupiscendum
1359 3815 1478 3856 eam
1503 3842 1517 3866 ,
1557 3799 1668 3867 jam
1700 3797 2014 3852 moechatus
2050 3802 2136 3849 est

560 3912 688 3951 eum
723 3912 784 3951 ea
824 3896 878 3949 in
923 3895 1090 3950 corde
1121 3909 1221 3948 suo
1257 3895 1302 3947 ³.
1343 3912 1361 3944 ι
1399 3894 1578 3959 Atque
1609 3893 1683 3944 ita
1728 3904 1878 3943 mors
1907 3886 2136 3959 per'fe-

563 3999 780 4045 uestras
813 3989 1144 4059 ingreditur.
1193 3985 1260 4040 Et
1308 3986 1403 4055 qui
1431 3999 1626 4038 vanam
1662 3980 2006 4036 auditionem
2037 3994 2134 4032 su-

2240 3171 2451 3239 Ὦσπερ
2485 3169 2592 3239 γὰρ
2637 3168 2726 3222 διὰ
2763 3168 3050 3238 θυρίδων⁸¹
3083 3167 3190 3220 τῶν
3227 3167 3534 3234 αἰσθήσεων
3575 3165 3816 3234 εἰσρεῖ⁸¹

2235 3265 2299 3332 τῇ
2329 3263 2476 3332 ψυχῇ
2511 3262 2578 3314 τά
2607 3278 2666 3313 τε
2700 3260 2880 3329 ἀγαθὰ
2914 3261 3009 3314 καὶ
3033 3259 3310 3323 τάναντία,
3344 3260 3435 3311 καὶ
3467 3257 3628 3312 πάλιν
3665 3258 3817 3309 ἐκεῖ·

2236 3352 2326 3406 θεν
2364 3354 2534 3423 ἐκρεῖ.
2566 3351 2657 3404 Διὸ
2692 3351 2785 3404 καὶ
2827 3353 2855 3404 ὁ
2887 3351 3174 3420 προφήτης
3209 3349 3372 3418 φησὶν
3408 3347 3694 3417 Ἱερεμίας,
3727 3346 3817 3398 ὅτι

2242 3465 2259 3496 ι
2288 3445 2526 3506 Θάνατος
2561 3442 2727 3511 ἀνέϐη
2759 3441 2847 3494 διὰ
2873 3441 2980 3494 τῶν
3019 3440 3266 3510 θυρίδων.
3293 3459 3310 3489 ο
3337 3467 3404 3478 —-
3443 3457 3462 3488 ι
3485 3439 3543 3490 Ὀ
3568 3438 3676 3508 γὰρ
3709 3439 3818 3503 ἐμ-

2233 3534 2438 3599 6λέψας
2489 3535 2727 3602 γυναῖκα
2781 3532 2917 3604 πρὸς
2979 3531 3040 3584 τὸ
3093 3529 3429 3600 ἐπιθυμῆσαι
3489 3528 3658 3598 αὐτῆς
3707 3527 3818 3597 ἥδη

2235 3625 2556 3695 ἐμοίχευσεν
2590 3623 2760 3694 αὐτὴν
2804 3625 2861 3676 ὲν
2891 3625 2956 3693 τῇ
2991 3621 3190 3693 καρδίᾳ⁵
3221 3619 3409 3682 αὐτοῦ,
3443 3637 3461 3669 ι
3517 3619 3610 3671 καὶ
3637 3617 3823 3686 εἰσέρ-

2234 3731 2387 3784 χεται
2427 3713 2654 3775 θάνατος
2686 3713 2773 3765 διὰ
2805 3711 2913 3765 τῶν
2945 3711 3194 3782 θυρίδων.
3230 3712 3338 3764 Καὶ
3368 3712 3397 3763 ὁ
3428 3708 3823 3779 παραδεξάμε-

2236 3822 2324 3868 νος
2358 3805 2527 3874 ἀκοὴν
2557 3804 2814 3874 ματαίαν,
2835 3803 3048 3873 δέχεται
3076 3803 3304 3857 θάνατον
3319 3801 3406 3855 διὰ
3431 3800 3540 3853 τῶν
3561 3799 3818 3868 θυρίδων.

2249 3899 2441 3968 Ἀλλ’ὴ
2474 3900 2660 3968 νύμφη
2684 3898 2779 3951 νῦν
2805 3899 2903 3968 τῆς
2926 3899 2971 3930 ⁸³
3004 3899 3150 3968 ὥρας
3183 3897 3277 3951 τοῦ
3301 3897 3535 3966 νυμφίου
3572 3895 3659 3948 διὰ
3705 3891 3821 3946 τῶν

2238 3991 2467 4061 θυρίδων
2524 3991 2810 4044 ἀπολαύει.
2861 3992 2972 4044 Καὶ
3025 3991 3288 4060 ζητητέον
3343 3989 3460 4051 πῶς
3506 3988 3535 4040 ὁ
3583 3985 3824 4056 νυμφίος

563 4082 748 4151 scipit,
787 4083 832 4134 is
856 4097 951 4151 per
981 4080 1251 4135 fenestras
1277 4084 1508 4132 mortem
1536 4074 1799 4129 admittit.
1834 4071 1902 4124 At
1926 4084 2125 4140 sponsa

2238 4083 2586 4156 παρακύπτει
2633 4084 2722 4137 διὰ
2783 4081 2893 4135 τῶν
2949 4082 3204 4153 θυρίδων,
3256 4081 3504 4134 τουτέστι
3561 4078 3648 4130 διὰ
3704 4076 3822 4130 τῶν

561 4187 711 4227 nunc
758 4173 960 4228 decore
1019 4173 1210 4242 sponsi
1261 4186 1359 4240 per
1411 4169 1690 4225 fenestras
1739 4165 1964 4218 fruitur.
2026 4161 2125 4216 Sed

2237 4178 2539 4246 αἰσθήσεων
2590 4175 2698 4228 τῶν
2747 4175 3050 4245 ἡμετέρων.
3089 4174 3262 4225 Ὅταν
3313 4175 3371 4224 ἐν
3413 4173 3564 4242 νόμῳ
3609 4168 3821 4239 Κυρίου

559 4264 915 4335 quaerendum
963 4272 1044 4319 est
1083 4263 1362 4334 quomodo
1407 4275 1650 4331 sponsus
1693 4273 1790 4328 per
1831 4256 2125 4316 fenestras,

2240 4269 2573 4340 μελετῶντες
2606 4268 2816 4339 ἡμέρας
2846 4268 2939 4320 καὶ
2979 4266 3172 4328 νυκτὸς
3206 4267 3318 4327 τοῖς
3341 4263 3506 4326 θείοις
3533 4259 3822 4330 ἐντρυφῶ-

559 4358 664 4411 hoc
694 4365 815 4422 est,
865 4372 962 4425 per
1018 4371 1214 4412 sensus
1260 4365 1484 4408 nostros
1537 4350 1863 4422 prospiciat.
1911 4347 2047 4401 Cum
2080 4348 2125 4399 in

2245 4379 2341 4430 μεν
2365 4361 2567 4428 λόγοις,
2596 4361 2690 4412 καὶ
2722 4358 2861 4426 μετὰ
2889 4355 3233 4420 κατανύξεως
3257 4355 3350 4408 καὶ
3377 4352 3629 4422 γνώσεως
3654 4367 3827 4421 προσ-

562 4453 680 4520 lege
723 4450 936 4503 Domini
980 4451 1314 4504 meditantes
1340 4447 1428 4502 die
1471 4462 1534 4498 ac
1581 4451 1745 4498 nocte
1774 4441 1982 4495 divinis
2015 4452 2125 4492 ser-

2243 4452 2460 4520 έχωμεν
2517 4452 2629 4511 τοῖς
2688 4449 3118 4519 γεγραμμένοις,
3155 4445 3495 4515 διανοίγομεν
3529 4443 3684 4513 ἡμῶν
3717 4441 3827 4503 τὰς

562 4545 814 4600 Iunonibus
855 4545 966 4616 66
1015 4545 1384 4604 oblectamur,
1424 4548 1479 4593 et
1511 4554 1636 4592 cum
1667 4535 1835 4589 animi
1866 4546 2125 4596 compun-

2243 4542 2486 4612 θυρίδας,
2514 4542 2608 4594 καὶ
2627 4539 2998 4609 ὑποδεκόμεθα
3025 4539 3120 4592 τοῦ
3153 4538 3385 4608 νυμφίου
3412 4537 3474 4589 τὸ
3505 4536 3824 4604 πρόσωπον.

559 4657 765 4721 ctione,
823 4665 878 4713 et
925 4657 1182 4720 scientia,
1239 4668 1363 4723 qua:
1415 4651 1626 4718 scripta
1679 4652 1810 4700 sunt
1839 4643 2125 4711 diligenter

2244 4633 2354 4686 Kal.
2385 4633 2514 4685 ὅταν
2560 4633 2762 4700 ἑτέρων
2794 4631 3273 4699 ἀναγινωσκόντων
3313 4629 3382 4683 τά
3401 4630 3448 4661 ⁸⁵
3483 4629 3604 4681 θεῖα
3640 4627 3828 4694 λόγια,

561 4750 1021 4813 consideramus,
1091 4749 1366 4803 fenestras
1430 4750 1651 4796 nostras
1703 4736 2028 4807 aperimus,
2086 4743 2125 4784 ei

2244 4723 2278 4793 ἢ
2329 4725 2458 4794 περὶ
2503 4723 2638 4776 Θεοῦ
2669 4723 3102 4792 διαλεγομένων,
3159 4720 3462 4782 σπουδαίως
3511 4717 3829 4786 ἀκούωμεν,

559 4842 748 4914 sponsi
798 4855 1090 4911 personam
1123 4837 1493 4906 suscipimus.
1535 4831 1787 4898 Cumque
1815 4827 1958 4880 alios
1991 4822 2125 4878 divi-

2246 4814 2410 4867 πάλιν
2437 4815 2526 4867 διὰ
2550 4815 2659 4867 τῶν
2687 4813 2862 4868 ἄλλων
2890 4813 3122 4882 θυρίδων
3146 4815 3174 4864 ὀ
3199 4813 3430 4882 νυμφίος
3450 4807 3833 4880 παρακύπτει,

559 4900 660 4987 nas
707 4900 1030 5001 Scripturas
1055 4929 1379 4988 recitantes,
1407 4932 1501 4978 aut
1522 4920 1594 4976 de
1627 4919 1739 4974 Deo
1771 4918 2125 4976 disserentes,

2246 4908 2341 4960 καὶ
2363 4907 2409 4938 ⁸⁵
2442 4907 2503 4958 τὸ
2529 4909 2727 4960 οίκείον
2759 4909 2892 4976 ἡμῖν
2926 4905 3270 4958 ὑποδείκνυσι
3304 4903 3516 4965 κάλλος.
3558 4902 3634 4954 Οὐ
3665 4900 3836 4970 μόνον

558 5023 811 5079 studiose
838 5021 1120 5081 audimus,
1154 5033 1252 5088 per
1277 5016 1416 5070 alias
1439 5026 1640 5067 rursus
1673 5009 1947 5063 fenestras
1973 5018 2137 5073 spon-

555 5129 652 5170 sus
681 5113 971 5183 prospicit,
1002 5119 1055 5164 et
1094 5109 1373 5179 propriam
1408 5103 1572 5159 nobis
1609 5099 1850 5154 ostendit
1879 5095 2132 5167 pulchri-

553 5204 821 5258 tudinem.
857 5201 976 5255 Non
1011 5203 1194 5255 solum
1238 5207 1420 5252 autem
1458 5209 1554 5265 per
1595 5193 1872 5248 fenestras
1909 5187 2124 5259 prospi-

2241 5000 2298 5052 δὲ
2331 4998 2421 5052 διὰ
2448 4998 2557 5051 τῶν
2589 4997 2820 5068 θυρίδων
2857 4995 3227 5065 παρακύπτει,
3274 4994 3410 5047 ἀλλὰ
3437 4998 3530 5047 καὶ
3572 4991 3682 5046 ἀπὸ
3715 4989 3836 5043 τῶν

2241 5090 2476 5145 δικτύων
2504 5089 2766 5144 ἐκκύπτει
2791 5105 2802 5118 ·
2837 5088 2897 5140 οὐ
2937 5087 3336 5157 καταλιμπάνει
3373 5085 3482 5156 γὰρ
3517 5082 3681 5136 αὑτοῦ
3727 5085 3836 5150 τὴν

2241 5184 2460 5255 νύμφην
2494 5182 2866 5255 θηρευομένην
2912 5180 3016 5232 ὑπὸ
3049 5181 3156 5233 τῶν
3201 5177 3502 5232 ἐπιϐούλων
3531 5175 3834 5244 δαιμόνων,

1616 5349 1758 5406 Psal.
1801 5364 1988 5413 Lxm,
2020 5346 2179 5400 8-14.
2264 5342 2282 5381 ί
2318 5341 2520 5406 Jerem,
2565 5356 2642 5406 Ix,
2676 5341 2764 5394 9i.
2850 5341 2875 5379 ⁸
2913 5337 3102 5392 Matth.
3155 5353 3208 5397 v,
3243 5337 3336 5389 98.

1852 5483 2087 5540 VARIIE
2127 5478 2426 5535 LECTION
2447 5478 2551 5532 ES.

627 5369 651 5397 ε
684 5358 787 5413 Isa.
825 5371 914 5421 ιι,
952 5356 1005 5410 4.
1080 5354 1106 5393 τι
1138 5354 1270 5408 Luc.
1306 5368 1386 5416 Ill,
1420 5353 1472 5406 5.

622 5651 669 5682 '°
698 5649 830 5704 Rec.
874 5647 1032 5703 lectio
1053 5657 1139 5702 est
1164 5648 1472 5702 έκκύπτων.
1556 5645 1717 5699 Hebr.
1746 5644 1992 5699 emicans
2017 5657 2059 5697 s.
2093 5641 2252 5710 quasi
2291 5639 2661 5710 efﬂorescens.
2740 5633 2784 5710 ξι
2817 5634 3074 5710 θυρίδωνἶ
3101 5630 3225 5685 cod.
3251 5645 3438 5700 praem.
3469 5626 3596 5681 τῶν.
3621 5626 3663 5655 '"
3689 5623 3828 5679 cod.

555 5721 656 5775 δεῖ.
703 5702 915 5773 Ὴίίνῦν
1085 5719 1209 5773 cod.
1240 5719 1426 5789 αὐτῆς.
1515 5715 1562 5748 ⁸⁸
1601 5715 1688 5768 τά.
1728 5714 1851 5768 cod.
1893 5713 2007 5766 καί.
2075 5702 2124 5742 ⁸⁵
2157 5709 2252 5762 καὶ
2291 5738 2358 5747 -
2397 5707 2680 5761 ὲκκύπτει.
2723 5704 2840 5760 des.
2887 5702 2939 5758 in
2975 5702 3100 5756 cod.
