4088 6422
527 358 630 423 103

1483 359 1968 422 THEODORETI
2000 351 2339 418 EPISCOPI
2370 351 2736 419 CYRENSIS

3683 366 3785 432 104

523 471 658 526 Nam
688 469 792 524 sub
821 469 1085 524 columba:
1119 468 1298 539 specie
1324 470 1608 524 descendit
1641 483 1804 539 super
1832 483 1956 521 eum
1985 467 2078 538 Spi

2205 467 2512 536 νιττόμενος
2533 483 2547 498 ’
2582 470 2638 520 ὲν
2675 468 2803 520 εῖδει
2828 469 2934 538 γὰρ
2966 473 3290 542 περιστερᾶς
3330 473 3416 525 ἐπ’
3444 473 3607 530 αὑτὸν
3633 479 3786 548 ἐφοί-

524 565 664 617 ritus
690 571 939 616 sanctus.
975 560 1081 616 Eos
1113 577 1295 632 porro,
1329 561 1422 630 qui
1469 560 1694 630 perfecti
1744 567 1894 623 sunt,
1938 561 2103 630 spiri-

521 654 701 707 tnales
725 667 921 706 vocare
945 654 1140 708 solitus
1159 663 1241 707 est
1265 653 1458 706 beatus
1487 650 1708 705 Paulus.
1733 650 2101 716 Quamobrem

521 743 588 796 ad
621 742 975 812 imperfectos
1007 743 1182 798 adhuc
1224 742 1477 797 scribens
1511 759 1524 794 :
1570 761 1589 792 ι
1625 741 1689 795 Et
1728 757 1863 810 ego,
1893 742 2098 810 inquit,

523 832 740 896 fratres,
775 847 884 885 non
914 833 1061 900 potui
1094 832 1377 886 vobiscum
1415 833 1563 902 loqui
1599 841 1658 885 ut
1687 848 1812 887 cum
1839 833 2102 901 spiritua-

520 923 684 987 libus,
720 925 815 977 sed
865 933 922 976 ut
969 938 1091 976 cum
1127 923 1488 978 carnalibus:
1545 933 1802 995 tanquam
1857 926 2100 994 parvulis

519 1013 573 1065 in
611 1012 832 1066 Christo
865 1020 913 1066 '.
952 1033 970 1064 ι
1006 1013 1275 1069 Perfectis
1301 1023 1483 1069 autem
1517 1017 1711 1070 scribit
1745 1035 1757 1070 :
1806 1036 1824 1066 ι
1863 1017 1972 1070 Vos
2000 1031 2099 1069 au-

517 1109 626 1155 tem
670 1102 723 1155 in
779 1116 946 1155 carne
996 1119 1106 1156 non
1143 1105 1300 1169 estis,
1342 1105 1438 1158 sed
1476 1105 1532 1159 in
1568 1106 1788 1175 spiritu,
1838 1108 1884 1161 si
1919 1115 2097 1164 tamen

519 1191 771 1262 Spiritus
823 1192 918 1258 Dei
953 1194 1161 1248 habitat
1216 1195 1270 1248 in
1328 1196 1485 1251 vobis
1522 1198 1564 1251 ί.
1601 1216 1620 1248 ι
1675 1196 1866 1252 Merito
1915 1199 2100 1268 itaque

514 1285 755 1338 animam
799 1286 855 1338 in
899 1285 1100 1339 virtute
1151 1284 1447 1354 perfectam
1498 1301 1734 1356 sponsus
1784 1289 2094 1343 columbam

513 1375 772 1444 appellat,
808 1374 859 1428 id
891 1381 976 1430 est
1012 1375 1359 1444 spiritualem
1387 1385 1441 1430 ct
1464 1375 1674 1446 Spiritu
1701 1387 1893 1431 sancto
1918 1379 2097 1447 repleo

512 1470 646 1515 tam.
676 1461 890 1516 Etenim
926 1460 1099 1516 Isaias
1139 1463 1404 1532 propheta
1426 1503 1440 1525 ,
1475 1463 1588 1517 haec
1621 1465 1779 1534 longe
1811 1475 1938 1519 ante
1970 1479 2098 1534 pro-

513 1553 781 1623 spiciens,
830 1561 884 1606 et
934 1562 1156 1608 sanctos
1205 1555 1500 1622 apostolos,
1551 1564 1810 1624 tanquam
1861 1557 2096 1625 aligeras

511 1642 779 1712 quosdam
816 1643 1132 1698 universum
1180 1644 1371 1698 orbem
1405 1652 1679 1698 terrarum
1728 1648 2091 1714 pervolantes,

511 1746 815 1800 eorumque
872 1731 1176 1800 discipulos
1236 1740 1291 1785 et
1343 1732 1643 1795 auditores,
1697 1736 1856 1803 quasi
1913 1735 2094 1804 pullos

2205 575 2335 628 τησε
2373 559 2431 610 τὸ
2457 561 2680 629 Πνεῦμα
2705 561 2766 612 τὸ
2803 559 2975 628 ἅγιον.
3008 563 3146 625 Τοὺς
3184 563 3240 616 δὲ
3269 564 3511 629 τελείους
3541 585 3788 641 πνευμα-

2204 651 2389 712 τικοὺς
2431 646 2572 704 οἶδεν
2627 653 2657 702 6
2714 652 2981 722 μακάριος
3029 653 3242 718 Παῦλος
3297 656 3504 710 καλεῖν.
3545 660 3637 714 Διὸ
3671 665 3787 726 τοῖς

2204 740 2452 794 ἀτελέσιν
2499 741 2579 794 ἔτι
2631 744 2860 812 γράφων
2895 744 3060 812 φησίν
3082 761 3096 774 ο
3134 762 3154 796 s
3191 745 3382 815 Κάγὼ,
3411 748 3652 818 ἀδελφοὶ,
3683 754 3787 807 οὐκ

2203 831 2473 903 ἠδυνήθην
2531 834 2660 903 ύμῖν
2699 833 2929 903 λαλῆσαι
2971 835 3047 897 ὡς
3092 842 3504 908 πνευματικοῖς,
3541 842 3657 896 ἀλλ’
3706 845 3788 909 ὡς

2203 924 2506 990 σαρκικοῖς,
2539 925 2615 987 ὡς
2638 925 2851 994 νηπίοις
2878 927 2938 978 ὲν
2967 925 3208 996 Χριστῷ.
3251 947 3270 980 ι
3316 928 3441 992 Τοῖς
3465 931 3525 984 δὲ
3551 934 3786 998 τελείοις

2202 1013 2433 1084 γράφει·
2490 1034 2508 1069 s
2556 1015 2745 1084 Ὑμεῖς
2793 1015 2848 1069 δὲ
2901 1015 2959 1069 ὲν
3011 1019 3175 1088 σαρκὶ
3222 1019 3322 1074 οὐκ
3371 1022 3531 1088 ἐστὲ,
3571 1025 3688 1082 ἀλλ’
3721 1031 3785 1081 ὲν

2202 1104 2489 1174 πνεύματι,
2513 1106 2671 1176 εἴπερ
2692 1105 2914 1176 Πνεῦμα
2929 1106 3064 1160 Θεοῦ
3079 1111 3217 1163 οἰκεῖ
3239 1113 3298 1165 ὲν
3321 1113 3468 1183 ὑμῖν.
3489 1133 3509 1166 ι
3540 1117 3784 1184 Εἰκότως

2201 1195 2379 1248 τοίνυν
2408 1197 2506 1265 τὴν
2535 1198 2594 1252 ὲν
2645 1199 2811 1267 ἁρετῇ
2860 1198 3284 1272 τετελειωμένην
3321 1204 3500 1275 ψυχὴν
3518 1207 3564 1238 ’⁸
3585 1208 3614 1260 6
3637 1225 3782 1280 νυμ-

2201 1286 2320 1355 φίος
2378 1289 2706 1360 περιστερὰν
2750 1291 3005 1360 ὀνομάζει
3035 1294 3320 1348 ’τουτέστι
3374 1300 3778 1368 πνευματικὴν,

2199 1380 2295 1431 καὶ
2342 1381 2658 1450 Πνεύματος
2705 1383 2862 1451 ἁγίου
2919 1383 3377 1459 πεπληρωμένην.
3427 1391 3539 1446 Καὶ
3588 1392 3698 1463 γὰρ
3746 1393 3780 1444 6

2200 1473 2482 1541 προφήτης
2542 1474 2768 1536 Ἡσαΐας
2831 1475 3113 1547 πόρρωθεν
3168 1478 3341 1532 ταῦτα
3379 1481 3643 1551 προορῶν,
3678 1483 3781 1536 καὶ

2196 1563 2323 1625 τοὺς
2360 1565 2548 1630 ἁγίους
2597 1565 2930 1630 ἀποστόλους
2957 1561 3070 1621 οἷόν
3103 1586 3256 1633 τινας
3295 1572 3636 1644 ὑποπτέρους
3665 1576 3784 1629 πᾶ-

2199 1669 2297 1704 σαν
2329 1653 2429 1724 τὴν
2471 1655 2796 1724 οἰκουμένην
2834 1659 3299 1728 περιῖπταμένους
3341 1660 3636 1732 Θεὼμενος,
3677 1664 3780 1717 καὶ

2196 1744 2320 1806 τοὺς
2348 1746 2572 1798 ἐκείνων
2625 1751 2884 1818 φοιτητὰς
2931 1751 3024 1801 καὶ
3056 1751 3351 1819 ἀκροατάς,
3383 1753 3572 1827 ὥσπερ
3615 1758 3779 1820 τινας

511 1821 776 1893 quosdam
803 1837 901 1876 eos
937 1833 1254 1891 sequentes,
1291 1825 1697 1894 contemplans,
1733 1841 1932 1898 magna
1961 1842 2082 1883 voce

2197 1837 2464 1898 νεοττοὺς,
2495 1817 2792 1906 ἑπομένους
2843 1840 3043 1903 αὐτοῖς,
3076 1817 3173 1911 βοᾷ
3207 1845 3301 1895 καὶ
3339 1844 3518 1912 λέγει’
3540 1817 3579 1897 ,1
3613 1817 3776 1911 Τίνες

510 1919 711 1972 clamat
745 1914 799 1968 in
836 1914 983 1967 hunc
1026 1913 1290 1970 modum:
1327 1932 1346 1964 ‹
1389 1914 1493 1980 Qui
1543 1924 1672 1970 sunt
1717 1917 1845 1982 isti,
1893 1918 1986 1987 qui
2035 1925 2096 1972 ut

512 2009 685 2064 nubes
727 2007 936 2069 volant,
963 2014 1019 2060 et
1047 2006 1206 2076 quasi
1233 2007 1499 2061 columbae
1523 2021 1648 2062 cum
1672 2009 1834 2078 pullis
1855 2009 1970 2063 suis
1992 2017 2017 2045 υ
2035 2010 2088 2062 2»

510 2096 709 2152 Eodem
749 2097 910 2152 modo
950 2112 1189 2167 sponsus
1229 2097 1320 2152 hic
1367 2096 1668 2153 Ecclesiam
1703 2114 1857 2154 suam
1893 2099 1948 2156 in
1977 2109 2092 2156 len-

507 2189 810 2244 tationibus
864 2190 1205 2246 laborantem
1256 2205 1514 2246 recreans
1560 2201 1724 2260 atque
1775 2194 2088 2258 consolans,

505 2286 560 2332 et
591 2293 656 2332 ex
692 2278 951 2334 fenestris
987 2281 1289 2348 aspiciens,
1320 2289 1374 2335 et
1403 2297 1466 2335 ex
1501 2283 1766 2337 cancellis
1813 2291 2087 2350 spectans,

506 2370 760 2423 hortatur
788 2381 847 2448 ut
877 2380 1068 2441 surgat
1100 2380 1156 2426 et
1198 2372 1265 2427 ad
1311 2388 1372 2428 se
1403 2372 1637 2431 advolet.
1668 2373 1828 2429 Dedit
1859 2376 2006 2429 enim
2038 2376 2086 2429 ei

505 2460 772 2515 columba:
800 2462 947 2518 illius
979 2478 1208 2532 pennas,
1251 2465 1320 2520 de
1350 2481 1459 2535 qua
1498 2466 1692 2521 beatus
1718 2461 1887 2521 David
1926 2485 1938 2520 ε
1980 2487 1998 2520 ‹
2030 2467 2086 2522 Si

504 2551 814 2616 dormiatis,
853 2553 1054 2623 inquit,
1103 2555 1250 2609 inter
1291 2557 1501 2610 medias
1534 2567 1734 2620 sortes,
1786 2559 1859 2613 ibi
1895 2576 2087 2629 penna

503 2641 774 2696 columbae
826 2642 1318 2712 deargentatae,‘et
1362 2657 1638 2714 postrema
1684 2647 1832 2702 dorsi
1873 2649 1992 2718 ejus
2031 2651 2084 2704 in

503 2731 710 2798 pallore
746 2732 866 2787 auri
900 2742 950 2787 '.
991 2752 1012 2786 ι
1051 2733 1240 2789 Sortes
1273 2738 1507 2805 appellat
1551 2737 1661 2792 duo
1700 2735 2080 2806 Testamenta;

503 2821 814 2877 columbam
849 2832 1030 2878 autem
1064 2822 1305 2893 Spiritus
1357 2830 1536 2882 sancti
1572 2830 1824 2897 gratiam,
1875 2845 2083 2898 pennas

505 2909 798 2966 habentem
832 2911 1242 2984 deargentatas,
1281 2918 1550 2971 orationis
1581 2917 1790 2972 scilicet
1821 2920 2080 2987 splendo-

503 3014 644 3052 rem.
691 2999 976 3056 Postrema
1028 3019 1160 3058 vero
1209 3005 1361 3060 dorsi
1413 3007 1466 3060 in
1518 3006 1720 3076 pallore
1749 3009 1905 3069 auri,
1947 3009 2081 3062 dicit

2194 1924 2301 1976 οἵδε
2351 1925 2540 1977 disci"
2575 1929 2797 1996 νεφέλαι
2837 1930 3122 1994 πέτανται,
3154 1933 3248 1984 καὶ
3278 1933 3408 1986 ὡσεὶ
3443 1940 3776 2007 περιστεραὶ

2196 2014 2294 2066 σὺν
2322 2017 2566 2078 νεοσσοῖς
2592 2017 2801 2082 αὑτῶν;
2842 2037 2859 2067 ι
2883 2018 3038 2072 Οὕτω
3077 2021 3169 2072 καὶ
3198 2023 3225 2072 6
3254 2024 3487 2093 νυμφίος
3532 2026 3776 2080 ἐνταῦθα

2191 2103 2290 2175 τὴν
2317 2105 2644 2175 Ἐκκλησίαν
2679 2107 2845 2160 αὑτοῦ
2879 2111 3189 2178 κάμνουσαν
3215 2115 3274 2165 ἐν
3299 2117 3413 2177 τοῖς
3443 2120 3776 2187 πειρασμοῖς

2191 2194 2535 2265 ψυχαγωγῶν
2567 2198 2661 2249 καὶ
2695 2201 3190 2272 παραμυθούμενος
3211 2246 3226 2267 ,
3258 2207 3351 2258 καὶ
3379 2208 3442 2260 ὲκ
3474 2209 3583 2260 τῶν
3613 2208 3774 2280 Θυρί-

2189 2286 2294 2338 δων
2325 2287 2734 2358 παρακύπτων,
2765 2293 2857 2344 καὶ
2895 2293 3003 2346 ἀπὸ
3049 2295 3156 2347 τῶν
3184 2296 3417 2350 δικτύων
3449 2301 3769 2366 ἐκκύπτων,

2189 2380 2498 2446 παρακαλεῖ
2519 2379 2685 2449 αὐτὴν
2707 2383 3027 2454 ἀναστῆναι,
3045 2386 3141 2438 καὶ
3168 2387 3306 2456 πρὸς
3326 2390 3488 2443 αὑτὸν
3517 2391 3771 2463 ἀναπτῆ-

2189 2484 2297 2522 ναι.
2332 2469 2540 2523 Ἔδωκε
2594 2475 2701 2543 γὰρ
2743 2473 2880 2545 αὐτῇ
2932 2476 3030 2545 τῆς
3065 2481 3396 2550 περιστερᾶς
3448 2481 3664 2552 ἐκείνης
3696 2483 3771 2537 τὰ

2188 2561 2383 2630 πτερά,
2418 2565 2542 2633 περὶ
2571 2559 2637 2634 ἧς
2661 2566 2689 2617 6
2717 2567 2984 2636 μακάριος
3017 2570 3182 2622 Δαὸὶδ
3209 2570 3391 2639 λέγει·
3426 2593 3444 2625 s
3493 2575 3620 2629 Ἐὰν
3647 2592 3770 2629 κοιο

2190 2651 2396 2720 μηϐἧτε
2418 2653 2688 2722 ἁναμέσον
2714 2655 2821 2707 τῶν
2853 2657 3087 2728 κλήρων,
3104 2662 3220 2714 ἐκεῖ
3236 2663 3283 2695 ⁸⁸
3304 2663 3575 2735 πτέρυγες
3605 2683 3772 2738 περι-

2187 2745 2382 2812 στερᾶς
2427 2749 2980 2818 περιηργυρωμέναι,
3013 2753 3108 2806 καὶ
3150 2755 3219 2808 τὰ
3259 2757 3572 2828 μετάφρενα
3593 2759 3771 2830 αὐτῆς

2183 2833 2239 2884 ἐν
2272 2833 2572 2907 χλωρότητι
2600 2844 2823 2913 χρυσίου
2854 2861 2867 2874 ο
2903 2865 2920 2895 ι
2957 2845 3193 2915 κλήρους
3225 2848 3322 2910 τὰς
3360 2849 3452 2902 δύο
3483 2850 3770 2922 Διαθήκας

2183 2924 2479 2992 ὀνομάζων,
2516 2931 2843 3002 περιστερὰν
2876 2933 2932 2986 δὲ
2965 2935 3062 3004 τὴν
3100 2935 3194 2988 τοῦ
3232 2937 3548 3006 Πνεύματος
3577 2941 3767 3010 χάριν,

2181 3015 2355 3086 πτερὰ
2383 3016 2608 3086 ἔχουσαν
2641 3025 3152 3095 περιηργυρωμένα,
3192 3027 3290 3098 τὴν
3314 3028 3407 3081 τοῦ
3435 3029 3589 3098 λόγου
3617 3030 3771 3102 λαμ-

502 3091 846 3146 occultorum
873 3093 984 3163 69
1015 3098 1399 3165 mysteriorum
1428 3098 1871 3154 illustrationem.
1909 3098 2074 3165 Quasi

681 3181 774 3200 σε.
957 3186 988 3200 ..
1079 3186 1089 3200 .
1317 3189 1359 3200 ...
1432 3198 1439 3200 μ
1620 3198 1626 3200 _
2003 3195 2012 3200 _

2187 3106 2424 3176 πρὸτητα
2444 3122 2460 3137 °
2499 3091 2818 3182 μετάφρενα
2843 3115 2900 3167 δὲ
2921 3091 2927 3092 ⁷
2947 3091 3009 3168 ὲν
3049 3091 3347 3191 χλωρότητι
3377 3091 3622 3190 χρυσίου,
3650 3091 3772 3177 τίῦν

501 3179 736 3246 dicat,Si
764 3183 814 3236 in
850 3186 1028 3239 medio
1058 3186 1292 3242 duorum
1317 3189 1792 3247 Testamentorum
1815 3195 2078 3263 conquie-

501 3274 712 3336 veritis,
755 3288 806 3329 et
843 3293 908 3330 ex
938 3288 1174 3349 utroque
1203 3284 1564 3352 perceperitis
1588 3285 1902 3348 utilitatem,
1929 3285 2079 3340 varia

501 3363 573 3418 .‘ai
616 3363 854 3434 Spiritus
896 3372 1070 3424 sancti
1104 3371 1247 3426 dona
1296 3376 1602 3443 reperietis.
1659 3375 1872 3446 Sponsa
1912 3376 2081 3448 igitur

497 3456 836 3522 spiritualeln
869 3462 1145 3531 accipiens
1183 3464 1635 3531 admonitionem,
1665 3467 1794 3522 dum
1822 3468 1877 3522 in
1900 3468 2080 3524 medio

497 3549 727 3602 sortium
770 3554 1088 3621 requiescit,
1121 3554 1238 3609 alas
1279 3556 1487 3610 invenit
1527 3565 1758 3627 argento
1786 3557 2075 3624 obductas,

495 3641 694 3709 quibus
717 3642 940 3711 jubetur
969 3646 1036 3700 ad
1079 3661 1342 3716 sponsum
1375 3647 1650 3703 advolare.

566 3907 732 3964 Vsus.
779 3909 969 3964 "-13.
1015 3909 1152 3966 Ecce
1171 3911 1340 3976 enim,
1369 3913 1567 3983 inquit,
1606 3914 1769 3969 hiems
1813 3917 2070 3971 transiit:

491 3999 657 4053 imber
695 4000 863 4063 abiit,
902 4003 1115 4054 recessit
1151 4001 1275 4056 sibi.
1323 4002 1510 4058 Flores
1548 4008 1811 4074 conspecti
1851 4017 1974 4061 sunt
2013 4009 2068 4062 in

492 4100 635 4144 terra
672 4103 691 4140 .'
725 4100 930 4158 tempus
957 4093 1205 4148 sectionis
1235 4095 1475 4161 advenit;
1503 4111 1601 4150 vos:
1627 4099 1851 4153 turturis
1881 4099 2068 4154 audita

487 4189 565 4235 est
603 4181 658 4236 in
695 4189 836 4236 terra
874 4193 1074 4240 nostra.
1123 4183 1288 4240 Ficus
1325 4189 1552 4256 protulit
1585 4192 1861 4258 grossulos
1896 4208 2021 4247 suos
2044 4207 2066 4246 :

486 4273 648 4326 sinere
679 4272 908 4341 ﬂorent,
949 4276 1206 4332 dederunt
1245 4281 1482 4334 odorem.
1525 4279 1624 4336 His
1661 4281 1967 4346 addamus,
2009 4283 2059 4338 si

2183 3200 2580 3268 κεκρυμμένων
2608 3206 2924 3274 μυστηρίων
2949 3207 3010 3259 τὸ
3037 3208 3398 3278 περίϐλεπτον
3418 3229 3432 3243 ·
3475 3212 3600 3265 Ἐὰν
3627 3211 3767 3284 γὰρ,

2184 3290 2441 3358 equini,“
2473 3293 2623 3363 μέσῳ
2652 3294 2758 3347 τῶν
2776 3297 2822 3330 ⁹⁶
2852 3297 2946 3350 δύο
2969 3300 3253 3370 Διαθηκῶν
3287 3300 3761 3374 διαναπαύσησθε,

2183 3381 2276 3432 καὶ
2328 3383 2664 3454 ἑκατέρωθεν
2708 3386 2806 3458 τὴν
2847 3389 3116 3458 ὠφέλειαν
3159 3393 3462 3466 ἐλκύσητε,
3493 3397 3766 3468 εὑρήσετε

2183 3470 2298 3522 ἐκεῖ
2343 3471 2413 3524 τὰ
2475 3475 2693 3528 ποικίλα
2751 3477 2845 3532 τού
2893 3482 3209 3552 Πνεύματος
3242 3484 3412 3555 δῶρα.
3458 3489 3523 3541 Ἦ
3568 3489 3764 3563 νύμφη

2181 3561 2469 3632 τοιγαροῦν
2521 3564 2620 3634 τὴν
2674 3571 3050 3641 πνευματικὴν
3083 3572 3349 3646 δεξαμένη
3408 3561 3763 3649 παραίνεσιν,

2184 3653 2280 3705 καὶ
2334 3655 2659 3726 κοιμηθεῖσα
2715 3660 2990 3730 ἀναμέσον
3040 3664 3151 3718 τῶν
3209 3666 3446 3737 κλήρων,
3481 3663 3606 3740 εὗρε
3656 3670 3766 3735 τὰς

2179 3750 2706 3820 περιηργυρωμένας
2741 3754 3037 3823 πτέρυγας,
3072 3756 3141 3808 δι’
3188 3751 3264 3812 ὧν
3312 3759 3450 3829 πρὸς
3490 3760 3582 3814 τὸν
3614 3779 3761 3832 νυμ-

2177 3838 2298 3906 φίον
2323 3841 2628 3910 ἀναπτῆναι
2661 3845 3094 3914 παρακελεύεται
3112 3849 3175 3902 ⁸⁷.

2247 3933 2439 3996 ια’-ιγ’.
2503 3930 2646 3984 Ἰδοὺ
2685 3933 2814 4004 γὰρ,
2837 3936 3022 4004 φησὶν,
3053 3939 3088 3990 ὁ
3104 3939 3327 4007 χειμὼν
3356 3941 3688 4008 παρῆλθεν,
3719 3946 3763 3998 δ

2172 4019 2346 4084 ὑετὸς
2378 4019 2670 4088 ἀπῆλθεν,
2701 4023 2995 4094 ἐπορεύθη
3028 4027 3238 4093 ἐαυτῷ.
3281 4030 3356 4083 Τὰ
3400 4032 3551 4100 ἄνθη
3585 4033 3758 4103 ὤφθη

2175 4108 2245 4161 ἐν
2300 4109 2375 4177 τῇ
2431 4111 2509 4179 τῇ
2531 4129 2544 4141 ·
2579 4115 2783 4182 καιρὸς
2810 4115 2923 4184 τῆς
2980 4117 3169 4187 τομῆς
3197 4120 3241 4152 ’⁸
3267 4121 3498 4190 ἔφθασε
3529 4140 3541 4152 ·
3578 4125 3756 4192 φωνὴ

2175 4202 2285 4271 τῆς
2343 4207 2633 4274 τρυγόνος
2693 4207 2967 4277 ἠκούσθη
3028 4210 3100 4263 ἐν
3149 4210 3225 4280 τῇ
3279 4213 3358 4282 γῇ
3425 4214 3614 4284 ἡμῶν.
3684 4215 3763 4272 ἸΙ

2173 4295 2337 4363 συκῆ
2407 4295 2693 4364 ἐξήνεγκε
2733 4299 2778 4330 "
2829 4300 2971 4367 τοὺς
3045 4303 3344 4370 ὀλύνθους
3409 4305 3604 4375 αὐτῆς
3633 4347 3647 4369 ,
3689 4311 3756 4363 al

485 4362 698 4434 placet,
731 4374 787 4420 et
816 4367 983 4422 verba
1017 4368 1270 4434 Domini,
1310 4385 1436 4440 quae
1469 4378 1601 4426 sunt
1636 4371 1691 4425 in
1730 4371 2049 4440 Evangelio.

2187 4362 2429 4452 ἄμπελοι
2466 4362 2858 4454 κυπρίζουσιν
2883 4430 2898 4454 ,
2931 4362 3157 4445 έδωκαν
3198 4362 3418 4462 ὀσμὴν.
3481 4362 3756 4466 ΠάραΘῶ-

483 4451 619 4506 Cum
653 4455 801 4508 enim
831 4456 1049 4511 turbam
1082 4459 1311 4512 multam
1351 4459 1598 4529 undique
1637 4461 1704 4514 ad
1742 4475 1803 4516 se
1835 4459 2059 4516 conﬂu-

2187 4448 2272 4528 λεν
2325 4479 2556 4543 τούτοις,
2585 4481 2634 4530 sl
2663 4479 2681 4510 ⁸
2709 4479 2891 4546 δοκεῖ,

483 4551 665 4596 entem
690 4546 1092 4614 conspexisset,
1115 4546 1182 4602 ad
1210 4558 1440 4607 sanctos
1460 4550 1775 4618 apostolos:
1807 4549 2057 4616 dlessis,

483 4634 684 4702 inquit,
722 4635 916 4700 multa,
958 4638 1202 4704 operarii
1231 4645 1416 4694 autem
1448 4639 1612 4707 pauci
1643 4647 1693 4692 ι.
1728 4658 1746 4691 ι
1777 4638 1844 4693 Ει
1878 4643 2010 4696 alibi
2044 4661 2058 4698 :

486 4742 504 4773 ι
542 4721 698 4788 lam,
735 4726 947 4795 inquit,
983 4735 1038 4782 et
1067 4728 1161 4796 qui
1196 4729 1353 4783 metit
1392 4729 1701 4784 mercedem
1729 4733 1974 4802 accipit,
2004 4743 2060 4790 et

479 4825 777 4889 congregat
798 4817 1043 4876 fructum
1067 4820 1135 4876 ad
1154 4820 1323 4874 vitam
1347 4829 1610 4876 εισι-ηοω
1626 4829 1676 4876 γ.
1691 4821 1786 4878 »Ει
1814 4841 2014 4884 rursus
2038 4843 2054 4881 :

483 4927 502 4959 ι
525 4909 683 4965 Alius
702 4952 718 4976 ,
742 4911 955 4981 inquit,
984 4920 1069 4967 est
1094 4911 1190 4982 qui
1210 4913 1465 4976 seminat,
1486 4921 1540 4969 et
1567 4914 1709 4974 alius
1734 4919 1828 4988 qui
1860 4921 2052 4977 metit:

476 5011 578 5068 ego
605 4999 732 5056 misi
755 5015 852 5057 vos
886 5011 1150 5058 metere.»
1178 4999 1320 5059 Hinc
1355 5017 1490 5074 ergo
1515 5005 1675 5064 nobis
1696 5009 2049 5079 perspicuum

2943 4482 3175 4545 καὶτὰς
3233 4485 3598 4554 εὐαγγελικὰς
3649 4490 3750 4544 τοῦ

2170 4569 2379 4640 Κυρίου
2408 4571 2610 4639 φωνάς.
2643 4571 2856 4640 Πλῆθος
2889 4573 3000 4644 γὰρ
3048 4576 3184 4630 πολὺ
3231 4577 3568 4650 θεασάμενος
3609 4599 3753 4634 παν-

2168 4659 2395 4729 ταχόθεν
2447 4660 2754 4732 συρῤεῦσαν
2805 4664 2942 4735 πρὸς
2991 4665 3187 4730 αὐτὸν,
3233 4671 3363 4739 φησὶ
3425 4671 3560 4740 πρὸς
3613 4674 3751 4738 τοὺς

2170 4752 2348 4822 ἱεροὺς
2389 4753 2753 4817 ἀποστόλους·
2788 4773 2808 4806 ι
2856 4757 2913 4811 Ὀ
2945 4758 3042 4826 μὲν
3073 4759 3332 4831 Θερισμὸς
3385 4763 3572 4828 πολὺς,
3600 4765 3649 4816 οἱ
3686 4766 3752 4820 δὲ

2165 4838 2395 4908 ἐργάται
2426 4839 2654 4907 ὀλίγοι.»
2681 4844 2789 4896 Καὶ
2817 4844 3049 4921 ἀλλαχοῦ
3080 4849 3137 4902 δέ
3156 4866 3171 4882 ·
3215 4869 3232 4901 ι
3265 4851 3428 4922 Ἤδη,
3461 4854 3616 4925 φησι,
3649 4857 3753 4910 καὶ

2163 4929 2192 4980 ὁ
2216 4926 2445 4998 Θερίξων
2475 4930 2666 5001 μισθὸν
2699 4933 2965 5005 λαμϐάνει
2984 4979 2999 5004 ,
3033 4940 3124 4993 καὶ
3161 4942 3383 5012 συνάγει
3425 4945 3637 5015 καρπὸν
3661 4949 3752 5011 είς

2162 5015 2307 5085 ζωὴν
2331 5017 2568 5074 αἰώνιον.
2617 5039 2636 5071 ι
2671 5025 2783 5077 Καὶ
2817 5025 2978 5079 πάλιν
3012 5043 3025 5056 ·
3066 5046 3084 5078 ι
3126 5029 3320 5093 Ἄλλος
3367 5033 3506 5095 ἐστὶ,
3549 5035 3746 5103 φησιν,

475 5089 550 5140 sit
588 5087 758 5156 illud,
782 5107 801 5140 ε
831 5090 977 5144 Ecce
1012 5090 1192 5146 hiems
1236 5092 1484 5148 transiit.
1536 5115 1555 5148 ι
1595 5093 1840 5169 Tempus
1895 5099 2044 5154 cnim

2210 5107 2470 5178 σπείρων,
2501 5113 2591 5164 καὶ
2618 5112 2776 5178 ἄλλος
2803 5118 2832 5169 6
2875 5116 3108 5189 θερίζων
3137 5136 3150 5149 ·
3190 5087 3336 5190 ὑμᾶς
3365 5087 3742 5195 θερίξείνιάπέ

473 5177 620 5245 quod
643 5181 928 5249 praecessit
947 5178 1244 5235 adventum
1277 5183 1417 5252 ejus,
1440 5185 1672 5242 hiemem
1696 5195 1860 5244 vocat
1896 5205 1910 5240 :
1947 5203 2043 5243 ver

2188 5177 2410 5252 σταλκα.
2427 5219 2445 5252 ι
2483 5177 2767 5259 Ἐντεῦθεν
2783 5177 2960 5262 τοίνυν
2989 5177 3270 5282 1νοήσωμεν
3285 5177 3604 5279 16,1:166b6

473 5339 495 5369 ³
529 5333 550 5386 ι
581 5332 709 5389 Cor.
755 5349 846 5401 Ill,
895 5336 948 5390 ί.
1034 5340 1049 5376 ι
1082 5339 1240 5396 Rom.
1279 5359 1373 5399 vm
1400 5384 1415 5410 ,
1456 5346 1509 5400 9.
1591 5357 1616 5384 ιι
1654 5347 1758 5404 Isa.
1789 5367 1894 5418 ιι,
1922 5352 1975 5408 8.

2051 5363 2078 5390 ν
2106 5353 2249 5411 Psal.
2275 5376 2444 5424 uvn,
2475 5363 2558 5417 Η.

2644 5373 2668 5400 ι
2701 5364 2889 5420 Matth.
2927 5386 2999 5435 Ix,
3030 5369 3116 5424 57.
3198 5381 3228 5420 1
3257 5373 3511 5438 .Ιοωι.ιν.
3534 5376 3626 5439 36,

1747 5509 1984 5566 VARIE
2037 5513 2442 5574 LECTIONES.

542 5581 1138 5682 ἒῗτίξὴῖῑὶέἳκὶινιὲράο
1160 5596 1266 5682 εέιςί
1288 5598 1345 5682 ἐι
1366 5598 1980 5682 transmiserant:
2000 5608 2194 5682 ψυχάς.
2219 5614 2284 5682 1⁸
2311 5614 2465 5668 ὡσεί.
2490 5616 2646 5672 abas:
2669 5632 2698 5671 a
2723 5619 2846 5674 cod.
2921 5623 2966 5656 οι
2990 5626 3126 5679 ἐκεῖ.
3152 5625 3306 5681 abest
3336 5636 3376 5682 t.

3429 5671 3442 5696 ,
3479 5647 3532 5698 p.
3564 5631 3730 5690 1062.

471 5649 518 5680 η
583 5651 608 5663 ⁸⁸
671 5649 684 5654 ⁷
800 5649 812 5655 ”
865 5649 896 5658 "
916 5649 931 5661 '
1240 5649 1257 5660 ⁸
1375 5649 1415 5668 ⁷⁷⁸
1449 5649 1612 5684 κδ’,η
1631 5649 1977 5672 ”’”⁷“”⁶’”⁷”’“⁸
2002 5649 2194 5680 Υ*Ιε¹¹⁶⁹ο“
2311 5649 2465 5668 ⁸³³⁸⁵⁵⁸
2490 5649 2646 5672 ⁸³³³⁷9⁵
2669 5649 2698 5671 η
2723 5649 2846 5674 υυυ·
2923 5649 2964 5656 ⁷⁷
2990 5649 3126 5679 εἰει.
3152 5649 3306 5681 311881.
3337 5649 3376 5682 ι.
3429 5671 3442 5696 ,
3479 5649 3532 5698 [Ι.
3564 5649 3727 5690 τυυκ,

541 5667 673 5733 των.
697 5655 926 5738 abest}
969 5662 1094 5716 cod.
1167 5666 1366 5746 f7ocod.
1407 5683 1707 5724 κελευεται.
1779 5674 1824 5705 ⁸⁸
1847 5679 1946 5745 τῆς
1976 5681 2167 5751 τομῆς.
2207 5681 2372 5738 Hebr.
2413 5687 2783 5745 canttlationis
2823 5693 3072 5766 (avium).
3151 5698 3195 5729 ”
3233 5698 3513 5771 ἐξήνεγκε.
3560 5705 3727 5757 Hebr.

473 5734 637 5771 succo
661 5726 921 5771 Imnlewt-
955 5729 979 5771 Γ
1026 5735 1259 5771 ρηηΑιυιΙ
1336 5737 1350 5765 Ι
1385 5738 1430 5771 εἰ
1488 5739 1636 5771 αιιορι
1671 5755 1696 5771 η
1730 5742 1830 5771 ,ηυξ

473 5734 637 5775 succo
661 5724 923 5795 implevit,
954 5729 992 5787 ί.
1026 5735 1288 5789 condivit.
1336 5737 1350 5765 '
1385 5738 1452 5788 εί.
1487 5739 1641 5792 abest
1668 5755 1698 5793 a
1729 5742 1851 5795 cod.
