4088 6434
500 339 597 404 141

1463 368 1465 370 -
1500 332 1988 412 THEODORETI
2014 333 2352 398 EPISCOPI
2386 337 2752 399 CYRENSIS

3674 342 3776 409 ΠΩ

505 468 522 500 ‹
567 448 750 501 Donec
790 444 996 516 aspiret
1041 440 1159 495 dies
1188 481 1200 504 ,
1250 447 1301 492 et
1347 446 1507 492 mota:
1543 438 1750 491 fuerint
1782 434 2009 490 umbrae.
2053 453 2072 486 ι

2194 442 2342 515 Ξνθη,
2366 442 2402 498 ἀ
2429 442 2656 498 ἐκάλεσε
2689 441 2848 514 κρίνα
2866 441 2932 497 ⁸⁸.
2954 459 2974 493 ι
3000 443 3144 506 Ἕως
3170 434 3231 496 οἵ»
3254 442 3552 517 διαπνεῦσῃ
3576 448 3611 518 ὴ
3639 451 3777 520 ὴμέ-

502 540 737 594 Umbras
767 546 950 590 autem
982 541 1146 587 vocat
1177 545 1264 585 res
1296 531 1588 583 humanas.
1615 524 1636 544 '
1663 525 1850 592 Quare
1878 527 2078 583 beatus

496 631 665 686 etiam
704 626 879 686 David
907 644 920 679 :
963 642 981 677 ι
1017 621 1177 679 Sicut
1204 621 1399 676 umbra
1428 657 1443 683 ,
1496 617 1678 687 inquit
1702 657 1719 679 ,
1752 631 1881 672 cum
1911 617 2082 672 decli-

498 731 628 786 nat,
656 721 875 777 ablatus
907 732 1030 774 sum
1060 727 1108 770 Ρ.
1139 734 1160 770 ι
1207 715 1274 768 Et
1309 725 1506 768 rursus
1532 728 1546 763 ε
1590 729 1608 762 ι
1641 708 1770 766 Dies
1799 710 1908 764 mei
1937 711 2084 764 sicut

499 814 696 868 umbra
729 818 1016 866 transeunt
1040 818 1091 860 ιι.
1132 824 1151 857 ι
1191 804 1256 858 Ει
1287 811 1550 858 strenuus
1575 800 1788 856 Jobus:
1823 820 1841 852 ‹
1876 798 2081 854 Umbra

496 905 642 959 enim
668 913 772 966 est,
801 902 1002 972 inquit,
1031 899 1144 952 vita
1168 894 1412 950 hominis
1441 909 1607 962 super
1637 905 1780 948 terra
1808 903 1852 945 τ.
1883 911 1900 944 ι
1935 891 2084 946 Nihil

497 996 640 1048 enim
676 995 891 1046 lirmum
920 1029 935 1054 ,
987 989 1128 1045 nihil
1157 987 1358 1043 stabile
1383 1026 1398 1052 ,
1442 986 1582 1040 nihil
1615 993 1907 1062 constans,
1946 985 2084 1039 nihil

497 1094 818 1154 perpetuum
855 1095 918 1136 ac
964 1094 1096 1136 vere
1133 1078 1415 1132 exsistens
1481 1075 1686 1129 habent
1728 1089 1794 1128 ea
1839 1088 1963 1144 quae
1983 1073 2084 1141 :ju-

497 1175 676 1226 cunda
706 1173 963 1227 videntur
999 1172 1054 1225 in
1091 1171 1196 1224 hac
1229 1171 1345 1222 vita
1376 1184 1391 1233 ;
1426 1182 1533 1222 non
1569 1167 1792 1230 divitiae,
1828 1180 1937 1220 non
1969 1167 2086 1234 glo-

497 1264 579 1317 ria
605 1303 620 1329 ,
673 1277 782 1317 non
819 1262 1114 1333 imperium
1142 1300 1156 1324 .
1211 1273 1328 1314 non
1363 1257 1621 1328 corporis
1649 1257 1935 1321 valetudo,
1975 1271 2084 1310 non

499 1352 704 1419 forma,
744 1369 852 1407 non
886 1353 1126 1421 denique
1155 1349 1306 1404 aliud
1353 1348 1654 1417 quidquam
1691 1365 1704 1402 :
1761 1347 1856 1402 sed
1897 1347 2086 1400 inania

499 1452 663 1508 sunt,
706 1451 761 1499 et
807 1451 1073 1513 tanquam
1126 1442 1336 1495 umbrae
1368 1439 1768 1494 dissolvuntur.
1835 1435 2086 1506 Sponsus

497 1549 630 1604 ergo
662 1549 764 1589 nos
796 1535 976 1605 pascit
1001 1573 1016 1597 ,
1070 1533 1250 1586 donec
1293 1531 1462 1585 ardor
1498 1529 1607 1584 diei
1641 1531 1984 1598 :przelereat,
2035 1535 2089 1581 et

501 1642 595 1688 ros
615 1626 815 1692 salutis
840 1625 1068 1695 aspiret,
1093 1630 1148 1676 et
1179 1629 1505 1676 moveantur
1533 1619 1759 1684 umbrae,
1782 1626 1839 1673 et
1868 1619 2084 1683 futura,

499 1735 624 1789 quae
647 1718 907 1776 stabilem
932 1731 998 1770 ac
1029 1723 1347 1786 perpetuam
1380 1719 1637 1767 naturam
1669 1710 1896 1776 habent,
1919 1723 2089 1780 appa-

2183 553 2274 608 ρα,
2302 536 2398 589 καὶ
2443 534 2734 605 κινηθῶσιν
2761 534 2818 588 αί
2849 533 3017 588 σκιαί.
3053 554 3072 588 ι
3100 534 3278 603 ¹Σκιάς
3306 537 3364 590 δέ
3394 538 3550 592 καλεῖ
3579 538 3649 594 τὰ
3677 542 3778 595 ἀν-

2183 627 2430 700 θρώπινα
2464 629 2508 661 ³⁵
2547 628 2872 698 πράγματα.
2929 626 3020 682 Διὸ
3075 627 3170 680 καὶ
3227 629 3257 681 ό
3310 631 3578 702 μακάριος
3625 630 3778 701 λέγει

2182 719 2364 773 Δαϐίδ⁹
2395 737 2414 771 ι
2436 719 2525 782 Ὧς
2554 717 2682 774 σκιά
2697 719 2753 772 ἐν
2775 717 2854 790 τῷ
2877 718 3121 772 ἐκκλῖναι
3137 718 3311 789 αὐτὴν
3331 720 3723 793 ἀντανηρέθην.
3755 741 3774 774 ι

2183 812 2294 864 Καὶ
2319 810 2502 865 πάλινο
2527 829 2546 860 ι
2567 811 2634 866 Αἰ
2663 809 2868 882 ἡμέραι
2899 827 3002 882 μου
3032 809 3165 863 ὡσεὶ
3193 811 3320 864 σκιά
3348 815 3658 882 παράγουσι
3670 814 3734 866 ³⁸.
3756 833 3776 864 ι

2184 903 2294 956 Καὶ
2320 905 2345 955 ὁ
2368 905 2616 971 γενναῖος
2659 901 2778 956 ’1ώὸ
2797 919 2812 934 ·
2847 921 2865 954 ι
2900 900 3034 956 Σκιά
3059 903 3169 974 γάρ
3200 903 3348 956 ἐστιν
3377 906 3405 956 ὁ
3429 904 3540 974 βίος
3565 905 3784 972 ἀνθρὼ-

2186 1011 2291 1048 που
2317 995 2412 1049 ἐπί
2439 994 2539 1063 τῆς
2564 994 2689 1063 γῆς.
2729 1011 2748 1046 ι
2781 992 2947 1047 Οὐδὲν
2972 993 3083 1064 γὰρ
3113 995 3360 1065 μόνιμον,
3394 996 3514 1049 οὐδὲ
3539 996 3782 1066 βέϐαιον,

2185 1086 2305 1140 οὐδὲ
2333 1086 2502 1156 σταθη
2512 1086 2624 1156 ρὸν,
2645 1085 3000 1156 καὶδιαρκές,
3020 1088 3114 1139 καὶ
3134 1087 3298 1140 οἱονεὶ
3318 1088 3597 1152 οὐσιῶδες,
3613 1088 3709 1142 τοῦ
3737 1089 3784 1121 ³⁸

2187 1175 2454 1246 παρόντος
2470 1175 2588 1246 βίου
2603 1174 2671 1228 τὰ
2685 1174 2944 1229 δοκοῦντα
2965 1192 3025 1229 τε
3033 1177 3194 1247 ρπνά·
3213 1178 3273 1230 οὐ
3295 1176 3546 1243 πλοῦτος,
3577 1181 3638 1232 οὐ
3654 1180 3792 1247 δόξα

2185 1265 2248 1318 ού
2277 1265 2582 1329 δυναστεία,
2608 1265 2705 1336 οὐχ
2729 1264 2887 1332 ύγεία
2903 1265 3195 1336 σωμάτων,
3219 1268 3320 1321 οὐκ
3344 1267 3640 1340 εὐμορφία,
3673 1271 3781 1324 οὐκ

2187 1354 2316 1410 ἄλλο
2337 1355 2448 1410 τῶν
2467 1355 2725 1410 τοιούτων
2745 1356 2897 1410 οὐδέν
2920 1373 2934 1387 '
2959 1357 3098 1411 ἀλλά
3127 1359 3328 1431 σκιώδη
3353 1361 3632 1431 τυγχάνει,
3654 1364 3784 1425 ταῖς

2191 1448 2372 1509 σκιαῖς
2424 1445 2823 1518 παραπλησίως
2868 1447 3218 1519 διαλυόμενα.
3273 1450 3558 1520 Ποιμαίνει
3599 1451 3787 1508 τοίνυν

2189 1535 2339 1605 ἡμᾶς
2369 1534 2398 1585 ὁ
2430 1535 2684 1606 νυμφίος,
2722 1534 2829 1599 ἕως
2862 1534 2929 1589 ἂν
2959 1535 3022 1588 τὸ
3051 1535 3322 1604 φλογῶδες
3347 1537 3448 1608 τῆς
3485 1539 3697 1610 ἡμέρας
3738 1540 3784 1572 ιι

2189 1623 2436 1696 παρέλθῃ
2467 1625 2563 1678 καὶ
2599 1626 2896 1698 διαπνεύσῃ
2935 1626 3035 1697 τῆς
3076 1628 3350 1701 σωτηρίας
3385 1631 3420 1700 ἡ
3448 1628 3660 1701 δρόσος,
3686 1631 3788 1684 καὶ

2191 1715 2455 1788 κινηθῶσι
2482 1717 2582 1787 μὲν
2606 1719 2662 1770 αι
2690 1718 2860 1784 σκιαὶ,
2888 1723 3026 1790 φανῇ
3057 1719 3114 1775 δὲ
3142 1720 3208 1773 τά
3232 1719 3492 1791 μέλλοντα
3523 1720 3569 1752 ⁸⁸
3586 1721 3791 1793 διαρκῆ

499 1785 678 1878 ream.
697 1807 900 1865 Verum
929 1785 1062 1879 quia
1084 1814 1348 1877 tanquam
1375 1818 1486 1859 una
1515 1803 1795 1858 habentur
1821 1815 1851 1854 a
1884 1813 2089 1870 sponso

2194 1785 2315 1862 καῖ’
2345 1785 2574 1879 μόνιμον
2603 1807 2704 1880 τὴν
2750 1785 3246 1880 ύπαρξιννϋέχονταί
3279 1810 3432 1864 Ἐπεὶ
3475 1809 3532 1864 δὲ
3581 1809 3657 1876 ὡς
3679 1785 3793 1882 ’μία

501 1904 697 1957 animae
731 1898 987 1973 perfectae
1017 1906 1072 1953 et
1102 1897 1329 1952 Christo
1359 1897 1741 1966 desponsatas,
1781 1890 2086 1963 singulari-

501 2003 584 2052 ter
605 1993 710 2064 ipsi
742 1990 1163 2062 respondentes,
1194 1988 1388 2042 dicunt
1416 2003 1434 2041 :
1481 2005 1500 2039 ι
1530 1984 1711 2056 Nepos
1739 1998 1894 2039 meus
1921 1981 2084 2050 mihi,

498 2096 553 2140 et
591 2100 691 2156 ego
725 2084 828 2138 illi.
869 2101 887 2134 ι
941 2080 1059 2138 Hoc
1097 2088 1230 2147 est,
1267 2080 1502 2136 dilectus
1536 2093 1693 2134 meus
1724 2077 1860 2131 mihi
1893 2091 2092 2132 secun-

501 2178 628 2231 dum
655 2175 952 2247 imaginem
977 2173 1250 2236 cernitur,
1277 2179 1332 2226 et
1355 2185 1459 2240 ego
1486 2169 1566 2223 illi
1599 2169 1743 2233 vivo,
1768 2183 1880 2223 non
1905 2174 2089 2221 autent

501 2267 675 2339 mihi,
717 2272 776 2318 ut
816 2278 1044 2334 magnus
1084 2264 1162 2316 ait
1192 2260 1492 2330 Apostolus
1524 2269 1572 2312 ³.
1616 2277 1634 2311 ι
1675 2257 1782 2324 Qui
1825 2259 1998 2328 pascit
2033 2258 2091 2312 in

372 2359 383 2364 '
500 2357 673 2423 liliis;
708 2374 726 2408 ι
779 2355 884 2410 hoc
911 2363 1027 2420 est,
1060 2353 1155 2423 qui
1198 2367 1295 2423 per
1327 2362 1519 2406 sancta
1551 2364 1653 2404 sua
1682 2357 1954 2419 praecepta
1981 2387 1996 2412 ,
2036 2349 2091 2402 in

501 2450 798 2506 animabus
825 2448 938 2502 illis
961 2486 981 2513 ,
1011 2459 1134 2516 quae
1165 2444 1446 2514 magistra:
1480 2450 1612 2497 sunt
1633 2480 1649 2505 ,
1681 2455 1788 2495 nec
1819 2441 2094 2496 sollicitu-

494 2542 724 2596 dinibus
763 2540 927 2595 istius
954 2539 1078 2592 vita:
1099 2534 1445 2592 suﬂ‘ocantur
1472 2536 1517 2599 ι,
1546 2548 1679 2588 oves
1703 2534 1920 2587 ratione
1947 2547 2090 2603 prie-

502 2635 650 2690 ditas
677 2632 852 2702 regit,
905 2643 1002 2686 eos
1037 2627 1299 2682 nimirum
1349 2627 1444 2696 qui
1477 2640 1575 2696 per
1605 2626 1757 2695 ipsas
1787 2625 2095 2679 instituun-

502 2735 615 2786 tur.
673 2743 691 2777 ι
731 2723 914 2778 Donec
951 2720 1164 2790 aspiret
1213 2718 1370 2784 dies,
1415 2725 1474 2772 et
1523 2724 1684 2770 motae
1732 2715 1938 2771 fuerint
1976 2731 2096 2770 um-

503 2815 637 2871 brat.
671 2833 690 2865 ι
727 2811 914 2868 Donec
936 2807 1530 2881 uempelucidissimus
1564 2806 1656 2863 ille
1685 2807 1980 2877 aliquando
2011 2805 2098 2860 fu-

505 2917 665 2962 turus
690 2905 812 2960 dies
839 2905 913 2960 ab
947 2903 1103 2959 omni
1136 2901 1332 2956 umbra
1367 2899 1777 2956 remotissimus
1811 2899 1960 2955 adsit
1989 2919 2002 2956 :
2043 2908 2099 2955 et

504 3015 698 3055 omnes
728 3013 819 3054 res
857 3003 1191 3068 praesentes,
1241 3007 1366 3064 quae
1425 3009 1610 3049 rerum
1647 2993 1756 3065 76
1786 2993 2096 3048 futurarum

2190 1899 2296 1954 εἰσὶ
2337 1898 2416 1970 τῷ
2465 1898 2683 1970 νυμφίῳ
2727 1900 3120 1972 νυμφευθεῖσαι
3169 1901 3319 1972 αὐτῷ
3364 1901 3794 1973 τετελειωμέναι

2188 1991 2379 2061 ψυχαὶ,
2419 1989 2613 2054 ἑνικῶς
2653 1991 2791 2063 πρὸς
2837 1991 2999 2046 αὐτὸν
3043 1992 3475 2064 ἀποκρινόμεναι
3506 2010 3672 2062 φασιν
3705 1993 3790 2026 ιι.

2196 2098 2214 2132 ι
2260 2079 2565 2149 ’Δδελφιδός
2596 2096 2699 2151 μου
2721 2081 2865 2150 ἐμοὶ,
2897 2079 3054 2148 κάγὼ
3079 2080 3229 2151 αύτῷ
3252 2097 3266 2114 ·
3297 2099 3316 2132 ι
3342 2081 3531 2151 ἡγουν,
3565 2079 3624 2134 Ὅ
3655 2081 3794 2148 ἀγα·

2192 2173 2365 2244 πητός
2401 2189 2505 2242 μου
2537 2173 2660 2244 ἐμοὶ
2697 2172 2820 2226 κατ’
2845 2171 3030 2227 εἰκόνα
3071 2173 3286 2243 ὁρᾶται,
3317 2170 3470 2240 κάγὼ
3501 2169 3650 2241 αὐτῷ
3683 2169 3788 2235 ζῶ,

2191 2262 2286 2316 καὶ⁵
2311 2261 2413 2314 οὐκ
2459 2263 2691 2334 ἐμαυτῇ,
2723 2261 2866 2316 κατά
2909 2262 3002 2314 τὸν
3054 2262 3228 2332 μέγαν
3266 2261 3616 2320 Ἀπόστολον·
3656 2278 3677 2314 ι
3723 2257 3789 2313 '0

2192 2351 2495 2422 ποιμαίνων
2536 2353 2594 2406 ἐν
2626 2355 2741 2416 τοῖς
2781 2353 2985 2423 κρίνοις
3007 2368 3022 2384 ο
3061 2353 3266 2423 ἧγουνξ,
3302 2371 3321 2405 ι
3366 2353 3425 2406 '0
3453 2353 3656 2407 διέπων
3691 2352 3790 2406 διὰ

2191 2441 2300 2495 τῶν
2328 2441 2500 2510 ἁγίων
2533 2441 2696 2496 αὑτοῦ
2749 2443 3002 2509 ἐντολῶν,
3041 2445 3100 2498 ἐν
3128 2447 3248 2509 ταῖς
3289 2443 3366 2514 μὴ
3408 2448 3792 2518 συμπνιγομέ-

2193 2550 2312 2598 ναις
2333 2533 2472 2588 κατὰ
2492 2535 2592 2598 τὰς
2616 2534 2874 2604 βιωτικάς
2897 2536 3180 2608 φροντίδας
3199 2535 3542 2604 διδασκάλοις
3562 2539 3793 2612 ψυχαῖς,

2193 2623 2259 2678 τά
2286 2624 2479 2695 λογικά
2507 2625 2776 2695 πρόϐατα,
2816 2626 2961 2699 άπερ
3002 2628 3142 2682 εἰσὶν
3181 2630 3230 2682 oi
3269 2630 3400 2700 παρ’
3424 2630 3604 2684 αὐτῶν
3631 2631 3791 2686 διδα-

2196 2717 2470 2788 σκόμενοι.
2502 2735 2521 2769 ι
2552 2718 2696 2783 Ἕως
2730 2711 2792 2770 οὗ
2825 2718 3122 2790 διαπνεύσῃ
3146 2720 3179 2789 ή
3205 2720 3408 2790 ἡμέρα,
3441 2721 3536 2774 καὶ⁵
3555 2721 3800 2792 κινηθῶ-

2198 2825 2283 2862 σιν
2311 2811 2366 2863 αί
2396 2809 2547 2862 σκιαί
2569 2826 2582 2839 ο
2617 2829 2636 2861 ι
2664 2809 2885 2881 δηλαδὴ,
2914 2811 3108 2882 μέχρις
3137 2811 3203 2866 ἂν
3231 2813 3429 2885 ἐπιστῇ
3461 2816 3494 2884 ἡ
3524 2815 3666 2870 κατά
3694 2816 3797 2871 τὸν

2200 2899 2462 2970 μέλλοντα
2486 2900 2796 2973 όλολαμπὴς
2818 2902 3000 2974 ἡμέρα
3027 2904 3122 2966 καὶ
3159 2903 3369 2970 ἀσκιος,
3395 2905 3490 2960 καὶ
3519 2906 3695 2965 πάντα
3720 2909 3801 2962 τὰ

2199 2991 2462 3062 παρόντα,
2498 2993 2641 3064 ἅπερ
2664 2993 2801 3046 είσὶν
2831 2995 2886 3047 αί
2923 2994 3074 3047 σκιαὶ
3105 2994 3212 3048 τῶν
3247 2995 3566 3066 μελλόντων,
3597 2998 3804 3068 παρέλο

506 3100 643 3147 sunt
670 3089 900 3156 umbrae,
923 3091 1341 3157 pertranseant.
1372 3083 1493 3151 Quo
1518 3084 1743 3154 quidem
1767 3084 1858 3140 die
1876 3100 2089 3155 gregem

2201 3081 2336 3136 θωσι
2357 3100 2370 3113 ·
2398 3082 2521 3136 καθ’
2544 3084 2611 3154 ἢν
2628 3085 2842 3155 ἡμέραν
2866 3085 2965 3157 τὴν
2987 3085 3181 3139 ἑαυτοῦ
3217 3087 3451 3159 ποίμνην
3480 3089 3509 3140 ὁ
3538 3089 3742 3161 ποιμὴν
3767 3091 3802 3141 ό

506 3275 689 3345 quiete
718 3269 1043 3327 collocabit.
1093 3287 1112 3322 ι
1150 3267 1449 3324 Revertere
1473 3308 1487 3334 ,
1523 3267 1858 3330 assimilare,
1888 3274 1949 3321 tu
1997 3281 2093 3321 ne»

446 3346 456 3358 ’
505 3380 606 3438 pos
639 3364 734 3430 mi,
764 3377 998 3434 capreae,
1030 3369 1125 3415 aut
1155 3360 1385 3414 hinnulo
1408 3373 1702 3415 cervorum
1730 3373 1901 3429 super
1931 3372 2092 3413 mon-

503 3458 656 3512 tibus
687 3455 1044 3511 convallium.
1082 3470 1101 3502 ι
1137 3449 1238 3505 Hic
1281 3461 1466 3504 autem
1508 3463 1779 3520 sponsum
1811 3448 2090 3514 hortatur,

505 3557 567 3602 ut
614 3547 953 3603 animalibus
1000 3551 1162 3598 antea
1218 3542 1388 3598 dictis
1447 3541 1691 3610 similis,
1755 3541 2094 3598 conscendat

505 3647 727 3695 montes
775 3638 830 3693 in
877 3635 1118 3691 vallibus
1167 3635 1304 3690 sitos
1333 3671 1350 3700 ,
1401 3633 1634 3703 cupiens
1668 3647 1861 3688 omnes
1911 3633 2092 3704 ipsius

506 3730 804 3803 praesentia
847 3728 975 3784 l‘rui.
1025 3746 1044 3780 ι
1072 3725 1288 3781 Montes
1332 3733 1516 3780 autem
1564 3725 1900 3780 convallium
1932 3742 1951 3776 ι
2005 3725 2093 3779 hic

506 3829 668 3876 vocat
699 3833 796 3875 eos
816 3857 832 3884 ,
859 3818 954 3890 qui
991 3818 1047 3872 in
1082 3817 1263 3872 medio
1292 3815 1670 3885 subjectorum
1707 3825 1876 3885 atque
1910 3815 2093 3869 humi-.

507 3912 642 3965 lium
692 3910 1057 3982 quorumdam
1111 3916 1294 3963 mente
1351 3915 1481 3964 sunt
1535 3907 1719 3974 elata,
1768 3917 1822 3964 et
1865 3907 2091 3962 sublimi

509 4017 678 4075 sensu
705 4010 963 4057 utuntur.
997 3997 1062 4054 Et
1088 4009 1232 4065 orat,
1266 4007 1327 4054 ut
1357 4001 1462 4072 ipsi
1491 4015 1717 4071 quoque
1742 3999 1930 4069 sponsi
1954 4014 2093 4069 prae-

510 4092 687 4147 sentia
717 4091 1097 4162 perfruantur.
1130 4089 1290 4157 Quod
1317 4090 1536 4162 quidem
1567 4105 1806 4162 sponsus
1832 4091 2093 4160 precibus

509 4198 729 4254 sponsae
785 4182 991 4240 auditis
1049 4182 1200 4238 fecit.
1249 4180 1464 4255 Sponsa
1518 4183 1687 4255 igitur
1735 4181 1854 4238 sola
1901 4182 2092 4239 relicta

510 4279 731 4346 angitur
774 4283 831 4332 et
873 4276 1187 4340 cruciatur,
1223 4282 1276 4331 et
1308 4275 1741 4331 sollicitudinem
1770 4288 1928 4331 suam
1957 4275 2092 4330 ado-

510 4367 827 4424 lescentulis
853 4375 1075 4432 narrat,
1111 4381 1176 4422 ac
1210 4365 1392 4424 dicit:

1148 4538 1304 4595 CAP.
1367 4539 1458 4594 Ill.

583 4677 749 4734 Vens.
793 4679 815 4732 1
852 4719 867 4745 ,
902 4679 958 4735 2.
996 4676 1064 4731 In
1103 4676 1296 4731 lectulo
1345 4692 1455 4730 meo
1493 4675 1708 4746 quwsivi
1741 4690 1833 4744 per
1872 4683 2047 4727 noctes
2077 4709 2092 4736 ,

510 4785 660 4838 quem
683 4768 861 4840 diligit
881 4769 1062 4824 anima
1089 4783 1206 4822 mea
1229 4783 1248 4820 :
1273 4767 1490 4837 quwsivi
1514 4781 1655 4832 eum,
1683 4775 1733 4818 et
1761 4780 1866 4818 non
1894 4762 2089 4817 inveni.

527 4858 713 4915 Vocat't'
742 4877 860 4916 eum
883 4901 899 4926 ,
947 4870 996 4915 et
1027 4877 1131 4915 non
1161 4858 1361 4912 audiuit
1393 4857 1525 4912 me.‘
1557 4855 1786 4926 Surgam
1837 4854 1956 4924 jam
1991 4895 2006 4921 ,
2039 4863 2090 4906 et

2124 4494 2179 4554 Β

392 3179 400 3184 ’
506 3195 670 3237 suum
731 3185 920 3250 pastor
988 3177 1081 3233 ille
1135 3179 1317 3231 bonus
1373 3176 1429 3230 in
1487 3184 1819 3230 aeternaruni
1877 3175 2089 3229 sedium

2205 3174 2367 3238 καλὸς
2393 3175 2473 3238 είς
2498 3174 2596 3239 τάς
2624 3176 2871 3240 αἰωνίους
2897 3177 3200 3231 ἀναπαύσει
3227 3179 3415 3248 μονάς.
3449 3197 3468 3230 ι
3509 3179 3805 3254 Ἀπόστρε-

2201 3268 2322 3337 ψον,
2351 3266 2650 3338 ὁμοιώθητι
2706 3269 2806 3330 σὺ,
2863 3268 3114 3340 ἀδελφιδέ
3161 3287 3287 3339 μου,
3343 3269 3422 3342 τῷ
3469 3271 3719 3342 δόρκωνι,
3762 3274 3802 3342 ἢ

2203 3357 2382 3430 νεϐρῷ
2424 3358 2636 3428 ἐλάφων
2669 3359 2763 3412 ἐπὶ
2792 3358 2860 3414 τὰ
2893 3359 2996 3431 ὅρη
3029 3361 3405 3431 κοιλωμάτων.
3428 3363 3474 3395 ³⁵
3511 3381 3530 3414 ι
3564 3363 3806 3437 Προτρέ-

2203 3468 2296 3504 πει
2324 3451 2380 3503 δὲ
2411 3450 2502 3505 τὸν
2535 3450 2766 3522 νυμφίον
2800 3451 3035 3506 ἐνταῦθα
3068 3456 3177 3517 τοῖς
3223 3455 3646 3526 προειρημένοις
3681 3456 3807 3510 ἐοι-

2204 3544 2336 3597 κότα
2358 3541 2516 3607 ζώοις
2547 3543 2802 3612 ἐπιϐῆναι
2841 3542 2948 3596 τῶν
2990 3544 3048 3597 ἐν
3079 3546 3190 3609 τοῖς
3237 3543 3575 3616 κοιλώμασιν
3622 3545 3801 3618 ὀρῶν,

2205 3634 2502 3706 βουλομένη
2551 3635 2758 3697 πάντας
2801 3633 2970 3687 αὐτοῦ
3005 3635 3104 3706 τῆς
3157 3635 3440 3700 συνουσίας
3474 3635 3802 3692 ἀπολαύειν.

2209 3744 2228 3778 ι
2269 3727 2408 3798 Ὀρη
2439 3726 2496 3778 δὲ
2527 3724 2882 3796 κοιλωμάτων
2919 3744 2937 3776 ι
2965 3725 3198 3780 ἐνταῦθα
3239 3729 3634 3801 προσαγορεύει
3665 3733 3802 3796 τοὺς

2203 3819 2262 3871 ἐν
2291 3819 2440 3888 μέσῳ
2480 3817 2675 3871 κοίλων
2722 3817 2884 3870 τινῶν
2931 3819 3028 3871 καὶ
3087 3819 3358 3872 ταπεινῶν
3408 3819 3507 3892 τὴν
3554 3821 3804 3876 διάνοιαν

2205 3907 2734 3978 ὑπερανεστηκότας,
2785 3908 2880 3962 καὶ
2917 3907 3106 3980 ὑψηλῷ
3159 3910 3464 3980 φρονήματι
3516 3912 3802 3982 κεχρημέ-

2204 4015 2352 4062 νους’
2386 3999 2481 4052 καὶ
2507 3999 2817 4070 παρακαλεῖ
2856 3998 2952 4053 καὶ
2980 3999 3202 4064 τούτους
3239 3999 3545 4055 ἀπολαῦσαι
3569 4001 3668 4073 τῆς
3697 4000 3803 4056 τοῦ

2203 4091 2435 4163 νυμφίου
2464 4085 2767 4164 παρουσίας
2786 4107 2800 4122 ·
2829 4090 2858 4144 ὃ
2885 4092 2981 4146 καὶ
3011 4094 3281 4163 πεποίηκε
3309 4091 3418 4147 τῶν
3451 4093 3548 4164 τῆς
3569 4093 3798 4163 νύμφης

2205 4185 2444 4248 ἀκούσας
2480 4182 2726 4236 ίκετειῶν
2756 4182 2820 4237 ³⁸.
2851 4181 3170 4238 Μονωθεῖσα
3203 4177 3295 4236 οὖν
3321 4183 3355 4254 ἡ
3383 4182 3567 4254 νύμφη
3596 4183 3800 4253 δυσχε-

2209 4273 2378 4346 ραίνει
2404 4272 2498 4326 καὶ
2523 4272 2761 4337 ἀνιᾶται,
2793 4269 2889 4325 καὶ
2916 4270 3180 4341 διηγεῖται
3219 4274 3339 4336 ταῖς
3364 4272 3571 4326 νεάνισι
3594 4270 3655 4325 τδ
3683 4272 3802 4330 πά-

2207 4363 2317 4428 Θος,
2350 4363 2442 4418 καί
2472 4370 2673 4434 φησιν’·
3090 4362 3094 4367 ’

2803 4533 3053 4612 usus.
3113 4533 3187 4589 r'.

2275 4666 2424 4735 Στίχ.
2449 4673 2520 4722 α’.
2543 4667 2676 4722 Ἐπὶ
2705 4668 2915 4737 κοίτην
2940 4687 3062 4739 μου
3098 4669 3169 4723 ἐν
3208 4670 3389 4736 νυξὶν
3413 4669 3672 4742 ἐζήτησα
3718 4675 3806 4728 ὃν

2197 4754 2518 4827 ἠγάπησεν
2543 4758 2582 4826 ἠ
2607 4757 2779 4829 ψυχή
2805 4764 2945 4829 μου.
2987 4758 3274 4830 Ἐζήτησα
3292 4762 3512 4828 αὑτὸν,
3544 4763 3642 4818 καὶ
3673 4767 3800 4835 οὐχ

2198 4844 2378 4916 εὗρον
2393 4851 2599 4906 αὐτόν.
2615 4850 2988 4907 Ἐπεκάλεσα
3001 4853 3210 4919 αὑτὸν,
3223 4854 3320 4909 καὶ
3339 4856 3453 4926 οὐχ
3473 4856 3804 4926 ὑπήκουσέ

580 5093 605 5129 r
640 5081 786 5136 Psai.
817 5099 988 5152 cvm,
1030 5085 1122 5140 23.
1201 5095 1228 5135 «ι
1270 5083 1421 5138 Psal.
1451 5096 1523 5145 Cl,
1551 5059 1635 5135 li.
1717 5089 1738 5116 ι’
1779 5077 1883 5134 Job
1919 5093 2027 5142 vn,
2089 5077 2151 5142 l;
2189 5075 2390 5144 vm,9.
2470 5086 2491 5113 ³
2527 5074 2566 5130 ll
2590 5078 2717 5133 Cor.
2743 5093 2795 5142 v,
2826 5078 2913 5133 l5.
2992 5079 3008 5114 ί
3047 5078 3500 5148 Matth.xm,2‘2.

1791 5287 2026 5344 VARIE
2068 5288 2470 5345 LECTIONES.

578 5488 622 5520 ’³
671 5489 746 5553 ὡς
787 5519 857 5529 -
884 5489 1061 5553 κρίνα.
1101 5489 1224 5546 Des.
1273 5489 1329 5543 in
1367 5485 1490 5541 cod.

510 5571 550 5612 t.
609 5559 648 5632 l,
685 5576 785 5632 ι).ῃᾷ
813 5555 970 5632 15l8.
1080 5557 1279 5632 ³⁸τοῦ.
1314 5555 1439 5632 cod:
1489 5571 1673 5627 prem.
1715 5559 1847 5632 ἔχει.

1601 5490 1645 5520 ¹⁹
1685 5489 1783 5544 cod
1794 5531 1807 5545 .
1842 5491 2175 5545 ἀνθρωπεῖα.

1975 5564 1995 5594 ³
2031 5562 2152 5617 cod.
2194 5559 2545 5633 -ἡμετέραςς
2581 5561 2628 5594 ³³
2671 5559 2959 5633 μέλλοντα.
3020 5563 3143 5618 cod.

2286 5493 2329 5524 ³ο
2371 5491 2704 5562 παράγουσι.
2759 5490 2906 5547 Luco
2961 5494 3059 5549 cit.
3115 5494 3221 5564 leg.
3281 5494 3595 5566 ἐκλιυησαν.
3663 5493 3788 5547 Vid.

2286 5561 2512 5619 ιετέοας.
2581 5561 2628 5594 ³³
2671 5559 2959 5619 μέλλοντα.
3020 5563 3143 5618 cod.
3204 5563 3457 5619 μένοντα.
3554 5563 3598 5596 ³⁸
3658 5564 3788 5617 cod.

511 5626 698 5698 φησί(
742 5629 788 5704 ⁸-⁸
828 5630 922 5704 ἐπὶ
949 5659 1019 5704 οῖ
1045 5631 1272 5704 κοιλωμ.
1332 5626 1501 5704 Ηερζ.
1539 5643 1706 5700 super
1745 5626 2358 5704 montibus_sectionis,
2393 5626 2442 5685 ὲ.
2468 5626 2756 5704 ⁸ιιιιιηιρῐὶεε.
2825 5631 2931 5704 Pro
2973 5626 3333 5704 κοιλωμάτων
3387 5632 3610 5704 quidam
3657 5632 3791 5698 libri

512 5695 722 5775 veteres
757 5699 955 5756 habent
987 5695 1227 5774 Herebi;
1269 5711 1368 5770 pro
1406 5695 1693 5769 βάθηρ,ἰιι
1730 5700 1967 5757 videtur.
2013 5699 2134 5757 Vid.
2187 5718 2238 5771 p.
2294 5701 2383 5754 ϐᾶ.
2465 5701 2509 5732 ³⁸
2553 5695 2690 5754 ίκέτ.
2725 5697 2784 5755 in
2823 5701 2946 5756 cod.
3003 5695 3256 5775 sequitur
3290 5695 3570 5774 expositio
3615 5695 3792 5757 trium

509 5767 758 5826 Patrum.
