  <div class='ocr_page' id='page_1' title='image "/cluster/home/n/w/nwhite01/storage/ocr_20150623/81:no.2/coo.31924054869825/065.png"; bbox 0 0 4088 6414; ppageno 0'>
   <div class='ocr_carea' id='block_1_1' title="bbox 537 379 636 446">
    <p class='ocr_par' dir='ltr' id='par_1_1' title="bbox 537 379 636 446">
     <span class='ocr_line' id='line_1_1' title="bbox 537 379 636 446; baseline 0 -1"><span class='ocrx_word' id='word_1_1' title='bbox 537 379 636 446; x_wconf 70' lang='lat'><strong>115</strong></span> 
     </span>
    </p>
   </div>
   <div class='ocr_carea' id='block_1_2' title="bbox 1535 381 2782 448">
    <p class='ocr_par' dir='ltr' id='par_1_2' title="bbox 1535 381 2782 448">
     <span class='ocr_line' id='line_1_2' title="bbox 1535 381 2782 448; baseline 0.002 -6"><span class='ocrx_word' id='word_1_2' title='bbox 1535 381 2020 448; x_wconf 75' lang='lat' dir='ltr'><strong>THEODURETI</strong></span> <span class='ocrx_word' id='word_1_3' title='bbox 2056 381 2390 443; x_wconf 70' lang='lat' dir='ltr'><strong>EPISCOI’I</strong></span> <span class='ocrx_word' id='word_1_4' title='bbox 2418 381 2782 444; x_wconf 73' lang='lat' dir='ltr'><strong>CYRENSIS</strong></span> 
     </span>
    </p>
   </div>
   <div class='ocr_carea' id='block_1_3' title="bbox 3696 374 3796 442">
    <p class='ocr_par' dir='ltr' id='par_1_3' title="bbox 3696 374 3796 442">
     <span class='ocr_line' id='line_1_3' title="bbox 3696 374 3796 442; baseline 0.04 -4"><span class='ocrx_word' id='word_1_5' title='bbox 3696 374 3796 442; x_wconf 85' lang='lat'><strong>116</strong></span> 
     </span>
    </p>
   </div>
   <div class='ocr_carea' id='block_1_4' title="bbox 535 484 2115 562">
    <p class='ocr_par' dir='ltr' id='par_1_4' title="bbox 535 490 2104 556">
     <span class='ocr_line' id='line_1_4' title="bbox 535 490 2104 556; baseline -0.001 -7"><span class='ocrx_word' id='word_1_6' title='bbox 535 506 741 556; x_wconf 84' lang='lat' dir='ltr'><strong>autem.</strong></span> <span class='ocrx_word' id='word_1_7' title='bbox 777 508 902 548; x_wconf 86' lang='lat' dir='ltr'><strong>cum</strong></span> <span class='ocrx_word' id='word_1_8' title='bbox 932 505 1128 548; x_wconf 86' lang='lat' dir='ltr'><strong>natura</strong></span> <span class='ocrx_word' id='word_1_9' title='bbox 1162 493 1440 549; x_wconf 70' lang='lat' dir='ltr'><strong>beneﬁcus</strong></span> <span class='ocrx_word' id='word_1_10' title='bbox 1469 493 1540 546; x_wconf 85' lang='lat' dir='ltr'><strong>sit</strong></span> <span class='ocrx_word' id='word_1_11' title='bbox 1565 531 1582 555; x_wconf 87' lang='lat'><strong>,</strong></span> <span class='ocrx_word' id='word_1_12' title='bbox 1615 498 1669 546; x_wconf 87' lang='lat' dir='ltr'><strong>et</strong></span> <span class='ocrx_word' id='word_1_13' title='bbox 1700 490 2061 547; x_wconf 76' lang='lat' dir='ltr'><strong>immutabilis</strong></span> <span class='ocrx_word' id='word_1_14' title='bbox 2085 529 2104 556; x_wconf 85' lang='lat'><strong>,</strong></span> 
     </span>
    </p>
   </div>
   <div class='ocr_carea' id='block_1_5' title="bbox 2217 484 3796 562">
    <p class='ocr_par' dir='ltr' id='par_1_5' title="bbox 2217 484 3796 562">
     <span class='ocr_line' id='line_1_5' title="bbox 2217 484 3796 562; baseline -0.004 -16"><span class='ocrx_word' id='word_1_15' title='bbox 2217 493 2274 546; x_wconf 85' lang='grc' dir='ltr'><strong>Τί</strong></span> <span class='ocrx_word' id='word_1_16' title='bbox 2319 493 2378 547; x_wconf 86' lang='grc' dir='ltr'><strong>δέ</strong></span> <span class='ocrx_word' id='word_1_17' title='bbox 2429 489 2580 557; x_wconf 75' lang='grc' dir='ltr'><strong>οὗτος</strong></span> <span class='ocrx_word' id='word_1_18' title='bbox 2627 495 2693 548; x_wconf 79' lang='grc' dir='ltr'><strong>ἂν</strong></span> <span class='ocrx_word' id='word_1_19' title='bbox 2741 492 2844 562; x_wconf 82' lang='grc' dir='ltr'><strong>τὴν</strong></span> <span class='ocrx_word' id='word_1_20' title='bbox 2894 489 3080 544; x_wconf 80' lang='grc' dir='ltr'><strong>οὐσίαν</strong></span> <span class='ocrx_word' id='word_1_21' title='bbox 3131 484 3476 558; x_wconf 72' lang='grc' dir='ltr'><strong>εὐεργετικός</strong></span> <span class='ocrx_word' id='word_1_22' title='bbox 3528 487 3664 551; x_wconf 82' lang='grc' dir='ltr'><strong>ἐστι,</strong></span> <span class='ocrx_word' id='word_1_23' title='bbox 3701 487 3796 540; x_wconf 69' lang='grc' dir='ltr'><strong>καὶ</strong></span> 
     </span>
    </p>
   </div>
   <div class='ocr_carea' id='block_1_6' title="bbox 532 577 2110 652">
    <p class='ocr_par' dir='ltr' id='par_1_6' title="bbox 532 577 2110 652">
     <span class='ocr_line' id='line_1_6' title="bbox 532 577 2110 652; baseline -0.003 -14"><span class='ocrx_word' id='word_1_24' title='bbox 532 598 660 638; x_wconf 88' lang='lat' dir='ltr'><strong>eum</strong></span> <span class='ocrx_word' id='word_1_25' title='bbox 713 582 964 638; x_wconf 90' lang='lat' dir='ltr'><strong>invenire</strong></span> <span class='ocrx_word' id='word_1_26' title='bbox 1011 597 1121 638; x_wconf 87' lang='lat' dir='ltr'><strong>non</strong></span> <span class='ocrx_word' id='word_1_27' title='bbox 1179 581 1385 652; x_wconf 79' lang='lat' dir='ltr'><strong>pomi?</strong></span> <span class='ocrx_word' id='word_1_28' title='bbox 1432 577 1795 645; x_wconf 85' lang='lat' dir='ltr'><strong>Quantumvis</strong></span> <span class='ocrx_word' id='word_1_29' title='bbox 1825 578 1969 634; x_wconf 90' lang='lat' dir='ltr'><strong>enim</strong></span> <span class='ocrx_word' id='word_1_30' title='bbox 2007 579 2110 634; x_wconf 80' lang='lat' dir='ltr'><strong>bo-</strong></span> 
     </span>
    </p>
   </div>
   <div class='ocr_carea' id='block_1_7' title="bbox 536 667 2107 740">
    <p class='ocr_par' dir='ltr' id='par_1_7' title="bbox 536 667 2107 740">
     <span class='ocr_line' id='line_1_7' title="bbox 536 667 2107 740; baseline -0.002 -13"><span class='ocrx_word' id='word_1_31' title='bbox 536 687 665 727; x_wconf 90' lang='lat' dir='ltr'><strong>num</strong></span> <span class='ocrx_word' id='word_1_32' title='bbox 700 682 752 727; x_wconf 90' lang='lat' dir='ltr'><strong>et</strong></span> <span class='ocrx_word' id='word_1_33' title='bbox 787 673 1073 726; x_wconf 73' lang='lat' dir='ltr'><strong>veritatem</strong></span> <span class='ocrx_word' id='word_1_34' title='bbox 1107 678 1390 740; x_wconf 85' lang='lat' dir='ltr'><strong>pr0pterea</strong></span> <span class='ocrx_word' id='word_1_35' title='bbox 1422 667 1730 723; x_wconf 81' lang='lat' dir='ltr'><strong>vocaverim</strong></span> <span class='ocrx_word' id='word_1_36' title='bbox 1763 669 1964 738; x_wconf 85' lang='lat' dir='ltr'><strong>ipsum,</strong></span> <span class='ocrx_word' id='word_1_37' title='bbox 1999 684 2107 724; x_wconf 90' lang='lat' dir='ltr'><strong>non</strong></span> 
     </span>
    </p>
   </div>
   <div class='ocr_carea' id='block_1_8' title="bbox 535 758 2105 832">
    <p class='ocr_par' dir='ltr' id='par_1_8' title="bbox 535 758 2105 832">
     <span class='ocr_line' id='line_1_8' title="bbox 535 758 2105 832; baseline 0 -16"><span class='ocrx_word' id='word_1_38' title='bbox 535 762 745 817; x_wconf 89' lang='lat' dir='ltr'><strong>audivit</strong></span> <span class='ocrx_word' id='word_1_39' title='bbox 777 777 864 818; x_wconf 90' lang='lat' dir='ltr'><strong>me</strong></span> <span class='ocrx_word' id='word_1_40' title='bbox 891 778 906 815; x_wconf 89' lang='lat'><strong>:</strong></span> <span class='ocrx_word' id='word_1_41' title='bbox 939 762 1200 832; x_wconf 90' lang='lat' dir='ltr'><strong>quoniam</strong></span> <span class='ocrx_word' id='word_1_42' title='bbox 1235 758 1454 816; x_wconf 87' lang='lat' dir='ltr'><strong>excellit</strong></span> <span class='ocrx_word' id='word_1_43' title='bbox 1478 759 1728 830; x_wconf 80' lang='lat' dir='ltr'><strong>profecto</strong></span> <span class='ocrx_word' id='word_1_44' title='bbox 1767 776 1935 832; x_wconf 89' lang='lat' dir='ltr'><strong>super</strong></span> <span class='ocrx_word' id='word_1_45' title='bbox 1967 761 2105 816; x_wconf 67' lang='lat' dir='ltr'><strong>haec.</strong></span> 
     </span>
    </p>
   </div>
   <div class='ocr_carea' id='block_1_9' title="bbox 535 853 2111 924">
    <p class='ocr_par' dir='ltr' id='par_1_9' title="bbox 535 853 2111 924">
     <span class='ocr_line' id='line_1_9' title="bbox 535 853 2111 924; baseline 0 -15"><span class='ocrx_word' id='word_1_46' title='bbox 535 853 670 909; x_wconf 83' lang='lat' dir='ltr'><strong>Nam</strong></span> <span class='ocrx_word' id='word_1_47' title='bbox 723 854 842 924; x_wconf 90' lang='lat' dir='ltr'><strong>ejus</strong></span> <span class='ocrx_word' id='word_1_48' title='bbox 900 868 1096 909; x_wconf 84' lang='lat' dir='ltr'><strong>nomen</strong></span> <span class='ocrx_word' id='word_1_49' title='bbox 1127 862 1210 908; x_wconf 90' lang='lat' dir='ltr'><strong>est</strong></span> <span class='ocrx_word' id='word_1_50' title='bbox 1250 867 1416 923; x_wconf 84' lang='lat' dir='ltr'><strong>super</strong></span> <span class='ocrx_word' id='word_1_51' title='bbox 1458 867 1623 909; x_wconf 89' lang='lat' dir='ltr'><strong>omne</strong></span> <span class='ocrx_word' id='word_1_52' title='bbox 1661 869 1883 909; x_wconf 88' lang='lat' dir='ltr'><strong>nomen.</strong></span> <span class='ocrx_word' id='word_1_53' title='bbox 1933 856 2111 923; x_wconf 83' lang='lat' dir='ltr'><strong>Atque</strong></span> 
     </span>
    </p>
   </div>
   <div class='ocr_carea' id='block_1_10' title="bbox 537 943 2111 1015">
    <p class='ocr_par' dir='ltr' id='par_1_10' title="bbox 537 943 2111 1015">
     <span class='ocr_line' id='line_1_10' title="bbox 537 943 2111 1015; baseline 0.001 -17"><span class='ocrx_word' id='word_1_54' title='bbox 537 945 656 1015; x_wconf 87' lang='lat' dir='ltr'><strong>ipsa</strong></span> <span class='ocrx_word' id='word_1_55' title='bbox 705 944 923 1013; x_wconf 83' lang='lat' dir='ltr'><strong>quidem</strong></span> <span class='ocrx_word' id='word_1_56' title='bbox 958 943 1221 998; x_wconf 84' lang='lat' dir='ltr'><strong>dilectum</strong></span> <span class='ocrx_word' id='word_1_57' title='bbox 1271 959 1490 1009; x_wconf 89' lang='lat' dir='ltr'><strong>meum,</strong></span> <span class='ocrx_word' id='word_1_58' title='bbox 1540 953 1598 1000; x_wconf 90' lang='lat' dir='ltr'><strong>ut</strong></span> <span class='ocrx_word' id='word_1_59' title='bbox 1643 943 1800 1009; x_wconf 82' lang='lat' dir='ltr'><strong>dixi,</strong></span> <span class='ocrx_word' id='word_1_60' title='bbox 1863 944 2111 1000; x_wconf 79' lang='lat' dir='ltr'><strong>invenire</strong></span> 
     </span>
    </p>
   </div>
   <div class='ocr_carea' id='block_1_11' title="bbox 534 1033 2110 1108">
    <p class='ocr_par' dir='ltr' id='par_1_11' title="bbox 534 1033 2110 1108">
     <span class='ocr_line' id='line_1_11' title="bbox 534 1033 2110 1108; baseline -0.001 -17"><span class='ocrx_word' id='word_1_61' title='bbox 534 1037 774 1092; x_wconf 83' lang='lat' dir='ltr'><strong>nondum</strong></span> <span class='ocrx_word' id='word_1_62' title='bbox 806 1036 975 1104; x_wconf 83' lang='lat' dir='ltr'><strong>potui.</strong></span> <span class='ocrx_word' id='word_1_63' title='bbox 1005 1033 1073 1090; x_wconf 83' lang='lat' dir='ltr'><strong>At</strong></span> <span class='ocrx_word' id='word_1_64' title='bbox 1099 1036 1279 1092; x_wconf 81' lang='lat' dir='ltr'><strong>sancti</strong></span> <span class='ocrx_word' id='word_1_65' title='bbox 1314 1037 1498 1108; x_wconf 88' lang='lat' dir='ltr'><strong>angeli</strong></span> <span class='ocrx_word' id='word_1_66' title='bbox 1523 1038 1850 1092; x_wconf 84' lang='lat' dir='ltr'><strong>invenerunt</strong></span> <span class='ocrx_word' id='word_1_67' title='bbox 1881 1052 1990 1102; x_wconf 89' lang='lat' dir='ltr'><strong>me,</strong></span> <span class='ocrx_word' id='word_1_68' title='bbox 2012 1051 2110 1090; x_wconf 89' lang='lat' dir='ltr'><strong>cu-</strong></span> 
     </span>
    </p>
   </div>
   <div class='ocr_carea' id='block_1_12' title="bbox 533 1128 2110 1194">
    <p class='ocr_par' dir='ltr' id='par_1_12' title="bbox 533 1128 2110 1194">
     <span class='ocr_line' id='line_1_12' title="bbox 533 1128 2110 1194; baseline -0.003 -10"><span class='ocrx_word' id='word_1_69' title='bbox 533 1129 862 1194; x_wconf 86' lang='lat' dir='ltr'><strong>stodientes,</strong></span> <span class='ocrx_word' id='word_1_70' title='bbox 887 1137 941 1184; x_wconf 89' lang='lat' dir='ltr'><strong>et</strong></span> <span class='ocrx_word' id='word_1_71' title='bbox 969 1129 1389 1184; x_wconf 78' lang='lat' dir='ltr'><strong>circumeuntes.</strong></span> <span class='ocrx_word' id='word_1_72' title='bbox 1412 1130 1466 1184; x_wconf 91' lang='lat' dir='ltr'><strong>in</strong></span> <span class='ocrx_word' id='word_1_73' title='bbox 1498 1129 1742 1184; x_wconf 82' lang='lat' dir='ltr'><strong>civitate.</strong></span> <span class='ocrx_word' id='word_1_74' title='bbox 1778 1128 2110 1184; x_wconf 81' lang='lat' dir='ltr'><strong>Invenerunt</strong></span> 
     </span>
    </p>
   </div>
   <div class='ocr_carea' id='block_1_13' title="bbox 531 1219 2109 1290">
    <p class='ocr_par' dir='ltr' id='par_1_13' title="bbox 531 1219 2109 1290">
     <span class='ocr_line' id='line_1_13' title="bbox 531 1219 2109 1290; baseline 0.001 -20"><span class='ocrx_word' id='word_1_75' title='bbox 531 1229 714 1274; x_wconf 84' lang='lat' dir='ltr'><strong>autem</strong></span> <span class='ocrx_word' id='word_1_76' title='bbox 747 1233 857 1285; x_wconf 84' lang='lat' dir='ltr'><strong>me,</strong></span> <span class='ocrx_word' id='word_1_77' title='bbox 889 1219 1020 1274; x_wconf 93' lang='lat' dir='ltr'><strong>dum</strong></span> <span class='ocrx_word' id='word_1_78' title='bbox 1048 1233 1146 1289; x_wconf 90' lang='lat' dir='ltr'><strong>per</strong></span> <span class='ocrx_word' id='word_1_79' title='bbox 1173 1221 1446 1276; x_wconf 81' lang='lat' dir='ltr'><strong>actionem</strong></span> <span class='ocrx_word' id='word_1_80' title='bbox 1480 1227 1738 1290; x_wconf 87' lang='lat' dir='ltr'><strong>purgant,</strong></span> <span class='ocrx_word' id='word_1_81' title='bbox 1765 1227 1821 1274; x_wconf 91' lang='lat' dir='ltr'><strong>et</strong></span> <span class='ocrx_word' id='word_1_82' title='bbox 1847 1234 1944 1288; x_wconf 91' lang='lat' dir='ltr'><strong>per</strong></span> <span class='ocrx_word' id='word_1_83' title='bbox 1972 1233 2109 1273; x_wconf 87' lang='lat' dir='ltr'><strong>con-</strong></span> 
     </span>
    </p>
   </div>
   <div class='ocr_carea' id='block_1_14' title="bbox 532 1309 2112 1381">
    <p class='ocr_par' dir='ltr' id='par_1_14' title="bbox 532 1309 2112 1381">
     <span class='ocr_line' id='line_1_14' title="bbox 532 1309 2112 1381; baseline 0 -17"><span class='ocrx_word' id='word_1_84' title='bbox 532 1309 949 1381; x_wconf 82' lang='lat' dir='ltr'><strong>templationem</strong></span> <span class='ocrx_word' id='word_1_85' title='bbox 1005 1310 1287 1366; x_wconf 75' lang='lat' dir='ltr'><strong>illustrant</strong></span> <span class='ocrx_word' id='word_1_86' title='bbox 1341 1325 1464 1376; x_wconf 90' lang='lat' dir='ltr'><strong>me,</strong></span> <span class='ocrx_word' id='word_1_87' title='bbox 1519 1325 1643 1381; x_wconf 69' lang='lat' dir='ltr'><strong>quae</strong></span> <span class='ocrx_word' id='word_1_88' title='bbox 1690 1309 1903 1365; x_wconf 89' lang='lat' dir='ltr'><strong>malitia</strong></span> <span class='ocrx_word' id='word_1_89' title='bbox 1945 1319 2112 1379; x_wconf 84' lang='lat' dir='ltr'><strong>atque</strong></span> 
     </span>
    </p>
   </div>
   <div class='ocr_carea' id='block_1_15' title="bbox 534 1401 2110 1474">
    <p class='ocr_par' dir='ltr' id='par_1_15' title="bbox 534 1401 2110 1474">
     <span class='ocr_line' id='line_1_15' title="bbox 534 1401 2110 1474; baseline -0.001 -18"><span class='ocrx_word' id='word_1_90' title='bbox 534 1403 848 1473; x_wconf 68' lang='lat' dir='ltr'><strong>ignorantia</strong></span> <span class='ocrx_word' id='word_1_91' title='bbox 879 1403 1240 1473; x_wconf 74' lang='lat' dir='ltr'><strong>perienam,et</strong></span> <span class='ocrx_word' id='word_1_92' title='bbox 1270 1404 1563 1474; x_wconf 81' lang='lat' dir='ltr'><strong>spirituum</strong></span> <span class='ocrx_word' id='word_1_93' title='bbox 1598 1402 1970 1472; x_wconf 83' lang='lat' dir='ltr'><strong>improbitatis</strong></span> <span class='ocrx_word' id='word_1_94' title='bbox 2023 1401 2110 1456; x_wconf 84' lang='lat' dir='ltr'><strong>di-</strong></span> 
     </span>
    </p>
   </div>
   <div class='ocr_carea' id='block_1_16' title="bbox 532 1492 2110 1564">
    <p class='ocr_par' dir='ltr' id='par_1_16' title="bbox 532 1492 2110 1564">
     <span class='ocr_line' id='line_1_16' title="bbox 532 1492 2110 1564; baseline 0.001 -17"><span class='ocrx_word' id='word_1_95' title='bbox 532 1492 748 1563; x_wconf 86' lang='lat' dir='ltr'><strong>scipula</strong></span> <span class='ocrx_word' id='word_1_96' title='bbox 792 1494 1074 1564; x_wconf 88' lang='lat' dir='ltr'><strong>quondam</strong></span> <span class='ocrx_word' id='word_1_97' title='bbox 1118 1495 1442 1551; x_wconf 83' lang='lat' dir='ltr'><strong>exstiteram</strong></span> <span class='ocrx_word' id='word_1_98' title='bbox 1465 1535 1482 1560; x_wconf 94' lang='lat'><strong>,</strong></span> <span class='ocrx_word' id='word_1_99' title='bbox 1530 1502 1696 1564; x_wconf 88' lang='lat' dir='ltr'><strong>atque</strong></span> <span class='ocrx_word' id='word_1_100' title='bbox 1730 1494 1854 1549; x_wconf 90' lang='lat' dir='ltr'><strong>ideo</strong></span> <span class='ocrx_word' id='word_1_101' title='bbox 1884 1507 1916 1547; x_wconf 90' lang='lat' dir='ltr'><strong>a</strong></span> <span class='ocrx_word' id='word_1_102' title='bbox 1950 1493 2110 1549; x_wconf 82' lang='lat' dir='ltr'><strong>bonis</strong></span> 
     </span>
    </p>
   </div>
   <div class='ocr_carea' id='block_1_17' title="bbox 532 1581 2112 1655">
    <p class='ocr_par' dir='ltr' id='par_1_17' title="bbox 532 1581 2112 1655">
     <span class='ocr_line' id='line_1_17' title="bbox 532 1581 2112 1655; baseline -0.001 -17"><span class='ocrx_word' id='word_1_103' title='bbox 532 1581 622 1638; x_wconf 74' lang='lat' dir='ltr'><strong>his</strong></span> <span class='ocrx_word' id='word_1_104' title='bbox 647 1584 884 1655; x_wconf 85' lang='lat' dir='ltr'><strong>angelis,</strong></span> <span class='ocrx_word' id='word_1_105' title='bbox 909 1592 972 1638; x_wconf 90' lang='lat' dir='ltr'><strong>ut</strong></span> <span class='ocrx_word' id='word_1_106' title='bbox 995 1584 1272 1653; x_wconf 84' lang='lat' dir='ltr'><strong>crudirer,</strong></span> <span class='ocrx_word' id='word_1_107' title='bbox 1295 1599 1403 1640; x_wconf 90' lang='lat' dir='ltr'><strong>non</strong></span> <span class='ocrx_word' id='word_1_108' title='bbox 1430 1584 1778 1650; x_wconf 85' lang='lat' dir='ltr'><strong>inveniebar;</strong></span> <span class='ocrx_word' id='word_1_109' title='bbox 1801 1585 1894 1654; x_wconf 90' lang='lat' dir='ltr'><strong>qui</strong></span> <span class='ocrx_word' id='word_1_110' title='bbox 1919 1583 2112 1640; x_wconf 85' lang='lat' dir='ltr'><strong>obser-</strong></span> 
     </span>
    </p>
   </div>
   <div class='ocr_carea' id='block_1_18' title="bbox 535 1673 2112 1746">
    <p class='ocr_par' dir='ltr' id='par_1_18' title="bbox 535 1673 2112 1746">
     <span class='ocr_line' id='line_1_18' title="bbox 535 1673 2112 1746; baseline 0.002 -19"><span class='ocrx_word' id='word_1_111' title='bbox 535 1681 694 1739; x_wconf 87' lang='lat' dir='ltr'><strong>vant,</strong></span> <span class='ocrx_word' id='word_1_112' title='bbox 728 1683 791 1729; x_wconf 87' lang='lat' dir='ltr'><strong>ut</strong></span> <span class='ocrx_word' id='word_1_113' title='bbox 822 1673 1047 1730; x_wconf 80' lang='lat' dir='ltr'><strong>laudent</strong></span> <span class='ocrx_word' id='word_1_114' title='bbox 1073 1674 1159 1730; x_wconf 87' lang='lat' dir='ltr'><strong>vel</strong></span> <span class='ocrx_word' id='word_1_115' title='bbox 1189 1682 1496 1746; x_wconf 76' lang='lat' dir='ltr'><strong>coarguant</strong></span> <span class='ocrx_word' id='word_1_116' title='bbox 1533 1675 1590 1730; x_wconf 91' lang='lat' dir='ltr'><strong>in</strong></span> <span class='ocrx_word' id='word_1_117' title='bbox 1627 1673 1989 1730; x_wconf 77' lang='lat' dir='ltr'><strong>formidoloso</strong></span> <span class='ocrx_word' id='word_1_118' title='bbox 2022 1674 2112 1730; x_wconf 90' lang='lat' dir='ltr'><strong>die</strong></span> 
     </span>
    </p>
   </div>
   <div class='ocr_carea' id='block_1_19' title="bbox 531 1763 2112 1836">
    <p class='ocr_par' dir='ltr' id='par_1_19' title="bbox 531 1763 2112 1836">
     <span class='ocr_line' id='line_1_19' title="bbox 531 1763 2112 1836; baseline 0.001 -17"><span class='ocrx_word' id='word_1_119' title='bbox 531 1763 731 1834; x_wconf 66' lang='lat' dir='ltr'><strong>iudicii</strong></span> <span class='ocrx_word' id='word_1_120' title='bbox 753 1805 769 1830; x_wconf 94' lang='lat'><strong>,</strong></span> <span class='ocrx_word' id='word_1_121' title='bbox 802 1773 913 1819; x_wconf 88' lang='lat' dir='ltr'><strong>tam</strong></span> <span class='ocrx_word' id='word_1_122' title='bbox 945 1765 1269 1822; x_wconf 76' lang='lat' dir='ltr'><strong>manifestas</strong></span> <span class='ocrx_word' id='word_1_123' title='bbox 1294 1806 1310 1831; x_wconf 92' lang='lat'><strong>,</strong></span> <span class='ocrx_word' id='word_1_124' title='bbox 1355 1780 1520 1836; x_wconf 88' lang='lat' dir='ltr'><strong>quam</strong></span> <span class='ocrx_word' id='word_1_125' title='bbox 1561 1766 1813 1821; x_wconf 88' lang='lat' dir='ltr'><strong>occultas</strong></span> <span class='ocrx_word' id='word_1_126' title='bbox 1838 1767 2112 1821; x_wconf 79' lang='lat' dir='ltr'><strong>motiones</strong></span> 
     </span>
    </p>
   </div>
   <div class='ocr_carea' id='block_1_20' title="bbox 536 1844 2184 1927">
    <p class='ocr_par' dir='ltr' id='par_1_20' title="bbox 536 1844 2184 1927">
     <span class='ocr_line' id='line_1_20' title="bbox 536 1844 2184 1927; baseline -0.001 -18"><span class='ocrx_word' id='word_1_127' title='bbox 536 1870 708 1920; x_wconf 85' lang='lat' dir='ltr'><strong>meas,</strong></span> <span class='ocrx_word' id='word_1_128' title='bbox 745 1864 799 1911; x_wconf 90' lang='lat' dir='ltr'><strong>et</strong></span> <span class='ocrx_word' id='word_1_129' title='bbox 825 1871 1019 1913; x_wconf 90' lang='lat' dir='ltr'><strong>omnes</strong></span> <span class='ocrx_word' id='word_1_130' title='bbox 1053 1857 1442 1927; x_wconf 86' lang='lat' dir='ltr'><strong>cogitationes,</strong></span> <span class='ocrx_word' id='word_1_131' title='bbox 1476 1865 1530 1912; x_wconf 91' lang='lat' dir='ltr'><strong>et</strong></span> <span class='ocrx_word' id='word_1_132' title='bbox 1558 1871 1744 1927; x_wconf 84' lang='lat' dir='ltr'><strong>opera.</strong></span> <span class='ocrx_word' id='word_1_133' title='bbox 1773 1857 1852 1912; x_wconf 79' lang='lat' dir='ltr'><strong>Ac</strong></span> <span class='ocrx_word' id='word_1_134' title='bbox 1877 1872 1948 1912; x_wconf 91' lang='lat' dir='ltr'><strong>ne</strong></span> <span class='ocrx_word' id='word_1_135' title='bbox 1977 1855 2110 1927; x_wconf 82' lang='lat' dir='ltr'><strong>quid</strong></span> <span class='ocrx_word' id='word_1_136' title='bbox 2144 1844 2184 1899; x_wconf 86' lang='grc' dir='ltr'><strong><em>Β</em></strong></span> 
     </span>
    </p>
   </div>
   <div class='ocr_carea' id='block_1_21' title="bbox 537 1946 2110 2020">
    <p class='ocr_par' dir='ltr' id='par_1_21' title="bbox 537 1946 2110 2020">
     <span class='ocr_line' id='line_1_21' title="bbox 537 1946 2110 2020; baseline 0.001 -20"><span class='ocrx_word' id='word_1_137' title='bbox 537 1946 733 2003; x_wconf 82' lang='lat' dir='ltr'><strong>borum</strong></span> <span class='ocrx_word' id='word_1_138' title='bbox 782 1949 1100 2017; x_wconf 84' lang='lat' dir='ltr'><strong>relinquant</strong></span> <span class='ocrx_word' id='word_1_139' title='bbox 1139 1949 1540 2020; x_wconf 77' lang='lat' dir='ltr'><strong>inexploratum</strong></span> <span class='ocrx_word' id='word_1_140' title='bbox 1565 1991 1579 2016; x_wconf 91' lang='lat'><strong>,</strong></span> <span class='ocrx_word' id='word_1_141' title='bbox 1615 1949 1960 2004; x_wconf 89' lang='lat' dir='ltr'><strong>circumeunt</strong></span> <span class='ocrx_word' id='word_1_142' title='bbox 1993 1962 2110 2012; x_wconf 87' lang='lat' dir='ltr'><strong>me,</strong></span> 
     </span>
    </p>
   </div>
   <div class='ocr_carea' id='block_1_22' title="bbox 536 2037 2114 2109">
    <p class='ocr_par' dir='ltr' id='par_1_22' title="bbox 536 2037 2114 2109">
     <span class='ocr_line' id='line_1_22' title="bbox 536 2037 2114 2109; baseline 0.001 -19"><span class='ocrx_word' id='word_1_143' title='bbox 536 2051 696 2090; x_wconf 86' lang='lat' dir='ltr'><strong>suum</strong></span> <span class='ocrx_word' id='word_1_144' title='bbox 743 2037 798 2092; x_wconf 86' lang='lat' dir='ltr'><strong>in</strong></span> <span class='ocrx_word' id='word_1_145' title='bbox 823 2053 932 2102; x_wconf 86' lang='lat' dir='ltr'><strong>me,</strong></span> <span class='ocrx_word' id='word_1_146' title='bbox 965 2045 1228 2109; x_wconf 87' lang='lat' dir='ltr'><strong>tanquam</strong></span> <span class='ocrx_word' id='word_1_147' title='bbox 1269 2040 1327 2094; x_wconf 91' lang='lat' dir='ltr'><strong>in</strong></span> <span class='ocrx_word' id='word_1_148' title='bbox 1360 2040 1541 2108; x_wconf 89' lang='lat' dir='ltr'><strong>aliqua</strong></span> <span class='ocrx_word' id='word_1_149' title='bbox 1573 2039 1803 2094; x_wconf 84' lang='lat' dir='ltr'><strong>civitate</strong></span> <span class='ocrx_word' id='word_1_150' title='bbox 1826 2082 1842 2106; x_wconf 90' lang='lat'><strong>,</strong></span> <span class='ocrx_word' id='word_1_151' title='bbox 1874 2041 2114 2094; x_wconf 88' lang='lat' dir='ltr'><strong>circum-</strong></span> 
     </span>
    </p>
   </div>
   <div class='ocr_carea' id='block_1_23' title="bbox 537 2129 2114 2202">
    <p class='ocr_par' dir='ltr' id='par_1_23' title="bbox 537 2129 2114 2202">
     <span class='ocr_line' id='line_1_23' title="bbox 537 2129 2114 2202; baseline 0.002 -22"><span class='ocrx_word' id='word_1_152' title='bbox 537 2129 776 2200; x_wconf 82' lang='lat' dir='ltr'><strong>vagandi</strong></span> <span class='ocrx_word' id='word_1_153' title='bbox 807 2146 1008 2187; x_wconf 89' lang='lat' dir='ltr'><strong>munus</strong></span> <span class='ocrx_word' id='word_1_154' title='bbox 1043 2141 1434 2202; x_wconf 78' lang='lat' dir='ltr'><strong>exsequentes.</strong></span> <span class='ocrx_word' id='word_1_155' title='bbox 1487 2131 1596 2201; x_wconf 80' lang='lat'><strong>79</strong></span> <span class='ocrx_word' id='word_1_156' title='bbox 1642 2131 1722 2186; x_wconf 82' lang='lat' dir='ltr'><strong>Ad</strong></span> <span class='ocrx_word' id='word_1_157' title='bbox 1780 2132 1882 2187; x_wconf 91' lang='lat' dir='ltr'><strong>hos</strong></span> <span class='ocrx_word' id='word_1_158' title='bbox 1943 2131 2114 2202; x_wconf 83' lang='lat' dir='ltr'><strong>igitur</strong></span> 
     </span>
    </p>
   </div>
   <div class='ocr_carea' id='block_1_24' title="bbox 534 2220 2112 2292">
    <p class='ocr_par' dir='ltr' id='par_1_24' title="bbox 534 2220 2112 2292">
     <span class='ocr_line' id='line_1_24' title="bbox 534 2220 2112 2292; baseline 0.001 -18"><span class='ocrx_word' id='word_1_159' title='bbox 534 2234 636 2289; x_wconf 86' lang='lat' dir='ltr'><strong>ego</strong></span> <span class='ocrx_word' id='word_1_160' title='bbox 659 2262 674 2283; x_wconf 89' lang='lat'><strong>,</strong></span> <span class='ocrx_word' id='word_1_161' title='bbox 716 2235 839 2275; x_wconf 87' lang='lat' dir='ltr'><strong>cum</strong></span> <span class='ocrx_word' id='word_1_162' title='bbox 870 2221 1209 2277; x_wconf 85' lang='lat' dir='ltr'><strong>invenissent</strong></span> <span class='ocrx_word' id='word_1_163' title='bbox 1235 2237 1362 2276; x_wconf 90' lang='lat' dir='ltr'><strong>me:</strong></span> <span class='ocrx_word' id='word_1_164' title='bbox 1398 2239 1416 2273; x_wconf 80' lang='grc' dir='ltr'><strong>ι</strong></span> <span class='ocrx_word' id='word_1_165' title='bbox 1443 2220 1584 2277; x_wconf 81' lang='lat' dir='ltr'><strong>Num</strong></span> <span class='ocrx_word' id='word_1_166' title='bbox 1615 2264 1629 2287; x_wconf 88' lang='lat'><strong>,</strong></span> <span class='ocrx_word' id='word_1_167' title='bbox 1661 2222 1917 2292; x_wconf 90' lang='lat' dir='ltr'><strong>inquam,</strong></span> <span class='ocrx_word' id='word_1_168' title='bbox 1947 2236 2112 2292; x_wconf 81' lang='lat' dir='ltr'><strong>quem</strong></span> 
     </span>
    </p>
   </div>
   <div class='ocr_carea' id='block_1_25' title="bbox 535 2310 2113 2382">
    <p class='ocr_par' dir='ltr' id='par_1_25' title="bbox 535 2310 2113 2382">
     <span class='ocr_line' id='line_1_25' title="bbox 535 2310 2113 2382; baseline 0.001 -18"><span class='ocrx_word' id='word_1_169' title='bbox 535 2310 718 2379; x_wconf 84' lang='lat' dir='ltr'><strong>diligit</strong></span> <span class='ocrx_word' id='word_1_170' title='bbox 743 2311 925 2364; x_wconf 89' lang='lat' dir='ltr'><strong>anima</strong></span> <span class='ocrx_word' id='word_1_171' title='bbox 959 2325 1098 2379; x_wconf 89' lang='lat' dir='ltr'><strong>mea,</strong></span> <span class='ocrx_word' id='word_1_172' title='bbox 1127 2312 1545 2382; x_wconf 85' lang='lat' dir='ltr'><strong>conspexistis?</strong></span> <span class='ocrx_word' id='word_1_173' title='bbox 1577 2332 1594 2363; x_wconf 77' lang='grc' dir='ltr'><strong>ι</strong></span> <span class='ocrx_word' id='word_1_174' title='bbox 1638 2311 1752 2368; x_wconf 85' lang='lat' dir='ltr'><strong>Hoc</strong></span> <span class='ocrx_word' id='word_1_175' title='bbox 1784 2320 1891 2378; x_wconf 84' lang='lat' dir='ltr'><strong>est,</strong></span> <span class='ocrx_word' id='word_1_176' title='bbox 1931 2312 2113 2366; x_wconf 89' lang='lat' dir='ltr'><strong>illum-</strong></span> 
     </span>
    </p>
   </div>
   <div class='ocr_carea' id='block_1_26' title="bbox 535 2400 2102 2472">
    <p class='ocr_par' dir='ltr' id='par_1_26' title="bbox 535 2400 2102 2472">
     <span class='ocr_line' id='line_1_26' title="bbox 535 2400 2102 2472; baseline 0.001 -20"><span class='ocrx_word' id='word_1_177' title='bbox 535 2415 624 2464; x_wconf 81' lang='lat' dir='ltr'><strong>ne,</strong></span> <span class='ocrx_word' id='word_1_178' title='bbox 657 2400 816 2468; x_wconf 86' lang='lat' dir='ltr'><strong>cujus</strong></span> <span class='ocrx_word' id='word_1_179' title='bbox 859 2401 1492 2472; x_wconf 82' lang='lat' dir='ltr'><strong>egocomprehendendi</strong></span> <span class='ocrx_word' id='word_1_180' title='bbox 1541 2409 1732 2457; x_wconf 86' lang='lat' dir='ltr'><strong>teneor</strong></span> <span class='ocrx_word' id='word_1_181' title='bbox 1779 2400 2102 2466; x_wconf 90' lang='lat' dir='ltr'><strong>desiderio,</strong></span> 
     </span>
    </p>
   </div>
   <div class='ocr_carea' id='block_1_27' title="bbox 535 2489 2115 2561">
    <p class='ocr_par' dir='ltr' id='par_1_27' title="bbox 535 2489 2115 2561">
     <span class='ocr_line' id='line_1_27' title="bbox 535 2489 2115 2561; baseline 0.001 -20"><span class='ocrx_word' id='word_1_182' title='bbox 535 2503 636 2542; x_wconf 84' lang='lat' dir='ltr'><strong>nec</strong></span> <span class='ocrx_word' id='word_1_183' title='bbox 671 2497 854 2544; x_wconf 84' lang='lat' dir='ltr'><strong>tamen</strong></span> <span class='ocrx_word' id='word_1_184' title='bbox 886 2503 1016 2544; x_wconf 86' lang='lat' dir='ltr'><strong>eum</strong></span> <span class='ocrx_word' id='word_1_185' title='bbox 1044 2489 1272 2560; x_wconf 86' lang='lat' dir='ltr'><strong>assequi</strong></span> <span class='ocrx_word' id='word_1_186' title='bbox 1305 2490 1494 2555; x_wconf 84' lang='lat' dir='ltr'><strong>valeo,</strong></span> <span class='ocrx_word' id='word_1_187' title='bbox 1545 2505 1676 2557; x_wconf 90' lang='lat' dir='ltr'><strong>vos,</strong></span> <span class='ocrx_word' id='word_1_188' title='bbox 1710 2491 1805 2561; x_wconf 91' lang='lat' dir='ltr'><strong>qui</strong></span> <span class='ocrx_word' id='word_1_189' title='bbox 1842 2491 2026 2546; x_wconf 87' lang='lat' dir='ltr'><strong>choris</strong></span> <span class='ocrx_word' id='word_1_190' title='bbox 2059 2497 2115 2544; x_wconf 86' lang='lat' dir='ltr'><strong>et</strong></span> 
     </span>
    </p>
   </div>
   <div class='ocr_carea' id='block_1_28' title="bbox 535 2579 2112 2652">
    <p class='ocr_par' dir='ltr' id='par_1_28' title="bbox 535 2579 2112 2652">
     <span class='ocr_line' id='line_1_28' title="bbox 535 2579 2112 2652; baseline 0.001 -20"><span class='ocrx_word' id='word_1_191' title='bbox 535 2579 791 2650; x_wconf 80' lang='lat' dir='ltr'><strong>tripudiis</strong></span> <span class='ocrx_word' id='word_1_192' title='bbox 833 2580 1030 2637; x_wconf 86' lang='lat' dir='ltr'><strong>vestris</strong></span> <span class='ocrx_word' id='word_1_193' title='bbox 1071 2581 1224 2635; x_wconf 91' lang='lat' dir='ltr'><strong>illum</strong></span> <span class='ocrx_word' id='word_1_194' title='bbox 1252 2621 1267 2645; x_wconf 94' lang='lat'><strong>,</strong></span> <span class='ocrx_word' id='word_1_195' title='bbox 1307 2589 1367 2636; x_wconf 81' lang='lat' dir='ltr'><strong>ut</strong></span> <span class='ocrx_word' id='word_1_196' title='bbox 1410 2580 1645 2650; x_wconf 85' lang='lat' dir='ltr'><strong>spiritus</strong></span> <span class='ocrx_word' id='word_1_197' title='bbox 1685 2581 1805 2652; x_wconf 87' lang='lat' dir='ltr'><strong>ejus</strong></span> <span class='ocrx_word' id='word_1_198' title='bbox 1835 2579 2112 2646; x_wconf 86' lang='lat' dir='ltr'><strong>ministri,</strong></span> 
     </span>
    </p>
   </div>
   <div class='ocr_carea' id='block_1_29' title="bbox 534 2671 2116 2743">
    <p class='ocr_par' dir='ltr' id='par_1_29' title="bbox 534 2671 2116 2743">
     <span class='ocr_line' id='line_1_29' title="bbox 534 2671 2116 2743; baseline -0.001 -17"><span class='ocrx_word' id='word_1_199' title='bbox 534 2671 910 2739; x_wconf 83' lang='lat' dir='ltr'><strong>comitamini,</strong></span> <span class='ocrx_word' id='word_1_200' title='bbox 940 2672 1331 2743; x_wconf 84' lang='lat' dir='ltr'><strong>perspexistis,</strong></span> <span class='ocrx_word' id='word_1_201' title='bbox 1375 2672 1654 2743; x_wconf 66' lang='lat' dir='ltr'><strong>Quomodo</strong></span> <span class='ocrx_word' id='word_1_202' title='bbox 1687 2679 1886 2725; x_wconf 88' lang='lat' dir='ltr'><strong>natura</strong></span> <span class='ocrx_word' id='word_1_203' title='bbox 1922 2685 1982 2726; x_wconf 89' lang='lat' dir='ltr'><strong>se</strong></span> <span class='ocrx_word' id='word_1_204' title='bbox 2020 2671 2116 2724; x_wconf 86' lang='lat' dir='ltr'><strong>ha-</strong></span> 
     </span>
    </p>
   </div>
   <div class='ocr_carea' id='block_1_30' title="bbox 532 2761 2116 2834">
    <p class='ocr_par' dir='ltr' id='par_1_30' title="bbox 532 2761 2116 2834">
     <span class='ocr_line' id='line_1_30' title="bbox 532 2761 2116 2834; baseline -0.003 -14"><span class='ocrx_word' id='word_1_205' title='bbox 532 2767 695 2829; x_wconf 82' lang='lat' dir='ltr'><strong>beat,</strong></span> <span class='ocrx_word' id='word_1_206' title='bbox 727 2771 786 2819; x_wconf 91' lang='lat' dir='ltr'><strong>ut</strong></span> <span class='ocrx_word' id='word_1_207' title='bbox 821 2779 941 2820; x_wconf 90' lang='lat' dir='ltr'><strong>eam</strong></span> <span class='ocrx_word' id='word_1_208' title='bbox 973 2779 1061 2820; x_wconf 90' lang='lat' dir='ltr'><strong>me</strong></span> <span class='ocrx_word' id='word_1_209' title='bbox 1091 2778 1314 2834; x_wconf 88' lang='lat' dir='ltr'><strong>quoque</strong></span> <span class='ocrx_word' id='word_1_210' title='bbox 1342 2763 1628 2819; x_wconf 84' lang='lat' dir='ltr'><strong>doceatis?</strong></span> <span class='ocrx_word' id='word_1_211' title='bbox 1671 2763 1938 2819; x_wconf 64' lang='lat' dir='ltr'><strong>Cmterum</strong></span> <span class='ocrx_word' id='word_1_212' title='bbox 1981 2761 2116 2831; x_wconf 88' lang='lat' dir='ltr'><strong>quia</strong></span> 
     </span>
    </p>
   </div>
   <div class='ocr_carea' id='block_1_31' title="bbox 533 2853 2117 2925">
    <p class='ocr_par' dir='ltr' id='par_1_31' title="bbox 533 2853 2117 2925">
     <span class='ocr_line' id='line_1_31' title="bbox 533 2853 2117 2925; baseline -0.003 -15"><span class='ocrx_word' id='word_1_213' title='bbox 533 2871 606 2912; x_wconf 88' lang='lat' dir='ltr'><strong>ne</strong></span> <span class='ocrx_word' id='word_1_214' title='bbox 631 2870 660 2909; x_wconf 90' lang='lat' dir='ltr'><strong>a</strong></span> <span class='ocrx_word' id='word_1_215' title='bbox 687 2855 895 2911; x_wconf 89' lang='lat' dir='ltr'><strong>sanctis</strong></span> <span class='ocrx_word' id='word_1_216' title='bbox 912 2854 1133 2925; x_wconf 86' lang='lat' dir='ltr'><strong>quidem</strong></span> <span class='ocrx_word' id='word_1_217' title='bbox 1158 2853 1367 2924; x_wconf 85' lang='lat' dir='ltr'><strong>angelis</strong></span> <span class='ocrx_word' id='word_1_218' title='bbox 1383 2869 1622 2924; x_wconf 85' lang='lat' dir='ltr'><strong>sponsus</strong></span> <span class='ocrx_word' id='word_1_219' title='bbox 1643 2863 1840 2908; x_wconf 88' lang='lat' dir='ltr'><strong>natura</strong></span> <span class='ocrx_word' id='word_1_220' title='bbox 1863 2866 2117 2921; x_wconf 88' lang='lat' dir='ltr'><strong>compre-</strong></span> 
     </span>
    </p>
   </div>
   <div class='ocr_carea' id='block_1_32' title="bbox 535 2943 2116 3017">
    <p class='ocr_par' dir='ltr' id='par_1_32' title="bbox 535 2943 2116 3017">
     <span class='ocr_line' id='line_1_32' title="bbox 535 2943 2116 3017; baseline -0.001 -17"><span class='ocrx_word' id='word_1_221' title='bbox 535 2946 713 3002; x_wconf 80' lang='lat' dir='ltr'><strong>hendi</strong></span> <span class='ocrx_word' id='word_1_222' title='bbox 757 2954 975 3017; x_wconf 86' lang='lat' dir='ltr'><strong>potest,</strong></span> <span class='ocrx_word' id='word_1_223' title='bbox 1014 2954 1182 3016; x_wconf 85' lang='lat' dir='ltr'><strong>atque</strong></span> <span class='ocrx_word' id='word_1_224' title='bbox 1227 2944 1352 3001; x_wconf 88' lang='lat' dir='ltr'><strong>ideo</strong></span> <span class='ocrx_word' id='word_1_225' title='bbox 1395 2945 1667 3016; x_wconf 66' lang='lat' dir='ltr'><strong>quaerenti</strong></span> <span class='ocrx_word' id='word_1_226' title='bbox 1710 2944 1845 2998; x_wconf 89' lang='lat' dir='ltr'><strong>tnihi</strong></span> <span class='ocrx_word' id='word_1_227' title='bbox 1887 2943 2116 2998; x_wconf 87' lang='lat' dir='ltr'><strong>minime</strong></span> 
     </span>
    </p>
   </div>
   <div class='ocr_carea' id='block_1_33' title="bbox 479 3033 2115 3108">
    <p class='ocr_par' dir='ltr' id='par_1_33' title="bbox 479 3033 2115 3108">
     <span class='ocr_line' id='line_1_33' title="bbox 479 3033 2115 3108; baseline -0.002 -15"><span class='ocrx_word' id='word_1_228' title='bbox 479 3033 481 3035; x_wconf 69' lang='grc'><strong>’</strong></span> <span class='ocrx_word' id='word_1_229' title='bbox 537 3037 964 3108; x_wconf 83' lang='lat' dir='ltr'><strong>responderunt,</strong></span> <span class='ocrx_word' id='word_1_230' title='bbox 995 3037 1366 3108; x_wconf 66' lang='lat' dir='ltr'><strong>silentio‘ipso</strong></span> <span class='ocrx_word' id='word_1_231' title='bbox 1391 3037 1764 3100; x_wconf 90' lang='lat' dir='ltr'><strong>declarantes,</strong></span> <span class='ocrx_word' id='word_1_232' title='bbox 1795 3051 1920 3092; x_wconf 91' lang='lat' dir='ltr'><strong>eum</strong></span> <span class='ocrx_word' id='word_1_233' title='bbox 1951 3050 2019 3090; x_wconf 90' lang='lat' dir='ltr'><strong>ne</strong></span> <span class='ocrx_word' id='word_1_234' title='bbox 2046 3036 2115 3090; x_wconf 90' lang='lat' dir='ltr'><strong>ab</strong></span> 
     </span>
    </p>
   </div>
   <div class='ocr_carea' id='block_1_34' title="bbox 535 3125 2112 3199">
    <p class='ocr_par' dir='ltr' id='par_1_34' title="bbox 535 3125 2112 3199">
     <span class='ocr_line' id='line_1_34' title="bbox 535 3125 2112 3199; baseline -0.003 -14"><span class='ocrx_word' id='word_1_235' title='bbox 535 3131 625 3186; x_wconf 80' lang='lat' dir='ltr'><strong>his</strong></span> <span class='ocrx_word' id='word_1_236' title='bbox 655 3130 910 3199; x_wconf 89' lang='lat' dir='ltr'><strong>quidem,</strong></span> <span class='ocrx_word' id='word_1_237' title='bbox 945 3140 1004 3185; x_wconf 92' lang='lat' dir='ltr'><strong>ut</strong></span> <span class='ocrx_word' id='word_1_238' title='bbox 1047 3131 1396 3197; x_wconf 51' lang='lat' dir='ltr'><strong>increatum,</strong></span> <span class='ocrx_word' id='word_1_239' title='bbox 1419 3144 1450 3182; x_wconf 86' lang='lat' dir='ltr'><strong>a</strong></span> <span class='ocrx_word' id='word_1_240' title='bbox 1497 3129 1700 3185; x_wconf 88' lang='lat' dir='ltr'><strong>creatis</strong></span> <span class='ocrx_word' id='word_1_241' title='bbox 1721 3125 2112 3198; x_wconf 89' lang='lat' dir='ltr'><strong>comprehendi</strong></span> 
     </span>
    </p>
   </div>
   <div class='ocr_carea' id='block_1_35' title="bbox 537 3216 2114 3291">
    <p class='ocr_par' dir='ltr' id='par_1_35' title="bbox 537 3216 2114 3291">
     <span class='ocr_line' id='line_1_35' title="bbox 537 3216 2114 3291; baseline -0.002 -18"><span class='ocrx_word' id='word_1_242' title='bbox 537 3235 704 3288; x_wconf 83' lang='lat' dir='ltr'><strong>posse</strong></span> <span class='ocrx_word' id='word_1_243' title='bbox 738 3239 752 3274; x_wconf 89' lang='lat'><strong>:</strong></span> <span class='ocrx_word' id='word_1_244' title='bbox 786 3227 1077 3291; x_wconf 87' lang='lat' dir='ltr'><strong>propterea</strong></span> <span class='ocrx_word' id='word_1_245' title='bbox 1103 3220 1173 3275; x_wconf 89' lang='lat' dir='ltr'><strong>ab</strong></span> <span class='ocrx_word' id='word_1_246' title='bbox 1201 3219 1315 3275; x_wconf 85' lang='lat' dir='ltr'><strong>illis</strong></span> <span class='ocrx_word' id='word_1_247' title='bbox 1344 3218 1604 3283; x_wconf 85' lang='lat' dir='ltr'><strong>discessi,</strong></span> <span class='ocrx_word' id='word_1_248' title='bbox 1632 3233 1794 3290; x_wconf 87' lang='lat' dir='ltr'><strong>quem</strong></span> <span class='ocrx_word' id='word_1_249' title='bbox 1824 3216 2114 3274; x_wconf 89' lang='lat' dir='ltr'><strong>desidera-</strong></span> 
     </span>
    </p>
   </div>
   <div class='ocr_carea' id='block_1_36' title="bbox 536 3310 2113 3382">
    <p class='ocr_par' dir='ltr' id='par_1_36' title="bbox 536 3310 2113 3382">
     <span class='ocr_line' id='line_1_36' title="bbox 536 3310 2113 3382; baseline -0.002 -18"><span class='ocrx_word' id='word_1_250' title='bbox 536 3313 664 3365; x_wconf 85' lang='lat' dir='ltr'><strong>bam</strong></span> <span class='ocrx_word' id='word_1_251' title='bbox 722 3311 1038 3381; x_wconf 86' lang='lat' dir='ltr'><strong>inquirens.</strong></span> <span class='ocrx_word' id='word_1_252' title='bbox 1070 3310 1137 3366; x_wconf 87' lang='lat' dir='ltr'><strong>Et</strong></span> <span class='ocrx_word' id='word_1_253' title='bbox 1161 3312 1252 3365; x_wconf 86' lang='lat' dir='ltr'><strong>vix</strong></span> <span class='ocrx_word' id='word_1_254' title='bbox 1284 3312 1354 3368; x_wconf 91' lang='lat' dir='ltr'><strong>ab</strong></span> <span class='ocrx_word' id='word_1_255' title='bbox 1384 3311 1525 3382; x_wconf 88' lang='lat' dir='ltr'><strong>ipsis</strong></span> <span class='ocrx_word' id='word_1_256' title='bbox 1555 3310 1921 3366; x_wconf 87' lang='lat' dir='ltr'><strong>discesseram</strong></span> <span class='ocrx_word' id='word_1_257' title='bbox 1941 3347 1956 3373; x_wconf 93' lang='lat'><strong>,</strong></span> <span class='ocrx_word' id='word_1_258' title='bbox 1988 3325 2113 3363; x_wconf 89' lang='lat' dir='ltr'><strong>cum</strong></span> 
     </span>
    </p>
   </div>
   <div class='ocr_carea' id='block_1_37' title="bbox 537 3398 2112 3473">
    <p class='ocr_par' dir='ltr' id='par_1_37' title="bbox 537 3398 2112 3473">
     <span class='ocr_line' id='line_1_37' title="bbox 537 3398 2112 3473; baseline -0.003 -17"><span class='ocrx_word' id='word_1_259' title='bbox 537 3401 837 3472; x_wconf 86' lang='lat' dir='ltr'><strong>reperirem</strong></span> <span class='ocrx_word' id='word_1_260' title='bbox 920 3417 1082 3472; x_wconf 90' lang='lat' dir='ltr'><strong>quem</strong></span> <span class='ocrx_word' id='word_1_261' title='bbox 1143 3401 1325 3473; x_wconf 85' lang='lat' dir='ltr'><strong>diligit</strong></span> <span class='ocrx_word' id='word_1_262' title='bbox 1383 3403 1569 3456; x_wconf 87' lang='lat' dir='ltr'><strong>anima</strong></span> <span class='ocrx_word' id='word_1_263' title='bbox 1619 3416 1739 3456; x_wconf 89' lang='lat' dir='ltr'><strong>mea</strong></span> <span class='ocrx_word' id='word_1_264' title='bbox 1787 3419 1802 3456; x_wconf 88' lang='lat'><strong>:</strong></span> <span class='ocrx_word' id='word_1_265' title='bbox 1878 3418 1897 3451; x_wconf 80' lang='grc' dir='ltr'><strong>ι</strong></span> <span class='ocrx_word' id='word_1_266' title='bbox 1940 3398 2112 3456; x_wconf 89' lang='lat' dir='ltr'><strong>Tenui</strong></span> 
     </span>
    </p>
   </div>
   <div class='ocr_carea' id='block_1_38' title="bbox 535 3493 2112 3564">
    <p class='ocr_par' dir='ltr' id='par_1_38' title="bbox 535 3493 2112 3564">
     <span class='ocr_line' id='line_1_38' title="bbox 535 3493 2112 3564; baseline -0.003 -15"><span class='ocrx_word' id='word_1_267' title='bbox 535 3509 684 3549; x_wconf 78' lang='lat' dir='ltr'><strong>eum.</strong></span> <span class='ocrx_word' id='word_1_268' title='bbox 711 3513 730 3548; x_wconf 73' lang='grc' dir='ltr'><strong>ι</strong></span> <span class='ocrx_word' id='word_1_269' title='bbox 766 3493 1058 3550; x_wconf 78' lang='lat' dir='ltr'><strong>Paululum</strong></span> <span class='ocrx_word' id='word_1_270' title='bbox 1088 3508 1479 3550; x_wconf 83' lang='lat' dir='ltr'><strong>concesseram</strong></span> <span class='ocrx_word' id='word_1_271' title='bbox 1505 3509 1534 3549; x_wconf 88' lang='lat' dir='ltr'><strong>a</strong></span> <span class='ocrx_word' id='word_1_272' title='bbox 1570 3494 1733 3549; x_wconf 84' lang='lat' dir='ltr'><strong>rebus</strong></span> <span class='ocrx_word' id='word_1_273' title='bbox 1773 3495 2077 3564; x_wconf 84' lang='lat' dir='ltr'><strong>procreatis</strong></span> <span class='ocrx_word' id='word_1_274' title='bbox 2099 3531 2112 3555; x_wconf 91' lang='lat'><strong>,</strong></span> 
     </span>
    </p>
   </div>
   <div class='ocr_carea' id='block_1_39' title="bbox 537 3586 2109 3658">
    <p class='ocr_par' dir='ltr' id='par_1_39' title="bbox 537 3586 2109 3658">
     <span class='ocr_line' id='line_1_39' title="bbox 537 3586 2109 3658; baseline -0.003 -17"><span class='ocrx_word' id='word_1_275' title='bbox 537 3594 722 3642; x_wconf 85' lang='lat' dir='ltr'><strong>mente</strong></span> <span class='ocrx_word' id='word_1_276' title='bbox 749 3586 1130 3657; x_wconf 81' lang='lat' dir='ltr'><strong>pertransiens</strong></span> <span class='ocrx_word' id='word_1_277' title='bbox 1157 3587 1333 3657; x_wconf 87' lang='lat' dir='ltr'><strong>ipsam</strong></span> <span class='ocrx_word' id='word_1_278' title='bbox 1362 3602 1586 3658; x_wconf 88' lang='lat' dir='ltr'><strong>quoque</strong></span> <span class='ocrx_word' id='word_1_279' title='bbox 1617 3595 1870 3640; x_wconf 88' lang='lat' dir='ltr'><strong>naturam</strong></span> <span class='ocrx_word' id='word_1_280' title='bbox 1910 3586 2109 3656; x_wconf 84' lang='lat' dir='ltr'><strong>angeli-</strong></span> 
     </span>
    </p>
   </div>
   <div class='ocr_carea' id='block_1_40' title="bbox 537 3677 2114 3745">
    <p class='ocr_par' dir='ltr' id='par_1_40' title="bbox 537 3677 2114 3745">
     <span class='ocr_line' id='line_1_40' title="bbox 537 3677 2114 3745; baseline -0.003 -13"><span class='ocrx_word' id='word_1_281' title='bbox 537 3691 661 3732; x_wconf 87' lang='lat' dir='ltr'><strong>cam</strong></span> <span class='ocrx_word' id='word_1_282' title='bbox 690 3718 706 3744; x_wconf 94' lang='lat'><strong>,</strong></span> <span class='ocrx_word' id='word_1_283' title='bbox 739 3685 802 3732; x_wconf 94' lang='lat' dir='ltr'><strong>ut</strong></span> <span class='ocrx_word' id='word_1_284' title='bbox 839 3677 1148 3733; x_wconf 85' lang='lat' dir='ltr'><strong>increatum</strong></span> <span class='ocrx_word' id='word_1_285' title='bbox 1179 3678 1444 3734; x_wconf 91' lang='lat' dir='ltr'><strong>dilectum</strong></span> <span class='ocrx_word' id='word_1_286' title='bbox 1479 3693 1660 3733; x_wconf 89' lang='lat' dir='ltr'><strong>meum</strong></span> <span class='ocrx_word' id='word_1_287' title='bbox 1696 3677 1762 3732; x_wconf 91' lang='lat' dir='ltr'><strong>dc</strong></span> <span class='ocrx_word' id='word_1_288' title='bbox 1790 3691 1877 3732; x_wconf 90' lang='lat' dir='ltr'><strong>me</strong></span> <span class='ocrx_word' id='word_1_289' title='bbox 1911 3677 2114 3745; x_wconf 86' lang='lat' dir='ltr'><strong>optime</strong></span> 
     </span>
    </p>
   </div>
   <div class='ocr_carea' id='block_1_41' title="bbox 537 3767 2115 3837">
    <p class='ocr_par' dir='ltr' id='par_1_41' title="bbox 537 3767 2115 3837">
     <span class='ocr_line' id='line_1_41' title="bbox 537 3767 2115 3837; baseline -0.001 -16"><span class='ocrx_word' id='word_1_290' title='bbox 537 3770 796 3825; x_wconf 89' lang='lat' dir='ltr'><strong>meritum</strong></span> <span class='ocrx_word' id='word_1_291' title='bbox 833 3771 1174 3837; x_wconf 91' lang='lat' dir='ltr'><strong>invenirem,</strong></span> <span class='ocrx_word' id='word_1_292' title='bbox 1213 3785 1340 3825; x_wconf 91' lang='lat' dir='ltr'><strong>cum</strong></span> <span class='ocrx_word' id='word_1_293' title='bbox 1377 3769 1532 3824; x_wconf 91' lang='lat' dir='ltr'><strong>illum</strong></span> <span class='ocrx_word' id='word_1_294' title='bbox 1579 3767 1682 3823; x_wconf 81' lang='lat' dir='ltr'><strong>ﬁde</strong></span> <span class='ocrx_word' id='word_1_295' title='bbox 1717 3767 1834 3822; x_wconf 90' lang='lat' dir='ltr'><strong>sola</strong></span> <span class='ocrx_word' id='word_1_296' title='bbox 1861 3780 2115 3835; x_wconf 88' lang='lat' dir='ltr'><strong>compre-</strong></span> 
     </span>
    </p>
   </div>
   <div class='ocr_carea' id='block_1_42' title="bbox 538 3856 2116 3930">
    <p class='ocr_par' dir='ltr' id='par_1_42' title="bbox 538 3856 2116 3930">
     <span class='ocr_line' id='line_1_42' title="bbox 538 3856 2116 3930; baseline -0.006 -15"><span class='ocrx_word' id='word_1_297' title='bbox 538 3861 731 3924; x_wconf 87' lang='lat' dir='ltr'><strong>hendi,</strong></span> <span class='ocrx_word' id='word_1_298' title='bbox 761 3873 888 3915; x_wconf 89' lang='lat' dir='ltr'><strong>cum</strong></span> <span class='ocrx_word' id='word_1_299' title='bbox 915 3874 1004 3915; x_wconf 89' lang='lat' dir='ltr'><strong>res</strong></span> <span class='ocrx_word' id='word_1_300' title='bbox 1029 3875 1223 3915; x_wconf 90' lang='lat' dir='ltr'><strong>omnes</strong></span> <span class='ocrx_word' id='word_1_301' title='bbox 1255 3859 1675 3930; x_wconf 86' lang='lat' dir='ltr'><strong>percurrisscm,</strong></span> <span class='ocrx_word' id='word_1_302' title='bbox 1709 3865 1764 3912; x_wconf 90' lang='lat' dir='ltr'><strong>et</strong></span> <span class='ocrx_word' id='word_1_303' title='bbox 1795 3856 1913 3926; x_wconf 88' lang='lat' dir='ltr'><strong>ipsa</strong></span> <span class='ocrx_word' id='word_1_304' title='bbox 1937 3869 2116 3910; x_wconf 86' lang='lat' dir='ltr'><strong>essem</strong></span> 
     </span>
    </p>
   </div>
   <div class='ocr_carea' id='block_1_43' title="bbox 538 3945 2118 4022">
    <p class='ocr_par' dir='ltr' id='par_1_43' title="bbox 538 3945 2118 4022">
     <span class='ocr_line' id='line_1_43' title="bbox 538 3945 2118 4022; baseline -0.005 -16"><span class='ocrx_word' id='word_1_305' title='bbox 538 3951 878 4022; x_wconf 86' lang='lat' dir='ltr'><strong>experientia</strong></span> <span class='ocrx_word' id='word_1_306' title='bbox 908 3952 1254 4016; x_wconf 84' lang='lat' dir='ltr'><strong>conﬁrmata,</strong></span> <span class='ocrx_word' id='word_1_307' title='bbox 1296 3965 1443 4013; x_wconf 88' lang='lat' dir='ltr'><strong>eum,</strong></span> <span class='ocrx_word' id='word_1_308' title='bbox 1499 3949 1594 4019; x_wconf 90' lang='lat' dir='ltr'><strong>qui</strong></span> <span class='ocrx_word' id='word_1_309' title='bbox 1635 3945 1853 4003; x_wconf 78' lang='lat' dir='ltr'><strong>rerum‘</strong></span> <span class='ocrx_word' id='word_1_310' title='bbox 1877 3952 1964 4002; x_wconf 87' lang='lat' dir='ltr'><strong>est</strong></span> <span class='ocrx_word' id='word_1_311' title='bbox 1999 3959 2118 4000; x_wconf 80' lang='lat' dir='ltr'><strong>om-</strong></span> 
     </span>
    </p>
   </div>
   <div class='ocr_carea' id='block_1_44' title="bbox 537 4037 2116 4108">
    <p class='ocr_par' dir='ltr' id='par_1_44' title="bbox 537 4037 2116 4108">
     <span class='ocr_line' id='line_1_44' title="bbox 537 4037 2116 4108; baseline -0.005 -10"><span class='ocrx_word' id='word_1_312' title='bbox 537 4045 692 4098; x_wconf 87' lang='lat' dir='ltr'><strong>nium</strong></span> <span class='ocrx_word' id='word_1_313' title='bbox 717 4057 915 4108; x_wconf 86' lang='lat' dir='ltr'><strong>causa,</strong></span> <span class='ocrx_word' id='word_1_314' title='bbox 952 4042 1117 4096; x_wconf 87' lang='lat' dir='ltr'><strong>rebus</strong></span> <span class='ocrx_word' id='word_1_315' title='bbox 1143 4042 1401 4098; x_wconf 88' lang='lat' dir='ltr'><strong>omnibus</strong></span> <span class='ocrx_word' id='word_1_316' title='bbox 1434 4039 1768 4096; x_wconf 85' lang='lat' dir='ltr'><strong>antecellere</strong></span> <span class='ocrx_word' id='word_1_317' title='bbox 1797 4056 1812 4093; x_wconf 89' lang='lat'><strong>:</strong></span> <span class='ocrx_word' id='word_1_318' title='bbox 1851 4052 2029 4107; x_wconf 89' lang='lat' dir='ltr'><strong>neque</strong></span> <span class='ocrx_word' id='word_1_319' title='bbox 2062 4037 2116 4090; x_wconf 90' lang='lat' dir='ltr'><strong>in</strong></span> 
     </span>
    </p>
   </div>
   <div class='ocr_carea' id='block_1_45' title="bbox 537 4131 2117 4204">
    <p class='ocr_par' dir='ltr' id='par_1_45' title="bbox 537 4131 2117 4204">
     <span class='ocr_line' id='line_1_45' title="bbox 537 4131 2117 4204; baseline -0.004 -16"><span class='ocrx_word' id='word_1_320' title='bbox 537 4136 651 4189; x_wconf 84' lang='lat' dir='ltr'><strong>ulla</strong></span> <span class='ocrx_word' id='word_1_321' title='bbox 681 4145 876 4191; x_wconf 88' lang='lat' dir='ltr'><strong>natura</strong></span> <span class='ocrx_word' id='word_1_322' title='bbox 899 4135 983 4190; x_wconf 77' lang='lat' dir='ltr'><strong>vel</strong></span> <span class='ocrx_word' id='word_1_323' title='bbox 1008 4134 1277 4198; x_wconf 83' lang='lat' dir='ltr'><strong>sensibili,</strong></span> <span class='ocrx_word' id='word_1_324' title='bbox 1305 4133 1390 4188; x_wconf 84' lang='lat' dir='ltr'><strong>vel</strong></span> <span class='ocrx_word' id='word_1_325' title='bbox 1416 4131 1770 4204; x_wconf 87' lang='lat' dir='ltr'><strong>intclligibili,</strong></span> <span class='ocrx_word' id='word_1_326' title='bbox 1799 4145 1898 4200; x_wconf 91' lang='lat' dir='ltr'><strong>per</strong></span> <span class='ocrx_word' id='word_1_327' title='bbox 1923 4143 2117 4184; x_wconf 88' lang='lat' dir='ltr'><strong>essen-</strong></span> 
     </span>
    </p>
   </div>
   <div class='ocr_carea' id='block_1_46' title="bbox 535 4220 2116 4296">
    <p class='ocr_par' dir='ltr' id='par_1_46' title="bbox 535 4220 2116 4296">
     <span class='ocr_line' id='line_1_46' title="bbox 535 4220 2116 4296; baseline -0.003 -17"><span class='ocrx_word' id='word_1_328' title='bbox 535 4228 672 4280; x_wconf 74' lang='lat' dir='ltr'><strong>tiam</strong></span> <span class='ocrx_word' id='word_1_329' title='bbox 718 4225 960 4296; x_wconf 83' lang='lat' dir='ltr'><strong>perspici.</strong></span> <span class='ocrx_word' id='word_1_330' title='bbox 1007 4239 1212 4296; x_wconf 86' lang='lat' dir='ltr'><strong>posse,</strong></span> <span class='ocrx_word' id='word_1_331' title='bbox 1259 4239 1384 4280; x_wconf 83' lang='lat' dir='ltr'><strong>cum</strong></span> <span class='ocrx_word' id='word_1_332' title='bbox 1430 4220 1986 4294; x_wconf 72' lang='lat' dir='ltr'><strong>super-substantialis</strong></span> <span class='ocrx_word' id='word_1_333' title='bbox 2021 4220 2116 4275; x_wconf 89' lang='lat' dir='ltr'><strong>sit.</strong></span> 
     </span>
    </p>
   </div>
   <div class='ocr_carea' id='block_1_47' title="bbox 538 4312 2119 4388">
    <p class='ocr_par' dir='ltr' id='par_1_47' title="bbox 538 4312 2119 4388">
     <span class='ocr_line' id='line_1_47' title="bbox 538 4312 2119 4388; baseline -0.003 -17"><span class='ocrx_word' id='word_1_334' title='bbox 538 4317 632 4372; x_wconf 81' lang='lat' dir='ltr'><strong>Sic</strong></span> <span class='ocrx_word' id='word_1_335' title='bbox 661 4317 829 4388; x_wconf 82' lang='lat' dir='ltr'><strong>igitur</strong></span> <span class='ocrx_word' id='word_1_336' title='bbox 856 4317 1042 4372; x_wconf 84' lang='lat' dir='ltr'><strong>omnia</strong></span> <span class='ocrx_word' id='word_1_337' title='bbox 1086 4332 1209 4387; x_wconf 66' lang='lat' dir='ltr'><strong>qua:</strong></span> <span class='ocrx_word' id='word_1_338' title='bbox 1243 4325 1374 4372; x_wconf 88' lang='lat' dir='ltr'><strong>sunt</strong></span> <span class='ocrx_word' id='word_1_339' title='bbox 1399 4315 1620 4377; x_wconf 82' lang='lat' dir='ltr'><strong>transii,</strong></span> <span class='ocrx_word' id='word_1_340' title='bbox 1654 4313 1886 4370; x_wconf 86' lang='lat' dir='ltr'><strong>studens</strong></span> <span class='ocrx_word' id='word_1_341' title='bbox 1927 4312 1983 4368; x_wconf 89' lang='lat' dir='ltr'><strong>in</strong></span> <span class='ocrx_word' id='word_1_342' title='bbox 2023 4312 2119 4366; x_wconf 90' lang='lat' dir='ltr'><strong>do-</strong></span> 
     </span>
    </p>
   </div>
   <div class='ocr_carea' id='block_1_48' title="bbox 534 4403 2119 4480">
    <p class='ocr_par' dir='ltr' id='par_1_48' title="bbox 534 4403 2119 4480">
     <span class='ocr_line' id='line_1_48' title="bbox 534 4403 2119 4480; baseline -0.005 -15"><span class='ocrx_word' id='word_1_343' title='bbox 534 4425 686 4465; x_wconf 81' lang='lat' dir='ltr'><strong>mum</strong></span> <span class='ocrx_word' id='word_1_344' title='bbox 713 4425 889 4465; x_wconf 87' lang='lat' dir='ltr'><strong>meam</strong></span> <span class='ocrx_word' id='word_1_345' title='bbox 921 4410 1329 4480; x_wconf 83' lang='lat' dir='ltr'><strong>optatissimum</strong></span> <span class='ocrx_word' id='word_1_346' title='bbox 1378 4408 1514 4463; x_wconf 86' lang='lat' dir='ltr'><strong>mihi</strong></span> <span class='ocrx_word' id='word_1_347' title='bbox 1560 4421 1826 4478; x_wconf 88' lang='lat' dir='ltr'><strong>sponsum</strong></span> <span class='ocrx_word' id='word_1_348' title='bbox 1869 4403 2119 4460; x_wconf 86' lang='lat' dir='ltr'><strong>introdu-</strong></span> 
     </span>
    </p>
   </div>
   <div class='ocr_carea' id='block_1_49' title="bbox 2211 577 3798 656">
    <p class='ocr_par' dir='ltr' id='par_1_49' title="bbox 2211 577 3798 656">
     <span class='ocr_line' id='line_1_49' title="bbox 2211 577 3798 656; baseline -0.006 -17"><span class='ocrx_word' id='word_1_349' title='bbox 2211 585 2500 656; x_wconf 73' lang='grc' dir='ltr'><strong>ἄτρεπτος,</strong></span> <span class='ocrx_word' id='word_1_350' title='bbox 2531 585 2630 638; x_wconf 78' lang='grc' dir='ltr'><strong>οὐκ</strong></span> <span class='ocrx_word' id='word_1_351' title='bbox 2645 581 2918 653; x_wconf 72' lang='grc' dir='ltr'><strong>ἠδυνήθην</strong></span> <span class='ocrx_word' id='word_1_352' title='bbox 2943 581 3156 650; x_wconf 80' lang='grc' dir='ltr'><strong>εὐρεῖν;</strong></span> <span class='ocrx_word' id='word_1_353' title='bbox 3186 577 3304 632; x_wconf 75' lang='grc' dir='ltr'><strong>Κᾶν</strong></span> <span class='ocrx_word' id='word_1_354' title='bbox 3331 577 3442 648; x_wconf 84' lang='grc' dir='ltr'><strong>γὰρ</strong></span> <span class='ocrx_word' id='word_1_355' title='bbox 3469 577 3673 645; x_wconf 81' lang='grc' dir='ltr'><strong>ἀγαθὸν</strong></span> <span class='ocrx_word' id='word_1_356' title='bbox 3701 578 3798 630; x_wconf 79' lang='grc' dir='ltr'><strong>καὶ</strong></span> 
     </span>
    </p>
   </div>
   <div class='ocr_carea' id='block_1_50' title="bbox 2211 666 3792 744">
    <p class='ocr_par' dir='ltr' id='par_1_50' title="bbox 2211 666 3792 744">
     <span class='ocr_line' id='line_1_50' title="bbox 2211 666 3792 744; baseline -0.006 -16"><span class='ocrx_word' id='word_1_357' title='bbox 2211 674 2468 744; x_wconf 84' lang='grc' dir='ltr'><strong>ἀλήθειαν</strong></span> <span class='ocrx_word' id='word_1_358' title='bbox 2485 673 2732 728; x_wconf 77' lang='grc' dir='ltr'><strong>ἐντεῦθεν</strong></span> <span class='ocrx_word' id='word_1_359' title='bbox 2754 671 2987 726; x_wconf 81' lang='grc' dir='ltr'><strong>ἐκάλεσα</strong></span> <span class='ocrx_word' id='word_1_360' title='bbox 3001 669 3183 736; x_wconf 80' lang='grc' dir='ltr'><strong>αὐτὸν,</strong></span> <span class='ocrx_word' id='word_1_361' title='bbox 3199 668 3298 740; x_wconf 83' lang='grc' dir='ltr'><strong>οὐχ</strong></span> <span class='ocrx_word' id='word_1_362' title='bbox 3313 666 3591 737; x_wconf 75' lang='grc' dir='ltr'><strong>ὑπήκουσά</strong></span> <span class='ocrx_word' id='word_1_363' title='bbox 3605 667 3652 699; x_wconf 71' lang='grc' dir='ltr'><strong>⁸ο</strong></span> <span class='ocrx_word' id='word_1_364' title='bbox 3668 684 3792 738; x_wconf 84' lang='grc' dir='ltr'><strong>μου,</strong></span> 
     </span>
    </p>
   </div>
   <div class='ocr_carea' id='block_1_51' title="bbox 2210 756 3797 835">
    <p class='ocr_par' dir='ltr' id='par_1_51' title="bbox 2210 756 3797 835">
     <span class='ocr_line' id='line_1_51' title="bbox 2210 756 3797 835; baseline -0.005 -17"><span class='ocrx_word' id='word_1_365' title='bbox 2210 762 2398 835; x_wconf 84' lang='grc' dir='ltr'><strong>ἐπειδή</strong></span> <span class='ocrx_word' id='word_1_366' title='bbox 2441 764 2538 818; x_wconf 73' lang='grc' dir='ltr'><strong>καὶ</strong></span> <span class='ocrx_word' id='word_1_367' title='bbox 2583 762 2725 834; x_wconf 76' lang='grc' dir='ltr'><strong>ὑπὲρ</strong></span> <span class='ocrx_word' id='word_1_368' title='bbox 2760 759 2932 816; x_wconf 88' lang='grc' dir='ltr'><strong>ταῦτά</strong></span> <span class='ocrx_word' id='word_1_369' title='bbox 2973 761 3152 814; x_wconf 70' lang='grc' dir='ltr'><strong>ἐστιν*</strong></span> <span class='ocrx_word' id='word_1_370' title='bbox 3195 759 3277 812; x_wconf 80' lang='grc' dir='ltr'><strong>ὃτι</strong></span> <span class='ocrx_word' id='word_1_371' title='bbox 3319 757 3380 812; x_wconf 85' lang='grc' dir='ltr'><strong>τὺ</strong></span> <span class='ocrx_word' id='word_1_372' title='bbox 3416 757 3585 827; x_wconf 74' lang='grc' dir='ltr'><strong>ὄνομα</strong></span> <span class='ocrx_word' id='word_1_373' title='bbox 3630 756 3797 811; x_wconf 80' lang='grc' dir='ltr'><strong>αὐτοῦ</strong></span> 
     </span>
    </p>
   </div>
   <div class='ocr_carea' id='block_1_52' title="bbox 2213 845 3797 927">
    <p class='ocr_par' dir='ltr' id='par_1_52' title="bbox 2213 845 3797 927">
     <span class='ocr_line' id='line_1_52' title="bbox 2213 845 3797 927; baseline -0.005 -18"><span class='ocrx_word' id='word_1_374' title='bbox 2213 855 2356 927; x_wconf 78' lang='grc' dir='ltr'><strong>ὑπὲρ</strong></span> <span class='ocrx_word' id='word_1_375' title='bbox 2394 857 2503 909; x_wconf 81' lang='grc' dir='ltr'><strong>πᾶν</strong></span> <span class='ocrx_word' id='word_1_376' title='bbox 2533 857 2678 908; x_wconf 90' lang='grc' dir='ltr'><strong>ἐστιν</strong></span> <span class='ocrx_word' id='word_1_377' title='bbox 2694 854 2894 924; x_wconf 75' lang='grc' dir='ltr'><strong>ὄνομαο</strong></span> <span class='ocrx_word' id='word_1_378' title='bbox 2924 853 3019 907; x_wconf 70' lang='grc' dir='ltr'><strong>καὶ</strong></span> <span class='ocrx_word' id='word_1_379' title='bbox 3038 851 3177 922; x_wconf 84' lang='grc' dir='ltr'><strong>αῦτη</strong></span> <span class='ocrx_word' id='word_1_380' title='bbox 3192 850 3236 883; x_wconf 73' lang='grc'>⁸⁸</span> <span class='ocrx_word' id='word_1_381' title='bbox 3269 849 3370 921; x_wconf 87' lang='grc' dir='ltr'><strong>μέν</strong></span> <span class='ocrx_word' id='word_1_382' title='bbox 3397 849 3490 904; x_wconf 84' lang='grc' dir='ltr'><strong>τδν</strong></span> <span class='ocrx_word' id='word_1_383' title='bbox 3511 845 3797 920; x_wconf 82' lang='grc' dir='ltr'><strong>ἀγαπητόν</strong></span> 
     </span>
    </p>
   </div>
   <div class='ocr_carea' id='block_1_53' title="bbox 2214 939 3798 1017">
    <p class='ocr_par' dir='ltr' id='par_1_53' title="bbox 2214 939 3798 1017">
     <span class='ocr_line' id='line_1_53' title="bbox 2214 939 3798 1017; baseline -0.003 -18"><span class='ocrx_word' id='word_1_384' title='bbox 2214 963 2339 1017; x_wconf 85' lang='grc' dir='ltr'><strong>μου,</strong></span> <span class='ocrx_word' id='word_1_385' title='bbox 2372 946 2448 1008; x_wconf 84' lang='grc' dir='ltr'><strong>ὡς</strong></span> <span class='ocrx_word' id='word_1_386' title='bbox 2476 946 2695 1015; x_wconf 76' lang='grc' dir='ltr'><strong>εἴρηκα,</strong></span> <span class='ocrx_word' id='word_1_387' title='bbox 2724 942 2876 998; x_wconf 78' lang='grc' dir='ltr'><strong>οὔπω</strong></span> <span class='ocrx_word' id='word_1_388' title='bbox 2912 942 3184 1013; x_wconf 80' lang='grc' dir='ltr'><strong>ἠδυνήθην</strong></span> <span class='ocrx_word' id='word_1_389' title='bbox 3215 941 3427 1012; x_wconf 83' lang='grc' dir='ltr'><strong>εὑρεῖν·</strong></span> <span class='ocrx_word' id='word_1_390' title='bbox 3463 942 3512 993; x_wconf 75' lang='lat' dir='ltr'><strong>oi</strong></span> <span class='ocrx_word' id='word_1_391' title='bbox 3558 939 3614 993; x_wconf 85' lang='grc' dir='ltr'><strong>δέ</strong></span> <span class='ocrx_word' id='word_1_392' title='bbox 3649 940 3798 1008; x_wconf 77' lang='grc' dir='ltr'><strong>ἀγιοι</strong></span> 
     </span>
    </p>
   </div>
   <div class='ocr_carea' id='block_1_54' title="bbox 2211 1030 3799 1108">
    <p class='ocr_par' dir='ltr' id='par_1_54' title="bbox 2211 1030 3799 1108">
     <span class='ocr_line' id='line_1_54' title="bbox 2211 1030 3799 1108; baseline -0.006 -15"><span class='ocrx_word' id='word_1_393' title='bbox 2211 1037 2431 1106; x_wconf 73' lang='grc' dir='ltr'><strong>ἄγγελοι</strong></span> <span class='ocrx_word' id='word_1_394' title='bbox 2463 1036 2694 1108; x_wconf 83' lang='grc' dir='ltr'><strong>εῦροσάν</strong></span> <span class='ocrx_word' id='word_1_395' title='bbox 2723 1052 2813 1106; x_wconf 88' lang='grc' dir='ltr'><strong>με,</strong></span> <span class='ocrx_word' id='word_1_396' title='bbox 2848 1036 2899 1088; x_wconf 83' lang='grc' dir='ltr'><strong>οι</strong></span> <span class='ocrx_word' id='word_1_397' title='bbox 2941 1033 3252 1107; x_wconf 86' lang='grc' dir='ltr'><strong>τηροῦντες,</strong></span> <span class='ocrx_word' id='word_1_398' title='bbox 3290 1033 3338 1086; x_wconf 88' lang='grc' dir='ltr'><strong>οί</strong></span> <span class='ocrx_word' id='word_1_399' title='bbox 3379 1030 3704 1094; x_wconf 81' lang='grc' dir='ltr'><strong>κυκλοῦντες</strong></span> <span class='ocrx_word' id='word_1_400' title='bbox 3735 1033 3799 1084; x_wconf 75' lang='grc' dir='ltr'><strong>ἐν</strong></span> 
     </span>
    </p>
   </div>
   <div class='ocr_carea' id='block_1_55' title="bbox 2211 1121 3801 1199">
    <p class='ocr_par' dir='ltr' id='par_1_55' title="bbox 2211 1121 3801 1199">
     <span class='ocr_line' id='line_1_55' title="bbox 2211 1121 3801 1199; baseline -0.005 -17"><span class='ocrx_word' id='word_1_401' title='bbox 2211 1131 2278 1199; x_wconf 81' lang='grc' dir='ltr'><strong>τῇ</strong></span> <span class='ocrx_word' id='word_1_402' title='bbox 2313 1129 2466 1182; x_wconf 85' lang='grc' dir='ltr'><strong>πόλει</strong></span> <span class='ocrx_word' id='word_1_403' title='bbox 2500 1144 2512 1160; x_wconf 73' lang='grc' dir='ltr'><strong>ο</strong></span> <span class='ocrx_word' id='word_1_404' title='bbox 2541 1128 2768 1194; x_wconf 81' lang='grc' dir='ltr'><strong>εὖροσαν</strong></span> <span class='ocrx_word' id='word_1_405' title='bbox 2787 1125 2844 1179; x_wconf 88' lang='grc' dir='ltr'><strong>δέ</strong></span> <span class='ocrx_word' id='word_1_406' title='bbox 2870 1143 2937 1197; x_wconf 86' lang='grc' dir='ltr'><strong>με</strong></span> <span class='ocrx_word' id='word_1_407' title='bbox 2961 1128 3018 1180; x_wconf 82' lang='grc' dir='ltr'><strong>ἐν</strong></span> <span class='ocrx_word' id='word_1_408' title='bbox 3045 1124 3122 1197; x_wconf 81' lang='grc' dir='ltr'><strong>τῷ</strong></span> <span class='ocrx_word' id='word_1_409' title='bbox 3141 1124 3425 1195; x_wconf 87' lang='grc' dir='ltr'><strong>καθαίρειν</strong></span> <span class='ocrx_word' id='word_1_410' title='bbox 3451 1140 3519 1194; x_wconf 89' lang='grc' dir='ltr'><strong>με</strong></span> <span class='ocrx_word' id='word_1_411' title='bbox 3540 1121 3629 1176; x_wconf 82' lang='grc' dir='ltr'><strong>διὰ</strong></span> <span class='ocrx_word' id='word_1_412' title='bbox 3662 1122 3801 1192; x_wconf 70' lang='grc' dir='ltr'><strong>πρᾶ-</strong></span> 
     </span>
    </p>
   </div>
   <div class='ocr_carea' id='block_1_56' title="bbox 2213 1215 3801 1290">
    <p class='ocr_par' dir='ltr' id='par_1_56' title="bbox 2213 1215 3801 1290">
     <span class='ocr_line' id='line_1_56' title="bbox 2213 1215 3801 1290; baseline -0.005 -16"><span class='ocrx_word' id='word_1_413' title='bbox 2213 1220 2367 1285; x_wconf 78' lang='grc' dir='ltr'><strong>ξεως,</strong></span> <span class='ocrx_word' id='word_1_414' title='bbox 2393 1222 2487 1274; x_wconf 80' lang='grc' dir='ltr'><strong>καὶ</strong></span> <span class='ocrx_word' id='word_1_415' title='bbox 2523 1219 2778 1290; x_wconf 76' lang='grc' dir='ltr'><strong>φωτίζειν</strong></span> <span class='ocrx_word' id='word_1_416' title='bbox 2808 1220 2895 1274; x_wconf 83' lang='grc' dir='ltr'><strong>διὰ</strong></span> <span class='ocrx_word' id='word_1_417' title='bbox 2929 1219 3180 1290; x_wconf 75' lang='grc' dir='ltr'><strong>θεωρίας,</strong></span> <span class='ocrx_word' id='word_1_418' title='bbox 3205 1217 3304 1289; x_wconf 82' lang='grc' dir='ltr'><strong>τὴν</strong></span> <span class='ocrx_word' id='word_1_419' title='bbox 3337 1215 3424 1270; x_wconf 84' lang='grc' dir='ltr'><strong>διὰ</strong></span> <span class='ocrx_word' id='word_1_420' title='bbox 3456 1215 3655 1270; x_wconf 84' lang='grc' dir='ltr'><strong>κακίαν</strong></span> <span class='ocrx_word' id='word_1_421' title='bbox 3700 1215 3801 1267; x_wconf 74' lang='grc' dir='ltr'><strong>καὶ</strong></span> 
     </span>
    </p>
   </div>
   <div class='ocr_carea' id='block_1_57' title="bbox 2211 1306 3802 1386">
    <p class='ocr_par' dir='ltr' id='par_1_57' title="bbox 2211 1306 3802 1386">
     <span class='ocr_line' id='line_1_57' title="bbox 2211 1306 3802 1386; baseline -0.009 -14"><span class='ocrx_word' id='word_1_422' title='bbox 2211 1317 2434 1386; x_wconf 76' lang='grc' dir='ltr'><strong>ἄγνοιαν</strong></span> <span class='ocrx_word' id='word_1_423' title='bbox 2466 1315 2826 1381; x_wconf 81' lang='grc' dir='ltr'><strong>ἀπολωλυῖαν,</strong></span> <span class='ocrx_word' id='word_1_424' title='bbox 2860 1315 2954 1369; x_wconf 75' lang='grc' dir='ltr'><strong>καὶ</strong></span> <span class='ocrx_word' id='word_1_425' title='bbox 2991 1313 3299 1386; x_wconf 80' lang='grc' dir='ltr'><strong>μαθήτριαν</strong></span> <span class='ocrx_word' id='word_1_426' title='bbox 3329 1311 3439 1364; x_wconf 83' lang='grc' dir='ltr'><strong>τῶν</strong></span> <span class='ocrx_word' id='word_1_427' title='bbox 3470 1306 3802 1377; x_wconf 83' lang='grc' dir='ltr'><strong>πνευμάτων</strong></span> 
     </span>
    </p>
   </div>
   <div class='ocr_carea' id='block_1_58' title="bbox 2210 1400 3801 1482">
    <p class='ocr_par' dir='ltr' id='par_1_58' title="bbox 2210 1400 3801 1482">
     <span class='ocr_line' id='line_1_58' title="bbox 2210 1400 3801 1482; baseline -0.009 -18"><span class='ocrx_word' id='word_1_428' title='bbox 2210 1413 2310 1482; x_wconf 77' lang='grc' dir='ltr'><strong>τῆς</strong></span> <span class='ocrx_word' id='word_1_429' title='bbox 2336 1409 2601 1481; x_wconf 81' lang='grc' dir='ltr'><strong>πονηρίας</strong></span> <span class='ocrx_word' id='word_1_430' title='bbox 2651 1407 3023 1479; x_wconf 79' lang='grc' dir='ltr'><strong>γεγενημένην</strong></span> <span class='ocrx_word' id='word_1_431' title='bbox 3069 1405 3220 1467; x_wconf 79' lang='grc' dir='ltr'><strong>ποτὲ,</strong></span> <span class='ocrx_word' id='word_1_432' title='bbox 3255 1403 3347 1457; x_wconf 68' lang='grc' dir='ltr'><strong>καὶ</strong></span> <span class='ocrx_word' id='word_1_433' title='bbox 3370 1401 3458 1455; x_wconf 86' lang='grc' dir='ltr'><strong>διὰ</strong></span> <span class='ocrx_word' id='word_1_434' title='bbox 3501 1400 3661 1454; x_wconf 90' lang='grc' dir='ltr'><strong>τοῦτο</strong></span> <span class='ocrx_word' id='word_1_435' title='bbox 3685 1400 3801 1462; x_wconf 82' lang='grc' dir='ltr'><strong>τοῖς</strong></span> 
     </span>
    </p>
   </div>
   <div class='ocr_carea' id='block_1_59' title="bbox 2212 1490 3803 1569">
    <p class='ocr_par' dir='ltr' id='par_1_59' title="bbox 2212 1490 3803 1569">
     <span class='ocr_line' id='line_1_59' title="bbox 2212 1490 3803 1569; baseline -0.009 -14"><span class='ocrx_word' id='word_1_436' title='bbox 2212 1501 2439 1569; x_wconf 75' lang='grc' dir='ltr'><strong>ἀγαθοῖς</strong></span> <span class='ocrx_word' id='word_1_437' title='bbox 2470 1499 2683 1563; x_wconf 82' lang='grc' dir='ltr'><strong>τούτοις</strong></span> <span class='ocrx_word' id='word_1_438' title='bbox 2705 1499 2958 1569; x_wconf 82' lang='grc' dir='ltr'><strong>ἀγγέλοις</strong></span> <span class='ocrx_word' id='word_1_439' title='bbox 2987 1498 3062 1569; x_wconf 80' lang='grc' dir='ltr'><strong>μὴ</strong></span> <span class='ocrx_word' id='word_1_440' title='bbox 3085 1496 3278 1566; x_wconf 75' lang='grc' dir='ltr'><strong>πρὸς¹⁸¹</strong></span> <span class='ocrx_word' id='word_1_441' title='bbox 3316 1491 3617 1564; x_wconf 83' lang='grc' dir='ltr'><strong>μαθητείαν</strong></span> <span class='ocrx_word' id='word_1_442' title='bbox 3649 1490 3803 1559; x_wconf 79' lang='grc' dir='ltr'><strong>εὑρι-</strong></span> 
     </span>
    </p>
   </div>
   <div class='ocr_carea' id='block_1_60' title="bbox 2215 1578 3803 1663">
    <p class='ocr_par' dir='ltr' id='par_1_60' title="bbox 2215 1578 3803 1663">
     <span class='ocr_line' id='line_1_60' title="bbox 2215 1578 3803 1663; baseline -0.011 -16"><span class='ocrx_word' id='word_1_443' title='bbox 2215 1592 2516 1663; x_wconf 82' lang='grc' dir='ltr'><strong>σκομένην·</strong></span> <span class='ocrx_word' id='word_1_444' title='bbox 2561 1591 2611 1645; x_wconf 80' lang='grc' dir='ltr'><strong>οἳ</strong></span> <span class='ocrx_word' id='word_1_445' title='bbox 2660 1589 2886 1662; x_wconf 88' lang='grc' dir='ltr'><strong>τηροῦσι</strong></span> <span class='ocrx_word' id='word_1_446' title='bbox 2926 1589 3060 1660; x_wconf 84' lang='grc' dir='ltr'><strong>πρὸς</strong></span> <span class='ocrx_word' id='word_1_447' title='bbox 3109 1586 3328 1639; x_wconf 79' lang='grc' dir='ltr'><strong>ἔπαινον</strong></span> <span class='ocrx_word' id='word_1_448' title='bbox 3383 1583 3417 1654; x_wconf 76' lang='grc' dir='ltr'><strong>ἢ</strong></span> <span class='ocrx_word' id='word_1_449' title='bbox 3458 1581 3677 1652; x_wconf 73' lang='grc' dir='ltr'><strong>ἔλεγχον</strong></span> <span class='ocrx_word' id='word_1_450' title='bbox 3738 1578 3803 1631; x_wconf 87' lang='grc' dir='ltr'><strong>ἐν</strong></span> 
     </span>
    </p>
   </div>
   <div class='ocr_carea' id='block_1_61' title="bbox 2212 1668 3798 1754">
    <p class='ocr_par' dir='ltr' id='par_1_61' title="bbox 2212 1668 3798 1754">
     <span class='ocr_line' id='line_1_61' title="bbox 2212 1668 3798 1754; baseline -0.011 -17"><span class='ocrx_word' id='word_1_451' title='bbox 2212 1685 2278 1754; x_wconf 74' lang='grc' dir='ltr'><strong>τῇ</strong></span> <span class='ocrx_word' id='word_1_452' title='bbox 2325 1683 2531 1752; x_wconf 79' lang='grc' dir='ltr'><strong>φοϐερᾷ</strong></span> <span class='ocrx_word' id='word_1_453' title='bbox 2574 1681 2760 1752; x_wconf 73' lang='grc' dir='ltr'><strong>ήμέρα</strong></span> <span class='ocrx_word' id='word_1_454' title='bbox 2805 1682 2904 1751; x_wconf 81' lang='grc' dir='ltr'><strong>τῆς</strong></span> <span class='ocrx_word' id='word_1_455' title='bbox 2949 1675 3291 1746; x_wconf 82' lang='grc' dir='ltr'><strong>διαγνώσεως</strong></span> <span class='ocrx_word' id='word_1_456' title='bbox 3331 1673 3401 1726; x_wconf 85' lang='grc' dir='ltr'><strong>τά</strong></span> <span class='ocrx_word' id='word_1_457' title='bbox 3451 1688 3513 1724; x_wconf 86' lang='grc' dir='ltr'><strong>τε</strong></span> <span class='ocrx_word' id='word_1_458' title='bbox 3563 1668 3798 1741; x_wconf 74' lang='grc' dir='ltr'><strong>φανερὰ,</strong></span> 
     </span>
    </p>
   </div>
   <div class='ocr_carea' id='block_1_62' title="bbox 2216 1761 3803 1844">
    <p class='ocr_par' dir='ltr' id='par_1_62' title="bbox 2216 1761 3803 1844">
     <span class='ocr_line' id='line_1_62' title="bbox 2216 1761 3803 1844; baseline -0.009 -16"><span class='ocrx_word' id='word_1_459' title='bbox 2216 1775 2309 1829; x_wconf 75' lang='grc' dir='ltr'><strong>καὶ</strong></span> <span class='ocrx_word' id='word_1_460' title='bbox 2351 1773 2533 1843; x_wconf 78' lang='grc' dir='ltr'><strong>ἀφανῆ</strong></span> <span class='ocrx_word' id='word_1_461' title='bbox 2575 1789 2673 1844; x_wconf 90' lang='grc' dir='ltr'><strong>μου</strong></span> <span class='ocrx_word' id='word_1_462' title='bbox 2716 1772 3024 1842; x_wconf 84' lang='grc' dir='ltr'><strong>κινήματα,</strong></span> <span class='ocrx_word' id='word_1_463' title='bbox 3065 1769 3158 1822; x_wconf 63' lang='grc' dir='ltr'><strong>κα)¹</strong></span> <span class='ocrx_word' id='word_1_464' title='bbox 3213 1768 3321 1820; x_wconf 79' lang='grc' dir='ltr'><strong>πᾶν</strong></span> <span class='ocrx_word' id='word_1_465' title='bbox 3370 1763 3550 1836; x_wconf 84' lang='grc' dir='ltr'><strong>νόημά</strong></span> <span class='ocrx_word' id='word_1_466' title='bbox 3597 1780 3656 1816; x_wconf 88' lang='grc' dir='ltr'><strong>τε</strong></span> <span class='ocrx_word' id='word_1_467' title='bbox 3704 1761 3803 1814; x_wconf 62' lang='grc' dir='ltr'><strong>καὶ</strong></span> 
     </span>
    </p>
   </div>
   <div class='ocr_carea' id='block_1_63' title="bbox 2211 1853 3802 1933">
    <p class='ocr_par' dir='ltr' id='par_1_63' title="bbox 2211 1853 3802 1933">
     <span class='ocr_line' id='line_1_63' title="bbox 2211 1853 3802 1933; baseline -0.009 -16"><span class='ocrx_word' id='word_1_468' title='bbox 2211 1864 2460 1933; x_wconf 89' lang='grc' dir='ltr'><strong>ποίημα·</strong></span> <span class='ocrx_word' id='word_1_469' title='bbox 2516 1859 2810 1916; x_wconf 85' lang='grc' dir='ltr'><strong>κάντεῦθεν</strong></span> <span class='ocrx_word' id='word_1_470' title='bbox 2867 1861 2927 1912; x_wconf 91' lang='grc' dir='ltr'><strong>ἐν</strong></span> <span class='ocrx_word' id='word_1_471' title='bbox 2981 1858 3060 1929; x_wconf 83' lang='grc' dir='ltr'><strong>τῷ</strong></span> <span class='ocrx_word' id='word_1_472' title='bbox 3121 1859 3194 1928; x_wconf 85' lang='grc' dir='ltr'><strong>μή</strong></span> <span class='ocrx_word' id='word_1_473' title='bbox 3244 1873 3300 1909; x_wconf 89' lang='grc' dir='ltr'><strong>τι</strong></span> <span class='ocrx_word' id='word_1_474' title='bbox 3351 1853 3555 1907; x_wconf 87' lang='grc' dir='ltr'><strong>τούτων</strong></span> <span class='ocrx_word' id='word_1_475' title='bbox 3622 1867 3802 1905; x_wconf 83' lang='grc' dir='ltr'><strong>κατα-</strong></span> 
     </span>
    </p>
   </div>
   <div class='ocr_carea' id='block_1_64' title="bbox 2213 1939 3806 2024">
    <p class='ocr_par' dir='ltr' id='par_1_64' title="bbox 2213 1939 3806 2024">
     <span class='ocr_line' id='line_1_64' title="bbox 2213 1939 3806 2024; baseline -0.009 -17"><span class='ocrx_word' id='word_1_476' title='bbox 2213 1953 2502 2024; x_wconf 81' lang='grc' dir='ltr'><strong>λιμπάνειν</strong></span> <span class='ocrx_word' id='word_1_477' title='bbox 2540 1951 3023 2012; x_wconf 84' lang='grc' dir='ltr'><strong>ἀνεπισκόπευτον,</strong></span> <span class='ocrx_word' id='word_1_478' title='bbox 3061 1944 3449 2018; x_wconf 84' lang='grc' dir='ltr'><strong>περικυκλοῦσί</strong></span> <span class='ocrx_word' id='word_1_479' title='bbox 3495 1959 3587 2014; x_wconf 84' lang='grc' dir='ltr'><strong>με,</strong></span> <span class='ocrx_word' id='word_1_480' title='bbox 3610 1939 3806 1994; x_wconf 75' lang='grc' dir='ltr'><strong>ποιού-</strong></span> 
     </span>
    </p>
   </div>
   <div class='ocr_carea' id='block_1_65' title="bbox 2217 2032 3802 2116">
    <p class='ocr_par' dir='ltr' id='par_1_65' title="bbox 2217 2032 3802 2116">
     <span class='ocr_line' id='line_1_65' title="bbox 2217 2032 3802 2116; baseline -0.008 -18"><span class='ocrx_word' id='word_1_481' title='bbox 2217 2063 2367 2116; x_wconf 84' lang='grc' dir='ltr'><strong>μενοι</strong></span> <span class='ocrx_word' id='word_1_482' title='bbox 2417 2047 2474 2098; x_wconf 88' lang='grc' dir='ltr'><strong>ἐν</strong></span> <span class='ocrx_word' id='word_1_483' title='bbox 2525 2045 2670 2114; x_wconf 77' lang='grc' dir='ltr'><strong>ἐμοὶ,</strong></span> <span class='ocrx_word' id='word_1_484' title='bbox 2715 2041 2791 2105; x_wconf 77' lang='grc' dir='ltr'><strong>ὡς</strong></span> <span class='ocrx_word' id='word_1_485' title='bbox 2841 2041 2898 2094; x_wconf 77' lang='grc' dir='ltr'><strong>ἐν</strong></span> <span class='ocrx_word' id='word_1_486' title='bbox 2936 2057 3039 2093; x_wconf 87' lang='grc' dir='ltr'><strong>τινι</strong></span> <span class='ocrx_word' id='word_1_487' title='bbox 3089 2038 3241 2092; x_wconf 84' lang='grc' dir='ltr'><strong>πόλει</strong></span> <span class='ocrx_word' id='word_1_488' title='bbox 3297 2036 3398 2099; x_wconf 86' lang='grc' dir='ltr'><strong>τὰς</strong></span> <span class='ocrx_word' id='word_1_489' title='bbox 3427 2032 3802 2103; x_wconf 79' lang='grc' dir='ltr'><strong>ἁναστροφάς.</strong></span> 
     </span>
    </p>
   </div>
   <div class='ocr_carea' id='block_1_66' title="bbox 2214 2123 3806 2203">
    <p class='ocr_par' dir='ltr' id='par_1_66' title="bbox 2214 2123 3806 2203">
     <span class='ocr_line' id='line_1_66' title="bbox 2214 2123 3806 2203; baseline -0.01 -14"><span class='ocrx_word' id='word_1_490' title='bbox 2214 2135 2372 2190; x_wconf 70' lang='grc' dir='ltr'><strong>Οὕτω</strong></span> <span class='ocrx_word' id='word_1_491' title='bbox 2402 2135 2460 2188; x_wconf 75' lang='grc' dir='ltr'><strong>δὲ</strong></span> <span class='ocrx_word' id='word_1_492' title='bbox 2500 2134 2707 2188; x_wconf 89' lang='grc' dir='ltr'><strong>τούτων</strong></span> <span class='ocrx_word' id='word_1_493' title='bbox 2755 2131 3158 2203; x_wconf 83' lang='grc' dir='ltr'><strong>περιτυχόντων</strong></span> <span class='ocrx_word' id='word_1_494' title='bbox 3201 2145 3290 2198; x_wconf 89' lang='grc' dir='ltr'><strong>με,</strong></span> <span class='ocrx_word' id='word_1_495' title='bbox 3337 2126 3483 2196; x_wconf 72' lang='grc' dir='ltr'><strong>φημὶ</strong></span> <span class='ocrx_word' id='word_1_496' title='bbox 3527 2123 3665 2195; x_wconf 81' lang='grc' dir='ltr'><strong>πρὸς</strong></span> <span class='ocrx_word' id='word_1_497' title='bbox 3700 2123 3806 2175; x_wconf 64' lang='lat' dir='ltr'><strong>ab-</strong></span> 
     </span>
    </p>
   </div>
   <div class='ocr_carea' id='block_1_67' title="bbox 2212 2215 3803 2298">
    <p class='ocr_par' dir='ltr' id='par_1_67' title="bbox 2212 2215 3803 2298">
     <span class='ocr_line' id='line_1_67' title="bbox 2212 2215 3803 2298; baseline -0.012 -14"><span class='ocrx_word' id='word_1_498' title='bbox 2212 2230 2362 2294; x_wconf 88' lang='grc' dir='ltr'><strong>τούς·</strong></span> <span class='ocrx_word' id='word_1_499' title='bbox 2395 2248 2412 2279; x_wconf 87' lang='grc' dir='ltr'><strong>ι</strong></span> <span class='ocrx_word' id='word_1_500' title='bbox 2432 2228 2524 2298; x_wconf 81' lang='grc' dir='ltr'><strong>Μὴ</strong></span> <span class='ocrx_word' id='word_1_501' title='bbox 2551 2227 2610 2280; x_wconf 88' lang='grc' dir='ltr'><strong>δν</strong></span> <span class='ocrx_word' id='word_1_502' title='bbox 2640 2225 2926 2295; x_wconf 75' lang='grc' dir='ltr'><strong>ἠγάπησεν</strong></span> <span class='ocrx_word' id='word_1_503' title='bbox 2951 2224 2984 2292; x_wconf 85' lang='grc' dir='ltr'><strong>ή</strong></span> <span class='ocrx_word' id='word_1_504' title='bbox 3013 2221 3157 2291; x_wconf 81' lang='grc' dir='ltr'><strong>ψυχή</strong></span> <span class='ocrx_word' id='word_1_505' title='bbox 3185 2235 3286 2290; x_wconf 88' lang='grc' dir='ltr'><strong>μου</strong></span> <span class='ocrx_word' id='word_1_506' title='bbox 3316 2217 3486 2282; x_wconf 64' lang='lat' dir='ltr'><strong>lbere;</strong></span> <span class='ocrx_word' id='word_1_507' title='bbox 3517 2234 3536 2265; x_wconf 74' lang='grc' dir='ltr'><strong>ι</strong></span> <span class='ocrx_word' id='word_1_508' title='bbox 3568 2215 3803 2283; x_wconf 85' lang='grc' dir='ltr'><strong>Ἥγουν,</strong></span> 
     </span>
    </p>
   </div>
   <div class='ocr_carea' id='block_1_68' title="bbox 2213 2301 3804 2390">
    <p class='ocr_par' dir='ltr' id='par_1_68' title="bbox 2213 2301 3804 2390">
     <span class='ocr_line' id='line_1_68' title="bbox 2213 2301 3804 2390; baseline -0.014 -13"><span class='ocrx_word' id='word_1_509' title='bbox 2213 2319 2308 2390; x_wconf 79' lang='grc' dir='ltr'><strong>Μὴ</strong></span> <span class='ocrx_word' id='word_1_510' title='bbox 2337 2319 2396 2372; x_wconf 80' lang='grc' dir='ltr'><strong>ὃν</strong></span> <span class='ocrx_word' id='word_1_511' title='bbox 2423 2316 2749 2372; x_wconf 89' lang='grc' dir='ltr'><strong>καταλαϐεῖν</strong></span> <span class='ocrx_word' id='word_1_512' title='bbox 2773 2315 2868 2385; x_wconf 87' lang='grc' dir='ltr'><strong>μέν</strong></span> <span class='ocrx_word' id='word_1_513' title='bbox 2893 2311 3158 2380; x_wconf 86' lang='grc' dir='ltr'><strong>ἐπόθησα,</strong></span> <span class='ocrx_word' id='word_1_514' title='bbox 3183 2309 3284 2361; x_wconf 81' lang='grc' dir='ltr'><strong>οὐκ</strong></span> <span class='ocrx_word' id='word_1_515' title='bbox 3299 2304 3570 2377; x_wconf 72' lang='grc' dir='ltr'><strong>ἠδυνήθην</strong></span> <span class='ocrx_word' id='word_1_516' title='bbox 3593 2303 3672 2366; x_wconf 84' lang='grc' dir='ltr'><strong>δέ,</strong></span> <span class='ocrx_word' id='word_1_517' title='bbox 3694 2301 3804 2390; x_wconf 75' lang='grc' dir='ltr'><strong>κᾶν</strong></span> 
     </span>
    </p>
   </div>
   <div class='ocr_carea' id='block_1_69' title="bbox 2215 2388 3806 2471">
    <p class='ocr_par' dir='ltr' id='par_1_69' title="bbox 2215 2388 3806 2471">
     <span class='ocr_line' id='line_1_69' title="bbox 2215 2388 3806 2471; baseline -0.014 -9"><span class='ocrx_word' id='word_1_518' title='bbox 2215 2388 2403 2469; x_wconf 73' lang='grc' dir='ltr'><strong>αὐτοὶ,</strong></span> <span class='ocrx_word' id='word_1_519' title='bbox 2452 2407 2502 2459; x_wconf 87' lang='grc' dir='ltr'><strong>οί</strong></span> <span class='ocrx_word' id='word_1_520' title='bbox 2550 2402 2740 2457; x_wconf 80' lang='grc' dir='ltr'><strong>τοῦτον</strong></span> <span class='ocrx_word' id='word_1_521' title='bbox 2807 2397 3256 2471; x_wconf 80' lang='grc' dir='ltr'><strong>περιχορεύοντες</strong></span> <span class='ocrx_word' id='word_1_522' title='bbox 3311 2394 3387 2457; x_wconf 87' lang='grc' dir='ltr'><strong>ὠς</strong></span> <span class='ocrx_word' id='word_1_523' title='bbox 3447 2388 3806 2462; x_wconf 70' lang='grc' dir='ltr'><strong>λειτουργικὰ</strong></span> 
     </span>
    </p>
   </div>
   <div class='ocr_carea' id='block_1_70' title="bbox 2217 2477 3804 2568">
    <p class='ocr_par' dir='ltr' id='par_1_70' title="bbox 2217 2477 3804 2568">
     <span class='ocr_line' id='line_1_70' title="bbox 2217 2477 3804 2568; baseline -0.014 -15"><span class='ocrx_word' id='word_1_524' title='bbox 2217 2498 2523 2568; x_wconf 86' lang='grc' dir='ltr'><strong>πνεύματα,</strong></span> <span class='ocrx_word' id='word_1_525' title='bbox 2572 2491 2870 2548; x_wconf 72' lang='grc' dir='ltr'><strong>ἐθεάσασθε</strong></span> <span class='ocrx_word' id='word_1_526' title='bbox 2917 2491 3065 2551; x_wconf 84' lang='grc' dir='ltr'><strong>ὅπως</strong></span> <span class='ocrx_word' id='word_1_527' title='bbox 3108 2487 3324 2557; x_wconf 78' lang='grc' dir='ltr'><strong>φύσεως</strong></span> <span class='ocrx_word' id='word_1_528' title='bbox 3354 2483 3488 2553; x_wconf 80' lang='grc' dir='ltr'><strong>ἔχει,</strong></span> <span class='ocrx_word' id='word_1_529' title='bbox 3520 2481 3609 2534; x_wconf 81' lang='grc' dir='ltr'><strong>ἵνα</strong></span> <span class='ocrx_word' id='word_1_530' title='bbox 3650 2477 3804 2548; x_wconf 63' lang='grc' dir='ltr'><strong>κάμὲ</strong></span> 
     </span>
    </p>
   </div>
   <div class='ocr_carea' id='block_1_71' title="bbox 2214 2569 3804 2661">
    <p class='ocr_par' dir='ltr' id='par_1_71' title="bbox 2214 2569 3804 2661">
     <span class='ocr_line' id='line_1_71' title="bbox 2214 2569 3804 2661; baseline -0.015 -15"><span class='ocrx_word' id='word_1_531' title='bbox 2214 2592 2419 2661; x_wconf 89' lang='grc' dir='ltr'><strong>ταύτην</strong></span> <span class='ocrx_word' id='word_1_532' title='bbox 2447 2585 2830 2656; x_wconf 83' lang='grc' dir='ltr'><strong>ἀναδιδάξητε;</strong></span> <span class='ocrx_word' id='word_1_533' title='bbox 2882 2581 3034 2636; x_wconf 79' lang='grc' dir='ltr'><strong>Ἐπεὶ</strong></span> <span class='ocrx_word' id='word_1_534' title='bbox 3066 2579 3123 2632; x_wconf 80' lang='grc' dir='ltr'><strong>δὲ</strong></span> <span class='ocrx_word' id='word_1_535' title='bbox 3152 2579 3245 2632; x_wconf 71' lang='grc' dir='ltr'><strong>καὶ</strong></span> <span class='ocrx_word' id='word_1_536' title='bbox 3282 2579 3393 2640; x_wconf 89' lang='grc' dir='ltr'><strong>τοῖς</strong></span> <span class='ocrx_word' id='word_1_537' title='bbox 3426 2573 3600 2642; x_wconf 79' lang='grc' dir='ltr'><strong>ἁγίοις</strong></span> <span class='ocrx_word' id='word_1_538' title='bbox 3629 2569 3804 2661; x_wconf 44' lang='lat' dir='ltr'><strong>sua.</strong></span> 
     </span>
    </p>
   </div>
   <div class='ocr_carea' id='block_1_72' title="bbox 2215 2659 3805 2749">
    <p class='ocr_par' dir='ltr' id='par_1_72' title="bbox 2215 2659 3805 2749">
     <span class='ocr_line' id='line_1_72' title="bbox 2215 2659 3805 2749; baseline -0.016 -12"><span class='ocrx_word' id='word_1_539' title='bbox 2215 2683 2327 2746; x_wconf 79' lang='grc' dir='ltr'><strong>λοις</strong></span> <span class='ocrx_word' id='word_1_540' title='bbox 2354 2659 2737 2749; x_wconf 80' lang='grc' dir='ltr'><strong>ἀκατάληπτος</strong></span> <span class='ocrx_word' id='word_1_541' title='bbox 2766 2675 2794 2726; x_wconf 84' lang='grc' dir='ltr'>ὁ</span> <span class='ocrx_word' id='word_1_542' title='bbox 2817 2671 3049 2744; x_wconf 66' lang='grc' dir='ltr'><strong>νυμφίος</strong></span> <span class='ocrx_word' id='word_1_543' title='bbox 3077 2669 3174 2740; x_wconf 78' lang='grc' dir='ltr'><strong>τὴν</strong></span> <span class='ocrx_word' id='word_1_544' title='bbox 3203 2667 3393 2720; x_wconf 78' lang='grc' dir='ltr'><strong>οὐσίαν</strong></span> <span class='ocrx_word' id='word_1_545' title='bbox 3421 2663 3558 2726; x_wconf 80' lang='grc' dir='ltr'><strong>ἐστὶ,</strong></span> <span class='ocrx_word' id='word_1_546' title='bbox 3586 2661 3682 2715; x_wconf 78' lang='grc' dir='ltr'><strong>καὶ</strong></span> <span class='ocrx_word' id='word_1_547' title='bbox 3709 2659 3805 2714; x_wconf 76' lang='grc' dir='ltr'><strong>διὰ</strong></span> 
     </span>
    </p>
   </div>
   <div class='ocr_carea' id='block_1_73' title="bbox 2215 2751 3806 2843">
    <p class='ocr_par' dir='ltr' id='par_1_73' title="bbox 2215 2751 3806 2843">
     <span class='ocr_line' id='line_1_73' title="bbox 2215 2751 3806 2843; baseline -0.017 -15"><span class='ocrx_word' id='word_1_548' title='bbox 2215 2773 2372 2828; x_wconf 89' lang='grc' dir='ltr'><strong>τοῦτό</strong></span> <span class='ocrx_word' id='word_1_549' title='bbox 2403 2789 2492 2843; x_wconf 89' lang='grc' dir='ltr'><strong>μοι</strong></span> <span class='ocrx_word' id='word_1_550' title='bbox 2526 2769 2815 2838; x_wconf 84' lang='grc' dir='ltr'><strong>ἀπόκρισιν</strong></span> <span class='ocrx_word' id='word_1_551' title='bbox 2863 2765 2956 2818; x_wconf 68' lang='grc' dir='ltr'><strong>ἐπὶ</strong></span> <span class='ocrx_word' id='word_1_552' title='bbox 2998 2761 3092 2817; x_wconf 86' lang='grc' dir='ltr'><strong>τοῦ</strong></span> <span class='ocrx_word' id='word_1_553' title='bbox 3137 2759 3486 2832; x_wconf 80' lang='grc' dir='ltr'><strong>ἐρωτήματος</strong></span> <span class='ocrx_word' id='word_1_554' title='bbox 3530 2754 3592 2807; x_wconf 85' lang='grc' dir='ltr'><strong>ού</strong></span> <span class='ocrx_word' id='word_1_555' title='bbox 3632 2751 3806 2843; x_wconf 78' lang='grc' dir='ltr'><strong>δεδῴ-</strong></span> 
     </span>
    </p>
   </div>
   <div class='ocr_carea' id='block_1_74' title="bbox 2217 2842 3806 2932">
    <p class='ocr_par' dir='ltr' id='par_1_74' title="bbox 2217 2842 3806 2932">
     <span class='ocr_line' id='line_1_74' title="bbox 2217 2842 3806 2932; baseline -0.016 -12"><span class='ocrx_word' id='word_1_556' title='bbox 2217 2883 2366 2930; x_wconf 91' lang='grc' dir='ltr'><strong>κασι,</strong></span> <span class='ocrx_word' id='word_1_557' title='bbox 2406 2842 2581 2932; x_wconf 81' lang='grc' dir='ltr'><strong>σιωπῇ</strong></span> <span class='ocrx_word' id='word_1_558' title='bbox 2631 2876 2696 2932; x_wconf 86' lang='grc' dir='ltr'><strong>με</strong></span> <span class='ocrx_word' id='word_1_559' title='bbox 2743 2856 3053 2923; x_wconf 77' lang='grc' dir='ltr'><strong>διδάξαντες</strong></span> <span class='ocrx_word' id='word_1_560' title='bbox 3085 2853 3147 2906; x_wconf 85' lang='grc' dir='ltr'><strong>τὸ</strong></span> <span class='ocrx_word' id='word_1_561' title='bbox 3196 2850 3330 2922; x_wconf 88' lang='grc' dir='ltr'><strong>μηδέ</strong></span> <span class='ocrx_word' id='word_1_562' title='bbox 3377 2847 3586 2909; x_wconf 86' lang='grc' dir='ltr'><strong>τούτοις</strong></span> <span class='ocrx_word' id='word_1_563' title='bbox 3635 2842 3806 2932; x_wconf 72' lang='grc' dir='ltr'><strong>αὐτον</strong></span> 
     </span>
    </p>
   </div>
   <div class='ocr_carea' id='block_1_75' title="bbox 2217 2931 3808 3019">
    <p class='ocr_par' dir='ltr' id='par_1_75' title="bbox 2217 2931 3808 3019">
     <span class='ocr_line' id='line_1_75' title="bbox 2217 2931 3808 3019; baseline -0.017 -9"><span class='ocrx_word' id='word_1_564' title='bbox 2217 2952 2354 3009; x_wconf 79' lang='grc' dir='ltr'><strong>εἶναι</strong></span> <span class='ocrx_word' id='word_1_565' title='bbox 2391 2949 2753 3019; x_wconf 81' lang='grc' dir='ltr'><strong>καταληπτὸν,</strong></span> <span class='ocrx_word' id='word_1_566' title='bbox 2781 2947 3015 3008; x_wconf 90' lang='grc' dir='ltr'><strong>κτιστοῖς</strong></span> <span class='ocrx_word' id='word_1_567' title='bbox 3035 2940 3152 2997; x_wconf 78' lang='grc' dir='ltr'><strong>οὖσι</strong></span> <span class='ocrx_word' id='word_1_568' title='bbox 3177 2941 3270 2994; x_wconf 77' lang='grc' dir='ltr'><strong>τὸν</strong></span> <span class='ocrx_word' id='word_1_569' title='bbox 3289 2939 3564 2998; x_wconf 82' lang='grc' dir='ltr'><strong>ἀκτιστον,</strong></span> <span class='ocrx_word' id='word_1_570' title='bbox 3587 2931 3808 3004; x_wconf 81' lang='grc' dir='ltr'><strong>παρῆλ-</strong></span> 
     </span>
    </p>
   </div>
   <div class='ocr_carea' id='block_1_76' title="bbox 2217 3028 3803 3107">
    <p class='ocr_par' dir='ltr' id='par_1_76' title="bbox 2217 3028 3803 3107">
     <span class='ocr_line' id='line_1_76' title="bbox 2217 3028 3803 3107; baseline -0.015 -4"><span class='ocrx_word' id='word_1_571' title='bbox 2217 3050 2308 3103; x_wconf 92' lang='grc' dir='ltr'><strong>θον</strong></span> <span class='ocrx_word' id='word_1_572' title='bbox 2343 3047 2436 3102; x_wconf 59' lang='grc' dir='ltr'><strong>καὶ⁵</strong></span> <span class='ocrx_word' id='word_1_573' title='bbox 2465 3046 2559 3099; x_wconf 88' lang='grc' dir='ltr'><strong>ἀπ’</strong></span> <span class='ocrx_word' id='word_1_574' title='bbox 2593 3042 2795 3103; x_wconf 79' lang='grc' dir='ltr'><strong>αὐτῶν,</strong></span> <span class='ocrx_word' id='word_1_575' title='bbox 2827 3040 2920 3094; x_wconf 82' lang='grc' dir='ltr'><strong>τὸν</strong></span> <span class='ocrx_word' id='word_1_576' title='bbox 2949 3036 3283 3107; x_wconf 88' lang='grc' dir='ltr'><strong>ποθούμενόν</strong></span> <span class='ocrx_word' id='word_1_577' title='bbox 3316 3049 3404 3105; x_wconf 89' lang='grc' dir='ltr'><strong>μοι</strong></span> <span class='ocrx_word' id='word_1_578' title='bbox 3429 3028 3803 3099; x_wconf 79' lang='grc' dir='ltr'><strong>ἀναζητοῦσα.</strong></span> 
     </span>
    </p>
   </div>
   <div class='ocr_carea' id='block_1_77' title="bbox 2218 3110 3809 3206">
    <p class='ocr_par' dir='ltr' id='par_1_77' title="bbox 2218 3110 3809 3206">
     <span class='ocr_line' id='line_1_77' title="bbox 2218 3110 3809 3206; baseline -0.013 -13"><span class='ocrx_word' id='word_1_579' title='bbox 2218 3139 2329 3192; x_wconf 73' lang='grc' dir='ltr'><strong>Καὶ</strong></span> <span class='ocrx_word' id='word_1_580' title='bbox 2379 3137 2455 3200; x_wconf 84' lang='grc' dir='ltr'><strong>ὡς</strong></span> <span class='ocrx_word' id='word_1_581' title='bbox 2511 3133 2707 3206; x_wconf 78' lang='grc' dir='ltr'><strong>μικρὸν</strong></span> <span class='ocrx_word' id='word_1_582' title='bbox 2759 3135 2849 3187; x_wconf 77' lang='grc' dir='ltr'><strong>ὅτε</strong></span> <span class='ocrx_word' id='word_1_583' title='bbox 2896 3127 3175 3200; x_wconf 82' lang='grc' dir='ltr'><strong>παρῆλθον</strong></span> <span class='ocrx_word' id='word_1_584' title='bbox 3225 3126 3320 3180; x_wconf 82' lang='grc' dir='ltr'><strong>ἀπ’</strong></span> <span class='ocrx_word' id='word_1_585' title='bbox 3355 3122 3554 3184; x_wconf 82' lang='grc' dir='ltr'><strong>αὐτῶν,</strong></span> <span class='ocrx_word' id='word_1_586' title='bbox 3589 3120 3691 3182; x_wconf 82' lang='grc' dir='ltr'><strong>ἐως</strong></span> <span class='ocrx_word' id='word_1_587' title='bbox 3739 3110 3809 3172; x_wconf 71' lang='grc' dir='ltr'><strong>οὗ</strong></span> 
     </span>
    </p>
   </div>
   <div class='ocr_carea' id='block_1_78' title="bbox 2219 3209 3806 3300">
    <p class='ocr_par' dir='ltr' id='par_1_78' title="bbox 2219 3209 3806 3300">
     <span class='ocr_line' id='line_1_78' title="bbox 2219 3209 3806 3300; baseline -0.015 -16"><span class='ocrx_word' id='word_1_588' title='bbox 2219 3225 2374 3300; x_wconf 69' lang='grc' dir='ltr'><strong>εὗρον</strong></span> <span class='ocrx_word' id='word_1_589' title='bbox 2397 3227 2455 3282; x_wconf 87' lang='grc' dir='ltr'><strong>δν</strong></span> <span class='ocrx_word' id='word_1_590' title='bbox 2485 3227 2771 3296; x_wconf 78' lang='grc' dir='ltr'><strong>ἠγάπησεν</strong></span> <span class='ocrx_word' id='word_1_591' title='bbox 2795 3225 2829 3295; x_wconf 88' lang='grc' dir='ltr'><strong>ή</strong></span> <span class='ocrx_word' id='word_1_592' title='bbox 2852 3223 2998 3293; x_wconf 79' lang='grc' dir='ltr'><strong>ψυχή</strong></span> <span class='ocrx_word' id='word_1_593' title='bbox 3035 3235 3158 3292; x_wconf 88' lang='grc' dir='ltr'><strong>μου·</strong></span> <span class='ocrx_word' id='word_1_594' title='bbox 3199 3239 3216 3269; x_wconf 81' lang='grc' dir='ltr'><strong>ι</strong></span> <span class='ocrx_word' id='word_1_595' title='bbox 3238 3216 3550 3287; x_wconf 84' lang='grc' dir='ltr'><strong>Ἐκράτησα</strong></span> <span class='ocrx_word' id='word_1_596' title='bbox 3579 3209 3764 3265; x_wconf 82' lang='grc' dir='ltr'><strong>αὐτόν.</strong></span> <span class='ocrx_word' id='word_1_597' title='bbox 3781 3227 3806 3260; x_wconf 72' lang='grc' dir='ltr'><strong>ι</strong></span> 
     </span>
    </p>
   </div>
   <div class='ocr_carea' id='block_1_79' title="bbox 2222 3301 3813 3393">
    <p class='ocr_par' dir='ltr' id='par_1_79' title="bbox 2222 3301 3813 3393">
     <span class='ocr_line' id='line_1_79' title="bbox 2222 3301 3813 3393; baseline -0.015 -16"><span class='ocrx_word' id='word_1_598' title='bbox 2222 3324 2380 3378; x_wconf 79' lang='grc' dir='ltr'><strong>Ἤτοι</strong></span> <span class='ocrx_word' id='word_1_599' title='bbox 2409 3321 2484 3384; x_wconf 85' lang='grc' dir='ltr'><strong>ὡς</strong></span> <span class='ocrx_word' id='word_1_600' title='bbox 2521 3320 2715 3393; x_wconf 78' lang='grc' dir='ltr'><strong>βραχὺ,</strong></span> <span class='ocrx_word' id='word_1_601' title='bbox 2757 3317 2845 3371; x_wconf 78' lang='grc' dir='ltr'><strong>διὰ</strong></span> <span class='ocrx_word' id='word_1_602' title='bbox 2878 3315 3037 3387; x_wconf 90' lang='grc' dir='ltr'><strong>μόνον</strong></span> <span class='ocrx_word' id='word_1_603' title='bbox 3072 3312 3135 3366; x_wconf 85' lang='grc' dir='ltr'><strong>τὺ</strong></span> <span class='ocrx_word' id='word_1_604' title='bbox 3167 3309 3384 3364; x_wconf 80' lang='grc' dir='ltr'><strong>κτιστὺν</strong></span> <span class='ocrx_word' id='word_1_605' title='bbox 3414 3305 3490 3377; x_wconf 81' lang='grc' dir='ltr'><strong>νῷ</strong></span> <span class='ocrx_word' id='word_1_606' title='bbox 3510 3305 3555 3337; x_wconf 71' lang='grc'>⁸³</span> <span class='ocrx_word' id='word_1_607' title='bbox 3581 3302 3674 3357; x_wconf 74' lang='grc' dir='ltr'><strong>καὶ</strong></span> <span class='ocrx_word' id='word_1_608' title='bbox 3704 3301 3813 3356; x_wconf 79' lang='grc' dir='ltr'><strong>αὑ-</strong></span> 
     </span>
    </p>
   </div>
   <div class='ocr_carea' id='block_1_80' title="bbox 2216 3395 3810 3481">
    <p class='ocr_par' dir='ltr' id='par_1_80' title="bbox 2216 3395 3810 3481">
     <span class='ocr_line' id='line_1_80' title="bbox 2216 3395 3810 3481; baseline -0.014 -15"><span class='ocrx_word' id='word_1_609' title='bbox 2216 3413 2317 3481; x_wconf 79' lang='grc' dir='ltr'><strong>τὴν</strong></span> <span class='ocrx_word' id='word_1_610' title='bbox 2366 3411 2465 3480; x_wconf 80' lang='grc' dir='ltr'><strong>τὴν</strong></span> <span class='ocrx_word' id='word_1_611' title='bbox 2502 3408 2797 3478; x_wconf 79' lang='grc' dir='ltr'><strong>ἀγγελικὴν</strong></span> <span class='ocrx_word' id='word_1_612' title='bbox 2845 3407 3005 3477; x_wconf 81' lang='grc' dir='ltr'><strong>φύσιν</strong></span> <span class='ocrx_word' id='word_1_613' title='bbox 3039 3402 3246 3472; x_wconf 78' lang='grc' dir='ltr'><strong>διέϐην,</strong></span> <span class='ocrx_word' id='word_1_614' title='bbox 3296 3401 3384 3453; x_wconf 83' lang='grc' dir='ltr'><strong>ῖνα</strong></span> <span class='ocrx_word' id='word_1_615' title='bbox 3429 3398 3520 3451; x_wconf 78' lang='grc' dir='ltr'><strong>τὸν</strong></span> <span class='ocrx_word' id='word_1_616' title='bbox 3546 3395 3810 3448; x_wconf 79' lang='grc' dir='ltr'><strong>ἀκτιστον</strong></span> 
     </span>
    </p>
   </div>
   <div class='ocr_carea' id='block_1_81' title="bbox 2219 3485 3810 3574">
    <p class='ocr_par' dir='ltr' id='par_1_81' title="bbox 2219 3485 3810 3574">
     <span class='ocr_line' id='line_1_81' title="bbox 2219 3485 3810 3574; baseline -0.011 -19"><span class='ocrx_word' id='word_1_617' title='bbox 2219 3503 2366 3574; x_wconf 69' lang='grc' dir='ltr'><strong>εὕρω</strong></span> <span class='ocrx_word' id='word_1_618' title='bbox 2393 3503 2484 3556; x_wconf 83' lang='grc' dir='ltr'><strong>τὸν</strong></span> <span class='ocrx_word' id='word_1_619' title='bbox 2517 3500 2799 3570; x_wconf 83' lang='grc' dir='ltr'><strong>ἀγαπητόν</strong></span> <span class='ocrx_word' id='word_1_620' title='bbox 2823 3516 2922 3570; x_wconf 92' lang='grc' dir='ltr'><strong>μου</strong></span> <span class='ocrx_word' id='word_1_621' title='bbox 2941 3498 3007 3561; x_wconf 73' lang='grc'><strong>⁸⁵,</strong></span> <span class='ocrx_word' id='word_1_622' title='bbox 3035 3496 3108 3560; x_wconf 83' lang='grc' dir='ltr'><strong>ὡς</strong></span> <span class='ocrx_word' id='word_1_623' title='bbox 3136 3493 3432 3564; x_wconf 78' lang='grc' dir='ltr'><strong>εὐεργέτην</strong></span> <span class='ocrx_word' id='word_1_624' title='bbox 3463 3505 3587 3560; x_wconf 87' lang='grc' dir='ltr'><strong>μου,</strong></span> <span class='ocrx_word' id='word_1_625' title='bbox 3614 3485 3810 3538; x_wconf 82' lang='grc' dir='ltr'><strong>πίστει</strong></span> 
     </span>
    </p>
   </div>
   <div class='ocr_carea' id='block_1_82' title="bbox 2221 3574 3810 3666">
    <p class='ocr_par' dir='ltr' id='par_1_82' title="bbox 2221 3574 3810 3666">
     <span class='ocr_line' id='line_1_82' title="bbox 2221 3574 3810 3666; baseline -0.015 -16"><span class='ocrx_word' id='word_1_626' title='bbox 2221 3596 2360 3666; x_wconf 82' lang='grc' dir='ltr'><strong>μόνῃ</strong></span> <span class='ocrx_word' id='word_1_627' title='bbox 2397 3593 2662 3663; x_wconf 81' lang='grc' dir='ltr'><strong>κατέσχον</strong></span> <span class='ocrx_word' id='word_1_628' title='bbox 2695 3591 2860 3645; x_wconf 78' lang='grc' dir='ltr'><strong>αὐτόν</strong></span> <span class='ocrx_word' id='word_1_629' title='bbox 2882 3606 2896 3621; x_wconf 76' lang='grc' dir='ltr'><strong>ο</strong></span> <span class='ocrx_word' id='word_1_630' title='bbox 2936 3588 3115 3643; x_wconf 83' lang='grc' dir='ltr'><strong>πάντα</strong></span> <span class='ocrx_word' id='word_1_631' title='bbox 3162 3585 3233 3638; x_wconf 83' lang='grc' dir='ltr'><strong>τὰ</strong></span> <span class='ocrx_word' id='word_1_632' title='bbox 3268 3583 3397 3636; x_wconf 75' lang='grc' dir='ltr'><strong>ὄντα</strong></span> <span class='ocrx_word' id='word_1_633' title='bbox 3435 3574 3810 3642; x_wconf 77' lang='grc' dir='ltr'><strong>διεξελθοῦσα,</strong></span> 
     </span>
    </p>
   </div>
   <div class='ocr_carea' id='block_1_83' title="bbox 2218 3667 3822 3754">
    <p class='ocr_par' dir='ltr' id='par_1_83' title="bbox 2218 3667 3822 3754">
     <span class='ocr_line' id='line_1_83' title="bbox 2218 3667 3822 3754; baseline -0.014 -15"><span class='ocrx_word' id='word_1_634' title='bbox 2218 3687 2313 3739; x_wconf 70' lang='grc' dir='ltr'><strong>καὶ</strong></span> <span class='ocrx_word' id='word_1_635' title='bbox 2338 3687 2429 3739; x_wconf 82' lang='grc' dir='ltr'><strong>ἀπ’</strong></span> <span class='ocrx_word' id='word_1_636' title='bbox 2461 3684 2628 3754; x_wconf 83' lang='grc' dir='ltr'><strong>αὐτῆς</strong></span> <span class='ocrx_word' id='word_1_637' title='bbox 2661 3679 3019 3752; x_wconf 85' lang='grc' dir='ltr'><strong>βεϐαιωθεῖσα</strong></span> <span class='ocrx_word' id='word_1_638' title='bbox 3047 3679 3145 3748; x_wconf 80' lang='grc' dir='ltr'><strong>τῆς</strong></span> <span class='ocrx_word' id='word_1_639' title='bbox 3173 3674 3390 3745; x_wconf 82' lang='grc' dir='ltr'><strong>πείρας,</strong></span> <span class='ocrx_word' id='word_1_640' title='bbox 3415 3672 3498 3724; x_wconf 82' lang='grc' dir='ltr'><strong>δτι</strong></span> <span class='ocrx_word' id='word_1_641' title='bbox 3524 3671 3553 3722; x_wconf 85' lang='grc' dir='ltr'><strong>δ</strong></span> <span class='ocrx_word' id='word_1_642' title='bbox 3581 3667 3822 3720; x_wconf 76' lang='grc' dir='ltr'><strong>πάντων</strong></span> 
     </span>
    </p>
   </div>
   <div class='ocr_carea' id='block_1_84' title="bbox 2219 3758 3816 3846">
    <p class='ocr_par' dir='ltr' id='par_1_84' title="bbox 2219 3758 3816 3846">
     <span class='ocr_line' id='line_1_84' title="bbox 2219 3758 3816 3846; baseline -0.014 -16"><span class='ocrx_word' id='word_1_643' title='bbox 2219 3777 2410 3840; x_wconf 78' lang='grc' dir='ltr'><strong>αἴτιος,</strong></span> <span class='ocrx_word' id='word_1_644' title='bbox 2464 3774 2606 3846; x_wconf 75' lang='grc' dir='ltr'><strong>ὑπὲρ</strong></span> <span class='ocrx_word' id='word_1_645' title='bbox 2640 3773 2817 3827; x_wconf 81' lang='grc' dir='ltr'><strong>πάντα</strong></span> <span class='ocrx_word' id='word_1_646' title='bbox 2863 3770 2932 3824; x_wconf 77' lang='grc' dir='ltr'><strong>τὰ</strong></span> <span class='ocrx_word' id='word_1_647' title='bbox 2977 3769 3107 3823; x_wconf 74' lang='grc' dir='ltr'><strong>ὄντα</strong></span> <span class='ocrx_word' id='word_1_648' title='bbox 3139 3766 3285 3827; x_wconf 79' lang='grc' dir='ltr'><strong>ἐστὶ,</strong></span> <span class='ocrx_word' id='word_1_649' title='bbox 3333 3763 3428 3817; x_wconf 75' lang='grc' dir='ltr'><strong>καὶ</strong></span> <span class='ocrx_word' id='word_1_650' title='bbox 3475 3762 3534 3814; x_wconf 87' lang='grc' dir='ltr'><strong>ἐν</strong></span> <span class='ocrx_word' id='word_1_651' title='bbox 3577 3758 3816 3826; x_wconf 72' lang='grc' dir='ltr'><strong>οὐδεμιᾷ</strong></span> 
     </span>
    </p>
   </div>
   <div class='ocr_carea' id='block_1_85' title="bbox 2218 3851 3817 3938">
    <p class='ocr_par' dir='ltr' id='par_1_85' title="bbox 2218 3851 3817 3938">
     <span class='ocr_line' id='line_1_85' title="bbox 2218 3851 3817 3938; baseline -0.014 -16"><span class='ocrx_word' id='word_1_652' title='bbox 2218 3869 2402 3938; x_wconf 79' lang='grc' dir='ltr'><strong>φύσει,</strong></span> <span class='ocrx_word' id='word_1_653' title='bbox 2437 3867 2549 3920; x_wconf 76' lang='grc' dir='ltr'><strong>εἴτε</strong></span> <span class='ocrx_word' id='word_1_654' title='bbox 2580 3865 2834 3935; x_wconf 77' lang='grc' dir='ltr'><strong>αἰσθητῇ,</strong></span> <span class='ocrx_word' id='word_1_655' title='bbox 2863 3863 2973 3916; x_wconf 74' lang='grc' dir='ltr'><strong>εἴτε</strong></span> <span class='ocrx_word' id='word_1_656' title='bbox 3001 3861 3188 3931; x_wconf 79' lang='grc' dir='ltr'><strong>νοητῇ,</strong></span> <span class='ocrx_word' id='word_1_657' title='bbox 3223 3855 3344 3912; x_wconf 80' lang='grc' dir='ltr'><strong>καθ’</strong></span> <span class='ocrx_word' id='word_1_658' title='bbox 3371 3853 3564 3908; x_wconf 82' lang='grc' dir='ltr'><strong>οὐσίαν</strong></span> <span class='ocrx_word' id='word_1_659' title='bbox 3584 3851 3817 3923; x_wconf 78' lang='grc' dir='ltr'><strong>ὁρᾶται,</strong></span> 
     </span>
    </p>
   </div>
   <div class='ocr_carea' id='block_1_86' title="bbox 2220 3941 3817 4031">
    <p class='ocr_par' dir='ltr' id='par_1_86' title="bbox 2220 3941 3817 4031">
     <span class='ocr_line' id='line_1_86' title="bbox 2220 3941 3817 4031; baseline -0.014 -17"><span class='ocrx_word' id='word_1_660' title='bbox 2220 3958 2542 4031; x_wconf 81' lang='grc' dir='ltr'><strong>ὑπερούσιος</strong></span> <span class='ocrx_word' id='word_1_661' title='bbox 2565 3957 2659 4011; x_wconf 81' lang='grc' dir='ltr'><strong>ὢν.</strong></span> <span class='ocrx_word' id='word_1_662' title='bbox 2691 3955 2879 4017; x_wconf 77' lang='grc' dir='ltr'><strong>Οὕτως</strong></span> <span class='ocrx_word' id='word_1_663' title='bbox 2902 3947 2994 4006; x_wconf 83' lang='grc' dir='ltr'><strong>οὖν</strong></span> <span class='ocrx_word' id='word_1_664' title='bbox 3030 3951 3207 4004; x_wconf 79' lang='grc' dir='ltr'><strong>πάντα</strong></span> <span class='ocrx_word' id='word_1_665' title='bbox 3230 3947 3298 4001; x_wconf 80' lang='grc' dir='ltr'><strong>τὰ</strong></span> <span class='ocrx_word' id='word_1_666' title='bbox 3319 3946 3446 4000; x_wconf 74' lang='grc' dir='ltr'><strong>ὄντα</strong></span> <span class='ocrx_word' id='word_1_667' title='bbox 3479 3941 3817 4011; x_wconf 75' lang='grc' dir='ltr'><strong>διεπέρασα,</strong></span> 
     </span>
    </p>
   </div>
   <div class='ocr_carea' id='block_1_87' title="bbox 2220 4031 3817 4123">
    <p class='ocr_par' dir='ltr' id='par_1_87' title="bbox 2220 4031 3817 4123">
     <span class='ocr_line' id='line_1_87' title="bbox 2220 4031 3817 4123; baseline -0.014 -18"><span class='ocrx_word' id='word_1_668' title='bbox 2220 4049 2461 4123; x_wconf 81' lang='grc' dir='ltr'><strong>ζητοῦσα</strong></span> <span class='ocrx_word' id='word_1_669' title='bbox 2524 4049 2617 4103; x_wconf 83' lang='grc' dir='ltr'><strong>τὸν</strong></span> <span class='ocrx_word' id='word_1_670' title='bbox 2674 4049 2797 4118; x_wconf 76' lang='grc' dir='ltr'><strong>ἐμοὶ</strong></span> <span class='ocrx_word' id='word_1_671' title='bbox 2852 4043 3230 4100; x_wconf 84' lang='grc' dir='ltr'><strong>ποθεινότατον</strong></span> <span class='ocrx_word' id='word_1_672' title='bbox 3289 4037 3521 4123; x_wconf 81' lang='grc' dir='ltr'><strong>νυμφίον</strong></span> <span class='ocrx_word' id='word_1_673' title='bbox 3575 4031 3817 4086; x_wconf 76' lang='grc' dir='ltr'><strong>εἰσοικί-</strong></span> 
     </span>
    </p>
   </div>
   <div class='ocr_carea' id='block_1_88' title="bbox 2222 4121 3818 4207">
    <p class='ocr_par' dir='ltr' id='par_1_88' title="bbox 2222 4121 3818 4207">
     <span class='ocr_line' id='line_1_88' title="bbox 2222 4121 3818 4207; baseline -0.014 -10"><span class='ocrx_word' id='word_1_674' title='bbox 2222 4121 2440 4196; x_wconf 86' lang='grc' dir='ltr'><strong>σασθαι.</strong></span> <span class='ocrx_word' id='word_1_675' title='bbox 2499 4160 2517 4194; x_wconf 80' lang='grc' dir='ltr'><strong>ι</strong></span> <span class='ocrx_word' id='word_1_676' title='bbox 2545 4141 2657 4194; x_wconf 70' lang='grc' dir='ltr'><strong>Καὶ</strong></span> <span class='ocrx_word' id='word_1_677' title='bbox 2699 4139 2801 4192; x_wconf 82' lang='grc' dir='ltr'><strong>οὐκ</strong></span> <span class='ocrx_word' id='word_1_678' title='bbox 2833 4137 3022 4207; x_wconf 81' lang='grc' dir='ltr'><strong>ἀφῆκα</strong></span> <span class='ocrx_word' id='word_1_679' title='bbox 3055 4134 3237 4198; x_wconf 78' lang='grc' dir='ltr'><strong>αὐτὸν,</strong></span> <span class='ocrx_word' id='word_1_680' title='bbox 3274 4131 3379 4192; x_wconf 81' lang='grc' dir='ltr'><strong>ἓως</strong></span> <span class='ocrx_word' id='word_1_681' title='bbox 3411 4121 3472 4182; x_wconf 74' lang='grc' dir='ltr'><strong>οὗ</strong></span> <span class='ocrx_word' id='word_1_682' title='bbox 3507 4125 3818 4195; x_wconf 85' lang='grc' dir='ltr'><strong>εἰσήγαγον</strong></span> 
     </span>
    </p>
   </div>
   <div class='ocr_carea' id='block_1_89' title="bbox 2220 4211 3818 4303">
    <p class='ocr_par' dir='ltr' id='par_1_89' title="bbox 2220 4211 3818 4303">
     <span class='ocr_line' id='line_1_89' title="bbox 2220 4211 3818 4303; baseline -0.016 -14"><span class='ocrx_word' id='word_1_683' title='bbox 2220 4233 2383 4288; x_wconf 77' lang='grc' dir='ltr'><strong>αὑτὸν</strong></span> <span class='ocrx_word' id='word_1_684' title='bbox 2409 4236 2487 4296; x_wconf 86' lang='grc' dir='ltr'><strong>είς</strong></span> <span class='ocrx_word' id='word_1_685' title='bbox 2518 4227 2664 4286; x_wconf 81' lang='grc' dir='ltr'><strong>οἷκον</strong></span> <span class='ocrx_word' id='word_1_686' title='bbox 2711 4230 2916 4303; x_wconf 87' lang='grc' dir='ltr'><strong>μητρός</strong></span> <span class='ocrx_word' id='word_1_687' title='bbox 2950 4243 3072 4300; x_wconf 88' lang='grc' dir='ltr'><strong>μου,</strong></span> <span class='ocrx_word' id='word_1_688' title='bbox 3105 4224 3202 4278; x_wconf 77' lang='grc' dir='ltr'><strong>καὶ</strong></span> <span class='ocrx_word' id='word_1_689' title='bbox 3229 4224 3307 4284; x_wconf 84' lang='grc' dir='ltr'><strong>είς</strong></span> <span class='ocrx_word' id='word_1_690' title='bbox 3337 4219 3396 4274; x_wconf 78' lang='grc' dir='ltr'><strong>τὸ</strong></span> <span class='ocrx_word' id='word_1_691' title='bbox 3426 4217 3671 4288; x_wconf 86' lang='grc' dir='ltr'><strong>ταμιεῖον</strong></span> <span class='ocrx_word' id='word_1_692' title='bbox 3698 4211 3818 4303; x_wconf 77' lang='grc' dir='ltr'><strong>τῆς</strong></span> 
     </span>
    </p>
   </div>
   <div class='ocr_carea' id='block_1_90' title="bbox 2223 4302 3818 4396">
    <p class='ocr_par' dir='ltr' id='par_1_90' title="bbox 2223 4302 3818 4396">
     <span class='ocr_line' id='line_1_90' title="bbox 2223 4302 3818 4396; baseline -0.016 -15"><span class='ocrx_word' id='word_1_693' title='bbox 2223 4323 2595 4396; x_wconf 84' lang='grc' dir='ltr'><strong>συλλαϐούσης</strong></span> <span class='ocrx_word' id='word_1_694' title='bbox 2624 4339 2712 4394; x_wconf 89' lang='grc' dir='ltr'><strong>με.</strong></span> <span class='ocrx_word' id='word_1_695' title='bbox 2747 4302 2780 4373; x_wconf 15' lang='grc' dir='ltr'><strong>»ν</strong></span> <span class='ocrx_word' id='word_1_696' title='bbox 2805 4322 3010 4389; x_wconf 87' lang='grc' dir='ltr'><strong>Ἧγουν</strong></span> <span class='ocrx_word' id='word_1_697' title='bbox 3035 4317 3134 4372; x_wconf 86' lang='grc' dir='ltr'><strong>ούκ</strong></span> <span class='ocrx_word' id='word_1_698' title='bbox 3162 4310 3490 4381; x_wconf 78' lang='grc' dir='ltr'><strong>ἐπαυσάμην</strong></span> <span class='ocrx_word' id='word_1_699' title='bbox 3512 4307 3693 4394; x_wconf 68' lang='grc' dir='ltr'><strong>ζητεῖν</strong></span> <span class='ocrx_word' id='word_1_700' title='bbox 3710 4302 3818 4396; x_wconf 76' lang='grc' dir='ltr'><strong>τὸν</strong></span> 
     </span>
    </p>
   </div>
   <div class='ocr_carea' id='block_1_91' title="bbox 2223 4395 3814 4490">
    <p class='ocr_par' dir='ltr' id='par_1_91' title="bbox 2223 4395 3814 4490">
     <span class='ocr_line' id='line_1_91' title="bbox 2223 4395 3814 4490; baseline -0.015 -18"><span class='ocrx_word' id='word_1_701' title='bbox 2223 4419 2356 4490; x_wconf 82' lang='grc' dir='ltr'><strong>ἐμὸν</strong></span> <span class='ocrx_word' id='word_1_702' title='bbox 2387 4415 2644 4488; x_wconf 79' lang='grc' dir='ltr'><strong>ἐραστήν,</strong></span> <span class='ocrx_word' id='word_1_703' title='bbox 2694 4415 2798 4477; x_wconf 84' lang='grc' dir='ltr'><strong>’ἐως</strong></span> <span class='ocrx_word' id='word_1_704' title='bbox 2838 4407 2898 4466; x_wconf 78' lang='grc' dir='ltr'><strong>οὗ</strong></span> <span class='ocrx_word' id='word_1_705' title='bbox 2930 4408 3305 4483; x_wconf 79' lang='grc' dir='ltr'><strong>είσιρκισάμην</strong></span> <span class='ocrx_word' id='word_1_706' title='bbox 3349 4403 3518 4458; x_wconf 77' lang='grc' dir='ltr'><strong>αὐτὸν</strong></span> <span class='ocrx_word' id='word_1_707' title='bbox 3545 4401 3624 4461; x_wconf 84' lang='grc' dir='ltr'><strong>είς</strong></span> <span class='ocrx_word' id='word_1_708' title='bbox 3659 4395 3814 4490; x_wconf 66' lang='grc' dir='ltr'><strong>νοῦνέ</strong></span> 
     </span>
    </p>
   </div>
   <div class='ocr_carea' id='block_1_92' title="bbox 535 4485 2115 4573">
    <p class='ocr_par' dir='ltr' id='par_1_92' title="bbox 535 4497 2112 4561">
     <span class='ocr_line' id='line_1_92' title="bbox 535 4497 2112 4561; baseline -0.004 -6"><span class='ocrx_word' id='word_1_709' title='bbox 535 4517 684 4556; x_wconf 89' lang='lat' dir='ltr'><strong>cere.</strong></span> <span class='ocrx_word' id='word_1_710' title='bbox 736 4519 753 4552; x_wconf 87' lang='grc' dir='ltr'><strong>ι</strong></span> <span class='ocrx_word' id='word_1_711' title='bbox 787 4500 855 4556; x_wconf 85' lang='grc' dir='ltr'><strong>Ει</strong></span> <span class='ocrx_word' id='word_1_712' title='bbox 885 4516 996 4556; x_wconf 90' lang='lat' dir='ltr'><strong>non</strong></span> <span class='ocrx_word' id='word_1_713' title='bbox 1035 4499 1218 4556; x_wconf 87' lang='lat' dir='ltr'><strong>dimisi</strong></span> <span class='ocrx_word' id='word_1_714' title='bbox 1257 4514 1383 4555; x_wconf 86' lang='lat' dir='ltr'><strong>eum</strong></span> <span class='ocrx_word' id='word_1_715' title='bbox 1404 4537 1420 4561; x_wconf 89' lang='lat'><strong>,</strong></span> <span class='ocrx_word' id='word_1_716' title='bbox 1453 4498 1631 4553; x_wconf 89' lang='lat' dir='ltr'><strong>donec</strong></span> <span class='ocrx_word' id='word_1_717' title='bbox 1673 4497 1958 4553; x_wconf 85' lang='lat' dir='ltr'><strong>introduxi</strong></span> <span class='ocrx_word' id='word_1_718' title='bbox 1987 4510 2112 4551; x_wconf 89' lang='lat' dir='ltr'><strong>eum</strong></span> 
     </span>
    </p>
   </div>
   <div class='ocr_carea' id='block_1_93' title="bbox 2217 4485 3819 4573">
    <p class='ocr_par' dir='ltr' id='par_1_93' title="bbox 2223 4485 3819 4573">
     <span class='ocr_line' id='line_1_93' title="bbox 2223 4485 3819 4573; baseline -0.012 -14"><span class='ocrx_word' id='word_1_719' title='bbox 2223 4485 2283 4570; x_wconf 58' lang='grc' dir='ltr'><strong>δὲ</strong></span> <span class='ocrx_word' id='word_1_720' title='bbox 2326 4485 2474 4568; x_wconf 80' lang='grc' dir='ltr'><strong>οἶκος</strong></span> <span class='ocrx_word' id='word_1_721' title='bbox 2511 4485 2610 4573; x_wconf 90' lang='grc' dir='ltr'><strong>μέν</strong></span> <span class='ocrx_word' id='word_1_722' title='bbox 2639 4505 2738 4573; x_wconf 80' lang='grc' dir='ltr'><strong>τῆς</strong></span> <span class='ocrx_word' id='word_1_723' title='bbox 2769 4501 2923 4571; x_wconf 86' lang='grc' dir='ltr'><strong>δίκην</strong></span> <span class='ocrx_word' id='word_1_724' title='bbox 2961 4499 3167 4571; x_wconf 82' lang='grc' dir='ltr'><strong>μητρὸς</strong></span> <span class='ocrx_word' id='word_1_725' title='bbox 3194 4497 3374 4556; x_wconf 72' lang='grc' dir='ltr'><strong>αἰτίας</strong></span> <span class='ocrx_word' id='word_1_726' title='bbox 3414 4491 3633 4546; x_wconf 83' lang='grc' dir='ltr'><strong>πάντων</strong></span> <span class='ocrx_word' id='word_1_727' title='bbox 3668 4485 3819 4540; x_wconf 81' lang='grc' dir='ltr'><strong>Θεοῦ</strong></span> 
     </span>
    </p>
   </div>
   <div class='ocr_carea' id='block_1_94' title="bbox 538 4585 2120 4657">
    <p class='ocr_par' dir='ltr' id='par_1_94' title="bbox 538 4585 2120 4657">
     <span class='ocr_line' id='line_1_94' title="bbox 538 4585 2120 4657; baseline -0.006 -8"><span class='ocrx_word' id='word_1_728' title='bbox 538 4595 594 4649; x_wconf 74' lang='lat' dir='ltr'><strong>in</strong></span> <span class='ocrx_word' id='word_1_729' title='bbox 639 4593 864 4648; x_wconf 90' lang='lat' dir='ltr'><strong>domum</strong></span> <span class='ocrx_word' id='word_1_730' title='bbox 899 4593 1093 4648; x_wconf 87' lang='lat' dir='ltr'><strong>matris</strong></span> <span class='ocrx_word' id='word_1_731' title='bbox 1122 4605 1257 4646; x_wconf 67' lang='lat' dir='ltr'><strong>mea</strong></span> <span class='ocrx_word' id='word_1_732' title='bbox 1280 4631 1295 4653; x_wconf 87' lang='lat'><strong>,</strong></span> <span class='ocrx_word' id='word_1_733' title='bbox 1335 4597 1390 4645; x_wconf 89' lang='lat' dir='ltr'><strong>et</strong></span> <span class='ocrx_word' id='word_1_734' title='bbox 1418 4590 1474 4644; x_wconf 89' lang='lat' dir='ltr'><strong>in</strong></span> <span class='ocrx_word' id='word_1_735' title='bbox 1501 4588 1816 4645; x_wconf 87' lang='lat' dir='ltr'><strong>cubiculum</strong></span> <span class='ocrx_word' id='word_1_736' title='bbox 1843 4585 1966 4657; x_wconf 89' lang='lat' dir='ltr'><strong>ejus</strong></span> <span class='ocrx_word' id='word_1_737' title='bbox 1997 4601 2120 4655; x_wconf 76' lang='lat' dir='ltr'><strong>qua:</strong></span> 
     </span>
    </p>
   </div>
   <div class='ocr_carea' id='block_1_95' title="bbox 505 4680 2117 4756">
    <p class='ocr_par' dir='ltr' id='par_1_95' title="bbox 505 4680 2117 4756">
     <span class='ocr_line' id='line_1_95' title="bbox 505 4680 2117 4756; baseline -0.006 -16"><span class='ocrx_word' id='word_1_738' title='bbox 505 4680 790 4756; x_wconf 52' lang='lat' dir='ltr'><strong>:concepit</strong></span> <span class='ocrx_word' id='word_1_739' title='bbox 825 4699 935 4742; x_wconf 89' lang='lat' dir='ltr'><strong>me.</strong></span> <span class='ocrx_word' id='word_1_740' title='bbox 969 4702 988 4734; x_wconf 77' lang='grc' dir='ltr'><strong>ι</strong></span> <span class='ocrx_word' id='word_1_741' title='bbox 1026 4682 1140 4754; x_wconf 86' lang='lat' dir='ltr'><strong>Ego</strong></span> <span class='ocrx_word' id='word_1_742' title='bbox 1179 4698 1287 4738; x_wconf 89' lang='lat' dir='ltr'><strong>non</strong></span> <span class='ocrx_word' id='word_1_743' title='bbox 1316 4681 1504 4736; x_wconf 86' lang='lat' dir='ltr'><strong>destiti</strong></span> <span class='ocrx_word' id='word_1_744' title='bbox 1537 4693 1787 4750; x_wconf 59' lang='lat' dir='ltr'><strong>quaerere</strong></span> <span class='ocrx_word' id='word_1_745' title='bbox 1814 4683 2117 4732; x_wconf 85' lang='lat' dir='ltr'><strong>amatorem</strong></span> 
     </span>
    </p>
   </div>
   <div class='ocr_carea' id='block_1_96' title="bbox 535 4768 2122 4841">
    <p class='ocr_par' dir='ltr' id='par_1_96' title="bbox 535 4768 2122 4841">
     <span class='ocr_line' id='line_1_96' title="bbox 535 4768 2122 4841; baseline -0.006 -10"><span class='ocrx_word' id='word_1_746' title='bbox 535 4791 746 4841; x_wconf 84' lang='lat' dir='ltr'><strong>meum,</strong></span> <span class='ocrx_word' id='word_1_747' title='bbox 777 4777 955 4832; x_wconf 87' lang='lat' dir='ltr'><strong>donec</strong></span> <span class='ocrx_word' id='word_1_748' title='bbox 981 4774 1138 4830; x_wconf 91' lang='lat' dir='ltr'><strong>illum</strong></span> <span class='ocrx_word' id='word_1_749' title='bbox 1172 4771 1459 4828; x_wconf 78' lang='lat' dir='ltr'><strong>introduxi</strong></span> <span class='ocrx_word' id='word_1_750' title='bbox 1493 4771 1549 4826; x_wconf 90' lang='lat' dir='ltr'><strong>in</strong></span> <span class='ocrx_word' id='word_1_751' title='bbox 1576 4777 1840 4837; x_wconf 88' lang='lat' dir='ltr'><strong>mentem,</strong></span> <span class='ocrx_word' id='word_1_752' title='bbox 1870 4783 1996 4838; x_wconf 73' lang='lat' dir='ltr'><strong>quae</strong></span> <span class='ocrx_word' id='word_1_753' title='bbox 2024 4768 2122 4822; x_wconf 92' lang='lat' dir='ltr'><strong>do-</strong></span> 
     </span>
    </p>
   </div>
   <div class='ocr_carea' id='block_1_97' title="bbox 535 4860 2118 4941">
    <p class='ocr_par' dir='ltr' id='par_1_97' title="bbox 535 4860 2118 4941">
     <span class='ocr_line' id='line_1_97' title="bbox 535 4860 2118 4941; baseline -0.007 -17"><span class='ocrx_word' id='word_1_754' title='bbox 535 4885 662 4925; x_wconf 85' lang='lat' dir='ltr'><strong>mus</strong></span> <span class='ocrx_word' id='word_1_755' title='bbox 694 4867 919 4941; x_wconf 88' lang='lat' dir='ltr'><strong>quidem</strong></span> <span class='ocrx_word' id='word_1_756' title='bbox 963 4875 1084 4932; x_wconf 80' lang='lat' dir='ltr'><strong>est,</strong></span> <span class='ocrx_word' id='word_1_757' title='bbox 1121 4872 1384 4935; x_wconf 82' lang='lat' dir='ltr'><strong>tanquam</strong></span> <span class='ocrx_word' id='word_1_758' title='bbox 1420 4863 1616 4918; x_wconf 88' lang='lat' dir='ltr'><strong>matris</strong></span> <span class='ocrx_word' id='word_1_759' title='bbox 1651 4876 1835 4916; x_wconf 88' lang='lat' dir='ltr'><strong>rerum</strong></span> <span class='ocrx_word' id='word_1_760' title='bbox 1868 4860 2118 4916; x_wconf 89' lang='lat' dir='ltr'><strong>omnium</strong></span> 
     </span>
    </p>
   </div>
   <div class='ocr_carea' id='block_1_98' title="bbox 536 4954 2120 5030">
    <p class='ocr_par' dir='ltr' id='par_1_98' title="bbox 536 4954 2120 5030">
     <span class='ocr_line' id='line_1_98' title="bbox 536 4954 2120 5030; baseline -0.003 -17"><span class='ocrx_word' id='word_1_761' title='bbox 536 4976 737 5022; x_wconf 75' lang='lat' dir='ltr'><strong>causae.</strong></span> <span class='ocrx_word' id='word_1_762' title='bbox 777 4959 870 5014; x_wconf 87' lang='lat' dir='ltr'><strong>Dei</strong></span> <span class='ocrx_word' id='word_1_763' title='bbox 903 4958 1228 5030; x_wconf 64' lang='lat' dir='ltr'><strong>sapientia;</strong></span> <span class='ocrx_word' id='word_1_764' title='bbox 1258 4971 1412 5012; x_wconf 87' lang='lat' dir='ltr'><strong>mens</strong></span> <span class='ocrx_word' id='word_1_765' title='bbox 1446 4957 1594 5010; x_wconf 88' lang='lat' dir='ltr'><strong>enim</strong></span> <span class='ocrx_word' id='word_1_766' title='bbox 1635 4954 1804 5024; x_wconf 86' lang='lat' dir='ltr'><strong>hujus</strong></span> <span class='ocrx_word' id='word_1_767' title='bbox 1837 4954 2120 5023; x_wconf 75' lang='lat' dir='ltr'><strong>sapientizc</strong></span> 
     </span>
    </p>
   </div>
   <div class='ocr_carea' id='block_1_99' title="bbox 536 5045 2120 5125">
    <p class='ocr_par' dir='ltr' id='par_1_99' title="bbox 536 5045 2120 5125">
     <span class='ocr_line' id='line_1_99' title="bbox 536 5045 2120 5125; baseline -0.007 -17"><span class='ocrx_word' id='word_1_768' title='bbox 536 5067 708 5125; x_wconf 85' lang='lat' dir='ltr'><strong>capax</strong></span> <span class='ocrx_word' id='word_1_769' title='bbox 733 5092 751 5117; x_wconf 87' lang='lat'><strong>,</strong></span> <span class='ocrx_word' id='word_1_770' title='bbox 807 5061 893 5107; x_wconf 89' lang='lat' dir='ltr'><strong>est</strong></span> <span class='ocrx_word' id='word_1_771' title='bbox 938 5052 1104 5106; x_wconf 84' lang='lat' dir='ltr'><strong>veluti</strong></span> <span class='ocrx_word' id='word_1_772' title='bbox 1151 5049 1493 5107; x_wconf 85' lang='lat' dir='ltr'><strong>domicilium</strong></span> <span class='ocrx_word' id='word_1_773' title='bbox 1534 5054 1760 5116; x_wconf 86' lang='lat' dir='ltr'><strong>propter</strong></span> <span class='ocrx_word' id='word_1_774' title='bbox 1796 5045 2120 5099; x_wconf 86' lang='lat' dir='ltr'><strong>similitudi-</strong></span> 
     </span>
    </p>
   </div>
   <div class='ocr_carea' id='block_1_100' title="bbox 537 5134 2118 5210">
    <p class='ocr_par' dir='ltr' id='par_1_100' title="bbox 537 5134 2118 5210">
     <span class='ocr_line' id='line_1_100' title="bbox 537 5134 2118 5210; baseline -0.008 -11"><span class='ocrx_word' id='word_1_775' title='bbox 537 5160 665 5200; x_wconf 87' lang='lat' dir='ltr'><strong>nem</strong></span> <span class='ocrx_word' id='word_1_776' title='bbox 699 5160 715 5197; x_wconf 92' lang='lat'><strong>:</strong></span> <span class='ocrx_word' id='word_1_777' title='bbox 755 5151 810 5198; x_wconf 86' lang='lat' dir='ltr'><strong>et</strong></span> <span class='ocrx_word' id='word_1_778' title='bbox 836 5143 1148 5198; x_wconf 84' lang='lat' dir='ltr'><strong>cubiculum</strong></span> <span class='ocrx_word' id='word_1_779' title='bbox 1183 5153 1379 5197; x_wconf 87' lang='lat' dir='ltr'><strong>rursus</strong></span> <span class='ocrx_word' id='word_1_780' title='bbox 1411 5139 1620 5210; x_wconf 85' lang='lat' dir='ltr'><strong>ipsius,</strong></span> <span class='ocrx_word' id='word_1_781' title='bbox 1650 5137 1781 5206; x_wconf 88' lang='lat' dir='ltr'><strong>quia</strong></span> <span class='ocrx_word' id='word_1_782' title='bbox 1816 5134 1930 5206; x_wconf 69' lang='lat' dir='ltr'><strong>so</strong></span> <span class='ocrx_word' id='word_1_783' title='bbox 1957 5149 2118 5189; x_wconf 86' lang='lat' dir='ltr'><strong>arca-</strong></span> 
     </span>
    </p>
   </div>
   <div class='ocr_carea' id='block_1_101' title="bbox 539 5227 2118 5304">
    <p class='ocr_par' dir='ltr' id='par_1_101' title="bbox 539 5227 2118 5304">
     <span class='ocr_line' id='line_1_101' title="bbox 539 5227 2118 5304; baseline -0.006 -15"><span class='ocrx_word' id='word_1_784' title='bbox 539 5249 642 5289; x_wconf 88' lang='lat' dir='ltr'><strong>nos</strong></span> <span class='ocrx_word' id='word_1_785' title='bbox 670 5231 792 5302; x_wconf 86' lang='lat' dir='ltr'><strong>ejus</strong></span> <span class='ocrx_word' id='word_1_786' title='bbox 815 5231 1106 5288; x_wconf 83' lang='lat' dir='ltr'><strong>thesauros</strong></span> <span class='ocrx_word' id='word_1_787' title='bbox 1138 5239 1362 5304; x_wconf 90' lang='lat' dir='ltr'><strong>propter</strong></span> <span class='ocrx_word' id='word_1_788' title='bbox 1401 5229 1696 5301; x_wconf 85' lang='lat' dir='ltr'><strong>imaginem</strong></span> <span class='ocrx_word' id='word_1_789' title='bbox 1731 5227 1785 5282; x_wconf 89' lang='lat' dir='ltr'><strong>in</strong></span> <span class='ocrx_word' id='word_1_790' title='bbox 1821 5242 1881 5282; x_wconf 91' lang='lat' dir='ltr'><strong>se</strong></span> <span class='ocrx_word' id='word_1_791' title='bbox 1922 5242 2118 5282; x_wconf 84' lang='lat' dir='ltr'><strong>recon-</strong></span> 
     </span>
    </p>
   </div>
   <div class='ocr_carea' id='block_1_102' title="bbox 540 5317 2122 5392">
    <p class='ocr_par' dir='ltr' id='par_1_102' title="bbox 540 5317 2122 5392">
     <span class='ocr_line' id='line_1_102' title="bbox 540 5317 2122 5392; baseline -0.004 -13"><span class='ocrx_word' id='word_1_792' title='bbox 540 5324 690 5380; x_wconf 88' lang='lat' dir='ltr'><strong>ditos</strong></span> <span class='ocrx_word' id='word_1_793' title='bbox 723 5332 935 5381; x_wconf 84' lang='lat' dir='ltr'><strong>servat.</strong></span> <span class='ocrx_word' id='word_1_794' title='bbox 970 5321 1095 5380; x_wconf 70' lang='lat' dir='ltr'><strong>Haec</strong></span> <span class='ocrx_word' id='word_1_795' title='bbox 1135 5335 1225 5378; x_wconf 80' lang='lat' dir='ltr'><strong>nte</strong></span> <span class='ocrx_word' id='word_1_796' title='bbox 1269 5319 1543 5392; x_wconf 87' lang='lat' dir='ltr'><strong>sapientia</strong></span> <span class='ocrx_word' id='word_1_797' title='bbox 1583 5317 1882 5390; x_wconf 77' lang='lat' dir='ltr'><strong>concepit,</strong></span> <span class='ocrx_word' id='word_1_798' title='bbox 1919 5318 2122 5389; x_wconf 83' lang='lat' dir='ltr'><strong>quippe</strong></span> 
     </span>
    </p>
   </div>
   <div class='ocr_carea' id='block_1_103' title="bbox 541 5410 2123 5487">
    <p class='ocr_par' dir='ltr' id='par_1_103' title="bbox 541 5410 2123 5487">
     <span class='ocr_line' id='line_1_103' title="bbox 541 5410 2123 5487; baseline -0.003 -18"><span class='ocrx_word' id='word_1_799' title='bbox 541 5431 665 5487; x_wconf 74' lang='lat' dir='ltr'><strong>qua:</strong></span> <span class='ocrx_word' id='word_1_800' title='bbox 690 5425 818 5471; x_wconf 83' lang='lat' dir='ltr'><strong>ante</strong></span> <span class='ocrx_word' id='word_1_801' title='bbox 854 5413 1045 5469; x_wconf 83' lang='lat' dir='ltr'><strong>mtmdi</strong></span> <span class='ocrx_word' id='word_1_802' title='bbox 1078 5411 1534 5468; x_wconf 84' lang='lat' dir='ltr'><strong>constitutionem</strong></span> <span class='ocrx_word' id='word_1_803' title='bbox 1568 5423 1732 5480; x_wconf 85' lang='lat' dir='ltr'><strong>quam</strong></span> <span class='ocrx_word' id='word_1_804' title='bbox 1764 5410 2028 5480; x_wconf 88' lang='lat' dir='ltr'><strong>optimam</strong></span> <span class='ocrx_word' id='word_1_805' title='bbox 2067 5410 2123 5465; x_wconf 87' lang='lat' dir='ltr'><strong>in</strong></span> 
     </span>
    </p>
   </div>
   <div class='ocr_carea' id='block_1_104' title="bbox 2226 4583 3823 4664">
    <p class='ocr_par' dir='ltr' id='par_1_104' title="bbox 2226 4583 3823 4664">
     <span class='ocr_line' id='line_1_104' title="bbox 2226 4583 3823 4664; baseline -0.023 2"><span class='ocrx_word' id='word_1_806' title='bbox 2226 4596 2418 4664; x_wconf 76' lang='grc' dir='ltr'><strong>σοφίας</strong></span> <span class='ocrx_word' id='word_1_807' title='bbox 2451 4596 2620 4657; x_wconf 71' lang='grc' dir='ltr'><strong>ἐστὶν,</strong></span> <span class='ocrx_word' id='word_1_808' title='bbox 2645 4595 2722 4657; x_wconf 86' lang='grc' dir='ltr'><strong>ὼς</strong></span> <span class='ocrx_word' id='word_1_809' title='bbox 2747 4593 2950 4663; x_wconf 84' lang='grc' dir='ltr'><strong>ταύτης</strong></span> <span class='ocrx_word' id='word_1_810' title='bbox 2980 4592 3068 4646; x_wconf 79' lang='grc' dir='ltr'><strong>διὰ</strong></span> <span class='ocrx_word' id='word_1_811' title='bbox 3106 4589 3168 4643; x_wconf 82' lang='grc' dir='ltr'><strong>τὸ</strong></span> <span class='ocrx_word' id='word_1_812' title='bbox 3195 4586 3317 4642; x_wconf 85' lang='grc' dir='ltr'><strong>καθ’</strong></span> <span class='ocrx_word' id='word_1_813' title='bbox 3343 4583 3604 4656; x_wconf 83' lang='grc' dir='ltr'><strong>ὁμοίωσιν</strong></span> <span class='ocrx_word' id='word_1_814' title='bbox 3625 4597 3823 4651; x_wconf 84' lang='grc' dir='ltr'><strong>χωρη-</strong></span> 
     </span>
    </p>
   </div>
   <div class='ocr_carea' id='block_1_105' title="bbox 2223 4669 3823 4757">
    <p class='ocr_par' dir='ltr' id='par_1_105' title="bbox 2223 4669 3823 4757">
     <span class='ocr_line' id='line_1_105' title="bbox 2223 4669 3823 4757; baseline -0.01 -17"><span class='ocrx_word' id='word_1_815' title='bbox 2223 4686 2372 4750; x_wconf 84' lang='grc' dir='ltr'><strong>τικός</strong></span> <span class='ocrx_word' id='word_1_816' title='bbox 2395 4703 2410 4716; x_wconf 87' lang='grc'><strong>·</strong></span> <span class='ocrx_word' id='word_1_817' title='bbox 2443 4687 2692 4757; x_wconf 88' lang='grc' dir='ltr'><strong>ταμιεῖον</strong></span> <span class='ocrx_word' id='word_1_818' title='bbox 2718 4685 2774 4739; x_wconf 82' lang='grc' dir='ltr'><strong>δέ</strong></span> <span class='ocrx_word' id='word_1_819' title='bbox 2803 4683 2964 4739; x_wconf 79' lang='grc' dir='ltr'><strong>πάλιν</strong></span> <span class='ocrx_word' id='word_1_820' title='bbox 2990 4680 3181 4751; x_wconf 80' lang='grc' dir='ltr'><strong>αὐτῆς,</strong></span> <span class='ocrx_word' id='word_1_821' title='bbox 3205 4679 3281 4742; x_wconf 85' lang='grc' dir='ltr'><strong>ὡς</strong></span> <span class='ocrx_word' id='word_1_822' title='bbox 3298 4679 3426 4740; x_wconf 83' lang='grc' dir='ltr'><strong>τοὺς</strong></span> <span class='ocrx_word' id='word_1_823' title='bbox 3453 4669 3823 4743; x_wconf 84' lang='grc' dir='ltr'><strong>ἀποκρύφους</strong></span> 
     </span>
    </p>
   </div>
   <div class='ocr_carea' id='block_1_106' title="bbox 2224 4761 3823 4849">
    <p class='ocr_par' dir='ltr' id='par_1_106' title="bbox 2224 4761 3823 4849">
     <span class='ocr_line' id='line_1_106' title="bbox 2224 4761 3823 4849; baseline -0.012 -18"><span class='ocrx_word' id='word_1_824' title='bbox 2224 4777 2428 4849; x_wconf 87' lang='grc' dir='ltr'><strong>ταύτης</strong></span> <span class='ocrx_word' id='word_1_825' title='bbox 2454 4777 2762 4849; x_wconf 80' lang='grc' dir='ltr'><strong>θησαυροὺς</strong></span> <span class='ocrx_word' id='word_1_826' title='bbox 2787 4775 2874 4829; x_wconf 73' lang='grc' dir='ltr'><strong>διὰ</strong></span> <span class='ocrx_word' id='word_1_827' title='bbox 2901 4774 2963 4828; x_wconf 75' lang='grc' dir='ltr'><strong>τὸ</strong></span> <span class='ocrx_word' id='word_1_828' title='bbox 2999 4773 3118 4828; x_wconf 87' lang='grc' dir='ltr'><strong>κατ’</strong></span> <span class='ocrx_word' id='word_1_829' title='bbox 3149 4770 3332 4825; x_wconf 85' lang='grc' dir='ltr'><strong>εἰκόνα</strong></span> <span class='ocrx_word' id='word_1_830' title='bbox 3360 4767 3483 4838; x_wconf 74' lang='grc' dir='ltr'><strong>ἔχον</strong></span> <span class='ocrx_word' id='word_1_831' title='bbox 3507 4761 3823 4824; x_wconf 79' lang='grc' dir='ltr'><strong>ἀποθέτους</strong></span> 
     </span>
    </p>
   </div>
   <div class='ocr_carea' id='block_1_107' title="bbox 2222 4855 3825 4938">
    <p class='ocr_par' dir='ltr' id='par_1_107' title="bbox 2222 4855 3825 4938">
     <span class='ocr_line' id='line_1_107' title="bbox 2222 4855 3825 4938; baseline -0.011 -17"><span class='ocrx_word' id='word_1_832' title='bbox 2222 4869 2282 4921; x_wconf 83' lang='grc' dir='ltr'><strong>ἐν</strong></span> <span class='ocrx_word' id='word_1_833' title='bbox 2310 4867 2486 4938; x_wconf 79' lang='grc' dir='ltr'><strong>ἐαυτῷ</strong></span> <span class='ocrx_word' id='word_1_834' title='bbox 2507 4883 2522 4900; x_wconf 77' lang='grc' dir='ltr'><strong><em>ο</em></strong></span> <span class='ocrx_word' id='word_1_835' title='bbox 2569 4867 2690 4938; x_wconf 75' lang='grc' dir='ltr'><strong>ἥτις</strong></span> <span class='ocrx_word' id='word_1_836' title='bbox 2738 4884 2804 4938; x_wconf 88' lang='grc' dir='ltr'><strong>με</strong></span> <span class='ocrx_word' id='word_1_837' title='bbox 2844 4865 3005 4936; x_wconf 72' lang='grc' dir='ltr'><strong>σοφία</strong></span> <span class='ocrx_word' id='word_1_838' title='bbox 3037 4861 3353 4926; x_wconf 81' lang='grc' dir='ltr'><strong>συνέλαϐεν,</strong></span> <span class='ocrx_word' id='word_1_839' title='bbox 3396 4859 3472 4922; x_wconf 83' lang='grc' dir='ltr'><strong>ὼς</strong></span> <span class='ocrx_word' id='word_1_840' title='bbox 3505 4855 3612 4926; x_wconf 81' lang='grc' dir='ltr'><strong>πρὸ</strong></span> <span class='ocrx_word' id='word_1_841' title='bbox 3638 4868 3825 4907; x_wconf 85' lang='grc' dir='ltr'><strong>κατα-</strong></span> 
     </span>
    </p>
   </div>
   <div class='ocr_carea' id='block_1_108' title="bbox 2227 4945 3824 5032">
    <p class='ocr_par' dir='ltr' id='par_1_108' title="bbox 2227 4945 3824 5032">
     <span class='ocr_line' id='line_1_108' title="bbox 2227 4945 3824 5032; baseline -0.011 -18"><span class='ocrx_word' id='word_1_842' title='bbox 2227 4960 2390 5031; x_wconf 82' lang='grc' dir='ltr'><strong>ϐολῆς</strong></span> <span class='ocrx_word' id='word_1_843' title='bbox 2437 4960 2644 5032; x_wconf 83' lang='grc' dir='ltr'><strong>κόσμου</strong></span> <span class='ocrx_word' id='word_1_844' title='bbox 2692 4959 2792 5032; x_wconf 78' lang='grc' dir='ltr'><strong>τὴν</strong></span> <span class='ocrx_word' id='word_1_845' title='bbox 2836 4955 3186 5030; x_wconf 78' lang='grc' dir='ltr'><strong>ὑπεράγαθον</strong></span> <span class='ocrx_word' id='word_1_846' title='bbox 3228 4952 3360 5024; x_wconf 77' lang='grc' dir='ltr'><strong>περὶ</strong></span> <span class='ocrx_word' id='word_1_847' title='bbox 3409 4950 3510 5020; x_wconf 77' lang='grc' dir='ltr'><strong>ἐμὲ</strong></span> <span class='ocrx_word' id='word_1_848' title='bbox 3554 4945 3824 5018; x_wconf 81' lang='grc' dir='ltr'><strong>βούλησιν</strong></span> 
     </span>
    </p>
   </div>
   <div class='ocr_carea' id='block_1_109' title="bbox 2225 5036 3826 5123">
    <p class='ocr_par' dir='ltr' id='par_1_109' title="bbox 2225 5036 3826 5123">
     <span class='ocr_line' id='line_1_109' title="bbox 2225 5036 3826 5123; baseline -0.011 -17"><span class='ocrx_word' id='word_1_849' title='bbox 2225 5052 2464 5123; x_wconf 77' lang='grc' dir='ltr'><strong>ἔχουσα·</strong></span> <span class='ocrx_word' id='word_1_850' title='bbox 2517 5051 2598 5105; x_wconf 77' lang='grc' dir='ltr'><strong>διὸ</strong></span> <span class='ocrx_word' id='word_1_851' title='bbox 2645 5051 2740 5105; x_wconf 68' lang='grc' dir='ltr'><strong>καὶ</strong></span> <span class='ocrx_word' id='word_1_852' title='bbox 2789 5051 2858 5104; x_wconf 85' lang='grc' dir='ltr'><strong>δι’</strong></span> <span class='ocrx_word' id='word_1_853' title='bbox 2905 5050 3008 5121; x_wconf 77' lang='grc' dir='ltr'><strong>ἐμὲ</strong></span> <span class='ocrx_word' id='word_1_854' title='bbox 3051 5047 3151 5121; x_wconf 76' lang='grc' dir='ltr'><strong>τήν</strong></span> <span class='ocrx_word' id='word_1_855' title='bbox 3200 5040 3544 5115; x_wconf 85' lang='grc' dir='ltr'><strong>ἀνθρωπείαν</strong></span> <span class='ocrx_word' id='word_1_856' title='bbox 3589 5036 3826 5098; x_wconf 78' lang='grc' dir='ltr'><strong>πάντως</strong></span> 
     </span>
    </p>
   </div>
   <div class='ocr_carea' id='block_1_110' title="bbox 2225 5127 3825 5216">
    <p class='ocr_par' dir='ltr' id='par_1_110' title="bbox 2225 5127 3825 5216">
     <span class='ocr_line' id='line_1_110' title="bbox 2225 5127 3825 5216; baseline -0.016 -14"><span class='ocrx_word' id='word_1_857' title='bbox 2225 5146 2410 5216; x_wconf 83' lang='grc' dir='ltr'><strong>φύσιν,</strong></span> <span class='ocrx_word' id='word_1_858' title='bbox 2443 5146 2505 5199; x_wconf 89' lang='grc' dir='ltr'><strong>τό</strong></span> <span class='ocrx_word' id='word_1_859' title='bbox 2534 5162 2593 5199; x_wconf 89' lang='grc' dir='ltr'><strong>τε</strong></span> <span class='ocrx_word' id='word_1_860' title='bbox 2635 5146 2692 5199; x_wconf 86' lang='grc' dir='ltr'><strong>δὲ</strong></span> <span class='ocrx_word' id='word_1_861' title='bbox 2725 5144 2787 5197; x_wconf 79' lang='grc' dir='ltr'><strong>τὸ</strong></span> <span class='ocrx_word' id='word_1_862' title='bbox 2815 5145 2945 5206; x_wconf 85' lang='grc' dir='ltr'><strong>πᾶν,</strong></span> <span class='ocrx_word' id='word_1_863' title='bbox 2986 5141 3332 5208; x_wconf 82' lang='grc' dir='ltr'><strong>ὑπεστήσατο</strong></span> <span class='ocrx_word' id='word_1_864' title='bbox 3355 5151 3369 5166; x_wconf 92' lang='grc'><strong>·</strong></span> <span class='ocrx_word' id='word_1_865' title='bbox 3417 5152 3438 5186; x_wconf 77' lang='grc' dir='ltr'><strong>ι</strong></span> <span class='ocrx_word' id='word_1_866' title='bbox 3475 5128 3599 5212; x_wconf 78' lang='grc' dir='ltr'><strong>Ἐπὶ</strong></span> <span class='ocrx_word' id='word_1_867' title='bbox 3621 5127 3825 5195; x_wconf 81' lang='grc' dir='ltr'><strong>κοίτην</strong></span> 
     </span>
    </p>
   </div>
   <div class='ocr_carea' id='block_1_111' title="bbox 2226 5219 3820 5308">
    <p class='ocr_par' dir='ltr' id='par_1_111' title="bbox 2226 5219 3820 5308">
     <span class='ocr_line' id='line_1_111' title="bbox 2226 5219 3820 5308; baseline -0.016 -17"><span class='ocrx_word' id='word_1_868' title='bbox 2226 5253 2327 5308; x_wconf 88' lang='grc' dir='ltr'><strong>μου</strong></span> <span class='ocrx_word' id='word_1_869' title='bbox 2377 5239 2434 5290; x_wconf 84' lang='grc' dir='ltr'><strong>ἐν</strong></span> <span class='ocrx_word' id='word_1_870' title='bbox 2479 5237 2626 5300; x_wconf 70' lang='grc' dir='ltr'><strong>νυξὶν</strong></span> <span class='ocrx_word' id='word_1_871' title='bbox 2674 5235 2916 5306; x_wconf 78' lang='grc' dir='ltr'><strong>ἐζήτησα</strong></span> <span class='ocrx_word' id='word_1_872' title='bbox 2961 5232 3020 5286; x_wconf 84' lang='grc' dir='ltr'><strong>ὃν</strong></span> <span class='ocrx_word' id='word_1_873' title='bbox 3056 5226 3405 5301; x_wconf 77' lang='grc' dir='ltr'><strong>ήγάπησενή</strong></span> <span class='ocrx_word' id='word_1_874' title='bbox 3459 5219 3606 5292; x_wconf 75' lang='grc' dir='ltr'><strong>ψυχή</strong></span> <span class='ocrx_word' id='word_1_875' title='bbox 3660 5232 3776 5308; x_wconf 58' lang='grc' dir='ltr'><strong>μουΔ</strong></span> <span class='ocrx_word' id='word_1_876' title='bbox 3802 5231 3820 5244; x_wconf 74' lang='grc' dir='ltr'><strong>ο</strong></span> 
     </span>
    </p>
   </div>
   <div class='ocr_carea' id='block_1_112' title="bbox 2224 5304 3826 5402">
    <p class='ocr_par' dir='ltr' id='par_1_112' title="bbox 2224 5304 3826 5402">
     <span class='ocr_line' id='line_1_112' title="bbox 2224 5304 3826 5402; baseline -0.017 -17"><span class='ocrx_word' id='word_1_877' title='bbox 2224 5304 2463 5402; x_wconf 76' lang='grc' dir='ltr'><strong>ἐζήτησα</strong></span> <span class='ocrx_word' id='word_1_878' title='bbox 2492 5327 2674 5392; x_wconf 75' lang='grc' dir='ltr'><strong>αὑτὸν,</strong></span> <span class='ocrx_word' id='word_1_879' title='bbox 2725 5304 2819 5380; x_wconf 75' lang='grc' dir='ltr'><strong>καὶ</strong></span> <span class='ocrx_word' id='word_1_880' title='bbox 2856 5325 2953 5395; x_wconf 76' lang='grc' dir='ltr'><strong>οὐχ</strong></span> <span class='ocrx_word' id='word_1_881' title='bbox 2996 5317 3153 5394; x_wconf 78' lang='grc' dir='ltr'><strong>εὖρον</strong></span> <span class='ocrx_word' id='word_1_882' title='bbox 3185 5317 3365 5375; x_wconf 80' lang='grc' dir='ltr'><strong>αὐτόν.</strong></span> <span class='ocrx_word' id='word_1_883' title='bbox 3398 5334 3417 5367; x_wconf 75' lang='grc' dir='ltr'><strong>ι</strong></span> <span class='ocrx_word' id='word_1_884' title='bbox 3475 5311 3587 5366; x_wconf 76' lang='grc' dir='ltr'><strong>Καὶ</strong></span> <span class='ocrx_word' id='word_1_885' title='bbox 3615 5304 3826 5402; x_wconf 66' lang='grc' dir='ltr'><strong>μικρὸν</strong></span> 
     </span>
    </p>
   </div>
   <div class='ocr_carea' id='block_1_113' title="bbox 2225 5395 3828 5490">
    <p class='ocr_par' dir='ltr' id='par_1_113' title="bbox 2225 5395 3828 5490">
     <span class='ocr_line' id='line_1_113' title="bbox 2225 5395 3828 5490; baseline -0.012 -20"><span class='ocrx_word' id='word_1_886' title='bbox 2225 5395 2448 5482; x_wconf 73' lang='grc' dir='ltr'><strong>τούτους</strong></span> <span class='ocrx_word' id='word_1_887' title='bbox 2476 5416 2873 5490; x_wconf 83' lang='grc' dir='ltr'><strong>διαδραμοῦσα,</strong></span> <span class='ocrx_word' id='word_1_888' title='bbox 2902 5414 3053 5483; x_wconf 75' lang='grc' dir='ltr'><strong>λέγει</strong></span> <span class='ocrx_word' id='word_1_889' title='bbox 3079 5410 3242 5467; x_wconf 79' lang='grc' dir='ltr'><strong>αὑτὸν</strong></span> <span class='ocrx_word' id='word_1_890' title='bbox 3265 5404 3578 5480; x_wconf 77' lang='grc' dir='ltr'><strong>εὑρηκέναι,</strong></span> <span class='ocrx_word' id='word_1_891' title='bbox 3613 5398 3706 5453; x_wconf 73' lang='grc' dir='ltr'><strong>καὶ</strong></span> <span class='ocrx_word' id='word_1_892' title='bbox 3733 5395 3828 5469; x_wconf 77' lang='grc' dir='ltr'><strong>μὴ</strong></span> 
     </span>
    </p>
   </div>
   <div class='ocr_carea' id='block_1_114' title="bbox 1776 5545 2452 5610">
    <p class='ocr_par' dir='ltr' id='par_1_114' title="bbox 1776 5545 2452 5610">
     <span class='ocr_line' id='line_1_114' title="bbox 1776 5545 2452 5610; baseline 0.018 -11"><span class='ocrx_word' id='word_1_893' title='bbox 1776 5545 2008 5601; x_wconf 60' lang='grc' dir='ltr'><strong>ἺΑΒΙέΕ</strong></span> <span class='ocrx_word' id='word_1_894' title='bbox 2046 5547 2452 5610; x_wconf 70' lang='lat' dir='ltr'><strong>LECTIONES.</strong></span> 
     </span>
    </p>
   </div>
   <div class='ocr_carea' id='block_1_115' title="bbox 611 5696 1140 5765">
    <p class='ocr_par' dir='ltr' id='par_1_115' title="bbox 611 5696 1140 5765">
     <span class='ocr_line' id='line_1_115' title="bbox 611 5696 1140 5765; baseline -0.017 -11"><span class='ocrx_word' id='word_1_895' title='bbox 611 5697 655 5730; x_wconf 81' lang='lat'><strong>“</strong></span> <span class='ocrx_word' id='word_1_896' title='bbox 689 5699 810 5752; x_wconf 87' lang='lat' dir='ltr'><strong>cod.</strong></span> <span class='ocrx_word' id='word_1_897' title='bbox 849 5696 1140 5765; x_wconf 73' lang='grc' dir='ltr'><strong>ἐπήκουσε.</strong></span> 
     </span>
    </p>
   </div>
   <div class='ocr_carea' id='block_1_116' title="bbox 543 5759 1983 5836">
    <p class='ocr_par' dir='ltr' id='par_1_116' title="bbox 543 5759 1983 5836">
     <span class='ocr_line' id='line_1_116' title="bbox 543 5759 1983 5836; baseline -0.005 -16"><span class='ocrx_word' id='word_1_898' title='bbox 543 5763 696 5824; x_wconf 85' lang='lat' dir='ltr'><strong>Prior</strong></span> <span class='ocrx_word' id='word_1_899' title='bbox 727 5768 895 5826; x_wconf 75' lang='lat' dir='ltr'><strong>editio</strong></span> <span class='ocrx_word' id='word_1_900' title='bbox 928 5759 1158 5822; x_wconf 77' lang='lat' dir='ltr'><strong>habebat</strong></span> <span class='ocrx_word' id='word_1_901' title='bbox 1194 5780 1302 5836; x_wconf 77' lang='grc' dir='ltr'><strong>μοι,</strong></span> <span class='ocrx_word' id='word_1_902' title='bbox 1346 5761 1466 5818; x_wconf 86' lang='lat' dir='ltr'><strong>cod.</strong></span> <span class='ocrx_word' id='word_1_903' title='bbox 1507 5769 1684 5815; x_wconf 79' lang='lat' dir='ltr'><strong>autem</strong></span> <span class='ocrx_word' id='word_1_904' title='bbox 1720 5759 1825 5830; x_wconf 77' lang='lat' dir='ltr'><strong>leg.</strong></span> <span class='ocrx_word' id='word_1_905' title='bbox 1857 5774 1983 5828; x_wconf 87' lang='grc' dir='ltr'><strong>μου.</strong></span> 
     </span>
    </p>
   </div>
   <div class='ocr_carea' id='block_1_117' title="bbox 1223 5689 2402 5760">
    <p class='ocr_par' dir='ltr' id='par_1_117' title="bbox 1223 5689 2402 5760">
     <span class='ocr_line' id='line_1_117' title="bbox 1223 5689 2402 5760; baseline 0.008 -15"><span class='ocrx_word' id='word_1_906' title='bbox 1223 5691 1264 5722; x_wconf 69' lang='grc' dir='ltr'><strong>δι</strong></span> <span class='ocrx_word' id='word_1_907' title='bbox 1305 5690 1426 5746; x_wconf 78' lang='lat' dir='ltr'><strong>cod.</strong></span> <span class='ocrx_word' id='word_1_908' title='bbox 1478 5689 1635 5760; x_wconf 78' lang='grc' dir='ltr'><strong>αὐτή.</strong></span> <span class='ocrx_word' id='word_1_909' title='bbox 1724 5689 1771 5760; x_wconf 11' lang='lat'><em>7“</em></span> <span class='ocrx_word' id='word_1_910' title='bbox 1826 5689 1983 5759; x_wconf 71' lang='grc' dir='ltr'><strong>πρός.</strong></span> <span class='ocrx_word' id='word_1_911' title='bbox 2011 5696 2178 5753; x_wconf 75' lang='lat' dir='ltr'><strong>Abest</strong></span> <span class='ocrx_word' id='word_1_912' title='bbox 2213 5711 2241 5753; x_wconf 86' lang='lat' dir='ltr'><strong>a</strong></span> <span class='ocrx_word' id='word_1_913' title='bbox 2282 5697 2402 5755; x_wconf 87' lang='lat' dir='ltr'><strong>cod.</strong></span> 
     </span>
    </p>
   </div>
   <div class='ocr_carea' id='block_1_118' title="bbox 2503 5678 3824 5768">
    <p class='ocr_par' dir='ltr' id='par_1_118' title="bbox 2503 5678 3824 5768">
     <span class='ocr_line' id='line_1_118' title="bbox 2503 5678 3824 5768; baseline -0.014 -14"><span class='ocrx_word' id='word_1_914' title='bbox 2503 5699 2543 5730; x_wconf 77' lang='lat'><strong><em>“</em></strong></span> <span class='ocrx_word' id='word_1_915' title='bbox 2585 5698 2678 5768; x_wconf 76' lang='grc' dir='ltr'><strong>νῷ.</strong></span> <span class='ocrx_word' id='word_1_916' title='bbox 2718 5696 2841 5753; x_wconf 83' lang='lat' dir='ltr'><strong>Des.</strong></span> <span class='ocrx_word' id='word_1_917' title='bbox 2874 5697 2930 5754; x_wconf 92' lang='lat' dir='ltr'><strong>in</strong></span> <span class='ocrx_word' id='word_1_918' title='bbox 2957 5695 3080 5753; x_wconf 87' lang='lat' dir='ltr'><strong>cod.</strong></span> <span class='ocrx_word' id='word_1_919' title='bbox 3119 5694 3318 5750; x_wconf 79' lang='lat' dir='ltr'><strong>relicto</strong></span> <span class='ocrx_word' id='word_1_920' title='bbox 3342 5687 3540 5764; x_wconf 85' lang='lat' dir='ltr'><strong>spatio.</strong></span> <span class='ocrx_word' id='word_1_921' title='bbox 3616 5678 3662 5710; x_wconf 75' lang='lat'>“</span> <span class='ocrx_word' id='word_1_922' title='bbox 3702 5691 3824 5749; x_wconf 77' lang='grc' dir='ltr'><strong>μου</strong></span> 
     </span>
    </p>
   </div>
  </div>
