4088 6462
510 339 613 405 119

1500 336 1985 398 THEODORETI
2024 336 2360 396 EPISCOPI
2393 337 2757 399 CYRENSiS

3657 330 3764 395 120

514 456 838 505 rontuentes
866 444 1181 503 exclamant
1208 461 1220 498 :
1258 439 1363 496 Iste
1386 439 1664 509 formosus
1687 442 1740 493 in
1766 440 1933 505 stola,
1956 441 2072 494 vio-

2188 441 2443 512 Σημαίνει
2466 445 2525 499 δὲ
2557 444 2743 514 τὰμὲν
2780 443 2958 515 Ἐδωμ
2986 442 3083 513 τὴν
3114 444 3236 514 γῆν,
3280 441 3341 497 ἰδ
3364 443 3422 498 δὲ
3461 443 3634 517 Βοσὸρ
3662 449 3766 520 τὴν

514 528 679 609 lentia
725 552 851 593 cum
904 533 1250 590 fortitudine.
1299 531 1480 598 Quare
1525 530 1693 584 rubra
1738 537 1873 585 sunt
1906 530 2076 584 vesti-
2112 591 2120 599 _

2180 535 2377 604 σάρκα.
2412 536 2524 588 Καὶ
2557 536 2985 607 ἐκπληττόμενοι
3006 534 3173 589 αὐτοῦ
3201 535 3264 589 τὸ
3284 534 3477 599 κάλλος
3513 537 3710 602 βοῶσιν
3745 557 3759 568 ·

512 639 695 687 menta
744 638 837 683 tua
892 638 1153 698 tanquam
1196 639 1261 678 ex
1301 620 1590 688 {torculari
1626 620 1788 690 pleno
1818 618 2079 674 calcato?

2188 620 2345 689 Οὗτος
2373 626 2574 698 ὡραῖος
2617 627 2677 681 tv
2706 626 2888 697 στολῇ,
2920 624 3014 696 βία
3045 624 3185 696 μετὰ
3214 624 3419 695 ἰσχύος.
3467 625 3630 680 Ἰνατί
3663 645 3767 681 σου

512 718 578 772 Et
605 716 820 779 dicunt,
857 734 875 767 ι
917 712 978 768 1η
1011 725 1243 782 corpore
1267 708 1542 764 exsistens
1587 708 1855 779 splendet.
1894 729 1915 762 ›
1952 709 2077 763 Sto-

2177 717 2386 789 ἐρυθρά
2415 716 2484 770 τὰ
2530 716 2744 787 ἱμάτια,
2778 717 2856 781 ὡς
2898 715 3007 773 ἀπὸ
3048 714 3292 787 πατητοῦ
3320 714 3482 787 ληνοῦ
3513 717 3771 789 πλήρους

513 808 619 862 lam
651 820 853 877 corpus
906 805 1026 874 ejus
1077 799 1442 871 appellarunt,
1489 807 1545 854 et
1574 798 1873 854 violentam
1914 798 2079 854 habet

2188 809 2747 880 καταπεπατημένηςς
2795 809 2908 863 Καί
2942 824 3127 878 φασιν·
3188 824 3207 859 ι
3247 807 3336 860 Ἐν
3362 806 3410 840 ⁸⁴
3441 807 3655 879 σώματι
3682 808 3768 863 ὧν

514 884 1003 969 pulchritudinem,
1054 907 1175 962 qua:
1221 891 1516 945 universos
1573 889 1724 962 cogit
1775 890 2076 946 intuentes.

2177 900 2405 971 λάμπει.
2438 919 2458 954 ι
2495 901 2697 971 Στολὴν
2722 898 2887 955 αὐτοῦ
2911 899 2974 953 τὸ
3003 898 3161 971 σιῖιμα
3178 897 3224 932 ⁸⁸
3247 899 3724 971 προσηγορεύκασι
3742 916 3759 930 ο

490 990 589 1045 "Ita
622 992 898 1045 mirantur
926 986 1034 1040 hoc
1069 985 1193 1040 loco
1214 1026 1229 1052 ,
1262 999 1375 1039 non
1423 984 1605 1041 solum
1650 983 1797 1054 quod
1850 981 2079 1053 pulchra

2188 992 2279 1046 καὶ
2328 991 2499 1062 βίαιον
2545 991 2659 1063 ἔχει
2706 991 2770 1047 τὸ
2819 990 3037 1054 κάλλος,
3072 990 3318 1052 ἅπαντας
3346 989 3474 1052 τοὺς
3513 989 3767 1060 ὁρῶντας

511 1084 583 1137 sit
613 1094 836 1152 sponsa,
869 1091 1060 1133 verum
1116 1077 1282 1132 etiam
1315 1076 1461 1147 quod
1493 1075 1757 1133 ascendat
1780 1090 1811 1128 e
1833 1075 2076 1136 deserto,

509 1175 561 1229 id
595 1180 699 1238 est,
734 1186 802 1226 ex
838 1168 1117 1242 profundo
1155 1168 1211 1225 in
1243 1168 1473 1224 sublime
1515 1167 1827 1238 gradiatur,
1873 1180 1937 1220 ex
1972 1164 2080 1218 hu-

508 1265 733 1324 milibus
773 1263 841 1318 ad
894 1262 1114 1318 excelsa
1159 1260 1399 1337 incedat.
1450 1278 1469 1311 ι
1516 1258 1585 1313 Et
1624 1257 1845 1321 similis,
1879 1256 2079 1326 inquit,

508 1357 729 1411 videtur
778 1353 1006 1425 virgulae
1051 1349 1187 1406 fumi
1248 1351 1513 1406 incensae.
1567 1366 1588 1401 ι
1643 1346 1893 1404 Obscura
1947 1361 2083 1403 sane

508 1446 863 1517 compositio.
896 1443 1051 1498 'Dum
1096 1441 1257 1498 enim.
1280 1438 1628 1495 Hebrmorum
1664 1438 1867 1508 lingua:
1892 1436 2085 1491 deser-

510 1532 666 1595 viunt
721 1535 1082 1608 Septuaginta
1140 1533 1518 1604 lnterpretes,
1583 1529 1910 1586 sententiam
1966 1541 2081 1582 non

2182 1081 2524 1165 βιαζόμενον.
2575 1080 2731 1136 Οὕτω
2775 1079 3009 1135 ἐνταῦθα
3040 1080 3456 1153 ἐκπλήττονται,
3493 1080 3554 1133 ού
3597 1080 3766 1150 μόνον

2180 1172 2261 1226 δτι
2309 1171 2449 1242 καλὴ
2494 1173 2530 1243 ἡ
2572 1170 2783 1242 νύμφη,
2832 1170 2947 1223 ἀλλ’
2992 1170 3076 1223 ὅτι
3123 1170 3218 1224 καὶ
3263 1169 3373 1224 ἀπὸ
3398 1169 3498 1239 τῆς
3544 1170 3764 1240 ἐρήμου

2179 1259 2566 1333 ἀναϐαίνουσα,
2596 1258 2875 1313 τουτέστιν
2904 1258 3014 1314 ἀπὸ
3041 1258 3238 1329 βάθους
3266 1260 3347 1323 είς
3376 1258 3508 1329 ὕψος
3533 1260 3765 1329 ἀνερχο-

2186 1353 2345 1424 μένη,
2383 1350 2479 1406 καὶ
2502 1351 2613 1405 ἀπὸ
2639 1349 2749 1405 τῶν
2784 1349 3057 1404 ταπεινῶν
3102 1350 3195 1404 ἐπὶ
3230 1351 3301 1405 τά
3332 1350 3582 1421 μετέωρα
3614 1350 3768 1420 βαδί-

2183 1440 2370 1505 ζουσα.
2420 1457 2440 1492 t
2466 1440 2580 1495 Kal.
2609 1439 2774 1504 ἔοικε,
2802 1442 2958 1512 φησι,
3002 1440 3229 1512 στελέχη
3257 1441 3465 1495 καπνοῦ
3498 1441 3764 1509 τεθυμια-

2186 1531 2345 1607 μένῃ.
2376 1550 2397 1584 ι
2446 1529 2684 1602 Ἀσαφὴς
2715 1530 2815 1601 μὲν
2842 1533 2876 1601 ἡ
2914 1529 3154 1600 συνθήκη
3180 1546 3196 1560 ’
3241 1533 3306 1601 τῇ
3339 1531 3449 1601 γὰρ
3493 1531 3766 1601 Ἐὁραίων

506 1627 878 1698 explicarunt.
946 1625 1018 1676 At
1072 1622 1273 1694 Aquila
1326 1627 1381 1676 et
1432 1617 1797 1692 Symmachus
1856 1628 2081 1672 sensum

2188 1622 2397 1697 γλώττῃ
2437 1620 2822 1686 δουλεύσαντες
2862 1623 2912 1676 oi
2964 1621 3368 1693 Ἐὄδομήκοντα
3389 1621 3434 1655 ⁸⁸
3489 1623 3590 1676 οὐκ
3632 1624 3757 1675 ἐσαρ

508 1716 668 1774 nobis
713 1717 1065 1788 perspicuum
1116 1711 1504 1779 reddiderunt,
1547 1710 1833 1789 dicentes,
1867 1726 1887 1759 ι
1926 1704 2085 1763 Sicut

2188 1714 2417 1785 φήνισαν
2455 1713 2554 1781 τὴν
2597 1712 2834 1767 διάνοιαν
2859 1728 2873 1742 ·
2917 1712 2947 1764 ὀ
2972 1711 3029 1766 δὲ
3071 1712 3304 1777 Ἀκύλας
3353 1714 3505 1768 καὶὸ
3531 1713 3754 1785 Σύμμα-

507 1776 816 1864 similitudo
848 1776 984 1859 fumi
1013 1818 1078 1859 ex
1112 1802 1445 1858 sullimento.
1483 1776 1501 1854 ὲ
1532 1776 1787 1856 imitatur
1816 1800 1999 1854 autem
2029 1807 2085 1853 et

2188 1776 2279 1873 ξος
2296 1804 2345 1836 ⁸⁸
2368 1805 2466 1874 τὴν
2492 1776 2703 1860 έννοιαν
2720 1806 2856 1875 ἡμῖν
2875 1804 3265 1876 παρεδήλωσαν
3290 1805 3594 1875 εἰρηκότες,
3611 1776 3753 1867 ἰ’Ὢς

510 1899 778 1969 virgulam
826 1909 972 1965 sarpe
1021 1894 1321 1951 suﬂimentl
1375 1894 1563 1950 fumus
1610 1895 1666 1947 in
1739 1907 1866 1948 aere
1912 1891 2085 1946 veluti

2188 1868 2440 1969 δμοίωσις
2468 1895 2678 1950 καπνοῦ
2712 1868 2821 1949 ἀπὸ
2844 1868 3204 1967 θυμιάματος.
3236 1914 3255 1948 ι
3284 1868 3549 1967 Μιμεῖται
3577 1896 3635 1949 δὲ
3670 1894 3754 1950 δαὶ

507 1999 824 2057 expressus.
870 1982 982 2039 Nec
1038 1985 1320 2039 immerito
1368 1984 1542 2056 ipsam
1594 1982 1746 2038 fumo
1782 1980 2084 2038 suffimenti

507 2077 747 2132 similem
787 2074 999 2138 dicunt,
1026 2087 1168 2144 quae,
1191 2081 1253 2127 ut
1283 2072 1479 2128 beatus
1500 2072 1577 2127 ait
1605 2072 1809 2127 Paulus
1835 2071 1886 2137 ά,
1912 2085 2085 2126 mem-

508 2170 605 2222 bra
640 2181 738 2221 sua
769 2164 995 2220 exhibet
1024 2164 1262 2218 hostiam
1296 2163 1598 2228 viventem,
1646 2173 1920 2224 sanctam,
1971 2160 2084 2217 Deo

507 2260 839 2329 placentem,
893 2269 1127 2325 quaeque
1183 2253 1459 2309 sacrificat
1506 2253 1730 2309 assidue
1772 2253 1954 2309 laudis
1981 2253 2083 2308 ho-

491 2342 695 2410 stiam,
746 2353 802 2401 et
854 2343 1105 2400 membra
1149 2358 1284 2407 sua,
1333 2356 1458 2413 quae
1500 2347 1630 2397 sunt
1659 2356 1826 2410 super
1857 2347 2082 2407 terram,

2187 1986 2446 2059 στελέχην
2485 1986 2741 2051 πολλάκις
2789 1986 3133 2059 θυμιάματος
3178 1986 3384 2050 καπνὸς
3414 1988 3473 2038 ὲν
3512 1985 3592 2055 τῷ
3636 1985 3755 2054 ἀέρι

2184 2078 2349 2132 οἱονεὶ
2374 2075 2734 2147 τυπούμενος.
2764 2076 2875 2130 Kal.
2906 2076 3131 2140 εἰκότως
3159 2076 3329 2145 αὐτὴν
3352 2075 3545 2144 καπνῷ
3570 2072 3756 2143 θυμιά-

2189 2186 2358 2240 ματος
2382 2168 2616 2225 ἐοικέναι
2648 2167 2802 2236 φασὶ,
2831 2168 2931 2239 τὴν
2961 2168 3104 2221 κατὰ
3124 2167 3215 2221 τδν
3246 2167 3519 2238 μακάριον
3550 2162 3755 2219 Παῐλον

2183 2260 2613 2330 παραστήσασαν
2642 2259 2712 2313 τὰ
2743 2257 2880 2329 μέλη
2919 2258 3089 2328 αὐτῆς
3121 2255 3311 2311 θυσίαν
3344 2256 3545 2323 ζῶσαν.
3575 2253 3751 2324 ἁγίαν.

2184 2351 2479 2421 εὐάρεστον
2502 2348 2582 2420 τῷ
2623 2348 2764 2419 Θεῷ,
2801 2349 2898 2404 καὶ
2928 2349 3343 2419 προσφέρουσαν
3368 2346 3635 2417 διηνεκῶς
3652 2345 3755 2415 τὴν

508 2434 828 2501 mortiﬁcat,
852 2446 853 2449 ‘
879 2440 936 2490 et
981 2432 1204 2490 Christo
1249 2432 1575 2502 consepulta
1610 2439 1716 2497 est,
1745 2437 1801 2485 et
1833 2429 1994 2486 oﬂert
2026 2445 2085 2486 se

2188 2438 2286 2509 τῆς
2312 2438 2572 2503 αἰνέσεως
2597 2438 2810 2505 θυσίαν,
2858 2439 2955 2493 καὶ
2982 2438 3052 2492 τὰ
3083 2437 3220 2509 μέλη
3246 2437 3420 2507 αὐτῆς
3446 2437 3515 2490 τὰ
3544 2437 3633 2509 ἰπὶ
3656 2434 3757 2505 τῆς

509 2529 685 2597 ipsam
742 2524 1126 2579 holocaustum
1191 2522 1322 2579 Deo.
1373 2521 1674 2577 Declarant
1729 2529 1954 2587 autem,
1994 2521 2085 2576 cui

2188 2506 2288 2599 Υῆς
2306 2529 2353 2562 ’⁸
2380 2527 2733 2598 νεκρώσασαν
2750 2570 2766 2596 ,
2810 2529 2905 2583 καὶ
2932 2528 3011 2600 τῷ
3043 2506 3265 2599 Χριστῷ
3309 2506 3662 2596 συνταφεῖσεν
3683 2527 3755 2585 ⁸⁷.

509 2616 809 2675 sullimenti
833 2615 983 2670 fumo
1009 2617 1188 2684 ipsam
1209 2614 1585 2684 compararint
1606 2631 1620 2667 :
1641 2612 1921 2684 myrrham
1938 2611 2085 2667 enim

2188 2621 2280 2674 καὶ
2327 2620 2691 2675 ὁλοκαύτωσιν
2740 2620 2938 2691 ἑαυτὴν
2993 2617 3073 2690 τῷ
3119 2617 3240 2689 Θεῷ
3290 2616 3756 2689 προσκομίσεσαν.

508 2710 707 2764 dicunt
733 2713 788 2763 et
822 2705 952 2761 thus
993 2720 1061 2759 ex
1106 2704 1388 2760 universis
1418 2703 1746 2774 pulveribus
1775 2708 2087 2771 unguenta-

508 2801 602 2857 rii.
631 2797 787 2854 Thus
817 2796 927 2853 Deo
955 2795 1126 2852 tribui
1157 2810 1224 2851 ex
1247 2794 1367 2865 lege
1401 2792 1641 2849 Mosaica
1684 2791 1847 2847 facile
1882 2790 2087 2847 intelli-

511 2890 659 2963 gitur
686 2909 701 2945 :
733 2889 959 2959 myrrha
1011 2894 1196 2942 autem
1244 2885 1588 2941 condiuntur
1620 2896 1855 2952 corpora
1884 2880 2083 2937 defun-

512 2990 752 3037 ctorum.
802 2979 911 3049 83
944 2976 1317 3045 Quamobrem
1346 2976 1441 3045 qui
1468 2988 1688 3044 sponsae
1714 2970 2086 3042 pulchritudi-

2184 2711 2505 2767 Διδάσκουσι
2544 2713 2601 2766 δὲ
2652 2713 2748 2767 καὶ
2795 2713 2932 2782 ποίῳ
2972 2709 3140 2782 αὐτὴν
3186 2710 3380 2780 καπνῷ
3421 2708 3760 2779 θυμιάματος

2185 2802 2491 2857 άπεὶκασαν
2517 2818 2531 2833 ⁸
2582 2802 2831 2873 σμύρναν
2883 2803 2992 2874 γάρ
3031 2818 3166 2872 φασι
3186 2801 3232 2832 ⁸⁸
3275 2801 3371 2855 καὶ
3404 2798 3610 2852 λίϐανον
3647 2796 3761 2851 ἀπὸ

2186 2895 2403 2949 πάντων
2453 2894 2747 2965 κονιορτῶν
2800 2893 3065 2964 μυρεψοῦ.
3112 2891 3279 2964 Δῆλον
3323 2891 3381 2945 δὲ
3422 2891 3505 2945 ὅτι
3549 2887 3763 2948 λίϐανος

2187 2984 2287 3055 μὲν
2326 2982 2446 3053 Θεῷ
2477 2981 2621 3037 κατὰ
2648 2982 2738 3035 τὸν
2780 2980 3075 3036 Μωσαῖκδν
3111 2979 3513 3050 ἀπονενέμηται
3555 2977 3710 3048 νόμον
3742 2992 3760 3006 ο

513 3085 638 3126 nem
679 3071 1069 3133 admirantur,
1121 3081 1243 3122 eam
1280 3065 1371 3121 his
1399 3062 1718 3122 nominibus
1744 3062 1865 3118 ideo
1895 3059 2084 3117 odoris

655 3163 687 3173 ._
736 3169 747 3173 -
843 3161 865 3173 -
1070 3167 1081 3173 _
1251 3165 1264 3173 ,
1338 3155 1483 3173 _,_.
1524 3170 1542 3173 μ
1846 3153 2076 3173 ,εμειω

2188 3075 2304 3147 ἡδὲ
2343 3075 2556 3148 σμύρνα
2589 3074 2797 3147 νεκρῶν
2826 3075 2944 3129 ὲστι
2984 3076 3252 3145 σωμάτων
3285 3074 3504 3144 ἀλοιφή.
3555 3069 3757 3143 Σημαὶ-

513 3163 791 3217 suavitate
840 3161 1177 3232 fragrantem
1217 3165 1271 3214 et
1292 3155 1486 3227 vapori
1519 3153 1811 3211 suffimenti
1842 3153 2081 3209 similem

2188 3188 2336 3226 νουσι
2364 3170 2544 3223 τοίνυν
2568 3169 2656 3223 διὰ
2684 3168 2893 3221 τούτων
2922 3166 3028 3221 τῶν
3061 3165 3337 3235 ὀνομάτων
3358 3166 3407 3218 οἱ
3427 3164 3525 3235 τῆς
3548 3163 3767 3232 νύμφης

512 3266 637 3311 esse
661 3243 929 3317 indicant,
961 3250 1093 3322 quia
1132 3256 1189 3305 et
1213 3248 1615 3304 humanitatem
1649 3254 1704 3301 et
1735 3245 2082 3300 divinitatem

513 3343 732 3408 adorat,
763 3341 1071 3412 sponsique
1103 3346 1221 3394 tum
1250 3345 1484 3394 mortem
1516 3336 1715 3403 credit,
1748 3344 1866 3391 tum
1893 3350 2085 3391 essen-

511 3436 648 3489 tiam
690 3432 1088 3503 sempiternam
1130 3429 1446 3485 conlltetur.
1484 3427 1677 3498 Itaque
1720 3443 1785 3482 ex
1812 3425 2086 3482 universis

512 3523 829 3593 pulveribus
879 3520 1235 3592 unguentarii
1273 3518 1550 3590 myrrham
1605 3517 1804 3588 ipsius,
1859 3524 1915 3571 et
1955 3514 2085 3568 thus

515 3615 766 3670 laudant.
810 3612 988 3667 Habet
1030 3612 1177 3667 enim
1222 3605 1362 3664 alias
1394 3604 1615 3681 quoque
1646 3609 1880 3663 virtutes
1910 3622 1975 3662 ex
2001 3606 2085 3661 di-

513 3706 641 3760 vina
676 3704 987 3773 Scriptura,
1006 3716 1101 3758 eas
1129 3710 1389 3770 tanquam
1418 3714 1483 3754 es
1513 3699 1835 3754 aromatarii
1867 3696 2083 3752 ollicina

514 3789 871 3866 depromens.
906 3793 1012 3848 Sed
1066 3793 1122 3847 in
1171 3804 1236 3848 ea
1286 3790 1507 3847 excellit
1540 3790 1759 3861 myrrha
1788 3799 1866 3865 _et
1925 3790 2080 3849 thus,

516 3888 622 3942 hoc
651 3894 757 3951 est,
795 3885 984 3955 sponsi
1035 3884 1341 3940 divinitatis
1374 3870 1851 3952 humanitatisque
1892 3880 2086 3952 cogni-

516 3980 616 4032 tio.
657 3977 736 4031 Λᾶ
779 3977 927 4031 hunc
960 3976 1179 4031 modum
1218 3989 1435 4046 sponsae
1471 3974 1941 4046 pulchritudinem
1990 3970 2087 4025 ad~

517 4073 722 4133 mirati,
755 4069 946 4138 sponsi
984 4070 1209 4126 divitias
1242 4069 1322 4123 illi
1352 4070 1637 4123 declarant
1660 4074 1715 4122 et
1742 4065 1934 4120 dicunt
1963 4082 1976 4118 ε

584 4358 753 4416 Vens.
790 4360 844 4425 7,
878 4358 931 4414 8.
993 4358 1074 4413 En
1135 4359 1359 4413 lectulus
1420 4355 1750 4417 Salomonis,
1807 4353 2086 4423 sexaginta

2188 3263 2248 3317 τὺ
2277 3261 2473 3329 κάλλος
2513 3260 2906 3331 θαυμάζοντες,
2951 3259 3033 3311 ὃτι
3064 3257 3153 3311 διὰ
3180 3256 3337 3310 τοῦτό
3364 3257 3510 3308 ἐστιν
3537 3253 3766 3323 εὐώδης,

2190 3356 2285 3410 καὶ
2328 3354 2488 3427 ἀτμῷ
2546 3353 2894 3425 θυμιάματος
2947 3349 3351 3421 ἀπεικασμένη,
3399 3347 3482 3401 ὅτι
3540 3346 3636 3400 καὶ
3669 3343 3768 3414 τὴν

2191 3445 2582 3518 ἀνθρωπότητα
2610 3443 2704 3496 καὶ
2726 3442 2772 3475 ³⁸
2816 3442 2913 3513 τὴν
2944 3440 3174 3510 θεότητα
3206 3437 3523 3509 προσκυνεῖ,
3568 3434 3665 3488 καὶ
3691 3431 3770 3504 τῷ

2191 3537 2404 3607 θανάτῳ
2425 3535 2779 3599 πιστεύουσα,
2807 3532 2903 3587 καὶ
2921 3533 3019 3614 τὴν
3043 3532 3151 3603 πρὸ
3172 3529 3279 3584 τῶν
3302 3527 3511 3583 αἰώνων
3535 3523 3769 3596 ὕπαρξιν

2188 3629 2456 3701 ὁμολογεῖ.
2510 3626 2643 3680 Ἀπὸ
2693 3626 2909 3679 πάντων
2962 3623 3140 3676 τοίνυν
3182 3622 3291 3675 τῶν
3337 3617 3630 3689 κονιορτῶν
3673 3614 3774 3669 τοῦ

2194 3716 2437 3791 μυρεψοῦ
2466 3716 2840 3787 θαυμάζουσιν
2887 3713 3060 3783 αὐτῆς
3111 3711 3208 3783 την
3239 3710 3507 3782 σμύρναν,
3556 3708 3649 3761 καὶ
3680 3706 3782 3759 τὸν

2189 3812 2428 3867 λίϐανον.
2465 3808 2618 3880 Ἔχει
2651 3808 2751 3879 μὲν
2779 3808 2888 3879 γὰρ
2934 3806 3029 3860 καὶ
3076 3803 3173 3867 τὰς
3218 3803 3386 3867 ἄλλας
3431 3799 3631 3872 ἀρετὰς
3659 3792 3784 3852 οἷον

2190 3905 2299 3958 ἀπό
2330 3918 2474 3965 τινος
2507 3899 2751 3972 μυρεψοῦ
2780 3899 2881 3969 τῆς
2906 3898 3055 3962 θείας
3090 3897 3315 3968 Γραφῆς
3345 3893 3548 3957 ταύτας
3582 3889 3782 3943 συλλὲ-

2191 4012 2363 4066 γουσα
2386 4006 2402 4023 ⁸
2450 3992 2704 4063 ἐξαίρετα
2744 3990 2800 4044 δὲ
2825 3990 2994 4061 αὐτῆς
3023 3992 3056 4060 ἡ
3088 3988 3301 4059 σμύρνα
3339 3986 3434 4039 καὶ
3475 3986 3504 4037 ὁ
3534 3983 3782 4046 λίσανος,

2192 4088 2470 4142 τουτέστιν
2506 4086 2540 4156 ἡ
2574 4084 2820 4152 θεολογία
2852 4099 2912 4134 τε
2956 4082 3050 4135 καὶ
3081 4078 3361 4150 οἰκονομία
3380 4078 3449 4131 ⁸⁸.
3485 4076 3640 4129 Οὕτω
3672 4073 3787 4142 τῆς

2194 4178 2411 4249 νύμφης
2437 4174 2499 4229 τὸ
2527 4173 2721 4237 κάλλος
2736 4170 3140 4243 θαυμάσαντες,
3169 4168 3479 4241 διηγοῦνται
3508 4168 3646 4237 αύτῇ
3675 4164 3784 4218 τοῦ

2192 4268 2425 4341 νυμφίου
2457 4267 2548 4322 τὸν
2574 4265 2824 4330 πλοῦτον,
2855 4264 2949 4318 καί
2984 4280 3170 4335 φασιν·

2264 4360 2417 4429 ζ’,η’.
2469 4356 2616 4411 Ἰδοὺ
2644 4357 2682 4424 ἠ
2724 4355 2903 4422 κλίνη
2932 4354 3041 4409 τοῦ
3075 4351 3355 4422 Σολομὼν
3374 4351 3441 4417 ⁶¹,
3474 4348 3785 4415 ἐξήκοντα

511 4463 746 4521 potentes
810 4454 864 4507 in
925 4453 1157 4507 circuitu
1210 4450 1369 4519 ejus,
1422 4461 1488 4500 ea:
1530 4445 1826 4515 potentibus
1887 4443 2084 4498 Israel.

2196 4447 2439 4503 δυνατοὶ
2487 4448 2691 4511 κύκλῳ
2747 4444 2969 4512 αὐτῆς,
3023 4443 3143 4500 ἀπὸ
3185 4440 3459 4499 δυνατῶν
3502 4438 3780 4509 Ἰσραήλ.

515 4563 693 4600 onmes
750 4554 983 4600 tenentes
1034 4543 1280 4615 gladios,
1331 4548 1382 4592 et
1432 4538 1502 4591 ad
1580 4536 1720 4591 bella
1768 4532 2085 4589 doctissimi.

521 4635 948 4707 Uniuscujusque
989 4636 1131 4690 ensis
1174 4645 1332 4699 super
1377 4627 1551 4697 femur
1576 4626 1712 4695 ejus,
1752 4640 1787 4679 a
1819 4624 2006 4677 timore
2036 4623 2090 4674 in

514 4729 778 4783 noctibus.
830 4728 1088 4798 Inprimis
1143 4718 1501 4793 quaerendum
1547 4724 1673 4781 est,
1711 4731 1811 4772 cur
1837 4712 2093 4769 Salomo-

513 4836 639 4875 ncm
675 4836 940 4892 sponsum
967 4811 1268 4889 appellent.
1302 4811 1530 4865 Salomo
1568 4808 1851 4878 paciﬁcum
1877 4810 2042 4861 sonat
2074 4821 2088 4856 :

513 4913 755 4984 idquein
788 4912 1250 4981 Paralipomenon
1280 4902 1446 4958 libris
1487 4902 1620 4955 licet
1650 4898 1920 4954 invenire.
1945 4895 2092 4949 Deus

511 5010 659 5064 enim
714 5006 943 5069 Davidi,
1018 5019 1147 5060 cum
1208 4998 1373 5054 vellet
1440 4995 1708 5064 templum
1765 4991 2089 5047 aediﬁcare:

519 5124 536 5153 ι
579 5102 746 5171 Ecce,
785 5101 988 5171 inquit,
1023 5098 1173 5152 illius
1219 5098 1483 5149 nascetur
1543 5088 1665 5143 tibi.
1714 5086 1816 5142 llic
1856 5085 1963 5142 erit
2010 5084 2094 5139 vir

581 5276 608 5315 «ι
654 5275 814 5327 Rom.
856 5290 929 5326 xu
958 5316 971 5333 .
1020 5273 1083 5336 l;
1128 5267 1696 5331 (·‹›ῐι.11ρι›ι’.χιιι,15.

2193 4540 2423 4605 Πάντες
2467 4535 2823 4605 κατέχοντες
2860 4536 3181 4606 ῥομφαίας,
3223 4531 3629 4601 δεδιδαγμένοι
3663 4530 3784 4583 πό-

2194 4633 2381 4698 λεμον
2403 4643 2417 4656 ·
2471 4626 2627 4695 ἀνὴρ
2661 4627 2929 4697 ῥομφαία
2955 4625 3140 4682 αὐτοῦ
3177 4625 3273 4680 ἐπὶ
3310 4625 3416 4678 τὸν
3450 4621 3647 4693 μηρὸν
3672 4622 3789 4674 αὐ-

2194 4720 2322 4784 τοῦ,
2353 4718 2469 4774 ἀπὸ
2500 4716 2760 4786 θάμϐους
2780 4717 2850 4771 ἐν
2869 4717 3067 4782 νυξίν.
3102 4717 3372 4787 Ζητητέον
3404 4715 3461 4768 δὲ
3496 4714 3601 4786 πρὸ
3636 4712 3789 4766 πάν-

2194 4828 2324 4872 των,
2374 4808 2427 4864 τί
2472 4809 2672 4882 δήποτε
2718 4808 3039 4881 Σολομῶντα
3087 4809 3178 4862 τὸν
3225 4808 3459 4875 νυμφίον
3507 4823 3791 4875 προσαγο-

2203 4902 2418 4976 ρεύουσι
2444 4919 2457 4932 ·
2487 4900 2568 4968 τὸ,
2601 4900 2874 4970 Σολομῶν,
2908 4902 3207 4971 εἰρηνικός
3261 4896 3732 4970 προσαγορεύεται
3763 4914 3781 4928 ο

2200 4994 2479 5048 καὶτοῦτο
2516 4994 2573 5045 ἐν
2627 4994 2747 5056 ταῖς
2791 4992 3297 5064 Παραλειπομέναις
3354 4990 3499 5042 ἔστιν
3552 4989 3736 5058 εὑρεῖν
3768 5005 3783 5018 ·

2201 5088 2334 5158 φησὶ
2354 5084 2460 5157 γὰρ
2486 5087 2513 5138 ὁ
2538 5083 2668 5147 Θεὸς
2699 5083 2833 5155 πρὸς
2857 5084 3184 5155 βουληθέντα
3212 5084 3303 5137 τὸν
3333 5081 3507 5137 Δαὸὶδ
3529 5081 3618 5134 τὸν
3642 5078 3788 5132 νεὼν

1765 5421 1993 5477 νΑιιυΕ
2033 5419 2437 5476 LECTIONES.

587 5521 730 5573 "tv.
769 5521 868 5574 cod
920 5535 1109 5587 praem.
1144 5519 1256 5572 καί.
1282 5518 1380 5590 μδὲ
1396 5518 1515 5590 cod.
1552 5518 1744 5590 στόμα.
1770 5517 1869 5590 __“
1904 5516 1972 5590 ol_
1997 5471 2571 5590 'I‘Zt'i5opﬁxov'ciéiles.
2604 5511 2656 5590 in
2689 5509 2812 5590 cod:
2890 5471 2935 5542 ’ξ’
2969 5509 3064 5590 καὶ
3087 5508 3455 5590 ὁῌξύμμαχος.
3497 5503 3781 5590 Βελιιιιίηε

518 5590 751 5645 lectione
777 5584 1013 5646 dubitari
1045 5598 1244 5657 potest.
1281 5588 1404 5643 Vid.
1437 5588 1628 5643 Montf.
1650 5584 1661 5590 ’
1682 5590 1734 5642 iu
1770 5586 1998 5655 Hexapl.
2031 5586 2111 5657 ad
2140 5584 2225 5640 li.’
2263 5585 2301 5657 l_.
2358 5584 2404 5617 "
2435 5584 2555 5657 τῇς.

1779 5657 1825 5689 ⁶⁰
1868 5654 2173 5724 οἰκονομία.

517 5657 566 5689 ⁵³
602 5658 725 5717 cod.
778 5661 933 5729 φησί.
974 5661 1054 5717 .⁵⁹
1088 5660 1201 5714 καί.
1253 5659 1421 5714 Abest
1469 5675 1498 5712 τι
1551 5660 1673 5715 cod.

519 5729 881 5789 Συλοιιῶντσς.
944 5731 1072 5787 Rec.
1131 5730 1295 5786 lectio
1338 5741 1414 5784 cst
1453 5729 1748 5796 Σαλιομὼν.

2614 5581 2736 5639 Des.
2794 5581 2847 5633 in
2907 5581 3033 5634 cod.
3129 5580 3172 5610 ⁵⁷
3214 5574 3777 5645 οὸύ.”συνᾳφθεῖσαν.

2275 5654 2336 5708 lu
2393 5642 2526 5708 cod.
2568 5650 2818 5721 sequitur
2849 5649 3010 5706 Psclli
3062 5648 3464 5718 interpretatio.
3536 5642 3775 5698 ""cod.
