4088 6422
274 341 366 408 121‘
1385 351 1466 410 IN
1506 353 1892 415 CANTICUM
1937 357 2226 418 CANTIC.
2255 359 2402 418 LIB.
2436 358 2517 418 II.

3472 353 3572 416 r22

268 447 610 520 οίκοδομῆσαι
635 465 654 482 ο
709 469 731 502 ι
773 451 917 506 Ἰδοὺ
957 455 1079 519 υίὸς
1109 457 1357 512 τίκτεταί
1395 477 1477 514 σοι
1501 479 1514 492 ⁸
1551 457 1704 526 οὗτος
1735 463 1889 518 ἔσται

1995 467 2221 535 quietis.
2262 475 2318 521 et
2363 465 2560 520 faciam
2612 474 2668 520 ιιι
2722 465 3034 535 requiescat
3069 465 3139 521 ab
3167 463 3422 520 omnibus
3463 466 3573 518 ini-

267 542 395 612 ἀνὴρ
419 541 827 609 ἀναπαύσεως,
863 547 966 600 καὶ
993 548 1305 604 ἀναπαύσω
1335 552 1501 606 αὑτὸν
1528 553 1637 606 ἀπὸ
1667 555 1887 609 πάντων

265 632 365 685 τῶν
409 631 623 703 ἐχθρῶν
680 634 868 689 αὐτοῦ
932 639 1230 707 κυκλόθεν,
1283 642 1367 695 ὅτι
1420 643 1672 714 Σολομὼν
1717 646 1886 715 ὖνομα

265 720 403 790 αὐτῷ
429 739 444 752 ·
495 723 591 776 καὶ
633 724 904 795 είρήνην,
941 729 1043 780 καὶ
1071 729 1307 799 ἡσυχίαν
1341 731 1497 786 δώσω
1539 734 1632 786 ἐπὶ
1673 735 1888 807 Ἰσραὴλ

265 816 317 864 ἐν
341 815 458 872 ταῖς
501 812 750 882 ἡμέραις
791 817 1002 872 αὐτοῦ.
1041 814 1215 882 Οὗτος
1238 822 1587 894 οίκοδομήσει
1633 821 1781 878 οἷκον
1808 825 1888 896 τῷ

264 902 478 972 ὀνόματί
524 920 652 973 μου,
706 906 815 958 καὶ
857 901 1027 970 οὗτος
1057 910 1214 964 ἔσται
1246 929 1337 982 μοι
1374 915 1454 976 είς
1485 915 1621 979 υἱὸν,
1653 917 1746 969 καὶ
1776 916 1888 985 ἐγὼ

265 995 447 1063 ἔσομαι
478 995 630 1065 αὑτῷ
669 998 760 1061 είς
818 1000 1088 1071 πατέρα,
1128 1004 1222 1056 καὶ
1267 1005 1544 1075 ἑτοιμάσω
1573 1007 1666 1061 τὸν
1701 1007 1888 1077 θρόνον

263 1085 354 1154 τῆς
373 1085 646 1155 βασιλείας
671 1087 858 1141 αὐτοῦ
875 1091 956 1168 ,ὲν
987 1091 1213 1163 Ἰσραὴλ
1233 1093 1338 1158 ἕως
1360 1094 1573 1160 αίῶνος.
1601 1115 1620 1148 ›
1649 1097 1888 1168 Εὔδηλον

267 1179 320 1231 δὲ
341 1179 416 1230 ὅτι
449 1177 714 1247 Σολομὼν
741 1181 1159 1252 τετελεύτηκεν
1184 1185 1308 1239 οὐδὲ
1334 1187 1500 1240 πολὺν
1528 1188 1731 1257 βιώσας
1760 1190 1888 1259 χρό-

269 1284 370 1332 νον,
399 1269 490 1320 καὶ
521 1268 609 1321 ὅτι
634 1271 666 1322 6
696 1268 912 1338 θρόνος
935 1273 1107 1327 αὐτοῦ
1140 1276 1296 1338 τέλος
1325 1276 1533 1331 ἔλαϐεν.
1566 1279 1887 1350 Σολομῶντα

269 1362 429 1415 τοίνυν
475 1364 911 1435 προσαγορεύει
978 1366 1072 1419 τὸν
1125 1369 1401 1439 είρηνικὸν
1452 1373 1484 1441 ή
1494 1371 1611 1441 μῶν
1659 1373 1884 1443 Κύριον,

271 1453 383 1522 περὶ
401 1446 458 1506 οὗ
481 1470 663 1522 φησιν
697 1455 729 1506 6
768 1456 1060 1525 μακάριος
1087 1457 1304 1522 Παῦλος
1329 1476 1342 1489 ·
1377 1459 1580 1524 «Αὐτὸς
1607 1460 1717 1531 γάρ
1739 1463 1886 1514 ἐστιν

272 1544 505 1614 ηεξρὴνη
539 1544 737 1614 ἡμῶν,
789 1547 819 1599 6
852 1549 1094 1617 ποιήσας
1136 1550 1205 1602 τὰ
1248 1551 1536 1622 ἀμφότερα
1583 1551 1660 1618 ἓν,
1704 1553 1886 1605 καὶτὸ

271 1635 571 1704 μεσὸτοιχον
597 1636 703 1689 τοῦ
733 1639 1013 1708 φραγμοῦ
1043 1639 1234 1704 λύσας.
1269 1659 1288 1692 ι
1321 1643 1412 1695 Διὸ
1440 1643 1531 1696 καὶ
1556 1644 1586 1695 6
1617 1644 1886 1715 μακάριος

268 1725 421 1777 Δαεὶδ
437 1727 540 1792 Ek
559 1725 955 1795 Σολομῶν-τα
988 1729 1089 1798 μὲν
1119 1729 1416 1801 ἐπιγράφει
1432 1732 1522 1784 τὸν
1543 1733 1624 1786 οα¹
1649 1732 1882 1802 ψαλμὸν,

1996 557 2156 613 micis
2179 559 2298 614 suis
2325 574 2420 627 per
2444 558 2769 622 circuitum,
2796 558 2926 628 quia
2961 557 3184 612 Salomo
3211 571 3410 612 nomen
3427 556 3571 626 ejus.

1994 647 2060 702 Et
2091 663 2282 719 pacem
2315 656 2368 704 et
2403 649 2576 703 otium
2614 648 2759 704 dabo
2793 649 2847 702 in
2893 649 3096 705 lsraele
3131 648 3348 704 cunctis
3374 646 3573 704 diebus

1993 739 2137 809 ejus.
2171 738 2293 809 lpse
2323 740 2620 795 aediﬁcabit
2663 739 2890 794 domum
2933 740 3146 794 nomini
3177 755 3320 794 meo.
3357 739 3423 794 Et
3457 742 3578 808 ipse

1993 834 2100 887 erit
2129 831 2262 886 mihi
2312 848 2411 901 pro
2437 831 2550 886 lilio
2602 851 2617 887 :
2652 840 2708 886 et
2750 846 2854 902 ego
2892 847 2992 886 ero
3030 832 3109 885 illi
3156 841 3342 902 pater;
3381 831 3574 886 ﬁrma-

1993 925 2173 994 boque
2212 924 2414 980 solium
2467 925 2620 994 regni
2667 925 2789 993 ejus
2834 940 3002 994 super
3057 923 3260 979 Israele
3315 926 3370 978 in
3416 933 3577 979 teter-

1994 1031 2124 1068 num
2165 1024 2212 1068 ε.
2244 1032 2264 1066 ι
2309 1013 2545 1068 Constat
2590 1023 2795 1078 autem,
2843 1012 3222 1080 Salomonem,
3271 1027 3396 1068 cum
3428 1013 3575 1068 haud

1994 1104 2107 1177 84
2157 1107 2235 1159 ita
2291 1105 2384 1160 diu
2431 1105 2696 1171 vixisset,
2733 1113 3015 1160 mortuum
3071 1121 3217 1169 esse,
3262 1115 3318 1159 et
3371 1105 3572 1159 solium

1995 1199 2149 1270 regni
2176 1199 2298 1266 ejus
2335 1198 2598 1254 habuisse
2633 1197 2817 1252 linem.
2869 1199 3056 1264 Quare
3086 1198 3444 1252 Salomonem
3476 1213 3577 1251 v0-

1994 1300 2082 1345 cat
2112 1291 2408 1362 paciﬁcum
2455 1289 2747 1345 Dominum
2789 1300 3042 1345 nostrum
3073 1330 3089 1355 ,
3135 1290 3204 1345 de
3234 1305 3347 1359 quo
3378 1290 3576 1372 beatus

1993 1380 2201 1436 Paulus
2235 1401 2248 1437 :
2299 1400 2318 1433 ι
2357 1382 2481 1452 Ipse
2507 1382 2657 1437 enim
2689 1389 2796 1448 est,
2836 1382 3040 1452 inquit,
3073 1397 3181 1452 pax
3229 1375 3575 1450 nostra.‘qui

1993 1469 2123 1524 fecit
2153 1478 2391 1538 utraque
2427 1479 2641 1526 unum:
2687 1479 2742 1526 et
2777 1471 3019 1527 medium
3071 1471 3342 1541 parietem
3393 1485 3577 1524 macc-

1992 1561 2089 1616 riae
2115 1561 2280 1615 solvit
2311 1559 2359 1615 ί.
2399 1580 2417 1614 ι
2458 1562 2739 1629 Quocirca
2772 1564 2970 1619 beatus
3003 1565 3172 1618 etiam
3221 1561 3394 1616 David
3427 1562 3579 1632 psal-

1994 1669 2140 1707 mum
2173 1655 2641 1724 septuagesimum
2693 1655 2929 1724 primum
2993 1652 3060 1708 In
3118 1653 3456 1708 Salomonem
3493 1655 3578 1707 in-

1993 1744 2213 1808 scribit,
2261 1756 2428 1816 atque
2465 1746 2520 1800 in
2552 1762 2618 1802 eo
2650 1747 2869 1815 psalmo
2901 1761 2992 1802 res
3019 1747 3295 1816 praeclare
3336 1755 3518 1815 gestas
3545 1759 3577 1796 a

275 1815 401 1870 τάδε
428 1815 526 1868 τοῦ
562 1817 844 1887 Σωτῆρος
891 1821 926 1886 η
939 1819 1057 1887 μῶν
1088 1822 1146 1872 ὲν
1187 1821 1338 1892 αὐτῷ
1376 1823 1644 1893 διηγεῖται
1685 1841 1884 1896 κατορ-

1993 1836 2280 1894 Salvatore
2334 1815 2528 1896 nostro
2592 1847 2839 1894 enarrat.
2881 1858 2901 1891 ι
2931 1815 3218 1893 Judicabit
3268 1839 3440 1900 enim,
3488 1836 3578 1891 in-

272 1909 500 1977 θὼματα.
546 1910 798 1980 ιΚρινεῖ
815 1909 955 1980 γὰρ,
982 1911 1141 1981 φησὶ,
1172 1911 1297 1976 τοὺς
1327 1915 1574 1984 πτωχοὺς
1605 1914 1699 1968 τοῦ
1728 1915 1882 1982 λαοῦ,

275 2000 364 2050 καὶ
386 1998 546 2052 σώσει
575 2003 716 2062 τοὺς
748 2002 916 2066 υἱοὺς
950 2003 1062 2055 τῶν
1114 2007 1384 2074 πενήτων,
1431 2007 1526 2066 καὶ
1555 2007 1884 2061 ταπεινώσει

277 2093 605 2161 συκοφάντην
635 2109 650 2120 ⁸
715 2095 824 2148 καὶ
861 2100 1298 2166 συμπαραμενεῖ
1333 2098 1408 2167 τῷ
1439 2099 1593 2170 ἡλίῳ,
1640 2101 1735 2152 καὶ
1777 2100 1886 2169 πρὸ

284 2182 368 2250 τῆς
411 2183 647 2255 σελήνης
673 2186 889 2254 γενεάς
911 2186 958 2217 ⁶¹
993 2187 1220 2255 γενεῶν.
1264 2207 1283 2241 ι
1334 2187 1473 2242 Οὔτε
1523 2190 1581 2242 δὲ
1627 2190 1706 2261 τῷ
1749 2191 1886 2262 ἡλίῳ

288 2277 836 2348 συμπαραμεμένηκε
886 2279 1168 2350 Σολομὼν,
1219 2279 1342 2334 οὔτε
1386 2283 1620 2353 πρὸτῆς
1656 2283 1885 2356 σελήνης

293 2369 515 2434 vuig“
536 2370 777 2437 γενεῶν.
825 2369 998 2424 Ἀλλὰ
1031 2371 1208 2426 ταῦτα
1238 2374 1500 2444 ἁρμόττει
1530 2374 1610 2445 τῷ
1643 2377 1706 2428 ὲκ
1737 2374 1889 2428 Σολο-

304 2459 490 2530 μῦικος
511 2458 900 2531 μισ-δήσαντι
951 2463 1132 2532 Ἰησοῦ
1164 2464 1388 2536 Χριστῷ
1422 2464 1565 2518 κατὰ
1588 2465 1647 2518 τὸ
1677 2465 1889 2538 ἀνθρώ-

303 2569 479 2607 πινιπ·
528 2554 590 2618 ὃς
625 2555 740 2626 πρὸ
763 2553 890 2608 τῶν
938 2554 1155 2608 αἰώνων
1189 2557 1482 2628 ὑπάρχων,
1518 2577 1538 2609 ι
1565 2557 1787 2628 Κατέση
1812 2560 1888 2624 ὡς

299 2644 436 2707 ὑετὸς
466 2645 552 2698 ἐπὶ
583 2645 786 2710 πόκον,
835 2646 940 2700 καὶ
983 2646 1122 2699 ὡσεὶ
1166 2646 1380 2716 σταγὼν
1412 2650 1445 2719 ἡ
1487 2648 1760 2714 στάζουσα
1792 2652 1888 2704 ἐπὶ

403 2733 517 2802 γῆν.
557 2755 578 2786 ι
635 2735 830 2788 Πόκον
877 2735 941 2788 δὲ
978 2735 1218 2790 ἐνταῦθα
1263 2737 1362 2806 τὴν
1404 2739 1679 2808 Παρθένον
1717 2759 1883 2813 προσο

283 2823 549 2893 ητόρευσε.
583 2826 882 2896 Καθάπερ
907 2825 957 2857 ⁸⁸
983 2825 1097 2897 γὰρ
1129 2827 1286 2890 ὑετὸς
1319 2829 1409 2881 ἐπὶ
1441 2829 1607 2883 πόκον
1648 2830 1888 2903 ἀψοφητὶ

279 2914 542 2981 κάτεισιν,
599 2916 792 2981 οὕτως
827 2920 858 2970 6
897 2921 1176 2989 σωτήριος
1217 2921 1424 2983 ἐκεῖνος
1465 2921 1623 2984 τόκος
1669 2923 1889 2976 πάντων

276 3006 570 3076 ἀνθράκων
613 3009 980 3076 ἀγνοούντων
1029 3010 1270 3078 ἐγένετο.
1321 3011 1545 3077 Τούτοις
1588 3013 1840 3087 ἐπιφέρει
1871 3028 1884 3043 °

277 3117 295 3147 ι
333 3099 606 3154 ’Δνατελεῖ
640 3103 704 3156 ὲν
735 3105 867 3165 ταῖς
906 3102 1152 3172 ἡμέραις
1198 3103 1365 3156 αὐτοῦ
1409 3104 1745 3176 δικαιοσύνη,
1793 3107 1890 3160 καὶ

270 3192 467 3261 πλῆθος
507 3195 746 3265 εἰρήνης
773 3211 790 3228 ο
843 3196 954 3258 ἕως
985 3190 1049 3249 οὗ
1079 3197 1125 3228 ⁸⁸
1171 3197 1533 3270 ἀνταναιρεθῇ
1582 3200 1616 3269 ἡ
1665 3200 1884 3270 σελήνη.
1916 3185 1960 3241 C

269 3284 378 3336 Kal.
403 3287 855 3357 κατακυριεύσει
883 3287 1001 3340 ἀπὸ
1031 3287 1311 3359 θαλάσσης
1342 3290 1447 3354 ἓως
1474 3291 1771 3362 θαλάσσης,
1795 3291 1890 3346 καὶ

267 3377 374 3430 ἀπὸ
407 3380 678 3450 ποταμῶν
723 3381 841 3443 ἕως
874 3382 1138 3451 περάτων
1180 3381 1284 3451 τῆς
1326 3384 1678 3453 οἰκουμένης,
1723 3401 1743 3434 ι
1793 3385 1891 3438 καὶ

267 3470 332 3521 τά
360 3471 495 3541 ἑξῆς
529 3473 761 3525 ᾶπαντα
791 3472 898 3541 τῆς
923 3473 1101 3543 αὐτῆς
1126 3473 1364 3538 διανοίας
1397 3475 1652 3545 ὲχόμενα“
1685 3476 1748 3528 οὐ
1781 3474 1890 3546 γάρ

268 3560 362 3614 νῦν
423 3564 615 3633 καιρὸς
661 3566 762 3618 τὸν
807 3564 1036 3636 ψαλμὸν
1084 3567 1430 3640 ἑρμηνεύειν.
1481 3568 1626 3632 Ἕως
1675 3567 1733 3620 δὲ
1778 3566 1890 3621 τῶν

269 3655 528 3724 περάτων
552 3656 658 3725 τῆς
691 3659 1036 3729 οἰκουμένης
1065 3661 1164 3730 οὐχ
1199 3663 1228 3714 6
1258 3660 1509 3730 Σολομὼν
1541 3662 1887 3732 ἐκυρίευσεν,

267 3747 389 3797 ἀλλ’
413 3749 440 3798 6
463 3749 526 3800 ὲκ
549 3749 916 3819 Σολομῶντος
946 3750 1260 3822 βλαστήσας
1292 3753 1434 3805 κατᾶ
1463 3753 1522 3806 τὸ
1550 3753 1890 3824 ἀνθρώπειον

280 3837 494 3906 Ἰησοῦς
521 3841 786 3910 Χριστὸς,
813 3843 914 3895 καὶ
949 3841 1205 3912 Σολομὼν
1239 3845 1782 3916 προσαγορευόμενος
1803 3844 1891 3897 διὰ

267 3929 326 3979 το
378 3931 659 4000 εἰρηνικὸν
705 3934 806 3986 καὶ
854 3937 1072 4005 πρᾶον,
1126 3937 1223 3989 καὶ
1269 3937 1493 4008 είρήνης
1527 3937 1887 4008 παρεκτικόν.

278 4017 512 4090 Ἐπειδὴ
562 4022 753 4074 τοίνυν
800 4023 888 4087 τίς
923 4025 950 4076 6
983 4023 1240 4093 Σολομὼν
1281 4025 1704 4096 μεμαθήκαμεν,
1756 4026 1890 4096 φέρε

273 4114 372 4182 τῆς
415 4114 720 4184 ἑρμηνείας
767 4114 1060 4186 ἁψώμεθα.
1103 4137 1123 4169 ι
1159 4117 1288 4171 Ἰδοὺ
1330 4119 1364 4188 ἡ
1413 4118 1566 4190 κλίνη
1601 4119 1696 4172 τοῦ
1732 4118 1892 4172 Σολο-

1991 1931 2132 2000 quit,
2175 1947 2448 2001 pauperes
2479 1933 2703 2002 populi,
2742 1940 2799 1987 et
2836 1932 3026 1987 salvos
3054 1928 3221 1985 faciet
3253 1929 3396 1982 tilios
3435 1941 3575 1996 pau-

1992 2038 2212 2093 perum,
2273 2030 2328 2078 et
2372 2024 2690 2078 humiliabit
2737 2023 3220 2078 calumniatorem.
3255 2020 3324 2074 Et
3358 2031 3578 2088 perma-

1993 2114 2146 2169 nebit
2177 2129 2301 2168 cum
2345 2115 2485 2180 sole,
2535 2125 2590 2170 et
2625 2125 2751 2169 ante
2783 2115 2970 2169 lunam
2994 2157 3009 2180 ,
3061 2127 3163 2184 per
3189 2111 3577 2182 generationes

1993 2207 2414 2275 generationum
2464 2209 2510 2259 Β.
2549 2224 2567 2258 ι
2602 2207 2769 2276 Atqui
2809 2205 3035 2260 Salomo
3077 2219 3256 2274 neque
3301 2217 3427 2256 cum
3460 2201 3579 2257 sole

1995 2299 2328 2366 permansit,
2361 2313 2542 2367 neque
2575 2297 2680 2352 fuit
2709 2305 2841 2352 ante
2891 2298 3081 2350 lunam
3130 2311 3229 2365 per
3263 2294 3580 2364 generatio-
3634 2319 3643 2329 -

1995 2401 2094 2441 nes
2129 2386 2570 2457 generationnm.
2605 2385 2714 2441 Sed
2758 2387 2876 2441 haec
2919 2384 3050 2440 Jesu
3107 2385 3334 2439 Christo
3375 2398 3580 2437 conve-

1994 2482 2178 2545 niunt,
2227 2482 2323 2551 qui
2365 2495 2491 2535 cum
2539 2481 2612 2535 sit
2655 2491 2783 2536 ante
2831 2481 3072 2548 saecula,
3130 2495 3195 2535 ex
3255 2476 3578 2540 Salomone.

1994 2581 2264 2644 quantum
2305 2574 2372 2628 ad
2407 2573 2811 2627 humanitatem
2844 2573 3119 2643 pertinet,
3166 2570 3435 2639 originem
3472 2569 3580 2624 duo

1994 2681 2149 2730 cens,
2189 2683 2208 2716 ι
2247 2663 2547 2720 Descendit
2579 2663 2729 2719 sicut
2761 2664 2948 2736 pluvia
2980 2664 3037 2716 in
3086 2662 3292 2722 vellus.
3332 2669 3387 2716 et
3431 2660 3579 2715 sicut

1995 2762 2149 2817 stilla
2197 2761 2415 2817 stillans
2446 2775 2616 2829 super
2668 2769 2873 2814 terram
2909 2760 2960 2811 ιι.
2995 2777 3014 2811 ι
3052 2757 3242 2813 Vellus
3269 2757 3360 2811 hic
3395 2757 3581 2826 Virgi-

1994 2869 2120 2908 nem
2163 2851 2495 2907 nominavit.
2548 2850 3025 2918 Quemadmodum
3080 2851 3227 2905 enim
3283 2849 3468 2919 pluvia
3522 2848 3578 2902 in

1994 2945 2172 3001 vellus
2213 2944 2336 3000 sine
2388 2945 2625 3013 strepitu
2676 2943 2970 2998 descendit
3017 2962 3032 2998 :
3084 2943 3158 2996 ita
3189 2941 3454 2997 salutaris
3489 2941 3581 2995 ille

1995 3047 2189 3107 partus
2235 3035 2497 3091 omnibus
2528 3034 2854 3089 hominibus
2891 3035 3282 3104 ignorantibus
3315 3033 3578 3099 contigit.

1999 3125 2205 3181 Deinde
2238 3125 2465 3193 subjicit
2493 3141 2509 3180 :
2556 3143 2574 3176 ι
2609 3123 2836 3180 Orietur
2861 3125 2914 3178 in
2945 3125 3141 3180 diebus
3183 3125 3309 3193 ejus
3334 3124 3578 3191 iustitia,

1994 3226 2048 3274 et
2078 3217 2423 3274 abundantia
2455 3217 2630 3286 pacis,
2667 3215 2846 3271 donec
2876 3216 3165 3270 auferatur
3201 3215 3355 3268 luna.
3399 3213 3462 3266 Et
3489 3214 3581 3269 do-

1993 3311 2351 3365 minabitura
2381 3311 2520 3363 mari
2548 3325 2726 3379 usque
2749 3309 2817 3363 ad
2857 3323 3012 3362 mare
3048 3327 3061 3362 :
3096 3317 3151 3362 et
3183 3323 3211 3360 a
3253 3305 3579 3359 ﬂuminibus

1994 3415 2176 3470 usque
2221 3399 2290 3454 ad
2341 3400 2617 3454 terminos
2665 3399 2818 3453 orbis
2872 3407 3147 3452 terrarum
3191 3398 3235 3448 i.
3285 3415 3306 3448 ι
3355 3394 3422 3447 Et
3456 3409 3582 3463 qua:

1994 3500 2312 3562 sequuntur
2382 3490 2574 3546 omnia
2631 3489 2880 3544 eamdem
2937 3488 3141 3542 habent
3195 3487 3578 3549 sententiam,

1993 3599 2174 3655 neque
2219 3583 2368 3640 enim
2419 3589 2586 3637 vacat
2633 3582 2690 3636 in
2745 3580 3044 3651 praesentia
3093 3579 3365 3648 psalmum
3401 3579 3580 3631 inter-

1990 3675 2223 3745 pretari.
2274 3673 2501 3729 Salomo
2553 3671 2776 3742 quidem
2810 3687 2990 3741 usque
3027 3670 3092 3724 ad
3122 3669 3397 3725 terminos
3427 3667 3582 3722 orbis

1992 3758 2267 3821 terrarum
2301 3765 2530 3820 minime
2573 3764 2895 3820 dominatus
2947 3769 3052 3827 est,
3097 3761 3191 3816 sed
3233 3759 3329 3828 qui
3361 3774 3427 3811 ex
3475 3757 3582 3811 Sa-

1991 3856 2213 3912 lomone
2245 3854 2697 3925 duxitoriginem
2730 3852 3096 3908 humanitatis
3115 3849 3280 3906 Iesus
3301 3847 3580 3910 Christus,

1991 3955 2048 4004 et
2081 3948 2307 4004 Salomo
2336 3949 2680 4012 nominatur,
2703 3948 2834 4016 quia
2866 3945 3138 4016 paciﬁcus
3171 3951 3227 3996 et
3257 3949 3584 3996 mansuetus

1991 4040 2119 4106 fuit,
2153 4049 2208 4094 et
2247 4054 2440 4110 pacem
2486 4038 2889 4110 suppeditavit.
2925 4037 3035 4107 85
3071 4035 3375 4104 Postquam
3424 4047 3581 4097 vero,

1990 4134 2118 4203 quis
2144 4134 2216 4188 sit
2247 4132 2473 4187 Salomo
2507 4133 2840 4196 didicimus,
2868 4131 2935 4183 ad
2967 4124 3450 4197 interpretandum
3481 4138 3586 4180 nos

279 4204 421 4273 μὼν.
455 4224 474 4255 ι
544 4206 762 4276 κλίνην
808 4208 906 4260 τοῦ
960 4209 1197 4279 νυμφίου
1243 4209 1345 4274 τὰς
1401 4210 1554 4274 θείας
1605 4211 1889 4282 νοήσωμεν

1994 4225 2379 4292 accingamus.
2434 4243 2454 4276 ι
2508 4223 2651 4278 Ecce
2711 4223 2952 4276 lectulus
3018 4220 3355 4274 Salomonis.
3416 4236 3435 4268 ι
3483 4216 3586 4270 Per

277 4296 527 4365 Γραφάς.
581 4295 679 4350 Ἐν
709 4298 955 4361 ἐκείναις
983 4299 1096 4370 γὰρ
1121 4301 1286 4354 οίονε)⁵
1316 4301 1818 4373 συνανακλινομένη

1994 4314 2182 4382 sponsi
2233 4314 2504 4368 lectulum
2548 4315 2774 4368 divinas
2822 4311 3202 4381 intelligamus
3234 4308 3583 4376 Scripturas.

279 4387 471 4455 νύμφη
491 4383 575 4456 τῷ
605 4388 857 4457 νυμφίῳ,
885 4389 981 4442 καὶ
1009 4391 1080 4444 τά
1099 4391 1199 4461 τῆς
1223 4390 1574 4455 διδασκαλίας
1600 4393 1889 4463 σπέρματα

1993 4406 2050 4460 1η
2083 4405 2194 4459 illis
2223 4405 2372 4459 enim
2429 4407 2603 4462 veluti
2657 4405 2824 4460 cubat
2859 4417 3064 4473 sponsa
3105 4416 3229 4456 cum
3269 4413 3500 4466 sponso,
3530 4405 3587 4451 et

279 4478 576 4549 δεχομένη,
630 4479 1028 4550 συλλαμϐάνει,
1078 4485 1176 4538 καὶ
1209 4483 1354 4550 κύει,
1403 4484 1498 4538 καὶ
1545 4485 1743 4550 ὠδίνει,
1797 4487 1889 4539 καὶ

1993 4495 2271 4551 doctrina:
2308 4496 2524 4550 semina
2563 4496 2906 4565 suscipiens,
2957 4492 3223 4562 concipit,
3263 4497 3433 4559 atque
3465 4496 3586 4542 ute-

281 4569 458 4622 τίκτει
483 4568 587 4639 τὴν
617 4571 1003 4644 πνευματικὴν
1031 4574 1325 4658 ὠφέλειαν,
1360 4575 1437 4640 ὼς
1464 4576 1593 4647 βοᾷν
1630 4579 1769 4648 μετὰ
1796 4578 1889 4632 τοῦ

1999 4602 2122 4640 rum
2154 4587 2319 4656 gerit.
2353 4597 2409 4642 et
2447 4587 2719 4656 parturit,
2755 4585 3017 4656 paritque
3057 4583 3402 4652 spiritualem
3438 4580 3589 4634 utili-

283 4663 570 4731 προφητου
596 4677 611 4690 ⁶
651 4681 672 4713 ι
704 4665 805 4716 Διὰ
833 4663 925 4717 τὸν
957 4665 1122 4732 φόσον
1135 4667 1180 4698 ⁶⁶
1211 4685 1328 4732 σου,
1375 4668 1570 4738 Κύριε,
1603 4671 1660 4721 ιν
1692 4670 1889 4739 γαστρὶ

1997 4685 2188 4742 tatem,
2245 4679 2320 4733 ita
2375 4687 2436 4732 ut
2482 4679 2684 4733 clamet
2734 4692 2862 4732 cum
2923 4677 3193 4746 propheta
3233 4693 3246 4730 :
3289 4693 3308 4726 ι
3349 4671 3588 4742 Propter

286 4753 579 4822 ἱλασομεν,
625 4755 727 4808 καὶ
773 4755 1143 4828 ὼδινήσαμεν,
1197 4761 1290 4813 καὶ
1337 4761 1600 4832 ὲτέκομεν
1625 4779 1639 4794 ·
1677 4761 1889 4834 πνεῦμα

1997 4770 2254 4824 timorem
2280 4777 2462 4834 tuum,
2490 4772 2743 4833 Domine,
2779 4770 2834 4823 in
2882 4777 3078 4823 ventre
3106 4766 3494 4834 concepimus.
3526 4771 3585 4817 et

291 4848 566 4916 σωτηρίας
630 4864 730 4901 σου
783 4849 1122 4922 ἐποιήσαμεν
1184 4851 1280 4905 ἐπὶ
1335 4853 1437 4922 τῆς
1486 4855 1593 4923 γῆς
1621 4853 1689 4910 ⁸⁷.
1738 4873 1788 4905 ι.
1825 4883 1889 4895 -

2001 4861 2428 4931 parturivimus,
2452 4869 2508 4915 et
2547 4861 2903 4930 peperimus:
2935 4859 3194 4928 spiritum
3231 4856 3432 4911 salutis
3473 4864 3585 4908 tua!

296 4956 314 4986 ι
353 4938 678 5009 Ἑξήκοντα,
708 4943 870 5010 φησι,
902 4942 1120 4996 δυνατοὶ
1149 4944 1336 5015 κύκλῳ
1370 4946 1561 5014 αὐτῆς,
1594 4947 1701 5000 ἀπὸ
1729 4946 1889 5000 δυνα-

2004 4950 2244 5007 fecimus
2275 4967 2445 5022 super
2483 4960 2694 5006 terram
2729 4951 2776 5005 l.
2809 4969 2827 5002 ι
2868 4979 2939 4991 -
2975 4968 2993 5000 ι
3031 4947 3356 5016 Sexaginta,
3383 4944 3585 5008 inquit,

288 5029 394 5080 τῶν
450 5033 698 5101 Ἰσραήλ.
764 5033 976 5098 Πάντες
1022 5038 1352 5108 κατέχοντες
1401 5038 1699 5108 ῥομφαίας,
1750 5039 1886 5092 δεδι-

1997 5051 2262 5113 potentes
2320 5045 2377 5099 in
2433 5045 2673 5101 circuitu
2727 5044 2855 5113 ejus
2899 5057 2966 5096 ex
3019 5037 3343 5110 potentibus
3397 5035 3585 5092 Israel.

289 5121 543 5191 δαγμένοι
601 5124 888 5195 πόλεμον
949 5127 1090 5198 ἀνὴρ
1130 5130 1376 5199 ῥομφαία
1431 5129 1598 5183 αὐτοῦ
1659 5131 1750 5184 ἐπὶ
1796 5131 1889 5184 τὸν

1997 5132 2204 5191 Omnes
2256 5142 2509 5192 tenentes
2561 5135 2814 5207 gladios,
2874 5143 2929 5188 et
2959 5131 3026 5188 ad
3059 5131 3203 5187 bella
3247 5128 3586 5186 doctissimi.

361 5310 423 5364 ει
450 5310 642 5365 Paral.
668 5312 887 5376 ηιμ),
915 5311 999 5366 l0.
1079 5312 1099 5352 ί
1128 5311 1329 5382 Eplies.
1376 5333 1435 5379 ιι,
1489 5317 1576 5371 Η.
1654 5329 1678 5365 ε
1716 5318 1862 5374 Psal.

1993 5320 2113 5388 ιι,
2145 5321 2198 5377 5.
2279 5322 2308 5362 h
2337 5320 2478 5376 ibid.
2514 5321 2567 5375 6.
2655 5322 2669 5362 ί
2706 5319 2844 5375 Ibid.
2870 5319 2921 5386 7,
2949 5319 3002 5375 8.
3102 5317 3116 5369 i
3160 5318 3264 5375 lsa.
3305 5339 3453 5384 xxvi,
3498 5320 3586 5373 18.

1574 5460 1812 5516 VARIA‘J
1839 5461 2251 5520 LECTIONES.

360 5570 402 5644 ξ’
437 5569 660 5644 γενεάς.
693 5565 939 5644 _Supra_,_
969 5568 1194 5635 γενεᾶς,
1234 5574 1273 5621 t.
1309 5567 1350 5630 l,
1380 5585 1433 5644 [ι.
1467 5572 1621 5624 lltli.
1704 5572 1748 5604 ⁸³
1786 5575 1908 5628 cod.
1951 5575 2168 5642 γενεᾶς,
2198 5575 2484 5644 praemisso
2517 5573 2655 5627 ὲστί.
2689 5572 2780 5644 ,⁸³
2818 5570 3075 5644 καθάπερ
3101 5589 3155 5644 κ,
3189 5569 3317 5644 τηλ.
3382 5565 3584 5644 Eam-lg

299 5639 410 5719 nde
446 5631 485 5694 i.
521 5631 658 5719 t,_p._
686 5631 848 5719 {to}.
877 5631 1018 5691 Hinc
1075 5631 1655 5719 patetfntndemesse
1692 5631 1979 5719 utriusque
2003 5631 2141 5719 libri
2156 5631 2506 5715 scriptorem.
2659 5636 2742 5697 οὗ.
2774 5643 2946 5719 A_bes_t
2987 5657 3015 5695 a
3045 5631 3177 5719 'cod.
3335 5637 3473 5719 cui;
3489 5633 3584 5719 τεῦ

641 5703 1170 5850 ῗτῖκοῐνμεζθῖεῖἧῐῖ.
1197 5707 1370 5832 iiii?
1403 5712 1687 5767 "reuma"
1719 5729 1779 5769 τις
1810 5703 2216 5770 (Ῐὶέιίηείίοιιειιι
2245 5703 2467 5771 δέοιιιιιδ
2489 5722 2571 5770 est
2592 5713 2789 5770 Noster
2815 5712 2868 5768 in
2895 5706 3320 5766 Commentariis
3344 5704 3410 5759 ad
3434 5703 3586 5760 PSul—

337 5815 347 5829 '
391 5821 431 5832 ’·
473 5823 496 5835 ι
603 5821 615 5834 ο
675 5823 689 5835 ο
749 5821 762 5845 ν
833 5824 846 5837 ι
959 5812 970 5821 ι
1152 5815 1167 5829 .
1240 5815 1279 5829 -.
1346 5821 1354 5833 ,
2113 5834 2124 5842 .

337 5812 431 5834 ουδ-
461 5812 615 5836 ἰυιιιο
647 5812 689 5835 ι.
723 5812 762 5845 I,
794 5812 846 5845 ιι,
896 5812 990 5832 ιυίν
1020 5812 1076 5832 ιι
1116 5812 1167 5845 ιη
1203 5812 1217 5829 ι
1240 5812 1354 5833 -υᾶιι
