4088 6412
534 328 638 393 123

1552 331 2041 392 THEODORETI
2066 330 2406 392 EPISCOPI
2435 330 2799 392 CYRENSIS

3696 331 3796 396 124

535 435 991 506 Uniuscujusque
1020 436 1174 493 ensis
1201 451 1369 508 super
1404 435 1583 493 femur
1601 440 1746 511 ejus.
1771 455 1800 493 a
1826 439 2025 496 timore
2051 441 2104 494 in

2231 441 2386 511 ιηρδν
2422 438 2607 502 αὑτοῦ,
2641 439 2750 493 ἀπὸ
2775 437 3018 508 θάμϐους
3047 437 3104 491 ιν
3136 436 3303 502 νυξίν.
3343 455 3361 487 ι
3402 437 3507 492 Τὸν
3534 437 3798 512 ἑξήκοντα

536 529 818 587 noctibus.
859 547 879 581 ι
927 528 1224 602 Sexaginta
1289 543 1582 584 numerum
1617 531 1708 585 hic
1739 530 1978 602 positum
2002 531 2121 586 exi-

538 623 733 688 stimo,
771 636 882 676 uon
918 629 981 675 ut
1021 621 1166 675 hanc
1207 621 1480 690 exprimat
1509 622 1904 690 quantitatem,
1939 622 2033 678 sed
2062 631 2121 677 ut

537 715 749 769 indicet
776 713 923 767 viros
954 715 1008 767 in
1047 710 1228 766 Veteri
1259 713 1618 768 Testamento
1647 716 1948 769 sanctitate
1975 730 2120 785 prae-

537 811 774 858 stantes.
836 794 1350 855 Numerum'enim
1432 801 1728 856 denarium
1813 803 2118 874 perfectum

537 907 666 949 esse
696 892 1043 946 contendunt
1069 909 1082 944 :
1115 891 1398 945 senarium
1429 902 1616 947 autem
1668 893 1780 950 illis
1809 909 2122 964 congruere

536 983 633 1053 qui
687 989 848 1036 erant
895 981 999 1034 sub
1035 980 1172 1052 lege.
1224 999 1243 1032 ι
1297 981 1405 1037 Sex
1435 984 1608 1046 enim,
1660 984 1861 1054 inquit,
1918 985 2122 1042 diebus

538 1073 711 1128 fcies
741 1087 910 1143 Opera
935 1083 1027 1126 tua
1055 1074 1106 1130 ι.
1148 1094 1166 1126 ι
1204 1071 1486 1130 Perfectos
1521 1076 1695 1146 igitur
1725 1077 1779 1131 in
1815 1077 1934 1145 lege
1968 1077 2120 1132 circa

535 1161 743 1217 lectum
776 1162 972 1217 dicunt
1006 1173 1154 1219 stare
1180 1205 1196 1231 ,
1245 1179 1424 1234 genus
1473 1165 1739 1222 ducentes
1778 1181 1844 1222 es
1879 1165 2120 1232 lsracle;

534 1263 592 1310 et
631 1256 727 1325 qui
763 1256 878 1312 sint
913 1256 1164 1311 omnium
1213 1261 1454 1316 maxime
1494 1260 1738 1327 strenui,
1780 1262 2010 1316 strictos
2036 1269 2120 1315 te-

535 1356 740 1403 nentes
771 1349 988 1418 gladios
1012 1357 1066 1404 et
1091 1350 1147 1404 in
1179 1349 1322 1404 bello
1346 1352 1696 1421 peritissimi,
1721 1362 1774 1408 et
1791 1351 1884 1420 qui
1903 1351 2122 1423 gladios

537 1439 680 1496 alios
715 1456 883 1511 super
935 1441 1148 1497 femora
1197 1451 1414 1513 gerant.
1450 1462 1468 1495 ι
1500 1441 1546 1498 Α
1575 1446 1800 1510 timore,
1829 1443 2029 1514 inquit,
2064 1443 2121 1498 in

536 1531 828 1586 noctibus.
885 1550 904 1583 ι
969 1530 1128 1597 Quod
1183 1530 1550 1603 Symmachus
1608 1533 1818 1590 clarius
1876 1532 2122 1590 reddidit

537 1620 946 1691 interpretans,
991 1640 1010 1674 ι
1047 1632 1278 1692 propter
1317 1624 1548 1680 timores
1596 1633 1923 1680 nocturnos.
1976 1644 1994 1677 ι
2027 1623 2118 1691 Hi,

538 1712 998 1781 inquit,'strenui
1056 1713 1322 1768 lectulum
1367 1714 1547 1784 ipsius
1577 1716 1850 1778 ambiunt,
1895 1724 2124 1786 propter

2221 531 2455 604 ἀριθμὸν
2504 530 2735 585 ἐνταῦθα
2780 529 2991 584 κεῖσθαι
3040 527 3278 599 ἠγοῦμαι
3319 529 3420 583 ούκ
3471 530 3564 583 επὶ
3593 530 3800 602 ταύτης

2217 625 2319 694 τῆς
2347 622 2662 694 ποσότητος,
2709 622 2846 676 ἀλλά
2878 623 3004 685 τοὺς
3034 621 3091 674 έν
3121 623 3188 691 τῇ
3224 619 3439 692 Παλαιᾷ
3463 621 3800 692 διαπρέψαν-

2217 729 2316 775 τας
2339 711 2527 781 ἁγίους
2551 711 2726 780 τούτῳ
2748 709 3037 781 δηλοῦσθαι
3063 709 3142 780 τῷ
3161 708 3405 779 ὀνόματι.
3439 708 3543 764 Τδν
3567 710 3668 780 μὲν
3689 709 3799 784 γὰρ

2218 803 2351 858 δέκα
2378 803 2584 856 τέλειον
2611 799 2750 856 εἷναί
2776 818 2938 870 φασιν
2971 801 3204 872 ἀριθμόν
3229 818 3244 834 ο
3277 800 3372 854 τὸν
3393 800 3450 854 δὶ
3472 799 3533 867 ἓξ
3559 804 3672 865 τοῖς
3694 802 3802 856 ὑπὸ

2218 896 2381 966 νόμον
2407 895 2760 966 ἁρμόττοντα.
2798 912 2817 944 ι
2844 893 2944 959 Ἓξ
2962 893 3090 964 γὰρ,
3115 892 3300 962 φησὶν,
3328 892 3564 964 ἡμέραις
3590 892 3750 964 ἑργᾷ.
3778 914 3798 944 ο

2221 987 2360 1051 Τοὺς
2397 987 2456 1040 ἐν
2485 986 2635 1057 νόμῳ
2659 986 2837 1040 τοίνυν
2865 983 3248 1049 τελειωθέντας
3276 983 3462 1055 κύκλῳ
3491 985 3590 1055 τῆς
3614 984 3805 1056 κλίνης

2221 1079 2442 1133 έστάναι
2474 1078 2657 1148 φασὶν,
2690 1077 2797 1130 ἀπὸ
2826 1077 2926 1147 μὲν
2951 1076 3045 1130 τοῦ
3094 1075 3312 1148 Ἰσραὴλ
3356 1075 3419 1129 τδ
3445 1076 3602 1144 γένος
3633 1077 3805 1132 κατά·

2221 1187 2435 1240 γοντας,
2482 1169 2740 1233 δυνατοὺς
2775 1168 2834 1222 δὲ
2866 1167 3023 1232 ϐντας
3055 1168 3196 1239 ὑπὲρ
3227 1167 3492 1232 ἅπαντας,
3525 1166 3621 1221 καὶ
3660 1169 3804 1238 ῥομ-

2224 1262 2390 1332 φαίαν
2419 1260 2768 1330 κατέχοντας,
2797 1261 2891 1312 καὶ
2915 1259 3218 1330 πολεμικὴν
3245 1258 3539 1330 ἐμπειρίαν
3569 1258 3802 1324 είδότας,

2223 1351 2318 1404 καὶ
2367 1349 2530 1414 ἀλλας
2583 1349 2856 1422 ῥομφαίας
2900 1350 2993 1402 ἐπὶ
3036 1348 3144 1402 τῶν
3193 1348 3385 1422 μηρῶν
3441 1351 3804 1422 φερομένους.

2229 1462 2248 1494 ι
2283 1441 2418 1496 Ἀπὸ
2448 1441 2713 1512 Θάμϐους,
2741 1441 2927 1512 φησὶν,
2963 1443 3022 1496 ὲν
3050 1441 3216 1508 νυξίν.
3247 1460 3266 1493 s
3323 1441 3663 1513 Σαφέστερον
3687 1441 3749 1496 δὲ
3779 1445 3810 1495 6

2224 1532 2519 1604 Σύμμαχος
2554 1531 2711 1586 τοῦτο
2759 1534 3055 1603 πεποίηκεν
3104 1533 3361 1603 είρηκὼς,
3419 1551 3438 1584 ι
3464 1531 3554 1588 διά
3606 1531 3812 1602 φόϐους

2225 1623 2591 1696 νυκτερινούς.
2624 1643 2643 1676 ι
2689 1617 2874 1688 Οὗτοι,
2904 1624 3089 1694 φησὶν,
3118 1625 3169 1678 οί
3199 1623 3416 1678 δυνατοὶ
3447 1624 3811 1695 περιέπουσιν

2224 1715 2388 1770 αὐτοῦ
2419 1715 2518 1786 τὴν
2551 1715 2758 1786 κλίνην,
2805 1715 2892 1770 διὰ
2936 1715 3038 1778 τάς
3071 1713 3181 1768 τῶν
3220 1714 3474 1768 ἐναντίων
3505 1714 3815 1786 ἐπιδρομάς

537 1802 783 1858 hostium
814 1804 1077 1858 incursus
1099 1819 1360 1874 sponsam
1389 1807 1799 1862 custodientes.
1825 1807 1993 1861 Binos
2024 1823 2120 1862 au-

2231 1809 2322 1879 τὴν
2352 1807 2572 1880 νύμφην
2615 1808 2995 1877 φυλάττοντες.
3047 1806 3151 1862 Δύο
3190 1806 3247 1860 δὲ
3297 1806 3571 1877 ῥομφαίας
3615 1807 3814 1875 ἑπιφέο

537 1906 645 1951 tem
682 1903 902 1965 gestant
932 1895 1174 1965 gladios,
1222 1913 1396 1952 unum
1447 1914 1616 1967 super
1662 1899 1865 1964 femur,
1901 1901 2015 1972 86
2043 1899 2125 1954 al-

537 1995 719 2040 terum
767 1985 822 2040 in
877 2001 1088 2053 manu;
1147 2003 1318 2042 unum
1367 1991 1840 2058 reprehensionis,
1887 1993 2123 2046 alterum

535 2076 820 2130 occultum
856 2084 914 2131 et
945 2079 1272 2148 mysticum;
1304 2079 1461 2134 illum
1490 2081 1542 2134 in
1577 2088 1838 2151 promptu
1870 2081 1937 2135 ad
1965 2095 2128 2135 coar-

535 2164 814 2235 guendutn
841 2204 856 2228 ,
891 2165 1043 2221 hunc
1074 2169 1397 2239 mysticum,
1451 2176 1507 2223 et
1556 2169 1713 2224 intus
1755 2177 2022 2240 tanquam
2069 2171 2125 2225 in

476 2295 486 2304 .
536 2257 732 2325 vagina
764 2273 860 2313 seu
899 2259 1099 2312 cellula
1133 2260 1509 2316 reconditum.

609 2345 768 2404 Vens.
811 2347 862 2412 9,
905 2349 988 2404 10.
1021 2347 1310 2404 Ferculum
1351 2351 1475 2417 fecit
1522 2351 1626 2405 sibi
1671 2367 1767 2405 res:
1799 2349 2021 2406 Salomo
2065 2353 2130 2406 de

537 2441 694 2505 lignis
721 2438 933 2495 Libani.
987 2439 1278 2498 Columnas
1321 2444 1438 2512 ejus
1465 2443 1592 2513 fecit
1623 2453 1925 2513 argentum,
1967 2454 2016 2497 et
2057 2461 2132 2498 re-

536 2531 882 2587 clinatorinm
907 2533 1024 2598 eius
1055 2551 1248 2587 aurum
1286 2550 1303 2586 :
1356 2551 1606 2588 ascensus
1651 2535 1767 2603 ejus
1803 2549 2130 2602 purpureus.

534 2624 787 2676 intimum
821 2623 937 2692 ejus
976 2622 1246 2690 lapidibus
1271 2634 1623 2689 constratum,
1657 2624 1976 2678 charitatem
2009 2641 2041 2677 a
2067 2624 2133 2694 ﬁ-

537 2713 712 2769 liabus
758 2713 1164 2785 Hierosolyma.
1215 2714 1508 2771 Ferculum
1551 2715 1644 2770 hic
1678 2731 1872 2772 rursus
1909 2724 2134 2771 sanctos

537 2805 913 2876 intelligamus
951 2807 1252 2876 apostolos,
1278 2808 1373 2876 qui
1409 2822 1610 2861 nomen
1656 2805 1871 2862 Domini
1904 2807 1959 2861 in
1997 2821 2134 2861 con-

537 2907 730 2968 spectu
777 2899 1046 2965 gentium,
1072 2906 1124 2953 et
1149 2914 1359 2968 regum,
1394 2905 1449 2952 et
1482 2899 1717 2952 [illorum
1742 2899 1914 2952 Israel
1949 2905 2135 2966 porta-

538 2993 691 3041 runt.
743 2985 880 3042 Nam
911 2987 979 3043 de
1011 2989 1171 3043 beato
1209 2987 1381 3042 Paulo
1414 2988 1668 3044 Christus
1705 2989 1770 3043 ad
1816 2989 2084 3043 Ananiam
2118 3009 2133 3046 :

2229 1916 2434 1969 ρονται,
2483 1898 2583 1969 τὴν
2636 1898 2734 1970 μὲν
2779 1899 2837 1950 έν
2868 1897 2948 1969 τῷ
2986 1897 3169 1969 μηρῷ,
3217 1896 3316 1968 τὴν
3345 1897 3400 1951 δὲ
3441 1899 3500 1952 έν
3527 1901 3594 1970 τῇ
3623 1897 3773 1970 χειρί
3800 1916 3814 1928 ·

2226 1989 2318 2043 τὸν
2342 1989 2660 2059 ἐλεγκτικὸν
2698 1989 2876 2058 λόγον,
2907 1989 3002 2043 καὶ
3035 1989 3127 2042 τὸν
3161 1989 3544 2061 κεκρυμμένον
3573 1989 3668 2044 καὶ
3704 2007 3818 2061 μυ-

2231 2079 2415 2134 στικόν
2440 2096 2455 2112 ο
2501 2081 2596 2135 καὶ
2621 2081 2713 2134 τὸν
2750 2081 2849 2150 μὶν
2877 2079 3190 2148 ἐλεγκτικὸν
3218 2081 3278 2133 ἐν
3307 2079 3605 2153 προχείρῳ,
3634 2081 3726 2136 τὸν
3760 2081 3820 2134 δὲ

2232 2171 2510 2242 μυστικὸν,
2548 2171 2606 2225 ἐν
2632 2172 2864 2242 ταμιείῳ
2903 2170 3049 2224 ἔνδον
3079 2171 3139 2223 ὲν
3168 2169 3250 2241 τῷ
3273 2169 3446 2242 κολεῷ
3461 2169 3529 2226 ⁸⁸.

2301 2327 2368 2393 Θ¹,
2396 2337 2448 2384 ι’.
2465 2328 2767 2396 Φορεῒον⁶⁸
2791 2327 3083 2394 ἐποίησεν
3107 2324 3300 2391 ἐαυτῷ
3327 2328 3362 2381 ὁ
3381 2325 3688 2391 ,ϐασιλεὺς
3708 2328 3824 2381 Σοο

2231 2421 2437 2492 λομὼν
2459 2423 2576 2475 ἀπὸ
2604 2419 2868 2484 Emam"
2892 2418 3001 2473 τοῦ
3023 2417 3306 2474 Λιϐάνου.
3333 2418 3607 2485 Στύλους
3624 2416 3823 2474 αὑτοῦ

2231 2513 2524 2578 ἐποίησεν
2579 2511 2899 2578 ἀργύριον,
2956 2509 3058 2563 καί
3107 2508 3178 2562 τὸ
3231 2507 3562 2564 ἁνάκλιτον
3626 2507 3826 2564 αὐτοῦ

2235 2603 2494 2672 χρυσίον
2514 2603 2580 2634 τί·
2596 2602 2873 2666 ἐπίϐασις
2891 2602 2938 2634 τ’
2965 2599 3153 2656 αὐτοῦ
3181 2597 3480 2669 πορφυρᾶ·
3507 2599 3681 2666 ἐντὸς
3706 2601 3826 2656 αὐ-

2236 2693 2345 2748 τοῦ
2397 2693 2801 2760 λιθόστρωτον
2823 2710 2836 2724 ·
2889 2692 3134 2761 ἀγάπην
3177 2692 3297 2746 ἀπὸ
3340 2691 3682 2762 θυγατέροιν
3723 2690 3831 2748 ἰεο

2231 2785 2642 2854 ροιισαλήμη.
2696 2785 2866 2839 Πάλιν
2905 2784 3142 2839 ἐνταῦθα
3195 2786 3413 2855 φορεῖον
3460 2785 3585 2848 τοὺς
3629 2783 3830 2851 ἁγίους

2239 2879 2522 2948 νοήσωμεν
2545 2877 2894 2940 ἀποστόλους,
2921 2875 3300 2946 βαστάσαντας
3324 2875 3385 2928 τὸ
3412 2874 3586 2946 ὄνομα
3613 2873 3829 2945 Κυρίου

2240 2967 2472 3022 ἐνώπιον
2505 2969 2675 3022 ὲθνῶν
2705 2968 2800 3022 καὶ
2834 2967 3100 3038 βασιλέων
3121 3008 3136 3031 ,
3168 2966 3302 3020 υίῶν
3322 2983 3382 3020 τε
3434 2965 3654 3037 Ἰσραήλ
3675 2983 3690 2997 ’
3725 2968 3832 3020 καὶ

541 3099 562 3130 s
605 3077 772 3140 Vade.
797 3080 998 3150 inquit,
1031 3081 1161 3150 quia
1195 3094 1291 3135 vas
1314 3080 1602 3137 electionis
1631 3089 1716 3136 est
1743 3081 1880 3134 mihi
1917 3081 2043 3144 iste,
2077 3090 2131 3137 ut

2241 3060 2350 3132 γὰρ
2391 3061 2519 3130 περὶ
2565 3059 2658 3113 τοῦ
2710 3059 2983 3130 μακαρίου
3017 3057 3232 3112 Παύλου
3269 3056 3428 3110 τοῦτο
3469 3056 3548 3127 τῷ
3604 3056 3833 3127 Ἀνανίᾳ

2241 3151 2408 3181 ..-δη
2437 3153 2464 3181 ,ι
2495 3151 2726 3181 γ-...λ.
2752 3167 2765 3180 .
2802 3167 2820 3181 .
2860 3148 3104 3181 πυρα-..
3130 3148 3207 3181 κ-.
3243 3148 3438 3181 "ﬁt..-
3465 3146 3697 3181 ινιηνα..
3731 3146 3832 3181 ..-ι

537 3176 718 3239 portet
740 3146 939 3224 nomen
971 3146 1150 3225 meum
1183 3185 1371 3226 coram
1399 3172 1677 3244 gentibus,
1704 3181 1757 3228 et
1799 3171 2046 3242 regibus,
2084 3182 2131 3227 et

2241 3151 2408 3222 φησιν
2436 3153 2466 3204 6
2495 3151 2726 3220 Χριστός
2752 3167 2765 3180 ·
2801 3167 2821 3200 ι
2860 3148 3104 3220 Πορεύου
3130 3148 3212 3202 ὅτι
3243 3148 3438 3212 σκεῦος
3465 3146 3697 3216 ἐκλογῆς
3729 3146 3832 3217 μοί

538 3258 667 3314 ﬁliis
708 3257 876 3316 Israel
913 3257 954 3312 ι.
999 3279 1018 3313 ι
1078 3258 1222 3327 Quin
1280 3261 1447 3316 etiam
1501 3260 1726 3316 divinus
1762 3261 1881 3332 ipse
1932 3259 2137 3319 Paulus

537 3350 691 3405 clara
725 3367 860 3406 voce
895 3370 909 3406 :
957 3370 977 3404 ι
1014 3351 1096 3406 An
1137 3353 1600 3421 experimentum,
1652 3353 1853 3423 inquit,
1889 3354 2136 3423 quaeritis

538 3443 680 3511 ejus.
739 3443 833 3510 qui
870 3444 922 3498 in
973 3460 1061 3499 me
1094 3443 1360 3514 loquitur,
1395 3443 1604 3498 Christi
1633 3444 1716 3498 ﬂ?
1751 3465 1769 3494 ›
1812 3443 1922 3499 Hos
1965 3446 2134 3500 etiam

537 3547 712 3603 equos
761 3533 1010 3588 nominat
1058 3533 1254 3589 beatus
1306 3533 1563 3590 liabacuc
1595 3551 1610 3590 :
1647 3555 1666 3587 ι
1697 3535 2001 3600 Ascendes,
2047 3537 2133 3592 iu-

537 3626 756 3694 quiens,
785 3641 952 3694 super
983 3640 1158 3695 equos
1184 3635 1329 3688 tuos,
1355 3634 1412 3680 et
1431 3626 1700 3696 equitatio
1724 3633 1815 3680 tua
1841 3627 1992 3683 salus
2019 3635 2068 3683 ιι.
2108 3647 2127 3681 ι

539 3710 829 3772 Etrnrsus
866 3733 880 3769 :
925 3733 944 3767 ι
987 3713 1274 3770 Deduxisli
1333 3716 1386 3770 in
1443 3731 1593 3771 mare
1637 3731 1811 3786 equos
1849 3725 1975 3774 tuos
2017 3726 2136 3772 tur-

538 3803 735 3860 bantes
769 3821 943 3876 aquas
975 3807 1179 3861 multas
1203 3815 1251 3860 ο.
1285 3826 1304 3859 ι
1338 3807 1483 3862 .‘llare
1511 3817 1692 3864 autem
1725 3815 1891 3864 vocat
1918 3818 2131 3879 gentes,

538 3912 662 3966 quae
695 3906 828 3952 tunc
862 3899 1129 3968 apostolis
1188 3899 1616 3969 pnedicantibns
1652 3909 1945 3956 commotae
1980 3908 2129 3956 sunt.

539 3986 908 4057 Quamobrem
969 4000 1024 4044 et
1086 3990 1358 4047 increduli
1415 3991 1673 4046 dicebant
1718 3989 1788 4046 de
1819 3991 1972 4047 illis:
2005 4010 2024 4042 ι
2065 3991 2131 4046 Hi

537 4083 633 4154 qui
686 4085 874 4140 orbem
911 4084 1218 4145 concitant,
1257 4085 1425 4140 etiam
1475 4085 1583 4139 huc
1640 4092 1929 4151 venerunt,
1992 4100 2132 4156 quos

537 4175 781 4245 suscepit
823 4173 990 4232 Jason
1034 4187 1080 4230 ρ.
1113 4195 1132 4228 ι
1170 4176 1323 4243 Quos
1363 4191 1496 4248 ergo
1522 4176 1786 4233 Habacuc
1813 4192 1988 4248 equos
2036 4193 2132 4248 ap-

537 4268 783 4334 pellavit,
831 4267 932 4323 hos
965 4267 1236 4324 ferculum
1279 4268 1334 4322 in
1375 4266 1606 4322 Cantico
1641 4266 1982 4322 canticorum
2036 4284 2130 4323 νο-

535 4358 647 4410 cari
682 4360 1008 4427 reperimus.
1043 4379 1062 4412 ι
1104 4357 1455 4438 Fecitigitnr
1480 4359 1586 4413 sibi
1619 4358 1890 4414 ferculum
1922 4376 2017 4416 re!
2039 4359 2132 4416 Sa-

2239 3245 2386 3297 ἐστιν
2419 3237 2612 3306 οὗτος,
2661 3240 2757 3296 τοῦ
2790 3239 3063 3310 βαστάσαι
3107 3240 3169 3292 τὸ
3217 3239 3390 3307 δνομά
3435 3255 3536 3310 μου
3589 3237 3833 3293 ἐνώπιον

2238 3333 2408 3388 ἐθνῶν
2432 3376 2446 3398 ,
2478 3335 2572 3387 καὶ
2603 3331 2866 3404 βασιλέων
2893 3371 2906 3396 ,
2941 3330 3073 3383 υἱῶν
3099 3345 3158 3382 τε
3198 3328 3434 3401 Ἰσραήλ.
3465 3349 3482 3382 ι
3522 3329 3634 3384 Καὶ
3661 3329 3834 3391 αὐτὸς

2237 3425 2295 3479 δὲ
2331 3426 2360 3479 6
2410 3423 2698 3487 θεσπέσιος
2743 3421 2956 3485 Παῦλος
2997 3420 3126 3492 βοᾷ·
3182 3438 3200 3472 ι
3247 3421 3308 3474 Εί
3346 3419 3576 3492 δοκιμὴν
3603 3418 3833 3493 ζητεῖτε

2235 3517 2332 3572 τοῦ
2361 3518 2419 3571 ὲν
2441 3517 2564 3588 ἐμοὶ
2591 3515 2882 3578 λαλοῦντος
2904 3514 3178 3586 Χριστοῦς
3213 3532 3231 3566 ι
3264 3513 3504 3580 τούτους
3523 3514 3580 3568 δὲ
3610 3515 3708 3568 καὶ
3731 3515 3836 3569 ἴπ-

2237 3623 2372 3671 πους
2407 3608 2436 3660 6
2469 3605 2740 3677 μακάριος
2781 3604 3100 3676 Ἀϐϐακοὺμ
3136 3605 3428 3675 ὀνομάζει*
3473 3621 3492 3655 ι
3551 3603 3838 3678 Ἐπιϐήσῃ

2235 3705 2366 3775 γὰρ,
2397 3701 2583 3773 φησὶν.
2615 3702 2708 3756 ἐπὶ
2738 3703 2864 3764 τοὺς
2893 3699 3096 3762 ἵππους
3124 3716 3239 3762 σου,
3269 3699 3364 3752 καὶ
3389 3699 3421 3770 ἠ
3453 3697 3692 3754 ίππασία
3728 3715 3834 3754 σου

2237 3794 2502 3867 σωτηρία.
2533 3813 2552 3845 ι
2588 3793 2699 3847 Καὶ
2727 3791 2892 3846 πάλιν
2913 3807 2926 3820 ·
2965 3809 2984 3842 ι
3035 3790 3405 3854 Ἐπεϐίύασας
3432 3790 3512 3855 είς
3544 3789 3836 3845 Θάλασσαν

2233 3891 2360 3952 τοὺς
2401 3889 2608 3950 ἵππους
2644 3902 2771 3951 σου,
2827 3883 3199 3956 ταράσσοντας
3230 3881 3400 3936 ύδατα
3434 3879 3628 3935 πολλά.
3663 3899 3682 3932 ι
3715 3879 3840 3935 Θά-

2234 3981 2441 4036 λασσαν
2481 3979 2539 4032 δὲ
2573 3977 2730 4032 καλεῖ
2780 3975 2850 4030 τά
2898 3975 3064 4045 εθνη,
3111 3973 3148 4029 ἃ
3195 3973 3319 4027 τότε
3358 3972 3469 4027 τῶν
3511 3968 3838 4026 ἀποστόλων

2233 4071 2614 4145 κηρυττόντων
2653 4069 3035 4140 διεταράττετο
3056 4083 3069 4098 ο
3129 4065 3209 4120 διδ
3239 4065 3334 4120 καὶ
3381 4067 3430 4120 οί
3463 4063 3839 4130 ἀπιστοῦντες

2236 4165 2365 4238 περὶ
2395 4161 2578 4217 αὐτῶν
2605 4162 2796 4230 ελεγον
2821 4177 2837 4194 ο
2868 4177 2887 4211 ι
2925 4160 2989 4213 0i
3016 4158 3114 4227 τὴν
3147 4157 3476 4228 οἰκουμένην
3505 4153 3836 4210 ἀναστατώ-

2235 4275 2452 4322 σαντες,
2481 4252 2627 4312 οὗτοι
2654 4256 2751 4310 καὶ
2784 4252 3021 4308 ὲνταῦθα
3044 4252 3322 4323 πάρεισιν,
3357 4247 3451 4312 οὓς
3473 4247 3840 4304 ὑποδέδεκται

2245 4352 2457 4406 Ἰάσων.
2497 4367 2516 4403 ι
2549 4348 2658 4414 Οὓς
2695 4351 2725 4404 6
2761 4346 3077 4416 Ἀϐϐακοὺμ
3099 4345 3281 4399 τοίνυν
3310 4343 3511 4405 ἵππους
3547 4340 3838 4408 ὠνόμασε,

538 4445 682 4501 lomo
705 4449 815 4520 8'7
837 4450 904 4505 de
937 4433 1354 4518 lignisiLibani.
1391 4468 1410 4500 ι
1449 4446 1722 4504 Libanum
1755 4464 2131 4519 saepenumero

2239 4441 2461 4505 τούτους
2494 4442 2710 4510 φορεῖον
2758 4441 2816 4491 ὲν
2841 4438 2920 4508 τῷ
2948 4437 3189 4508 ’ᾼσματι
3215 4435 3324 4490 τῶν
3359 4433 3625 4506 ᾀσμάτων
3657 4447 3840 4502 προσ-

536 4538 721 4593 divina
747 4539 1029 4608 Scriptura
1060 4541 1304 4612 appellat
1328 4538 1774 4609 Hierosolymam
1799 4551 1851 4595 et
1884 4541 2132 4595 multitu-

536 4631 720 4685 dinem
789 4631 1108 4690 Judaeorum
1179 4632 1380 4704 :quod
1421 4631 1475 4685 in
1525 4631 1816 4700 prommiis
1857 4632 2134 4688 sermonis

535 4735 600 4774 ex
626 4724 962 4792 propheticis
992 4727 1219 4795 scriptis
1246 4721 1638 4778 indicavimus.
1665 4719 1940 4788 Quoniam
1967 4723 2135 4792 igitur

536 4827 603 4868 ex
630 4813 738 4869 illis
761 4814 904 4871 beati
932 4817 1403 4886 Apostoli'genus
1456 4810 1757 4876 duxerunt,
1791 4813 2003 4870 idcirco
2027 4815 2136 4872 fer-

537 4905 722 4959 culum
753 4905 823 4960 de
887 4907 1052 4977 lignis
1105 4905 1299 4960 Libani
1346 4907 1733 4959 constructum
1787 4905 2014 4962 dicitur.
2065 4905 2134 4962 At

543 5015 562 5046 ι
593 4997 881 5053 columnas
925 4998 1084 5066 ejus,
1135 4996 1345 5067 inquit,
1390 4993 1519 5049 fecit
1571 5002 1879 5066 argentum.
1915 5018 1933 5050 ι
1979 4998 2133 5068 Ipsos

537 5087 706 5140 ctiam
739 5088 1030 5144 columnas
1061 5087 1369 5161 appellatos
1396 5086 1733 5143 invenimus.
1768 5087 1903 5143 Nam
1941 5089 2134 5146 beatus

614 5256 641 5296 ιι
684 5253 858 5311 Exod.
895 5270 1055 5324 unt,
1091 5257 1182 5317 12.
1259 5255 1277 5298 ι
1329 5259 1455 5316 Act.
1503 5275 1579 5325 is,
1623 5259 1708 5316 15.
1789 5270 1827 5299 ω
1858 5260 1896 5316 ll
1927 5259 2055 5315 Cor.
2081 5274 2202 5324 xm,
2231 5260 2285 5314 5.

2236 4531 2674 4604 αγορευομένους
2701 4528 3054 4600 εὑρίσκομεν.
3087 4547 3105 4580 ι
3148 4525 3408 4596 Ἐποίησε
3443 4524 3623 4578 τοίνυν
3647 4521 3842 4593 ἑαυτῷ

2236 4625 2454 4694 φορεῖον
2491 4622 2521 4675 6
2560 4619 2815 4690 βασιλεὺς
2864 4616 3118 4689 Σολομὼν
3170 4616 3280 4671 ἀπὸ
3315 4615 3489 4682 ξύλων
3509 4612 3559 4648 ⁷⁵
3600 4611 3694 4668 τοῦ
3730 4615 3840 4666 Λι-

2237 4715 2422 4769 ϐάνου.
2482 4731 2501 4765 ι
2539 4711 2773 4768 Λίϐανον
2827 4711 2928 4782 τὴν
2973 4708 3369 4781 Ἰερουσαλὴμ,
3416 4707 3513 4762 καὶ
3547 4706 3645 4777 τὴν
3693 4706 3840 4759 Ἰου-

2234 4806 2402 4861 δαίων
2425 4805 2655 4876 πληθὺν,
2682 4806 2716 4876 ἠ
2739 4802 2858 4858 θεία
2891 4802 3152 4866 πολλάκις
3182 4799 3584 4873 προσαγορεύει
3608 4799 3835 4872 Γραφήι

2240 4898 2334 4954 καὶ
2359 4896 2519 4953 τοῦτο
2547 4899 2604 4951 ὲν
2635 4898 2746 4960 τοῖς
2775 4895 3081 4967 προοιμίοις
3122 4893 3218 4948 τοῦ
3259 4893 3421 4962 λόγου
3453 4893 3518 4946 int
3551 4905 3835 4962 προφητιη

2241 4987 2352 5043 κῶν
2372 4989 2418 5022 ’³
2458 4986 2822 5057 ἀπεδείξαμεν
2857 4983 3332 5056 συγγραμμάτων.
3387 4981 3607 5051 Ἐπειδὴ
3644 4979 3840 5034 τοίνυν

2242 5083 2303 5150 ἐξ
2330 5081 2555 5138 ἐκείνων
2583 5079 2824 5151 κατῆγον
2855 5077 2918 5132 τὸ
2945 5077 3102 5147 γένος
3137 5077 3187 5131 οἱ
3224 5075 3486 5148 μακάριοι
3515 5071 3832 5138 ἀπόστολοι,

2367 5269 2395 5298 υ
2426 5257 2631 5314 l-labac.
2657 5273 2742 5323 ιιι,
2773 5259 2828 5312 8.
2907 5263 2932 5292 ο
2956 5253 3092 5311 Ibid.
3125 5253 3212 5312 l5.
3287 5253 3455 5310 PAci.
3495 5267 3628 5316 svn,
3662 5251 3717 5314 6,

1844 5415 2077 5472 VARUE
2121 5413 2530 5470 LECTIONES.

614 5501 662 5535 "'
698 5499 890 5575 κολεῷ.
917 5500 1014 5575 _ln
1067 5506 1190 5561 cod.
1251 5504 1500 5574 sequitur
1561 5503 1724 5560 l‘selli
1791 5505 2200 5575 interpretatio.

1135 5571 1353 5646 φορεῖον
1373 5575 1656 5646 ίόοιίνθηι,
1689 5585 1744 5631 et
1771 5575 1838 5631 de
1889 5571 2082 5631 lectica
2134 5571 2809 5646 gestatoriagexplicant.-_
2845 5574 2892 5605 ⁷⁸
2933 5573 3126 5646 ξύλων.
3163 5571 3297 5646 οοιιξ
3342 5571 3523 5644 suppl.
3601 5571 3645 5604 "
3687 5571 3834 5629 Rec.

549 5573 803 5627 nonnulli
843 5571 875 5627 a
904 5571 1097 5629 Grzeco

2303 5506 2348 5537 “
2389 5507 2626 5574 φορεῖον.
2678 5502 2839 5556 Hebr.
2893 5511 3082 5574 nm
3121 5501 3832 5574 voxiperegrinatquam

549 5643 709 5699 lectio
739 5650 822 5698 est
854 5641 1106 5725 mue-sol.
1148 5641 1530 5725 Ὗξέπίϐασις.
1591 5646 1748 5725 Hebr.
1785 5661 2006 5725 currus.
2079 5646 2124 5676 ⁷³
2155 5646 2386 5725 ἐντος-ο
2438 5644 2660 5725 Ἱερσξυσ.
2714 5642 2869 5698 Hebr.
2903 5645 3153 5725 iuedium
3197 5641 3316 5714 eius
3351 5641 3691 5701 constratum
3741 5650 3835 5704 est

547 5728 753 5778 amore,
783 5724 1001 5786 propter
1038 5715 1174 5773 filias
1205 5715 1610 5783 Hierosolyma).
1687 5717 1732 5751 "
1769 5719 1890 5772 cel.
1930 5715 2104 5780 ξύλου.

2183 5715 2231 5747 ⁷⁸
2271 5732 2437 5782 προφ.
2475 5715 2595 5768 ςυιί.
2635 5731 2818 5782 prtcln.
2859 5715 2988 5770 τῶν.
