4088 6424
287 337 384 402 129
1380 341 1460 399 1N
1498 343 1872 404 CANTICUM

1976 348 2209 408 ANTIC.
2235 348 2380 408 LIB.
2417 347 2499 406 II.
3478 357 3579 422 130

282 453 528 526 serietas,
582 449 716 505 οὔτε
768 451 998 515 ὀδόντας
1045 452 1175 517 τοὺς
1207 453 1429 519 ὀδόντας
1454 471 1467 486 ·
1513 456 1655 510 ἀλλά
1697 457 1872 529 τρίχας

1995 461 2179 532 gendi,
2225 477 2406 533 neque
2442 475 2542 532 pro
2589 459 2848 516 dentibus
2881 461 3236 520 dentes.’Scd
3282 471 3464 540 capilli
3511 495 3574 531 ea

283 547 376 617 μὲν
402 542 467 596 re
495 543 672 598 οῑονεὶ
706 543 978 614 περιττὸν
1006 542 1105 600 καὶ
1148 546 1462 616 σωματικὸν
1493 546 1593 616 τῆς
1633 547 1852 619 νύμφης

2001 553 2410 623 quodammodo
2444 552 2781 624 signiﬁcant,
2817 569 2938 623 quae
2968 554 3024 608 in
3071 571 3274 626 sponsa
3320 561 3463 617 haud
3499 567 3576 622 ita

278 637 460 706 νικραὶ
489 635 608 705 γάρ
637 636 698 688 αι
734 635 956 706 τρίχες,
993 635 1094 690 καὶ
1133 637 1452 709 ἀναίσθητοι
1472 655 1484 668 ο
1515 639 1668 708 δηλοί
1697 639 1776 704 δὲ,
1809 641 1870 694 ὃτ

1999 651 2130 698 sunt
2153 645 2492 709 necessaria,
2515 659 2747 714 quaeque
2777 643 2844 698 ad
2880 661 3085 717 corpus
3119 651 3419 718 pertinent.
3453 654 3576 712 Vita

275 727 382 779 Καὶ
424 725 488 778 ιν
524 718 615 788 οἷς
649 723 881 795 ἀνάγκη
927 727 1044 788 τοῖς
1087 725 1454 796 ἀνθρωπίνοις
1501 728 1867 798 ὲπιμίγνυσθα

1997 734 2146 789 enim
2198 735 2385 804 capilli
2431 743 2486 790 et
2540 736 2798 791 sensibus
2833 747 3043 791 carent.
3087 738 3258 804 Quasi
3307 744 3475 812 dicat,
3512 749 3573 804 In

275 816 567 886 πράγμασι
591 855 609 877 ,
641 815 744 868 καὶ
778 817 840 868 ὲν
870 815 1108 880 ἐκείνοις
1147 816 1211 872 τδ
1275 818 1562 872 ἐπαινετὸν
1589 819 1734 889 ἔχεις
1753 860 1768 885 ,
1800 823 1872 874 κα

1997 825 2240 894 negotiis
2271 826 2436 880 etiam
2489 826 2772 888 humanis,
2811 827 2864 880 in
2900 829 3104 897 quibus
3137 847 3246 886 non
3281 849 3575 904 possumus

272 907 524 977 κόσμιον,
567 906 671 960 καὶ
712 905 912 970 ἔοικας
955 909 1026 978 τῇ
1057 907 1234 982 ἀγέλῃ
1267 909 1375 961 τῶν
1402 910 1595 977 αίγῶν,
1632 915 1698 982 τῇ
1729 913 1786 964 ἐν
1811 913 1872 983 τι]

1997 931 2105 970 non
2149 917 2442 986 implicari,
2492 926 2546 972 te
2601 918 2954 974 laudabiliter
3009 921 3322 994 decoreque
3372 927 3571 995 geris:

269 997 382 1068 δρει
412 997 640 1052 Γαλαὰδ
676 996 1004 1069 νεμομένη,
1047 998 1144 1050 καὶ
1189 998 1278 1052 διά
1311 997 1374 1052 τὸ
1417 999 1552 1069 ὕψος
1597 1002 1690 1055 τοῦ
1733 1002 1872 1074 ὅρους

1995 1022 2400 1078 caprarumque
2432 1010 2582 1080 gregi
2610 1009 2815 1066 videris
2845 1013 3065 1078 similis,
3105 1017 3198 1083 qui
3235 1021 3484 1086 pascitur
3514 1021 3572 1075 in

272 1090 531 1159 ἰπισήμῳ
556 1088 860 1160 γινομένη.
905 1089 1045 1160 Περὶ
1072 1090 1131 1143 δὲ
1163 1090 1357 1144 τούτου
1382 1090 1478 1144 τοῦ
1504 1092 1665 1163 ὅρους
1691 1093 1720 1146 ὁ
1754 1109 1872 1164 προ-

1995 1110 2180 1155 ιιιοιιιε
2200 1098 2426 1166 Galaad,
2452 1108 2506 1156 et
2543 1113 2769 1172 propter
2815 1104 3019 1159 montis
3051 1106 3396 1163 altitudinem
3431 1111 3571 1168 insi-

273 1182 442 1250 φήτης
505 1180 793 1250 Ἱερεμίας
847 1181 1020 1252 φησί·
1063 1199 1083 1233 ι
1117 1181 1211 1253 Μὴ
1256 1182 1446 1254 ῥητίνη
1493 1184 1598 1238 οὐκ
1634 1185 1783 1239 ἐστιν
1826 1187 1886 1239 ἐν

272 1271 511 1335 Γαλαὰδ,
547 1271 584 1340 ἢ
617 1271 817 1343 ίατρδς
849 1272 955 1328 οὐκ
988 1272 1138 1325 ἔστιν
1154 1273 1204 1306 ⁸³
1229 1275 1380 1340 cui;
1420 1293 1440 1326 ›
1469 1275 1580 1328 Καὶ
1600 1273 1880 1346 ζητητέον,

277 1363 482 1431 μήποτε
530 1361 637 1429 τὴν
673 1360 792 1414 τῶν
841 1360 1020 1428 αἰγῶν
1069 1360 1276 1430 ἀγέλην
1320 1361 1449 1425 τοὺς
1502 1361 1562 1426 ἐξ
1607 1363 1884 1433 ἁμαρτίας

272 1455 332 1522 τῇ
362 1450 634 1521 μετανοίᾳ
685 1450 1062 1521 προσιόντας,
1114 1451 1212 1506 καὶ
1245 1451 1335 1506 διά
1372 1451 1533 1506 τοῦτο
1569 1454 1628 1506 ὲν
1657 1453 1737 1523 τῷ
1775 1454 1880 1506 Γα-

271 1543 396 1598 λαὰδ
415 1544 543 1614 ὄρει
590 1543 973 1614 νεμομένους,
1003 1544 1090 1596 ἵνα
1122 1544 1432 1615 φαρμάκων
1460 1544 1880 1616 θεραπευτικῶν

273 1636 360 1689 καὶ
393 1635 651 1706 ιατρείας
687 1634 962 1704 τύχωσιν,
996 1633 1236 1688 ἐνταῦθα
1280 1636 1311 1688 ὁ
1347 1635 1504 1706 λόγος
1555 1637 1874 1705 αίνίττεται,

273 1728 361 1781 καὶ
384 1726 542 1796 δηλοῖ
572 1726 662 1779 ὅτι
691 1726 768 1778 τά
806 1710 1003 1795 εὐτελῆ
1039 1725 1140 1795 τῆς
1179 1723 1419 1798 νύμφης,
1449 1727 1543 1781 καὶ
1573 1726 1644 1780 τά
1671 1726 1877 1797 ἔσχατα

1993 1191 2119 1262 guis
2167 1201 2271 1247 est.
2311 1192 2424 1248 Hoc
2453 1201 2637 1248 autem
2669 1194 2737 1249 (le
2770 1203 2958 1251 monte
2980 1195 3568 1273 Jeremias‘propbeta,

1997 1300 2015 1333 ι
2057 1281 2312 1352 Nunquid
2360 1285 2563 1349 resina,
2614 1285 2813 1355 inquit,
2843 1302 2954 1341 non
2989 1299 3076 1344 est
3115 1275 3170 1344 in
3213 1290 3438 1358 Galaad,
3477 1304 3572 1349 aut

1991 1375 2242 1431 medicus
2273 1391 2380 1429 non
2416 1383 2504 1430 est
2531 1376 2606 1431 ibi
2639 1377 2704 1431 3?
2736 1397 2754 1430 ι
2790 1377 2856 1432 Ει
2881 1379 3272 1449 inquirendum
3302 1382 3406 1453 91
3461 1394 3566 1450 est,

1989 1479 2118 1518 num
2171 1465 2314 1520 forte
2346 1481 2442 1535 per
2482 1481 2775 1536 caprarum
2836 1484 3055 1540 gregem
3101 1471 3478 1542 intelligantur
3505 1475 3564 1539 ii,

1987 1556 2080 1624 qui
2115 1571 2180 1610 ex
2225 1567 2454 1627 peccato
2485 1559 2847 1628 resipiscunt,
2874 1569 2927 1615 et
2955 1561 3023 1615 ad
3057 1565 3436 1632 paenitentiam
3473 1582 3568 1621 ac-

1984 1645 2210 1712 cedunt,
2245 1655 2412 1718 atque
2443 1649 2650 1705 idcirco
2691 1644 2998 1720 pascuntur
3033 1652 3088 1707 in
3121 1663 3306 1711 monte
3336 1654 3565 1722 Galaa‘d,

1985 1744 2044 1791 ut
2091 1739 2492 1794 medicamenta
2543 1741 2815 1797 salutaria
2864 1751 2919 1798 et
2982 1745 3328 1801 curationem
3380 1762 3569 1804 conse-

273 1819 432 1888 αὐτῆς
467 1819 644 1888 μόρια
669 1860 688 1884 ,
723 1816 831 1872 καὶ
857 1815 933 1870 τά
980 1817 1146 1872 οἱονεὶ
1187 1820 1356 1889 νεκρά
1402 1819 1499 1873 καὶ
1551 1821 1872 1890 ἀναίσθητα,

1983 1839 2228 1899 quantur
2265 1847 2279 1885 :
2311 1839 2369 1885 ut
2393 1847 2612 1902 sponsa:
2647 1843 2836 1903 partes
2858 1834 3106 1905 abjectte,
3143 1847 3563 1910 postremaque,

273 1912 374 1973 τοῖς
392 1909 615 1980 ἐκείνης
635 1908 747 1979 τῆς
773 1908 984 1979 ἀγέλης
1005 1908 1414 1980 παραϐάλλεται
1435 1909 1877 1982 κατορθώμασιν.

276 2004 336 2061 υί
360 1999 568 2064 ὀδόντες
607 2017 712 2053 σου
760 2000 824 2054 δὲ
867 1999 1044 2062 οὕτως
1086 2001 1197 2054 εἰσὶ
1249 2000 1514 2073 καθαροὶ,
1550 2002 1644 2056 καὶ
1698 2003 1880 2074 πάσης

277 2091 527 2162 περιττῆς
567 2090 889 2157 διαλέξεως
921 2089 1368 2162 ἀπηλλαγμένοι,
1407 2094 1771 2165 εὐτραπελίας
1817 2112 1876 2148 τε

282 2187 362 2236 καὶ
388 2183 772 2252 μωρολογίας,
821 2182 1184 2251 ψευδολογίας
1227 2199 1288 2236 τε
1328 2184 1424 2238 καὶ
1467 2185 1873 2256 αἰσχρολογίας,

286 2274 348 2337 ὣς
377 2273 603 2328 ἑοικέναι
634 2276 769 2337 ταῖς
818 2273 1054 2341 ἀγέλαις
1093 2272 1205 2326 τῶν
1249 2274 1642 2344 κεκαρμένων,
1687 2277 1782 2329 καὶ
1813 2277 1876 2329 τὸ

294 2366 516 2436 περιττὴν
543 2363 948 2434 ἀποθεμένων,
981 2363 1038 2416 αἲ
1067 2363 1342 2434 ἀνέϐησαν
1363 2365 1473 2418 ἀπὸ
1496 2366 1590 2419 τοῦ
1621 2367 1870 2438 λουτροῦ.

305 2455 548 2524 Ἦγο-ἰμαι
578 2455 636 2508 δὲ
661 2455 768 2518 τὰς
810 2454 926 2508 τῶν
963 2455 1325 2526 κεκαρμένων
1352 2457 1578 2524 ἀγέλας
1615 2459 1742 2521 τοὺς
1783 2458 1875 2512 διὰ

298 2544 380 2600 τοῦ
427 2546 796 2617 βαπτίσματος
877 2545 981 2616 τὴν
1046 2544 1327 2615 ἁμαρτίαν
1377 2546 1869 2618 ἀποκειραμένους,

295 2657 314 2688 ο
342 2639 444 2692 Καὶ
467 2639 542 2709 τῷ
568 2637 796 2710 λουτρῷ
826 2636 925 2690 τοῦ
963 2636 1161 2701 ὓδατος
1199 2639 1258 2690 ἐν
1295 2641 1521 2711 ῥήματι,
1560 2659 1579 2692 ι
1615 2640 1756 2694 κατά
1779 2641 1890 2694 τὸν

280 2731 531 2801 μακάριον
577 2729 816 2784 Παῦλον
841 2768 859 2794 ,
919 2730 1331 2802 καθαρθέντας,
1383 2729 1728 2801 παραδηλοῧν
1777 2731 1870 2784 τὸν

275 2823 525 2891 νυμφίον·
577 2821 767 2884 οὕτως
833 2820 989 2892 γὰρ,
1047 2821 1204 2893 φησι,
1261 2821 1539 2892 διέμεινας
1595 2822 1871 2894 καθαροὺς

269 2913 458 2982 ἔχοντα
502 2914 634 2976 τοὺς
683 2912 918 2974 ὀδόντας
943 2951 959 2975 ,
1006 2910 1104 2964 καὶ
1167 2909 1342 2982 ῥύπου
1391 2909 1566 2979 λόγων
1615 2913 1869 2984 πονηρῶν

267 3003 764 3073 ἀπηλλαγμένους,
817 3001 897 3065 ὡς
947 3002 1188 3056 ἑοικέναι
1242 3018 1303 3055 σε
1360 3003 1474 3064 τοῖς
1520 3002 1723 3073 ἀρτίως
1774 3001 1869 3056 τοῦ

264 3094 529 3165 σωτηρίου
585 3093 985 3163 βαπτίσματος
1029 3089 1374 3161 ἠξιωμένοις.
1433 3091 1668 3145 Ἐκείναι
1712 3092 1771 3146 δὲ
1809 3093 1867 3146 αί

262 3187 447 3256 ἀγέλαι.
481 3187 664 3238 πᾶσαι
696 3183 1122 3253 διδυμεὺουσαι,
1153 3182 1247 3235 καὶ
1271 3181 1575 3237 ἀτεκνοῢσα
1601 3183 1702 3238 οὐκ
1719 3183 1867 3238 ἔστιν

260 3282 315 3332 ὲν
343 3278 540 3342 αὑταῖς
567 3293 582 3308 ο
628 3276 695 3329 οὐ
746 3275 864 3344 γὰρ
894 3271 1186 3336 ἀπεικάζω
1220 3288 1280 3326 σε
1311 3275 1426 3336 τοῖς
1475 3273 1615 3343 μετὰ
1644 3272 1707 3326 τὸ
1758 3289 1868 3326 σω-

260 3373 444 3440 τήριον
477 3369 784 3438 βάπτισμα
816 3362 1251 3435 παλινδρομοῦσι
1301 3364 1440 3434 πρὸς
1483 3362 1584 3435 τὴν
1629 3363 1866 3419 κακίαν·

259 3461 396 3515 ἀλλά
423 3464 542 3524 τοῖς
568 3460 672 3530 τὴν
719 3457 974 3512 δοθεῖσαν
1022 3456 1210 3519 αὐτοῖς
1255 3455 1584 3525 φυλάττουσι
1633 3454 1866 3528 δωρεὰν,

259 3553 354 3606 καὶ
382 3552 486 3622 τὴν
511 3550 721 3619 διπλῆν
763 3547 971 3620 ἀρετὴν
1015 3545 1284 3615 γεννῶσι,
1331 3547 1432 3616 τήν
1460 3546 1609 3627 τειὲν
1641 3544 1865 3616 Θεωρία,

259 3647 361 3713 τὴν
388 3658 452 3696 τε
486 3642 549 3694 ὲν
589 3639 822 3710 πράξει.
864 3636 1056 3699 Οὕτως
1091 3634 1265 3690 ταῦτα
1312 3635 1414 3706 τῆς
1453 3634 1676 3705 νύμφης
1713 3635 1870 3688 ὲπαιο

262 3736 428 3798 νέσας
457 3733 532 3788 τά
566 3731 763 3802 μόρια,
797 3727 895 3781 ἐπὶ
928 3725 1096 3780 λοιπά
1109 3725 1159 3757 ’⁵
1183 3727 1371 3796 χωρεῖ,
1397 3723 1491 3778 καί
1522 3741 1687 3794 φησιν
1710 3740 1725 3755 ο

330 3827 408 3895 γ’.
457 3825 561 3890 Ὠς
584 3820 895 3890 (made
936 3817 1225 3878 κόκκινον
1265 3817 1440 3886 χείλη
1476 3829 1625 3882 σου,
1675 3813 1776 3868 καί
1827 3815 1868 3883 ἠ

262 3917 454 3972 λαλιά
479 3931 604 3969 σου
647 3911 862 3980 ὡραία.
892 3909 993 3962 Διά
1019 3908 1115 3961 τοῦ
1148 3907 1404 3962 κοκκίνου
1444 3906 1714 3977 σπαρτίου
1749 3907 1873 3960 ἀνα-

266 4011 579 4081 μιμνήσκει
620 4005 798 4075 αὐτὴν
827 4003 930 4072 τῆς
957 4001 1053 4054 τὸν
1078 3999 1252 4054 τύπον
1293 3999 1466 4070 αὐτῆς
1498 3998 1870 4068 πληρωσάσης

268 4106 324 4155 ὲν
365 4101 590 4171 Παλαιᾷ
643 4096 900 4168 Διαθήκῃ
951 4092 1126 4148 Ῥαὰϐ
1180 4093 1281 4164 τῆς
1325 4092 1554 4162 πόρνης.
1604 4090 1718 4145 Καὶ
1759 4089 1871 4160 γὰρ

271 4197 454 4265 ἐκείνη
478 4195 613 4255 τοὺς
646 4190 760 4244 ύπὺ
793 4185 972 4258 Ἰησοῦ
999 4184 1096 4241 τοῦ
1130 4186 1289 4255 Ναυῆ
1319 4182 1704 4246 κατασκόπους
1736 4183 1872 4248 ἀπο-

274 4288 576 4349 σταλέντας
606 4279 1016 4351 ὑποδεξαμένη,
1048 4278 1119 4332 δι’
1145 4276 1326 4331 αὐτῶν
1353 4275 1454 4346 τῆς
1475 4273 1695 4329 αἰωνίου
1723 4271 1872 4345 ζωῆς

276 4378 400 4444 ἀξία
443 4378 790 4446 γεγένηται·
821 4371 916 4426 καὶ
954 4369 1143 4439 ἐκείνη
1184 4368 1244 4422 δὲ
1292 4369 1521 4438 σημεῖον
1567 4365 1728 4420 ἔλαϐε
1772 4365 1869 4436 τῆς

1981 1928 2035 1975 ει
2090 1922 2494 1990 quodammodo
2523 1933 2754 1980 mortuae
2785 1940 2850 1980 ac
2895 1941 3062 1982 sensu
3115 1938 3368 1984 carentes
3414 1931 3565 1988 illius

1980 2013 2163 2083 gregis
2192 2012 2420 2071 dotibus
2446 2025 2864 2086 comparentur.
2902 2015 3109 2074 Dentes
3141 2035 3272 2075 vero
3300 2021 3381 2075 tui
3426 2025 3565 2079 adeo

1979 2103 2124 2172 puri,
2170 2104 2238 2159 ab
2265 2106 2416 2160 omni
2453 2106 2732 2176 superﬂua
2759 2107 3156 2178 disputatione,
3190 2120 3356 2182 atque
3392 2114 3561 2183 jocis,

1976 2205 2033 2250 et
2065 2197 2426 2264 scurrilitate,
2472 2206 2528 2254 et
2569 2200 2882 2266 mendacio,
2920 2203 3329 2274 verborumque
3371 2206 3564 2262 obsce-

1976 2285 2152 2341 nitate
2203 2288 2418 2354 mundi,
2453 2298 2618 2357 atque
2665 2291 2866 2361 integri
2900 2301 3072 2357 sunt,
3120 2305 3181 2348 ut
3234 2296 3444 2352 similes
3481 2297 3562 2352 vi-

1975 2376 2213 2431 deantur
2234 2380 2494 2448 gregibus
2525 2388 2835 2444 tonsarum,
2865 2398 3009 2452 quae,
3028 2398 3094 2438 eo
3118 2386 3265 2455 quod
3299 2403 3562 2459 superva-

1975 2481 2202 2522 caneum
2235 2476 2355 2523 erat
2382 2470 2612 2539 rejecto,
2637 2472 3008 2528 ascenderunt
3031 2476 3095 2528 de
3119 2472 3364 2533 l‘avacro.
3398 2479 3588 2533 Arbir

1973 2568 2091 2614 tror
2123 2569 2304 2616 autem
2343 2576 2372 2615 a
2404 2578 2608 2632 sponso
2633 2579 2730 2634 per
2760 2574 3045 2620 tonsarum
3077 2583 3270 2638 greges
3299 2585 3394 2626 eos
3419 2571 3561 2626 indi-

1972 2653 2112 2717 cari,
2140 2653 2231 2722 qui
2256 2669 2352 2724 per
2377 2654 2653 2724 baptisma
2685 2656 2884 2710 recisis
2910 2659 3174 2727 peccatis,
3210 2679 3228 2711 ι
3259 2659 3327 2714 Et
3344 2662 3562 2718 lavacro

1972 2759 2128 2816 aquae
2160 2745 2215 2798 in
2253 2745 2444 2810 verbo,
2487 2764 2506 2796 ι
2549 2755 2609 2800 ιιι
2654 2746 2852 2801 beatus
2884 2749 2957 2801 ait
2989 2747 3198 2805 Paulus
3227 2751 3279 2814 h,
3311 2754 3557 2808 mundati

1971 2845 2121 2892 sunt.
2166 2835 2259 2891 Sic
2293 2836 2437 2890 enim
2468 2837 2646 2906 puris,
2677 2839 2878 2908 inquit,
2903 2839 3160 2896 dentibus
3196 2843 3479 2911 exstitisti,
3507 2855 3562 2900 et

1970 2927 2041 2983 ab
2068 2927 2219 2982 omni
2248 2927 2541 2982 verborum
2577 2929 2742 2984 sorde
2773 2926 3055 3001 purgatis,
3075 2942 3133 2988 ut
3158 2950 3351 2990 eorum
3376 2938 3561 2993 videa-

1969 3019 2048 3074 ris
2077 3017 2301 3083 similis,
2357 3019 2452 3088 qui
2507 3035 2704 3074 recens
2744 3021 2978 3076 salutari
3031 3023 3363 3094 baptismate
3408 3027 3560 3099 digni

1974 3118 2101 3164 sunt
2124 3110 2322 3182 habiti.
2354 3109 2531 3164 Porro
2553 3125 2748 3166 omnes
2776 3112 2855 3166 illi
2886 3128 3081 3184 greges
3109 3117 3375 3185 gemellos
3416 3118 3562 3177 fetus

1975 3192 2199 3259 habent,
2227 3203 2282 3247 et
2305 3193 2513 3248 sterilis
2541 3209 2653 3248 non
2683 3202 2769 3250 est
2802 3197 2858 3250 in
2899 3197 2980 3252 eis
3009 3216 3022 3251 :
3051 3214 3122 3254 ne
3151 3208 3204 3256 te
3237 3201 3350 3258 illis
3374 3203 3562 3260 videar

1970 3299 2311 3353 comparare,
2359 3285 2456 3354 qui
2493 3293 2617 3354 post
2650 3285 2999 3342 salutiferum
3051 3289 3328 3359 baptisma
3365 3307 3561 3350 rursus

1970 3372 2039 3428 ad
2067 3373 2366 3428 malitiam'
2392 3373 2622 3430 redeunt
2649 3393 2662 3429 :
2688 3376 2782 3431 sed
2801 3377 2872 3431 iis
2889 3377 2980 3446 qui
2999 3377 3180 3433 datam
3206 3381 3311 3435 sibi
3329 3385 3560 3452 gratiam

1969 3465 2315 3530 custodiunt,
2345 3466 2736 3538 duplicemque
2760 3479 2874 3521 tum
2907 3472 3413 3540 contemplationis,
3443 3483 3559 3530 tum

1969 3558 2205 3614 actionis
2233 3559 2488 3614 virtutem
2517 3561 2760 3630 pariunt.
2788 3557 2886 3615 His
2912 3575 3045 3632 ergo
3067 3578 3287 3633 sponsa:
3308 3567 3559 3634 partibus

1969 3649 2321 3716 collaudatis,
2359 3651 2426 3704 ad
2462 3651 2708 3721 reliquas
2734 3654 3110 3724 progreditur,
3147 3664 3202 3727 et
3237 3658 3317 3711 ait
3347 3675 3362 3713 :

2040 3822 2205 3880 Vens.
2255 3824 2310 3880 5.
2341 3824 2492 3882 Sicut
2537 3827 2808 3895 funiculus
2843 3833 3118 3887 coccinea:
3163 3833 3308 3889 labia
3345 3845 3460 3904 tua,
3507 3849 3560 3895 et

1969 3917 2237 3988 eloquium
2261 3926 2411 3971 tuum
2453 3918 2725 3974 decorum.
2755 3920 2860 3976 Per
2893 3922 3198 3980 funiculum
3231 3931 3556 3986 coccineum

1971 4021 2192 4077 sponsae
2230 4005 2430 4077 redigit
2464 4007 2518 4061 in
2569 4010 2895 4065 memoriam
2944 4010 3139 4069 Rhaab
3183 3994 3554 4086 meretricem,

1969 4113 2093 4169 quae
2117 4099 2346 4167 ﬁguram
2377 4101 2497 4166 ejus
2513 4098 2862 4170 gerebat92
2883 4100 2937 4156 in
2961 4100 3144 4158 Veteri
3176 4102 3553 4165 Testamento.

1971 4186 2183 4243 Etenim
2205 4202 2334 4241 cum
2369 4189 2747 4256 speculatores
2772 4191 2973 4245 missos
3003 4207 3035 4246 ιι
3062 4191 3232 4249 Josue
3269 4195 3378 4251 ﬁlio
3405 4197 3556 4256 Nave

1973 4279 2333 4350 suscepisset,
2367 4295 2465 4348 per
2517 4281 2643 4336 illos
2687 4287 2892 4336 aeterna
2927 4283 3105 4338 salute
3147 4285 3311 4356 digna
3357 4289 3552 4343 eﬁecta

1972 4377 2058 4425 est
2093 4387 2110 4425 :
2143 4370 2442 4439 habuitque
2478 4370 2597 4439 ipsa
2643 4385 2866 4441 quoque
2900 4373 3098 4428 salutis
3144 4375 3361 4443 signum
3405 4375 3556 4431 funi-

280 4468 554 4540 σωτηρίας
595 4465 663 4518 τδ
719 4463 989 4533 σπαρτίον
1027 4461 1093 4514 τὸ
1119 4459 1376 4514 κόκκινον
1401 4475 1416 4490 ο
1457 4456 1616 4511 τοῦτο
1653 4455 1744 4510 sta
1768 4455 1871 4526 τῆς

1976 4461 2160 4516 culum
2194 4463 2534 4528 coccineum,
2575 4477 2737 4532 quem
2771 4476 2802 4515 e
2838 4461 3075 4518 fenestra
3111 4479 3438 4534 suspensum
3470 4468 3554 4524 di-

276 4563 488 4630 θυρίδος
513 4558 764 4630 χαλάσαι
794 4553 1221 4626 προσταχθεϊσα,
1253 4552 1343 4605 ἶνα
1377 4548 1487 4604 τῶν
1521 4549 1870 4620 Ἰσραηλιτῶν

1977 4553 2196 4608 mittere
2226 4551 2386 4623 iussa
2429 4559 2535 4616 est,
2567 4559 2626 4606 ut
2664 4549 2931 4608 lsraelitis
2963 4554 3017 4607 in
3058 4555 3251 4610 urbem
3285 4557 3552 4627 ingressis

275 4655 349 4715 είς
377 4652 478 4721 τὴν
504 4651 671 4703 πόλιν
709 4644 1138 4716 είσεληλυθότων
1157 4683 1173 4708 ,
1205 4641 1374 4712 φανὶν
1409 4643 1469 4695 τὸ
1507 4642 1732 4712 σημεῖον
1761 4637 1870 4692 τῶν

274 4744 651 4816 ἀναιρούντων
704 4737 882 4808 αὐτὴν
917 4733 1209 4807 ἀπαλλάξῃ
1230 4774 1246 4802 ,
1300 4732 1400 4787 καὶ
1447 4731 1547 4803 τὴν
1598 4729 1872 4801 σωτηρίαν

279 4840 412 4907 αὑτῇ
451 4832 783 4907 προξενίσῃ.
817 4827 991 4883 Τοῦτο
1018 4826 1080 4881 τὺ
1114 4827 1342 4898 σημεῖον
1379 4825 1412 4878 ό
1438 4821 1669 4892 νυμφίος
1702 4823 1763 4875 ὲν
1792 4819 1872 4889 τῷ

282 4930 509 4998 στόματι
552 4925 658 4995 τῆς
699 4924 925 4993 νύμφης
947 4961 964 4988 ,
1007 4913 1123 4972 οἷον
1170 4919 1230 4971 ὲν
1269 4918 1337 4988 τῇ
1389 4913 1566 4986 Θυρίδι
1617 4912 1874 4984 κείμενον

1975 4643 2194 4714 signum
2221 4641 2275 4696 id
2302 4657 2574 4713 apparens
2605 4642 2756 4697 illam
2784 4659 2813 4697 a
2832 4643 2986 4699 caede
3014 4645 3296 4710 liberaret,
3323 4648 3555 4720 ejusque

1977 4732 2144 4789 saluti
2196 4733 2510 4788 consuleret
2547 4734 2589 4785 ί.
2647 4731 2877 4802 Signum
2925 4733 3032 4790 hoc
3079 4751 3323 4805 sponsus
3371 4739 3426 4792 in
3459 4754 3554 4795 ore

1978 4836 2214 4895 sponsae,
2241 4833 2502 4893 tanquam
2533 4821 2590 4876 in
2617 4821 2864 4878 fenestra
2895 4824 3226 4878 collocatum
3254 4825 3506 4880 intuetur
3535 4845 3549 4881 :

1977 4923 2032 4970 et
2061 4932 2081 4968 ι
2119 4913 2277 4971 Sicut
2307 4913 2592 4969 funiculus
2617 4914 2937 4978 coccineus,
2966 4914 3167 4984 inquit,
3187 4914 3330 4969 labia
3361 4922 3474 4980 tua,
3497 4925 3552 4970 et

279 5021 471 5089 σεωρα
489 5059 506 5085 ,
554 5017 654 5070 καί
697 5030 894 5085 φησιν’
933 5029 956 5062 ι
1001 5009 1089 5073 ὀς
1121 5007 1387 5079 σπαρτίον
1417 5005 1673 5060 κόκκινον
1717 5002 1872 5074 χείλη

1976 5004 2253 5076 eloquium
2282 5013 2434 5058 tuum
2456 5002 2738 5058 decorum.
2777 5021 2796 5055 ι
2842 5001 3010 5058 Duxit
3037 5003 3184 5056 enim
3211 5003 3450 5058 colorem
3484 5018 3549 5058 ex

283 5129 392 5177 σου,
423 5111 523 5164 καὶ
550 5111 590 5180 ἡ
609 5107 781 5161 λαλιά
800 5121 896 5158 σου
922 5103 1120 5174 ὡραία.
1159 5120 1180 5153 ι
1225 5098 1474 5165 Ἐδέξατο
1497 5097 1608 5168 γάρ
1637 5096 1738 5166 τὴν
1765 5094 1872 5147 ἀπὸ

1978 5095 2247 5167 sanguine
2280 5108 2424 5160 meo,
2458 5102 2512 5148 et
2564 5093 2732 5148 verba
2763 5091 2979 5164 profert
3025 5093 3299 5157 veritatis,
3349 5094 3550 5164 quibus

281 5202 366 5254 τοῦ
398 5200 644 5271 αἵματός
675 5213 781 5267 μου
816 5193 1024 5265 βαφὴν,
1069 5190 1167 5246 καὶ
1199 5190 1466 5261 προφέρει
1509 5187 1702 5254 λόγους
1733 5183 1868 5256 ἀλη-

281 5291 444 5356 θείας,
471 5288 592 5346 οἷόν
617 5306 731 5343 τινι
778 5285 1035 5357 σπαρτίῳ
1070 5283 1196 5346 τοὺς
1234 5279 1509 5352 ἀκροατὰς
1558 5277 1871 5341 ἀλιεύοντάς

347 5475 368 5510 ε
390 5470 611 5525 Jerem.
650 5482 773 5531 vttl,
802 5466 894 5522 22.
974 5463 1002 5501 ιι
1034 5461 1230 5530 Ephes.
1275 5481 1326 5528 v,
1359 5463 1449 5519 26.

1974 5195 2234 5255 tanquam
2266 5182 2513 5240 funiculo
2560 5183 2801 5255 quodam
2837 5183 3140 5254 capiuntur
3169 5182 3469 5248 auditores,
3500 5193 3548 5239 et

1975 5277 2316 5332 vinciuntur.
2352 5275 2486 5331 Nam
2525 5277 2805 5348 eloquium
2845 5283 3003 5332 tuum
3035 5276 3302 5334 decorum
3333 5289 3430 5333 eos
3454 5276 3541 5332 tle-

1533 5474 1550 5502 ι
1580 5459 1748 5514 Josue
1779 5473 1838 5520 ιι,
1874 5454 1942 5510 18
1971 5470 2128 5526 seqq.

1546 5615 1779 5674 VARle
1822 5609 2111 5669 LECTION
2119 5615 2219 5668 ES.

344 5718 390 5751 ⁵⁸
421 5719 593 5786 Infra,
621 5721 659 5774 Ι.
688 5736 738 5776 ε.
768 5720 871 5786 leg.
911 5715 1098 5782 ίατροὶ
1129 5713 1404 5786 οὐκείσίν.

1483 5712 1528 5744 ’δ
1551 5707 1732 5762 λοιπά.
1757 5706 1880 5763 cod.
1911 5719 2100 5774 prem.
2144 5707 2233 5758 τά.
