4088 6408
581 320 676 387 131

1537 313 2052 384 'I'IIEODORETI
2078 321 2419 383 EPISCOPI
2455 320 2820 384 CYRENSIS

3733 325 3837 389 132

579 439 805 503 mulcet,
833 445 888 493 et
913 436 1137 501 retinet,
1157 452 1267 493 'nec
1295 435 1582 493 discedere
1613 427 1902 506 permittit,
1945 439 2041 494 sed
2078 439 2150 492 la-

2259 453 2319 491 τε
2350 438 2443 490 καὶ
2474 436 2809 506 δεσμοῦντας
2835 454 2846 466 ·
2885 438 3182 509 κατακηλεῖ
3207 437 3319 509 γὰρ
3359 437 3556 502 αὐτοὺς
3590 438 3622 510 ἡ
3658 440 3839 513 ὡραία

579 527 686 585 blis
712 526 826 583 tuis
851 529 998 598 cogit
1033 527 1320 583 inhaerere.
1350 513 1560 581 Laudat
1583 527 1758 596 Ipsius
1789 528 1956 582 etiam
1987 543 2156 599 genas

576 619 786 683 vultus,
849 618 1083 673 dicens:
1126 637 1145 668 ε
1182 618 1336 672 Sicut
1379 626 1566 672 cortex
1617 618 1748 672 mali
1786 619 1973 687 punici
2004 635 2158 690 gena

577 719 706 773 tua‘,
749 719 920 764 .extra
990 709 1267 764 silentium
1325 718 1506 764 tuum.
1541 727 1559 761 ι
1615 709 1900 780 Significat
1970 719 2154 767 autem

577 813 802 867 sponsa
838 797 1094 852 ruborem
1148 796 1232 849 illi
1264 796 1488 851 insitum
1523 813 1592 853 ex
1629 799 1988 866 verecundia,
2027 815 2156 868 pro-

579 899 704 958 pter
749 903 912 958 quam
954 886 1276 956 tempestiva
1309 887 1484 941 utitur
1515 887 1917 953 taciturnitate,
1973 890 2157 944 celans

578 985 887 1048 opportune
915 992 1152 1033 arcanos
1177 979 1568 1049 mysteriorum
1618 995 1926 1044 sermones,
1956 996 2153 1051 quem-

576 1070 871 1124 admodum
903 1077 1094 1124 cortex
1130 1069 1260 1124 mali
1292 1069 1478 1140 punici
1511 1086 1684 1142 grana
1715 1072 1976 1142 contegit.

645 1241 806 1298 Vens.
843 1243 896 1297 4.
955 1241 1108 1300 Sicut
1158 1246 1323 1300 turris
1364 1244 1539 1300 David
1589 1247 1787 1301 collum
1827 1255 1996 1310 tuum,
2037 1262 2155 1316 qua

571 1334 842 1398 mdiﬁcata
867 1342 945 1388 est
966 1335 1018 1387 in
1039 1334 1370 1403 Thalphiotlt.
1391 1334 1541 1389 Mille
1563 1337 1733 1406 σιειρεὶ
1757 1336 1978 1403 pendent
1998 1352 2157 1405 super

570 1440 711 1489 eam,
746 1426 924 1478 omnia
942 1425 1135 1494 jacula
1163 1425 1406 1495 fortium.
1435 1425 1542 1480 Pro
1578 1426 1916 1495 Thalphioth,
1954 1427 2153 1496 Aquila

569 1514 758 1582 posuit
785 1515 1185 1585 propugnacula
1215 1533 1235 1582 ;
1267 1516 1634 1587 Symmachus
1685 1526 1864 1572 autem
1909 1519 2156 1572 altitudi-

571 1618 685 1657 nes.
720 1602 1196 1668 Quemadmodum
1238 1606 1428 1676 igitur,
1457 1607 1661 1676 inquit,
1711 1609 1885 1663 turris
1923 1623 1954 1663 a
1983 1608 2154 1664 David

569 1694 866 1756 adiﬁcata,
917 1704 1139 1766 superat
1195 1699 1634 1768 propugnacula,
1670 1699 1726 1754 in
1767 1701 1973 1770 quibus
2017 1715 2153 1756 con-

2260 544 2356 580 σου
2398 527 2577 592 λαλιὰ,
2617 529 2713 581 καὶ
2743 529 3089 598 καταθέλγει,
3144 531 3241 583 καὶ
3281 531 3585 602 ἀναχωρεῖν
3615 532 3714 587 ούκ
3748 536 3836 606 ἐᾷ,

2257 620 2394 673 ἀλλὰ
2421 621 2533 682 τοῖς
2565 621 2676 683 σοῖς
2706 619 2906 690 χείλεσι
2933 620 3315 693 προσεδρεύειν
3340 620 3610 690 βιάζεται.
3654 624 3840 677 Ἐπαιο

2257 714 2338 762 νεῖ
2379 710 2552 780 αὐτῆς
2575 711 2670 765 καὶ
2697 711 2759 764 τὸ
2800 712 2968 782 μῆλον
2992 711 3094 782 τῆς
3123 712 3298 780 ὅψεως
3321 728 3336 742 ·
3373 731 3392 764 ι
3426 712 3514 777 Ὠς
3541 713 3774 786 λέπυρον
3789 717 3839 750 ⁸⁸

2257 802 2406 872 γὰρ,
2467 803 2638 874 φησι,
2699 804 2800 875 τῆς
2849 806 2979 875 ῥοᾶς
3038 805 3206 876 μῆλόν
3271 823 3364 859 σου
3386 808 3467 873 ³⁸,
3521 809 3679 873 ἐκτὸς
3735 812 3840 881 τῆς

2259 893 2581 964 σιωπήσεώς
2625 911 2741 948 σου.
2786 913 2806 947 ι
2848 895 3113 966 Σημαίνει
3163 895 3222 949 δὲ
3276 897 3339 951 τὸ
3386 895 3446 962 ἐξ
3499 899 3680 963 αίδοῦς
3704 901 3838 971 ἐρύ-

2257 981 2408 1052 θημα
2465 985 2817 1054 ἐγγινόμενον
2884 987 3063 1056 αὐτῇ·
3135 987 3205 1042 δι’
3253 987 3321 1058 ἥν
3399 989 3494 1042 καὶ
3565 990 3841 1062 εὐκαίρως

2259 1075 2439 1144 σιωπᾷ
2457 1074 2526 1137 ’⁷,
2574 1074 2892 1146 κρύπτουσα
2934 1076 3207 1148 εὐκαίρως
3240 1078 3366 1142 τοὺς
3397 1081 3842 1152 μυστικωτέρους

2256 1161 2470 1230 λόγους,
2509 1165 2584 1227 ὡς
2610 1165 2846 1236 λέπυρον
2877 1168 2976 1236 τῆς
3019 1169 3148 1237 ῥοᾶς
3177 1169 3303 1233 τοὺς
3337 1169 3571 1236 κόκκους
3589 1171 3656 1226 ⁸⁸.

2325 1252 2387 1307 δ’.
2439 1254 2532 1320 Ὧς
2561 1255 2790 1324 πύργος
2819 1255 2998 1309 Δαϐίδ
3027 1261 3060 1310 ό
3096 1257 3398 1328 τράχηλός
3423 1274 3563 1326 σου,
3613 1263 3648 1317 d
3681 1263 3840 1329 ᾠκο-

2254 1343 2592 1413 δομημένος
2646 1347 2735 1412 είς
2768 1345 3076 1414 Θαλφειώθ
3091 1348 3156 1402 ⁹⁹.
3219 1349 3409 1404 Χίλιοι
3453 1353 3653 1420 θυρεοὶ
3698 1354 3840 1422 κρέ-

2250 1453 2471 1506 μανται
2508 1437 2602 1490 ἐπ’
2623 1437 2832 1501 αὐτὸν,
2861 1437 3051 1494 πᾶσαι
3069 1439 3326 1506 ,βολίδες
3347 1441 3362 1472 ¹
3390 1439 3506 1495 τῶν
3532 1437 3836 1498 δυνατῶν.

2255 1528 2330 1581 Τὸ
2355 1528 2412 1582 δέ
2435 1529 2740 1598 Θαλερειὼθ
2763 1531 2793 1582 ὁ
2819 1530 2917 1600 μὲν
2956 1531 3189 1596 ’Δκύλας
3211 1532 3498 1600 ἐπάλξεις
3523 1534 3840 1606 ὠνόμασεν⁸

2254 1622 2282 1674 ό
2303 1619 2359 1673 δὲ
2384 1621 2701 1692 Σύμμαχος,
2734 1621 2883 1690 ὕψη.
2920 1623 3189 1695 Καθάπερ
3219 1625 3417 1690 τοίνυν,
3449 1626 3634 1696 φησιν,
3669 1627 3700 1680 ό
3728 1626 3842 1681 ύπδ

2254 1705 2348 1760 τοῦ
2391 1708 2554 1762 Δασὶδ
2591 1709 2967 1779 οἰκοδομηθεὶς
3007 1710 3215 1782 πύργος
3249 1713 3507 1784 ὑπερέχει
3543 1714 3643 1778 τὰς
3666 1714 3843 1769 ἐπάλ-

570 1793 783 1841 structa
810 1786 918 1857 93
952 1795 1059 1849 est,
1094 1788 1458 1860 sublimisque
1487 1798 1686 1854 exstat,
1723 1800 1888 1862 atque
1926 1793 2148 1862 conspi-

2258 1796 2403 1862 ξεις,
2451 1799 2536 1867 ἐφ’
2568 1792 2644 1853 ὧν
2675 1799 3062 1871 ᾠκοδόμηται,
3105 1803 3200 1856 καὶ
3252 1803 3450 1873 ὑψηλός
3503 1805 3686 1872 ἐστι’,
3737 1807 3841 1860 καὶ

568 1889 674 1930 cua
724 1893 738 1931 :
784 1876 859 1930 ita
915 1877 1119 1931 collum
1165 1885 1321 1933 tuum
1371 1881 1652 1936 excelsum
1687 1889 1773 1937 est
1813 1891 1868 1938 et
1895 1883 2151 1944 sublime,

569 1968 790 2038 altaque
821 1969 1206 2040 circumspicit
1237 1980 1292 2024 et
1317 1973 1750 2043 contemplatur.
1779 1972 1967 2045 Neque
2004 1975 2152 2031 enim

569 2057 863 2112 brutorum
891 2074 1044 2114 more
1083 2076 1316 2131 pronum
1353 2065 1408 2116 in
1441 2070 1644 2118 terram
1687 2064 1940 2136 despicit,
1976 2081 2154 2136 neque

568 2149 623 2202 in
659 2157 902 2205 ventrem
965 2166 1193 2222 vergens
1245 2168 1373 2208 sues
1412 2154 1714 2211 imitatur:
1763 2159 1860 2214 sed
1907 2171 2150 2217 erectum

566 2247 732 2308 atque
773 2233 1006 2294 arduum
1061 2251 1168 2306 est,
1221 2253 1277 2298 et
1327 2245 1476 2300 mille
1516 2248 1741 2318 clypeos
1788 2251 2151 2322 gerit,‘atque

567 2328 792 2385 fortium
833 2333 1081 2387 omnium
1121 2333 1327 2403 jacula.
1361 2334 1462 2390 Hic
1507 2346 1690 2394 autem
1725 2355 1992 2396 numerus
2041 2359 2149 2399 non

566 2419 634 2475 de
667 2419 1034 2476 determinato
1066 2423 1457 2495 intelligendus
1499 2435 1606 2492 est,
1634 2431 1730 2485 sed
1771 2446 1874 2500 pro
1909 2433 2153 2502 qualibet

566 2511 929 2567 multitudine
959 2514 1174 2584 positus
1202 2524 1307 2570 est.
1351 2516 1527 2574 Habet
1557 2521 1766 2576 collum
1802 2529 1978 2587 tuum,
2004 2524 2151 2594 quod

566 2613 733 2671 caput
761 2612 913 2656 tuum
955 2612 1011 2658 et
1055 2603 1250 2659 faciem
1278 2609 1537 2673 sustinet,
1570 2626 1764 2667 omnes
1794 2614 2028 2668 aliorum
2051 2616 2152 2669 do-

565 2693 797 2758 ctrinas,
850 2695 1153 2765 improprie
1190 2696 1377 2767 jacula
1414 2700 1616 2765 dictas,
1668 2703 1873 2772 quibus
1921 2713 2151 2762 cunctos

566 2785 924 2840 adversarios
957 2801 1210 2856 superas.
1265 2787 1439 2844 Habet
1486 2792 1614 2846 item
1664 2795 1884 2863 clypeos
1922 2797 2147 2863 multos,

563 2874 771 2944 quibus
807 2877 1135 2946 protegeris,
1159 2886 1215 2932 et
1250 2877 1422 2947 ignita
1446 2882 1575 2934 mali
1608 2882 1715 2936 tela
1752 2885 2064 2955 exstinguis
2098 2884 2144 2939 i.
2183 2918 2205 2926 —

564 2965 768 3021 Munita
803 2968 950 3022 enim
981 2983 1041 3022 es
1073 2970 1303 3039 spiritus
1343 2981 1644 3035 armatura.
1677 2985 1729 3030 ct
1763 2975 1924 3030 facile
1958 2976 2146 3035 hostes

2257 1889 2583 1961 περιφανὴς,
2646 1889 2820 1954 οὕτως
2851 1893 2881 1945 ό
2910 1893 2992 1944 σοὶ
3025 1893 3298 1964 τράχηλος
3339 1894 3542 1966 ὑψηλός
3564 1896 3700 1962 ἐστι,
3736 1897 3841 1950 καὶ

2258 1980 2550 2052 μετέωρος.
2592 1982 2660 2037 τὰ
2703 1984 2816 2037 ἄνω
2847 1985 3220 2054 περισκοπῶν,
3252 1985 3320 2040 τὰ
3352 1987 3465 2041 ἄνω
3497 1988 3836 2058 περιπολῶν.

2255 2073 2329 2125 Οὐ
2359 2076 2466 2145 γάρ
2499 2073 2729 2146 κέχηνεν
2752 2076 2833 2140 είς
2873 2077 2976 2146 γῆν
3019 2079 3132 2141 τοῖς
3166 2077 3382 2146 ἀλόγοις
3408 2079 3838 2151 παραπλησίως.

2253 2165 2375 2218 οὐδὲ
2398 2170 2476 2230 εἰς
2503 2167 2751 2236 γαστέρα
2784 2167 3027 2233 νένευκε,
3057 2169 3186 2234 τοὺς
3221 2170 3436 2242 χοίρους
3472 2172 3838 2243 μιμούμενος,

2254 2254 2424 2308 άλλὰ³
2474 2257 2766 2328 μετάρσιὸς
2803 2259 2952 2321 ἐστι,
3003 2259 3100 2312 καὶ
3153 2261 3462 2333 μετέωρος,
3495 2264 3591 2315 καὶ
3627 2263 3842 2333 χιλίους

2254 2343 2482 2416 θυρεοὺς
2507 2347 2709 2418 φέρων,
2739 2350 2833 2402 καὶ
2862 2349 3042 2414 πάσας
3074 2351 3181 2404 τῶν
3203 2351 3442 2406 δυνατῶν
3463 2353 3562 2418 τὰς
3595 2354 3840 2426 βολίδας.

2265 2438 2324 2491 '0
2356 2438 2412 2492 δὲ
2451 2440 2682 2511 ἀριθμὸς
2715 2442 2817 2495 οὐκ
2867 2443 2960 2495 ἐπὶ
3006 2444 3176 2513 ῥητῆς
3216 2446 3544 2516 ποσότητος,
3575 2445 3691 2500 ἀλλ’
3737 2447 3844 2502 ἐπὶ

2254 2529 2495 2601 πλήθους
2530 2532 2792 2586 τέτακται
2819 2546 2833 2563 ⁶
2869 2533 2983 2604 ἔχει
3009 2535 3116 2604 γὰρ
3156 2535 3185 2588 ό
3225 2537 3497 2608 τράχηλός
3532 2555 3646 2599 σου.
3675 2541 3703 2593 ό
3731 2539 3841 2609 τὴν

2254 2623 2497 2695 κεφαλήν
2527 2642 2620 2677 σου
2652 2625 2834 2694 φέρων
2869 2626 2964 2678 καὶ
2991 2626 3052 2679 τὸ
3096 2627 3300 2697 στόμα,
3335 2629 3553 2693 πάσαςδ
3593 2629 3692 2693 τὰς
3719 2631 3836 2685 τῶν

2252 2711 2426 2766 ἄλλων
2446 2713 2813 2778 διδασκαλίας.
2839 2716 3119 2785 τροπικῶς
3153 2716 3368 2786 βολίδας
3393 2720 3834 2791 ὀνομαζομένας.

2252 2800 2338 2868 αἷς
2367 2807 2492 2868 τοὺς
2533 2806 2808 2870 ἐναντίους
2848 2806 3096 2870 ἀπαντας
3137 2809 3507 2882 καταγωνίζη.
3544 2810 3699 2881 Ἔχει
3737 2813 3838 2866 καὶ

2252 2895 2478 2968 θυρεοὺς
2523 2897 2772 2962 πολλοὺς,
2817 2892 2900 2960 οἷς
2930 2899 3298 2971 περιφράττῃ,
3331 2901 3425 2954 καὶ
3465 2901 3532 2956 τὰ
3563 2920 3835 2975 πεπυρω-

2253 2987 2388 3057 μένα
2425 2987 2517 3041 τοῦ
2557 2988 2796 3058 πονηροῦ
2843 2988 3121 3054 σϐεννύεις
3157 2990 3284 3061 βέλη
3307 3007 3321 3021 '
3366 2993 3677 3063 περίκεισαι
3715 2995 3837 3066 γὰρ

563 3056 848 3120 vulneras,
884 3071 1010 3112 cum
1044 3059 1305 3115 omnibus
1331 3059 1558 3116 fortium
1601 3065 1822 3134 sagittis
1849 3065 2140 3122 abundes:

2250 3056 2348 3148 τὴν
2384 3056 2714 3148 παντευχίαν
2745 3076 2837 3132 τοῦ
2879 3056 3206 3150 πνεύματος,
3247 3056 3341 3134 καὶ
3386 3056 3585 3152 ῥαδίως
3625 3056 3832 3153 τιτράὶ.

561 3163 770 3219 eosque
824 3119 986 3204 modo
1023 3165 1122 3220 per
1163 3150 1484 3222 prophetas,
1536 3119 1698 3208 modo
1729 3171 1826 3226 per
1857 3119 2139 3228 apostolos

2259 3119 2343 3148 ..μ
2391 3119 2711 3148 “nu”...
2756 3119 2837 3132 ..η
2885 3119 3206 3150 ...πμ-..νυ
3249 3119 3341 3134 η...
3386 3119 3585 3152 μινυς...
3636 3119 3832 3153 ...ιαμ-

2250 3184 2396 3231 σκεις
2424 3170 2549 3232 τοὺς
2578 3168 3143 3240 ἀντιδιατιθεμένους,
3195 3171 3378 3234 πάσας
3432 3172 3543 3227 τῶν
3581 3173 3833 3226 δυνατῶν

563 3240 875 3312 redraguis,
906 3248 1074 3312 atque
1104 3243 1350 3312 ipsorum
1378 3245 1576 3316 retegis
1609 3246 2064 3305 imbecillitatem.

634 3530 806 3588 Vsus.
858 3532 893 3585 5
922 3573 936 3598 ,
985 3533 1040 3588 6.
1077 3532 1194 3587 Duo
1243 3535 1406 3590 ubera
1460 3545 1584 3599 tua,
1624 3537 1760 3592 sicut
1795 3538 1900 3593 duo
1930 3539 2138 3594 hinnull

558 3622 782 3692 gemelli
808 3637 1037 3691 capreae,
1080 3624 1171 3691 qui
1205 3633 1498 3692 pascuntur
1523 3626 1576 3678 in
1605 3625 1753 3681 (iliis.
1781 3627 1955 3682 Donec
1989 3628 2137 3697 aspi-

568 3723 649 3767 ret
673 3713 807 3777 dies,
837 3722 886 3768 et
919 3724 1074 3768 mota:
1101 3715 1300 3784 fuerint
1348 3718 1570 3774 umbras.
1625 3715 1751 3773 Haec
1774 3719 2140 3788 intelligimus

557 3804 754 3860 eodem
790 3814 974 3875 pacto,
1010 3821 1122 3876 quo
1157 3809 1468 3876 superiora,
1514 3819 1574 3865 ut
1614 3825 1713 3880 per
1745 3812 1914 3865 ubera
1940 3826 2139 3866 rursus

557 3893 826 3949 doctrinae
855 3895 1042 3952 fontes
1076 3897 1468 3968 intelligamus,
1487 3900 1582 3970 qui
1613 3901 1853 3969 singulis
1882 3902 2140 3957 aetatibus

556 3987 928 4057 congruentia
966 3987 1421 4055 subministrent,
1460 3991 1584 4046 aliis
1609 3991 1834 4061 quidem
1872 3991 1976 4057 lac,
2015 3992 2138 4048 aliis

555 4087 742 4131 autem
775 4078 1014 4132 solidum
1053 4080 1261 4135 cibum.
1295 4079 1360 4134 Et
1397 4083 1607 4137 idcirco
1649 4082 1894 4137 hinnulis
1923 4097 2139 4154 capreae

555 4162 728 4218 ubera
782 4179 1002 4234 sponsae
1054 4166 1187 4222 dicit
1241 4184 1366 4225 esse
1409 4171 1654 4237 similia,
1689 4182 1853 4228 acute
1881 4173 2136 4228 intuendi

553 4263 608 4307 et
645 4257 1056 4325 contemplandi
1087 4259 1196 4313 vim
1239 4261 1490 4331 ipsorum
1523 4262 1829 4320 admirans.
1864 4263 2136 4320 Hinnulos

553 4353 735 4400 autem
787 4347 924 4402 dicit
973 4363 1212 4419 capreae,
1245 4355 1534 4422 quoniam,
1595 4362 1656 4408 ut
1704 4357 1903 4412 beatus
1954 4356 2136 4428 inquit

2241 3259 2341 3322 τὰς
2367 3258 2580 3329 βολίδας
2611 3259 2810 3330 ἔχουσα
2829 3275 2844 3290 °
2878 3260 2968 3312 xui
3005 3259 3100 3315 νῦν
3131 3262 3230 3331 μὲν
3259 3261 3457 3326 αὐτοὺς
3489 3261 3578 3318 διὰ
3607 3281 3827 3333 προφηο

2239 3351 2374 3415 τῶν,
2414 3350 2508 3404 νῦν
2556 3351 2614 3404 δὲ
2665 3351 2754 3404 διὰ
2799 3351 2908 3405 τῶν
2951 3353 3308 3407 ἀιιιοστόλιιυν⁸
3355 3353 3676 3424 ἐλέγχουσα,
3727 3354 3830 3409 καὶ

2240 3439 2524 3510 γυμνοῦσα
2547 3439 2725 3493 αὐτῶν
2747 3440 2846 3510 τὴν
2876 3440 3163 3495 ἀσθένειαν
3182 3443 3224 3495 ⁸.

2311 3532 2351 3584 ε’
2370 3571 2385 3595 ,
2414 3532 2480 3596 ζ’.
2505 3533 2620 3586 Δύο
2647 3532 2869 3600 μαστοί
2896 3546 3013 3586 σου
3033 3570 3048 3597 ,
3077 3533 3158 3598 ὡς
3187 3531 3298 3587 δύο
3342 3531 3538 3600 νεϐροί
3586 3531 3829 3602 δίδυμοι

2238 3621 2553 3690 δορκάδος,
2589 3624 2644 3675 al
2693 3624 3007 3693 νεμόμενοι
3035 3623 3106 3676 ἐν
3131 3624 3381 3691 κρίνοις.
3408 3623 3562 3689 Ἕως
3594 3618 3666 3678 οὗ
3697 3622 3831 3678 δια·

2239 3715 2478 3782 πνεύσῃ
2525 3714 2565 3781 ἡ
2603 3713 2813 3783 ἡμέρα,
2861 3714 2959 3769 καί
3001 3713 3328 3782 κινηθῶσιν
3355 3716 3415 3768 αι
3438 3715 3626 3769 σκιαί.
3671 3715 3834 3768 Ἀκο·

2237 3805 2445 3868 λούθως
2498 3807 2594 3860 καὶ
2652 3805 2825 3861 ταῦτα
2875 3809 2988 3871 τοῖς
3037 3806 3349 3878 εἰρημένοις
3396 3804 3627 3876 νοοῦμεν
3665 3819 3681 3835 ·
3729 3809 3835 3861 καὶ

2241 3897 2400 3968 ἴσμεν
2432 3897 2597 3951 πάλιν
2629 3897 2870 3968 μαστοὺς
2897 3899 3024 3961 τοὺς
3047 3897 3150 3967 τῆς
3185 3897 3532 3961 διδασκαλίας
3563 3898 3835 3968 κρουνοὺς

2237 3987 2366 4048 τοὺς
2387 3987 2710 4057 προσφόρως
2744 3987 2951 4060 ἐκάστῃ
2985 3986 3172 4058 ἡλικίᾳ
3205 3987 3704 4058 προσφερομένους,
3730 3988 3837 4040 καὶ

2235 4080 2351 4141 τοῖς
2383 4077 2483 4148 μὲν
2532 4078 2674 4147 γάλα
2704 4079 3094 4150 προσφέρουσι,
3121 4081 3234 4141 τοῖς
3263 4079 3321 4132 δέ
3355 4079 3453 4146 τὴν
3483 4079 3709 4146 στερεὰν
3735 4095 3838 4148 χο-

2243 4165 2470 4236 ρηγοῦσι
2499 4169 2726 4238 τροφήν.
2764 4165 2865 4219 Διὰ
2886 4165 3044 4220 τοῦτο
3071 4166 3164 4220 καὶ
3191 4165 3402 4237 νεϐροῖς
3445 4165 3678 4230 αύτοὺς⁷
3713 4166 3834 4220 άπ-

2237 4259 2448 4323 εικάξει
2486 4258 2764 4329 δορκάδος,
2799 4257 2860 4312 τὸ
2892 4257 3176 4329 ὀξυδερκὲς
3203 4257 3384 4311 αὐτῶν
3407 4259 3500 4310 καὶ
3528 4257 3589 4312 τὸ
3614 4257 3836 4329 θεωρηο

2241 4352 2391 4405 τικδν
2447 4350 2765 4420 θαυμάζων.
2823 4350 3072 4422 Νεϐροὺς
3109 4351 3130 4382 ⁸
3170 4350 3227 4404 δὲ
3281 4350 3430 4418 λέγει
3483 4350 3742 4420 δορκάδος
3780 4351 3830 4416 ⁸,

552 4432 758 4490 Paulus
789 4454 803 4490 :
832 4436 944 4510 95
976 4457 995 4488 σ
1027 4439 1186 4494 Nunc
1219 4443 1612 4511 cognoscimus
1657 4459 1723 4500 ex
1767 4455 1946 4515 parte,
1999 4455 2135 4502 tunc

2250 4440 2448 4510 ἐπειδὴ,
2473 4440 2616 4493 κατὰ
2651 4440 2743 4493 τὸν
2777 4440 3047 4510 μακάριον
3078 4439 3311 4507 Παῦλον,
3335 4442 3529 4514 «Ἄρτι
3556 4440 3833 4510 γινώσκοο

554 4534 736 4582 autem
786 4543 1211 4597 cognoscemus.
1266 4533 1416 4588 sicut
1446 4543 1501 4590 et
1524 4537 1734 4606 cogniti
1773 4553 1973 4594 sumus
2014 4539 2063 4592 Ιι.
2111 4556 2130 4590 ι

2250 4547 2344 4599 μεν
2375 4531 2440 4582 ἐκ
2469 4530 2692 4599 μέρους,
2719 4530 2842 4584 τότε
2883 4531 2976 4583 καὶ
3011 4530 3430 4603 ἐπιγνωσόμεθα
3453 4572 3469 4597 ,
3503 4530 3690 4596 καθὼς
3727 4534 3835 4586 καὶ

556 4614 621 4668 Et
659 4616 788 4686 quia
820 4634 978 4674 nunc
1011 4637 1078 4675 ex
1119 4629 1277 4692 parte
1327 4625 1723 4694 cognoscimus
1771 4634 1827 4680 et
1876 4641 1940 4681 ex
1977 4635 2138 4696 parte

2250 4620 2749 4692 ὲπεγνώσθημενίθ.
2789 4640 2808 4673 ι
2846 4621 2954 4676 Καὶ
2983 4623 3171 4694 ἐπειδὴ
3209 4622 3308 4676 νῦν
3336 4624 3403 4677 ἐκ
3440 4623 3639 4694 μέρους
3660 4621 3835 4691 γινώ-

553 4709 975 4779 prophetamus,
1037 4713 1254 4768 hinnuli
1303 4729 1517 4787 capreae
1563 4723 1840 4770 vocantur
1872 4716 2139 4772 doctrinae

2250 4728 2483 4782 σκομεν,
2538 4713 2632 4766 καὶ
2690 4714 2755 4767 ἐκ
2809 4713 3011 4784 μέρους
3066 4715 3485 4786 προφητεύομεν
3516 4715 3560 4747 ⁸⁸
3589 4752 3606 4778 ,
3639 4712 3835 4783 νεϐροὶ

551 4802 742 4856 ubera.
782 4820 802 4854 ι
843 4803 978 4857 Cum
1012 4812 1196 4860 autem
1222 4805 1370 4875 quod
1413 4803 1725 4876 perfectum
1770 4815 1858 4864 est
1897 4807 2146 4873 venerit,"

2250 4801 2498 4874 Βορκάδος
2511 4806 2565 4857 ot
2589 4805 2688 4875 τῆς
2708 4804 3057 4870 διδασκαλίας
3080 4807 3583 4879 προσαγορεύονται
3603 4806 3832 4879 μαστοῦ

551 4897 686 4944 tunc
710 4891 1034 4948 destruetur
1060 4893 1113 4948 id
1140 4893 1291 4963 quod
1318 4909 1386 4949 ex
1421 4903 1581 4964 parte
1609 4903 1696 4950 est
1721 4893 1767 4949 ι.
1804 4914 1823 4948 ι
1858 4893 1971 4949 llos
2005 4908 2138 4964 quo-

2250 4912 2266 4944 ι
2285 4894 2412 4948 ὃταν
2432 4893 2488 4948 δὲ
2519 4893 2646 4966 ἐλθῃ
2673 4893 2734 4948 τὸ
2756 4895 2980 4962 τέλειον,
3007 4897 3130 4950 τότε
3145 4898 3207 4952 τὸ
3227 4899 3271 4931 ⁸⁸
3292 4900 3358 4952 ἐκ
3387 4898 3591 4970 μέρους
3616 4913 3836 4969 καταρο

549 4995 658 5047 que
686 4979 822 5036 dicit
857 4983 1002 5039 inter
1021 4985 1136 5039 lilia
1168 4983 1345 5052 pasci,
1375 4983 1482 5039 hoc
1511 4992 1600 5040 est
1631 4985 1862 5042 herbam
1887 4985 2133 5042 odorife-

2250 4983 2554 5054 γηθήσεται.
2581 5004 2598 5034 ι
2629 4984 2736 5038 Καὶ
2751 4984 2978 5049 τούτους.
2989 4985 3046 5039 δέ
3067 5004 3229 5058 φησιν
3248 4989 3308 5042 ἐν
3319 4989 3528 5059 κρίνοις
3538 4987 3832 5060 νέμεσθαι,

641 5147 655 5182 ι
700 5133 897 5205 Εριιεε.
942 5137 1132 5203 νι,16.
1215 5137 1692 5205 ιιΙΟοΓ.ιιιι,12.
1780 5140 1964 5196 1Ibid.
1993 5141 2076 5196 l0.

1801 5293 2039 5351 VARIE
2091 5292 2496 5349 LECTIONES.

648 5376 976 5458 ⁸¹¹λέτιυρονἶ
1025 5381 1288 5458 Πρω-χιιι
1317 5384 1534 5458 fissura.
1572 5457 1580 5458 ί
1634 5387 1703 5458 “7
1717 5387 1887 5458 μῆλόν
1925 5403 2041 5458 σου.
2080 5384 2253 5458 Hebr.
2274 5394 2489 5458 tempus
2530 5392 2703 5458 tuum,
2743 5396 2789 5458 ξε
2823 5389 3070 5458 tempora
3113 5394 3226 5439 tua.
3335 5386 3528 5458 "cod.
3560 5385 3719 5458 εᾷκαι

831 5447 876 5528 ’ξ
913 5449 1251 5528 κόκκους-1η
1279 5457 1414 5528 cod.
1430 5457 1676 5528 sequitur
1695 5447 2306 5528 interpretatiol’selli.‘
2326 5526 2336 5528 μ
2359 5447 2406 5528 ’_‘
2439 5455 2518 5516 εἰς
2539 5451 2902 5528 θαλςξκῌεὺν.
2932 5447 2999 5508 id
3023 5457 3465 5528 armamentaria.
3544 5459 3560 5490 ⁸
3587 5447 3821 5528 βολίδεςξ

555 5514 837 5602 {tenemur
864 5519 919 5572 in
946 5522 1101 5602 (ξοδ.-
1125 5514 1138 5518 ⁷
1175 5526 1196 5556 ³
1221 5526 1313 5602 καί
1355 5514 1558 5602 iulg-qm;
1584 5528 1719 5602 ἐστι.
1755 5514 1881 5602 Des.
1918 5527 1971 5579 in
2001 5526 2154 5602 cod._
2217 5524 2239 5556 ³
2260 5524 2413 5578 ἀλλά.
2469 5514 2598 5602 βοά.ζ
2627 5514 2776 5602 addit
2807 5523 2919 5602 καί.
2991 5591 3006 5602 _
3027 5524 3050 5554 ‘
3078 5525 3278 5602 πασας.
3308 5526 3430 5602 cod.
3467 5514 3821 5602 prtem._xa_t.

551 5586 576 5666 ξ
606 5585 731 5666 cod.
769 5589 1160 5666 ἁποστολικῶν.
1239 5585 1595 5666 ἦάσθένειαν.
1624 5597 1681 5650 In
1713 5596 1844 5666 cod.
1867 5597 2116 5666 sequitur
2141 5594 2522 5666 interpretatio
2557 5589 2742 5666 Pselli.
2848 5592 2868 5623 ’
2905 5585 3276 5666 οοόηαὺτοῑς.

547 5653 918 5782 1
955 5678 1138 5731 pra-tn.
1173 5663 1284 5718 καί.
1394 5665 1439 5696 ¹⁰
1467 5667 1621 5718 ὲκ-
1645 5653 1961 5733 ἐπεγνώσθῖ
1989 5664 2112 5720 Des.
2167 5665 2221 5719 in
2251 5653 2371 5720 cod.
2471 5661 2510 5694 "
2550 5660 2642 5714 καὶ
2676 5693 2743 5702 -
2776 5661 3212 5734 προφητεύομεν.
3240 5653 3374 5723 Βου.
3403 5665 3536 5721 lbid.

659 5739 723 5781 ιιι
753 5744 782 5782 a
803 5739 925 5783 cod.

3381 5595 3404 5627 ⁸
3436 5595 3559 5652 cod.
3595 5596 3818 5668 νεϐροῦ.

3403 5665 3536 5720 ibid.
3651 5667 3691 5698 "
3732 5668 3818 5720 τό.
