4088 6426
320 313 414 376 ιω
1290 339 1298 344 ·
1382 318 1462 378 IN
1496 317 1886 379 CANTICUM
1909 317 1929 376 (

2034 315 2201 374 iTIC.
2231 315 2380 375 LIB.
2411 316 2493 375 II.
3513 321 3614 385 134

319 432 548 488 τουτέστι
579 431 726 494 πόας
759 429 1014 496 εῦὼδους
1037 433 1499 504 ,μεταλαμϐάνειν
1519 435 1665 490 ’ἐστι
1699 437 1756 489 δὲ
1791 435 1929 506 αῦτη

2039 447 2177 499 ram,
2203 448 2327 503 quae
2353 444 2441 489 est
2465 433 2702 504 spiritus
2727 432 3000 497 doctrina,
3031 434 3336 504 percipere.
3369 435 3438 489 At
3462 437 3614 509 Sym-

316 527 340 594 ξ
379 521 469 577 τοῦ
504 520 841 593 πνεύματος
883 523 1243 578 διδασκαλία.
1277 526 1440 580 Κατὰ
1475 527 1532 581 δὲ
1564 529 1656 580 τὸν
1702 526 1929 598 Σύμμα-

2035 522 2268 577 machus
2313 522 2491 586 dixit,
2551 541 2568 573 ι
2613 522 2778 578 ﬂores
2805 537 3061 594 pascere.
3104 540 3123 574 ι
3171 521 3281 578 Eos
3329 526 3474 580 enim
3520 529 3614 598 qui

311 634 415 686 χον,
453 633 473 667 ι
503 614 647 685 ἄνθη
687 614 898 685 νέμειν
935 616 1002 682 ¹³,
1030 635 1051 668 ι
1083 618 1257 688 φησί·
1296 621 1426 683 τοὺς
1460 619 1570 692 γὰρ
1602 619 1929 684 ἀξιωθέντας

2034 612 2168 668 facti
2225 623 2356 670 sunt
2407 613 2583 684 digni,
2636 621 2696 668 ut
2747 614 2862 670 sint
2915 613 3146 683 spiritus
3199 613 3387 681 flores,
3440 616 3614 672 ubera

309 707 459 770 ἄνθος
480 706 752 775 γενέσθαι
777 707 886 761 τοῦ
921 709 1250 778 πνεύματος
1277 712 1328 765 οί
1355 715 1458 782 τῆς
1484 712 1705 782 νύμφης
1738 712 1929 783 μαστοὶ

2035 721 2277 778 sponsae,
2331 722 2398 762 ex
2447 707 2655 776 quibus
2691 707 2963 762 doctrina
3019 707 3214 762 latices
3265 705 3468 774 ﬂuunt,
3517 723 3617 779 pa-

307 802 520 871 νέμουσι
563 800 665 853 καὶ
690 801 1102 870 ποιμαίνουσι,
1132 803 1204 856 τὰ
1232 805 1330 873 τὴς
1361 804 1712 868 διδασκαλίας
1748 805 1929 869 αὐτοῖς

2034 806 2220 863 scunt,
2269 805 2322 852 et
2368 799 2676 854 nutriunt:
2723 818 2742 850 ι
2781 798 2956 853 donec
3008 797 3217 868 aspiret
3276 797 3424 864 dies,
3488 816 3509 852 ι
3562 807 3619 853 et

307 885 708 956 προσφέροντες
763 888 1037 958 νάματα,
1077 908 1096 940 ι
1125 890 1233 954 ἓως
1275 891 1572 963 διαπνεύσῃ
1597 895 1630 964 ἠ
1660 894 1863 964 ἡμέρα,
1907 911 1927 946 ι

2034 899 2224 953 aestus,
2262 887 2366 944 hoc
2399 897 2485 944 est
2525 890 2653 943 vita
2681 889 2928 954 labores,
2962 889 3224 944 desinant
3255 907 3273 945 :
3308 907 3328 940 ι
3360 899 3416 946 et
3455 899 3618 946 mota

306 982 401 1033 καὶ
443 977 581 1049 λήξῃ
616 981 723 1048 μὲν
756 981 834 1032 τὰ
871 982 1155 1052 καύματα
1188 982 1264 1046 ιδ,
1295 984 1576 1037 τουτέστιν
1603 985 1633 1036 ὁ
1675 985 1929 1048 ἐπίπονος

2034 979 2245 1036 fuerint
2297 979 2530 1044 umbrae,
2584 999 2603 1034 ι
2641 979 2696 1034 id
2727 988 2834 1045 est,
2872 981 3090 1050 negotia
3125 983 3442 1049 praesentia,
3493 997 3618 1052 qua

312 1068 449 1136 βίος·
487 1086 506 1120 ε
544 1068 830 1137 mamilth
861 1069 930 1122 δὲ
976 1072 1037 1123 αί
1077 1071 1254 1134 σκιαὶ,
1285 1089 1304 1123 ι
1355 1072 1424 1124 τὰ
1457 1072 1704 1144 παρόντα
1752 1074 1929 1143 πρᾶγ·

2034 1069 2268 1133 umbris,
2315 1078 2369 1124 ut
2429 1070 2640 1124 dictum
2692 1079 2802 1135 est,
2862 1081 3283 1141 comparantur,
3330 1073 3491 1128 linem
3523 1075 3618 1129 ha-

315 1177 482 1230 ματα,
535 1160 661 1223 ταῖς
715 1161 920 1223 σκιαῖς
994 1161 1422 1232 ἀπεικασμένα,
1454 1161 1530 1226 ὡς
1588 1161 1928 1234 προείρηται.

2034 1159 2218 1214 beant.
2249 1159 2332 1213 lta
2364 1173 2586 1228 sponsae
2625 1160 2894 1215 membris
2924 1162 3284 1227 collaudatis,
3327 1183 3346 1214 ‹
3378 1160 3617 1227 Vadam,

312 1251 486 1314 Οὕτως
536 1249 856 1314 ἐπαινέσας
889 1251 1000 1320 τῆς
1041 1251 1267 1322 νύμφης
1313 1252 1382 1305 τὰ
1412 1251 1570 1322 μέλη,
1604 1271 1622 1303 ι
1664 1250 1933 1318 Πορεύσο-

318 1361 427 1412 μαι,
455 1343 624 1412 φησιν
650 1380 669 1405 ,
703 1342 960 1413 ἐμαυτῷ
997 1343 1138 1414 πρὸς
1186 1343 1313 1412 ὅρος
1366 1345 1466 1414 τῆς
1524 1343 1789 1414 σμύρνης,
1838 1341 1932 1398 καὶ

317 1433 440 1502 πρὸς
497 1432 694 1502 βουνὸν
736 1431 843 1486 τοῦ
900 1433 1159 1487 λιϐάνου.
1199 1453 1220 1486 ι
1271 1432 1522 1504 Ἐπειδὴ,
1555 1432 1758 1504 φησὶν,
1789 1432 1932 1486 οῦτω

313 1526 592 1596 τυγχάνεις
612 1525 953 1596 εὐπρεπὴς,
979 1525 1161 1589 οῦτως
1183 1525 1382 1597 ὡραία,
1414 1524 1558 1580 οῦτω
1591 1525 1830 1596 λάμπεις
1853 1525 1933 1597 τῷ

315 1615 493 1670 κᾶλλει
514 1657 530 1681 ,
560 1614 745 1680 οῦτως
791 1615 1064 1688 ὲτρώθης
1090 1616 1172 1688 τῷ
1205 1616 1334 1688 περὶ
1367 1617 1468 1688 ἐμὲ
1499 1616 1731 1688 φίλτρῳ,
1763 1633 1929 1671 κατα-

2034 1623 2313 1685 oppetam,
2345 1621 2398 1670 et
2438 1615 2679 1686 myrrhze
2709 1625 2952 1671 montem
2983 1625 3183 1686 sponte
3215 1621 3616 1678 conscendam.

315 1705 535 1776 δέχομαι
561 1705 654 1759 τὸν
673 1705 833 1777 ὑπὲρ
861 1705 968 1760 σοῦ
989 1705 1248 1770 θάνατον,
1276 1706 1370 1759 καὶ
1399 1705 1740 1778 πορεύσομαι
1761 1709 1929 1776 ἐμαυ-

2035 1703 2141 1761 Sed
2183 1707 2384 1759 iterum
2444 1719 2696 1775 surgam,
2729 1714 2785 1760 et
2813 1713 3061 1761 revertar
3091 1707 3159 1761 ad
3181 1708 3381 1764 collem
3411 1711 3617 1766 thuris.

315 1796 389 1866 τῷ
413 1795 549 1868 πρὸς
572 1797 635 1850 τὸ
675 1797 817 1868 ϐρος
854 1797 964 1866 τῆς
1001 1796 1254 1870 σμύρνης
1277 1812 1291 1827 °
1324 1796 1460 1853 ἀλλὰ
1490 1798 1653 1852 πάλιν
1697 1799 1929 1870 ἀναστή-

2034 1795 2153 1853 Jam
2211 1812 2342 1852 vero
2392 1811 2558 1867 supra
2595 1789 2874 1854 'diximus
2941 1799 3096 1854 illum
3180 1816 3280 1870 per
3335 1801 3618 1874 myrrham

321 1903 496 1958 σομαι.
525 1889 626 1942 καὶ
656 1887 940 1958 ἐπανήξω
973 1889 1115 1960 πρὸς
1142 1889 1235 1943 τὸν
1273 1887 1462 1958 βουνὸν
1492 1888 1588 1944 τοῦ
1617 1889 1838 1945 λιϐάνου
1862 1891 1928 1944 ι’.

2034 1895 2262 1942 mortem
2299 1887 2616 1958 significare
2648 1904 2664 1954 ;
2720 1903 2819 1959 per
2851 1889 2980 1944 thus
3013 1899 3198 1946 autem
3238 1899 3495 1946 naturam
3529 1892 3619 1948 di-

321 1979 424 2034 Kai
443 1981 542 2051 ήδη
590 1979 651 2034 δὲ
689 1982 1153 2053 προειρήκαμεν,
1191 1980 1268 2045 ὡς
1300 1981 1399 2052 μὲν
1427 1981 1518 2036 διὰ
1541 1984 1642 2054 τῆς
1682 1983 1929 2054 σμύρνης

2034 1979 2236 2034 vinam.
2285 1976 2657 2044 Quaerendum
2702 1990 2788 2035 est
2834 1979 3024 2050 igitur,
3083 1996 3188 2038 cur
3217 1993 3484 2049 montem,
3549 1982 3621 2037 de

323 2070 408 2124 τὸν
434 2071 666 2125 Θάνατον
701 2072 1051 2144 παραδηλοῖ,
1078 2073 1166 2127 διὰ
1199 2073 1258 2128 δὲ
1287 2073 1380 2128 τοῦ
1405 2073 1624 2129 λιϐάνου
1646 2075 1746 2147 τὴν
1779 2075 1930 2129 θείαν

327 2162 494 2228 φύσιν.
523 2163 816 2234 Ζητητέον
856 2163 1049 2217 τοίνυν
1071 2205 1087 2229 ,
1129 2165 1276 2229 τίνος
1311 2165 1412 2236 μὲν
1452 2166 1639 2219 ἕνεκεν
1671 2166 1797 2236 ὅρος
1831 2165 1930 2237 μὲν

333 2254 412 2306 lit!
439 2253 674 2308 θανάτου
711 2254 1111 2318 τέθεικεν,ὲπὶ
1140 2255 1196 2309 δὲ
1232 2256 1327 2327 τῆς
1353 2256 1628 2328 θειότητος
1647 2257 1692 2289 ⁸⁸
1716 2256 1921 2327 βουνόν.

340 2342 449 2394 Ὀτι
471 2342 626 2412 μέγα.
666 2344 768 2397 καὶ
803 2341 1064 2415 ἄρρητον
1085 2383 1099 2406 ,
1133 2345 1225 2397 καὶ
1263 2344 1498 2409 διανοίας
1529 2345 1678 2398 ἐστὶν
1719 2344 1928 2415 ἀνθρώ-

347 2447 452 2483 πων
470 2432 775 2500 άνέσικτον,
808 2434 879 2487 τὸ
905 2433 1004 2488 τδν
1029 2435 1089 2488 ἐν
1113 2438 1294 2506 μορφῇ
1332 2435 1468 2489 Θεοῦ
1493 2437 1806 2510 ὑπάρχοντα
1853 2437 1928 2510 μὴ

349 2523 621 2594 ἁρπαγμὸν
649 2525 1006 2596 ἡγήσασθαι,
1026 2526 1089 2580 τὸ
1122 2523 1264 2580 εἶναι
1287 2527 1377 2581 ίσα
1408 2527 1548 2598 Θεῷ,
1577 2529 1690 2582 ἀλλ’
1737 2529 1929 2583 ἑαυτὸν

344 2614 634 2670 xcutiam
659 2617 894 2689 μορφὴν
915 2617 1109 2672 δούλου
1147 2618 1332 2672 λαϐεῖν
1351 2660 1366 2683 ,
1397 2619 1492 2673 καὶ
1530 2623 1588 2675 ὲν
1619 2619 1926 2692 ὁμοιώματι

335 2704 625 2777 ἀνθρώπων
678 2709 994 2778 γενόμενον
1047 2709 1143 2762 καὶ
1211 2710 1455 2780 σχήματι
1507 2710 1800 2782 εὑρεθέντα
1853 2711 1928 2774 ὡς

327 2796 604 2868 ἄνθρωπον
639 2800 713 2864 ",
742 2799 1102 2854 ταπεινῶσαι
1128 2801 1322 2854 ἑαυτὸν
1354 2801 1516 2874 μέχρι
1553 2801 1808 2867 θανάτου,
1835 2801 1929 2857 θα-

327 2890 479 2943 νὲτου
507 2890 565 2943 δὲ
602 2893 880 2962 σταυροῦ.
925 2893 1004 2946 To
1044 2892 1102 2946 δὲ
1146 2896 1226 2957 είς
1259 2893 1357 2966 τὴν
1388 2895 1594 2950 οἰκείαν
1631 2895 1790 2962 δόξαν
1825 2896 1928 2948 έπ-

2035 2900 2141 2945 tem
2167 2894 2356 2948 crucis
2391 2902 2450 2947 ".
2505 2890 2576 2947 Ut
2618 2901 2802 2948 autem
2838 2891 2906 2946 ad
2946 2894 3225 2964 propriam
3260 2895 3494 2965 gloriam
3529 2910 3620 2952 re-

319 2980 581 3047 ανιλθείν,
605 2983 709 3035 καὶ
741 2983 1083 3054 ὼξασθῆναι
1109 2987 1177 3056 τῇ
1209 2985 1336 3056 δόξῃ
1443 2980 1554 3056 εἶχε
1581 2987 1687 3058 πρὸ
1713 2986 1808 3041 τοῦ
1837 2986 1928 3041 τὸν

2034 2981 2200 3048 diret,
2256 2993 2310 3038 et
2356 2983 2767 3055 glorificaretur
2816 2999 2881 3039 ea
2931 2985 3132 3054 gloria,
3193 3000 3362 3056 quam
3423 2987 3622 3042 [tabuit

319 3071 521 3141 κόσμον
555 3074 852 3141 γενέσθαι,
882 3074 985 3128 οὐκ
1010 3069 1080 3144 ἦν
1117 3076 1296 3145 μέγα,
1320 3076 1441 3130 οὐδὲ
1479 3076 1760 3139 ἐπίπονον,
1792 3077 1928 3132 ἀλλὰ

2040 3086 2338 3145 antequam
2375 3075 2616 3131 mundus
2649 3077 2808 3131 fieret
2845 3084 2895 3138 ιι,
2948 3077 3001 3131 id
3037 3092 3170 3132 vero
3199 3093 3300 3133 nec
3331 3094 3615 3150 magnum,

316 3125 1300 3239 ιω⁶λεαν⁹ρςιδιοᾲ.ᾉιά”τξέτὲδὶαόξ
1328 3125 1438 3240 ξίιῖ
1462 3125 1928 3244 .'.,;";,;{;;.;;13

2044 3125 2338 3145 mars---
2376 3125 2613 3131 ---νηη-
2649 3125 2805 3131 ------
2882 3125 2895 3138 .
2948 3125 3001 3131 --
3050 3125 3166 3132 ψ-
3199 3125 3299 3133 ---ν
3331 3125 3615 3150 -..τη-η..

2039 3181 2141 3220 nec
2178 3166 2540 3232 laboriosum,
2572 3166 2681 3220 imo
2719 3164 3014 3221 admodum
3047 3165 3214 3222 facile
3244 3167 3365 3222 fuit.
3402 3170 3619 3226 ldcirco

317 3257 472 3324 φησι,
507 3256 709 3328 βουνὸν
739 3257 798 3311 δὲ
833 3257 933 3312 τοῦ
979 3259 1200 3314 λιϐάνου
1223 3301 1238 3325 ,
1271 3260 1487 3326 δεικνὺς
1508 3263 1590 3317 ὅτι
1637 3263 1797 3318 τοῦτο
1828 3263 1929 3335 μέν

2037 3267 2279 3311 montem
2319 3257 2562 3328 myrrha:
2611 3255 2785 3320 dixit,
2825 3255 3021 3310 collem
3070 3263 3252 3312 autem
3290 3257 3493 3323 thuris,
3561 3267 3622 3313 ut

2033 3348 2141 3404 hoc
2173 3349 2278 3405 sibi
2316 3348 2481 3405 facile
2515 3350 2928 3403 demonstraret
2960 3366 2974 3402 :
3005 3348 3138 3402 illud
3171 3358 3350 3403 autem
3384 3349 3619 3404 arduum

2034 3444 2306 3515 imprimis
2371 3450 2600 3513 prepter
2650 3439 3071 3495 humanitatem.
3132 3440 3320 3509 Itaque
3371 3456 3498 3495 cum
3549 3443 3620 3498 ad

2035 3536 2229 3592 mortis
2258 3536 2568 3589 cruciatum
2608 3532 3100 3602 appropinquaret,
3131 3550 3150 3583 ι
3199 3529 3378 3594 Nunc,
3410 3534 3616 3604 inquit,

2033 3627 2218 3680 anima
2256 3639 2376 3679 mea
2417 3623 2636 3678 turbata
2669 3634 2754 3678 est
2781 3630 2824 3677 °.
2859 3641 2879 3675 ι
2918 3620 2984 3676 Ει
3015 3639 3028 3677 :
3069 3640 3088 3673 ι
3131 3621 3318 3686 Pater,
3351 3623 3398 3679 si
3441 3624 3622 3694 possi-

2032 3719 2141 3775 bile
2171 3726 2279 3780 est,
2333 3724 2581 3772 transeat
2624 3731 2653 3770 τι
2701 3731 2788 3770 me
2827 3716 2975 3770 calix
3020 3715 3126 3772 iste
3160 3725 3208 3771 ι».
3253 3736 3272 3769 ι
3312 3715 3380 3770 Ει
3420 3732 3619 3774 rursus

2035 3812 2263 3882 subjicit
2295 3829 2338 3865 ιι
2378 3809 2446 3865 Et
2481 3809 2615 3880 quid
2651 3809 2824 3866 dico?
2855 3810 3036 3875 Pater,
3070 3809 3224 3865 salva
3259 3825 3346 3865 me
3372 3825 3438 3866 ex
3477 3810 3616 3865 hora

2033 3905 2138 3960 hac
2173 3919 2189 3958 :
2226 3902 2322 3960 sed
2371 3911 2665 3973 propterea
2715 3901 2841 3957 veni
2893 3901 2950 3956 in
3003 3901 3195 3956 horam
3237 3901 3380 3956 hanc
3409 3911 3459 3956 ιι.
3503 3921 3523 3956 ι
3559 3899 3619 3959 Id

2033 3997 2140 4052 hoc
2187 3997 2354 4052 etiam
2397 3995 2520 4050 loco
2557 3993 2901 4062 significans,
2933 4011 2952 4045 ς
2987 3990 3221 4058 Vadam,
3253 3993 3455 4063 inquit,
3482 3994 3618 4049 mihi

2033 4089 2138 4160 ipsi
2171 4089 2236 4142 ad
2293 4094 2534 4142 montem
2581 4083 2859 4154 myrrhae,
2902 4091 2957 4138 et
3010 4084 3079 4138 ad
3131 4085 3325 4140 collem
3359 4084 3560 4142 thuris.
3592 4103 3614 4138 ι

2036 1249 2236 1320 inquit,
2265 1250 2400 1304 mihi
2433 1250 2545 1319 ipsi
2586 1250 2654 1304 ad
2701 1258 2942 1306 montem
2983 1253 3246 1322 myrrhae,
3281 1260 3338 1308 et
3365 1254 3436 1308 ad
3500 1256 3620 1311 col-

2035 1339 2139 1396 lem
2186 1341 2392 1396 thuris.
2441 1358 2460 1391 ›
2512 1338 2774 1407 Quando,
2819 1340 3042 1411 inquit,
3087 1342 3225 1397 adeo
3274 1343 3479 1400 decora
3533 1360 3617 1414 τι,

2034 1419 2171 1488 adeo
2213 1431 2498 1496 formosa,
2551 1432 2691 1486 adeo
2743 1431 3165 1502 pulchritudine
3213 1437 3516 1500 excellens,
3565 1446 3622 1492 et

2034 1523 2240 1578 amoris
2277 1538 2406 1594 erga
2438 1538 2525 1578 me
2559 1523 2788 1577 vulnere
2831 1524 3076 1578 sauciata
3102 1563 3118 1588 ,
3157 1540 3256 1595 pro
3289 1534 3340 1582 te
3376 1534 3616 1583 mortem

2032 2077 2210 2124 morte
2259 2069 2515 2139 loquens,
2563 2069 2812 2136 dixerit;
2873 2073 3071 2127 collem
3101 2081 3284 2129 autem
3316 2076 3384 2130 de
3413 2075 3620 2130 divini-

2032 2168 2163 2215 tate.
2217 2157 2357 2226 Quia
2398 2160 2534 2215 illud
2576 2173 2686 2215 tam
2737 2177 3020 2231 magnum,
3077 2165 3382 2225 excelsum,
3448 2174 3620 2236 atque

2028 2250 2138 2322 95
2169 2266 2435 2306 arcanum
2473 2262 2590 2316 est,
2621 2259 2682 2306 ut
2716 2253 2787 2307 ab
2816 2254 3045 2310 homine
3094 2255 3284 2311 animo
3317 2265 3373 2310 et
3404 2259 3618 2326 rogita-

2032 2343 2180 2398 tione
2239 2350 2481 2412 nequeat
2535 2343 2984 2413 comprehendi:
3039 2359 3164 2398 eum
3223 2346 3318 2416 qui
3385 2346 3618 2402 formam

2029 2431 2127 2488 Dei
2162 2433 2424 2502 habebat,
2462 2449 2574 2489 non
2609 2437 2856 2504 rapinam
2890 2436 3220 2490 arbitratum
3253 2451 3379 2492 esse
3413 2451 3472 2493 se
3495 2453 3622 2494 esse

2033 2526 2303 2596 :equalem
2351 2527 2481 2592 Deo,
2528 2527 2626 2582 sed
2666 2528 3046 2584 exinanivisse
3100 2530 3458 2599 semetipsum
3508 2531 3623 2587 for-

2036 2632 2180 2671 mam
2237 2618 2386 2673 servi
2456 2618 2848 2686 accipientem,
2908 2632 2961 2675 et
3015 2619 3336 2676 hominibus
3382 2621 3620 2677 similem

2035 2706 2271 2773 factum,
2323 2718 2378 2764 et
2427 2709 2618 2764 habitu
2670 2709 2952 2763 inventum
3006 2717 3067 2763 ut
3102 2710 3402 2778 hominem,
3439 2712 3622 2766 humi-

2036 2798 2206 2854 liasse
2236 2800 2599 2870 semetipsum
2634 2816 2809 2871 usque
2839 2801 2903 2856 ad
2937 2811 3170 2857 mortem
3193 2840 3210 2868 ,
3246 2815 3480 2860 mortem
3519 2819 3620 2861 an-

316 3349 464 3401 ἐστιν
495 3349 738 3413 εὐπετὲς
754 3350 931 3420 αὐτῷ,
953 3353 1051 3406 καὶ
1075 3353 1220 3424 μάλα
1249 3352 1450 3425 ῥᾴδιον,
1469 3356 1645 3407 έκεῖνο
1670 3354 1727 3408 δὲ
1760 3358 1932 3428 πρόσ-

316 3454 477 3502 αντες
506 3439 602 3494 διὰ
621 3441 690 3494 τδ
719 3440 1072 3512 ἀνθρώπειον
1107 3444 1172 3497 ⁸³.
1202 3447 1294 3497 Διὸ
1329 3444 1423 3497 καὶ
1449 3444 1580 3516 παρ’
1611 3445 1742 3498 αὐτὸ
1775 3445 1926 3515 γενό·

320 3548 485 3600 μενος
505 3531 572 3585 τὸ
593 3533 778 3596 πάθος
808 3533 974 3604 φησί’
992 3533 1110 3588 Νῦν
1140 3537 1175 3606 ὴ
1200 3535 1346 3607 ψυχή
1380 3553 1481 3606 μου
1520 3537 1852 3609 τετάρακται
1876 3555 1890 3570 ·
1907 3558 1926 3591 ι

321 3625 442 3686 καὶ,
482 3641 504 3675 ι
542 3624 763 3695 Πάτερ,
797 3625 850 3678 εί
894 3624 1123 3680 δυνατὸν
1156 3667 1171 3691 ,
1206 3626 1523 3698 παρελθέτω
1563 3627 1626 3681 τὸ
1669 3629 1932 3701 ποτήριον

318 3713 482 3770 τοῦτο
504 3715 824 3786 ἀπ’ὲμοῦ.»
861 3716 1022 3771 Ἀλλὰ
1051 3717 1213 3772 πάλιν
1246 3718 1502 3788 ἐπάγειοι
1539 3719 1651 3773 Καὶ
1679 3720 1889 3774 τίείπω
1914 3738 1928 3788 ;

325 3806 472 3861 “ﬁt:
482 3826 535 3880 ρ,
563 3809 750 3863 σῶσόν
773 3829 843 3881 με
865 3813 931 3865 ὲκ
951 3816 1049 3884 τῆς
1072 3812 1223 3884 ὥρας
1241 3813 1446 3885 ταύτης
1464 3831 1480 3849 ο
1504 3815 1642 3869 ἀλλὰ
1665 3815 1753 3870 διὰ
1773 3817 1932 3871 τοῦτο

319 3899 564 3970 ἐλήλυθα
607 3903 692 3965 είς
735 3901 836 3974 τὴν
869 3902 1021 3974 ὥραν
1060 3904 1290 3975 ταύτην.
1326 3925 1344 3958 ι
1371 3905 1542 3960 Τοῦτο
1571 3907 1666 3962 καὶ
1696 3905 1930 3962 ἐνταῦθα

317 3991 664 4063 παραδηλῶν
698 4009 839 4063 φησγ⁸
881 4010 896 4023 ·
949 4012 969 4045 α
1024 3995 1371 4066 Πορεύσομαι
1417 3997 1642 4068 ἐμαυτῷ
1684 3998 1822 4068 πρὸς
1870 3997 1932 4051 τὸ

320 4083 449 4154 ὅρος
476 4085 582 4155 τῆς
605 4085 888 4155 σμύρνης,
913 4087 1008 4140 καὶ
1030 4086 1168 4156 πρὸς
1193 4087 1288 4140 τὸν
1317 4086 1508 4157 βουνὸν
1537 4087 1632 4142 τοῦ
1649 4087 1924 4144 λιϐάνου.»

334 4175 636 4246 Ἑκάτερον
658 4176 776 4246 γὰρ
802 4175 946 4230 ἑκὼν
986 4177 1145 4240 ποιῶ,
1177 4179 1277 4248 οὐχ
1304 4180 1408 4233 ὑπό
1441 4196 1586 4243 τινος
1609 4178 1931 4249 βιαζόμενος

322 4265 356 4336 ᾗ
384 4267 853 4337 ἀναγκαζόμενος
878 4284 892 4297 ·
915 4287 934 4320 ι
957 4268 1238 4336 Ἐξουσίαν
1263 4271 1376 4342 γὰρ
1395 4271 1502 4342 ἔχω
1527 4270 1697 4325 θεῖναι
1712 4273 1810 4344 τὴν
1829 4272 1932 4342 ψυ-

325 4359 426 4427 χήν
453 4375 584 4429 μου,
614 4360 713 4412 καὶ
734 4359 989 4424 ἐξουσίαν
1013 4360 1122 4430 ἔχω
1139 4361 1304 4416 πάλιν
1331 4362 1516 4416 λαϐεῖν
1533 4364 1725 4436 αὐτήν.
1742 4365 1932 4428 Οὐδεὶς

2037 4175 2344 4245 Utrumque
2391 4174 2541 4229 enim
2603 4173 2784 4227 libens
2837 4171 3007 4236 facio,
3060 4174 3210 4228 nulla
3258 4182 3488 4230 coactus
3517 4190 3617 4232 ne-

2033 4267 2315 4322 cessitate.
2342 4283 2362 4316 ι
2400 4261 2738 4318 Potestatem
2767 4263 2915 4317 enim
2948 4263 3126 4316 habeo
3158 4263 3471 4335 deponendi
3504 4265 3620 4320 ani-

2033 4373 2178 4413 mam
2213 4371 2392 4412 meam
2432 4375 2446 4411 :
2479 4365 2533 4411 et
2567 4363 2895 4425 potestatem
2921 4353 3099 4409 habeo
3126 4355 3328 4410 iterum
3359 4356 3616 4413 sumendi

324 4451 433 4522 γὰρ
478 4452 630 4522 αἴρει
681 4451 861 4522 αὐτὴν
905 4454 1001 4507 ἀπ’
1032 4454 1206 4524 ἐμοῦ·
1238 4453 1351 4524 ἐγὼ
1400 4455 1592 4527 τίθημι
1639 4456 1810 4528 αὐτὴν
1838 4457 1929 4510 ὑπ’

2035 4464 2178 4505 eam.
2198 4445 2372 4504 Nemo
2393 4448 2543 4503 enim
2567 4445 2748 4501 aufert
2766 4461 2886 4502 eam
2908 4461 2937 4499 a
2959 4460 3046 4501 me
3084 4462 3099 4499 :
3139 4446 3241 4502 sed
3269 4460 3370 4519 ego
3399 4448 3618 4520 depono

326 4542 593 4612 ἐμαυτοῦ,
632 4544 723 4597 ἵνα
753 4544 920 4598 πάλιν
943 4545 1095 4601 λάϐω
1119 4547 1294 4620 αὑτήν
1312 4549 1378 4602 ⁸⁸.
1409 4567 1429 4600 ι

395 4634 463 4698 ζ’.
493 4635 649 4703 Ὅλη
678 4636 844 4704 καλὴ
870 4633 944 4702 εἴ,
972 4637 1010 4704 ἡ
1048 4640 1320 4706 πλησίον
1350 4659 1492 4711 μου,
1528 4640 1642 4710 ὅλη
1680 4640 1839 4710 καλὴ
1861 4641 1931 4706 ⁸⁸.

2039 4554 2162 4597 eam
2197 4546 2416 4609 sponte,
2455 4545 2517 4592 ut
2549 4538 2746 4593 iterum
2784 4551 2998 4591 sumam
3032 4535 3178 4590 illam
3220 4545 3264 4591 τ.
3304 4555 3324 4590 ι

2116 4628 2280 4686 νεκε.
2307 4629 2396 4683 l7.
2435 4627 2571 4683 Tota
2603 4628 2827 4697 pulchra
2876 4643 2953 4693 es,
2974 4627 3273 4698 propinqua
3309 4643 3449 4693 mea,
3493 4637 3614 4684 tota

326 4724 420 4776 καὶ
454 4724 673 4794 μῶμος
731 4729 848 4781 οὐκ
899 4728 1073 4782 ἐστιν
1117 4732 1190 4785 ἐν
1220 4732 1342 4786 σοί.
1391 4732 1574 4786 Ἐοικε
1619 4731 1792 4786 ταῦτα
1820 4731 1929 4795 τοῖς

2038 4722 2260 4791 pulchra
2291 4737 2367 4787 es,
2398 4729 2449 4775 et
2481 4719 2697 4774 macula
2728 4735 2833 4774 non
2858 4719 3010 4775 estin
3039 4727 3106 4773 te.
3133 4717 3259 4773 Haec
3291 4719 3434 4776 beati
3460 4717 3620 4777 Pauli

327 4814 420 4868 τοῦ
453 4817 744 4888 μακαρίου
777 4818 999 4872 Παύλου
1030 4821 1239 4893 ῥήμασι
1263 4839 1279 4855 ·
1312 4823 1409 4877 καὶ
1439 4823 1645 4885 ἐκεῖνος
1675 4821 1804 4892 περὶ
1835 4819 1932 4874 τοῦ

331 4903 567 4971 νυμφίου
599 4904 775 4974 φησίν
797 4921 812 4936 ·
842 4924 862 4958 ι
883 4906 998 4961 Ἵνα
1029 4911 1356 4984 παραστήσῃ
1387 4910 1550 4975 αύτδς
1577 4909 1755 4980 ἑαυτῷ
1783 4909 1931 4964 Ινδο-

330 4995 419 5059 ξον
442 4994 546 5066 τὴν
574 4996 917 5068 Ἐκκλησίαν
935 4999 1011 5070 μὴ
1045 4999 1275 5072 ἔχουσαν
1299 5002 1507 5068 σπίλον,
1529 5001 1563 5075 ἢ
1583 5001 1792 5074 ῥυτίδα,
1809 5001 1844 5072 ἦ
1876 5017 1931 5054 τι

333 5086 439 5140 τῶν
469 5086 741 5143 τοιούτων
757 5089 904 5144 ’ἀλλ’
919 5091 1008 5145 ἴνα
1031 5085 1066 5164 ᾗ
1087 5091 1218 5161 ἁγία
1246 5091 1341 5147 καὶ
1359 5093 1612 5166 ἄμωμος.
1626 5112 1645 5147 ι
1665 5093 1932 5163 ’Δμωμος

2038 4813 2225 4868 verbis
2279 4811 2480 4868 similia
2512 4819 2663 4880 sunt,
2715 4825 2843 4865 cum
2892 4811 2962 4867 de
2989 4825 3198 4882 sponso
3224 4811 3461 4882 loquens
3488 4811 3566 4867 ait
3599 4831 3614 4866 :

2043 4925 2063 4962 ι
2114 4903 2184 4961 Ut
2210 4905 2501 4960 exhiberet
2533 4905 2652 4974 ipse
2684 4903 2792 4959 sibi
2825 4903 3125 4974 gloriosam
3148 4902 3477 4967 Ecclesiam,
3503 4917 3616 4958 non

2041 4997 2336 5054 habentem
2377 4994 2491 5066 96
2524 4994 2837 5059 maculam,
2871 5002 2966 5048 aut
3018 5007 3234 5063 rugam,
3273 5000 3368 5046 aut
3406 4992 3616 5063 aliquid

2039 5085 2336 5159 ejusmodi,
2402 5083 2498 5140 sed
2560 5091 2620 5138 ut
2670 5084 2745 5138 sit
2791 5091 2984 5139 sancta
3023 5091 3077 5137 et
3119 5083 3470 5140 immaculata
3496 5088 3550 5141 ,³.
3593 5100 3613 5133 ι

381 5213 426 5277 ξ
443 5200 696 5277 Philipp.
720 5218 798 5277 _n_.
834 5203 954 5262 6-8.
987 5217 1016 5246 ³
1040 5205 1201 5266 Joan.
1221 5225 1355 5277 xvn,
1375 5213 1431 5270 5.
1485 5222 1510 5245 ⁸
1535 5210 1697 5268 Joan.
1718 5226 1818 5276 ιιι,
1839 5209 1929 5266 27.

2034 5205 2257 5263 'Matth.
2291 5220 2443 5271 xxvi,
2483 5204 2570 5260 39.
2647 5213 2675 5254 ιι
2700 5200 2857 5259 Joan.
2889 5217 2990 5266 xu,
3017 5202 3108 5258 27.
3188 5212 3212 5242 τ
3247 5197 3411 5256 Joan.
3437 5217 3492 5266 ι,
3527 5200 3617 5256 l8.

1582 5345 1820 5404 VARIE
1857 5341 2262 5401 LECTIONES.

339 5283 358 5309 -
388 5272 610 5344 ερικε.
630 5272 682 5341 v,
712 5273 806 5330 ετ.

401 5436 448 5468 ’³
479 5434 855 5510 ἄνθη-νέμειν.
889 5437 1092 5510 Supra,
1131 5438 1512 5510 ποιμαίνοντες
1537 5437 1695 5510 ἄνθη.
1719 5435 1839 5492 Vid.
1867 5454 1920 5508 p.
1951 5433 2042 5510 7}.
2081 5450 2140 5490 n.
2173 5433 2228 5487 4.

2307 5429 2354 5462 ³⁸
2381 5430 2486 5494 ἕως
2515 5459 2585 5472 -
2619 5429 2895 5501 καύματα.
2927 5429 3052 5486 Des.
3081 5431 3136 5487 in
3158 5433 3282 5487 cod.
3355 5430 3400 5464 "
3420 5429 3620 5501 πορεύ-

338 5500 863 5586 σομαι-λιϐάνου.
895 5500 1017 5565 Ηεῖο
1045 5500 1101 5565 in
1132 5500 1284 5565 textu
1314 5509 1422 5562 τῶν
1446 5500 1503 5563 0‘
1537 5524 1566 5563 a
1587 5500 2114 5586 Nostro_n'on_le_cta
2152 5516 2296 5586 esse,
2332 5500 2742 5586 ne-sciolqui‘hus
2780 5501 3088 5586 rationibus
3108 5501 3394 5586 adductius
3425 5500 3619 5586 statuit

338 5569 527 5630 Ion-tt.
562 5578 619 5630 in
650 5577 877 5651 Hesspl.
910 5583 978 5637 ad
1015 5583 1073 5636 h.
1115 5581 1156 5634 Ι.
1236 5579 1278 5611 ³⁸
1313 5580 1435 5634 cod.
1472 5579 1744 5649 θεότητος.
1789 5578 1830 5610 ⁸⁷
1862 5574 1986 5631 cod.
2011 5572 2324 5643 ἀνθρώπου.
2369 5570 2414 5603 ’⁸
2444 5569 2569 5653 cadi
2591 5570 2690 5640 τὴν
2718 5569 2987 5693 σμύιςνην.
3032 5574 3074 5634 _"
3096 5571 3218 5651 cod.
3252 5569 3614 5649 ἀνθρωπεῐογ.

339 5647 381 5674 ’⁸
427 5647 623 5694 αἰνήν.
659 5647 714 5694 1η
739 5654 836 5694 rm!
901 5651 1162 5694 mnrxillxl'
1182 5650 1451 5694 exmsilin
1487 5648 1656 5694 trium
1683 5647 1920 5694 Patrum.
2002 5647 2045 5678 υ
2077 5644 2172 5694 ὄλτι
2211 5641 2372 5694 καλή.
2404 5640 2519 5694 Nec
2552 5654 2608 5694 ιιι
2638 5648 2786 5694 textu
2863 5641 2978 5694 ebr.
3011 5654 3111 5694 nec
3142 5654 3194 5693 m
3228 5651 3477 5694 verswne
3505 5653 3614 5690 των

339 5647 392 5724 ᾗ-
427 5647 623 5724 αὑτήν.
659 5647 714 5703 ln
739 5647 856 5709 md.
900 5651 1162 5724 sequitur
1182 5650 1451 5718 expositio
1487 5647 1656 5704 trium
1683 5647 1920 5702 Patrum.

339 5719 408 5766 0'.
432 5717 714 5774 repetitur.

2002 5647 2045 5678 ¹¹
2077 5640 2174 5714 ὅλη
2211 5641 2372 5711 καλή.
2404 5640 2519 5697 Νίιο
2552 5640 2608 5697 in
2638 5648 2748 5695 text

2863 5634 2978 5696 ebr.
3011 5654 3111 5697 nec
3142 5639 3194 5693 in
3228 5634 3477 5695 versione
3505 5634 3616 5690 τῶν
