4088 6454
513 309 614 373 135

1503 306 1989 368 THEODORETI
2020 303 2358 364 EPISCOPI
2386 301 2750 361 CYRENSIS

3673 269 3774 363 1'36

508 415 867 476 lminaculata
925 422 1112 471 autem
1152 424 1208 472 et
1251 415 1484 487 pulchra
1524 417 1733 478 evasit,
1787 416 1916 484 quia
1964 429 2083 484 pro-

2196 413 2254 466 δὲ
2281 413 2472 480 γέγονε
2501 413 2596 465 καὶ⁷
2630 409 2766 482 καλὴ
2787 412 2821 482 ἡ
2853 410 3083 480 πλησίον
3106 410 3202 465 τοῦ
3237 411 3473 482 νυμφίου
3505 417 3774 487 γενομένη

507 507 716 578 pinqua
756 504 948 575 sponsi
986 505 1182 561 eﬂ‘ecta
1209 513 1295 562 est
1327 523 1343 569 ;
1377 513 1542 576 atque
1576 505 1649 560 ita
1682 520 1875 561 omnes
1899 505 2088 576 splen-

506 599 676 654 dores
711 598 977 667 suscepit,
1016 605 1071 652 et
1105 597 1288 652 lucida
1322 613 1386 652 ex
1424 596 1542 667 ipsa
1577 596 1701 650 luce
1731 596 1948 652 reddita
1979 607 2084 652 est.

509 691 727 744 lltinam
756 691 919 747 nobis
947 691 1113 745 etiam
1146 690 1508 753 concedatur,
1535 697 1597 742 ut
1625 707 1645 739 ι
1689 689 1929 742 revelata
1951 687 2090 744 facie

505 785 736 852 gloriam
764 781 983 836 Domini
1011 783 1388 850 speculantes,
1419 781 1473 835 in
1507 782 1756 836 eamde
1792 782 2086 852 imaginem

505 873 971 928 transformamur
1016 886 1044 923 a
1087 871 1345 924 claritate
1378 870 1431 924 in
1464 871 1777 925 claritatem
1813 880 2079 941 tanquam

504 975 533 1013 a
570 960 802 1014 Domino
843 959 1052 1028 Spiritu
1086 965 1128 1025 ι,
1169 979 1188 1013 ι
1237 977 1364 1016 cum
1407 977 1519 1031 quo
1553 960 1743 1022 Patri,
1793 977 1900 1016 una
1953 977 2080 1016 cum

504 1063 696 1107 sancto
721 1049 959 1121 Spiritu,
988 1052 1166 1124 gloria
1190 1055 1243 1108 in
1275 1055 1477 1111 secula
1505 1054 1855 1108 seculorum.
1885 1054 2080 1108 Amen.

578 1235 597 1271 ί
631 1232 673 1287 ll
712 1233 844 1288 Cor.
886 1247 973 1298 ιιι,
1013 1232 1102 1287 18.

525 1353 607 1410 Vp

504 1486 547 1518 "
575 1483 1056 1557 καὶ-γινομένη.
1096 1483 1220 1540 Des.
1257 1485 1311 1540 in
1344 1486 1470 1542 cod.

2189 505 2282 556 καὶ
2306 502 2407 566 τὰς
2437 502 2646 556 ἐκεῖθεν
2693 501 3062 574 μαρμαρυγὰς
3101 503 3396 574 δεξαμένη,
3423 505 3518 557 καὶ
3545 521 3777 573 φωτοει-

2186 593 2284 664 δὴς
2307 595 2372 646 ἐκ
2402 593 2496 646 τοῦ
2530 593 2707 663 φωτὸς
2749 593 3017 663 γενομένη
3038 595 3105 646 η.
3136 593 3350 648 Γένοιτο
3377 594 3432 647 δὲ
3463 597 3612 664 ἡμᾶς
3638 598 3777 650 ἀνα-
3864 644 3872 649 .

2188 685 2590 755 κεκαλυμμένῳ
2619 685 2897 757 προσώπῳ
2924 686 3023 756 τὴν
3055 685 3213 750 δόξαν
3243 686 3449 757 Κυρίου
3475 701 3778 758 κατοπτρι-

2187 776 2448 846 ζομένους
2477 775 2574 845 τὴν
2599 775 2768 843 αὐτὴν
2804 777 2986 831 είγόνα
3034 776 3516 848 μεταμορφοῦσθαι
3548 779 3657 832 ἀπὸ
3689 780 3780 832 δό-

2188 867 2284 936 ξης
2308 870 2387 931 είς
2414 865 2591 933 δόξαν,
2623 867 2874 937 καθάπερ
2907 867 3014 920 ἀπὸ
3039 869 3249 939 Κυρίου
3283 869 3623 940 Πνεῦμα-τος,
3648 871 3773 943 μεθ’

2187 955 2248 1014 οὗ
2276 960 2356 1030 τῷ
2386 960 2563 1032 Πατρὶ
2592 961 2689 1012 σὺν
2723 959 2799 1030 τῷ
2819 959 2962 1029 ἁγίῳ
2982 960 3261 1030 Πνεῦματι
3291 963 3324 1031 ὴ
3353 961 3505 1028 δόξα,
3539 965 3618 1026 είς
3646 962 3779 1026 τοὺς

2190 1055 2392 1117 αἰῶνας
2435 1053 2543 1106 τῶν
2572 1051 2802 1106 αἰώνων.
2841 1054 3034 1124 Ἀμήν.

1721 1392 1961 1450 nam;
1998 1368 2406 1466 LECTIONES.

515 1685 3748 1722 mm

1723 1843 2092 1932 ΛΟΓΟΣ
2166 1846 2584 1932 ΤΡΙΤΟΣ.

1438 2208 1959 2306 'LIBEB
2082 2217 2818 2309 TERTIUS.

577 2556 864 2614 Orandum
893 2567 978 2614 est
1005 2559 1191 2625 nobis,
1239 2558 1559 2628 diligenter,
1597 2561 1850 2633 inquam,
1880 2572 1936 2619 et
1967 2569 2090 2619 stu-
2120 2570 2166 2630 Β
2265 2567 2445 2638 Εὺχῆς
2470 2567 2579 2638 γὰρ
2603 2568 2733 2638 ἡμῖν
2760 2564 2947 2619 δεῖκαὶ
2972 2565 3138 2638 εὐχῆς
3169 2533 3464 2641 ἐπιμελοῦς
3488 2541 3580 2624 καὶ
3609 2586 3777 2624 σπου-

508 2649 661 2704 iliose
693 2648 968 2702 orandum
1005 2656 1122 2711 est,
1151 2657 1211 2702 ut
1245 2651 1395 2704 oculi
1421 2652 1597 2705 nostri
1629 2653 1901 2708 columbae
1923 2655 2088 2710 fiant:

506 2742 710 2812 quibus
764 2741 1134 2810 spiritualiter
1193 2741 1496 2808 intuentes,
1544 2753 1600 2798 et
1661 2745 1862 2799 litterae
1913 2747 2092 2801 velum

506 2834 944 2899 transvolantes,
995 2837 1262 2906 mysteria
1312 2836 1604 2891 recondita
1637 2837 1885 2893 dilucide
1915 2839 2093 2895 inter-

507 2936 811 2998 pretemur.
848 2923 1038 2996 Neque
1080 2928 1229 2981 enim
1279 2929 1440 2983 aliter
1475 2927 1591 2984 ﬁeri
1633 2939 1836 3000 potest,
1860 2941 1921 2986 ut
1949 2933 2096 2988 divi-

509 3033 594 3073 na:
634 3016 976 3086 Scriptura,
1034 3018 1426 3092 imprimisque
1473 3021 1692 3079 Cantici
1727 3025 2093 3092 canticorum,

508 3109 931 3178 intelligentiam
966 3123 1401 3180 consequamur,
1441 3112 1552 3166 nisi
1604 3113 1673 3179 is,
1727 3114 1820 3185 qui
1855 3116 2096 3185 scripto-

508 3201 666 3255 ribus
696 3200 807 3254 illis
843 3201 1076 3270 largitus
1105 3209 1190 3257 est
1220 3203 1611 3273 inspirationis
1645 3205 1875 3274 donum,
1902 3208 2096 3278 gratiae

509 3292 685 3347 radiis
719 3292 918 3347 oculos
945 3302 1170 3348 nostros
1205 3295 1467 3361 illustret,
1503 3307 1559 3352 et
1589 3313 1815 3353 sensum
1851 3300 2097 3356 recondi-

509 3391 626 3436 tum
656 3383 886 3453 aperiat.
916 3384 1032 3455 Age
1074 3401 1230 3456 ergo,
1269 3380 1499 3441 auxilio
1523 3388 1706 3455 illius,
1759 3390 1856 3460 qui
1887 3391 2098 3446 revelat

509 3475 798 3545 mysteria,
843 3483 904 3529 ut
949 3477 1175 3548 sapiens
1229 3478 1308 3532 ait
1354 3477 1548 3534 Daniel
1577 3492 1626 3543 ιι,
1662 3481 1990 3548 implorato,
2027 3483 2095 3538 ad

510 3566 828 3621 institutam
860 3569 1408 3638 interpretationem,
1443 3572 1637 3641 scripti
1672 3581 1971 3645 sequentes
1999 3591 2094 3630 or-

511 3654 737 3720 dinem,
789 3658 1143 3714 accedamus.
1202 3658 1260 3714 ln
1314 3661 1422 3716 line
1469 3663 1773 3732 superioris
1821 3665 2096 3720 orationis

513 3761 778 3816 sponsum
833 3748 1148 3805 audivimus
1201 3766 1423 3820 sponsa
1479 3754 1959 3823 pulchritudinem
2013 3757 2096 3812 sic

2193 2659 2366 2722 δαίας,
2397 2661 2481 2711 ἵνα
2504 2661 2551 2710 οἱ
2583 2658 2839 2727 ἡμέτεροι
2868 2657 3138 2726 ὀφθαλμοὶ
3156 2660 3419 2726 γένωνται
3454 2664 3776 2732 περιστεραὶ

2194 2751 2582 2821 πνευματικῶς
2643 2748 2919 2820 ὁρῶντες,
2963 2750 3057 2802 καὶ
3108 2750 3528 2821 ὑπερϐαίνοντες
3570 2751 3632 2805 τὸ
3677 2752 3775 2805 τοῦ

2194 2843 2526 2914 γράμματος
2560 2841 2854 2910 κάλυμμα,
2902 2840 2996 2892 καὶ
3025 2841 3406 2912 διαρθροῦντες
3431 2841 3675 2914 ἐναργῶς
3706 2843 3778 2896 τὰ

2195 2932 2553 3004 κεκρυμμένα
2579 2927 3026 3000 μυστήρια.οῦτε
3057 2929 3166 3000 γὰρ
3195 2930 3418 2984 δυνατὸν
3443 2931 3646 3001 ἑτέρως
3675 2933 3778 3000 τῆς

2196 3021 2348 3083 θείας
2390 3021 2610 3091 Γραφῆς
2641 3019 2979 3089 καταμαθεῖν
3005 3020 3102 3090 τὴν
3123 3021 3382 3084 διάνοιαν,
3411 3021 3778 3092 διαφερόντως

2195 3109 2250 3164 δέ
2292 3109 2386 3162 τοῦ
2424 3109 2704 3181 ’ᾼσματος
2740 3109 2846 3160 τῶν
2895 3109 3174 3179 ᾀσμάτων,
3199 3110 3246 3162 εἰ
3294 3109 3370 3180 μὴ
3405 3109 3566 3172 αὐτὸς
3610 3112 3639 3162 ὁ
3665 3113 3780 3174 τοῖς

2198 3201 2608 3273 συγγραφεῦσιν
2653 3200 2911 3266 ἐκείνοιςῖΙ
2927 3199 3240 3271 ἐμπνεύσας
3271 3199 3332 3252 τὸ
3369 3200 3591 3254 ὀπτικὸν
3619 3201 3781 3272 ἡμῶν

2198 3295 2474 3366 φωτίσειε,
2504 3293 2727 3364 χάριτος
2756 3292 2978 3354 ἀκτῖνας
3010 3290 3253 3361 πέμψας,
3284 3290 3376 3344 καὶ
3417 3290 3508 3343 τὸν
3535 3308 3782 3363 κεκρυμ-

2201 3387 2361 3459 μένον
2416 3383 2716 3450 ὑποδείξειε
2765 3381 2911 3437 νοῦν.
2957 3382 3095 3453 Φέρε
3151 3382 3352 3447 τοίνυν,
3386 3381 3479 3434 τὸν
3501 3381 3783 3435 ἀποκαλύο

2197 3497 2400 3534 πτοντα
2435 3466 2706 3549 μυστήρια
2739 3474 2878 3528 κατὰ
2907 3474 3000 3528 τὸν
3033 3474 3194 3542 σοφὸν
3222 3472 3420 3544 Δανιὴλ
3453 3474 3782 3528 ἐπικαλεσάο

2200 3593 2348 3648 μενοι
2371 3573 2582 3645 βοηθὸν,
2607 3551 2716 3641 κτῆς
2749 3570 3045 3642 ἑρμηνείας
3064 3569 3328 3641 ἁψώμεθα
3357 3570 3451 3622 τοῦ
3489 3570 3786 3640 συγγράμ-

2201 3685 2370 3739 ματος
2413 3665 2510 3736 τὴν
2541 3664 2861 3718 ἀκολουθίαν
2910 3663 3292 3734 φυλάττοντες.
3337 3663 3424 3715 Ἐν
3449 3663 3545 3732 μὲν
3573 3658 3665 3716 οῦν
3698 3663 3788 3732 τῷ

2197 3761 2345 3812 τέλει
2370 3755 2464 3810 τοῦ
2507 3756 2613 3826 πρὸ
2633 3755 2826 3809 τούτου
2880 3755 3313 3826 συγγράμματος
3339 3752 3652 3824 ἠκούσαμεν
3682 3753 3784 3807 τοῦ

511 3838 881 3894 admirantem
907 3879 922 3903 ,
963 3848 1024 3895 ut
1070 3842 1323 3913 singulas
1359 3844 1479 3912 ejus
1514 3854 1701 3915 partes
1731 3846 1990 3904 laudibus
2011 3847 2094 3904 εἰ·
2125 3855 2169 3916 c
2200 3850 2437 3920 νυμφίου
2489 3848 2586 3919 τῆς
2633 3847 2850 3918 νύμφης
2891 3847 2953 3900 τὸ
3005 3846 3201 3911 κάλλος
3249 3846 3636 3914 θαυμάζοντος,
3683 3847 3788 3900 καὶ

511 3927 707 3993 ferret,
755 3935 812 3984 et
853 3936 1026 3983 totam
1057 3931 1231 4000 ipsam
1290 3933 1530 4004 denique
1571 3944 1630 3988 ut
1675 3935 2094 3991 immaculatum

511 4021 952 4075 commendaret.
983 4022 1114 4092 197
1167 4022 1387 4079 Nullam
1415 4026 1560 4080 enim
1600 4027 1764 4082 habet
1799 4030 2092 4096 maculam,

512 4126 694 4180 neque
725 4126 943 4180 rugam,
978 4124 1073 4167 aut
1109 4114 1320 4186 aliquid
1353 4117 1655 4187 ejusmodi,
1692 4127 1752 4171 ut
1777 4117 1970 4173 beatus
2004 4120 2092 4174 in-

512 4202 893 4286 quit.Paulus
940 4215 1006 4272 ν,
1073 4209 1386 4263 animarum
1450 4213 1660 4265 virtute
1721 4209 2092 4282 perfectarum

512 4294 742 4351 chorus.
783 4294 886 4352 Hic
918 4305 1101 4354 autem
1138 4316 1403 4371 sponsam
1437 4303 1747 4373 appellans,
1786 4312 1949 4359 vocat
1971 4319 2091 4359 eam

511 4386 581 4442 de
609 4387 839 4453 Libano,

589 4477 752 4534 Vens.
787 4481 841 4535 8.
880 4479 1033 4544 Veni,
1064 4482 1428 4552 inquiens,de
1456 4481 1688 4551 Libano,
1724 4501 1919 4553 sponsa
1941 4502 2094 4541 mea:

510 4570 613 4623 huc
650 4571 715 4625 de
747 4569 952 4626 Libano
980 4575 1175 4639 venies,
1207 4585 1259 4628 et
1289 4575 1548 4629 transibis
1584 4593 1617 4629 a
1647 4577 1906 4644 principio
1945 4578 2094 4644 ﬁdei,

511 4677 546 4714 a
577 4663 750 4729 capite
784 4661 949 4717 Sanir
981 4673 1032 4717 et
1069 4662 1330 4726 Hermon,
1369 4663 1435 4718 de
1465 4664 1731 4718 cubilibus
1769 4665 2000 4731 leonum,
2033 4665 2097 4719 de

511 4751 779 4804 montibus
823 4752 1135 4819 pardorum.
1187 4751 1317 4807 Haec
1354 4752 1486 4807 mihi
1533 4768 1659 4807 cum
1697 4753 1809 4809 illis
1839 4755 2097 4808 videntur

511 4857 843 4913 congruere,
878 4859 1000 4913 quae
1037 4845 1091 4898 in
1128 4859 1254 4898 xuv
1301 4845 1518 4914 psalmo
1551 4845 1619 4900 ad
1651 4859 1914 4915 sponsam
1946 4845 2096 4900 dicta

513 4942 686 4990 sunt:
713 4953 732 4986 ι
764 4935 927 5000 Audi,
957 4936 1092 5002 ﬁlia,
1124 4944 1180 4992 et
1208 4935 1359 5004 vide,
1384 4945 1440 4992 et
1462 4936 1672 4992 inclina
1701 4952 1892 4992 aurem
1920 4946 2094 5002 tuam,

513 5033 567 5075 et
600 5025 936 5082 obliviscere
968 5031 1159 5099 papuli
1206 5028 1309 5094 tui,
1341 5035 1396 5082 et
1421 5028 1620 5084 domus
1661 5028 1844 5098 patris
1889 5027 2004 5083 tui:
2041 5039 2097 5083 et

514 5115 874 5182 concupiscet
926 5133 1022 5172 rex
1074 5119 1319 5188 speciem
1349 5128 1525 5183 tuam,
1567 5117 1826 5188 quoniam
1859 5119 1976 5188 ipse
2012 5131 2098 5175 est

579 5299 606 5326 ιι
642 5287 776 5343 Dan.
808 5304 869 5355 ii,
901 5289 992 5344 τε.
1071 5300 1099 5332 ν
1130 5290 1330 5362 Ephes.
1363 5310 1416 5360 ν,
1457 5294 1548 5350 27.

2199 3942 2413 4010 ἑκάστῳ
2483 3937 2655 4009 μορίῳ
2709 3936 2986 4008 εὐφημίαν
3040 3935 3432 4008 προσάγοντος,
3490 3935 3586 3990 καὶ
3639 3937 3787 4005 μετᾶ

2195 4030 2368 4083 ταῦτα
2389 4030 2516 4100 ὅλην
2549 4028 2734 4099 αὐτὴν,
2765 4027 2841 4090 ῶς
2867 4027 3101 4098 ἄμωμον
3137 4025 3572 4096 ἐγκωμιάζοντος
3597 4025 3640 4057 ³³
3665 4041 3678 4055 ’
3714 4025 3785 4077 οῦ

2196 4122 2305 4193 γάρ
2336 4121 2448 4191 ἔχει
2481 4119 2692 4183 σπῖλον,
2717 4119 2750 4189 ἦ
2779 4117 2992 4189 ῥυτίδα,
3029 4119 3062 4188 ἦ
3090 4134 3143 4170 τι
3185 4116 3295 4171 τῶν
3326 4115 3604 4182 τοιούτων,
3636 4118 3786 4169 κατὰ

2197 4216 2286 4268 τὸν
2333 4215 2601 4286 μακάριον
2646 4211 2879 4275 Παῦλον,
2919 4209 3031 4262 τῶν
3063 4211 3120 4262 ἐν
3148 4209 3316 4279 ἀρετῇ
3347 4206 3787 4276 τετελειωμένων

2194 4303 2383 4374 ψυχῶν
2427 4305 2456 4356 ὀ
2510 4301 2689 4373 χορός.
2733 4297 2998 4354 Ἐνταῦθα
3026 4298 3083 4350 δὲ
3123 4297 3280 4350 καὶεί
3314 4297 3482 4367 αὐτὴν
3523 4295 3632 4348 ἀπὸ
3681 4294 3784 4348 τοῦ

2199 4391 2433 4450 Λιϐάνου
2463 4393 2683 4463 νύμφην
2716 4390 3165 4462 προσαγορεύων,
3192 4390 3285 4442 καί
3326 4406 3491 4460 φησι·

2268 4494 2339 4555 η’.
2381 4486 2564 4553 Δεῦρο
2603 4485 2648 4517 ’⁸
2679 4483 2797 4538 ἀπὸ
2826 4483 3120 4547 Λιϐάνου,
3151 4483 3376 4550 νύμφη,
3417 4478 3614 4546 δεῦρο,
3658 4478 3784 4531 ἀπὸ

2199 4576 2306 4633 τοῦ
2340 4575 2601 4630 Λιϐάνου
2638 4574 2864 4642 ἐλεύσῃ
2885 4588 2900 4604 ·
2937 4573 3034 4627 καὶ
3085 4572 3423 4639 διελεύσῃ¹⁵
3454 4571 3554 4624 ἀπ’
3583 4567 3788 4638 ἀρχῆς

2198 4667 2459 4732 πίστεως
2485 4665 2551 4726 ’⁸ο
2591 4663 2708 4718 ἀπὸ
2752 4661 3024 4734 κεφαλῆς
3053 4664 3252 4732 Σανὴρ
3276 4661 3374 4716 καὶ
3424 4659 3680 4734 Ἀερμὼν
3707 4659 3784 4723 ⁸⁷,

2199 4758 2318 4814 ἀπὸ
2368 4755 2650 4826 μανδρῶν
2689 4757 2954 4810 λεόντων
2973 4793 2988 4818 ,
3021 4755 3140 4810 ἀπὸ
3190 4754 3374 4823 ὀρέων
3404 4751 3783 4821 παρδάλεων.

2213 4846 2476 4901 Ἐοικέναι
2507 4845 2564 4900 δέ
2603 4843 2778 4898 ταῦτά
2806 4861 2895 4916 μοι
2932 4843 3081 4897 δοκεῖ
3114 4848 3228 4907 τοῖς
3261 4845 3319 4897 ἐν
3364 4841 3441 4911 τῷ
3473 4839 3555 4911 μδ¹
3578 4837 3786 4908 ψαλμῷ

2201 4938 2337 5011 πρὸς
2388 4937 2486 5008 τὴν
2513 4935 2731 5006 νύμφην
2777 4935 3087 5006 εἰρημένοις
3110 4950 3122 4964 ·
3154 4951 3174 4987 ι
3201 4935 3485 4995 Ἄκουσον,
3514 4930 3782 4998 θύγατερ,

2201 5028 2432 5090 καὶ’ίδε,
2471 5026 2568 5080 καὶ
2620 5026 2798 5078 κλῖνον
2857 5024 2918 5077 τὸ
2965 5019 3060 5088 οῦς
3104 5041 3221 5088 σου,
3269 5023 3364 5077 καὶ
3395 5020 3650 5074 ἐπιλάθου
3679 5019 3781 5070 τοῦ

2199 5118 2329 5171 λαοῦ
2363 5135 2476 5181 σου,
2512 5117 2605 5168 καὶ
2633 5115 2726 5168 τοῦ
2756 5115 2906 5168 οἴκου
2939 5113 3033 5183 τοῦ
3064 5115 3271 5185 πατρὸς
3307 5130 3422 5176 σου,
3459 5109 3552 5162 καὶ
3588 5107 3783 5160 ἐπιθυ-

1811 5455 2046 5512 νΑΙὶΙᾸΕ
2090 5451 2498 5509 LECTIONES.

588 5545 652 5618 si.
670 5543 782 5618 καὶ,Δ
817 5575 892 5618 -ν
937 5547 1147 5618 ἐγκωμ.
1180 5548 1302 5604 Des.
1378 5549 1510 5604 ibid.

1616 5551 1878 5623 "Asﬁpo.
1947 5551 2399 5623 Hebr._niecum_.

2509 5546 2554 5577 ”
2601 5543 2872 5614 διελεύσῃ.
2903 5585 2905 5587 .
2938 5543 3099 5597 Hebr.
3164 5542 3487 5614 prospicias.
3561 5610 3571 5614 _
3599 5541 3644 5571 “
3676 5537 3792 5614 ᾁπξ·

517 5613 700 5698 ᾲρχῆς,
723 5609 989 5681 “ninam,
1016 5609 1173 5673 He'br.
1204 5618 1272 5676 de
1296 5621 1494 5675 vertice
1520 5621 1729 5678 Amana
1765 5609 2062 5692 ('montis).
2119 5619 2318 5691 Sicque
2358 5616 2549 5685 Aquila
2583 5615 2688 5671 διπῦ
2747 5609 2922 5684 apii};
2964 5609 3196 5682 Ἀμανᾶ.
3277 5609 3321 5645 ’⁷
3372 5610 3636 5682 Ἀερμών.
3665 5609 3776 5664 Alii

531 5690 587 5740 Ἐ
597 5690 764 5755 ρμών.
