4088 6422
499 357 601 423 139

1543 351 2029 413 THEODORETI
2071 349 2409 410 EPISCOPI
2439 350 2800 411 CYRENSIS

3660 338 3766 404 140

495 472 630 527 nati.
677 467 783 523 Sed
812 467 951 522 alter
978 480 1194 531 eorum,
1246 466 1338 535 qui
1390 462 1574 518 divina
1636 462 2068 531 contemplatur,

2183 462 2563 534 αγορευόμενοι
2587 477 2599 491 ·
2633 460 2867 530 θάτεροςν
2897 456 2951 510 δὲ
2995 455 3171 509 αὐτῶν
3212 450 3647 525 ύπερεκπλήττει
3697 468 3768 521 με

494 563 588 633 qui
635 558 1060 631 philos0phatur
1089 557 1157 612 de
1191 556 1323 623 Deo,
1375 555 1469 626 qui
1501 553 1788 610 recondita
1821 552 2083 625 mysteria

495 661 813 719 contuetur,
844 666 941 707 cor
965 665 1150 706 meum
1190 659 1416 718 stupore
1446 644 1633 701 allicit.
1665 644 1875 701 Etcum
1895 645 2079 700 omnia

496 746 622 800 colli
654 746 734 800 tui
764 750 1092 800 ornamenta
1143 739 1387 810 suspicio
1435 739 1556 809 (per
1596 738 1712 792 haec
1757 744 1940 792 autem
1970 736 2082 791 vir-

498 845 645 892 tutes
672 851 767 892 eas
789 834 1067 905 intelligit,
1092 847 1213 902 quae
1242 832 1295 885 iu
1322 829 1543 885 actione
1571 829 1926 894 consistunt;
1969 827 2087 882 col-

498 929 611 983 lum
650 928 797 983 enim
855 918 1612 979 divinorum‘mandatorum
1651 921 1844 993 jugum
1901 908 2084 976 ferens

492 1020 722 1092 justitiae
764 1017 952 1073 sulcos
994 1013 1217 1070 intindit
1248 1029 1313 1068 ac
1337 1013 1547 1084 dirigit)
1584 1030 1598 1066 :
1637 1027 1761 1067 cum
1797 1010 1967 1081 igitur
1993 1025 2082 1063 re-

495 1112 643 1182 liqua
684 1109 951 1162 virtutqu
996 1114 1329 1161 ornamenta
1363 1104 1417 1159 in
1449 1105 1595 1160 collo
1615 1114 1708 1159 tuo
1733 1101 2082 1173 splendentia

495 1200 739 1273 suspicio
794 1206 962 1270 atque
1009 1198 1363 1261 commendo,
1409 1203 1523 1250 tum
1577 1195 1850 1265 imprimis
1909 1208 2082 1248 unum

493 1294 737 1348 admiror
784 1300 841 1346 et
894 1290 1250 1372 obstupesco.
1286 1289 1365 1342 Ac
1395 1285 1866 1357 pulchritudinem
1905 1283 2085 1354 suspi-

493 1385 648 1440 ciens
685 1392 802 1437 tum
837 1382 1002 1437 unius
1034 1381 1256 1451 torquis
1285 1381 1387 1448 tui,
1424 1389 1539 1434 tum
1578 1379 1725 1434 oculi
1756 1377 1939 1431 divina
1967 1376 2083 1431 haec

496 1474 787 1539 intuentis,
851 1488 1039 1528 amore
1091 1481 1187 1526 tuo
1231 1472 1557 1526 vulneratus
1583 1484 1728 1525 sum.
1757 1466 2083 1534 Quaeramus

497 1576 682 1622 autem
758 1564 1025 1636 quidnam
1084 1564 1162 1619 sit
1222 1579 1391 1617 unum
1451 1570 1837 1616 ornamentum
1902 1558 2079 1624 illud,

497 1658 643 1730 quod
677 1672 894 1729 sponsae
915 1657 1057 1712 collo
1087 1656 1495 1711 circumdatum
1530 1653 1743 1709 caeteris
1777 1652 2077 1719 antecellit,

497 1757 553 1804 et
599 1747 880 1804 discamus
937 1760 966 1799 a
1016 1754 1212 1801 saneto
1251 1743 1446 1809 Paulo,
1487 1745 1582 1814 qui
1623 1743 1748 1797 ait:
1797 1762 1814 1794 ι
1858 1741 2081 1797 Manent

500 1842 654 1910 lides,
689 1856 836 1912 spes,
869 1839 1136 1906 eharitas,
1171 1840 1277 1893 tria
1311 1839 1426 1893 haec
1453 1854 1467 1905 ;
1494 1836 1671 1907 major
1703 1846 1887 1891 autem
1926 1835 2079 1891 hisce
2110 1818 2152 1872 Β

498 1934 757 1991 omnibus
788 1940 876 1989 est
913 1933 1157 1987 charitas
1189 1932 1245 1987 ι’.
1287 1949 1305 1983 ι
1354 1930 1419 1983 Ει
1452 1944 1649 1984 rursus
1681 1947 1694 1983 :
1733 1948 1750 1981 ι
1791 1927 2078 1982 Plenitudo

498 2034 681 2082 autem
718 2025 857 2097 legis
886 2032 974 2080 est
1006 2022 1232 2079 dilectio
1257 2032 1306 2076 ο.
1346 2041 1366 2075 ι
1424 2020 1491 2074 Et
1526 2020 1659 2075 alibi
1691 2038 1704 2075 :
1744 2040 1761 2072 ι
1806 2018 2075 2074 Universa

498 2122 587 2177 lex
613 2129 667 2176 et
698 2119 977 2191 prophetae
997 2117 1235 2189 pendent
1260 2132 1325 2172 ex
1353 2131 1417 2171 eo
1444 2134 1458 2168 :
1499 2114 1705 2184 Diliges
1731 2113 1899 2167 Deum
1922 2122 2075 2166 tuum

497 2226 565 2266 ex
615 2218 733 2266 toto
778 2208 947 2264 corde
999 2216 1114 2273 tuo,
1162 2215 1217 2263 et
1268 2206 1578 2278 proximum
1620 2212 1775 2258 tuum
1811 2203 1954 2258 sicut
1994 2209 2076 2258 te-

501 2303 683 2372 ipsum
727 2300 775 2357 δ.
831 2320 849 2354 ι
886 2299 1046 2355 llunc
1084 2313 1216 2371 ergo
1264 2307 1516 2368 torquem
1564 2310 1782 2367 sponsae
1837 2308 2077 2364 sponsus

500 2393 830 2451 admiratur.
885 2391 1255 2463 Symmachus
1313 2391 1458 2446 enim
1516 2389 1674 2459 100
1723 2387 1929 2443 monile
1978 2401 2078 2457 pro

499 2493 826 2541 ornamento
873 2482 1082 2555 posuit.
1133 2482 1313 2553 Ipsius
1360 2497 1583 2552 quoque
1626 2480 1851 2536 oculum
1907 2494 2076 2532 unum

499 2579 575 2634 ita
611 2577 865 2647 suspicit,
922 2584 984 2630 ut
1037 2575 1273 2631 alterum
1329 2575 1555 2629 minimc
1582 2580 1924 2628 contemnat.
1958 2570 2075 2625 Jam

496 2670 648 2725 enim
703 2679 1002 2738 utrumque
1047 2665 1406 2723 collaudavit.
1455 2664 1562 2720 Sed
1605 2679 1790 2720 rerum
1822 2661 2080 2732 intelligi-

500 2762 695 2818 hilium
762 2759 1293 2830 contemplationem
1352 2757 1705 2813 sensibilium
1775 2753 2078 2824 cognitioni

419 2842 432 2854 ’
498 2854 662 2923 longe
712 2851 1154 2922 anteponendam
1217 2864 1346 2906 esse
1402 2856 1652 2904 noverat.
1703 2865 1720 2898 ι
1762 2844 2077 2901 Vulnerasti

498 2958 632 3015 ergo
681 2958 779 2999 cor
822 2956 1028 3006 meum,
1078 2959 1096 2992 ι
1134 2939 1188 2995 id
1229 2945 1337 3007 est,
1377 2939 1473 2993 tali
1508 2938 1669 2993 oculo
1708 2936 1970 3007 praedita,
2026 2945 2080 2991 et

496 3033 773 3102 ejusmodi
814 3042 1009 3102 torque
1038 3030 1324 3096 decorata,
1366 3042 1469 3083 nos
1501 3029 1555 3082 in
1582 3042 1826 3082 amorem
1866 3040 1930 3081 ac
1980 3025 2078 3082 de-

498 3123 765 3183 siderium
804 3124 881 3178 tui
918 3122 1233 3178 concitasti.

568 3236 739 3293 Vens.
773 3235 861 3292 10.
887 3235 1059 3303 Quam
1087 3234 1325 3304 pulchra:
1346 3233 1505 3302 facta:
1525 3240 1648 3286 sunt
1679 3246 1929 3285 mamma:
1952 3239 2078 3296 tum,

498 3345 651 3384 soror
693 3345 832 3395 mea,
864 3327 1103 3397 sponsa!
1127 3327 1302 3393 Quam
1327 3324 1551 3395 pulchra
1588 3323 1737 3393 facta
1766 3331 1889 3376 sunt
1919 3321 2083 3376 ubera

498 3433 595 3475 tua
620 3421 759 3483 vino,
777 3429 827 3474 et
853 3418 985 3474 odor
1015 3418 1449 3472 vestimentorum
1481 3426 1696 3470 tuorum
1725 3430 1884 3483 super
1899 3415 2079 3469 omnia

497 3510 790 3568 aromata!
831 3511 909 3564 Ex
945 3510 1078 3564 vino
1097 3508 1246 3564 enim
1282 3507 1587 3578 spirituali,
1626 3515 1680 3562 et
1709 3506 1945 3577 mystico
1975 3519 2077 3575 po-

496 3606 647 3668 culo,
676 3603 942 3672 majorem
970 3601 1235 3655 hauriunt
1270 3598 1747 3669 pulchritudinem
1777 3598 2075 3653 uberatua.

498 3691 686 3751 Ubera
725 3700 909 3748 autem
950 3706 1073 3747 esse
1107 3692 1374 3747 doctrina:
1424 3690 1605 3746 fontes
1653 3690 1769 3760 jam
1816 3678 2079 3760 exposui-

494 3803 643 3843 mus.
685 3786 1029 3842 Vestimenta
1070 3793 1164 3839 tua
1198 3791 1330 3840 sunt
1357 3783 1738 3848 ornatissima,
1775 3796 2080 3852 eorumque

494 3876 636 3933 odor
657 3877 903 3931 omnium
942 3884 1253 3933 aromatum
1298 3875 1659 3948 ﬂagrantiam
1706 3882 1955 3946 superat.
1997 3873 2112 3955 Me.

498 3967 643 4021 enim
695 3981 958 4035 sponsum
1007 3965 1281 4031 induisti,
1331 3966 1495 4037 idque
1524 3974 1687 4023 antea
1726 3973 1964 4023 testatus
1995 3971 2081 4021 est

496 4056 709 4113 lsaias:
751 4074 769 4107 ι
815 4056 1107 4123 Exsultet,
1172 4057 1451 4129 inquiens,
1507 4057 1691 4112 anima
1724 4072 1843 4113 mea
1871 4057 1930 4112 in
1965 4056 2076 4110 Do-

495 4150 673 4204 mino.
705 4148 892 4205 induit
921 4150 1071 4206 enim
1130 4165 1217 4206 me
1259 4151 1591 4207 vestimento
1643 4150 1867 4216 salutis,
1906 4156 1961 4205 et
1993 4148 2078 4203 in-

495 4240 760 4298 dumento
812 4242 1015 4298 laetitiae
1051 4242 1423 4298 circumdedit
1458 4258 1546 4297 me
1578 4252 1625 4297 ο.
1661 4259 1683 4292 ι
1719 4239 1832 4298 Ista
1869 4250 1964 4296 tua
1997 4256 2080 4297 ve-

494 4335 754 4391 stimenta
793 4342 1007 4390 tantum
1040 4334 1305 4390 emittunt
1352 4333 1651 4389 suavitatis
1676 4373 1691 4395 .
1731 4342 1792 4387 ut
1824 4331 2060 4403 fragran-

496 4427 568 4482 tia
607 4442 670 4481 ex
712 4427 823 4481 illis
868 4427 1075 4496 passim
1118 4425 1319 4481 diliusa
1361 4426 1622 4482 virtutem
1659 4425 1911 4496 legalem,
1958 4438 2080 4493 quae

2186 556 2213 609 6
2240 556 2307 609 τά
2348 554 2468 608 θεῖα
2514 552 2887 616 κατοπτεύων,
2927 552 2954 603 6
2988 549 3257 618 θεολογεῖν
3303 544 3701 614 δεδιδαγμένος,
3739 547 3769 596 ὁ

2182 642 2258 697 τά
2302 644 2667 715 κεκρυμμένα
2714 642 2855 713 ὁρῶν
2888 638 3181 711 μυστήρια.
3218 635 3330 690 Kal.
3364 633 3626 700 θαυμάζω
3669 634 3768 704 μὲν

2186 738 2392 799 πάντας
2446 734 2574 798 τοὺς
2634 733 2873 803 κόσμους
2926 729 3022 784 τοῦ
3077 727 3349 801 τραχήλου
3402 740 3495 777 σου
3531 740 3544 755 ⁸
3578 723 3678 794 τὴν
3711 722 3769 776 δὲ

2184 825 2496 900 πρακτικὴν
2516 825 2717 896 ἀρετὴν
2767 823 2856 876 διὰ
2902 820 3106 875 τούτων
3160 816 3474 879 αἰνίττεται,
3507 812 3694 883 ἐπειδὴ
3740 816 3771 866 ὁ

2184 921 2473 994 τράχηλος,
2508 918 2692 990 φέρων
2740 917 2847 971 τῶν
2876 916 3036 970 θείων
3072 913 3302 967 ἐντολῶν
3340 910 3429 964 τὸν
3459 908 3647 976 ζυγὸν,
3677 906 3769 960 ’ἐλο

2183 1032 2268 1069 κει
2302 1014 2397 1067 καὶ
2442 1012 2722 1081 διατέμνει
2775 1011 2876 1080 τῆς
2932 1004 3281 1074 δικαιοσύνης
3329 1001 3429 1065 τὰς
3481 998 3763 1062 αὐλακαςο

2181 1104 2390 1159 ἐπαινῶ
2431 1103 2527 1175 μὲν
2557 1098 2649 1156 οῦν
2672 1101 2766 1153 καὶ
2794 1099 2921 1164 τοὺς
2950 1097 3139 1161 ἀλλους
3174 1096 3270 1166 τῆς
3298 1093 3500 1165 ἀρετῆς
3526 1092 3767 1162 κόσμους

2182 1201 2240 1253 ὲν
2275 1197 2351 1269 τῷ
2382 1196 2637 1269 τραχήλῳ
2676 1211 2770 1247 σου
2800 1191 3138 1264 λάμποντας,
3176 1187 3531 1260 ὐπεράγαμαι
3573 1185 3631 1239 δὲ
3670 1182 3768 1238 καὶ

2182 1290 2449 1360 θαυμάζω
2485 1289 2575 1341 τὸν
2622 1286 2751 1351 ἕνα,
2778 1285 2870 1339 καὶ
2905 1281 3203 1351 ἐκπλαγεὶς
3235 1280 3296 1333 τὸ
3332 1278 3527 1341 κάλλος
3568 1276 3662 1329 τοῦ
3706 1292 3767 1327 τε

2181 1382 2302 1444 ἑνὸς
2327 1377 2727 1450 ὁρμίσκουμώ⁵
2745 1374 2839 1428 τοῦ
2872 1373 2941 1427 τὰ
2966 1373 3084 1427 θεῖα
3103 1369 3432 1443 θεωροῦντος
3457 1364 3765 1437 ὀφθαλμοῦ,

2181 1469 2430 1541 ἐτρώθην
2466 1486 2557 1522 σου
2591 1466 2670 1538 τῷ
2711 1466 2921 1538 ἔρωτι.⁹
2946 1464 3280 1534 Ζητήσωμεν
3312 1460 3357 1491 ³⁷
3386 1458 3443 1513 δὲ
3482 1457 3567 1521 τίς
3598 1457 3706 1527 ἄρα
3741 1458 3770 1508 ὁ

2181 1561 2263 1628 εἷς
2291 1565 2495 1627 ἐκεῖνος
2515 1560 2717 1631 κόσμος
2739 1561 2795 1613 ὲν
2816 1558 2860 1589 ³⁸
2882 1556 2960 1627 τῷ
2984 1553 3241 1627 τραχήλῳ
3271 1549 3652 1622 περικείμενος
3674 1547 3771 1599 καὶ

2180 1656 2307 1719 τοὺς
2351 1653 2544 1715 ἀλλους
2586 1649 2908 1721 ὑπερέχων,
2956 1647 3054 1701 καὶ
3103 1642 3363 1714 μάθωμεν
3409 1639 3560 1711 παρὰ
3586 1639 3630 1671 ³⁹
3670 1635 3768 1690 τοῦ

2185 1744 2457 1817 μακαρίου
2481 1741 2715 1806 Παύλου,
2740 1741 2821 1794 ὅτι
2847 1758 2865 1791 ι
2905 1739 3069 1792 Μένει
3104 1736 3307 1800 πίστις,
3340 1732 3517 1795 ἐλπὶς,
3541 1731 3732 1800 ἀγάπη
3751 1744 3769 1761 ’

2183 1838 2252 1893 τὰ
2270 1837 2398 1909 τρία
2413 1833 2587 1889 ταῦτα
2603 1847 2617 1862 ’
2640 1832 2841 1904 μείζων
2866 1829 2921 1882 δὲ
2946 1828 3151 1882 τούτων
3168 1825 3213 1857 ’⁵⁸
3227 1824 3446 1879 πάντων
3464 1825 3497 1894 ἡ
3518 1822 3729 1891 ἀγάπη.
3746 1838 3765 1871 ι

2185 1926 2299 1985 Καὶ
2328 1929 2508 1983 πάλιν·
2531 1926 2844 1997 «Πλήρωμα
2863 1921 2919 1975 δὲ
2948 1920 3113 1991 νόμου
3145 1918 3178 1989 ή
3200 1916 3410 1986 ἀγάπη.
3436 1933 3454 1966 ι
3472 1911 3583 1967 Καὶ
3603 1910 3771 1965 ἀλλα-

2185 2024 2302 2096 χοῦο
2328 2043 2346 2075 ι
2387 2021 2546 2085 Ὄλος
2575 2022 2604 2073 6
2641 2018 2804 2089 νόμος
2851 2014 2946 2069 καὶ
2975 2014 3023 2067 ot
3058 2009 3335 2082 προφῆται
3378 2003 3772 2096 κρέμανταιὲν

2186 2094 2284 2185 τῷ.
2326 2113 2659 2183 Ἀγαπήσεις
2711 2109 2802 2162 τὸν
2844 2106 2977 2160 Θεόν
3008 2121 3099 2158 σου
3132 2103 3192 2167 ἐξ
3225 2102 3355 2172 ὅλης
3397 2099 3497 2168 τῆς
3542 2094 3772 2167 καρδίας

2189 2224 2304 2272 σου,
2330 2206 2425 2259 καὶ
2452 2204 2543 2257 τὸν
2570 2201 2798 2273 πλησίον
2832 2216 2926 2251 σου
2949 2197 3025 2260 ὡς
3052 2193 3278 2249 σεαυτόν
3301 2192 3400 2244 “.3
3430 2188 3629 2243 Τοῦτον
3657 2187 3771 2240 τοί-

2185 2314 2279 2353 νυν
2326 2297 2417 2351 τὸν
2450 2294 2716 2368 ὁρμίσκον
2744 2290 2846 2360 τῆς
2874 2288 3093 2359 νύμφης
3126 2287 3154 2340 ό
3204 2282 3439 2354 νυμφίος
3473 2277 3771 2349 θαυμάζει,

2198 2385 2492 2459 Ὀρμίσκον
2521 2382 2630 2454 γάρ
2659 2381 2780 2435 ἀντ)⁵
2816 2379 3114 2448 ὲνθέματος
3143 2377 3170 2430 6
3199 2374 3497 2445 Σύμμαχος
3531 2369 3767 2422 τέθεικε.

2185 2476 2466 2551 Θαυμάζει
2496 2476 2553 2529 δὲ
2591 2473 2761 2545 αὐτῆς
2791 2472 2883 2526 καὶ
2911 2470 3002 2523 τὸν
3047 2469 3144 2522 ἕνα
3187 2465 3466 2536 ὀφθαλμὸν
3486 2505 3500 2530 ,
3531 2462 3590 2516 οὐ
3622 2459 3769 2515 σκώ-

2186 2587 2336 2624 πτων
2358 2569 2449 2623 τὸν
2480 2567 2668 2638 ἕτερον
2692 2582 2705 2596 ·
2735 2561 3067 2635 ἀμφοτέροις
3095 2559 3204 2632 γάρ
3227 2558 3330 2629 ἢδη
3364 2556 3464 2627 τὴν
3492 2551 3772 2623 εὐφημίαν

2186 2637 2615 2732 προσήνεγκεν·
2652 2652 2789 2708 ἀλλά
2835 2650 2932 2723 τὴν
2960 2649 3066 2702 τῶν
3121 2645 3327 2717 νοητῶν
3361 2639 3595 2713 θεωρίαν
3648 2637 3774 2732 θαυ-

2189 2731 2527 2825 μαστοτέραν
2573 2747 2673 2818 τῆς
2722 2744 2832 2799 τῶν
2893 2739 3167 2812 αἰσθητῶν
3218 2735 3597 2805 κατανοήσεως
3650 2731 3773 2782 ἐπι-

2188 2844 2471 2915 στάμενος.
2513 2839 2587 2894 Τὸ
2629 2838 2687 2891 δὲ
2708 2878 2722 2904 ,
2755 2835 3095 2907 ὲκαρδίωσας
3118 2873 3133 2897 ,
3169 2828 3292 2884 ἀντὶ
3324 2826 3419 2881 τοῦ
3440 2866 3454 2889 ,
3486 2825 3772 2915 διήγειρας

2186 2912 2337 3007 ήμόίς
2385 2932 2521 3005 πρὸς
2559 2929 2738 3002 ἔρωτά
2784 2945 2878 2981 σου
2904 2966 2918 2989 ,
2950 2924 3044 2979 καὶ
3080 2923 3302 2993 φίλτρον
3358 2933 3481 2972 σου·
3521 2912 3771 2969 τοιοῦτον

2186 3030 2464 3102 ὀφθαλμὸν
2513 3026 2750 3099 ἔχουσα,
2780 3023 2876 3077 καὶ
2927 3020 3167 3075 τοιοῦτον
3212 3014 3474 3088 ὁρμίσκον
3522 3027 3772 3082 περικει-

2108 3174 2150 3231 C
2191 3124 2327 3196 μένη
2359 3122 2426 3178 ⁸⁸.

2257 3233 2311 3289 ι’.
2347 3232 2412 3287 Τί
2427 3221 3120 3298 ἐκαλλιώθησανμαστοί
3142 3234 3260 3273 σου
3291 3212 3769 3282 ⁸³,ἀδελφήμου.

2180 3327 2384 3395 νύμφη
2415 3322 2564 3387 “,tt
2607 3318 3065 3383 ἐκαλλιὼθησαν
3110 3310 3333 3381 μαστοί
3353 3323 3490 3365 σου.
3516 3302 3635 3359 ἀπὸ
3693 3302 3774 3355 οἷ-

2179 3433 2338 3481 νου;
2379 3416 2480 3470 καὶ
2536 3411 2697 3482 ὀσμὴ
2753 3408 3007 3478 Ιματίων
3042 3419 3160 3460 σου
3197 3402 3242 3435 ’⁵⁵
3276 3398 3429 3466 ὑπὲρ
3471 3396 3670 3449 πάντα
3697 3395 3775 3447 τὰ

2180 3507 2479 3576 ἀρώματα.
2518 3501 2654 3555 Ἀπὸ
2691 3500 2799 3569 γάρ
2854 3493 2948 3550 τοῦ
2983 3488 3358 3565 πνευματικοῦ
3384 3488 3530 3541 οἴνου
3559 3486 3627 3551 ⁸⁸,
3674 3485 3776 3537 καὶ

2179 3599 2274 3653 τοῦ
2301 3593 2569 3669 μυστικοῦ
2600 3593 2865 3663 πόματος,
2892 3588 3115 3642 πλείονα
3149 3582 3460 3655 εὐμορφίαν
3491 3580 3539 3632 οἱ
3573 3577 3774 3649 μαστοί

2182 3710 2277 3747 σου
2300 3689 2745 3760 προσεκτήσαντο
2764 3702 2779 3717 ·
2819 3682 3059 3755 μαστοὺς
3078 3679 3135 3733 δὲ
3155 3679 3284 3740 τοὺς
3305 3675 3404 3747 τῆς
3419 3670 3776 3733 διδασκαλίας

2181 3783 2519 3857 προείπομεν
2552 3779 2652 3851 ήδη
2679 3772 2821 3831 εἶναι
2870 3772 3153 3848 κρουνούς.
3180 3769 3290 3823 Καὶ
3328 3765 3472 3836 ὀσμὴ
3495 3763 3538 3796 ⁸⁷
3578 3762 3635 3857 δὲ
3659 3760 3779 3857 τῶν

2183 3851 2538 3945 ίματίωνῖσου
2569 3868 2753 3937 πάσης
2806 3861 3105 3934 εὐκοσμίας
3151 3857 3413 3927 τυγχάνει
3442 3852 3638 3945 μεστὴ,
3673 3851 3780 3904 καὶ

2180 3944 2290 4020 τῶν
2318 3961 2628 4035 ἀρωμάτων
2676 3956 2932 4012 ἀπάντων
2979 3950 3316 4021 εὐωδεστέρα
3386 3944 3729 4035 καθέστηκεν
3757 3958 3774 3972 ο

2180 4055 2281 4126 ἐμὲ
2314 4032 2422 4124 γάρ
2446 4050 2720 4104 ὲνδέδυσαι
2745 4047 2836 4101 τὸν
2870 4043 3104 4115 νυμφίον
3124 4057 3139 4073 ·
3173 4040 3269 4094 καὶ
3292 4037 3502 4109 μάρτυς
3542 4032 3779 4096 Ἡσαΐας

2180 4125 2595 4216 προαγορεύων,
2621 4140 2715 4194 καὶ
2737 4137 2913 4206 λέγων
2931 4149 2946 4166 '
2971 4153 2990 4187 ι
3032 4129 3409 4202 Ἀγαλλιάσθω
3429 4129 3462 4197 ἡ
3483 4125 3628 4197 ψυχή
3664 4141 3775 4216 μου

2180 4213 2276 4290 ἐπὶ
2317 4213 2409 4305 τῷί
2450 4231 2643 4304 Κυρίῳ
2667 4245 2682 4261 ·
2716 4228 2932 4283 ἐνέδυσε
2962 4223 3072 4295 γάρ
3108 4240 3176 4293 με
3215 4221 3432 4292 ἱμάτιον
3472 4213 3774 4286 σωτηρίου,

2183 4323 2280 4378 καὶ
2319 4321 2525 4394 χιτῶνα
2550 4317 2892 4391 εὐφροσύνης
2919 4312 3218 4385 περιέθηκέ
3246 4326 3359 4381 μοι.
3390 4327 3409 4360 ι
3450 4305 3638 4360 Ταῦτά
3671 4320 3775 4357 σου

2179 4415 2248 4469 τά
2278 4415 2470 4486 ἱμάτια
2500 4410 2770 4479 τοσαύτην
2817 4408 3046 4462 εὐωδίαν
3096 4404 3341 4475 ἀφίησιν,
3374 4400 3450 4465 ὡς
3481 4400 3639 4469 νικᾷν
3668 4397 3777 4467 τὴν

495 4533 591 4586 per
630 4526 879 4572 aromata
913 4518 1294 4587 metaphorice
1340 4488 1739 4590 signiﬁcatur:
1763 4488 2075 4571 antecellat.

2183 4506 2413 4578 νομικὴν
2433 4504 2656 4575 ἀρετὴν,
2707 4500 2976 4571 ἀρώματα
3008 4496 3287 4570 τροπικῶς
3314 4488 3777 4590 προσηγορευμέ-

495 4606 671 4662 Vocat
704 4616 886 4661 autem
919 4608 1071 4662 illam
1103 4624 1215 4663 non
1245 4609 1425 4663 solum
1459 4620 1747 4677 sponsam,
1781 4604 1879 4659 sed
1905 4605 2072 4660 etiam

495 4714 766 4763 sororem,
797 4699 1242 4769 quandoquidem
1267 4700 1468 4755 beatus
1487 4699 1651 4754 etiam
1677 4695 1882 4752 Paulus
1895 4694 2034 4751 dicit
2057 4715 2071 4750 :

499 4810 519 4843 ι
555 4790 627 4846 Ut
652 4792 724 4847 sit
758 4791 1164 4862 primogenitns
1197 4792 1343 4846 inter
1379 4790 1584 4844 multos
1617 4789 1823 4843 fratres
1858 4785 1904 4841 ί.
1953 4807 1972 4840 ι
2009 4785 2076 4840 Ει

494 4883 615 4953 ipse.
651 4881 916 4937 Dominus
975 4896 1101 4937 cum
1166 4880 1594 4943 resurrexisset,
1628 4877 1957 4940 mulieribus
2004 4875 2073 4932 ad

494 4974 808 5043 sepulcrum
858 4973 1141 5028 stantibus
1175 4990 1191 5027 :
1239 4990 1257 5023 ι
1304 4970 1399 5037 Ite,
1437 4969 1639 5039 inquit,
1672 4968 1842 5023 dicite
1874 4958 2072 5022 Tratri-

493 5065 597 5119 bus
631 5064 773 5120 meis
802 5065 868 5129 ⁸;
917 5083 936 5116 ι
974 5075 1029 5118 et
1092 5061 1300 5118 Petro:
1348 5080 1369 5113 ι
1416 5060 1557 5116 Ecce
1600 5059 1853 5130 praecedo
1914 5059 2066 5130 ιοι

2181 4616 2299 4669 νην,
2317 4597 2415 4667 τὴν
2446 4597 2510 4649 ὲκ
2534 4594 2640 4648 τῶν
2660 4592 2768 4645 σῶν
2805 4590 3035 4663 ἱματίων
3068 4585 3346 4657 πανταχοῦ
3375 4580 3777 4655 διατρέχουσαν

2182 4688 2468 4759 εὐοσμίαν.
2510 4685 2686 4742 Καλεί
2742 4685 2799 4737 δὲ
2855 4682 3026 4753 αὐτὴν
3056 4684 3122 4737 οὐ
3171 4679 3333 4750 μόνον
3353 4674 3596 4746 νύμφην,
3628 4669 3778 4725 ἀλλὰ

2181 4784 2275 4839 καὶ
2298 4781 2531 4854 ἀδελφὴν
2550 4781 2618 4844 ⁸⁸,
2644 4778 2831 4851 ἐπειδὴ
2860 4777 2953 4831 καὶ
2980 4779 3007 4830 ὀ
3044 4774 3316 4846 μακάριος
3344 4764 3557 4827 Παῦλός
3577 4777 3771 4854 φησιν·

2187 4895 2206 4928 ι
2241 4876 2336 4939 Et;
2372 4850 2606 4927 τὸεῖναι
2657 4850 2827 4925 αὐτὸν
2879 4868 3233 4941 πρωτότοκον
3271 4865 3328 4916 ὲν
3360 4857 3578 4920 πολλοῖς
3613 4850 3777 4906 ἀδελ-

2182 4969 2322 5038 φοῖς·
2365 4985 2383 5018 ι
2416 4967 2527 5019 Καὶ
2549 4964 2711 5028 αὐτὸς
2768 4965 2796 5017 ὁ
2857 4942 3065 5031 Κύριος
3101 4953 3341 5018 ἀναστὰς
3387 4952 3508 5013 ταῖς
3528 4941 3683 5016 παρά
3704 4943 3777 5038 τὸ

2186 5034 2449 5130 μνημεῖον
2477 5055 2741 5118 ἐστώσαις
2778 5050 3011 5122 γυναιξί·
3035 5070 3052 5102 ι
3075 5045 3454 5119 Πορευθείσαι,
3478 5038 3665 5110 φησιν,
3684 5034 3773 5087 εῖ-

562 5242 590 5283 δ
618 5242 640 5297 l
668 5240 797 5298 Cor.
834 5255 955 5308 xm,
982 5240 1071 5295 15.
1151 5249 1171 5277 ε
1205 5237 1365 5292 Rom.
1395 5253 1514 5303 xm,
1553 5237 1638 5291 10.
1716 5234 1740 5273 ιι
1776 5235 1966 5292 Matth.
1995 5253 2080 5293 nl

2183 5236 2339 5292 ιπ-ιο.
2422 5247 2444 5274 ε
2471 5235 2573 5291 lsa.
2602 5249 2715 5297 ut,
2758 5231 2847 5285 10.
2928 5226 3117 5283 {Rom
3187 5241 3305 5291 vm,
3334 5220 3425 5278 29.
3510 5220 3536 5259 ³
3568 5213 3769 5271 Matth.

494 5327 682 5377 xxvm,
719 5311 808 5366 10.

1807 5461 2045 5519 VARIE
2084 5454 2470 5516 LECTIONES
2482 5493 2496 5507 .

556 5632 605 5667 δ’
630 5622 1104 5704 ιιοά.ζητῄσωμαι.
1182 5621 1228 5655 ³⁸
1255 5621 1568 5704 ἐν..
1632 5622 1827 5704 ’ξροὼ
1859 5623 2010 5704 περί.
2086 5617 2394 5704 “necdum.
2470 5618 2703 5704 Mutata
2740 5618 2886 5704 coda
2940 5616 2986 5649 “
3031 5617 3158 5675 cod.
3194 5616 3428 5704 έαυτόν.1
3485 5615 3769 5704 “arreptas.

492 5698 549 5754 In
581 5702 703 5756 cod.
731 5686 1382 5767 sedititur'interpretatio
1406 5692 1591 5749 Pselli.
1636 5764 1647 5767 Α
1670 5686 2076 5767 δ’ἡμαστοίσουμ.
2120 5690 2281 5767 Hebr.
2315 5704 2532 5767 amores
2563 5689 2675 5767 _tui.
2734 5688 2799 5767 _“
2825 5688 3068 5767 νύμφην,
3106 5687 3230 5767 eod:
3271 5686 3573 5767 suppl._“"
3604 5687 3765 5767 ίματ.

493 5784 610 5827 σου.
651 5760 832 5823 Πρω-ξ
857 5760 1259 5833 unguentorum
1288 5774 1528 5820 tuorum.
1605 5764 1650 5797 δ’
1681 5760 1845 5820 οἴνου.
1887 5762 2013 5818 Des.
2056 5763 2110 5814 in
2147 5760 2269 5816 eod.

2353 5760 2395 5790 "
2438 5760 2604 5835 ὀσμή.
2646 5759 2768 5814 eod.
2812 5756 3011 5828 prim.
3042 5760 3098 5831 ἡ.
3177 5759 3222 5791 ⁸⁸
3271 5758 3394 5813 cod.
3440 5756 3767 5825 ἀδελφικήν.
