4088 6422
372 414 452 479 lli
1519 435 1595 494 lN
1625 434 2009 496 CANTICUM
2041 438 2328 501 (IANTIC.
2358 436 2483 498 LlB
2524 438 2634 500 IlI.

3587 445 3686 508 1ίὲ

360 555 480 592 mre
501 539 616 601 τοῖς
638 537 918 607 ἀδελφοῖς
937 558 1081 610 μου,
1098 561 1118 592 ι
1147 545 1251 598 καὶ
1269 543 1349 615 τῷ
1370 545 1578 617 Πέτρῳ·
1613 550 1743 602 Ἰδοὺ
1773 551 1990 620 προάγει

2108 546 2241 602 vos'
2267 551 2319 601 in
2356 549 2721 607 Galleamh.
2763 569 2779 600 ι
2816 550 2998 620 ipsius
3052 562 3135 608 est
3176 568 3311 625 ergo
3340 564 3393 609 et
3423 570 3603 620 soror,
3633 567 3687 611 et

356 630 483 698 ὑμᾶς
532 631 614 691 εἰς
649 630 758 701 τὴν
792 630 1152 688 Γαλιλαίαν.
1204 655 1225 687 ι
1262 638 1374 688 Καὶ
1417 637 1618 709 ἀδελφὴ
1640 641 1818 693 τοίνυν
1852 642 2001 695 ἐστὶν

350 720 501 775 αὐτοῦ
535 721 601 785 ”,
625 723 727 774 καὶ
764 722 1011 795 νύμφη,
1086 728 1193 780 καὶ
1259 727 1489 798 πλησίον
1518 747 1530 760 ·
1602 732 1826 801 πλησίον
1882 734 1997 803 μὲν,

349 814 475 866 κατᾶ
495 814 577 876 τὸ,
613 833 632 864 ι
688 814 1030 888 Ἐκολλήθη
1098 820 1138 889 ἠ
1199 819 1352 891 ψυχή
1403 839 1504 890 μου
1556 823 1734 876 ὀπίσω
1799 841 1933 877 σου’
1976 843 1994 875 ι

348 906 516 975 νύςιιρη
548 905 631 970 δὲ,
671 906 755 968 ὡς
788 908 944 974 παρ’
983 911 1176 964 αὐτοῦ
1212 911 1289 965 τὰ
1317 914 1417 983 τῆς
1455 913 1805 980 διδασκαλίας
1833 917 2002 988 σπέρ-

350 1012 480 1064 ματα
503 994 813 1065 δεχομένη,
845 998 961 1049 καὶ
993 998 1287 1054 τίκτουσα
1315 1002 1407 1055 τὸν
1427 1001 1527 1072 τῆς
1556 1004 1613 1055 εὖ
1625 1003 1842 1068 σεόείας
1864 1023 2001 1077 καρ-

348 1087 461 1137 πόν·
490 1085 705 1157 ἀδελφὴ
736 1087 800 1140 δὲ
837 1088 929 1153 ὡς
974 1091 1093 1163 τὴν
1138 1093 1315 1165 αὐτὴν
1364 1094 1511 1166 αὐτῷ
1553 1097 1715 1165 φύσιν
1755 1117 2003 1170 περικει-

351 1178 470 1248 μένη
524 1180 673 1232 κατὰ
735 1180 805 1233 τὸ
839 1182 1251 1254 ἀνθρώπειον.
1288 1188 1567 1258 Ἐπιμένει
1606 1190 1788 1245 τοίνυν
1830 1191 2001 1262 αὐτῆς

348 1266 547 1333 διεξιὼν
587 1268 652 1321 τό
680 1269 1031 1341 ἐγκώμιον,
1073 1275 1175 1327 καί
1209 1293 1383 1346 φησί’
1530 1332 1533 1339 ,

415 1358 502 1412 ια’.
521 1361 762 1427 Κηρίον
781 1362 1152 1425 ἀποστάζει
1175 1367 1223 1398 ⁸ο
1239 1369 1310 1423 τὰ
1326 1368 1370 1401 ⁸⁸
1396 1370 1570 1438 χείλη
1594 1384 1735 1437 σου,
1757 1374 1962 1443 νύμφη
1984 1391 1997 1404 ·

357 1449 488 1518 μέλι
511 1451 614 1504 καὶ
644 1452 818 1521 Τάλα
854 1453 994 1507 ὑπὸ
1022 1457 1151 1525 τὴν
1191 1458 1487 1529 γλῶσσάν
1513 1477 1651 1530 σου,
1698 1465 1798 1518 καί
1838 1466 2000 1534 ὀσμὴ

364 1543 599 1611 ἱματίων
680 1558 853 1612 σου,
944 1546 1041 1612 ὡς
1106 1549 1274 1620 ὀσμὴ
1342 1552 1613 1608 λιϐάνου.
1658 1555 2002 1625 ·’Δναγκαῖον

366 1634 565 1698 τουτοις
630 1636 994 1708 παραθεῖναι
1046 1642 1154 1711 τὴν
1221 1644 1585 1716 ἁποστολικὴν
1654 1644 2002 1701 διδασκαλίαν

372 1730 462 1799 τὴν
508 1731 816 1798 λέγουσαν·
867 1751 889 1785 ‹
936 1735 1223 1806 Καθάπερ
1255 1735 1366 1805 γὰρ
1412 1736 1473 1789 τὸ
1523 1737 1686 1808 σῶμα
1735 1737 1795 1791 ἓν
1846 1741 1994 1804 ἐστι,

370 1826 457 1875 καὶ
501 1823 636 1893 με’λη
690 1822 817 1894 ἔχει
858 1825 1072 1890 πολλὰ,
1144 1828 1325 1881 πάντα
1378 1828 1434 1882 δὲ
1471 1829 1541 1883 τὰ
1577 1829 1714 1901 μέλη
1750 1829 1842 1884 τοῦ
1890 1830 1999 1884 σώ-

2104 654 2328 708 sponsa,
2370 651 2422 693 et
2464 642 2778 711 propinqua
2815 661 2826 696 :
2868 645 3182 716 prepinqua
3236 646 3490 718 quidem,
3527 649 3685 718 juxta

2103 728 2261 794 illud,
2302 750 2321 781 ι
2363 731 2609 788 Adhaesit
2647 732 2834 787 anima
2886 748 3009 790 mea
3045 735 3146 790 tibi
3178 736 3232 801 i;
3285 756 3304 789 ι
3354 750 3555 808 sponsa
3588 755 3685 794 au-

2104 831 2234 886 tem,
2271 823 2535 891 quoniam
2560 824 2631 879 ab
2664 823 2785 894 ipso
2816 825 3087 882 doctrina:
3126 828 3339 884 semina
3369 832 3686 902 suscipiens
3778 832 3785 838 ’

2102 913 2245 982 parit
2273 914 2494 983 pietatis
2530 914 2812 982 fructum;
2848 929 3013 973 soror
3040 933 3196 985 vero,
3230 919 3383 990 quia,
3414 934 3684 991 quantum

2104 1004 2303 1059 attinet
2324 1002 2393 1059 ad
2430 1007 2864 1076 humanitatem,
2897 1010 3090 1066 eadem
3120 1014 3206 1067 est
3226 1023 3423 1067 natura
3448 1014 3686 1068 circum-
3770 1007 3774 1010 ⁴

2102 1093 2250 1149 data.
2284 1094 2607 1152 Perseverat
2641 1097 2811 1168 igitur
2858 1098 3009 1154 illius
3032 1114 3381 1171 prosequens
3412 1102 3685 1172 laudatio-

2103 1202 2250 1252 nem,
2284 1197 2337 1243 et
2364 1189 2442 1242 ait
2468 1207 2479 1242 ι

2174 1364 2340 1420 Vtilis.
2368 1367 2451 1420 ll.
2478 1366 2685 1423 Farum
2711 1370 2980 1425 distillant
3015 1372 3162 1426 labia
3186 1380 3298 1440 tua,
3323 1390 3518 1443 sponsa
3547 1393 3567 1430 :
3586 1378 3686 1431 mel

2101 1466 2150 1511 et
2177 1456 2262 1510 lac
2291 1457 2387 1511 sub
2425 1458 2610 1530 lingua
2641 1472 2756 1525 tua,
2787 1472 2836 1515 et
2861 1463 2993 1517 odor
3018 1452 3445 1519 vestimentorum
3474 1477 3685 1521 (uorum

2102 1550 2239 1604 sicut
2287 1551 2419 1604 odor
2459 1551 2647 1606 thuris.
2698 1552 2794 1610 His
2833 1554 3137 1626 adiungere
3179 1556 3444 1614 debemus
3473 1574 3534 1615 ea
3566 1575 3686 1630 qua:

2101 1642 2265 1697 docet
2295 1643 2591 1711 Apostolus
2632 1663 2647 1700 :
2689 1664 2706 1696 ι
2746 1644 2898 1700 Sicut
2931 1686 2945 1711 ,
2975 1648 3251 1718 inquiens,
3288 1664 3491 1720 corpus
3519 1668 3682 1706 unum

2101 1745 2203 1801 est,
2232 1744 2287 1788 et
2307 1737 2553 1791 membra
2580 1737 2744 1793 habet
2774 1739 2945 1794 multa
2974 1757 2987 1793 :
3016 1741 3198 1795 onmia
3230 1750 3412 1797 autem
3442 1744 3684 1799 membra

2101 1829 2352 1896 corporis
2383 1828 2569 1894 unius,
2606 1830 2735 1884 licet
2767 1830 2879 1885 sint
2917 1831 3111 1895 multa,
3135 1848 3303 1886 unum
3346 1842 3526 1889 tamen
3563 1849 3680 1889 cor-

376 1932 528 1983 ματος
591 1913 693 1968 τοῦ
765 1916 903 1981 ἑνὸς
977 1918 1159 1971 πολλὰ
1238 1921 1369 1973 ὄντα
1428 1918 1487 1973 ’ἐν
1544 1922 1659 1975 ἐστι
1732 1922 1891 1992 σῶμα
1917 1922 1990 1955 ⁸²⁴

2106 1934 2205 1987 pus
2243 1928 2373 1974 sunt
2412 1939 2428 1974 :
2473 1921 2547 1974 ita
2584 1930 2639 1977 et
2668 1922 2939 1977 Christus.
2973 1922 3185 1978 Etenim
3219 1925 3271 1979 in
3310 1940 3421 1979 uno
3468 1924 3677 1997 Spiritu

377 2003 507 2058 οὕτω
534 2006 630 2058 καὶ
660 2008 691 2059 ὁ
717 2008 1019 2077 Χριστός·
1059 2010 1156 2063 καὶ
1176 2012 1289 2082 γὰρ
1327 2013 1385 2065 ἐν
1413 2013 1493 2065 ἐνὶ
1520 2012 1798 2085 Πνεύματι
1828 2015 1990 2085 ἡμεῖς

376 2101 421 2151 cl
447 2099 642 2163 πάντες
676 2102 765 2164 είς
797 2101 863 2154 ἓν
898 2102 1074 2173 σῶμα
1108 2104 1541 2176 ἐϐαπτίσθημεν,
1565 2108 1677 2160 είτε
1724 2105 1987 2173 Ἰουδαῖοι,

378 2192 478 2245 εἴτε
508 2193 810 2263 Ἕλληνες,
842 2194 968 2247 εἴτε
996 2194 1198 2260 δοῦλοι,
1226 2195 1337 2250 εἴτε
1359 2198 1652 2269 ἐλεύθεροι,
1670 2201 1763 2253 καὶ
1789 2201 1990 2265 πάντες

384 2284 454 2346 εἰς
473 2283 527 2335 ἓν
565 2285 812 2355 Πνεῦμα
870 2287 1251 2358 ἐποτίσθημεν
1276 2303 1290 2317 ·
1322 2289 1428 2343 καῖ
1468 2291 1576 2362 γὰρ
1610 2291 1671 2345 τὸ
1699 2292 1861 2364 σῶμα
1889 2294 1989 2348 οὐκ

390 2378 523 2432 ἐστιν
541 2380 596 2432 ἐν
619 2381 817 2451 μέλος,
857 2380 1007 2435 ἀλλὰ
1064 2381 1271 2438 πολλά’
1316 2402 1335 2435 ι
1363 2386 1458 2437 καὶ
1495 2387 1614 2455 μετ’
1650 2385 1839 2454 ὀλίγα,
1877 2405 1894 2438 t
1924 2387 1988 2440 El

394 2466 483 2539 ἢν,
512 2474 655 2542 φησὶ,
706 2473 782 2525 τὰ
824 2474 1018 2527 πάντα
1071 2473 1130 2526 ἒν
1173 2474 1355 2543 μέλος,
1379 2476 1483 2529 ποῦ
1508 2477 1569 2530 τὸ
1599 2477 1791 2546 σῶμα;
1838 2497 1858 2531 ›
1893 2479 1990 2532 καὶ

398 2563 577 2625 πάλιν,
605 2582 623 2614 ι
654 2564 857 2634 Ὑμεῖς
884 2564 946 2617 δέ
981 2567 1103 2618 ἐστε
1137 2565 1298 2634 σῶμα
1325 2567 1584 2637 Χριστοῦ,
1628 2569 1723 2622 καὶ
1754 2569 1892 2640 μέλη
1923 2571 1988 2622 ὲκ

391 2653 597 2721 μέρους.
656 2674 676 2705 ι
740 2655 973 2709 Οὐκοῦν
1031 2658 1097 2709 ὲκ
1136 2658 1348 2710 πολλῶν
1383 2659 1561 2727 μελῶν
1615 2662 1648 2732 ἠ
1693 2660 1987 2731 Ἐκκλησία

384 2746 714 2815 συγκειμένη
740 2745 805 2798 ἒν
839 2746 1011 2817 σῶμα
1036 2747 1237 2820 πληροῖ
1258 2767 1270 2780 ο
1311 2751 1591 2820 νοήσωμεν
1612 2750 1812 2816 τοίνυν,
1835 2754 1987 2816 τινὰς

381 2834 475 2904 μὲν
502 2838 678 2907 αὐτῆς
708 2834 860 2890 εἶναι
889 2837 1235 2908 ὀφθαλμοὺς,
1280 2840 1435 2901 τινὰς
1453 2840 1509 2894 δὲ
1529 2842 1719 2907 ἀκοὰς,
1748 2842 1902 2906 τινὰς
1930 2844 1988 2896 δὲ

377 2928 524 2997 χείλη
549 2946 563 2957 -
590 2928 675 2980 διὸ
706 2929 808 2982 καὶ
830 2930 860 2980 ό
894 2929 1135 3000 νυμφίος
1160 2931 1324 3002 φησὶν
1361 2932 1497 3004 αὐτῇ
1521 2950 1534 2963 ·
1573 2952 1590 2985 ι
1609 2930 1812 3005 Κηρίον
1851 2936 1986 2988 ἁποο

377 3019 559 3081 στάζει
620 3019 785 3090 χείλη
834 3037 931 3073 σου
983 3020 1206 3091 νύμφη·
1246 3022 1384 3075 Μέλι
1430 3024 1522 3075 καὶ
1563 3023 1702 3092 γάλα
1752 3022 1857 3076 ὑπὸ
1888 3025 1987 3095 τὴν

378 3111 633 3177 γλῶσσάν
653 3128 780 3165 σου.
809 3111 981 3182 Δηλοῖ
1013 3112 1074 3165 δὲ
1102 3112 1339 3166 ἐνταῦθα
1364 3114 1492 3176 τοὺς
1526 3117 1625 3184 τῆς
1662 3115 1988 3186 Ἑκκλησίας

378 3201 759 3268 διδασκάλους,
794 3204 900 3274 τὴν
930 3204 1136 3275 εὐσεϐῆ
1164 3204 1517 3259 διδασκαλίαν
1543 3207 1950 3278 προσφέροντας
1971 3249 1987 3274 ,

2091 2026 2191 2066 nos
2235 2025 2429 2066 omnes
2462 2013 2518 2069 in
2554 2030 2726 2069 unum
2758 2029 2964 2084 corpus
3015 2016 3278 2085 baptizati
3318 2033 3533 2084 sumus,
3567 2019 3684 2074 sive

2087 2098 2281 2166 Julia-i,
2310 2103 2427 2158 sive
2462 2105 2717 2174 gentiles,
2749 2105 2867 2161 sive
2896 2107 3064 2173 servi,
3096 2108 3212 2163 sive
3238 2109 3401 2164 liberi
3439 2128 3453 2165 :
3480 2118 3537 2165 et
3566 2125 3684 2166 om~

2089 2210 2188 2252 nes
2219 2211 2328 2250 uno
2372 2197 2587 2267 Spiritu
2626 2200 2794 2269 potati
2840 2216 3055 2256 sumus.
3087 2200 3222 2256 Nam
3249 2213 3300 2257 et
3331 2219 3535 2274 corpus
3569 2221 3679 2261 non

2089 2298 2174 2342 est
2204 2304 2372 2343 unum
2412 2290 2741 2355 membrum,
2773 2292 2867 2345 sed
2898 2291 3067 2345 multa
3094 2302 3139 2344 1.
3179 2313 3198 2345 ι
3231 2292 3296 2346 Ει
3327 2294 3490 2363 paulo
3521 2306 3678 2365 post:

2096 2393 2114 2425 ι
2152 2374 2309 2441 Quod
2341 2377 2389 2432 si
2428 2386 2637 2440 essent,
2674 2379 2874 2449 inquit,
2901 2382 3086 2434 ornnia
3119 2398 3292 2437 unum
3339 2385 3677 2450 membrum,

2090 2466 2183 2523 ubi
2220 2484 2424 2538 corpus
2454 2467 2524 2523 ll?
2559 2490 2578 2521 ι
2623 2469 2686 2524 Et
2719 2488 2911 2528 rursus
2940 2493 2953 2527 :
2986 2492 3005 2524 ι
3041 2471 3151 2529 Vos
3179 2484 3363 2531 autem
3391 2477 3523 2532 estis
3559 2492 3680 2532 cor-

2088 2570 2193 2625 pus
2219 2556 2448 2621 Christi,
2478 2566 2532 2612 et
2556 2561 2799 2616 membra
2830 2578 2898 2616 ex
2934 2571 3088 2628 parte
3112 2562 3152 2616 ι.
3189 2581 3208 2616 ›
3245 2564 3326 2620 Ex
3358 2567 3546 2621 multis
3576 2567 3680 2638 igi-

2089 2656 2177 2701 tur
2210 2648 2472 2703 membris
2503 2659 2766 2707 constans
2814 2651 3062 2709 Ecclesia
3106 2669 3310 2725 corpus
3351 2672 3518 2711 unum
3549 2674 3677 2713 eon~

2089 2740 2288 2794 stituit.
2323 2740 2644 2810 Cogitemus
2682 2744 2869 2814 itaque
2902 2745 2956 2798 in
2986 2760 3050 2800 ea
3075 2747 3343 2816 quosdam
3368 2750 3674 2814 oculorum,

2088 2831 2353 2899 quosdam
2375 2831 2612 2897 aurium,
2630 2835 2896 2902 quosdam
2917 2835 3186 2890 labiorum
3208 2838 3382 2893 locum
3404 2839 3674 2897 obtinere.

2089 2921 2455 2987 Quamobrem
2504 2939 2764 2994 sponsus,
2814 2945 2832 2977 ι
2881 2925 3114 2992 Favum,
3151 2927 3356 2999 inquit,
3401 2930 3678 2986 distillant

2090 3012 2231 3067 labia
2257 3023 2370 3080 tua,
2407 3029 2610 3083 sponsa
2637 3033 2653 3069 :
2687 3016 2791 3071 mel
2819 3025 2873 3069 et
2901 3016 2986 3071 lac
3018 3017 3122 3072 sub
3143 3017 3330 3089 lingua
3362 3028 3474 3075 tua.
3522 3039 3544 3073 ι
3576 3021 3677 3075 Ec-

2091 3104 2272 3160 clesiae
2302 3106 2560 3162 doctores
2588 3106 2678 3161 hic
2695 3106 2991 3177 signiﬁcat,
3021 3109 3114 3179 qui
3146 3109 3291 3179 piam
3319 3110 3545 3166 tradunt
3571 3112 3676 3168 dis-

2088 3199 2374 3267 ciplinam,
2408 3207 2461 3254 et
2491 3200 2650 3269 quasi
2680 3199 2833 3256 favos
2876 3217 3042 3270 apum
3073 3202 3130 3255 in
3178 3202 3341 3258 labiis
3367 3213 3585 3274 gerunt,
3622 3215 3676 3261 ct

381 3295 469 3346 καὶ
498 3295 669 3347 οἱονεὶ
702 3269 908 3366 κηρίον
932 3269 1207 3365 μελισσῶν
1238 3296 1297 3348 ἐν
1323 3299 1437 3360 τοῖς
1463 3269 1664 3366 χείλεσι
1699 3269 1986 3370 ξρέροντας,

2094 3291 2270 3345 mellis
2298 3289 2559 3346 difﬂuunt
2581 3292 2764 3347 stillis.
2796 3269 3065 3348 Necivero
3091 3295 3195 3350 mel
3220 3269 3432 3350 tantum
3472 3269 3675 3353 haben-

383 3389 474 3441 καὶ
496 3388 595 3450 τὰς
624 3388 908 3457 σταγόνας
940 3386 1036 3440 τοῦ
1060 3386 1276 3458 μέλιτος
1301 3388 1707 3453 ἀποστάζοντας
1725 3405 1738 3419 ο
1766 3391 1996 3470 ἔχοντας-

380 3476 437 3529 δὲ
459 3477 521 3529 οὗ
560 3476 730 3546 μόνον
798 3475 957 3547 μέλι,
1019 3474 1156 3529 ἀλλὰ
1204 3475 1300 3528 καὶ
1337 3476 1498 3544 γάλα,
1529 3477 1621 3529 καὶ
1649 3476 1863 3545 ἑκάστῳ
1891 3475 1988 3546 τὴν

384 3572 701 3641 πρόσφορον
763 3568 1185 3639 προσφέροντας
1220 3562 1449 3639 τροφὴν,
1494 3570 1588 3622 καὶ
1624 3571 1739 3631 τοῖς
1776 3567 1989 3636 νηπίοις

385 3661 479 3731 τὴν
503 3661 921 3733 ἁρμόττουσαν,
951 3660 1048 3714 καὶ
1074 3662 1186 3723 τοῖς
1212 3659 1436 3724 τελείοις
1469 3661 1567 3730 τὴν
1583 3661 1984 3741 προσήκουσαν.

386 3753 470 3805 Τά
496 3754 555 3806 δὲ
584 3754 763 3824 κηρία
800 3750 899 3805 τοῦ
925 3752 1166 3824 μέλιτος,
1202 3753 1273 3804 τὰ
1321 3754 1378 3804 ἐν
1408 3754 1522 3816 τοῖς
1552 3750 1754 3822 χείλεσι
1776 3752 1884 3805 τῶν
1909 3750 1990 3805 δι-

384 3841 675 3897 δασκάλων
739 3843 1051 3914 φερόμενα,
1090 3843 1149 3894 al.
1185 3841 1329 3895 θεῖαι
1368 3841 1697 3912 τυγχάνουσι
1748 3839 1789 3893 Γ
1793 3840 1984 3911 ραφαὶ,

386 3934 649 4004 μελίττας
681 3934 915 4007 ἔχουσαι
953 3932 1441 4005 κηροπλαστούσας
1471 3934 1566 3988 καὶ
1600 3932 1989 4005 μελιτουργού-

384 4043 521 4094 σας,
563 4028 695 4091 τοὺς
730 4014 915 4096 ἱεροὺς
946 4026 1237 4098 προφήτας
1274 4026 1368 4079 καὶ
1393 4024 1729 4089 ἀποστόλους
1750 4042 1765 4057 ο
1788 4026 1987 4079 ἐκεῖνοι

382 4123 491 4191 γὰρ
519 4121 651 4183 τοὺς
669 4119 951 4191 λειμῶνας
968 4117 1064 4172 τοῦ
1088 4116 1352 4187 παναγίου
1376 4116 1793 4189 περιιπτάμενοι
1814 4115 1988 4171 Πνεῦ-

385 4227 585 4279 ματος,
614 4210 688 4263 τὰ
719 4208 892 4281 κηρία
921 4207 1033 4261 τῶν
1050 4206 1210 4261 θείων
1238 4208 1374 4278 ἡμῖν
1402 4205 1636 4277 Γραφῶν
1672 4200 1783 4259 οἷον
1809 4205 1985 4277 πηξά-

383 4319 565 4373 μενοι,
596 4302 697 4356 καὶ
716 4299 815 4353 τοῦ
834 4299 1055 4370 μέλιτος
1076 4301 1177 4370 τῆς
1205 4296 1556 4361 διδασκαλίας
1584 4296 1984 4368 ἐμπλήσαντες,

380 4393 463 4456 εἰς
491 4391 648 4462 ἡμᾶς
674 4389 777 4460 τὴν
798 4388 1073 4458 ὠφέλειαν
1095 4386 1488 4458 παρέπεμψαν.
1515 4384 1626 4440 Καὶ
1656 4387 1800 4440 ἔοικε
1831 4386 1988 4458 κηρῷ

383 4486 487 4553 μὲν
532 4483 599 4536 τὸ
616 4481 886 4554 γράμμα,
942 4480 1124 4551 μέλιτι
1159 4481 1217 4534 δὲ
1243 4480 1306 4533 τὸ
1342 4483 1400 4534 ὲν
1429 4478 1580 4550 αὐτῷ
1612 4480 1986 4551 κρυπτόμενον

381 4575 569 4645 νόημα
587 4591 603 4604 ·
632 4573 831 4627 τούτου
851 4572 946 4626 τοῦ
970 4571 1194 4644 μέλιτος
1225 4573 1326 4636 τὰς
1360 4572 1625 4639 σταγόνας
1654 4572 1850 4642 ἀφίησι
1875 4571 1986 4624 τῶν

380 4665 632 4721 εὐσεϐῶν
658 4666 1002 4720 διδασκάλων
1026 4665 1096 4717 τὰ
1143 4664 1321 4736 χείλη.
1368 4664 1580 4735 Ὀρέγει
1610 4663 1668 4717 δὲ
1712 4664 1807 4718 καὶ
1844 4664 1986 4733 γάλα

379 4757 497 4810 ἀπὸ
517 4758 569 4788 ⁸³
595 4756 700 4827 τῆς
769 4755 1020 4824 γΜνιτης
1067 4754 1247 4807 αὐτῶν
1296 4752 1599 4824 φερόμενον
1626 4756 1741 4816 τοῖς
1768 4752 1862 4805 τοῦ
1885 4753 1985 4821 γά-

380 4850 588 4913 λακτος
612 4848 899 4918 δεομένοις
927 4863 941 4876 ⁸
967 4846 1224 4918 ἐπιμένει
1256 4846 1315 4899 δὲ
1362 4845 1525 4901 πάλιν
1559 4845 1854 4916 θαυμάζων
1884 4844 1988 4914 τῆς

382 4942 609 5015 νύμφης
629 4942 703 4995 τά
760 4942 975 5012 ἱμάτια,
1017 4939 1114 4994 καί
1150 4954 1317 5010 φησιο
1353 4956 1372 4989 ι
1406 4937 1517 4991 Καὶ
1557 4937 1702 5009 ὀσμὴ
1754 4937 1986 5008 ἱματίων

382 5051 507 5101 σου,
532 5034 614 5097 ὡς
640 5034 792 5105 ὀσμὴ
811 5031 908 5085 τοῦ
935 5028 1178 5085 λιϐάνου.
1216 5048 1237 5083 ι
1268 5030 1698 5101 Προειρήκαμεν
1723 5027 1799 5091 ὡς
1822 5026 1985 5090 αὐτὸς

379 5128 529 5198 αὐτῇ
564 5126 796 5194 γέγονεν
831 5124 1048 5196 ἱμάτιον
1089 5124 1119 5175 ὁ
1151 5122 1386 5192 νυμφίος
1410 5137 1423 5151 ⁸
1440 5120 1552 5187 λαὶ
1594 5119 1806 5189 μάρτυς
1829 5119 1858 5170 ό
1881 5134 1989 5187 μα-

381 5220 586 5291 κάριος
623 5216 841 5281 Παῦλος
884 5216 1092 5285 λέγων’
1132 5235 1153 5269 ι
1194 5216 1350 5268 Ὅσοι
1388 5213 1468 5276 είς
1496 5209 1733 5282 Χριστὸν
1762 5208 1989 5262 ἐϐαπτί-

381 5311 585 5381 σθητε,
646 5310 889 5380 Χριστὸν
934 5305 1285 5363 ἐνεδύσασθε.
1321 5324 1341 5357 ι
1388 5304 1446 5357 '0
1493 5302 1550 5356 δὲ
1591 5301 1844 5372 νυμφίος,
1890 5300 1987 5354 καὶ

458 5488 900 5558 ιΜοιιιι.ιινιιι,
932 5490 1022 5543 10.
1098 5488 1115 5527 ί
1146 5484 1293 5541 Psal.
1324 5499 1458 5552 uti,
1491 5484 1525 5540 9
1626 5479 1640 5530 ἱ
1676 5478 1843 5534 lCor.
1870 5493 1969 5543 xu,

2090 5476 2173 5530 M.
2254 5475 2282 5516 ιι
2314 5474 2450 5531 ibid.
2480 5473 2564 5529 i9.

2094 3387 2193 3446 tes,
2236 3380 2392 3449 102
2443 3380 2540 3436 sed
2572 3382 2737 3437 etiam
2790 3381 2896 3443 lac,
2936 3370 3136 3453 euique
3190 3384 3376 3440 cibum
3421 3399 3676 3455 promunt

2090 3474 2532 3540 convenientem,
2575 3480 2631 3528 et
2661 3488 2787 3527 cum
2819 3473 3120 3529 infantibus
3151 3474 3525 3545 commodum,
3560 3489 3673 3534 tum

2092 3565 2349 3636 perfectis
2375 3566 2538 3620 etiam
2574 3576 2996 3635 congruentem.
3032 3565 3163 3622 .Jam
3204 3567 3311 3624 favi
3345 3571 3542 3638 mellis,
3577 3577 3672 3643 qui

2090 3659 2146 3713 in
2183 3660 2475 3714 doctorum
2529 3666 2818 3730 gestantur
2857 3660 3054 3726 labiis,
3095 3670 3228 3717 sunt
3272 3662 3471 3719 divina:
3521 3662 3672 3722 Scri-

2089 3761 2285 3819 pturaz,
2323 3765 2444 3820 qua:
2474 3750 2758 3805 continent
2793 3765 2923 3822 apes
2973 3758 3088 3805 tum
3141 3767 3305 3819 cerae,
3351 3761 3464 3808 tum
3496 3758 3673 3812 mellis

2090 3839 2421 3904 ell‘ectrices,
2455 3856 2648 3898 sacros
2683 3842 2944 3898 nimirum
2972 3845 3268 3915 prophetas
3296 3853 3350 3899 et
3372 3848 3671 3916 apostolos,

2089 3932 2181 4002 qui
2214 3946 2311 4001 per
2347 3929 2586 4000 Spiritus
2619 3934 2797 3987 sancti
2834 3941 2989 4002 prata
3020 3935 3344 3999 volitantes,
3377 3944 3432 3991 et
3463 3937 3670 3993 divina-

2089 4034 2209 4073 rum
2239 4019 2651 4090 Scripturarum
2674 4020 2833 4090 quasi
2854 4029 3240 4078 construentes
3262 4021 3456 4088 cellas,
3473 4042 3671 4098 easque

2088 4110 2354 4183 doctrina:
2372 4111 2533 4167 melle
2549 4111 2944 4175 distendentes,
2964 4110 3251 4168 utilitatem
3280 4112 3347 4169 ad
3375 4130 3475 4172 nos
3503 4125 3679 4171 trans-

2089 4200 2383 4257 miserunt.
2442 4201 2521 4254 Ac
2551 4186 2694 4254 certe
2727 4200 2946 4268 quidem
2985 4200 3167 4255 littera
3202 4200 3422 4258 videtur
3450 4205 3669 4272 similis,

2089 4292 2234 4347 melli
2263 4306 2393 4344 vero
2434 4305 2659 4356 sensus,
2690 4289 2785 4360 qui
2818 4290 2871 4345 in
2901 4306 2966 4344 eo
3005 4293 3321 4348 reconditus
3359 4303 3462 4350 est.
3494 4294 3671 4366 Hujus

2088 4385 2268 4439 mellis
2320 4383 2482 4437 stillae
2510 4384 2728 4452 piorum
2780 4380 3070 4437 doctorum
3117 4399 3148 4439 e
3181 4382 3344 4441 labiis
3397 4398 3623 4443 manant
3663 4409 3677 4445 :

2087 4493 2278 4534 eorum
2333 4477 2461 4531 item
2496 4491 2526 4530 e
2572 4476 2758 4545 lingua
2802 4476 2885 4530 lac
2923 4472 3043 4530 ﬂuit
3092 4477 3466 4549 indigentibus
3508 4483 3670 4538 lacle.

2016 4612 2061 4669 Β
2091 4569 2200 4626 Sed
2226 4574 2431 4624 ‘rnrsus
2469 4569 2526 4623 in
2563 4568 2931 4624 admiratione
2952 4571 3407 4628 vestimentorum
3454 4590 3670 4646 sponsa:

2090 4668 2487 4725 commoratur,
2515 4670 2571 4714 et
2598 4659 2714 4713 ait:
2749 4678 2766 4710 ‹
2807 4658 2873 4712 Ει
2903 4659 3515 4718 odor'vestimentorum
3550 4673 3669 4718 tuo-

2090 4740 2233 4818 rum,
2268 4752 2412 4808 sicut
2461 4751 2598 4807 odor
2629 4751 2832 4806 thuris.
2866 4770 2885 4803 ι
2927 4750 3199 4822 Sponsum
3233 4754 3411 4823 ipsum
3456 4770 3667 4824 sponsae

2092 4844 2296 4900 factum
2336 4859 2460 4899 esse
2498 4842 2879 4898 indumentum
2926 4843 3040 4913 jam
3071 4840 3335 4900 diximus.
3374 4844 3553 4900 Testis
3584 4856 3666 4901 est

2090 4938 2285 4992 beatus
2330 4935 2555 5001 Paulus,
2591 4935 2782 4990 dicens
2821 4953 2834 4988 :
2877 4953 2896 4986 ι
2933 4934 3263 5006 Quicunque
3310 4936 3365 4990 in
3388 4934 3665 4990 Christum

2092 5027 2352 5099 baptizati
2398 5028 2557 5090 eetis,
2610 5022 2894 5079 Christum
2948 5025 3288 5082 induistis".
3346 5046 3365 5079 ι
3418 5024 3710 5098 Sponsus.

2095 5127 2297 5181 autem,
2335 5124 2391 5172 et
2438 5116 2580 5172 Deus
2608 5123 2693 5170 est
2733 5121 2996 5182 aeternus,
3029 5122 3084 5170 et
3118 5115 3282 5171 homo
3324 5117 3379 5170 in
3407 5118 3665 5173 extremis

2094 5211 2289 5265 diebus
2337 5223 2404 5263 ex
2455 5215 2643 5262 sancta
2698 5204 2925 5277 Virgine
2974 5215 3177 5263 natus:
3219 5209 3311 5279 qui
3364 5223 3590 5264 manens
3613 5208 3663 5263 id

2060 5370 2067 5377 _
2095 5298 2238 5368 quod
2271 5305 2410 5371 erat,
2440 5294 2923 5369 assumpsitquod
2955 5306 3207 5355 nostrum
3233 5306 3339 5362 est,
3376 5312 3661 5368 sponsam-

2684 5471 2705 5513 ι
2740 5473 2880 5530 Ibid.
2913 5472 3005 5530 27.
3080 5482 3120 5505 ¹¹¹
3144 5471 3265 5526 Gal.
3301 5485 3383 5537 tu,
3410 5470 3504 5526 27.

1681 5633 1917 5691 VARUS
1958 5629 2345 5689 LECTIONES

499 5779 549 5812 δ’
585 5781 712 5838 cod.
737 5780 908 5852 αὐτῷ.
1014 5778 1063 5811 ⁸⁸
1095 5773 1229 5833 Rec.
1258 5774 1423 5832 lectio
1451 5782 1536 5832 est
1563 5771 1947 5833 άποστάζουσι.

390 5847 525 5905 ὑπό.

2051 5769 2095 5801 ιι
2130 5766 2217 5823 τά.
2252 5765 2416 5821 Abest
2455 5778 2485 5818 a
2516 5764 2635 5821 cod.

2735 5763 2780 5797 "
2808 5762 2987 5835 σῶμα.
3018 5760 3188 5817 Abest
3209 5772 3241 5815 a
3265 5757 3402 5816 cod;
3460 5756 3510 5793 ³⁸
3536 5760 3667 5821 cod.
