4088 6478
413 362 512 432 151

1449 370 1937 432 THEODORETI
1978 368 2317 428 EPISCOPI
2360 367 2727 428 CYRENSIS

3573 368 3679 435 152

410 476 755 549 spiritualem
809 478 1282 551 pulchritudinem
1329 490 1517 549 tuam,
1571 489 1626 538 et
1674 483 1727 535 in
1782 482 1987 537 virtute

2107 482 2340 547 lava-rev,
2371 481 2429 533 ὃν
2458 483 2509 534 οἱ
2536 480 2823 552 βόστρυχοι
2850 477 2948 549 τῆς
2977 477 3242 549 κεφαλῆς,
3265 480 3361 536 καὶ
3389 480 3488 537 οὐκ
3509 482 3674 546 αὐτὸς

414 569 832 637 perfectionem.
882 569 1253 637 Quamobrem
1305 580 1357 626 et
1392 586 1641 626 sororem
1687 585 1887 636 meam,
1935 579 1991 625 et

414 661 778 733 propinquam
811 677 1012 728 meam,
1056 671 1111 718 et
1154 663 1462 717 columbam
1496 677 1694 725 meam,
1732 668 1786 717 et
1812 662 1991 732 perfe-

413 759 553 804 ctam
580 767 754 808 meam
782 762 833 808 te
858 756 1101 809 nomino.
1133 754 1435 810 Perfeclam
1461 754 1707 824 quidem,
1730 754 1989 825 quoniam

416 841 529 911 lege
578 846 955 915 praascriptam
1002 846 1101 899 tibi
1161 861 1191 899 a
1243 861 1329 900 me
1378 842 1772 916 perfectionem
1834 843 1994 915 110

417 942 662 1003 praestas.
697 935 809 1005 Ego
838 937 983 990 enim
1013 935 1130 991 dixi
1176 957 1189 992 :
1229 957 1249 991 ι
1275 938 1507 994 Perfecti
1537 945 1735 1004 estote,
1763 938 1908 993 sicut
1939 944 1993 992 et

420 1026 577 1080 Pater
608 1034 791 1081 vester
820 1028 1065 1082 caelestis
1098 1027 1382 1098 perfectus
1409 1036 1494 1086 est
1515 1041 1562 1084 ε.
1600 1047 1619 1082 ι
1654 1028 1720 1083 Ει
1752 1045 1947 1085 rursus
1975 1047 1989 1085 :

422 1135 441 1165 ι
472 1115 529 1170 Si
577 1116 660 1173 vis
691 1115 972 1188 perfectus
1004 1134 1151 1187 esse,
1206 1121 1383 1176 vende
1422 1136 1546 1193 qua:
1601 1120 1773 1177 habes
1817 1128 1874 1173 et
1922 1122 1990 1177 da

419 1208 790 1278 pauperibus,
834 1217 889 1265 et
933 1209 1162 1268 habebis
1217 1213 1538 1269 thesaurum
1590 1212 1645 1266 in
1694 1212 1887 1277 caelis,
1939 1220 1995 1268 et

417 1298 616 1355 tollens
663 1315 887 1357 crucem
934 1311 1082 1356 tuam
1136 1318 1371 1373 sequere
1412 1320 1497 1359 me
1526 1301 1568 1358 ί.
1604 1322 1623 1355 ι
1667 1303 1992 1359 Columbam

419 1405 546 1445 vero
581 1407 755 1447 meam
789 1410 948 1460 voco,
985 1396 1112 1466 quia
1144 1396 1453 1466 spiritualis
1479 1392 1673 1451 ell‘ccta
1703 1411 1786 1464 es,
1819 1404 1874 1451 et
1905 1412 1996 1452 vc-

418 1491 588 1537 terem
615 1482 888 1542 hominem
915 1487 1114 1543 eruisti
1143 1503 1266 1543 cum
1294 1488 1443 1543 vitiis
1468 1497 1521 1542 et
1545 1487 1996 1557 eupiditatibus‘,

2094 574 2404 639 ὑπεδέξατο.
2426 574 2645 645 Ἐπειδὴ
2676 573 2877 638 τοίνυν,
2908 572 3065 643 φησι,
3097 572 3190 627 τὸν
3224 571 3366 645 ὑπὲρ
3384 572 3481 627 σοῦ
3514 573 3681 628 θάνα·

2091 684 2181 720 τον
2212 665 2607 737 κατεδεξάμην,
2637 666 2731 720 καὶ
2753 664 2840 720 διὰ
2873 664 2932 717 σὲ
2958 664 3132 721 ταῦτα
3156 664 3446 735 ὑπέμεινα,
3470 665 3681 732 amem

2098 774 2209 828 μοι,
2242 757 2337 809 καὶ
2364 755 2622 822 ὑπόδεξαι
2652 772 2721 825 με
2745 772 2760 786 ⁸
2807 754 3007 822 ἀγαπῶ
3037 754 3146 824 γάρ
3178 771 3273 808 σου
3298 754 3402 825 τὴν
3434 771 3681 825 πνευμα-

2092 851 2248 919 τικὴν
2274 848 2598 920 εὐμορφίαν,
2621 847 2719 900 καὶ
2739 847 2833 918 τὴν
2851 848 2910 899 ἐν
2926 847 3094 917 ἀρετῇ
3115 845 3450 918 τελειότητα.
3471 847 3564 901 Διὸ
3584 846 3681 901 καὶ

2092 938 2324 1008 ἀδελφήν
2340 955 2440 1009 μου
2455 938 2624 1007 καλῶ,
2640 940 2733 991 καὶ
2744 936 2968 1008 πλησίον
2986 938 3204 1008 μου,καὶ
3217 939 3546 1009 περιστεράν
3557 956 3683 1010 μου,

2094 1030 2188 1084 καὶ
2201 1030 2416 1084 τελείαν
2438 1048 2562 1101 μου.
2589 1029 2815 1084 Τελείαν
2837 1030 2956 1100 μὲν,
2978 1029 3054 1092 ὡς
3073 1030 3172 1101 τὴν
3190 1030 3282 1085 ὑπ’
3306 1028 3442 1100 ἐμοῦ
3463 1031 3681 1099 νομοθε-

2095 1122 2351 1194 τηθεῖσαν
2376 1122 2689 1193 τελειότητα
2716 1121 2977 1176 τελοῦσαν
2997 1138 3011 1153 ⁸
3049 1120 3164 1191 ἐγὼ
3189 1123 3299 1193 γὰρ
3323 1122 3462 1193 ἔφην
3490 1138 3504 1152 ⁸
3554 1139 3573 1172 ι
3598 1119 3687 1174 Γί-

2095 1216 2253 1269 νεσθε
2299 1215 2516 1278 τέλειοι,
2563 1212 2805 1277 καθὼς⁸⁹
2845 1214 2876 1267 ό
2918 1213 3107 1285 Πατὴρ
3161 1212 3317 1283 ὑμῶν
3362 1216 3392 1267 ό
3433 1213 3686 1285 οῠράνιος

2096 1306 2300 1371 τέλειός
2351 1307 2487 1361 ἐστι.
2529 1324 2548 1356 ι
2630 1306 2741 1358 Καὶ
2787 1304 2950 1358 πάλιν
2983 1320 2995 1333 ⁸
3077 1324 3095 1356 ι
3134 1305 3199 1360 Εἰ
3260 1303 3437 1367 θέλεις
3484 1304 3687 1366 τέλειος

2099 1399 2371 1468 γενέσθαι,
2402 1398 2653 1470 πώλησόν
2683 1414 2777 1451 σου
2806 1397 2874 1452 τά
2903 1397 3240 1467 ὑπάρχοντα,
3285 1398 3381 1450 καὶ
3419 1396 3509 1459 δὺς
3537 1413 3686 1449 πτω-

2100 1491 2251 1559 χοῖς,
2296 1491 2388 1542 καὶ
2410 1488 2555 1553 ἔξεις
2605 1488 2879 1559 θησαυρὸν
2916 1488 2974 1541 ἐν
3008 1489 3299 1559 οὐρανοῖς·
3357 1487 3454 1540 καὶ
3503 1486 3685 1539 λαϐὼν

333 1580 340 1588 ·
417 1579 469 1625 et
500 1573 861 1641 spiritualiter
911 1586 1067 1647 poles
1116 1578 1342 1634 intueri.
1393 1578 1766 1649 Propinquam
1823 1593 1997 1633 meam

2107 1579 2192 1631 τὸν
2219 1577 2452 1650 σταυρόν
2481 1595 2598 1644 σου,
2628 1577 2914 1632 ἀκολούθει
2943 1595 3054 1647 μοι.
3087 1596 3107 1629 ι
3132 1575 3468 1647 Περιπεράν
3493 1575 3551 1628 δέ
3585 1592 3685 1645 μου

419 1664 636 1732 appello
660 1667 844 1736 ,‘quia
878 1684 973 1739 per
1005 1670 1233 1741 vestigia
1266 1685 1385 1725 mea
1432 1671 1663 1734 incedis,
1698 1679 1755 1726 et
1803 1670 1869 1725 ad
1913 1685 2001 1727 me

2107 1666 2273 1735 καλῶ,
2317 1669 2393 1732 ὡς
2420 1669 2795 1741 πνευματικὴν
2827 1668 3145 1740 γενομένην,
3194 1668 3290 1722 καὶ
3324 1667 3415 1722 τὸν
3458 1666 3689 1720 παλαιὸν

418 1757 862 1830 appropinquare
887 1762 1257 1831 concupiscis.
1280 1761 1394 1833 Ego
1433 1762 1581 1817 enim
1603 1762 1718 1817 dixi
1746 1780 1762 1818 :
1795 1762 2001 1834 Appro-

2107 1761 2390 1833 ἄνθρωπον
2442 1761 2900 1833 ἀπεκδυσαμένην
2956 1754 3053 1815 σὺν
3098 1764 3211 1824 τοῖς
3262 1758 3551 1829 παθήμασι
3596 1758 3692 1812 καὶ

423 1846 685 1917 pinquate
716 1850 873 1919 mihi,
904 1861 958 1907 et
982 1853 1437 1925 appropinquabo
1466 1854 1624 1909 vobis
1648 1855 1716 1907 ³⁸.
1751 1854 2002 1910 Sororem

2107 1857 2226 1919 ταῖς
2258 1853 2598 1922 ἐπιθυμίαις,
2633 1854 2729 1908 καὶ
2767 1854 3160 1925 πνευματικῶς
3188 1853 3319 1923 όρᾷν
3358 1850 3688 1922 δυναμένην.

418 1936 653 2009 denique
698 1941 846 2007 dico,
893 1959 1002 2000 non
1049 1946 1227 2002 solum
1274 1952 1501 2017 propter
1549 1954 1785 2011 naturae,
1834 1961 2000 2018 quam

2107 1945 2345 2017 Πλησίον
2386 1945 2446 2000 δέ
2479 1964 2602 2016 μου,
2651 1946 2728 2009 ὡς
2770 1947 2892 2001 κατ’
2929 1946 3075 2017 ῐχνος
3110 1962 3212 2016 μου
3246 1944 3558 2015 βαίνουσαν,
3595 1943 3694 1997 καὶ

422 2031 666 2101 suscepi,
697 2034 1182 2103 necessitudinem,
1212 2050 1399 2091 verum
1431 2037 1592 2092 etiam
1622 2036 1841 2106 pietatis
1871 2050 2002 2090 con-

2107 2036 2347 2107 ἐγγίζειν
2374 2054 2467 2109 μοι
2486 2036 2856 2106 ἐπιθυμοῦσαν
2874 2054 2886 2067 ⁸
2919 2034 3031 2105 ἐγὼ
3057 2035 3165 2105 γὰρ
3192 2034 3330 2103 ἔφην
3348 2047 3363 2063 ⁸
3404 2032 3693 2107 Ἐγγίσατέ

340 2124 341 2127 ‘
423 2122 780 2187 iunctionem.
850 2121 1246 2196 Superioribus
1313 2128 1482 2199 igitur
1548 2128 1730 2185 verbis
1796 2126 2000 2185 auditis

2108 2148 2223 2202 μοι,
2248 2129 2343 2184 καὶ
2368 2128 2538 2199 ἐγγιῶ
2562 2130 2690 2200 ὑμῖν
2707 2146 2721 2159 ⁸
2754 2148 2770 2181 ι
2809 2128 2961 2183 καλῶ
2983 2127 3042 2181 δέ
3071 2127 3165 2180 καὶ
3197 2125 3430 2196 ἀδελφήν
3460 2140 3562 2195 μου
3582 2140 3596 2154 ⁸
3624 2123 3693 2175 οὐ

423 2228 625 2282 sponsa
656 2218 971 2286 respondet,
1009 2218 1199 2275 dicens
1232 2237 1247 2275 :

2107 2222 2196 2276 διὰ
2225 2221 2288 2275 τὺ
2338 2221 2599 2290 συγγενὲς
2652 2222 2811 2290 μόνον
2857 2223 2959 2291 τῆς
3009 2218 3242 2290 φύσεως,
3289 2212 3358 2288 ἧς
3405 2213 3692 2279 ἀνέλαϐον,

420 2303 554 2358 ἀλλὰ
596 2305 691 2359 καὶ
718 2307 805 2361 διὰ
828 2308 927 2381 τὴν
971 2310 1073 2380 τῆς
1109 2311 1391 2375 εὐσεϐείας
1429 2312 1741 2384 οἰκειότητα
1755 2313 1821 2367 ⁵⁸.
1872 2311 1996 2366 Τῶν
2030 2310 2239 2370 ἄνωθεν
2265 2312 2358 2370 οῦν
2384 2315 2648 2388 ῥημάτιον
2670 2316 2704 2385 ἡ
2725 2313 2910 2383 νύμφη
2974 2312 3269 2377 ἀκούουσα,
3329 2308 3693 2380 ἀποκρίνεται

420 2394 653 2467 λέγουσα
674 2415 689 2430 ⁸

489 2484 660 2546 Vens.
693 2492 749 2545 3.
798 2490 940 2547 Exui
979 2495 1214 2548 tunicam
1260 2512 1452 2561 meam,
1481 2498 1746 2569 quomoda
1785 2496 2002 2552 induant

2185 2502 2255 2565 γ’.
2309 2492 2721 2563 Ἐξεδυσάμην
2765 2490 2870 2544 τὸν
2898 2487 3122 2558 χιτῶνά
3163 2506 3304 2558 μου.
3357 2485 3485 2551 πῶς
3521 2483 3694 2539 ἐνδύ-

423 2580 617 2635 illam?
657 2581 790 2639 Lavi
834 2585 987 2653 pelles
1024 2604 1162 2643 meas
1190 2590 1488 2659 :quomodo
1520 2589 1807 2660 inquinabo
1840 2589 2002 2644 illos!

2112 2602 2294 2656 σομαι
2327 2585 2605 2647 αὑτόν⁹¹;
2663 2580 2992 2650 Ἐνιψὰμην
3014 2579 3154 2645 τοὺς
3182 2579 3371 2643 πόδας
3393 2593 3534 2645 μου,
3563 2572 3693 2640 πῶς

396 2673 704 2739 Quantum
750 2675 1064 2732 detrimenti
1119 2678 1340 2749 pigritia
1390 2681 1588 2751 pariat,
1636 2688 1692 2735 et
1741 2690 2002 2751 quantum

2107 2676 2357 2749 μολυνῶ
2384 2676 2635 2740 αὺτούς-ξ
2667 2670 3041 2742 Διδασκόμεθα
3069 2669 3338 2733 ἐντεῦθεν,
3363 2669 3495 2738 ὅσην
3518 2666 3696 2719 τίκτει

424 2765 629 2822 laboris
672 2769 933 2839 segnibus
997 2770 1183 2827 aﬂ'erat
1235 2774 1486 2844 ignavia,
1540 2773 1670 2828 hinc
1713 2773 2002 2829 discimus.

2113 2769 2341 2843 βλάϐην,
2376 2769 2469 2822 καὶ
2516 2768 2638 2820 ὅσον
2682 2765 2933 2836 ἐπιφέρει
2983 2763 3144 2816 πόνον
3169 2763 3280 2824 τοῖς
3326 2758 3627 2831 χρωμένοις
3663 2756 3697 2809 ὁ

426 2856 562 2912 Dum
595 2858 739 2913 enim
771 2868 1001 2918 excusat
1035 2877 1094 2918 se
1139 2879 1374 2936 sponsa,
1422 2880 1520 2919 nec
1571 2865 1756 2921 statim
1800 2878 2002 2935 sponso

2110 2864 2268 2928 ὄκνος
2296 2878 2309 2891 ·
2345 2860 2633 2923 ἀναϐολαῖς
2668 2860 2774 2928 γὰρ
2806 2859 2839 2927 ἡ
2870 2856 3055 2926 νύμφη
3089 2853 3430 2925 χρησαμένη,
3471 2851 3564 2904 καὶ
3599 2848 3695 2901 εὐ-

420 2947 643 3016 januam
677 2950 793 3004 vult
827 2953 1060 3022 aperire,
1094 2956 1311 3026 cogitur
1340 2956 1509 3025 paulo
1535 2965 1660 3025 post
1694 2970 1802 3009 non
1827 2955 2002 3011 solum

2112 2957 2210 3019 θὺς
2258 2954 2465 3018 ἀνοῖξαι
2496 2951 2573 3022 τῷ
2621 2950 2839 3021 νυμφίῳ
2881 2949 2980 3017 τὴν
3033 2947 3203 3016 θύραν
3248 2946 3307 2999 οὐ
3350 2941 3694 3014 βουληθεῖσα,

423 3038 491 3093 ad
532 3040 760 3110 januam
812 3060 985 3113 usque
1030 3048 1325 3118 progredi,
1384 3048 1480 3101 sed
1523 3047 1687 3101 etiam
1724 3047 2002 3101 civitatem

2112 3046 2484 3116 ἀναγκάζεται
2516 3044 2654 3115 μετά
2684 3042 2880 3114 βραχὺ,
2926 3042 2987 3094 οὐ
3023 3040 3183 3111 μόνον
3209 3038 3373 3109 μέχρι
3400 3037 3496 3105 τῆς
3526 3033 3695 3103 θύρας

426 3148 772 3203 percurrere,
817 3146 870 3191 et
903 3138 1113 3206 plateas
1142 3137 1443 3193 circumire
1472 3145 1636 3207 atque
1663 3137 1718 3190 in
1748 3135 2002 3192 custodes

2114 3138 2372 3210 βαδίζειν,
2406 3136 2542 3191 ἀλλὰ
2569 3136 2661 3189 καὶ
2690 3138 2769 3197 είς
2795 3134 2894 3204 τὴν
2920 3133 3073 3186 πόλιν
3101 3129 3332 3201 τρέχειν,
3365 3128 3458 3182 καὶ
3485 3128 3565 3189 εἰς
3592 3125 3697 3186 τὰς

427 3226 691 3292 incidere,
738 3243 768 3282 a
815 3230 1016 3299 quibus
1070 3232 1299 3287 vulnera
1334 3229 1498 3284 etiam
1548 3228 1771 3298 accipit,
1818 3235 1875 3283 et
1921 3228 2002 3281 vix

2112 3230 2316 3300 ἀγορὰς
2343 3229 2701 3299 περινοστεῖν,
2728 3226 2821 3279 καὶ
2846 3224 3160 3294 περιπεσεῖν
3187 3218 3384 3289 φύλαξί
3406 3234 3539 3278 τισι,
3563 3214 3695 3286 παρ’

424 3334 689 3387 sponsum
721 3320 929 3376 invenit
955 3328 1296 3392 excptatum.
1323 3319 1477 3386 Quod
1505 3318 1551 3373 si
1583 3318 1769 3374 statim
1794 3317 2009 3370 vocanti

428 3410 724 3478 paruisset,
761 3411 878 3468 haec
926 3412 1110 3471 omnia
1161 3409 1509 3467 incommoda
1537 3410 1821 3465 evitasset.
1855 3407 2011 3463 Nunc

425 3507 609 3554 autem
654 3520 667 3555 :
711 3519 730 3552 ι
762 3500 927 3564 Ειιιιί,
962 3501 1165 3572 inquit,
1203 3499 1447 3555 tunicam
1497 3513 1699 3560 meam,
1736 3499 2011 3567 quomodo

426 3587 650 3641 induam
687 3588 885 3642 illam?
929 3587 1062 3643 Lavi
1093 3588 1261 3659 pedes
1296 3603 1470 3655 meos,
1511 3586 1791 3657 quomodo
1830 3586 2012 3655 inqui-

426 3680 570 3733 nabo
597 3678 765 3734 illos?
795 3699 813 3731 ι
860 3680 1025 3749 Atqui
1056 3679 1163 3734 hoc
1209 3680 1287 3735 illi
1318 3694 1562 3749 sponsus
1592 3693 1700 3732 non
1742 3680 2006 3748 praecipit.

424 3766 612 3840 Neque
643 3771 799 3839 ιιι
832 3771 978 3825 enim
1011 3772 1148 3838 vult,
1193 3778 1251 3825 ut
1294 3771 1606 3839 depositum
1640 3780 1876 3825 veterem
1915 3771 2012 3824 lio-

424 3861 627 3914 ininem
682 3862 880 3915 iterum
932 3871 1135 3923 sumat,
1187 3869 1282 3916 aut
1328 3862 1536 3918 sanctis
1584 3863 1704 3930 ejus
1754 3863 2013 3917 manibus

425 3953 645 4005 ablutos
695 3952 1017 4022 eiiinquinet
1053 3953 1253 4023 pedes;
1315 3954 1410 4008 sed
1472 3964 1524 4007 ιιι
1575 3954 1694 4008 sine
1737 3955 1925 4009 labore
1956 3962 2010 4010 et

426 4043 806 4112 inquinatione
836 4044 1045 4112 aperiat
1083 4044 1185 4100 sibi
1228 4043 1310 4099 vel
1357 4046 1574 4099 aurium
1607 4047 1688 4100 vel
1723 4048 2008 4101 oculorum

428 4132 574 4187 fores
623 4152 637 4187 :
680 4147 788 4203 quo
820 4142 913 4188 aut
944 4150 1041 4205 per
1072 4135 1468 4206 cognitionem,
1502 4147 1598 4189 aut
1638 4152 1733 4207 per
1763 4138 2008 4192 auditum

428 4223 740 4291 ingressus,
804 4223 857 4277 in
926 4224 1215 4280 animabus
1286 4226 1652 4282 sanctiiicatis
1718 4224 2006 4282 inhabitet.

426 4308 627 4366 Verum
680 4312 805 4383 quia
854 4327 1058 4385 sponsa
1130 4317 1519 4371 excusationes
1589 4317 1713 4372 illas
1777 4316 2011 4374 aﬂerens

426 4403 639 4458 tardior
664 4404 788 4471 fuit,
834 4421 954 4462 eam
983 4422 1223 4477 sponsus
1251 4408 1456 4464 excitat
1490 4410 1599 4464 alia
1637 4411 1871 4476 ratione,
1903 4429 2009 4468 non

428 4495 661 4564 amplius
708 4501 937 4566 pulsans
972 4499 1217 4554 exterius
1252 4506 1491 4561 tantum,
1533 4499 1629 4555 sed
1675 4503 1842 4555 etiam
1892 4517 2008 4555 ma~

426 4602 559 4641 num
594 4603 690 4658 per
715 4589 1008 4658 quamdam
1039 4589 1232 4644 rimam
1270 4589 1545 4660 injiciens.
1575 4590 1794 4644 Manum
1823 4599 2004 4645 autem

429 4678 791 4751 intelligimus
856 4694 1078 4735 sensum
1136 4690 1361 4746 tactus,
1423 4691 1479 4736 et
1535 4681 1775 4737 divinam
1831 4682 2008 4752 ipsius

428 4769 724 4835 actionem,
763 4786 926 4842 quam
964 4772 1054 4828 ubi
1097 4788 1300 4845 sponsa
1337 4774 1629 4844 persensit,
1658 4774 1894 4827 clamat:

2111 3315 2186 3375 ὧν
2216 3320 2311 3375 καὶ
2338 3319 2405 3372 τὰ
2430 3317 2725 3387 τραύματα
2754 3315 3021 3385 λαμϐάνει
3041 3354 3057 3379 ,
3101 3312 3194 3366 καὶ⁵
3248 3310 3398 3381 μόλις
3447 3309 3693 3379 εὑρίσκει

2113 3413 2203 3466 τὸν
2231 3410 2562 3480 ποθούμενον
2592 3407 2845 3478 νυμφίον.
2895 3405 2957 3458 Εἰ
2986 3404 3044 3458 δὲ
3088 3403 3251 3465 εὐθὺς
3294 3401 3572 3469 ὑπήκουσε
3612 3395 3695 3465 τῷ

2113 3502 2424 3564 καλέσαντι,
2447 3501 2650 3553 τούτων
2672 3499 2737 3553 ἂν
2766 3497 3021 3551 ἁπάντων
3041 3493 3331 3561 ἀπηλλάγη
3352 3490 3458 3543 τῶν
3480 3491 3658 3541 πόνων
3677 3505 3690 3518 ⁸

2113 3594 2205 3646 νῦν
2243 3593 2300 3645 δέ
2338 3608 2533 3661 φησιν·
2589 3609 2607 3641 ι
2650 3588 3020 3657 Ἐξεδυσάμην
3048 3586 3139 3638 τὸν
3168 3583 3374 3655 χιτῶνά
3415 3598 3538 3653 μου,
3575 3580 3693 3643 πῶς

2112 3684 2404 3753 ἐνδύσομαι
2436 3684 2633 3749 αὑτόνς
2695 3681 2995 3751 Ἐνιψάμην
3036 3677 3162 3740 τοὺς
3202 3676 3367 3737 πόδας
3413 3691 3536 3744 μου,
3576 3670 3698 3735 πῶς

2116 3776 2328 3847 μολυνῶ
2355 3775 2554 3837 αὐτούς
2577 3793 2590 3841 ;
2624 3794 2642 3826 ι
2688 3774 2800 3827 Καὶ
2831 3772 2938 3843 μὴν
2966 3772 3027 3823 οὐ
3054 3769 3212 3823 τοῦτο
3235 3769 3374 3838 αὐτῇ
3406 3768 3436 3819 ό
3464 3763 3700 3835 νυμφίος

2113 3866 2546 3938 παρακελεύεται
2574 3882 2589 3895 ⁸
2617 3864 2741 3918 οὔτε
2774 3862 2883 3934 γὰρ
2911 3862 3159 3933 βούλεται
3189 3859 3360 3930 αὐτὴν
3387 3857 3703 3913 ἀπεκδυσαο

2116 3958 2283 4028 μένην
2302 3958 2394 4012 τὸν
2414 3956 2643 4010 παλαιὸν
2669 3955 2955 4026 ἄνθρωπον
2983 3955 3142 4006 πάλιν
3163 3951 3325 4005 αὑτὸν
3348 3946 3697 4013 ἐνδύσασθαι,

2112 4049 2235 4104 οὔτε
2281 4048 2426 4103 θέλει
2473 4048 2779 4118 νιψαμένην
2824 4046 2994 4118 αὐτὴν
3042 4045 3170 4108 τοὺς
3220 4042 3410 4106 πόδας,
3456 4038 3550 4093 καὶ
3584 4037 3700 4091 τῶν

2112 4141 2284 4208 ἁγίων
2337 4139 2503 4193 αὐτοῦ
2548 4139 2748 4211 χειρῶν
2796 4136 3218 4200 ἀπολαύσασαν,
3271 4131 3431 4188 πάλιν
3475 4128 3701 4193 τούτους

2116 4231 2343 4301 μολῦναι
2367 4250 2380 4264 ⁸
2434 4231 2548 4287 ἀλλ’
2580 4230 2787 4296 ἀνοῖξαι
2818 4228 2969 4299 αὐτῷ
2999 4229 3213 4290 ἀπόνως
3246 4225 3338 4281 καὶ
3359 4221 3701 4294 ἀμολύντως.

2112 4324 2145 4394 ἦ
2175 4325 2275 4395 τῆς
2305 4325 2497 4396 ἀκοῆς,
2531 4325 2567 4393 ἢ
2598 4323 2691 4377 τοῦ
2719 4320 3003 4392 ὀφθαλμοῦ
3044 4320 3142 4390 τὴν
3182 4317 3352 4388 θύραν
3373 4332 3388 4345 ⁸
3430 4315 3518 4368 ἵνα
3547 4313 3581 4385 ἢ
3609 4312 3702 4365 διὰ

2113 4417 2387 4483 γνώσεως,
2440 4416 2473 4484 ἢ
2520 4414 2589 4467 δι’
2622 4415 2938 4484 ἀκροάσεως
2967 4409 3227 4465 εἰσελθὼν
3252 4409 3281 4462 ό
3313 4405 3547 4477 νυμφίος
3578 4405 3701 4467 ταῖς

2116 4506 2478 4573 ἡγιασμέναις
2507 4503 2767 4576 ἐνοικήσει
2793 4502 3013 4573 ψυχαῖς.
3062 4501 3227 4556 Kal"
3252 4496 3441 4567 ἐπειδὴ
3469 4492 3701 4548 ἀνεϐάλ-

2114 4593 2239 4646 λετο
2285 4594 2520 4657 ἐκείναις
2570 4596 2691 4656 ταῖς
2741 4593 3049 4664 προφάσεσι
3090 4591 3448 4664 χρησαμένη,
3495 4586 3704 4655 ἑτέρως

2116 4685 2286 4756 αὐτὴν
2335 4686 2364 4737 ό
2394 4686 2625 4755 νυμφίος
2667 4684 2943 4754 διεγείρει,
2990 4685 3092 4739 οὐκ
3124 4684 3207 4737 ἔτι
3251 4681 3465 4753 κρούων
3498 4676 3703 4743 ἔξωθεν

2118 4776 2298 4847 μόνον,
2331 4777 2467 4829 ἀλλὰ
2508 4777 2603 4830 καὶ
2638 4776 2737 4847 τὴν
2764 4780 2923 4848 χεῖρα
2950 4776 3040 4831 διά
3072 4792 3217 4839 τινος
3242 4774 3384 4843 ὀπῆς
3416 4771 3651 4839 είσάγων
3683 4786 3696 4798 ⁸

427 4864 591 4934 χεῖρα
631 4864 689 4918 δέ
720 4864 947 4937 νοοῦμεν
991 4867 1092 4939 τὴν
1123 4867 1379 4937 αἴσθησιν
1431 4867 1530 4938 τῆς
1594 4867 1772 4937 ἁφῆς,
1822 4868 1916 4920 καὶ
1982 4867 2078 4939 τὴν
2119 4870 2269 4925 θείαν
2312 4871 2481 4926 αὐτοῦ
2526 4872 2840 4944 ἐνέργειαν,
2885 4866 2952 4944 ἧς
2997 4869 3169 4942 αὐτὴν
3206 4871 3266 4921 ἐν
3308 4865 3555 4937 αίσθήσει
3600 4877 3702 4913 πε-

431 4957 679 5027 ποίηκεν,
705 4958 781 5024 ὡς
814 4960 1008 5030 βοῆσαι
1035 4978 1049 4993 ⁸

503 5052 671 5108 Vens.
704 5056 828 5110 4-7,
870 5054 1047 5125 Nepos
1091 5072 1234 5110 meus
1278 5056 1421 5109 misit
1464 5072 1678 5109 manum
1724 5073 1875 5110 suam
1921 5073 2013 5126 per

431 5143 689 5213 foramen.
726 5157 775 5201 et
819 5158 993 5202 center
1033 5164 1177 5202 meus
1213 5147 1490 5200 intremuit
1532 5147 1603 5200 ad
1642 5157 1842 5201 (actum
1870 5148 2008 5217 ejus.

433 5235 654 5292 Suri-exi
688 5246 745 5291 ut
776 5240 1033 5305 aperirem
1064 5239 1239 5305 nepoti
1266 5252 1377 5290 meo
1409 5253 1425 5289 :
1458 5254 1649 5291 "ianus
1673 5256 1798 5293 mera
1829 5240 2008 5293 stilla-

2187 5059 2326 5123 δ’-ζ’.
2384 5059 2766 5129 Ἀδελςοιδοῦς
2798 5075 2918 5128 μου
2953 5055 3123 5126 χεῖρα
3150 5052 3349 5110 αὑτοῦ·
3377 5049 3705 5106 ἀπέστειλε

2117 5148 2214 5202 διὰ
2233 5150 2278 5181 ³³
2303 5148 2415 5217 τῆς
2448 5148 2604 5216 ὀπῆς
2629 5163 2642 5178 ⁸
2688 5147 2788 5201 καί
2816 5149 2855 5216 ἠ
2894 5148 3093 5201 κοιλία
3120 5144 3300 5214 pou”
3323 5139 3576 5210 ἐθροήθη
3604 5137 3699 5190 ἐπ’

2115 5241 2303 5295 αὑτοῦ
2321 5241 2389 5294 ⁸⁸.
2426 5240 2719 5308 Ἀνέστην
2738 5239 2852 5310 ἐγὼ
2868 5237 3103 5303 ἀνοῖξαι
3128 5234 3208 5302 τῷ
3232 5230 3531 5303 ἀδελφιδῷ
3544 5246 3667 5301 μου
3684 5244 3698 5259 ⁸

510 5406 535 5435 ε
563 5371 754 5449 Matth.
785 5408 840 5455 ν,
866 5392 956 5449 48.
1038 5390 1058 5430 ί
1094 5390 1286 5447 Matth.
1309 5408 1425 5457 xu,
1458 5391 1548 5445 2|.
1654 5394 1679 5432 ε
1702 5394 1916 5449 Coloss.
1951 5411 2002 5449 ιιι

2107 5436 2116 5450 .
2192 5397 2238 5435 ³⁸
2269 5395 2386 5451 Jac.
2416 5414 2490 5460 Iv,
2519 5395 2573 5450 8.

1731 5528 1961 5588 VARle
2001 5532 2398 5591 LECTIONES.

539 5629 586 5662 ⁸⁵
620 5628 822 5688 καθὼς.
869 5625 992 5680 cod.
1036 5624 1186 5681 addit
1234 5625 1348 5679 καί.
1451 5625 1497 5655 ¹¹⁴⁵

438 5784 523 5822 eo.
601 5771 647 5801 ’³
679 5767 801 5822 cod.
836 5765 1005 5834 αὑτῷς
1036 5764 1167 5823 Bec.
1200 5767 1358 5822 lectio
1389 5776 1467 5821 est
1500 5768 1679 5821 αϋτό-ι.

1150 5628 1186 5703 _it
1234 5628 1348 5679 καί.
1415 5628 1497 5704 _"
1529 5628 1761 5704 obiciat.
1798 5633 1856 5686 lu
1907 5635 2029 5687 cod.
2081 5635 2330 5703 sequitur
2392 5633 2768 5704 interpretatio
2823 5632 3002 5689 Pselli.

437 5694 559 5753 Des.
595 5699 647 5753 in
675 5698 801 5753 cod.
875 5698 922 5727 ”
951 5696 1063 5748 καί.
1086 5697 1250 5751 Abest
1278 5713 1305 5750 a
1330 5694 1451 5750 cod.
1528 5699 1574 5728 ’³
1611 5698 1714 5751 διὰ.
1752 5705 1850 5758 (‘od
1908 5705 2032 5757 ἀπό.

3117 5632 3157 5670 θ’
3203 5633 3319 5696 πῶς
3371 5659 3437 5669 —-—
3476 5623 3692 5690 αὐτούς.

2109 5702 2221 5775 ⁸⁸η
2250 5736 2311 5745 -—
2334 5702 2517 5758 αὐτοῦ.
2540 5702 2549 5704 ⁷
2576 5702 2737 5758 Hebr.
2771 5704 2975 5760 viscera
3007 5717 3126 5759 mea
3156 5702 3495 5759 fremuerunt
3531 5712 3695 5769 super
