4088 6412
325 338 428 405 165
1393 341 1476 402 IN
1497 340 1885 404 CANTICUM
1911 341 2200 402 CANTIC.
2230 343 2376 402 LIB.
2412 345 2524 404 III.
3522 349 3623 415 166

319 446 559 516 νήσομέν
611 462 697 498 σοι
754 445 855 497 τοῦ
901 445 1098 507 πόνου,
1144 445 1241 498 καὶ
1286 447 1594 521 ζητήσομεν
1632 447 1692 501 ὃν
1745 446 1945 510 ποθεῖς.

2055 451 2471 520 perrestigando
2497 469 2599 507 nos
2635 454 2731 509 tibi
2763 454 2966 510 laboris
3009 454 3189 511 socias
3235 455 3546 529 adjungenu
3569 481 3613 515 s.

325 539 493 594 Πάλιν
526 536 717 590 τοίνυν
741 537 942 600 αὐταῖς
986 536 1368 607 ἀποκρίνεται,
1395 538 1628 607 λέγουσα
1650 554 1665 569 ·

2050 539 2265 597 Rursus
2292 544 2461 613 igitur
2490 545 2571 599 eis
2602 547 2928 616 respondet:

962 666 1211 720 ΚΕΦΑΛ
1242 670 1333 734 εῖν.

396 784 472 832 α’.
518 773 920 844 Ἀδελφιδοῦς
964 794 1089 845 μου
1127 775 1345 845 κατέϐη
1387 780 1474 843 εἰς
1502 777 1703 846 κῆπον
1736 779 1944 846 αὑτοῦ,

330 874 415 936 εἰς
436 868 667 939 φιάλας
686 867 733 897 ⁸⁷
754 867 868 921 τοῦ
892 866 1233 937 ἀρώματος,
1259 868 1594 936 ποιμαίνειν
1615 869 1688 921 ἐν
1708 868 1945 936 κήποις,

331 963 432 1015 καί
485 957 836 1027 συλλέγειν
867 958 1073 1026 κρίνα.
1126 958 1396 1028 Ζητητὲον
1434 958 1510 1022 δὲ,
1543 957 1595 1011 τί
1623 942 1822 1028 δήποτε
1853 960 1948 1012 καὶ

331 1053 426 1103 ἱνα
472 1049 629 1117 λέγει
673 1047 863 1115 κῆπον
890 1086 906 1110 ,
939 1048 1038 1100 καὶ
1072 1046 1304 1109 πολλούς
1338 1063 1351 1077 ·
1388 1065 1406 1097 ι
1444 1045 1663 1116 Κατέὅη
1709 1046 1820 1118 γὰρ
1867 1048 1946 1111 είς

338 1143 507 1212 κῆπον
539 1138 718 1192 αὐτοῦ
745 1179 763 1204 ,
800 1135 1122 1207 ποιμαίνειν
1149 1137 1208 1191 ἐν
1248 1137 1467 1206 κήποις.
1505 1155 1526 1187 ι
1565 1138 1678 1190 Καὶ
1710 1136 1820 1207 γὰρ
1847 1139 1947 1208 μία

344 1235 484 1286 ἐστὶν
515 1231 857 1301 Ἐκκλησία,
889 1229 1033 1284 κατὰ
1055 1229 1150 1282 τὸν
1182 1229 1449 1299 μακάριον
1470 1227 1683 1282 Παῦλον
1705 1244 1720 1258 '
1759 1247 1780 1280 ι
1818 1229 1949 1300 Ἥρ-

347 1326 593 1396 μοσάμην
610 1321 731 1390 γὰρ
764 1322 796 1373 ὑ
804 1322 944 1392 μᾶς,
964 1320 1155 1390 φησιν,
1182 1321 1264 1372 ἑνὶ
1291 1320 1467 1391 ἀνδρὶ,
1492 1320 1760 1391 παρθένον
1778 1320 1947 1392 ἁγνὴν

341 1415 696 1484 παραστῆσαι
721 1414 807 1483 τῷ
850 1411 1103 1483 Χριστῷ.
1152 1430 1172 1462 ι
1209 1411 1318 1465 Καὶ
1354 1412 1546 1465 πάλιν·
1580 1432 1599 1464 ι
1631 1413 1694 1466 Οἱ
1734 1413 1945 1483 ἄνδρες,

336 1508 591 1574 ἀγαπᾶτε
624 1504 732 1567 τὰς
762 1505 1036 1572 γυναῖκας
1066 1501 1369 1567 ἑαυτῶνδδ,
1401 1501 1586 1566 καθὼς
1617 1504 1712 1556 καὶ
1739 1505 1768 1555 6
1806 1504 1943 1573 Χρι-

341 1600 466 1662 στὸς
493 1598 763 1667 ἠγάπησε
806 1596 911 1666 τὴν
959 1595 1309 1666 Ἐκκλησίαν.
1344 1614 1362 1648 ι
1411 1594 1573 1648 Ἀλλὰ
1601 1595 1699 1649 καὶ
1747 1595 1947 1660 πολλὰς

336 1693 396 1744 δὲ
442 1692 617 1753 αὐτὰς
654 1689 827 1742 πάλιν
857 1689 889 1740 6
929 1688 1201 1759 μακάριος
1237 1686 1445 1751 Παῦλος
1477 1687 1666 1740 καλεῖ·
1694 1690 1756 1741 οὐ
1805 1688 1947 1741 κατὰ

2566 676 2723 746 122
2756 678 2991 735 CAPUT
3022 678 3110 735 Vl.

2120 781 2283 837 Vsus.
2316 785 2368 838 1.
2399 783 2780 853 Consobrinus,
2826 790 3110 860 inquiens,
3161 809 3303 847 naeus
3356 794 3619 849 descendit

2046 874 2102 926 in
2131 873 2341 928 hortum
2375 892 2551 941 suum,
2589 879 2657 930 ad
2679 879 2887 947 phialas
2920 884 3200 950 aromatis,
3241 896 3299 938 ut
3329 896 3515 953 pascat
3566 889 3621 942 in

2046 965 2235 1031 hortis,
2253 977 2303 1019 et
2332 967 2547 1038 colligat
2574 968 2713 1023 lilia.
2735 970 3102 1037 Quaerendum
3124 985 3229 1044 est,
3255 992 3354 1031 cur
3373 988 3426 1033 et
3453 996 3619 1033 unum

2047 1057 2192 1112 dicat
2221 1058 2466 1127 hortum,
2497 1068 2550 1114 et
2576 1062 2785 1131 plures.
2825 1083 2843 1115 ι
2878 1067 3169 1121 Descendit
3215 1068 3364 1122 enim
3398 1071 3453 1123 in
3492 1072 3621 1125 hor-

2046 1156 2162 1202 tum
2194 1164 2381 1216 suum,
2416 1158 2476 1205 ut
2520 1160 2711 1222 pascat
2753 1154 2806 1207 in
2840 1154 3037 1211 hortis.
3088 1150 3319 1212 i‘Uniea
3349 1161 3493 1214 enim
3538 1171 3623 1216 est

2047 1242 2318 1309 Ecclesia,
2352 1249 2412 1297 ut
2441 1241 2601 1298 docet
2645 1246 2840 1299 beatus
2871 1243 3117 1303 Paulus:
3152 1264 3173 1299 ι
3204 1247 3501 1319 Despondi,
3536 1251 3621 1305 in-

2047 1332 2264 1401 quiens,
2307 1347 2408 1387 vos
2453 1332 2550 1386 uni
2606 1332 2723 1388 viro
2774 1332 3046 1404 virginem
3101 1344 3307 1392 castam
3364 1340 3624 1396 exhibere

2047 1418 2270 1474 Christo
2296 1418 2347 1474 ει.
2373 1438 2393 1471 ι
2423 1419 2488 1472 Et
2519 1420 2649 1475 alibi
2671 1438 2717 1474 τι
2748 1421 2886 1487 Viri,
2917 1421 3127 1493 diligite
3154 1438 3360 1481 uxores
3389 1437 3618 1494 vestras,

2048 1511 2196 1566 sicut
2243 1520 2297 1566 et
2331 1511 2585 1569 Christus
2614 1511 2809 1568 dilexit
2839 1511 3144 1569 Eeclesiam
3179 1517 3224 1571 i.
3263 1535 3282 1567 ι
3314 1518 3384 1571 At
3429 1519 3624 1574 beatus

2046 1602 2177 1656 item
2202 1601 2405 1660 Paulus
2432 1605 2617 1675 plures
2651 1621 2873 1677 quoque
2904 1608 3153 1661 nominat
3178 1608 3485 1673 Ecelesias,
3513 1627 3623 1666 non

2050 1692 2291 1764 Spiritus
2320 1694 2609 1763 divisione,
2645 1695 2740 1751 sed
2796 1698 3047 1751 locorum
3094 1698 3381 1755 intervallo
3418 1700 3622 1755 distin—

335 1785 439 1855 τὴν
470 1781 899 1852 πνευματικὴν,
931 1774 1072 1835 ἀλλὰ
1113 1780 1257 1834 κατὰ
1280 1780 1378 1851 τὴν
1412 1779 1641 1850 τοπικὴν
1678 1779 1944 1851 διαίρεσιν

2049 1795 2185 1844 clas.
2210 1785 2467 1852 «Paulus,
2493 1788 2694 1858 inquit,
2720 1789 3029 1858 apostolus,
3054 1804 3165 1843 non
3194 1790 3263 1844 ab
3287 1790 3622 1854 hominibus,

337 1873 496 1926 τοῦτο
523 1871 705 1926 ποιῶν
726 1887 740 1900 ·
768 1890 789 1922 ι
830 1869 1049 1934 Παῦλος
1078 1871 1208 1943 γὰρ,
1244 1872 1430 1942 φησὶν,
1454 1873 1484 1923 6
1512 1870 1946 1934 ἀπόστολος,ούκ

340 1965 435 2019 ἀπ’
465 1962 806 2033 ἀνθρώπων,
837 1962 963 2016 οὐδὲ
996 1963 1067 2016 δι’
1104 1962 1442 2033 ἀνθρώπων,
1473 1965 1592 2025 ταῖς
1636 1960 1946 2032 Ἐκλησίαις

337 2057 437 2125 τῆς
466 2054 769 2118 Γαλατίας.
820 2074 841 2106 ι
881 2056 994 2109 Καὶ
1021 2054 1334 2126 Κορινθίοις
1376 2054 1434 2107 δὲ
1464 2053 1694 2125 γράφων
1743 2052 1906 2123 φησίν
1928 2068 1942 2083 ο

344 2168 364 2202 ι
397 2150 509 2201 Καὶ
551 2151 825 2217 γυναῖκες
857 2148 1018 2220 ὑμῶν
1061 2150 1120 2202 ὲν
1159 2149 1281 2210 ταῖς
1318 2144 1669 2216 Ἐκκλησίαις
1711 2144 1945 2212 σιγάτω-

348 2255 457 2293 σαν.
498 2256 520 2290 ι
563 2240 672 2292 Διά
704 2239 873 2292 τοῦτο
905 2240 1152 2311 ήνύμφη
1185 2237 1380 2308 φησιν’
1407 2256 1427 2288 ι
1475 2234 1811 2304 Ἀδελφιδοῦς
1845 2250 1945 2304 μου

353 2332 543 2404 κατέϐη
589 2335 677 2397 εἰς
724 2333 915 2403 κῆπον
946 2331 1140 2395 αὐτοῦ,
1172 2332 1252 2394 είς
1278 2328 1475 2398 φιάλας
1505 2326 1600 2380 τοῦ
1633 2324 1944 2397 ἀρώματος,

272 2412 281 2421 ’
346 2425 667 2495 ποιμαίνειν
684 2426 745 2479 ὲν
779 2426 1020 2496 κήποις,
1056 2422 1153 2476 καὶ
1195 2420 1472 2489 συλλέγειν
1503 2417 1733 2488 κρίναί
1766 2414 1947 2478 πάσας

350 2517 462 2585 γὰρ
490 2517 767 2587 ποιμαίνει
801 2515 909 2579 τὰς
967 2512 1321 2583 Ἐκκλησίας,
1349 2512 1447 2565 καὶ
1465 2511 1644 2581 χαίρει
1671 2508 1789 2569 ταῖς
1816 2506 1946 2571 φιά-

352 2607 477 2670 λαις
503 2606 594 2660 τοῦ
627 2608 951 2678 ἁρώματος.
980 2608 1095 2669 τοῖς
1124 2604 1223 2674 τὴν
1248 2602 1511 2673 εὐοσμίαν
1541 2597 1707 2654 αὑτοῦ
1748 2614 1948 2669 κεκτη-

352 2698 554 2767 μένοις.
597 2698 696 2750 καὶ
722 2698 856 2760 τοὺς
884 2698 991 2767 τῆς
1021 2693 1243 2765 νύμφης
1283 2692 1344 2746 τὸ
1392 2692 1586 2755 κάλλος
1632 2692 1950 2763 μιμησαμέ-

346 2805 468 2851 νους
504 2789 602 2841 καὶ
628 2788 801 2860 κρίνα
852 2786 1186 2857 γενομένους
1234 2784 1504 2853 συλλέγει,
1547 2785 1640 2837 καὶ
1665 2787 1733 2855 τῇ
1761 2784 1950 2856 νύμφῃ

349 2883 631 2936 συνάπτει.
669 2880 906 2943 Τούτοις
946 2877 1203 2947 ἐπιφέρει
1231 2878 1264 2946 ἠ
1300 2875 1517 2947 νύμφη’

417 2972 484 3042 β’.
527 2972 683 3041 Ἐγὼ
706 2969 789 3036 τῷ
816 2970 862 3002 ⁸⁵
893 2966 1202 3038 ἀδελφιδῷ
1238 2985 1382 3036 μου,
1407 2967 1504 3019 καὶ
1536 2969 1568 3021 ό
1590 2964 1950 3035 ἀδελφιδοῦς

2045 1893 2224 1949 neque
2264 1894 2365 1949 per
2409 1878 2685 1947 homines,
2730 1878 2996 1936 Ecclesiis
3027 1881 3254 1936 Galatiae
3280 1880 3326 1935 ί.
3366 1901 3387 1934 ι
3431 1881 3495 1937 Et
3555 1884 3621 1937 ad

2046 1967 2362 2027 Corinthios
2393 1971 2642 2025 scribens
2677 1987 2688 2021 :
2734 1990 2753 2023 ι
2789 1970 3071 2036 Mulieres,
3098 1974 3301 2043 inquit,
3330 1980 3527 2029 vestrae
3565 1973 3623 2027 in

2045 2061 2299 2117 ecclesiis
2355 2069 2573 2116 taceant
2607 2061 2656 2116 ιι.
2716 2081 2737 2114 ι
2774 2060 3144 2128 Quamobrem
3199 2079 3406 2134 sponsa
3457 2064 3621 2120 etiam

2047 2150 2218 2206 dicit:
2244 2170 2262 2202 ι
2293 2149 2477 2221 Nepos
2502 2168 2657 2208 meus
2692 2152 2976 2208 descendit
3006 2154 3063 2206 in
3086 2153 3305 2209 hortum
3335 2169 3516 2217 suum,
3553 2155 3621 2207 ad

2047 2241 2259 2311 phialas
2289 2243 2576 2308 aromatis,
2610 2252 2668 2297 ut
2698 2253 2887 2313 pascat
2940 2243 2995 2297 in
3051 2244 3248 2308 hortis,
3299 2253 3355 2299 et
3403 2245 3622 2314 colligat

2048 2331 2187 2386 lilia.
2214 2351 2232 2383 ι
2265 2331 2470 2387 Omnes
2498 2333 2644 2387 enim
2677 2334 2859 2404 pascit
2882 2333 3252 2399 Ecclesias,et
3280 2334 3480 2404 phialis
3501 2349 3625 2389 aro-

2049 2422 2215 2477 matis
2246 2422 2575 2488 delectatur,
2619 2422 2688 2479 iis
2740 2424 3027 2490 nimirum,
3071 2426 3163 2495 qui
3215 2425 3462 2493 redolent
3513 2424 3624 2479 fra-

2049 2513 2319 2583 grantiam
2349 2513 2470 2583 ejus
2500 2531 2514 2568 :
2551 2521 2606 2569 et
2635 2529 2731 2571 eos
2766 2515 2861 2584 qui
2912 2530 3127 2585 sponsa:
3157 2515 3622 2586 pulchritudinem

2049 2604 2339 2660 imitantur
2367 2614 2422 2661 et
2452 2606 2590 2660 ﬁunt
2623 2607 2758 2674 lilia,
2790 2607 3017 2677 colligit,
3055 2615 3110 2664 et
3158 2624 3379 2680 sponsae
3424 2608 3622 2678 adjun-

2048 2695 2150 2765 git.
2172 2695 2250 2751 Ad
2280 2696 2396 2752 haec
2419 2712 2622 2767 sponsa
2646 2697 2870 2767 subiicit
2904 2718 2915 2752 :

2122 2962 2292 3020 Vens.
2323 2966 2379 3019 2.
2414 2964 2527 3037 Ego
2550 2967 2728 3038 nepoti
2753 2985 2887 3033 meo,
2914 2978 2964 3024 et
2998 2986 3154 3040 nepos
3183 2987 3328 3026 meus
3360 2971 3509 3035 mihi,
3535 2972 3624 3040 qui

351 3083 461 3131 μου
491 3064 629 3133 ἐμοὶ
644 3079 657 3091 ·
684 3064 720 3117 ὁ
749 3061 1091 3130 ποιμαίνων
1118 3060 1190 3113 ὲν
1226 3058 1350 3124 τοῖς
1374 3059 1618 3127 κρίνοις.
1646 3059 1821 3112 Λὺτοῦ
1841 3061 1947 3129 γὰρ

2051 3056 2223 3123 pascit
2253 3057 2392 3110 inter
2415 3057 2554 3111 lilia.
2579 3057 2656 3112 Ex
2690 3074 2756 3114 eo
2783 3060 2927 3114 enim
2964 3062 3194 3132 pendeo,
3228 3070 3392 3132 atque
3425 3063 3502 3117 illi
3538 3078 3625 3116 me

354 3119 684 3227 ξξήρτημαι,
716 3155 820 3208 καί¹
850 3119 1002 3222 αὐτῷ
1026 3150 1275 3221 ἐμαυτὴν
1302 3119 1708 3220 ἀνέθηκα-Καὶ
1730 3150 1838 3221 γὰρ
1853 3119 1948 3203 αύ-

2053 3147 2225 3217 ipsam
2256 3148 2456 3202 dicavi.
2489 3146 2624 3204 Nam
2658 3157 2712 3204 et
2747 3149 2863 3221 ipse
2894 3167 2982 3208 me
3014 3153 3133 3208 orbi
3168 3153 3429 3209 universo
3488 3169 3626 3224 prae-

353 3248 443 3311 τός
487 3263 555 3317 με
612 3246 803 3315 πάσης
867 3242 1246 3315 προτετίμηκε
1298 3242 1401 3310 τῆς
1451 3242 1810 3312 οἰκουμένης,
1855 3242 1951 3295 καὶ

354 3337 528 3407 ἑαυτῷ
557 3336 797 3404 συνῆψε,
824 3336 924 3388 καὶ
945 3336 1323 3405 γεγηρακυῑαν
1348 3332 1705 3396 ἀνενεώσατο,
1736 3333 1831 3385 καὶ
1851 3349 1951 3386 πε-

353 3428 583 3498 νομένην
609 3425 928 3490 ὲπλούτισε,
972 3426 1069 3479 καὶ
1107 3424 1324 3495 δυσειδῆ
1378 3419 1542 3479 οὖσαν
1583 3424 1792 3495 ὡραίαν
1846 3426 1952 3478 ἀπο

356 3521 537 3589 ἔφηνε,
554 3520 651 3573 καὶ
677 3518 965 3589 μώλωπας
988 3516 1220 3587 ἔχουσαν
1251 3517 1557 3587 σεσηπότας
1587 3518 1681 3570 καὶ
1695 3515 1953 3580 δυσώδεις

361 3610 543 3664 ἰάσατο
566 3652 583 3677 ,
611 3610 715 3663 καὶ
760 3609 995 3673 εὐωδίας
1049 3609 1340 3679 ἐπλήρωσε
1376 3625 1393 3641 ο
1426 3609 1516 3662 διὰ
1566 3608 1727 3662 τοῦτο
1768 3608 1948 3678 λέγον

365 3720 383 3752 ι
421 3700 565 3769 Ἐγὼ
584 3700 667 3772 τῷ
702 3698 978 3770 ἀδελφιδῷ
1009 3716 1133 3770 μου,
1152 3700 1247 3754 καὶ
1274 3699 1303 3751 6
1321 3698 1636 3767 ἀδελφιδοῦς
1675 3716 1777 3769 μου
1796 3699 1949 3769 ὲμοί·

356 3796 383 3847 6
408 3795 454 3826 “
486 3793 803 3865 ποιμαίνων
838 3793 896 3845 ὲν
944 3795 1060 3855 τοῖς
1121 3791 1347 3863 κρίνοις,
1387 3809 1407 3843 ›
1440 3791 1474 3862 ἢ
1515 3811 1534 3843 ι
1579 3792 1608 3844 ὁ
1652 3790 1952 3861 ποιμαίνων

354 3885 420 3937 τὰ
445 3886 610 3955 ἄνθη,
648 3903 670 3937 ι
709 3882 859 3937 κατᾶ
893 3882 987 3936 τὸν
1018 3881 1321 3953 Σύμμαχον
1344 3900 1360 3914 ·
1391 3882 1486 3936 καὶ
1504 3881 1615 3952 γὰρ
1643 3883 1771 3945 τοὺς
1796 3898 1952 3950 γενο-

357 3977 553 4043 μένους
577 3976 748 4048 κρίνα
782 3975 1099 4045 ποιμαίνει,
1132 3975 1229 4028 καὶ
1260 3976 1317 4029 ὲν
1351 3973 1556 4046 κρίνοις
1601 3975 1728 4038 τοὺς
1769 3974 1953 4039 ἀξίους

355 4065 632 4135 ποιμαίνει
666 4079 683 4094 ·
708 4065 867 4117 οὐδὲν
915 4064 973 4117 δὲ
1026 4061 1138 4116 τῶν
1180 4062 1342 4116 θείων
1380 4062 1615 4134 Γραφῶν
1657 4062 1952 4115 εὐωδέστε-

355 4170 443 4222 ρον
474 4155 545 4206 ³³.
598 4151 883 4215 ’Δκούσας
912 4153 942 4205 6
982 4151 1220 4221 νυμφίος
1250 4150 1360 4204 τῶν
1392 4151 1566 4220 λόγων
1595 4152 1692 4223 τῆς
1712 4152 1951 4223 νύμφης,

354 4244 444 4295 καὶ
468 4242 712 4312 ἐλεήσας
758 4239 934 4311 αὐτὴν
972 4240 1247 4294 ποθοῦσαν
1275 4239 1460 4305 αὐτὸν,
1484 4241 1578 4293 καὶ
1616 4239 1832 4310 νύκτωρ
1859 4240 1953 4294 καὶ

354 4333 470 4402 μεθ’
491 4335 726 4405 ἡμέραν
757 4332 1187 4403 φανταζομένην
1235 4333 1331 4385 καὶ
1358 4332 1489 4401 περὶ
1516 4331 1682 4385 αὐτοῦ
1711 4326 1953 4401 διαλεγο-

2051 3240 2195 3301 tulit,
2228 3239 2446 3309 sibique
2465 3240 2775 3310 copulavit:
2804 3256 2872 3296 ex
2898 3242 3055 3297 senio
3101 3241 3408 3299 confectam
3445 3244 3626 3299 reddi-

2049 3329 2132 3384 dit
2154 3329 2432 3398 juvenem,
2455 3346 2520 3386 ex
2561 3331 2718 3402 123
2750 3333 2912 3403 inope
2934 3334 3272 3401 opulentam,
3297 3349 3363 3388 ex
3390 3334 3623 3389 deformi

2052 3422 2349 3477 formosam
2398 3440 2412 3478 :
2464 3425 2699 3492 putridis
2730 3435 2897 3494 atque
2951 3422 3249 3479 fetentibus
3301 3422 3626 3482 vulneribus

2051 3515 2399 3583 languentem
2430 3515 2664 3582 curavit,
2718 3516 3056 3586 replevitque
3097 3516 3287 3573 odoris
3334 3517 3622 3572 suavitate.

2054 3603 2147 3658 liis
2182 3606 2249 3660 de
2280 3606 2468 3662 causis
2499 3607 2571 3661 ita
2600 3609 2831 3678 loquor:
2862 3625 2880 3658 ι
2916 3607 3031 3680 Ego
3052 3609 3239 3680 nepoti
3267 3624 3411 3675 meo,
3444 3616 3499 3666 et
3530 3627 3627 3665 ne-

2050 3710 2150 3765 pos
2179 3711 2334 3753 meus
2354 3698 2509 3765 mihi,
2529 3698 2622 3769 qui
2652 3700 2829 3769 pascit
2854 3700 2995 3755 inter
3024 3700 3171 3756 lilia:
3199 3721 3218 3755 ι
3248 3703 3352 3769 vel,
3385 3713 3438 3756 ut
3465 3699 3625 3773 Syms

2050 3787 2282 3844 machus
2326 3790 2490 3844 vertit
2528 3809 2546 3841 ι
2585 3792 2678 3860 qui
2715 3793 2892 3861 pascit
2941 3790 3122 3848 ﬂores.
3179 3811 3198 3845 ›
3235 3792 3371 3847 Nam
3433 3802 3486 3848 et
3531 3808 3627 3849 eos

2050 3881 2144 3950 qui
2179 3880 2306 3934 facti
2338 3889 2468 3936 sunt
2496 3881 2631 3944 lilia,
2666 3883 2873 3951 pascit:
2921 3890 2976 3937 et
3007 3884 3130 3939 illos
3165 3884 3262 3954 qui
3294 3883 3443 3954 digni
3473 3891 3625 3950 sunt,

2049 3972 2228 4042 pascit
2257 3972 2313 4026 in
2361 3971 2516 4026 liliis.
2553 3970 2765 4027 Divinis
2796 3982 2979 4027 autem
3018 3973 3326 4045 Scripturis
3378 3974 3628 4046 fragran-

2051 4063 2161 4117 tius
2192 4069 2280 4117 est
2310 4062 2467 4115 nihil.
2502 4062 2778 4131 Sponsus,
2804 4063 3012 4118 auditis
3035 4080 3254 4134 sponsa:
3295 4066 3501 4131 verbis,
3526 4067 3626 4120 mi-

2052 4161 2238 4208 sertus
2266 4152 2408 4220 ejus,
2435 4166 2557 4222 quae
2582 4152 2755 4223 ipsius
2778 4153 3078 4223 languebat
3096 4154 3406 4221 desiderio,
3434 4167 3627 4212 noctes

2051 4259 2157 4313 que
2188 4257 2255 4298 ac
2285 4243 2403 4298 dies
2434 4242 2501 4296 de
2533 4243 2657 4311 ipso
2690 4251 2803 4296 tum
2837 4243 3150 4311 cogitabat},
3213 4254 3327 4299 tum
3383 4246 3627 4302 dissere-

2050 4335 2166 4401 bat,
2198 4344 2251 4389 et
2305 4331 2767 4402 pulchritudinem
2806 4332 2980 4402 ipsius
3035 4333 3290 4390 laudibus
3340 4334 3624 4402 eﬂ’erebat,

354 4425 547 4496 μένην,
575 4427 679 4479 καὶ
723 4424 789 4477 τὸ
819 4423 1015 4488 κάλλος
1060 4422 1229 4477 αὐτοῦ
1251 4421 1577 4492 διεξιοῦσαν,
1600 4424 1948 4493 ἐπιφαίνεται

2053 4441 2114 4484 se
2141 4426 2218 4482 illi
2248 4424 2609 4495 conspicuum
2641 4424 2867 4494 praebet,
2892 4440 2955 4481 ac
2983 4425 3118 4480 dicit
3149 4443 3166 4481 :

353 4517 506 4589 αὐτῇ,
536 4516 728 4585 λέγων
750 4531 764 4545 ·
1172 4556 1179 4563 .
1866 4582 1871 4585 _

413 4617 485 4678 γ’.
542 4607 725 4676 Καλὴ
771 4602 849 4673 εἴ,
892 4608 932 4677 ἡ
986 4608 1256 4676 πλησίον
1279 4625 1437 4679 μου,
1486 4608 1567 4675 ὠς
1613 4608 1858 4663 εὐδοκία
1881 4609 1951 4674 ⁸¹,

345 4701 533 4768 ὡραία
564 4701 651 4766 ὡς
680 4697 1088 4769 Ἰερουσαλήμ
1115 4715 1131 4730 ·
1157 4700 1399 4770 θάμϐος,
1423 4703 1504 4767 ὡς
1532 4699 1857 4771 τεταγμένη
1882 4701 1951 4755 ⁸³.

347 4792 459 4844 Καὶ
512 4793 670 4844 ποιεῖ
723 4791 865 4861 αὐτῇ
920 4790 1095 4861 ὄνομα
1136 4791 1201 4844 τὸ
1253 4791 1322 4844 δι’
1355 4791 1527 4862 αὐτὴν
1565 4792 1611 4824 ⁸⁵
1658 4792 1950 4862 γενόμενον

348 4883 611 4951 πρᾶγμα.
663 4899 685 4931 ι
732 4878 955 4949 Ἐπειδὴ
1003 4879 1111 4949 γὰρ
1162 4879 1433 4951 ηὐδόκησε
1486 4879 1692 4952 Κύριος
1718 4880 1814 4952 τὴν
1846 4881 1952 4952 γῆν

346 4973 537 5037 αὑτοῦ,
568 4973 668 5025 καὶ
698 4970 1019 5041 ἀπέστρεψε
1047 4972 1147 5040 τὴν
1185 4971 1568 5041 αἰχμαλωσίαν
1626 4971 1840 5035 Ἰακὼϐ,
1858 4973 1953 5026 καὶ

344 5063 527 5133 ἀφῆκε
551 5062 657 5126 τὰς
684 5059 1019 5132 ἀνομίαςτῷ
1037 5060 1152 5131 λαῷ
1183 5061 1374 5127 αὐτοῦ,
1389 5063 1484 5115 καὶ
1507 5061 1747 5130 ἐκάλυψε
1773 5063 1953 5126 πάσας

2123 4605 2292 4660 Vsus.
2337 4606 2394 4662 5.
2445 4603 2679 4659 Pulchra
2706 4621 2783 4670 es,
2813 4605 3110 4673 propinqua
3138 4621 3276 4670 mea,
3308 4605 3446 4660 sicut
3487 4606 3631 4662 bene.

2052 4698 2312 4768 placitum
2331 4715 2349 4752 .'
2382 4698 2619 4765 speciosa
2646 4697 2782 4750 sicut
2819 4695 3231 4766 Hierosolyma:
3265 4711 3429 4763 pavor
3456 4707 3513 4751 ut
3542 4714 3630 4753 ort-

2052 4789 2261 4842 dinata.
2289 4787 2365 4841 Ex
2401 4803 2465 4841 eo
2492 4785 2638 4857 quod
2698 4794 2920 4856 propter
2972 4801 3228 4856 sponsam
3295 4784 3496 4841 factum
3543 4797 3629 4843 est

2056 4880 2134 4936 illi
2160 4894 2361 4936 nomen
2414 4877 2664 4947 imponit.
2703 4894 2722 4928 ι
2753 4875 2892 4931 Nam
2932 4877 3061 4947 quia
3114 4876 3462 4945 beneplacuit
3520 4874 3629 4930 Do-

2059 4972 2209 5028 mino
2243 4978 2390 5025 terra
2417 4968 2558 5037 ejus,
2594 4975 2652 5023 et
2690 4965 2964 5021 convertit
3004 4964 3378 5035 captivitatem
3406 4962 3626 5032 Jacobi,

2061 5072 2118 5122 et
2144 5061 2361 5118 remisit
2394 5059 2713 5129 iniquitates
2757 5057 2903 5129 plebi
2950 5071 3084 5122 suae,
3109 5064 3167 5111 et
3198 5057 3416 5127 operuit
3446 5057 3630 5113 omnia

414 5247 512 5307 HI
545 5252 681 5308 Cor.
722 5271 787 5319 ιι,
816 5253 874 5309 9..
954 5253 1199 5326 iEphes.
1234 5272 1285 5321 v,
1317 5256 1409 5310 25.
1485 5256 1499 5306 i
1534 5256 1658 5312 Gat.
1694 5272 1734 5322 ι,
1767 5255 1820 5321 1,
1850 5255 1906 5308 2.

2049 5252 2060 5306 l
2093 5251 2221 5307 Cor.
2255 5266 2368 5313 xw,
2396 5249 2482 5303 54.

1677 5372 1905 5428 νΑιιιίΕ
1931 5367 2329 5427 LECTIONES.

409 5554 454 5585 "
478 5556 566 5618 είς
584 5555 817 5624 φιάλας.
853 5550 1018 5624 Hebr.
1042 5549 1365 5624 adareolas.
1400 5552 1538 5621 Aqu.
1569 5557 1623 5624 e_t
1650 5547 1859 5624 Symtn.
1888 5547 1969 5609 εἰς
1994 5546 2256 5624 πρασιὰς.
2289 5544 2565 5624 δ”-εαυτῷν
2582 5545 2783 5624 καθώς.
2808 5544 3042 5624 οοι1.ιῖ›ςΣ
3082 5543 3126 5624 ’ξ
3146 5542 3243 5624 ’τῷζ
3258 5541 3436 5624 ῥίψει
3457 5538 3627 5624 ξροιι.

351 5622 395 5654 ⁸⁸
422 5628 473 5677 6.
512 5622 646 5694 cod.
687 5638 878 5694 praem.
916 5622 974 5692 ἥ.

1084 5620 1132 5652 ⁸⁸
1169 5614 1550 5690 εὐωδέστερον.
1592 5621 1649 5672 ln
1693 5614 1816 5690 cod.
1852 5614 2108 5690 sequitur
2153 5618 2424 5690 expositio
2456 5614 2901 5690 trium__l_’_atr_um.

2997 5614 3043 5646 "
3083 5613 3159 5675 ὡς
3190 5608 3426 5664 εὐδοκία.
3457 5608 3626 5665 Hebr.

355 5695 491 5748 sicut
513 5678 790 5750 Thirtiisa
829 5678 1293 5759 (nomennrbis).
1366 5691 1412 5722 ⁸³
1436 5678 1512 5754 ὧς
1539 5688 1869 5757 τεταγμένη.
1910 5678 2074 5759 Hebr.
2117 5678 2402 5759 terribilis,
2438 5686 2747 5759 ut/vexilli‘s
2770 5687 3066 5759 instructa:
3098 5681 3306 5737 scilicet
3335 5680 3502 5737 acies.
3535 5678 3630 5735 Sic

355 5775 571 5837 quoque
602 5767 749 5825 intra
778 5754 931 5821 vers.
967 5763 1023 5816 9.
1056 5758 1192 5817 Rec.
1226 5760 1385 5816 lectio
1410 5769 1493 5817 est
1525 5754 1875 5829 τεταγμέναι.
1951 5756 2000 5789 ⁸⁸
2031 5755 2164 5812 Cod.
2196 5755 2386 5828 αὐτῆς.
2431 5764 2473 5813 t.
2499 5758 2545 5828 Ι,
2576 5772 2630 5827 p.
2662 5754 2822 5812 l205.
