4088 6478
513 411 615 482 167

1485 413 1972 476 TIIEODORETI
2016 413 2351 474 EPISCOPI
2383 412 2746 475 CYRENSIS

3673 413 3774 478 '68

513 540 736 602 peccata
790 530 908 601 ejus
945 531 992 595 ι,
1033 550 1051 583 ι
1088 531 1285 586 merito
1318 545 1573 599 sponsam
1630 531 1866 600 appellat
1913 528 2082 584 bene-

2201 532 2282 593 τὰς
2333 530 2610 602 ἁμαρτίας
2646 531 2809 584 αὑτοῦ
2839 531 2882 561 ⁵³
2927 547 2937 557 ·
2974 550 2991 580 ι
3045 533 3270 595 εἰκότως
3327 532 3496 603 αὐτὴν
3529 533 3782 587 εὐδοκίαν

512 625 796 694 placitum.
837 623 900 675 Et
929 622 1391 692 quemadmodum
1426 622 1542 689 ipsa
1602 625 1654 675 in
1702 621 2086 691 superioribus

512 726 777 780 sponsum
815 710 1146 764 desiderium
1180 708 1505 773 nominarit,
1557 725 1623 764 ex
1667 709 1956 765 affectione
1988 725 2086 764 sua

509 804 558 856 ei
603 817 800 855 nomen
857 801 1348 869 imponens,‘n:un
1409 800 1686 855 desiderio
1733 800 1856 868 ejus
1897 799 2087 856 affecta

511 905 635 943 eum
665 897 822 942 vocat
858 888 1231 942 desiderium:
1270 888 1351 942 sic
1381 889 1546 943 etiam
1581 892 1697 960 ipse
1730 907 1855 946 cum
1889 893 1938 946 ei
1977 893 2090 962 pla-

511 981 741 1040 cuisset,
778 988 831 1032 et
888 980 1075 1034 volens
1127 994 1248 1032 earn
1289 981 1393 1034 sibi
1450 997 1708 1051 sponsam
1764 985 2086 1054 adiungere,

515 1069 920 1138 heneplacitum
977 1069 1153 1138 ipsam
1193 1077 1374 1123 vocat.
1415 1069 1508 1125 Sic
1545 1072 1714 1137 enim,
1772 1074 1975 1144 inquit,
2029 1089 2089 1128 es

512 1159 760 1229 pulchra,
813 1167 875 1212 ut
907 1160 1137 1229 probata
1174 1177 1203 1214 a
1261 1176 1346 1215 me
1381 1162 1457 1218 sis
1493 1172 1658 1232 atque
1709 1165 1932 1220 dilecra.
1979 1163 2090 1219 Nec

512 1265 638 1304 vero
688 1249 867 1303 solum
909 1265 970 1306 es
1012 1251 1265 1317 pulchra,
1298 1251 1391 1306 sed
1449 1253 1613 1306 etiam
1651 1253 1900 1323 speciosa
1937 1273 1950 1308 :
1987 1269 2090 1309 nec

511 1341 763 1410 speciosa
801 1341 1145 1410 simpliciter,
1182 1341 1276 1395 sed
1327 1342 1473 1396 sicut
1529 1343 1932 1414 Hierosolyma,
1981 1360 2090 1397 non

511 1434 626 1488 haec
652 1433 902 1499 inferior,
934 1435 1029 1488 sed
1053 1431 1211 1504 124
1241 1436 1498 1504 superior
1529 1434 1732 1496 illa,de
1762 1451 1868 1505 qua
1901 1437 2092 1490 beatus

510 1522 756 1578 Paulus:
792 1522 954 1588 «Quae
984 1532 1188 1587 autem,
1212 1523 1414 1592 inquit,
1439 1539 1664 1580 sursum
1726 1531 1812 1578 est
1867 1521 2092 1578 Jerusa~

512 1615 833 1677 lem,lihera
859 1625 964 1678 est,
998 1631 1120 1684 qua:
1151 1625 1235 1669 est
1265 1624 1440 1668 Inatcr
1466 1615 1711 1669 omnium
1748 1624 2002 1671 nostrum
2028 1626 2090 1668 ιιι.

513 1706 594 1761 Illi
631 1707 830 1761 similis
857 1723 938 1770 es,
961 1708 1272 1778 propinqua
1308 1724 1447 1762 mea.
1483 1707 1800 1778 Angelicam
1831 1710 1976 1763 enim
2009 1711 2094 1761 ri-

513 1799 676 1852 vendi
721 1799 989 1853 rationem
1042 1799 1301 1854 imitaris.
1341 1799 1628 1856 Meditaris
1682 1801 1737 1854 in
1791 1808 1940 1854 terra
1975 1813 2098 1870 qtue

2196 621 2596 691 προσαγορεύει
2639 638 2652 650 ·
2687 621 2783 674 καὶ
2835 621 3024 694 ὥσπερ
3075 621 3216 692 αῦτη
3271 623 3433 676 αὐτὸν
3480 624 3784 694 ἐπιθυμίαν

2195 705 2307 758 ἄνω
2365 706 2670 775 ὠνόμασεν,
2706 709 2813 760 ἀπὸ
2845 709 2934 760 "ro~
2993 711 3198 762 οἰκείου
3246 710 3452 774 πάθους
3487 713 3584 782 τὴν
3609 730 3784 784 προσ-

2193 797 2422 867 ηγορίαν
2474 797 2673 868 θεμένη
2699 813 2712 827 ’
2744 799 3094 870 ἐπιθυμοῦσα
3131 801 3240 872 γὰρ
3293 801 3458 855 αὑτοῦ
3491 803 3780 873 διηνεκῶς,

2195 883 2492 955 ἐπιθυμίαν
2539 885 2736 940 καλεῖ·
2785 889 2958 951 οὕτως
3001 889 3097 944 καὶ
3148 890 3310 953 αὐτὸς
3343 891 3659 962 εὐδοκήσας,
3685 895 3783 948 καλ⁵

2197 975 2433 1045 θελήσας
2485 979 2929 1048 μνηστεύσασθαι
2967 980 3138 1050 αὐτὴν
3191 984 3287 1034 καὶ
3317 982 3496 1053 ἑαυτῷ
3522 985 3781 1054 συνᾶψαι,

2196 1066 2446 1123 εὐδοκίαν
2467 1068 2744 1136 ὀνομάζει.
2763 1067 2948 1134 Οὕτως
2973 1071 3102 1142 γὰρ,
3126 1074 3313 1142 φησιν,
3344 1069 3393 1126 εἶ
3418 1074 3664 1145 καλὴ,ὼς
3694 1078 3784 1129 εὑ-

2197 1154 2486 1226 δοκηθείσα
2537 1159 2664 1230 παρ’
2696 1159 2832 1230 ἐμοῦ
2860 1161 2954 1214 καὶ
2996 1164 3344 1235 ἁγαπηθεῖσα
3369 1181 3380 1191 ·
3423 1167 3485 1218 ού
3529 1167 3690 1236 μόνον
3723 1169 3783 1221 δὲ

2201 1249 2337 1319 καλὴ
2362 1245 2441 1314 εἴ,
2471 1251 2608 1304 ἀλλά
2643 1253 2736 1305 καὶ
2781 1252 2992 1326 ὡραία,
3041 1257 3137 1308 καὶ
3189 1258 3290 1326 οὐχ
3344 1257 3528 1320 ἁπλῶς
3580 1259 3780 1329 ὡραία,

2197 1340 2311 1393 ἀλλ’
2334 1342 2408 1404 ὡς
2443 1342 2801 1414 Ἰερουσαλήμ
2835 1362 2850 1376 ο
2886 1347 2985 1415 οὐχ
3016 1346 3158 1417 αὕτη
3187 1349 3219 1418 ἡ
3249 1350 3419 1412 κάτω,
3441 1350 3609 1421 ἀλλ’ἡ
3645 1351 3776 1415 ἀνω,

2201 1433 2329 1498 περὶ
2354 1427 2421 1503 ἧς
2454 1435 2481 1485 ὁ
2506 1434 2776 1504 μακάριος
2798 1435 2946 1505 λέγει
2971 1439 3181 1504 Παῦλος
3197 1456 3208 1469 ·
3237 1461 3254 1491 ι
3278 1441 3343 1494 Ἢ
3371 1442 3429 1494 δὲ
3451 1444 3562 1497 ἄνω
3592 1443 3781 1514 Ἰερου-

2201 1524 2384 1594 σαλὴμ
2435 1525 2695 1596 ἐλευθέρα
2747 1529 2927 1582 ἐστίν·
2972 1531 3094 1600 ἥτις
3146 1533 3264 1586 ἐστὶ
3318 1537 3503 1605 μήτηρ
3561 1537 3775 1590 πάντωι

2198 1617 2375 1686 ἡμῶν.
2393 1635 2411 1667 ι
2434 1619 2646 1690 Ἐκείνῃ
2676 1620 2883 1687 ἔοικας,
2917 1617 2963 1678 ὦ
2984 1623 3213 1694 πλησίον
3251 1643 3354 1696 μου
3379 1645 3393 1658 ·
3423 1628 3521 1698 τὴν
3547 1629 3654 1698 γὰρ
3682 1629 3780 1697 ἀγ-

2201 1708 2424 1780 γελικὴν
2458 1710 2731 1767 πολιτείαν
2761 1715 3074 1786 μεμίμησαι
3103 1733 3122 1748 ⁸
3163 1718 3504 1791 προμελετᾷς
3533 1723 3590 1773 ὲν
3615 1725 3686 1792 γῇ
3713 1722 3781 1776 τὰ

2200 1801 2449 1871 οὐράνια,
2491 1804 2585 1856 καὶ
2615 1805 2672 1856 ὲν
2721 1807 2885 1877 σαρκὶ
2917 1809 3294 1877 περιπατοῦσα
3323 1811 3384 1863 οὐ
3431 1811 3575 1866 κατά
3601 1813 3778 1884 σάρκα

513 1890 758 1945 οωιεειίει
807 1899 935 1944 sunt
967 1907 978 1941 :
1013 1898 1067 1945 et
1104 1893 1156 1945 in
1190 1907 1358 1946 carne
1389 1893 1704 1958 ambulans,
1749 1908 1856 1948 non
1895 1892 2096 1947 milites

2206 1893 2497 1964 στρατεύῃ,
2529 1896 2624 1947 καὶ
2651 1897 2790 1950 κατὰ
2837 1899 3039 1952 σκοπὸν
3079 1899 3294 1964 διώκεις
3318 1903 3410 1955 ἐπὶ
3442 1903 3502 1955 τὸ
3528 1903 3780 1975 βραϐεῖον

514 1981 816 2034 secundum
858 1994 1102 2034 carnem.
1142 1980 1208 2034 Et
1238 1983 1544 2037 secundum
1578 1982 1926 2052 propositum
1972 1999 2098 2053 per-

511 2070 763 2140 sequeris
788 2071 1056 2125 hrabcnm
1087 2087 1340 2142 supernae
1370 2075 1698 2129 vocationis.
1733 2073 1796 2126 Et
1826 2089 1948 2144 quae
1973 2090 2098 2129 sur-

514 2176 637 2214 sum
670 2167 798 2214 sunt
834 2159 1057 2229 quaeris,
1092 2160 1186 2214 ubi
1247 2176 1347 2232 ego
1387 2177 1509 2216 sum
1549 2162 1615 2215 ad
1655 2163 1941 2216 dexteram
2004 2161 2096 2218 Dei

514 2251 734 2308 sedens.
765 2251 983 2306 Idcirco
1010 2270 1027 2302 ι
1059 2253 1309 2322 speciosa
1334 2268 1416 2319 es,
1457 2254 1604 2308 sicut
1634 2251 2040 2324 Hierosolyma.
2073 2272 2090 2304 ι

512 2343 624 2398 Nec
657 2345 904 2413 speciosa
942 2345 1128 2411 modo,
1165 2344 1260 2400 sed
1310 2355 1579 2400 terrorem
1608 2353 1660 2401 te
1696 2345 2099 2416 aspicientibus

493 2437 788 2507 'injicicns.
825 2437 1088 2492 Ordinem
1142 2438 1288 2492 enim
1340 2446 1496 2493 tuum
1550 2446 1865 2508 spectantes
1901 2438 2098 2491 obstu-

516 2536 770 2599 pescunt.
803 2529 935 2583 Nam
965 2530 1019 2583 in
1053 2539 1106 2584 te
1142 2530 1278 2584 nihil
1313 2531 1718 2594 inordinatum,
1745 2529 1885 2583 nihil
1921 2530 2101 2584 incer-

516 2630 654 2683 tum,
690 2620 825 2673 nihil
859 2621 1177 2687 confusum,
1204 2621 1297 2679 sed
1331 2623 1516 2676 omnia
1553 2621 1751 2675 ordine
1783 2631 1837 2676 et
1887 2618 2100 2690 judicio

517 2712 818 2766 constituta
850 2721 998 2766 sunt.
1054 2714 1259 2768 lterum
1301 2713 1554 2766 ordinem
1590 2713 1884 2781 diligenter
1924 2718 2098 2765 tenes.

517 2804 729 2874 Quippe
754 2818 877 2872 quae
911 2819 1174 2875 sponsum
1207 2804 1318 2858 scis
1352 2803 1517 2858 rebus
1549 2803 1807 2858 omnibus
1847 2816 1971 2856 esse
2001 2816 2099 2853 an-

2199 1984 2300 2053 τῆς
2338 1983 2450 2037 ἄνω
2478 1985 2744 2054 κλήσεως,
2777 1989 2870 2041 καὶ
2892 1989 2960 2042 τὰ
2987 1990 3100 2043 ἄνω
3127 1991 3330 2061 ζητεῖς,
3362 1990 3422 2048 οὗ
3442 1994 3551 2063 ἐγώ
3579 1999 3692 2066 εἰμι
3723 1999 3784 2051 ἐν

2201 2071 2349 2142 δεξιᾷ
2379 2073 2471 2126 τοῦ
2507 2075 2646 2128 Θεοῦ
2683 2076 3012 2148 καθήμενος.
3046 2080 3145 2134 Διὰ
3172 2083 3331 2136 τοῦτο
3357 2103 3377 2135 ι
3411 2084 3586 2156 ὡραία
3617 2085 3685 2155 εἴ,
3705 2089 3782 2153 ὡς

2213 2163 2567 2235 Ἰερουσαλὴμ
2594 2207 2608 2232 ,
2637 2187 2654 2217 ι
2693 2168 2785 2220 καὶ
2818 2169 2918 2240 οὐχ
2949 2170 3138 2235 ἁπλῶς
3165 2173 3340 2244 ὡραία
3363 2217 3376 2240 ,
3409 2175 3545 2229 ἀλλὰ
3571 2176 3783 2248 θάμϐος

2201 2253 2506 2322 ἐμποιοῦσα
2561 2259 2676 2320 τοῖς
2708 2259 2876 2329 ὁρῶσί
2923 2277 3012 2314 σε’
3043 2263 3439 2333 ἐκπλήττονται
3478 2269 3584 2339 γὰρ
3607 2271 3654 2321 οἱ
3683 2269 3782 2340 τὴν

2199 2343 2350 2406 τάξιν
2389 2361 2483 2398 σου
2536 2345 2832 2417 θεώμενοι·
2863 2353 3018 2406 οὐδὲν
3064 2354 3171 2424 γὰρ
3215 2355 3364 2426 παρὰ
3399 2358 3480 2409 σοὶ
3521 2357 3779 2426 ἄτακτον,

2201 2436 2354 2490 οὐδὲν
2385 2438 2432 2469 ⁵⁸
2463 2439 2736 2509 ἀόριστον,
2775 2443 2898 2497 οὐδὲ
2929 2444 3278 2517 ἀδιάκριτον,
3309 2449 3445 2502 ἀλλά
3485 2453 3662 2505 πάντα
3691 2469 3782 2505 τε-

2199 2526 2450 2597 ταγμένα
2481 2532 2576 2584 καὶ
2615 2535 2946 2605 κεκριμένα·
2979 2539 3075 2590 καὶ
3103 2533 3250 2603 οἶδας
3275 2541 3524 2611 ἀκριῧῶς
3545 2545 3644 2616 τὴν
3675 2546 3783 2600 τῶν

2202 2621 2542 2689 πραγμάτων
2592 2624 2944 2694 ἀκολουθίαν,
2976 2630 3196 2685 πάντων
3227 2636 3500 2706 προτιμᾷν
3526 2636 3615 2690 τὸν
3643 2656 3786 2710 νυμ-

2202 2710 2323 2799 ιρίον
2345 2711 2634 2780 δεδίδαξαι,
2663 2719 2758 2771 καὶ
2784 2723 2908 2790 μετ’
2929 2724 3142 2777 ἐκεῖνον
3173 2725 3299 2789 τοὺς
3329 2726 3524 2798 ἐκείνῳ
3549 2727 3789 2799 πλησιά-

2200 2798 2414 2867 ζοντας.
2452 2805 2677 2872 Τούτοις
2701 2811 3054 2882 προστίθησιν
3070 2830 3082 2844 ·

517 2901 981 2969 trponendum,et
1003 2898 1306 2954 secundum
1336 2909 1603 2968 sponsum
1626 2909 1722 2950 eos
1749 2894 2097 2965 potissimum
2135 2892 2538 2967 observandos,
2603 2903 2697 2973 qui
2743 2904 2811 2960 ad
2878 2921 3003 2962 eum
3052 2909 3300 2977 proxime
3345 2912 3633 2968 accedunt.
3685 2913 3788 2969 [iis

517 2996 704 3050 addit:

587 3089 755 3144 Vens.
788 3088 840 3142 4.
878 3088 1068 3142 Averte
1096 3087 1278 3142 oculos
1312 3097 1429 3140 tuos
1478 3102 1505 3140 e
1540 3086 1753 3155 regione
1779 3085 1900 3138 mei.
1954 3082 2095 3147 Quia

2262 3082 2746 3157 δ’.Ἀπόσφε-ψιον
2768 3090 3112 3159 ὀφθαλμούς
3134 3109 3248 3147 σσυ
3263 3094 3624 3150 ἀπεναντίον
3637 3116 3785 3166 μου,

517 3185 622 3254 ipsi
653 3199 732 3238 me
775 3181 989 3236 avolare
1039 3180 1289 3250 fecerunt.
1340 3176 1498 3243 Quod
1529 3185 1711 3230 autem
1743 3175 1898 3240 dicit,
1949 3173 2096 3243 ejus-

2201 3178 2285 3232 ὅτι
2312 3177 2484 3232 αὐτοὶ
2514 3177 2942 3246 ἀνεπτέρωσάν
2957 3196 3035 3248 με
3071 3181 3140 3237 ⁵⁷.
3175 3183 3240 3236 Ὃ
3279 3183 3335 3236 δὲ
3371 3184 3518 3253 λέγει
3540 3187 3786 3242 τοιοῦτόν

518 3275 669 3331 modi
710 3282 794 3330 est
825 3292 838 3328 :
864 3272 1164 3328 Oculorum
1204 3278 1424 3324 tuorum
1468 3267 1842 3338 pulchritudo.
1877 3274 1932 3322 et
1964 3281 2096 3320 acu-

2208 3269 2326 3322 ὲστι
2348 3287 2364 3301 ·
2398 3268 2460 3322 τὸ
2507 3268 2702 3332 κάλλος
2744 3268 2852 3322 τῶν
2895 3269 3193 3340 ὀφθαλμῶν
3223 3289 3341 3336 σου,
3371 3273 3464 3327 καὶ
3498 3277 3530 3346 ἡ
3582 3276 3789 3350 θεωρία

525 3385 652 3423 men
689 3369 743 3420 in
780 3364 1229 3434 contemplando,
1263 3371 1318 3416 et
1366 3361 1570 3415 mentis
1599 3361 1766 3426 acies,
1818 3375 1904 3415 me
1949 3358 2018 3412 ad
2048 3365 2096 3412 te

2201 3360 2296 3416 τοῦ
2325 3360 2550 3415 όπτικοῦ
2583 3377 2699 3426 σου,
2730 3361 2827 3414 καὶ
2849 3361 2908 3414 τὸ
2939 3361 3226 3434 ὀξυδερκὲς
3263 3365 3362 3435 τῆς
3395 3366 3630 3432 διανοίας
3661 3385 3785 3434 σου,

519 3461 818 3515 amandam
871 3457 1194 3512 incitarunt.
1255 3453 1362 3508 Sed
1403 3468 1538 3507 cave
1571 3469 1642 3508 ne
1682 3451 2100 3508 immoderatius

519 3552 578 3607 in
615 3569 700 3606 me
731 3551 924 3606 oculos
960 3546 1219 3602 intendas
1270 3553 1416 3610 tuos,
1456 3561 1522 3599 ne
1554 3545 1650 3598 tibi
1685 3560 1752 3598 ex
1782 3559 1845 3599 ea
1879 3559 1940 3599 re
1996 3542 2098 3596 ali-

519 3644 655 3718 quid
683 3641 1001 3699 detrimenti
1054 3638 1360 3708 contingat.
1401 3638 1725 3692 lnaecessus
1753 3637 1898 3693 enim
1952 3650 2098 3700 sum,

519 3745 576 3796 et
600 3732 991 3804 comprehendi
1022 3746 1258 3802 nequeo,
1289 3745 1623 3800 omnemque
1662 3745 1773 3784 non
1808 3729 2099 3784 hominum

523 3836 763 3890 tantum,
797 3827 891 3881 sed
944 3825 1267 3893 angelorum
1309 3829 1532 3892 captum
1566 3836 1792 3893 supero.
1844 3820 2002 3888 Quod
2049 3819 2102 3875 si

524 3917 790 3972 terminos
835 3913 1082 3968 volueris
1117 3913 1414 3979 transilire,
1457 3921 1511 3969 et
1576 3913 1643 3968 ad
1701 3928 1764 3969 ea
1823 3911 2102 3968 curiosius

523 4010 862 4066 crmtendere
899 4023 1021 4079 quae
1062 4006 1207 4062 vires
1245 4017 1378 4063 tuas
1430 4007 1745 4072 excedunt,
1779 4021 1890 4061 non
1937 4004 2102 4059 modo

526 4102 662 4156 nihil
689 4102 1028 4173 assequeris,
1062 4100 1162 4158 sed
1193 4100 1362 4155 aciem
1391 4100 1556 4154 etiam
1605 4100 1898 4154 oculorum
1933 4096 2103 4151 hebe-

524 4197 717 4251 tiorem
755 4195 949 4249 reddes
983 4205 1150 4264 atque
1173 4192 1535 4247 ohlusiorem.
1560 4191 1635 4244 Ea
1657 4191 1807 4245 enim
1843 4189 1983 4244 lucis
2011 4203 2104 4242 a-

524 4295 647 4340 tura
676 4295 780 4351 est,
813 4295 869 4339 ut
893 4284 1358 4355 quemadmodum
1392 4283 1612 4337 oculum
1647 4282 1909 4348 illustrat,
1943 4280 2103 4352 125

524 4378 605 4432 sic
645 4378 811 4431 etiam
847 4375 1025 4439 laedat,
1056 4375 1102 4430 si
1136 4374 1307 4428 fueris
1335 4373 1688 4430 insatiabilis.
1717 4390 1738 4424 ι
1775 4373 1977 4427 Averte
2000 4372 2105 4443 igi-

522 4480 619 4524 tur
651 4471 842 4523 oculos
873 4476 997 4521 luos
1029 4483 1056 4519 a
1085 4483 1190 4521 me.
1220 4486 1236 4518 ι
1268 4465 1576 4521 Dilliciliora
1602 4473 1658 4521 te
1681 4481 1749 4522 ne
1779 4479 2017 4536 quens,
2049 4471 2104 4519 et

527 4562 759 4616 fortiora
815 4569 866 4614 te
914 4576 979 4613 ne
1025 4560 1330 4614 scruteris:
1368 4558 1462 4614 sed
1493 4574 1615 4629 qua:
1650 4566 1921 4628 praecepta
1951 4565 2100 4618 sunt,

525 4668 590 4707 ea
629 4651 815 4720 cogita
866 4664 1080 4718 semper
1118 4656 1167 4704 η.
1202 4647 1298 4704 liis
1327 4664 1524 4720 rursus
1563 4648 1753 4717 adjicit
1786 4649 1975 4702 laudes
2010 4661 2104 4700 su-

528 4746 794 4815 periores,
822 4750 877 4798 et
905 4743 1010 4796 ait:

604 4836 768 4892 Vens.
791 4836 844 4900 5,
861 4836 912 4891 6.
933 4835 1380 4907 Capillameijtu-m
1397 4843 1545 4887 tuum
1564 4831 1698 4886 sicut
1717 4847 1895 4902 greges
1911 4846 2107 4898 caprae

2201 3453 2463 3508 εἵλκυσάν
2515 3469 2582 3523 με
2615 3455 2694 3515 εἰς
2727 3453 2908 3523 ἔρωτά
2936 3469 3060 3506 σοιν
3091 3455 3227 3510 ἀλλὰ
3269 3457 3343 3528 μὴ
3377 3459 3518 3530 πέρα
3555 3459 3646 3513 τοῦ
3682 3480 3787 3530 με-

2200 3545 2352 3617 τρίου
2386 3547 2467 3609 εἰς
2489 3545 2589 3615 ἐμὲ
2622 3546 2899 3618 ἀτενίσῃς,
2929 3547 3022 3600 -ἷνα
3066 3547 3140 3618 μὴ
3173 3548 3377 3621 βλάϐην
3405 3551 3650 3606 ἐντεῦθεν
3691 3555 3787 3608 έλ-

2202 3637 2407 3708 κύσης·
2435 3637 2726 3706 ἀνέφικτος
2782 3637 2890 3708 γάρ
2919 3639 3038 3708 είμι
3058 3681 3072 3704 ,
3102 3640 3198 3693 καὶ
3253 3643 3654 3712 ἀκατάληπτος,
3687 3647 3790 3700 καὶ

2201 3730 2386 3782 πᾶσαν
2419 3727 2762 3799 ὑπερϐαίνων
2809 3729 3134 3798 κατάληψιν,
3165 3731 3265 3784 οὐκ
3308 3733 3655 3806 ἀνθρωπίνην
3685 3739 3786 3808 μό-

2203 3835 2322 3888 νην,
2345 3817 2482 3870 ἀλλὰ
2525 3819 2620 3871 καὶ
2671 3818 2970 3890 ἀγγελικὴν
2991 3837 3004 3851 ·
3039 3820 3144 3873 κᾶν
3171 3821 3436 3894 βουληθῇς
3479 3825 3789 3899 ὑπερϐῆναι

2203 3911 2330 3972 τοὺς
2355 3909 2534 3980 ὅρους,
2557 3909 2653 3962 καὶ
2684 3912 3240 3980 περιεργάσασθαιτά
3270 3914 3368 3983 τῆς
3385 3917 3480 3986 σῆς
3506 3917 3789 3988 δυνάμεως

2199 4001 2482 4067 ἐπέκεινα,
2513 4002 2575 4054 ού
2611 4003 2773 4072 μόνον
2797 4002 2950 4057 οὐδὲν
2983 4005 3240 4076 εὑρήσεις
3264 4045 3280 4072 ,
3304 4007 3439 4062 ἀλλά
3482 4009 3574 4061 καὶ
3604 4011 3787 4079 ἀμαυ-

2204 4093 2402 4164 ρώσεις
2445 4093 2505 4146 τὸ
2553 4094 2729 4164 ὄμμα,
2773 4095 2868 4147 καὶ
2915 4096 3255 4168 ἀμϐλύτερον
3304 4098 3462 4152 τοῦτο
3515 4103 3784 4172 ποιήσεις.

2204 4187 2443 4258 Τοιαύτη
2479 4185 2590 4257 γάρ
2613 4186 2710 4239 τοῦ
2740 4187 2919 4256 φωτὸς
2949 4190 2983 4258 ἡ
3014 4188 3174 4257 φύσις
3206 4206 3222 4222 ο
3256 4189 3444 4262 ὥσπερ
3473 4192 3581 4264 γὰρ
3621 4193 3786 4261 φωτί-

2204 4277 2288 4342 ζει
2313 4278 2376 4331 τὸ
2398 4278 2581 4349 -ὅμμα,
2599 4277 2772 4341 οὕτως
2793 4277 2983 4332 τούτου
3012 4279 3110 4350 τὴν
3133 4281 3438 4353 ἀπληστίαν
3472 4283 3687 4349 κολάζει
3716 4287 3786 4358 τῇ

2211 4369 2422 4440 βλάϐῃ·
2464 4388 2482 4420 ι
2537 4369 2883 4440 Ἀπόσρεψον
2915 4370 3104 4424 τοίνυν
3154 4371 3282 4436 τοὺς
3335 4373 3650 4444 ὀφθαλμούς
3689 4393 3786 4430 σου

2206 4461 2530 4515 ἀπεναντίον
2585 4475 2719 4529 μουο
2746 4480 2764 4514 ι
2792 4460 3150 4534 χαλεπιῖιτερά
3173 4479 3266 4516 σου
3304 4466 3378 4537 μὴ
3428 4466 3649 4537 ἐρεύνα,
3689 4468 3787 4521 καὶ

2211 4552 2536 4622 ἰσχυρότερά
2556 4568 2650 4604 σου
2689 4552 2762 4622 μὴ
2795 4550 2950 4623 ζήτει
2975 4569 2990 4584 °
3022 4553 3058 4608 ἃ,
3090 4556 3434 4628 προσετάχθη
3461 4575 3566 4622 σοι,
3611 4558 3790 4614 ταῦτα

2208 4643 2441 4700 διανοοῦ.
2477 4642 2700 4706 Τούτοις
2727 4643 2772 4678 ⁸⁸
2797 4643 2958 4699 πάλιν
3013 4646 3266 4718 ἐπιφέρει
3311 4648 3438 4712 τοὺς
3489 4649 3790 4721 προτέρους

2210 4733 2485 4796 ἐπαίνους,
2501 4734 2600 4786 καὶ
2631 4732 2801 4800 λέγει·

2282 4833 2344 4888 ε’,
2380 4824 2726 4894 ς’.Τρίχωμά
2746 4839 2891 4890 σου,
2907 4826 2985 4890 ὡς
3003 4826 3217 4896 ἀγέλαι
3243 4825 3362 4881 τῶν
3377 4823 3580 4898 σιγῶν,
3607 4829 3669 4884 αἲ
3689 4829 3796 4885 ἁν-

528 4947 646 4982 rum
668 4971 681 4992 ,
715 4944 832 5000 qua:
865 4937 1227 4996 apparuerunt
1283 4941 1314 4980 ε
1363 4917 1815 4980 Calaud.'Dentes
1860 4923 1938 4976 tui
1966 4923 2096 4976 sicut

2211 4917 2528 4989 εφὰνησαν
2552 4916 2673 4972 ἀπὸ
2702 4919 2808 4973 τοῦ
2844 4919 3188 4974 Γαλαάθνδο.
3229 4920 3501 4986 Ὀδόντες
3533 4938 3671 4984 σου,
3707 4922 3790 4987 ὡς

525 5038 703 5091 greges
735 5031 1034 5082 tonsuram,
1067 5035 1184 5090 qua:
1215 5016 1562 5072 ascenderunt
1587 5031 1614 5068 e
1649 5015 1883 5078 lavacro,
1923 5030 2096 5069 omne:

2211 5010 2423 5079 ἀγέλαι
2450 5010 2570 5063 τῶν
2613 5011 2993 5081 uexappérwr
3017 5012 3062 5043 ⁸³
3102 5012 3165 5065 ατ
3195 5012 3501 5081 ἀνέϐησαν
3533 5012 3653 5068 ἀπὸ
3682 5014 3793 5068 τοῦ

525 5114 762 5182 gemellis
795 5111 1010 5181 fetibus,
1041 5121 1091 5166 et
1122 5109 1322 5166 sterilis
1351 5124 1455 5161 non
1477 5116 1564 5161 est
1595 5108 1734 5160 inter
1783 5123 1898 5160 eas.
1954 5105 2096 5161 Sicut

2213 5102 2469 5172 λουτροῦ
2494 5122 2508 5136 ·
2534 5103 2597 5156 αἳ
2634 5102 2824 5158 πᾶσαι
2847 5103 3295 5174 διδυμεύουσαι,
3327 5105 3424 5159 καὶ
3449 5106 3794 5161 ἀτεκνοῦσα

530 5203 798 5272 funiculus
826 5202 1099 5255 coccinea;
1127 5198 1272 5252 labia
1312 5207 1424 5264 tua,
1458 5208 1507 5250 et
1529 5196 1795 5262 eloquium
1835 5205 1983 5249 tuum
2010 5195 2096 5250 άεα

2209 5198 2321 5250 οὐκ
2363 5196 2535 5249 ἔστιν
2585 5195 2655 5248 ἐν
2725 5195 2953 5262 αὑταῖς.
3012 5197 3109 5264 Ὠς
3158 5198 3456 5266 σπαρτιον
3507 5200 3794 5252 κόκκινον

615 5356 799 5412 ll’sal.
836 5369 1060 5419 Lxxxtv,
1101 5353 1218 5408 1-4.
1319 5349 1558 5406 ηϐιιιαι.
1601 5365 1679 5416 iv,
1708 5350 1800 5406 26.
1899 5357 1928 5386 ιι
1951 5349 2124 5405 Eccli.
2159 5366 2244 5415 ιιι,
2271 5349 2364 5404 9.2.

1839 5514 2072 5572 VARUE
2102 5513 2504 5571 LECTIONES.

595 5724 598 5728 .
649 5679 1080 5737 ³⁸.αὑτῶν.ὓοι1.
1115 5679 1190 5733 ita
1214 5693 1434 5748 quoque
1451 5693 1637 5749 supra,
1690 5680 1736 5712 "
1758 5679 1891 5735 Cod.
1923 5681 2063 5733 οὐδέ.
2141 5681 2188 5712 ⁸⁷
2212 5679 2508 5801 aventis.
2543 5674 2706 5730 Hebr.
2729 5676 2971 5730 animum
2988 5674 3485 5732 mihiaddidernnt.
3511 5674 3594 5730 Al.
3625 5678 3803 5734 veher-

595 5760 853 5801 entmmie
874 5758 1309 5801 oommverunl.
1385 5751 1431 5782 ⁸³
1447 5751 1841 5801 Οοι1.τούτους.
1917 5752 1961 5782 ³⁸
1991 5750 2048 5801 αἳ
2070 5748 2387 5801 -Γαὶαὰἂ
2460 5749 2583 5801 liam
2617 5747 3123 5801 interpretationem
3159 5745 3270 5801 vid.
3303 5765 3351 5800 c.
3393 5749 3540 5801 HJ.
3617 5747 3662 5780 εο
3683 5750 3801 5801 τῶν

534 5760 853 5809 tuentemme
874 5745 1309 5804 oommveruirt.
1349 5745 1431 5782 “⁸⁸
1447 5745 1841 5814 ϐοἷίπούτους.
1917 5752 1961 5782 ⁵⁵
1991 5750 2048 5803 αἳ
2070 5748 2387 5803 -Γαὶαὰἂ
2408 5745 2583 5801 Aliam
2617 5747 3123 5816 interpretationem
3159 5745 3270 5801 vid.
3303 5765 3351 5800 c.
3393 5749 3540 5810 tr,l.
3617 5747 3662 5780 “°
3683 5750 3801 5804 τῶν

534 5833 773 5890 κεκαρμ.
813 5819 972 5873 Hebr.
1000 5822 1203 5874 ovium.
1235 5818 1440 5892 Synim.
1471 5821 1744 5890 ἀμνάδων.
