4088 6410
616 373 710 437 171
1605 365 2091 428 THEODORETI
2128 367 2230 428 ΕΡ)

2260 368 2467 428 SCOPI
2495 367 2862 428 CYRENSIS
3773 361 3871 427 1'72

612 495 790 550 neque
820 477 1106 542 instantia,
1151 490 1328 546 neque
1356 475 1562 540 futura,
1602 489 1781 544 neque
1804 474 2062 541 altitudo,
2095 490 2192 530 ne-
2221 527 2226 538 η

2261 526 2266 536 ,
2294 477 2350 528 ἐν
2370 474 2591 546 Χριστῷ
2606 473 2780 545 Ἰησοῦ
2804 472 2881 545 τῷ
2896 473 3087 545 Κυρίῳ
3106 475 3138 544 ἡ
3149 473 3283 544 μῶν.
3310 492 3327 524 ι
3345 472 3593 526 Διδάσκει
3611 472 3716 543 γὰρ
3733 475 3875 545 ἡμᾶς

613 587 721 640 que
745 569 1100 640 profundum,
1134 582 1312 636 neque
1341 574 1594 620 creatura
1619 565 1723 619 alia
1756 566 1933 635 possit
1962 581 2066 622 nos
2103 581 2194 620 se—

2299 568 2388 621 διὰ
2407 567 2635 632 τούτων,
2654 567 2736 620 ὅτι
2750 567 2810 620 ού
2836 565 2924 618 διὰ
2938 567 3036 635 τὴν
3051 565 3326 636 βασιλείαν
3343 564 3450 618 τῶν
3465 564 3712 635 οὐρανῶν
3729 565 3877 620 ποθεῖ

613 679 812 732 parare
858 678 889 715 a
939 660 1207 716 charitate
1259 658 1386 722 Dei,
1417 673 1540 727 quae
1580 665 1665 712 est
1717 657 1771 712 in
1808 657 2033 713 Christo
2061 656 2193 713 Jesu

2297 658 2386 711 τὸν
2409 657 2667 728 Χριστὸν,
2685 658 2798 711 ἀλλ’
2814 657 2896 710 ὅτι
2925 657 3162 728 αἱρεῖται
3183 656 3279 726 τῆς
3308 655 3587 725 βασιλείας
3605 657 3874 724 ἐκπεσεῖν,

614 754 846 809 Domino
883 762 1076 807 nostro
1111 762 1148 803 ι’.
1187 771 1204 801 ›
1249 749 1342 805 llis
1376 751 1522 804 enim
1576 751 1766 806 verbis
1810 750 2076 815 ostendit,
2135 767 2196 806 se

2299 751 2395 802 καὶ
2423 751 2500 814 εἰς
2530 750 2758 818 γέενναν
2789 751 3048 820 ἐμπεσεῖν
3071 748 3211 818 μετά
3231 747 3325 801 τοῦ
3345 748 3436 801 τὸν
3473 747 3710 818 Χριστὸν
3742 751 3879 817 ἀγα-

611 863 718 900 non
757 853 985 916 propter
1022 857 1248 914 regnum
1300 843 1570 897 ccelorum
1621 842 1903 898 Christum
1940 843 2192 915 diligere,

2300 845 2428 915 πᾷν,
2462 843 2493 914 ἦ
2526 841 2830 913 βασιλεύειν
2847 843 2944 913 τῆς
2979 843 3200 912 ἀγάπης
3225 841 3440 912 ἐκείνης
3472 842 3834 913 ἐστερημένος
3863 862 3875 875 .

611 939 706 991 sed
753 938 915 990 malle
964 952 1024 990 se
1070 950 1240 1005 regno
1275 935 1553 1002 excidere,
1586 945 1639 990 et
1672 937 1726 990 in
1754 936 2064 1006 gehennam
2095 935 2193 991 de-

2298 936 2354 987 αί
2391 935 2571 989 τοίνυν
2620 935 2864 988 τοιαῦται
2901 934 3072 1004 ψυχαὶ
3111 934 3210 1005 τῆς
3235 933 3455 1004 νύμφης
3508 932 3772 1003 πληροῦσι
3821 934 3881 986 τὸ

609 1027 755 1082 trudi
797 1028 1118 1097 diligentem
1157 1025 1464 1089 Christum,
1499 1043 1664 1098 quam
1699 1028 1877 1100 ipsius
1917 1030 2193 1100 privatum

2300 1025 2607 1098 σύνταγμα,
2648 1028 2704 1080 αί
2732 1026 2884 1096 μόνῳ
2905 1026 2984 1095 τῷ
3020 1025 3168 1095 πόθῳ
3193 1024 3287 1078 τοῦ
3327 1024 3560 1095 νυμφίου
3587 1024 3875 1095 κατεχόμε-

608 1119 879 1173 charitatc
934 1133 1102 1187 regno
1152 1120 1339 1187 potiri.
1379 1120 1750 1185 Quamobrem
1797 1120 2019 1181 animae,
2075 1135 2196 1189 quae

2299 1137 2386 1173 ναι
2412 1136 2427 1152 ο
2453 1122 2560 1174 εἰσὶ
2602 1119 2660 1173 δέ
2690 1135 2836 1182 τινες
2877 1114 2989 1171 οἷον
3045 1117 3328 1189 μισθωτοὶ,
3368 1118 3435 1188 τῇ
3478 1117 3746 1189 ἐπιθυμία
3771 1119 3880 1171 τῶν

609 1216 737 1261 sunt
769 1207 1065 1278 ejusmodi,
1099 1216 1154 1261 ct
1194 1209 1312 1262 solo
1338 1210 1528 1278 sponsi
1567 1209 1844 1264 desiderio
1878 1218 2192 1272 moventur,

2302 1209 2604 1280 μελλόντων
2629 1208 2849 1277 ἀγαθῶν
2877 1209 3003 1270 τοὺς
3026 1208 3166 1279 ὑπὲρ
3193 1208 3394 1279 ἀρετῆς
3425 1207 3657 1278 ἱδρῶτας
3694 1210 3881 1278 φέρειν

609 1316 828 1371 sponsa:
869 1301 1096 1371 implent
1149 1300 1398 1354 ordinem
1456 1309 1620 1372 atque
1668 1302 2003 1356 institutum.
2053 1301 2196 1358 Sunt

2298 1301 2651 1371 ἀνεχόμενοι·
2676 1299 2897 1362 τούτους
2924 1299 3015 1352 ἐπὶ
3041 1299 3132 1352 τοῦ
3164 1299 3431 1370 παρόντος
3466 1298 3706 1369 ἡγοῦμαι
3731 1299 3883 1369 βασι·

609 1400 795 1446 autem
848 1391 1070 1460 quidam
1121 1392 1282 1460 quasi
1319 1393 1674 1458 mercenarii,
1725 1395 1817 1463 qui
1872 1392 2190 1448 futurorum

2297 1392 2446 1455 λίδας
2488 1390 2871 1461 ὀνομάζεσθαι,
2895 1390 2969 1454 ὡς
3003 1391 3099 1462 τῆς
3135 1389 3412 1459 βασιλείας
3459 1390 3880 1461 ἐπιθυμοῦντας,

610 1485 884 1538 bonorum
927 1483 1203 1539 desiderio
1232 1499 1331 1554 pro
1358 1486 1562 1540 virtute
1593 1485 1825 1541 sudores
1850 1487 2190 1556 suscipiunt.

2298 1484 2391 1537 καὶ
2429 1483 2496 1536 δι’
2544 1483 2758 1554 ἐκείνην
2813 1483 3002 1553 φέρειν
3046 1482 3407 1553 αἱρουμένους
3449 1483 3548 1554 τῆς
3600 1483 3883 1548 εὐσεϐείας

611 1575 726 1630 llos
759 1591 860 1646 ego
898 1575 1117 1646 reginas
1148 1576 1239 1629 hic
1265 1577 1510 1632 arbitror
1534 1578 1826 1648 appellari,
1860 1578 2008 1648 quod
2044 1578 2193 1647 regni

2297 1574 2423 1637 τοὺς
2439 1573 2652 1637 πόνους.
2679 1573 2879 1626 Tllet"
2906 1573 2962 1626 δὲ
2993 1573 3168 1645 ἕτεροι
3197 1574 3408 1628 οὐδέπω
3433 1575 3532 1644 τῆς
3571 1576 3885 1648 ἐλευθερίας

613 1668 915 1736 cupiditate
957 1667 1219 1722 concitati
1264 1669 1490 1738 pietatis
1522 1669 1744 1725 labores
1776 1679 2005 1740 propter
2061 1669 2195 1724 illud

2297 1664 2609 1736 ἠξιωμένοι,
2641 1665 2722 1718 ἔτι
2754 1666 2812 1718 δὲ
2863 1664 3136 1719 δουλεύειν
3161 1665 3459 1733 ἐθέλοντες,
3489 1669 3582 1722 καὶ
3611 1669 3763 1737 φόϐῳ
3787 1669 3885 1738 τῆς

613 1759 890 1813 sustinere
939 1759 1186 1812 contenti
1226 1759 1360 1813 sint.
1410 1760 1516 1813 Alii
1575 1769 1842 1830 praeterea
1894 1767 2044 1823 sunt,
2099 1759 2192 1829 qui

2297 1757 2522 1829 γεέννης
2542 1757 2669 1822 τοὺς
2691 1757 2870 1820 θείους
2892 1758 3091 1828 νόμους
3118 1757 3452 1828 πληροῦντες
3469 1776 3480 1787 °
3501 1759 3725 1822 τούτους
3754 1763 3887 1815 ὑπο-

613 1849 855 1903 noudum
903 1849 1090 1901 donati
1150 1857 1280 1903 sunt
1321 1823 1597 1913 libertate,
1642 1850 1739 1904 sed
1768 1850 1954 1906 adhuc
1998 1823 2195 1920 sponte

2297 1823 2562 1919 λαμϐάνω
2609 1823 2969 1911 παλλακίδας-
2993 1823 3355 1918 ὀνομάζεσθαι
3380 1865 3393 1877 ·
3433 1849 3744 1917 συγγίνεται
3781 1850 3888 1920 γὰρ

611 1941 880 2004 serviunt,
933 1948 986 1993 et
1039 1939 1304 2009 gehennae
1360 1940 1658 1996 formidine
1707 1942 1914 1997 divinis
1974 1943 2195 2012 legibus

2295 1939 2392 1993 καὶ
2424 1941 2537 2002 τοῖς
2562 1939 2826 2002 τοιούτοις
2855 1938 2884 1990 ό
2919 1938 3152 2008 νυμφίος
3185 1939 3320 1991 πᾶσι
3369 1939 3546 1993 πάντα
3579 1940 3884 2010 γινόμενος.

613 2040 827 2102 parent.
885 2030 954 2083 lli
1007 2046 1130 2086 meo
1180 2030 1402 2101 quidem
1436 2030 1646 2100 judicio
1681 2040 1952 2087 vocantur
1990 2047 2197 2088 concu-

2297 2031 2419 2084 Είσὶ
2449 2029 2507 2083 δὲ
2536 2031 2632 2084 καὶ
2670 2030 2818 2084 ἄλλοι
2852 2029 3097 2101 ῥᾳθυμίᾳ
3133 2030 3404 2095 συξῶντες
3428 2071 3442 2095 ,
3482 2033 3576 2084 καὶ
3630 2034 3770 2103 μήτε
3813 2032 3890 2103 τῷ

614 2125 775 2177 binae.
830 2121 963 2178 Cum
1001 2121 1136 2190 ipsis
1184 2122 1332 2176 enim
1365 2136 1586 2192 quoque
1633 2138 1872 2194 sponsus
1901 2123 2196 2194 conjungi-

2298 2122 2507 2193 φίλτρῳ
2528 2119 2622 2173 τοῦ
2654 2118 2889 2190 νυμφίου
2920 2118 3300 2188 κατεχόμενοι,
3339 2120 3474 2190 μήτε
3502 2120 3578 2190 τῷ
3610 2121 3764 2191 πόθῳ
3793 2122 3891 2190 τῆς

614 2224 725 2277 tur,
755 2213 1012 2268 omnibus
1039 2211 1220 2267 factus
1248 2214 1432 2266 omnia
1452 2217 1522 2267 τ’.
1547 2212 1652 2267 Alii
1681 2221 1810 2269 sunt
1838 2215 2078 2286 denique
2111 2216 2197 2269 in-

2300 2213 2574 2283 βασιλείας
2604 2211 2908 2280 ἑλκόμενοι,
2947 2211 3085 2282 μήτε
3106 2208 3184 2280 τῷ
3207 2209 3357 2280 φόϐῳ
3389 2210 3489 2282 τῆς
3520 2211 3747 2281 γεέννης
3770 2229 3893 2265 νυτ-

615 2314 762 2360 ertcs
785 2315 840 2359 et
869 2301 1072 2375 ignavi,
1098 2304 1193 2374 qui
1227 2319 1327 2358 nec
1355 2307 1546 2375 sponsi
1581 2320 1771 2361 amore
1801 2305 2058 2376 ﬂagrant,
2093 2323 2196 2362 nec

2297 2306 2534 2373 τόμενοι,
2568 2301 2935 2372 ἀμελέστερον
2960 2299 3030 2353 τὰ
3059 2301 3420 2365 καθ’ὲαυτοὺς
3454 2302 3891 2372 οἰκονομοῦντες·

616 2397 767 2467 regni
828 2395 1128 2448 trahuntur
1183 2393 1507 2462 cupiditate,
1561 2410 1664 2450 nec
1723 2395 1991 2465 gehennae
2047 2407 2194 2450 metu

2299 2395 2393 2448 καὶ
2417 2394 2516 2466 τὴν
2551 2394 2649 2464 μὲν
2680 2394 2866 2446 πίστιν
2890 2391 3147 2462 ἀκίνητον
3168 2391 3403 2462 ἔχοντες,
3436 2393 3531 2445 καὶ
3564 2393 3632 2446 τὰ
3666 2393 3769 2464 τῆς
3799 2393 3892 2446 εύ-

614 2493 1063 2542 cummoventur:
1090 2483 1186 2540 sed
1221 2499 1311 2539 res
1334 2499 1467 2540 suas
1497 2494 1668 2554 agunt
1697 2483 1996 2538 admodum
2023 2484 2198 2554 negli-

2300 2485 2518 2548 σεϐείας
2565 2485 2812 2552 δόγματα
2865 2483 2976 2536 σῶα
3042 2483 3533 2552 διαφυλάττοντες,
3563 2485 3656 2538 καὶ
3704 2487 3893 2538 πᾶσαν

617 2590 824 2646 genter,
859 2591 982 2630 cum
1014 2583 1198 2630 tamen
1231 2582 1287 2629 et
1318 2574 1477 2629 ﬁdem
1525 2575 1864 2630 immobilem
1898 2576 2194 2637 retineant,

2298 2576 2581 2646 αἱρετικὴν
2623 2575 2719 2627 καὶ
2754 2575 3049 2644 ἀλλόφυλον
3084 2575 3435 2628 διδασκαλίαν
3470 2576 3891 2646 ἀποστρεφόμε-

617 2680 669 2723 et
698 2669 918 2741 pietatis
961 2667 1217 2737 dogmata
1253 2666 1470 2735 integra
1503 2671 1786 2730 tueantur,
1819 2674 1874 2719 et
1925 2665 1995 2719 ab
2043 2665 2194 2718 omni

2298 2685 2401 2732 vet,
2431 2667 2795 2738 ἀμελέστερον
2822 2667 2876 2720 δὲ
2911 2667 3177 2738 βιοῦντες,
3211 2668 3306 2720 καὶ
3329 2669 3460 2721 ποτὲ
3487 2669 3585 2739 μὲν
3614 2669 3766 2738 σφῶν
3799 2670 3894 2721 αύ-

616 2761 873 2816 hzeretica
929 2775 992 2812 ac
1041 2758 1331 2828 peregrina
1387 2757 1678 2826 disciplina
1725 2756 2080 2820 abhorreant,
2133 2770 2198 2810 ac

2298 2760 2407 2814 τῶν
2447 2758 2904 2830 ἐπιμελούμενοι,
2940 2760 3069 2813 ποτὲ
3115 2759 3171 2812 δὲ
3205 2761 3251 2790 "°
3290 2760 3452 2814 πάλιν
3495 2763 3575 2824 είς
3611 2760 3893 2832 ρᾳθυμίαν

617 2852 841 2923 segnius
894 2849 1114 2920 quidem
1146 2851 1417 2914 viventes,
1470 2851 1638 2903 modo
1687 2846 1946 2902 videntur
1983 2848 2198 2917 seipsos

2301 2851 2730 2920 κυλινδούμενοι,
2761 2851 2858 2904 καλ⁹
2893 2851 3026 2902 ποτὲ
3059 2851 3157 2920 μὲν
3202 2853 3630 2924 ἁμαρτάνοντες.
3668 2853 3804 2905 ποτὲ
3839 2851 3895 2904 δὲ

617 2961 838 3004 curare,
873 2943 1034 2996 modo
1069 2956 1270 2996 rursus
1301 2942 1366 2995 ad
1400 2941 1674 3011 ignaviam
1715 2940 1931 2995 redire:
1963 2956 2110 2994 nunc
2140 2954 2198 2993 se

2298 2944 2399 3014 τῆς
2454 2943 2740 3014 μετανοίας
2786 2943 3125 3013 πηγάζοντες
3157 2943 3388 3014 δάκρυα.
3431 2945 3666 3008 Τούτους
3693 2945 3724 2995 ὁ
3765 2961 3900 3013 νυμ-

616 3037 862 3106 peccatis
909 3036 1210 3097 involvere,
1248 3049 1396 3088 nunc
1435 3033 1769 3102 resipiscere
1797 3039 1852 3085 et
1886 3047 1983 3102 per
2023 3031 2198 3100 poeni-

2301 3035 2422 3104 φίος
2467 3033 2701 3088 ἐνταῦθα
2757 3033 3003 3096 νεάνιδας
3056 3036 3453 3105 προσαγορεύει
3496 3051 3508 3065 ·
3555 3036 3648 3088 καὶ
3701 3034 3899 3103 ἐπειδὴ

618 3129 844 3183 tentiam
875 3127 1036 3197 128
1080 3126 1352 3196 lacrymas
1381 3123 1634 3178 fundere.
1668 3123 1777 3178 llos
1818 3138 2058 3194 sponsus
2094 3123 2232 3205 hoe‘

2300 3125 2518 3188 πλείους
2550 3127 2597 3177 οἱ
2635 3124 2867 3177 τοιοῦτοι
2909 3124 3017 3176 τῶν
3057 3141 3115 3176 τε
3155 3123 3460 3193 βασιλίδων,
3501 3126 3594 3178 καὶ
3623 3125 3897 3178 παλλακί-

619 3219 739 3273 loco
770 3217 1009 3288 appellat
1037 3215 1587 3272 adulescentulas.Et
1616 3216 1879 3286 quoniam
1908 3215 2125 3285 reginas
2142 3223 2195 3269 et

2296 3216 2422 3279 δων,
2461 3214 2628 3284 φησί·
2667 3232 2683 3264 ι
2718 3215 2828 3267 Καὶ
2852 3214 3107 3277 νεάνιδες,
3139 3208 3214 3268 ὧν
3244 3217 3345 3268 οὐκ
3378 3214 3523 3268 ἐστιν
3575 3216 3834 3286 ἀριθμὸς,
3877 3235 3893 3266 ι

617 3310 958 3366 concubinas
993 3316 1258 3380 superant
1285 3306 1659 3373 multitudine,
1685 3308 1830 3371 ideo,
1864 3327 1883 3359 ι
1923 3307 1989 3360 Et
2009 3307 2194 3362 adole-

2297 3309 2358 3359 οὐ
2388 3307 2548 3376 μόνον
2576 3305 2663 3357 διὰ
2694 3305 2753 3356 τὸ
2785 3304 2986 3374 πλῆθος
3015 3306 3364 3377 ἀριθμεῖσθαι
3388 3307 3584 3371 αὐτοὺς
3614 3308 3712 3360 οὐκ
3752 3309 3899 3370 ἐστι,

617 3401 904 3463 scentulaz,
936 3400 1138 3469 inquit,
1169 3415 1404 3470 quarum
1430 3416 1541 3453 non
1567 3407 1652 3453 est
1683 3415 1968 3454 numerus.
2001 3419 2018 3450 ι
2054 3399 2198 3452 Ado-

2300 3400 2488 3470 φησιν,
2532 3397 2665 3451 ἀλλά
2695 3398 2789 3450 καὶ
2821 3398 2865 3428 ⁷⁸
2899 3398 2988 3451 διά
3019 3399 3079 3452 τὸ
3133 3397 3386 3462 ἀναξίους
3440 3397 3579 3452 εἶναι
3626 3399 3897 3469 ἀριθμοῦ.

621 3492 1069 3555 lescentularum,
1103 3492 1302 3559 inquit,
1336 3506 1447 3544 non
1491 3499 1576 3545 est
1609 3505 1896 3552 numerus,
1939 3507 2048 3544 non
2109 3505 2198 3545 so-

2301 3491 2422 3546 Τῶν
2449 3491 2559 3562 γὰρ
2585 3491 2753 3554 ἀξίων
2779 3492 2873 3544 καὶ
2890 3494 2945 3545 αἱ
2975 3493 3162 3562 τρίχες
3193 3492 3569 3564 ἠριθμημέναι
3604 3494 3710 3545 εἰσὶ
3744 3494 3906 3564 παρὰ

619 3585 730 3637 lum
766 3583 896 3652 quia
927 3597 1041 3652 prtc
1075 3581 1431 3636 multitudine
1476 3581 1756 3635 numerari
1784 3595 1892 3634 non
1941 3589 2194 3650 possunt,

2299 3584 2378 3654 τῷ
2411 3584 2584 3657 Πατρί
2607 3599 2618 3611 ·
2675 3583 2788 3636 ἀλλ’
2822 3585 2973 3654 ὅμως
3027 3585 3120 3637 καὶ
3152 3584 3379 3648 ταύταις
3432 3587 3459 3637 ό
3483 3584 3709 3654 νυμφίος
3748 3583 3903 3636 ἐστιν

618 3691 812 3732 verum
863 3671 1342 3744 etiam‘quoniam
1392 3673 1632 3741 indigna:
1683 3680 1812 3728 sunt
1854 3687 1975 3742 qute
2007 3686 2198 3726 nume-

2301 3678 2391 3730 ὅτε
2432 3674 2764 3742 συγγίνεται,
2799 3676 2899 3745 τῆς
2937 3675 3213 3746 ῥᾳθυμίας
3267 3674 3438 3738 αὑτὰς
3485 3674 3745 3742 ἀφέλκειν
3779 3673 3906 3742 βου-

619 3773 834 3821 rentur.
873 3763 1171 3834 Dignarum
1208 3764 1355 3817 enim
1391 3764 1552 3818 etiam
1587 3763 1773 3833 capilli
1805 3762 1949 3833 apud
1980 3762 2196 3818 Patrem

2302 3767 2548 3836 λόμενος,
2579 3767 2676 3818 καὶ
2705 3765 2956 3835 ποδηγῶν
2979 3768 3071 3820 ἐπὶ
3098 3767 3164 3820 τὰ
3187 3767 3387 3831 τέλεια,
3425 3769 3519 3820 καὶ
3549 3766 3908 3836 πανταχόθεν

620 3856 898 3911 numerati
929 3862 1058 3910 sunt
1084 3865 1128 3907 ι.
1160 3853 1267 3909 Sed
1292 3863 1471 3909 tamen
1503 3863 1556 3908 et
1583 3870 1708 3910 cum
1747 3855 1835 3909 his
1864 3853 2201 3925 quandoque

2301 3857 2493 3920 αὐταῖς
2553 3859 2653 3927 τὴν
2708 3858 2984 3928 σωτηρίαν
3031 3859 3576 3929 πραγματευόμενος.
3636 3859 3909 3927 Ζητήσω-

621 3947 994 4018 conjungitur,
1035 3955 1096 4001 ut
1139 3956 1194 4002 et
1223 3947 1290 4001 ab
1325 3948 1540 4017 ignavia
1573 3949 1697 4001 illas
1738 3954 2010 4011 amoveat,
2043 3955 2098 4000 et
2132 3945 2200 4000 ad

2307 3966 2406 4019 μεν
2427 3950 2470 3981 ⁷¹
2502 3949 2558 4001 δὲ
2588 3947 2639 4000 τί
2660 3949 2861 4020 δήποτε
2905 3948 3184 4018 βασιλίδας
3212 3949 3502 4021 ἑξήκοντα,
3528 3947 3823 4010 παλλακὰς
3849 3947 3909 3998 δὲ

620 4055 685 4095 ea
737 4054 858 4110 qua:
887 4036 1129 4108 perfecta
1185 4047 1315 4094 sunt
1347 4039 1534 4102 ducat,
1583 4047 1638 4094 et
1685 4039 1904 4093 illarum
1955 4037 2201 4108 undique

2303 4041 2634 4111 ὀγδοήκοντα
2665 4041 2790 4110 ἔφη.
2836 4041 2895 4093 '0
2917 4039 3181 4111 ἐξήκοντα
3211 4041 3441 4112 ἀριθμὸς
3469 4039 3528 4104 ἓξ
3568 4040 3680 4110 ἔχει
3731 4039 3912 4093 δεκάο

623 4133 852 4187 salutem
886 4131 1201 4201 conquirat.
1245 4129 1444 4186 Verum
1483 4147 1582 4186 cur
1621 4131 1840 4201 reginas
1888 4131 2198 4201 sexaginta,

2301 4131 2420 4194 δας,
2453 4133 2602 4202 καὶὴ
2641 4132 2739 4200 μὲν
2767 4130 2928 4195 δεκάς
2964 4131 3221 4202 σημαίνει
3253 4129 3352 4201 τὴν
3399 4129 3735 4200 τελειότητα,
3780 4130 3818 4199 ἠ
3851 4127 3910 4180 δὲ

620 4223 958 4277 concubinas
991 4231 1170 4276 autem
1204 4221 1486 4292 octoginta
1533 4223 1704 4284 dicat,
1754 4222 2197 4277 consideremus.

2303 4223 2429 4288 ὲξάς
2462 4225 2552 4276 τὸν
2579 4224 2677 4294 τῆς
2708 4222 3070 4293 κοσμοποιῒας
3121 4221 3353 4292 ἀριθμὸν
3383 4221 3664 4293 περιέχει·
3699 4222 3764 4273 ἐν
3793 4221 3914 4292 γὰρ

619 4311 889 4368 Numerus
941 4313 1335 4382 sexagenarius
1366 4311 1654 4368 denarium
1686 4327 1984 4367 numerum
2021 4312 2200 4367 sexies

2303 4314 2362 4378 ἒξ
2383 4314 2620 4386 ἡμέραις
2652 4316 2680 4366 ὁ
2713 4314 2820 4367 τῶν
2852 4314 2987 4368 ὅλων
3029 4315 3161 4378 Θεὸς
3188 4315 3286 4386 τὴν
3315 4315 3491 4368 κτίσιν
3523 4313 3916 4384 ἐδημιούργη-

619 4405 1025 4474 complectitur.
1079 4404 1350 4460 Denarius
1402 4413 1584 4459 autem
1643 4403 1853 4458 indicat
1904 4403 2202 4474 perfectio-

2306 4422 2396 4458 σεν
2425 4405 2660 4458 ἃπασαν.
2677 4406 2786 4468 Τὰς
2806 4405 2985 4459 τοίνυν
3012 4409 3069 4460 ὲν
3095 4406 3266 4477 τούτῳ
3281 4406 3358 4476 τῷ
3392 4407 3582 4476 κόσμῳ
3613 4406 3920 4458 τετελειω-

621 4510 767 4549 nem.
821 4493 1083 4548 Senarius
1129 4509 1264 4548 vero
1311 4493 1614 4548 creationis
1670 4493 1862 4547 mundi
1907 4499 2235 4549 numerum?

2309 4495 2476 4566 μένας
2501 4499 2557 4548 ὲν
2592 4497 2758 4566 ἀρετῇ
2786 4497 2983 4565 ψυχὰς,
3017 4499 3111 4550 καὶ
3139 4498 3236 4566 τῆς
3280 4497 3557 4566 βασιλείας
3595 4495 3920 4564 ἐπιθυμού-

621 4587 887 4640 continet.
937 4585 1042 4640 Sex
1092 4587 1238 4640 enim
1291 4586 1489 4641 diebus
1523 4600 1711 4640 rerum
1762 4585 2007 4638 omnium
2058 4583 2203 4638 Deus

2311 4603 2431 4651 σας,
2463 4587 2726 4659 ἐξήκοντα
2749 4587 3029 4657 βασιλίδας
3057 4590 3102 4620 ⁷³
3134 4589 3418 4659 ὠνόμασεν
3440 4607 3452 4620 ο
3491 4590 3522 4657 ἡ
3563 4589 3670 4658 γὰρ
3704 4588 3922 4659 νύμφη

621 4676 883 4730 mundum
914 4675 1166 4730 condidit
1195 4677 1533 4730 universum.
1559 4675 1920 4745 Quaecunque
1952 4675 2122 4744 igitur
2147 4675 2200 4728 in

2309 4678 2449 4748 ὑπὲρ
2472 4677 2561 4731 τὸν
2590 4678 2792 4748 κόσμον
2817 4679 3008 4732 τοῦτον
3040 4679 3417 4743 πολιτεύεται,
3443 4679 3537 4732 καὶ
3564 4678 3669 4744 ἔξω
3699 4679 3923 4732 τούτου

623 4769 725 4823 hoc
761 4769 963 4823 mundo
989 4770 1191 4823 virtute
1213 4767 1470 4839 perfecta:
1517 4775 1648 4823 sunt
1676 4770 1897 4834 animae,
1934 4769 2202 4839 regnique

2316 4768 2585 4838 τυγχάνει,
2613 4769 2702 4822 καὶ
2741 4769 2879 4840 ὑπὲρ
2901 4769 3091 4823 τοῦτον
3126 4769 3370 4830 ἴπταται,
3395 4770 3489 4821 καὶ
3517 4769 3611 4836 ὅλη
3637 4767 3733 4820 τοῦ
3769 4786 3843 4820 νυ
3857 4787 3930 4839 μ-

621 4861 848 4929 eupid:e,
878 4861 1160 4930 sexaginta
1192 4861 1412 4930 reginas
1431 4859 1758 4914 nominavit.
1803 4859 2018 4929 Sponsa
2053 4860 2198 4914 enim

2317 4861 2431 4929 φίου
2461 4858 2686 4928 γίνεται,
2704 4861 2798 4913 καὶ
2820 4855 3084 4930 διηνεκῶς
3110 4862 3319 4913 ἐκεῖνον
3344 4859 3673 4927 φαντάζεται
3690 4875 3703 4889 ·
3735 4852 3931 4913 αὗται

606 4953 880 5028 mundum
909 4953 1054 5006 hunc
1086 4952 1246 5022 regit,
1273 4960 1328 5006 et
1347 4959 1502 5006 extra
1537 4951 1720 5021 ipsum
1749 4953 1986 5016 exsistit,
2012 4961 2068 5008 et
2101 4969 2194 5007 su-

2321 4955 2361 5007 se
2391 4955 2447 5007 ὲν
2471 4952 2547 5023 τῷ
2579 4953 2770 5023 κόσμῳ
2799 4951 2972 5022 τούτῳ
3001 4951 3437 5021 πολιτευόμεναι,
3469 4951 3529 5002 τὸ
3560 4951 3775 5002 τέλειον
3813 4951 3896 5020 τῆ
3919 4959 3935 4985 '

619 5059 714 5111 pra
750 5044 902 5098 illum
941 5045 1106 5108 volat,
1133 5051 1188 5098 et
1227 5045 1419 5114 sponsi
1444 5041 1682 5098 edicitur
1730 5052 1866 5107 tota,
1893 5051 1948 5098 et
1997 5046 2064 5100 de
2101 5045 2194 5098 illo

2311 5045 2506 5115 ἀρετῆς
2530 5044 2606 5106 ὡς
2635 5043 2712 5096 ἔνι
2749 5043 2985 5112 μάλιστα
3009 5041 3246 5112 μετίασι,
3269 5042 3367 5111 τῆς
3409 5040 3684 5110 βασιλείας
3707 5046 3925 5110 τυχεῖν

617 5147 894 5202 nunquam
924 5147 1031 5184 non
1063 5132 1290 5201 cogitat.
1314 5130 1450 5201 Ipsa:
1474 5145 1605 5186 vero
1633 5129 1686 5184 in
1713 5131 1816 5186 hoc
1839 5133 2046 5187 mundo
2069 5149 2194 5188 ver-

2317 5136 2582 5206 ὲφιέμεναι
2609 5152 2622 5167 ο
2652 5137 2708 5188 αἱ
2731 5137 2786 5189 δὲ
2815 5135 2965 5206 φόϐῳ
2993 5135 3093 5206 τῆς
3115 5134 3348 5206 κρίσεως
3369 5131 3748 5202 ἐκπληροῦσαι
3781 5134 3931 5196 τοὺς

618 5231 832 5286 santur,
864 5231 920 5276 et
949 5221 1100 5291 regni
1151 5221 1362 5292 cupida:
1396 5222 1465 5276 ad
1515 5223 1746 5278 virtutis
1795 5223 2189 5293 perfectionem

2325 5228 2500 5298 νόμους
2529 5269 2543 5295 ,
2571 5227 2795 5290 εἰκότως
2834 5227 3168 5298 ὀγδοήκοντα
3211 5223 3769 5296 προσηγορεύθησαν.
3813 5225 3939 5276 Τὸν

707 5386 730 5417 τ
752 5375 912 5433 Rom.
941 5393 1061 5445 vui,
1089 5377 1179 5444 58,
1218 5377 1307 5433 39.
1351 5379 1398 5416 τ’
1426 5375 1446 5430 l
1472 5375 1602 5433 Cor.
1629 5393 1704 5444 rx,
1742 5377 1831 5434 22.
1876 5387 1898 5414 ³
1925 5379 2118 5433 Matth.
2153 5395 2207 5445 x,
2241 5381 2329 5436 50.

1935 5535 2166 5591 VARUE
2205 5534 2615 5592 LECTIONES.

689 5687 735 5765 ξ’
775 5689 900 5765 eici.
935 5687 1075 5765 Cod.
1103 5690 1172 5744 el.
1227 5691 1322 5765 _"_
1358 5692 1437 5765 ae.
1470 5692 1650 5765 Abest
1685 5707 1715 5747 τι
1753 5693 1878 5748 cod.
1969 5693 2014 5724 “
2043 5691 2155 5745 καί.
2194 5687 2318 5747 Des.
2363 5691 2417 5746 in
2456 5691 2580 5747 cod.
2673 5693 2720 5725 "
2749 5691 2871 5765 ζητ.
2902 5707 3092 5764 przem.
3129 5691 3244 5745 καί.
3328 5689 3555 5746 "Prior
3583 5687 3778 5746 editio
3819 5691 3945 5747 ha-

622 5758 779 5815 bebat
809 5759 1106 5829 βασιλείας,
1139 5761 1262 5817 eod.
1299 5762 1594 5833 βασιλίδας.
