4088 6422
317 291 398 354 173
1392 293 1474 353 ΙΝ
1507 290 1898 352 CANTlCUM
1927 286 2218 348 CANTIC.
2251 285 2396 344 LIB.
2436 284 2534 344 IV.

3436 327 3438 329 .
3535 270 3638 334 174

307 405 399 471 γὰρ
427 399 527 469 τῆς
561 400 826 469 κρίσεως
872 400 1093 472 καιρὸν
1120 401 1320 472 ὀγδόην
1349 404 1380 473 ἡ
1410 402 1530 456 θεία
1554 399 1951 474 προσαγορεύει

2076 413 2156 452 )I'O
2205 395 2415 451 viribus
2459 389 2821 448 contendunt.
2856 387 2924 441 At
2959 385 3084 450 illa,
3112 398 3233 455 qua
3257 381 3452 459 judicii
3488 391 3636 436 metu

309 495 339 544 Γ
341 494 500 562 ραφή.
533 491 596 545 '0
622 492 741 564 γὰρ
771 495 1087 563 μακάριος
1121 495 1316 561 Δαόὶδ,
1337 495 1403 548 τὰ
1438 495 1566 564 resp}.
1594 495 1694 565 τῆς
1717 493 1953 564 κρίσεως

302 590 350 638 ἐν
366 587 614 654 Ψαλμοῖς
628 586 838 656 διηγοῦ
847 605 1057 657 μενος,
1076 589 1367 660 ἐπέγραψε
1387 589 1484 659 μὲν
1498 589 1684 651 αὐτὸν,
1728 607 1747 638 ι
1779 586 1953 655 ’Υπὲρ

303 680 390 746 τῆς
407 679 658 749 ὀγδόης,ι
690 681 841 748 φησὶ
863 681 932 733 δὲ
961 683 1353 752 ἀρχόμενοςο‹
1375 681 1570 754 Κύριε,
1600 681 1674 752 μὴ
1701 682 1779 750 τῷ
1795 677 1954 749 θυμῷ

303 787 388 822 σου
418 770 646 841 ἐλέγξῃς
697 787 771 840 με
794 813 811 837 ,
854 772 1017 841 μηδὲ
1053 777 1127 844 τῇ
1184 774 1326 845 ὀργῇ
1354 790 1447 826 σου
1492 772 1795 843 παιδεύσῃς
1823 788 1945 840 με.»

303 862 403 914 Καὶ
429 860 720 929 μετ’ὀλίγα
746 877 762 890 ·
792 880 813 911 ‹
842 862 992 915 Ὅτι
1011 863 1125 917 οὐκ
1152 863 1304 918 ἐστιν
1328 867 1385 919 ὲν
1406 863 1486 935 τῷ
1514 863 1736 934 θανάτῳ
1756 865 1784 916 ὀ
1814 880 1956 934 μνη-

308 956 537 1027 μονεύων
567 973 687 1021 σου,
707 957 772 1008 ὲν
804 956 872 1009 δὲ
909 958 1006 1029 τῷ
1040 959 1154 1031 ᾅδῃ
1175 960 1264 1024 τίς
1290 958 1748 1032 ἐξομολογήσεταε
1785 975 1902 1023 σοι;
1929 977 1949 1010 ›

307 1047 556 1102 διδάσκων
593 1045 674 1110 ὡς
705 1050 770 1100 ὲν
797 1049 888 1119 τῷ
917 1051 1040 1122 τῆς
1073 1053 1321 1122 κρίσεως
1343 1051 1519 1123 καιρῷ
1545 1051 1774 1121 οὐδεμία
1802 1049 1957 1121 χώρα

200 1204 221 1227 ,
316 1139 587 1210 μετανοίας
619 1143 743 1203 τοῖς
783 1144 1188 1214 ἡμαρτηκόσι
1236 1144 1431 1214 καὶμὴ
1476 1144 1848 1212 μετεγνωκόσι
1871 1141 1956 1194 δο-

319 1232 536 1302 θήσεται.
574 1229 812 1304 Ἐπειδὴ
843 1233 1060 1288 τοίνυν
1100 1235 1635 1298 ταῦταδεδοικότες,
1652 1235 1766 1296 τοῖς
1791 1232 1954 1296 θείοις

321 1322 674 1392 ἠκολούθησαν
695 1325 934 1394 νόμοις,
966 1327 1079 1380 καὶ
1109 1325 1241 1380 οὔτε
1264 1327 1340 1396 τῷ
1361 1325 1507 1397 πόθῳ
1527 1329 1628 1396 τῆς
1656 1325 1952 1395 βασιλείας,

317 1415 426 1470 οὔτε
459 1414 532 1485 τῷ
559 1414 733 1486 ἔρωτι
764 1416 874 1470 τοῦ
922 1419 1192 1488 νυμφίου
1214 1458 1230 1481 ,
1255 1418 1480 1480 εἰκότως
1510 1417 1843 1488 ὀγδοήκοντα
1878 1415 1954 1469 εἷ-

320 1525 394 1560 ναι
415 1507 662 1573 λέγονται
687 1526 704 1538 ·
751 1509 784 1559 ὁ
822 1509 942 1579 μὲν
1001 1509 1130 1580 γὰρ
1167 1509 1317 1562 ὀκτὼ
1361 1508 1598 1581 ἀριθμὸς
1627 1509 1728 1580 τὴν
1764 1509 1958 1579 ὀγδόην

321 1601 594 1669 σημαίνει,
624 1600 660 1669 ἡ
695 1600 758 1652 δὲ
810 1600 1007 1666 δεκὰς
1042 1604 1155 1673 τὴν
1187 1602 1507 1673 τελειότητα
1541 1619 1554 1634 ο
1582 1601 1721 1656 ἀλλὰ
1754 1600 1959 1656 τούτων

322 1689 585 1760 κρείττονα
609 1689 767 1758 λέγει
802 1691 914 1762 τὴν
973 1692 1245 1762 νύμφην,
1280 1693 1378 1745 καὶ
1406 1692 1516 1746 τῶν
1549 1692 1835 1764 ἑξήκοντα,
1865 1691 1960 1745 καὶ

2064 489 2278 557 legibus
2314 487 2723 554 obtemperant,
2757 480 2959 536 merito
2998 477 3295 532 nominatae
3323 484 3449 530 sunt
3484 483 3642 528 octo-

2062 581 2232 650 ginta.
2270 577 2404 632 Nam
2433 578 2620 632 divina
2647 574 2936 644 Scriptura
2962 570 3158 641 ju'dicii
3191 579 3406 637 tempus
3455 568 3643 639 appel-

2062 672 2139 725 lat
2177 678 2448 724 octavam.
2495 669 2696 722 Beatus
2729 666 2877 721 enim
2933 662 3127 727 David,
3167 675 3294 714 cum
3325 673 3391 714 ea
3415 674 3538 729 qua
3572 657 3638 711 ad

2059 762 2334 833 judicium
2380 761 2659 831 pertinent
2685 764 3132 829 persequeretur,
3175 772 3192 803 ι
3222 750 3332 808 Pro
3363 759 3581 812 octava,
3619 768 3636 800 ι

2063 854 2339 924 psalmum
2395 849 2705 921 inscripsit,
2753 848 2916 918 cujus
2962 845 3189 917 quidem
3224 842 3423 914 psalmi
3483 839 3646 909 129

2063 944 2267 1000 initio:
2307 962 2325 995 ι
2367 942 2622 1008 Domine,
2664 939 2866 1010 inquit,
2896 953 2967 991 ne
2993 938 3050 990 in
3077 934 3263 990 furore
3301 941 3397 988 tuo
3447 945 3646 1002 arguas

2063 1053 2172 1103 me,
2207 1050 2389 1106 neque
2439 1034 2496 1088 in
2527 1033 2610 1088 ira
2651 1041 2746 1086 tua
2786 1029 3065 1100 corripias
3111 1043 3198 1083 me
3231 1029 3275 1081 ί.
3316 1044 3334 1077 ι
3371 1024 3440 1079 Et
3480 1023 3646 1095 paulo

2065 1140 2222 1202 pest:
2253 1148 2270 1182 ι
2309 1127 2583 1194 Quoniam
2619 1139 2731 1180 non
2770 1131 2855 1179 est
2881 1123 2936 1177 in
2970 1128 3149 1177 morte
3181 1119 3276 1189 qui
3333 1133 3547 1173 memor
3576 1117 3650 1172 sit

2064 1225 2182 1279 tui:
2219 1224 2276 1278 in
2327 1221 2547 1277 inferno
2587 1226 2772 1274 autem
2807 1217 2935 1288 quis
2979 1213 3336 1270 conﬁtebitur
3389 1210 3487 1264 tibi
3512 1209 3586 1262 αἳ
3625 1229 3642 1260 ι

2064 1315 2280 1381 Quibus
2328 1314 2557 1375 indicat,
2611 1309 2680 1364 iis
2727 1308 2820 1379 qui
2862 1313 3231 1379 peccaverunt
3275 1311 3329 1359 et
3359 1317 3470 1357 non
3509 1301 3649 1356 resi-

2067 1413 2326 1476 puerunt,
2360 1412 2606 1474 tempore
2629 1400 2828 1474 judicii
2858 1398 3071 1453 nullum
3101 1394 3440 1466 poenitentia
3469 1392 3648 1447 locum

2066 1498 2254 1553 datum
2288 1496 2376 1552 iri.
2407 1495 2545 1554 Cum
2576 1495 2746 1566 igitur
2785 1493 2901 1555 hac
2927 1489 3321 1551 formidantes,
3354 1499 3467 1540 non
3498 1485 3650 1554 regni

2067 1588 2364 1653 desiderio,
2403 1603 2583 1658 neque
2625 1584 2818 1656 sponsi
2877 1597 3065 1637 amore
3110 1586 3395 1652 permota,
3429 1576 3652 1641 divinas

2069 1683 2216 1754 leges
2263 1682 2703 1742 observaverint,
2761 1677 2964 1733 merito
3020 1673 3286 1728 dicuntur
3345 1669 3650 1739 octoginta.

323 1782 419 1834 τῶν
442 1783 771 1853 ὀγδοήκοντα
797 1802 812 1814 ·
861 1804 881 1835 ι
916 1786 1057 1838 Μία
1089 1787 1208 1854 γάρ
1234 1788 1349 1838 ἐστι
1382 1787 1684 1858 περιστερά
1721 1803 1844 1857 μου,
1879 1802 1968 1837 τε-

2076 1772 2348 1829 Numerus
2397 1773 2542 1828 enim
2575 1779 2809 1826 octavus
2865 1768 3017 1822 illam
3071 1774 3321 1820 octavam
3354 1760 3651 1832 signiﬁcat.

327 1875 430 1926 λεία
480 1892 610 1943 μου,
649 1894 667 1925 ι
705 1876 888 1929 πάλιν
932 1876 1140 1947 αὐτὴν
1179 1878 1225 1908 ⁷⁸
1263 1875 1641 1948 πνευματικὴν
1661 1875 1965 1946 ὀνομάζων,

333 1966 415 2019 καὶ
438 1966 573 2034 μίαν.
607 1966 792 2037 ’Υπὲρ
829 1968 957 2038 γὰρ
1000 1968 1113 2031 τὰς
1159 1969 1447 2038 ἐξήκοντα,
1491 1969 1588 2022 καὶ
1623 1968 1724 2031 τὰς
1775 1967 1971 2038 ὀγδοή-

333 2075 496 2122 κοντα,
527 2058 622 2128 μία
673 2059 803 2111 ἐστὶ
854 2061 934 2128 τῇ
1012 2060 1201 2128 μητρὶ
1249 2060 1420 2130 αὐτῆς
1447 2077 1461 2091 ·
1507 2059 1722 2132 μητέρα
1766 2059 1825 2112 δὲ
1855 2058 1969 2130 ἔχει

476 2150 619 2220 ἱερὰν
683 2150 1137 2221 κολυμϐήθραν
1168 2192 1184 2213 ,
1226 2152 1326 2221 τὴν
1399 2149 1512 2204 ἄνω
1586 2150 1967 2221 Ἰερουσαλήμ.

348 2259 365 2290 ι
401 2239 640 2308 Ἑκλεκτὴ
684 2240 743 2294 δέ
800 2243 943 2294 ἐστι
1003 2243 1080 2310 τῇ
1127 2239 1364 2311 τεκούσῃ
1414 2240 1604 2312 αὑτήν.
1644 2260 1663 2292 ι
1701 2241 1971 2294 Κάκεῖναι

357 2335 438 2401 μὲν
458 2333 552 2404 γὰρ
601 2335 657 2401 ἐξ
690 2334 887 2404 αὐτῆς
943 2334 1272 2405 ἐτέχθησαν
1315 2351 1327 2364 ο
1354 2338 1563 2406 ταύτην
1594 2336 1648 2390 δὲ
1681 2337 1745 2390 ὲκ
1780 2335 1974 2390 πασῶν

371 2430 689 2498 προτετίμηκε
709 2471 726 2493 ,
760 2431 878 2482 καὶ
922 2427 1216 2499 ὲκλεκτὴν
1245 2428 1358 2500 ἔχει
1387 2428 1666 2499 θυγατέρα
1685 2447 1698 2460 ’
1729 2428 1810 2482 διὸ
1846 2446 1866 2480 ‹
1893 2428 1972 2480 εῖ-

371 2518 511 2571 δοσαν
556 2521 699 2592 αῧτὴν
730 2521 1090 2592 θυγατέρες
1115 2562 1130 2584 ,
1166 2522 1261 2575 καὶ
1299 2521 1663 2591 μακαριοῦσιν
1710 2520 1882 2591 αὐτὴν
1907 2559 1922 2581 ,
1951 2538 1969 2571 ι

365 2613 575 2665 τουτέστι
626 2613 928 2676 νεάνιδες,
986 2614 1058 2664 οὑ
1125 2613 1286 2682 μόνον
1331 2612 1387 2665 δὲ
1429 2614 1666 2674 ἐκεῖναι,
1705 2611 1841 2665 ἀλλὰ
1883 2613 1976 2666 καὶ

359 2702 628 2768 βασίλισσαι
683 2706 790 2759 καὶ
842 2704 1158 2758 παλλακαὶ
1200 2704 1507 2757 αἰνέσουσιν
1547 2705 1739 2776 αὑτήν.
1773 2704 1976 2774 ’Υπερ-

345 2795 630 2867 αναεέὁηκε
650 2798 774 2870 γὰρ
813 2797 1042 2858 αὐτὰς,
1079 2795 1155 2858 ὡς
1198 2794 1322 2848 οὔτε
1354 2795 1442 2849 διὰ
1477 2795 1687 2865 μισθὸν,
1722 2793 1845 2848 οὔτε
1889 2795 1978 2847 διὰ

342 2887 493 2953 φόδον
518 2888 844 2953 κολάσεως,
885 2888 1042 2941 ἀλλὰ
1068 2887 1159 2940 διὰ
1181 2887 1275 2941 τὸν
1303 2886 1396 2939 τοῦ
1423 2887 1658 2958 νυμφίου
1691 2887 1854 2940 πόθον
1880 2886 1980 2958 τὴν

340 2977 502 3048 ἄκραν
533 2979 824 3048 μετιοῦσα
863 2977 1236 3048 φιλοσοφίαν.
1280 2977 1493 3031 Γένοιτο
1522 2978 1580 3030 δὲ
1621 2980 1770 3049 ἡμᾶς
1795 2981 1842 3011 ⁷⁵
1875 2979 1981 3031 ὑπὸ

337 3069 430 3136 τῆς
453 3070 599 3133 θείας
639 3070 1108 3141 βοηθουμένους
1153 3069 1378 3138 χάριτος
1416 3067 1622 3138 φθάσαι
1649 3070 1729 3132 εἰς
1752 3069 1849 3140 τὴν
1883 3070 1981 3140 τῆς

2071 1867 2324 1922 decimus
2356 1874 2541 1921 autem
2577 1863 2994 1934 perfectionem.
3045 1857 3316 1927 Sponsam
3375 1855 3546 1925 igitur
3601 1861 3656 1907 et

2072 1959 2358 2030 sexaginta
2403 1967 2457 2013 et
2499 1955 2778 2026 octoginta
2817 1953 2952 2008 dicit
3005 1966 3132 2007 esse
3185 1945 3651 2019 praestantiorem.

2079 2070 2097 2102 ι
2140 2050 2260 2106 Una
2294 2052 2462 2116 enim,
2495 2050 2699 2119 inquit,
2732 2045 2988 2103 columba
3017 2058 3160 2110 mea,
3196 2039 3438 2112 perfecta
3472 2052 3651 2098 mea,»

2072 2159 2272 2198 rursus
2326 2156 2448 2196 eam
2479 2139 2773 2194 nominans
2803 2134 3175 2207 spiritualem,
3204 2141 3372 2200 atque
3411 2129 3654 2183 unicam.

2075 2233 2210 2289 Nam
2245 2233 2530 2302 sexaginta
2574 2240 2630 2285 et
2676 2229 2960 2299 octaginta
2993 2225 3120 2280 aliis
3169 2223 3381 2294 gratior
3411 2228 3497 2276 est
3549 2233 3658 2272 una

2077 2323 2240 2378 matri
2269 2337 2402 2377 suae.
2429 2320 2658 2376 Matrem
2697 2325 2881 2373 autem
2908 2315 3074 2369 habet
3105 2326 3320 2369 sacram
3360 2309 3658 2380 piscinam,

2079 2414 2426 2486 superiorem
2466 2412 2616 2467 illam
2659 2408 3116 2480 Hierosolymam.
3162 2423 3180 2458 ς
3227 2404 3418 2459 Electa
3473 2409 3660 2455 autem

2078 2520 2164 2564 est
2192 2506 2449 2578 genitrici
2473 2520 2609 2570 sua,
2650 2523 2668 2555 ι
2706 2517 2847 2574 qua,
2876 2499 3130 2572 quamvis
3165 2496 3288 2551 illas
3319 2508 3539 2565 queque
3564 2506 3660 2564 ge-

2080 2601 2290 2663 nuerit,
2331 2599 2478 2653 hanc
2529 2605 2713 2651 tamen
2770 2594 3032 2649 omnibus
3081 2589 3348 2662 pratulit,
3392 2595 3448 2643 et
3493 2586 3662 2641 filiam

2080 2693 2314 2748 electam
2354 2691 2540 2744 habet.
2579 2687 2768 2756 Itaque
2805 2705 2822 2736 ι
2847 2686 3105 2740 viderunt
3128 2697 3248 2738 eam
3281 2680 3424 2744 ﬁlia,
3451 2685 3507 2733 et
3531 2680 3663 2732 bea-

2084 2793 2196 2839 tam
2252 2782 2638 2854 pradicabunt
2668 2794 2826 2843 eam;
2859 2796 2877 2828 ›
2931 2777 3036 2830 hoc
3075 2769 3664 2840 est,‘adolesceutula,

2085 2893 2188 2934 nec
2216 2878 2395 2934 solum
2422 2872 2868 2935 adolescentula,
2890 2869 2985 2926 sed
3019 2868 3186 2923 etiam
3221 2865 3422 2937 regina
3449 2871 3504 2918 et
3535 2877 3669 2917 con-

2085 2970 2302 3025 cubina
2353 2984 2474 3024 eam
2542 2965 2800 3020 laudibus
2852 2959 3340 3018 concelebrabunt.
3397 2955 3670 3012 Omnibus

2087 3063 2234 3117 enim
2266 3062 2386 3130 ipsa
2428 3057 2682 3130 prastitit
2716 3075 2729 3110 :
2763 3057 2967 3127 quippe
3014 3068 3138 3125 qua
3171 3065 3273 3106 nec
3304 3064 3403 3119 spe
3435 3045 3668 3117 pramii,

338 3161 546 3232 νύμφης
600 3163 1001 3231 τελειότηταῑ
1045 3163 1111 3214 Ei
1156 3161 1214 3214 δὲ
1251 3161 1651 3232 ἀτονήσαιμεν,
1684 3161 1794 3213 τῶν
1853 3161 1969 3230 γοῦη

2090 3169 2192 3209 nec
2219 3161 2368 3208 metu
2419 3151 2698 3221 supplicii,
2735 3148 2831 3206 sed
2873 3146 3063 3217 sponsi
3108 3141 3388 3199 desiderio
3417 3139 3485 3193 ad
3515 3152 3671 3192 sum-

339 3253 620 3322 βασιλίδων
654 3255 955 3323 γενέσθαι
984 3270 998 3282 ο
1030 3254 1079 3305 εἰ
1109 3252 1167 3305 δὲ
1198 3252 1296 3305 καὶ⁸
1328 3251 1534 3305 τούτων
1561 3252 1986 3323 διαμάρτοιμεν,

342 3345 412 3415 μὴ
445 3348 645 3419 πόρρω
704 3346 999 3415 γενέσθαι
1029 3346 1076 3375 ⁷⁸
1109 3344 1222 3398 τῶν
1267 3344 1617 3398 παλλακίδων
1656 3361 1668 3373 °
1697 3345 1746 3397 εξ
1802 3344 1860 3396 δὲ
1895 3345 1990 3397 καὶ

336 3438 538 3491 τούτων
567 3438 811 3504 ἀνάξιοι
857 3437 1200 3506 φανείημεν,
1221 3437 1347 3498 ταῖς
1376 3451 1441 3503 γε
1473 3434 1715 3487 νεάνισιν
1751 3435 1990 3501 ἐγκατασ-

336 3528 584 3599 λεγῆναι,
626 3530 741 3582 καὶ
773 3530 884 3599 τῆς
920 3527 1217 3589 εὐσεϐείας
1251 3527 1351 3596 τὴν
1374 3525 1668 3596 ὁμολογίαν
1712 3511 1990 3593 ἀνέπαφον

338 3622 711 3690 διαοξυλάξαι,
759 3622 868 3673 καὶ
929 3619 1006 3690 μὴ
1049 3618 1332 3681 παντελῶς
1378 3617 1711 3690 στερηθῆναι
1747 3619 1847 3687 τῆς
1889 3615 1987 3669 τοῦ

342 3715 579 3782 νυμφίου
615 3712 964 3774 κοινωνίας,
986 3711 1102 3764 ἀλλ’
1141 3707 1448 3764 ἀπολαῦσαι
1472 3709 1640 3763 αὑτοῦ
1667 3709 1763 3780 τῆς
1794 3707 1990 3779 ὡραιό-

337 3821 498 3872 τητος
525 3806 739 3875 χάριτι
773 3801 954 3856 αὑτοῦ
1001 3817 1018 3832 ⁶
1052 3802 1135 3854 ὅτι
1168 3801 1376 3874 αὐτῷή
1412 3800 1540 3866 δόξα
1578 3803 1658 3864 εἰς
1695 3801 1823 3864 τοὺς
1853 3798 1986 3852 αἰῶ-

340 3913 432 3957 νας
466 3896 592 3948 τῶν
627 3895 888 3947 αἰώνων.
931 3893 1132 3964 Ἀμήν.

2092 3263 2241 3302 mum
2284 3246 2339 3298 in
2381 3246 2667 3314 sapientia
2701 3241 2888 3298 studio
2924 3237 3206 3308 fastigium
3247 3230 3532 3303 aspirarit.
3578 3230 3674 3282 At-

2091 3353 2199 3409 que
2251 3337 2461 3392 utinam
2513 3351 2616 3391 uos
2658 3349 2881 3405 quoque
2933 3330 3118 3385 divina
3163 3326 3338 3398 gratia
3377 3321 3552 3392 adjuti
3605 3319 3673 3373 ad
3739 3314 3742 3317 ’

2093 3446 2309 3500 sponsa
2346 3427 2745 3498 perfectionem
2792 3420 3220 3497 perveniamus!
3258 3416 3415 3484 Quod
3452 3415 3498 3470 si
3535 3428 3674 3468 cou-

2093 3521 2250 3590 scqui
2281 3535 2393 3576 non
2425 3517 2796 3589 potuerimus,
2841 3516 2988 3570 inter
3013 3513 3230 3583 reginas
3263 3509 3459 3564 saltem
3490 3519 3678 3559 nume-

2099 3629 2305 3670 remur.
2350 3613 2421 3665 At
2463 3612 2508 3666 si
2542 3626 2608 3666 ex
2637 3611 2832 3663 barum
2869 3621 3091 3677 quoque
3125 3617 3355 3658 numero
3383 3614 3492 3653 non
3526 3611 3679 3653 esse-

2097 3721 2246 3767 mus,
2275 3702 2420 3757 baud
2447 3701 2636 3772 procul
2681 3707 2836 3755 certe
2867 3713 2896 3752 a
2927 3694 3252 3753 concubinis
3283 3691 3443 3762 130
3479 3689 3677 3744 remoti

2099 3798 2293 3852 simus.
2317 3793 2375 3849 Si
2407 3794 2510 3849 hoc
2539 3795 2700 3848 etiam
2726 3790 2900 3862 gradu
2927 3789 3194 3846 fuerimus
3217 3783 3452 3855 indigni,
3483 3781 3679 3837 saltem

2101 3903 2332 3944 numero
2379 3885 2921 3970 adolescentularum
2971 3880 3340 3940 ascribamur,
3373 3885 3682 3945 puramque

342 3988 590 4057 pietatis
618 3988 1052 4058 professionem
1088 4001 1508 4052 conservemus,
1538 4003 1717 4056 neque
1783 3987 2017 4042 omnino
2055 3985 2248 4057 sponsi
2315 3965 2597 4053 privemur
2648 3979 2945 4042 societate,
3002 3975 3097 4030 sed
3153 3987 3248 4042 per
3277 3967 3398 4038 ejus
3445 3965 3678 4036 gratiam

341 4078 537 4148 ipsius
570 4077 1015 4150 pulchritudine
1051 4075 1424 4147 perfruamur,
1461 4079 1726 4147 quoniam
1757 4075 1864 4146 ipsi
1911 4085 1995 4132 est
2027 4075 2199 4146 gloria
2231 4074 2286 4127 in
2322 4073 2522 4128 saecula
2549 4070 2902 4126 saculorum.
2931 4066 3124 4119 Amen.

383 4247 404 4280 τ
439 4241 614 4297 Psal.
650 4256 734 4304 γι,
763 4238 825 4292 2.
925 4247 952 4275 ιι
983 4235 1124 4292 Ibid.
1167 4237 1225 4290 6.

1719 4386 1952 4443 VARUE
1992 4383 2398 4440 LECTIONES.

449 4493 474 4520 ⁸
503 4485 1109 4559 περιστερὰ-αυτην.
1148 4485 1272 4537 Des.
1301 4498 1355 4536 In
1385 4481 1512 4536 cod.

370 4690 448 4706 ..-

1623 4482 1668 4512 ⁷⁵
1703 4483 1873 4551 ἡμᾶς.
1910 4479 2046 4535 Cod.
2089 4479 2181 4531 καὶ
2209 4478 2371 4546 ὑμᾶς.

2447 4476 2492 4507 ⁷⁸
2515 4473 2906 4542 κεί-γενέσθαι.
2947 4472 3068 4526 Des.
3097 4472 3148 4526 in
3172 4471 3295 4527 cod.

457 4675 2644 4702 Μ

1453 4835 1889 4922 ΛΟΓΟΣ
1962 4833 2688 4919 ΤΕΤΑΡΤΟΣ.

2005 5038 2080 5054 —

1538 5189 1889 5276 LIBER
1934 5187 2540 5291 QUARTUS.

2014 5416 2088 5428 ι...

457 5552 836 5613 Πιστεύοντες
861 5547 940 5618 τῷ
978 5546 1244 5619 εἰρηκότι·
1287 5565 1306 5594 ‹
1341 5546 1550 5599 Αἰτεῖτε
1585 5544 1676 5597 καὶ
1711 5543 1998 5614 δοθήσεται
2037 5540 2081 5594 D
2178 5541 2364 5598 Fidem
2396 5539 2716 5597 adhibentes
2765 5538 2842 5594 illi
2875 5536 2966 5609 qui
3006 5534 3148 5592 dixit
3177 5553 3190 5590 :
3229 5549 3248 5583 ι
3299 5529 3473 5586 Petite
3506 5539 3560 5582 et
3592 5525 3694 5582 da-

395 5651 550 5720 ὐμῖν,
585 5646 803 5716 ζητεῖτε
842 5641 938 5694 καὶ
961 5635 1498 5708 εὑρήσετεικρούετε
1525 5635 1619 5688 καὶ
1651 5635 2000 5706 ἀνοιγήσεται

397 5740 562 5810 ὑμῖν·
594 5737 706 5797 πᾶς
728 5732 840 5804 γὰρ
862 5733 890 5783 ὀ
922 5729 1092 5783 αἰτῶν
1123 5727 1410 5799 λαμϐάνει,
1454 5727 1545 5781 καὶ
1575 5727 1604 5779 ὀ
1634 5722 1813 5796 ζητῶν
1847 5724 2000 5795 εὑρί-

2113 5634 2262 5690 bitur
2287 5633 2463 5698 vobis,
2496 5632 2724 5703 quarite
2749 5625 2806 5686 et
2852 5627 3166 5691 invenietis,
3211 5617 3425 5695 pulsate
3469 5627 3525 5674 et
3558 5633 3692 5690 ape-

2113 5725 2282 5779 rietur
2307 5722 2462 5778 vobis
2491 5741 2504 5777 :
2537 5721 2716 5776 omnis
2748 5719 2892 5776 enim
2925 5717 3018 5789 qui
3047 5714 3182 5786 petit
3237 5709 3456 5780 accipit,
3492 5717 3546 5764 et
3597 5707 3691 5779 qui
