4088 6422
515 281 610 344 175

1479 276 1968 336 THEODORETI
2003 275 2344 336 EPISCOPI
2369 275 2737 336 CYRENSIS

3667 273 3762 338 176

506 384 700 456 quarit
737 385 966 446 invenit.
1002 389 1055 437 et
1087 381 1328 452 pulsanti
1369 381 1730 452 aperietnr',
1772 399 1789 432 ι
1842 383 1895 435 in
1948 395 2068 450 pra:-

2189 398 2331 446 σκει,
2364 385 2455 436 καὶ
2488 384 2565 454 τῷ
2611 383 2860 452 κρούοντι
2899 382 3281 452 ἀνοιγήσεται·
3335 401 3352 432 ι
3401 383 3757 452 αίτήσομεντ-

507 478 685 534 sentia
738 486 1009 546 petemus,
1049 485 1110 529 ut
1173 473 1332 528 nobis
1390 472 1600 541 reliqua
1637 473 1803 526 verba
1865 471 2083 525 Cantici

505 569 850 623 eanticorum
876 565 1157 637 pateﬁant,
1183 575 1238 620 et
1261 563 1498 635 supplici
1527 579 1659 619 voce
1685 565 2082 619 clamabimus:

508 679 526 712 ε
558 659 719 730 Aperi
739 658 930 713 oculos
955 664 1196 722 nostros,
1221 665 1274 710 et
1306 654 1780 709 considerabimus
1811 654 2083 709 mirabilia

502 753 573 809 de
622 752 738 822 lege
788 759 882 805 tua
916 761 963 802 ι.
1007 767 1024 800 ι
1085 745 1220 800 Nam
1268 748 1386 816 ipse
1441 745 1536 800 dat
1569 747 1796 801 verbum
1844 761 2080 818 evange-

504 842 801 898 lizantibus
829 843 1033 895 virtute
1063 838 1237 892 multa
1259 846 1310 892 γ.
1331 837 1502 902 Idem,
1540 855 1560 888 ι
1583 838 1777 902 Dilata,
1796 840 1995 910 inquit,
2018 853 2084 894 os

499 948 676 1002 tuum,
697 945 753 991 et
782 934 1022 1003 implebo
1046 933 1181 989 illud
1209 943 1253 986 ι.
1287 952 1306 984 ι
1339 931 1653 998 Quinetiam
1683 933 1748 985 ad
1782 933 2080 986 multorum

495 1029 840 1086 commodum
917 1026 1158 1098 indignis
1229 1041 1372 1096 saepe
1431 1029 1666 1093 gratiam
1745 1026 2076 1094 impertitur.

494 1121 861 1188 Quamobrem
917 1134 1222 1192 speramus,
1256 1135 1381 1174 eum
1433 1119 1595 1173 nobis
1659 1132 1880 1188 quoque
1933 1133 2080 1172 nunc

492 1214 686 1268 littera:
735 1211 1167 1283 profunditatem
1225 1211 1440 1280 planam
1491 1208 1902 1279 dilucitlamque
1955 1225 2080 1265 esse

492 1304 809 1360 facturum:
866 1319 975 1357 non
1007 1300 1153 1370 quod
1183 1315 1248 1355 eo
1278 1315 1509 1355 munere
1549 1315 1651 1355 nos
1683 1301 1857 1355 simus
1903 1299 2077 1370 digni,

491 1395 585 1450 sed
651 1400 878 1466 propter
927 1407 1159 1450 eorum.
1214 1391 1309 1462 qui
1368 1392 1879 1461 interpretationem
1935 1392 2080 1446 hanc

493 1489 668 1557 legent
707 1485 790 1539 vel
838 1483 1088 1544 audient,
1152 1482 1468 1536 utilitatem.
1511 1481 1624 1536 l-lac
1657 1484 1824 1553 igitur
1875 1482 2076 1536 ﬁducia

493 1579 636 1642 freti,
664 1577 730 1631 ad
762 1576 814 1631 id
846 1573 990 1647 quod
1022 1575 1294 1644 reliquum
1331 1582 1415 1626 est
1469 1574 1860 1644 explicandum
1897 1573 2073 1628 conli-

489 1671 686 1724 denter
719 1669 1069 1723 accedamus.

2192 476 2283 528 ἐπὶ
2299 477 2390 529 τοῦ
2417 477 2682 547 παρόντος
2703 477 2810 528 τῶν
2829 476 3134 529 ὑπολοίπων
3153 476 3413 547 ῥημάτων
3436 475 3529 528 τοῦ
3551 477 3762 548 ⁸ᾼσμα-

2188 585 2278 630 τος
2307 569 2414 621 τῶν
2445 570 2704 639 ᾀσμάτων
2747 572 2844 640 τὴν
2885 571 3206 639 σαφήνειαν,
3253 571 3346 620 καὶ
3389 569 3655 639 βοήσομεν
3680 570 3754 623 λέ-

2187 676 2394 728 γοντες·
2442 679 2460 709 ι
2503 659 2874 730 Ἀποκάλυψον
2929 661 3053 722 τοὺς
3100 658 3414 728 ὀφθαλμοὺς
3455 659 3633 729 ἡμῶν,
3672 661 3753 715 καί

2185 755 2598 824 κατανοήσομεν
2628 753 2693 806 τὰ
2731 752 3011 823 θαυμάσια
3039 768 3128 804 σου
3161 751 3227 802 ἐκ
3256 751 3349 802 τοῦ
3387 750 3553 820 νόμου
3586 767 3676 803 σου
3700 769 3712 782 ·
3739 771 3753 803 ι

2186 844 2350 906 αὐτὸς
2379 843 2487 915 γὰρ
2515 843 2698 896 δίδωσι
2731 844 2885 914 ῥῆμα
2910 845 3022 905 τοῖς
3064 842 3568 911 εὐαγγελιζομένοις
3611 842 3765 895 δυνά-

2186 949 2277 1002 μει
2310 932 2501 1004 πολλῇ.
2546 933 2716 996 Αὐτὸς
2760 931 2882 985 εἷπε
2913 950 2924 962 ·
2958 953 2975 983 ι
3010 932 3285 985 Πλάτυνον
3317 930 3378 982 τὸ
3426 932 3602 1000 στόμα
3647 948 3762 995 σου,

2183 1027 2278 1080 καὶ
2318 1025 2596 1097 πληρώσω
2637 1025 2789 1080 αὐτό.
2831 1045 2848 1076 ι
2887 1025 3227 1078 Μεταδίδωσι
3274 1023 3332 1076 δὲ
3380 1024 3473 1078 καὶ
3517 1027 3628 1086 τοῖς
3667 1028 3766 1078 ob):

2182 1117 2355 1182 ἀξίοις
2409 1118 2668 1182 πολλάκις
2717 1119 2816 1188 τῆς
2870 1119 3093 1189 χάριτος
3137 1118 3227 1170 διὰ
3273 1117 3372 1188 τὴν
3401 1117 3511 1170 τῶν
3554 1117 3766 1170 πολλῶν

2182 1210 2468 1279 ὠφέλειαν.
2522 1211 2847 1282 Θαρῤοῦμεν
2883 1209 3066 1262 τοίνυν
3112 1209 3188 1272 ὼς
3235 1209 3330 1262 καὶ¹
3363 1210 3495 1279 ήμίν
3533 1210 3627 1261 ἐπὶ
3669 1209 3764 1262 τοῦ

2181 1303 2450 1374 παρόντος
2482 1303 2644 1356 δώσει
2678 1302 2773 1356 τοῦ
2807 1304 2906 1372 τῆς
2948 1302 3146 1366 λέξεως
3183 1301 3380 1371 βάθους
3412 1302 3511 1372 τὴν
3549 1303 3766 1355 ἀποκά-

2180 1394 2358 1462 λυψιν,
2385 1395 2446 1446 οὐ
2467 1394 2557 1446 διὰ
2589 1392 2688 1464 τήν
2725 1393 3003 1464 ἡμετέραν
3043 1391 3220 1457 ἀξίαν,
3247 1392 3385 1446 ἀλλὰ
3411 1393 3498 1446 διὰ
3526 1392 3624 1464 τὴν
3652 1393 3764 1446 τῶν

2179 1483 2598 1554 ἐντευξομένων,
2644 1485 2677 1554 ἢ
2733 1485 3114 1555 ἀκουσομένων
3145 1486 3243 1554 τῆς
3275 1485 3574 1555 ἑρμηνείας
3619 1485 3766 1552 ὠφέ-

2178 1576 2360 1629 λειαν·
2389 1579 2526 1646 φέρε
2553 1576 2734 1628 τοίνυν
2765 1576 2876 1629 τῶν
2904 1577 3212 1631 ὑπολοίπων
3235 1577 3557 1648 θαρσαλέως
3590 1595 3764 1631 κατα-

2175 1668 2559 1739 τολμήσωμεν.

560 1760 727 1815 Vens.
753 1761 806 1815 9.
842 1759 973 1824 Qua:
1001 1769 1078 1814 est
1105 1761 1231 1822 ista,
1266 1775 1383 1828 qua:
1408 1759 1646 1824 respicit,
1670 1760 1825 1830 quasi
1847 1775 2067 1824 aurora,

2243 1761 2306 1814 θ’.
2343 1761 2435 1827 Τίς
2456 1761 2608 1828 αὕτη
2626 1761 2662 1826 ἡ
2677 1761 3066 1814 ἐκκόπτουσα
3088 1760 3230 1812 ὡσεί
3253 1761 3482 1828 ὄρθρος,
3504 1760 3660 1827 κολὴ
3682 1761 3766 1825 ὡς

483 1852 704 1921 pulchra
745 1862 801 1904 ut
844 1852 992 1915 (una,
1031 1851 1199 1906 electa
1232 1861 1288 1903 ut
1328 1852 1432 1914 sol,
1471 1866 1636 1920 pavor
1673 1862 1731 1905 ut
1763 1854 2071 1909 ordinans?

486 1947 540 2000 in
569 1945 948 2016 superioribus
971 1958 1188 2014 sponsae
1228 1943 1380 2014 131
1413 1944 1880 2014 pulchritudinem
1906 1960 2070 2015 spon-

485 2055 580 2096 sus
609 2039 861 2093 oratione
887 2037 1204 2107 descripsit.
1246 2035 1314 2090 Et
1348 2047 1463 2092 tum
1499 2037 1714 2108 singula
1747 2036 1867 2107 ejus
1894 2053 2070 2092 mem-

483 2132 581 2184 bra
612 2129 844 2185 scorsim
876 2128 1303 2193 commendavit,
1335 2137 1452 2183 tum
1481 2143 1834 2184 communem
1872 2143 2070 2185 rursus

483 2215 1179 2282 adhibuit‘laudationem,
1211 2236 1318 2292 qua
1351 2223 1515 2277 etiam
1567 2221 1737 2277 veluti
1772 2221 2066 2277 artiﬁciosa

485 2328 618 2368 usus
663 2323 749 2368 est
805 2312 1244 2382 comparatione.
1297 2313 1391 2366 Sic
1421 2327 1681 2384 sponsam
1714 2328 1842 2367 cum
1879 2313 2068 2368 adole-

481 2407 772 2471 scentulis,
835 2413 887 2460 et
940 2405 1286 2469 concubinis,
1327 2405 1645 2476 reginisque
1702 2407 1954 2471 contulit,
2009 2413 2065 2458 ut

482 2498 632 2550 illam
695 2493 884 2550 multis
936 2495 1186 2564 partibus
1246 2495 1577 2550 anterellere
1638 2494 2062 2550 demonstraret.

481 2587 657 2642 Tanta
682 2586 851 2651 enim,
879 2585 1080 2655 inquit,
1109 2593 1194 2640 est
1224 2585 1414 2640 fortnze
1461 2586 1583 2654 ejus
1631 2587 1975 2654 prmstantia,
2009 2597 2068 2639 ut

480 2678 817 2733 contendere
855 2690 980 2730 cum
1028 2690 1091 2729 ea
1143 2691 1335 2728 omnes
1377 2683 1724 2740 recusarent,
1789 2691 1847 2728 se
1896 2673 2067 2730 victas

480 2769 904 2832 conﬁterentur,
941 2765 1228 2836 ipsamque
1271 2766 1506 2830 beatam,
1551 2765 1661 2819 imo
1706 2779 1836 2819 vero
1863 2765 2066 2820 beatis-

479 2863 675 2916 simam
705 2859 1089 2930 praedicarent.
1117 2856 1216 2912 llic
1237 2866 1418 2912 autem
1449 2858 1641 2927 sponsi
1666 2856 2065 2921 ministri,cum

2172 1852 2428 1919 σελήνη.
2453 1852 2709 1918 ἐκλεκτίή
2725 1853 2858 1917 ⁷⁸ὠς
2880 1855 2912 1905 ό
2927 1852 3122 1918 ἣλιος,
3149 1850 3370 1920 θάμϐος
3387 1851 3466 1916 ὡς
3487 1849 3767 1920 τεταγμέ-

2172 1961 2266 1997 ναι
2287 1964 2297 2006 ;
2340 1945 2426 1998 Ἑν
2450 1946 2548 2014 μὲν
2568 1941 2663 1998 οὖν
2683 1949 2794 2008 τοῖς
2819 1945 2926 2015 πρὸ
2953 1944 3142 1998 τούτου
3165 1947 3347 2014 ῥητοῖς
3364 1946 3392 1997 ό
3413 1943 3640 2014 νυμφίος
3655 1946 3762 2013 τῆς

2170 2036 2388 2105 νύμφης
2399 2037 2460 2089 τὸ
2476 2035 2671 2099 κάλλος
2686 2036 2915 2106 τῷλόγῳ
2927 2034 3208 2105 διέγραψε,
3225 2035 3318 2086 καὶ
3333 2036 3501 2104 χωρὶς
3519 2034 3618 2103 μὲν
3633 2033 3763 2086 ἐκα-

2173 2145 2296 2180 στον
2325 2129 2616 2199 εὐφήμησε
2647 2127 2828 2197 μέλος,
2853 2126 3038 2197 κοινὴν
3059 2127 3115 2179 δὲ
3142 2125 3303 2178 πάλιν
3336 2126 3435 2195 τὴν
3475 2125 3766 2194 εὐφημίαν

2171 2223 2534 2292 προσήνεγκε,
2556 2220 2649 2273 καὶ
2665 2218 2740 2282 ὼς
2768 2219 3044 2288 ἐγκωμίου
3066 2217 3206 2271 κατὰ
3227 2217 3423 2286 τέχνην
3451 2233 3768 2285 συγγραφο-

2173 2313 2357 2384 μένου,
2376 2314 2470 2366 καὶ
2495 2312 2592 2383 τὴν
2612 2312 2898 2384 σύγκρισιν
2923 2309 3242 2382 ἐποιήσατο,
3262 2309 3641 2380 παρεξετάσας
3656 2309 3766 2380 τὴν

2169 2406 2412 2476 νύμφην,
2429 2404 2525 2458 καὶ
2540 2404 2902 2468 ταῖςνεάνισι,
2925 2404 3021 2456 καὶ
3043 2405 3163 2464 ταῖς
3189 2401 3504 2464 παλλακίσι,
3525 2401 3617 2454 καὶ
3633 2403 3765 2463 ταῖς

2171 2493 2431 2564 βασιλίσι,
2456 2496 2550 2548 καὶ
2565 2493 2747 2564 πολλῷ
2765 2494 2842 2562 τῷ
2863 2494 3045 2565 μέτρῳ
3066 2493 3350 2564 κρείττονα
3372 2492 3439 2545 τ’.
3475 2492 3764 2560 Τοσαύτην

2168 2585 2276 2656 γὰρ
2323 2585 2494 2654 αὐτὴν
2544 2583 2646 2653 ἔφη
2683 2584 2783 2653 τὴν
2843 2584 3152 2654 εὐμορφίαν
3201 2582 3370 2651 ἔχειν,
3417 2582 3493 2644 ὼς
3537 2582 3632 2634 καὶ
3661 2581 3764 2634 ὐπ’

2168 2673 2348 2726 αὐτῶν
2376 2673 2600 2726 ἐκείνων
2631 2673 2740 2726 τῶν
2775 2672 3284 2742 παρεξετασθεισῶν
3322 2673 3396 2742 μὴ
3427 2670 3764 2742 ζηλοτυπεῖ-

2171 2763 2330 2818 σθαι·
2362 2762 2724 2834 όμολογοῦσαι
2756 2765 2867 2834 γὰρ
2907 2765 3008 2835 τὴν
3047 2761 3237 2835 ἧτταν,
3275 2763 3552 2834 μακαρίαν
3587 2763 3768 2833 αὐτὴν

2169 2855 2265 2908 καὶ
2295 2856 2706 2927 τρισμακαρίαν
2751 2856 3154 2910 ἀποκαλοῦσιν·
3200 2855 3434 2910 ἐνταῦθα
3479 2855 3536 2908 δὲ
3579 2857 3628 2908 οί
3659 2855 3769 2909 τοῦ

479 2955 550 3008 ab
580 2967 648 3008 eo
675 2966 895 3021 sponsa:
920 2949 1409 3020 pulchritudinem,
1429 2956 1480 3004 et
1507 2954 1788 3013 ornatum,
1811 2957 1866 3004 et
1895 2948 2067 3004 decus

2173 2948 2406 3017 νυμφίου
2437 2947 2700 3011 διάκονοι,
2747 2948 3085 3018 διδαχθέντες
3127 2949 3259 3018 παρ’
3295 2947 3460 3000 αὐτοῦ
3490 2948 3588 3017 τῆς
3619 2946 3769 3018 νύμ-

479 3043 894 3114 cognovissent,
931 3039 1000 3095 ad
1029 3054 1151 3095 eam
1184 3039 1507 3096 accuratius
1531 3038 1889 3109 spectandam
1921 3039 2064 3093 inci-

2173 3055 2277 3108 φης
2297 3039 2397 3110 τὴν
2427 3041 2750 3113 εὐμορφίαν,
2779 3041 2880 3111 τὴν
2913 3039 3234 3111 εὐκοσμίαν,
3265 3041 3362 3111 τὴν
3392 3042 3766 3112 εὐπρέπειαν,

479 3089 691 3199 tantur,
729 3142 782 3189 et
821 3147 934 3204 prae
989 3131 1176 3203 gaudii
1226 3089 1610 3202 magnitudinre
1642 3130 1862 3200 (animae
1916 3130 2062 3185 enim

2178 3089 2198 3108 ῐ
2234 3089 2274 3108 IV
2311 3089 2388 3110 "l'
2430 3089 2750 3113 "r"rr""I
2792 3089 2874 3111 ’⁷1⁷
2918 3089 3180 3111 “*⁷’“⁷Ι”’““
3221 3089 3234 3102 ⁷
3277 3089 3353 3111 ’⁷1⁷
3395 3089 3765 3112 ’””θ’““’“’““’¹

2173 3131 2262 3183 καὶ
2292 3130 2683 3202 ἀκριϐέστερον
2717 3132 2888 3205 αὐτὴν
2936 3130 3281 3201 καταμαθεῖν
3326 3133 3765 3202 προτραπέντες,

478 3228 654 3297 ipsius
682 3223 1042 3296 pulchritudo
1067 3221 1250 3277 adhuc
1277 3222 1382 3277 sub
1403 3219 1657 3290 corporis
1681 3219 1803 3274 velo
1831 3219 2065 3275 delitue-

2173 3223 2272 3276 ὐπὸ
2291 3223 2337 3254 ⁸⁸
2383 3223 2482 3293 τῆς
2509 3223 2710 3294 πολλῆς
2741 3224 3008 3295 εὐθυμίας
3048 3225 3390 3296 (ἐκέκρυπτο
3433 3225 3540 3294 γὰρ
3584 3225 3769 3295 αὐτῆς

480 3323 584 3387 rat)
617 3319 857 3372 clamant
895 3335 906 3369 :
946 3334 964 3366 ι
1003 3315 1135 3382 Qum
1171 3323 1258 3369 est
1306 3314 1448 3378 ista,
1501 3328 1624 3383 quae
1673 3313 1818 3369 sit-ut
1864 3327 2062 3367 aurora

2173 3315 2244 3367 ἔτι
2267 3317 2326 3368 τὸ
2343 3315 2574 3386 ψυχικόν
2603 3318 2800 3381 κάλλος
2820 3319 2877 3370 ἐν
2903 3318 2980 3388 τῷ
3002 3317 3300 3389 καλύπτρῳ
3328 3318 3424 3370 τοῦ
3456 3317 3766 3389 σώματος),

479 3409 751 3481 respicit?
798 3428 817 3459 ι
871 3407 946 3461 Ex
1000 3417 1153 3477 parte
1191 3406 1341 3461 enim
1383 3405 1654 3460 hactenus
1697 3420 1916 3473 sponsa:
1971 3404 2059 3456 lux

2173 3408 2361 3475 βοῶσι·
2392 3427 2409 3458 ι
2439 3409 2535 3471 Τίς
2561 3408 2702 3478 αῦτη
2736 3412 2768 3479 ή
2807 3411 3156 3463 ἐκκύπτουσα
3183 3411 3316 3462 ὡσεὶ
3349 3410 3574 3480 όρθροςς
3610 3428 3627 3457 ι
3663 3411 3771 3463 Ἐκ

479 3502 697 3556 mortali
720 3501 825 3556 hoc
845 3514 1086 3569 corpore
1115 3506 1367 3552 contecta
1400 3498 1750 3552 cernebatur.
1785 3495 1850 3550 Et
1873 3512 2062 3566 quem-

2173 3499 2364 3567 μέρους
2391 3498 2500 3569 γὰρ
2527 3499 2696 3569 αὐτῆς
2720 3499 2765 3530 ⁸¹
2802 3501 2940 3564 τέως
2968 3501 3150 3570 ὠρᾶτο
3174 3499 3234 3552 τό
3261 3499 3397 3567 φῶς,
3425 3498 3502 3567 τῷ
3533 3497 3773 3568 φθαρτῷ

476 3595 776 3650 admodum
806 3608 1008 3648 aurora
1059 3593 1237 3648 noctis
1282 3602 1336 3648 et
1374 3591 1481 3647 diei
1531 3591 1858 3658 conﬁnium,
1900 3599 2063 3661 atque

2173 3594 2339 3664 τούτῳ
2401 3594 2926 3663 συγκαλυπτόμενον
2980 3591 3234 3662 σώματι·
3299 3592 3395 3643 καὶ
3447 3589 3702 3659 καθάπερ
3739 3595 3775 3644 ό

481 3686 646 3754 hujus
675 3686 900 3755 quidem
947 3683 1185 3749 initium,
1219 3684 1367 3740 illius
1402 3691 1585 3738 autem
1643 3684 1800 3738 tinem
1829 3683 2059 3746 indicat,

2173 3685 2358 3756 ὗρθρος
2407 3688 2600 3748 νυκτός
2657 3687 2774 3738 ἐστι
2812 3685 2907 3738 καὶ
2953 3685 3168 3755 ἡμέρας
3205 3683 3478 3753 μεθόριον,
3520 3683 3614 3735 καὶ
3658 3667 3772 3752 τῆς

479 3789 532 3832 et
565 3779 735 3833 solem
761 3777 1064 3832 adventare
1089 3777 1393 3847 signiﬁcat:
1419 3777 1500 3832 sic
1530 3777 1583 3830 in
1611 3775 1710 3830 hac
1735 3777 1846 3829 vita
1869 3779 2062 3830 animae

2173 3780 2266 3848 μὲν
2288 3781 2384 3852 τὴν
2418 3779 2618 3850 ἀρχὴν,
2641 3779 2738 3849 τῆς
2759 3779 2815 3831 δέ
2838 3779 2898 3831 τὸ
2927 3777 3078 3840 τέλος
3116 3775 3397 3847 κηρύττει.
3429 3776 3525 3828 καὶ
3556 3774 3772 3844 σημαί-

481 3871 687 3938 pietate
717 3869 1104 3940 sapientiaque
1125 3867 1402 3938 perfectas,
1432 3883 1571 3938 quas
1601 3867 1858 3922 Ecclesiae
1888 3884 2058 3938 spon-

479 3976 665 4031 saque
693 3963 914 4016 nomine
947 3969 1105 4015 vocat
1133 3961 1316 4015 divina
1363 3960 1673 4031 Scriptura,
1726 3978 1788 4015 ex
1843 3964 2058 4032 propria

483 4055 681 4106 Virtute
723 4053 992 4123 quosdam
1028 4053 1294 4106 emittunt
1334 4052 1683 4121 splendores.
1729 4071 1744 4098 ι
1783 4051 1918 4105 Cum
1959 4067 2060 4104 au-

481 4153 612 4207 tem,
640 4164 658 4196 ι
678 4155 736 4199 ut
758 4145 937 4214 inquit
960 4144 1155 4200 beatus
1181 4143 1408 4210 Paulus,
1435 4144 1840 4214 «corruptibilc
1860 4145 2062 4198 hocin-

479 4235 662 4288 duerit
711 4234 1223 4304 incorruptionem,
1289 4242 1341 4288 et
1390 4234 1621 4288 mortale
1668 4234 1770 4288 hoc
1818 4234 2062 4289 induerit

446 4328 952 4382 .immortalitatem
979 4335 998 4358 ⁸
1031 4346 1048 4378 ι
1087 4367 1101 4389 ,
1143 4335 1260 4381 tota
1297 4328 1543 4396 ipsarum
1604 4326 1695 4379 lux
1757 4327 2057 4396 aperietur.

2163 3887 2244 3921 νει
2299 3871 2399 3938 τῆς
2453 3871 2668 3940 ἡμέρας
2727 3871 2826 3939 τὴν
2889 3867 3216 3938 παρουσίαν,
3267 3865 3440 3928 οὕτως
3487 3863 3630 3918 κατὰ
3662 3865 3770 3916 τὸν

2165 3962 2412 4034 παρόντα
2459 3963 2572 4030 βίον
2617 3963 2672 4015 αἱ
2709 3963 2766 4013 ἐν
2805 3958 3056 4031 εὐσεϐείᾳ
3088 3959 3182 4012 καὶ
3227 3958 3374 4028 πάσῃ
3408 3957 3571 4027 σοφίᾳ
3599 3974 3767 4010 τετεα

2164 4053 2455 4122 λειωμέναι
2487 4052 2681 4122 ψυχαὶ,
2716 4051 2782 4112 ἃς
2831 4049 3162 4119 Ἐκκλησίαν
3195 4050 3290 4102 καὶ
3313 4047 3531 4118 νύμφην
3559 4049 3592 4116 ἡ
3631 4045 3768 4101 θεία.

2164 4141 2562 4212 προσαγορεύει
2598 4139 2808 4210 Γραφὴ,
2839 4138 3095 4208 βραχείας
3128 4137 3278 4200 τινὰς
3315 4136 3664 4207 λαμπηδόνας
3686 4137 3767 4191 ὲκ

2163 4236 2262 4305 τῆς
2295 4234 2505 4295 οἰκείας
2535 4237 2764 4300 ἀφιᾶσιν
2798 4233 3020 4302 ἀρετῆς.
3065 4248 3084 4281 ι
3124 4230 3290 4283 Ὅταν
3337 4230 3413 4294 δὲ,
3434 4249 3453 4282 ι
3484 4229 3631 4282 κατά
3659 4228 3767 4282 τὸν

2167 4324 2444 4394 μακάριαν
2494 4324 2725 4389 Παῦλον,
2779 4343 2794 4373 ι
2833 4323 2894 4375 τὸ
2949 4321 3188 4392 φθαρτὸν
3250 4320 3411 4373 τοῦτο
3465 4321 3765 4390 ἐνδύσηται

479 4419 633 4482 Quod
649 4419 870 4488 quidem
901 4418 1136 4472 ministri
1165 4419 1352 4486 sponsi
1386 4417 1771 4487 praevidentes,
1798 4433 1917 4472 eam
1951 4434 2062 4472 non

2173 4414 2505 4484 ἀφθαρσίαν,
2559 4415 2652 4468 καὶ
2706 4414 2766 4467 τὸ
2793 4414 2986 4486 θνητὸν
3027 4413 3187 4468 τοῦτο
3218 4414 3501 4486 ἐνδύσηται
3545 4413 3762 4466 ἀθαναο

479 4510 654 4563 solum
677 4515 1003 4579 comparant
1029 4507 1188 4578 132
1211 4522 1446 4573 aurora,
1483 4507 1575 4563 sed
1608 4508 1894 4578 pulchram
1924 4524 2061 4579 quo-

478 4612 585 4664 que
613 4605 674 4650 ut
704 4598 888 4651 lttnam
920 4611 1044 4652 esse
1072 4597 1268 4650 dicunt
1292 4596 1546 4663 electam,
1585 4607 1639 4651 et
1662 4607 1719 4651 ut
1763 4599 1932 4653 solem
1965 4599 2059 4669 qui

479 4687 976 4756 stuporcmincutit
1007 4687 1115 4741 illis
1133 4687 1226 4756 qui
1246 4688 1438 4743 oculos
1467 4689 1520 4742 in
1550 4689 1725 4758 ipsum
1747 4690 1949 4744 audent
1966 4692 2063 4746 de-

481 4777 1024 4850 ﬁgere.Addiderunt
1039 4787 1220 4834 autem
1238 4780 1498 4843 electam,
1519 4797 1627 4836 non
1648 4783 1850 4846 solum,
1869 4791 1930 4836 ut
1944 4783 2060 4839 dia-

478 4871 683 4925 crimen
708 4870 1015 4925 interillam
1034 4879 1089 4925 et
1111 4871 1298 4926 stellas
1319 4871 1653 4933 indicarent,
1680 4871 1775 4926 sed
1805 4872 1966 4927 etiam
1999 4881 2060 4927 ut

480 4962 650 5030 ipsius
682 4962 826 5018 luna:
855 4961 1252 5033 perfectionem
1289 4962 1664 5020 ostenderent.
1700 4963 1874 5029 Quasi
1903 4963 2061 5020 dice-

479 5060 621 5116 rent,
642 5063 702 5106 ut
723 5054 850 5106 luna
875 5055 1037 5122 plena
1058 5056 1262 5122 nitens,
1286 5069 1394 5110 non
1421 5052 1590 5109 exilia
1615 5061 1900 5111 ostentans
1937 5071 2062 5111 cor-

480 5157 737 5209 nua,non
756 5144 1072 5215 semiplena,
1100 5161 1210 5201 non
1229 5146 1583 5208 decrescens,
1606 5144 1702 5200 sed
1726 5145 1964 5216 perfecta
1991 5164 2057 5204 ac

480 5245 594 5291 toto
609 5235 744 5292 orbe
765 5235 1074 5306 splendida,
1099 5252 1208 5294 non
1228 5239 1513 5309 quidpiam
1536 5238 1782 5295 retinens
1799 5239 2055 5311 imperfe-

546 5403 573 5430 ν
598 5389 790 5448 Matth.
822 5409 920 5458 vn,
957 5393 1008 5460 7,
1039 5393 1091 5447 8.

1168 5407 1192 5434 ι
1221 5392 1368 5447 Psal.
1423 5407 1612 5459 cum,
1653 5397 1736 5449 l8.
1815 5405 1844 5444 γ
1877 5396 2023 5452 Psal.
2059 5415 2231 5459 uvtt.
2269 5401 2353 5452 12.

2165 4507 2308 4571 σίαν,
2334 4527 2352 4558 ι
2395 4507 2539 4562 ἂπαν
2589 4506 2769 4561 αὐτῶν
2820 4508 3120 4578 γυμνοῦται
3172 4507 3227 4560 τὸ
3266 4507 3403 4576 φῶς.
3441 4507 3549 4560 Καὶ
3595 4506 3770 4559 τοῦτο

2165 4598 2510 4668 προορῶντες
2547 4600 2596 4652 oi
2622 4599 2714 4652 τοῦ
2749 4601 2987 4670 νυμφίου
3016 4599 3276 4662 διάκονοι,
3303 4599 3365 4651 οὐ
3396 4598 3555 4668 μόνον
3580 4598 3772 4670 αὐτὴν

2165 4688 2561 4753 ἀπείκαζουσιν
2605 4689 2822 4762 ὄρθρῳ,
2865 4691 3000 4744 ἀλλὰ
3051 4692 3144 4744 καὶ
3183 4689 3353 4760 καλήν
3394 4690 3644 4758 λέγουσιν
3677 4689 3770 4748 ὡς

2165 4779 2398 4852 σελήνην
2429 4781 2712 4851 ἐκλεκτὴν,
2754 4783 2847 4836 καὶ
2879 4783 2956 4846 ὡς
2991 4782 3142 4853 ἥλιον
3183 4781 3389 4852 θάμϐος
3415 4778 3772 4850 ἐμποιοῦντα

2171 4873 2284 4935 τοῖς
2332 4873 2658 4937 ἐνατενίζειν
2712 4874 2862 4945 αὐτῷ
2912 4874 3155 4944 τολμῶσι
3185 4891 3199 4906 ο
3235 4873 3660 4943 προστεθείκασι
3695 4871 3791 4942 δὲ,

2171 4963 2453 5036 ἐκλεκτὴν,
2485 4967 2546 5018 οὐ
2573 4967 2733 5038 μόνον
2761 4970 2822 5020 τὸ
2849 4966 3104 5039 διάφορον
3127 4967 3186 5020 τὸ
3209 4966 3344 5035 πρὸς
3369 4966 3496 5027 τούς
3515 4964 3722 5034 ἀστέρα
3741 4981 3767 5028 ς

2171 5059 2549 5130 σημαίνοντες,
2573 5051 2720 5112 ’άλλά
2762 5062 2854 5113 καὶ
2889 5060 3060 5130 αὐτῆς
3094 5060 3195 5129 τῆς
3239 5058 3474 5132 σελήνης
3505 5059 3730 5128 παραδη
3755 5089 3766 5097 -

2170 5151 2387 5214 λοῦντες
2433 5155 2492 5206 τὸ
2541 5153 2780 5206 τέλειον·
2815 5154 2934 5205 ἀντὶ
2965 5151 3081 5214 τοῦ,
3117 5152 3193 5214 ὡς
3223 5150 3421 5222 σελήνη
3455 5153 3772 5217 πεπληρω-

2181 5246 2313 5315 μένη
2366 5244 2696 5314 πλησιφαὴς,
2747 5245 2805 5296 οὐ
2859 5244 3163 5315 μηνοειδὴς,
3193 5243 3253 5296 οὐ
3296 5241 3596 5311 διχότομος,
3631 5239 3773 5292 οὐδὲ

2441 5411 2461 5436 ι
2491 5400 2638 5454 Psal.
2673 5415 2840 5461 Lux,
2868 5400 2954 5453 Η.
3035 5412 3061 5440 ι
3097 5397 3113 5450 Ι
3143 5400 3269 5453 Cor.
3309 5415 3400 5461 xv,
3443 5397 3530 5451 58.

1791 5552 2022 5608 VARIE
2062 5554 2471 5612 LECT-IONES.

541 5641 1114 5716 "Cod._ai:_ﬂowjtat.
1189 5641 1239 5674 "
1272 5642 1520 5716 ἐκλεκτή.
1575 5642 1734 5698 Hebr.
1779 5655 1940 5715 pura.
2017 5645 2062 5678 ’θ

2173 5649 2401 5703 είττονα.
2463 5653 2633 5706 Abest
2672 5668 2702 5705 3
2731 5647 2860 5708 cod:
2931 5651 2980 5684 ”
3013 5649 3307 5706 nat-01:6.
3365 5648 3489 5705 Des.
3528 5645 3583 5699 in
3612 5641 3760 5702 ϐοά.

477 5717 521 5750 ⁸⁸
547 5714 681 5771 Cod.
729 5713 917 5768 aeros.
