4088 6422
283 455 353 516 177
1365 464 1445 524 IN
1475 461 1856 524 CANTICUM
1899 460 2186 521 CANTIC.
2219 461 2364 520 LIB.
2405 461 2498 521 IV.
3496 453 3598 520 178

275 566 612 635 ἀμφίκυρτος,
663 569 820 622 ἀλλὰ
859 572 1073 627 τελεία
1117 575 1474 644 πανσέληνος,
1523 574 1676 628 οὐδὲν
1725 572 1913 635 ἀτελὲς

2039 574 2240 637 :tionis,
2275 575 2370 630 sed
2397 581 2573 628 totum
2603 572 2824 642 globum
2874 570 3115 624 lucidum
3148 586 3257 641 pra:
3294 587 3352 626 se
3395 571 3594 626 ferens.

272 654 462 721 ἔχουσα,
496 657 693 711 πάντα
716 659 825 711 τὸν
856 661 1091 716 κύκλον
1122 665 1544 734 πεφωτισμένον
1573 663 1914 718 δεικνύουσα.

2039 662 2119 718 Sic
2141 664 2328 734 igitur,
2355 665 2633 735 inquiunt,
2665 680 2681 713 ι
2720 671 2803 716 est
2829 661 3058 731 pulchra
3093 671 3150 715 nt
3180 661 3354 714 electa
3388 663 3538 716 luna.
3573 679 3592 712 ι

272 748 404 799 Οὖτω
455 745 675 807 τοίνυν.
730 753 956 822 φησὶν,
1012 773 1032 806 ι
1069 756 1200 808 ἐστὶ
1235 757 1398 826 καλὴ,
1442 755 1518 818 ὡς
1568 755 1798 824 ὲκλεκτὴ
1828 769 1922 806 σε-Δ

2039 754 2274 809 l‘radunt
2305 764 2488 810 autem
2537 755 2634 825 qui
2674 755 2729 808 in
2761 754 2930 808 rebus
2981 753 3256 822 ejusmodi
3311 762 3438 806 sunt
3472 767 3597 805 ver-

270 837 406 908 λήνη.
445 857 465 889 ι
508 840 661 892 Φασὶ
703 839 769 892 δὲ
810 841 932 912 τὴν
990 844 1248 915 σελήνην
1298 845 1504 914 οἱπερὶ
1553 843 1727 897 ταῦτα
1757 841 1923 895 δεινοὶ

2039 845 2151 910 sati,
2185 844 2369 898 lunam
2400 860 2466 898 ex
2499 845 2636 899 solis
2690 842 2862 897 radiis
2893 841 3070 896 lucem
3105 840 3365 904 nmtuari,
3416 855 3478 894 ac
3519 840 3602 894 lu-

272 927 357 980 ὑπὸ
404 927 513 978 τῶν
563 927 846 996 ήλιακῶν
904 933 1177 986 ἀκτίνων
1229 932 1632 1003 ὑποδεχομένην
1682 931 1743 984 τὸ
1781 932 1919 999 φῶςν

2039 953 2148 992 men
2205 937 2433 1007 quidem
2490 935 2750 1006 exiguum
2818 933 3137 1002 suscipere,
3197 946 3322 987 cum
3376 930 3602 1000 parvula

275 1017 422 1088 βραχὺ
450 1017 555 1087 μὲν
586 1017 875 1088 λαμϐἀνε
890 1041 946 1074 ιν
987 1024 1117 1091 φῶς
1137 1025 1358 1086 δ’,ὃταν
1394 1024 1564 1094 βραχὺ
1600 1023 1790 1094 μόριον
1823 1024 1922 1076 αὑ-

2039 1029 2202 1099 ipsius
2233 1028 2506 1098 particula
2537 1026 2713 1082 solem
2743 1025 2980 1095 aspicit:
3037 1039 3163 1076 cum
3198 1031 3378 1077 autem
3411 1037 3474 1076 ex
3509 1021 3604 1074 ad-

275 1113 353 1180 τής
373 1109 546 1182 βλέπῃ
578 1110 685 1163 τὸν
716 1111 898 1181 ἥλιον
921 1130 940 1144 ο
980 1115 1127 1168 ὅταν
1165 1117 1224 1168 δὲ
1259 1114 1625 1186 κατάντικρυς
1655 1115 1922 1186 γενομένη

2039 1135 2189 1176 verso
2215 1127 2390 1175 totum
2424 1118 2593 1174 solem
2642 1126 2702 1170 ut
2759 1115 3038 1186 speculum
3073 1123 3388 1174 contuetur,
3431 1120 3602 1166 totum

282 1202 372 1255 ἷλον
399 1200 587 1272 θεωρῇ
625 1204 733 1255 τὸν
784 1204 996 1274 ἥλιον,
1045 1201 1165 1260 οἷόν
1201 1225 1254 1260 τι
1307 1207 1613 1277 κάτοπτρον
1661 1206 1781 1259 ὅλον
1829 1207 1926 1260 αὑ-

2039 1213 2147 1283 ejus
2170 1213 2358 1267 orbem
2395 1210 2714 1280 exprimens
2739 1249 2752 1271 ,
2790 1207 3105 1261 illustratur
3139 1213 3272 1270 tota,
3306 1220 3404 1260 nec
3440 1205 3603 1257 ullam

285 1289 415 1342 :05"
446 1292 543 1342 τὸν
576 1290 790 1344 δίσκον
833 1295 1289 1366 ὲκματτομένη,
1343 1294 1440 1366 ὅλη
1473 1294 1784 1364 φωτίζεται,
1832 1296 1926 1348 καὶ

2039 1301 2280 1371 corporis
2315 1308 2524 1369 partem
2570 1299 2863 1352 obscuram
2927 1299 3150 1352 retinet.
3214 1299 3306 1353 Sic
3341 1299 3509 1368 igitur
3555 1307 3606 1352 et

289 1380 410 1432 οὐδὲν
459 1379 556 1432 τοῦ
613 1379 912 1450 σώματος
983 1384 1054 1451 μέ
1067 1401 1159 1453 ρος
1215 1383 1522 1452 ἀφώτιστον
1583 1384 1924 1438 καταλείπει.

294 1467 424 1523 Οὕτω
453 1471 648 1522 τοίνυν
691 1472 804 1523 καὶ
848 1475 888 1542 ἡ
922 1473 1029 1526 τοῦ
1069 1475 1314 1545 Χριστοῦ
1355 1473 1674 1544 Ἐκκλησία,
1721 1475 1830 1528 τῶν
1872 1477 1927 1530 ἐν

297 1562 442 1633 ἀρετῇ
480 1563 976 1635 τετελειωμένων
1034 1565 1230 1635 ψυχῶν
1263 1565 1324 1618 τὸ
1367 1565 1643 1637 σύστημα,
1679 1585 1696 1618 ι
1731 1568 1930 1620 ἀνιικε⁴

301 1655 618 1724 καλυμμένῳ
651 1655 975 1727 προσώπῳ
1007 1659 1110 1728 τὴν
1141 1657 1300 1723 δόξαν
1333 1656 1535 1728 Κυρίου
1566 1657 1929 1729 κατοπτριζο-

305 1747 442 1816 μένη,
463 1749 645 1802 »κατὰ
674 1748 777 1800 τὸν
815 1749 1119 1820 μακάριον
1144 1749 1377 1814 Παῦλον,
1412 1769 1430 1799 ί
1454 1752 1552 1822 τὴν
1582 1751 1752 1822 αὐτὴν
1782 1751 1927 1804 είκόο

2039 1754 2255 1808 Domini
2291 1753 2498 1824 Spiritu
2527 1753 2554 1792 ιι
2593 1771 2605 1806 :
2652 1771 2670 1802 ι
2715 1759 2772 1805 et
2803 1750 2862 1804 ﬁt
2898 1757 3009 1804 tota
3046 1750 3360 1821 splendida,
3387 1759 3445 1803 ut
3471 1751 3610 1804 lnnm

303 1855 354 1889 να
379 1840 854 1908 μεταμορφοῦται
884 1842 1007 1894 ἀπὸ
1035 1842 1197 1911 δόξης
1235 1843 1315 1905 είς
1347 1841 1526 1906 δόξαν,
1551 1841 1804 1913 καθάπερ
1824 1843 1932 1895 ἀπὸ

2039 1845 2234 1900 similis
2283 1845 2554 1906 videatur,
2593 1843 2759 1905 luna},
2817 1842 3085 1911 inquam,
3150 1843 3366 1903 electa»,
3414 1841 3462 1896 id
3529 1853 3614 1896 est

310 1928 492 1998 Κυρίου
519 1931 883 2001 Πνεῦματος
915 1949 929 1962 ⁸
974 1952 994 1983 ›
1027 1933 1126 1984 καὶ
1151 1934 1364 2000 γίνεται
1389 1934 1481 1998 ὅλη
1507 1935 1822 2005 φωτοειδὴς,
1856 1935 1931 1998 ὠς

2039 1937 2250 2008 plenae;
2316 1951 2416 1990 nec
2461 1936 2638 1990 solum
2674 1935 2818 1988 lunae
2875 1933 3091 1988 videtur
3146 1933 3362 1995 similis,
3421 1948 3609 1986 verum

312 2019 519 2073 ἑοικέναι
550 2021 792 2092 σελήνῃ,
840 2021 950 2074 καὶ
1001 2023 1202 2094 σελήνῃ
1246 2023 1499 2094 ἐκλεκτῇ,
1536 2023 1784 2076 τουτέστι
1833 2041 1932 2076 πε-

2039 2029 2198 2082 etiam
2222 2027 2358 2094 soli;
2379 2027 2503 2090 soli,
2533 2028 2780 2096 inquam,
2810 2033 3092 2095 stuporem
3123 2025 3502 2093 spectantibus
3530 2022 3611 2077 iu-

311 2110 653 2184 τεληρωμένῃ.
702 2113 789 2166 Οὐ
833 2112 1015 2182 μόνον
1048 2113 1103 2165 δὲ
1139 2115 1340 2187 σελήνῃ
1389 2114 1599 2179 ἔοικεν,
1654 2115 1790 2168 ἀλλὰ
1838 2115 1932 2167 καὶ⁸

2039 2118 2268 2186 iicienti.
2314 2115 2499 2185 Neque
2547 2130 2678 2169 vero
2728 2114 3054 2183 simpliciter
3119 2114 3261 2168 hunc
3314 2113 3616 2183 Scriptura:

312 2203 466 2270 ἡλίῳ,
517 2205 616 2256 καὶ
641 2205 692 2236 ⁸⁸
749 2204 904 2274 ἡλίῳ
945 2205 1162 2274 θάμϐος
1212 2206 1530 2276 ὲμποιοῦντι
1565 2210 1676 2269 τοῖς
1707 2206 1928 2278 ὁρῶσιν.

2039 2217 2242 2263 textum
2279 2209 2516 2278 positum
2553 2221 2674 2261 esse
2701 2207 2978 2261 existimo.
3019 2202 3163 2259 Nihil
3217 2206 3362 2260 enim
3411 2213 3614 2260 temere

318 2297 416 2363 Οὐχ
446 2296 631 2358 ἁπλῶς
664 2297 727 2349 δὲ
761 2297 999 2365 ταύτην
1037 2295 1277 2364 ἡγοῦμαι
1309 2297 1522 2350 κεῖσθαι
1565 2299 1663 2368 τὴν
1695 2297 1840 2362 λέξιν
1862 2299 1929 2352 ⁸⁸.

2039 2299 2242 2353 dicitur
2272 2315 2301 2351 a
2323 2298 2510 2352 divino
2544 2295 2773 2365 Spiritu.
2796 2295 2900 2349 Sed
2935 2294 3194 2362 quoniam
3231 2295 3337 2347 vita
3375 2309 3479 2347 nox
3508 2303 3612 2358 est,

326 2381 468 2434 υῦῑὶν
501 2384 608 2454 γὰρ
640 2385 723 2446 ὡς
763 2383 982 2454 ἔτυχεν
1036 2385 1143 2437 ὑπὸ
1175 2385 1270 2437 τοῦ
1303 2385 1446 2438 θείου
1493 2386 1708 2455 λέγεται
1757 2388 1931 2440 Πνεύυ

2039 2405 2100 2444 ex
2130 2389 2276 2444 beati
2312 2388 2467 2442 Pauli
2511 2387 2808 2460 sententia,
2845 2385 2936 2455 qui
2963 2386 3074 2438 ait:
3111 2403 3127 2434 ι
3170 2383 3286 2438 Nox
3311 2385 3613 2454 praecessit.

338 2497 512 2546 ματος.
718 2482 940 2551 ἐπειδὴ
985 2482 1085 2546 νὺξ
1128 2484 1156 2534 ὀ
1196 2483 1330 2552 βίος,
1365 2483 1506 2536 κατά
1538 2484 1626 2536 τὸν
1661 2485 1932 2554 μακάριον

2039 2483 2157 2537 dies
2189 2489 2371 2535 autem
2403 2479 2869 2550 appropinquavit
2893 2489 2941 2540 ο,
2977 2499 2996 2526 ο
3039 2475 3196 2546 133
3232 2476 3618 2532 convenienter

337 2572 562 2625 Παῦλον⁹
594 2593 610 2623 ι
632 2575 692 2627 Ἡ
728 2575 841 2638 νὺξ
877 2574 1021 2644 γὰρ,
1050 2575 1204 2642 φησι,
1245 2574 1568 2645 προέκοψεν,
1602 2575 1715 2644 ἡδὲ
1750 2576 1932 2646 ἡμέρα

2039 2585 2097 2630 ιιι
2132 2575 2184 2628 in
2214 2582 2376 2629 nocte
2402 2573 2558 2641 ("Iasi
2595 2572 2724 2625 luna
2764 2570 3014 2640 quaedam
3049 2577 3134 2622 est
3170 2566 3440 2632 Ecclesia,
3495 2581 3618 2638 qua

331 2665 553 2731 ἤγγικεν,
587 2686 606 2716 ι
651 2667 1001 2734 ἀναγκαίως
1049 2665 1126 2724 ὡς
1161 2668 1217 2718 ὲν
1255 2669 1409 2720 νυκτὶ
1453 2662 1565 2719 οἷόν
1609 2685 1693 2730 τις
1735 2669 1930 2738 σελήνη

2039 2671 2140 2724 iter
2168 2667 2504 2723 facientibus
2530 2665 2712 2719 lumen
2738 2666 2968 2734 praebet,
3032 2673 3086 2720 ct
3121 2670 3328 2719 rectam
3375 2662 3595 2719 ostendi

319 2758 451 2808 ἐστὶν
483 2759 513 2827 ή
558 2759 912 2827 Ἐκκλησία,
953 2758 1084 2820 τοὺς
1113 2758 1428 2828 ὁδοιπόρους
1471 2759 1804 2826 φωτίζουσα,
1839 2760 1932 2812 καὶ

2039 2762 2204 2816 viam.
2237 2760 2336 2815 Est
2359 2773 2487 2813 vero
2507 2759 2672 2811 etiam
2703 2763 2761 2810 ut
2789 2771 3009 2811 aurora.
3036 2754 3171 2809 Nam
3203 2762 3438 2824 tempus,
3472 2753 3615 2822 quoe

312 2848 400 2916 τήν
429 2848 647 2902 εὐθεῖαν
677 2849 813 2902 ὁδὸν
851 2848 1301 2902 ἀποδεικνύουσα
1322 2850 1388 2902 ⁸⁸.
1426 2850 1580 2903 Ἐστι
1638 2851 1690 2905 δὲ
1730 2853 1824 2904 καὶ
1857 2853 1932 2917 ὡς

2039 2851 2256 2908 Domini
2289 2852 2584 2906 adventum
2611 2855 2696 2902 est
2719 2847 3103 2910 subsecutum,
3138 2845 3242 2900 fuit
3265 2845 3431 2900 veluti
3464 2860 3616 2913 quae-

309 2939 531 3008 ερθροςο
587 2941 796 3011 ἐπειδὴ
854 2934 978 2993 οἷόν
1025 2956 1108 3002 τις
1153 2940 1349 3011 ὄρθρος
1391 2941 1538 2994 ἐστὶν
1574 2944 1602 2994 6
1652 2944 1790 3010 μετά
1835 2943 1934 3014 τὴν

314 3031 596 3102 Κυριακήν
619 3032 959 3102 παρουσίαν
974 3030 1302 3102 χρόνος,τὴν
1329 3031 1628 3102 μέλλουσαν
1651 3034 1932 3104 σημαίνων

2039 3035 2146 3092 diei
2178 3032 2550 3105 praesentiam,
2584 3029 2863 3099 signiticat
2890 3048 2903 3083 :
2935 3046 2954 3079 ‹
2988 3027 3144 3082 Sicut
3171 3042 3426 3082 auroram
3449 3027 3617 3084 enim.

311 3122 642 3175 κατάστασιν
709 3118 838 3176 οἶόν
901 3139 1058 3183 τινος
1108 3122 1326 3192 ἡμέρας
1380 3123 1716 3192 παρουσίαν·
1777 3145 1795 3175 ‹
1849 3126 1932 3189 Ὠς

2042 3127 2243 3196 inquit,
2280 3132 2529 3194 paratum
2566 3119 2913 3174 inveniemus
2947 3133 3073 3174 eum
3101 3117 3151 3171 ἀ.
3200 3136 3219 3170 ι
3259 3115 3395 3172 Cum
3438 3125 3617 3171 autem

311 3215 500 3286 δρθρον
535 3216 671 3284 γὰρ,
711 3214 918 3284 φησὶν,
960 3213 1183 3282 ἕτοιμον
1207 3213 1514 3283 εὑρήσομεν
1537 3214 1932 3271 αὐτόν.ι’”οταν

2041 3233 2274 3290 magnus
2309 3217 2398 3271 ille
2421 3216 2540 3271 dies
2585 3212 2797 3266 Domini
2830 3209 3156 3266 manifestus
3196 3200 3432 3272 venerit,
3457 3215 3520 3261 ut
3545 3207 3623 3260 ait

315 3308 368 3359 δὲ
391 3308 629 3379 ήήμέρα
651 3308 882 3378 Κυρίου
917 3309 952 3376 ή
975 3306 1190 3376 μεγάλη
1223 3308 1316 3359 καὶ
1336 3307 1612 3376 ἐπιφανὴς
1642 3307 1930 3375 ἀφίκηται,

2039 3311 2305 3384 propheta
2334 3319 2381 3370 θ,
2414 3307 2481 3362 de
2523 3320 2635 3376 quo
2673 3303 2873 3358 beatus
2913 3301 2989 3355 ait
3021 3300 3270 3365 Paulus,
3307 3318 3326 3352 ι
3364 3298 3490 3354 Dies
3524 3313 3622 3368 ap-

320 3402 453 3453 κατὰ
478 3402 577 3471 τὴν
605 3401 710 3454 τοῦ
750 3401 1052 3470 προφήτου
1087 3400 1296 3470 φωνὴν,
1340 3401 1472 3471 ’περὶ⁸
1495 3395 1563 3472 ἧς
1595 3401 1624 3453 6
1662 3402 1932 3471 μακάριος

2039 3400 2430 3474 propinquavit
2451 3397 2494 3464 ί,
2529 3417 2547 3450 ι
2575 3404 2708 3451 tunc
2735 3410 2844 3449 non
2871 3392 3112 3462 amplius
3135 3401 3192 3446 ut
3218 3393 3345 3446 luna
3372 3388 3618 3460 fulgebit.

321 3491 460 3558 λέγει
511 3491 766 3555 Παῦλος,
801 3491 893 3542 ὅτι
959 3507 977 3541 ι
1028 3490 1090 3541 Ἡ
1125 3489 1308 3560 ἡμέρα
1351 3489 1570 3560 ήγγικε,
1599 3508 1616 3540 ι
1663 3489 1785 3542 τότε
1833 3491 1932 3544 οὐκ

2039 3497 2134 3551 sed
2158 3503 2217 3549 ut
2245 3494 2327 3548 sol
2354 3501 2640 3561 stuporem
2669 3485 2950 3541 incutiens
2973 3498 3084 3538 non
3103 3483 3280 3539 solum
3305 3481 3621 3536 hominibus

326 3585 401 3635 ἔτι
429 3585 502 3641 ὡς
530 3584 739 3651 σελήνη
778 3581 998 3651 λάμψει
1023 3581 1093 3640 ⁸⁷,
1130 3579 1246 3632 ἀλλ’
1279 3579 1355 3642 ὡς
1380 3580 1532 3650 ἥλιος
1579 3580 1788 3651 Θάμόος
1831 3581 1932 3651 έμ-

2039 3583 2372 3648 inﬁdelibus,
2396 3580 2491 3636 sed
2517 3575 2972 3636 adolescentulis,
2995 3580 3050 3628 et
3079 3571 3431 3635 concubinis,
3458 3579 3512 3623 cl.
3535 3586 3622 3623 rc-

2030 1395 2234 1450 Christi
2292 1391 2939 1454 Ecclesia,‘animarum
2986 1390 3188 1444 virtute
3241 1388 3606 1458 perfectaruut

2031 1495 2234 1548 cetus,
2269 1502 2286 1533 ι
2310 1482 2551 1537 revelata
2574 1481 2711 1534 facie
2738 1479 2967 1550 gloriam
3001 1479 3214 1533 Domini
3245 1480 3558 1550 speculans,
3583 1499 3600 1530 ι

2034 1581 2090 1626 ut
2135 1572 2210 1625 ait
2278 1571 2474 1624 beatus
2529 1569 2764 1630 Paulus,
2827 1569 2925 1621 tin
2992 1567 3240 1622 eamdem
3314 1567 3606 1637 imaginem

2034 1662 2465 1717 transformatur
2499 1675 2526 1712 a
2559 1661 2809 1713 claritate
2847 1659 2900 1710 in
2934 1659 3240 1712 claritatem
3286 1667 3546 1729 tanquam
3581 1676 3607 1708 τι

2040 2944 2163 2999 dam
2201 2955 2424 3004 aurora,
2479 2953 2604 3009 qua:
2655 2935 3119 3004 tranquillitatem
3158 2933 3424 2996 futuram,
3459 2931 3620 3003 quasi

331 3678 549 3732 ποιοῦσα
577 3677 642 3730 οὑ
676 3677 854 3747 μόνον
883 3676 999 3737 τοῖς
1030 3673 1284 3735 ἀπίστοις
1318 3673 1650 3743 ἀνθρώποις,
1675 3673 1815 3728 ἀλλὰ
1840 3675 1935 3728 καὶ

327 3769 441 3830 ταῖς
473 3767 710 3827 νεάνισι,
748 3764 853 3817 καὶ
879 3764 1002 3826 ταῖς
1041 3761 1352 3826 παλλακίσι,
1397 3763 1493 3815 καὶ
1517 3765 1639 3825 ταῖς
1670 3761 1930 3832 βασιλίσι,

330 3861 419 3911 καὶ
448 3860 644 3920 αὑταῖς
681 3859 811 3919 ταῖς
845 3853 1168 3924 ἀσωμάτοις
1221 3853 1504 3925 δυνάμεσι.
1555 3856 1668 3910 Καὶ
1725 3857 1934 3927 μάρτυς

329 3952 484 4012 αὐτὸς
525 3954 555 4004 6
586 3951 802 4019 Κύριος
843 3948 1027 4016 λέγων
1052 3965 1065 3978 ·
1111 3967 1128 3997 ι
1163 3948 1296 4001 Τότε
1331 3949 1702 4020 ἐκλάμψουσιν
1749 3952 1797 4004 οἱ
1852 3949 1934 4002 δίο

331 4061 468 4096 καίοι
499 4043 577 4106 ὡς
601 4044 631 4094 ὁ
664 4043 846 4112 ἥλιος.
882 4061 901 4092 ι
935 4041 1045 4094 Καὶ
1066 4041 1094 4092 6
1120 4039 1391 4110 μακάριος
1419 4041 1475 4094 δὲ
1503 4041 1713 4104 Παῦλός
1744 4059 1930 4112 φησιν’

340 4155 355 4184 ι
386 4134 554 4204 ’Δλλη
590 4133 728 4199 δόξα
757 4132 942 4202 ἡλίου,
978 4134 1071 4186 καὶ
1093 4133 1228 4203 ἄλλη
1249 4133 1378 4199 δόξα
1409 4133 1657 4204 σελήνης,
1686 4135 1778 4187 καὶ
1800 4134 1934 4204 άλλη

331 4226 453 4292 δόξα
475 4226 734 4294 ἀστέρων
760 4241 774 4254 ·
807 4225 989 4294 ἀστὴρ
1013 4225 1124 4295 γὰρ
1147 4224 1376 4294 ἀστέρος
1396 4223 1642 4296 διαφέρει
1669 4227 1726 4278 ὲν
1746 4225 1892 4297 δόξῃ.
1910 4245 1928 4278 ›

341 4317 640 4370 Ἑκκύπτει
659 4315 850 4368 τοίνυν
881 4315 914 4384 ἡ
943 4315 1036 4368 τοῦ
1063 4314 1301 4384 Χριστοῦ
1329 4314 1517 4386 νύμφη
1551 4314 1683 4368 ὡσεὶ
1715 4315 1930 4387 ὄρθρος·

331 4409 393 4458 ἐκ
427 4407 636 4478 μέρους
675 4404 789 4477 γὰρ
821 4405 995 4473 αὐτῆς
1032 4406 1126 4458 ἐπὶ
1158 4404 1253 4458 τοῦ
1278 4405 1546 4476 παρόντος
1569 4405 1630 4459 τὸ
1653 4406 1698 4437 ⁸⁸
1741 4407 1937 4471 κάλλος

327 4498 684 4563 γινώσκεται.
733 4516 752 4547 ι
791 4497 904 4549 Καὶ
932 4495 1071 4566 καλή
1104 4499 1254 4548 ἐστιν
1291 4496 1368 4559 ὼς
1399 4496 1594 4568 σελήνη
1626 4497 1877 4570 ὲκλεκτὴ,
1912 4519 1929 4550 ι

2037 3677 2206 3748 ginis,
2233 3683 2398 3746 atque
2418 3673 2584 3728 etiam
2607 3669 2742 3739 ipsis
2759 3667 3063 3722 virtutibus
3080 3662 3442 3733 incorporeis.
3461 3661 3618 3728 Quod

2037 3768 2258 3839 quidem
2306 3763 2576 3820 Dominus
2613 3761 2731 3831 ipse
2777 3764 3033 3820 testatur,
3069 3773 3086 3806 ι
3126 3753 3303 3819 Tunc,
3341 3751 3619 3822 inquiens.

2039 3859 2327 3928 fulgebunt
2385 3855 2523 3926 justi
2575 3853 2720 3910 sicut
2769 3851 2850 3907 sol
2886 3851 2930 3901 ε.
2961 3868 2978 3900 ι
3026 3847 3091 3902 Et
3149 3847 3344 3902 beatus
3388 3843 3615 3906 Paulus,

2041 3970 2060 4003 ι
2091 3952 2232 4015 Alia,
2268 3948 2470 4018 inquit,
2494 3953 2580 4002 est
2605 3945 2835 4000 claritas
2861 3941 3017 4004 solis,
3048 3947 3102 3994 et
3133 3938 3240 3993 alia
3279 3945 3363 3992 est
3398 3937 3621 3990 claritas

2040 4043 2208 4108 lunae,
2241 4049 2295 4097 et
2327 4041 2430 4094 alia
2473 4047 2560 4094 est
2585 4037 2813 4092 claritas
2864 4033 3186 4097 stellarum;
3219 4029 3374 4084 stella
3418 4028 3562 4084 enim
3591 4045 3620 4079 ει

2041 4133 2203 4190 stella
2235 4130 2422 4187 diﬂert
2465 4129 2719 4184 claritate
2744 4126 2794 4178 ιι.
2845 4145 2863 4177 ι
2889 4122 3165 4192 Prospicit
3202 4119 3369 4190 igitur
3420 4134 3622 4188 sponsa

2039 4225 2246 4282 Christi
2282 4223 2426 4278 sicut
2465 4235 2687 4276 aurora.
2729 4217 2808 4271 Et
2847 4223 3002 4286 parte
3035 4214 3180 4268 enim
3231 4212 3335 4266 hoc
3377 4220 3622 4281 tempore

2041 4315 2395 4389 cognoscitur
2423 4313 2572 4366 illius
2597 4307 2985 4380 pulchritudo.
3026 4323 3043 4355 ι
3069 4304 3131 4358 Ει
3159 4303 3392 4374 pulchra
3425 4309 3511 4355 est
3565 4310 3623 4353 ut

2041 4395 2170 4466 luna
2205 4407 2397 4470 electa,
2425 4424 2443 4458 ι
2485 4418 2630 4474 (μιαν,
2662 4399 2878 4454 Domini
2915 4397 3036 4451 luce
3072 4396 3264 4467 plena,
3294 4393 3463 4447 radiis
3505 4390 3622 4445 suis

2043 4510 2217 4558 totum
2273 4499 2460 4555 orbem
2520 4495 2817 4551 illuminat.
2866 4489 3212 4560 Quapropter
3249 4495 3305 4542 et
3357 4487 3622 4541 Dominus

321 4587 418 4640 τοῦ
442 4585 746 4659 Κυριακοῦ
769 4586 1181 4658 πεπληρωμένη
1219 4587 1418 4655 φωτὸς,
1451 4587 1548 4640 καὶ
1578 4589 1696 4650 ταῖς
1721 4589 1932 4642 ἀκτῖσιν

2041 4595 2097 4650 in
2129 4591 2440 4664 Evangeliis
2477 4588 2698 4644 dicebat
2735 4585 2803 4640 ad
2848 4593 3070 4640 sanctos
3102 4581 3408 4652 discipulos
3441 4593 3572 4634 suos
3607 4595 3620 4630 :

316 4681 496 4750 αὑτῆς
532 4679 637 4750 τὴν
667 4677 1005 4748 οἰκουμένην
1049 4676 1360 4747 φωτίζουσα
1381 4695 1394 4708 ³
1431 4678 1512 4732 διὸ
1541 4679 1635 4731 καὶ
1669 4679 1696 4730 6
1729 4679 1934 4750 Κύριος

2045 4705 2064 4740 ι
2090 4685 2200 4742 Vos
2233 4684 2370 4740 estis
2403 4684 2495 4737 lux
2538 4679 2724 4734 mundi
2761 4678 2806 4741 i;
2850 4695 2867 4729 ι
2921 4683 2975 4732 et
3009 4675 3299 4730 declarans
3330 4671 3511 4744 qualis
3552 4671 3625 4726 sit

314 4775 376 4823 ὲν
423 4775 542 4834 1:07.;
596 4773 772 4841 ἱεροῖς
809 4768 1168 4838 Εὑαγγελίοις
1213 4769 1366 4838 ἔλεγε
1401 4771 1514 4833 τοῖς
1545 4770 1718 4838 ἁγίοις
1765 4771 1932 4823 αὑτοῦ

2039 4779 2148 4840 lux,
2189 4775 2452 4845 subiicit:
2491 4791 2510 4825 ι
2543 4770 2636 4827 Sic
2676 4770 2973 4826 luceatlux
3003 4775 3188 4824 vestra
3225 4780 3411 4822 coram
3451 4765 3626 4818 homi-

315 4862 606 4932 μαθηταῖς
635 4880 649 4893 ο
703 4881 723 4912 ι
749 4861 942 4933 Ὑμεῖς
980 4862 1103 4914 ὲστε
1132 4861 1194 4914 τὸ
1224 4861 1339 4931 φῶς
1378 4861 1471 4915 τοῦ
1497 4861 1707 4932 κόσμου
1739 4879 1753 4892 ο
1787 4881 1804 4912 ι
1844 4863 1932 4917 καὶ

2040 4869 2231 4932 nibus,
2267 4875 2348 4932 ut,
2372 4873 2772 4938 cognoscentes
2803 4879 2971 4934 opera
2998 4871 3183 4917 vestra
3209 4859 3378 4923 bona,
3413 4854 3622 4926 gloriﬁ-

309 4954 545 5016 δεικνὺς
588 4955 784 5006 ὁποῖον
846 4950 984 5020 φῶς,
1027 4951 1224 5018 ἐπάγει
1255 4951 1464 5019 λέγων’
1508 4971 1526 5001 ‹
1565 4949 1752 5014 Οὕτως
1799 4951 1936 5022 λαμ-

309 5044 481 5110 ψάτω
529 5044 599 5096 τὸ
640 5042 764 5111 φῶς
800 5040 957 5111 ὑμῶν
993 5041 1306 5112 ἔμπροσθεν
1349 5041 1457 5094 τῶν
1491 5041 1816 5112 ἀνθρώπων,
1851 5043 1935 5096 ἵνα

309 5135 549 5200 γνόντες
595 5135 668 5188 τὰ
702 5132 848 5186 καλά
876 5132 1014 5204 ἔργα
1046 5132 1200 5202 ὑμῶν
1225 5133 1491 5199 δοξάσωσι
1514 5135 1558 5166 ⁸³
1597 5135 1690 5188 τὸν
1717 5135 1936 5208 Πατέρα

311 5227 478 5294 ὑμῶν
495 5227 595 5277 τὸν
618 5227 681 5277 ἐν
698 5227 814 5287 τοῖς
839 5225 1110 5294 οὐρανοῖς.
1126 5243 1143 5274 ι
1165 5225 1238 5278 Οὐ
1263 5225 1421 5293 μόνον
1438 5226 1492 5279 δέ
1519 5226 1666 5278 ἐστιν
1697 5228 1729 5296 ή
1748 5226 1934 5298 νύμφη

421 5427 446 5464 δ
474 5425 516 5478 ll
544 5424 682 5479 Cor.
715 5439 802 5485 ιιι,
840 5421 924 5478 18.

319 5495 406 5547 t3.
485 5498 512 5535 ὶι
543 5494 563 5547 1
593 5495 731 5548 Cor.
762 5508 854 5556 xv,
887 5491 974 5547 41.

1027 5432 1051 5460 ε
1082 5421 1239 5475 Rom.
1295 5438 1412 5484 xm,
1449 5422 1534 5476 l2.

1059 5490 1295 5546 iMatth.
1334 5509 1383 5557 ν,
1412 5493 1494 5546 ιιι.
1565 5492 1576 5542 i
1620 5493 1752 5548 Ibid.
1798 5494 1886 5549 16.

1620 5423 1645 5462 ἀ
1678 5421 1817 5478 Osce
1856 5439 1930 5488 vl,
1967 5423 2020 5477 ι.

2036 4970 2160 5016 cent
2200 4961 2420 5014 Patrem
2450 4966 2696 5014 vestrum
2723 4956 2819 5026 qui
2863 4955 2916 5009 in
2946 4952 3104 5010 caelis
3143 4957 3230 5008 est
3263 4949 3307 5004 i.
3353 4969 3371 5002 ι
3399 4947 3510 5004 Nec
3536 4963 3626 5002 so-

2045 5053 2154 5106 lum
2211 5066 2411 5120 sponsa
2437 5058 2522 5104 est
2556 5049 2701 5104 sicut
2743 5047 2916 5102 electa
2953 5044 3106 5108 luna,
3143 5057 3331 5098 verum
3369 5040 3534 5096 etiam
3569 5047 3626 5092 ut

2045 5143 2127 5198 sol
2168 5141 2329 5214 135
2361 5142 2414 5196 in
2446 5139 2628 5195 futura
2657 5138 2766 5194 vita
2801 5134 3148 5207 splendebit,
3168 5141 3224 5189 et
3277 5131 3488 5202 fulgore
3527 5147 3627 5186 suo

2046 5233 2262 5288 cunctis
2315 5239 2596 5303 stuporem
2651 5228 2882 5299 injiciet.
2947 5225 3386 5281 Admirabuntur
3442 5230 3622 5276 autem

2105 5437 2128 5466 ο
2165 5424 2280 5479 Joel
2324 5441 2384 5485 ιι.
2429 5424 2518 5478 5|.
2620 5421 2819 5477 lRom.
2859 5436 2980 5485 xm,
3017 5419 3102 5474 l2.
3197 5417 3431 5472 IMatth.
3468 5432 3598 5476 xm,

2620 5421 2819 5477 lRom.
2859 5436 2980 5488 xm,
3017 5419 3102 5474 l2.

1672 5667 1905 5726 VARIE
1935 5668 2340 5726 LECTIONES.

397 5782 448 5854 ’ξ
491 5783 891 5854 βραχὺ-φῶς.
948 5780 1073 5839 Des.
1108 5783 1162 5854 in
1200 5780 1372 5854 φρομ,
1413 5852 1419 5854 Α
1451 5782 1497 5813 ³³
1525 5781 1660 5838 Cod.
1694 5783 1892 5854 αὐτῆς.

1993 5780 2038 5813 ⁸⁵
2064 5779 2176 5835 καί.
2210 5780 2342 5836 Cod.
2374 5779 2508 5832 ἀλλ’.

2599 5777 2644 5808 ⁸³
2665 5776 2809 5840 λέξιν
2839 5791 2852 5806 ο
2885 5774 3055 5829 οὐδέν.
3099 5769 3232 5826 Cod.
3261 5767 3416 5834 τάξιν
3439 5783 3450 5796 ’
3475 5763 3614 5822 οὐδέ·

318 5850 368 5881 ⁸⁸
397 5840 540 5908 Cod:
573 5840 1035 5908 ὑῖτοδειὶνῦουσα.
1105 5853 1150 5886 ⁵⁷
1186 5851 1323 5908 Cod.
1364 5852 1589 5923 λάμπει.
1663 5852 1706 5884 ⁸⁸
1739 5840 2029 5907 τό.’”Αι)ρει
2064 5866 2092 5905 a
2139 5850 2262 5906 cod.
2340 5850 2383 5881 ⁸³
2414 5846 2698 5913 δοξάσωσι.
2735 5846 2866 5902 Cod.
2914 5857 3099 5913 praeut.
3151 5840 3262 5893 καί.
