4088 6414
529 445 632 514 179

1517 445 2005 508 THEODORETI
2033 445 2371 511 EPISCOPI
2409 449 2776 513 CYRENSIS
2825 532 2830 537 ἢ

3683 446 3783 515 180

526 566 699 635 ipsius
734 580 842 619 non
885 562 1051 617 modo
1084 560 1284 625 lucem,
1322 559 1417 616 sed
1459 559 1624 614 etiam
1652 559 1921 615 ordinem.
1955 558 2096 612 Nihil

2202 562 2277 626 ὡς
2312 564 2542 635 ἐκλεκτὴ
2569 564 2790 635 σελήνη,
2826 564 2960 618 άλλά
2995 563 3091 620 καὶ
3128 563 3203 627 ὡς
3236 562 3387 633 ἥλιος
3433 561 3784 635 ἀπαστράψει

523 658 670 713 enim
723 649 1172 724 incompositum,
1209 651 1344 705 nihil
1376 652 1670 714 incertun,
1713 651 1849 705 nihil
1894 650 2094 706 confu—

2198 654 2257 704 ἐν
2281 652 2357 721 τῷ
2390 653 2635 723 μέλλοντι
2667 652 2786 724 βίῳ,
2833 654 3042 718 πάντας
3068 651 3452 723 ἐκπλήττουσα
3490 653 3611 714 ταῖς
3638 651 3783 719 λαμ-

524 764 646 803 sum
676 749 729 801 in
757 761 959 817 sponsa
988 742 1229 797 Domini.
1252 742 1443 812 Dirigit
1465 741 1609 797 enim
1635 744 1794 812 quasi
1824 744 1888 795 ad
1918 757 2096 799 amus-

2200 742 2415 813 πηδόσι.
2466 743 2889 816 Θαυμάσουσιη
2936 744 2993 798 δέ
3036 743 3206 814 αὐτῆς
3238 743 3300 796 οὐ
3347 742 3510 813 μόνον
3546 742 3610 794 τὸ
3642 740 3778 808 φῶς,
3811 737 3815 743 ’

520 839 624 896 sint
681 840 950 904 actiones,
1005 832 1509 905 vitamque'suam
1576 834 1737 905 quasi
1782 835 1973 905 regula
2035 850 2096 890 ac

2201 835 2336 889 ἀλλὰ
2375 837 2470 890 καὶ
2500 838 2601 908 τὴν
2649 837 2839 902 τάξιν*
2895 838 3048 891 οὗδέν
3101 838 3210 906 γὰρ
3242 836 3477 891 ἄτακτον
3529 832 3682 901 παρά
3713 834 3781 903 τῇ

524 945 714 986 norma
751 929 985 999 quadam
1021 933 1179 981 utens
1203 928 1508 997 componit.
1545 925 1677 982 Post
1717 926 1903 997 sponsi
1937 925 2101 979 mini-

525 1033 766 1080 strorum
808 1019 1018 1081 laudes,
1058 1034 1263 1087 sponsa
1299 1018 1369 1074 de
1401 1035 1460 1074 se
1490 1020 1606 1088 ipsa
1634 1018 1943 1078 disserens,
1979 1017 2055 1070 ait
2085 1033 2098 1069 :

2202 924 2297 979 τοῦ
2336 928 2547 998 Κυρίου
2571 927 2780 1001 νύμφῃ,
2811 927 2961 981 οὐδὲν
2993 926 3295 998 ἀδιόριστον
3320 924 3363 956 ⁹¹
3387 965 3402 988 ,
3444 922 3600 977 οὐδὲν
3627 922 3780 976 ἀδιά-

2207 1033 2413 1087 κριτον.
2445 1013 2573 1072 Οἷον
2604 1019 2714 1090 γάρ
2734 1037 2839 1073 τινι
2864 1018 3081 1093 στάθμῃ
3106 1018 3376 1074 διευθύνει
3398 1018 3458 1071 τὸ
3480 1015 3778 1088 πρακτέον,

524 1115 618 1171 καὶ
654 1114 841 1168 κανόνι
872 1113 966 1167 καὶ
993 1111 1232 1183 γνώμονι
1265 1114 1577 1186 κεχρημένη
1617 1112 1710 1166 τὸν
1744 1112 1944 1181 ἑαυτῆς
1985 1108 2100 1179 βίον
2135 1108 2389 1180 ῥυθμίζει
2411 1115 2480 1166 θ’.
2508 1113 2664 1167 Μετά
2708 1112 2835 1175 τοὺς
2881 1111 3137 1176 ἐπαίνους
3194 1112 3306 1166 τῶν
3323 1112 3370 1144 ⁸⁸
3409 1108 3510 1164 τοῦ
3543 1106 3784 1178 νυμφίου

516 1208 797 1269 διακόνων,
822 1207 890 1260 τά
916 1207 1040 1262 καθ’
1067 1207 1317 1279 ἐαυτὴνή
1344 1207 1531 1276 νύμφη
1556 1202 1884 1275 διηγουμένη
1910 1199 2096 1272 φησίν·

593 1299 757 1356 Vens.
796 1299 883 1363 10,
921 1301 1003 1355 il.
1037 1298 1103 1354 In
1134 1299 1343 1354 hortum
1391 1298 1538 1352 nucis
1569 1294 1835 1361 descendi,
1868 1303 1928 1347 ut
1956 1291 2097 1347 vide—

426 1460 433 1465 _
517 1410 626 1448 rem
662 1394 715 1446 in
743 1391 1064 1463 germinibus
1097 1390 1346 1445 torrentis
1370 1406 1387 1443 :
1411 1398 1467 1443 ut
1500 1389 1725 1443 viderem
1779 1403 1846 1440 an
1878 1385 2096 1454 ﬂoruis-

516 1496 593 1538 set
628 1484 769 1549 uitis,
802 1500 868 1537 an
897 1483 1202 1552 ﬂoruissent
1234 1480 1379 1535 mata
1409 1480 1625 1551 punica.
1663 1477 1747 1532 Ibi
1766 1476 1905 1532 dabo
1931 1480 2093 1531 ubera

517 1574 634 1630 tibi.
671 1572 793 1628 Non
823 1574 964 1629 nouit
993 1574 1173 1628 anima
1201 1589 1339 1638 mea,
1368 1572 1546 1642 posuit
1577 1588 1658 1626 me
1687 1586 1874 1625 currus
1906 1570 2094 1624 Amin-

518 1664 678 1721 adab.
706 1663 1012 1720 Verborum
1069 1663 1407 1721 obscuritate
1456 1664 1615 1718 valde
1667 1662 1957 1718 abstrusus
2010 1667 2095 1715 est

518 1770 737 1811 sensus.
759 1754 864 1811 Sed
895 1754 1096 1811 divina:
1116 1756 1306 1828 gratia:
1328 1754 1596 1810 auxilium
1622 1754 2003 1823 implorantes,
2026 1766 2093 1806 ex

519 1846 891 1917 profunditate
919 1847 1240 1904 thesaurum
1264 1845 1612 1902 eﬂ‘odiemus.
1641 1843 1896 1901 Ostendit
1914 1851 2093 1899 caelus

519 1939 1148 2011 piorum,quem.divina
1167 1938 1459 2009 Scriptura
1478 1953 1736 2008 sponsam
1757 1937 2016 2008 appellat,
2037 1951 2097 1991 se

516 2031 737 2101 propria
767 2046 877 2086 non
911 2038 1231 2086 contentum
1258 2046 1384 2086 esse
1411 2031 1606 2098 salute,
1635 2044 1813 2100 neque
1844 2029 1947 2084 sibi
1963 2029 2097 2083 satis

516 2137 639 2179 esse
654 2123 799 2192 quod
819 2122 920 2178 soli
938 2124 1161 2194 nuptias
1186 2130 1402 2194 optatas
1415 2125 1526 2179 sint
1543 2124 1789 2180 assecuti
1809 2142 1823 2179 :
1845 2124 1941 2179 sed
1967 2123 2095 2179 totis

517 2215 727 2271 viribus
754 2216 807 2270 in
825 2230 943 2271 eam
962 2231 1152 2271 curam
1185 2217 1525 2283 incumbere,
1552 2226 1609 2273 ut
1634 2218 1879 2288 reliquos
1902 2232 2095 2274 omnes

517 2306 767 2363 homines
800 2307 870 2362 ab
895 2306 1224 2380 inl‘rugifera
1244 2309 1356 2363 vita
1381 2308 1724 2375 dimoveant,
1748 2326 1861 2381 quo
1884 2308 2095 2365 fertiles

515 2397 690 2454 eﬂ’ecti
724 2400 946 2455 virtutis
978 2399 1216 2482 fructum
1266 2400 1471 2456 ferant.
1508 2401 1665 2467 Quod
1699 2401 1920 2471 quidem
1962 2400 2095 2456 dum

519 2492 804 2552 pmstant,
827 2495 880 2541 et
908 2487 1126 2543 caeteris
1150 2487 1473 2545 hominibus
1498 2496 1700 2544 vacant
1720 2489 2094 2555 instituendis,

515 2576 717 2633 docent
748 2579 960 2636 similes
983 2596 1078 2637 eos
1103 2597 1227 2638 esse
1254 2584 1516 2641 curribus
1540 2582 1872 2650 Aminadab,
1893 2586 2003 2652 vel,
2036 2591 2096 2639 ut

519 2668 883 2741 Symmachus
936 2671 1333 2742 interpretatus
1385 2683 1496 2739 est,
1534 2695 1553 2727 ι
1615 2676 1873 2732 curribus
1910 2676 2096 2747 populi

516 2761 834 2827 praeeuntis,
867 2780 884 2813 ι
914 2762 1018 2827 vel,
1048 2772 1107 2819 ut
1134 2765 1332 2835 Aquila
1359 2766 1546 2831 vertit,
1568 2785 1587 2818 ι
1620 2768 1883 2825 curribus
1910 2767 2096 2839 populi

522 2849 678 2920 135
743 2854 1028 2921 spontanei
1088 2855 1376 2925 principis.
1437 2874 1455 2906 ι
1514 2855 1619 2911 Per
1668 2856 1889 2912 hortum
1935 2845 2096 2912 nucis

517 2950 848 3012 praesentem
876 2945 1242 3015 intelligimus
1274 2948 1465 3013 vitam,
1489 2964 1613 3020 qua
1637 2964 1762 3004 cum
1788 2963 1973 3004 amara
2001 2949 2096 3016 sit,

515 3040 571 3086 et
614 3036 881 3092 aerumnis
922 3045 1091 3108 atque
1158 3038 1447 3095 laboribus
1496 3040 1694 3110 plena,
1749 3041 2094 3097 reconditum

515 3136 701 3181 tamen
731 3126 897 3184 habet
923 3128 1145 3186 virtutis
1174 3126 1435 3186 fructum.
1473 3130 1609 3186 Nam
1667 3141 1720 3188 et
1758 3135 1919 3189 nucis
1978 3133 2094 3188 fru-

2278 1286 2332 1349 t',
2358 1292 2447 1341 ια’.
2476 1288 2579 1352 Εὶς
2620 1285 2820 1354 κῆπον
2862 1287 3087 1354 καρύας
3112 1285 3372 1355 κατέϐην
3399 1287 3508 1341 τοῦ
3537 1284 3684 1343 ἰδεῖν
3711 1287 3785 1344 ἐν

2202 1379 2536 1445 γεννήμασι
2586 1377 2692 1430 τοῦ
2741 1376 3085 1446 χειμάρῤου.
3133 1377 3282 1431 ἰδεῖν
3332 1380 3386 1431 εί
3435 1378 3709 1447 ἤνθησεν
3742 1378 3781 1451 ἦ

2199 1465 2486 1537 ἄμπελος,
2540 1470 2593 1521 εὶ
2640 1466 2918 1536 ἤνθησαν
2939 1468 2986 1499 ’⁸
3036 1470 3097 1521 αἱ
3152 1469 3288 1535 ῥοαί
3311 1486 3325 1499 ο
3372 1468 3559 1522 sui"
3608 1469 3783 1527 δώσω

2200 1557 2344 1625 τοὺς
2390 1559 2665 1627 μαστούς
2697 1560 2747 1592 ³⁸
2798 1573 2917 1613 σοι.
2978 1561 3099 1614 Οὐκ
3146 1559 3299 1630 ἔγνω
3333 1560 3377 1627 ’ἡ
3423 1560 3593 1630 ψυχή
3634 1581 3780 1632 μου,

2200 1649 2371 1705 ἔθετό
2392 1651 2435 1683 ’⁷
2448 1666 2527 1720 με
2555 1650 2785 1719 ἅρματα
2799 1649 3136 1719 Ἀμιναδάϐ.
3162 1650 3372 1720 Σφόδρα
3403 1651 3783 1722 συγκέχωσται

2199 1743 2266 1811 τῇ
2298 1741 2539 1813 ἀσαφείᾳ
2566 1740 2676 1795 τῶν
2718 1740 2980 1812 ῥημάτων
3010 1741 3044 1811 ἡ
3083 1739 3288 1794 διάνοια
3308 1757 3323 1771 ·
3350 1740 3487 1794 ἀλλά
3505 1740 3603 1812 τὴν
3629 1741 3785 1795 θείαν

2201 1831 2362 1902 χάριν
2404 1830 2694 1902 ἐπίκουρον
2725 1829 3077 1894 καλέσαντες,
3131 1829 3466 1901 διορύξωμεν
3495 1830 3556 1884 τὸ
3591 1830 3781 1901 βάθος,

2130 1923 2169 1977 Β
2198 1922 2293 1975 καὶ
2322 1922 2411 1976 τὸν
2445 1921 2718 1993 θησαυρὸν
2736 1921 3160 1992 ἀνασπάσωμεν.
3193 1920 3443 1975 Διδάσκει
3470 1923 3578 1975 τῶν
3614 1923 3780 1977 εὐσε-

2200 2012 2309 2067 ϐῶν
2355 2011 2418 2065 τὸ
2469 2013 2743 2082 σύστημα,
2784 2011 2812 2064 ὃ
2866 2011 3160 2083 νύμφηνή
3214 2011 3332 2064 θεία
3382 2012 3784 2084 προσαγορεύει

2199 2106 2412 2179 Γραφὴ,
2458 2104 2535 2169 ὠς
2563 2106 2662 2157 οὐκ
2695 2105 2992 2176 ἀρκοῦνται
3022 2107 3088 2175 τῇ
3121 2103 3332 2157 ἑαυτῶν
3365 2105 3628 2177 σωτηρίᾳ,
3657 2106 3785 2158 οὐδὲ

2197 2195 2446 2267 ἀποχρῆν
2474 2194 2733 2265 ἡγοῦνται
2751 2198 2811 2248 τδ
2830 2196 2981 2266 μόνοι
3008 2195 3103 2248 τοῦ
3125 2194 3580 2266 προσδοκωμένου
3598 2195 3788 2266 γάμου

2197 2290 2379 2359 τυχεῖν
2399 2305 2412 2319 ·
2445 2287 2584 2341 ἀλλά
2614 2288 2793 2341 πᾶσαν
2825 2285 3241 2356 συνεισφέρουσι
3273 2285 3604 2357 προθυμίαν,
3637 2286 3785 2339 ὥστε

2200 2379 2295 2434 καὶ
2323 2379 2449 2442 τοὺς
2481 2378 2673 2441 ἄλλους
2701 2378 2947 2441 ἅπαντας
2980 2376 3302 2449 ἀνθρώπους
3343 2376 3649 2443 ἀπαλλάξαι
3681 2379 3790 2448 μὲν

2198 2471 2297 2542 τῆς
2326 2471 2626 2542 ἀκαρπίας,
2673 2470 2932 2541 γονίμους
2961 2469 3017 2522 δὲ
3064 2469 3365 2539 ἀποφῆναι,
3403 2470 3498 2523 καὶ
3547 2470 3640 2523 τὸν
3681 2458 3790 2541 τῆς

2198 2562 2407 2633 ἀρετῆς
2444 2562 2699 2631 γεννῆσαι
2751 2560 3000 2635 καρπόν’
3058 2560 3363 2614 διδάσκει⁹⁸
3407 2560 3465 2613 δὲ
3496 2559 3572 2624 ώς
3600 2560 3657 2613 ἐν
3702 2561 3791 2632 τῷ

2199 2652 2375 2706 ταῦτα
2403 2655 2598 2717 ποιεῖν,
2626 2653 2721 2705 καὶ
2754 2652 2851 2722 τὴν
2882 2650 3232 2706 διδασκαλίαν
3260 2653 3373 2714 τοῖς
3406 2650 3588 2713 ἄλλοις
3609 2667 3787 2723 προσ-

2198 2750 2388 2821 φέρειν
2424 2749 2755 2819 ἀνθρώποις,
2788 2747 3031 2819 ἅρμασιν
3075 2745 3374 2818 Ἀμιναδάϐ
3420 2745 3789 2816 περιέπεσαν,

2198 2842 2254 2914 ἢ,
2287 2842 2363 2906 ώς
2400 2843 2429 2895 ό
2478 2840 2774 2912 Σύμμαχος
2806 2840 3174 2911 ήρμήνευσεν,
3212 2857 3231 2889 ι
3260 2838 3471 2909 ᾶρμασι
3519 2835 3650 2889 λαοῦ
3685 2835 3791 2889 τοῦ

2198 2933 2522 3005 ἡγουμένου,
2552 2953 2570 2985 ι
2613 2933 2669 3003 ἦ,
2705 2932 2779 2996 ὡς
2808 2935 2835 2986 ό
2862 2931 3112 2998 Ἀκύλας,
3154 2950 3172 2983 ι
3196 2930 3406 3002 ἅρμασι
3464 2927 3593 2983 λαοῦ
3621 2930 3791 2982 ἐκου-

2198 3024 2517 3094 σιαζομένου
2547 3024 2826 3093 ἄρχοντος.
2855 3041 2871 3073 ι
2928 3024 3121 3093 Κῆπον
3157 3022 3213 3075 δέ
3262 3021 3472 3093 καρύας
3511 3018 3600 3072 τὸν
3638 3035 3789 3089 παρ-

2193 3115 2323 3170 όντα
2367 3116 2479 3186 βίον
2520 3114 2799 3178 καλοῦσιν,
2833 3114 2893 3176 ὃς
2943 3113 3140 3183 πικρός
3192 3115 3309 3166 ἐστι
3357 3113 3451 3165 καὶ
3486 3109 3789 3182 μοχθηρὸς,
3830 3158 3839 3165 .

516 3224 666 3279 ctus,
698 3230 824 3271 cum
855 3218 1201 3275 extrinsecus
1233 3220 1495 3276 corticem
1547 3221 1785 3292 priorem
1811 3292 1814 3298 λ
1846 3238 2092 3279 amarum

518 3308 713 3329 μμ--.
772 3308 998 3329 -.μ---μ
1684 3313 1698 3329 .
1922 3315 1935 3328 .
1986 3327 1993 3329 ξ

2199 3207 2292 3261 καὶ
2318 3205 2595 3268 ἐπίπονος,
2633 3203 2746 3273 ἔχει
2775 3203 2831 3257 δὲ
2861 3204 2919 3255 ἐν
2949 3201 3128 3272 ἐαυτῷ
3150 3203 3241 3254 τὸν
3271 3203 3370 3272 τῆς
3404 3198 3608 3270 ἀρετῆς
3644 3216 3790 3268 καρ-

2199 3301 2301 3329 -λη
2329 3297 2713 3329 “sanun-ultu“.
2762 3294 2868 3329 ιιι-ι
2905 3296 3013 3329 νιν-
3039 3295 3133 3329 νηῒ
3159 3294 3187 3329 Α
3213 3294 3312 3329 ηἱρ
3335 3291 3545 3329 νηῆγῖηρ
3572 3292 3790 3329 νηῆιπλμ

518 3308 737 3373 haheat,
769 3308 1003 3366 alterum
1038 3319 1220 3366 autem
1274 3326 1523 3381 asperum
1550 3291 1637 3368 iac
1664 3292 1884 3381 durum,
1921 3315 2090 3381 intus,

2199 3301 2301 3353 πδν
2329 3297 2735 3370 κεκρυμμένον.
2762 3294 2873 3348 Καὶ
2905 3296 3013 3367 γάρ
3039 3295 3134 3347 καὶ
3159 3294 3187 3346 ό
3213 3294 3312 3363 τῆς
3335 3291 3545 3363 καρύας
3572 3292 3795 3361 καρπὸς

516 3408 568 3451 et
605 3405 866 3470 tanquam
900 3401 956 3456 in
988 3416 1129 3472 penu
1164 3402 1429 3473 quodam,
1463 3405 1718 3459 nucleum
1754 3407 2095 3463 esculentum

2199 3388 2260 3442 τὸ
2293 3387 2394 3459 μὲν
2424 3386 2687 3457 ἐξώτερον
2731 3384 2917 3455 λέμμα
2952 3383 3149 3454 πικρὸν
3180 3382 3315 3454 ἔχει,
3356 3382 3417 3435 τὸ
3445 3381 3513 3473 δέ
3534 3381 3795 3452 δεύτερον

516 3490 761 3547 continet
808 3494 1178 3561 reconditum,
1238 3495 1334 3565 qui
1370 3496 1489 3551 sine
1540 3495 1730 3553 labore
1772 3513 1881 3554 non
1919 3509 2098 3570 potest

515 3584 755 3638 extrahi.
807 3581 962 3641 Talis
987 3594 1073 3641 est
1098 3586 1267 3641 etiam
1318 3602 1562 3659 praesens
1590 3590 1722 3644 vita.
1770 3590 1906 3645 Cum
1946 3592 2095 3647 enim

516 3673 772 3730 dolorum
801 3684 855 3731 et
881 3677 1258 3734 molestiarum
1303 3680 1604 3736 acerbitate
1637 3681 1841 3738 referta
1893 3683 1986 3749 sit,
2020 3684 2097 3739 la-

517 3766 685 3821 bores
718 3766 882 3822 habet
937 3769 1029 3823 illa
1091 3769 1313 3840 quidem
1341 3778 1396 3827 et
1440 3772 1697 3839 sudores,
1744 3788 1858 3829 non
1912 3781 2096 3829 tamen

517 3854 766 3918 inutiles,
804 3863 900 3910 aut
953 3855 1344 3926 infrugifer-os,
1401 3859 1497 3914 sed
1557 3859 1652 3930 qui
1711 3859 2097 3915 absconditum

519 3944 760 3999 fructum
808 3945 1066 4002 habeant.
1111 3947 1480 4014 Quamobrem
1522 3950 1721 4006 beatus
1753 3951 1917 4006 etiam
1959 3951 2100 4005 Pau-

518 4038 645 4091 lus:
686 4055 706 4089 ι
771 4036 913 4104 Vita,
963 4038 1165 4109 inquit,
1218 4047 1411 4096 nostra
1454 4041 1786 4098 abscondita
1838 4051 1926 4099 est
1972 4059 2098 4098 cum

516 4127 744 4183 Christo
778 4128 831 4184 in
891 4126 1194 4186 Deo:cum
1250 4142 1432 4188 autem
1463 4131 1727 4190 Christus
1781 4136 2099 4205 apparuerit

517 4220 629 4275 vita
654 4229 869 4284 nostra,
909 4228 1041 4277 tunc
1067 4231 1120 4278 et
1142 4238 1243 4279 nos
1269 4224 1522 4281 vivemus
1552 4225 1607 4280 in
1641 4225 1764 4296 ipso
1790 4226 1839 4280 ιι.
1879 4246 2006 4278 ι--ι
2040 4226 2097 4281 ln

518 4312 738 4367 hortum
773 4313 940 4383 igitur
968 4314 1134 4372 nucis
1162 4314 1451 4381 descendi,
1494 4335 1513 4369 ι
1546 4316 1655 4373 hoc
1685 4330 1793 4385 est,
1844 4319 1899 4373 in
1930 4321 2099 4374 vitam

2200 3479 2435 3551 σκληρὸν
2468 3479 2561 3531 καὶ
2583 3477 2907 3531 ἀντίτυπον·
2945 3476 3007 3529 τὸ
3035 3475 3093 3529 δὲ
3132 3474 3414 3545 ἐδώδιμον,
3455 3468 3567 3527 οἷον
3605 3474 3663 3526 ἐν
3685 3472 3798 3527 θα·-

2198 3572 2357 3643 λάμῳ
2385 3571 2491 3624 τινὶ
2521 3568 2907 3640 ἀποκείμενον,
2955 3568 3050 3621 καὶ
3081 3566 3488 3639 κεκρυμμένον,
3531 3567 3624 3621 καὶ
3652 3568 3798 3620 ἀπό-

2200 3679 2306 3727 νως
2332 3662 2434 3715 οὐκ
2454 3659 2844 3732 ἐκφερόμενον.
2873 3657 3128 3723 Τοιοῦτος
3154 3657 3211 3712 δὲ
3243 3659 3341 3712 καὶ
3368 3660 3396 3711 ό
3427 3657 3616 3729 παρὼν
3649 3656 3803 3728 βίος,

2200 3754 2340 3826 ἔχων
2393 3752 2585 3818 ὀδύνας
2637 3752 2843 3823 πικράς
2881 3751 2977 3805 καὶ
3023 3750 3223 3818 λύπας,
3276 3751 3415 3822 ἔχων
3446 3751 3644 3814 πόνους
3690 3753 3797 3805 καὶ

2204 3849 2456 3921 ἱδρῶτας,
2490 3846 2605 3901 ἀλλ’
2636 3847 2736 3901 οὐκ
2759 3845 3007 3913 ἀγόνους,
3038 3844 3160 3899 οὐδὲ
3185 3844 3472 3915 ἀκάρπους
3491 3883 3505 3908 ,
3532 3860 3706 3914 κεκρυ
3718 3863 3793 3914 μ-

2205 3942 2365 4013 μένον
2394 3941 2452 3994 δὲ
2498 3939 2590 3993 τὸν
2625 3938 2834 4009 καρπὸν
2885 3937 3127 4008 ἔχοντας.
3175 3936 3270 3990 Διὸ
3316 3937 3409 3990 καὶ
3452 3937 3480 3989 ὁ
3516 3936 3799 4007 μακάριος

2202 4028 2413 4092 Παῦλός
2446 4027 2651 4097 φησιν,
2698 4027 2782 4080 ὅτι
2821 4046 2840 4079 ι
2891 4025 2954 4079 ἸΙ
3003 4025 3118 4097 ζωὴ
3154 4025 3310 4097 ἡμῶν
3339 4025 3647 4095 κέκρυπται
3688 4027 3798 4079 σὺν

2202 4123 2283 4194 τῷ
2321 4119 2544 4193 Χριστῷ
2575 4120 2635 4174 ἐν
2675 4119 2756 4189 τῷ
2788 4117 2938 4189 Θεῷ·
2974 4119 3101 4173 ὅταν
3133 4118 3190 4171 δέ
3237 4117 3471 4188 Χριστὸς
3499 4117 3797 4189 φανερωῗῇ

2203 4217 2237 4286 ἡ
2270 4212 2383 4285 ζωὴ
2414 4214 2591 4286 ἡμῶν,
2618 4213 2737 4266 τότε
2763 4210 2857 4264 καὶ
2894 4212 3054 4281 ἡμεῖς
3082 4208 3360 4280 ζησόμεθα
3387 4209 3445 4262 ἐν
3479 4206 3648 4277 αὐτῷ.
3693 4226 3801 4257 )—

2208 4327 2227 4360 ι
2263 4308 2358 4372 Εἰς
2389 4309 2566 4377 κῆπον
2608 4300 2701 4358 οὖν
2752 4301 2960 4374 καρύας
2994 4300 3270 4371 κατέϐην,
3323 4321 3341 4353 ι
3387 4299 3664 4353 τουτέστιν
3709 4300 3800 4364 είς

446 4430 452 4435 ε
518 4401 837 4458 humanam.
879 4403 997 4461 Cur
1027 4414 1212 4462 autem
1240 4406 1606 4475 descendisti,
1630 4424 1663 4465 o
1687 4424 1894 4480 sponsa
1915 4412 1940 4464 ?
1980 4432 1998 4464 ι
2034 4410 2096 4466 Ut

2204 4400 2295 4454 τὸν
2347 4397 2690 4469 ἀνθρώπινον
2743 4395 2876 4466 βίον.
2932 4394 3042 4447 Καὶ
3093 4393 3145 4446 τί
3187 4391 3447 4464 κατέὸης,
3487 4386 3533 4445 ὦ
3567 4391 3797 4462 νύμφης

517 4493 763 4549 viderem
811 4494 867 4550 in
915 4496 1260 4567 germinibus
1297 4499 1593 4555 torrentis.
1631 4518 1650 4552 ι
1694 4498 1912 4556 Rursus
1963 4515 2103 4571 prat-

2211 4511 2231 4542 (
2278 4491 2426 4544 Ἰδεῖν
2458 4492 2516 4543 ἐν
2540 4488 2875 4559 γεννήμασιν
2900 4483 2994 4539 τοῦ
3033 4484 3359 4556 χειμάρρου.
3399 4501 3418 4534 ι
3464 4483 3641 4541 Πάλιν
3671 4500 3801 4553 χει-

522 4584 698 4640 sentia
723 4586 841 4641 hate
867 4594 1169 4645 torrentem
1195 4589 1515 4659 appellavit.
1548 4591 1794 4649 Torrens
1816 4593 1961 4648 enim
1988 4609 2096 4649 non

2210 4586 2453 4658 μάρρουν
2476 4582 2545 4635 τά
2574 4581 2819 4652 παρόντα
2838 4577 3283 4652 προσὴγόρευσεν
3303 4594 3315 4606 ⁸
3340 4578 3402 4630 ού
3423 4574 3532 4648 γάρ
3565 4575 3802 4640 ἀένναος

518 4681 604 4730 est
642 4677 922 4747 perennis,
963 4677 1059 4734 sed
1091 4679 1269 4736 hieme
1303 4680 1527 4751 quidem
1575 4682 1719 4750 ﬂuit,
1749 4692 1943 4741 astate
1971 4701 2096 4741 vero

2205 4680 2234 4731 ὁ
2268 4675 2625 4748 χειμάρρους,
2656 4673 2772 4733 ἀλλ’
2808 4674 2866 4726 ἐν
2894 4669 3126 4742 χειμῶνι
3167 4668 3269 4741 μὲν
3300 4668 3623 4739 φερόμενος,
3653 4670 3712 4721 ἐν
3740 4665 3806 4721 δὲ

522 4766 693 4825 liuere
727 4769 954 4837 desinit,
981 4781 1035 4826 et
1063 4772 1290 4828 arescit.
1324 4772 1656 4844 Huiusmodi
1686 4785 1819 4833 sunt
1851 4794 1976 4849 qua:
2011 4780 2099 4849 jn-

2209 4771 2359 4842 θέρει
2404 4769 2587 4839 λήγων
2623 4767 2718 4820 καὶ
2758 4764 3171 4838 ξηραινόμενος.
3220 4760 3459 4815 Τοιαῦτα
3494 4759 3552 4814 δέ
3597 4758 3665 4813 τά
3696 4757 3804 4815 τοῦ

518 4860 698 4915 cunda
733 4861 988 4917 videntur
1021 4863 1076 4917 in
1104 4863 1209 4918 hac
1244 4863 1377 4918 vita.
1408 4864 1697 4924 Torrentis
1739 4845 1887 4924 enim
1925 4845 2096 4926 instar

2211 4864 2327 4933 βίου
2381 4858 2624 4932 τερπνά·
2670 4858 2763 4912 ἐπὶ
2815 4857 2914 4927 μὲν
2948 4857 3058 4928 γάρ
3090 4853 3186 4907 τοῦ
3239 4852 3525 4924 παρόντος,
3567 4845 3679 4905 οἷόν
3704 4869 3806 4916 τις

519 4950 578 5006 in
615 4954 878 5023 praesenti
926 4953 1037 5008 vita
1072 4959 1190 5015 tum
1247 4954 1444 5025 gloria,
1468 4962 1584 5012 tum
1620 4973 1778 5030 opes,
1845 4964 1996 5015 lum'
2018 4977 2101 5017 re-

2207 4955 2562 5028 χειμάρρους,
2587 4951 2681 5005 καὶ
2704 4948 2833 5015 δόξα
2861 4948 3111 5020 φέρεται,
3142 4947 3238 5001 καὶ
3268 4944 3518 5009 πλοῦτος,
3561 4945 3655 4998 καὶ¹
3700 4943 3811 5014 βα-

519 5051 852 5111 αυυηι,ιυπι
890 5044 1125 5110 deliciae,
1161 5051 1328 5116 atque
1359 5045 1456 5102 alii
1501 5047 1735 5119 hujusce
1784 5050 1911 5107 vitae
1937 5049 2096 5108 ﬂores

2212 5047 2408 5111 σιλεία,
2446 5047 2543 5099 καὶ
2578 5042 2781 5116 τρυφὴ,
2823 5039 2917 5093 καὶ
2944 5040 2993 5092 τ’
3035 5037 3174 5094 ἄλλα
3204 5036 3298 5091 τοῦ
3340 5036 3457 5107 βίου
3496 5036 3665 5106 άνθη·
3697 5034 3810 5089 τοῦ

518 5135 858 5193 dilabuntur.
904 5136 1043 5193 Cum
1107 5148 1289 5196 autem
1350 5143 1673 5214 apparuerit
1718 5145 1830 5199 vita
1889 5144 2099 5210 futura,

596 5316 617 5354 ιι
643 5312 759 5368 Col.
792 5330 873 5380 ιιι,
905 5315 957 5378 5,
989 5316 1042 5371 4.

2210 5139 2269 5194 δέ
2310 5137 2595 5209 μέλλοντος
2650 5132 2766 5202 βίου
2798 5130 3080 5202 φανέντος,
3133 5128 3312 5200 φθίνει
3362 5129 3455 5184 καὶ
3487 5129 3662 5200 λήγει,
3704 5128 3811 5182 καί¹

1829 5471 1917 5527 VA
1927 5469 2066 5526 ΜΔΕ
2101 5466 2507 5529 LECTIONES.

592 5577 805 5651 "HCod.
857 5578 1257 5651 θαυμάζουσιν.

1359 5576 1584 5654 _"A_C_od.
1646 5580 1928 5654 depictos).
1999 5583 2050 5654 A"
2092 5580 2365 5654 ῥυθμίζει.
2423 5579 2654 5654 ln__cod.
2704 5580 2958 5654 suquitur
3011 5579 3288 5654 expositio
3324 5578 3490 5631 trium
3545 5568 3811 5654 Patrum.

523 5651 570 5723 fi
601 5649 731 5705 τῶν.
773 5645 1005 5723 Αὶιεειέ
1035 5652 1164 5723 cod.
1239 5651 1289 5723 ξι
1315 5651 1372 5723 εἰ
1398 5651 1677 5723 ᾕνθησαν.
1717 5645 2068 5723 ἰξιιιίηναιίυ.
2092 5645 2432 5723 ἐξήνθησαν.
2480 5648 2685 5723 Nostra
2737 5645 2921 5723 lectio_
2952 5645 3246 5723 consentit-
3287 5664 3411 5701 eum
3461 5645 3612 5723 cod._
3636 5645 3811 5723 Max.

522 5720 567 5754 ⁸⁵
596 5723 891 5776 ἐκεῖ-σοι.
922 5721 1046 5790 lies.
1072 5721 1128 5776 in
1154 5721 1279 5777 cod.
1314 5716 1478 5776 Hebr.
1502 5716 1557 5777 et
1595 5722 1649 5774 in
1685 5720 1818 5777 edit.
1856 5716 2171 5790 Complth
2192 5716 2259 5753 ’⁸⁸
2295 5716 2555 5790 μαστούς.
2581 5719 2642 5775 ln
2674 5727 2829 5775 textu
2855 5716 2963 5790 τῶν
2990 5724 3043 5790 0'
3080 5719 3492 5790 ειειιιιὶιῳῄμιουἶ

521 5791 936 5864 -ᾋμιναδάᾇ
995 5789 1346 5864 Πείωιιιιοιι
1389 5793 1646 5864 posuerit
1684 5792 1756 5864 gs.
1809 5789 2155 5847 constituerit

524 5864 603 5926 εἰς
630 5859 783 5932 ἅρμα
807 5861 935 5915 λαοῦ
969 5859 1300 5933 ἡγουμένους
1378 5859 1424 5895 ﬂ
1461 5862 1594 5916 Cod.
1624 5859 1959 5914 διδάσκουσι.

3569 5715 3612 5748 ν⁷
3642 5714 3815 5767 ἔθετο

2164 5789 2183 5862 )
2226 5783 2312 5843 me
2351 5803 2550 5844 currus
2595 5790 2784 5860 populi
2834 5789 2939 5844 mei
2988 5783 3230 5859 ingenui.
3277 5783 3418 5842 Edit.
3457 5784 3519 5840 γ.
3570 5783 3689 5837 ἔθου
3726 5800 3815 5852 με
