4090 6454
1334 100 1433 149 ί.

1312 15 1496 22 —_—
1790 15 1966 22 *4__

330 370 468 437 1035
1416 358 1421 362 ’
1448 390 1493 405 ν-
1512 349 1609 429 ...ί
1621 372 1909 431 MALACH

2011 374 2025 432 ἰ
2057 374 2202 435 CAP.
2242 376 2358 435 ΠΙ.

2308 13 2524 21 ..τήν-ι-

3440 380 3580 447 1986

329 481 571 553 γελμένα
623 478 802 548 ἀγαθὰ
841 479 1156 549 χορηγήσει.
1193 479 1302 532 Καὶ
1337 479 1524 551 ὥσπερ
1578 483 1607 534 ό
1654 483 1909 552 αἰσθητὸς

2014 485 2155 539 bona
2186 474 2483 556 largietur.
2518 484 2584 538 Et
2632 486 3094 555 quemadmodum
3148 489 3236 545 sol
3301 464 3581 552 sensibilis

330 572 480 641 ἥλιος
511 570 746 639 ἀνίσχων
775 570 901 631 τοὺς
933 567 1087 637 ὕπνῳ
1132 569 1530 638 κατεχομένους
1563 570 1699 640 πρὸς
1740 573 1903 642 ἐργα-

332 663 454 714 σίαν
495 660 752 731 ἐγείρειν
780 658 953 722 οὕτως
1002 651 1157 722 οὗτος
1209 660 1627 731 ἐπιφαινόμενος
1657 664 1783 726 τοὺς
1831 662 1906 733 τῷ

336 751 532 823 μακρῷ
578 750 729 821 ὕπνῳ
786 750 864 821 τῷ
911 747 1126 819 θανάτῳ
1185 749 1580 819 κατεχομένους
1631 752 1904 820 ἀνίστησι.

332 842 464 896 Τότε
494 841 559 913 δὴ
581 883 594 905 ,
624 842 742 895 τότε
764 880 780 904 ,
828 840 981 910 φησὶ,
1019 859 1038 890 ι
1080 840 1191 893 Καὶ
1221 840 1583 907 ἐξελεύσεσθε,
1618 842 1712 895 καὶ
1749 858 1907 913 σκιρ-

332 935 547 1003 τήσετε,
586 932 661 994 ὼς
695 931 966 1001 μοσχάρια
995 930 1059 983 ἐκ
1080 929 1294 1001 δεσμῶν
1318 931 1599 1000 ἀνειμένα.
1637 950 1656 983 ι
1703 930 1908 1001 ’Δπηλ-

333 1024 537 1093 λάγητε
566 1022 673 1092 γὰρ
698 1021 808 1075 τῶν
841 1021 939 1091 τῆς
962 1022 1235 1092 ἁμαρτίας
1262 1022 1496 1092 δεσμῶν.

404 1119 473 1181 γ’.
506 1132 524 1163 ι
558 1112 667 1166 Καὶ
689 1111 1105 1182 καταπατήσετε
1129 1112 1359 1182 ἀνόμους
1378 1150 1393 1175 ,
1414 1113 1506 1166 καὶ
1528 1111 1739 1167 ἔσονται
1770 1129 1904 1167 σπου

334 1203 421 1265 δδς
463 1204 720 1257 ὑποκάτω
756 1202 868 1255 τῶν
915 1201 1092 1255 ποδῶν
1127 1202 1300 1272 ὑμῶν,
1342 1204 1399 1257 ἐν
1428 1206 1493 1275 τῇ
1522 1204 1705 1275 ήμέρᾳ
1796 1203 1907 1272 ἐγὼ

338 1294 513 1359 ποιῶ,
561 1292 710 1359 λέγει
761 1292 965 1363 Κύριος
1025 1294 1440 1365 παντοκράτωρ.
1473 1312 1490 1346 ι
1529 1293 1714 1357 Οὕτως
1762 1290 1831 1365 ἦν
1878 1295 1908 1348 ό

337 1382 591 1446 πλούσιος
620 1381 699 1452 τῷ
726 1383 960 1452 Λαζάρῳ
978 1397 993 1411 ⁸
1025 1382 1194 1447 οὕτως
1223 1382 1436 1437 ἔσονται
1463 1386 1573 1447 τοῖς
1609 1384 1904 1456 ἀδικουμέ-

336 1490 450 1538 νοις
496 1473 546 1525 οί
597 1472 792 1536 ἄδικοι,
843 1476 954 1537 τοῖς
976 1473 1022 1506 ⁹⁰
1069 1473 1246 1541 ἁγίοις
1280 1474 1544 1545 μάρτυσιν
1575 1476 1624 1527 οί
1654 1475 1909 1546 τύραννοι

336 1566 432 1619 καὶ
470 1562 715 1617 διῶκται.
751 1561 881 1617 Εἶτα
907 1565 1104 1626 αὐτοὺς
1129 1565 1536 1635 ἀναμιμνήσκει
1559 1558 1633 1619 ὧν
1657 1568 1782 1637 περὶ
1809 1565 1906 1619 τοῦ

334 1653 610 1707 Δεσπότου
635 1652 872 1723 Χριστοῦ
900 1654 1105 1723 Μωσῆς
1130 1654 1503 1725 προηγόρευσε
1522 1669 1536 1682 ⁸
1569 1655 1662 1708 καὶ
1697 1654 1908 1708 κελεύει

339 1745 437 1797 σὺν
467 1744 721 1815 ἀκριϐείᾳ
765 1743 856 1797 τὸν
901 1745 1066 1814 νόμον
1112 1744 1584 1814 ἀναγινώσκοντας
1627 1745 1908 1799 πείθεσθαι

337 1836 510 1905 αὐτῷ,
547 1836 642 1888 καὶ
675 1834 936 1905 μηδαμῶς
966 1833 1285 1904 ἀντιλέγειν.

407 1927 468 1978 δ’.
500 1927 545 1959 ⁹¹
575 1945 594 1976 ι
627 1926 916 1996 Μνήσθητε
950 1925 1044 1978 τοῦ
1064 1927 1112 1959 ’³
1140 1926 1306 1996 νόμου
1333 1926 1507 1997 Μωσῆ
1547 1927 1736 1981 δούλου
1782 1945 1905 1999 μου,

334 2014 525 2069 καθότι
554 2014 906 2083 ἐνετειλάμην
932 2012 1080 2084 αὐτῷ
1118 2015 1175 2066 ἐν
1208 2014 1410 2086 Χωρὴϐ
1445 2016 1581 2086 πρὸς
1611 2018 1788 2072 πάντα
1814 2018 1908 2071 τὸν

334 2104 563 2175 ’Ἰσραὴλ
591 2104 984 2174 προστάγματα
1028 2106 1124 2157 καὶ
1155 2104 1521 2175 δικαιώματα.
1574 2124 1594 2159 ν
1652 2104 1784 2161 Εἶτα
1815 2125 1909 2161 σα-

335 2195 454 2264 φῶς
492 2195 873 2265 ἐπιστάμενος,
915 2193 991 2257 ὼς
1022 2193 1145 2247 οὔτε
1183 2193 1262 2265 τῷ
1304 2196 1454 2265 νόμῳ
1501 2196 1906 2267 πεισθήσονται,

328 2284 460 2340 οὕτε
488 2285 651 2339 αὐτὸν
677 2284 1108 2356 παραγινόμενον
1131 2284 1501 2352 ὑποδέξονται,
1527 2286 1661 2341 ἀλλά
1692 2286 1910 2359 σταυρῷ

335 2373 769 2447 παραδώσουσιν,
800 2373 992 2444 ἀφάτῳ
1033 2373 1415 2444 φιλανθρωπίᾳ
1460 2372 1765 2445 χρώμενος,
1803 2375 1909 2427 ὁπ-

342 2468 606 2536 ισχνεῖται
636 2466 840 2529 αὐτοῖς,
875 2465 1040 2520 πάλιν
1067 2465 1159 2519 τὸν
1200 2465 1388 2520 Ἠλίαν
1415 2466 1650 2537 πέμψειν
1692 2467 1910 2538 κήρυκα

336 2557 637 2629 σωτηρίας,
666 2555 761 2609 καί
797 2572 963 2625 φησιν
982 2570 996 2585 ·

410 2656 470 2704 ε’.
509 2666 529 2702 ι
576 2648 705 2703 Ἰδοὺ
735 2647 847 2716 ἐγὼ
875 2646 1191 2702 ἀποστέλλω
1217 2647 1346 2717 ὑμῖν
1387 2645 1574 2699 Ἠλίαν
1602 2644 1694 2698 τὸν
1719 2645 1905 2699 Θεσὸίι

331 2756 458 2807 την.
489 2757 509 2790 ι
557 2738 667 2791 Καὶ
701 2737 984 2808 σημαίνων
1010 2734 1104 2790 τὸν
1135 2736 1346 2806 καιρὸν,
1378 2736 1628 2806 ἐπήγαγε
1648 2752 1661 2767 ·
1717 2753 1735 2786 ι
1773 2736 1909 2808 Πρὶν

334 2832 518 2887 ἐλθεῖν
545 2831 647 2903 τὴν
673 2828 888 2901 ἡμέραν
922 2828 1131 2900 Κυρίου
1174 2827 1272 2899 τὴν
1307 2826 1552 2898 μεγάλην
1584 2829 1677 2881 καὶ
1706 2828 1909 2899 ἐπιφαη

335 2924 426 2994 νῆ.
464 2941 483 2974 ι
526 2921 639 2993 Τὴν
670 2920 768 2992 τῆς
794 2918 1049 2990 δευτέρας
1084 2918 1405 2987 ἐπιφανείας
1433 2918 1683 2989 ὠνόμασε
1704 2934 1717 2947 ·
1761 2918 1907 2972 διδά-

336 3032 460 3070 σκει
488 3012 546 3067 δέ
595 3012 740 3084 άπερ
764 3014 793 3066 ό
835 3012 1011 3083 μέγας
1048 3011 1233 3075 Ἠλίας
1268 3011 1482 3080 ποιήσει
1531 3010 1906 3082 παραγενόμε-

335 3121 449 3168 νος.
562 3166 565 3171 ς

414 3201 485 3260 ς’.
529 3212 549 3246 ι
601 3196 697 3258 ’ος
745 3194 1189 3263 ἀποκαταστήσει
1238 3193 1464 3265 καρδίαν
1520 3192 1721 3264 πατρὸς
1776 3191 1912 3260 πρὸς

336 3285 477 3345 υἱὸν,
523 3281 618 3335 καὶ
662 3281 889 3351 καρδίαν
915 3281 1203 3351 ἀνθρώπου
1241 3282 1376 3350 πρὸς
1415 3280 1507 3332 τὸν
1547 3278 1772 3349 πλησίον
1812 3279 1910 3331 αὑ-

332 3374 454 3430 τοῦ.
499 3392 518 3425 ι
554 3372 667 3427 Καὶ¹
689 3370 902 3434 δεικνὺς
926 3372 1018 3424 τὶν
1057 3371 1277 3438 σκοπὸν,
1309 3370 1375 3424 δι’
1406 3371 1464 3422 ὃν
1505 3370 1689 3432 Ἠλίας
1721 3370 1911 3439 πρότε-

338 3484 435 3540 ρος
460 3464 841 3537 παραγίνεται,
872 3463 1121 3533 ἐπήγαγε
1142 3480 1156 3493 ο
1192 3482 1210 3514 ι
1250 3462 1343 3533 Μὴ
1365 3460 1534 3515 ἐλθὼν
1559 3459 1784 3524 πατάξω
1810 3461 1910 3531 τήν

335 3559 444 3628 γῆν
468 3555 656 3628 ἄρδην.
696 3572 715 3606 ι
759 3553 876 3607 Ἵνα
907 3552 1016 3625 γὰρ
1067 3553 1142 3625 μὴ
1188 3552 1363 3624 εὑρὼν
1408 3554 1553 3624 ὑμᾶς
1600 3553 1807 3617 πάντας
1853 3555 1909 3607 ἐν

339 3645 592 3717 ἀπιστίᾳ,
621 3644 866 3708 ἅπαντας
891 3644 1035 3715 ὑμᾶς
1069 3645 1148 3707 είς
1176 3645 1275 3715 τὴν
1306 3643 1662 3712 ἀτελεύτητον
1690 3643 1911 3698 κόλασιν

337 3737 713 3809 παραπέμψω,
742 3735 862 3807 ἥξει
910 3736 1175 3808 πρότερος
1235 3735 1454 3799 Ἠλίας,
1501 3737 1598 3788 καὶ
1637 3735 1735 3805 τὴν
1771 3735 1911 3805 ἐμὴν

335 3831 487 3901 ὑμᾶς
529 3827 834 3898 παρουσίαν
865 3826 1089 3890 διδάξει,
1129 3826 1223 3879 καὶ
1265 3827 1442 3880 πείσει
1493 3826 1656 3898 ὑμᾶς,
1691 3820 1736 3878 ὦ
1780 3826 1911 3878 Ἰου-

333 3922 501 3984 δαῖοι,
530 3919 641 3981 τοῖς
672 3915 731 3981 ἐξ
759 3914 926 3968 ἐθνῶν
956 3918 1035 3978 είς
1068 3918 1167 3985 ἐμέ
1196 3916 1614 3970 πεπιστευκόσιν
1644 3914 1911 3969 ἀνενδοιά-

341 4028 484 4073 στως
527 4007 815 4079 ἐνωθῆναι,
852 4006 947 4060 καὶ
978 4005 1108 4076 μίαν
1156 4005 1433 4076 ἀποφῆναι
1468 4006 1567 4076 τὴν
1612 4004 1750 4075 ἐμὴν
1793 4005 1910 4057 Ἐκ-

339 4100 590 4171 κλησίαν.
617 4096 882 4165 Πατέρας
906 4097 963 4150 δέ
979 4096 1025 4128 ⁹³
1060 4095 1216 4149 καλεῖ
1263 4081 1574 4161 Ἰουδαίους,
1601 4096 1676 4158 ὼς
1705 4095 1911 4168 προτέ-

340 4207 471 4263 ρους
502 4187 801 4260 κληθέντας
820 4204 834 4218 ·
871 4185 1041 4252 υἱοὺς
1062 4186 1117 4239 δέ
1144 4185 1211 4239 τὰ
1243 4185 1393 4256 ἔθνη,
1415 4185 1490 4249 ὡς
1521 4187 1639 4256 μετ’
1666 4185 1911 4247 ἐκείνους

341 4283 633 4348 σωθέντας.
681 4280 895 4351 Ἐπειδὴ
948 4280 1127 4334 τοίνυν
1171 4281 1332 4349 ἡμεῖς
1375 4279 1472 4349 μέν
1505 4278 1596 4332 καὶ
1643 4278 1738 4333 νῦν
1784 4279 1909 4333 ’ίου-

338 4376 522 4440 δαίους
554 4372 935 4444 προτρέπομεν
974 4372 1054 4434 εἰς
1085 4370 1383 4437 εὐσέϐειαν,
1427 4372 1626 4424 ἐκεῖνοι
1661 4371 1717 4423 δὲ
1754 4372 1912 4424 ἀπει-

2009 576 2264 631 exoriens
2315 590 2513 631 somno
2554 570 2865 647 pppressos
2921 579 2989 635 ad
3026 582 3272 637 laborem
3323 585 3526 639 excitat
3559 606 3580 649 ς

2009 665 2089 718 sic
2148 664 2237 718 llic
2287 665 2585 720 adveniens
2648 668 2811 736 longo
2873 682 3088 733 somno,
3130 672 3185 725 id
3234 680 3322 726 est
3377 684 3576 736 morte,

2008 756 2346 811 constrictos
2376 756 2601 811 excitat.
2639 755 2814 818 Tunc,
2849 758 3063 828 inquit,
3097 768 3232 816 tunc
3271 780 3290 813 ι
3324 763 3578 833 Egredie-

2010 845 2142 899 mini
2176 855 2230 900 et
2258 846 2468 902 salictis
2499 847 2646 902 sicut
2687 848 2843 903 vituli
2879 848 2946 903 de
2991 850 3226 907 vinculis
3254 855 3511 910 relaxati.
3553 874 3574 906 ι

2010 933 2263 1004 Expediti
2290 936 2434 991 enim
2462 938 2598 994 estis
2624 951 2654 992 a
2684 939 2922 995 vinculis
2952 948 3327 1011 peccatorum.

2079 1111 2248 1168 Vens.
2282 1113 2334 1167 ὅ.
2366 1130 2385 1165 ι
2426 1113 2493 1167 Et
2546 1113 2947 1169 conculcabitis
3001 1115 3262 1185 iniquos,
3314 1125 3369 1171 et
3416 1127 3581 1173 erunt

2009 1204 2153 1258 cinis
2184 1205 2289 1258 sub
2342 1204 2573 1273 pedibus
2626 1203 2845 1269 vestris,
2898 1204 2952 1258 in
3004 1204 3092 1261 dic
3140 1221 3249 1275 quo
3285 1222 3387 1276 ego
3416 1207 3577 1271 facio,

2009 1295 2148 1349 dicit
2195 1295 2463 1349 Dominus
2514 1296 2889 1366 omnipotens.
2932 1315 2950 1349 ι
2991 1297 3086 1351 Sic
3124 1305 3242 1351 erat
3290 1299 3445 1353 dives
3473 1298 3578 1352 La-

2010 1400 2161 1451 zaro,
2204 1385 2286 1439 sic
2346 1397 2512 1440 erunt
2547 1386 2750 1456 injuria
2794 1386 3005 1442 affectis
3059 1388 3153 1458 qui
3191 1388 3448 1457 injuriam
3500 1389 3581 1442 fa-

2010 1477 2188 1539 ciunt;
2218 1475 2299 1530 sic
2326 1475 2535 1531 sanctis
2578 1477 2914 1547 martyribus
2950 1477 3169 1548 tyranni
3220 1485 3273 1532 et
3316 1492 3580 1547 persecu-

2009 1575 2176 1623 tores.
2208 1566 2408 1623 Postea
2454 1576 2682 1623 renovat
2730 1569 3052 1625 memoriam
3115 1584 3330 1634 eorum,
3362 1584 3485 1638 quae
3506 1568 3583 1622 ‘de

2008 1655 2232 1711 Christo
2259 1655 2494 1711 Domino
2523 1655 2704 1711 Moses
2737 1656 2994 1724 praedixit
3033 1674 3045 1710 :
3079 1654 3346 1725 jubetque
3391 1658 3580 1711 studio

2012 1747 2224 1801 intento
2262 1746 2435 1816 legem
2464 1745 2669 1814 legere,
2702 1746 2896 1817 illique
2940 1747 3339 1815 obtemperare,
3382 1755 3437 1801 et
3490 1764 3581 1802 ne.

1936 1825 1982 1878 Β
2011 1852 2287 1908 quaquam
2315 1836 2718 1892 contradicere.

2081 1926 2247 1983 Vsus.
2293 1925 2347 1980 4.
2384 1944 2405 1978 ι
2441 1925 2771 1981 Mementote
2818 1926 2956 1996 legis
3015 1925 3184 1981 Mosis
3235 1926 3376 1980 servi
3430 1926 3574 1988 mei,

2008 2021 2153 2077 sicut
2189 2018 2440 2074 mandavi
2468 2019 2518 2073 ei
2555 2018 2607 2072 in
2641 2017 2879 2082 ClIOI'Cb,
2930 2016 2997 2072 ad
3052 2031 3268 2072 omnem
3322 2016 3573 2071 lsraelcm
3621 2018 3628 2025 '

2009 2120 2282 2182 praecepta
2307 2117 2364 2164 et
2390 2108 2624 2177 judicia.
2673 2127 2692 2160 ι
2732 2108 2937 2163 Deinde
2973 2123 3099 2165 cum
3146 2107 3316 2163 sciret
3345 2122 3443 2162 eos
3476 2123 3576 2160 ne-

2010 2217 2116 2272 que
2150 2201 2252 2271 legi
2317 2199 2528 2271 1693
2576 2200 3078 2269 obtemperaturos,
3115 2213 3295 2268 neque
3338 2211 3461 2253 eum
3519 2196 3576 2250 in
3651 2242 3658 2248 .

2008 2293 2276 2349 mundum
2335 2293 2643 2347 venientem
2692 2301 3047 2361 recepturos,
3105 2289 3201 2345 sed
3251 2289 3306 2342 in
3355 2302 3577 2343 crucem

2009 2392 2234 2438 acturos
2290 2397 2437 2449 esse,
2507 2381 2883 2452 inexplicabili
2950 2379 3335 2436 misericordia
3390 2387 3574 2439 utens,

2009 2475 2182 2529 Eliam
2207 2490 2404 2530 rursus
2439 2473 2552 2528 illis
2578 2488 2637 2529 se
2690 2474 2993 2527 missurum
3043 2471 3339 2542 pollicetur
3368 2483 3579 2541 pramo-

2010 2581 2132 2620 nem
2184 2564 2400 2622 salutis.
2438 2572 2491 2618 et
2525 2563 2639 2617 ait:

2081 2652 2245 2709 Vens.
2275 2653 2327 2708 5.
2360 2671 2378 2704 ι
2416 2652 2480 2707 Et
2511 2667 2638 2708 ecce
2664 2667 2765 2721 ego
2797 2651 2955 2705 mitto
2983 2651 3149 2706 vobis
3186 2649 3359 2705 Eliam
3403 2648 3580 2705 Thes-

2009 2744 2203 2800 bitam.
2241 2763 2260 2796 ι
2318 2743 2458 2799 Tum
2510 2743 2764 2797 indicans
2816 2750 3055 2813 tempus,
3110 2741 3313 2811 adjecit
3354 2758 3369 2793 ε
3407 2761 3426 2792 ι
3466 2743 3580 2794 An-

2011 2841 2229 2902 tequam
2258 2833 2445 2887 veniat
2470 2833 2591 2887 dies
2634 2832 2852 2885 Domini
2893 2846 3128 2901 magnus
3163 2839 3217 2884 et
3241 2830 3499 2885 illustris.
3551 2849 3568 2879 ι

2010 2923 2160 2978 Diem
2217 2925 2445 2979 secundi
2499 2923 2768 2977 adventus
2819 2922 2981 2987 dixit,
3018 2928 3071 2974 et
3129 2936 3192 2975 ea
3252 2921 3413 2975 docet
3459 2934 3580 2990 quae

2012 3029 2246 3084 magnus
2276 3012 2426 3068 Elias
2450 3011 2701 3068 facturus
2738 3011 2832 3077 sit,
2867 3025 2993 3065 cum
3025 3014 3259 3066 venerit.

2088 3183 2249 3239 Vens.
2274 3185 2326 3238 6.
2356 3202 2374 3236 ι
2403 3183 2506 3250 Qui
2537 3191 2821 3239 convertet
2854 3198 2949 3238 cor
2980 3184 3157 3252 patris
3186 3185 3252 3238 ad
3297 3184 3488 3249 ﬁlium,
3525 3193 3580 3239 et

2011 3290 2107 3331 cor
2143 3274 2381 3329 hominis
2418 3275 2487 3328 ad
2521 3274 2832 3345 proximum
2892 3290 3074 3330 suum.
3116 3295 3135 3327 ι
3163 3274 3229 3329 Ει
3275 3284 3334 3328 ιιι
3373 3277 3580 3331 indicet

2011 3383 2120 3438 quo
2149 3366 2255 3421 ﬁne
2296 3365 2444 3420 Elias
2482 3367 2638 3435 prior
2686 3365 2918 3427 venerit,
2959 3364 3205 3434 adjecit:
3246 3382 3265 3415 ι
3314 3365 3391 3421 Ne
3437 3367 3599 3423 forte

2010 3461 2236 3514 veniens
2269 3459 2572 3529 percutiam
2596 3465 2797 3512 terram
2830 3457 3071 3527 penitus.
3105 3476 3123 3508 ι
3149 3454 3228 3512 Ne
3265 3457 3447 3523 enim,
3484 3460 3576 3513 in-

2011 3551 2150 3621 quit,
2169 3565 2269 3606 vos
2292 3564 2486 3605 omnes
2510 3550 2564 3603 in
2601 3546 2929 3603 inﬁdelitate
2971 3548 3347 3617 deprehensos
3372 3567 3571 3622 ρει-ρε-

2010 3651 2106 3698 ῑιιο
2128 3641 2397 3713 supplicio
2427 3640 2661 3703 tradam,
2699 3641 2852 3710 prius
2883 3641 3062 3696 veniet
3093 3641 3265 3706 Elias,
3293 3649 3349 3698 et
3385 3657 3568 3700 meum

2013 3734 2310 3790 adventum
2344 3720 2439 3788 vos
2480 3733 2702 3788 docebit
2732 3751 2746 3786 ε
2773 3742 2828 3788 et
2850 3733 3033 3797 vobis,
3061 3748 3094 3787 ο
3122 3731 3321 3803 Judaei,
3351 3735 3580 3792 induc-et

2013 3826 2069 3881 in
2131 3825 2395 3890 animum,
2451 3831 2509 3878 ut
2562 3825 2682 3879 sine
2740 3824 3091 3881 dubitatione
3137 3841 3263 3882 cum
3328 3828 3578 3896 gentium

2016 3903 2267 3968 ﬁdelibus
2313 3913 2763 3982 conjungamini,
2819 3921 2873 3966 et
2918 3915 2972 3967 in
3034 3928 3201 3968 unam
3252 3915 3580 3985 redigamini

2015 3995 2313 4059 Ecclesiam
2377 4017 2572 4056 meam.
2638 4000 2829 4057 Patres
2869 4011 3054 4057 autem
3116 4014 3276 4059 vocat
3336 4003 3577 4070 Judteos,

2012 4095 2155 4163 quod
2202 4093 2445 4162 priores'
2478 4092 2657 4147 vocati
2724 4091 2974 4146 fuerint:
3008 4091 3150 4161 ﬁlios
3197 4107 3329 4147 vero
3370 4102 3577 4164 gentes,
3630 4160 3633 4161 ν

2013 4185 2158 4254 quod
2183 4195 2304 4255 post
2346 4198 2443 4240 eos
2469 4183 2607 4237 salvi
2636 4182 2765 4237 facti
2799 4188 2951 4237 sunt.
2979 4181 3255 4248 Quoniam
3312 4197 3445 4253 ergo
3477 4198 3581 4239 nos

2012 4277 2117 4334 hoc
2154 4285 2401 4347 tempore
2430 4273 2651 4331 Iudaeos
2679 4274 3042 4330 adhortamur
3069 4274 3137 4329 ad
3166 4275 3449 4344 pietatem,
3501 4276 3580 4331 illi

2011 4376 2206 4426 contra
2272 4380 2552 4437 nunquam
2621 4366 2845 4421 monitis
2898 4366 3110 4422 nostris
3163 4366 3577 4437 obtemperant,

341 4464 559 4527 θοῦντες
592 4462 913 4529 διατελοῦσι,
950 4461 1047 4533 τὴν
1095 4460 1371 4532 ἡμετέραν
1411 4460 1684 4532 σωτηρίαν
1732 4460 1908 4529 ζηλω-

2014 4460 2246 4516 salutem
2278 4465 2529 4514 nostram
2564 4457 2928 4525 :emulantes,
2978 4458 3174 4514 merito
3213 4458 3354 4513 dixit
3405 4458 3580 4514 Etiam

341 4550 658 4618 τυποῦντες,
693 4553 915 4616 εἰκότως
940 4553 1046 4621 ἔφη
1072 4551 1164 4607 τὸν
1201 4551 1387 4605 Ἠλίαν
1433 4552 1638 4622 πατρὸς
1682 4550 1908 4623 καρδίαν

342 4645 482 4714 πρὸς
509 4644 623 4697 υίδν
644 4646 1118 4717 ἀποκαταστήσειν
1141 4660 1154 4673 ·
1185 4643 1423 4707 ἐκείνους
1446 4643 1556 4712 γὰρ
1590 4642 1767 4696 πείσει
1809 4642 1908 4712 τὴν

343 4734 480 4806 πρὸς
512 4735 658 4806 ἡμᾶς
701 4732 954 4799 δέξασθαι
999 4733 1302 4789 κοινωνίαν.
1342 4732 1527 4787 Ταῦτα
1571 4732 1627 4786 δέ
1656 4733 1715 4785 οὐ
1751 4732 1907 4803 μόνον

355 4826 626 4890 Ἰουδαίοις
686 4827 903 4896 ἀπόχρη
951 4825 1067 4890 δέος
1124 4825 1376 4887 ἐνθεῖναι,
1435 4823 1573 4878 ἀλλά
1618 4825 1714 4877 καὶ
1761 4824 1910 4894 ἡμᾶς

343 4920 507 4975 ικανά
557 4919 812 4990 φοϐῆσαι.
847 4919 997 4989 Ὅσῳ
1048 4916 1158 4987 γὰρ
1208 4916 1468 4987 μειζόνων
1516 4914 1910 4986 ἀπηλαύσαμεν

343 5007 581 5078 ἀγαθῶν,
612 5006 851 5077 τοσούτῳ
894 5006 990 5059 καὶ
1026 5004 1242 5076 μείζους
1273 5003 1502 5068 εὐθύνας
1529 5002 1815 5075 ὀφείλομεν
1840 5000 1918 5072 τῷ

343 5100 526 5171 κριτῇ.
576 5090 651 5150 Οὔ
680 5097 841 5167 χάριν
878 5097 1024 5166 ἡμᾶς
1055 5095 1323 5167 προσήκει
1363 5094 1500 5166 πρὸς
1557 5093 1776 5159 ἐκείνην
1819 5092 1913 5144 εὐ-

340 5191 565 5261 τρεπεῖς
591 5188 691 5260 τὴν
716 5186 927 5257 ἡμέραν
953 5187 1242 5256 γενέσθαι)
1279 5186 1366 5240 ἵνα
1405 5186 1501 5240 σὺν
1527 5183 1809 5257 παρρησίᾳ
1844 5182 1920 5253 τῷ

344 5279 707 5352 φοὸερωτάτῳ
742 5278 946 5349 βήματι
978 5276 1378 5349 παραστάντες,
1422 5274 1533 5329 τῶν
1572 5272 1920 5345 ἐπηγγελμέ-

342 5391 448 5429 νων
480 5371 876 5443 ἀπολαύσωμεν
914 5369 1153 5440 ἀγαθῶν.
1201 5368 1343 5439 Ἐγὼ
1390 5369 1446 5422 δέ
1498 5368 1625 5432 τοὺς
1671 5367 1912 5434 ἐντευξο-

2015 4551 2189 4621 patris
2238 4565 2335 4604 cor
2364 4549 2430 4603 ad
2472 4548 2643 4604 ﬁlium
2673 4564 3067 4605 conversurum
3103 4568 3245 4609 esse.
3279 4550 3409 4608 Illos
3435 4551 3582 4606 enim

2015 4641 2252 4695 adducet
2301 4644 2362 4694 ut
2391 4646 2638 4694 nostram
2680 4640 3124 4695 communionem
3161 4641 3579 4710 amplectantur.

2014 4730 2142 4787 Haec
2190 4738 2374 4785 autem
2410 4744 2517 4784 non
2565 4728 2728 4785 modo
2772 4728 2980 4785 Judaeis
3032 4732 3282 4786 timorem
3336 4730 3582 4800 injicere,

2015 4823 2110 4879 sed
2143 4837 2245 4878 nos
2275 4837 2492 4891 quoque
2526 4821 2961 4892 perterrefacere
2998 4832 3252 4891 possunt.
3297 4819 3434 4875 Nam
3473 4834 3584 4889 quo
3694 4821 3708 4834 '

2015 4913 2318 4985 majoribus
2346 4913 2510 4969 bonis
2550 4913 2711 4983 potiti
2744 4928 2958 4980 sumus,
2992 4928 3058 4968 eo
3099 4913 3340 4983 majores
3390 4926 3585 4984 plenas
3616 4970 3617 4975 η

2016 5004 2083 5059 de
2105 5005 2266 5059 nobis
2296 5012 2473 5059 sumet
2500 5003 2688 5073 judex.
2716 5003 3082 5070 Quamobrem
3114 5003 3274 5059 nobis
3297 5002 3478 5059 danda
3499 5011 3587 5060 est

2015 5107 2207 5163 Opera,
2255 5101 2317 5148 ut
2345 5094 2518 5163 probe
2543 5093 2848 5163 comparati
2881 5092 3058 5148 simus
3088 5092 3156 5146 ad
3205 5093 3356 5147 illum
3409 5092 3581 5156 diem,

2020 5182 2236 5256 1694
2264 5191 2324 5237 ιιι
2357 5199 2481 5238 cum
2536 5182 2735 5237 ﬁducia
2792 5181 2860 5236 ad
2901 5181 3144 5237 tribunal
3207 5182 3447 5236 maxime
3498 5196 3585 5236 re—

2018 5272 2428 5328 formidandum
2476 5280 2751 5337 astantes,
2779 5272 2924 5327 bona
2960 5270 3232 5342 promissa
3279 5284 3587 5339 consequa-

2019 5382 2165 5422 mur.
2203 5365 2317 5438 F.go
2350 5380 2481 5421 vero
2508 5365 2642 5419 illud
2675 5364 2916 5421 monitos
2964 5364 3126 5420 velim
3165 5363 3398 5418 lectores
3437 5360 3586 5413 labo-

528 5587 533 5592 ,
1645 5520 1878 5577 ἾΑΒΙΛΕ
1915 5520 2321 5577 LECTIONES.

412 5638 458 5670 θ’
489 5638 619 5700 τοῖς.
655 5636 693 5691 C
713 5634 838 5689 add.
874 5650 952 5687 τε.
1014 5634 1058 5666 ⁹¹
1082 5631 1139 5703 In
1170 5631 1520 5703 Aetiamhic
1551 5645 1698 5687 vers.
1740 5631 1989 5703 sequitur
2012 5638 2133 5702 post
2164 5633 2404 5688 tertium.
2463 5634 2507 5667 "
2537 5633 2653 5689 τοῦ.
2682 5601 2812 5692 Des.
2848 5631 2901 5686 in
2931 5633 2995 5687 A.
3053 5630 3100 5664 ”
3130 5627 3344 5696 κατ.δὲ,
3373 5641 3429 5680 κ.
3450 5638 3503 5678 τ.
3528 5617 3583 5675 λ.

346 5706 470 5765 Vill.
502 5721 688 5777 supra,
724 5721 775 5776 ι).
813 5704 970 5771 1294,
1012 5703 1076 5758 ad
1114 5701 1246 5757 Dan.
1282 5701 1450 5765 xn,l.
