4076 6416
536 347 633 413 187

1532 353 2020 413 THEODORETI
2043 351 2382 412 EPISCOPI
2405 354 2772 414 CYRENSIS

3703 346 3806 410 188

529 472 755 527 gressus
791 457 889 519 tui,
922 457 1031 512 fllia
1061 457 1291 514 Nadab!
1351 479 1368 510 ›
1419 458 1642 525 Verum,
1681 468 1739 514 ut
1777 477 1889 517 non
1941 460 2107 516 modo

2213 465 2498 535 προφήτης
2532 463 2758 524 Ἡσαΐας
2821 461 3072 532 προορῶν
3126 459 3328 528 ἔλεγεν·
3382 479 3396 508 ι
3469 458 3556 520 Ὠς
3608 462 3801 528 ωραῖοι

527 565 593 603 ex
637 549 882 604 nominis
919 551 1395 620 interpretatione,
1439 553 1533 606 sed
1569 554 1735 606 etiam
1769 568 1832 607 ex
1870 553 1991 622 ipso
2014 568 2114 607 no-

533 637 680 693 mine
729 641 1218 709 contemplationis
1273 640 1512 708 alicujus
1559 649 1825 696 nascatur
1861 642 2112 706 occasio,

531 745 660 800 age,
703 732 832 801 quis
861 730 1050 786 Nadab
1095 733 1168 785 sit
1217 732 1639 802 investigemus.
1698 733 1825 788 Fuit
1871 734 2114 789 Aaronis

533 822 679 876 filius
717 821 766 885 δ,
799 822 889 889 qui
911 862 927 885 ,
961 836 1085 875 cum
1137 821 1318 890 ignem
1354 822 1595 877 alienum
1643 824 1696 877 in
1728 825 1824 878 Dei
1855 824 2114 879 taberna-

531 913 716 966 culum
765 913 1062 976 intulisset,
1121 914 1249 968 vita:
1293 913 1455 969 tinem
1507 917 1745 988 accepit.
1797 915 2113 974 Invenimus

531 1001 701 1069 igitur
730 1010 784 1054 et
817 1001 1040 1055 Domini
1085 1017 1347 1072 sponsam
1401 1003 1711 1061 Ecclesiam
1761 1007 2016 1062 divinum
2052 1007 2113 1063 in

528 1089 948 1143 tabernaculum
996 1106 1105 1144 non
1167 1092 1352 1163 ignem
1410 1096 1666 1166 legalem,
1731 1098 1828 1153 sed
1882 1114 2108 1163 novum,

2217 559 2266 610 οί
2295 557 2452 618 πόδες
2484 555 2594 608 τῶν
2629 553 3131 623 εὐαγγελιζομένων
3162 552 3383 622 εἰρήνην
3413 553 3476 615 ’⁸,
3503 549 3612 603 τῶν
3642 550 3807 618 εὐαγο

2216 647 2581 716 γελιζομένων
2613 645 2822 713 cyanea!
2851 665 2868 695 ι
2897 644 3021 706 Τοῖς
3057 645 3240 704 αὐτοῖς
3265 643 3473 712 ῥήμασι
3493 641 3586 693 καὶ
3614 642 3642 693 ό
3666 658 3804 710 νυμ-

2219 739 2340 809 φίος
2400 740 2458 791 ἐν
2515 736 2650 807 τῷδε
2699 737 2776 807 τῷ
2841 735 3235 807 συγγράμματι
3265 733 3608 804 κεχρημένος
3629 732 3802 802 φησί·

2223 851 2240 883 ι
2275 832 2338 884 Τί
2372 829 2736 902 ῶραιώθησαν
2768 829 3083 899 διαϐήματά
3113 845 3228 893 σου,
3254 827 3495 896 θύγατερ
3534 823 3752 879 Ναδάὅί
3779 843 3798 876 ι

2219 922 2339 975 Ἵνα
2361 921 2417 974 δὲ
2451 921 2525 991 μὴ
2579 921 2738 991 μόνον
2771 920 2879 973 ἀπὸ
2923 920 3023 989 τῆς
3054 918 3352 988 ἑρμηνείας
3393 916 3488 970 τοῦ
3519 916 3802 986 ὀνόματος,

2215 1013 2350 1067 ἀλλά
2378 1013 2474 1067 καὶ
2505 1013 2565 1078 ἐξ
2596 1011 2758 1066 αὑτοῦ
2788 1010 2883 1065 τοῦ
2937 1011 3203 1082 ὀνόματος
3235 1010 3490 1081 λάϐωμέν
3522 1026 3640 1062 τινα
3671 1009 3802 1062 θεω-

2191 1106 2361 1177 ρίαν,
2416 1106 2550 1178 φέρε
2605 1104 2930 1175 ζητήσωμεν
2983 1104 3128 1166 τίςό
3183 1103 3392 1157 Ναδάϐ.
3428 1102 3554 1165 Υἱὸς
3595 1101 3804 1172 Ἀαρὼν

527 1195 689 1248 quem
724 1181 792 1234 ab
815 1181 937 1250 ipso
965 1198 1175 1252 sponso
1194 1196 1539 1256 susceperat,
1583 1189 1864 1244 intulisse.
1886 1209 1906 1242 ‹
1930 1190 2109 1261 Ignem

2215 1196 2464 1265 ἐγένετοο
2507 1194 2622 1263 πῦρ
2650 1194 2708 1247 δὲ
2759 1194 3037 1264 ἀλλότριον
3068 1195 3146 1257 είς
3168 1193 3267 1262 τὴν
3305 1191 3402 1246 τοῦ
3436 1189 3569 1244 Θεοῦ
3600 1192 3802 1262 σκηνὴν

526 1273 693 1334 enim,
724 1273 941 1342 inquit,
992 1277 1116 1329 veni
1175 1277 1391 1333 mittere
1445 1280 1498 1332 in
1550 1281 1853 1348 mundum;
1888 1290 1943 1336 et
1974 1283 2108 1353 quid

2215 1285 2559 1354 εἰσενεγκὼν,
2591 1285 2652 1337 τὸ
2696 1283 2848 1347 τέλος
2886 1282 2979 1336 τοῦ
3030 1282 3146 1352 βίου
3181 1282 3420 1348 ἐδέξατο.
3463 1281 3804 1351 Εὑρίσκομεν

528 1362 672 1424 volo,
708 1364 752 1418 si
782 1364 893 1433 jam
930 1382 1202 1421 accensus
1237 1377 1326 1423 est
1355 1381 1377 1408 ο
1406 1369 1428 1423 ?
1456 1389 1473 1420 ι
1512 1370 1694 1441 [gnem
1728 1372 1877 1427 hunc
1907 1390 2109 1430 novum

2213 1379 2393 1432 τοίνυν
2424 1377 2520 1431 καὶ
2568 1376 2662 1430 τοῦ
2694 1376 2897 1447 Κυρίου
2934 1375 3034 1447 τὴν
3063 1375 3303 1444 νύμφην,
3333 1373 3430 1444 τὴν
3472 1372 3804 1440 Ἐκκλησίαν

526 1467 591 1507 ex
637 1452 789 1508 Novo
828 1455 1182 1513 Testamento
1227 1461 1280 1514 in
1319 1459 1416 1516 Dei
1459 1463 1878 1519 tabernaculum
1927 1467 2109 1521 intulit

2216 1469 2378 1539 φημὶ,
2407 1468 2468 1521 οὐ
2503 1467 2562 1521 τὸ
2607 1467 2830 1538 νομικὸν
2860 1467 2992 1538 πῦρ,
3041 1465 3180 1520 ἀλλὰ
3208 1466 3269 1517 τὸ
3319 1464 3505 1518 καινὸν
3520 1465 3566 1495 ¹⁰
3594 1465 3673 1526 εἰς
3703 1463 3805 1533 τὴν

529 1561 758 1616 sponsa,
800 1549 1044 1602 clamans
1079 1559 1132 1604 et.
1171 1551 1400 1608 dicens:
1442 1573 1459 1604 ι
1503 1552 1705 1610 Vetera
1741 1557 2109 1626 transierunt,

2218 1562 2368 1614 θείαν
2401 1557 2821 1628 εἰσενεγκοῦσαν
2865 1559 3092 1630 σκηνήν.
3115 1557 3314 1610 Ἐλαὸε
3337 1556 3394 1609 δὲ
3432 1555 3587 1608 τοῦτο
3607 1555 3666 1608 τὸ
3693 1555 3808 1625 πῦρ

527 1653 656 1693 ecce
708 1639 852 1692 facta
909 1652 1037 1695 sunt
1083 1643 1268 1696 Omnia
1326 1660 1468 1698 nova
1502 1644 1551 1699 ἀ.
1607 1665 1626 1698 ι
1686 1647 1884 1703 Merito
1945 1651 2109 1721 igitur

2218 1653 2348 1723 παρ’
2373 1652 2537 1706 αὐτοῦ
2561 1652 2654 1705 τοῦ
2689 1651 2951 1721 νυμφίου.
2975 1671 2992 1702 ι
3020 1651 3138 1720 Πῦρ
3167 1649 3277 1719 γὰρ
3321 1645 3484 1719 ἦλθον
3523 1648 3700 1715 βαλεῖν
3721 1650 3802 1710 εἰς

531 1740 687 1784 vocat
727 1747 846 1784 eam
889 1751 907 1783 ι
952 1733 1116 1787 filiam
1151 1733 1363 1803 Nadab,
1422 1756 1440 1786 ι
1483 1753 1606 1807 quae
1661 1739 1786 1809 igne
1830 1758 1973 1796 novo
2021 1759 2109 1798 sa-

528 1823 796 1875 crificium
851 1825 1134 1879 hominum
1191 1826 1473 1882 obtulerit.
1516 1829 1670 1885 Licet
1705 1832 1850 1887 enim
1887 1832 2107 1890 diverso

526 1915 764 1969 consilio
802 1916 985 1985 ignem
1020 1918 1110 1972 hic
1133 1927 1188 1972 et
1220 1920 1314 1973 illa
1349 1923 1768 1988 commutarint,
1793 1938 1902 1977 una
1923 1932 2108 1979 tamen

525 2006 799 2060 eteadem
838 2024 926 2062 res
967 2009 1036 2062 ab
1084 2018 1325 2079 utroque
1369 2010 1514 2065 facta
1543 2021 1650 2067 est.
1682 2011 1808 2067 l-lzec
1842 2022 2025 2068 autem
2080 2029 2110 2068 a

523 2097 689 2152 nobis
719 2099 772 2152 in
801 2101 1093 2168 praesentia
1120 2102 1267 2156 dicta
1291 2110 1444 2165 sunt,
1475 2119 1546 2157 ne
1569 2104 1689 2158 sine
1714 2103 2110 2174 disquisitione

525 2189 705 2259 ipsum
733 2205 934 2245 nomen
971 2192 1073 2247 hoc
1104 2194 1505 2262 praeteriretur.
1537 2193 1751 2251 Rursus
1779 2212 1912 2265 ergo
1940 2212 2112 2266 spon-

524 2298 620 2338 sus
648 2283 830 2337 omnia
862 2299 1078 2354 sponsae
1120 2287 1364 2340 membra
1398 2289 1697 2356 percurrit,
1735 2296 1790 2343 et
1825 2289 2107 2359 propriam

522 2373 760 2444 singulis
798 2375 990 2428 tribuit
1029 2376 1590 2443 commendationem,
1624 2394 1688 2433 ac
1717 2379 1892 2435 dicit:

2217 1745 2307 1798 τδν
2339 1744 2562 1812 κόσμον·
2605 1743 2698 1795 καὶ
2731 1741 2783 1793 τί
2813 1740 2951 1794 Θέλω
2973 1742 3040 1804 ’⁸,
3065 1743 3112 1793 εἰ
3161 1741 3263 1810 ήδη
3302 1739 3548 1809 ἀνήφθη;
3578 1758 3595 1789 ι
3631 1738 3804 1791 Τοῦτο

2220 1834 2281 1887 τὸ
2311 1833 2495 1886 καινὸν
2518 1832 2627 1904 πῦρ
2655 1831 2745 1885 διὰ
2769 1832 2869 1900 τῆς
2896 1831 3104 1901 Καινῆς
3125 1830 3402 1901 Διαθήκης
3433 1829 3513 1892 εἰς
3531 1827 3626 1900 τὴν
3652 1829 3804 1882 θείαν

2219 1923 2606 1992 είσενεγκοῦσα
2654 1921 2877 1993 σκηνήν,
2937 1922 3036 1993 βοᾷ
3067 1922 3160 1974 καὶ
3212 1921 3397 1986 λέγει·
3434 1941 3451 1972 ι
3485 1920 3566 1972 Τά
3600 1922 3803 1990 ἀρχαῖα

2219 2015 2519 2087 παρῆλθεν,
2574 2016 2683 2068 ἰδοὺ
2714 2015 2906 2083 γέγονε
2939 2014 3008 2068 τὰ
3055 2013 3234 2067 πάντα
3290 2012 3473 2066 καινά.
3507 2031 3524 2062 ι
3567 2012 3806 2074 Εἰκότως

2217 2107 2396 2160 τοίνυν
2432 2127 2449 2156 ι
2478 2105 2756 2176 θυγατέρα
2782 2104 2973 2158 Ναδὰϐ
3007 2123 3024 2154 ι
3048 2105 3217 2175 αὐτὴν
3247 2102 3670 2174 προσαγορεύει,
3707 2103 3804 2155 ἅτε

2217 2195 2282 2264 δὴ
2319 2193 2396 2263 τῷ
2423 2192 2598 2264 καινῷ
2632 2194 2766 2264 πυρὶ
2814 2195 2914 2264 τὴν
2947 2193 3056 2246 τῶν
3108 2191 3412 2264 ἀνθρώπιον
3463 2192 3654 2246 θυσίαν
3684 2192 3808 2244 ὁλο-

2219 2284 2599 2338 καυτώσασαν.
2662 2285 2721 2337 Εἰ
2761 2284 2871 2356 γὰρ
2893 2285 2989 2337 καὶ
3040 2284 3181 2338 κατὰ
3213 2285 3274 2337 τὸ
3305 2285 3561 2356 φρόνημα
3588 2282 3687 2351 τῆς
3708 2281 3807 2335 τοῦ

2216 2377 2390 2447 πυρὸς
2412 2377 2716 2448 ἐναλλαγῆς
2739 2377 3116 2448 διαφέρουσιν,
3150 2376 3285 2429 ἀλλά
3320 2376 3377 2428 ἓν
3401 2377 3494 2428 ὑπ’
3524 2377 3568 2406 ⁸³
3594 2375 3808 2427 ἐκείνου

521 2469 618 2522 καὶ
647 2466 850 2536 ταύτης
879 2468 939 2520 τὸ
966 2471 1199 2540 πρᾶγμα
1228 2469 1542 2541 γεγένηται.
1584 2470 1768 2524 Ταῦτα
1811 2472 1868 2524 δὲ
1909 2471 2003 2524 ἐπὶ
2042 2470 2135 2524 τοῦ
2164 2471 2432 2541 παρόντος
2450 2469 2775 2540 εἰρήκαμεν,
2793 2469 2879 2523 ἵνα
2911 2469 3042 2540 μηδὲ
3071 2471 3171 2539 τὴν
3220 2468 3591 2555 προσηγορίαν
3626 2475 3809 2522 κατα’

521 2559 766 2628 λίπωμεν
817 2558 1151 2629 ἀθεώρητον.
1198 2561 1364 2614 Πάλιν
1416 2562 1596 2616 τοίνυν
1636 2565 1664 2616 ό
1709 2562 1942 2633 νυμφίος
1987 2563 2132 2617 κατά
2170 2561 2335 2632 μέρος
2381 2561 2551 2632 αὐτῆς
2567 2561 2636 2613 τὰ
2671 2560 2806 2631 μέλη
2839 2560 3080 2625 διέξεισι,
3119 2560 3214 2614 καὶ
3253 2559 3468 2630 ἑκάστῳ
3497 2558 3594 2629 τὴν
3635 2560 3812 2630 πρόσ-⁸

523 2667 688 2720 φορον
713 2647 988 2718 εὐφημίαν
1023 2652 1346 2719 προσφέρει,
1389 2650 1482 2704 καί
1513 2667 1685 2721 φησι·

596 2743 994 2795 Cancinnitates
1047 2741 1305 2810 femorum
1349 2752 1559 2796 tuorum
1596 2743 1800 2796 similes
1839 2751 1959 2797 sunt
1993 2759 2108 2795 mo—

523 2832 743 2895 nilibus,
772 2849 888 2901 qua:
915 2833 1060 2901 facta
1096 2843 1217 2887 sunt
1256 2851 1419 2886 manu
1449 2835 1700 2903 artiﬁcis.
1749 2832 2104 2905 (Vt-238.26.)

527 2922 824 2978 Umbilicus
869 2919 1219 2978 tuus'crater
1266 2926 1565 2992 tornatilis,
1599 2943 1704 2978 non
1739 2925 1978 2996 indigens
2003 2926 2106 2979 mi-

522 3025 625 3070 sto.
676 3015 865 3069 Venter
898 3026 1022 3068 tuus
1051 3033 1269 3070 acervus
1317 3017 1484 3070 tritici
1514 3016 1746 3071 vallatus
1781 3018 1934 3071 (iliis.
1983 3017 2102 3072 Duo

2293 2738 2533 2807 ορυθμοι
2567 2738 2616 2770 η
2655 2736 2863 2806 μηρῶν
2891 2753 3008 2792 σου
3051 2738 3239 2805 ὅμοιοι
3295 2739 3604 2808 όρμίσκοις
3650 2736 3808 2805 ἐριψ

2208 2827 2729 2899 χειρῶντεχνίτο-υ.
2746 2827 2837 2898 (β’,
2858 2836 2901 2882 ε’
2909 2828 2946 2898 .)
2964 2829 3266 2898 Ὀμφαλός
3282 2845 3398 2882 σου
3417 2827 3692 2896 κρατὴρ¹⁸
3707 2845 3810 2881 το-

2200 2919 2439 2988 ρευτὸς,
2458 2919 2545 2989 μὴ
2570 2921 3010 2989 ύστερούμενος
3041 2919 3266 2989 κράμαο
3298 2922 3496 2972 κοιλιά
3546 2935 3661 2972 σου
3697 2923 3807 2986 6n-

2203 3011 2397 3080 μωνία
2433 3010 2608 3065 σίτου
2636 3011 3020 3080 πεφραγμένη
3060 3011 3130 3062 ἐν
3156 3009 3400 3076 κρίνοις.
3434 3010 3548 3062 Δύο
3577 3012 3806 3077 μαστοί

519 3108 684 3160 ubera
715 3118 805 3161 tua
841 3108 977 3161 sicut
1015 3105 1119 3160 duo
1155 3108 1367 3162 hinnuli
1394 3111 1604 3179 gemelli
1637 3126 1863 3173 capreae.
1890 3110 2104 3165 Collum

2209 3115 2324 3155 σου
2355 3102 2428 3167 ὡς
2469 3102 2579 3154 δύο
2606 3101 2804 3169 νεϐροὶ
2846 3100 3081 3169 δίδυμοι
3130 3099 3444 3167 δορκάδος.
3496 3099 3806 3168 Τράχηλός

522 3206 671 3248 tuum
715 3197 852 3248 sicut
911 3194 1066 3266 142
1117 3197 1283 3250 turris
1331 3197 1587 3252 eburnea.
1634 3197 1788 3254 Oculi
1834 3199 1913 3252 tui
1964 3200 2102 3254 sicut

520 3294 711 3353 stagna
750 3285 803 3336 in
841 3283 1095 3345 Essebon,
1129 3285 1182 3337 in
1217 3287 1387 3352 portis
1413 3286 1542 3353 ﬁlia:
1565 3288 1876 3342 multorum.
1923 3285 2104 3343 Nasus

523 3385 640 3427 tuus
677 3374 816 3427 sicut
871 3375 1035 3426 turris
1085 3371 1298 3437 Libani,
1343 3390 1461 3443 (μιαν
1502 3376 1716 3444 respicit
1762 3374 1957 3444 {aciem
1995 3374 2106 3428 Da-

521 3467 708 3519 masci.
744 3464 916 3532 Caput
951 3475 1098 3518 tuum
1133 3476 1188 3516 ut
1221 3464 1499 3520 Carmelus
1543 3482 1702 3534 super
1747 3477 1817 3520 te.
1851 3465 1918 3519 Et
1952 3483 2106 3520 coma

517 3556 712 3622 capitis
756 3556 834 3606 tui
884 3555 1028 3608 sicut
1064 3569 1325 3622 purpura,
1377 3572 1471 3610 rea:
1503 3556 1698 3626 ligatus
1739 3558 1792 3610 in
1827 3565 2106 3611 transcur-

518 3647 687 3698 sibus.
733 3646 908 3698 Antea
941 3661 1182 3716 sponsus
1227 3662 1256 3700 a
1302 3649 1685 3718 superioribus
1723 3665 1941 3718 sponsa:
1973 3666 2103 3720 par-

520 3738 668 3790 tibus
700 3737 975 3806 incipiens
1032 3738 1274 3791 laudavit
1321 3755 1463 3794 eam.
1511 3738 1668 3795 Nunc
1691 3741 1761 3795 ab
1796 3743 2018 3798 incessu
2050 3750 2104 3799 et

519 3828 916 3884 Calceamentis
970 3829 1192 3883 initium
1238 3847 1498 3896 sumens,
1552 3832 1620 3886 ad
1652 3833 1847 3903 capitis
1882 3849 2097 3888 comam

521 3935 697 3988 usque
753 3919 970 3989 singula
1029 3923 1325 3991 percurrit.
1389 3923 1467 3978 Ac
1527 3932 1653 3995 post
1717 3926 2102 3981 calceamenta

521 4020 685 4081 atque
717 4011 1024 4079 incessum,
1071 4015 1384 4069 admiratur
1415 4031 1522 4068 non
1563 4015 1789 4081 femora,
1821 4017 1915 4073 sed
1943 4027 2102 4088 aptas

519 4111 573 4156 et
608 4106 913 4158 concinnas
963 4104 1234 4160 femorum
1264 4107 1585 4174 juncturas,
1625 4125 1765 4179 quas
1797 4111 2101 4167 monilibus

520 4194 731 4251 similes
780 4194 917 4250 dicit
945 4213 1069 4252 esse
1101 4197 1171 4251 ab
1202 4198 1415 4253 artifice
1448 4199 1795 4256 fabrefactis.
1823 4201 2101 4268 Quemad-

518 4285 740 4340 modum
781 4288 952 4352 enim,
1010 4289 1225 4358 inquit,
1268 4291 1362 4344 illa
1393 4309 1459 4348 ex
1488 4308 1626 4348 auro
1651 4293 1906 4349 confecta
1934 4302 1989 4349 et
2018 4293 2101 4349 la-

518 4378 666 4445 pillis
702 4386 827 4448 apte
857 4381 1092 4436 inclusis
1127 4382 1394 4438 distincta
1420 4394 1571 4450 sunt,
1599 4385 1737 4440 adeo
1757 4394 1818 4438 ut
1843 4393 2101 4456 spectan-

2206 3206 2323 3246 σου
2353 3192 2432 3257 ὠς
2465 3194 2692 3260 πύργος
2712 3192 3104 3260 ἐλεφάντινος
3129 3209 3140 3220 ⁸
3187 3195 3238 3245 οὶ
3261 3190 3554 3259 ὀφθαλμοί
3570 3206 3686 3244 σου
3717 3190 3805 3254 ὡς

2205 3281 2413 3350 λίμναι
2445 3281 2515 3334 ἐν
2547 3279 2856 3334 Ἐσσεϐὼν
2878 3281 2942 3344 ’⁸,
2974 3281 3043 3332 ἐν
3075 3280 3298 3344 πύλαις
3334 3277 3624 3348 θυγατρὸς
3649 3282 3796 3331 no.1-

2205 3371 2351 3426 λῶν.
2381 3371 2630 3441 Μυκτήρ
2675 3388 2791 3426 σου
2818 3372 2898 3437 ὡς
2930 3373 3157 3439 πύργος
3199 3370 3306 3424 τοῦ
3344 3369 3624 3432 Λιϐάνου,
3649 3383 3804 3422 σκο-

2206 3463 2408 3516 πεύων
2455 3464 2783 3531 πρόσωπον
2841 3461 3183 3531 Δαμασκοῦ.
3243 3459 3484 3529 Κεφαλή
3547 3475 3661 3512 σου
3717 3461 3804 3525 ὡς

2205 3553 2520 3623 Κάρμηλος
2558 3551 2658 3605 ἐπὶ
2688 3552 2763 3606 σέ
2790 3567 2804 3581 °
2838 3554 2937 3606 καί
2973 3553 3230 3607 πλόκιον
3264 3549 3535 3622 κεφαλῆς
3565 3565 3681 3604 σου
3716 3551 3804 3616 ὡς

2205 3643 2504 3712 πορφύρα,
2519 3642 2822 3707 βασιλεὺς
2843 3641 3162 3710 δεδεμένος
3185 3642 3253 3694 ἐν
3274 3639 3692 3708 παραδρομαῑς
3725 3641 3800 3692 ⁸⁸.

2205 3735 2480 3806 Πρότερον
2523 3735 2620 3804 μὲν
2643 3729 2735 3787 οὖν
2757 3735 2786 3787 ό
2819 3733 3056 3804 νυμφίος
3101 3734 3208 3786 ἀπὸ
3244 3734 3287 3766 ’⁷
3315 3732 3425 3786 τῶν
3457 3731 3662 3785 ἄνωθεν
3693 3731 3802 3800 τῆς

2203 3827 2424 3898 νύμφης
2451 3825 2756 3898 ἀρξάμενος
2789 3824 3052 3895 ἐπῄνεσεν
3085 3825 3255 3895 αὑτήν
3278 3841 3288 3852 ·
3316 3825 3412 3876 ἐπὶ
3440 3823 3496 3876 δὲ
3518 3822 3612 3876 τοῦ
3652 3840 3796 3892 παρ⁸

2203 3923 2375 3984 όντος,
2399 3919 2507 3974 ἀπὸ
2540 3916 2649 3970 τῶν
2677 3917 3029 3988 διαδημάτων
3047 3915 3142 3970 καὶ
3167 3916 3276 3968 τῶν
3304 3914 3665 3984 ὑποδημάτων
3694 3913 3802 3984 τὴν

2203 4012 2378 4085 ἀρχὴν
2412 4010 2813 4082 ποιησάμενος,
2858 4009 2987 4080 ἄχρι
3023 4007 3117 4062 τοῦ
3170 4007 3392 4061 πλοκίου
3425 4008 3524 4074 τῆς
3553 4005 3803 4074 κεφαλῆς

2202 4103 2515 4174 ἀνελήλυθε.
2549 4104 2657 4158 Καὶ
2715 4102 3010 4172 θαυμάζει,
3055 4101 3192 4169 μετά
3225 4099 3300 4153 τὰ.
3355 4099 3677 4168 ὑποδήματα
3700 4099 3813 4150 καὶ,

2199 4197 2269 4250 τὰ
2305 4195 2641 4266 διαδήματα,
2677 4194 2739 4246 οὐ
2787 4194 2915 4255 τοὺς
2973 4193 3203 4263 μηροὺς,
3235 4191 3370 4244 ἀλλά
3393 4192 3515 4252 τοὺς
3554 4189 3808 4262 ῥυθμοὺς.

2200 4287 2308 4341 τῶν
2334 4286 2544 4358 μηρῶν,
2579 4286 2674 4340 καὶ
2704 4284 2855 4352 λέγει
2883 4283 3078 4346 αὐτοὺς
3101 4282 3336 4335 ἐοικέναι
3366 4281 3650 4351 ὁρμίσκοις
3690 4281 3801 4333 ὑπὸ

2199 4377 2440 4446 τεχνίτου
2471 4373 3020 4444 κατεσκευασμένοις·
3043 4374 3252 4442 ’Ὠσπερ
3275 4371 3384 4442 γὰρ
3403 4373 3617 4436 ἐκεῖνοι,
3637 4373 3800 4442 φησὶ,
3910 4390 3914 4393 ·

520 4475 601 4523 tes
642 4485 751 4524 non
788 4471 967 4525 solum
1004 4474 1299 4542 pretiosam
1350 4474 1469 4527 auri
1514 4475 1945 4545 lapillorumque
1979 4492 2100 4529 ma-

2209 4467 2347 4539 μετά
2373 4468 2554 4538 πάσης
2582 4466 2849 4537 ἁρμονίας
2909 4464 3092 4534 έχουσι
3131 4463 3258 4526 τοὺς
3284 4463 3464 4525 λίθους
3491 4463 3566 4532 τῷ
3609 4460 3801 4532 χρυσῷ

520 4561 714 4614 teriam
741 4602 756 4626 ,
796 4578 988 4616 verum
1020 4564 1187 4616 etiam
1221 4564 1468 4620 aurificis
1493 4565 1787 4620 artificium
1817 4567 2102 4621 admiren-

519 4659 646 4706 tur:
683 4653 753 4706 ita
787 4654 1015 4724 singulae
1070 4656 1336 4709 virtutum
1393 4655 1767 4723 practicarum
1809 4656 2101 4725 particulae

521 4757 754 4796 numero
787 4753 841 4796 et
866 4753 1142 4796 concentu
1180 4743 1322 4796 inter
1361 4759 1419 4796 se
1463 4745 1747 4813 implicitae
1770 4754 1936 4814 atque
1962 4760 2100 4801 con-

516 4833 721 4902 juncta:
750 4840 900 4887 sunt.
955 4833 1261 4900 Allegorice
1289 4834 1434 4886 enim
1477 4834 1686 4889 femora
1725 4837 1966 4905 appellat
1993 4837 2102 4890 vir-

520 4930 666 4980 tutes
701 4921 1000 4992 practicas,
1023 4922 1283 4990 quoniam
1309 4922 1416 4976 illis
1449 4923 1552 4975 iter
1571 4923 1857 4989 facientes,
1885 4925 2098 4996 agimus

519 5029 584 5069 ea
632 5030 758 5084 quae
819 5015 1098 5069 volumus.
1164 5013 1434 5084 Sponsam
1506 5031 1635 5087 ergo
1701 5019 2097 5074 counnendans

2207 4557 2616 4628 ἐμπεπηγότας,
2645 4557 2786 4610 ὥστε
2817 4555 2944 4620 τοὺς
2972 4555 3216 4626 ὁρῶντας
3235 4555 3310 4625 μὴ
3341 4554 3499 4622 μόνον
3529 4554 3627 4618 τὰς
3662 4553 3801 4618 ὕλας

2205 4650 2298 4705 τοῦ
2321 4650 2526 4722 χρυσοῦ
2557 4651 2651 4703 καὶ
2676 4650 2786 4703 τῶν
2807 4649 2994 4712 λίθων,
3029 4648 3164 4702 ἀλλὰ
3209 4648 3302 4700 καὶ
3337 4647 3436 4716 τὴν
3464 4647 3662 4718 τέχνην
3699 4647 3801 4700 τοῦ

2204 4740 2500 4811 χρυσοχόου
2529 4739 2832 4810 θαυμάζειν
2848 4757 2860 4770 '
2891 4739 3064 4803 οὕτως
3078 4739 3310 4791 ἕκαστον
3330 4737 3437 4790 τῶν
3452 4739 3546 4808 τῆς
3566 4755 3805 4808 πρακτι-

2203 4834 2307 4903 κῆς
2322 4833 2523 4903 ἀρετῆς
2544 4833 2588 4865 ⁸⁸
2615 4834 2817 4904 μορίων
2842 4831 3036 4903 ῥυθμῷ
3054 4831 3146 4884 καὶ
3169 4831 3402 4900 ἁρμονίᾳ
3432 4830 3797 4899 κεκόσμηται.

2207 4925 2346 4986 Τοὺς
2381 4923 2489 4994 γὰρ
2515 4924 2724 4994 μηροὺς
2738 4922 3013 4992 τροπικῶς
3037 4920 3135 4992 τὴν
3160 4921 3470 4991 πρακτικήν
3509 4920 3802 4990 ὠνόμασεν

2207 5015 2631 5086 ἀρετὴν,ὲπειδὴ
2657 5014 2744 5067 διὰ
2766 5013 2968 5066 τούτων
2981 5013 3077 5084 τὴν
3091 5012 3311 5085 πορείαν
3331 5011 3484 5065 ποιοῦ
3494 5012 3799 5083 μενοιδρῶ-

595 5189 623 5227 1³
663 5189 678 5242 l
715 5188 895 5242 Paral.
937 5203 1084 5252 Inv,
1117 5188 1168 5243 l.
1247 5200 1269 5229 ε
1304 5189 1438 5244 Luc.
1471 5206 1568 5252 xu,
1592 5191 1680 5246 49.
1756 5192 1780 5231 d
1810 5192 1850 5246 ll
1882 5192 2009 5249 Cor.
2043 5209 2095 5256 ν,
2170 5194 2257 5248 l7.

1827 5346 2064 5402 νΑιιιΑι
2109 5347 2515 5404 LECTIONES.

594 5458 637 5488 II
669 5459 716 5510 El

725 5457 1159 5552 ﬁniti»;
1194 5461 1402 5552 Resp-in
1439 5466 1561 5552 cod:
1594 5464 1750 5552 Infra!
1772 5465 1819 5552 Ιλ
1841 5469 2036 5552 calet}:
2065 5471 2233 5552 ἀκοήν
2276 5472 2520 5552 εἰρήνης.

2629 5470 2674 5501 ’θ
2705 5470 2837 5523 ἀλλὰ
2866 5472 2927 5524 τὸ
2967 5471 3172 5525 καινόν.
3211 5469 3336 5524 Des.
3368 5469 3422 5522 in
3468 5468 3592 5522 cod.
3671 5468 3716 5498 "
3748 5471 3804 5520 τί

906 5527 1150 5615 ήθελονζ.
1194 5535 1238 5565 ⁸³
1279 5533 1411 5615 Co_d.
1652 5536 1697 5566 ”
1726 5535 1941 5615 ῥυθμοί.
1979 5527 2142 5615 Hebr.
2177 5527 2894 5615 _'.1mliitt'is,"_s.circuitus.
2966 5541 3342 5615 ’δκρατὴρῖτ
3365 5539 3589 5615 κράμαᾷ
3629 5535 3798 5615 H‘efrr.

528 5606 708 5675 crater
742 5599 1033 5675 rotundus,
1063 5601 1153 5655 cui
1191 5617 1299 5675 non
1330 5604 1485 5675 deest
1521 5617 1683 5675 potus
1713 5599 1926 5661 mist'us.
2006 5612 2051 5642 "
2077 5613 2134 5662 ὲν
2176 5599 2466 5663 Ἐσσεϐώνζ
2494 5608 2654 5662 Hebr.
2681 5611 2732 5662 in
2771 5609 3008 5664 Hesbon.
3040 5599 3172 5664 Kec.
3201 5599 3378 5664 Te'ctio
3407 5599 3494 5663 est
3533 5606 3797 5661 Ἐσεϐών.

532 5666 581 5698 ’⁸
615 5665 900 5747 δεδεμένος
935 5672 991 5747 ἐγ
1040 5673 1488 5747 παραδρηιίεὺν.
1523 5665 1630 5747 'rcs
1684 5675 1998 5747 ligatusls.
2042 5681 2258 5735 cinctus
2311 5695 2390 5734 sc.
2454 5680 2714 5747 purpura)
2771 5680 2832 5732 ad
2882 5680 3100 5734 canales
3138 5696 3214 5735 sc.
3266 5679 3528 5732 ambulat.
3608 5677 3653 5708 "
3684 5677 3807 5730 ἀπὸ

536 5765 604 5778 --
635 5736 822 5807 αὑτήν.
862 5738 997 5793 Cod.
1047 5736 1254 5796 ἄνωθεν
1289 5744 1396 5799 ἀπὸ
1436 5747 1532 5816 τῆς
1559 5736 1776 5817 νύμφης
1812 5736 2096 5817 ἐπῄνεσεν.
2175 5751 2220 5782 ’⁸
2253 5736 2475 5820 ἀρετῆςί
2522 5736 2658 5804 (Ϊοιί.
2687 5736 2812 5804 add.
2854 5767 2968 5804 σου.
