4076 6450
257 452 332 518 189
1306 468 1390 532 ΙΝ
1439 386 1831 534 ΟΑΝΤΙΟΙΤΜ

1963 474 2161 536 NTlC.
2206 474 2352 536 LIB.
2397 475 2496 538 IV.
3376 476 3377 479 “
3471 476 3573 542 190

247 563 365 634 μενᾶ
382 560 728 633 βουλόμεθα.
745 562 877 618 Θαυ
888 568 1078 636 μάζει
1115 573 1306 628 τοίνυν
1337 579 1365 630 ὀ
1385 579 1616 648 νυμφίος
1638 579 1735 651 τὴν
1766 580 1857 650 νύρ

1963 595 2270 650 ,sponsus,
2332 581 2404 637 ab
2459 581 2569 637 illis
2633 582 2903 652 incipiens
2954 581 3271 648 virtutibus,
3334 598 3455 652 quae
3516 584 3573 639 in

242 673 340 724 φην,
360 652 466 706 ἀπὸ
476 652 581 723 τῆς
602 657 961 726 πρακτικῆς
982 662 1348 735 ἀρξάμενος,
1363 671 1456 722 καὶ
1475 671 1678 724 ἄνεισιν
1693 672 1785 724 ἐπὶ
1798 671 1852 740 τὴ

2001 673 2222 728 actione
2268 675 2613 740 consistunt,
2652 673 2720 728 ad
2758 689 2854 730 eas
2881 676 3252 745 progreditur,
3290 690 3412 746 quae
3453 691 3577 744 per-

236 746 463 815 θεωρίαν,
499 747 562 798 ὲν
592 747 760 819 ἀρχῇ
798 750 1173 809 τούναντίον
1211 760 1482 830 ποιήσας·
1525 762 1634 814 ἀπὸ
1659 763 1766 834 γὰρ
1790 762 1846 815 τί

1997 765 2169 820 tinent
2196 765 2265 820 ad
2293 765 2859 836 contemplationem:
2900 782 3024 822 cum
3056 765 3575 829 initio,coutrarium

235 837 445 908 θεωρίας
498 838 845 909 ἀρξάμενος
883 886 901 909 ,
998 845 1109 900 ἐπὶ
1168 848 1275 921 τὴν
1344 853 1542 922 πρᾶξιν
1607 853 1845 924 ἐλήλυθε·

2000 855 2240 921 fecisset,
2275 856 2369 911 ubi
2404 872 2433 910 a
2466 857 2941 928 contemplatione
2986 856 3325 926 principium
3347 871 3576 911 sumens

237 929 557 1000 «Ὁφθαλμοί
599 947 708 984 σου
750 934 907 1006 γὰρ,
941 936 1095 1009 εφη,
1138 946 1492 1015 περιστεραὶ,
1514 964 1532 996 ι
1563 945 1625 998 τὸ
1651 963 1847 1014 πνευμι

1996 947 2063 1001 ad
2100 948 2374 1002 actionem
2400 963 2731 1019 progressus
2764 956 2870 1003 est.
2909 946 3134 1003 Dicebat
3163 947 3333 1011 enim,
3363 966 3382 999 ι
3415 945 3575 1000 Oculi

233 1023 364 1075 ταὼν
389 1021 487 1075 τοῦ
534 1023 790 1078 ὀπτικοῦ
834 1027 960 1097 τῆς
991 1030 1193 1105 ψυχῆς
1227 1033 1320 1087 διὰ
1348 1037 1544 1091 τούτου
1589 1039 1843 1109 σημαίνω

1996 1039 2077 1093 tui
2106 1039 2378 1095 columbae
2404 1079 2418 1103 ,
2458 1057 2479 1091 ι
2513 1041 2862 1110 spiritualem
2899 1040 3101 1093 animae
3141 1038 3575 1107 speculationem

247 1111 490 1167 Ἐνταῦθα
521 1112 585 1168 δδ
618 1114 734 1186 τὴν
775 1123 1145 1192 πρακτικὴν
1181 1124 1389 1198 ἀρετὴν
1436 1128 1655 1198 πρώτην
1685 1127 1857 1200 θαυμά

1996 1129 2343 1201 signiﬁcans.
2396 1128 2497 1184 Hic
2544 1138 2730 1185 autem
2765 1130 3065 1199 praeticam
3115 1129 3272 1199 prius
3311 1132 3574 1185 virtutem

248 1202 333 1269 ζει,
355 1204 447 1257 καὶ
484 1205 645 1275 μάλα
693 1208 968 1276 εἰκότως
986 1229 1006 1243 ο
1067 1216 1349 1287 πρότερον
1374 1217 1487 1289 γὰρ
1511 1217 1858 1289 φωτιζόμενοι

2033 1221 2327 1285 dmiratur,
2373 1220 2540 1291 idque
2579 1220 2803 1291 quidem
2852 1220 3086 1287 merito;
3122 1222 3301 1291 primo
3334 1221 3479 1275 etaim
3512 1220 3577 1273 il-

254 1297 469 1358 ιιὶτοὺς
525 1301 889 1369 μεμυκότας
923 1304 1047 1374 τῆς
1110 1307 1300 1378 ψυχῆς
1357 1310 1668 1378 ἀνοίγοντες
1697 1311 1864 1380 ὁφθαλ

1998 1312 2275 1376 luminati,
2299 1318 2356 1367 et
2376 1312 2600 1367 clausos
2622 1313 2827 1367 mentis
2856 1310 3012 1384 143
3029 1312 3219 1367 oculos
3242 1313 3575 1381 aperientes,

259 1390 389 1457 μνκ,
414 1388 513 1442 καὶ
544 1388 612 1442 τὺ
650 1389 820 1445 θεῖον
852 1393 995 1462 φῶς
1030 1397 1440 1469 εἰσδεχόμενοι,
1467 1403 1532 1471 τῇ
1582 1403 1767 1455 πίστει
1805 1403 1866 1472 βε

1997 1404 2355 1474 divinamque
2377 1403 2741 1460 admittentes
2774 1405 2976 1466 lucem,
3004 1403 3108 1458 fide
3131 1402 3532 1458 conﬁrmamur
3559 1418 3573 1455 ι

258 1478 573 1550 διιοῦμεθα’
614 1474 730 1535 εἷθ’
768 1484 823 1516 ⁸⁸
864 1483 1071 1550 οὕτως
1096 1489 1195 1541 ἐπὶ
1235 1490 1338 1560 τὴν
1375 1492 1687 1564 πρακτικὴν
1716 1494 1868 1548 ὁδεύο

1998 1496 2199 1553 deinde
2249 1496 2318 1551 ad
2358 1494 2630 1562 agendum
2678 1511 2743 1549 ex
2790 1495 2997 1549 virtute
3035 1495 3445 1565 progredimur.
3491 1493 3577 1547 ld-

264 1588 348 1641 μεν
364 1573 587 1644 ἀρετήν.
626 1573 741 1627 Διὰ
772 1574 960 1631 τοῦτο
994 1579 1226 1651 πρῶτον
1247 1581 1294 1612 ³⁸
1327 1582 1601 1654 ἐγκώμιον
1619 1586 1648 1637 ὁ
1665 1584 1874 1656 νυμφίος

1997 1590 2147 1645 circo
2178 1588 2699 1659 sponsus,primam
2733 1585 3108 1641 laudationem
3136 1594 3464 1647 contexens,
3498 1584 3571 1638 ab

265 1664 503 1734 ὖςιαίνων,
546 1665 665 1719 ἀπὺ
716 1664 847 1720 τῶν
887 1669 1216 1743 ὀφθαλμῶν
1265 1674 1491 1745 ἤρξατο,
1528 1676 1638 1729 τῶν
1661 1679 1875 1749 πρώτως

1999 1680 2178 1735 oculis
2207 1695 2444 1735 exorsus
2474 1686 2579 1745 est,
2604 1678 2868 1747 quoniam
2904 1677 3011 1746 ipsi
3043 1676 3206 1747 primi
3231 1677 3573 1731 curationem

265 1758 349 1827 τὴν
374 1758 678 1829 θεραπείαν
718 1761 1102 1833 δεξαμένων.
1129 1764 1248 1819 Νῦν
1274 1766 1334 1820 δὲ
1366 1767 1549 1840 ἐπειδὴ
1563 1769 1769 1824 τέλειον
1795 1772 1875 1842 “rip

1999 1772 2321 1826 admittunt.
2380 1770 2540 1826 Nunc
2591 1777 2815 1833 autem,
2881 1770 3145 1839 quoniam
3194 1768 3434 1838 per-lecta
3493 1776 3576 1822 est

269 1851 465 1922 νύμφης
512 1851 580 1904 τὸ
618 1851 841 1918 καλλος
906 1856 1164 1923 ἐγένετο,
1196 1858 1444 1913 κάτωθεν
1467 1862 1575 1914 ἀπὸ
1604 1862 1706 1933 τῆς
1750 1881 1879 1935 πρα-

2000 1874 2217 1930 Sponsae
2286 1859 2691 1932 pulchritudo,
2759 1859 2831 1914 ab
2899 1858 3266 1914 inferioribus
3325 1857 3577 1928 partibus

273 1944 445 2012 ιτα-ῆς
468 1943 512 1975 ³¹
545 1945 889 2015 ἀρχόμενος
923 1948 1276 2019 ἀρετῆς,ὲπἰ
1298 1950 1400 2021 τὴν
1433 1950 1669 2024 θεωρίαν
1696 1952 1883 2019 ἄνεισι,

1998 1954 2310 2019 exorditur,
2362 1962 2417 2009 et
2446 1969 2668 2024 sponsa:
2702 1953 2932 2009 formam
2978 1952 3237 2008 laudibus
3275 1954 3573 2013 extollens.

270 2032 358 2101 τῆς
378 2032 590 2102 stipi-1:11;
619 2034 732 2103 τὴν
767 2035 1106 2107 εὐμορφίαν
1135 2040 1516 2111 ἐγκωμιάζων.
1549 2044 1657 2096 Καὶ
1681 2042 1880 2115 πρῶτοι

2000 2061 2095 2101 eas
2142 2046 2379 2115 primum
2424 2045 2659 2100 virtutes
2701 2052 3028 2111 enumerat,
3083 2060 3206 2112 quae
3257 2043 3313 2097 in
3362 2045 3580 2100 actione

272 2125 362 2194 μὲν
376 2125 669 2178 ἑπαινεῖτὰ
685 2126 869 2201 διαβὴ
880 2146 1043 2199 ματα
1061 2130 1160 2183 καὶ
1181 2133 1250 2186 τὰ
1278 2132 1620 2203 ὑποδήματα,
1640 2129 1760 2188 εἶτα
1789 2133 1882 2188 τῶι

2001 2137 2336 2201 consistunt,
2377 2147 2493 2190 tum
2543 2135 2611 2189 ad
2658 2151 2755 2190 eas
2803 2134 3227 2204 accedit,‘quae
3276 2136 3397 2189 sitae
3449 2142 3581 2189 sunt

280 2214 452 2284 μηρῶν
484 2217 613 2279 τοὺς
651 2217 959 2288 ῥυθμοὺς,
992 2220 1276 2273 τουτέστιν
1305 2222 1533 2276 ἕκαστον
1556 2224 1601 2254 ³³
1621 2224 1732 2277 τῶν
1755 2241 1890 2293 γινο-

2002 2228 2057 2282 in
2089 2226 2580 2296 contemplatione.
2620 2227 2856 2282 Gressus
2882 2226 3031 2281 enim
3063 2228 3304 2295 primum
3339 2226 3575 2288 extollit,

291 2304 476 2373 μίνυνθ’
503 2308 646 2376 μετὰ
692 2308 759 2361 δὲ
794 2311 945 2374 τοὺς
979 2312 1197 2383 μηροὺς
1227 2314 1321 2365 τὸν
1372 2315 1619 2385 ὀμφαλόν
1651 2331 1665 2345 ⁸
1702 2336 1722 2369 ι
1768 2318 1893 2388 Ὀμ-

2000 2328 2056 2374 ει
2091 2318 2495 2385 calceamenta,
2524 2332 2652 2372 mox
2678 2315 2951 2372 femorum
2977 2317 3437 2381 concinnitatem,
3475 2317 3580 2371 hoc

298 2396 443 2463 91M;
461 2414 550 2450 σου
566 2398 699 2471 γὰρ,
728 2401 916 2471 φησι,
944 2402 1164 2475 κρατὴρ
1181 2404 1438 2475 τορευτὸς
1462 2406 1536 2477 μὴ
1562 2407 1899 2479 ὑστερούμε-

2000 2416 2108 2473 est,
2156 2409 2588 2478 unumquodque
2635 2423 2829 2463 eorum
2879 2423 3000 2477 quae
3053 2407 3229 2475 ﬁunt;
3260 2418 3315 2465 et
3348 2419 3471 2478 post
3501 2407 3582 2463 fe-

303 2502 386 2550 νος
414 2489 607 2557 κρᾶμα.
632 2509 650 2540 ι
690 2491 1080 2563 Παραθῶμεν
1119 2493 1199 2557 δὲ,
1251 2497 1301 2548 εί
1338 2495 1505 2559 δοκεῖ,
1551 2495 1620 2550 τὰ
1646 2497 1898 2568 περὶτοῦ

2003 2500 2546 2568 mora,umhilicum.
2598 2519 2617 2552 ‹
2661 2497 2993 2566 Umbilicus,
3016 2499 3218 2570 inquit,
3251 2506 3582 2554 tuuscrater

304 2579 532 2647 ὀμφαὶοῦ
548 2580 641 2650 τῆς
676 2582 982 2645 ἰουδαίας
1015 2583 1120 2637 ὑπὸ
1165 2585 1259 2638 τοῦ
1290 2584 1425 2639 Θεοῦ
1453 2585 1562 2639 τῶν
1588 2587 1724 2641 ὅλων
1748 2589 1900 2659 είρη-

2002 2593 2320 2656 tornatilis,
2357 2606 2471 2647 non
2530 2591 2789 2661 indigens
2829 2591 3015 2648 misto.
3060 2610 3079 2642 ι
3127 2590 3438 2657 Atleramus
3492 2605 3579 2655 ea,

300 2674 421 2742 μένα
441 2674 524 2727 διὰ
560 2674 843 2746 Ίεξεκιὴλ
887 2675 994 2728 τοῦ
1062 2678 1369 2747 προφήτου.
1421 2678 1532 2748 Τὴν
1565 2680 1674 2749 γὰρ
1696 2680 1891 2734 ἀκολαο

2003 2686 2052 2740 si
2092 2684 2326 2747 videtur,
2383 2699 2506 2754 quae
2543 2682 2611 2739 de
2648 2683 2915 2738 umbilico
2964 2682 3167 2738 Judaeae
3200 2683 3268 2737 ab
3294 2682 3581 2737 universo-

291 2764 398 2817 σίαν
420 2768 582 2837 αὐτῆς
606 2766 1024 2838 θριαμϐεύων,
1056 2769 1151 2821 καὶ.
1166 2769 1266 2839 τὴν
1297 2767 1497 2838 πολλὴν
1531 2770 1700 2839 αὐτῆς
1732 2771 1901 2843 δημο-

2003 2785 2125 2824 rum
2179 2768 2291 2825 Deo
2338 2785 2439 2840 per
2467 2770 2814 2825 Ezechielem
2858 2773 3182 2841 prophetam
3235 2771 3383 2825 dicta
3428 2780 3579 2826 sunt.

281 2859 465 2911 σιείων
494 2858 798 2923 ἀσέϐειαν,
824 2859 912 2923 ὡς
944 2861 1043 2912 καὶ
1065 2860 1124 2912 ὲν
1148 2859 1227 2930 τῷ
1258 2858 1462 2931 πρώτῳ
1497 2862 1641 2932 λόγῳ
1661 2862 1891 2934 διεξελη-

2004 2860 2408 2931 lmpudicitiam
2450 2862 2597 2916 enim
2633 2862 2784 2918 illius
2836 2863 3200 2934 redarguens,
3231 2871 3290 2919 et
3325 2877 3582 2932 magnam

278 2950 528 3020 λὺθαμεν,
545 2950 630 3021 τῷ
660 2952 951 3024 προφήτῃ
978 2950 1135 3021 φησι·
1160 2970 1177 3003 ι
1198 2952 1573 3024 Διαμάρτυραι
1595 2956 1663 3025 τῇ
1705 2954 1888 3024 Ἱερου·

2003 2953 2339 3023 impietatem
2384 2968 2694 3019 accusans,
2725 2963 2783 3009 ut
2821 2954 2876 3008 in
2915 2957 3097 3024 primo
3130 2954 3276 3010 libro
3307 2954 3581 3024 persecuti

281 3041 458 3111 πλὴμ
489 3044 592 3105 τὰς
640 3044 902 3113 ἀνομίας
958 3042 1156 3112 αὐτῆς,
1208 3043 1305 3096 καὶ
1366 3047 1511 3114 ὲρεῖς
1539 3060 1552 3074 ·
1580 3045 1721 3100 Τάδε
1754 3044 1891 3115 λέγει

2007 3058 2200 3098 sumus
2232 3061 2246 3098 :
2287 3062 2306 3095 ι
2341 3041 2699 3109 'l‘estiﬁcare,
2749 3045 2929 3115 inquit
2963 3045 3030 3100 ad
3069 3045 3429 3115 prophetam,
3460 3032 3586 3099 Hie?

284 3134 478 3204 Κῦριος
510 3137 580 3205 τῇ
622 3133 1018 3206 Ἰερουσαλήμ
1039 3151 1052 3164 ⁸
1109 3135 1174 3187 Ἠ
1224 3134 1349 3205 ῥίζα
1380 3153 1473 3191 σου
1505 3136 1600 3190 καὶ
1628 3138 1660 3207 ή
1692 3137 1894 3206 γένεσίς

2004 3134 2297 3205 rosolymae
2344 3133 2666 3205 iniquitates
2690 3150 2848 3192 suas.
2872 3136 2933 3189 Et
2962 3135 3155 3191 dices:
3192 3134 3317 3190 Haec
3336 3136 3470 3190 dicit
3492 3133 3590 3190 Do-

288 3243 377 3278 σου
396 3229 458 3279 ὲκ
488 3231 596 3298 γῆς
633 3227 908 3286 Χαναὰν.
965 3228 995 3280 ὁ
1053 3228 1237 3299 πατήρ
1277 3245 1370 3282 σου
1417 3230 1769 3300 ’Δμορῤαἰος,
1810 3230 1898 3285 καὶ

2006 3227 2191 3280 minus
2212 3224 2643 3297 Hierosolymae:
2672 3225 2839 3281 Radix
2868 3234 2982 3290 tua,
3007 3236 3061 3281 et
3084 3227 3367 3296 generatio
3397 3235 3494 3279 tua
3520 3226 3590 3281 de

288 3321 323 3386 ἡ
355 3320 529 3391 μήτηρ
559 3337 662 3373 σου
681 3321 969 3374 Χετταία.
1001 3321 1109 3374 Καὶ
1136 3322 1169 3391 ἡ
1194 3320 1410 3390 γένεσίς
1436 3339 1531 3375 σου
1561 3324 1621 3376 ἐν
1723 3323 1898 3395 ἡμέρᾳ

2006 3322 2154 3371 terra
2174 3314 2461 3382 Chanaan,
2481 3325 2640 3385 pater
2668 3324 2798 3371 tuus
2824 3318 3203 3381 Amorrhaaus,
3231 3324 3285 3370 et
3304 3323 3480 3371 mater
3496 3324 3589 3370 tua

294 3410 549 3481 ἱτέχθης,
606 3415 719 3466 οὐκ
772 3413 1000 3484 ἐτμήθη
1067 3415 1096 3466 ὁ
1156 3413 1400 3483 ὀμφαλός
1456 3432 1571 3471 σου.
1606 3434 1625 3467 ›
1693 3416 1904 3489 Ἐκείνῃ

2008 3407 2268 3462 Cbettaea.
2317 3405 2385 3461 Et
2431 3406 2653 3477 quando
2684 3416 2815 3462 nata
2849 3423 2943 3474 es,
2989 3407 3078 3462 die
3129 3416 3286 3464 ortus
3324 3408 3441 3474 tui,
3479 3423 3587 3462 non

301 3504 392 3571 μὲν
418 3497 512 3556 οὖν
540 3522 738 3574 φησιν,
778 3506 935 3557 «Οὐκ
965 3505 1181 3576 ἐτμήθη
1202 3507 1231 3559 ὁ
1256 3506 1500 3577 ὀμφαλός
1534 3520 1659 3560 σου³
1685 3527 1702 3558 ι
1733 3507 1903 3580 ταύτῃ

2006 3503 2096 3551 εει
2138 3495 2418 3566 praecisus
2448 3496 2750 3552 umbilicus
2799 3505 2928 3552 tuus
2963 3507 3009 3550 ο.
3052 3514 3069 3547 ι
3108 3496 3192 3551 Ad
3232 3497 3382 3550 illam
3421 3496 3590 3566 igitur

299 3594 375 3658 δὲ,
407 3614 426 3645 ε
465 3594 753 3665 Ὀμφαλός
805 3613 908 3649 σου
956 3596 1171 3669 κρατὴρ
1203 3599 1457 3667 ’πορευτὸς
1504 3599 1605 3669 οὐχ
1647 3599 1905 3668 ὑστερού-

2011 3588 2109 3655 ait,
2147 3606 2166 3639 ι
2187 3588 2306 3644 Νοη
2339 3596 2427 3645 εει
2456 3590 2719 3659 praecisus
2745 3590 3046 3646 umbilicus
3076 3597 3206 3644 tuus
3242 3608 3255 3645 :
3284 3609 3304 3642 ι
3341 3590 3407 3646 ad
3436 3590 3587 3646 hanc

307 3702 456 3753 μενος
497 3688 723 3759 κρᾶμα.
763 3706 784 3738 ι
835 3688 906 3740 Ἢ
950 3688 1050 3757 μὲν
1088 3690 1199 3759 γὰρ
1234 3689 1294 3754 ἐξ
1325 3688 1603 3757 Αἰγύπτου
1656 3689 1906 3761 τεχθεῖσα

2011 3687 2219 3748 autem,
2254 3700 2272 3733 ι
2299 3679 2607 3738 Umbilicus
2634 3691 2764 3737 tuus
2803 3689 2986 3737 crater
3023 3682 3328 3745 tornatilis.
3357 3697 3469 3737 non
3502 3684 3588 3737 in-

302 3778 397 3830 οὐκ
421 3778 616 3857 ἔτεμεν
646 3780 830 3851 αὐτῆς
862 3779 955 3832 τὸν
983 3780 1248 3850 ὀμφαλὸν,
1276 3780 1392 3835 ἀλλ’
1421 3781 1611 3853 ὥσπερ
1635 3781 1724 3836 διά
1762 3799 1907 3847 τινος

2012 3771 2205 3842 digens
2236 3772 2424 3828 misto.
2455 3793 2474 3824 ι
2514 3771 2610 3828 Illa
2641 3775 2788 3830 enim
2823 3788 2888 3829 es
2931 3772 3172 3846 Egypto
3205 3774 3441 3829 oriunda
3481 3790 3589 3831 non

306 3870 453 3941 ῥίζης
474 3866 663 3924 εἷλκεν
686 3871 749 3935 ἐξ
778 3870 1067 3938 Αἰγύπτου
1083 3871 1182 3942 τὴν
1213 3872 1479 3944 πονηρίαν
1495 3874 1592 3944 τῆς
1611 3872 1906 3939 δυσσεϐοῦς

2013 3865 2266 3934 praecidit
2291 3865 2608 3922 umbilicum
2637 3880 2820 3931 suum,
2868 3866 2967 3923 sed
3024 3866 3191 3922 veluti
3222 3881 3321 3937 per
3344 3865 3590 3923 radicem

304 3958 679 4023 διδασκαλίας.
709 3958 866 4030 Αὕτη
901 3959 958 4012 δὲ
988 3959 1088 4028 οὐχ
1112 3958 1301 4023 ἁπλῶς
1333 3960 1425 4012 τὸν
1470 3959 1714 4031 ὀμφαλὸν
1736 3960 1907 4029 αὐτῆς

2013 3954 2307 4023 quamdam
2358 3971 2431 4011 ex.
2473 3955 2713 4028 A‘ngpto
2759 3955 2946 4025 impia:
2973 3956 3244 4013 doctrinae
3293 3956 3463 4011 traxit
3493 3957 3593 4011 im-

310 4050 513 4120 ιτεμεν,
540 4051 664 4104 ἀλλ’
698 4050 883 4114 οὕτως
914 4049 1145 4121 ὲᾷάθυνε
1184 4050 1286 4122 τὴν
1315 4051 1509 4123 τομὴν,
1541 4051 1681 4106 ὥστε
1724 4054 1908 4107 πᾶσαν

2015 4047 2368 4118 probitatem.
2431 4046 2559 4103 Haec
2615 4057 2797 4104 autem
2867 4063 2981 4102 non
3045 4049 3372 4120 simpliciter
3430 4048 3594 4104 modo

308 4140 401 4209 τῆς
422 4140 890 4211 είδωλολατρείας
939 4141 1255 4194 ἀνασπᾶσαι
1304 4139 1407 4212 τὴν
1462 4139 1636 4210 ῥίζαν,
1674 4140 1750 4205 ὡς
1773 4157 1909 4210 κρα-

2015 4138 2266 4208 praecidit
2315 4139 2641 4194 umbilicum
2683 4154 2869 4205 suum,
2906 4140 3003 4195 sed
3051 4140 3127 4194 ita
3158 4140 3382 4209 penitus
3407 4155 3596 4210 ampu-

308 4232 426 4302 τῆρι
448 4233 705 4303 τορευτῷ
729 4230 1211 4301 παραϐάλλεσθαι,
1244 4231 1338 4284 καὶ
1366 4232 1428 4284 τὺ
1457 4231 1647 4302 κρᾶμα
1689 4232 1791 4300 τῆς
1819 4231 1911 4284 εὐ-

2015 4230 2175 4295 tavit,
2201 4236 2261 4283 ut
2285 4244 2505 4285 omnem
2550 4228 2876 4284 idololatriae
2921 4227 3083 4301 ιη
3111 4230 3353 4285 radicem
3398 4230 3596 4285 evelle-

309 4324 583 4395 omnium;
649 4324 927 4393 διηνεκῶς
976 4323 1146 4393 ἔχειν,
1183 4324 1280 4376 καὶ
1338 4322 1609 4393 μηδέποτε
1638 4322 1909 4377 ἐλλείπειν

2016 4330 2124 4386 ret,
2155 4329 2209 4377 et
2241 4320 2446 4376 crateri
2491 4319 2745 4374 tornatili
2798 4318 3001 4375 similis
3047 4318 3357 4383 videretur,
3391 4319 3595 4374 laetitiae

308 4418 436 4487 αὐτῇ
470 4415 576 4484 τὴν
598 4417 670 4469 ὲκ
702 4416 806 4486 τῆς
832 4414 1115 4478 εὐσεϐείας
1161 4413 1523 4485 ὲγγινομένην
1554 4415 1695 4485 αὐτῇ
1729 4414 1904 4484 θυμη-

2017 4423 2459 4490 p0tum.semper
2498 4411 2748 4473 haberet,
2784 4426 2885 4464 nec
2917 4409 3147 4480 gaudio,
3182 4409 3330 4480 quod
3370 4424 3438 4466 ex
3480 4409 3596 4481 pie-

302 4507 437 4561 δέαν.
463 4506 644 4561 Ἀλλά
685 4506 785 4559 καὶ
817 4524 836 4556 ι
884 4507 948 4559 Ἡ
971 4506 1151 4559 κοιλία
1207 4522 1300 4558 σου
1329 4505 1580 4576 θημωνία
1611 4505 1780 4569 σίτου,
1813 4522 1911 4558 πε-

2017 4510 2130 4559 tate
2164 4501 2574 4574 proﬁciscitur,
2625 4516 2873 4571 unquam
2932 4500 3348 4557 destitueretur.
3391 4500 3497 4557 Sed
3541 4509 3598 4556 et

304 4600 605 4670 φραγμένη
640 4601 703 4651 ἑν
733 4597 968 4668 κρίνοις.
1008 4616 1027 4650 ι
1053 4597 1096 4650 Τ
1101 4598 1338 4663 ουτέστι,
1376 4597 1551 4668 μεστὰ
1580 4597 1650 4650 τὰ
1685 4597 1912 4667 ταμιεῖά

2024 4613 2044 4647 σ
2081 4593 2286 4650 Venter
2335 4603 2464 4651 tuus
2497 4609 2734 4650 acervus
2784 4593 2958 4649 tritici
2999 4595 3244 4651 vallatus
3294 4594 3445 4651 liliis.
3484 4613 3503 4646 ι
3539 4593 3594 4648 ιιι

300 4707 397 4744 σου
423 4692 530 4761 τῆς
564 4690 758 4760 ψυχῆς
804 4688 916 4741 τῶν
960 4687 1362 4759 κεκρυμμένων
1399 4688 1735 4759 μυστηρίων,
1776 4682 1907 4761 ὧνή

2016 4696 2124 4753 εει,
2180 4688 2387 4743 animm
2438 4694 2547 4743 tute
2601 4703 2746 4759 penu
2780 4687 3003 4743 arcanis
3037 4689 3261 4759 plenum
3297 4686 3595 4770 mysteriis,

298 4782 542 4854 εὖοσμία
588 4782 736 4852 μόνη
775 4782 891 4841 τοῖς
937 4779 1186 4834 ἀτελέσιν
1226 4779 1306 4833 ἔτι
1333 4781 1429 4833 καὶ
1460 4780 1679 4849 νηπίοις
1707 4779 1908 4852 γνώρι-

2018 4793 2251 4849 quorum
2287 4778 2426 4835 odor
2455 4779 2617 4835 solus
2643 4777 2990 4849 imperfectis
3014 4779 3196 4834 adhuc
3217 4786 3276 4834 et
3297 4777 3599 4833 inlantibus

301 4851 480 4944 μοςξι
522 4851 760 4946 κρίνοις
807 4872 939 4943 γὰρ,
962 4871 1120 4941 φησι,
1157 4871 1626 4944 περιπέφρακται,
1660 4892 1680 4925 ι
1709 4872 1797 4928 ἵνα
1824 4851 1911 4926 διὰ

2016 4879 2183 4926 notus
2235 4878 2338 4926 est.
2377 4890 2395 4924 ι
2432 4868 2591 4924 Liliis
2637 4872 2784 4925 enim
2812 4911 2828 4935 ,
2886 4869 3094 4940 inquit,
3147 4868 3600 4925 circumvallatus

301 4971 405 5040 μὲν
433 4967 536 5021 τοῦ
570 4966 1041 5036 περιφράγματος
1070 4963 1131 5017 τὸ
1172 4964 1558 5035 κεκρυμμένον
1593 4966 1874 5036 νοήσωμεν
1895 5006 1911 5031 ,

2015 4972 2121 5027 εει,
2156 4982 2174 5013 ι
2212 4970 2272 5017 ιιι
2303 4978 2403 5033 per
2441 4962 2646 5017 vallum
2693 4975 2761 5017 ea
2813 4975 2939 5030 qua:
2988 4959 3275 5016 recondita
3310 4970 3472 5026 sunt,
3506 4973 3600 5030 per

296 5062 390 5115 διὰ
413 5061 474 5114 δὲ
497 5060 615 5113 τῶν
646 5059 881 5129 κρίνων,
897 5058 997 5129 τὴν
1030 5056 1241 5111 ἐκεῖθεν
1260 5056 1536 5127 πανταχοῦ
1556 5057 1906 5129 διαῤῥέουσαι

2016 5055 2131 5110 lilia
2187 5062 2372 5110 autem
2428 5054 2676 5124 undique
2723 5068 2789 5108 ex
2836 5067 2902 5108 eo
2945 5050 3203 5108 ﬂuentem
3243 5049 3600 5122 fragrantiam

299 5153 598 5223 εὐοσμίαν.
638 5170 659 5203 ι
693 5150 810 5205 Καὶ
832 5151 884 5204 oi
915 5148 1113 5221 μαστοί
1140 5165 1237 5201 σου
1259 5148 1315 5203 δὲ
1335 5151 1384 5203 oi
1414 5147 1509 5203 δύο
1537 5148 1748 5219 νεϐροίς
1776 5149 1909 5204 διδύ-

2018 5143 2418 5214 intelligamus.
2457 5161 2475 5193 ‹
2516 5140 2584 5195 Ει
2626 5140 2738 5196 duo
2783 5140 2955 5195 ubera
3004 5147 3100 5195 tua
3146 5147 3280 5195 sunt
3316 5140 3462 5194 sicut
3494 5138 3601 5195 duo

306 5263 431 5316 μοις
455 5241 1015 5315 δορκάδοςὲοίκασιν.
1044 5261 1064 5293 ι
1095 5243 1158 5295 0i
1182 5240 1292 5312 γὰρ
1311 5240 1414 5310 τῆς
1443 5239 1795 5304 διδασκαλίας
1822 5257 1916 5293 σου

2025 5234 2241 5290 hinnuli
2282 5233 2504 5306 gemelli
2536 5246 2773 5303 capreae.
2805 5250 2824 5282 ι
2859 5229 2997 5286 Nam
3041 5231 3311 5288 doctrinae
3341 5238 3448 5286 tuae
3485 5230 3594 5286 fon-

303 5339 557 5407 κρουνοὶ,
598 5336 674 5390 τά
696 5333 868 5390 καινά
924 5332 1290 5407 προφέροντες
1326 5333 1564 5403 νάματα,
1595 5331 1913 5402 ὀξυδορκίαν

2036 5335 2144 5393 tes,
2172 5341 2347 5384 novos
2382 5326 2574 5382 latices
2603 5323 2972 5390 eﬁ‘undentes,
3021 5324 3226 5381 mentis
3276 5337 3509 5379 acumen
3553 5330 3602 5378 et

307 5427 656 5491 διδάσκουσι,
690 5424 788 5479 καὶ
823 5424 925 5495 τὴν
969 5420 1350 5494 πνευματικὴν
1411 5419 1684 5492 θεωρίαν’
1722 5422 1755 5491 ή
1806 5420 1917 5492 γὰρ

2026 5420 2375 5493 spiritualem
2408 5416 2936 5489 contemplationem
2963 5414 3187 5473 docent.
3224 5414 3433 5485 Caprea
3459 5411 3604 5466 enim

380 5635 405 5665 ⁶
442 5623 657 5680 Ezech.
689 5637 812 5685 xu,
847 5620 872 5676 1
908 5635 1068 5692 seqq.

1651 5732 1889 5791 VARIE
1941 5733 2348 5792 LECTIONES.

373 5873 422 5905 "
462 5879 583 5937 εἷθ’.
609 5882 751 5940 Cod.
788 5899 981 5957 prem.
1020 5880 1138 5937 καί.
1215 5881 1259 5914 ³⁸
1284 5880 1525 5962 πρῶτον.
1550 5880 1687 5938 Cod.
1721 5894 1908 5953 prtem.
1939 5878 2001 5935 τὸ
2028 5878 2150 5953 μέν.
2227 5879 2267 5962 ξ’
2298 5895 2500 5951 πρακτ.
2534 5876 2677 5934 Cod.
2712 5876 2929 5949 ἠθικῆς.
2973 5945 2986 5955 ⁸
3007 5875 3053 5910 ⁸¹
3077 5874 3214 5933 Cod.
3261 5871 3511 5930 ἑκάστου.
