4076 6452
548 427 645 495 191

1544 430 2034 491 THEODORETI
2051 427 2390 491 EPISCOPI
2414 428 2782 489 CYRENSIS

3727 413 3826 477 192

540 547 607 587 ex
637 532 863 588 videndi
895 535 1152 590 acumine
1191 534 1451 590 dorcadis
1494 549 1798 605 cognomen
1845 535 2031 598 habet,
2086 543 2137 589 et

2245 531 2443 605 δορκάς
2482 533 2805 606 ὀξυδορκίας
2834 531 3141 600 ἐπώνυμος,
3170 526 3266 581 καὶ
3297 527 3326 579 6
3356 522 3545 595 νεϐρὸς
3576 519 3667 574 τοῦ
3706 522 3828 577 νέου

543 630 818 687 hinnulus
859 646 1061 686 novum
1109 632 1409 701 signiﬁcat.
1454 651 1472 683 ι
1510 631 1727 685 Collum
1756 640 1943 686 autem
1974 636 2133 684 tuum

543 725 688 779 sicut
742 726 918 780 turris
970 725 1240 780 eburnea.
1290 743 1309 775 ι
1356 724 1653 780 Remolum
1687 726 1838 780 enim
1868 735 1955 779 est
1985 738 2015 777 a
2050 723 2137 778 ni-

542 817 796 882 grediue,
838 826 893 872 et
931 816 1124 887 jugum
1183 832 1365 871 meum
1426 817 1742 887 suscipiens
1793 818 2002 871 factum
2048 822 2137 871 est

543 909 884 974 candidum;
917 916 973 963 et
1013 917 1129 962 tum
1164 910 1441 974 hostibus,
1470 917 1533 963 ut
1561 910 1757 975 turris,
1807 916 1894 964 est
1944 906 2137 962 formi-

543 1002 827 1064 dandum,
884 1010 999 1055 tum
1054 1002 1253 1057 aziicis
1301 1002 1540 1059 amabile
1596 1012 1822 1072 propter
1874 1002 2134 1057 nitorem.

548 1114 567 1146 ι
603 1094 761 1148 Oculi
801 1108 930 1146 vero
962 1095 1040 1147 tui
1080 1094 1229 1149 sicut
1258 1103 1452 1165 stagna
1489 1097 1541 1148 in
1571 1094 1848 1159 Essebon,
1871 1096 1929 1149 in
1958 1094 2136 1163 portis

543 1187 670 1240 filiae
701 1187 1027 1239 multorum.
1066 1204 1085 1235 ›
1140 1184 1254 1239 Hoc
1290 1194 1515 1241 vertens
1548 1186 1746 1256 Aquila
1783 1202 1882 1254 pro
1917 1204 1936 1237 ι
1970 1184 2136 1240 Esse-

555 1281 663 1334 bon
699 1297 719 1329 ι
752 1278 939 1349 posuit
968 1297 987 1329 ι
1018 1278 1435 1347 cogitationem.
1485 1296 1503 1327 ι
1553 1277 1726 1333 Docet
1760 1278 1930 1344 igitur
1964 1291 2135 1346 spon-

544 1386 664 1435 sus,
713 1361 1303 1440 animarum‘piarum
1347 1370 1544 1424 oculos
1587 1378 1723 1424 esse
1763 1376 1983 1439 stagna,
2013 1383 2138 1436 qua:

543 1463 729 1519 divina
786 1462 991 1517 ﬂuenta
1033 1461 1391 1531 suscipiunt,
1423 1470 1480 1516 et
1509 1461 1797 1515 exundant
1825 1469 2132 1531 perpetuo:

543 1554 749 1623 quippe
771 1567 894 1620 qua:
922 1551 1110 1606 multis
1135 1567 1167 1606 e
1190 1552 1396 1621 portis,
1438 1552 1489 1605 id
1529 1558 1637 1617 est,
1670 1566 1769 1620 per
1792 1565 1894 1604 ora
1941 1550 2134 1613 multa,

544 1651 666 1713 (per
719 1642 1143 1696 translationem
1193 1640 1340 1697 enim
1387 1652 1581 1710 portas
1626 1655 1727 1695 ora
1783 1639 2134 1711 nominavit,)

543 1734 758 1803 copiam
808 1748 1077 1802 aquarum
1126 1732 1452 1787 admittunt.
1512 1732 1796 1802 Siquidem
1849 1747 1881 1786 a
1935 1747 2137 1803 magno

545 1824 714 1884 Mose.
744 1832 798 1877 et
824 1840 853 1877 a
876 1823 1048 1879 Josua
1083 1824 1197 1880 lilio
1224 1822 1393 1888 Nave,
1421 1834 1477 1877 et
1506 1842 1534 1877 a
1567 1824 1824 1878 Samuele
1842 1826 2134 1895 propheta,

2244 626 2599 695 σημαντικός.
2640 645 2659 677 ι
2702 626 2759 678 '0
2792 622 2850 677 δὲ
2903 618 3177 693 τράχηλός
3219 633 3334 680 σου,
3368 614 3446 678 ὡς
3482 611 3687 683 πύργος
3712 612 3830 665 ἑλε-

2242 718 2511 785 φάντινος.
2545 736 2565 769 ι
2608 716 2925 788 ’Δπηλλάγη
2999 712 3108 782 γὰρ
3164 708 3262 763 τοῦ
3327 707 3493 779 μέλας
3540 699 3702 764 εἶναι.
3737 705 3832 758 καὶ

2242 808 2541 879 ὲλευκάνθη
2568 810 2659 862 τὸν
2687 806 2850 876 ζυγόν
2906 823 3007 878 μου
3056 801 3387 873 δεξάμενοςο
3450 797 3547 852 καὶ
3604 795 3831 868 φοϐερός

2244 902 2363 953 ἐστι
2395 902 2511 963 τοῖς
2540 899 2821 971 πολεμίοις
2875 898 2952 960 ὡς
3002 895 3233 964 πύργος,
3282 891 3377 945 καὶ
3426 888 3673 951 ποθεινός
3717 889 3831 941 ἐστι

2242 995 2358 1056 τοῖς
2387 991 2564 1061 φίλοις
2602 991 2678 1055 ὼς
2724 989 2980 1060 λάμπων.
3021 1004 3037 1038 ι
3086 986 3150 1040 Οἱ
3202 984 3260 1038 δὲ
3286 979 3554 1053 ὀφθαλμοί
3595 995 3710 1043 σου,
3755 977 3831 1042 ὡς

2243 1083 2430 1155 λίμναι
2452 1086 2510 1138 ὲν
2551 1082 2826 1136 Ἐσσεϐὼν
2851 1080 2920 1144 ³³,
2947 1081 3006 1133 ὲν
3027 1077 3230 1140 πύλαις
3261 1072 3536 1143 θυγατρὸς
3566 1070 3824 1127 πολλῶν.»

2244 1174 2417 1229 Τοῦτο
2445 1175 2502 1228 δὲ
2525 1176 2555 1227 6
2596 1174 2831 1237 ’Δκύλας
2896 1169 3240 1243 ἑρμηνεύων,
3291 1167 3417 1221 ἀντὶ
3444 1163 3540 1218 τοῦ
3578 1183 3597 1216 ι
3647 1165 3830 1218 Ἐσσε-

2244 1266 2354 1320 ϐὼν
2385 1287 2404 1318 ι
2447 1264 2851 1336 ἐπιλογισμὸν
2881 1264 3118 1318 τέθεικε.
3157 1261 3408 1316 Διδάσκει
3432 1259 3616 1312 τοίνυν
3638 1259 3666 1311 6
3692 1273 3827 1325 νυμ-

2245 1358 2387 1428 φίος,
2418 1358 2635 1413 ὅτιτῶν
2662 1356 2904 1411 εὐσεϐῶν
2922 1354 3110 1426 ψυχῶν
3144 1353 3206 1408 τὸ
3236 1352 3459 1406 όπτικδν
3490 1350 3677 1421 λίμναι
3702 1348 3826 1411 εἶσὶ,

2243 1450 2308 1504 τά
2339 1450 2460 1504 θεῖα
2493 1451 2713 1521 νάματα
2768 1448 3077 1519 δεχόμεναι,
3134 1445 3228 1499 καὶ
3256 1442 3527 1515 διηνεκῶς
3562 1441 3826 1512 πλημμυ-

2245 1540 2339 1613 ροῦ
2348 1561 2456 1597 σαι·
2486 1543 2583 1597 ἅτε
2600 1541 2667 1615 δὴ
2680 1540 2788 1595 ἀπὸ
2806 1539 3017 1593 πολλῶν
3035 1536 3244 1599 πυλῶν,
3271 1534 3518 1589 τουτέστι
3547 1532 3827 1603 στομάτων

2246 1637 2544 1713 (τροπικῶς
2564 1635 2674 1705 γὰρ
2688 1633 2758 1687 τὰ
2776 1633 3018 1703 στόματα
3044 1629 3215 1691 πύλας
3229 1627 3531 1697 ὠνόμασε),
3554 1623 3624 1678 τὰ
3638 1623 3826 1695 ῥεῖθρα

2241 1732 2552 1801 δεχόμεναι.
2585 1726 2695 1779 Kal
2726 1724 2836 1794 γὰρ
2869 1722 3019 1794 παρά
3048 1718 3143 1774 τοῦ
3169 1717 3407 1789 μεγάλου
3440 1715 3708 1777 Μωσέως,
3738 1713 3827 1767 καὶ

2244 1822 2397 1893 παρά
2412 1818 2588 1891 Ἰησοῦ
2613 1816 2709 1871 τοῦ
2726 1816 2904 1885 Ναυῆ,
2918 1815 3013 1868 καὶ
3042 1810 3295 1883 Σαμουὴλ
3308 1807 3403 1863 τοῦ
3421 1808 3725 1878 προφήτου.
3740 1803 3829 1859 καὶ

543 1928 597 1970 et
627 1934 657 1971 a
694 1917 923 1984 Davide,
977 1918 1172 1973 eodem
1234 1925 1349 1970 tum
1390 1916 1661 1987 propheta
1688 1957 1702 1976 .
1745 1927 1864 1970 tum
1900 1931 2050 1987 rege,
2084 1927 2137 1971 et

2254 1913 2408 1985 παρὰ
2445 1910 2631 1973 Δαϐὶδ,
2661 1907 2757 1963 τοῦ
2783 1909 3067 1979 προφήτου
3103 1906 3198 1960 καὶ
3233 1902 3518 1974 βασιλέως,
3558 1898 3656 1956 καὶ
3682 1897 3829 1967 παρά

543 2012 613 2066 ab
645 2011 803 2074 lsaia,
825 2020 879 2066 et
902 2009 1164 2074 Jeremia,
1200 2016 1255 2063 et
1277 2008 1524 2073 Daniele,
1555 2019 1611 2063 ct
1647 2008 1957 2076 Ezechiele,
1987 2006 2145 2080 145

540 2116 595 2160 et
630 2119 659 2157 a
692 2103 984 2159 duodecim
1028 2101 1336 2172 prophetis,
1367 2112 1417 2156 et
1458 2116 1523 2155 ex
1559 2101 1765 2155 divinis
1802 2101 2144 2171 Evangeliis,

539 2203 597 2249 et
624 2193 1005 2251 sacrosanctis
1029 2192 1326 2263 apostolis,
1367 2200 1423 2246 et
1462 2207 1492 2243 a
1526 2192 1854 2246 doctoribus
1885 2192 1982 2262 qui
2018 2200 2148 2263 post

537 2286 665 2341 illus
728 2285 993 2349 fuerunt,
1059 2285 1254 2341 latices
1316 2283 1574 2337 utilitatis
1639 2283 1944 2353 excipiunt.
2019 2283 2147 2339 Ideo

540 2393 782 2448 sponsus
808 2377 888 2430 ait
915 2395 927 2431 :
955 2395 971 2428 t
1000 2376 1158 2432 Oculi
1197 2376 1274 2431 tui
1300 2376 1450 2432 sicut
1481 2385 1675 2445 stagna
1702 2376 1757 2429 in
1784 2375 2053 2444 Essebou,
2088 2378 2144 2432 in

539 2467 719 2538 portis
773 2465 898 2520 filim
975 2465 1298 2520 multorum.
1339 2484 1356 2513 ι
1422 2464 1936 2534 Coutemplationes
1997 2466 2145 2522 enim

541 2557 742 2610 animae
772 2561 899 2621 tua,
933 2563 991 2609 et
1019 2556 1237 2624 piarum
1270 2553 1672 2623 cogitationum
1715 2556 1898 2624 copia,
1934 2556 2147 2613 similes

541 2646 800 2702 videntur
856 2646 1071 2714 stagnis
1134 2658 1310 2714 aquas
1366 2644 1611 2713 undique
1673 2646 2145 2717 suscipientibus,

428 2774 433 2777 -
540 2736 997 2808 quandoquidem
1025 2751 1123 2806 per
1146 2750 1244 2790 ora
1267 2737 1441 2789 multa
1468 2736 1740 2792 doctrinas
1775 2738 1967 2793 latices
1995 2740 2144 2795 exci-

543 2831 649 2900 pis.
695 2848 715 2881 ι
748 2829 819 2893 Ει
850 2844 1023 2885 nasus
1056 2837 1186 2884 tuus
1239 2834 1324 2883 est
1374 2828 1520 2883 sicut
1555 2829 1729 2883 turris
1773 2828 1991 2898 Libani,
2022 2846 2146 2901 qua

539 2921 770 2991 respicit
797 2918 992 2975 faciem
1022 2917 1295 2973 Damasci.
1338 2936 1354 2969 ι
1396 2916 1531 2970 Nam
1547 2914 1754 2971 Judaeae
1788 2932 1979 2984 nasus,
2013 2934 2144 2989 pro-

541 3019 663 3080 pter
698 3007 1133 3064 inobedientiam
1165 3015 1221 3063 et
1247 3006 1537 3061 audaciam
1583 3006 1927 3073 eﬂ‘renalam,
1962 3009 2145 3064 circu-

543 3102 657 3155 lum
692 3111 954 3171 tanquam
992 3099 1207 3154 frenum
1237 3099 1477 3168 accepit,
1510 3107 1569 3153 ut
1604 3108 1801 3155 taurus
1830 3115 2007 3155 cornu
2048 3115 2144 3171 pec

541 3204 689 3260 tens,
742 3193 881 3262 legis
933 3192 1135 3247 minas.
1176 3189 1313 3246 Nam
1360 3199 1420 3245 ut
1465 3205 1637 3245 vacca
1694 3200 1868 3247 (nstro
1905 3194 2140 3262 percita,

539 3284 812 3341 insanivit
853 3283 1024 3340 Israel
1055 3283 1099 3337 ί.
1129 3282 1200 3338 At
1243 3297 1465 3353 sponsae
1506 3300 1526 3334 ι
1571 3298 1744 3340 nasus
1784 3292 1893 3350 cst,
1925 3283 2135 3355 inquit,

540 3376 687 3432 sicut
710 3376 883 3432 turris
927 3375 1150 3444 Libani,
1180 3390 1304 3446 qua
1335 3375 1566 3446 respicit
1587 3374 1785 3430 faciem
1821 3375 2138 3433 Damasci.»

538 3469 736 3524 Celsus
768 3468 913 3523 enim
945 3475 1028 3524 est
1062 3483 1127 3522 ac
1166 3467 1446 3531 sublimis,
1478 3475 1534 3523 et
1571 3469 1856 3522 ctelestem
1903 3468 2143 3540 suscipit

539 3560 729 3616 odoris
755 3561 1110 3625 suavitatem,
1160 3560 1466 3631 sponsique
1510 3568 1797 3630 unguento
1838 3559 2140 3628 inhaerens,

537 3652 745 3708 clamat
780 3669 795 3706 :
835 3670 854 3703 σ
885 3651 1021 3706 Post
1051 3659 1102 3704 te
1133 3650 1188 3704 in
1222 3652 1450 3707 odorem
1479 3665 1890 3723 unguentorum
1917 3663 2140 3709 tuorum

539 3758 831 3800 curremus
865 3752 915 3799 ι.
958 3761 978 3797 ›
1012 3740 1232 3799 idcirco
1257 3753 1577 3813 comparata
1609 3752 1694 3800 est
1729 3746 1894 3813 turri,
1919 3761 2043 3816 quae
2083 3746 2138 3802 in

539 3834 755 3891 Libano
789 3836 1040 3901 sita-est,
1080 3844 1136 3891 et
1163 3836 1393 3906 respicit
1440 3836 1699 3892 Damasci
1736 3837 1956 3894 faciem.
2001 3837 2137 3895 Nam

538 3928 671 3997 quia
699 3928 981 3996 diabolus,
1027 3936 1088 3984 ut
1122 3929 1325 3984 asserit
1374 3928 1570 3986 beatus
1612 3928 1820 3985 Paulus
1860 3932 1915 3993 ιι,
1941 3931 1997 3986 in
2031 3946 2135 3987 an-

539 4023 722 4092 gelum
757 4021 901 4076 lucis
925 4021 1378 4093 transfiguntur,
1404 4029 1460 4076 et
1487 4022 1753 4092 unguenti
1782 4039 2003 4096 quoque
2024 4027 2138 4098 spi-

539 4114 767 4170 ritualis
801 4115 1044 4184 speciem
1079 4114 1272 4180 sumit,
1297 4113 1699 4169 convenienter
1723 4131 1939 4186 sponsae
1963 4134 2135 4176 nasus

536 4216 757 4261 erectus
801 4219 869 4259 ac
908 4203 1143 4276 vigilans
1196 4204 1426 4275 respicit
1482 4203 1680 4261 faciem
1728 4206 2014 4274 Damasci,
2067 4224 2135 4266 ne

536 4295 769 4364 decepta
804 4307 993 4349 verum
1020 4294 1287 4349 omittcns
1310 4305 1674 4365 unguentum,
1700 4295 1864 4352 fallax
1892 4310 1947 4355 et
1975 4300 2133 4356 adulr

538 4387 778 4442 teriuum
822 4396 1112 4455 sequatur.
1166 4384 1500 4441 Damascum
1538 4397 1724 4444 autem
1767 4404 1868 4460 pro
1911 4393 2133 4462 gentili-

538 4480 663 4541 bus,
698 4485 863 4548 atque
897 4477 1205 4548 impietate,
1241 4477 1404 4550 146
1434 4494 1559 4550 quae
1593 4495 1660 4534 eo
1696 4488 1947 4551 tempore
1984 4485 2133 4553 vige-

2260 2007 2506 2065 Ἡσαΐου,
2531 2002 2623 2057 καὶ
2660 2000 2946 2071 Ἱερεμίου,
3005 1998 3102 2051 καὶ
3143 1997 3361 2069 Δανιὴλ,
3407 1996 3504 2050 καὶ
3544 1989 3826 2062 Ἰεζεκιὴλ,

2250 2099 2346 2152 καὶ
2399 2093 2552 2167 παρά
2602 2093 2713 2147 τῶν
2767 2089 2976 2144 δώδεκα
3025 2086 3337 2160 προφητῶν,
3384 2085 3480 2140 καὶ
3524 2081 3678 2153 παρά
3724 2080 3830 2135 τῶν

2250 2188 2409 2244 θείων
2443 2181 2820 2254 Εύαγγελίων,
2848 2182 2941 2235 καὶ
2963 2180 3115 2251 παρά
3144 2177 3254 2231 τῶν
3284 2177 3446 2250 ἱερῶν
3493 2172 3827 2237 ἀποστόλων,

2248 2283 2345 2336 καὶ
2369 2280 2520 2351 παρά
2545 2277 2654 2331 τῶν
2691 2274 2808 2346 μετ’
2857 2272 3100 2335 ἐκείνους
3137 2270 3447 2341 γενομένων
3476 2265 3829 2329 διδασκάλοιν,

2247 2376 2493 2446 δέχονται
2523 2373 2622 2441 τῆς
2651 2368 2921 2438 ὠφελείας
2946 2366 3014 2419 τὰ
3034 2367 3275 2436 νάματα.
3319 2363 3409 2417 Διό
3443 2377 3610 2432 φησιν
3631 2361 3659 2413 ό
3698 2375 3829 2428 νυμ-

2249 2466 2392 2538 φίοςο
2430 2483 2447 2517 ι
2480 2464 2545 2517 υἱ
2577 2459 2849 2531 ὀφθαλμοί
2894 2475 2988 2511 σου
3026 2456 3101 2520 ὡς
3125 2456 3317 2527 λίμναι
3373 2450 3743 2515 ὲνΈσσεϐὼν,
3775 2452 3832 2503 ιν

2248 2558 2448 2621 πύλαις
2493 2553 2766 2625 θυγατρὸς
2815 2549 3032 2604 πολλῶν
3069 2549 3137 2602 ³⁸.
3197 2567 3217 2600 ι
3254 2549 3319 2601 Al
3341 2546 3451 2618 γάρ
3488 2544 3718 2615 θεωρίαι
3738 2542 3831 2613 τῆς

2244 2650 2428 2722 ψυχῆς
2450 2665 2569 2711 σου,
2598 2645 2691 2700 καὶ
2721 2642 2830 2697 τῶν
2845 2641 3085 2696 εὐσεϐῶν
3113 2658 3209 2695 σου
3241 2637 3519 2708 λογισμῶν
3546 2635 3607 2689 τὺ
3632 2632 3829 2705 πλῆθος

2246 2742 2464 2811 λίμναις
2518 2739 2730 2793 ἐοίκασι
2804 2734 3138 2805 πολλαχόθεν
3193 2730 3519 2802 δεχομέναις
3564 2728 3611 2761 ³⁸
3642 2726 3825 2788 ὕδατα,

2247 2833 2436 2903 ἐπειδὴ
2482 2831 2578 2885 καὶ
2612 2829 2717 2884 ἀπὸ
2772 2827 2985 2882 πολλῶν
3018 2824 3303 2895 στομάτων
3329 2821 3567 2892 ὑποδέχῃ
3597 2820 3702 2890 τῆς
3750 2817 3825 2871 δι-

2245 2923 2542 2986 δασκαλίας
2573 2922 2640 2976 τὰ
2673 2923 2913 2993 νάματα.
2966 2938 2985 2971 ι
3033 2918 3146 2971 Kal
3173 2918 3202 2971 6
3235 2914 3452 2987 μυκτήρ
3498 2929 3593 2966 σου
3638 2910 3723 2975 δὲ,
3756 2908 3827 2971 ὡς

2245 3016 2454 3088 πύργος
2503 3016 2621 3070 ἐστὶ
2653 3014 2748 3068 τοῦ
2784 3013 3040 3073 Λιϐάνου,
3079 3008 3363 3064 σκοπεύων
3398 3004 3694 3076 πρόσωπον
3729 3004 3827 3056 Δα-

2249 3107 2483 3183 μασκοῦ.
2520 3127 2538 3160 ι
2570 3108 2684 3179 Τῆς
2728 3107 2827 3178 μὲν
2860 3101 2954 3160 οὖν
2988 3104 3252 3166 Ἰουδαίας
3297 3104 3327 3156 ὁ
3361 3098 3597 3171 μυκτὴρ,
3638 3096 3729 3151 διὰ
3768 3095 3828 3148 τὸ

2245 3201 2471 3265 ἀπειθὲς
2495 3200 2592 3254 καὶ
2612 3199 2886 3275 δυσήνιον,
2911 3195 3131 3251 ὶνὼτιον
3154 3194 3348 3249 ἐλαϐεν
3380 3188 3492 3246 οἷόν
3512 3206 3642 3244 τινα
3681 3188 3825 3261 χαλιο

2244 3294 2355 3358 νὸν,
2412 3293 2666 3364 καθάπερ
2719 3291 2919 3363 ταῦρος
2971 3288 3274 3360 κερατίζων
3295 3287 3365 3351 ⁸⁸,
3404 3283 3498 3339 τοῦ
3535 3283 3707 3355 νόμου
3733 3283 3826 3353 τὴν

2246 3385 2513 3457 ἀπειλὴν,
2563 3385 2754 3454 ἐπειδὴ
2794 3383 2871 3447 ὡς
2911 3381 3148 3451 δάμαλις
3201 3375 3591 3449 παροιστρῶσα
3638 3373 3826 3446 παροί-

2230 3472 2480 3551 στρησεν
2518 3476 2737 3549 Ἰσραήλ
2752 3476 2821 3529 ⁸⁷.
2865 3476 2924 3530 '0
2952 3474 3008 3528 δὲ
3037 3473 3138 3543 τῆς
3181 3472 3405 3542 νύμφης
3454 3487 3474 3521 ι
3509 3466 3732 3539 μυκτὴρ
3756 3465 3827 3527 ὡς

2243 3570 2474 3644 πύργος,
2516 3571 2702 3642 φησὶν,
2753 3568 2870 3622 ἐστὶ
2901 3565 2995 3621 τοῦ
3036 3565 3295 3629 Λιϐάνου,
3331 3560 3617 3616 σκοπεύων
3666 3557 3828 3631 πρόσ-

2241 3681 2391 3720 ωπον
2429 3660 2744 3734 Δαμασκοῦ.
2770 3680 2789 3711 ο
2840 3657 3073 3728 ’Υψηλὸς
3101 3657 3211 3726 γάρ
3241 3655 3359 3708 ἐστι
3391 3653 3485 3707 καὶ
3536 3650 3827 3720 μετέωρος.

2242 3758 2340 3813 καὶ
2370 3757 2468 3827 τῆς
2490 3753 2697 3809 ἀνωθεν
2729 3751 2995 3822 εύοσμίας
3032 3746 3587 3817 ἀντιλαμϐανόμενος,
3624 3743 3723 3797 καὶ
3754 3739 3833 3810 τῷ

2245 3849 2406 3922 μύρῳ
2428 3847 2523 3900 τοῦ
2540 3845 2775 3914 νυμφίου
2803 3838 3246 3912 προσδεδεμένος,
3281 3837 3374 3892 καὶ
3399 3835 3558 3907 βοῶν·
3588 3853 3606 3885 ι
3630 3831 3831 3887 Ὀπίσω

2243 3960 2338 3997 σου
2394 3944 2476 4004 εἰς
2505 3939 2684 4011 ὀσμὴν
2722 3936 2913 4009 μύρων
2944 3952 3039 3989 σου
3091 3931 3432 4006 δραμοῦμεν.
3472 3946 3490 3981 ι
3538 3927 3642 3981 Διά
3678 3924 3832 3980 τοῦτο

2239 4034 2573 4090 ἀπείκασται
2618 4031 2816 4104 πύργῳ
2849 4028 3036 4083 ἐπάνω
3058 4027 3158 4099 μὲν
3186 4024 3282 4079 τοῦ
3305 4022 3539 4078 Λιϐάνου
3572 4020 3827 4091 κειμένῳ,

2242 4125 2567 4182 σκοπεύοντι
2595 4124 2653 4179 δὲ
2680 4123 2782 4193 τῆς
2804 4118 3099 4189 Δαμασκοῦ
3124 4117 3437 4189 πρόσωπον.
3480 4112 3701 4180 Ἐπειδὴ
3724 4110 3829 4182 γὰρ

2236 4218 2266 4271 6
2298 4210 2915 4287 μετασχηματιζόμενος
2948 4210 3028 4271 εἰς
3071 4207 3304 4277 ἄγγελον
3335 4203 3511 4275 φωτὸς
3561 4200 3826 4265 διάϐολος,

2238 4307 2380 4362 κατά
2403 4306 2497 4359 τὸν
2525 4303 2797 4375 μακάριον
2824 4299 3057 4366 Παῦλον,
3105 4297 3199 4352 καὶ
3224 4296 3306 4361 εἰς
3332 4296 3504 4369 μύρον
3529 4309 3829 4364 πνευματιο

2237 4399 2334 4452 κὺν
2361 4393 2779 4467 σχηματίζεται,
2804 4389 3121 4456 ἀναγκαίως
3147 4389 3176 4440 6
3208 4385 3425 4458 μυκτὴρ
3473 4385 3576 4457 τῆς
3610 4383 3828 4454 νύμφης

2239 4488 2537 4557 ἐγρήγορε.
2571 4485 2667 4537 καὶ
2690 4484 2876 4553 νήφει,
2911 4480 3007 4535 καὶ
3037 4477 3296 4533 σκοπεύει
3332 4476 3626 4549 πρόσωπον
3648 4476 3829 4543 Δαμασ-

539 4570 654 4634 bat,
699 4568 1024 4639 frequenter
1074 4571 1233 4640 ponit
1279 4569 1469 4625 divina
1525 4569 1839 4642 Scriptura;
1900 4581 1961 4628 ut
2005 4589 2129 4629 cum

2243 4573 2398 4641 σκοῦ,
2436 4572 2524 4626 ἴνα
2558 4572 2634 4644 μὴ
2666 4570 3008 4640 ἀπατηθεϊσα
3030 4568 3093 4623 τδ
3132 4569 3231 4640 μὲν
3267 4565 3521 4639 ἀληθινὸν
3556 4562 3830 4634 καταλίπῃ

540 4657 737 4713 beatus
782 4657 955 4714 Isaias
990 4672 1059 4715 ea
1088 4674 1213 4730 quae
1243 4659 1312 4714 ad
1359 4658 1577 4716 Domini
1621 4670 1807 4715 ortum
1858 4663 2135 4732 pertinent

540 4751 983 4820 pranuntiaret,
1032 4758 1204 4822 atque
1248 4768 1315 4806 ex
1363 4750 1610 4822 Spiritus
1660 4756 1839 4809 sancti
1891 4769 2129 4826 persona

539 4844 774 4900 dixisset
811 4863 826 4900 :
870 4864 890 4898 ι
926 4847 1153 4901 Accessi
1190 4846 1258 4901 ad
1296 4848 1738 4916 prophetissam,
1767 4867 1788 4901 ι
1846 4849 1899 4904 id
1942 4859 2027 4906 est
2063 4851 2130 4905 ad

541 4935 836 5007 virginem,
867 4953 887 4989 ι
915 4942 970 4993 et
989 4939 1244 5008 concepit
1270 4949 1325 4992 et
1350 4940 1565 5009 peperit
1596 4938 1767 4995 filium
1798 4943 1815 4983 ί
1850 4961 1865 4999 :
1897 4962 1917 4995 ι
1955 4945 2128 5016 subji-

539 5026 613 5081 cit
639 5029 831 5085 dicens
860 5046 875 5084 :
910 5046 928 5080 ι
957 5027 1023 5083 Et
1044 5028 1185 5083 dixit
1216 5028 1481 5086 Dominus
1508 5031 1576 5086 ad
1608 5048 1695 5087 me
1719 5052 1730 5087 :
1761 5033 1910 5091 Voca
1930 5052 2127 5094 nomen

544 5120 691 5188 ejus,
719 5122 991 5179 Celeriter
1034 5122 1214 5192 spolia
1259 5122 1512 5189 detrahe,
1559 5124 1825 5180 veloritcr
1862 5129 2129 5197 pra‘dare.

539 5210 680 5279 Quia
712 5221 1011 5283 antequam
1044 5214 1184 5269 sciat
1227 5229 1366 5283 puer
1410 5230 1612 5270 vocare
1648 5224 1858 5285 patrem
1890 5229 1987 5274 aut
2015 5236 2131 5274 ma-

544 5310 707 5368 trem,
749 5301 965 5357 auferet
1006 5301 1388 5358 fortitudinem
1430 5302 1703 5371 Damasci,
1726 5315 1783 5360 et
1813 5308 1989 5377 spolia
2026 5307 2130 5363 Sa-

2240 4665 2433 4738 μύρον,
2470 4664 2548 4736 τῷ
2573 4665 2631 4718 δὲ
2668 4664 2856 4734 ψευδεῖ
2884 4664 2980 4718 καὶ
3028 4661 3304 4716 πλανῶντι
3336 4658 3702 4731 ἀκολουθήσῃο
3731 4656 3831 4725 τὴν

2237 4759 2295 4813 δὲ
2323 4757 2619 4828 Δαμασκὸν
2651 4758 2747 4811 ἐπὶ
2777 4756 2887 4810 τῶν
2915 4756 3110 4821 ὲθνῶν,
3163 4756 3257 4808 καὶ
3296 4754 3398 4823 τῆς
3442 4752 3746 4825 τηνικαῦτα
3774 4749 3829 4804 δὲ

2239 4847 2548 4922 κρατούσης
2576 4848 2855 4915 ἀσεϐείας,
2879 4851 2914 4921 η
2965 4847 3087 4902 θεία
3115 4846 3377 4910 πολλάκις
3408 4846 3591 4916 τίθησι
3614 4844 3829 4916 ι’ραφή·

2238 4943 2433 5013 ἀμέλει
2467 4945 2608 4999 καὶὸ
2649 4941 2923 5015 μακάριος
2963 4942 3193 5004 Ἡσαΐας
3215 4940 3285 4993 τά
3319 4939 3450 5010 περὶ
3473 4938 3573 5009 τῆς
3594 4934 3691 4991 τοῦ
3724 4936 3832 4988 Ku-

2243 5035 2358 5107 ρίου
2387 5037 2698 5104 γεννήσεως
2739 5032 3123 5106 προφητεύων,
3165 5032 3261 5086 καὶ
3301 5029 3541 5102 εἰρηκὼς
3568 5030 3634 5083 ἐκ
3665 5042 3832 5100 προσ-

2239 5129 2389 5183 ώπου
2420 5128 2516 5183 τοῦ
2541 5127 2880 5200 Πνεύματος,
2904 5128 2987 5181 ὅτι
3019 5146 3037 5179 ι
3062 5125 3377 5199 Προσῆλθον
3404 5124 3540 5195 πρὸς
3567 5123 3666 5195 τὴν
3697 5136 3831 5193 προ-

2240 5221 2423 5293 φῆτιν,
2452 5240 2471 5273 ι
2504 5220 2751 5275 τουτέστι
2783 5218 2920 5290 πρὸς
2950 5219 3048 5292 τὴν
3070 5217 3359 5290 παρθένον,
3393 5237 3414 5269 ‹
3434 5217 3529 5272 καὶ
3556 5219 3616 5271 ὲν
3633 5212 3831 5285 γαστρὶ

2241 5313 2454 5379 ἔλαϐεν,
2483 5314 2577 5368 καὶ
2598 5312 2785 5368 ἔτεκεν
2814 5313 2951 5381 υἱὸν,
2987 5333 3006 5366 ι
3039 5313 3239 5382 ὑπάγει
3268 5310 3443 5380 λέγων
3465 5328 3478 5343 ·
3518 5331 3538 5364 ι
3580 5308 3689 5365 Kal
3710 5302 3827 5361 εἷπε

619 5479 811 5536 ‘Osee
844 5495 918 5547 Iv,
970 5479 1058 5534 l7.
1140 5482 1166 5521 ε
1201 5480 1361 5537 Cant.
1394 5499 1434 5550 I,
1468 5484 1518 5537 4.
1595 5484 1621 5523 h
1668 5484 1708 5539 ll
1741 5486 1869 5542 Cor.
1906 5504 1981 5553 XI,
2021 5490 2107 5545 H.
2193 5494 2208 5532 ί
2261 5491 2368 5548 lsa.
2405 5508 2526 5559 νιιι,
2557 5494 2611 5548 5.

1854 5646 2092 5701 VARI/IS
2118 5648 2419 5706 LECTION
2431 5650 2533 5704 ES.

617 5752 987 5839 “"ansﬂbx.
1008 5754 1184 5839 “Cod:
1198 5754 1477 5839 "Eisfifbv.

548 5823 855 5893 κηρύττων.
932 5825 974 5859 ³⁷
1008 5823 1247 5897 Ἰσραήλ.
1283 5824 1422 5883 Cod.
1467 5828 1564 5913 ἶΕφ
1579 5833 1738 5904 ραΐμ.

1589 5760 1633 5791 ³⁵
1675 5762 1905 5819 πολλῶν.
1961 5768 2096 5825 Cod.
2144 5767 2300 5822 Σιών.

2418 5769 2461 5800 ³⁸
2506 5767 2693 5839 δεχομ.
2739 5768 2871 5825 Cod.
2933 5768 3276 5840 εύχομέναις.
3382 5769 3430 5802 "
3450 5782 3638 5839 κερατ.
3688 5760 3824 5821 Cod.
