4076 6410
597 291 700 358 195

1551 291 2040 352 THEODORETI
2064 289 2402 350 EPISCOPI
2437 294 2802 356 CYRENSIS

3752 305 3850 368 196

593 414 664 468 lia
704 418 853 468 sunt.
894 430 910 460 ι
936 410 1070 465 Cum
1107 410 1252 464 cnim
1297 408 1512 465 execisa
1539 411 1614 463 sis
1644 418 1698 463 et
1732 409 2007 470 sublimis,
2032 409 2169 462 adeo

2282 410 2573 481 μετέωρος,
2615 412 2849 466 καὶτῶν
2906 412 3173 484 οὐρανίων
3216 413 3422 484 ἀψίδων
3471 415 3850 495 ὲφικνουμένη,

591 515 652 558 ιιι
680 506 808 561 cmli
851 503 1132 573 fastigium
1187 504 1452 572 attingas.
1483 510 1666 555 tamen
1701 499 2089 554 accommodas
2116 508 2168 552 tc

2282 503 2726 567 ςυγκαταϐαίνεις
2752 507 2862 568 τοῖς
2896 504 3170 567 ἀσθενέσι,
3205 507 3299 559 καὶ
3345 507 3562 578 ὀρέγεις
3594 510 3720 573 τοὺς
3751 529 3852 580 μα-

591 597 829 653 inﬁrmis
857 595 1148 664 discipulis
1184 595 1319 658 tuis,
1355 591 1553 662 quibus
1586 592 1836 646 doctrina
1873 591 2169 662 indigenti-

2282 594 2432 656 ςτούς
2475 613 2568 647 σου
2601 596 2694 649 καὶ
2745 597 2843 660 τὰς
2874 597 2972 667 τῆς
3017 596 3370 662 διδασκαλίας
3403 616 3494 652 σου
3551 600 3720 670 θηλὰς
3745 609 3854 672 τοῖς

590 692 694 746 bus
733 691 898 743 ubera
932 689 1143 757 praebes
1173 687 1439 741 doctrinae
1469 695 1595 739 tuae.
1639 684 1826 737 Palma
1873 685 2018 738 enim
2056 683 2170 739 fru-

590 793 715 838 ctus
744 782 1002 836 deorsum
1037 779 1338 848 pendentes
1364 779 1545 831 habet.
1578 777 1689 831 lloc
1719 779 1884 831 etiam
1927 793 2022 846 per
2043 778 2170 832 bea-

591 885 704 928 tum
768 872 1020 926 Davidem
1054 870 1263 924 indicat
1298 868 1539 937 Spiritus
1579 881 1805 924 sanctus
1846 888 1858 923 :
1901 889 1918 920 ι
1953 868 2169 932 Justus,

593 965 871 1034 inquiens,
896 969 954 1015 ut
981 961 1162 1030 palma
1193 960 1409 1015 ﬂorebit
1433 959 1478 1016 ι.
1519 983 1536 1012 ν
1565 961 1699 1015 Cum
1737 961 1981 1016 audisset
2009 962 2174 1031 igitur

592 1070 794 1125 sponsa
841 1063 951 1105 tam
983 1052 1171 1107 multis
1212 1067 1271 1106 se
1302 1051 1560 1106 laudibus
1587 1062 1639 1106 et
1681 1053 2176 1108 commendationi-

590 1148 692 1201 bus
717 1144 1014 1206 cumulari,
1038 1143 1245 1197 amoris
1269 1145 1493 1215 s‘timulo
1518 1145 1746 1198 incrtata
1773 1155 1936 1215 atque
1962 1145 2175 1198 inflant-

599 1249 768 1298 mata,
801 1235 1048 1304 loquitur
1085 1233 1161 1314 ad_
1187 1203 1333 1288 hutic
1375 1235 1596 1288 modum
1631 1253 1644 1289 :

666 1328 829 1380 \‘Ens.
870 1327 922 1389 8,
951 1327 1005 1380 9.
1036 1325 1185 1390 Dixi,
1210 1325 1504 1380 Ascendam
1528 1330 1578 1381 in
1605 1329 1861 1394 palmam,
1892 1329 2177 1396 apprehen-

591 1419 717 1471 dam
758 1418 1066 1470 altitudines
1099 1417 1215 1485 ejus
1241 1431 1260 1469 :
1287 1429 1335 1471 et
1372 1427 1528 1471 erunt
1563 1419 1725 1472 ubera
1757 1429 1846 1471 tua
1869 1420 2002 1472 sicut
2039 1419 2178 1472 botri

592 1512 733 1573 ritis,
768 1519 815 1562 et
849 1509 979 1562 odor
1009 1509 1157 1561 naris
1186 1518 1292 1561 tua!
1315 1510 1449 1562 sicut
1481 1525 1659 1576 poma.
1702 1509 1770 1563 Et
1794 1520 1980 1580 guttur
2005 1520 2176 1573 tuum,

593 1603 729 1654 sicut
760 1602 935 1653 vinum
977 1600 1190 1665 bonum,
1227 1601 1420 1654 uadens
1460 1603 1633 1669 nepoti
1659 1618 1771 1656 meo
1800 1603 1854 1654 iu
1901 1603 2180 1656 rectitudi-

2271 687 2369 756 τῆς
2407 686 2756 750 διδασκαλίας
2807 688 3103 758 δεομένοις·
3146 689 3240 742 καὶ
3286 688 3394 759 γὰρ
3437 693 3465 743 6
3499 691 3674 760 φοῖνιξ
3710 694 3855 748 κάτω

2273 777 2528 843 νεύοντας
2556 779 2668 849 ἔχει
2697 781 2824 843 τοὺς
2845 780 3100 850 βότρυας.
3125 781 3294 834 Τοῦτο
3323 785 3416 835 καὶ
3442 783 3532 836 διὰ
3553 784 3645 837 τοῦ
3669 804 3854 856 ,μακα-

2278 870 2392 939 ρίου
2426 871 2592 924 Δαϐὶδ
2619 871 2678 924 τὸ
2710 873 2933 942 Πνεῦμα
2967 872 3114 940 λέγει
3169 875 3230 926 τὸ
3261 873 3436 942 ἅγιονο
3480 894 3499 926 ι
3541 877 3854 944 Δίκαιος-ὼς

2277 961 2451 1028 φοῖνιξ
2499 963 2738 1031 ἀνθήσει.
2771 981 2788 1015 ι
2834 964 3142 1018 Ἀκούσασα
3168 966 3457 1036 τοιγαροῦν
3485 967 3530 1000 ⁸⁸
3557 968 3666 1022 τῶν
3700 972 3854 1025 ὲπαί-

2276 1070 2382 1106 νων
2408 1055 2440 1124 ή
2467 1054 2674 1124 νύμφη,
2710 1055 2805 1110 καὶ
2832 1056 2878 1087 ⁸³
2920 1057 3031 1108 τῶν
3065 1056 3274 1111 πολλῶν
3304 1059 3596 1130 ἐγκωμίων
3649 1079 3855 1133 πτερω-

2279 1144 2456 1209 θεῖσα,
2489 1146 2582 1197 καὶ
2618 1145 2985 1214 πυρσευθεῖσα
3008 1147 3084 1218 τῷ
3114 1147 3341 1218 φίλτρῳ,
3365 1150 3529 1220 φησίν
3555 1167 3570 1182 ο

2348 1321 2420 1391 η’,
2450 1323 2514 1374 θ’.
2541 1319 2748 1386 Εἶπον,
2767 1322 3169 1390 Ἀναϐήσομαι
3194 1322 3293 1376 ἐπὶ
3330 1322 3410 1389 τῷ
3437 1325 3686 1392 φοίνικι,
3721 1343 3861 1395 κρα-

2279 1411 2442 1480 τήσω
2467 1413 2584 1467 τῶν
2620 1415 2825 1482 ὕψεων
2869 1416 3080 1481 αὐτοῦ,
3105 1416 3203 1469 καὶ
3247 1415 3493 1471 ἔσονται
3520 1417 3598 1486 δὴ
3637 1423 3860 1487 μαστοί

2279 1521 2397 1559 σου
2425 1507 2506 1571 ὡς
2527 1507 2784 1575 βότρυες
2809 1507 2919 1577 τῆς
2941 1509 3235 1578 ἀμπέλου,
3252 1510 3354 1565 καὶ
3381 1511 3541 1580 ὀσμὴ
3556 1514 3728 1580 ῥινός
3742 1530 3860 1568 σου

2279 1597 2361 1662 ὡς
2383 1597 2572 1666 μῆλα.
2611 1599 2725 1651 Καί
2759 1600 2993 1670 λάρυγξ
3011 1615 3153 1666 σου,
3192 1602 3274 1666 ὡς
3299 1598 3464 1668 οἶνος
3495 1605 3718 1673 ἀγαθὸς
3758 1621 3860 1658 πο-

592 1710 730 1754 nem,
804 1693 1076 1760 sufﬁciens
1137 1694 1294 1746 labiis
1349 1702 1398 1747 et
1451 1694 1696 1749 dentibus
1744 1696 1894 1748 meis.
1956 1695 2176 1760 Quanto

2282 1691 2604 1758 ρευόμενος
2625 1689 2704 1755 τῷ
2734 1691 3035 1760 ἀδελφιδῷ
3055 1709 3172 1762 μου
3192 1695 3280 1759 εὶς
3309 1694 3608 1761 εὐθύτητα
3636 1694 3704 1726 ⁸⁸·
3735 1697 3865 1749 ικα-

595 1786 785 1853 εροιιεί
818 1784 1094 1837 desiderio
1130 1799 1332 1852 sponsa
1382 1792 1662 1849 teneatur,
1694 1786 1825 1840 hinc
1868 1794 2017 1855 patet
2051 1801 2179 1854 per-

593 1875 798 1942 spicue,
843 1875 987 1944 quod
1020 1884 1073 1929 et
1106 1876 1256 1945 cupit
1287 1879 1614 1940 ascendere,
1650 1888 1703 1932 et
1743 1879 1948 1948 cogitat
1997 1878 2064 1933 de
2105 1878 2182 1931 al-

592 1965 866 2028 titudine,
922 1975 997 2028 et,
1046 1966 1513 2034 quemadmodum
1567 1969 1764 2024 beatus
1825 1969 2030 2025 Paulus
2077 1972 2177 2035 ait,

597 2075 616 2109 ι
651 2058 892 2112 nondum
929 2059 1232 2113 arbitratur
1261 2075 1320 2114 se
1357 2062 1867 2129 comprehendisse,
1911 2062 2009 2117 sed
2057 2078 2181 2132 per-

595 2153 868 2220 sequitur,
924 2161 984 2204 ut
1031 2153 1506 2220 comprehendat:
1543 2161 1816 2208 eteorum
1870 2170 1990 2225 quae
2035 2165 2180 2210 retro

595 2251 723 2299 sunt
757 2245 1121 2310 obliviscitur,
1169 2252 1224 2299 et
1272 2245 1338 2300 ad
1368 2247 1646 2300 anteriora
1675 2263 1736 2302 se
1780 2247 2030 2301 extendit
2057 2259 2118 2301 ω.
2155 2266 2173 2298 ι

595 2335 961 2402 Quaerendum
992 2343 1078 2390 est
1101 2344 1308 2398 autem.
1338 2339 1616 2407 quomodo
1649 2353 1891 2408 sponsus
1920 2348 1974 2393 et
2001 2339 2179 2409 palma

595 2428 688 2488 sit,
721 2433 776 2479 et
806 2425 933 2480 vitis
954 2444 968 2481 :
991 2441 1056 2481 ac
1075 2429 1270 2495 palma:
1295 2429 1517 2499 quidem
1552 2445 1662 2484 non
1689 2431 1888 2486 habeat
1912 2430 2177 2497 fructum,

594 2519 723 2574 vitis
763 2527 945 2573 autem
1003 2518 1141 2573 ferat
1188 2520 1401 2575 botros.
1442 2521 1522 2574 Ad
1562 2537 1784 2577 sensum
1832 2523 2177 2578 reconditum

595 2613 760 2666 ducet
789 2627 890 2666 nos
930 2613 1142 2681 Aquilae
1167 2613 1579 2682 interpretatio.
1605 2613 1738 2668 Nam
1775 2631 1897 2684 pro,
1931 2633 1950 2665 ι
1984 2630 2183 2685 appre-

596 2697 829 2752 hendam
879 2699 1203 2754 altitudines
1239 2701 1385 2770 ejus,
1421 2721 1439 2753 ι
1475 2704 1677 2768 vertit,
1712 2722 1730 2754 ι
1769 2705 2181 2774 apprehendam

595 2790 769 2845 elatas
805 2791 946 2860 ejus.
981 2809 998 2841 ι
1033 2790 1173 2846 Sunt
1208 2805 1392 2848 autem
1427 2795 1584 2849 elatae
1608 2796 1842 2849 marium
1872 2797 2179 2866 palmarum

599 2882 834 2948 fructus,
863 2883 955 2952 qui
1010 2883 1230 2939 feminis
1268 2886 1463 2953 palmis
1504 2886 1771 2957 impositi,
1805 2897 1858 2941 et
1903 2890 2091 2942 ﬁrmos
2127 2897 2181 2942 et

597 2986 844 3028 maturos
881 2990 1070 3029 earum
1101 2975 1316 3031 fructus
1353 2976 1613 3032 eﬁiciunt.
1645 2979 1782 3034 Avet
1821 2979 1984 3051 149
2015 2981 2182 3050 igitur

2279 1785 2574 1852 νούμεένος
2594 1785 2636 1815 ⁵¹
2672 1783 2907 1852 χείλεα-ί
2934 1802 3052 1854 μου
3087 1783 3186 1838 καὶ
3218 1783 3490 1840 ὀδοῦσιν.
3544 1786 3732 1838 Ἔστιν
3779 1788 3864 1839 έν-

2279 1875 2470 1929 τεῦθεν
2497 1876 2741 1947 ἀκριϐῶς
2767 1876 3123 1947 καταμαθεῖν,
3153 1879 3304 1940 ὅπως
3332 1877 3490 1931 ποθεῖ
3516 1877 3608 1930 τὸν
3628 1879 3864 1946 νυμφίον

2280 1973 2315 2041 ἡ
2340 1970 2549 2040 νύμφη,
2583 1970 2678 2022 καὶ
2704 1969 2805 2039 τῆς
2855 1969 3172 2033 ἀναϐάσεως
3219 1969 3451 2040 ἐφίεται,
3498 1970 3592 2023 καὶ
3621 1969 3681 2022 τὸ
3729 1968 3866 2039 ὕψος

2281 2060 2635 2129 φαντάζεται,
2679 2061 2795 2124 καλ,
2847 2061 2988 2114 κατά
3018 2061 3108 2114 τὸν
3157 2062 3426 2132 μακάριον
3471 2059 3704 2121 Παῦλον,
3743 2079 3766 2112 ι
3803 2061 3864 2113 οὐ

2281 2154 2489 2224 νομίζει
2517 2153 2921 2223 κατειληφέναι,
2951 2153 3085 2207 ἀλλά
3107 2153 3290 2206 διώκει
3315 2154 3403 2206 ἵνα
3434 2151 3736 2222 καταλάϐῃ·
3773 2153 3866 2204 καὶ

2279 2244 2387 2298 τῶν
2433 2245 2531 2315 μὲν
2577 2237 3260 2307 ὄπισθεν’ὲπιλανθάνεται,
3307 2246 3417 2306 τοῖς
3443 2244 3500 2297 δὲ
3555 2242 3866 2312 ἔμπροσθεν

2281 2336 2682 2391 ἑπεκτείνεται.
2746 2355 2764 2387 ›
2805 2337 3078 2407 Ζητητέον
3136 2336 3194 2389 δὲ
3250 2334 3368 2399 πῶς
3416 2337 3445 2387 6
3493 2335 3727 2404 νυμφίος
3772 2335 3865 2386 καὶ

2282 2430 2458 2499 φοῖνιξ
2487 2432 2603 2483 ἐστι
2635 2430 2730 2483 καὶ
2778 2431 3040 2501 ἄμπελος·
3074 2431 3168 2482 καὶ
3205 2427 3445 2498 φοίνικος
3473 2427 3572 2498 μὲν
3619 2428 3722 2480 οὐκ
3754 2426 3866 2496 ἔχει

2280 2521 2516 2592 καρπὸν,
2543 2522 2795 2592 ἀμπέλου
2837 2522 2892 2575 δὲ
2921 2521 3153 2592 βότρυας
3180 2521 3422 2591 ἐκφέρει.
3484 2518 3775 2588 Ὀδηγήσει
3813 2517 3868 2569 δε

2279 2613 2429 2682 ἡμᾶς
2458 2612 2550 2664 ἐπὶ
2605 2611 2705 2680 τὴν
2745 2610 3134 2681 κεκρυμμένην
3187 2607 3482 2677 διὰνοιανή
3519 2604 3611 2657 τοῦ
3664 2604 3868 2656 Ἀκύλα

2283 2702 2562 2774 ἑρμηνεία·
2585 2703 2706 2755 ἀντὶ
2723 2703 2829 2774 γὰρ
2848 2702 2942 2756 τοῦ
2981 2720 2998 2754 ι
3029 2701 3288 2772 κρατήσω
3302 2699 3408 2752 τῶν
3435 2698 3613 2767 ὖψεων
3628 2694 3819 2756 αὐτοῦ,
3846 2713 3864 2744 ›

2281 2794 2496 2848 τέθεικε
2525 2814 2542 2845 ι
2581 2796 2843 2865 κρατήσω
2863 2795 2972 2848 τῶν
3005 2793 3210 2848 ὲλατῶν
3242 2791 3428 2846 αὐτοῦ·
3473 2811 3491 2843 ι
3523 2791 3571 2843 οἱ
3593 2790 3638 2822 ⁸⁸
3667 2789 3726 2841 δὲ
3747 2787 3872 2840 ὲλὰ-

2281 2903 2372 2940 ται
2407 2885 2513 2940 τῶν
2543 2886 2789 2956 ἀρρένων
2827 2887 2934 2940 εἰσὶ
2977 2885 3232 2955 φοινίκων
3263 2882 3486 2956 καρποί·
3531 2884 3642 2944 τοῖς
3680 2880 3872 2951 θήλεσι

2285 2979 2512 3048 φοίνιξιν
2544 2980 2901 3049 ἐντιθέμενοι,
2934 2980 3028 3032 καὶ⁸
3051 2979 3332 3049 μονίμους,
3366 2981 3460 3030 καὶ
3475 2975 3718 3036 πέπονας
3747 2974 3874 3030 τοὺς

596 3079 800 3135 sponsa
833 3067 1045 3136 piorum
1077 3068 1349 3122 seminum
1378 3069 1719 3134 occasiones,
1740 3078 1794 3124 et
1814 3072 1889 3124 ait
1927 3089 1939 3122 :
1979 3089 1998 3121 ι
2041 3072 2178 3137 Dixi,

2287 3073 2512 3126 ἐκείνων
2567 3072 2816 3145 καρποὺς
2874 3069 3223 3142 ἐργάζονται.
3253 3069 3562 3136 Ἐπείγεται
3607 3065 3794 3118 τοίνυν
3841 3064 3875 3132 ή

597 3160 909 3214 Ascendam
940 3161 993 3213 in
1031 3161 1290 3230 palmam,
1329 3169 1382 3215 et
1419 3161 1830 3230 apprehendam
1859 3162 2180 3218 altitudines

597 3252 742 3320 ejus,
769 3271 785 3303 ι
816 3252 921 3315 vel,
955 3263 1014 3307 ut
1045 3253 1242 3321 Aquila
1279 3253 1462 3314 vertit,
1499 3253 1704 3306 (elatas
1741 3253 1861 3321 ejus
1889 3272 1902 3307 :
1934 3269 1959 3304 ι
1981 3283 2052 3292 -
2085 3274 2101 3305 ι
2128 3261 2182 3308 et

598 3353 762 3397 erunt
819 3345 986 3398 ubera
1045 3353 1158 3408 tua,
1195 3345 1341 3399 sicut
1391 3345 1531 3397 botri
1575 3345 1722 3399 vitis.
1751 3364 1770 3397 ι
1806 3344 1887 3398 Tu
1938 3347 2084 3400 enim
2119 3362 2180 3402 es

599 3451 727 3490 vera
759 3436 848 3489 illa
882 3438 1032 3502 vitis,
1061 3452 1125 3490 ex
1149 3451 1258 3505 qua
1296 3435 1639 3489 salutiferum
1674 3437 1862 3490 vinum
1891 3437 2182 3492 conﬁcitur

600 3521 991 3590 spiritualibus
1033 3523 1204 3592 prelis
1250 3538 1595 3592 expressum,
1645 3525 1786 3579 unde
1814 3527 1956 3580 calix
1991 3527 2184 3596 imple-

601 3620 692 3664 tur
720 3612 811 3664 ille
839 3613 1121 3666 inebrians
1152 3629 1285 3668 sane
1307 3631 1470 3684 quam
1493 3617 1794 3686 praeclarus
1819 3628 1865 3671 η.
1909 3637 1926 3669 ι
1952 3620 2015 3674 Et
2044 3621 2184 3674 odor

599 3702 878 3756 naristuze
912 3705 1111 3760 similis
1131 3714 1216 3761 est
1239 3708 1382 3777 pomi
1407 3709 1688 3763 suavitati.
1731 3729 1749 3761 ι
1778 3709 1993 3766 Etenim
2017 3713 2180 3768 etiam

602 3795 739 3848 illud
770 3795 952 3864 ipsum
983 3799 1247 3854 odoratus
1275 3801 1353 3853 tui
1387 3803 1792 3870 receptaculum
1827 3806 1959 3858 mihi
1990 3821 2182 3875 pomo-

602 3903 724 3940 rum
768 3889 1004 3944 similem
1059 3890 1416 3961 fragrantiant
1469 3894 1717 3950 effundit.
1763 3897 1866 3952 Sed
1913 3899 1980 3953 de
2022 3915 2183 3968 pomo

602 3977 740 4030 satis
767 3978 939 4030 multa
965 3979 1018 4032 in
1047 3982 1164 4048 ipso
1192 3982 1356 4049 hujus
1391 3983 1515 4036 libri
1551 3985 1824 4055 principio
1852 3989 1997 4041 dicta
2033 4000 2181 4044 sunt.

605 4088 623 4119 ι
666 4068 730 4121 Et
783 4077 969 4138 guttur
1025 4080 1176 4125 tuum
1232 4075 1376 4128 sicut
1439 4077 1646 4138 vinum,
1699 4075 1942 4131 bouum‘
1977 4083 2179 4138 vadens

599 4161 786 4229 nepoti
828 4178 948 4216 meo
987 4165 1038 4216 in
1072 4165 1480 4232 rectitudinem,
1536 4170 1814 4224 sulliciens
1858 4173 2018 4226 labiis
2047 4175 2181 4228 meis

599 4259 655 4304 t-t
688 4253 945 4308 dentibus
975 4255 1132 4311 meis.
1177 4276 1196 4309 ι
1238 4261 1368 4323 Qum
1397 4262 1545 4313 enim
1591 4277 1651 4315 cx
1677 4272 1902 4332 gutture
1937 4273 2031 4317 tuo
2062 4265 2182 4318 ﬁuit

599 4342 869 4408 doctrina,
894 4361 1221 4418 quacunque
1243 4353 1351 4405 viui
1377 4355 1652 4409 suavitate
1675 4365 1729 4408 et
1753 4356 1996 4423 qualibet
2015 4357 2181 4426 hujus

2285 3162 2470 3232 νύμφη
2501 3161 2685 3214 λαϐεῖν
2712 3161 2864 3232 παρὰ
2888 3161 2980 3214 τοῦ
3007 3161 3240 3232 νυμφίου
3260 3159 3358 3221 τὰς
3382 3159 3489 3211 τῶν
3515 3155 3760 3209 εὐσεϐῶν
3787 3171 3864 3220 το

2285 3253 2390 3305 νῶν
2422 3252 2696 3324 ἀφορμὰς,
2729 3252 2822 3305 καί
2862 3267 3044 3321 φησιν·
3092 3269 3111 3301 ι
3151 3245 3338 3311 Εἶπον,
3370 3246 3749 3316 Ἀναϐήσομαι
3784 3243 3879 3296 ἐπὶ

2284 3345 2362 3414 τῷ
2388 3345 2610 3412 φοίνικι,
2649 3345 2741 3396 καὶ
2768 3344 3029 3415 κρατήσω
3075 3341 3183 3394 τῶν
3217 3341 3396 3409 ὕψεων
3425 3337 3612 3394 αὐτοῦ·
3654 3357 3670 3389 ι
3711 3338 3772 3407 ἢ,
3802 3337 3877 3399 ὡς

2284 3441 2312 3491 6
2340 3436 2591 3501 Ἀκύλας,
2623 3434 2766 3489 ιτῶν
2805 3434 3014 3488 ὲλατῶν
3048 3432 3232 3486 αὐτοῦ.
3273 3449 3394 3482 »--‹
3420 3431 3530 3485 Καὶ
3567 3429 3786 3482 ἔσονται
3814 3427 3883 3498 δὴ

2289 3529 2482 3598 μαστοί
2521 3545 2614 3581 σου
2664 3528 2740 3590 ὡς
2772 3526 2995 3597 βότρυες
3039 3526 3137 3596 τῆς
3169 3523 3435 3595 ἀμπέλου.
3496 3542 3513 3573 ι
3570 3523 3641 3574 Σὺ
3668 3521 3786 3592 γάρ
3830 3515 3883 3571 εἴ

2284 3621 2513 3693 ἀληθινὴ
2539 3621 2585 3653 ⁵³
2610 3620 2875 3691 ἄμπελος,
2907 3619 3001 3688 ἀφ’
3029 3613 3096 3689 ἦς
3150 3621 3178 3671 6
3209 3617 3472 3687 σωτήριος
3501 3610 3643 3676 οἶνος
3697 3629 3882 3682 γεωρ-

2285 3714 2550 3784 γούμενος
2575 3714 2632 3764 ὲν
2661 3714 2781 3775 ταῖς
2827 3713 3226 3780 πνευματικαῖς
3283 3707 3632 3763 ἀποθλίϐεται
3665 3705 3882 3776 ληνοῖς,

2287 3808 2378 3876 ἀφ’
2407 3802 2482 3859 ὦν
2529 3805 2589 3857 τὸ
2643 3805 2901 3874 ποτήριον
2960 3801 3259 3874 πληροῦται
3313 3801 3374 3855 τὸ
3421 3799 3690 3870 μεθύσκον
3745 3797 3884 3850 ὡσεὶ⁵

2288 3898 2602 3968 κράτιστον.
2644 3915 2662 3947 ι
2708 3897 2818 3950 Καὶ
2841 3894 2984 3966 ὀσμὴ
3016 3895 3161 3964 ῥινός
3193 3909 3285 3945 σου
3333 3893 3399 3962 τῇ
3430 3889 3524 3943 τοῦ
3552 3889 3726 3961 μήλου
3766 3889 3881 3940 ἐοι-

2289 4005 2380 4042 κεν
2413 3988 2628 4059 εὐωδίᾳ.
2669 4008 2686 4040 ι
2725 3987 2835 4040 Καὶ
2881 3989 2989 4059 γὰρ
3015 3987 3148 4040 αὐτὸ
3195 3986 3256 4039 τὸ
3285 3988 3383 4055 τῆς
3420 3980 3743 4054 ὀσφρήσεως
3782 3998 3883 4034 σου

2285 4080 2512 4150 δοχεῖον,
2540 4081 2633 4134 καὶ
2665 4082 2795 4133 αὐτό
2827 4098 2917 4150 μοι
2943 4081 3169 4132 εὐωδίαν
3190 4077 3463 4147 ἐκπέμπει
3497 4075 3689 4146 μήλοις
3714 4075 3886 4126 ἀπει-

2286 4176 2586 4244 κασμένην.
2633 4173 2814 4226 Ἱκανὰ
2857 4173 2912 4226 δὲ
2957 4173 3026 4226 τά
3071 4173 3198 4244 περὶ
3248 4171 3354 4224 τῶν
3387 4169 3570 4240 μήλων
3599 4166 3883 4237 εἰρημένα

2286 4269 2416 4338 ἡμῖν
2452 4269 2509 4320 ἐν
2530 4270 2593 4338 τῇ
2623 4268 2722 4336 τῆς
2755 4265 2937 4336 βίϐλου
2973 4266 3135 4336 ἀρχῇ.
3174 4283 3192 4314 ι
3235 4263 3345 4316 Καὶ
3373 4260 3624 4331 ὀλάρυγξ
3653 4259 3712 4311 δέ
3753 4275 3882 4317 σου,

2286 4359 2360 4421 ὡς
2388 4355 2529 4422 οἶνος
2552 4359 2752 4426 ἀγαθὸς
2786 4360 2832 4389 ⁸⁸
2856 4358 3220 4427 πορευόμενος
3243 4354 3320 4425 τῷ
3351 4351 3614 4420 ἀδελφιδῷ
3655 4368 3765 4421 μου
3802 4351 3889 4410 είς

597 4435 724 4488 vitae
757 4436 1346 4508 voluptatejucundior
1385 4452 1511 4501 est:
1552 4460 1716 4514 quam
1755 4454 1836 4510 tu,
1872 4462 2046 4516 nepos
2080 4449 2176 4514 mi,

2286 4449 2579 4518 εὐθύτητα,
2617 4449 2970 4517 ίκανούμενος
2999 4447 3199 4517 χείλεσί
3226 4463 3325 4517 μου
3349 4445 3441 4496 καὶ
3469 4442 3697 4495 ὀδοῦσιν.
3744 4460 3764 4492 ι
3819 4443 3890 4493 Ὶῐ

599 4524 664 4577 ad
693 4526 929 4590 animas,
961 4545 1081 4598 quae
1112 4532 1167 4585 in
1195 4541 1247 4587 te
1278 4534 1656 4602 crediderunt,
1689 4536 2010 4606 dirigendas
2052 4555 2181 4608 pro-

602 4613 730 4669 fers.
768 4615 981 4672 Sufﬁcit
1027 4629 1209 4678 autem
1259 4625 1388 4679 mihi
1435 4625 1691 4682 doctrina
1732 4636 1848 4695 tua,
1885 4637 1941 4683 ut
1973 4633 2176 4699 partim

599 4711 965 4777 pronuntiem,
994 4721 1049 4768 et
1085 4717 1381 4786 divulgem,
1425 4721 1625 4789 partim
1658 4736 1982 4778 conservem
2011 4734 2177 4793 atque

596 4802 927 4866 custodiam,
957 4803 1227 4860 labiorum
1255 4818 1414 4864 utens
1449 4811 1856 4878 instrumentis,
1897 4822 1951 4868 et
1980 4815 2175 4870 dentes

597 4904 695 4960 pro
726 4906 886 4946 muro
914 4894 1357 4966 circumpouens.
1396 4899 1494 4956 His
1523 4910 1837 4972 congruunt
1858 4905 2024 4960 etiam
2060 4906 2174 4971 illa,

595 4999 718 5050 qua
745 5000 774 5038 a
809 4986 969 5042 beato
1002 4987 1175 5043 Paulo
1202 4992 1346 5047 dicta
1391 5001 1523 5047 sunt
1557 5013 1569 5048 :
1616 5015 1634 5046 ι
1668 4996 1866 5052 Audivi
1895 4999 2065 5066 enim,
2093 5001 2176 5054 iu-

593 5075 735 5142 quit,
768 5091 970 5132 arcana
999 5080 1185 5146 verba,
1213 5098 1335 5152 qua:
1359 5100 1466 5137 non
1504 5085 1633 5139 licet
1663 5087 1873 5142 homini
1911 5090 2058 5160 loqui
2092 5099 2166 5145 ο.»

2288 4541 2396 4612 γὰρ
2426 4543 2490 4594 ὲκ
2523 4542 2624 4611 τῆς
2655 4541 2937 4612 φάρυγγός
2963 4557 3054 4594 σου
3084 4538 3501 4608 προσφερομένη
3527 4533 3886 4593 διδασκαλία,

2285 4632 2429 4684 οἴνου
2463 4631 2660 4695 παντὸς
2707 4631 3000 4701 ἀνθοσμίου
3029 4630 3120 4684 καὶ
3154 4629 3333 4699 πάσης
3381 4626 3721 4696 εὐφροσύνης
3759 4625 3897 4694 βιω·

2285 4725 2442 4793 τικῆς
2467 4725 2705 4794 ἀμείνων
2725 4726 3006 4795 τυγχάνει,
3031 4725 3096 4794 ἣν
3112 4722 3428 4793 προφέρεις,
3467 4719 3714 4787 ἀδελφιδέ
3752 4735 3892 4788 μου,

2281 4817 2558 4870 διευθῦναι
2593 4816 2915 4888 βουλόμενος
2941 4815 3040 4879 τὰς
3070 4817 3149 4878 είς
3201 4815 3260 4867 σὲ
3288 4811 3716 4872 πεπιστευκυίας
3771 4811 3882 4878 cpu-

2284 4909 2400 4978 κάς·
2442 4909 2598 4977 ἱκανὴ
2621 4909 2676 4962 δέ
2703 4927 2794 4978 μοι
2827 4907 2966 4978 αὓτη
2995 4908 3090 4962 καὶ
3119 4905 3438 4976 ἀποχρῶσα,
3470 4905 3556 4956 ἵνα
3588 4902 3656 4954 τὰ
3684 4902 3738 4932 ⁸⁸
3781 4903 3894 4971 μὲν

2283 5001 2543 5071 προφέρω
2579 5003 2670 5056 καὶ
2702 5002 2954 5073 κηρύττω
2999 5001 3248 5072 ὀργάνοις
3288 5000 3399 5062 τοῖς
3431 4996 3635 5068 χείλεσι
3668 5011 3896 5064 κεχρη-

2286 5095 2442 5164 μένη·
2471 5096 2538 5146 τὰ
2561 5095 2612 5148 δὲ
2637 5095 2857 5166 φρουρῶ
2895 5096 2988 5147 καὶ
3019 5095 3292 5164 φυλάττω,
3321 5093 3449 5155 τούς
3501 5090 3721 5152 ὀδόντας
3757 5087 3896 5141 ἀντὶ

673 5252 689 5291 ι
724 5254 869 5308 Psal.
903 5272 1008 5321 xm,
1049 5259 1135 5312 12.
1212 5269 1249 5296 π’
1287 5260 1523 5332 Philipp.
1596 5282 1674 5330 ιιι,
1713 5267 1798 5330 15,
1843 5269 1925 5321 Η.
2003 5277 2031 5307 η
2072 5267 2174 5326 Psa

2300 5289 2404 5338 xit,
2569 5283 2590 5306 ⁰
2637 5272 2672 5326 ll
2717 5273 2842 5328 Cor.
2891 5289 2989 5335 χιι,
3021 5273 3074 5326 4.

1867 5445 2099 5502 νΑιιι.·Ε
2145 5448 2546 5506 LECTlONl‘LS.

663 5569 1038 5644 ιι[τοιγαροῦν.
1078 5573 1248 5631 Abest
1288 5594 1316 5632 a
1347 5578 1470 5633 cod.
1575 5579 1617 5611 “
1650 5581 1761 5637 καί.
1795 5582 1930 5636 Cod.
1965 5582 2042 5635 δέ.

2135 5585 2191 5657 ὀι
2218 5587 2296 5648 εἰς
2329 5586 2461 5657 εὐθ’.
2495 5588 2676 5657 :Heor.
2721 5590 3046 5652 rectissime,
3094 5608 3142 5644 s.
3190 5587 3532 5646 moilisStme.

3634 5587 3673 5617 Il
3722 5601 3903 5658 ικᾳν.

595 5641 941 5732 ῖρδοῦσιν..
961 5644 1120 5732 fiebr.
1152 5649 1399 5732 excitans
1439 5649 1744 5732 (λςσζιιιίςεηδ
1765 5694 1777 5713 ,
1826 5655 2178 5732 perrepat-5)“

2282 5641 2332 5732 ia
2369 5641 2574 5732 (etia'm)
2607 5641 3067 5732 dormienti—uin:
3093 5641 3140 5692 5’-
3161 5641 3702 5732 oiu-v-Iﬂé‘p—ydiovzat.
3748 5641 3896 5713 \‘id.

596 5721 789 5776 supra,
832 5729 886 5781 p.
926 5716 1021 5768 ilo‘
1052 5733 1172 5786 sqq.
1274 5720 1319 5750 ⁸³
1347 5719 1500 5789 ἀληθ.
1538 5721 1660 5774 Cod.
1714 5716 1898 5792 praem.
1930 5726 1985 5793 ἡ.

2073 5723 2115 5752 ⁵³
2143 5725 2276 5779 Cod.
2313 5723 2665 5799 iy‘uﬂétqvo;

2758 5732 2800 5763 ⁵⁸
2837 5733 2924 5786 τά.
2957 5730 3094 5785 Cod.
3125 5733 3204 5786 τό.
