4076 6432
501 330 603 388 I99

1406 321 1891 390 THEODORETI
1927 319 2264 384 EPISCOPI
2299 320 2665 386 CYRENSIS

3654 322 3759 385 200

501 443 681 498 solum
724 441 999 499 dederunt
1028 441 1280 505 odorem,
1313 454 1504 493 verum
1564 441 1730 492 etiam
1783 438 1840 490 in
1892 434 2068 506 portis

2196 433 2441 497 ῖάζουσιν.
2469 438 2542 489 Οὐ
2581 437 2740 507 μόνον
2765 437 2819 490 δὲ
2851 439 2898 490 οξ
2937 437 3302 508 μανδραγόρας
3334 436 3542 488 ἔδωκαν
3564 435 3758 504 ὀσμὴν,

502 535 710 590 nostris
744 549 936 590 omnes
965 551 1160 590 nuces.
1187 531 1369 586 Variis
1399 530 1544 584 enim
1570 529 1853 583 abundant
1888 527 2082 582 fructi-

504 625 634 689 bus,
679 624 774 694 qui
823 625 1173 692 disciplinam
1229 630 1471 677 nostram
1523 627 1906 688 susceperunt.
1972 617 2084 687 Ego

505 723 690 770 autem
720 730 895 776 novas
931 731 1098 783 super
1121 722 1359 777 veteres,
1396 728 1536 781 quas
1557 711 1710 766 dedit
1744 711 1875 763 mihi
1907 718 2084 763 mater

507 823 650 872 mea,
688 808 900 862 servavi
955 804 1075 870 tibi,
1106 819 1278 872 nepos
1327 805 1420 857 mi.
1457 803 1671 859 Veteris
1704 803 1849 857 enim
1888 800 2082 854 Testa-

509 896 676 952 meuti
709 902 1002 964 praecepta.
1039 891 1246 947 etNovi
1274 892 1620 949 Testamenti
1656 891 1938 955 mandata,
1964 905 2084 959 qua:

510 1002 540 1041 a
583 994 757 1040 matre
799 999 942 1048 mea,
974 983 1217 1053 Spiritus
1271 985 1453 1040 sancti
1502 985 1682 1054 gratia
1713 983 1924 1052 accepi,
1967 996 2086 1036 ser-

510 1079 632 1134 vavi
675 1078 794 1141 tibi,
826 1088 881 1130 et
927 1075 1242 1147 depositum
1294 1076 1570 1144 integrum
1618 1075 1912 1131 custodiri.
1946 1071 2084 1126 Huic

513 1169 636 1223 loco
667 1168 1006 1222 conveniunt
1056 1183 1119 1221 ea
1175 1183 1297 1237 quae
1343 1167 1410 1221 ad
1454 1165 1806 1220 Timotheum
1847 1179 1877 1217 a
1924 1164 2084 1218 beato

510 1259 681 1315 Paulo
728 1260 931 1328 scripta
968 1266 1098 1315 sunt
1143 1279 1157 1314 :
1205 1279 1224 1310 ι
1260 1258 1470 1314 Bonum
1526 1266 1808 1312 certamen
1856 1257 2082 1319 certari,

511 1366 738 1406 cursum
769 1351 1178 1414 consummavi,
1212 1349 1368 1404 [idem
1411 1349 1650 1403 servavi.
1691 1346 1812 1402 Jam
1844 1347 2084 1416 reposita

509 1452 594 1497 est
625 1443 760 1497 mihi
789 1457 993 1496 corona
1023 1442 1275 1512 justitize,
1307 1456 1470 1511 quam
1509 1439 1699 1495 reddet
1731 1438 1865 1491 mihi
1900 1436 2086 1490 Domi-

511 1553 619 1592 nus
667 1537 722 1594 in
771 1535 864 1591 illo
903 1535 1025 1597 die,
1060 1537 1245 1606 justus
1300 1535 1464 1604 judex
1496 1544 1543 1589 τ.
1584 1552 1604 1586 ο
1655 1531 1720 1587 Et
1763 1532 1897 1586 illud
1957 1533 2084 1587 item

510 1630 656 1696 quod
692 1629 748 1683 in
781 1628 1074 1697 Evangelio
1105 1643 1135 1681 a
1163 1627 1392 1682 Domino
1430 1627 1636 1681 dictum
1675 1634 1760 1680 est
1794 1643 1805 1676 :
1841 1644 1860 1676 ι
1889 1623 2087 1678 Omnis

511 1720 691 1773 scriba
738 1721 968 1774 edoctus
1013 1719 1082 1776 de
1113 1734 1283 1790 regno
1328 1719 1594 1774 caelorum
1634 1717 1834 1772 similis
1869 1724 1955 1770 est
1985 1715 2085 1768 ho-

511 1811 669 1875 mini,
706 1811 861 1880 152
888 1813 980 1881 qui
1013 1811 1223 1882 profert
1259 1827 1292 1866 e
1330 1811 1590 1866 thesauro
1616 1824 1720 1864 suo
1744 1822 1882 1862 nova
1918 1815 1974 1860 et
2003 1822 2086 1858 ve-

513 1913 628 1959 tera
657 1911 679 1939 ⁸
737 1925 755 1956 ι

1087 2083 1320 2140 CAPUT
1368 2081 1509 2138 VIII.

591 2175 753 2231 Vsus.
796 2175 845 2239 I,
873 2174 929 2228 2.
957 2175 1090 2241 Quis
1120 2175 1206 2229 det
1234 2186 1302 2239 te,
1338 2190 1495 2244 nepos
1524 2176 1619 2236 ini.
1638 2188 1907 2243 augentem
1932 2174 2092 2229 ubera

515 2270 705 2324 matris
725 2285 856 2323 mea?
879 2269 905 2322 Ρ
928 2267 1210 2322 Invenietis
1237 2277 1283 2322 te
1307 2267 1465 2335 foris,
1493 2268 1776 2321 osculabar
1799 2277 1846 2322 te
1863 2283 1882 2320 :
1907 2277 1956 2321 et
1987 2285 2092 2321 non

514 2360 798 2430 despiciant
819 2357 1352 2428 me.‘Apprchendam
1374 2368 1442 2422 te,
1463 2360 1802 2414 introducam
1828 2369 1876 2414 te
1901 2361 1957 2414 in
1989 2360 2089 2415 do-

515 2468 660 2505 mum
681 2451 867 2504 matris
887 2459 1089 2511 memet
1103 2449 1157 2502 in
1173 2449 1472 2503 cubiculum
1485 2448 1598 2518 ejus
1611 2466 1727 2519 qua:
1739 2466 1820 2504 me
1835 2451 2089 2518 concepit.

521 2541 740 2596 Doccbis
772 2557 852 2595 me
876 2557 894 2594 .'
923 2541 1061 2594 dabo
1108 2540 1200 2594 tibi
1230 2540 1478 2608 poculum
1508 2556 1573 2594 ea:
1595 2542 1713 2593 vino
1762 2541 1974 2595 condito
1996 2581 2010 2606 ,
2042 2551 2092 2595 et

512 2635 582 2688 de
604 2635 760 2687 latice
787 2632 1052 2687 malorum
1082 2633 1396 2699 punicorum
1426 2647 1680 2685 meorum.
1726 2631 1859 2687 Nam
1887 2641 1942 2688 et
1977 2635 2094 2703 ipse

518 2737 742 2793 quoque
772 2730 831 2775 ut
866 2721 1030 2775 homo
1057 2736 1274 2776 omnem
1308 2720 1520 2788 accepit
1559 2718 1798 2790 Spiritus
1835 2723 2091 2792 gratiam.

524 2831 545 2864 ι
583 2811 729 2868 Puer
758 2812 927 2877 enim,
965 2812 1165 2882 inquit,
1191 2810 1355 2867 Jesus
1387 2813 1695 2876 crescebat,
1731 2823 1786 2868 et
1813 2814 2096 2870 conforta-

517 2905 684 2958 batur
719 2899 949 2970 Spiritu,
982 2910 1036 2955 et
1062 2903 1238 2972 gratia
1274 2900 1368 2956 Dei
1417 2911 1537 2956 erat
1570 2902 1626 2957 in
1658 2918 1723 2958 eo
1748 2905 1792 2956 ί.
1827 2923 1846 2956 ι
1884 2903 2096 2974 Sponsa

523 2995 709 3064 itaque
769 2993 1032 3047 inetlabili
1087 3001 1354 3064 susceptae
1424 2993 1782 3052 humanitatis
1837 3000 2098 3068 mysterio

2183 527 2318 580 ἀλλά
2347 531 2438 580 καὶ
2466 530 2560 582 ἐπὶ
2590 529 2779 600 θύραις
2806 529 2965 600 ήμῶν
3003 533 3180 582 πάντα
3213 529 3282 582 τὰ
3317 527 3612 597 ἀκρόδρυα.
3645 528 3760 580 Πᾶν

2183 619 2292 688 γὰρ
2316 619 2453 684 εἶδος
2475 620 2916 692 καρποφοροῦσιν
2940 622 2988 674 οἰ
3007 621 3103 692 τὴν
3121 620 3394 690 ἡμετέραν
3417 617 3764 672 διδασκαλίαν

2183 710 2486 781 δεξάμενοι.
2507 711 2648 780 Ἐγὼ
2676 713 2730 765 δὲ
2758 712 2852 766 νέα
2884 713 3018 784 πρὸς
3047 711 3269 774 παλαιά,
3293 711 3391 763 ὅσα
3419 708 3584 760 ἔδωκέ
3613 725 3701 775 μοι
3729 709 3762 777 ή

2146 815 2148 818 '
2189 805 2374 874 μήτηρ
2406 821 2531 873 μου,
2561 805 2805 875 ἐτήρησα
2831 822 2930 868 σοι,
2958 801 3203 871 ἀδελφιδέ
3238 819 3360 871 μου,
3391 801 3504 854 Καὶ
3536 800 3644 869 γὰρ
3665 797 3766 868 τῆς

2187 895 2432 957 Παλαιᾶς
2450 896 2723 966 Διαθήκης
2743 896 2842 959 τὰς
2861 895 3096 957 ἐντολὰς,
3120 896 3213 948 καὶ
3234 894 3330 963 τῆς
3348 892 3554 962 Καινῆς
3573 891 3767 960 Διαθή-

2187 1003 2289 1055 κης
2315 986 2412 1048 τάς
2441 986 2744 1056 ὑποθήκας,
2773 987 2839 1050 ἀς
2875 987 2979 1040 ὑπὸ
3010 987 3109 1058 τῆς
3139 985 3345 1056 μητρός
3385 1002 3516 1054 μου,
3546 982 3649 1050 τῆς
3669 981 3765 1035 τοῦ

2188 1078 2505 1147 Πνεύματος
2536 1079 2754 1149 χάριτος
2783 1079 3072 1149 ἐδεξάμην,
3106 1078 3310 1136 ταύτας
3351 1093 3434 1128 σοι
3465 1076 3764 1146 τετήρηκα,

2189 1168 2282 1221 καὶ
2301 1168 2398 1238 τὴν
2427 1170 2896 1241 παρακαταθήκην
2913 1170 2957 1200 ⁸⁸
2979 1168 3171 1224 ἄσυλον
3199 1166 3513 1236 διεφύλαξα,
3545 1165 3768 1227 Τούτοις

2190 1259 2334 1312 ἔοικε
2352 1260 2419 1313 τά
2437 1261 2542 1314 ὑπὸ
2553 1260 2644 1314 τοῦ
2663 1262 2933 1330 μακαρίου
2957 1260 3172 1314 Παύλου
3191 1259 3442 1328 Τιμοθέῳ
3465 1257 3766 1327 γραφέντα·

2197 1373 2214 1400 ι
2262 1351 2364 1404 Τὸν
2393 1352 2555 1406 καλὸν
2582 1351 2768 1419 ἀγῶνα
2795 1353 3125 1422 ἠγώνισμαι,
3159 1350 3251 1404 τὸν
3267 1350 3464 1421 δρόμον
3487 1348 3769 1409 τετέλεκα,

2188 1441 2288 1511 τήν
2323 1442 2506 1494 πίστιν
2537 1444 2835 1513 τετήρηκα·
2863 1441 3051 1494 λοιπὸν
3088 1441 3374 1495 ἀπόκειταί
3407 1456 3496 1510 μοι
3527 1441 3555 1491 ὁ
3576 1438 3673 1509 τῆς
3694 1438 3771 1490 διο

2191 1532 2484 1602 καιοσύνης
2526 1533 2805 1600 στέφανος,
2871 1532 2930 1585 ὃν
2985 1530 3252 1584 ἀποδώσει
3320 1547 3410 1600 μοι
3456 1528 3661 1596 Κύριος
3714 1526 3772 1578 ὲν

2192 1624 2373 1696 ἐκείνῃ
2397 1629 2461 1696 τῇ
2490 1628 2694 1696 ἡμέρᾳ,
2728 1629 2755 1678 ὁ
2786 1625 2986 1687 δίκαιος
3010 1626 3224 1696 κριτής.
3245 1643 3264 1675 ι
3297 1624 3407 1676 Καὶ
3430 1620 3592 1673 πάλιν
3621 1619 3686 1672 τὸ
3715 1618 3774 1670 ἐν

2198 1715 2514 1785 Ιίύαγγελίῳ
2542 1717 2582 1747 θ’
2616 1717 2720 1770 ὑπὸ
2761 1716 2855 1770 τοῦ
2883 1717 3089 1786 Κυρίου
3134 1713 3448 1785 εἰρημένον,
3482 1713 3564 1764 ὅτι
3599 1731 3617 1762 ι
3655 1709 3774 1770 Πᾶς

2122 1785 2168 1842 Β
2196 1808 2557 1875 γραμματεὺς
2573 1807 2932 1878 μαθητευθεὶς
2955 1785 3052 1877 τὴν
3076 1805 3351 1875 βασιλείαν
3377 1803 3483 1855 τῶν
3502 1797 3772 1870 οὐρανῶν,

2193 1899 2376 1967 ὅμοιός
2407 1901 2554 1952 ἐστιν
2611 1899 2883 1970 ἀνθρώπῳ
2911 1898 3224 1950 ἐκϐάλλοντι
3285 1897 3348 1947 ὲκ
3374 1892 3465 1947 τοῦ
3494 1889 3774 1963 θησαυριιῦ

2191 1988 2356 2042 αύτοῦ
2382 1989 2479 2042 νέα
2509 1989 2601 2043 καὶ
2628 1990 2835 2042 παλαιά
2857 1986 2925 2042 ⁸⁸.
2958 2007 2976 2038 ι

2723 2077 3120 2133 ΚΕΦΔΛΑῙΟΝ
3157 2074 3239 2129 H'.

2264 2174 2334 2232 α’,
2372 2167 2436 2237 β’.
2486 2169 2580 2234 Τίς
2610 2168 2728 2236 δῴη
2755 2184 2850 2231 σε,
2893 2165 3180 2236 ἁδελφιδέ
3208 2183 3328 2234 μου
3345 2165 3411 2229 θ’,
3442 2162 3778 2231 θηλάζοντα

2188 2260 2462 2328 μαστοὺς
2485 2263 2704 2329 μητρός
2736 2276 2886 2328 μου;
2921 2257 3186 2326 εὑροῦσά
3213 2258 3345 2310 ae”
3367 2257 3504 2322 ἔξω,
3532 2255 3777 2325 φιλήσω

2193 2366 2268 2406 σε
2291 2370 2303 2381 ·
2334 2353 2437 2405 καί
2469 2369 2536 2422 γε
2568 2355 2679 2407 οὐκ
2701 2351 3190 2416 ἐξουδενώσουσί
3207 2366 3308 2419 με.
3332 2347 3779 2419 Παραλήψομαί

2194 2463 2287 2511 σε,
2331 2445 2553 2510 εἰσάξω
2592 2462 2667 2500 σε
2703 2448 2790 2510 εὶς
2832 2442 3000 2500 οἷκον
3044 2445 3266 2512 μητρός
3294 2459 3434 2512 μου,
3480 2441 3640 2494 καὶτί
3688 2441 3778 2506 εις

2195 2537 2438 2607 ταμεῖον
2484 2536 2594 2604 τῆς
2651 2537 3089 2602 συλλαϐούσης
3135 2551 3233 2603 με.
3286 2532 3554 2598 Διδάξεις
3602 2532 3775 2604 μετ’·

2195 2625 2379 2680 ποτιῶ
2427 2643 2501 2680 σε
2555 2627 2672 2683 ἀπὸ
2729 2627 2898 2681 οῑνου
2937 2627 3043 2680 τοῦ
3083 2624 3460 2695 μιιρεψικοῦ,
3514 2625 3612 2677 καί
3652 2621 3781 2678 ἀπὸ

2195 2719 2459 2788 νάματος
2490 2718 2654 2786 ῥοῶν
2691 2736 2830 2787 μου.
2866 2718 3021 2770 Κατὰ
3050 2719 3159 2786 γὰρ
3213 2717 3274 2769 τὸ
3310 2715 3648 2786 ἀνθρώπειον
3681 2716 3780 2768 καὶ

2198 2811 2362 2874 αὐτὸς
2411 2811 2631 2864 ἃπασαν
2685 2810 2903 2878 ἐδέξατο
2949 2811 3043 2863 τοῦ
3090 2809 3406 2879 Πνεύματος
3455 2809 3552 2880 τὴν
3591 2809 3776 2880 χάριν.

2206 2923 2223 2955 ι
2257 2903 2330 2956 Τὸ
2359 2903 2466 2973 γὰρ
2504 2904 2737 2968 παιδίον,
2769 2905 2956 2975 φησὶν,
2996 2905 3199 2974 Ἰησοῦς
3228 2903 3450 2974 ηὔξανε,
3488 2902 3586 2958 καὶ
3612 2903 3782 2973 ἐκρα-

2201 2995 2420 3050 ταιοῦτο
2459 2995 2740 3066 Πνεύματι
2767 3036 2780 3058 ,
2821 2998 2916 3050 καὶ
2951 2996 3112 3066 χάρις
3149 2995 3284 3048 Θεοῦ
3322 2991 3389 3067 ἦν
3430 2995 3516 3048 ἐπ’
3553 2995 3710 3048 αὑτό.
3758 3012 3777 3043 ι

521 3093 753 3155 stupens
791 3103 802 3138 :
838 3083 1010 3139 Etiam
1039 3092 1120 3150 tu,
1169 3085 1378 3156 inquit,
1435 3087 1635 3142 suxisti
1687 3088 1855 3144 ubera
1904 3091 2093 3146 matris

2201 3089 2339 3160 Φησὶ
2365 3088 2546 3142 τοίνυν
2591 3091 2623 3159 ἡ
2674 3088 2884 3159 νύμφη,
2942 3089 3356 3158 ἐκπληττομένη
3397 3091 3492 3157 τὴν
3539 3087 3786 3158 ἄρρητον

520 3191 676 3228 mere.
704 3173 998 3238 Caeterum,
1035 3184 1093 3229 ut
1124 3175 1396 3229 dictorum
1422 3177 1620 3232 seriem
1663 3189 1827 3248 atque
1847 3178 2093 3234 ordinem

2205 3179 2650 3250 φιλανθρωπίαν,
2685 3181 2766 3233 ὅτι
2797 3180 2908 3233 Καὶ
2948 3181 3012 3233 σὺ
3059 3179 3329 3250 ἐθήλασας
3369 3181 3494 3242 τοὺς
3543 3178 3784 3248 μαστοὺς

522 3281 829 3328 servemus,
861 3267 1077 3320 initimn
1100 3267 1262 3337 paulo
1279 3268 1447 3323 altius
1463 3278 1800 3339 repetentes,
1817 3272 2102 3326 sententiae

522 3373 792 3413 summam
855 3358 1098 3413 breviter
1152 3375 1561 3428 percurramus.
1618 3363 1840 3431 Accepi,
1897 3363 2099 3433 inquit,

523 3465 630 3506 nou
682 3451 860 3504 solum
898 3465 1059 3516 nova,
1096 3451 1191 3504 sed
1231 3451 1395 3505 etiam
1451 3461 1636 3506 vetera
1697 3455 1889 3509 matris
1943 3470 2097 3519 meai,

521 3555 697 3609 eaque
723 3537 820 3593 tibi
845 3539 1211 3595 conservabo.
1231 3539 1436 3596 Verum
1469 3542 1587 3611 ipse
1617 3560 1854 3612 quoque,
1882 3558 2104 3616 propter

523 3631 856 3700 singularem
882 3619 1275 3701 benignitatem
1297 3641 1471 3696 tuam,
1490 3641 1748 3688 naturam
1773 3651 1950 3690 meam
1983 3651 2104 3692 sus-

522 3722 754 3791 cipiens,
801 3723 992 3776 eadem
1025 3737 1148 3790 quae
1176 3737 1276 3793 ego
1311 3723 1480 3777 ubera
1510 3738 1711 3792 sugere
1747 3725 1995 3790 voluisti,
2045 3737 2104 3781 ut

530 3814 585 3865 in
611 3813 714 3868 hoc
733 3813 894 3866 etiam
933 3820 986 3866 te
1016 3811 1247 3866 fratrem
1276 3827 1459 3867 meum
1495 3813 1829 3869 declarares.
1887 3816 2098 3873 Suxisti

529 3912 737 3969 autem,
772 3919 882 3957 non
939 3903 1084 3973 quod
1139 3903 1446 3974 indigeres,
1492 3907 1587 3959 sed
1643 3913 1702 3959 ut
1731 3907 1960 3963 doceres
1993 3926 2100 3976 me,

521 3995 799 4065 quomodo
838 3996 970 4050 mihi
1003 3995 1336 4066 sugeudum,
1365 4005 1418 4049 et
1461 4011 1525 4050 ex
1559 4013 1670 4066 quo
1719 4001 1899 4055 ubere
1927 4003 2104 4072 gratia

521 4085 789 4142 elicienda
822 4095 990 4141 esset.
1021 4085 1238 4140 Idcirco
1280 4093 1334 4139 et
1366 4085 1434 4140 ad
1466 4086 1739 4158 baptisma
1789 4093 2102 4158 aceessisti,

523 4189 634 4230 non
664 4183 723 4228 ut
744 4182 1102 4244 peccatorum
1143 4173 1337 4230 sordes
1371 4175 1646 4242 ablueres,
1666 4195 1786 4233 cum
1813 4189 2105 4252 peccatum

523 4280 633 4321 non
665 4264 982 4335 admiseris,
1009 4281 1114 4320 nec
1133 4269 1389 4321 iuventus
1413 4268 1485 4322 sit
1509 4268 1668 4326 dolus
1705 4272 1756 4325 in
1785 4288 1882 4328 ore
1915 4282 2009 4329 tuo
2032 4284 2060 4311 ιι
2087 4294 2101 4329 :

525 4373 700 4428 neque
736 4367 794 4410 ut
823 4359 999 4413 sancti
1035 4356 1279 4428 Spiritus
1331 4359 1606 4429 reciperes
1650 4365 1911 4432 gratiam,
1947 4367 2104 4437 cujus

2201 3273 2301 3342 τῆς
2339 3273 2549 3343 μητρός
2604 3289 2729 3343 μου.
2782 3273 2898 3326 Ἵνα
2928 3272 2984 3325 δὲ
3025 3275 3119 3324 καὶ
3159 3272 3256 3342 τὴν
3309 3271 3633 3325 ἀκολουθίαν
3670 3271 3786 3324 τῶν

2199 3363 2406 3434 ῥητῶν,
2439 3365 2534 3417 καὶ
2555 3363 2654 3434 τήν
2683 3365 2950 3435 ἁρμονίαν
2975 3364 3324 3435 φυλάξωμεν,
3357 3365 3550 3435 μικρὸν
3573 3363 3787 3416 ἄνωθεν

2203 3455 2520 3526 ἀρξάμενοι,
2553 3457 2612 3508 έν
2648 3456 2930 3526 κεφαλαίῳ
2971 3456 3068 3527 τὴν
3113 3456 3354 3510 διάνοιαν
3401 3454 3784 3524 διεξέλθωμεν.

2217 3547 2544 3620 Ἐδεξάμην,
2591 3549 2778 3618 φησὶν,
2811 3550 2873 3602 οὐ
2911 3549 3071 3620 μόνον
3113 3549 3227 3613 νέα,
3277 3548 3413 3602 ἀλλά
3452 3549 3544 3600 καὶ
3577 3546 3791 3600 παλαιά

2203 3639 2304 3708 τῆς
2337 3639 2543 3710 μητρός
2577 3657 2699 3709 μου,
2731 3640 2823 3692 καὶ
2857 3638 3030 3693 ταῦτά
3063 3657 3142 3692 σοι
3173 3639 3788 3710 διατηρήσω.Ἥνέσχου

2205 3731 2283 3796 δὲ,
2319 3730 2406 3783 διὰ
2454 3731 2654 3803 πολλὴν
2700 3731 3110 3803 φιλανθρωπίαν
3135 3773 3150 3798 ,
3189 3734 3282 3786 καὶ
3319 3731 3481 3795 αὐτὸς
3511 3733 3609 3802 τὴν
3643 3734 3789 3803 ἐμὴν

2205 3820 2369 3892 φύσιν
2403 3821 2710 3886 ἀναλαϐὼν,
2742 3823 2867 3885 τοὺς
2898 3821 3095 3884 αὐτούς
3129 3839 3218 3892 μοι
3253 3822 3482 3892 θηλάσαι
3521 3825 3786 3892 μαστοὺς,

2206 3913 2293 3966 ἵνα
2332 3913 2427 3967 καὶ
2455 3915 2511 3966 ὲν
2540 3913 2714 3982 τούτῳ
2748 3913 2844 3984 τὴν
2886 3913 3220 3984 ἀδελφότητα
3258 3913 3459 3986 δείξῃς.
3485 3914 3788 3984 Ἐθήλασας

2204 4006 2260 4059 δὲ
2309 4005 2369 4058 οὐ
2423 4004 2710 4075 δεόμενος,
2747 4004 2860 4058 ἀλλ’
2905 4005 3004 4074 ἐμὲ
3039 4005 3344 4070 διδάσκων,
3387 4009 3534 4070 ὅπως
3585 4006 3790 4074 ὀφείλω

2210 4097 2463 4168 Θηλάσαι,
2517 4097 2610 4150 καὶ
2646 4096 2734 4150 διὰ
2769 4096 2926 4158 ποίας
2974 4096 3142 4166 θηλῆς
3180 4097 3277 4164 τὴν
3325 4096 3496 4167 χάριν.
3535 4097 3784 4151 ἑλκύσαι.

2206 4191 2303 4241 Διά
2331 4188 2488 4242 τοῦτο
2521 4187 2599 4259 τῷ
2626 4189 2962 4258 βαπτίσματι
2997 4188 3434 4259 προσελήλυθας,
3461 4191 3559 4260 οὐχ
3585 4191 3670 4243 ἵνα
3693 4190 3790 4243 τὸν

2210 4279 2378 4348 ῥύπον
2410 4278 2519 4332 τῶν
2548 4278 2961 4348 ἁμαρτημάτων
2992 4279 3281 4350 ἁποσμήξῃ
3313 4295 3326 4308 ·
3365 4280 3641 4350 ἁμαρτίαν
3677 4281 3789 4350 γὰρ

2208 4371 2307 4422 οὐκ
2333 4369 2620 4439 ἐποίησας,
2647 4369 2767 4422 οὐδὲ
2795 4367 2996 4440 εὑρέθη
3020 4370 3170 4432 δόλος
3197 4372 3254 4422 ὲν
3287 4369 3366 4441 τῷ
3399 4372 3627 4442 στόματί
3657 4389 3784 4425 σου⁸

527 4447 685 4518 153
705 4464 828 4502 eras
864 4450 1060 4518 plenus
1092 4466 1104 4503 :
1144 4449 1241 4527 sed
1274 4462 1332 4504 ut
1365 4451 1641 4509 indicares
1665 4456 1800 4510 mihi
1839 4473 1963 4526 qua:
1991 4459 2093 4514 sint

2212 4459 2334 4513 οὔτε
2369 4459 2475 4530 μὴν
2503 4461 2589 4512 ἵνα
2625 4459 2718 4511 τοῦ
2775 4461 3040 4528 παναγίου
3075 4460 3390 4530 Πνεύματος
3424 4460 3655 4534 ὑποδέξῃ
3686 4463 3791 4533 τὴν

526 4538 777 4607 baptismi
821 4538 989 4603 dona,
1020 4547 1074 4593 et
1103 4555 1212 4610 qua
1246 4542 1459 4598 ratione
1489 4545 1691 4613 possim
1723 4549 1956 4618 gratiam
1983 4549 2106 4620 Spi-

524 4629 666 4684 ritus
694 4644 908 4700 sugere.
961 4629 1088 4685 Ideo
1142 4633 1247 4687 sub
1288 4635 1556 4690 columba:
1605 4641 1786 4706 specie
1819 4639 2106 4696 descendit

525 4719 762 4790 Spiritus
802 4732 1054 4788 sanctus,
1089 4738 1200 4777 non
1254 4733 1313 4777 ut
1344 4728 1613 4794 praeberet
1663 4728 1760 4783 tibi
1813 4745 1936 4799 qua:
1992 4749 2103 4787 non

523 4813 778 4873 haberes.
810 4815 1004 4882 plenus
1033 4817 1177 4870 cnim
1203 4831 1328 4871 eras
1362 4819 1561 4888 gratiis
1605 4819 1724 4888 ejus
1770 4822 1967 4890 ipsius,
2008 4825 2106 4880 sed

523 4913 584 4958 ut
612 4905 745 4959 mihi
774 4905 1186 4962 demonstrares
1223 4907 1354 4978 quid
1391 4910 1464 4962 sit
1491 4910 1836 4979 baptismatis
1866 4927 2093 4970 munus.

523 4997 710 5067 Itaque
733 5006 958 5067 stupore
985 5010 1258 5054 commota
1284 5001 1406 5056 dico
1436 5019 1449 5055 :
1481 5021 1499 5051 ι
1531 5001 1667 5068 Quis
1693 5003 1782 5058 det
1818 5013 1891 5067 te,
1925 5022 2098 5078 nepos

522 5089 618 5153 mi,
661 5099 945 5159 sugentem
984 5091 1150 5144 ubera
1185 5092 1383 5146 matris
1417 5093 1592 5147 mete?
1621 5113 1638 5144 ι
1683 5093 1788 5149 Ista
1826 5109 1916 5151 tua
1947 5099 2098 5154 beni-

594 5272 611 5293 '
643 5263 685 5316 II
725 5264 868 5316 Tim.
904 5278 975 5328 Iv,
1021 5263 1072 5327 7,
1113 5263 1166 5317 8.
1244 5274 1266 5301 ι
1304 5263 1495 5318 Matth.
1537 5281 1651 5331 xm,
1689 5268 1776 5322 5‘2.

1879 5274 1898 5308 ι
1933 5271 2068 5330 Luc.
2105 5291 2140 5344 ι,
2173 5276 2276 5345 80;
2312 5294 2370 5343 ιι,
2402 5280 2492 5336 40.

2209 4551 2371 4621 χάριν
2392 4567 2404 4578 ·
2441 4551 2653 4622 πλήρης
2673 4551 2718 4582 ⁷³
2770 4553 2880 4622 γὰρ
2907 4550 3098 4604 τούτου
3139 4552 3435 4622 ἐτύγχανες
3463 4570 3477 4582 ο
3517 4553 3634 4606 ἀλλ’
3662 4554 3792 4623 ἐμοὶ

2208 4643 2443 4707 δεικνὺς,
2477 4643 2636 4694 ὁποῖα
2674 4642 2763 4696 τοῦ
2807 4641 3183 4712 βαπτίσματος
3221 4643 3289 4696 τά
3315 4645 3485 4716 δῶρα,
3523 4648 3616 4698 καὶ
3649 4647 3793 4717 ποίῳ

2211 4735 2396 4807 τρόπῳ
2430 4732 2664 4804 δύναμαι
2694 4733 2924 4804 θηλάσαι
2976 4735 3073 4807 τὴν
3109 4737 3268 4806 χάριν
3315 4737 3407 4789 τοῦ
3445 4737 3788 4808 Πνεύματος.

2211 4828 2311 4880 Διὰ
2341 4824 2500 4879 τοῦτο
2531 4826 2588 4878 ἐν
2617 4825 2748 4878 εἴδει
2778 4828 3110 4897 περιστερᾶς
3147 4827 3359 4881 κάτεισι
3385 4830 3446 4883 τὸ
3465 4831 3691 4900 Πνεῦμα
3729 4830 3796 4884 τὸ

2214 4919 2386 4988 ἅγιον,
2416 4919 2514 4990 οὐχ
2542 4919 2628 4972 ἵνα
2662 4936 2744 4972 σοι
2770 4918 3028 4990 παράσχῃ
3064 4919 3100 4972 ἀ
3124 4919 3199 4990 μὴ
3228 4916 3372 4992 εἶχες
3395 4937 3408 4950 ·
3439 4921 3656 4992 πλήρης
3683 4924 3796 4994 γὰρ

2215 5009 2379 5066 αὐτοῦ
2407 5010 2514 5064 τῶν
2543 5011 2776 5082 χαρίτων
2801 5009 3100 5086 ἐτύγχανες
3127 5029 3142 5043 ·
3178 5010 3291 5067 ἀλλ’
3337 5012 3424 5066 ἵνα
3455 5013 3581 5083 ἐμοὶ
3607 5012 3798 5084 δείξῃς

2211 5103 2296 5165 τίς
2333 5103 2366 5173 ἡ
2407 5102 2582 5174 δωρεὰ
2625 5102 2719 5156 τοῦ
2777 5104 3175 5175 βαπτίσματος.
3222 5103 3322 5156 Διά
3367 5103 3528 5156 τοῦτο
3554 5104 3793 5173 ἐκπλητ-

2571 5293 2596 5320 ιι
2629 5280 2646 5334 I
2677 5281 2823 5340 Petr.
2859 5298 2918 5347 ιι,
2955 5282 3045 5336 22.

1823 5427 2056 5483 VARI/ﬁ
2085 5428 2495 5489 LECTIONES.

597 5509 640 5540 ⁸⁸
667 5509 801 5564 Cod.
846 5508 1192 5580 παραθήκην.

1295 5509 1338 5580 ετ
1367 5507 1504 5564 Cod.
1563 5511 1937 5580 Εὑαγγελίοις.

527 5579 571 5610 "
599 5580 786 5648 ἁδελφ.
821 5579 942 5650 μουζ
983 5579 1146 5650 Hebr.
1193 5579 1210 5647 (

1214 5579 1306 5648 qui
1336 5583 1415 5647 es)
1457 5581 1600 5635 sicut
1642 5579 1806 5637 frater
1837 5588 1989 5641 mihi.

2039 5519 2341 5599 “gratuiti.
2393 5526 2924 5599 ln__cod._sequitur
2974 5529 3248 5599 expositio
3317 5529 3480 5599 trium
3533 5527 3785 5599 Patrum.

2103 5590 2148 5622 "°
2181 5593 2299 5663 εὕρ.
2323 5609 2405 5663 σε.
2441 5594 2603 5650 Hebr.
2639 5597 2684 5652 0
2720 5590 2765 5652 si
2810 5590 3111 5654 invenirem
3151 5607 3222 5652 te.

3326 5598 3370 5630 "
3398 5596 3788 5652 καὶ-συλλαϐ.

524 5650 864 5748 mihi)"
889 5649 1381 5748 ieﬂlﬁﬁljhnn?
1678 5672 1761 5725 με.
1809 5656 1954 5724 Haec,
2009 5649 2262 5717 monente
2320 5661 2490 5718 LANB.
2539 5649 3231 5729 Βσεῐο,’ριέιέῐιὶῐιᾶἧιιιιέι
3278 5668 3331 5723 in
3386 5649 3522 5724 edit.
3564 5649 3787 5724 Aldina.

551 5717 922 5792 ‘nlfqpnc—a
954 5718 1028 5789 μὴ
1060 5714 1222 5788 εἶχες.
1257 5720 1378 5776 Des.
1410 5722 1461 5774 in
1500 5714 1622 5775 cod.
