4076 6432
488 449 491 454 .
533 398 643 463 203

1565 392 2059 455 THEODORETI
2092 392 2828 455 EPISCOPI'CY‘RENSIS

3703 400 3813 462 Μ
3900 347 3906 353 .

534 517 795 566 tuentes:
839 526 858 561 ι
897 506 1032 574 Quae
1062 513 1170 571 est,
1215 504 1494 576 inquiunt,
1529 502 1660 570 ista,
1715 519 1840 574 quae
1869 505 2093 560 ascendi

2223 507 2279 558 αἰ
2325 504 2531 576 ὁρῶσαι
2584 504 2756 576 αὐτὴν
2808 502 3082 567 νεάνιδες·
3123 522 3140 554 ι
3195 501 3290 566 Τίς
3327 500 3468 575 αὕτη
3511 505 3546 576 ή
3585 505 3815 562 ἀναδαι-

528 601 1018 665 dealbata,-innixa
1037 613 1208 669 super
1227 605 1477 669 nepotem
1494 611 1656 651 suum
1675 595 1821 651 iiAb
1836 596 1957 668 ipso
1972 595 2119 651 enim

530 691 768 754 directa,
791 701 848 744 et
870 689 1029 758 quasi
1059 701 1227 741 manu
1255 686 1444 750 ducta,
1464 683 1719 740 ascendit
1743 683 1799 738 in
1812 684 2036 749 cmlum,
2065 689 2122 738 et

529 778 816 849 ἥκει-155
829 777 960 832 facit
975 776 1043 832 ad
1055 776 1318 831 dilectum
1337 788 1498 830 suum
1521 788 1618 844 per
1630 773 1843 827 ﬁrmam
1865 772 1922 826 in
1940 771 2119 842 ipsum

529 872 711 926 tidem.
731 871 863 924 Post
885 869 1276 938 haec-sponsus
1297 865 1450 921 illam
1474 866 1549 920 ita
1569 864 1905 936 compellat:
1944 881 1963 915 ι
2003 862 2120 918 Sub

526 963 671 1017 malo
706 960 939 1016 excitavi
977 968 1048 1015 te.
1080 957 1175 1014 -.lbi
1210 959 1420 1030 peperit
1444 965 1622 1013 mater
1653 968 1768 1024 tua,
1799 957 1872 1012 ibi
1909 956 2120 1027 peperit

532 1064 586 1109 te
616 1053 858 1124 genitrix
896 1060 1012 1108 tua.
1049 1050 1423 1106 Hunc-verba
1452 1050 1613 1105 nobis
1636 1055 1801 1103 erunt
1836 1047 2117 1102 intellectu

523 1145 734 1209 facilia,
759 1144 817 1199 si
851 1158 1046 1200 eorum
1075 1157 1199 1214 quae
1234 1141 1404 1212 hujus
1436 1141 1564 1196 libri
1595 1139 1757 1195 initio
1799 1137 1950 1194 dicta
1987 1145 2118 1192 sunt

521 1253 552 1291 a
587 1249 819 1307 sponsa,
851 1235 1294 1290 meminerimus.
1326 1230 1427 1287 Sic
1455 1231 1602 1287 enim
1633 1230 1702 1286 ad
1739 1243 2002 1300 sponsum
2040 1227 2119 1282 lo-

523 1328 806 1398 quebatur
841 1345 854 1381 :
890 1324 1092 1381 (Sicut
1118 1325 1321 1380 malum
1355 1324 1502 1380 inter
1537 1325 1682 1394 ligna
1707 1323 1880 1386 silvai,
1914 1321 1987 1375 ita
2015 1335 2109 1375 ne-

517 1437 620 1493 pos
657 1437 816 1476 meus
843 1420 991 1475 inter
1019 1419 1182 1474 lilios.
1210 1418 1267 1474 In
1293 1419 1489 1473 umbra
1520 1417 1672 1472 illius
1699 1414 2036 1478 desideravi,
2062 1421 2116 1469 et

518 1511 658 1578 sedi,
683 1519 738 1567 et
767 1511 982 1566 fructus
1002 1510 1125 1580 ejus
1150 1509 1330 1564 dulcis
1353 1507 1560 1579 gutturi
1590 1521 1711 1563 meo
1735 1515 1784 1558 ν.
1814 1504 2112 1570 »ριιοιιίειιῐι

518 1601 686 1672 igitur
709 1599 1026 1656 futurorum
1052 1601 1321 1654 bonorum
1347 1598 1541 1652 umbra
1563 1605 1692 1651 sunt
1719 1609 1783 1650 ea
1801 1607 1924 1664 quae
1951 1593 2115 1648 nobis

516 1691 607 1746 hic
649 1692 776 1747 data
809 1699 966 1754 sunt,
1002 1708 1021 1740 ι
1046 1687 1204 1743 Nunc
1231 1687 1402 1751 enim,
1446 1675 1694 1756 i‘inquit
1741 1685 1936 1740 beatus
1971 1683 2113 1737 Pau-

2224 613 2395 651 νουσα
2454 593 2953 665 λελευκανθισμένη
2979 635 2994 661 ,
3049 593 3514 666 ἐπιστηριζομένη
3571 595 3666 648 ἐπὶ
3720 597 3815 650 τὸν

2221 687 2539 756 ἀδελφιδοῦν
2587 687 2798 758 αὐτῆς;
2837 705 2857 740 ι
2905 686 2998 740 ὑπ’
3035 685 3202 740 αὑτοῦ
3245 685 3354 757 γάρ
3402 686 3812 758 ποδηγουμένη,

2222 777 2318 831 καὶ
2353 777 2518 830 οἰονεί
2550 775 3039 847 χειραγωγουμένη
3067 815 3082 838 ,
3127 775 3220 828 καί
3254 775 3352 845 τὴν
3381 775 3462 839 εἰς
3490 776 3618 840 τοὺς
3643 777 3813 849 οὐρα-

2221 869 2345 932 νοὺς
2373 867 2638 923 ἀνάϐασιν
2668 868 2762 921 καὶ
2788 867 3098 938 ἀποδημίαν
3124 868 3358 921 ποιεῖται
3393 866 3529 938 πρὸς
3549 866 3642 920 τὸν
3679 868 3816 937 ἀγα-

2221 962 2394 1031 πητὸν
2421 959 2628 1030 αὐτῆς,
2669 959 2758 1012 διὰ
2797 958 2898 1028 τῆς
2942 957 3166 1028 βεϐαίας
3217 958 3298 1020 εἰς
3343 957 3506 1011 αὑτὸν
3551 958 3810 1023 πίστεως.

2219 1050 2376 1106 Μετὰ
2416 1051 2593 1106 ταῦτα
2634 1051 2916 1122 ὁνυμφίος
2955 1049 3338 1119 διαλεγόμενός
3368 1067 3566 1121 φησιν’
3609 1068 3628 1101 ι
3677 1050 3816 1104 Ὑπὸ

2222 1141 2392 1212 μῆλον
2417 1141 2678 1212 ἐξήγειρά
2706 1157 2787 1205 σε,
2835 1141 2953 1193 ἐκεῖ
2993 1137 3226 1210 ὠδίνησέ
3273 1155 3334 1191 σε
3376 1140 3410 1210 ή
3460 1141 3653 1212 μήτηρ
3691 1157 3812 1206 σου,

2219 1235 2338 1286 ἐκεῖ
2367 1233 2598 1302 ὡδίνησέ
2629 1249 2688 1285 σε
2720 1233 2754 1302 ή
2781 1229 3020 1286 τεκοῦσά
3050 1249 3131 1285 σε.
3164 1249 3183 1283 ι
3221 1231 3464 1286 Τουτωνὶ
3491 1231 3602 1286 τῶν
3630 1234 3816 1304 ῥημά-

2217 1341 2327 1378 των
2358 1323 2459 1394 τὴν
2496 1324 2738 1378 διάνοιαν
2755 1326 2800 1357 “
2837 1324 3226 1396 μαθησόμεθα,
3277 1325 3326 1378 εἰ
3363 1325 3475 1378 τῶν
3505 1325 3816 1398 εἰρημένων

2219 1414 2325 1470 ὑπὸ
2343 1415 2444 1487 τῆς
2467 1415 2688 1486 νύμφης
2723 1419 2780 1469 ἐν
2814 1418 2881 1486 τῇ
2909 1416 3052 1488 ἀρχῇ
3090 1415 3184 1468 τοῦ
3213 1416 3648 1488 συγγράμματος
3677 1418 3813 1472 ἀνα-

2221 1505 2616 1577 μνησθείημεν.
2648 1507 2794 1576 Ἔφη
2824 1505 2873 1538 ⁸⁸
2901 1505 3013 1577 γὰρ
3040 1505 3119 1576 τῷ
3161 1506 3382 1577 νυμφίῳ
3407 1523 3420 1538 ·
3451 1524 3470 1558 t
3521 1507 3610 1571 Ὠς
3641 1508 3814 1580 μῆλον

2217 1599 2276 1650 ἐν
2305 1601 2419 1662 τοῖς
2454 1597 2634 1664 ξύλοις
2671 1596 2768 1650 τοῦ
2801 1597 3012 1670 δρυμοῦ
3033 1636 3049 1661 ,
3082 1595 3261 1661 οὕτως
3285 1600 3315 1652 6
3344 1597 3659 1668 ἀδελφιδοῦς
3705 1617 3811 1670 μου

2215 1688 2493 1757 ἀναμέσον
2525 1687 2636 1741 τῶν
2678 1686 2846 1741 υίῶν·
2883 1688 2942 1740 ἐν
2978 1689 3046 1759 τῇ
3081 1689 3211 1759 σκιᾷ
3249 1687 3416 1742 αὐτοῦ
3461 1688 3809 1760 ἐπεθύμησα,

517 1783 622 1847 lus,
648 1802 665 1836 ι
693 1782 852 1838 video
873 1782 1018 1837 sicut
1039 1783 1095 1835 in
1121 1779 1367 1850 speculo,
1389 1777 1534 1834 sicut
1561 1777 1954 1847 in'tenigmate,
1979 1782 2098 1829 tunt

2207 1780 2311 1833 καὶ
2334 1779 2590 1844 ἐκάθισα,
2634 1781 2730 1835 καὶ
2759 1779 2974 1852 καρπὸς
2999 1779 3164 1833 αὐτοῦ
3200 1778 3410 1848 γλυκὺς
3444 1779 3524 1851 τῷ
3566 1779 3809 1852 λάρυγγί

514 1845 699 1928 ειιιεηι
717 1873 786 1928 de
805 1873 944 1927 facie
963 1872 1030 1926 ad
1058 1845 1257 1925 faciem
1276 1883 1325 1933 ι,
1350 1888 1369 1920 ι
1393 1867 1714 1938 concupivit
1731 1845 1915 1921 autem
1936 1878 2098 1935 spon-

2218 1887 2342 1941 μου.
2375 1888 2394 1923 s
2433 1871 2655 1941 Ἐπειδή
2687 1845 2868 1926 τοίνυν
2895 1872 2930 1943 ή
2963 1871 3091 1925 σκιά
3121 1845 3232 1924 τῶν
3259 1845 3560 1941 μελλόντων
3582 1845 3808 1940 ἀγαθνιῦν

518 1979 585 2020 sa
620 1964 674 2018 in
711 1965 910 2018 umbra
937 1963 1126 2033 sponsi
1161 1963 1378 2028 sedere,
1411 1962 1512 2016 hoc
1542 1969 1656 2023 est,
1684 1960 1736 2012 in
1766 1958 1930 2014 ari-ha
1955 1971 2104 2012 nunc

509 2069 789 2110 concessa
847 2055 1001 2124 (nam
1047 2067 1272 2122 pomum
1323 2050 1567 2121 appellat
1593 2064 1868 2120 sponsum
1899 2047 1973 2102 ob
2008 2061 2104 2102 eas

508 2161 656 2216 quas
690 2145 935 2200 diximus
965 2142 1644 2215 causas),'convenienter
1689 2153 1930 2211 sponsus
1966 2125 2100 2192 ait:

513 2257 537 2290 ι
580 2237 698 2292 Sub
722 2238 866 2292 malo
887 2237 1134 2292 excitavi
1151 2244 1224 2290 te.
1248 2234 1334 2290 'lbi
1365 2233 1576 2305 peperit
1610 2241 1661 2288 te
1709 2242 1885 2287 mater
1920 2238 2035 2285 tua.
2071 2248 2094 2282 ι

510 2329 811 2385 Credentes
843 2329 990 2384 enim
1022 2343 1107 2393 ea,
1151 2342 1276 2398 quae
1306 2327 1384 2382 de
1405 2325 1695 2381 Salvatore
1732 2333 1926 2380 nostro
1960 2337 2103 2393 prae-

510 2423 692 2477 dicata
717 2428 870 2486 sunt,
899 2421 970 2476 ad
1001 2421 1280 2490 baptisma
1329 2420 1576 2474 divinum
1627 2417 1994 2480 accessimus,
2047 2423 2102 2470 et

507 2511 1356 2582 accedentes-regenerationem
1390 2510 1680 2565 consecuti
1715 2523 1930 2565 sumus.
1960 2505 2099 2560 Nam

515 2623 536 2657 ι
571 2606 785 2676 peperit
816 2619 918 2660 nos
947 2605 1140 2675 vgratia
1166 2603 1425 2674 'Spiritus
1452 2601 1665 2668 sancti,
1705 2621 1724 2653 ι
1756 2607 1817 2655 ut
1857 2599 2100 2654 Actuum

500 2706 756 2753 -‘testatur
786 2696 1019 2750 historia
1045 2703 1100 2750 3'.
1137 2695 1276 2749 Cum
1309 2694 1456 2750 enim
1488 2691 1874 2748 divinissimus
1902 2689 2100 2745 Petrus

507 2789 576 2843 ad
603 2803 701 2844 eos
743 2787 840 2858 qui
871 2792 1273 2850 convenerant,
1302 2784 1370 2840 de
1405 2783 1697 2839 Salvatore
1738 2789 1932 2838 nostro
1961 2796 2099 2836 cono

503 2879 762 2932 cionatus
815 2885 987 2941 esset,
1042 2876 1146 2941 illi,
1211 2876 1396 2945 inquit
1450 2875 1698 2944 scriptor
1752 2887 1941 2938 sacer,
1990 2871 2097 2941 qui

505 2967 801 3023 audierant
832 2967 956 3036 ejus
981 2967 1168 3032 verba,
1215 2965 1542 3035 compuncti
1586 2964 1848 3019 dixerunt
1883 2961 1950 3016 ad
1995 2961 2099 3017 Pe-

503 3071 692 3116 trum:
731 3077 750 3110 ι
793 3058 937 3124 Quid
973 3057 1263 3124 faciemus,
1292 3066 1353 3111 ut
1397 3055 1536 3112 salvi
1567 3053 1787 3110 simus?
1833 3072 1854 3106 ι
1898 3051 2097 3108 Petrus

499 3166 637 3208 vero
659 3150 768 3206 illis
797 3168 842 3206 τι
876 3148 1118 3212 Credite,
1140 3147 1343 3219 inquit,
1368 3158 1425 3202 et
1447 3146 1761 3217 baptizetur
1790 3144 2095 3214 unusquis—
2121 3175 2164 3230 ο

504 3259 613 3313 que
643 3249 890 3298 vestrum
936 3239 992 3294 in
1022 3239 1252 3294 nomine
1301 3236 1520 3292 Domini
1552 3236 1727 3291 nostri
1763 3233 1924 3306 156
1958 3232 2089 3288 Jcsu

503 3334 746 3399 Christi,
790 3342 846 3388 et
893 3331 1181 3402 accipietis
1237 3328 1486 3401 Spiritus
1535 3326 1713 3382 sancti
1762 3325 2091 3396 promissio-

497 3443 629 3483 nem
649 3437 697 3480 ι.
739 3447 758 3478 ι
780 3423 976 3492 .Quare
1007 3425 1204 3479 merito
1237 3437 1476 3492 sponsus
1501 3421 1568 3475 ad
1601 3434 1889 3491 sponsam,
1924 3438 1945 3470 ι
1973 3417 2088 3474 Sub

503 3519 674 3583 malo,
709 3519 912 3588 inquit,
946 3515 1187 3571 excitavi
1219 3521 1296 3569 te.
1320 3513 1398 3568 lbi
1433 3513 1646 3583 peperit
1675 3518 1728 3566 te
1757 3521 1934 3565 mater
1972 3519 2086 3575 tua,

486 3609 578 3663 ibi
616 3607 831 3678 peperit
857 3617 908 3662 te
933 3605 1171 3677 genitrix
1204 3616 1320 3660 tua.
1359 3623 1378 3656 ι
1413 3603 1526 3659 Nec
1552 3601 1760 3658 frustra
1794 3603 2089 3674 geminan-

487 3709 593 3754 tur
624 3700 739 3754 haec
764 3698 957 3754 verba.
996 3696 1064 3752 Ut
1095 3697 1243 3752 enim
1273 3696 1597 3752 ostenderet
1629 3709 1754 3764 quae
1783 3701 1960 3750 mater
1985 3709 2078 3748 es-

491 3797 608 3855 set,
640 3799 836 3859 partus
887 3788 1158 3843 meminit.
1219 3787 1353 3844 Post
1388 3787 1505 3842 haec
1561 3786 1887 3842 cohortatur
1923 3801 2081 3850 aeaut,

498 3879 735 3933 dicens:

2207 1962 2312 2015 εἰσι
2336 1962 2405 2016 τὰ
2424 1963 2517 2016 ἐπὶ⁸
2541 1961 2635 2017 τοῦ
2662 1963 2929 2034 παρόντος
2948 1965 3081 2035 ἡμῖν
3103 1961 3346 2029 δοθέντα,
3376 1980 3395 2014 ι
3423 1963 3583 2034 Ἀρτι
3618 1964 3752 2036 γάρ,
3782 1983 3800 2016 ι

2207 2052 2376 2124 φησιν
2397 2054 2427 2106 6
2453 2053 2721 2126 μακάριος
2742 2053 2976 2119 Παῦλος,
3005 2073 3023 2105 ι
3048 2054 3229 2125 βλέπω
3252 2053 3328 2118 ὡς
3355 2057 3412 2108 ἐν
3433 2055 3706 2128 ἐσόπτρῳ,
3732 2057 3808 2121 ὡς

2205 2146 2262 2197 ἐν
2289 2144 2606 2214 αἰνίγματι,
2655 2145 2775 2198 τότε
2821 2145 2879 2198 δὲ
2923 2146 3220 2217 πρόσωπον
3253 2147 3391 2218 πρὸς
3420 2147 3738 2218 πρόσωπον,
3782 2167 3800 2199 ι

2203 2235 2439 2305 ἐπόθησε
2459 2235 2516 2288 δὲ
2540 2237 2574 2306 ἡ
2614 2235 2801 2306 νύμφη
2823 2236 2881 2288 ἐν
2903 2238 2970 2308 τῇ
3001 2237 3131 2308 σκιᾷ
3157 2235 3254 2290 τοῦ
3282 2237 3520 2308 νυμφίου
3551 2236 3802 2302 καθίσαι,

2200 2327 2450 2380 τουτέστι
2501 2325 2579 2398 τῷ
2616 2327 2824 2382 δοθέντι
2858 2327 2956 2383 νῦν
3002 2327 3288 2399 ἀρραὁῶνι
3325 2328 3516 2399 (μῆλον
3543 2329 3604 2383 δὲ
3638 2329 3806 2384 αὑτὸν

2202 2419 2616 2492 προσηγόρευσε
2653 2419 2721 2472 δι’
2755 2419 2820 2483 ἀς
2867 2417 3082 2490 έφημεν
3137 2419 3363 2490 αἰτίας),
3415 2419 3740 2488 ἀναγκαίως
3774 2421 3806 2476 6

2201 2509 2435 2580 νυμφίος
2483 2508 2686 2581 φησί-ιο
2737 2527 2758 2560 t
2827 2506 2966 2562 ’Υπὺ
3015 2507 3189 2580 μῆλον
3233 2507 3497 2580 ἐξήγειρά
3541 2525 3639 2574 σε,
3685 2510 3807 2564 ἐκεῖ

2199 2598 2432 2669 ὡδίνησέ
2459 2615 2519 2652 σε
2557 2600 2591 2670 ή
2621 2596 2861 2652 τεκοῦσά
2913 2615 2995 2654 σε.
3045 2615 3064 2650 ι
3106 2595 3513 2662 Πιστεύσαντες
3561 2599 3672 2672 γὰρ
3723 2600 3804 2671 τῷ

2202 2691 2332 2761 περὶ
2365 2689 2459 2744 τοῦ
2497 2691 2752 2762 Σωτῆρος
2801 2689 2960 2762 ἡμῶν
3011 2689 3375 2764 κηρύγματι,
3427 2691 3506 2763 τῷ
3536 2691 3663 2764 θείῳ
3702 2692 3801 2763 βα-

2200 2780 2468 2851 πτίσματι
2538 2779 3061 2852 προσεληλύθαμεν,
3109 2781 3204 2834 καὶ
3251 2781 3650 2852 προσελθόντες
3697 2783 3800 2856 τῆς

2200 2871 2629 2940 παλιγγενεσίας
2677 2872 3082 2944 τετυχήκαμεν.
3136 2890 3155 2924 ι
3189 2873 3367 2927 Ὠδινε
3417 2872 3527 2945 γὰρ
3560 2875 3714 2945 ἡμᾶς
3764 2876 3797 2947 ή

2200 2963 2361 3034 χάρις
2395 2961 2487 3015 τοῦ
2521 2963 2842 3028 Πνεύματος
2865 2979 2878 2992 ο
2923 2982 2942 3015 ι
2985 2965 3255 3034 μαρτυρεῖ
3282 2962 3338 3016 δὲ
3366 2965 3399 3035 ή
3446 2963 3656 3035 ἰστορία
3682 2964 3798 3018 τῶν

2191 3053 2492 3126 -Πράξεων.
2525 3054 2633 3108 Τοῦ
2689 3054 2798 3128 γάρ
2853 3055 3152 3110 θειωτάτου
3205 3055 3413 3126 Πέτρου
3467 3057 3796 3129 δημηγορή-

2201 3163 2416 3210 σαντος,
2447 3146 2544 3200 καὶ
2575 3147 2706 3218 περί
2750 3146 2842 3200 τοῦ
2873 3148 3129 3218 Σωτῆρος
3173 3147 3441 3218 κήρυγμα
3462 3148 3576 3210 τοῖς
3599 3146 3797 3218 ἐληλυ-

2199 3235 2318 3290 θόσι
2352 3239 2832 3308 προσενηνοχότος,
2868 3239 3035 3310 φησὶν
3056 3239 3084 3292 6
3111 3239 3484 3310 συγγραφεὺς,
3513 3239 3595 3292 ὅτι
3618 3238 3796 3293 ἀκού-

2197 3345 2392 3390 σαντες
2437 3330 2530 3384 τὸν
2565 3329 2724 3398 λόγον
2763 3330 3145 3401 κατενύγησαν
3169 3368 3186 3394 ,
3222 3331 3316 3385 καὶ
3344 3325 3498 3385 εἷπον
3530 3331 3667 3403 πρὸς
3703 3332 3796 3386 τδν

2179 3418 2442 3490 ιΠέτρονο
2491 3439 2510 3472 ι
2563 3420 2629 3474 Τί
2675 3422 3010 3504 ποιήσομεν,
3055 3422 3144 3476 ἵνα
3201 3421 3507 3490 σωθῶμεν;
3550 3441 3571 3474 s
3621 3421 3685 3476 '0
3738 3421 3795 3476 δέ

2196 3510 2332 3582 πρὸς
2366 3511 2566 3574 αὐτοὺς
2614 3511 2755 3584 ἔφη’
2805 3533 2825 3565 ι
2878 3515 3250 3578 Ηιστεύσατε,
3297 3514 3392 3569 καὶ
3438 3513 3796 3586 βαπτισθήτω

2195 3599 2427 3664 ἕκαστος
2453 3601 2611 3684 ὑμῶν
2649 3603 2714 3656 ἐν
2738 3602 2815 3674 τῷ
2847 3604 3072 3674 ὀνόματι
3105 3604 3199 3659 τοῦ
3229 3605 3437 3676 Κυρίου
3475 3604 3637 3675 ἡμῶν
3687 3605 3791 3678 Ἰη-

2197 3689 2292 3745 σοῦ
2323 3691 2582 3762 Χριστοῦ,
2617 3694 2711 3747 καλ⁸
2741 3693 2977 3764 λήψεσθε
3013 3694 3112 3766 τὴν
3142 3695 3478 3764 ἐπαγγελίαν
3505 3693 3598 3748 τοῦ
3627 3695 3789 3763 ἁγίου

2194 3785 2535 3854 Πνεύματος.
2589 3803 2608 3837 ι
2647 3787 2888 3849 Εἰκότως
2927 3787 3109 3841 τοίνυν
3151 3787 3318 3858 φησὶν
3369 3789 3398 3841 6
3443 3787 3679 3857 νυμφίος
3715 3789 3782 3856 τῇ

2188 3873 2374 3944 νύμφῃ
2396 3890 2408 3904 ·
2453 3892 2472 3924 ι
2523 3874 2663 3928 Ὑπὸ
2697 3875 2869 3944 μῆλον
2896 3877 3156 3948 ἐξήγειρά
3187 3893 3245 3930 σε
3267 3895 3281 3908 ο
3321 3879 3438 3931 ἐκεῖ
3468 3877 3787 3948 ὠδίνησέσυ

495 3975 533 4042 ή
574 3972 755 4042 μήτηρ
786 3989 880 4025 σου
903 3986 920 4004 ο
982 3972 1100 4024 ἐκεῖ
1134 3971 1364 4041 ὠδίνησέ
1388 3988 1449 4024 σε
1481 3971 1515 4041 ή
1544 3968 1786 4024 τεκοῦσά
1810 3985 1871 4022 σε
1895 3984 1910 3999 ο
1939 3986 1958 4020 ι
1995 3969 2090 4022 καὶ
2128 3967 2592 4039 ὁ-διπλασιασμὸς
2647 3971 2745 4040 οὐχ
2796 3970 2984 4034 ἁπλῶς
3035 3973 3387 4043 πρόσκειται·
3430 3971 3600 4039 δεῖξαι
3667 3971 3784 4043 γὰρ

499 4067 821 4138 βουλόμενος
851 4068 936 4130 τίς
971 4069 1004 4138 ἡ
1049 4069 1252 4140 μήτηρ,
1279 4066 1553 4138 ἀνέμνησε
1579 4065 1674 4119 τοῦ
1706 4066 1891 4141 τόξου.
1927 4065 2086 4118 Μετά
2123 4063 2300 4117 ταῦτα
2332 4064 2768 4135 παρακελεύεται
2803 4068 2968 4136 αὐτῇ,
2998 4067 3173 4135 λέγων
3199 4085 3211 4098 ο

568 4157 736 4214 Vens.
766 4157 820 4213 6.
852 4157 998 4213 Pone
1025 4175 1104 4212 me
1141 4167 1196 4210 ut
1217 4159 1560 4228 signaculum
1601 4173 1758 4225 super
1788 4173 1881 4210 cor
1908 4164 2078 4220 tuum,

2263 4159 2356 4223 εἷ’.
2399 4157 2509 4222 Θές
2529 4173 2606 4224 με
2637 4157 2719 4222 ὠς
2743 4159 3046 4226 σφραγίδα
3075 4159 3171 4212 ἐπί
3207 4159 3322 4227 τὴν
3353 4159 3606 4227 καρδίαν
3633 4174 3777 4212 com

493 4253 552 4298 st
602 4244 941 4314 signaculum
993 4243 1152 4314 super
1192 4245 1478 4298 brachium
1528 4255 1700 4298 tuum.
1736 4243 1880 4312 Quia
1923 4243 2080 4313 fortis

2200 4249 2593 4319 ὒς-σξρρατίδα
2619 4249 2716 4302 ἐπὶ
2748 4249 2856 4303 τὸν
2878 4249 3184 4319 ,ϐραχίονὰ
3217 4266 3334 4304 σου
3358 4267 3371 4280 ·
3405 4249 3495 4302 ὅτι
3525 4249 3779 4317 κραταιὼ

492 4345 569 4390 cst
604 4347 659 4390 ut
695 4351 836 4390 mors
873 4335 1294 4401 charitas,‘dura
1324 4339 1462 4392 sicut
1497 4337 1736 4402 infernus
1773 4336 2070 4390 aemulatio.

491 4425 760 4483 Scintilla:
787 4427 903 4496 ejus
930 4437 988 4480 ut
1017 4427 1269 4482 scintilla:
1304 4429 1479 4499 ignis:
1509 4445 1694 4498 prurire
1737 4429 1876 4498 ignis
1917 4428 2076 4496 fiam-

492 4532 593 4570 ma:
649 4516 790 4584 ejus.
847 4514 1218 4593 .Exemplaria
1304 4518 1553 4588 quaedam
1650 4531 1762 4570 non
1845 4515 2071 4580 habent,

2181 4339 2262 4405 ὡς
2290 4338 2547 4404 θάνατος
2576 4341 2615 4406 ἡ
2665 4338 2892 4407 ἀγάπην
2938 4339 3209 4406 σκληρὸς
3237 4339 3318 4404 ὡς
3340 4338 3507 4405 ᾅδης
3544 4335 3728 4405 ζῆλος
3758 4354 3771 4369 ·

2187 4428 2524 4497 σπινθῆρες
2546 4430 2591 4462 ⁸⁵
2620 4429 2810 4498 αὐτῆς
2834 4431 2916 4496 ὡς
2939 4430 3262 4498 σπινθῆρες
3305 4430 3517 4498 πυρὸς,
3541 4429 3777 4497 ἀνθρα-

2179 4537 2284 4585 κες
2333 4521 2525 4588 πυρὸς
2579 4521 2803 4588 φλόγες
2851 4521 3068 4589 αὐτῆς.
3109 4520 3324 4574 Ἔνια⁸⁵
3362 4519 3478 4572 τῶν
3510 4519 3775 4589 ἀντιγρά-

479 4599 679 4672 'prnna:
701 4595 838 4675 ignis
871 4607 1120 4661 scintillae
1154 4607 1293 4676 ejus,
1350 4607 1601 4662 scintilla:
1633 4607 1766 4677 ignis
1792 4621 1811 4659 :
1848 4607 1942 4661 sed
1983 4623 2072 4659 vo-

2200 4627 2295 4676 ρων
2313 4611 2430 4662 ἀντὶ
2457 4609 2547 4662 τοῦ
2579 4611 2871 4679 ἄνθρακες
2894 4614 3084 4680 πυρὸς
3105 4612 3172 4674 ⁸⁸,
3197 4609 3528 4678 σπινθῆρες
3553 4608 3770 4676 αὐτῆς,

491 4697 667 4750 latilia
730 4689 844 4766 ejus
880 4699 1157 4765 volatilia,
1219 4714 1403 4776 pruna;
1459 4700 1603 4769 ignis
1651 4699 1884 4767 ﬂamma:
1930 4699 2071 4767 ejus.

490 4785 741 4856 Sponsus
778 4788 943 4857 igitur
975 4788 1285 4845 adanimas
1321 4791 1462 4860 pias,
1498 4805 1640 4860 quas
1683 4805 1946 4860 sponsam
1991 4791 2076 4845 di-

489 4875 802 4948 vina‘vocat
848 4875 1173 4948 Scriptura:
1229 4897 1248 4930 ι
1283 4879 1451 4935 Pone
1479 4894 1586 4944 me,
1625 4881 1828 4950 inquit.
1861 4896 1962 4950 pro
1995 4882 2073 4936 si-

2178 4698 2513 4768 σπινθῆρες
2535 4702 2740 4769 πυρὸς
2760 4743 2774 4766 ,
2811 4703 2993 4773 έχουσι
3021 4705 3342 4771 περίπτερα
3383 4699 3572 4768 αὐτῆς
3599 4701 3766 4769 περί-

2179 4806 2385 4859 πτρρα,
2413 4791 2708 4860 ἄνθρακες
2738 4796 2926 4863 πυρὸς
2956 4795 3179 4865 φλόγες
3208 4793 3424 4863 αὐτῆς.
3455 4794 3620 4860 Λέγει
3652 4793 3764 4846 τοί-

2176 4900 2272 4936 νυν
2305 4885 2334 4937 6
2385 4884 2619 4954 νυμφίος
2652 4888 2771 4950 ταῖς
2801 4887 3050 4940 εὐσεϐέσι
3095 4885 3297 4956 ψυχαῖς
3322 4923 3338 4948 ,
3375 4884 3444 4947 ἃς
3470 4883 3691 4955 νύμφην
3722 4885 3759 4956 ή

486 4968 724 5036 gnaculo
753 4967 806 5020 in
832 4969 1004 5022 corde
1043 4977 1162 5033 tuo,
1195 4975 1251 5024 et
1287 4985 1454 5038 super
1502 4969 1786 5025 brachium
1817 4978 1997 5026 tuum.
2043 4991 2062 5024 ι

2200 4974 2294 5027 ιεία
2341 4977 2738 5048 προσαγορεύει
2791 4978 2981 5049 Γραφή
3005 4994 3019 5009 ·
3071 4997 3087 5028 ι
3122 4977 3225 5040 Θές
3255 4976 3390 5046 με⁸⁷
3419 4975 3542 5029 ἀντὶ
3583 4991 3759 5046 σφρα--

485 5057 597 5111 Cor
629 5049 852 5126 quidem
885 5055 1128 5127 appellat
1167 5058 1368 5112 animae
1396 5059 1506 5114 vim
1555 5062 2066 5132 contemplativam,

485 5146 773 5201 brachium
805 5156 985 5202 autem
1019 5151 1272 5203 activam.
1303 5148 1678 5214 Quamobrem
1713 5161 1769 5208 et
1805 5154 2042 5209 sacerdo

2171 5062 2321 5128 γίδος
2349 5064 2408 5116 ὲν
2431 5067 2495 5135 τῇ
2520 5066 2718 5138 καρδίᾳ
2742 5085 2834 5121 σου
2859 5068 2926 5129 ⁸⁸,
2952 5068 3048 5121 καὶ
3079 5067 3136 5120 ἐν
3161 5065 3238 5136 τῷ
3261 5065 3508 5136 βραχίονί
3533 5082 3624 5120 σου
3643 5067 3686 5097 ³⁸
3704 5083 3718 5096 ·
3734 5085 3752 5116 ι

2169 5154 2400 5226 καρδίαν
2449 5158 2549 5228 μὲν
2579 5159 2649 5212 τὸ
2696 5159 3033 5234 θεωρητικὸν
3080 5160 3179 5231 τῆς
3221 5157 3404 5230 ψυχῆς
3453 5159 3754 5230 ὀνομάσας,

557 5289 585 5316 ν
622 5277 782 5333 Cant.
815 5294 876 5347 ιι,
907 5279 962 5334 3.
1040 5294 1066 5322 κ
1107 5281 1281 5337 lCor.
1317 5296 1440 5348 xm,
1468 5282 1562 5337 42.
1635 5293 1666 5334 γ
1695 5286 1818 5345 Act.
1855 5303 1910 5354 ι,
1940 5288 2030 5343 45.
2083 5299 2085 5302 ‘

2200 5294 2301 5346 let.
2345 5309 2406 5358 It,
2439 5293 2529 5361 37,
2563 5293 2652 5350 3‘8.
2739 5313 2743 5318 '

1790 5443 2033 5500 ἾΑΚΙᾸΞ
2080 5445 2486 5506 LECTIONES.

481 5622 492 5634 ι
551 5553 596 5635 ⁸ξ
627 5553 722 5635 τήν
746 5554 1001 5635 saevom}
1025 5553 1170 5635 _Des_.
1231 5555 1295 5612 'in
1339 5557 1480 5635 _cod.
1505 5628 1549 5635 η
1571 5556 1694 5635 '_'_E
1723 5559 1854 5635 cod:
1905 5575 2008 5630 sup

480 5623 642 5692 ignis,
683 5623 919 5678 ﬂamma:
947 5624 1038 5677 Dei
1075 5640 1121 5680 s.
1149 5627 1405 5698 ingentis.

481 5709 695 5768 quoque
727 5704 849 5764 post
883 5711 1075 5764 pauca.
1177 5697 1226 5768 Α⁸⁷
1260 5697 1350 5761 θές
1392 5715 1479 5768 με.
1529 5697 1652 5753 Des.
1695 5700 1749 5752 in
1781 5701 1904 5755 cod.

1505 5628 1550 5660 ω
1571 5562 1620 5649 ’ς
1653 5562 1694 5610 Ε
1723 5562 1848 5614 cod.
1905 5562 2085 5630 suppl.
2117 5634 2129 5643 _
2175 5563 2222 5594 ⁸⁸
2245 5564 2544 5649 σπινθῆρες
2582 5597 2652 5606 -
2691 5568 2880 5640 αὐτῆς.
2925 5569 3084 5626 Hebr.
3119 5585 3306 5640 prume
3327 5570 3448 5640 ejus
3474 5579 3532 5624 nt
3562 5584 3752 5640 pruna:

1610 5629 1765 5683 Ενια.
1807 5628 1954 5683 COd.
2006 5632 2156 5683 add-ll.
2198 5633 2278 5683 δέ.
2369 5635 2422 5666 ⁸⁸
2445 5636 2712 5683 ανθοακεε
2748 5641 2918 5683 πυρόε
2979 5641 3094 5683 "ne,
3149 5643 3202 5683 Ιι-
3243 5641 3256 5683 1
3314 5642 3367 5683 in
3413 5641 3533 5683 rimi-
3567 5652 3620 5683 ρι
3663 5640 3749 5683 sic

1657 5646 1765 5710 νια.
1807 5628 2156 5686 (30(1.ἰιιίι]ὶῑ
2198 5633 2278 5685 δέ.
2369 5635 2422 5666 ο·
2445 5628 2712 5706 ἄνθρακες
2748 5628 2937 5709 πυρός.
2977 5628 3203 5696 Des-lt.
3243 5641 3277 5694 ι.
3314 5628 3375 5695 in'
3413 5641 3534 5694 cod.
3562 5628 3620 5694 ξι
3663 5640 3749 5694 sic

1695 5715 1749 5752 In
1781 5701 1904 5755 cod.
2027 5701 2075 5732 ⁸⁸
2118 5718 2234 5755 σου.
2277 5704 2398 5756 Des.
2441 5707 2572 5758 ibid.
2677 5707 2866 5758 “seu.
2911 5711 2968 5758 [ιι
3015 5709 3137 5758 ιεοιΙ-
3187 5726 3304 5758 sea.
3339 5710 3455 5758 ωῶς
3486 5712 3749 5758 {mdo-um:

2677 5707 2866 5764 ποοῦ.
2911 5711 2968 5765 In
3015 5709 3138 5768 cod.
3187 5726 3304 5781 seq.
3339 5710 3455 5780 φῶς
3486 5712 3750 5778 ὑπάρχων

483 5779 535 5815 κ.
576 5782 624 5817 τ.
661 5764 708 5818 λ.
751 5780 892 5835 qum,
921 5774 1080 5823 antea
1125 5766 1190 5821 ad
1234 5764 1447 5824 vers.'5
1487 5768 1965 5828 desiderabantur.
2021 5769 2138 5827 Vid.
2182 5787 2238 5848 p.
2294 5774 2409 5841 154,
2458 5792 2511 5831 ιι.
2553 5778 2586 5831 6
