4076 6426
292 426 390 491 205

1406 427 1487 487 IN
1519 426 1904 487 CANTICUM
1929 427 2217 490 CANTIC.
2253 430 2400 490 LIB.
2431 432 2529 493 IV.

3489 439 3594 505 206

283 538 532 611 βραχίονα
578 537 639 591 δέ
679 538 747 591 τὸ
803 541 1183 609 πρακτικόν·
1237 541 1324 595 διὸ
1382 543 1478 596 καὶ
1534 544 1650 605 τοῖς
1708 539 1913 613 ἱερεῦσι

2019 543 2167 600 tibus
2197 559 2227 597 a
2251 545 2455 616 popqu
2479 555 2593 601 tum
2628 545 2916 604 brachium
2958 549 3272 618 dexterum,
3325 559 3444 608 tum
3491 570 3590 624 pe-

278 631 544 701 ἁτώριστο
575 629 734 701 παρά
766 631 875 684 τοῦ
917 632 1071 686 λαοῦ
1107 635 1140 688 ὅ
1167 651 1230 687 τε
1266 635 1506 706 βραχίων
1533 637 1560 688 ὁ
1591 634 1784 699 δεξιὸς,
1820 635 1917 688 καὶ

275 721 326 775 τὸ
348 721 657 792 στηθήνιον.
700 722 1003 777 Βούλεται
1034 725 1245 778 τοίνυν
1277 728 1427 796 ἡμᾶς
1455 729 1484 778 ὁ
1507 726 1702 796 Σωτὴρ
1729 727 1759 778 ὁ
1785 725 1918 795 ὴμέ-

271 831 412 884 τερος
451 814 570 865 ἀντὶ
611 814 949 884 σφραγίδος
995 817 1186 870 αὑτὸν
1237 816 1416 886 ἔχειν,
1463 817 1558 870 καὶ
1594 815 1916 886 διαλεγομέ-

270 923 393 970 νους,
420 906 509 959 καὶ
552 905 998 974 λογιζομένους
1025 947 1044 971 ,
1107 909 1212 962 καὶ
1255 908 1336 978 τῷ
1385 907 1550 962 αὐτοῦ
1608 907 1918 977 χαρακτῆρι

268 995 452 1050 τυποὺν
487 995 553 1048 τά
593 1010 658 1045 τε
710 994 1038 1064 λεγόμενα.
1070 1035 1087 1060 ,
1149 998 1224 1052 τά
1250 1014 1311 1050 τε
1347 997 1732 1068 πραττόμενα·
1774 996 1918 1050 οὕτω

272 1089 360 1156 γὰρ
384 1087 528 1138 ἔσται
579 1084 868 1154 βασιλικὰ
940 1088 1334 1159 νομίσματα,
1368 1089 1428 1141 οὐ
1486 1104 1919 1160 παρακεχαραγ-

280 1180 405 1248 μένα,
435 1176 569 1229 ἀλλά
623 1177 720 1228 τὸν
747 1176 1102 1245 βασιλικὸν
1131 1178 1336 1249 ἔχοντα
1369 1180 1714 1249 χαρακτῆρα.
1748 1179 1918 1232 Τοῦτο

277 1271 321 1323 δέ
345 1268 506 1341 ῥᾴδιόν
554 1285 664 1333 σοι,
697 1269 883 1339 φησὶ,
932 1271 1232 1340 ποιῆσαι,
1268 1274 1316 1324 εί
1345 1272 1444 1342 τὴν
1476 1272 1556 1334 είς
1588 1271 1689 1339 ἐμὲ
1733 1271 1910 1341 κτήσῃ

273 1363 474 1430 ἀγάπην.
525 1378 547 1410 ι
598 1360 846 1430 ἰσχυρά
911 1363 1055 1432 γάρ
1105 1365 1270 1416 ἐστιν
1307 1363 1383 1425 ὡς
1430 1362 1680 1426 θάνατος.
1733 1380 1752 1413 ›
1803 1361 1918 1414 Καὶ

270 1452 484 1520 καθάπερ
506 1452 748 1514 ἐκεῖνος,
792 1451 974 1520 μετὰ
1004 1452 1128 1523 τὴν
1182 1452 1337 1506 θείαν
1364 1453 1658 1520 ἀπόφασιν,
1697 1452 1918 1505 πάντων

266 1545 565 1614 ἐκράτησεν
597 1541 754 1596 οὕτω
794 1543 915 1595 καὶ
980 1543 1159 1613 αὕτη
1195 1544 1418 1597 πάντων
1454 1546 1668 1614 κρατεῖ,
1697 1543 1794 1596 καὶ
1821 1542 1922 1596 αὐ-

264 1636 342 1689 τοῦ
378 1635 461 1687 τοῦ
488 1634 724 1688 θανάτου
781 1633 1199 1705 ἰσχυροτέρα
1238 1634 1520 1703 τυγχάνει,
1559 1633 1774 1703 κτῆσαι
1823 1633 1920 1686 καὶ

264 1728 431 1797 ζῆλον·
457 1729 503 1778 εἰ
528 1727 635 1796 γὰρ
663 1723 887 1777 τοῦτον
925 1726 1385 1796 προσκτήσαιο,
1421 1725 1520 1777 οὐκ
1547 1723 1712 1795 ἀνέξῃ
1751 1722 1918 1794 ἀλλην

267 1839 342 1872 σου
368 1819 696 1889 τιμιωτέραν
727 1818 1060 1887 φανῆναι,
1121 1816 1232 1870 καὶ
1268 1816 1329 1869 σὲ
1368 1815 1464 1886 μὲν
1492 1811 1632 1869 εἶναι
1660 1817 1918 1887 ἀπαρρη-

271 1912 474 1972 σίαστον,
511 1908 732 1977 ἐκείνην
770 1907 842 1960 δὲ
885 1907 1022 1978 τῆς
1072 1908 1234 1978 ἐμῆς
1263 1906 1548 1970 κοινωνίας
1577 1907 1870 1976 τυγχάνειν
1895 1921 1911 1938 ο

279 2024 294 2054 ι
323 2002 533 2072 Σκληρὸς
565 2000 677 2070 γάρ
731 2001 900 2063 ἐστι,
937 1999 1066 2053 καὶ
1122 1997 1642 2066 δυσκαταγώνιστος
1679 2000 1708 2051 ὁ
1753 1996 1916 2070 ζῆλος

276 2094 339 2164 τῷ
362 2093 450 2164 ᾂδη
476 2091 911 2164 παραπλησίως
944 2107 964 2120 ·
1015 2109 1043 2143 ι
1099 2091 1250 2162 ᾅδην
1279 2089 1338 2142 δέ
1377 2089 1485 2142 ἀπὸ
1509 2091 1608 2160 τῆς
1646 2090 1914 2159 κατεχού-

283 2205 362 2258 σης
386 2187 527 2257 δόξης
562 2184 863 2256 ὠνόμασε,
897 2182 1006 2254 τῷ
1044 2183 1285 2254 θανάτῳ
1314 2183 1409 2236 καὶ
1453 2181 1658 2253 ταύτην
1705 2181 1916 2246 ἐπιθεὶς

291 2281 368 2350 τῇ
394 2277 771 2348 προσηγορίαν.
839 2273 1053 2328 Οὕτω
1089 2273 1157 2326 δέ
1207 2274 1358 2326 ἐστιν
1400 2271 1598 2342 ίσχυρά
1627 2272 1662 2342 ὴ
1701 2271 1913 2342 ἀγάπη,

301 2369 567 2437 istka
604 2365 704 2437 μέν
739 2366 928 2418 ἐστιν
968 2363 1356 2434 ὑπόπτερος,
1394 2362 1522 2432 περὶ
1547 2360 1606 2413 δὲ
1635 2360 1706 2414 τὰ
1737 2361 1917 2432 πτερά

311 2459 452 2527 αὑτῆς
475 2458 620 2527 φλόγα
649 2456 774 2528 εχει
827 2454 1050 2526 πυρὸς
1070 2495 1088 2519 ,
1137 2454 1235 2507 καὶ⁸
1279 2452 1584 2524 σπινθῆρας
1635 2453 1917 2524 ἐκπεμπο-

315 2550 496 2620 μένους.
525 2550 580 2602 Τί
619 2549 676 2602 δέ
713 2548 833 2619 τῆς
884 2547 1071 2601 οὕτω
1128 2545 1550 2617 πυρσευομένης
1597 2546 1797 2614 γένοιτ’
1849 2546 1918 2600 ἀν

307 2641 649 2712 denarium;
689 2641 800 2695 καὶ
856 2639 940 2691 τὸ
995 2635 1129 2708 πῦρ
1175 2635 1234 2690 δέ
1277 2635 1450 2706 αὐτῆς
1489 2637 1590 2690 οὐκ
1643 2635 1760 2690 ἐστι
1807 2635 1916 2691 τῶν

304 2733 657 2803 σϐεννυμένων.

355 2823 415 2889 ζ’.
447 2825 634 2895 ’Υδωρ
681 2827 832 2898 γὰρ,
868 2825 1062 2895 φησὶ,
1124 2820 1289 2877 πολὺ
1316 2823 1390 2878 οὐ
1419 2820 1747 2888 δυνήσεται
1771 2823 1916 2886 ,σϐέ-

295 2933 387 2972 σοι
408 2919 514 2988 τὴν
559 2919 822 2989 ἀγάπην
851 2959 868 2982 ,
899 2917 1020 2971 καὶ
1054 2915 1320 2984 ποταμοὶ
1347 2916 1420 2970 οὐ
1447 2916 1917 2985 συγκλύσουσιν

291 3010 488 3077 αὐτήν.
519 3011 634 3065 Καὶ
674 3008 1102 3082 μαρτυροῦσιν
1141 3005 1382 3070 ἅπαντες
1422 3006 1476 3060 οῖ
1514 3023 1574 3059 τε
1608 3008 1668 3059 ἐν
1701 3009 1768 3078 τῇ
1799 3007 1914 3060 Πα-

295 3101 439 3173 λαιᾷ,
471 3103 607 3156 οἵτε
640 3106 705 3157 ἐν
739 3106 815 3174 τῇ
852 3101 993 3172 Νέᾳ
1027 3097 1436 3170 διαπρέψαντες
1466 3097 1612 3166 ἅγιοι
1636 3115 1649 3127 ο
1681 3097 1776 3150 τοῦ
1805 3096 1914 3169 γὰρ

2019 636 2333 691 ctusculum
2366 637 2731 707 separabatur
2752 650 2803 692 α.
2866 638 2989 695 Vult
3035 657 3167 713 ergo
3208 641 3462 699 Salvator
3494 660 3598 699 no-

2020 733 2154 790 ster,
2183 735 2246 780 ut
2268 743 2393 783 eum
2424 745 2525 799 pro
2548 731 2838 801 signaculo
2864 733 2921 788 in
2949 734 3509 804 contemplationibus
3537 746 3593 789 et

2017 819 2075 872 in
2123 819 2439 878 actionibus
2479 824 2685 879 nostris
2725 824 3047 890 habeamus,
3081 833 3137 879 et
3185 837 3370 882 notam
3421 826 3595 896 ipsius

2019 912 2278 966 omnibus
2314 923 2430 967 tum
2483 915 2646 969 dictis
2689 922 2807 970 tum
2852 916 3016 972 iactis
3063 917 3468 986 imprimamus.
3503 916 3597 972 Sic

2018 1004 2161 1058 enim
2187 1012 2353 1060 erunt
2392 1007 2726 1062 numismata
2768 1009 2938 1079 regia,
2992 1025 3102 1064 non
3140 1011 3471 1074 adulterina,
3499 1011 3593 1068 sed

2019 1095 2226 1165 regiam
2250 1096 2544 1168 imaginem
2573 1098 2938 1167 praeferentia.
2961 1102 3076 1155 Hoc
3099 1109 3278 1156 autem
3303 1103 3398 1156 libi
3425 1103 3593 1163 factu,

2020 1187 2219 1257 inquit,
2245 1202 2354 1242 non
2389 1189 2495 1244 erit
2522 1189 2760 1255 difﬁcile,
2786 1193 2833 1247 si
2860 1207 2987 1262 erga
3023 1208 3108 1248 me
3133 1194 3432 1248 retinueris
3458 1195 3561 1246 clia
3578 1225 3590 1233 -

2020 1280 2261 1345 ritatem,
2286 1297 2306 1331 ι
2337 1296 2459 1352 quae
2485 1280 2645 1338 fortis
2671 1290 2757 1339 est
2787 1283 2868 1338 uti
2891 1299 3060 1338 mors.
3084 1304 3101 1336 ι
3123 1285 3594 1350 Quemadmodum

2019 1369 2165 1424 enim
2207 1369 2359 1435 haec,
2404 1377 2529 1439 post
2579 1369 2750 1424 latam
2798 1385 2830 1424 a
2879 1365 3208 1440 Deo‘157
3240 1371 3593 1435 sententiam,

2020 1459 2282 1515 omnibus
2315 1460 2665 1516 dominatur:
2695 1461 2778 1516 sic
2799 1462 2968 1515 etiam
2995 1462 3112 1531 ipsa
3143 1469 3368 1530 superat
3389 1463 3594 1526 omnia,

2021 1549 2158 1603 adeo
2193 1556 2254 1603 ut
2284 1557 2518 1606 mortem
2550 1551 2716 1605 etiam
2745 1551 2955 1607 vincat.
2989 1551 3217 1608 Posside
3242 1553 3406 1606 etiam
3428 1568 3596 1607 amn-

2020 1639 2300 1695 lationem.
2335 1638 2469 1706 Quae
2489 1641 2711 1711 quidem
2737 1642 2791 1696 in
2820 1651 2871 1698 te
2903 1643 2953 1699 si
2984 1643 3241 1713 viguerit,
3279 1658 3387 1697 non
3420 1645 3595 1713 patie-

2019 1729 2101 1784 ris
2132 1730 2298 1784 ullam
2331 1731 2494 1785 aliam
2517 1732 2692 1787 videri
2723 1739 2778 1788 te
2802 1735 3266 1802 praestantiorem,
3292 1742 3351 1788 ut
3378 1742 3435 1788 tu
3471 1735 3594 1804 qui-

2022 1820 2146 1875 dem
2174 1822 2374 1893 ignava
2407 1823 2711 1893 timideque
2739 1834 3045 1894 torpescas,
3077 1826 3170 1878 illa
3201 1840 3330 1880 vero
3360 1840 3598 1880 consue-

2020 1911 2210 1966 tudine
2237 1927 2358 1967 mea
2389 1913 2653 1983 potiatur.
2695 1933 2714 1964 ι
2749 1912 2896 1968 Dura
2927 1915 3075 1969 enim
3105 1924 3160 1970 et
3185 1915 3253 1969 ad
3283 1931 3597 1986 expugnan-

1989 2053 1996 2060 .
2016 2000 2147 2056 dum
2165 2001 2402 2058 diﬂicllis
2423 2011 2508 2058 est
2531 2004 2831 2070 aemulatio,
2850 2005 3079 2075 perinde
3101 2014 3263 2074 atque
3286 2005 3588 2061 infernus.»

2015 2091 2300 2148 lnl‘ernum
2329 2100 2537 2158 autem,
2561 2088 2627 2148 ex
2657 2093 2917 2164 opinione
2945 2110 3068 2165 qua:
3093 2095 3345 2161 invaluit,
3363 2110 3596 2166 usurpa-

2014 2181 2117 2244 vit,
2140 2181 2248 2236 hoc
2281 2183 2450 2236 etiam
2475 2182 2641 2236 morti
2667 2198 2868 2238 nomen
2893 2185 3206 2254 imponens.
3230 2184 3384 2240 Adeo
3411 2197 3594 2242 autem

2016 2271 2178 2328 fortis
2243 2281 2331 2329 est
2391 2273 2658 2338 charitas,
2721 2274 2850 2344 quia
2907 2275 3145 2346 primum
3177 2276 3422 2331 volucris
3455 2285 3592 2332 est:

2017 2361 2216 2438 deinde
2242 2363 2453 2419 circum
2493 2363 2612 2420 alas
2652 2378 2785 2420 suas
2815 2364 2981 2421 habet
3029 2365 3303 2421 ﬂammam
3339 2367 3507 2438 ignis,
3540 2376 3595 2424 et

2018 2436 2292 2508 scintillas
2323 2451 2660 2521 eiaculatur.
2698 2451 2841 2518 Quid
2880 2459 3088 2517 autem,
3118 2469 3242 2508 cum
3284 2436 3392 2508 tam
3436 2454 3593 2525 ignea

2017 2542 2382 2614 llammeaque
2411 2545 2509 2609 sit,
2541 2557 2606 2599 ea
2635 2545 2816 2615 possit
2845 2559 2971 2600 esse
2997 2545 3420 2603 vehementius?
3452 2561 3595 2616 prie--

2018 2636 2211 2691 sertim
2256 2650 2384 2690 cum
2434 2636 2578 2707 ignis
2616 2637 2740 2706 ejus
2790 2635 2864 2690 sit
2915 2651 2985 2691 ex
3017 2650 3084 2692 eo
3123 2651 3321 2708 genere
3359 2638 3586 2709 ignium,

2020 2729 2111 2798 qui
2148 2743 2260 2782 non
2291 2730 2766 2798 exstinguuntur?

2093 2817 2261 2873 Vens.
2289 2819 2340 2874 7.
2373 2818 2526 2890 Aqua
2551 2820 2719 2885 enim,
2767 2819 2972 2890 inquit,
3024 2820 3197 2875 multa
3244 2837 3347 2876 non
3399 2824 3590 2891 poterit

2016 2913 2348 2982 exstinguere
2374 2911 2712 2979 charitatem,
2767 2929 2862 2968 nec
2889 2914 3117 2982 ﬂumina
3153 2914 3374 2968 obruent
3417 2916 3590 2969 illam.

2019 3003 2186 3074 quue
2223 3004 2538 3059 testimonio
2572 3019 2672 3059 suo
2723 3005 3058 3060 conﬁrmant
3119 3006 3307 3060 cuncti
3341 3013 3477 3060 "tam
3535 3007 3589 3060 in

2017 3090 2225 3158 Veteri,
2261 3107 2425 3161 quam
2459 3093 2516 3148 in
2545 3090 2697 3147 Novo
2737 3093 3095 3150 Testamento
3125 3095 3416 3150 sanctitate
3447 3111 3588 3164 pras-

312 3193 547 3264 Ἀϐραὰμ
569 3195 671 3264 τὴν
700 3193 849 3264 περὶ
881 3191 1032 3246 Θεὸν
1059 3189 1308 3261 ἀγάπην,
1351 3187 1475 3244 οὔτε
1499 3190 1532 3261 ἠ
1568 3191 1626 3242 ἐν
1650 3189 1775 3260 ξένῃ
1842 3188 1913 3241 δι-

2018 3192 2233 3241 stantes
2257 3185 2383 3240 viri.
2426 3184 2563 3239 Nam
2594 3184 2830 3240 Abrahae
2869 3184 3200 3240 charitatem
3254 3199 3381 3256 erga
3421 3185 3591 3240 Deum

305 3287 503 3356 ἀγωγὴ,
525 3284 651 3339 οὔτε
671 3284 831 3354 ητοῦ
853 3282 1034 3354 λιμοῦ
1059 3282 1298 3354 ἀνάγκη,
1331 3278 1456 3333 οὔτε
1478 3282 1511 3351 ἡ
1538 3280 1636 3350 τῆς
1658 3279 1916 3348 γυναικὸς

306 3377 540 3447 ἀςπαγη,
567 3376 700 3431 οὒτε
723 3375 826 3430 τοῦ
859 3375 1067 3439 παιδὸς
1097 3376 1131 3445 ἡ
1165 3371 1527 3445 προσ-κομιδὴ,
1560 3369 1686 3424 οὔτε
1721 3371 1754 3442 ἡ
1788 3371 1917 3442 περὶ

308 3468 408 3520 τῶν
443 3469 697 3539 φρεάτων
749 3467 913 3539 μάχη
975 3466 1169 3537 ῐσχυσε
1215 3462 1553 3520 κατασϐέσαι
1578 3478 1595 3493 ·
1645 3462 1772 3517 οὔτε
1817 3461 1914 3516 τοῦ

327 3560 500 3614 Ίσαάκ
563 3561 638 3614 τά
684 3558 1096 3633 προσπεσόντα
1137 3543 1386 3628 λυπηράο
1419 3553 1543 3609 οὔτε
1573 3554 1670 3608 τοῦ
1720 3555 1916 3610 Ἰακὼϐ

317 3655 364 3703 οἱ
385 3652 648 3721 διηνεκεῖς
685 3651 876 3714 πόνοι,
909 3650 1008 3704 καὶ
1038 3650 1095 3702 αἱ
1125 3648 1215 3702 διά
1248 3648 1387 3719 βίου.
1411 3649 1616 3704 ὀδύναι.
1666 3650 1731 3702 Τί
1781 3667 1913 3718 σφο-

317 3742 558 3814 δρότερον
585 3745 701 3796 τῶν
728 3742 828 3796 τοῦ
870 3741 1076 3811 Ἰωσὴφ
1105 3740 1450 3812 πειρασμῶν,
1479 3743 1537 3806 ὃς
1564 3741 1778 3814 ἐπράθη
1809 3738 1916 3795 ὑπὸ

317 3832 577 3902 ἀδελφῶν,
625 3831 998 3904 ἀπεστερήθη
1034 3831 1094 3883 δέ
1136 3831 1344 3902 μητρὸς
1389 3834 1485 3886 καὶ
1519 3833 1726 3902 πατρὸς
1772 3835 1913 3902 ἀγα·-

318 3923 539 3993 πῶντος,
571 3925 674 3978 καὶ
719 3927 1064 3998 προγονικῆς
1089 3929 1290 3997 οἰκίας,
1316 3931 1409 3984 καὶ
1439 3931 1780 4001 ἐλευθερίας,
1819 3933 1914 3987 καὶ

321 4017 577 4088 εὐπορίας
599 4057 617 4082 ,
655 4018 952 4072 ἐδούλευσε
983 4019 1041 4072 δέ
1079 4022 1210 4093 παρ’
1249 4022 1440 4089 ἀξίαν,
1477 4024 1573 4077 καὶ
1613 4024 1757 4096 ὑπὲρ
1803 4042 1912 4079 σω-

320 4110 591 4182 ςροσῦνης
660 4113 1034 4182 συκοφαντίας
1080 4114 1300 4183 ἐγένετο
1351 4115 1762 4188 παρανάλωμα,
1817 4117 1914 4172 καὶ

313 4201 681 4274 δεσμωτηρίῳ
753 4203 1191 4274 παρεπέμπετο,
1253 4205 1350 4258 καὶ
1403 4206 1574 4276 μυρία
1648 4206 1913 4277 ὑπέμεινε

311 4294 498 4362 δεινάς
552 4295 701 4349 ἀλλά
763 4295 974 4350 τούτων
1033 4296 1291 4350 ἀπάντων
1353 4298 1388 4368 ἠ
1441 4298 1571 4368 περὶ
1623 4298 1716 4352 τὸν
1775 4297 1911 4352 Θεὸν

311 4387 503 4457 ἀγάπη
545 4387 827 4457 κρείττων
860 4387 1156 4441 ἐδείκνυτο.
1187 4388 1302 4441 Καὶ
1341 4387 1396 4440 τί
1439 4388 1522 4442 δεῖ
1563 4389 1745 4460 λέγειν
1780 4390 1912 4461 περὶ

307 4479 403 4531 τοῦ
439 4479 694 4549 μεγάλου
721 4478 991 4544 Μωσέως,
1016 4480 1112 4533 καὶ
1137 4479 1359 4534 Ἰωσυοῢ
1381 4481 1427 4514 ⁹⁰
1446 4481 1542 4534 τοῦ
1572 4481 1905 4552 στρατηγοῦ,

306 4571 403 4622 καὶ
439 4569 554 4622 τῶν
595 4570 858 4640 μεγάλων
910 4570 1207 4641 προφητῶν
1240 4573 1497 4644 Σαμουὴλ
1518 4612 1532 4636 ,
1585 4573 1681 4627 καὶ
1721 4573 1907 4639 Δαϐὶδ,

302 4660 402 4710 καὶ
451 4660 675 4724 Ἡλίου,
725 4663 822 4714 καὶ
868 4660 1216 4728 Ἐλισσαίου;
1263 4663 1329 4716 Τί
1373 4661 1748 4735 μανικώτερον
1799 4664 1910 4718 τῶν

301 4753 686 4806 Βαϐυλωνίων
726 4752 982 4821 ἐγένετο;
1023 4751 1088 4806 Τί
1125 4753 1230 4822 τῆς
1274 4755 1410 4828 ’παρ’⁴
1439 4755 1619 4808 αὐτῶν
1655 4754 1910 4823 ἐξαφθεί-

304 4861 409 4915 σης
443 4845 691 4914 καμίνου
724 4842 1146 4915 φοϐερώτερονς
1179 4842 1294 4897 ἀλλ’
1326 4844 1476 4914 ὅμως
1504 4845 1625 4898 οὐδὲ
1659 4846 1845 4918 ἐκείνη
1863 4846 1906 4878 ει

298 4937 416 4988 τῶν
448 4937 625 5006 τριιῖιν
666 4935 897 4990 ἐκείνων
923 4934 1226 5007 παιδαρίων
1246 4935 1292 4967 ⁹²
1319 4934 1512 4990 ἔσϐεσε
1556 4938 1655 5008 τῆς
1687 4937 1911 5009 ἀγάπης

298 5027 406 5096 τὴν
451 5027 657 5096 φλόγα,
693 5025 835 5080 ἀλλά
878 5025 1079 5096 μᾶλλον
1121 5027 1292 5099 αὐτὴν
1338 5027 1668 5099 ἐπύρσευσε,
1701 5028 1796 5082 καὶ
1826 5029 1909 5082 διο

303 5120 518 5188 ήγειρε.
582 5119 651 5171 Τί
704 5117 816 5172 τῶν
875 5119 1105 5171 λεόντων
1156 5119 1383 5174 ἐκείνων
1443 5119 1904 5193 φρικωδέστερον,

303 5205 383 5273 οἷς
407 5211 454 5242 ⁸³
496 5213 526 5263 ὁ
573 5211 753 5281 μέγας
786 5208 1063 5281 παρεδόθη
1108 5210 1336 5279 Δανιήλς
1387 5210 1522 5264 ἀλλὰ
1575 5213 1829 5265 κάκεῖνον
1870 5214 1903 5282 ή

305 5305 431 5374 περὶ
465 5303 561 5357 τὸν
607 5303 746 5358 Θεὸν
797 5304 992 5373 ἀγάπη
1054 5302 1425 5375 δυνατώτερον
1469 5302 1738 5375 ἀπέφηνε.
1794 5305 1906 5358 Καὶ⁵

370 5493 400 5525 ι
436 5481 614 5539 Exod.
647 5498 806 5550 xxix,
843 5484 937 5550 27,
979 5483 1082 5549 28ς
1111 5481 1275 5538 Num.
1311 5481 1586 5546 xvm,29.

2019 3292 2121 3332 nec
2151 3276 2274 3332 vitae
2304 3275 2584 3330 traductio
2605 3274 2660 3328 in
2693 3281 2842 3329 terra
2872 3274 3072 3338 aliena,
3107 3288 3287 3343 neque
3319 3274 3375 3329 in
3411 3274 3592 3344 inopia

2017 3379 2066 3427 et
2098 3369 2241 3426 fame
2266 3369 2612 3434 necessitas,
2654 3382 2834 3437 neque
2886 3367 3078 3424 uxoris
3132 3366 3364 3435 ereptio,
3415 3381 3594 3436 neque

2016 3463 2117 3518 ﬁlii
2146 3462 2376 3526 ablatio,
2407 3475 2590 3530 neque
2621 3459 2691 3515 de
2736 3457 2920 3529 puteis
2971 3459 3256 3513 contentio
3287 3458 3468 3526 potuit
3497 3473 3592 3512 ex-

2019 3556 2336 3624 stinguere;
2364 3567 2544 3623 neque
2570 3551 2744 3606 Isaaci
2775 3550 3100 3605 charitatem
3141 3549 3431 3612 molestiae,
3461 3549 3592 3619 qni-

2015 3647 2120 3702 bus
2142 3646 2380 3700 aﬂlictus
2409 3643 2550 3710 fuit;
2587 3656 2766 3713 neque
2798 3640 3125 3696 charitatem
3161 3639 3349 3694 Jacobi
3383 3639 3592 3694 assidui

2017 3741 2238 3796 labores
2275 3749 2330 3794 et
2352 3738 2577 3793 dolores
2597 3736 2746 3790 vitae.
2777 3732 2920 3800 Quid
2943 3731 3166 3802 Iosephi
3193 3731 3593 3788 tentationibus

2016 3832 2244 3888 acrius?
2274 3830 2368 3900 qui
2399 3844 2430 3883 a
2460 3828 2724 3883 fratribus
2754 3825 3010 3882 venditus
3041 3836 3144 3887 est,
3175 3834 3231 3879 et
3275 3825 3594 3896 parentibus

2017 3940 2048 3979 a
2078 3923 2281 3993 quibus
2315 3921 2675 3990 diligebatur,
2706 3923 2763 3972 et
2795 3917 3063 3986 majorum
3095 3930 3320 3970 suorum
3345 3916 3592 3986 privatus

2015 4026 2099 4074 est
2122 4017 2310 4078 domo,
2346 4023 2401 4069 et
2438 4014 2715 4077 libertate,
2747 4018 2802 4065 et
2828 4008 3088 4072 fortunis,
3122 4016 3176 4062 et
3203 4009 3426 4078 indigne
3465 4023 3587 4065 ser-

2014 4110 2170 4173 vivit,
2196 4115 2250 4162 et
2278 4105 2556 4176 pudicitiae
2585 4102 2870 4173 praemium
2903 4100 3233 4155 calumniam
3266 4101 3490 4167 retulit,
3538 4110 3594 4157 et

2016 4201 2070 4255 in
2100 4212 2380 4254 carcerem
2403 4196 2692 4265 conjectus
2714 4201 2820 4258 est,
2845 4199 2902 4246 et
2936 4191 3290 4246 incommoda
3330 4193 3593 4247 sustinuit

2017 4287 2474 4352 innumerabilia,
2528 4285 2732 4356 quibus
2793 4291 2975 4336 tamen
3036 4281 3293 4336 omnibus
3344 4282 3591 4338 cliaritas

2014 4384 2136 4454 ejus
2188 4395 2317 4451 erga
2381 4378 2551 4432 Deum
2615 4373 2897 4446 splenduit
2946 4373 3234 4428 illustrior.
3269 4373 3469 4442 Atque,
3527 4384 3588 4430 ut

2019 4475 2182 4546 158
2210 4486 2466 4543 magnum
2491 4468 2701 4533 Mosen,
2735 4477 2789 4522 et
2821 4465 3044 4522 Josuain
3077 4467 3490 4534 imperatorem,
3514 4474 3570 4522 et

2023 4569 2256 4624 eximios
2277 4564 2568 4636 prophetas
2595 4559 2996 4627 Samuelem,et
3014 4557 3298 4620 Davidem,
3318 4566 3370 4612 et
3395 4557 3592 4622 Eliam,

2018 4670 2072 4716 et
2100 4659 2353 4714 Elisacnm
2388 4654 2608 4710 silentio
2654 4659 3066 4722 praetereamus,
3095 4648 3230 4718 quid
3267 4646 3584 4720 Babyloniis

2018 4735 2316 4807 immanius
2337 4763 2579 4816 unquam
2608 4744 2748 4798 fuit?
2767 4742 2911 4809 Quid
2952 4742 3169 4796 camino
3207 4739 3353 4810 ignis
3380 4740 3459 4805 ab
3487 4738 3591 4796 illis

2017 4843 2246 4898 incenso
2292 4836 2738 4894 formidabilins?
2791 4834 3048 4888 Attamen
3105 4847 3173 4886 ne
3239 4831 3332 4886 ille
3371 4830 3590 4899 quidem

2018 4935 2182 4991 trium
2232 4930 2587 5003 puerulorum
2644 4924 2912 4983 exstinxit
2958 4923 3312 4984 cliaritatem,
3343 4920 3438 4976 sed
3470 4936 3590 4976 eam

2017 5027 2192 5097 magis
2247 5021 2512 5083 incendit,
2569 5027 2737 5088 atque
2768 5015 3057 5072 excitavit.
3094 5011 3238 5079 Quid
3295 5011 3588 5068 leonibus'

2017 5120 2147 5183 illis,
2189 5117 2391 5188 quibus
2422 5114 2620 5169 beatus
2655 5109 2847 5165 Daniel
2893 5107 3152 5177 objectus
3195 5113 3304 5170 est,
3348 5103 3589 5160 saevius?

2015 5211 2084 5265 At
2118 5209 2270 5264 illum
2304 5219 2524 5278 quoque
2566 5202 2809 5259 Charitas
2835 5215 2964 5270 erga
3009 5198 3178 5254 Deum
3224 5196 3466 5252 reddidit
3497 5213 3582 5268 po-

2015 5303 2322 5359 tentiorem.
2381 5297 2645 5368 Denique,
2677 5303 2734 5351 ut
2763 5301 2988 5351 sanctos
3044 5291 3186 5346 alios
3210 5289 3324 5361 jam
3361 5296 3582 5360 prazter-

1633 5634 1870 5691 vauue
1911 5631 2321 5691 LECTIONES.
2410 5598 2415 5606 ’

364 5821 408 5854 ⁹⁶
427 5821 554 5884 Cod.
595 5823 796 5885 Ἰησοῦ.

880 5819 929 5854 ἰ
960 5813 1102 5872 Cod.
1136 5811 1272 5864 ἐκεῖ.
1347 5812 1393 5842 θ’
1423 5808 2043 5878 παιδκρίων-ἐκείνων,
2075 5807 2199 5864 Des.
2227 5807 2280 5864 in
2307 5807 2428 5864 cod.
2511 5805 2556 5840 ’³
2579 5800 2680 5869 οἷς.
2703 5802 2839 5875 (10d.
2869 5817 3056 5875 praem.
3086 5803 3161 5854 tv.
