4076 6408
549 399 652 454 207

1564 399 2052 458 THEODORETI
2081 399 2421 463 EPISCOPI
2453 403 2818 467 CYRENSIS

3687 415 3791 481 208

551 518 786 580 mittam,
819 511 971 566 solus
1011 510 1204 565 beatus
1228 509 1435 564 Paulus
1460 510 1598 564 satis
1631 511 1736 564 erit
1773 511 1841 564 ad
1872 511 2115 566 indican-

2222 515 2308 568 ἵνα
2333 517 2458 581 τοὺς
2485 517 2679 580 ἀλλους
2712 517 2898 586 ἁγίους
2937 514 3029 570 ἐπὶ
3051 515 3146 570 τοῦ
3187 517 3456 590 παρόντος
3488 522 3789 592 καταλίπω,

549 608 677 660 dam
734 603 896 658 nobis
949 603 1055 655 vim
1109 602 1424 662 cbaritatis.
1473 601 1674 670 quippe
1731 601 1826 671 qui
1884 602 2121 657 maxime

550 697 794 748 omnium
821 694 969 747 illam
988 699 1244 758 expertus
1267 697 1372 744 est.
1401 709 1419 741 ι
1439 691 1574 756 Quis
1596 693 1742 745 enim
1768 708 1894 755 nos,
1919 693 2119 762 inquit,

551 787 832 858 separabit
861 801 891 836 a
944 783 1212 836 cbaritate
1255 781 1463 836 Christi
1490 784 1513 836 ?
1554 784 1842 838 tribulatio
1863 785 1888 837 ?
1921 799 1989 838 an
2021 800 2122 838 an-

547 877 776 950 gustia?
803 891 871 928 an
908 874 1222 943 persecutio
1248 873 1270 926 ?
1304 888 1372 927 an
1413 873 1624 929 fames?
1652 890 1721 929 an
1750 876 1974 930 nuditas
1997 877 2022 929 Ἰ
2050 892 2120 930 an

550 963 883 1034 periculum?
915 977 983 1014 an
1016 961 1265 1028 gladius?
1314 960 1468 1016 Sicut
1496 963 1767 1032 scriptum
1828 971 1949 1018 est:
1983 962 2122 1016 Pro-

547 1063 669 1126 pter
722 1062 774 1109 te
807 1053 971 1106 morti
1010 1052 1285 1105 tradimur
1329 1060 1446 1106 toto
1489 1053 1600 1116 die,
1637 1057 1875 1123 reputatl
1925 1069 2121 1109 sumus

546 1148 693 1203 sicut
721 1160 852 1200 oves
888 1143 1206 1198 occisionis.
1247 1143 1353 1198 Sed
1382 1144 1437 1198 in
1466 1144 1553 1199 his
1592 1147 1872 1211 omnibus,
1917 1147 2116 1214 inquit,

542 1240 771 1294 omnino
804 1251 1132 1306 superamus
1161 1244 1383 1304 prapter
1429 1233 1747 1301 Christum,
1779 1235 1876 1305 qui
1926 1235 2119 1290 dilexit

545 1341 649 1380 nos
673 1325 722 1378 δ.
763 1344 782 1376 ι
816 1323 942 1378 Haec
979 1324 1146 1392 igitur
1194 1323 1392 1377 idonea
1426 1333 1555 1377 sunt
1586 1323 1654 1377 ad
1700 1323 1989 1379 cbaritatis
2040 1323 2122 1377 vi—

544 1419 780 1473 ctoriam
824 1413 1335 1472 demonstrandam.
1385 1412 1586 1469 Verum
1617 1430 1680 1469 ea
1704 1454 1720 1479 ,
1771 1431 1891 1485 qua:
1923 1417 2121 1472 subsc-

543 1516 818 1580 quuntur,
870 1507 1150 1560 celebrant
1207 1515 1368 1575 atque
1419 1507 1688 1560 extollunt
1738 1506 1885 1560 illam
1946 1508 2120 1561 multo

543 1603 775 1655 clarius.
808 1598 1046 1668 Subjicit
1082 1597 1228 1652 enim
1256 1613 1271 1651 :
1305 1615 1323 1646 ι
1360 1594 1555 1651 Certus
1587 1597 1731 1650 enim
1762 1611 1884 1652 sum
1914 1596 2030 1652 fore
2061 1606 2119 1652 ut

545 1706 723 1759 neque
741 1705 911 1754 mors,
950 1704 1131 1757 neque
1154 1688 1289 1752 vita,
1317 1702 1499 1756 neque
1541 1688 1743 1758 angeli,
1788 1703 1968 1759 neque
2009 1689 2119 1742 vir-

544 1791 713 1841 tutes,
761 1793 937 1848 neque
989 1777 1246 1843 altitudo,
1305 1793 1480 1848 neque
1531 1778 1890 1848 profundum,
1936 1794 2116 1849 neque

2223 607 2438 678 ἀπόχρη
2466 609 2561 661 καὶ
2597 609 2758 679 μόνος
2786 609 2815 660 ὁ
2850 609 3118 679 μακάριος
3157 608 3369 674 Παῦλος
3395 610 3600 676 διδάξαι
3627 615 3794 686 αὐτῆς

2220 699 2320 770 τὴν
2367 701 2520 769 ἰσχὺν
2555 739 2570 764 ,
2613 700 2709 754 ἅτε
2747 701 2813 770 δὴ
2855 700 3074 754 πάντων
3119 700 3358 770 μάλιστα
3403 705 3598 775 πεῖραν
3625 706 3796 778 αὐτῆς

2221 788 2476 859 εἰληφώς.
2512 809 2530 840 ι
2578 791 2673 852 Τίς
2701 791 2808 861 γὰρ
2838 791 2985 860 ἡμᾶς
3023 791 3247 862 χωρίσει
3272 831 3286 856 ,
3322 793 3487 864 φησὶν
3513 833 3527 859 ,
3557 795 3667 848 ἀπὸ
3695 797 3794 870 τῆς

2219 882 2443 952 ἀγάπης
2494 881 2590 936 τοῦ
2647 882 2926 954 Χριστοῦ;
2988 882 3204 952 θλίψιςς
3255 884 3289 955 ἢ
3345 889 3707 958 στενοχωρίας
3755 891 3790 961 ἢ

2220 971 2488 1041 διωγμός;
2520 973 2553 1044 ἢ
2580 972 2775 1043 λιμό;;
2814 973 2847 1043 ἢ
2886 973 3194 1043 γυμνότης;
3231 973 3264 1044 ἢ
3302 974 3578 1042 κίνδυνος,
3617 978 3650 1047 ἢ
3690 979 3793 1048 p6.“-

2221 1076 2425 1130 χαιρα;
2457 1060 2639 1124 καθὼς
2668 1061 2999 1132 γέγραπται,
3037 1063 3261 1116 Ἕνεκέν
3289 1080 3384 1117 σου
3417 1063 3793 1138 θανατούμεθα

2220 1150 2347 1219 ὃλην
2372 1154 2472 1220 τὴν
2503 1151 2735 1222 ἡμέραν,
2768 1151 3132 1223 ἐλογίσθημεν
3159 1151 3234 1217 ὡς
3265 1155 3514 1227 πρόϐατα
3547 1161 3792 1230 σφαγῆςε

2221 1239 2335 1292 ἀλλ’
2369 1242 2426 1294 έν
2470 1241 2680 1304 τούτοις
2731 1243 2900 1308 πᾶσι,
2929 1244 3095 1313 φησὶν
3115 1281 3134 1310 ,
3161 1245 3546 1317 ὑπερνικῶμεν
3570 1247 3660 1302 διὰ
3699 1250 3794 1304 τοῦ

2221 1332 2608 1402 ἀγαπήσαντος
2654 1335 2800 1403 ἡμᾶς
2846 1335 3104 1405 Χριστοῦ.
3144 1355 3162 1388 ι
3217 1336 3403 1391 Ἱκανὰ
3436 1338 3536 1408 μὲν
3574 1334 3668 1393 οὖν
3699 1341 3796 1394 καὶ⁵

2219 1423 2392 1476 ταῦτα
2427 1423 2595 1488 δείξαι
2644 1426 2744 1495 τῆς
2791 1427 3013 1496 ἀγάπης
3060 1430 3159 1499 τὴν
3192 1429 3389 1499 νίκην·
3440 1414 3609 1484 τάδδὲ
3653 1433 3796 1503 μετά

2219 1514 2394 1569 ταῦτα
2425 1516 2758 1588 σαφέστερον
2786 1518 2992 1590 ταύτην
3011 1520 3058 1552 ³⁸
3087 1519 3365 1592 κηρύττει.
3397 1519 3620 1591 Ἐπάγει
3642 1524 3753 1594 γάρ
3778 1541 3794 1555 ο

2223 1624 2246 1659 ι
2279 1608 2587 1679 Πέπεισμαι
2626 1611 2732 1681 γὰρ
2759 1611 2842 1664 ὃτι
2884 1610 3009 1665 οὔτε
3041 1611 3290 1680 θάνατος,
3324 1612 3447 1668 οὗτε
3483 1614 3631 1687 ζωὴ,
3668 1616 3796 1670 οὔτε

2218 1701 2464 1770 ἄγγελοι,
2501 1701 2623 1755 οὔτε
2654 1703 2932 1774 δυνάμεις,
2963 1704 3086 1758 οὕτε
3117 1705 3270 1776 ῦψος,
3298 1704 3423 1759 οὔτε
3459 1706 3638 1777 βάθος,
3669 1707 3797 1763 οὔτε

2219 1807 2305 1853 τις
2340 1791 2514 1856 κτίσις
2561 1791 2719 1864 ἑτέρα
2757 1794 3044 1865 δυνήσεται
3093 1798 3242 1865 ἡμᾶς
3295 1796 3528 1867 χωρίσαι
3557 1798 3664 1852 ἀπὸ
3693 1799 3798 1869 τῆς

541 1874 651 1925 ulla
683 1873 787 1924 alia
825 1877 1078 1924 creatura
1116 1869 1294 1938 possit
1337 1884 1441 1923 nos
1492 1885 1747 1939 separare
1778 1885 1808 1923 ο
1843 1872 2115 1924 charitate

2223 1849 2443 1953 ἀγάπης
2468 1849 2562 1935 τοῦ
2592 1849 2749 1947 Θεοῦ,
2777 1849 2888 1955 τῆς.
2925 1887 2982 1938 ἐν
3018 1849 3240 1958 Χριστῷ
3282 1849 3457 1958 ’ἵησοῦ

541 1963 664 2024 Dei,
707 1977 831 2031 quae
861 1968 947 2015 est
978 1961 1031 2013 in
1057 1958 1283 2014 Christo
1317 1960 1550 2014 Domino
1580 1971 1771 2016 nostro
1803 1971 1852 2015 ο.
1899 1979 1917 2010 ι
1937 1959 2116 2030 thue

541 2054 820 2115 ostendat,
852 2065 976 2106 eam
1007 2067 1132 2108 esse
1163 2066 1343 2105 rerum
1375 2053 1622 2106 omnium
1654 2060 1769 2106 tum
1789 2068 1914 2122 qua
1943 2053 2118 2107 oculis

541 2154 901 2215 usurpantur,
948 2153 1064 2197 tum
1113 2157 1234 2212 quae
1266 2143 1564 2198 invisibilia
1612 2152 1765 2210 sunt,
1797 2145 2118 2215 potentissi-

540 2254 707 2300 mam,
740 2237 920 2291 verbis
951 2235 1160 2305 efﬁngit
1206 2243 1520 2290 creaturam
1547 2251 1672 2306 quae
1701 2252 1805 2290 non
1835 2245 2038 2301 exstat,
2064 2247 2118 2291 ct

541 2330 704 2400 159
736 2344 861 2383 cum
897 2329 991 2382 illa
1029 2334 1313 2397 comparat
1342 2327 1670 2382 charitatem
1731 2327 1850 2394 Dei,
1886 2329 2118 2383 demon-

537 2432 790 2491 stratque
816 2421 960 2474 hanc
990 2431 1115 2473 esse
1148 2417 1450 2473 fortiorem.
1484 2417 1679 2472 Merito
1715 2419 1904 2488 itaque
1943 2433 2116 2488 spon-

537 2528 634 2568 sus
659 2552 672 2572 .
709 2529 729 2562 ι
761 2513 915 2580 Aqua
943 2507 1139 2568 multa,
1171 2507 1374 2576 inquit,
1395 2522 1503 2562 non
1535 2508 1740 2577 poterit
1759 2509 2118 2578 exstinguere

535 2604 888 2668 charitatem,
937 2613 991 2656 et
1026 2603 1254 2656 flumina
1292 2615 1406 2654 non
1435 2600 1672 2654 obruent
1715 2601 1885 2656 illam.
1923 2599 1982 2655 Si
2021 2600 2119 2656 de-

533 2695 677 2749 derit
717 2694 802 2745 vir
845 2708 1042 2747 omnes
1074 2706 1206 2762 opes
1263 2705 1395 2745 suas
1435 2689 1491 2744 in
1523 2689 1826 2756 cbaritate,
1869 2698 2116 2746 contem-

535 2786 720 2840 nendo
746 2791 1100 2839 contemnant
1133 2798 1279 2838 eum.
1323 2800 1343 2834 ι
1374 2782 1479 2849 Qui
1510 2784 1718 2836 victum
1766 2797 1830 2838 ac
1865 2783 2115 2840 fortunas

525 2877 782 2948 profudit
832 2887 933 2944 pro
989 2875 1283 2938 charitate,
1337 2889 1462 2927 eum
1523 2883 1880 2928 contemnent
1917 2875 1979 2940 ii,
2019 2877 2113 2946 qui

535 2978 666 3026 sunt
692 2967 964 3022 charitate
1005 2966 1227 3036 spoliati
1264 2978 1331 3018 ac
1382 2964 1539 3018 nudi.
1576 2963 1944 3030 Quamobrem
1988 2966 2116 3021 bea-

519 3068 624 3114 Atus
641 3059 847 3114 Paulus
867 3059 1089 3113 dicebat
1112 3077 1126 3113 :
1153 3075 1172 3108 ι
1199 3054 1602 3118 Maledicimur,
1620 3062 1676 3110 et
1701 3056 2110 3112 benedicimus:

2222 1977 2255 2046 η
2264 1975 2399 2045 μῶν.
2436 1996 2456 2028 ›
2485 1978 2594 2030 Kal
2617 1977 2706 2031 ἵνα
2721 1979 2766 2010 ⁸⁸
2792 1978 2939 2051 δείξῃ
2973 1980 3189 2035 πάντων
3213 1980 3380 2051 αὐτὴν
3398 1980 3796 2053 δανατωτέραν,

2220 2068 2315 2120 καὶ
2346 2069 2456 2122 τῶν
2483 2070 2798 2141 ὁρωμένων,
2833 2071 2929 2124 καὶ
2966 2071 3072 2124 τῶν
3099 2072 3368 2143 ἀοράτων,
3401 2074 3502 2144 τὴν
3526 2073 3602 2144 μὴ
3628 2069 3799 2128 οὖσαν

2221 2157 2398 2211 κτίσιν
2428 2159 2829 2215 ἀναπλάττεται
2853 2161 2934 2232 τῷ
2962 2161 3127 2233 λόγῳ,
3153 2163 3250 2216 καὶ
3277 2163 3446 2235 ταύτῃ
3473 2166 3634 2219 πάλιν
3659 2182 3802 2240 παρ-

2219 2252 2497 2318 εξετάζει,
2543 2256 2640 2309 καὶ
2681 2256 2924 2311 δείκνυσι
2960 2257 3166 2330 ταύτης
3216 2259 3316 2328 τὴν
3354 2259 3482 2330 περὶ
3523 2260 3615 2313 τὸν
3661 2259 3799 2315 Θεὸν

2217 2342 2438 2411 ἀγάπην
2472 2345 2844 2416 ίσχυροτέραν.
2880 2347 3118 2411 Εἰκότως
3151 2348 3330 2402 τοίνυν
3362 2351 3391 2402 6
3425 2351 3654 2419 νυμφίος
3688 2366 3800 2421 φη·

2219 2433 2305 2484 σίν
2329 2449 2342 2462 ·
2377 2450 2397 2483 ι
2436 2432 2620 2503 ’Υδωρ
2651 2433 2784 2488 πολὺ
2814 2435 2876 2488 ού
2903 2436 3189 2508 δυνήσεται
3215 2438 3406 2494 σϐέσαι
3428 2440 3529 2510 τὴν
3551 2441 3797 2512 ἀγάπην,

2218 2522 2314 2576 καὶ
2356 2524 2592 2594 ποταμοὶ
2629 2526 2692 2578 οῦ
2730 2525 3126 2594 συγκλύσουσιν
3157 2529 3348 2599 αὐτὴν.
3388 2529 3515 2582 Ἐὰν
3540 2529 3614 2600 δῷ
3654 2530 3802 2604 ἀνὴρ

2219 2614 2398 2669 πάντα
2454 2615 2546 2668 τὸν
2599 2615 2712 2685 βίον
2751 2617 2920 2670 αὐτοῦ
2967 2618 3026 2671 ὲν
3063 2621 3130 2691 τῇ
3187 2619 3376 2690 ἀγάπῃ
3399 2659 3413 2682 ,
3445 2619 3800 2686 ἐξουδενὼσει

2219 2705 2576 2769 ὲξουδενώσου
2583 2724 2665 2760 σιν
2683 2707 2866 2765 αὐτόν.
2882 2727 2900 2760 I
2921 2709 2976 2762 Ἐ
2983 2709 3212 2773 ξουδενὼ
3219 2728 3308 2764 σου
3317 2729 3368 2764 σι
3387 2711 3444 2765 δὲ
3455 2712 3546 2766 τὸν
3559 2713 3741 2767 πάντα
3753 2715 3799 2746 ⁹⁶

2219 2797 2333 2867 βίον
2359 2799 2416 2852 ὲν
2446 2801 2512 2870 τῇ
2547 2799 2734 2872 ἀγάπῃ
2758 2799 2969 2855 διδόντα
2989 2803 3037 2856 oi
3068 2804 3168 2874 τῆς
3187 2802 3409 2875 ἀγάπης
3437 2805 3801 2876 ἐστερημένοι

2216 2889 2312 2942 καὶ
2337 2892 2756 2961 γεγυμνωμένοι
2777 2908 2789 2920 ·
2829 2892 2910 2946 διὸ
2953 2895 3046 2947 καὶ
3073 2896 3102 2948 ό
3149 2894 3418 2966 μακάριος
3451 2895 3603 2965 ἔλεγε
3646 2897 3803 2950 Παῦ-

2213 2979 2308 3044 -λος
2333 2994 2348 3009 ⁸
2385 2999 2404 3032 ‹
2444 2981 2857 3053 Λοιδορούμενοι
2903 2984 3270 3055 εὐλογοῦμεν,
3321 2986 3641 3055 διωκόμενοι
3697 2989 3800 3042 ἀν-

2216 3073 2485 3143 εχόμεθα,
2529 3073 3009 3146 βλασφημούμενοι
3041 3076 3486 3148 παρακαλοῦμεν,
3525 3079 3601 3143 ὥς
3644 3093 3804 3152 περι-

530 3149 970 3218 persecutionem
1018 3148 1287 3219 patimur,
1336 3155 1391 3202 et
1421 3148 1804 3202 sustinemus:
1853 3148 2108 3220 blasphe-

2217 3163 2544 3234 καθάρματα
2591 3165 2685 3218 τοῦ
2731 3167 2938 3236 κόσμου
2975 3167 3348 3239 ἐγενήθημεν,
3387 3169 3604 3225 πάντων
3635 3148 3801 3242 περί-

519 3255 770 3305 mamur,
828 3247 885 3294 et
940 3239 1359 3293 obsecramus:
1426 3246 1685 3307 tanquam
1751 3249 2110 3309 purgamenta

528 3331 699 3401 hujus
717 3329 909 3384 mundi
941 3328 1073 3383 facti
1093 3344 1311 3393 sumus,
1330 3329 1575 3382 omnium
1604 3329 1918 3398 quisquilia:
1939 3344 2110 3399 usque

528 3422 598 3474 ad
637 3422 739 3474 hoc
771 3429 995 3489 tempus
1017 3418 1068 3472 ά.
1096 3437 1114 3470 ι
1151 3418 1208 3474 id
1241 3419 1389 3474 enim
1420 3417 1672 3488 profecto
1709 3419 1982 3490 contingit
2007 3421 2107 3484 iis,

526 3512 623 3580 qui
645 3510 928 3580 vertigine
963 3518 1258 3574 vexantur,
1295 3515 1376 3575 ut,
1419 3523 1544 3563 cum
1573 3509 1681 3578 ipsi
1719 3510 1944 3564 minime
1973 3525 2109 3564 con-

526 3604 756 3665 sistant,
787 3601 978 3656 omnia
1007 3607 1190 3656 tamen
1221 3601 1431 3656 moveri
1465 3608 1678 3672 putent.
1704 3603 1782 3656 lIa
1817 3604 2109 3660 cbaritatis

525 3703 787 3762 expertes
844 3692 914 3747 iis
940 3692 1034 3761 qui
1071 3691 1343 3747 chari‘tate
1369 3700 1504 3748 sunt
1534 3695 1772 3763 praediti,
1820 3703 1880 3750 ut
1924 3698 2110 3752 stultis

527 3791 695 3851 atque
719 3780 1115 3850 insipientibus
1142 3781 1465 3836 detrahunt.
1495 3783 1653 3849 Quod
1670 3791 1864 3838 tamen
1891 3793 2108 3839 tantum

525 3875 682 3930 abest
721 3882 780 3928 ut
823 3872 1029 3928 olIiciat
1075 3873 1358 3941 charitati,
1395 3887 1454 3930 ut
1499 3890 1622 3930 eam
1669 3875 1866 3930 reddat
1911 3877 2111 3932 ardcn-

527 3965 745 4019 tiorem.
770 3964 1021 4034 Apostoli
1051 3966 1405 4020 contumeliis
1439 3965 1626 4021 allecti
1668 3966 2065 4022 benedicebant
2093 3986 2106 4022 :

526 4052 710 4107 vexati
755 4053 1049 4109 calumniis
1086 4053 1496 4108 obsecrabant:
1550 4063 1605 4109 et
1658 4069 1784 4109 cum
1817 4056 2108 4111 existima-

525 4150 718 4198 rentur
765 4145 926 4213 quasi
953 4153 1304 4200 excrementa
1328 4146 1544 4209 mundi,
1564 4162 1624 4202 se
1651 4149 1898 4204 omnium
1930 4149 2110 4206 adhuc

523 4251 648 4291 esse
679 4236 924 4291 illuviem
956 4245 1011 4291 et
1043 4237 1237 4292 sordes
1269 4237 1615 4292 fatebantur.

595 4327 766 4382 Vnns.
794 4327 850 4391 8,
873 4327 940 4383 .9.
973 4327 1138 4383 Soror
1165 4339 1353 4383 nostra
1390 4345 1579 4398 parva,
1605 4340 1654 4385 et
1684 4332 1848 4386 ubera
1878 4351 1981 4388 non
2013 4335 2110 4388 ha-

2211 3253 2374 3324 ψημα
2402 3254 2508 3318 ἓως
2534 3256 2680 3326 ἄρτι.
2715 3275 2736 3307 ι
2769 3258 2878 3310 Καὶ
2913 3257 3022 3328 γὰρ
3063 3258 3142 3329 τῷ
3177 3259 3295 3313 ὄντι
3326 3261 3485 3314 τοῦτο
3515 3262 3621 3316 τῶν
3651 3264 3802 3333 ίλιγ-

2211 3344 2454 3412 γιώντων
2471 3347 2514 3377 ³⁷
2555 3346 2615 3398 τὸ
2644 3347 2816 3407 πάθος
2838 3364 2853 3378 ·
2881 3349 3038 3402 αὐτοὶ
3077 3349 3188 3422 γὰρ
3210 3351 3262 3404 οἱ
3293 3352 3368 3423 μὴ
3395 3351 3802 3424 καθεστηκότες

2212 3438 2603 3506 περιδινεῖσθαι
2638 3439 2816 3493 πάντα
2864 3441 3180 3510 νομίζουσιν
3208 3459 3224 3475 ο
3283 3441 3428 3498 οὕτω
3470 3445 3564 3498 καὶ
3599 3447 3648 3498 οἱ
3693 3447 3803 3516 τῆς

2211 3529 2435 3599 ἀγάπης
2457 3531 2814 3600 ἐστερημένοι
2852 3530 2978 3595 τοὺς
3009 3532 3109 3603 τῆς
3141 3533 3362 3606 ἀγάπης
3388 3535 3684 3607 τροφίμους
3722 3539 3804 3602 ὡς

2209 3621 2476 3690 ἀνοήτους
2541 3621 2928 3692 ἐϐλασφήμουν
2976 3625 3070 3677 καὶ
3114 3624 3377 3696 ἄφρονας.
3447 3627 3586 3681 Ἀλλ’
3639 3630 3804 3700 ὅμως

2210 3711 2514 3766 οὐδὲτοῦτο
2550 3714 2647 3790 τῂν
2671 3714 2895 3786 ἀγάπην
2921 3715 3248 3786 ἐλυμήνατο,
3285 3717 3423 3771 ἀλλά
3465 3718 3560 3772 καὶ
3601 3718 3806 3790 θερμο-

2210 3801 2377 3872 τέραν
2409 3804 2722 3873 είργάσατο.
2763 3806 3182 3878 Λοιδορούμενοι
3225 3809 3274 3861 οί
3313 3808 3601 3863 ἀπόστολοι
3630 3811 3803 3880 ηὐλό-

2210 3910 2362 3962 γουν,
2399 3897 2492 3946 καὶ
2521 3895 3006 3968 βλασφημούμενοι
3030 3899 3400 3970 παρεκάλουν,
3431 3901 3527 3955 καὶ
3548 3901 3804 3974 ὡσπερεὶ

2211 3985 2546 4054 καθάρματα
2574 3985 2668 4039 τοῦ
2696 3986 2903 4057 κόσμου
2944 3988 3250 4060 γενόμενοι,
3279 3989 3464 4060 ἔλεγον
3491 3984 3632 4046 εἶναι
3653 3992 3806 4046 πάν-

2209 4095 2317 4132 των
2352 4080 2638 4151 περίψημα
2664 4080 2769 4145 ἕως
2793 4081 2998 4153 ἄρτι⁹⁸.

2282 4342 2352 4414 η’,
2386 4345 2450 4398 θ’.
2499 4343 2759 4415 Ἀδειίφὴ
2791 4347 2963 4416 ἡμῶν
2991 4348 3195 4418 μικρὰ,
3235 4352 3337 4405 καί
3372 4353 3646 4421 μαστοὺς
3674 4357 3806 4412 οὐκ

523 4417 626 4472 bet.
653 4418 794 4484 Quid
849 4418 1105 4486 faciemus
1156 4421 1333 4474 sorori
1377 4431 1576 4474 nostra:
1598 4419 1616 4439 ⁶
1636 4423 1722 4476 die
1751 4440 1855 4492 quo
1883 4427 2106 4478 verbum

2217 4435 2334 4504 ἔχει
2358 4454 2371 4466 ·
2408 4437 2466 4488 τί
2497 4436 2893 4506 ποιήσομενη
2924 4417 3001 4509 τῆ
3021 4417 3258 4511 ἀδελφῇ
3288 4417 3457 4512 meo,»
3479 4445 3550 4498 ἐν
3578 4417 3802 4515 ἡμέρᾳ,

523 4508 725 4578 factum
768 4509 927 4578 fuerit
960 4510 1029 4562 ad
1069 4513 1236 4566 eam?
1269 4510 1332 4565 Si
1379 4528 1564 4566 murus
1612 4523 1728 4579 est,
1782 4515 2105 4586 a‘diﬁ-cemus

2217 4529 2232 4557 ¹
2258 4527 2326 4579 ἐν
2351 4520 2391 4598 ᾗ
2417 4525 2494 4578 ἂν
2516 4527 2761 4596 λαληθῇ
2786 4529 2943 4598 αὐτῇ
3013 4534 3081 4585 El
3103 4507 3301 4603 nix—dc
3315 4507 3520 4600 ἔστιν,
3559 4507 3806 4594 οἷκοδςιτλ

522 4613 676 4668 super
705 4616 823 4653 eam
851 4601 1250 4670 propugnacula
1277 4610 1547 4670 argentea.
1585 4601 1646 4658 Si
1665 4605 1840 4675 janua
1882 4617 1982 4673 est,
2013 4609 2108 4662 de-

2217 4614 2502 4682 μήσωμεν
2525 4615 2618 4666 ἐπ’
2649 4615 2846 4684 αὐτὴν
2867 4619 2887 4649 ¹
2909 4601 3200 4686 ἐπάλξεις(
3215 4601 3485 4692 ἂργυρᾶς
3513 4642 3526 4657 ·
3559 4628 3612 4679 εί
3641 4628 3808 4695 θύρα

524 4691 823 4746 scribamus
850 4707 1007 4759 super
1041 4707 1160 4745 eam
1203 4691 1444 4746 tabulam
1477 4693 1770 4749 cedrinam.
1809 4698 1997 4752 Sancti
2029 4698 2106 4754 illi

2217 4703 2365 4768 ἐστί,
2399 4703 2818 4776 διαγράφωμεν
2840 4709 2860 4740 ³
2885 4709 2978 4764 ἐπ’
3007 4712 3205 4780 αὐτὴν
3229 4691 3453 4768 σανίδα
3479 4691 3802 4787 κεδρίνῆν.

525 4785 828 4852 praphete,
875 4784 971 4852 qui
1018 4785 1077 4837 in
1125 4781 1310 4838 Veteri
1359 4782 1716 4841 Testamento
1764 4787 2106 4855 claruerunt,

2228 4795 2500 4866 Ἡγοῦμαι
2525 4799 2650 4862 τοὺς
2679 4800 2871 4867 ἁγίους
2904 4803 3210 4875 προφήτας,
3243 4807 3371 4870 τοὺς
3403 4807 3463 4860 ὲν
3483 4811 3549 4879 τῇ
3578 4781 3809 4882 fialan

523 4888 648 4926 cum
674 4886 938 4942 sponsam
967 4874 1250 4942 spirituali
1304 4873 1466 4946 130
1514 4883 1678 4931 astate
1712 4879 2019 4948 parvulam,
2054 4891 2108 4934 et

2217 4889 2616 4960 διαπρέψαντας
2639 4932 2653 4954 ,
2687 4892 2749 4946 τὸ
2798 4893 2972 4966 βραχὺ
3021 4873 3120 4966 τῆς
3164 4873 3548 4971 πνευματικῆς.
3573 4873 3811 4972 ἡλικίας

522 4964 740 5033 papillis
771 4962 1114 5034 imperfectis
1147 4964 1327 5020 adhuc
1365 4975 1530 5036 atque
1577 4967 1880 5024 reconditis
1914 4984 2105 5026 cerne-

2217 4979 2311 5047 τῆς
2338 4979 2554 5050 νύμφης
2576 4962 2845 5052 ὁρῶντας,
2868 4962 2962 5038 καὶ
2991 4987 3050 5040 τὸ
3076 4962 3195 5042 ’τῶν
3237 4962 3461 5060 μαστῶν
3497 4962 3686 5056 ἀτελὲς
3713 4962 3810 5048 ετὶ

521 5063 667 5118 rcnt,
699 5063 760 5107 ut
790 5055 1110 5124 nuptiarum
1140 5057 1529 5114 conciliatores
1554 5065 1721 5128 atque
1751 5059 2100 5128 internuntii,

2217 5073 2347 5126 καὶ¹ι
2393 5077 2796 5147 κεκρυμμένον,
2828 5077 2924 5131 ἆτε
2979 5079 3042 5152 δὴ
3085 5055 3505 5155 προμνήστορας
3543 5086 3638 5139 καὶ
3680 5102 3810 5156 μη-

522 5158 712 5199 sccum
746 5145 851 5214 ipsi
885 5145 987 5209 sic,
1020 5157 1081 5199 ut
1112 5147 1372 5213 arbitror,
1405 5149 1811 5220 loquebantur:
1847 5152 1967 5210 Rex
2002 5157 2104 5212 ali-

2217 5165 2379 5228 νυτάς
2397 5145 2509 5219 τοῦ
2523 5145 2724 5240 γάμου,
2743 5169 2916 5224 ταῦτα
2937 5173 2993 5225 ὲν
3019 5145 3235 5239 ἑαυτοές
3269 5145 3569 5246 λέγειν,ότι
3588 5145 3807 5230 Μέλλει

591 5276 622 5316 δ
661 5274 819 5332 Rom.
855 5291 974 5344 VIII,
1007 5277 1200 5332 53-57.
1279 5289 1302 5318 ο
1332 5281 1464 5336 ibid.
1506 5283 1595 5348 38,
1625 5284 1715 5342 59.
1790 5287 1817 5328 ά
1853 5288 1873 5342 l
1911 5288 2038 5346 Cor.
2083 5309 2159 5362 Iv,
2197 5298 2284 5365 ιε,
2328 5302 2418 5356 15.

1847 5435 2086 5493 ‘VARI/E
2115 5440 2519 5504 LECTIONES.

523 5575 565 5630 Ρ
592 5510 638 5592 ξι
655 5510 1010 5593 (ἰοιιτταῦτα.
1087 5515 1132 5546 ’³
1169 5515 1277 5569 ἵνα.
1311 5519 1475 5574 Abest
1515 5539 1541 5574 a
1571 5525 1693 5580 cod.
1787 5529 1833 5561 "
1861 5528 2035 5595 ὲξουδ.
2097 5535 2152 5589 δὲ
2201 5539 2291 5592 τὸν
2349 5542 2546 5599 πάντα.
2579 5543 2732 5600 Hanc
2781 5548 3068 5605 lectionem
3115 5553 3376 5609 debemus
3426 5554 3601 5608 codici
3644 5553 3804 5620 Aug.

573 5597 685 5630 nor
711 5583 875 5630 eIlItm
909 5584 1382 5630 lmlmhnllztnlnm
1413 5591 1504 5630 τὸυ
1533 5593 1644 5630 mm.
1739 5597 1784 5630 91
1807 5599 1921 5630 rma
1973 5603 2307 5630 n......-.1.__-,
2334 5626 2342 5630 -
2439 5613 2522 5630 ...-
2643 5615 2665 5630 ..
2816 5620 2833 5630 .
2985 5619 3000 5630 .
3188 5624 3197 5630 .
3495 5625 3504 5630 -
3540 5627 3550 5630 -
3672 5622 3682 5630 .

602 5583 610 5592 ⁵
784 5585 834 5593 ””
1835 5600 1848 5614 π
1902 5583 2034 5595 ""'
2104 5583 2152 5589 "
2210 5583 2287 5592 "'
2355 5583 2546 5599 ⁸·’·’ϋ·
2580 5583 2732 5600 ἰα’-υ
2782 5583 3068 5605 ιπιιυιισιιι
3115 5583 3376 5609 ucucmua
3426 5583 3601 5608 unum
3644 5583 3804 5620 ιιυικ.

573 5583 883 5693 ξὶῗιῖἡίδηᾞ
909 5584 1697 5693 ’ἒὲῗᾷθδῖρξξξᾶῘἯέ1ηηῖῨὲἓξὲξ..
1739 5597 1944 5693 ’Ἠί-
1973 5603 2361 5693 “ww???-
2411 5613 2484 5693 ..’°
2502 5613 2607 5676 ἕως
2635 5615 2783 5693 diem
2816 5620 2876 5671 ιη
2897 5619 3024 5693 ροάο
3045 5624 3294 5693 segnimr
3313 5625 3590 5693 expositio
3614 5622 3806 5677 trium

573 5671 581 5680 ι
647 5670 653 5679 -
838 5653 883 5684 99
1153 5674 1160 5685 .
1197 5658 1204 5666 '
1489 5664 1500 5680 ι
1531 5647 1540 5663 ¹
1627 5647 1632 5648 ⁷
1818 5647 1944 5656 τ⁷“”
1973 5647 2069 5672 ”“’⁸
2095 5647 2361 5671 """“’"
2503 5647 2604 5676 θινὶ
2635 5647 2783 5685 υψυι·
2817 5647 2876 5671 ΙΙΙ
2899 5647 3024 5675 υυυο
3045 5647 3294 5691 δυψιιιυτ
3313 5647 3590 5693 εχρυδιιιυ
3615 5647 3806 5677 ιΙΊυΙΙΙ

523 5647 770 5753 fit“)?
793 5723 889 5753 nu
918 5652 1716 5753 βξξλξῆφξξξαποιηψμεν.
1752 5738 1764 5753 ν
1799 5667 1905 5753 “ev
1924 5675 2165 5753 7301?].
2202 5677 2369 5753 βρίθῃ.
2393 5681 2481 5736 die
2505 5699 2614 5753 quo
2635 5685 2850 5742 dicetur
2880 5690 2946 5744 de
2969 5705 3055 5746 ea.
3090 5691 3224 5749 Rec.
3251 5695 3412 5748 lectio
3443 5696 3499 5748 lI.
3538 5697 3573 5748 Ι.
3605 5698 3692 5746 est
3734 5693 3808 5744 έν

1299 5730 1312 5747 9
1498 5717 1507 5732 ,
1596 5717 1609 5734 ,
1702 5717 1714 5720 -
1850 5717 1898 5723 ν-
2007 5717 2165 5744 ..ν-η.
2207 5717 2369 5733 υννιι
2393 5717 2481 5736 υιυ
2547 5717 2614 5738 ιιυ
2635 5717 2840 5742 υιιιῦιιιι
2880 5717 2946 5744 uc
2969 5717 3055 5746 ca.
3090 5717 3224 5749 “GC.
3251 5717 3412 5748 ιυυιιυ
3443 5717 3499 5748 ΙΙ.
3538 5717 3573 5748 Ι.
3605 5717 3692 5746 τοι
3734 5717 3802 5744 εν

525 5717 1411 5840 ἓεειξε,ᾔπξξῖσςὲῖὲέιηῖξεενηξεςεξο
1489 5733 1663 5840 1‘32?-
1696 5738 1898 5840 ..
1921 5741 2163 5840 ,.:§:am
2200 5748 2284 5800 έπ·
2307 5717 2690 5821 «crithe».
3091 5777 3136 5818 ε.

571 5792 1196 5862 youths-mpthuﬁqu
1223 5792 1409 5868 αὑτηί).
1490 5803 1510 5834 ⁸
1543 5807 1654 5857 καί.
1690 5792 1851 5863 Αὺοὲί
1873 5825 1900 5862 a
1921 5792 2043 5866 cod.
