4076 6438
428 324 530 386 209
1499 333 1580 392 IN
1610 334 1999 394 CANTICUM
2024 334 2314 396 CANTIC.
2342 337 2486 396 LIB.
2529 338 2627 397 IV.
3613 347 3720 410 210

424 429 604 482 λοιπὸν
647 430 680 482 ό
713 429 987 498 βασιλεὺς
1023 433 1342 504 λαμϐάνειν
1379 437 1481 507 τὴν
1524 437 1747 509 νύμφην
1778 439 1878 509 τὴν
1909 441 2042 510 ἠμε-

2156 440 2378 510 quando
2402 456 2647 498 sororem
2671 451 2912 498 nostram
2935 460 3032 514 ι)Γο
3055 462 3262 517 sponsa
3279 459 3364 506 εει
3391 463 3718 523 accepturus
3743 467 3769 527 ί

422 524 578 591 τέραν
621 520 906 592 ἀδελφὴν,
940 525 1134 595 μικρὰ
1166 526 1227 579 δέ
1259 528 1382 581 ἐστι
1424 529 1518 582 καὶ
1553 531 1778 597 μαστῶν
1819 533 2042 600 ἐστερη-

2149 545 2269 598 (ιυω
2302 547 2469 600 parva
2499 541 2584 587 est
2643 542 2808 603 atque
2844 535 3074 591 uberum
3113 553 3332 609 expers,
3365 520 3541 614 neque
3573 549 3719 604 enim

420 612 548 681 μένη
566 627 580 638 ·
607 611 768 666 οὔπω
800 614 920 682 γὰρ
951 614 1080 684 ἔχει
1122 616 1190 668 τὸ
1218 617 1470 686 γόνιμον,
1499 619 1620 672 οὐδὲ
1645 620 1704 671 τὸ
1735 619 2042 686 διδασκαλι-

2148 619 2256 672 vim
2291 621 2457 676 habet
2490 624 2814 692 proliﬁcam,
2849 641 2950 682 nec
2998 629 3266 684 doctrinae
3317 632 3402 686 lac
3453 611 3558 690 aut
3592 639 3724 692 soli-

415 702 504 762 τὸν
526 705 791 772 χορηγεῖν
816 702 1071 756 δύναται
1105 707 1282 774 γάλα,
1317 708 1441 760 οὐδὲ
1469 708 1566 778 τὴν
1589 709 1801 763 τελείαν
1828 711 2042 780 ὀρέγειν

2147 709 2278 763 dum
2324 713 2506 765 cibum
2570 722 2751 782 potest
2783 718 3073 784 egentibus
3119 722 3562 780 subministrare.
3594 726 3721 783 Ideo

413 797 520 856 τοῖς
541 794 827 862 δεομένοις
854 799 1091 866 τροφήν
1116 813 1132 827 ο
1167 799 1280 868 χρὴ
1301 800 1486 852 τοίνυν
1508 803 1654 870 ἡμᾶς
1679 801 1740 853 τὸ
1775 803 2042 872 πρακτέον

2147 800 2280 868 quid
2311 800 2457 855 facto
2486 817 2626 872 opus
2676 806 2747 858 sit
2806 808 2963 862 nobis
3009 817 3095 863 est
3149 813 3527 880 cogitandum.
3586 818 3720 871 Cum

413 884 747 952 λογίσασθαι.
787 887 912 939 Καὶ
953 888 1167 960 ἐπειδὴ
1197 891 1390 958 μέλλει
1420 891 1496 961 τῷ
1535 892 1757 962 μεγάλῳ
1788 894 2042 950 συνάπτε-

2149 891 2317 960 igitur
2355 907 2556 962 magno
2591 895 2704 964 regi
2737 898 3046 966 copulanda
3074 900 3166 966 sit,
3212 910 3267 954 et
3299 913 3558 973 tanquam
3603 923 3726 963 mu-

419 979 530 1047 σθαι
555 977 792 1047 βασιλεί,
827 979 935 1030 καὶ
967 979 1187 1050 ὥσπερ
1212 985 1397 1050 τεῖχος
1444 981 1584 1036 εἶναι
1615 985 1715 1054 τῆς
1743 985 1919 1047 οἰκίας
1946 986 2042 1038 αύ-

2149 995 2244 1046 rus
2284 982 2470 1036 futura
2491 985 2690 1052 domus
2715 986 2911 1054 ipsius,
2951 998 3007 1041 ut
3035 999 3190 1045 curet
3219 999 3276 1046 et
3328 997 3604 1050 custodiat
3657 1013 3722 1054 ea

420 1070 526 1133 τοῦ,
543 1067 888 1139 οίκουροῦσα
916 1069 996 1121 τὰ
1017 1069 1185 1122 ἔνδον
1241 1073 1338 1124 καὶ
1363 1071 1728 1140 φυλάττουσα,
1753 1073 1851 1127 καὶ
1876 1073 2042 1144 θύρας

2147 1085 2269 1138 quae
2297 1073 2448 1126 intus
2487 1073 2619 1142 sint,
2654 1084 2706 1129 et
2743 1083 3006 1144 tanquam
3038 1080 3242 1134 ostium
3271 1097 3336 1136 ea
3369 1100 3492 1153 quas
3526 1102 3722 1142 recou-

429 1159 572 1210 τύπον
610 1156 764 1227 ἔχειν
811 1156 1206 1226 φρουρούσης
1249 1159 1321 1211 τὰ
1363 1160 1732 1230 ἀποκείμενα,
1764 1161 2042 1231 οἰκοδομή-

2148 1161 2258 1216 dita
2283 1161 2488 1218 ruerint
2503 1175 2828 1221 conservet:
2854 1176 3115 1238 tanquam
3139 1187 3304 1242 super
3326 1191 3482 1232 muro
3504 1178 3722 1247 quidem

434 1247 626 1318 σωμιν⁵
663 1246 746 1310 ὡς
769 1248 832 1298 ἐν
859 1249 1058 1319 τείχει
1099 1272 1121 1302 ι
1156 1251 1420 1318 ἐπάλξεις
1441 1253 1712 1324 ἀργυρᾶς,
1742 1271 1761 1306 ι
1800 1253 2042 1307 τουτέστι

2147 1251 2486 1309 ωὰἱίῖευῐηυε
2522 1273 2540 1305 ι
2578 1266 2837 1326 argentea
2895 1265 3339 1330 propugnacula,
3404 1284 3423 1317 ι
3459 1246 3564 1322 hoc
3614 1277 3722 1332 est,

430 1338 627 1405 λογικὰς
651 1339 754 1391 καὶ
773 1338 1130 1409 διαλαμπού
1141 1357 1246 1405 σας
1274 1343 1331 1393 ὲν
1354 1342 1520 1413 λόγῳ.
1575 1361 1593 1393 ι
1617 1344 1697 1397 Τά
1714 1343 1873 1413 λόγια
1895 1345 2006 1416 γὰρ
2026 1346 2042 1376 ⁸

2147 1343 2368 1413 eloquia
2395 1345 2616 1400 ratione
2646 1348 3018 1416 splendentia.
3078 1368 3098 1403 ι
3158 1353 3392 1423 Eloquia
3427 1357 3572 1410 enim
3622 1357 3728 1412 Do-

425 1429 633 1497 Κυρξου,
659 1429 826 1496 λόγια
845 1430 1031 1496 ἁγνὰ,
1059 1432 1341 1500 ἀργύριον
1360 1434 1778 1504 πεπυρωμένον,
1800 1435 2042 1505 δοκίμιον

2148 1436 2304 1501 mini,
2347 1437 2568 1506 eloquia
2609 1448 2780 1504 casta,
2811 1451 3097 1510 argentum
3150 1442 3276 1514 igne
3326 1448 3724 1515 examinatum,

419 1525 478 1591 τῇ
499 1524 566 1591 γῇ
585 1538 596 1548 ·
627 1540 646 1571 ι
685 1521 778 1574 ἶνα
811 1523 910 1574 ἐπ’
950 1522 1203 1587 αὑταίς⁷
1237 1523 1511 1594 ἱσταμένη
1532 1524 1700 1595 βάλλῃ
1725 1526 1854 1588 τοὺς
1883 1525 2042 1579 πολε-

2150 1528 2636 1600 probatumterrae
2673 1541 2738 1596 e;
2780 1550 2800 1583 ι
2836 1540 2894 1586 ιιι
2926 1533 2979 1586 in
3008 1533 3144 1602 ipsis
3175 1536 3491 1593 consistens
3537 1539 3724 1596 hostes

420 1614 587 1682 μίσος,
618 1612 795 1684 διώκῃ
835 1615 984 1678 τοὺς
1018 1615 1385 1680 ἐπιϐούλους.
1436 1616 1524 1679 Ὡς
1563 1617 1620 1670 δὲ
1661 1616 1804 1689 θύρα
1840 1617 2046 1671 ἐπιθῶ-

421 1723 516 1775 μεν
539 1708 671 1776 αὐτῇ
707 1706 949 1768 σανίδας
981 1707 1056 1759 ὲκ
1099 1706 1302 1778 κέδρου
1337 1707 1738 1779 πεποιημένας,
1772 1708 2048 1779 ἁμαρτίας

421 1769 718 1861 σηπεδόνα⁵
759 1797 843 1865 μὴ
887 1769 1247 1866 δεχομέ·δας’
1298 1769 1754 1869 ἄσηπτοξγάρῆ
1787 1769 1980 1870 κέδρος
2001 1769 2043 1850 ⁸.
2079 1769 2118 1824 Β

424 1888 554 1954 Πρὸς
584 1886 766 1940 ταῦτα
823 1888 1220 1959 ἀποκρίνεται
1261 1891 1294 1958 ἡ
1325 1888 1513 1960 νύμφη
1543 1888 1822 1961 θαρροῦσα
1850 1893 1914 1960 τῇ
1950 1888 2044 1942 τοῦ

424 1978 644 2047 νυμφίου
676 1977 992 2050 φιλοτιμίᾳ
1033 1981 1137 2033 καὶ
1165 1979 1404 2052 εὐπορίᾳ
1425 1995 1439 2009 ο

2149 1619 2364 1688 sagittis
2403 1627 2588 1689 petat,
2625 1629 2680 1676 et
2726 1622 2960 1678 insidias
3010 1635 3289 1682 struentes
3312 1630 3722 1699 (persequatur.

2150 1710 2264 1779 Ipsi
2297 1720 2480 1765 autem
2517 1719 2578 1765 ut
2605 1713 2752 1767 ostio
2781 1715 3022 1780 tabulas,
3047 1731 3254 1786 easque
3283 1719 3570 1783 cedrinas,
3603 1737 3725 1792 quas

2148 1803 2360 1870 peccati
2387 1804 2800 1871 corruptionem
2829 1807 3114 1876 suscipere
3146 1818 3442 1878 nequeant,
3475 1813 3726 1881 impona-

2147 1904 2268 1943 mus
2294 1908 2307 1944 :
2340 1892 2650 1959 putredinis
2675 1893 2823 1948 enim
2882 1909 3082 1964 expers
3112 1906 3199 1952 est
3230 1899 3451 1955 cedrus.
3496 1899 3578 1954 Ad
3609 1902 3726 1956 haec

2147 1995 2350 2050 sponsa
2384 1983 2682 2053 respondet
2719 1985 2914 2056 sponsi
2966 1989 3373 2058 magniﬁcentia
3408 1999 3575 2062 atque
3601 1993 3722 2063 opi-

2149 2075 2249 2128 bus
2283 2074 2526 2130 conﬁsa:

2219 2163 2389 2220 Vens.
2435 2165 2522 2218 10.
2557 2163 2670 2235 Ego
2706 2181 2914 2232 murus,
2966 2177 3018 2220 et
3056 2167 3223 2230 ubera
3256 2185 3370 2223 mea
3416 2179 3476 2223 ut
3529 2178 3729 2225 turres.

2149 2251 2260 2323 Ego
2285 2254 2366 2324 [ui
2403 2255 2459 2307 in
2489 2254 2655 2308 oculis
2683 2254 2798 2325 ejus
2830 2257 2985 2326 quasi
3025 2259 3288 2325 reperiens
3335 2273 3543 2326 pacem.
3586 2257 3723 2314 Cum

2147 2344 2295 2398 enim
2335 2359 2420 2399 me
2469 2345 2844 2415 praesciverit,
2886 2361 2974 2402 me
3020 2361 3243 2417 quoque
3288 2349 3728 2417 praedestinavit,

2145 2445 2199 2492 et
2228 2435 2361 2507 quia
2401 2449 2618 2506 pacem,
2669 2445 2727 2491 ut
2775 2437 2952 2501 novit,
3004 2452 3268 2506 quaram,
3309 2447 3364 2493 et
3421 2454 3724 2511 persequar

2147 2543 2293 2594 eam,
2323 2535 2379 2583 et
2405 2542 2749 2598 persequens
2776 2528 3266 2602 comprehendam,
3306 2515 3392 2584 me
3425 2537 3540 2583 tum
3573 2532 3728 2598 paci-

2147 2621 2304 2676 ticam
2363 2618 2681 2691 appellavit,
2738 2627 2853 2672 tum
2917 2618 3338 2694 Sulamitidem,
3394 2629 3448 2674 et
3506 2636 3721 2674 murum

2147 2711 2282 2766 fecit
2314 2710 2828 2782 inexpugnabilem,
2868 2709 3124 2764 hostibus
3174 2709 3603 2774 formidandum,
3635 2718 3721 2763 ιιι-ς

2144 2817 2254 2873 que
2283 2802 2454 2857 ubera
2495 2817 2640 2866 mea,
2681 2801 2735 2854 id
2771 2802 2924 2874 161
2961 2809 3068 2864 est,
3108 2800 3417 2858 doctrinam
3461 2801 3723 2856 moralem

487 2164 537 2210 ι’.
571 2157 720 2227 Ἐγὼ
747 2156 994 2226 τεῖχος,
1013 2158 1122 2212 καὶ
1143 2158 1376 2227 pacto!
1392 2175 1512 2227 μου
1536 2159 1617 2225 ὡς
1641 2160 1876 2232 πύργοι.
1903 2161 2046 2230 Ἐγὼ

433 2248 637 2316 ἤμην’
668 2248 743 2301 ἐν
783 2247 1153 2316 ὀφθαλμοῖς
1194 2246 1384 2304 αὐτοῦ
1431 2247 1511 2314 ὡς
1551 2249 1926 2318 εὐρίσκουσα
1962 2251 2044 2303 ει-

441 2342 634 2406 uit-qr.
661 2337 967 2408 Προγνοίις
999 2337 1118 2407 γάρ
1163 2354 1257 2408 με,
1294 2337 1390 2391 καὶ
1421 2337 1718 2409 προώρισε,
1758 2340 1853 2392 καὶ
1883 2340 2046 2408 γνοὺς

445 2429 516 2491 ὡς
546 2429 744 2498 ζητήσω
776 2428 888 2498 τὴν
927 2427 1191 2498 εἰρήνην,
1223 2427 1321 2480 καὶ
1354 2426 1531 2494 διώξω
1561 2429 1750 2500 αὐτὴν,
1794 2429 1889 2482 καὶ
1921 2427 2047 2484 διώ·-

450 2519 580 2582 ξασα
604 2518 1026 2588 καταλήψομαι,
1061 2519 1159 2571 καὶ
1185 2519 1475 2589 εἰρηνικήν
1504 2535 1574 2587 με
1603 2520 2040 2592 προσηγόρευσε,

442 2610 532 2660 καὶ
574 2608 935 2678 Σωλαμῖτιν,
978 2607 1081 2661 καὶ
1114 2607 1390 2678 πεποίηκε
1423 2611 1602 2679 τεῖχος
1636 2611 1903 2680 ἀρῤαγὲς,
1950 2629 2046 2681 φο-

434 2699 581 2771 ϐερὸν
609 2702 725 2764 τοῖς
749 2699 1046 2762 ἐναντίοις
1069 2716 1081 2725 ·
1110 2699 1238 2764 τοὺς
1263 2698 1321 2754 δὲ
1351 2701 1593 2770 μαστούς
1633 2718 1757 2772 μου,
1794 2703 2044 2759 τουτέστι

427 2793 520 2860 τὴν
564 2790 769 2862 ὴθικὴν
821 2790 931 2844 καὶ
981 2788 1306 2860 θεολογικὴν
1364 2791 1744 2858 διδασκαλίαν,
1777 2795 1859 2857 είς
1910 2793 2046 2864 ὕψος

425 2881 642 2953 ἤγειρε,
698 2882 804 2936 καὶ
853 2881 1065 2952 πύργῳ
1116 2881 1514 2952 παραπλησίαν
1540 2883 1580 2914 ¹¹
1621 2884 1940 2955 ἀπέφηνεν,
1974 2885 2042 2944 ἵν’

2144 2901 2200 2948 et
2226 2893 2622 2964 theologicam,
2657 2892 2714 2947 in
2741 2893 2979 2948 sublime
3002 2892 3220 2958 extulit,
3251 2901 3304 2948 et
3328 2893 3488 2961 quasi
3516 2901 3722 2946 turrem

426 2972 632 3028 ἐκεῖθεν
661 2971 1006 3042 πολεμοῦσα
1029 2973 1156 3036 τοὺς
1180 2971 1274 3026 τοῦ
1302 2975 1540 3043 νυμφίου
1567 2974 1851 3046 δυσμενεῖς
1880 2994 2042 3032 κατα-

2144 2985 2457 3048 constituit,
2511 2990 2572 3037 ut
2614 2998 2680 3038 ex
2726 2997 2792 3038 ea
2842 2997 3096 3058 pugnans
3128 2982 3319 3053 sponsi
3361 2983 3552 3039 hostes
3588 2997 3722 3052 pro-

423 3061 590 3116 λύσω.
631 3063 712 3117 Ub
771 3062 946 3133 μόνον
994 3061 1052 3114 δὲ
1081 3064 1295 3134 τεῖχος,
1326 3063 1403 3127 ὡς
1422 3063 1466 3094 ¹⁹
1495 3057 1649 3119 εἶπον
1668 3103 1684 3132 ,
1726 3066 1875 3137 είμὶ,
1904 3066 2042 3122 ἀλλὰ

2146 3078 2366 3148 pellam.
2400 3073 2588 3145 Neque
2640 3088 2770 3130 vero
2828 3088 2952 3136 sum
3010 3057 3202 3129 murus
3261 3074 3464 3140 solum,
3495 3080 3554 3128 ut
3584 3073 3720 3136 dixi,

425 3157 518 3210 ut
546 3155 849 3227 ἁμπελών.

2144 3170 2240 3227 sed
2272 3170 2435 3225 etiam
2460 3169 2639 3232 vinea.

497 3258 586 3305 ια’.
641 3251 980 3319 Ἀμπελὼν
1026 3250 1156 3320 γὰρ,
1216 3250 1402 3320 φησὶν,
1441 3249 1697 3319 ἐγενήθη
1729 3251 1818 3317 ,τῷ
1861 3255 2042 3309 Σολο-

2217 3259 2386 3316 Veas.
2425 3259 2510 3314 ii;
2573 3255 2738 3310 Vinea
2768 3254 2912 3310 enim
2933 3295 2948 3320 ,
2986 3254 3163 3324 inquit
3192 3297 3205 3321 ,
3233 3255 3336 3324 fuit
3365 3255 3640 3310 Salomom'
3668 3255 3722 3306 in

429 3341 554 3414 prb-
586 3343 662 3397 ὲν
685 3342 1047 3412 Βελεαμών.
1080 3341 1311 3396 Ἔδωκε
1357 3341 1464 3394 τὸν
1488 3341 1819 3410 ἀμπελῶνα
1855 3343 2044 3399 αὐτοῦ

433 3432 553 3502 τοῖς
575 3433 885 3506 τηροῦσιν
913 3452 928 3465 ·
963 3433 1124 3503 ἀνὴρ
1152 3433 1310 3488 οἴσει
1357 3433 1428 3488 ἐν
1474 3433 1681 3502 καρπῷ
1727 3437 1916 3491 αὑτοῦ
1964 3456 2045 3508 χι.

433 3531 604 3593 ,ιίους
625 3529 734 3596 ἀρ]
745 3531 967 3596 υρίους
987 3525 1051 3580 ⁸³.
1096 3526 1152 3579 '0
1182 3526 1282 3596 μὲν
1297 3510 1595 3596 Σύμμαχός
1612 3527 1694 3592 τὸ,
1717 3546 1735 3579 ι
1762 3529 1821 3598 ἐν
1849 3529 2045 3590 Βελεα-

441 3619 572 3689 μῶν,
594 3638 614 3671 ι
649 3619 725 3672 ἐν
750 3615 993 3686 κατοχῆ
1028 3615 1184 3669 λαοῦ
1218 3613 1465 3669 τέθεικεν
1486 3630 1498 3642 ·
1534 3617 1562 3669 ὁ
1583 3615 1641 3668 δὲ
1690 3614 1944 3680 Ἀκύλας,
1973 3617 2044 3676 ἐν

437 3709 638 3779 ἔχοντι
670 3708 902 3774 πλήθει
925 3707 994 3760 ⁸⁸.
1060 3707 1266 3760 Τοῦτον
1307 3705 1408 3777 μὲν
1475 3701 1571 3761 οῦν
1617 3707 1709 3760 τὸν
1743 3707 2043 3777 ἀμπελῶνα

2145 3351 2454 3422 Beleamon.
2502 3347 2750 3403 Tradidit
2793 3347 2998 3401 vineam
3047 3362 3202 3400 suam
3249 3347 3574 3418 custodibus.
3629 3345 3724 3398 Vir

2145 3429 2332 3513 aﬁ'eret
2376 3457 2470 3511 pro
2517 3439 2697 3509 [ructu
2741 3437 2856 3508 ejus
2915 3437 3060 3492 mille
3115 3436 3720 3507 argenteos.‘Symma-

2144 3536 2282 3590 chus
2334 3530 2469 3587 illud
2515 3550 2533 3583 ι
2575 3531 2629 3584 in
2662 3529 2956 3585 Beleamon
2997 3546 3017 3579 ι
3055 3528 3220 3582 vertit
3258 3547 3276 3580 ι
3323 3528 3379 3582 in
3410 3527 3724 3583 detentione

2143 3624 2355 3697 populi,
2384 3641 2403 3675 ι
2441 3621 2639 3690 Aquila
2662 3629 2868 3685 autem,
2907 3639 2926 3672 ι
2961 3620 3015 3674 in
3043 3617 3278 3674 habente
3302 3619 3667 3688 multitudine.
3698 3639 3717 3671 ι

2115 3714 2298 3774 .Hanc
2336 3726 2467 3784 ergo
2509 3711 2723 3767 vineam
2757 3709 2904 3765 Deus
2929 3709 3060 3764 olim
3093 3708 3328 3764 credidit
3365 3708 3577 3765 Israeli.
3613 3708 3720 3763 Sed

440 3801 603 3855 πάλαι
634 3801 666 3853 ὁ
701 3800 844 3863 Θεὸς
873 3797 957 3870 τῷ
1007 3798 1227 3869 Ἰσραὴλ
1277 3796 1677 3853 ὲνεπίστευσεν.
1724 3799 1941 3871 Ἐπειδὴ
1985 3784 2043 3860 δὲ

440 3890 498 3943 οὐ
550 3892 717 3956 μόνον
747 3891 881 3953 τοὺς
919 3887 1332 3950 ἀποσταλέντας
1371 3887 1592 3952 δούλους
1632 3890 1712 3952 είς
1747 3889 2044 3961 ἀπαίτησιν

439 3981 544 4034 τῶν
573 3981 816 4052 καρπῶν
847 3979 1145 4033 κατέλευσέ
1172 3995 1230 4033 τε
1278 3980 1372 4034 καὶ
1404 3980 1749 4045 ἀπέκτεινεν,
1783 3982 1921 4036 ἀλλά
1949 3984 2044 4046 καὶ

443 4071 596 4126 αὑτὸν
615 4072 714 4124 τὸν
739 4071 1084 4141 κληρονόμον
1113 4069 1479 4141 ἐσταύρωσεν,
1499 4072 1750 4142 ἀφῃρέθη
1778 4073 1877 4143 μὲν
1901 4073 2044 4128 κατὰ

441 4161 532 4231 τὴν
555 4161 900 4231 δεσποτικὴν
929 4160 1113 4232 φωνὴν
1141 4162 1237 4215 ἀπ’
1263 4161 1488 4215 ἐκείνων
1518 4164 1547 4215 ὁ
1568 4161 1852 4233 ἀμπελὼν,
1884 4163 2041 4234 ἐδόθη

440 4253 491 4306 δὲ
517 4253 666 4306 ἔθνει
699 4250 956 4306 ποιοῦντι
993 4252 1084 4307 τὸν
1109 4251 1320 4324 καρπὸν
1345 4251 1532 4308 αὐτοῦ.
1557 4254 1656 4308 Διὰ
1687 4253 1846 4308 τοῦτό
1876 4271 2044 4325 φησιν

439 4345 471 4414 ἠ
503 4344 722 4415 νύμφη,
743 4346 828 4398 ὅτι
851 4361 871 4395 ι
897 4342 978 4413 τῷ
1005 4343 1330 4411 Σολομῶντι.
1357 4344 1629 4398 »τουτέστι
1648 4343 1726 4415 τῷ
1757 4342 2040 4416 είρηνικῷ,

2144 3822 2270 3863 cum
2308 3806 2358 3862 is
2407 3819 2516 3860 non
2551 3801 2715 3856 modo
2759 3815 2955 3857 servos
3004 3799 3071 3854 ad
3122 3799 3362 3855 fructum
3393 3798 3721 3870 exigendum

2144 3897 2350 3953 missos
2396 3892 2672 3968 lapidibus
2720 3890 3000 3954 obruisset
3050 3897 3106 3944 et
3157 3891 3497 3954 occidisset,
3533 3904 3720 3944 verum

2127 3989 2309 4058 etiam
2353 3984 2625 4040 haeredem
2671 3983 2850 4051 ipsum
2881 3983 3087 4052 egisset
3139 3981 3198 4035 in
3241 3997 3460 4037 crucem
3489 4022 3506 4049 ,
3539 3981 3621 4036 illi
3655 3998 3722 4036 ex

2144 4075 2418 4149 sententia
2451 4073 2672 4128 Domini
2706 4072 2866 4126 vinea
2905 4070 3012 4125 l'u'it
3048 4071 3228 4126 ablata
3251 4112 3266 4137 ,
3310 4071 3548 4141 dataque
3575 4077 3722 4142 genti

2145 4167 2371 4223 facienti
2403 4164 2642 4219 fructum
2661 4161 2801 4230 ejus.
2826 4161 3036 4216 Idcirco
3056 4176 3280 4230 sponsa,
3311 4181 3329 4213 ι
3361 4160 3666 4226 Salomoni,
3697 4180 3718 4214 ι

2144 4261 2251 4316 hoc
2281 4266 2368 4314 est
2385 4255 2637 4330 paciﬁco,
2660 4255 2863 4326 inquit,
2890 4273 2908 4306 ι
2935 4243 3091 4311 vinea
3124 4252 3231 4306 fuit
3269 4254 3324 4308 in
3350 4253 3670 4328 Beleamon,
3698 4274 3716 4305 ι

2147 4353 2203 4410 id
2230 4359 2315 4422 est
2339 4390 2354 4416 ,
2393 4353 2449 4406 in
2481 4347 2786 4406 retentionc
2820 4346 3029 4417 populi,
3063 4346 3148 4402 vel
3181 4345 3235 4400 in
3274 4345 3511 4400 habente
3535 4345 3729 4400 multi-

444 4453 461 4485 ι
478 4434 753 4506 ἀμπελὼν
781 4434 1020 4504 ἐγενήθη
1039 4435 1096 4490 ὲν
1117 4434 1432 4506 Βελεαμὼν,
1458 4453 1478 4487 ι
1512 4436 1788 4493 τουτέστιν
1817 4439 1876 4493 ἐν
1904 4455 2040 4493 κατι

2147 4444 2337 4501 tudine
2364 4482 2380 4507 ,
2429 4449 2486 4496 et
2534 4458 2552 4493 ι
2587 4438 2736 4493 illam
2773 4436 3003 4492 tradidit
3048 4436 3396 4492 custodibus.
3431 4453 3448 4486 ι
3493 4433 3724 4491 Vineam

435 4530 531 4596 οχῇ
565 4525 731 4590 λαοῦ,
764 4526 799 4597 ἢ
840 4527 900 4578 ἐν
938 4524 1115 4596 ἔχοντι
1145 4526 1366 4598 πλήθει,
1397 4527 1492 4582 καὶ
1521 4545 1541 4579 ι
1564 4527 1754 4584 τοῦτον
1805 4531 2038 4598 ἐξέδωκε

435 4621 545 4681 τοῖς
574 4616 870 4689 τηροῦσιν,
897 4635 920 4668 ›
969 4617 1293 4686 Ἀμπελῶνα
1321 4618 1379 4673 δὲ
1429 4621 1585 4694 καλεῖ
1610 4622 1738 4686 τοὺς
1781 4625 1849 4694 τῇ
1884 4603 2039 4697 εὐσε-

432 4707 566 4778 6εία
583 4705 1072 4777 προσεληλυθότας
1099 4707 1425 4784 ἀνθρώπους
1452 4727 1464 4741 ο
1487 4712 1618 4775 ,τοὺς
1647 4712 1707 4764 δὲ
1738 4713 2040 4790 τηροῦντας

435 4800 528 4852 καὶ
551 4798 953 4870 γεωργοῦντας
984 4800 1077 4854 καὶ
1114 4801 1504 4872 φυλᾴιττοντας,
1525 4804 1652 4868 τοὺς
1681 4807 1745 4876 τῇ
1770 4805 2036 4878 ἱερωσύνῃ

435 4892 852 4962 τετιμημένους
877 4933 891 4956 ,
920 4893 1013 4945 καὶ
1059 4893 1160 4963 τὴν
1191 4893 1300 4948 ἀπὸ
1348 4895 1448 4965 τῆς
1498 4898 1874 4968 πνευματικῆς
1894 4889 2038 4966 διδα-

438 4983 674 5048 σκαλίας
696 4981 922 5053 ἀρδείαν
947 4983 1081 5054 ὁμοῦ
1112 4985 1208 5038 καὶ
1233 4985 1477 5058 φυλακὴν
1510 4988 1843 5059 προσφέρειν
1866 5006 2036 5060 προσ-

436 5074 844 5146 τεταγμένους.
867 5075 1029 5152 Λέγει
1056 5076 1138 5141 δὲ,
1170 5078 1254 5131 ὅτι
1288 5097 1306 5130 ι
1339 5081 1400 5132 '0
1426 5079 1569 5150 ἀνὴρ
1595 5080 1738 5146 οἴσει
1764 5081 1822 5134 ὲν
1839 5081 2037 5153 καρπῷ

435 5165 607 5218 αὐτοῦ
657 5167 869 5237 χιλίους
903 5167 1208 5240 ἀργυρίους
1241 5186 1255 5200 ·
1303 5187 1323 5221 ι
1362 5172 1616 5241 σημαίνει
1646 5170 1702 5224 δὲ
1744 5173 1774 5224 ὁ
1806 5172 2039 5243 ἀριθμὸς

506 5295 532 5319 ε
566 5280 717 5336 Psal.
755 5294 815 5348 ιι,
851 5281 902 5337 7.

2145 4543 2329 4604 autem
2378 4537 2536 4603 vocat
2603 4527 2856 4604 homines
2912 4526 3005 4600 qui
3056 4525 3126 4580 ad
3176 4525 3435 4597 pietatem
3476 4540 3740 4582 accesse—-

2121 4601 2322 4697 :runt‘:
2353 4601 2731 4696 custodientes
2763 4633 2917 4684 vero,
2962 4626 3015 4674 et
3038 4617 3303 4681 colentes,
3338 4625 3391 4672 et
3414 4624 3724 4683 servantes,

2142 4733 2240 4775 eos
2295 4716 2390 4786 qui
2441 4711 2776 4786 sacerdotali
2827 4708 3134 4786 iunguntur
3195 4724 3462 4788 munere,
3519 4707 3740 4778 quibus.

2143 4810 2463 4879 mandatum
2498 4813 2602 4869 est,
2637 4812 2698 4859 ut
2727 4819 2846 4859 eam
2889 4801 3162 4876 spirituali
3192 4801 3443 4856 doctrina
3471 4801 3635 4857 simul
3668 4809 3724 4858 et

2145 4901 2376 4972 irrigent
2424 4905 2480 4953 et
2513 4891 2998 4950 tucantur.'Porro
3028 4893 3181 4957 dicit,
3222 4911 3240 4943 ι
3271 4890 3367 4945 Vir
3392 4890 3586 4970 aiferct
3625 4906 3739 4960 pro,

2147 4993 2326 5048 fructu
2358 4991 2480 5061 ejus
2506 4987 2654 5064 mille
2686 4992 3018 5058 argenteos:
3055 5002 3074 5034 ι
3113 4982 3597 5060 εἰειηὶίὶεοιουιριη
3632 4981 3722 5036 hic

2144 5095 2412 5138 numerus
2452 5078 2696 5132 dexterae
2744 5089 2941 5129 manus
2993 5074 3280 5128 unitatem.
3311 5070 3467 5138 Quod
3496 5072 3717 5140 quidem

2147 5176 2385 5232 fructum
2423 5169 2652 5227 ferentis
2680 5168 2914 5225 salutem
2949 5167 3180 5223 indicat.
3218 5166 3301 5223 Ab
3325 5168 3433 5224 hoc
3476 5165 3622 5223 enim
3682 5166 3728 5218 is

1726 5371 1961 5428 VARIIE
1994 5371 2403 5430 LECTIONES.

502 5485 686 5540 'Cod.
740 5483 1127 5564 οἰκοδομῆσαι
1162 5481 1317 5562 μέν..
1370 5481 1391 5512 ⁶
1421 5482 1552 5604 γόὲρ.
1599 5484 1770 5540 Abest
1814 5500 1842 5538 a
1896 5485 2020 5540 cod.

502 5555 550 5604 d.
607 5560 858 5604 sennilnr
906 5561 1214 5604 exDOSIlIO
1252 5561 1416 5604 trium
1517 5563 1719 5604 atrum.
1827 5555 2017 5604 ¹⁰·ὲγὼ

434 5555 550 5610 cod.
607 5560 858 5629 sequitur
906 5555 1416 5629 expositio_trium
1474 5555 1719 5629 Patrum:

438 5644 571 5700 παρα
583 5630 813 5700 πλησίως
824 5672 838 5685 .

441 5699 583 5759 habet
615 5699 830 5776 πλῆθος.

2126 5487 2147 5517 ⁷
2185 5485 2321 5540 Cod.
2371 5484 2575 5546 αὐτοῖς.

2654 5481 2835 5552 1ῗῧυιί.
2897 5480 3220 5552 σηπεδόνας,
3277 5479 3344 5552 _’
3387 5477 3619 5552 3&9qu
3659 5477 3720 5552 l_n

1827 5555 2017 5627 “few
2043 5556 2215 5627 ἥμην.
2274 5556 2434 5609 Hebr.
2494 5545 2624 5627 tunc
2651 5551 2749 5627 fui:
2790 5553 2924 5627 Αιιιι.
2953 5545 3077 5603 τότε
3117 5549 3424 5627 ἐὶ-γενόμην.
3484 5545 3551 5627 ’³-⁸
3577 5545 3720 5627 _Cod.

933 5615 1136 5686 ¹²’ὠς.
1172 5621 1342 5678 Abest
1365 5637 1395 5675 a
1423 5625 1547 5678 cod.
1628 5624 1669 5656 ³³
1695 5622 1831 5681 Bec.
1875 5615 2036 5683 lectio
2059 5615 2158 5684 ὅσι’
2174 5627 2457 5698 ἀργυρίου.
2538 5623 2580 5654 ¹³
2612 5621 2826 5692 πλήθει.
2847 5615 3080 5676 Μυιιτῑ.
3116 5615 3183 5674 ini
3215 5615 3443 5687 Heia—pl.
3471 5615 3537 5670 ad
3574 5615 3631 5670 lt.
3672 5617 3726 5671 Ι.-

1221 5712 1254 5741 ι
