4076 6428
485 350 589 414 211

1439 353 1929 415 THEODORETI
1976 354 2312 415 EPISCOPI
2349 347 2715 413 CYRENSIS

3642 334 3746 396 212

487 455 585 522 qui
627 450 842 508 vineam
892 455 1198 526 plantavit,
1238 454 1476 512 fructum
1512 460 1679 512 alium
1714 476 1822 515 non
1856 461 2058 531 exigit,

2171 461 2265 530 τῆς
2308 457 2488 525 δεξιᾶς
2521 455 2703 527 χειρὸς
2747 451 2847 525 τὴν
2880 450 3082 524 μονάδα
3108 465 3122 484 ·
3153 449 3306 518 δηλοῖ
3345 448 3403 504 δὲ
3444 447 3605 502 τοῦτο
3649 444 3749 515 τὴν

495 544 652 615 162
701 562 867 616 quam
915 549 1089 618 ipsius
1133 550 1393 620 plantam:
1434 549 1789 621 fructumque
1839 551 2066 608 ferentis

2171 548 2260 602 τοῦ
2293 545 2771 618 καρποφοροῦντος
2818 542 3092 612 σωτηρίαν
3118 557 3132 572 ο
3164 540 3357 595 οὐδένα
3383 538 3493 609 γὰρ
3526 537 3685 594 ἄλλον
3721 538 3751 588 6

492 637 746 694 salutem.
781 639 1146 705 Quamobrem
1181 657 1384 712 sponsa
1417 661 1430 695 :

567 905 732 964 Vens.
784 909 870 963 l2.
921 905 1122 976 Vinea,
1162 908 1383 980 inquit,
1441 925 1560 964 mea
1602 925 1783 964 coram
1827 927 1908 966 me
1950 921 2068 977 est,

2164 639 2258 693 τὸν
2291 637 2588 709 ἀμπελῶνα
2613 636 2882 706 φυτεύσας
2917 632 3070 704 παρὰ
3095 632 3286 686 τούτου
3313 631 3581 702 λαμϐάνει
3613 646 3752 698 καρ-

2156 730 2290 794 πὸν,
2319 730 2352 800 ἢ
2381 728 2480 799 τὴν
2514 727 2677 782 αὑτοῦ
2701 727 2795 780 τοῦ
2825 725 3182 795 φυτευθέντος
3210 725 3304 778 καὶ¹
3334 721 3754 794 καρποφοροῦν-

2168 840 2257 885 to;
2283 820 2579 892 σωτηρίαν.
2611 819 2699 871 Διό
2727 834 2860 888 φησι
2882 815 3055 870 ταῦτα
3075 815 3306 882 λέγουσα
3341 815 3375 884 ἡ
3408 813 3594 883 νύμφη
3627 827 3640 840 ⁸

2243 911 2330 982 ιβ’.
2383 909 2692 981 Ἀμπελών
2722 927 2843 978 μου
2870 907 3015 976 ἐμὸς
3044 905 3304 960 ἐνώπιόν
3318 923 3458 975 μου,
3486 908 3540 958 οἱ
3568 905 3756 973 χίλιοι

492 999 639 1055 mille
670 999 971 1055 Salomoni.
1039 1000 1197 1066 Quod
1253 1009 1436 1057 autem
1482 1000 1621 1056 dicit
1663 1001 1935 1071 ejusmodi
1985 1011 2073 1058 est

2171 1002 2250 1068 τῷ
2285 999 2588 1068 Σολομὼν.
2633 1002 2697 1052 '0
2741 999 2798 1051 δὲ
2836 997 2983 1066 λέγει
3028 996 3273 1050 τοιοῦτόν
3303 999 3421 1049 ἐστι
3479 995 3605 1067 (χρὴ
3644 994 3758 1064 γὰρ

491 1092 743 1161 (oportet
776 1093 923 1148 enim
973 1101 1034 1148 ut
1067 1095 1212 1164 quod
1245 1095 1549 1148 obscurum
1582 1100 1700 1155 est,
1729 1109 1830 1163 pro
1857 1093 2070 1149 viribus

489 1182 844 1252 perspicuum
877 1184 1196 1252 reddamus)
1232 1201 1244 1236 :
1281 1183 1348 1238 Et
1375 1184 1560 1249 vinea,
1585 1185 1785 1254 inquit,
1815 1199 1934 1239 mea
1965 1193 2072 1248 est,

489 1281 546 1326 et
579 1273 796 1330 fructus
825 1285 909 1332 est
941 1293 1115 1333 meus.
1150 1276 1299 1332 Mille
1325 1277 1470 1332 enim
1493 1277 1761 1347 argentei,
1801 1277 1894 1346 qui
1928 1277 2075 1346 paci-

491 1361 596 1419 ﬁco
631 1381 840 1436 sponso
861 1383 1003 1434 meo,
1030 1369 1134 1422 hoc
1163 1376 1250 1424 est
1280 1367 1588 1431 Salomoni,
1615 1375 1884 1436 putantur
1917 1368 2076 1422 exhi-

492 1451 633 1516 beri,
653 1468 840 1509 coram
867 1471 952 1510 me
978 1464 1143 1522 sunt;
1169 1472 1264 1511 eos
1293 1457 1439 1512 enim
1463 1457 1599 1509 mihi
1629 1457 1828 1511 iterum
1855 1456 2069 1512 reddet.

493 1545 628 1598 Nam
655 1546 804 1616 quod
841 1548 895 1601 in
929 1548 1224 1618 praesentia
1267 1548 1509 1602 fructum
1544 1549 1712 1618 exigit
1735 1589 1750 1610 ,
1805 1549 1858 1603 id
1910 1548 2069 1614 facit,

489 1636 623 1706 quia
649 1637 885 1692 salutem
926 1653 1102 1693 meam
1133 1646 1373 1709 exoptat,
1415 1653 1608 1708 meque
1643 1639 1850 1693 salvam
1887 1638 2074 1693 videre

492 1726 664 1795 cupit.
699 1743 718 1778 ι
748 1725 920 1782 Vinea
952 1742 1074 1782 mea
1100 1743 1288 1784 coram
1321 1744 1406 1784 me
1426 1737 1534 1792 est,
1567 1730 1718 1784 mille
1747 1728 2033 1784 Salomoni
2057 1770 2070 1792 ,

489 1825 546 1870 et
578 1817 801 1872 ducenti
850 1818 1298 1874 custodientibus
1347 1819 1591 1874 fructum
1645 1821 1788 1890 ejus.
1830 1840 1849 1874 ι
1889 1819 2074 1878 νί-ιιειε
2107 1798 2150 1852 Β

490 1907 800 1963 mercedem
837 1909 1097 1965 custodes
1122 1909 1424 1979 accipiunt,
1458 1920 1513 1965 et
1545 1913 1853 1967 mercedem
1881 1912 2074 1967 delini-

489 2005 626 2054 tam.
658 1998 761 2064 Qui
813 2002 1078 2070 quoniam
1121 2003 1367 2072 quinque
1413 2018 1613 2059 sensus
1660 2004 1836 2059 vineae
1884 2012 2072 2060 custo-

487 2089 668 2158 diunt,
702 2094 906 2158 visum,
945 2103 1191 2164 gustum,
1223 2095 1515 2150 odoratum
1537 2134 1551 2158 ,
1589 2095 1836 2150 auditum
1905 2105 1958 2150 et
1990 2104 2070 2150 ta-

487 2191 664 2248 ctum,
697 2184 828 2252 jure
857 2184 1128 2241 ducentos
1163 2187 1483 2257 accipiunt,
1525 2202 1689 2256 quem
1720 2187 1943 2256 quidem
1973 2203 2073 2241 nu-

489 2289 705 2329 merum
755 2275 906 2330 mille
958 2283 1021 2329 ut
1063 2275 1319 2346 quintam
1372 2278 1460 2332 sui
1509 2287 1718 2346 partem
1776 2276 2084 2347 quinquies.

487 2366 804 2431 continent;
836 2366 987 2438 digni
1021 2366 1170 2422 enim
1193 2376 1350 2432 sunt,
1380 2368 1474 2438 qui
1506 2367 1600 2423 Dei
1635 2369 1847 2423 vineam
1883 2376 2072 2422 custo-

487 2457 682 2521 diunt,
716 2466 778 2512 ut
809 2457 1093 2527 prazmium
1129 2459 1408 2530 recipiant
1459 2460 1528 2514 ab
1570 2460 1692 2528 ejus
1736 2460 2066 2529 plantatore.

489 2547 677 2617 Itaque
702 2563 812 2604 non
844 2550 1019 2605 solum
1062 2565 1302 2620 sponsus
1329 2589 1346 2615 ,
1393 2550 1489 2607 sed
1533 2551 1958 2619 etiam’sponsa
2002 2550 2071 2606 iis

489 2639 800 2696 mercedem
825 2639 996 2696 dabit.
1028 2639 1095 2694 Et
1128 2641 1322 2697 beatus
1345 2640 1549 2697 Paulus
1576 2657 1590 2695 :
1627 2659 1645 2693 ι
1687 2639 1744 2695 Si
1771 2641 1954 2711 cujus,
1987 2641 2072 2696 in-

487 2731 630 2796 quit,
658 2746 802 2801 opus
832 2733 1124 2798 manserit,
1160 2733 1308 2804 quod
1344 2732 1830 2804 superaediﬂcavit,
1862 2748 2072 2788 merce-

489 2820 614 2875 dem
645 2821 876 2892 accipiet
905 2822 950 2879 ί.
985 2842 1003 2874 ι
1049 2823 1115 2878 Ει
1148 2825 1220 2880 iis
1253 2826 1349 2895 qui
1381 2825 1436 2879 in
1471 2825 1630 2880 vinea
1662 2825 2070 2892 laboraverant,

489 2928 614 2966 cum
653 2911 969 2970 advenisset
999 2930 1231 2986 vespera
1256 2953 1272 2978 ,
1310 2915 1481 2985 jussit
1518 2913 1917 2983 paterfamilias
1951 2913 2073 2969 dari

489 3005 738 3074 singulos
781 3006 1040 3063 denarios
1087 3009 1132 3060 ε.
1185 3007 1421 3062 Constat
1451 3006 1659 3076 igitur,
1700 3003 1846 3075 apud
1895 3004 2072 3060 Deum

491 3094 626 3147 nihil
653 3110 777 3151 esse
807 3096 926 3153 sine
957 3096 1235 3153 mercede.
1263 3096 1321 3151 Si
1349 3097 1496 3152 enim
1529 3095 1620 3164 qui
1655 3095 1808 3150 dedit
1839 3096 2068 3150 calicem
2099 3125 2142 3182 ο

487 3199 643 3256 aqua:
674 3185 890 3257 frigida:
924 3188 1019 3242 uni
1054 3204 1121 3244 ex
1157 3187 1404 3258 parvulis
1429 3186 1676 3241 minimis
1697 3227 1712 3251 ,
1745 3200 1852 3240 non
1881 3186 2074 3256 perdet

489 3275 796 3331 mercedem
822 3293 978 3333 suam
1002 3279 1052 3342 Ir,
1077 3286 1287 3348 quanto
1313 3277 1486 3348 magis
1510 3292 1576 3332 ex
1601 3279 1759 3331 vinea
1789 3279 2074 3348 praemium

487 3366 718 3434 accipiet
750 3366 798 3422 is
833 3368 927 3437 qui
957 3368 1174 3422 vineam
1210 3366 1368 3438 163
1401 3366 1682 3422 custodit?
1708 3367 1834 3437 Ipsa
1855 3385 2075 3442 quoque

485 3459 648 3511 vinea
695 3459 943 3530 quinque
967 3474 1235 3515 sensuum
1264 3457 1633 3514 obedientiam
1665 3461 1978 3529 exhibebit,
2019 3472 2075 3519 et

486 3545 738 3616 implebit
765 3547 1058 3611 ducentos,
1109 3547 1520 3618 quiquinquies
1550 3549 1760 3620 sumpti
1798 3550 2072 3610 divisores

487 3647 618 3691 sunt
649 3652 865 3704 eorum,
901 3639 995 3710 qui
1038 3653 1099 3693 re
1138 3649 1192 3694 et
1223 3637 1384 3694 factis
1435 3655 1637 3696 sensus
1684 3643 1836 3711 ipsos
1881 3655 2072 3701 custo-

487 3727 670 3782 diunt.
707 3728 841 3782 Nam
883 3744 1148 3785 numerus
1184 3730 1528 3788 millenarius
1557 3735 1609 3786 in
1640 3732 1866 3791 Christo
1897 3736 2072 3807 signi-

487 3818 619 3873 ﬂeat
661 3819 1080 3890 perfectionem,
1127 3836 1252 3876 cum
1283 3821 1354 3878 sit
1384 3824 1567 3880 unitas
1599 3825 1874 3892 absoluta,
1911 3829 2068 3898 ejus-

489 3925 598 3980 que
651 3913 924 3967 rationem
954 3929 1063 3967 non
1094 3914 1274 3968 solum
1313 3913 1388 3979 vi,
1439 3915 1536 3970 sed
1559 3917 1724 3971 etiam
1759 3933 1838 3983 re,
1877 3920 1932 3974 in
1982 3935 2071 3976 se—

485 4001 610 4070 ipso
648 4003 949 4058 contineat.
1020 4005 1102 4060 Ab
1150 4005 1360 4060 unitate
1403 4007 1552 4062 enim
1591 4009 1825 4080 incipit,
1881 4021 1935 4066 et
1973 4026 2072 4082 per

487 4095 752 4149 unitatem
795 4095 1110 4151 ostenditur
1131 4137 1147 4162 ,
1177 4106 1232 4151 et
1267 4097 1499 4154 unitatis
1527 4098 1755 4154 cll‘ector
1787 4109 1895 4155 est.
1930 4100 2066 4154 Nam

488 4185 718 4242 unitatis
753 4195 881 4242 nota
918 4189 1260 4247 millenarius
1278 4208 1548 4248 numerus
1587 4201 1642 4248 et
1684 4194 1890 4265 myrias
1926 4194 2070 4250 indi-

484 4287 705 4333 cantur.
739 4278 1014 4337 Numerus
1050 4298 1182 4337 vero
1225 4283 1562 4340 ducenarius
1609 4293 1822 4340 naturae
1862 4294 2068 4342 nostrae

483 4370 541 4425 in
593 4371 832 4440 seipsam
872 4374 1106 4429 redacta:
1149 4389 1245 4444 per
1292 4376 1740 4431 observationem
1783 4379 2066 4432 mandato-

2171 1095 2379 1163 ἀσαφὲς
2407 1093 2466 1147 ὃν
2495 1091 2665 1161 σαφὲς
2694 1093 2775 1154 είς
2805 1089 3033 1160 δύναμιν
3065 1090 3109 1120 ⁸⁸
3146 1087 3512 1157 καταστῆσαι)
3535 1102 3548 1115 ·
3589 1088 3700 1140 Καὶ
3727 1088 3759 1138 6

2171 1182 2656 1256 ἀμπελὼν,φησὶν,
2693 1180 2824 1251 ἐμὸς
2849 1219 2862 1243 ,
2894 1179 2990 1233 καὶ
3021 1180 3050 1231 6
3096 1178 3310 1248 καρπὸς
3341 1178 3493 1248 ἐμός.
3536 1178 3600 1230 Oi
3647 1178 3760 1247 γάρ

2172 1275 2517 1345 νομιζόμενοι
2552 1272 2888 1343 παρέχεσθαι
2944 1270 3025 1342 τῷ
3071 1269 3332 1340 εἰρηνικῷ
3377 1287 3478 1339 μου
3512 1269 3758 1340 νυμφίῳ,

2173 1365 2420 1419 τουτέστι
2449 1363 2526 1434 τῷ
2553 1363 2880 1434 Σολομῶντι,
2900 1361 3061 1432 χίλιοι
3089 1361 3355 1431 ἀργυρίου
3389 1359 3619 1414 ἐνώπιόν
3650 1362 3761 1431 μού

2174 1459 2341 1510 εἰσιν·
2375 1453 2643 1509 ἀποδώσει
2673 1471 2762 1524 μοι
2803 1453 2912 1522 γὰρ
2947 1453 3148 1514 αὐτοὺς
3171 1451 3355 1504 πάλιν.
3385 1452 3495 1505 Καὶ
3533 1451 3628 1504 νῦν
3659 1453 3766 1522 μὲν

2177 1549 2286 1619 γὰρ
2312 1548 2536 1600 ἀπαιτεῖ
2571 1546 2804 1616 καρπὸν,
2833 1544 2936 1615 τὴν
2964 1542 3105 1612 ἐμὴν
3125 1542 3306 1595 ποθῶν
3342 1543 3636 1614 σωτηρίαν,
3661 1545 3767 1597 καὶ

2179 1638 2494 1707 σωζομένην
2516 1637 2560 1667 ²⁶
2588 1653 2655 1705 με
2695 1633 2840 1687 θέλει
2890 1633 3044 1686 ίδετν.
3085 1651 3104 1684 ι
3157 1632 3442 1702 Ἀμπελὼν
3492 1651 3594 1704 μου
3623 1633 3767 1704 ἐμὸς

2179 1728 2409 1782 ἐνώπιόν
2452 1745 2576 1798 μου,
2607 1728 2657 1779 οἱ
2680 1725 2840 1796 χίλιοι
2858 1723 3132 1792 Σολομὼν,
3157 1724 3249 1776 καὶ⁵
3280 1724 3330 1776 οἱ
3354 1723 3614 1777 διακόσιοι
3643 1727 3768 1787 τοῖς

2174 1818 2402 1891 τηροῦσι
2438 1818 2529 1871 τὸν
2577 1817 2791 1888 καρπὸν
2845 1815 3033 1870 αὑτοῦ.
3095 1834 3114 1868 ι
3151 1815 3507 1884 Λαμὸἁνουσι
3568 1815 3766 1888 μισθὸν

2172 1910 2267 1964 τοῦ
2299 1910 2620 1979 ἀμπελῶνος
2648 1909 2698 1960 οί
2743 1907 3004 1976 φύλακες,
3025 1908 3116 1960 καὶ
3153 1905 3343 1977 μισθὸν
3367 1906 3761 1977 ὼρισμένονίτ.

2172 2003 2286 2056 Καὶ
2312 2000 2499 2071 ἐπειδὴ
2535 1999 2634 2062 τάς
2663 2000 2826 2052 πέντε
2862 1998 3143 2070 αἰσθήσεις
3169 1999 3264 2052 τοῦ
3305 1997 3626 2069 ἀμπελῶνος
3656 2013 3767 2066 φυο

2171 2097 2445 2160 λάττουσι,
2464 2095 2609 2164 ὄψιν,
2632 2094 2724 2146 καὶ
2756 2091 2964 2162 γεῦσιν,
2989 2094 3084 2147 καὶ
3120 2092 3409 2162 ὄσφρησιν,
3439 2091 3534 2143 καὶ
3563 2089 3760 2158 ἀκοὴν,

2173 2189 2268 2243 καὶ
2319 2189 2485 2257 ἁφὴν,
2514 2185 2826 2254 ἀναγκαίως
2879 2185 3008 2246 τοὺς
3055 2183 3370 2247 διακοσίους
3413 2181 3763 2251 κομίζονται,

2171 2279 2334 2349 οἵπερ
2387 2279 2494 2330 είσὶ
2521 2276 2632 2329 τῶν
2656 2265 2843 2345 χιλίων
2872 2275 2935 2327 τδ
2965 2275 3214 2343 πέμπτον
3241 2289 3254 2302 ⁸
3289 2273 3429 2337 ἄξιοι
3457 2272 3568 2342 γάρ
3596 2273 3643 2324 oi
3667 2271 3768 2326 τὸν

2172 2371 2315 2424 θεῖον
2345 2368 2644 2440 ἀμπελῶνα
2669 2367 3046 2436 φυλάττοντες,
3067 2365 3175 2418 τῶν
3211 2364 3362 2436 παρά
3397 2363 3494 2417 τοῦ
3523 2379 3768 2432 φυτουρ-

2170 2461 2270 2530 γοῦ
2321 2462 2506 2531 τυχεῖν
2553 2459 2799 2525 ἀμοιὸῶν
2825 2476 2838 2488 ·
2875 2457 2956 2512 διὸ
2983 2458 3044 2511 ού
3084 2458 3246 2526 μόνον
3274 2459 3301 2509 6
3329 2456 3584 2526 νυμφίος,
3620 2454 3770 2508 ἀλλὰ

2172 2555 2268 2610 καλ⁹
2297 2553 2436 2625 αὕτη
2461 2555 2505 2587 ³⁸
2534 2557 2568 2625 ἡ
2594 2553 2803 2626 νύμφη,
2837 2551 3050 2615 τούτοις
3086 2551 3247 2604 δώσει
3292 2551 3392 2614 τὰς
3434 2549 3763 2611 ἀντιδόσεις.

2171 2649 2284 2702 Καὶ
2322 2649 2350 2700 6
2386 2646 2657 2716 μακάριος
2695 2644 2906 2708 Παῦλός
2938 2661 3106 2714 φησιν
3129 2661 3142 2672 ’
3172 2663 3190 2694 ι
3231 2641 3300 2695 El’
3328 2659 3474 2706 τινος
3505 2642 3566 2694 τὸ
3597 2641 3768 2712 ἔργον

2176 2739 2352 2808 μένει,
2384 2739 2412 2792 ὃ
2453 2737 2844 2808 ἐπῳκοδόμησε
2897 2734 3088 2806 μισθὸν
3140 2734 3390 2806 λήψεται.
3432 2752 3450 2784 ι
3485 2733 3597 2786 Καὶ
3645 2735 3768 2795 τοῖς

2174 2827 2571 2902 ἐργασαμένοις
2628 2828 2684 2880 δὲ
2735 2829 2814 2890 είς
2861 2827 2953 2880 τὸν
3015 2825 3354 2897 ἀμπελῶνα,
3387 2816 3488 2895 τῆς
3519 2824 3768 2895 ἑσπέρας

2175 2917 2621 2986 καταλαϐούσης,
2653 2916 2938 2970 ἐκέλευσεν
2980 2919 3008 2969 6
3044 2915 3430 2984 οἰκοδεσπότης
3467 2915 3570 2968 ἀνά
3596 2915 3767 2984 δηνά-

2176 3026 2290 3080 ριον
2319 3008 2558 3079 δοθῆναι.
2607 3009 2773 3079 Δῆλον
2819 3009 2998 3062 τοίνυν
3039 3009 3115 3072 ὡς
3148 3008 3298 3062 οὐδὲν
3337 3007 3567 3080 ἄμισθον
3608 3008 3769 3076 παρὰ

2175 3098 2324 3170 Θεῷ·
2353 3101 2401 3152 εί
2439 3099 2546 3170 γάρ
2578 3101 2606 3152 6
2637 3099 2896 3168 ποτήριον
2921 3097 3130 3168 ψυχροῦ
3160 3096 3240 3149 ἐνὶ
3277 3095 3388 3149 τῶν
3411 3095 3621 3168 μικρῶν
3648 3096 3768 3148 τῶν

2177 3191 2476 3262 ἐλαχίστων
2527 3189 2851 3260 προσφέρων
2879 3190 2941 3242 ού
2987 3189 3062 3261 μὴ
3111 3189 3372 3243 ἀπολέσει
3416 3189 3508 3241 τὸν
3567 3186 3767 3258 μισθὸν

2176 3283 2345 3338 αὐτοῦ
2365 3325 2380 3348 ,
2444 3282 2626 3353 πολλῷ
2664 3281 2864 3351 μᾶλλον
2895 3283 2924 3335 6
2972 3281 3064 3335 τὸν
3113 3280 3415 3352 ἀμπελῶνα
3473 3279 3767 3362 φυλάττων

2173 3377 2284 3432 τῶν
2316 3377 2469 3448 παρὰ
2489 3376 2582 3430 τοῦ
2612 3375 2937 3447 ἀμπελῶνος
2965 3376 3210 3448 ἀμοιδῶν
3244 3375 3765 3429 ἀπολαύσεται.Καὶ

2174 3471 2336 3535 αὐτὸς
2363 3470 2420 3523 δὲ
2445 3472 2474 3523 6
2501 3468 2762 3539 ἀμπελὼν
2790 3468 2888 3538 τὴν
2942 3468 3030 3521 διά
3079 3469 3187 3522 τῶν
3239 3468 3403 3522 πέντε
3453 3466 3767 3537 αἰσθήσεων

2175 3561 2424 3632 ὑπακοὴν
2459 3557 2718 3631 παρέξει,
2747 3560 2843 3613 καὶ
2879 3559 3005 3622 τοὺς
3037 3558 3342 3621 διακοσίους
3382 3555 3764 3629 πληρώσει-οἶ

2175 3651 2436 3713 πεντάκις
2462 3647 2707 3703 τοσοῦτοι
2732 3648 3006 3717 γινόμενοι
3030 3646 3299 3717 διαιρέται
3319 3646 3627 3715 ὑπάρχουσι
3647 3641 3764 3695 τῶν

2173 3742 2296 3796 κατ’
2329 3741 2611 3811 ἐνέργειαν
2652 3739 3036 3810 φυλασσόντων
3071 3739 3242 3801 αὐτάς
3274 3754 3288 3769 ·
3319 3737 3413 3791 καὶ
3457 3736 3564 3805 γάρ
3592 3735 3622 3786 6
3659 3734 3764 3804 μὲν

2172 3835 2320 3906 χίλια
2335 3833 2566 3905 ἀριθμὸς
2601 3833 2700 3903 τὴν
2721 3833 2780 3884 ἐν
2799 3830 3020 3903 Χριστῷ
3053 3831 3096 3862 ¹⁹
3132 3829 3387 3901 ἐμφαίνει
3405 3828 3716 3898 τελειότητα
3739 3866 3758 3892 ,

2171 3923 2479 3996 ἀπροσδεὴς
2504 3923 2766 3993 ὑπάρχων
2809 3921 2976 3992 μονάς
2996 3938 3010 3952 ο
3044 3921 3121 3984 ὡς
3169 3921 3243 3992 μὴ
3281 3921 3439 3991 μόνον
3469 3919 3561 3972 τὸν
3593 3919 3760 3973 δυνά-

2175 4035 2285 4089 μει,
2320 4015 2458 4069 ἀλλά
2511 4015 2607 4068 καὶ
2653 4015 2746 4068 τὸν
2778 4013 3031 4084 ἐνεργείᾳ
3059 4013 3264 4084 ταύτης
3289 4014 3448 4081 λόγον
3489 4013 3547 4065 ἐν
3578 4009 3761 4081 ἐαυτῷ

2174 4111 2375 4180 φέρων,
2413 4109 2495 4160 ὅτι
2518 4108 2583 4159 ἐκ
2613 4105 2836 4177 μονάδος
2864 4104 3114 4176 ἄρχεται,
3156 4105 3250 4157 καὶ
3288 4104 3377 4156 διὰ
3406 4103 3631 4174 μονάδος
3658 4102 3758 4170 δη-

2171 4199 2379 4262 λοῦται,
2411 4198 2506 4250 καὶ
2555 4195 2782 4266 μονάδος
2823 4196 2940 4248 ἐστὶ
2994 4195 3277 4263 ποιητικός
3310 4209 3324 4224 ·
3355 4194 3388 4265 ἠ
3419 4194 3528 4263 γὰρ
3577 4191 3758 4263 χιλιὰς

2170 4291 2265 4346 καί¹
2287 4292 2320 4360 ὴ
2358 4288 2559 4360 μυριὰς
2588 4288 2668 4358 τῷ
2701 4286 2802 4355 τῆς
2830 4286 3056 4357 μονάδος
3095 4285 3342 4356 στοιχείῳ
3362 4283 3720 4355 γνωρίζονται
3739 4300 3752 4313 ο

2169 4385 2198 4437 6
2227 4382 2283 4436 δὲ
2314 4380 2587 4441 διακόσιος
2630 4378 2792 4432 πάλιν
2830 4377 3064 4448 ἀριθμὸς
3097 4377 3195 4447 τὴν
3231 4376 3332 4445 τῆς
3359 4374 3573 4447 φύσεως
3599 4374 3756 4444 ἡμῶν

487 4475 610 4515 rum
660 4461 935 4531 signiﬁcat
990 4466 1399 4521 restitutionem
1431 4506 1446 4531 ,
1488 4467 1693 4536 quippe
1741 4467 1835 4536 qui
1878 4469 2065 4524 decies

2171 4473 2250 4534 εῐς
2271 4469 2465 4538 ἑαυτὴν
2493 4469 2578 4522 διὰ
2602 4467 2703 4536 τῆς
2735 4467 2843 4520 τῶν
2871 4466 3099 4520 ἐντολῶν
3137 4465 3401 4537 ἐργασίας
3437 4465 3590 4535 δηλοῖ
3614 4465 3756 4517 ἀπο-

485 4552 782 4621 repetitum
817 4569 914 4622 per
935 4555 1120 4611 decem
1155 4558 1415 4612 mandata
1444 4557 1784 4612 virenarium
1817 4559 2067 4614 continet

483 4655 548 4695 ex
577 4655 771 4712 quater
803 4645 1048 4717 quinque
1090 4647 1500 4717 compositum,
1543 4653 1601 4701 et
1639 4655 1930 4716 propterea
1969 4663 2067 4702 na-

483 4745 662 4789 turam
693 4744 979 4804 nostram,
1034 4755 1157 4809 quae
1205 4754 1275 4793 ex
1322 4737 1553 4794 materia
1601 4737 1888 4808 formaque
1932 4753 2066 4794 cono

488 4834 632 4892 stat,
665 4830 1066 4887 ostendentem.
1101 4829 1200 4886 His
1229 4829 1394 4886 dictis
1415 4869 1430 4894 ,
1459 4843 1665 4899 sponsa
1703 4830 1905 4901 insigni
1937 4845 2064 4885 cum

481 4921 751 4976 modestia
772 4961 788 4986 ,
824 4922 1150 4992 ardentique
1181 4923 1452 4977 bonorum
1496 4919 1813 4976 futurorum
1845 4921 2063 4978 deside-

481 5010 588 5080 rio,
614 5013 729 5068 haec
763 5014 893 5071 item
923 5014 994 5069 ad
1025 5029 1291 5086 sponsum
1323 5013 1568 5084 loquitur
1603 5032 1619 5066 :

2172 4560 2526 4622 κατάστασιν,
2551 4557 2626 4620 ὡς
2649 4554 3101 4620 δεκαπλασιάζων
3129 4555 3270 4610 κατά
3292 4555 3391 4626 τὴν
3419 4553 3620 4607 δεκάδα
3643 4552 3758 4605 τῶν

2170 4647 2401 4704 ἐντολῶν
2441 4647 2531 4700 τὸν
2581 4648 2645 4700 ἐκ
2692 4646 2787 4700 τοῦ
2839 4647 3099 4716 τετράκις
3133 4646 3292 4700 πέντε
3344 4645 3758 4715 συντιθέμενον·

2145 4738 2464 4793 ’κάντεῦθεν
2520 4737 2782 4810 δηλοῦντα
2825 4738 2918 4792 τὸν
2967 4737 3028 4802 ἐξ
3078 4737 3212 4806 ὕλης
3239 4736 3335 4790 καὶ
3379 4737 3555 4798 εἴδους
3589 4735 3690 4804 τῆς
3711 4737 3756 4768 ⁸ο

2170 4830 2386 4900 φύσεως
2412 4830 2569 4899 ἡμῶν
2600 4829 2910 4883 σύνθετονἰ
2937 4827 3182 4881 εἰκοστὸν
3224 4826 3471 4897 ἀριθμόν.
3513 4825 3657 4897 Πρὸς
3696 4824 3758 4879 δὲ

2169 4920 2379 4984 τούτοις
2396 4921 2441 4951 ¹¹
2472 4919 2872 4990 είρημένοις,ή
2923 4918 3132 4989 νύμφη,
3166 4916 3262 4969 καὶ
3306 4916 3433 4970 τάδε
3482 4915 3619 4987 πρὸς
3659 4913 3758 4967 τὸν

2170 5010 2424 5081 νυμφίον,
2450 5011 2518 5063 δι’
2539 5011 2712 5078 ἀκραν
2749 4992 2821 5064 ’τε
2861 5010 3330 5082 μετριοφροσύνην
3371 5009 3467 5062 καὶ
3495 5009 3754 5062 ἐπιτετα-

2175 5100 2336 5171 μένον
2364 5100 2529 5153 πόθον
2561 5100 2670 5154 τῶν
2701 5100 3008 5172 μελλόντων
3046 5100 3290 5170 ἀγαθῶν,
3327 5098 3608 5166 διέξεισιν·

590 5297 606 5335 ε
643 5296 660 5348 l
699 5295 829 5353 Cor.
864 5312 948 5363 ιιι,
988 5296 1075 5351 14.
1157 5299 1182 5338 ⁸
1229 5295 1424 5351 Matth.
1465 5311 1556 5363 xx,
1593 5295 1648 5350 8.
1724 5296 1750 5336 ὶι
1786 5296 1977 5354 Matth.
2016 5313 2071 5363 κ,

2171 5299 2221 5362 l;
2255 5297 2422 5352 Marc.
2457 5313 2534 5362 ix,
2555 5297 2647 5352 ιι.

1800 5475 2034 5533 ἾΑΒΙΑΞ
2062 5476 2468 5534 LECTIONES.

559 5650 601 5681 ’⁵
633 5649 882 5722 δύναμιν.
906 5649 1044 5722 Cod.
1083 5666 1269 5721 praem.
1305 5650 1424 5722 τήν.
1471 5719 1483 5722 _
1506 5650 1548 5681 ¹⁸
1589 5649 1721 5722 Cod.
1757 5652 2084 5721 σωζόμενον.

484 5716 610 5775 Des.
635 5721 689 5774 in
719 5716 841 5777 cud.

923 5722 966 5752 ¹⁰
992 5719 1506 5792 τῆςΑιιοειιιευὰ.
1585 5723 1625 5754 ²¹
1665 5719 1934 5778 σύνθετον.
1967 5723 2088 5780 Des.
2116 5723 2170 5778 in
2196 5722 2322 5778 cod.

2166 5653 2206 5684 ιτ
2236 5651 2368 5736 (39d.
2397 5651 2757 5736 ιὶξραῖςιμένονε
2816 5654 2883 5736 ,η
2915 5653 3050 5736 (Ξοᾶ.
3086 5654 3248 5727 αὐτή.
3327 5655 3371 5690 ¹⁹
3407 5654 3466 5710 ὲν
3501 5651 3742 5725 Χριστῷ.

2399 5725 2441 5754 ²²
2471 5722 2698 5787 τούτοις.
2718 5723 2852 5781 Cod.
2879 5722 3007 5789 τοῖς.
