  <div class='ocr_page' id='page_1' title='image "/cluster/home/n/w/nwhite01/storage/ocr_20150623/81:no.2/coo.31924054869825/115.png"; bbox 0 0 4076 6446; ppageno 0'>
   <div class='ocr_carea' id='block_1_1' title="bbox 496 331 3757 410">
    <p class='ocr_par' dir='ltr' id='par_1_1' title="bbox 496 331 3757 410">
     <span class='ocr_line' id='line_1_1' title="bbox 496 331 3757 410; baseline 0.001 -5"><span class='ocrx_word' id='word_1_1' title='bbox 496 339 605 407; x_wconf 78' lang='lat'><strong>215</strong></span> <span class='ocrx_word' id='word_1_2' title='bbox 897 331 904 339; x_wconf 84' lang='lat'>&#39;</span> <span class='ocrx_word' id='word_1_3' title='bbox 1484 343 1972 405; x_wconf 75' lang='lat' dir='ltr'><strong>THEODORETI</strong></span> <span class='ocrx_word' id='word_1_4' title='bbox 2006 343 2346 404; x_wconf 81' lang='lat' dir='ltr'><strong>EPISCOPI</strong></span> <span class='ocrx_word' id='word_1_5' title='bbox 2380 344 2745 405; x_wconf 81' lang='lat' dir='ltr'><strong>CYRENSIS</strong></span> <span class='ocrx_word' id='word_1_6' title='bbox 3646 344 3757 410; x_wconf 78' lang='lat'><strong>216</strong></span> 
     </span>
    </p>
   </div>
   <div class='ocr_carea' id='block_1_2' title="bbox 499 476 3749 532">
    <p class='ocr_par' dir='ltr' id='par_1_2' title="bbox 499 476 3749 532">
     <span class='ocr_line' id='line_1_2' title="bbox 499 476 3749 532; baseline -0.002 0"><span class='ocrx_word' id='word_1_7' title='bbox 499 476 3749 532; x_wconf 43' lang='grc' dir='ltr'><strong>Μωρέ-π.</strong></span> 
     </span>
    </p>
   </div>
   <div class='ocr_carea' id='block_1_3' title="bbox 811 677 3434 817">
    <p class='ocr_par' dir='ltr' id='par_1_3' title="bbox 811 677 3434 817">
     <span class='ocr_line' id='line_1_3' title="bbox 811 677 3434 817; baseline 0.002 -6"><span class='ocrx_word' id='word_1_8' title='bbox 811 683 1157 814; x_wconf 88' lang='grc' dir='ltr'>ΤΟΥ</span> <span class='ocrx_word' id='word_1_9' title='bbox 1256 677 2142 815; x_wconf 84' lang='grc' dir='ltr'><strong>ΜΑΚΑΡΙΟΥ</strong></span> <span class='ocrx_word' id='word_1_10' title='bbox 2274 678 3434 817; x_wconf 83' lang='grc' dir='ltr'><strong>ΘΕΟΔΩΡΗΤΟΥ</strong></span> 
     </span>
    </p>
   </div>
   <div class='ocr_carea' id='block_1_4' title="bbox 1767 913 2468 969">
    <p class='ocr_par' dir='ltr' id='par_1_4' title="bbox 1767 913 2468 969">
     <span class='ocr_line' id='line_1_4' title="bbox 1767 913 2468 969; baseline 0.004 -3"><span class='ocrx_word' id='word_1_11' title='bbox 1767 913 2170 969; x_wconf 78' lang='grc' dir='ltr'><strong>ΕΠΙΣΚΟΠΟΥ</strong></span> <span class='ocrx_word' id='word_1_12' title='bbox 2229 914 2468 969; x_wconf 81' lang='grc' dir='ltr'><strong>ΚΥΡΟΥ</strong></span> 
     </span>
    </p>
   </div>
   <div class='ocr_carea' id='block_1_5' title="bbox 1019 1046 3213 1225">
    <p class='ocr_par' dir='ltr' id='par_1_5' title="bbox 1019 1046 3213 1225">
     <span class='ocr_line' id='line_1_5' title="bbox 1019 1046 3213 1225; baseline 0.003 -30"><span class='ocrx_word' id='word_1_13' title='bbox 1019 1085 1260 1198; x_wconf 82' lang='grc' dir='ltr'><strong>ΕΙΣ</strong></span> <span class='ocrx_word' id='word_1_14' title='bbox 1332 1046 1651 1197; x_wconf 85' lang='lat' dir='ltr'><strong>TON</strong></span> <span class='ocrx_word' id='word_1_15' title='bbox 1712 1086 2291 1225; x_wconf 80' lang='grc' dir='ltr'><strong>ΗΣΑΙΑΝ</strong></span> <span class='ocrx_word' id='word_1_16' title='bbox 2355 1083 3213 1202; x_wconf 73' lang='grc' dir='ltr'><strong>ΠΡΟΦΗΤΗΝ</strong></span> 
     </span>
    </p>
   </div>
   <div class='ocr_carea' id='block_1_6' title="bbox 1338 1301 2864 1394">
    <p class='ocr_par' dir='ltr' id='par_1_6' title="bbox 1338 1301 2864 1394">
     <span class='ocr_line' id='line_1_6' title="bbox 1338 1301 2864 1394; baseline 0.003 -4"><span class='ocrx_word' id='word_1_17' title='bbox 1338 1302 1905 1393; x_wconf 89' lang='grc' dir='ltr'><strong>ΕΡΜΗΝΕΙΑ</strong></span> <span class='ocrx_word' id='word_1_18' title='bbox 1979 1301 2220 1391; x_wconf 84' lang='grc' dir='ltr'><strong>ΚΑΤ</strong></span> <span class='ocrx_word' id='word_1_19' title='bbox 2294 1304 2864 1394; x_wconf 88' lang='grc' dir='ltr'><strong>ΕΚΛοΓΗΝ.</strong></span> 
     </span>
    </p>
   </div>
   <div class='ocr_carea' id='block_1_7' title="bbox 1082 1684 2692 1851">
    <p class='ocr_par' dir='ltr' id='par_1_7' title="bbox 1082 1684 2692 1851">
     <span class='ocr_line' id='line_1_7' title="bbox 1082 1684 2692 1851; baseline 0.002 -8"><span class='ocrx_word' id='word_1_20' title='bbox 1082 1684 1710 1846; x_wconf 66' lang='grc' dir='ltr'><strong>’ΒΕΑΤΙ</strong></span> <span class='ocrx_word' id='word_1_21' title='bbox 1844 1691 2692 1851; x_wconf 89' lang='lat' dir='ltr'><strong>THEODO]</strong></span> 
     </span>
    </p>
   </div>
   <div class='ocr_carea' id='block_1_8' title="bbox 1484 1684 3094 1851">
    <p class='ocr_par' dir='ltr' id='par_1_8' title="bbox 1484 1691 3094 1851">
     <span class='ocr_line' id='line_1_8' title="bbox 1484 1691 3094 1851; baseline -0.001 -5"><span class='ocrx_word' id='word_1_22' title='bbox 1484 1694 1710 1846; x_wconf 71' lang='lat' dir='ltr'><strong>.TI</strong></span> <span class='ocrx_word' id='word_1_23' title='bbox 1844 1691 3094 1851; x_wconf 82' lang='lat' dir='ltr'><strong>THEODORETI</strong></span> 
     </span>
    </p>
   </div>
   <div class='ocr_carea' id='block_1_9' title="bbox 1763 1960 2467 2020">
    <p class='ocr_par' dir='ltr' id='par_1_9' title="bbox 1763 1960 2467 2020">
     <span class='ocr_line' id='line_1_9' title="bbox 1763 1960 2467 2020; baseline 0.003 -3"><span class='ocrx_word' id='word_1_24' title='bbox 1763 1960 2079 2018; x_wconf 80' lang='lat' dir='ltr'><strong>EPlSCOPl</strong></span> <span class='ocrx_word' id='word_1_25' title='bbox 2118 1961 2467 2020; x_wconf 73' lang='lat' dir='ltr'><strong>CYRENSIS</strong></span> 
     </span>
    </p>
   </div>
   <div class='ocr_carea' id='block_1_10' title="bbox 1244 2134 2999 2254">
    <p class='ocr_par' dir='ltr' id='par_1_10' title="bbox 1244 2134 2999 2254">
     <span class='ocr_line' id='line_1_10' title="bbox 1244 2134 2999 2254; baseline 0.001 -2"><span class='ocrx_word' id='word_1_26' title='bbox 1244 2138 1391 2252; x_wconf 89' lang='lat' dir='ltr'><strong>IN</strong></span> <span class='ocrx_word' id='word_1_27' title='bbox 1500 2136 1990 2252; x_wconf 87' lang='lat' dir='ltr'><strong>ISAIAM</strong></span> <span class='ocrx_word' id='word_1_28' title='bbox 2129 2134 2999 2254; x_wconf 84' lang='lat' dir='ltr'><strong>PROPHETAM</strong></span> 
     </span>
    </p>
   </div>
   <div class='ocr_carea' id='block_1_11' title="bbox 1570 2362 2670 2427">
    <p class='ocr_par' dir='ltr' id='par_1_11' title="bbox 1570 2362 2670 2427">
     <span class='ocr_line' id='line_1_11' title="bbox 1570 2362 2670 2427; baseline 0 -3"><span class='ocrx_word' id='word_1_29' title='bbox 1570 2362 1999 2425; x_wconf 78' lang='lat' dir='ltr'><strong>ECLOGARIA</strong></span> <span class='ocrx_word' id='word_1_30' title='bbox 2032 2362 2114 2425; x_wconf 89' lang='grc' dir='ltr'><strong>ΙΝ</strong></span> <span class='ocrx_word' id='word_1_31' title='bbox 2119 2364 2670 2427; x_wconf 81' lang='lat' dir='ltr'><strong>TERPRETATIO.</strong></span> 
     </span>
    </p>
   </div>
   <div class='ocr_carea' id='block_1_12' title="bbox 1066 2512 3173 2583">
    <p class='ocr_par' dir='ltr' id='par_1_12' title="bbox 1066 2512 3173 2583">
     <span class='ocr_line' id='line_1_12' title="bbox 1066 2512 3173 2583; baseline 0 -15"><span class='ocrx_word' id='word_1_32' title='bbox 1066 2520 1303 2580; x_wconf 73' lang='lat' dir='ltr'><strong>Excerpta</strong></span> <span class='ocrx_word' id='word_1_33' title='bbox 1324 2529 1387 2568; x_wconf 64' lang='lat' dir='ltr'><strong>ex</strong></span> <span class='ocrx_word' id='word_1_34' title='bbox 1413 2513 1599 2567; x_wconf 84' lang='lat' dir='ltr'><strong>Catenis</strong></span> <span class='ocrx_word' id='word_1_35' title='bbox 1623 2513 1827 2578; x_wconf 71' lang='lat' dir='ltr'><strong>Gracia,</strong></span> <span class='ocrx_word' id='word_1_36' title='bbox 1846 2522 1893 2567; x_wconf 84' lang='lat' dir='ltr'><strong>et</strong></span> <span class='ocrx_word' id='word_1_37' title='bbox 1920 2512 2083 2568; x_wconf 80' lang='lat' dir='ltr'><strong>Latine</strong></span> <span class='ocrx_word' id='word_1_38' title='bbox 2107 2529 2249 2568; x_wconf 80' lang='lat' dir='ltr'><strong>versa</strong></span> <span class='ocrx_word' id='word_1_39' title='bbox 2268 2516 2435 2570; x_wconf 75' lang='lat' dir='ltr'><strong>studio</strong></span> <span class='ocrx_word' id='word_1_40' title='bbox 2466 2522 2511 2569; x_wconf 84' lang='lat' dir='ltr'><strong>et</strong></span> <span class='ocrx_word' id='word_1_41' title='bbox 2535 2530 2683 2583; x_wconf 87' lang='lat' dir='ltr'><strong><em>opera</em></strong></span> <span class='ocrx_word' id='word_1_42' title='bbox 2704 2515 2880 2569; x_wconf 80' lang='lat' dir='ltr'><strong>Jacobi</strong></span> <span class='ocrx_word' id='word_1_43' title='bbox 2902 2512 3173 2569; x_wconf 85' lang='lat' dir='ltr'><strong>Sirmondi.</strong></span> 
     </span>
    </p>
   </div>
   <div class='ocr_carea' id='block_1_13' title="bbox 926 2822 2536 2897">
    <p class='ocr_par' dir='ltr' id='par_1_13' title="bbox 926 2822 2150 2897">
     <span class='ocr_line' id='line_1_13' title="bbox 926 2822 2150 2897; baseline 0.007 -18"><span class='ocrx_word' id='word_1_44' title='bbox 926 2823 1086 2897; x_wconf 68' lang='lat'><strong>165</strong></span> <span class='ocrx_word' id='word_1_45' title='bbox 1122 2822 1634 2882; x_wconf 80' lang='lat' dir='ltr'><strong>ARGUMENTUM.</strong></span> <span class='ocrx_word' id='word_1_46' title='bbox 2101 2831 2150 2887; x_wconf 74' lang='grc' dir='ltr'>Α</span> 
     </span>
    </p>
   </div>
   <div class='ocr_carea' id='block_1_14' title="bbox 1530 2822 3140 2897">
    <p class='ocr_par' dir='ltr' id='par_1_14' title="bbox 1530 2822 3140 2887">
     <span class='ocr_line' id='line_1_14' title="bbox 1530 2822 3140 2887; baseline -0.001 -8"><span class='ocrx_word' id='word_1_47' title='bbox 1530 2822 1634 2879; x_wconf 83' lang='lat' dir='ltr'><strong>UM.</strong></span> <span class='ocrx_word' id='word_1_48' title='bbox 2101 2831 2150 2887; x_wconf 73' lang='grc' dir='ltr'>Α</span> <span class='ocrx_word' id='word_1_49' title='bbox 2785 2823 3140 2878; x_wconf 76' lang='grc' dir='ltr'><strong>ΥΠΟΘΕΣΙΣ.</strong></span> 
     </span>
    </p>
   </div>
   <div class='ocr_carea' id='block_1_15' title="bbox 572 2935 2182 3014">
    <p class='ocr_par' dir='ltr' id='par_1_15' title="bbox 572 2937 2077 3014">
     <span class='ocr_line' id='line_1_15' title="bbox 572 2937 2077 3014; baseline -0.005 -15"><span class='ocrx_word' id='word_1_50' title='bbox 572 2943 775 3001; x_wconf 79' lang='lat' dir='ltr'><strong>Omnes</strong></span> <span class='ocrx_word' id='word_1_51' title='bbox 803 2940 1029 3014; x_wconf 81' lang='lat' dir='ltr'><strong>quidem</strong></span> <span class='ocrx_word' id='word_1_52' title='bbox 1068 2937 1245 2994; x_wconf 82' lang='lat' dir='ltr'><strong>divini</strong></span> <span class='ocrx_word' id='word_1_53' title='bbox 1294 2937 1574 3009; x_wconf 70' lang='lat' dir='ltr'><strong>prophetae</strong></span> <span class='ocrx_word' id='word_1_54' title='bbox 1629 2952 1742 2994; x_wconf 91' lang='lat' dir='ltr'><strong>non</strong></span> <span class='ocrx_word' id='word_1_55' title='bbox 1785 2952 1849 2993; x_wconf 90' lang='lat' dir='ltr'><strong>ea</strong></span> <span class='ocrx_word' id='word_1_56' title='bbox 1898 2938 2077 2994; x_wconf 87' lang='lat' dir='ltr'><strong>solum</strong></span> 
     </span>
    </p>
   </div>
   <div class='ocr_carea' id='block_1_16' title="bbox 2154 2935 3764 3014">
    <p class='ocr_par' dir='ltr' id='par_1_16' title="bbox 2253 2935 3764 3009">
     <span class='ocr_line' id='line_1_16' title="bbox 2253 2935 3764 3009; baseline 0.001 -17"><span class='ocrx_word' id='word_1_57' title='bbox 2253 2938 2527 3001; x_wconf 77' lang='grc' dir='ltr'>Ἅπαντες</span> <span class='ocrx_word' id='word_1_58' title='bbox 2586 2938 2684 3009; x_wconf 76' lang='grc' dir='ltr'>μὲν</span> <span class='ocrx_word' id='word_1_59' title='bbox 2707 2938 2724 2969; x_wconf 75' lang='grc'><strong><em>⁸</em></strong></span> <span class='ocrx_word' id='word_1_60' title='bbox 2752 2937 2801 2990; x_wconf 87' lang='grc' dir='ltr'><strong>οί</strong></span> <span class='ocrx_word' id='word_1_61' title='bbox 2857 2935 3143 3009; x_wconf 40' lang='grc' dir='ltr'>θεσπέσιοι,</span> <span class='ocrx_word' id='word_1_62' title='bbox 3181 2936 3458 3008; x_wconf 78' lang='grc' dir='ltr'><strong>προφῆται</strong></span> <span class='ocrx_word' id='word_1_63' title='bbox 3488 2937 3560 2991; x_wconf 81' lang='grc' dir='ltr'><strong>ού</strong></span> <span class='ocrx_word' id='word_1_64' title='bbox 3595 2939 3764 3009; x_wconf 76' lang='grc' dir='ltr'>μόνον</span> 
     </span>
    </p>
   </div>
   <div class='ocr_carea' id='block_1_17' title="bbox 497 3027 2107 3107">
    <p class='ocr_par' dir='ltr' id='par_1_17' title="bbox 497 3028 2081 3107">
     <span class='ocr_line' id='line_1_17' title="bbox 497 3028 2081 3107; baseline -0.005 -14"><span class='ocrx_word' id='word_1_65' title='bbox 497 3036 962 3107; x_wconf 72' lang='lat' dir='ltr'><strong>pmntntiarunt,</strong></span> <span class='ocrx_word' id='word_1_66' title='bbox 998 3046 1121 3103; x_wconf 66' lang='lat' dir='ltr'><strong>quae</strong></span> <span class='ocrx_word' id='word_1_67' title='bbox 1158 3028 1349 3087; x_wconf 86' lang='lat' dir='ltr'><strong>lsraeli</strong></span> <span class='ocrx_word' id='word_1_68' title='bbox 1381 3040 1646 3086; x_wconf 73' lang='lat' dir='ltr'><strong>eventura</strong></span> <span class='ocrx_word' id='word_1_69' title='bbox 1673 3040 1852 3096; x_wconf 89' lang='lat' dir='ltr'><strong>erant,</strong></span> <span class='ocrx_word' id='word_1_70' title='bbox 1891 3030 1986 3087; x_wconf 85' lang='lat' dir='ltr'><strong>sed</strong></span> <span class='ocrx_word' id='word_1_71' title='bbox 2013 3031 2081 3086; x_wconf 89' lang='lat' dir='ltr'><strong>de</strong></span> 
     </span>
    </p>
   </div>
   <div class='ocr_carea' id='block_1_18' title="bbox 2156 3027 3766 3107">
    <p class='ocr_par' dir='ltr' id='par_1_18' title="bbox 2180 3027 3766 3100">
     <span class='ocr_line' id='line_1_18' title="bbox 2180 3027 3766 3100; baseline 0.002 -19"><span class='ocrx_word' id='word_1_72' title='bbox 2180 3028 2248 3082; x_wconf 84' lang='grc' dir='ltr'><strong>τὰ</strong></span> <span class='ocrx_word' id='word_1_73' title='bbox 2270 3027 2347 3099; x_wconf 83' lang='grc' dir='ltr'><strong>τῷ</strong></span> <span class='ocrx_word' id='word_1_74' title='bbox 2382 3028 2598 3100; x_wconf 84' lang='grc' dir='ltr'>Ἰσραὴλ</span> <span class='ocrx_word' id='word_1_75' title='bbox 2631 3028 3023 3099; x_wconf 79' lang='grc' dir='ltr'>συμϐησόμενα</span> <span class='ocrx_word' id='word_1_76' title='bbox 3056 3028 3642 3100; x_wconf 82' lang='grc' dir='ltr'>προηγόρευσαν,άλλὰ</span> <span class='ocrx_word' id='word_1_77' title='bbox 3663 3031 3766 3084; x_wconf 78' lang='grc' dir='ltr'>καὶ</span> 
     </span>
    </p>
   </div>
   <div class='ocr_carea' id='block_1_19' title="bbox 498 3118 2108 3197">
    <p class='ocr_par' dir='ltr' id='par_1_19' title="bbox 498 3120 2079 3197">
     <span class='ocr_line' id='line_1_19' title="bbox 498 3120 2079 3197; baseline -0.003 -16"><span class='ocrx_word' id='word_1_78' title='bbox 498 3127 742 3197; x_wconf 81' lang='lat' dir='ltr'><strong>gentium</strong></span> <span class='ocrx_word' id='word_1_79' title='bbox 793 3124 962 3182; x_wconf 84' lang='lat' dir='ltr'><strong>etiam</strong></span> <span class='ocrx_word' id='word_1_80' title='bbox 1007 3123 1186 3179; x_wconf 88' lang='lat' dir='ltr'><strong>salute</strong></span> <span class='ocrx_word' id='word_1_81' title='bbox 1214 3120 1499 3176; x_wconf 86' lang='lat' dir='ltr'><strong>vaticinati</strong></span> <span class='ocrx_word' id='word_1_82' title='bbox 1551 3127 1721 3188; x_wconf 88' lang='lat' dir='ltr'><strong>sunt,</strong></span> <span class='ocrx_word' id='word_1_83' title='bbox 1762 3128 1818 3177; x_wconf 89' lang='lat' dir='ltr'><strong>et</strong></span> <span class='ocrx_word' id='word_1_84' title='bbox 1858 3120 2079 3176; x_wconf 86' lang='lat' dir='ltr'><strong>Domini</strong></span> 
     </span>
    </p>
   </div>
   <div class='ocr_carea' id='block_1_20' title="bbox 2156 3118 3766 3197">
    <p class='ocr_par' dir='ltr' id='par_1_20' title="bbox 2180 3118 3766 3193">
     <span class='ocr_line' id='line_1_20' title="bbox 2180 3118 3766 3193; baseline 0.002 -20"><span class='ocrx_word' id='word_1_85' title='bbox 2180 3120 2289 3173; x_wconf 88' lang='grc' dir='ltr'><strong>τῶν</strong></span> <span class='ocrx_word' id='word_1_86' title='bbox 2347 3120 2516 3174; x_wconf 69' lang='grc' dir='ltr'>ἐθνῶν</span> <span class='ocrx_word' id='word_1_87' title='bbox 2554 3119 2656 3191; x_wconf 77' lang='grc' dir='ltr'>τὴν</span> <span class='ocrx_word' id='word_1_88' title='bbox 2705 3118 2981 3191; x_wconf 78' lang='grc' dir='ltr'>σωτηρίαν</span> <span class='ocrx_word' id='word_1_89' title='bbox 3029 3120 3490 3191; x_wconf 79' lang='grc' dir='ltr'>προεθέσπισαν’,</span> <span class='ocrx_word' id='word_1_90' title='bbox 3518 3122 3612 3175; x_wconf 56' lang='grc' dir='ltr'><strong>καὶ⁵</strong></span> <span class='ocrx_word' id='word_1_91' title='bbox 3657 3122 3766 3193; x_wconf 83' lang='grc' dir='ltr'>τὴν</span> 
     </span>
    </p>
   </div>
   <div class='ocr_carea' id='block_1_21' title="bbox 496 3209 2106 3285">
    <p class='ocr_par' dir='ltr' id='par_1_21' title="bbox 496 3209 2081 3285">
     <span class='ocr_line' id='line_1_21' title="bbox 496 3209 2081 3285; baseline -0.003 -15"><span class='ocrx_word' id='word_1_92' title='bbox 496 3218 795 3273; x_wconf 86' lang='lat' dir='ltr'><strong>adventum</strong></span> <span class='ocrx_word' id='word_1_93' title='bbox 824 3219 1342 3285; x_wconf 70' lang='lat' dir='ltr'><strong>praemonstrarunt.</strong></span> <span class='ocrx_word' id='word_1_94' title='bbox 1391 3209 1647 3265; x_wconf 89' lang='lat' dir='ltr'><strong>Omnium</strong></span> <span class='ocrx_word' id='word_1_95' title='bbox 1675 3225 1810 3266; x_wconf 83' lang='lat' dir='ltr'><strong>vero</strong></span> <span class='ocrx_word' id='word_1_96' title='bbox 1839 3211 2081 3266; x_wconf 79' lang='lat' dir='ltr'><strong>maxime</strong></span> 
     </span>
    </p>
   </div>
   <div class='ocr_carea' id='block_1_22' title="bbox 2156 3209 3766 3285">
    <p class='ocr_par' dir='ltr' id='par_1_22' title="bbox 2181 3209 3766 3281">
     <span class='ocr_line' id='line_1_22' title="bbox 2181 3209 3766 3281; baseline 0.002 -18"><span class='ocrx_word' id='word_1_97' title='bbox 2181 3209 2519 3280; x_wconf 81' lang='grc' dir='ltr'>Δεσποτικὴν</span> <span class='ocrx_word' id='word_1_98' title='bbox 2576 3211 2968 3281; x_wconf 81' lang='grc' dir='ltr'>προεμήνυσαν</span> <span class='ocrx_word' id='word_1_99' title='bbox 3021 3210 3367 3279; x_wconf 74' lang='grc' dir='ltr'>ἐπιφάνειαν.</span> <span class='ocrx_word' id='word_1_100' title='bbox 3428 3212 3655 3266; x_wconf 83' lang='grc' dir='ltr'><strong>Πάντων</strong></span> <span class='ocrx_word' id='word_1_101' title='bbox 3706 3212 3766 3266; x_wconf 75' lang='grc' dir='ltr'>δὲ</span> 
     </span>
    </p>
   </div>
   <div class='ocr_carea' id='block_1_23' title="bbox 496 3300 2106 3373">
    <p class='ocr_par' dir='ltr' id='par_1_23' title="bbox 496 3301 2077 3364">
     <span class='ocr_line' id='line_1_23' title="bbox 496 3301 2077 3364; baseline -0.004 0"><span class='ocrx_word' id='word_1_102' title='bbox 496 3306 846 3364; x_wconf 82' lang='lat' dir='ltr'><strong>divinissimo</strong></span> <span class='ocrx_word' id='word_1_103' title='bbox 890 3303 1048 3362; x_wconf 71' lang='lat' dir='ltr'><strong>Isaiae</strong></span> <span class='ocrx_word' id='word_1_104' title='bbox 1091 3301 1415 3357; x_wconf 88' lang='lat' dir='ltr'><strong>vaticinatio</strong></span> <span class='ocrx_word' id='word_1_105' title='bbox 1462 3301 1571 3357; x_wconf 87' lang='lat' dir='ltr'><strong>ista</strong></span> <span class='ocrx_word' id='word_1_106' title='bbox 1624 3301 1940 3358; x_wconf 85' lang='lat' dir='ltr'><strong>concredita</strong></span> <span class='ocrx_word' id='word_1_107' title='bbox 1971 3308 2077 3359; x_wconf 88' lang='lat' dir='ltr'><strong>est.</strong></span> 
     </span>
    </p>
   </div>
   <div class='ocr_carea' id='block_1_24' title="bbox 2158 3300 3768 3373">
    <p class='ocr_par' dir='ltr' id='par_1_24' title="bbox 2185 3300 3768 3373">
     <span class='ocr_line' id='line_1_24' title="bbox 2185 3300 3768 3373; baseline -0.001 -18"><span class='ocrx_word' id='word_1_108' title='bbox 2185 3302 2421 3373; x_wconf 84' lang='grc' dir='ltr'>μάλιστα</span> <span class='ocrx_word' id='word_1_109' title='bbox 2448 3303 2477 3355; x_wconf 87' lang='grc' dir='ltr'>ὁ</span> <span class='ocrx_word' id='word_1_110' title='bbox 2505 3300 2778 3365; x_wconf 83' lang='grc' dir='ltr'>θειότατος</span> <span class='ocrx_word' id='word_1_111' title='bbox 2832 3301 3057 3364; x_wconf 75' lang='grc' dir='ltr'>Ἡσαΐας</span> <span class='ocrx_word' id='word_1_112' title='bbox 3106 3300 3312 3372; x_wconf 88' lang='grc' dir='ltr'>ταύτην</span> <span class='ocrx_word' id='word_1_113' title='bbox 3344 3303 3638 3372; x_wconf 73' lang='grc' dir='ltr'><strong>ἐπιστεύθη</strong></span> <span class='ocrx_word' id='word_1_114' title='bbox 3658 3302 3768 3373; x_wconf 77' lang='grc' dir='ltr'>τὴν</span> 
     </span>
    </p>
   </div>
   <div class='ocr_carea' id='block_1_25' title="bbox 496 3390 2106 3470">
    <p class='ocr_par' dir='ltr' id='par_1_25' title="bbox 496 3392 2081 3470">
     <span class='ocr_line' id='line_1_25' title="bbox 496 3392 2081 3470; baseline -0.001 -18"><span class='ocrx_word' id='word_1_115' title='bbox 496 3397 633 3453; x_wconf 73' lang='lat' dir='ltr'><strong>Nam</strong></span> <span class='ocrx_word' id='word_1_116' title='bbox 666 3406 856 3470; x_wconf 87' lang='lat' dir='ltr'><strong>aperte</strong></span> <span class='ocrx_word' id='word_1_117' title='bbox 880 3395 1068 3452; x_wconf 85' lang='lat' dir='ltr'><strong>omnia</strong></span> <span class='ocrx_word' id='word_1_118' title='bbox 1092 3392 1365 3464; x_wconf 64' lang='lat' dir='ltr'><strong>pradicit,</strong></span> <span class='ocrx_word' id='word_1_119' title='bbox 1388 3401 1443 3449; x_wconf 85' lang='lat' dir='ltr'><strong>et</strong></span> <span class='ocrx_word' id='word_1_120' title='bbox 1469 3401 1794 3464; x_wconf 73' lang='lat' dir='ltr'><strong>prognatam</strong></span> <span class='ocrx_word' id='word_1_121' title='bbox 1823 3408 1894 3450; x_wconf 80' lang='lat' dir='ltr'><strong>ex</strong></span> <span class='ocrx_word' id='word_1_122' title='bbox 1907 3394 2081 3450; x_wconf 82' lang='lat' dir='ltr'><strong>Abra-</strong></span> 
     </span>
    </p>
   </div>
   <div class='ocr_carea' id='block_1_26' title="bbox 2161 3390 3771 3470">
    <p class='ocr_par' dir='ltr' id='par_1_26' title="bbox 2183 3390 3771 3466">
     <span class='ocr_line' id='line_1_26' title="bbox 2183 3390 3771 3466; baseline 0.002 -23"><span class='ocrx_word' id='word_1_123' title='bbox 2183 3390 2507 3463; x_wconf 83' lang='grc' dir='ltr'>πρόρρησιν.</span> <span class='ocrx_word' id='word_1_124' title='bbox 2537 3390 2734 3459; x_wconf 84' lang='grc' dir='ltr'>Σαφῶς</span> <span class='ocrx_word' id='word_1_125' title='bbox 2761 3391 2873 3462; x_wconf 84' lang='grc' dir='ltr'>γὰρ</span> <span class='ocrx_word' id='word_1_126' title='bbox 2906 3390 3123 3445; x_wconf 76' lang='grc' dir='ltr'>ἅπαντα</span> <span class='ocrx_word' id='word_1_127' title='bbox 3146 3392 3421 3463; x_wconf 82' lang='grc' dir='ltr'><strong>προλέγει,</strong></span> <span class='ocrx_word' id='word_1_128' title='bbox 3448 3393 3543 3448; x_wconf 72' lang='grc' dir='ltr'>καὶ</span> <span class='ocrx_word' id='word_1_129' title='bbox 3569 3393 3669 3466; x_wconf 80' lang='grc' dir='ltr'>τὴν</span> <span class='ocrx_word' id='word_1_130' title='bbox 3707 3393 3771 3458; x_wconf 78' lang='grc' dir='ltr'><strong>ἐξ</strong></span> 
     </span>
    </p>
   </div>
   <div class='ocr_carea' id='block_1_27' title="bbox 498 3481 2108 3557">
    <p class='ocr_par' dir='ltr' id='par_1_27' title="bbox 498 3481 2081 3549">
     <span class='ocr_line' id='line_1_27' title="bbox 498 3481 2081 3549; baseline -0.003 -6"><span class='ocrx_word' id='word_1_131' title='bbox 498 3487 665 3544; x_wconf 71' lang='lat' dir='ltr'><strong>hamo</strong></span> <span class='ocrx_word' id='word_1_132' title='bbox 688 3495 745 3544; x_wconf 90' lang='lat' dir='ltr'><strong>et</strong></span> <span class='ocrx_word' id='word_1_133' title='bbox 773 3486 982 3543; x_wconf 88' lang='lat' dir='ltr'><strong>Davide</strong></span> <span class='ocrx_word' id='word_1_134' title='bbox 1014 3483 1484 3549; x_wconf 86' lang='lat' dir='ltr'><strong>benedictionem,</strong></span> <span class='ocrx_word' id='word_1_135' title='bbox 1516 3491 1571 3539; x_wconf 88' lang='lat' dir='ltr'><strong>et</strong></span> <span class='ocrx_word' id='word_1_136' title='bbox 1600 3481 1903 3539; x_wconf 85' lang='lat' dir='ltr'><strong>Salvatoris</strong></span> <span class='ocrx_word' id='word_1_137' title='bbox 1931 3485 2081 3540; x_wconf 84' lang='lat' dir='ltr'><strong>nati--</strong></span> 
     </span>
    </p>
   </div>
   <div class='ocr_carea' id='block_1_28' title="bbox 2158 3481 3768 3557">
    <p class='ocr_par' dir='ltr' id='par_1_28' title="bbox 2196 3481 3768 3557">
     <span class='ocr_line' id='line_1_28' title="bbox 2196 3481 3768 3557; baseline 0.002 -21"><span class='ocrx_word' id='word_1_138' title='bbox 2196 3482 2450 3553; x_wconf 73' lang='grc' dir='ltr'>Ἀϐραὰμ</span> <span class='ocrx_word' id='word_1_139' title='bbox 2491 3482 2587 3535; x_wconf 76' lang='grc' dir='ltr'>καὶ</span> <span class='ocrx_word' id='word_1_140' title='bbox 2615 3481 2781 3551; x_wconf 79' lang='grc' dir='ltr'><strong>Δαόὶδ</strong></span> <span class='ocrx_word' id='word_1_141' title='bbox 2832 3482 3215 3553; x_wconf 82' lang='grc' dir='ltr'>βλαστήσασαν</span> <span class='ocrx_word' id='word_1_142' title='bbox 3242 3484 3515 3553; x_wconf 81' lang='grc' dir='ltr'><strong>εὐλογίαν,</strong></span> <span class='ocrx_word' id='word_1_143' title='bbox 3540 3485 3635 3539; x_wconf 75' lang='grc' dir='ltr'>καὶ</span> <span class='ocrx_word' id='word_1_144' title='bbox 3660 3484 3768 3557; x_wconf 78' lang='grc' dir='ltr'>τὴν</span> 
     </span>
    </p>
   </div>
   <div class='ocr_carea' id='block_1_29' title="bbox 497 3572 2107 3647">
    <p class='ocr_par' dir='ltr' id='par_1_29' title="bbox 497 3572 2080 3646">
     <span class='ocr_line' id='line_1_29' title="bbox 497 3572 2080 3646; baseline -0.003 -13"><span class='ocrx_word' id='word_1_145' title='bbox 497 3580 723 3634; x_wconf 85' lang='lat' dir='ltr'><strong>vitatem</strong></span> <span class='ocrx_word' id='word_1_146' title='bbox 751 3593 821 3634; x_wconf 80' lang='lat' dir='ltr'><strong>ex</strong></span> <span class='ocrx_word' id='word_1_147' title='bbox 850 3576 1080 3646; x_wconf 75' lang='lat' dir='ltr'><strong>Virgine</strong></span> <span class='ocrx_word' id='word_1_148' title='bbox 1100 3614 1117 3639; x_wconf 87' lang='lat'><strong>,</strong></span> <span class='ocrx_word' id='word_1_149' title='bbox 1145 3580 1201 3629; x_wconf 90' lang='lat' dir='ltr'><strong>et</strong></span> <span class='ocrx_word' id='word_1_150' title='bbox 1250 3579 1468 3643; x_wconf 87' lang='lat' dir='ltr'><strong>patrata</strong></span> <span class='ocrx_word' id='word_1_151' title='bbox 1513 3572 1762 3627; x_wconf 87' lang='lat' dir='ltr'><strong>omnium</strong></span> <span class='ocrx_word' id='word_1_152' title='bbox 1813 3588 2080 3643; x_wconf 77' lang='lat' dir='ltr'><strong>generum</strong></span> 
     </span>
    </p>
   </div>
   <div class='ocr_carea' id='block_1_30' title="bbox 2157 3572 3767 3647">
    <p class='ocr_par' dir='ltr' id='par_1_30' title="bbox 2183 3572 3767 3647">
     <span class='ocr_line' id='line_1_30' title="bbox 2183 3572 3767 3647; baseline 0.003 -20"><span class='ocrx_word' id='word_1_153' title='bbox 2183 3576 2248 3627; x_wconf 79' lang='grc' dir='ltr'>ὲκ</span> <span class='ocrx_word' id='word_1_154' title='bbox 2274 3573 2552 3643; x_wconf 81' lang='grc' dir='ltr'>Παρθένου</span> <span class='ocrx_word' id='word_1_155' title='bbox 2589 3572 2845 3644; x_wconf 80' lang='grc' dir='ltr'>γέννησιν</span> <span class='ocrx_word' id='word_1_156' title='bbox 2872 3574 2966 3628; x_wconf 81' lang='grc' dir='ltr'>τοῦ</span> <span class='ocrx_word' id='word_1_157' title='bbox 3002 3575 3271 3647; x_wconf 83' lang='grc' dir='ltr'><strong>Σωτῆρος,</strong></span> <span class='ocrx_word' id='word_1_158' title='bbox 3307 3578 3401 3630; x_wconf 78' lang='grc' dir='ltr'>καὶ</span> <span class='ocrx_word' id='word_1_159' title='bbox 3429 3577 3528 3641; x_wconf 81' lang='grc' dir='ltr'>τὰς</span> <span class='ocrx_word' id='word_1_160' title='bbox 3558 3594 3767 3632; x_wconf 87' lang='grc' dir='ltr'>παντο-</span> 
     </span>
    </p>
   </div>
   <div class='ocr_carea' id='block_1_31' title="bbox 499 3662 2109 3737">
    <p class='ocr_par' dir='ltr' id='par_1_31' title="bbox 499 3662 2083 3737">
     <span class='ocr_line' id='line_1_31' title="bbox 499 3662 2083 3737; baseline -0.004 -13"><span class='ocrx_word' id='word_1_161' title='bbox 499 3667 768 3724; x_wconf 84' lang='lat' dir='ltr'><strong>miracula</strong></span> <span class='ocrx_word' id='word_1_162' title='bbox 789 3707 804 3732; x_wconf 93' lang='lat'><strong>,</strong></span> <span class='ocrx_word' id='word_1_163' title='bbox 838 3666 999 3737; x_wconf 70' lang='lat'><strong>166</strong></span> <span class='ocrx_word' id='word_1_164' title='bbox 1029 3664 1316 3732; x_wconf 80' lang='lat' dir='ltr'><strong>fontesque</strong></span> <span class='ocrx_word' id='word_1_165' title='bbox 1345 3662 1704 3718; x_wconf 89' lang='lat' dir='ltr'><strong>curationum</strong></span> <span class='ocrx_word' id='word_1_166' title='bbox 1734 3680 1748 3717; x_wconf 89' lang='lat'><strong>:</strong></span> <span class='ocrx_word' id='word_1_167' title='bbox 1785 3671 1839 3717; x_wconf 90' lang='lat' dir='ltr'><strong>et</strong></span> <span class='ocrx_word' id='word_1_168' title='bbox 1865 3662 2083 3718; x_wconf 71' lang='lat' dir='ltr'><strong>Iudaeo-</strong></span> 
     </span>
    </p>
   </div>
   <div class='ocr_carea' id='block_1_32' title="bbox 2156 3662 3766 3737">
    <p class='ocr_par' dir='ltr' id='par_1_32' title="bbox 2184 3662 3766 3737">
     <span class='ocr_line' id='line_1_32' title="bbox 2184 3662 3766 3737; baseline 0.004 -21"><span class='ocrx_word' id='word_1_169' title='bbox 2184 3662 2359 3725; x_wconf 84' lang='grc' dir='ltr'>δαπὰς</span> <span class='ocrx_word' id='word_1_170' title='bbox 2381 3662 2849 3733; x_wconf 84' lang='grc' dir='ltr'>θαυματουργίας,</span> <span class='ocrx_word' id='word_1_171' title='bbox 2874 3665 2969 3717; x_wconf 78' lang='grc' dir='ltr'>καὶ</span> <span class='ocrx_word' id='word_1_172' title='bbox 3004 3664 3113 3718; x_wconf 92' lang='grc' dir='ltr'><strong>τῶν</strong></span> <span class='ocrx_word' id='word_1_173' title='bbox 3144 3664 3343 3720; x_wconf 82' lang='grc' dir='ltr'>ίάσεων</span> <span class='ocrx_word' id='word_1_174' title='bbox 3368 3667 3389 3698; x_wconf 84' lang='grc'>³</span> <span class='ocrx_word' id='word_1_175' title='bbox 3420 3666 3520 3731; x_wconf 80' lang='grc' dir='ltr'>τὰς</span> <span class='ocrx_word' id='word_1_176' title='bbox 3553 3668 3766 3737; x_wconf 78' lang='grc' dir='ltr'>πηγὰς,</span> 
     </span>
    </p>
   </div>
   <div class='ocr_carea' id='block_1_33' title="bbox 500 3751 2110 3824">
    <p class='ocr_par' dir='ltr' id='par_1_33' title="bbox 500 3751 2080 3824">
     <span class='ocr_line' id='line_1_33' title="bbox 500 3751 2080 3824; baseline -0.006 -10"><span class='ocrx_word' id='word_1_177' title='bbox 500 3773 623 3815; x_wconf 91' lang='lat' dir='ltr'><strong>rum</strong></span> <span class='ocrx_word' id='word_1_178' title='bbox 642 3755 901 3812; x_wconf 84' lang='lat' dir='ltr'><strong>invidiam</strong></span> <span class='ocrx_word' id='word_1_179' title='bbox 915 3762 1080 3824; x_wconf 87' lang='lat' dir='ltr'><strong>atque</strong></span> <span class='ocrx_word' id='word_1_180' title='bbox 1091 3753 1299 3808; x_wconf 86' lang='lat' dir='ltr'><strong>rabiem</strong></span> <span class='ocrx_word' id='word_1_181' title='bbox 1310 3794 1325 3818; x_wconf 92' lang='lat'><strong>,</strong></span> <span class='ocrx_word' id='word_1_182' title='bbox 1338 3758 1391 3807; x_wconf 90' lang='lat' dir='ltr'><strong>et</strong></span> <span class='ocrx_word' id='word_1_183' title='bbox 1406 3751 1741 3822; x_wconf 86' lang='lat' dir='ltr'><strong>passionem,</strong></span> <span class='ocrx_word' id='word_1_184' title='bbox 1757 3759 1811 3806; x_wconf 87' lang='lat' dir='ltr'><strong>et</strong></span> <span class='ocrx_word' id='word_1_185' title='bbox 1824 3759 2080 3817; x_wconf 88' lang='lat' dir='ltr'><strong>mortem,</strong></span> 
     </span>
    </p>
   </div>
   <div class='ocr_carea' id='block_1_34' title="bbox 2161 3751 3771 3824">
    <p class='ocr_par' dir='ltr' id='par_1_34' title="bbox 2184 3752 3771 3823">
     <span class='ocr_line' id='line_1_34' title="bbox 2184 3752 3771 3823; baseline 0.004 -16"><span class='ocrx_word' id='word_1_186' title='bbox 2184 3755 2281 3808; x_wconf 76' lang='grc' dir='ltr'>καὶ</span> <span class='ocrx_word' id='word_1_187' title='bbox 2330 3752 2430 3823; x_wconf 79' lang='grc' dir='ltr'>τὴν</span> <span class='ocrx_word' id='word_1_188' title='bbox 2480 3752 2751 3807; x_wconf 79' lang='grc' dir='ltr'>Ἰουδαίων</span> <span class='ocrx_word' id='word_1_189' title='bbox 2800 3753 3101 3823; x_wconf 85' lang='grc' dir='ltr'>βασκανίαν</span> <span class='ocrx_word' id='word_1_190' title='bbox 3153 3756 3249 3810; x_wconf 59' lang='grc' dir='ltr'><strong>καὶ⁸</strong></span> <span class='ocrx_word' id='word_1_191' title='bbox 3298 3756 3496 3812; x_wconf 84' lang='grc' dir='ltr'>λύτταν</span> <span class='ocrx_word' id='word_1_192' title='bbox 3518 3775 3533 3789; x_wconf 88' lang='grc'><strong>·</strong></span> <span class='ocrx_word' id='word_1_193' title='bbox 3572 3760 3665 3813; x_wconf 80' lang='grc' dir='ltr'>καὶ</span> <span class='ocrx_word' id='word_1_194' title='bbox 3704 3760 3771 3814; x_wconf 77' lang='grc' dir='ltr'><strong>τὸ</strong></span> 
     </span>
    </p>
   </div>
   <div class='ocr_carea' id='block_1_35' title="bbox 497 3843 2107 3917">
    <p class='ocr_par' dir='ltr' id='par_1_35' title="bbox 497 3843 2082 3910">
     <span class='ocr_line' id='line_1_35' title="bbox 497 3843 2082 3910; baseline -0.004 -6"><span class='ocrx_word' id='word_1_195' title='bbox 497 3858 556 3905; x_wconf 80' lang='lat' dir='ltr'><strong>et</strong></span> <span class='ocrx_word' id='word_1_196' title='bbox 598 3846 1063 3903; x_wconf 82' lang='lat' dir='ltr'><strong>resurrectionem</strong></span> <span class='ocrx_word' id='word_1_197' title='bbox 1112 3861 1177 3901; x_wconf 81' lang='lat' dir='ltr'><strong>ex</strong></span> <span class='ocrx_word' id='word_1_198' title='bbox 1212 3844 1479 3910; x_wconf 87' lang='lat' dir='ltr'><strong>mortuis,</strong></span> <span class='ocrx_word' id='word_1_199' title='bbox 1514 3851 1569 3899; x_wconf 92' lang='lat' dir='ltr'><strong>et</strong></span> <span class='ocrx_word' id='word_1_200' title='bbox 1606 3843 1991 3899; x_wconf 83' lang='lat' dir='ltr'><strong>ascensionem</strong></span> <span class='ocrx_word' id='word_1_201' title='bbox 2026 3844 2082 3898; x_wconf 89' lang='lat' dir='ltr'><strong>in</strong></span> 
     </span>
    </p>
   </div>
   <div class='ocr_carea' id='block_1_36' title="bbox 2156 3843 3766 3917">
    <p class='ocr_par' dir='ltr' id='par_1_36' title="bbox 2185 3843 3766 3917">
     <span class='ocr_line' id='line_1_36' title="bbox 2185 3843 3766 3917; baseline 0.004 -19"><span class='ocrx_word' id='word_1_202' title='bbox 2185 3844 2357 3908; x_wconf 83' lang='grc' dir='ltr'>πάθος</span> <span class='ocrx_word' id='word_1_203' title='bbox 2373 3844 2576 3898; x_wconf 74' lang='grc' dir='ltr'>καὶτὸν</span> <span class='ocrx_word' id='word_1_204' title='bbox 2601 3843 2851 3910; x_wconf 84' lang='grc' dir='ltr'>θάνατον,</span> <span class='ocrx_word' id='word_1_205' title='bbox 2875 3845 2971 3898; x_wconf 82' lang='grc' dir='ltr'>καὶ</span> <span class='ocrx_word' id='word_1_206' title='bbox 3000 3846 3101 3916; x_wconf 86' lang='grc' dir='ltr'>τὴν</span> <span class='ocrx_word' id='word_1_207' title='bbox 3127 3846 3192 3900; x_wconf 78' lang='grc' dir='ltr'>ὲκ</span> <span class='ocrx_word' id='word_1_208' title='bbox 3212 3848 3421 3917; x_wconf 84' lang='grc' dir='ltr'>νεκρῶν</span> <span class='ocrx_word' id='word_1_209' title='bbox 3443 3849 3766 3914; x_wconf 77' lang='grc' dir='ltr'>ἀναϐίωσιν,</span> 
     </span>
    </p>
   </div>
   <div class='ocr_carea' id='block_1_37' title="bbox 501 3934 2111 4013">
    <p class='ocr_par' dir='ltr' id='par_1_37' title="bbox 501 3935 2082 4008">
     <span class='ocr_line' id='line_1_37' title="bbox 501 3935 2082 4008; baseline -0.002 -16"><span class='ocrx_word' id='word_1_210' title='bbox 501 3939 700 4006; x_wconf 71' lang='lat' dir='ltr'><strong>caelos,</strong></span> <span class='ocrx_word' id='word_1_211' title='bbox 724 3945 779 3994; x_wconf 92' lang='lat' dir='ltr'><strong>et</strong></span> <span class='ocrx_word' id='word_1_212' title='bbox 793 3938 1167 4008; x_wconf 85' lang='lat' dir='ltr'><strong>apostolorum</strong></span> <span class='ocrx_word' id='word_1_213' title='bbox 1189 3935 1483 4001; x_wconf 83' lang='lat' dir='ltr'><strong>delectum,</strong></span> <span class='ocrx_word' id='word_1_214' title='bbox 1507 3942 1559 3991; x_wconf 90' lang='lat' dir='ltr'><strong>et</strong></span> <span class='ocrx_word' id='word_1_215' title='bbox 1582 3937 1814 3992; x_wconf 85' lang='lat' dir='ltr'><strong>salutem</strong></span> <span class='ocrx_word' id='word_1_216' title='bbox 1833 3935 2082 3991; x_wconf 90' lang='lat' dir='ltr'><strong>omnium</strong></span> 
     </span>
    </p>
   </div>
   <div class='ocr_carea' id='block_1_38' title="bbox 2160 3934 3770 4013">
    <p class='ocr_par' dir='ltr' id='par_1_38' title="bbox 2184 3934 3770 4013">
     <span class='ocr_line' id='line_1_38' title="bbox 2184 3934 3770 4013; baseline 0.004 -24"><span class='ocrx_word' id='word_1_217' title='bbox 2184 3936 2280 3989; x_wconf 73' lang='grc' dir='ltr'>καὶ</span> <span class='ocrx_word' id='word_1_218' title='bbox 2309 3936 2409 4003; x_wconf 81' lang='grc' dir='ltr'>τὴν</span> <span class='ocrx_word' id='word_1_219' title='bbox 2442 3935 2524 3998; x_wconf 88' lang='grc' dir='ltr'><strong>είς</strong></span> <span class='ocrx_word' id='word_1_220' title='bbox 2559 3934 2826 4005; x_wconf 79' lang='grc' dir='ltr'>οὐρανοὺς</span> <span class='ocrx_word' id='word_1_221' title='bbox 2855 3935 3041 3989; x_wconf 77' lang='grc' dir='ltr'>ἄνοδον</span> <span class='ocrx_word' id='word_1_222' title='bbox 3061 3974 3076 4000; x_wconf 88' lang='grc'><strong>,</strong></span> <span class='ocrx_word' id='word_1_223' title='bbox 3100 3936 3210 3991; x_wconf 89' lang='grc' dir='ltr'><strong>τῶν</strong></span> <span class='ocrx_word' id='word_1_224' title='bbox 3235 3954 3294 3991; x_wconf 85' lang='grc' dir='ltr'><strong>τε</strong></span> <span class='ocrx_word' id='word_1_225' title='bbox 3326 3938 3640 3993; x_wconf 77' lang='grc' dir='ltr'>ἀποστόλων</span> <span class='ocrx_word' id='word_1_226' title='bbox 3664 3942 3770 4013; x_wconf 79' lang='grc' dir='ltr'>τὴν</span> 
     </span>
    </p>
   </div>
   <div class='ocr_carea' id='block_1_39' title="bbox 502 4021 2112 4103">
    <p class='ocr_par' dir='ltr' id='par_1_39' title="bbox 502 4021 2083 4099">
     <span class='ocr_line' id='line_1_39' title="bbox 502 4021 2083 4099; baseline -0.004 -14"><span class='ocrx_word' id='word_1_227' title='bbox 502 4029 772 4099; x_wconf 71' lang='lat' dir='ltr'><strong>gentium.</strong></span> <span class='ocrx_word' id='word_1_228' title='bbox 808 4027 1067 4083; x_wconf 81' lang='lat' dir='ltr'><strong>Praetlicit</strong></span> <span class='ocrx_word' id='word_1_229' title='bbox 1089 4021 1351 4096; x_wconf 72' lang='lat' dir='ltr'><strong>“insuper</strong></span> <span class='ocrx_word' id='word_1_230' title='bbox 1384 4025 1689 4082; x_wconf 89' lang='lat' dir='ltr'><strong>secundum</strong></span> <span class='ocrx_word' id='word_1_231' title='bbox 1744 4024 1839 4079; x_wconf 90' lang='lat' dir='ltr'><strong>Dei</strong></span> <span class='ocrx_word' id='word_1_232' title='bbox 1868 4032 1927 4080; x_wconf 89' lang='lat' dir='ltr'><strong>et</strong></span> <span class='ocrx_word' id='word_1_233' title='bbox 1958 4024 2083 4080; x_wconf 80' lang='lat' dir='ltr'><strong>Sal-</strong></span> 
     </span>
    </p>
   </div>
   <div class='ocr_carea' id='block_1_40' title="bbox 2159 4021 3769 4103">
    <p class='ocr_par' dir='ltr' id='par_1_40' title="bbox 2185 4025 3769 4103">
     <span class='ocr_line' id='line_1_40' title="bbox 2185 4025 3769 4103; baseline 0.004 -23"><span class='ocrx_word' id='word_1_234' title='bbox 2185 4026 2438 4097; x_wconf 77' lang='grc' dir='ltr'>ὲκλογὴν,</span> <span class='ocrx_word' id='word_1_235' title='bbox 2474 4025 2569 4079; x_wconf 85' lang='grc' dir='ltr'>καὶ</span> <span class='ocrx_word' id='word_1_236' title='bbox 2620 4026 2733 4079; x_wconf 91' lang='grc' dir='ltr'><strong>τῶν</strong></span> <span class='ocrx_word' id='word_1_237' title='bbox 2786 4025 2957 4079; x_wconf 71' lang='grc' dir='ltr'>ἐθνῶν</span> <span class='ocrx_word' id='word_1_238' title='bbox 3009 4028 3264 4081; x_wconf 82' lang='grc' dir='ltr'>ἁπάντων</span> <span class='ocrx_word' id='word_1_239' title='bbox 3305 4029 3405 4100; x_wconf 83' lang='grc' dir='ltr'>τὴν</span> <span class='ocrx_word' id='word_1_240' title='bbox 3468 4032 3769 4103; x_wconf 87' lang='grc' dir='ltr'>σωτηρίαν.</span> 
     </span>
    </p>
   </div>
   <div class='ocr_carea' id='block_1_41' title="bbox 503 4117 2113 4213">
    <p class='ocr_par' dir='ltr' id='par_1_41' title="bbox 503 4117 2080 4189">
     <span class='ocr_line' id='line_1_41' title="bbox 503 4117 2080 4189; baseline -0.003 -14"><span class='ocrx_word' id='word_1_241' title='bbox 503 4123 715 4180; x_wconf 74' lang='lat' dir='ltr'><strong>vatoris</strong></span> <span class='ocrx_word' id='word_1_242' title='bbox 755 4123 928 4179; x_wconf 90' lang='lat' dir='ltr'><strong>nostri</strong></span> <span class='ocrx_word' id='word_1_243' title='bbox 965 4120 1259 4176; x_wconf 87' lang='lat' dir='ltr'><strong>adventum</strong></span> <span class='ocrx_word' id='word_1_244' title='bbox 1303 4135 1318 4185; x_wconf 90' lang='lat'><strong>;</strong></span> <span class='ocrx_word' id='word_1_245' title='bbox 1373 4118 1625 4189; x_wconf 65' lang='lat' dir='ltr'><strong>praedicit</strong></span> <span class='ocrx_word' id='word_1_246' title='bbox 1665 4125 1720 4173; x_wconf 90' lang='lat' dir='ltr'><strong>et</strong></span> <span class='ocrx_word' id='word_1_247' title='bbox 1762 4117 2080 4173; x_wconf 69' lang='lat' dir='ltr'><strong>Judaaorum</strong></span> 
     </span>
    </p>
   </div>
   <div class='ocr_carea' id='block_1_42' title="bbox 2162 4117 3772 4213">
    <p class='ocr_par' dir='ltr' id='par_1_42' title="bbox 2189 4117 3772 4193">
     <span class='ocr_line' id='line_1_42' title="bbox 2189 4117 3772 4193; baseline 0.006 -23"><span class='ocrx_word' id='word_1_248' title='bbox 2189 4118 2451 4191; x_wconf 82' lang='grc' dir='ltr'>Προλέγει</span> <span class='ocrx_word' id='word_1_249' title='bbox 2477 4117 2533 4170; x_wconf 82' lang='grc' dir='ltr'>δὲ</span> <span class='ocrx_word' id='word_1_250' title='bbox 2566 4118 2704 4189; x_wconf 82' lang='grc' dir='ltr'>πρὸς</span> <span class='ocrx_word' id='word_1_251' title='bbox 2734 4118 2947 4182; x_wconf 84' lang='grc' dir='ltr'>τούτοις</span> <span class='ocrx_word' id='word_1_252' title='bbox 2978 4120 3071 4173; x_wconf 79' lang='grc' dir='ltr'>καὶ</span> <span class='ocrx_word' id='word_1_253' title='bbox 3096 4119 3193 4191; x_wconf 78' lang='grc' dir='ltr'>τὴν</span> <span class='ocrx_word' id='word_1_254' title='bbox 3222 4120 3482 4193; x_wconf 74' lang='grc' dir='ltr'>δευτέραν</span> <span class='ocrx_word' id='word_1_255' title='bbox 3508 4124 3601 4177; x_wconf 84' lang='grc' dir='ltr'>τοῦ</span> <span class='ocrx_word' id='word_1_256' title='bbox 3629 4123 3772 4179; x_wconf 81' lang='grc' dir='ltr'>Θεοῦ</span> 
     </span>
    </p>
   </div>
   <div class='ocr_carea' id='block_1_43' title="bbox 502 4208 2112 4287">
    <p class='ocr_par' dir='ltr' id='par_1_43' title="bbox 502 4209 2083 4287">
     <span class='ocr_line' id='line_1_43' title="bbox 502 4209 2083 4287; baseline -0.005 -16"><span class='ocrx_word' id='word_1_257' title='bbox 502 4216 908 4287; x_wconf 71' lang='grc' dir='ltr'>ὸίερεῑείοηειη</span> <span class='ocrx_word' id='word_1_258' title='bbox 932 4258 945 4281; x_wconf 91' lang='grc'><strong>,</strong></span> <span class='ocrx_word' id='word_1_259' title='bbox 981 4214 1281 4283; x_wconf 82' lang='lat' dir='ltr'><strong>templique</strong></span> <span class='ocrx_word' id='word_1_260' title='bbox 1329 4211 1499 4267; x_wconf 85' lang='lat' dir='ltr'><strong>totius</strong></span> <span class='ocrx_word' id='word_1_261' title='bbox 1544 4209 1945 4266; x_wconf 85' lang='lat' dir='ltr'><strong>desolationem</strong></span> <span class='ocrx_word' id='word_1_262' title='bbox 1972 4250 1988 4276; x_wconf 90' lang='lat'><strong>,</strong></span> <span class='ocrx_word' id='word_1_263' title='bbox 2028 4218 2083 4264; x_wconf 90' lang='lat' dir='ltr'><strong>et</strong></span> 
     </span>
    </p>
   </div>
   <div class='ocr_carea' id='block_1_44' title="bbox 2165 4208 3775 4287">
    <p class='ocr_par' dir='ltr' id='par_1_44' title="bbox 2190 4208 3775 4287">
     <span class='ocr_line' id='line_1_44' title="bbox 2190 4208 3775 4287; baseline 0.003 -22"><span class='ocrx_word' id='word_1_264' title='bbox 2190 4212 2286 4266; x_wconf 73' lang='grc' dir='ltr'>καὶ</span> <span class='ocrx_word' id='word_1_265' title='bbox 2315 4210 2568 4282; x_wconf 84' lang='grc' dir='ltr'>Σωτῆρος</span> <span class='ocrx_word' id='word_1_266' title='bbox 2596 4208 2757 4281; x_wconf 83' lang='grc' dir='ltr'>ήμῶν</span> <span class='ocrx_word' id='word_1_267' title='bbox 2782 4210 3108 4279; x_wconf 75' lang='grc' dir='ltr'>ἐπιφάνειαν</span> <span class='ocrx_word' id='word_1_268' title='bbox 3128 4228 3139 4240; x_wconf 94' lang='grc'><strong>·</strong></span> <span class='ocrx_word' id='word_1_269' title='bbox 3164 4213 3523 4285; x_wconf 83' lang='grc' dir='ltr'>προαγορεύει</span> <span class='ocrx_word' id='word_1_270' title='bbox 3548 4215 3641 4269; x_wconf 81' lang='grc' dir='ltr'>καὶ</span> <span class='ocrx_word' id='word_1_271' title='bbox 3667 4215 3775 4287; x_wconf 80' lang='grc' dir='ltr'>τὴν</span> 
     </span>
    </p>
   </div>
   <div class='ocr_carea' id='block_1_45' title="bbox 499 4299 2109 4379">
    <p class='ocr_par' dir='ltr' id='par_1_45' title="bbox 499 4299 2084 4379">
     <span class='ocr_line' id='line_1_45' title="bbox 499 4299 2084 4379; baseline -0.006 -17"><span class='ocrx_word' id='word_1_272' title='bbox 499 4305 855 4379; x_wconf 82' lang='lat' dir='ltr'><strong>Assyriorum</strong></span> <span class='ocrx_word' id='word_1_273' title='bbox 884 4305 1372 4371; x_wconf 66' lang='lat' dir='ltr'><strong>Romanorumque</strong></span> <span class='ocrx_word' id='word_1_274' title='bbox 1406 4302 1673 4356; x_wconf 85' lang='lat' dir='ltr'><strong>adversus</strong></span> <span class='ocrx_word' id='word_1_275' title='bbox 1700 4301 1826 4357; x_wconf 86' lang='lat' dir='ltr'><strong>illos</strong></span> <span class='ocrx_word' id='word_1_276' title='bbox 1853 4299 2084 4371; x_wconf 80' lang='lat' dir='ltr'><strong>expedi-</strong></span> 
     </span>
    </p>
   </div>
   <div class='ocr_carea' id='block_1_46' title="bbox 2167 4299 3777 4379">
    <p class='ocr_par' dir='ltr' id='par_1_46' title="bbox 2202 4301 3777 4379">
     <span class='ocr_line' id='line_1_46' title="bbox 2202 4301 3777 4379; baseline 0.001 -21"><span class='ocrx_word' id='word_1_277' title='bbox 2202 4304 2472 4359; x_wconf 84' lang='grc' dir='ltr'>Ἰουδαίων</span> <span class='ocrx_word' id='word_1_278' title='bbox 2498 4301 2819 4374; x_wconf 87' lang='grc' dir='ltr'>διασπορὰν,</span> <span class='ocrx_word' id='word_1_279' title='bbox 2834 4302 2927 4356; x_wconf 80' lang='grc' dir='ltr'>καὶ</span> <span class='ocrx_word' id='word_1_280' title='bbox 2953 4302 3050 4374; x_wconf 81' lang='grc' dir='ltr'>τὴν</span> <span class='ocrx_word' id='word_1_281' title='bbox 3078 4305 3277 4369; x_wconf 84' lang='grc' dir='ltr'>παντὸς</span> <span class='ocrx_word' id='word_1_282' title='bbox 3298 4305 3321 4337; x_wconf 78' lang='grc'><strong>⁸</strong></span> <span class='ocrx_word' id='word_1_283' title='bbox 3343 4305 3437 4359; x_wconf 82' lang='grc' dir='ltr'><strong>τοῦ</strong></span> <span class='ocrx_word' id='word_1_284' title='bbox 3467 4304 3597 4360; x_wconf 81' lang='grc' dir='ltr'>ναοῦ</span> <span class='ocrx_word' id='word_1_285' title='bbox 3642 4308 3777 4379; x_wconf 70' lang='grc' dir='ltr'>ἔρη-</span> 
     </span>
    </p>
   </div>
   <div class='ocr_carea' id='block_1_47' title="bbox 501 4390 2111 4469">
    <p class='ocr_par' dir='ltr' id='par_1_47' title="bbox 501 4390 2086 4462">
     <span class='ocr_line' id='line_1_47' title="bbox 501 4390 2086 4462; baseline -0.005 -10"><span class='ocrx_word' id='word_1_286' title='bbox 501 4400 702 4454; x_wconf 84' lang='lat' dir='ltr'><strong>tiones.</strong></span> <span class='ocrx_word' id='word_1_287' title='bbox 745 4396 1003 4451; x_wconf 67' lang='lat' dir='ltr'><strong>Praedicit</strong></span> <span class='ocrx_word' id='word_1_288' title='bbox 1041 4395 1207 4450; x_wconf 86' lang='lat' dir='ltr'><strong>etiam</strong></span> <span class='ocrx_word' id='word_1_289' title='bbox 1252 4392 1493 4449; x_wconf 86' lang='lat' dir='ltr'><strong>reditum</strong></span> <span class='ocrx_word' id='word_1_290' title='bbox 1541 4406 1609 4446; x_wconf 80' lang='lat' dir='ltr'><strong>ex</strong></span> <span class='ocrx_word' id='word_1_291' title='bbox 1658 4390 1977 4462; x_wconf 86' lang='lat' dir='ltr'><strong>Babylone,</strong></span> <span class='ocrx_word' id='word_1_292' title='bbox 2031 4398 2086 4446; x_wconf 90' lang='lat' dir='ltr'><strong>et</strong></span> 
     </span>
    </p>
   </div>
   <div class='ocr_carea' id='block_1_48' title="bbox 2166 4390 3776 4469">
    <p class='ocr_par' dir='ltr' id='par_1_48' title="bbox 2195 4393 3776 4469">
     <span class='ocr_line' id='line_1_48' title="bbox 2195 4393 3776 4469; baseline 0.002 -20"><span class='ocrx_word' id='word_1_293' title='bbox 2195 4396 2347 4468; x_wconf 90' lang='grc' dir='ltr'>μίαν,</span> <span class='ocrx_word' id='word_1_294' title='bbox 2374 4396 2470 4449; x_wconf 75' lang='grc' dir='ltr'>καὶ</span> <span class='ocrx_word' id='word_1_295' title='bbox 2510 4393 2815 4466; x_wconf 85' lang='grc' dir='ltr'>Ἀσσυρίων</span> <span class='ocrx_word' id='word_1_296' title='bbox 2844 4395 2940 4450; x_wconf 60' lang='grc' dir='ltr'><strong>καὶ⁹</strong></span> <span class='ocrx_word' id='word_1_297' title='bbox 2988 4396 3278 4469; x_wconf 86' lang='grc' dir='ltr'>Ῥωμαίων</span> <span class='ocrx_word' id='word_1_298' title='bbox 3306 4397 3407 4461; x_wconf 85' lang='grc' dir='ltr'>τὰς</span> <span class='ocrx_word' id='word_1_299' title='bbox 3439 4399 3561 4452; x_wconf 84' lang='grc' dir='ltr'>κατ’</span> <span class='ocrx_word' id='word_1_300' title='bbox 3590 4398 3776 4452; x_wconf 78' lang='grc' dir='ltr'>αὐτῶν</span> 
     </span>
    </p>
   </div>
   <div class='ocr_carea' id='block_1_49' title="bbox 499 4479 2109 4563">
    <p class='ocr_par' dir='ltr' id='par_1_49' title="bbox 499 4479 2087 4563">
     <span class='ocr_line' id='line_1_49' title="bbox 499 4479 2087 4563; baseline -0.008 -17"><span class='ocrx_word' id='word_1_301' title='bbox 499 4490 931 4563; x_wconf 83' lang='lat' dir='ltr'><strong>Babyloniorum</strong></span> <span class='ocrx_word' id='word_1_302' title='bbox 966 4500 1283 4555; x_wconf 89' lang='lat' dir='ltr'><strong>supremum</strong></span> <span class='ocrx_word' id='word_1_303' title='bbox 1321 4483 1621 4539; x_wconf 78' lang='lat' dir='ltr'><strong>excidium.</strong></span> <span class='ocrx_word' id='word_1_304' title='bbox 1649 4479 1910 4548; x_wconf 82' lang='lat' dir='ltr'><strong>Quaedam</strong></span> <span class='ocrx_word' id='word_1_305' title='bbox 1945 4495 2087 4551; x_wconf 66' lang='lat' dir='ltr'><strong>prie-</strong></span> 
     </span>
    </p>
   </div>
   <div class='ocr_carea' id='block_1_50' title="bbox 2166 4479 3776 4563">
    <p class='ocr_par' dir='ltr' id='par_1_50' title="bbox 2195 4483 3776 4556">
     <span class='ocr_line' id='line_1_50' title="bbox 2195 4483 3776 4556; baseline 0.001 -19"><span class='ocrx_word' id='word_1_306' title='bbox 2195 4483 2546 4555; x_wconf 76' lang='grc' dir='ltr'>στρατείας’.</span> <span class='ocrx_word' id='word_1_307' title='bbox 2577 4484 2839 4555; x_wconf 85' lang='grc' dir='ltr'>Προλέγει</span> <span class='ocrx_word' id='word_1_308' title='bbox 2887 4485 2983 4538; x_wconf 73' lang='grc' dir='ltr'>καὶ</span> <span class='ocrx_word' id='word_1_309' title='bbox 3024 4484 3123 4556; x_wconf 81' lang='grc' dir='ltr'>τὴν</span> <span class='ocrx_word' id='word_1_310' title='bbox 3176 4485 3285 4540; x_wconf 79' lang='grc' dir='ltr'><strong>ἀπὸ</strong></span> <span class='ocrx_word' id='word_1_311' title='bbox 3331 4485 3648 4549; x_wconf 79' lang='grc' dir='ltr'>Βαϐυλῶνος</span> <span class='ocrx_word' id='word_1_312' title='bbox 3675 4488 3776 4539; x_wconf 79' lang='grc' dir='ltr'><strong>ὲπ-</strong></span> 
     </span>
    </p>
   </div>
   <div class='ocr_carea' id='block_1_51' title="bbox 502 4571 2112 4650">
    <p class='ocr_par' dir='ltr' id='par_1_51' title="bbox 502 4571 2085 4650">
     <span class='ocr_line' id='line_1_51' title="bbox 502 4571 2085 4650; baseline -0.006 -13"><span class='ocrx_word' id='word_1_313' title='bbox 502 4592 652 4637; x_wconf 87' lang='lat' dir='ltr'><strong>terea</strong></span> <span class='ocrx_word' id='word_1_314' title='bbox 680 4579 918 4650; x_wconf 72' lang='lat' dir='ltr'><strong>Egypto</strong></span> <span class='ocrx_word' id='word_1_315' title='bbox 942 4576 1209 4647; x_wconf 83' lang='lat' dir='ltr'><strong>praedicit,</strong></span> <span class='ocrx_word' id='word_1_316' title='bbox 1263 4584 1319 4632; x_wconf 90' lang='lat' dir='ltr'><strong>et</strong></span> <span class='ocrx_word' id='word_1_317' title='bbox 1342 4573 1487 4645; x_wconf 85' lang='lat' dir='ltr'><strong>Tyro</strong></span> <span class='ocrx_word' id='word_1_318' title='bbox 1523 4581 1577 4629; x_wconf 89' lang='lat' dir='ltr'><strong>et</strong></span> <span class='ocrx_word' id='word_1_319' title='bbox 1606 4571 1894 4639; x_wconf 85' lang='lat' dir='ltr'><strong>Damasco,</strong></span> <span class='ocrx_word' id='word_1_320' title='bbox 1926 4571 2085 4628; x_wconf 85' lang='lat' dir='ltr'><strong>item-</strong></span> 
     </span>
    </p>
   </div>
   <div class='ocr_carea' id='block_1_52' title="bbox 2166 4571 3776 4650">
    <p class='ocr_par' dir='ltr' id='par_1_52' title="bbox 2191 4575 3776 4648">
     <span class='ocr_line' id='line_1_52' title="bbox 2191 4575 3776 4648; baseline 0.001 -19"><span class='ocrx_word' id='word_1_321' title='bbox 2191 4575 2413 4639; x_wconf 89' lang='grc' dir='ltr'>άνοδον,</span> <span class='ocrx_word' id='word_1_322' title='bbox 2464 4575 2562 4629; x_wconf 64' lang='grc' dir='ltr'><strong>καὶ⁵</strong></span> <span class='ocrx_word' id='word_1_323' title='bbox 2599 4576 2698 4647; x_wconf 79' lang='grc' dir='ltr'>τὴν</span> <span class='ocrx_word' id='word_1_324' title='bbox 2743 4575 3103 4631; x_wconf 79' lang='grc' dir='ltr'>Βαϐυλωνίων</span> <span class='ocrx_word' id='word_1_325' title='bbox 3156 4577 3532 4648; x_wconf 88' lang='grc' dir='ltr'>πανωλεθρίαν</span> <span class='ocrx_word' id='word_1_326' title='bbox 3549 4578 3590 4632; x_wconf 81' lang='grc'><strong>⁸.</strong></span> <span class='ocrx_word' id='word_1_327' title='bbox 3632 4578 3776 4648; x_wconf 74' lang='grc' dir='ltr'>Προο</span> 
     </span>
    </p>
   </div>
   <div class='ocr_carea' id='block_1_53' title="bbox 503 4660 2113 4742">
    <p class='ocr_par' dir='ltr' id='par_1_53' title="bbox 503 4660 2087 4742">
     <span class='ocr_line' id='line_1_53' title="bbox 503 4660 2087 4742; baseline -0.007 -16"><span class='ocrx_word' id='word_1_328' title='bbox 503 4686 614 4742; x_wconf 80' lang='lat' dir='ltr'><strong>que</strong></span> <span class='ocrx_word' id='word_1_329' title='bbox 650 4667 1014 4735; x_wconf 79' lang='lat' dir='ltr'><strong>Ammonitis,</strong></span> <span class='ocrx_word' id='word_1_330' title='bbox 1046 4674 1100 4722; x_wconf 86' lang='lat' dir='ltr'><strong>et</strong></span> <span class='ocrx_word' id='word_1_331' title='bbox 1143 4664 1399 4721; x_wconf 82' lang='lat' dir='ltr'><strong>Moabitis</strong></span> <span class='ocrx_word' id='word_1_332' title='bbox 1423 4703 1438 4731; x_wconf 92' lang='lat'><strong>,</strong></span> <span class='ocrx_word' id='word_1_333' title='bbox 1481 4671 1537 4717; x_wconf 92' lang='lat' dir='ltr'><strong>et</strong></span> <span class='ocrx_word' id='word_1_334' title='bbox 1568 4660 1856 4727; x_wconf 65' lang='lat' dir='ltr'><strong>ldnmaais,</strong></span> <span class='ocrx_word' id='word_1_335' title='bbox 1884 4668 1941 4717; x_wconf 89' lang='lat' dir='ltr'><strong>et</strong></span> <span class='ocrx_word' id='word_1_336' title='bbox 1977 4660 2087 4716; x_wconf 85' lang='lat' dir='ltr'><strong>alia</strong></span> 
     </span>
    </p>
   </div>
   <div class='ocr_carea' id='block_1_54' title="bbox 2168 4660 3778 4742">
    <p class='ocr_par' dir='ltr' id='par_1_54' title="bbox 2191 4665 3778 4739">
     <span class='ocr_line' id='line_1_54' title="bbox 2191 4665 3778 4739; baseline 0 -17"><span class='ocrx_word' id='word_1_337' title='bbox 2191 4666 2450 4736; x_wconf 85' lang='grc' dir='ltr'>αγορεύει</span> <span class='ocrx_word' id='word_1_338' title='bbox 2476 4665 2570 4720; x_wconf 80' lang='grc' dir='ltr'>καὶ</span> <span class='ocrx_word' id='word_1_339' title='bbox 2600 4669 2667 4738; x_wconf 76' lang='grc' dir='ltr'>τῇ</span> <span class='ocrx_word' id='word_1_340' title='bbox 2718 4666 2981 4738; x_wconf 74' lang='grc' dir='ltr'>Αἰγύπτῳ</span> <span class='ocrx_word' id='word_1_341' title='bbox 3011 4666 3135 4721; x_wconf 82' lang='grc' dir='ltr'>τινὰ</span> <span class='ocrx_word' id='word_1_342' title='bbox 3159 4706 3175 4731; x_wconf 85' lang='grc'><strong>,</strong></span> <span class='ocrx_word' id='word_1_343' title='bbox 3202 4667 3301 4721; x_wconf 81' lang='grc' dir='ltr'>καὶ</span> <span class='ocrx_word' id='word_1_344' title='bbox 3344 4670 3410 4739; x_wconf 81' lang='grc' dir='ltr'>τῇ</span> <span class='ocrx_word' id='word_1_345' title='bbox 3452 4667 3636 4739; x_wconf 84' lang='grc' dir='ltr'>Τύρῳ,</span> <span class='ocrx_word' id='word_1_346' title='bbox 3678 4669 3778 4722; x_wconf 79' lang='grc' dir='ltr'><strong>καὶ</strong></span> 
     </span>
    </p>
   </div>
   <div class='ocr_carea' id='block_1_55' title="bbox 503 4752 2113 4831">
    <p class='ocr_par' dir='ltr' id='par_1_55' title="bbox 503 4752 2086 4829">
     <span class='ocr_line' id='line_1_55' title="bbox 503 4752 2086 4829; baseline -0.006 -11"><span class='ocrx_word' id='word_1_347' title='bbox 503 4778 631 4818; x_wconf 73' lang='lat' dir='ltr'><strong>cum</strong></span> <span class='ocrx_word' id='word_1_348' title='bbox 666 4762 756 4817; x_wconf 87' lang='lat' dir='ltr'><strong>bis</strong></span> <span class='ocrx_word' id='word_1_349' title='bbox 786 4761 992 4825; x_wconf 84' lang='lat' dir='ltr'><strong>multa;</strong></span> <span class='ocrx_word' id='word_1_350' title='bbox 1027 4769 1141 4816; x_wconf 90' lang='lat' dir='ltr'><strong>tum</strong></span> <span class='ocrx_word' id='word_1_351' title='bbox 1179 4758 1455 4829; x_wconf 64' lang='lat' dir='ltr'><strong>precipue</strong></span> <span class='ocrx_word' id='word_1_352' title='bbox 1487 4754 1739 4808; x_wconf 90' lang='lat' dir='ltr'><strong>ultimum</strong></span> <span class='ocrx_word' id='word_1_353' title='bbox 1771 4752 2086 4809; x_wconf 61' lang='lat' dir='ltr'><strong>Judaorum</strong></span> 
     </span>
    </p>
   </div>
   <div class='ocr_carea' id='block_1_56' title="bbox 2166 4752 3776 4831">
    <p class='ocr_par' dir='ltr' id='par_1_56' title="bbox 2191 4757 3776 4831">
     <span class='ocr_line' id='line_1_56' title="bbox 2191 4757 3776 4831; baseline 0.001 -20"><span class='ocrx_word' id='word_1_354' title='bbox 2191 4761 2259 4831; x_wconf 75' lang='grc' dir='ltr'>τῇ</span> <span class='ocrx_word' id='word_1_355' title='bbox 2312 4757 2590 4829; x_wconf 82' lang='grc' dir='ltr'>Δαμασκῷ</span> <span class='ocrx_word' id='word_1_356' title='bbox 2618 4776 2632 4790; x_wconf 89' lang='grc'><strong>·</strong></span> <span class='ocrx_word' id='word_1_357' title='bbox 2668 4759 2764 4813; x_wconf 72' lang='grc' dir='ltr'>καὶ</span> <span class='ocrx_word' id='word_1_358' title='bbox 2818 4759 3001 4830; x_wconf 84' lang='grc' dir='ltr'>μέντοι</span> <span class='ocrx_word' id='word_1_359' title='bbox 3057 4759 3154 4813; x_wconf 73' lang='grc' dir='ltr'>καὶ</span> <span class='ocrx_word' id='word_1_360' title='bbox 3213 4759 3598 4831; x_wconf 84' lang='grc' dir='ltr'>Ἀμμανίταις,</span> <span class='ocrx_word' id='word_1_361' title='bbox 3632 4760 3776 4813; x_wconf 75' lang='grc' dir='ltr'>καὶτ</span> 
     </span>
    </p>
   </div>
   <div class='ocr_carea' id='block_1_57' title="bbox 506 4843 2116 4922">
    <p class='ocr_par' dir='ltr' id='par_1_57' title="bbox 506 4843 2085 4922">
     <span class='ocr_line' id='line_1_57' title="bbox 506 4843 2085 4922; baseline -0.006 -13"><span class='ocrx_word' id='word_1_362' title='bbox 506 4854 739 4909; x_wconf 78' lang='lat' dir='ltr'><strong>exitium</strong></span> <span class='ocrx_word' id='word_1_363' title='bbox 788 4851 1075 4922; x_wconf 85' lang='lat' dir='ltr'><strong>deplorat,</strong></span> <span class='ocrx_word' id='word_1_364' title='bbox 1132 4848 1279 4918; x_wconf 90' lang='lat' dir='ltr'><strong>quod</strong></span> <span class='ocrx_word' id='word_1_365' title='bbox 1331 4861 1445 4903; x_wconf 68' lang='lat' dir='ltr'><strong>suae</strong></span> <span class='ocrx_word' id='word_1_366' title='bbox 1493 4844 1760 4900; x_wconf 86' lang='lat' dir='ltr'><strong>adversus</strong></span> <span class='ocrx_word' id='word_1_367' title='bbox 1799 4843 2085 4899; x_wconf 89' lang='lat' dir='ltr'><strong>Dominum</strong></span> 
     </span>
    </p>
   </div>
   <div class='ocr_carea' id='block_1_58' title="bbox 2168 4843 3778 4922">
    <p class='ocr_par' dir='ltr' id='par_1_58' title="bbox 2197 4849 3778 4922">
     <span class='ocr_line' id='line_1_58' title="bbox 2197 4849 3778 4922; baseline 0 -17"><span class='ocrx_word' id='word_1_368' title='bbox 2197 4849 2541 4917; x_wconf 78' lang='grc' dir='ltr'>Μωαϐίταις,</span> <span class='ocrx_word' id='word_1_369' title='bbox 2562 4850 2658 4905; x_wconf 75' lang='grc' dir='ltr'>καὶ</span> <span class='ocrx_word' id='word_1_370' title='bbox 2686 4850 3003 4922; x_wconf 84' lang='grc' dir='ltr'>Ἰδουμαίοις</span> <span class='ocrx_word' id='word_1_371' title='bbox 3020 4852 3062 4883; x_wconf 87' lang='grc'><strong>⁸·</strong></span> <span class='ocrx_word' id='word_1_372' title='bbox 3089 4851 3185 4906; x_wconf 77' lang='grc' dir='ltr'>καὶ</span> <span class='ocrx_word' id='word_1_373' title='bbox 3211 4850 3376 4921; x_wconf 73' lang='grc' dir='ltr'>ἔτερα</span> <span class='ocrx_word' id='word_1_374' title='bbox 3402 4851 3540 4922; x_wconf 78' lang='grc' dir='ltr'>πρὸς</span> <span class='ocrx_word' id='word_1_375' title='bbox 3564 4851 3778 4916; x_wconf 89' lang='grc' dir='ltr'>τούτοις</span> 
     </span>
    </p>
   </div>
   <div class='ocr_carea' id='block_1_59' title="bbox 507 4934 2117 5015">
    <p class='ocr_par' dir='ltr' id='par_1_59' title="bbox 507 4934 2088 5015">
     <span class='ocr_line' id='line_1_59' title="bbox 507 4934 2088 5015; baseline -0.003 -16"><span class='ocrx_word' id='word_1_376' title='bbox 507 4943 744 5001; x_wconf 69' lang='lat' dir='ltr'><strong>vesania</strong></span> <span class='ocrx_word' id='word_1_377' title='bbox 776 4957 967 5015; x_wconf 70' lang='lat' dir='ltr'><strong>poenas</strong></span> <span class='ocrx_word' id='word_1_378' title='bbox 1009 4944 1229 4998; x_wconf 88' lang='lat' dir='ltr'><strong>luentes</strong></span> <span class='ocrx_word' id='word_1_379' title='bbox 1270 4937 1638 5009; x_wconf 88' lang='lat' dir='ltr'><strong>pertulerunt.</strong></span> <span class='ocrx_word' id='word_1_380' title='bbox 1682 4935 1738 4990; x_wconf 86' lang='lat' dir='ltr'><strong>In</strong></span> <span class='ocrx_word' id='word_1_381' title='bbox 1783 4934 2088 5006; x_wconf 86' lang='lat' dir='ltr'><strong>Scripturis</strong></span> 
     </span>
    </p>
   </div>
   <div class='ocr_carea' id='block_1_60' title="bbox 2167 4934 3777 5015">
    <p class='ocr_par' dir='ltr' id='par_1_60' title="bbox 2196 4939 3777 5014">
     <span class='ocr_line' id='line_1_60' title="bbox 2196 4939 3777 5014; baseline 0 -19"><span class='ocrx_word' id='word_1_382' title='bbox 2196 4939 2389 4995; x_wconf 87' lang='grc' dir='ltr'>πολλά.</span> <span class='ocrx_word' id='word_1_383' title='bbox 2433 4940 2549 5013; x_wconf 82' lang='grc' dir='ltr'>Πρὸ</span> <span class='ocrx_word' id='word_1_384' title='bbox 2583 4942 2803 4996; x_wconf 91' lang='grc' dir='ltr'>πάντων</span> <span class='ocrx_word' id='word_1_385' title='bbox 2844 4942 3048 5013; x_wconf 87' lang='grc' dir='ltr'>μέντοι,</span> <span class='ocrx_word' id='word_1_386' title='bbox 3082 4943 3184 5014; x_wconf 86' lang='grc' dir='ltr'>τὴν</span> <span class='ocrx_word' id='word_1_387' title='bbox 3231 4942 3471 5013; x_wconf 76' lang='grc' dir='ltr'>ἐσχάτην</span> <span class='ocrx_word' id='word_1_388' title='bbox 3507 4942 3777 4996; x_wconf 83' lang='grc' dir='ltr'>Ἰουδαίων</span> 
     </span>
    </p>
   </div>
   <div class='ocr_carea' id='block_1_61' title="bbox 510 5026 2120 5106">
    <p class='ocr_par' dir='ltr' id='par_1_61' title="bbox 510 5028 2087 5106">
     <span class='ocr_line' id='line_1_61' title="bbox 510 5028 2087 5106; baseline -0.004 -15"><span class='ocrx_word' id='word_1_389' title='bbox 510 5043 692 5091; x_wconf 78' lang='lat' dir='ltr'><strong>autem</strong></span> <span class='ocrx_word' id='word_1_390' title='bbox 726 5034 1059 5106; x_wconf 83' lang='lat' dir='ltr'><strong>prepheticis</strong></span> <span class='ocrx_word' id='word_1_391' title='bbox 1089 5030 1342 5102; x_wconf 79' lang='lat' dir='ltr'><strong>quaedam</strong></span> <span class='ocrx_word' id='word_1_392' title='bbox 1375 5028 1523 5082; x_wconf 84' lang='lat' dir='ltr'><strong>clara</strong></span> <span class='ocrx_word' id='word_1_393' title='bbox 1563 5037 1722 5094; x_wconf 87' lang='lat' dir='ltr'><strong>sunt,</strong></span> <span class='ocrx_word' id='word_1_394' title='bbox 1768 5029 2087 5100; x_wconf 82' lang='lat' dir='ltr'><strong>nudumque</strong></span> 
     </span>
    </p>
   </div>
   <div class='ocr_carea' id='block_1_62' title="bbox 2166 5026 3776 5106">
    <p class='ocr_par' dir='ltr' id='par_1_62' title="bbox 2196 5026 3776 5101">
     <span class='ocr_line' id='line_1_62' title="bbox 2196 5026 3776 5101; baseline 0.002 -20"><span class='ocrx_word' id='word_1_395' title='bbox 2196 5026 2574 5099; x_wconf 88' lang='grc' dir='ltr'>πανωλεθρίαν</span> <span class='ocrx_word' id='word_1_396' title='bbox 2604 5028 2855 5101; x_wconf 85' lang='grc' dir='ltr'>ὀδύρεται</span> <span class='ocrx_word' id='word_1_397' title='bbox 2878 5068 2893 5094; x_wconf 90' lang='grc'><strong>,</strong></span> <span class='ocrx_word' id='word_1_398' title='bbox 2924 5029 2992 5100; x_wconf 75' lang='grc' dir='ltr'><strong>ῆν</strong></span> <span class='ocrx_word' id='word_1_399' title='bbox 3041 5029 3339 5100; x_wconf 74' lang='grc' dir='ltr'>ὑπέμειναν</span> <span class='ocrx_word' id='word_1_400' title='bbox 3365 5030 3464 5100; x_wconf 88' lang='grc' dir='ltr'><strong>τῆς</strong></span> <span class='ocrx_word' id='word_1_401' title='bbox 3495 5031 3637 5084; x_wconf 81' lang='grc' dir='ltr'>κατὰ</span> <span class='ocrx_word' id='word_1_402' title='bbox 3678 5030 3776 5084; x_wconf 80' lang='grc' dir='ltr'>τοῦ</span> 
     </span>
    </p>
   </div>
   <div class='ocr_carea' id='block_1_63' title="bbox 510 5117 2120 5194">
    <p class='ocr_par' dir='ltr' id='par_1_63' title="bbox 510 5117 2081 5194">
     <span class='ocr_line' id='line_1_63' title="bbox 510 5117 2081 5194; baseline -0.004 -13"><span class='ocrx_word' id='word_1_403' title='bbox 510 5125 714 5181; x_wconf 82' lang='lat' dir='ltr'><strong>habent</strong></span> <span class='ocrx_word' id='word_1_404' title='bbox 737 5140 988 5189; x_wconf 87' lang='lat' dir='ltr'><strong>sensum,</strong></span> <span class='ocrx_word' id='word_1_405' title='bbox 1016 5122 1265 5194; x_wconf 73' lang='lat' dir='ltr'><strong>quaedam</strong></span> <span class='ocrx_word' id='word_1_406' title='bbox 1298 5119 1525 5190; x_wconf 84' lang='lat' dir='ltr'><strong>ﬁgurate</strong></span> <span class='ocrx_word' id='word_1_407' title='bbox 1550 5117 1723 5185; x_wconf 85' lang='lat' dir='ltr'><strong>dicta,</strong></span> <span class='ocrx_word' id='word_1_408' title='bbox 1755 5133 1876 5188; x_wconf 67' lang='lat' dir='ltr'><strong>quae</strong></span> <span class='ocrx_word' id='word_1_409' title='bbox 1909 5119 2081 5176; x_wconf 64' lang='lat' dir='ltr'><strong>inter.</strong></span> 
     </span>
    </p>
   </div>
   <div class='ocr_carea' id='block_1_64' title="bbox 2165 5117 3775 5194">
    <p class='ocr_par' dir='ltr' id='par_1_64' title="bbox 2192 5120 3775 5193">
     <span class='ocr_line' id='line_1_64' title="bbox 2192 5120 3775 5193; baseline 0.001 -19"><span class='ocrx_word' id='word_1_410' title='bbox 2192 5121 2468 5175; x_wconf 78' lang='grc' dir='ltr'>Δεσπότου</span> <span class='ocrx_word' id='word_1_411' title='bbox 2505 5121 2706 5193; x_wconf 87' lang='grc' dir='ltr'>μανίας</span> <span class='ocrx_word' id='word_1_412' title='bbox 2733 5121 3187 5193; x_wconf 78' lang='grc' dir='ltr'>εἰσπραττόμενοι</span> <span class='ocrx_word' id='word_1_413' title='bbox 3214 5120 3388 5185; x_wconf 87' lang='grc' dir='ltr'>δίκας.</span> <span class='ocrx_word' id='word_1_414' title='bbox 3416 5123 3529 5193; x_wconf 85' lang='grc' dir='ltr'><strong>Τῆς</strong></span> <span class='ocrx_word' id='word_1_415' title='bbox 3554 5122 3611 5176; x_wconf 83' lang='grc' dir='ltr'>δὲ</span> <span class='ocrx_word' id='word_1_416' title='bbox 3641 5140 3775 5193; x_wconf 89' lang='grc' dir='ltr'>προ-</span> 
     </span>
    </p>
   </div>
   <div class='ocr_carea' id='block_1_65' title="bbox 512 5206 2122 5286">
    <p class='ocr_par' dir='ltr' id='par_1_65' title="bbox 512 5206 2083 5286">
     <span class='ocr_line' id='line_1_65' title="bbox 512 5206 2083 5286; baseline -0.003 -18"><span class='ocrx_word' id='word_1_417' title='bbox 512 5215 821 5286; x_wconf 72' lang='lat' dir='ltr'><strong>pretatione</strong></span> <span class='ocrx_word' id='word_1_418' title='bbox 867 5212 1139 5283; x_wconf 72' lang='lat' dir='ltr'><strong>indigent.</strong></span> <span class='ocrx_word' id='word_1_419' title='bbox 1170 5207 1320 5263; x_wconf 86' lang='lat' dir='ltr'><strong>Dabo</strong></span> <span class='ocrx_word' id='word_1_420' title='bbox 1365 5206 1554 5277; x_wconf 86' lang='lat' dir='ltr'><strong>itaque</strong></span> <span class='ocrx_word' id='word_1_421' title='bbox 1584 5220 1844 5275; x_wconf 86' lang='lat' dir='ltr'><strong>operam,</strong></span> <span class='ocrx_word' id='word_1_422' title='bbox 1882 5216 1942 5263; x_wconf 90' lang='lat' dir='ltr'><strong>ut</strong></span> <span class='ocrx_word' id='word_1_423' title='bbox 1975 5210 2083 5265; x_wconf 84' lang='lat' dir='ltr'><strong>alia</strong></span> 
     </span>
    </p>
   </div>
   <div class='ocr_carea' id='block_1_66' title="bbox 2164 5206 3774 5286">
    <p class='ocr_par' dir='ltr' id='par_1_66' title="bbox 2193 5211 3774 5286">
     <span class='ocr_line' id='line_1_66' title="bbox 2193 5211 3774 5286; baseline 0.001 -20"><span class='ocrx_word' id='word_1_424' title='bbox 2193 5211 2436 5285; x_wconf 83' lang='grc' dir='ltr'>φητικῆς</span> <span class='ocrx_word' id='word_1_425' title='bbox 2471 5212 2747 5286; x_wconf 84' lang='grc' dir='ltr'>συνθήκης</span> <span class='ocrx_word' id='word_1_426' title='bbox 2798 5214 2868 5269; x_wconf 83' lang='grc' dir='ltr'>τὰ</span> <span class='ocrx_word' id='word_1_427' title='bbox 2906 5211 3007 5285; x_wconf 76' lang='grc' dir='ltr'>μέν</span> <span class='ocrx_word' id='word_1_428' title='bbox 3039 5214 3157 5267; x_wconf 71' lang='grc' dir='ltr'>ἐστι</span> <span class='ocrx_word' id='word_1_429' title='bbox 3212 5212 3384 5283; x_wconf 70' lang='grc' dir='ltr'>σαφῆ,</span> <span class='ocrx_word' id='word_1_430' title='bbox 3425 5214 3520 5267; x_wconf 75' lang='grc' dir='ltr'>καὶ</span> <span class='ocrx_word' id='word_1_431' title='bbox 3559 5214 3774 5286; x_wconf 78' lang='grc' dir='ltr'>γυμνὴν</span> 
     </span>
    </p>
   </div>
   <div class='ocr_carea' id='block_1_67' title="bbox 1823 5387 2503 5449">
    <p class='ocr_par' dir='ltr' id='par_1_67' title="bbox 1823 5387 2503 5449">
     <span class='ocr_line' id='line_1_67' title="bbox 1823 5387 2503 5449; baseline 0 -5"><span class='ocrx_word' id='word_1_432' title='bbox 1823 5387 2055 5444; x_wconf 66' lang='lat' dir='ltr'><strong>VARl/E</strong></span> <span class='ocrx_word' id='word_1_433' title='bbox 2082 5387 2503 5449; x_wconf 81' lang='lat' dir='ltr'><strong>.LECTIONES.</strong></span> 
     </span>
    </p>
   </div>
   <div class='ocr_carea' id='block_1_68' title="bbox 595 5571 2205 5647">
    <p class='ocr_par' dir='ltr' id='par_1_68' title="bbox 595 5571 2205 5647">
     <span class='ocr_line' id='line_1_68' title="bbox 595 5571 2205 5647; baseline 0.001 -20"><span class='ocrx_word' id='word_1_434' title='bbox 595 5573 614 5647; x_wconf 63' lang='grc' dir='ltr'><strong><em>ξ</em></strong></span> <span class='ocrx_word' id='word_1_435' title='bbox 650 5571 768 5647; x_wconf 69' lang='grc' dir='ltr'>μέν.</span> <span class='ocrx_word' id='word_1_436' title='bbox 804 5574 1021 5647; x_wconf 75' lang='lat' dir='ltr'><strong>Abesta</strong></span> <span class='ocrx_word' id='word_1_437' title='bbox 1055 5574 1178 5631; x_wconf 86' lang='lat' dir='ltr'><strong>cod.</strong></span> <span class='ocrx_word' id='word_1_438' title='bbox 1231 5572 1465 5647; x_wconf 79' lang='lat' dir='ltr'><strong>August.</strong></span> <span class='ocrx_word' id='word_1_439' title='bbox 1504 5575 1571 5632; x_wconf 86' lang='lat' dir='ltr'><strong>de</strong></span> <span class='ocrx_word' id='word_1_440' title='bbox 1616 5591 1726 5646; x_wconf 87' lang='lat' dir='ltr'><strong>quo</strong></span> <span class='ocrx_word' id='word_1_441' title='bbox 1766 5576 1820 5631; x_wconf 88' lang='lat' dir='ltr'><strong>in</strong></span> <span class='ocrx_word' id='word_1_442' title='bbox 1880 5574 2037 5647; x_wconf 71' lang='lat' dir='ltr'><strong>Praef.</strong></span> <span class='ocrx_word' id='word_1_443' title='bbox 2096 5574 2205 5630; x_wconf 88' lang='lat' dir='ltr'><strong>dict</strong></span> 
     </span>
    </p>
   </div>
   <div class='ocr_carea' id='block_1_69' title="bbox 2148 5571 3758 5647">
    <p class='ocr_par' dir='ltr' id='par_1_69' title="bbox 2148 5572 3758 5647">
     <span class='ocr_line' id='line_1_69' title="bbox 2148 5572 3758 5647; baseline -0.002 -17"><span class='ocrx_word' id='word_1_444' title='bbox 2148 5582 2304 5630; x_wconf 26' lang='lat' dir='ltr'><strong>ictum</strong></span> <span class='ocrx_word' id='word_1_445' title='bbox 2349 5584 2457 5647; x_wconf 83' lang='lat' dir='ltr'><strong>est.</strong></span> <span class='ocrx_word' id='word_1_446' title='bbox 2534 5572 2714 5633; x_wconf 79' lang='lat' dir='ltr'><strong>’Cod.</strong></span> <span class='ocrx_word' id='word_1_447' title='bbox 2760 5574 3085 5647; x_wconf 60' lang='lat' dir='ltr'><strong>edici-rasa»;</strong></span> <span class='ocrx_word' id='word_1_448' title='bbox 3183 5576 3204 5607; x_wconf 86' lang='grc'><em>³</em></span> <span class='ocrx_word' id='word_1_449' title='bbox 3235 5573 3369 5632; x_wconf 86' lang='lat' dir='ltr'><strong>Cod.</strong></span> <span class='ocrx_word' id='word_1_450' title='bbox 3412 5578 3513 5646; x_wconf 77' lang='grc' dir='ltr'><strong>τῆς</strong></span> <span class='ocrx_word' id='word_1_451' title='bbox 3544 5574 3758 5637; x_wconf 73' lang='grc' dir='ltr'>ἰάσεως.</span> 
     </span>
    </p>
   </div>
   <div class='ocr_carea' id='block_1_70' title="bbox 512 5640 2122 5719">
    <p class='ocr_par' dir='ltr' id='par_1_70' title="bbox 512 5640 2122 5719">
     <span class='ocr_line' id='line_1_70' title="bbox 512 5640 2122 5719; baseline 0.001 -21"><span class='ocrx_word' id='word_1_452' title='bbox 512 5640 534 5673; x_wconf 78' lang='grc'>⁸</span> <span class='ocrx_word' id='word_1_453' title='bbox 738 5645 996 5719; x_wconf 71' lang='grc' dir='ltr'>παντελῆ.</span> <span class='ocrx_word' id='word_1_454' title='bbox 1056 5647 1078 5677; x_wconf 86' lang='grc'>⁸</span> <span class='ocrx_word' id='word_1_455' title='bbox 1119 5640 1399 5719; x_wconf 66' lang='grc' dir='ltr'>στρατ.”1η</span> <span class='ocrx_word' id='word_1_456' title='bbox 1441 5647 1564 5719; x_wconf 81' lang='lat' dir='ltr'><strong>cod.</strong></span> <span class='ocrx_word' id='word_1_457' title='bbox 1596 5640 1755 5719; x_wconf 61' lang='lat' dir='ltr'><strong>colon</strong></span> <span class='ocrx_word' id='word_1_458' title='bbox 1784 5646 2027 5719; x_wconf 72' lang='lat' dir='ltr'><strong>positum</strong></span> <span class='ocrx_word' id='word_1_459' title='bbox 2066 5659 2122 5719; x_wconf 62' lang='lat' dir='ltr'><strong>pg</strong></span> 
     </span>
    </p>
   </div>
   <div class='ocr_carea' id='block_1_71' title="bbox 2154 5640 3764 5719">
    <p class='ocr_par' dir='ltr' id='par_1_71' title="bbox 2154 5640 3764 5719">
     <span class='ocr_line' id='line_1_71' title="bbox 2154 5640 3764 5719; baseline -0.001 -21"><span class='ocrx_word' id='word_1_460' title='bbox 2154 5645 2496 5719; x_wconf 34' lang='lat' dir='ltr'><strong>ilAﬂ‘poléYEt.</strong></span> <span class='ocrx_word' id='word_1_461' title='bbox 2546 5647 2593 5719; x_wconf 37' lang='grc'>,⁸</span> <span class='ocrx_word' id='word_1_462' title='bbox 2632 5645 2837 5701; x_wconf 85' lang='grc' dir='ltr'>πανωλ.</span> <span class='ocrx_word' id='word_1_463' title='bbox 2869 5646 2950 5703; x_wconf 82' lang='lat' dir='ltr'><strong>Ib.</strong></span> <span class='ocrx_word' id='word_1_464' title='bbox 3008 5646 3166 5703; x_wconf 85' lang='lat' dir='ltr'><strong>colon</strong></span> <span class='ocrx_word' id='word_1_465' title='bbox 3200 5661 3319 5717; x_wconf 85' lang='lat' dir='ltr'><strong>pos.</strong></span> <span class='ocrx_word' id='word_1_466' title='bbox 3354 5640 3478 5719; x_wconf 72' lang='lat' dir='ltr'><strong>post</strong></span> <span class='ocrx_word' id='word_1_467' title='bbox 3526 5661 3764 5715; x_wconf 72' lang='grc' dir='ltr'>προαγο-</span> 
     </span>
    </p>
   </div>
   <div class='ocr_carea' id='block_1_72' title="bbox 517 5712 2127 5785">
    <p class='ocr_par' dir='ltr' id='par_1_72' title="bbox 517 5712 2127 5785">
     <span class='ocr_line' id='line_1_72' title="bbox 517 5712 2127 5785; baseline 0.002 -19"><span class='ocrx_word' id='word_1_468' title='bbox 517 5712 683 5784; x_wconf 87' lang='grc' dir='ltr'>ρεύει.</span> <span class='ocrx_word' id='word_1_469' title='bbox 760 5715 779 5746; x_wconf 81' lang='grc'><strong>⁷</strong></span> <span class='ocrx_word' id='word_1_470' title='bbox 822 5712 989 5785; x_wconf 68' lang='grc' dir='ltr'><strong>’Δμιμζο</strong></span> <span class='ocrx_word' id='word_1_471' title='bbox 1039 5715 1153 5772; x_wconf 79' lang='grc' dir='ltr'>καί.</span> <span class='ocrx_word' id='word_1_472' title='bbox 1182 5712 1554 5774; x_wconf 67' lang='grc' dir='ltr'>Άῢρειίιυοά.</span> <span class='ocrx_word' id='word_1_473' title='bbox 1623 5718 1642 5749; x_wconf 82' lang='grc'>⁸</span> <span class='ocrx_word' id='word_1_474' title='bbox 1688 5712 1882 5785; x_wconf 73' lang='grc' dir='ltr'>Ἰδουμ.</span> <span class='ocrx_word' id='word_1_475' title='bbox 1921 5712 2127 5773; x_wconf 58' lang='lat' dir='ltr'><strong>Cod&quot;!</strong></span> 
     </span>
    </p>
   </div>
   <div class='ocr_carea' id='block_1_73' title="bbox 772 5712 2382 5785">
    <p class='ocr_par' dir='ltr' id='par_1_73' title="bbox 772 5712 2382 5785">
     <span class='ocr_line' id='line_1_73' title="bbox 772 5712 2382 5785; baseline 0 -15"><span class='ocrx_word' id='word_1_476' title='bbox 772 5715 779 5741; x_wconf 57' lang='grc' dir='ltr'><em>ν</em></span> <span class='ocrx_word' id='word_1_477' title='bbox 822 5712 989 5785; x_wconf 53' lang='grc' dir='ltr'>’Δμμᾴ</span> <span class='ocrx_word' id='word_1_478' title='bbox 1039 5715 1153 5772; x_wconf 79' lang='grc' dir='ltr'>καί.</span> <span class='ocrx_word' id='word_1_479' title='bbox 1182 5712 1351 5774; x_wconf 65' lang='lat' dir='ltr'><strong>Abest</strong></span> <span class='ocrx_word' id='word_1_480' title='bbox 1377 5718 1554 5773; x_wconf 78' lang='lat' dir='ltr'><strong>ucod.</strong></span> <span class='ocrx_word' id='word_1_481' title='bbox 1623 5718 1642 5749; x_wconf 82' lang='grc'>⁸</span> <span class='ocrx_word' id='word_1_482' title='bbox 1688 5712 1882 5785; x_wconf 73' lang='grc' dir='ltr'>Ἰδουμ.</span> <span class='ocrx_word' id='word_1_483' title='bbox 1921 5712 2382 5777; x_wconf 57' lang='grc' dir='ltr'>ίὶούίἸουδαὼις.</span> 
     </span>
    </p>
   </div>
  </div>
