4076 6450
603 360 712 424 219

1604 351 2087 415 THEODORETI
2122 351 2463 414 EPISCOPI
2492 356 2860 418 CYRENSIS

3748 368 3855 434 220

603 471 792 528 dentia
839 481 962 524 mea
1001 466 1217 523 nobiles
1253 463 1506 530 reddidi,
1552 463 1754 533 ingrati
1809 471 1992 516 tamen
2047 476 2176 536 erga

2286 463 2340 516 τὸ
2373 459 2510 518 εἶναι
2575 468 2935 538 παρήγαγον,
2982 467 3118 522 ἀλλά
3167 469 3262 522 καὶ
3321 468 3502 542 πάσης
3539 472 3854 545 ἐπιμελείας

605 560 1022 618 benefactorem
1055 557 1296 612 fuerunt.
1334 555 1714 625 Congruenter
1753 563 1956 616 autem,
1981 553 2181 622 ingrati

607 652 775 708 animi
809 667 906 707 eos
940 664 1231 713 accusans,
1268 647 1466 702 cmlum
1513 654 1567 702 et
1601 653 1804 701 terram
1843 643 2079 698 advocat
2121 644 2180 698 in

606 743 870 808 medium,
912 742 1182 811 siquidem
1215 739 1413 792 horum
1449 752 1619 808 Opera
1645 737 1894 792 omnium
1917 751 2178 804 generum

606 833 868 888 beneﬁcia
887 838 1265 902 perceperunt.
1291 828 1426 882 Nam
1457 836 1512 884 et
1541 830 1743 884 coelum
1763 843 2004 898 superne
2022 843 2180 881 man-

603 940 675 980 na
709 926 816 980 illis
849 924 915 978 ad
945 938 1126 980 escam
1157 922 1440 992 praebui“
1472 922 1751 978 Mandavit
1778 920 2176 991 enim,inquit,

601 1017 846 1071 nubibus
883 1015 1152 1086 desuper,
1195 1024 1252 1072 et
1287 1016 1490 1086 januas
1513 1015 1640 1071 coeli
1669 1012 1887 1082 aperuit
1910 1052 1925 1076 ,
1958 1019 2010 1067 et
2040 1011 2179 1082 pluit

601 1106 711 1164 illis
742 1121 944 1161 manna
977 1105 1047 1160 ad
1075 1105 1538 1171 manducandum,
1569 1113 1625 1160 et
1651 1119 1846 1176 panem
1874 1102 2000 1158 cmli
2029 1102 2181 1157 dedit

597 1197 679 1253 eis
708 1208 755 1251 ο.
787 1215 805 1248 ι
856 1196 920 1250 Et
949 1205 1099 1253 terra
1159 1196 1382 1268 quidem
1419 1199 1475 1252 in
1508 1197 1729 1252 deserto
1759 1197 1869 1251 illis
1911 1208 2178 1265 aquarum

598 1287 811 1357 copiam
849 1287 1260 1357 suppeditavit,
1304 1288 1359 1342 in
1393 1287 1682 1343 Palaestina
1716 1294 1898 1341 autem
1931 1285 2177 1339 omnium

599 1376 877 1432 fructuum
927 1377 1138 1446 peperit
1177 1376 1592 1431 abundantiam.
1639 1393 1659 1426 ‹
1696 1373 1865 1430 Filios
1900 1372 2061 1443 169
2089 1387 2180 1444 ge-

597 1467 697 1522 nui
743 1475 799 1522 et
847 1467 1084 1524 exaltavi
1112 1508 1127 1535 ,
1183 1469 1288 1540 ipsi
1347 1477 1534 1523 autem
1582 1467 1953 1541 reprobarunt
2004 1481 2114 1521 me.
2152 1483 2172 1518 ι

598 1556 910 1624 Quinetiam
975 1559 1290 1630 adoptionis
1339 1560 1661 1630 dignitatem
1697 1557 1880 1628 adepti
1909 1566 2038 1613 sunt
2066 1556 2178 1626 pri-

598 1651 672 1703 mi
701 1665 716 1714 ;
753 1651 896 1705 unde
923 1658 978 1706 et
1002 1652 1423 1722 primogenitum
1461 1651 1612 1705 illum
1639 1650 1810 1704 lilium
1844 1647 2174 1720 appellavit,

2283 553 2512 622 ἠξίωσα,
2561 557 2656 610 καὶ
2687 557 3081 629 περιϐλέπτους
3129 560 3216 613 se
3255 561 3355 631 τῆς
3407 563 3606 633 πολλῆς
3643 583 3855 637 προμη-

2282 642 2431 707 θείας
2467 645 2722 715 ἀπέφηνα
2747 664 2758 678 ’
2788 647 2902 700 ἀλλ’
2938 650 3090 702 αὐτοὶ
3115 650 3400 721 ἀχάριστοι
3429 655 3556 724 περὶ
3583 655 3674 708 τὸν
3701 659 3857 730 εὐερ-

2283 737 2450 809 γέτην
2475 739 2738 807 ἐγένοντο.
2769 741 3008 805 Εἰκότως
3041 741 3098 795 δὲ
3141 744 3240 810 τῆς
3276 746 3598 816 ἀχαριστίας
3623 765 3858 818 κατηγοο

2285 826 2396 896 ρῶν
2421 868 2437 894 ,
2467 828 2694 898 οὐρανὸν
2726 831 2821 884 καὶ
2849 830 2956 900 γῆν
2993 834 3074 896 είς
3119 833 3283 902 μέσον
3329 835 3512 888 καλεῖ·
3541 836 3628 889 διὰ
3653 838 3857 891 τούτων

2281 917 2392 989 γὰρ
2413 920 2758 984 παντοδαπὰς
2790 923 3110 994 εὐεργεσίας
3138 924 3466 996 ἐτρύγησαν.
3489 927 3729 999 Οὐρανὸς
3758 931 3858 1000 μὲν

2280 1009 2388 1080 γὰρ
2409 1011 2590 1074 αὐτοῖς
2609 1012 2813 1066 ἀνωθεν
2839 1013 3144 1085 ἐχορήγησε
3177 1017 3276 1087 τὴν
3304 1017 3398 1070 τοῦ
3433 1017 3610 1088 μάννα
3628 1022 3853 1092 τροφήν.

2289 1119 2308 1153 ι
2351 1101 2682 1155 Ἐνετείλατο
2701 1102 2830 1175 γὰρ,
2865 1106 3018 1174 φησὶ,
3050 1105 3301 1175 νεφέλαις
3325 1106 3610 1174 ἀνωθενιο,
3639 1111 3733 1162 καὶ
3762 1110 3858 1164 θύ-

2284 1207 2383 1260 ρας
2399 1192 2630 1263 οὐρανοῦ
2649 1193 2853 1264 ἀνέῳξε
2871 1212 2886 1227 ο
2906 1194 3000 1247 καὶ
3019 1195 3142 1268 ἐϐρε
3151 1197 3238 1263 ξεν
3249 1198 3429 1264 αὐτοῖς
3448 1199 3620 1269 μάννα
3637 1203 3855 1268 φαγεῖν,

2286 1282 2379 1335 καὶ
2403 1283 2566 1354 άρτον
2586 1285 2817 1357 οὐρανοῦ
2860 1285 3060 1341 ἔδωκεν
3093 1288 3296 1352 αὐτοῖς.
3337 1307 3356 1341 ι
3389 1289 3451 1342 Ἦ
3474 1289 3531 1342 δὲ
3561 1293 3630 1361 γῆ
3658 1291 3857 1362 ἠνεγκε

2283 1373 2381 1442 μὲν
2426 1375 2613 1440 αὐτοῖς
2661 1377 2720 1431 ἐν
2761 1379 2828 1448 τῇ
2864 1379 3056 1448 ἐρήμῳ
3085 1379 3193 1432 τῶν
3235 1379 3442 1433 ὑδάτων
3483 1380 3583 1451 τήν
3622 1382 3814 1453 χρείαν
3838 1399 3854 1411 ο

2286 1469 2628 1540 προσήνεγκε
2661 1469 2718 1522 δὲ
2765 1470 2949 1532 αὐτοῖς
2998 1472 3057 1524 ὲν
3112 1470 3441 1543 Παλαιστίνῃ
3497 1472 3856 1525 παντοδαπῶν

2285 1561 2515 1632 καρπῶν
2529 1561 2628 1624 τὰς
2650 1560 2959 1630 ἀφθονίας.ι
2987 1563 3148 1626 Υἰούς
3171 1563 3437 1634 ἐγέννησα
3455 1565 3495 1594 ¹¹
3519 1564 3612 1617 καὶ
3639 1563 3853 1633 ὕψωσαο

2278 1651 2432 1706 αὐτοὶ
2458 1651 2514 1704 δέ
2559 1668 2626 1722 με
2670 1650 2961 1722 ἠθέτησαν.
3007 1670 3028 1704 ι
3067 1651 3378 1706 Μετέλαϐον
3414 1653 3471 1707 δὲ
3509 1653 3602 1708 καὶ
3630 1653 3729 1707 τοῦ
3758 1654 3856 1723 τῆς

606 1757 625 1790 ι
653 1736 847 1800 Filius.
871 1739 1082 1806 dicens,
1102 1741 1498 1810 primogenitus
1528 1755 1685 1794 meus
1705 1739 1873 1795 Israel
1895 1739 1914 1777 ί
1947 1758 1966 1791 ι
1993 1757 2008 1794 :
2041 1738 2176 1793 nihil

2286 1741 2550 1805 υἱοθεσίας
2588 1740 2897 1811 ἀξιώματος
2932 1742 3139 1813 πρῶτοι
3163 1781 3178 1807 ,
3203 1738 3263 1797 οὗ
3291 1743 3354 1814 δὴ
3383 1744 3540 1814 χάριν
3586 1745 3682 1798 καὶ
3707 1762 3857 1815 πρω-

599 1836 780 1884 tamen
812 1829 938 1885 illos
983 1839 1042 1884 ut
1081 1838 1296 1900 gratum
1330 1831 1578 1884 animum
1622 1830 1916 1886 induerent
1961 1844 2177 1902 permo-

597 1921 695 1986 vit,
726 1921 820 1978 sed
847 1919 1016 1978 Deum
1045 1930 1100 1978 et
1117 1921 1331 1979 Patrem
1360 1921 1754 1994 reprobarunt.

668 2211 836 2267 Vsus.
866 2213 918 2267 5.
955 2211 1209 2284 Cognovit
1231 2213 1322 2268 bos
1344 2229 1720 2283 possessorem,
1756 2223 1806 2270 et
1833 2216 2018 2271 asinus
2041 2231 2180 2286 pra:-

595 2317 714 2371 πρε
749 2304 953 2358 domini
985 2306 1069 2358 sui
1107 2320 1126 2359 :
1158 2305 1334 2360 Israel
1366 2316 1542 2360 autem
1574 2323 1654 2360 me
1687 2322 1792 2360 non
1818 2308 2090 2378 cognovit,
2128 2317 2179 2362 et

595 2396 819 2466 populus
847 2414 929 2452 me
952 2413 1056 2451 non
1077 2397 1356 2452 intellexit.
1391 2398 1734 2468 Comparans
1768 2398 1914 2462 illos,
1952 2407 2180 2469 propter

596 2487 872 2558 ingratum
927 2504 991 2545 ac
1041 2489 1433 2546 beneﬁciorum
1493 2491 1869 2545 immemorem
1928 2492 2177 2560 ipsorum

598 2579 877 2644 animum,
913 2595 1037 2634 cum
1075 2580 1255 2635 brutis
1283 2580 1698 2645 animantibus,
1741 2581 1828 2637 his
1876 2582 2014 2652 ipsis
2049 2583 2181 2636 alie-

596 2669 782 2728 niores
805 2684 836 2722 a
867 2671 1083 2724 ratione
1115 2669 1241 2724 illos
1270 2684 1395 2725 esse
1418 2668 1780 2726 demonstrat.
1824 2670 1951 2726 Haec
1983 2673 2133 2728 enim
2159 2712 2175 2739 ,

597 2759 725 2815 lieet
755 2761 968 2815 ratione
1005 2775 1071 2815 ac
1102 2769 1285 2816 mente
1342 2769 1588 2826 careant,
1621 2763 1954 2819 nutritorem
1995 2773 2179 2820 tamen

597 2861 945 2925 agnoscunt,
969 2848 1053 2910 'et
1102 2854 1234 2909 dum
1265 2856 1614 2912 curationem
1642 2859 1980 2928 suscipiunt,
2011 2859 2181 2914 bene-

595 2945 723 3001 volo
756 2945 812 3000 in
836 2943 959 3014 ejus
986 2953 1270 3002 auctorem
1293 2961 1462 3003 sensu
1497 2947 1828 3005 afﬁciuntur.
1876 2949 1947 3004 Et
1977 2950 2180 3005 bubul-

597 3051 722 3090 cum
749 3036 849 3092 hos
868 3037 1040 3102 novit,
1065 3037 1296 3109 ejusque
1323 3039 1442 3095 voci
1487 3039 1830 3111 obtemperat
1858 3059 1872 3096 :
1907 3051 1963 3097 et
1988 3042 2179 3097 asinus

2278 1832 2503 1886 τότοκον
2519 1833 2634 1888 υἱὸν
2663 1833 2826 1886 αὐτὸν
2841 1834 3285 1905 προσηγόρευσεν
3303 1849 3317 1866 ο
3350 1852 3368 1884 ι
3391 1833 3516 1898 Υίὺς
3543 1833 3673 1906 γὰρ,
3699 1838 3860 1904 φησι,

2281 1923 2632 1993 πρωτότοκός
2659 1942 2762 1995 μου
2799 1925 3016 1996 Ἰσραήλ
3039 1938 3052 1953 ⁸
3086 1943 3104 1977 ι
3138 1924 3252 1977 ἀλλ’
3303 1927 3450 1996 ὅμως
3478 1925 3630 1978 οὐδὲν
3661 1925 3858 1988 αὐτοὺς

2277 2015 2462 2068 ἔπεισε
2513 2015 2698 2068 λαϐεῖν
2747 2015 3064 2087 εὐγνώμονα
3115 2015 3340 2088 γνώμην
3366 2034 3381 2048 ο
3426 2017 3540 2071 rex
3586 2016 3857 2088 ἠθέτησαν

2277 2103 2370 2159 τὸν
2397 2104 2527 2157 Θεὸν
2557 2105 2651 2157 καὶ
2679 2103 2918 2174 Πατέρα.

2347 2201 2420 2261 γ’.
2448 2197 2644 2265 Ἔγνω
2674 2194 2834 2262 βοῦς
2880 2194 2986 2250 τὸν
3017 2195 3420 2265 κτησάμενον,
3448 2196 3547 2248 καὶ
3575 2195 3720 2260 ὄνος
3748 2211 3861 2262 την

2278 2283 2516 2353 φάτνην
2551 2283 2658 2338 τοῦ
2705 2285 2917 2352 κυρίου
2959 2285 3145 2340 αὑτοῦ
3164 2302 3178 2314 ο
3225 2283 3472 2354 Ἰσραὴλ
3499 2284 3566 2338 δέ
3588 2301 3660 2348 με
3683 2285 3727 2317 ¹¹
3753 2287 3860 2339 οὐκ

2278 2375 2451 2444 ἔγνω,
2481 2373 2581 2428 καὶ
2620 2377 2654 2428 ό
2681 2375 2832 2441 λαός
2854 2391 2932 2444 με
2980 2378 3051 2430 οὐ
3072 2374 3368 2444 συνῆκεν.
3416 2377 3517 2429 Διά
3548 2375 3648 2448 τήν
3682 2375 3860 2445 ἀγνω-

2283 2465 2523 2536 μοσύνην
2543 2466 2724 2520 αὐτῶν
2754 2467 2847 2520 καὶ
2878 2467 3224 2538 ἀχαριστίαν,
3242 2470 3353 2530 τοῖς
3385 2466 3598 2536 ἀλόγοις
3631 2467 3858 2538 συγκρίρ

2285 2573 2393 2611 νων
2424 2557 2646 2622 αὐτοὺς,
2689 2557 2981 2627 ἀποφαίνει
3017 2557 3221 2611 τούτων
3253 2558 3626 2628 ἀλογωτέρους
3651 2573 3666 2587 ·
3703 2557 3859 2626 λόγου
3965 2569 3976 2585 ‘

2279 2645 2390 2718 γὰρ
2419 2647 2615 2717 ἐστερη
2625 2647 2759 2718 μένα
2779 2648 2952 2702 ταῦτα
2973 2649 3066 2703 καὶ
3085 2649 3305 2716 νοῦ,τδν
3345 2650 3549 2719 τροφέα
3577 2647 3858 2718 γινώσκει,

2281 2738 2378 2790 καὶ
2428 2740 2528 2808 τῆς
2581 2738 2901 2809 ἐπιμελείας
2928 2740 3470 2811 Δμεταλαγχάνοντα,
3504 2741 3861 2810 εὐγνωμόνως

2281 2827 2412 2898 περὶ
2429 2826 2520 2880 τὸν
2552 2831 2754 2901 ταύτης
2783 2828 3053 2884 διάκειται
3085 2829 3342 2900 χορηγόν.
3372 2830 3480 2882 Kal.
3502 2825 3607 2882 οἶδε
3640 2830 3746 2900 μὲν
3775 2831 3862 2882 τὸν

2284 2917 2552 2990 βοηλάτην
2579 2920 2607 2971 6
2639 2919 2786 2990 βοῦς,
2808 2920 2945 2974 εἴκει
2965 2921 3022 2976 δέ
3050 2925 3116 2994 τῇ
3151 2922 3343 2974 τούτου
3382 2923 3533 2992 φωνῇ
3560 2938 3574 2954 ο
3600 2920 3790 2991 τρέχει
3811 2921 3864 2974 δὲ

2283 3009 2365 3072 εἰς
2385 3010 2487 3080 τὴν
2510 3011 2716 3082 συνήθη
2739 3011 2946 3083 φάτνην
2967 3015 2994 3065 6
3015 3013 3154 3075 ὄνος.
3179 3005 3338 3066 Οὗτοι
3363 3012 3420 3066 δὲ
3444 3011 3626 3084 πηγὴν
3646 3011 3867 3081 ἀγαθῶν

598 3124 667 3180 ad
699 3127 923 3182 solitum
958 3142 1204 3200 praesepe
1251 3131 1514 3185 accurrit.
1552 3130 1619 3186 Hi
1660 3147 1793 3188 vero
1844 3149 1874 3188 e
1908 3132 2181 3189 bonorum

2286 3100 2686 3168 ἐξαντλοῦντες,
2734 3103 2834 3157 οὐκ
2881 3103 3154 3174 ἠθέλησαν
3191 3104 3490 3172 ἐπιγνῶναι
3531 3102 3703 3158 τῶνδε
3761 3103 3866 3156 τῶν

600 3216 752 3274 l‘onte
793 3235 920 3274 cum
976 3220 1274 3288 hauriant,
1318 3237 1348 3276 a
1398 3239 1509 3293 quo
1552 3225 1658 3280 ista
1699 3224 1974 3295 proﬂuent
2013 3240 2184 3297 agno-

599 3324 756 3366 scere
781 3312 1101 3367 noluerunt.
1137 3311 1231 3367 Sic
1260 3328 1458 3370 rursus
1481 3330 1577 3386 per
1600 3314 1894 3372 Jeremiam
1927 3333 2054 3373 cum
2086 3334 2184 3372 vo-

600 3402 850 3458 lucribus
879 3403 1008 3459 illos
1031 3413 1338 3475 comparat,
1373 3413 1430 3460 et
1461 3421 1491 3460 a
1515 3408 1733 3464 ratione
1753 3408 1932 3479 magis
1962 3423 2185 3466 aversos

597 3507 725 3548 esse
763 3492 945 3548 docet.
991 3510 1010 3545 ι
1040 3491 1252 3549 Turtur
1280 3503 1429 3552 enim
1457 3537 1473 3564 ,
1519 3497 1744 3568 inquit,
1777 3508 1834 3553 et
1865 3499 2090 3565 cicada,
2131 3508 2187 3556 et

602 3583 841 3639 hirundo
881 3592 1160 3640 noverunt
1209 3593 1432 3658 tempus
1461 3588 1732 3645 adventus
1762 3589 1851 3645 sui
1888 3608 1901 3646 :
1949 3592 2187 3662 populus

583 3682 789 3730 autem
821 3689 980 3732 meus
1016 3691 1127 3731 non
1161 3679 1424 3748 cognovit
1451 3681 1495 3732 ε.
1530 3699 1549 3732 ι

587 3804 592 3806 -
675 3765 848 3823 Vens.
883 3768 936 3822 4.
990 3768 1080 3824 Vae
1107 3771 1248 3840 genti
1287 3773 1569 3839 peccatrici
1594 3811 1610 3836 ,
1658 3773 1850 3841 populo
1882 3769 2038 3842 pleno
2063 3791 2188 3844 pec-

602 3859 762 3925 catis,
788 3859 976 3914 semini
1005 3863 1254 3930 nequam,
1287 3860 1420 3929 ﬁliis
1449 3862 1642 3932 iniquis
1665 3863 1686 3916 .'
1719 3861 1845 3918 Haec
1867 3864 2056 3918 omnia
2087 3865 2190 3918 im-

603 3963 854 4004 mensam
898 3951 1020 4018 ejus
1069 3951 1512 4006 misericordiam
1555 3951 1856 4008 declarant.
1891 3951 2190 4008 Lamenta-

606 4041 812 4097 tionem
835 4043 983 4098 enim
1010 4043 1260 4099 instituit
1287 4043 1342 4097 in
1365 4058 1462 4100 eos
1490 4045 1585 4114 qui
1611 4047 1823 4102 servari
1855 4047 2187 4103 noluerunt:

603 4134 911 4189 amantium
939 4143 1128 4192 autem
1150 4143 1300 4201 sunt,
1329 4151 1438 4190 non
1464 4138 1593 4193 odio
1620 4138 1967 4206 habentium,
1989 4141 2193 4197 lamen-

606 4223 864 4281 lationes.
893 4226 1096 4281 Semen
1125 4241 1256 4282 vero
1282 4242 1518 4296 nequam
1552 4229 1680 4286 illos
1703 4239 1886 4297 vocat,
1917 4247 2028 4288 non
2059 4247 2192 4288 con-

605 4316 891 4371 tumeliam
923 4315 1135 4373 t'aciens
1161 4318 1502 4389 majoribus,
1537 4320 1638 4377 sed
1669 4321 1916 4392 ipsorum
1952 4338 2193 4394 arguens

2285 3193 2546 3264 ναμάτων
2575 3195 2666 3248 τὸν
2692 3195 2929 3266 χορηγόν
2959 3212 2972 3226 °
3000 3195 3143 3248 οὕτω
3177 3197 3271 3250 καὶ
3291 3197 3381 3250 διὰ
3427 3195 3693 3267 Ἰερεμίου
3731 3211 3866 3264 πτη-

2285 3287 2397 3349 νοῖς
2414 3285 2613 3350 αὐτοὺς
2639 3286 2947 3358 συγκρίνει,
2975 3285 3070 3340 καὶ
3096 3285 3300 3340 τούτων
3331 3286 3710 3356 ἀλογωτέρους
3738 3285 3867 3339 ἀπο-
3933 3334 3938 3340 .

2288 3376 2523 3446 φαίνει.ι
2554 3375 2784 3448 Τρυγὼν
2806 3376 2936 3446 γὰρ,
2961 3377 3117 3448 φησὶ,
3145 3376 3240 3430 καὶ
3263 3375 3462 3442 τέττιξ,
3504 3378 3600 3431 καὶ
3621 3374 3868 3447 χελιδὼν,

2288 3470 2532 3538 ἔγνωσαν
2562 3469 2788 3540 καιροὺς
2816 3468 3022 3522 εἰσόδου
3052 3468 3234 3524 αὐτῶν
3254 3485 3269 3502 ο
3303 3470 3332 3523 6
3359 3469 3418 3524 δὲ
3449 3469 3576 3533 λαός
3629 3485 3743 3539 μου
3777 3469 3871 3522 οὐκ

2289 3560 2450 3629 ἔγνω.
2494 3578 2512 3611 ι

2359 3764 2420 3819 δ’.
2458 3763 2630 3828 Οὐαὶ,
2651 3763 2826 3830 ἔθνος
2845 3762 3219 3833 ἁμαρτωλὸν,
3246 3765 3398 3834 λαὸς
3434 3767 3675 3835 πλήρης
3699 3769 3874 3839 ἁμαρ-

2291 3856 2452 3921 τιῶν,
2493 3855 2733 3924 σπέρμα
2770 3855 3061 3924 πονηρὸν,
3092 3857 3209 3912 υἱοὶ
3247 3857 3458 3926 ἄνομοι
3476 3859 3496 3910 !
3543 3857 3737 3914 Ταῦτα
3773 3860 3876 3912 -τὸν

2291 3949 2508 4016 ἄφατον⁹
2541 3946 2705 4000 αὐτοῦ
2747 3947 3021 4001 δείκνυσιν
3059 3949 3228 4004 ἔλεον.
3263 3949 3506 4021 Θρήνους
3528 3949 3638 4021 γὰρ
3661 3950 3874 4022 ὑφαίνει

2292 4040 2410 4102 τοῖς
2434 4038 2672 4109 σωθῆναι
2704 4039 2780 4109 μή
2810 4039 3118 4111 βουληθεῖσι
3138 4056 3152 4070 ’
3181 4040 3289 4096 τῶν
3316 4041 3374 4094 δέ
3398 4041 3721 4110 φιλούντων,
3761 4043 3875 4097 ἀλλ’

2293 4133 2354 4186 οὐ
2402 4131 2514 4186 τῶν
2575 4135 2898 4201 μισούντων,
2929 4132 2980 4184 οἱ
3024 4131 3246 4203 θρῆνον
3299 4133 3522 4204 σπέρμα
3573 4133 3632 4187 δὲ
3680 4134 3877 4196 αὐτοὺς

2295 4223 2530 4294 πονηρὸν
2557 4222 2837 4293 ὀνομάζει,
2867 4221 2929 4275 οὐ
2963 4222 3088 4286 τούς
3126 4224 3424 4294 προγόνους
3455 4224 3716 4294 ὑϐρίζων,
3744 4224 3878 4279 ἀλλὰ

2293 4316 2395 4386 τήν
2415 4314 2622 4369 τούτων
2643 4315 2909 4386 πονηρίαν
2939 4313 3196 4384 ἐλέγχων.
3224 4313 3381 4368 Οὕτω
3404 4317 3498 4368 καὶ
3517 4317 3546 4368 6
3570 4315 3877 4384 Βαπτιστής

607 4407 935 4477 nequitiam.
959 4406 1054 4462 Sic
1081 4416 1136 4463 et
1162 4407 1409 4480 Baptista
1440 4409 1683 4468 Joannes
1713 4414 1995 4483 genimina
2037 4414 2183 4485 vipe-

2309 4408 2562 4478 Ίωάννης
2594 4408 2914 4478 γεννήματα
2948 4405 3173 4475 ἐχιδνῶν
3207 4405 3406 4467 αὐτοὺς
3437 4404 3700 4459 ἀπεκάλει
3719 4445 3737 4472 ,
3766 4405 3796 4457 6
3823 4403 3880 4456 δὲ

607 4513 796 4554 rarum
823 4513 920 4556 eos
952 4499 1263 4569 appellabat
1286 4502 1349 4567 ιι,
1388 4510 1444 4558 et
1472 4503 1740 4560 Dominus
1770 4507 2183 4574 generationem

2299 4499 2504 4570 Κύριος
2528 4497 2722 4567 γενεὰν
2748 4497 2992 4568 πονηρὰν
3017 4499 3111 4551 καὶ
3133 4496 3437 4568 μοιχαλίδα.
3453 4496 3588 4550 Οὐδέ
3609 4496 3722 4566 γὰρ
3749 4494 3877 4563 ἐφύ-

611 4588 813 4642 malam
852 4596 908 4645 et
941 4589 1250 4648 adulteram
1284 4593 1330 4646 ί.
1364 4592 1551 4664 Neque
1582 4595 1730 4651 enim
1765 4596 2187 4666 progenitorum

617 4680 778 4750 17o
805 4682 1146 4740 nobilitatem
1174 4685 1549 4742 retinuerunt.
1593 4687 1694 4742 Hic
1735 4703 1901 4758 porro
1943 4696 2030 4744 est
2074 4703 2196 4744 mos

615 4773 1033 4844 prophetarum,
1056 4785 1115 4832 ut
1135 4792 1231 4834 eos
1253 4778 1540 4850 plangant,
1565 4779 1659 4849 qui
1679 4779 1975 4836 insanabili
2003 4779 2198 4836 morbo

615 4862 888 4921 laborant.
915 4867 995 4921 Ita
1025 4883 1245 4939 quoque
1263 4867 1556 4924 Christus:
1595 4887 1615 4920 ‹
1647 4866 1740 4923 Va:
1771 4869 1892 4934 tibi,
1920 4871 2017 4937 ait,
2051 4872 2200 4928 Cho-

2300 4589 2468 4656 λαξαν
2492 4589 2591 4661 τὴν
2618 4590 2726 4644 τῶν
2749 4590 3029 4661 προγόνων
3057 4589 3357 4656 εὐγένειαν.
3379 4587 3492 4642 Καὶ
3518 4587 3752 4671 τοῦτοδὲ
3773 4588 3880 4648 τοῖς

2305 4684 2613 4756 προφήταις
2649 4682 2792 4748 ἔθος,
2830 4683 2957 4745 τοὺς
2991 4681 3058 4735 τὰ
3091 4679 3285 4735 ἀνίατα
3308 4679 3602 4742 νοσοῦντας
3630 4678 3877 4752 θρηνεῖν·

2306 4773 2450 4828 οὕτω
2471 4774 2566 4828 καὶ
2590 4776 2619 4827 6
2637 4771 2874 4844 Χριστὸς
2894 4771 3068 4840 λέγων
3085 4786 3098 4800 ⁸
3137 4789 3156 4823 ι
3173 4770 3309 4824 Οὐαί
3334 4787 3437 4834 σοι,
3458 4767 3728 4842 Χοραζίνι
3760 4767 3882 4822 οὐαί

2305 4884 2411 4932 σοι,
2441 4865 2733 4920 Βεθσαῖδάἰ
2764 4885 2783 4917 ι
2830 4865 2984 4918 Ἐπεὶ
3011 4865 3103 4918 καὶ
3127 4862 3286 4918 τοῦτο
3312 4862 3663 4924 διδασκαλίας
3707 4857 3849 4924 εἶδος
3867 4877 3879 4890 ·

615 4954 800 5010 rasin!
833 4972 914 5013 vae
943 4958 1065 5025 tibi,
1093 4958 1390 5015 Bethsaida
1415 4957 1498 5013 iis
1530 4958 1745 5030 Quippe
1776 4960 1890 5016 haec
1920 4962 2084 5016 etiam
2115 4975 2183 5021 esi

2309 4960 2368 5012 ὃν
2398 4960 2508 5030 γάρ
2527 4959 2628 5012 οὐκ
2647 4957 2986 5026 ἀνεκτήσατο
3006 4955 3189 5025 λόγος,
3219 4954 3408 5009 τοῦτον
3439 4953 3712 5017 πολλάκις
3723 4951 3882 5024 διώρ-

618 5047 833 5116 species
858 5047 1186 5119 disciplina.
1218 5050 1392 5118 Quem
1416 5051 1565 5106 enim
1599 5053 1782 5108 oratio
1816 5067 1928 5107 non
1963 5054 2199 5122 inﬂexit,

2303 5050 2443 5104 θωσε
2472 5050 2688 5120 θρῆνος.
2714 5069 2733 5100 ι
2778 5047 3200 5117 Ἐγκατελίπετε
3231 5048 3324 5102 τὸν
3353 5046 3580 5119 Κύριον,
3617 5047 3714 5101 καὶ
3745 5063 3885 5116 παρ-

619 5138 768 5194 hunc
828 5156 973 5212 saepe
1025 5144 1274 5199 correxit
1335 5143 1686 5201 lamentatio.
1749 5163 1767 5197 ι
1810 5143 2183 5218 Dereliquisti:

2303 5143 2576 5214 ωργίσατε
2601 5141 2644 5174 ⁸³
2667 5141 2758 5196 τὸν
2791 5139 2979 5210 Ἀγιον
3001 5140 3095 5195 τοῦ
3123 5139 3361 5212 Ἰσραήλ.
3395 5158 3414 5191 ι
3437 5139 3608 5193 Τοῦτο
3634 5139 3692 5192 δὲ
3718 5136 3884 5206 σαφέ-

573 5441 576 5444 .
620 5398 699 5452 ιι,
731 5385 826 5439 2|.

686 5313 892 5397 133st“.
921 5333 1126 5385 Lxxvu,
1157 5317 1249 5384 25,
1278 5317 1368 5372 2L
1455 5318 1472 5356 τ
1518 5317 1691 5374 Exod.
1729 5335 1803 5386 tv,
1833 5319 1925 5376 22.
2005 5324 2030 5363 8
2061 5320 2262 5380 Jercm.
2291 5338 2409 5387 vtn,
2439 5318 2491 5371 7.
2568 5313 2750 5370 llLuc.
2779 5316 2939 5397 ιιι,“7Ἴ
3022 5318 3038 5359 ὶ
3080 5315 3270 5374 Matth.
3311 5331 3410 5384 xu,
3450 5315 3541 5372 39.
3627 5312 3642 5365 i
3690 5313 3884 5369 Matth.

1882 5494 1897 5506 .
1922 5538 2155 5598 VARUE
2196 5541 2598 5604 LECTIONES.

697 5683 998 5766 "avio-tm.
1028 5683 1373 5766 supra,_t.t,
1399 5701 1451 5766 [ιε
1488 5687 1647 5766 llSt,
1677 5689 2047 5760 ὐπεράνωθεν.
2092 5691 2482 5766 --ίίμέγέννησι
2521 5691 2951 5750 llebr.educavi.
2985 5695 3194 5766 Symm.
3235 5704 3288 5754 ct
3325 5695 3536 5756 Thcod.
3593 5691 3886 5766 ἐξέθρεψα.

630 5751 673 5786 ⁸³
704 5754 793 5823 μέ.
837 5754 1004 5812 Abest
1049 5751 1124 5810 ab
1163 5755 1328 5816 Hebr.
1401 5751 1452 5790 ἠ
1484 5759 1672 5828 ἐγκατ.
1703 5770 1756 5818 ct
1786 5751 2043 5832 ’παρωργ.
2081 5751 2247 5816 Hebr:
2280 5751 2688 5834 reliquerunt—
2720 5751 3066 5838 spreveruni.
