4076 6460
563 350 674 419 aza
1529 343 2016 410 THEODORETI
2047 341 2391 404 muscum
2425 346 2791 407 CYRENSIS
3730 353 3851 420 224

568 457 762 512 dentes
801 453 963 526 172
1006 450 1401 522 iniquitatem?
1435 467 1456 502 ι
1490 449 1890 520 suppliciorum
1939 462 2139 518 genera

2267 446 2378 516 τῆτε
2415 449 2792 518 προστιθέντες
2819 453 3086 522 ἀνομίανς
3131 471 3149 504 ι
3192 455 3418 520 εἰκότως
3449 461 3739 531 καταλέγει
3770 469 3851 520 τὰ

567 548 767 601 merito
799 553 1070 606 recenset.
1101 543 1330 599 dicens:
1374 559 1395 593 ι
1437 539 1608 596 Terra
1634 546 1818 594 vestra
1852 539 2090 603 deserta,
2127 557 2145 591 ι

2267 536 2371 607 εἴδη
2401 539 2500 607 τῆς
2534 541 2822 610 τιμωρίας,
2863 542 2955 594 καί
2993 559 3190 611 φησιν·
3227 563 3246 594 ι
3291 545 3354 598 Ἦ
3382 547 3454 616 γῆ
3505 549 3660 620 ὑμῶν
3703 553 3853 625 έρη..

568 647 625 692 et
651 652 773 707 quae
797 645 1123 708 sequuntur.
1152 633 1328 696 Hanc,
1351 631 1550 701 inquit,
1575 631 1843 686 malorum
1873 630 2074 686 seriem
2099 631 2153 686 in

2267 646 2377 700 μος,
2412 648 2430 680 ›
2466 632 2559 684 καὶ
2601 631 2670 684 τὰ
2711 633 2856 702 ἑξῆς.
2893 633 3110 687 Τούτων
3145 635 3291 705 ὑμῖν,
3322 639 3476 706 φησὶ,
3516 640 3622 694 τῶν
3651 645 3855 697 κακῶν

578 751 680 789 vos
704 731 916 796 induxi,
946 737 999 785 et
1036 729 1228 782 horum
1265 739 1490 779 causam
1523 738 1856 794 cognoscere
1900 739 2011 779 nou
2035 725 2154 778 vul-

574 827 668 879 tis.
722 822 846 876 Haec
874 828 1056 874 autem
1083 826 1214 870 tunc
1246 815 1356 870 illis
1379 814 1753 883 contigerunt,
1784 814 2008 884 quando
2048 813 2154 866 Na-

572 914 1024 974 buchodonosor,
1078 923 1170 962 rex
1237 905 2154 979 Babyloniorum,‘expeditionem

573 1015 766 1062 contra
805 1019 900 1058 eos
949 1000 1240 1070 suscepit:
1285 999 1378 1054 sed
1435 999 1690 1052 ultimum
1725 998 1999 1052 excidium
2033 1003 2157 1066 post

573 1097 868 1152 salutarem
900 1107 1119 1146 crucem
1152 1089 1471 1144 indixerunt
1503 1091 1866 1158 imperatores
1899 1088 2152 1151 Romani;

571 1187 940 1252 videmusque
971 1183 1024 1236 in
1057 1180 1384 1235 hodiernum
1419 1180 1566 1233 diem
1600 1180 1668 1233 ab
1697 1180 1979 1233 extraneis
2025 1195 2156 1249 gen-

573 1279 725 1332 tibus
778 1275 998 1330 illorum
1047 1273 1212 1326 urbes
1251 1271 1514 1336 habitari,
1555 1277 1611 1325 et
1671 1280 1868 1324 terram
1907 1269 2154 1338 depasci.

575 1367 733 1436 Quod
778 1366 950 1437 igitur
996 1364 1292 1419 obscurius
1339 1361 1548 1416 dictum
1601 1359 1914 1428 videbatur,
1951 1359 2157 1413 clarius

575 1459 836 1528 explicat.
867 1455 1010 1522 Quid
1041 1453 1186 1508 enim
1215 1451 1319 1508 sibi
1353 1451 1524 1505 velint
1557 1448 1668 1502 illa:
1700 1467 1717 1498 ι
1755 1445 1873 1499 Νοη
1899 1455 1984 1500 est
2012 1445 2154 1514 quod

577 1550 852 1620 malagma
887 1548 1226 1617 imponatur,
1279 1557 1458 1612 neque
1499 1540 1702 1604 oleum,
1737 1553 1915 1607 neque
1971 1538 2161 1606 alliga-

577 1645 737 1703 turae,
777 1655 796 1688 ›
832 1643 1021 1706 aperte
1055 1631 1376 1692 declaravit,
1413 1629 1688 1684 desertam
1725 1627 1918 1681 dicens
1959 1625 2157 1679 factam

581 1729 800 1785 illorum
851 1735 1076 1788 terram,
1107 1732 1161 1777 et
1200 1723 1366 1777 urbes
1419 1732 1738 1782 succensas,
1773 1724 1937 1786 atque
1971 1715 2028 1770 in
2064 1731 2160 1786 po—

581 1826 832 1874 testatem
886 1814 1131 1869 hostium
1167 1809 1442 1871 redactas,
1473 1820 1780 1874 eorumque
1819 1805 2159 1873 alienigena-

579 1925 702 1966 rum
732 1927 744 1963 :
800 1908 878 1962 ita
920 1915 978 1960 ut
1006 1902 1402 1975 propemodum
1433 1915 1628 1956 omnes
1659 1891 1910 1952 funditus
1957 1909 2163 1950 eversae

581 1998 808 2055 fuerint.
840 1994 1089 2051 Juda'am
1144 1990 1419 2062 siquidem
1459 1989 1662 2058 saepius
1713 1995 1928 2057 captam
1991 1985 2164 2038 fuisse

580 2095 819 2151 constat,
852 2088 921 2140 ab
966 2083 1210 2154 Assyriis
1243 2091 1297 2135 et
1325 2079 1621 2151 Egyptiis,
1658 2092 1687 2130 a
1718 2076 1875 2147 Syris
1919 2083 1974 2130 et
2014 2073 2166 2128 Moa-

581 2179 735 2244 bitis,
757 2177 825 2232 ab
854 2175 1128 2240 Idumaeis,
1148 2181 1201 2230 et
1226 2171 1522 2226 Philistteis
1550 2185 1691 2240 quos
1720 2167 2017 2226 vocabant.
2049 2167 2166 2220 sive

580 2269 908 2325 Palaestinis.
942 2266 1050 2320 Sed
1085 2277 1258 2335 pauca
1291 2273 1577 2332 perpessa,
1611 2268 1665 2315 et
1719 2257 2023 2312 moderatis
2082 2256 2165 2309 in-

584 2361 798 2417 terdum
836 2358 1035 2413 amicta
1073 2355 1508 2418 calamitatibus,
1544 2354 1745 2408 iterum
1776 2349 2030 2410 emersit,
2055 2345 2166 2401 Deo

583 2453 906 2520 auxiliante,
928 2458 982 2506 et
1025 2449 1229 2503 vulnus
1269 2447 1364 2501 illo
1398 2453 1634 2501 curante
1663 2443 1757 2514 qui
1793 2445 2165 2511 percusserat.

582 2545 753 2602 Periit
782 2551 966 2599 autem
1018 2541 1268 2596 funditus
1299 2548 1424 2609 post
1453 2548 1674 2592 crucem
1704 2533 2038 2594 Salvatoris,
2065 2531 2164 2587 de-

583 2635 932 2692 vastantibus
979 2647 1099 2686 eam
1149 2629 1492 2698 Vespasiano
1533 2637 1587 2682 et
1639 2625 1783 2680 Tito.
1814 2624 1972 2680 Tunc
2019 2623 2165 2679 enim

583 2743 777 2784 revera
803 2734 858 2781 et
887 2723 1144 2781 succendi
1175 2723 1342 2778 urbes
1365 2720 1620 2791 contigit,
1643 2730 1696 2772 et
1712 2731 1946 2772 vacuam
1968 2715 2168 2769 incolis

585 2818 862 2888 regionem
893 2814 1207 2870 universam
1243 2810 1382 2876 ﬁeri,
1411 2810 1797 2876 victorumque
1841 2805 1896 2858 in
1925 2811 2169 2874 potesta-

585 2917 695 2963 tem
743 2905 954 2960 venire.
990 2902 1429 2957 Acerbissimum
1487 2909 1668 2954 autem
1722 2897 1862 2963 fuit,
1903 2897 1956 2950 in
1990 2897 2169 2951 oculis

584 3013 801 3064 eorum,
859 2994 1241 3068 spectantibus
1278 2993 1492 3048 scilicet
1545 2991 1679 3062 ipsis
1714 3005 1779 3044 ac
1828 2989 2164 3051 dolentibus,

2255 721 2533 790 ἐπήγαγον
2560 723 2651 778 τὸν
2681 725 3000 792 κατάλογον,
3030 726 3126 780 καὶ
3149 730 3483 798 καταμαθεῖν
3512 731 3609 802 τὴν
3631 733 3854 787 τούτων

2251 812 2434 866 αίτίαν
2479 815 2539 866 οὐ
2577 814 2854 883 βούλεσθε.
2900 815 3087 870 Ταῦτα
3133 816 3188 870 δὲ
3232 820 3428 889 συνέϐη
3484 822 3582 890 μὲν
3631 824 3851 889 αὐτοῖς,

2256 903 2418 974 ἡνίκα
2463 905 2942 977 Ναϐουχοδονόσωρ
2991 909 3172 970 αὐτοῖς
3235 911 3262 962 ὁ
3311 909 3418 964 τῶν
3481 912 3858 968 Βαϐυλωνίων

2255 995 2657 1066 ἐπεστράτευσε
2695 997 2980 1064 βασιλεύς·
3019 1000 3110 1052 τὸν
3143 1000 3369 1070 ἔσχατον
3399 1002 3454 1055 δέ
3488 1003 3671 1068 αὐτοῖς
3718 1005 3855 1058 ὄλε-

2258 1085 2406 1156 θρον,
2445 1088 2584 1156 μετὰ
2613 1088 2704 1142 τὸν
2736 1091 3003 1160 σωτήριον
3037 1093 3287 1163 σταυρὸν,
3338 1095 3388 1146 oi
3429 1094 3714 1164 Ῥωμαίων
3741 1097 3858 1149 ἐπ-

2256 1175 2494 1242 ήνεγκαν
2545 1176 2801 1246 βασιλεῖς.
2841 1178 2952 1232 Καὶ
2996 1178 3213 1248 ὁρῶμεν
3261 1181 3425 1252 μέχρι
3464 1183 3557 1235 καὶ
3596 1184 3855 1254 τήμερον

2255 1265 2528 1334 ἀλλόφυλα
2563 1267 2690 1338 ἔθνη
2728 1268 2828 1331 τάς
2861 1269 3044 1333 πόλεις
3093 1271 3270 1324 αὐτῶν
3300 1273 3573 1340 οί-κοῦντα,
3610 1275 3706 1328 καὶ
3739 1277 3858 1344 τὴν

2256 1360 2361 1428 γῆν
2401 1359 2698 1428 νεμόμενα.
2751 1361 2826 1412 Τὸ
2868 1356 2961 1414 οὖν
3000 1363 3370 1434 ἁσαφέστερόν
3418 1383 3538 1428 πως
3585 1368 3855 1439 εἰρῆσθαι

2257 1447 2445 1501 δοκοῦν
2478 1447 2798 1520 καθίστησιν
2827 1451 3092 1520 ἐχαργῶς.
3129 1453 3193 1506 Τί
3225 1454 3334 1525 γὰρ
3363 1455 3429 1508 ἂν
3473 1455 3714 1524 βούλοιτο
3747 1459 3859 1529 δη-

2258 1537 2384 1594 λοῦν
2416 1540 2497 1604 τὸ,
2531 1558 2550 1590 ι
2579 1541 2695 1595 Οὐκ
2721 1541 2836 1594 ἐστι
2869 1541 3133 1613 μάλαγμα
3178 1543 3468 1611 ἐπιθεῖναι,
3493 1544 3616 1600 οὔτε
3639 1547 3853 1612 ἔλαιον,

2259 1629 2384 1684 οὔτε
2411 1631 2805 1701 καταδέσμους,
2831 1651 2850 1683 ι
2881 1632 3485 1704 διηρμήνευσελευκῶς,
3509 1637 3857 1708 ἠρημῶσθαι

2260 1721 2358 1793 τὴν
2386 1721 2492 1791 γῆν
2515 1721 2686 1789 λέγων
2734 1723 2914 1776 αὐτῶν
2938 1763 2953 1786 ,
2998 1725 3380 1796 ἐμπρησθῆναι
3406 1727 3464 1780 δὲ
3492 1729 3588 1782 κα)⁵
3616 1730 3714 1793 τὰς
3746 1730 3860 1782 πό-

2262 1815 2394 1880 λεις,
2427 1815 2521 1868 καὶ
2546 1815 2650 1870 ὑπὸ
2683 1818 2840 1886 χεῖρα
2877 1816 3131 1883 γενέσθαι
3175 1817 3285 1872 τῶν
3329 1819 3559 1890 ἐχθρῶν,
3594 1821 3689 1874 καὶ
3721 1821 3862 1874 τού-

2262 1924 2370 1960 των
2399 1906 2703 1974 ἀλλογενῶν
2722 1924 2735 1937 ·
2761 1906 2837 1970 ὡς
2861 1909 3142 1976 μονονουχὶ
3170 1909 3265 1961 καὶ
3292 1908 3510 1964 ἅπασαν
3536 1912 3603 1964 ἐκ
3629 1911 3864 1983 βάθρων

2263 1998 2688 2068 ἀνατετράφθαι.
2723 1999 3048 2062 Πλειστάκις
3082 2001 3179 2070 μὲν
3213 1998 3306 2054 οῦν
3339 2002 3684 2073 συμϐέϐηκεν
3711 2005 3866 2059 ἀλῶ-

2265 2107 2352 2143 ναι
2378 2089 2477 2160 τὴν
2517 2089 2795 2151 Ἰουδαίαν,
2824 2090 2928 2144 ὑπό
2973 2107 3029 2144 τε
3063 2091 3363 2162 ’Δσσυρίων
3392 2094 3488 2147 καὶ
3511 2095 3864 2163 Αἰγυπτίων.

2267 2178 2454 2250 Σύρων
2482 2197 2542 2233 τε
2570 2179 2665 2233 καὶ
2693 2179 3018 2244 Μωαϐιτῶν,
3065 2180 3376 2250 Ἰδουμαίων
3398 2183 3494 2237 καὶ
3520 2185 3629 2237 τῶν
3657 2186 3868 2240 καλου-

2271 2271 2446 2341 μένων
2473 2270 2794 2342 Φιλιστιεὶμ,
2821 2272 2938 2342 ἦτοι
2965 2271 3356 2327 Παλαιστινῶν.
3389 2274 3529 2328 Ἀλλ’
3551 2275 3708 2344 ὀλίγα
3737 2293 3866 2331 πα.-

2268 2361 2456 2428 θοῦσα,
2489 2363 2582 2416 καὶ
2621 2363 2955 2432 συμμέτροις
2991 2361 3104 2416 ἐσθ’
3150 2364 3241 2417 ὅτε
3293 2365 3668 2435 περιπεσοῦσα
3712 2383 3865 2435 συμ-

2268 2453 2481 2522 φοραῖς,
2526 2451 2688 2506 πάλιν
2717 2451 2918 2520 ἀνῆκεν
2956 2449 3323 2521 ἐπαμύνοντος
3357 2451 3512 2516 Θεοῦ,
3551 2453 3646 2506 καὶ
3683 2451 3864 2504 αὐτοῦ

2272 2542 2561 2614 μοτοῦντος
2591 2541 2638 2573 ⁸⁸
2663 2542 2755 2594 τοῦ
2803 2541 3105 2611 πλήξαντος
3125 2557 3138 2573 °
3177 2541 3422 2595 ἀπόλωλε
3455 2541 3510 2595 δέ
3541 2543 3866 2614 όλοτρόπως

2272 2635 2410 2706 μετά
2436 2635 2528 2689 τὸν
2558 2633 2652 2707 τοῦ
2677 2636 2923 2705 Σωτῆρος
2957 2632 3209 2704 σταυρὸν,
3243 2633 3653 2705 καταδῃούντων
3680 2633 3866 2702 αὐτὴν

2269 2725 2678 2780 Οὐεσπασιανοῦ
2706 2743 2767 2779 τε
2794 2725 2888 2778 καὶ
2921 2724 3104 2778 Τίτου.
3137 2723 3272 2778 Τότε
3300 2725 3409 2796 γὰρ
3436 2725 3500 2796 δὴ
3535 2723 3865 2794 συμϐέϐηκε

2269 2817 2762 2888 κατεμπρησθῆναι
2803 2818 2901 2887 μὲν
2953 2819 3157 2882 πόλεις,
3205 2818 3424 2873 ἃπασαν
3454 2819 3512 2872 δέ
3563 2818 3672 2874 τῶν
3715 2822 3868 2872 ἐνοι-

2269 2906 2504 2960 κούντων
2554 2908 2717 2976 κενὴν
2747 2906 2995 2975 γενέσθαι
3035 2907 3134 2979 τὴν
3168 2907 3354 2980 χώραν
3377 2948 3392 2972 ,
3441 2910 3534 2962 καὶ
3563 2909 3670 2964 ὑπὸ
3692 2912 3867 2980 χεῖρα

2273 3001 2458 3052 πεσεῖν
2495 2999 2605 3052 τῶν
2642 3000 3083 3072 κεκρατηκότων.
3127 3001 3537 3072 Παμμόχθηρον
3579 3002 3636 3056 δέ
3673 3000 3736 3055 τὸ
3769 3003 3868 3055 ἐν·

587 3089 656 3143 ab
685 3086 1031 3142 aliisterram
1062 3083 1356 3152 possideri,
1375 3083 1738 3151 devorarique
1754 3079 2163 3150 quodammodo

2271 3091 2440 3144 ὠπιον
2464 3090 2668 3154 αὐτῶν,
2715 3092 2882 3162 ἤγουν
2922 3091 3176 3161 ὁρώντων
3209 3107 3270 3146 τε
3309 3091 3405 3145 καὶ
3450 3090 3867 3161 ἀλγυνομένων,

585 3187 643 3236 ei
661 3177 936 3234 consumi.
955 3177 1091 3232 Nam
1115 3176 1162 3232 si
1183 3176 1442 3230 absentes
1474 3175 1728 3229 audirent
1755 3171 2162 3233 tantummodo,

584 3269 893 3326 tolerabilis
924 3267 1160 3323 fortasse
1184 3267 1343 3321 dolor
1369 3265 1524 3336 173
1565 3265 1704 3320 foret
1731 3283 1744 3318 :
1774 3273 1830 3318 at
1859 3271 2166 3334 praesentes

584 3359 763 3418 oculis
799 3372 1047 3420 cernere,
1084 3371 1355 3427 opemque
1386 3354 1579 3408 aﬂ'erre
1609 3354 1816 3408 nullam
1850 3367 2035 3423 posse,
2069 3349 2166 3406 sed

584 3459 850 3522 tauquam
911 3450 966 3504 in
1008 3447 1344 3504 necessariis
1377 3445 1782 3501 calamitatibus
1821 3444 2054 3506 versari.
2112 3440 2166 3496 id

586 3557 718 3599 vero
761 3541 1007 3597 dolorem
1057 3539 1222 3593 habet
1256 3535 1662 3593 intolerabilem
1715 3544 1770 3590 et
1822 3536 2162 3589 maximum:

589 3634 791 3706 quippe
810 3634 904 3703 qui
929 3631 997 3686 dc
1020 3629 1360 3686 correctione
1388 3629 1663 3699 desperet.

659 3830 826 3888 Vsus.
855 3831 909 3886 8.
946 3829 1344 3900 Derelinquetur
1384 3829 1504 3898 [ilia
1540 3826 1696 3891 Sion,
1743 3830 1882 3883 sicut
1915 3830 2168 3886 taberna-

590 3926 770 3983 culum
803 3926 857 3979 ἔτι
889 3925 1058 3978 uinea.
1085 3921 1473 3990 Superioribus
1503 3921 1570 3975 de
1593 3919 1781 3975 Judaea
1808 3920 1993 3986 dictis,
2013 3920 2169 3976 urbis

588 4021 757 4077 etiam
789 4015 1185 4074 desolationem
1219 4013 1491 4079 praedicit,
1517 4013 1685 4067 ﬁliam
1723 4013 1856 4068 Sion
1885 4014 2169 4085 appellans

591 4108 1048 4180 Hierosolymam.
1081 4105 1235 4161 Sicut
1258 4105 1404 4160 enim
1436 4104 1578 4158 filios
1605 4104 1889 4159 hominum
1915 4105 2170 4160 homines

589 4209 769 4266 vocat,
801 4209 858 4256 et
888 4199 1029 4254 [ilics
1058 4198 1451 4268 prophetarum
1502 4195 1803 4267 prophetas
1831 4211 1844 4243 :
1900 4195 1973 4250 ita
2001 4195 2168 4250 ﬁliam

589 4291 978 4363 Hierosolyma:
1005 4299 1060 4345 et
1087 4289 1254 4344 tiliam
1285 4287 1474 4342 Sionis
1508 4286 1660 4342 illam
1689 4285 1864 4358 ipsam
1899 4289 2166 4358 appellat.

587 4383 843 4440 Florebat
866 4383 978 4437 haec
1006 4381 1230 4452 quidem
1261 4380 1415 4442 olim,
1445 4378 1667 4449 quando
1691 4380 1853 4435 vinea
1889 4388 2167 4434 maturum

591 4476 830 4533 fructum
863 4476 1133 4546 gerebat:
1190 4472 1423 4526 collecto
1479 4479 1664 4524 autem
1725 4469 1910 4524 fructu
1946 4469 2166 4526 deserta

589 4571 813 4633 mansit,
842 4573 998 4638 quasl
1048 4568 1222 4628 vineae
1271 4565 1712 4620 tabernaculum.
1753 4563 1968 4618 Etenim
2023 4563 2171 4633 agri-

557 4663 723 4718 .cola:
755 4663 1010 4719 maceriis
1035 4668 1091 4718 et
1118 4660 1348 4729 sepibus
1396 4657 1750 4711 circumdant
1785 4657 2000 4721 vineas,
2035 4673 2166 4719 cum

589 4763 800 4811 onusta:
827 4762 956 4811 sunt
986 4753 1205 4807 fructu:
1231 4756 1288 4805 et
1316 4747 1647 4804 sublimibus
1683 4745 1884 4801 delixis
1913 4747 2170 4800 taberna-

589 4846 748 4910 culis,
768 4847 823 4900 in
855 4845 940 4900 his
971 4841 1270 4899 subsidunt
1300 4846 1359 4893 ut
1393 4838 1633 4892 fructum
1658 4837 1996 4892 custodiant.
2017 4837 2171 4892 Post-

2271 3180 2360 3249 ὑφ’
2385 3181 2594 3251 ἑτέροις
2613 3176 2753 3233 εἶναι
2777 3181 2875 3252 τὴν
2904 3182 3027 3252 γῆν,
3059 3181 3486 3252 κατεσθιομένην
3506 3181 3710 3254 τρόπον
3733 3183 3871 3236 τινὰ

2269 3270 2364 3326 καὶ
2386 3270 2803 3340 δαπανωμένην.
2834 3271 2909 3324 Τὸ
2941 3272 3039 3342 μὲν
3065 3271 3174 3343 γάρ
3207 3273 3445 3335 ἀπόντας
3483 3272 3712 3326 ἀκοῦσαι
3763 3272 3872 3343 μό-

2268 3378 2377 3424 νον,
2405 3362 2543 3430 τάχα
2569 3379 2670 3414 που
2700 3362 2941 3432 φορητὴν
2963 3362 3147 3426 αὐτοῖς
3173 3361 3240 3415 ἂν
3271 3362 3494 3433 ἐποίησε
3521 3362 3622 3432 τὴν
3647 3360 3831 3433 λύπην
3848 3378 3868 3396 ο

2269 3453 2328 3504 τὸ
2359 3451 2416 3504 δέ
2445 3451 2539 3504 καὶ
2563 3451 2836 3522 παρόντας
2885 3454 3038 3522 όρᾷν,
3089 3448 3208 3506 εἶτα
3254 3453 3422 3523 μηδὲν
3470 3453 3871 3524 ἐπαμύνασθαι

2268 3542 2546 3605 δύνασθαι,
2594 3542 2956 3612 κατηχθέσθαι
3001 3543 3058 3597 δέ
3103 3544 3293 3616 ὥσπερ
3339 3548 3460 3609 ταῖς
3507 3545 3567 3612 ἐξ
3611 3545 3874 3614 ἀνάγκης

2272 3634 2597 3701 συμφοραῖς,
2628 3630 2906 3685 δύσοιστον
2935 3631 3048 3702 ἔχει
3076 3634 3171 3686 καὶ
3207 3634 3466 3704 πάμπολυ
3505 3634 3568 3688 τδ
3610 3633 3829 3689 λυποῦν
3849 3650 3868 3665 ⁶

2269 3721 2304 3790 ἢ
2338 3721 2430 3773 καὶ
2455 3719 2642 3790 ἐπειδὴ
2668 3719 2890 3788 ἀπέγνω
2921 3719 3021 3790 τῆς
3047 3719 3408 3791 διορθώσεως.

2340 3839 2411 3903 η’.
2460 3830 3095 3900 Ἐγκατιαειςρθήσεται
3141 3832 3180 3900 ἠ
3225 3834 3486 3902 θυγάτηρ
3543 3837 3730 3901 Σιων,
3781 3853 3874 3900 ως

2270 3923 2473 3992 σκηνὴ
2530 3924 2598 3976 ἐν
2621 3921 2946 3992 ἀμπελῶνι.
2995 3923 3076 3976 Τὰ
3126 3924 3386 3994 λεχθέντα
3432 3926 3562 3998 περὶ
3593 3928 3693 3997 τῆς
3724 3929 3870 3982 ἰου-

2271 4016 2426 4080 δαίας
2453 4014 2643 4078 εἰπὼν,
2674 4015 2930 4087 προλέγει
2960 4015 3056 4068 καὶ
3090 4016 3190 4086 τὴν
3230 4016 3330 4086 τῆς
3364 4017 3569 4081 πόλεως
3601 4020 3869 4090 ἐρημίαν,

2273 4107 2554 4178 θυγατέρα
2599 4105 2737 4160 Σιὼν
2781 4106 2879 4176 τὴν
2918 4106 3272 4178 Ἰερουσαλὴμ
3307 4107 3611 4179 ὀνομάζων.
3649 4110 3874 4184 Ὥσπερ

2271 4202 2380 4272 γὰρ
2425 4201 2576 4262 υἱοὺς
2624 4196 2927 4270 ἀνθρώπων
2971 4199 3099 4260 τοὺς
3147 4196 3469 4270 ἀνθρώπους
3521 4200 3706 4265 καλεῖ,
3769 4203 3875 4256 καὶ

2273 4294 2423 4356 υἱοὺς
2472 4291 2770 4364 προφητῶν
2828 4290 2956 4354 τοὺς
3028 4292 3353 4363 προφήτας,
3421 4291 3564 4346 οὓτω
3611 4293 3706 4346 καὶ
3761 4292 3870 4346 θυ-

2274 4383 2488 4454 γατέρα
2517 4381 2875 4453 Ἰερουσαλὴμ
2930 4380 3026 4434 καὶ
3073 4380 3211 4434 Σιὼν
3253 4382 3353 4455 τὴν
3383 4385 3556 4456 αὐτὴν
3587 4401 3872 4455 προσαγο-

2279 4474 2448 4545 ρεύει.
2485 4473 2633 4543 Αὕτη
2673 4472 2823 4542 ἤνθει
2860 4473 2958 4543 μὲν
2997 4473 3186 4538 πάλαι,
3221 4475 3383 4544 ἡνίκα
3413 4477 3442 4529 ό
3482 4476 3740 4545 ἀμπελὼν
3771 4478 3872 4531 τὸν

2273 4567 2481 4636 ῶριμον
2514 4559 2626 4633 εἶχε
2654 4563 2866 4632 καρπόν
2885 4581 2900 4594 ·
2952 4563 3162 4616 ἐκείνου
3200 4563 3256 4616 δὲ
3283 4565 3666 4634 τρυγηθέντος,
3693 4582 3758 4636 με
3769 4568 3875 4636 μέ-

2273 4673 2438 4728 νηκεν
2465 4654 2669 4726 ἔρημος
2697 4653 2774 4716 ὡς
2811 4653 3132 4724 ἀμπελῶνος
3160 4655 3355 4723 σκηνή.
3393 4656 3500 4707 Καὶ
3532 4654 3642 4725 γὰρ
3669 4657 3719 4708 oi
3758 4673 3874 4724 φυ-

2272 4748 2496 4818 τουργο)⁸
2530 4748 2960 4818 περιφράττουσι
2997 4745 3096 4815 μὲν
3144 4747 3432 4816 αἱμασίαις
3465 4747 3557 4799 καὶ
3588 4747 3877 4816 φραγμοῖς

2276 4840 2374 4903 τὰς
2401 4839 2697 4910 ἀμπέλους,
2731 4839 2858 4892 ὅταν
2893 4837 3120 4909 βρίθωσι
3158 4837 3237 4907 τῷ
3271 4837 3490 4909 καρπῷ,
3517 4839 3612 4890 καὶ
3655 4839 3873 4906 σκηνὰς

588 4949 752 5005 quam
787 4944 967 4988 autem
1001 4932 1151 4987 hunc
1202 4928 1563 4997 collegerunt,
1609 4927 2031 4980 tabernaculum
2084 4929 2163 4982 di-

2281 4931 2488 5003 ὑψηλὰς
2527 4929 2850 5000 πηγνύντες,
2884 4931 2941 4981 ἐν
2976 4927 3222 5005 -ἐκείναις
3261 4927 3526 4996 κάθηνται
3570 4926 3875 4996 φυλάττον-

589 5001 781 5092 ruunt,
817 5034 872 5082 et
899 5027 1116 5080 vineam
1152 5024 1275 5078 sine
1299 5020 1552 5076 custodia
1596 5020 1938 5089 relinquunt.
1993 5020 2086 5075 Sic
2119 5029 2163 5076 el

2279 5041 2370 5087 τες
2417 5023 2509 5076 τὸν
2557 5021 2797 5092 καρπόν·
2851 5001 3065 5074 ὅταπίδέ
3094 5019 3282 5072 τοῦτον
3333 5018 3651 5084 συλλέξωσι,
3696 5035 3876 5071 κατα-

591 5117 748 5173 vinea
795 5116 1038 5182 lsraelis,
1066 5113 1330 5184 quamdiu
1363 5111 1587 5181 quidem
1625 5111 1964 5181 promissam
2000 5113 2163 5183 genti-

2281 5116 2467 5170 λύουσι
2498 5113 2597 5186 μέν
2631 5112 2730 5182 τὴν
2761 5110 2986 5180 σκηνὴν,
3033 5109 3340 5178 ἀφύλακτον
3378 5107 3434 5162 δέ
3472 5109 3571 5180 τὴν
3620 5108 3877 5178 ἄμπελον

589 5207 696 5264 bus
727 5207 1168 5266 benedictionem
1203 5203 1418 5267 habuit,
1449 5202 1598 5255 omni
1647 5203 1939 5259 curatione
1994 5206 2163 5275 potita

2276 5205 2714 5262 καταλείπουσιν.
2766 5201 2923 5255 Οὕτω
2963 5200 3059 5254 καὶ
3100 5199 3194 5254 τοῦ
3232 5199 3447 5271 Ἰσραὴλ
3497 5200 3526 5253 ό
3579 5198 3878 5269 ἀμπελὼν,

591 5304 678 5352 est
705 5311 719 5348 :
751 5297 844 5350 ubi
886 5309 1022 5352 vero
1065 5295 1182 5350 haec
1210 5293 1474 5362 decerpta
1502 5301 1609 5356 est,
1637 5303 1801 5362 atque
1825 5310 1890 5349 ex
1918 5310 1982 5350 ea
2013 5296 2163 5352 electi

2276 5297 2381 5359 ’ἐως
2414 5295 2513 5366 μὲν
2546 5289 2658 5363 εἶχε
2689 5291 2789 5362 τὴν
2829 5289 3245 5361 ἐπηγγελμένην
3291 5292 3401 5354 τοῖς
3452 5288 3662 5343 ἔθνεσιν
3706 5288 3873 5342 εὐλοο

595 5385 692 5457 qui
723 5386 778 5439 in
807 5385 958 5440 illam
1006 5383 1388 5448 crediderunt,
1419 5390 1476 5437 et
1516 5397 1646 5453 sepe
1677 5382 1944 5440 destituta
1989 5395 2096 5452 est,
2123 5398 2163 5441 el

2278 5388 2423 5456 γίαν,
2457 5383 2638 5454 πάσης
2669 5381 2988 5453 ἐπιμελείας
3020 5381 3315 5452 ἐτύγχανεν
3336 5397 3348 5410 ⁸
3387 5381 3604 5452 ἐκείνης
3644 5379 3698 5435 δὲ
3735 5396 3880 5448 τρυ-

1909 5566 2145 5624 VARIIE
2183 5563 2584 5625 LECTIONES.

679 5746 726 5823 ξι
757 5747 1068 5813 μοτοῦντος.
1109 5746 1291 5808 Editio
1333 5745 1481 5818 prior
1521 5745 1757 5807 habebat
1797 5749 2134 5822 μυττοῦντος.
