4076 6428
573 370 677 434 227

1599 377 2088 440 THEODOBETI
2120 381 2459 444 EPISCOPI
2492 382 2860 447 CYRENSIS

3743 391 3846 460 2Ξὲ

571 497 692 555 est;
735 505 756 540 ι
791 493 848 543 et
887 487 1093 544 similia
1130 497 1260 546 sunt
1302 504 1422 560 quae
1456 501 1784 560 sequuntur.
1811 491 1968 546 Sicut
2006 495 2140 548 enim

2259 497 2372 550 ίσον
2399 497 2517 551 ἐστὶ
2539 498 2648 570 τῷ⁸
2689 519 2707 551 ι
2743 501 2963 563 Ἀκουε,
2989 497 3206 570 ούρανὲ,
3239 499 3332 554 καὶ
3359 499 3640 565 ὲνωτίζου,
3676 504 3710 573 ἡ
3753 507 3848 576 γῆν

577 579 747 635 David
780 579 955 636 dicit:
998 600 1018 634 ι
1055 581 1170 637 Non
1208 583 1264 636 in
1297 581 1587 637 sacriﬁciis
1633 583 1742 637 tuis
1781 586 2148 654 arguam'te,

560 669 897 732 holocausta
954 680 1137 727 autem
1195 680 1287 726 tua
1347 674 1402 727 in
1467 683 1769 743 conspectu
1836 690 1962 747 meo
2019 684 2152 730 sunt

557 775 795 830 .semper
828 771 856 810 P
890 777 904 814 :
943 779 961 812 ι
1000 763 1081 816 sic
1126 768 1181 815 et
1227 761 1400 816 Isaias
1449 762 1526 815 ait
1569 780 1581 814 :
1628 782 1645 813 ‹
1688 761 1964 828 Quorsum
2011 763 2146 817 mihi

573 852 864 905 multitudo
925 849 1326 905 sacriﬁciorum
1386 851 1739 905 vestrorum?
1805 853 1940 906 dicit
1971 851 2153 907 Domi-

572 957 697 996 nus.
736 958 756 991 ι
791 942 858 994 Et
896 955 1088 994 rursus
1123 940 1295 994 David
1336 941 1594 1010 quidem:
1642 961 1660 993 ι
1706 941 1823 997 Non
1855 944 2149 1014 accipiam,

569 1034 786 1104 inquit,
827 1033 894 1087 de
934 1034 1099 1089 domo
1137 1042 1235 1089 tua
1290 1035 1515 1103 vitulos,
1569 1051 1749 1106 neque
1796 1035 1863 1091 de
1891 1037 2152 1107 gregibus

568 1127 680 1178 tuis
711 1125 896 1179 hircos
920 1134 947 1174 (ι
973 1141 1019 1189 ς»
1057 1126 1230 1181 Isaias
1262 1141 1426 1181 vero:
1456 1146 1474 1178 ‹
1520 1126 1853 1182 Holocausta
1893 1130 2150 1195 arietum,

564 1222 620 1270 et
650 1216 975 1285 sanguinem
1009 1224 1299 1271 taurorum
1336 1225 1392 1272 et
1430 1217 1713 1271 hircorum
1750 1219 1898 1272 nolo.
1939 1234 1958 1266 ι
1999 1218 2149 1283 Quo-

566 1305 714 1360 niam
768 1307 938 1368 enim,
977 1321 1106 1360 cum
1166 1308 1391 1363 assidue
1431 1317 1818 1377 arguerentur,
1861 1307 2007 1378 quod
2047 1324 2153 1362 cae-

568 1399 705 1454 teris
737 1400 1039 1455 virtutibus
1079 1413 1369 1465 carerent,
1419 1417 1522 1470 pro
1558 1403 1796 1455 maxima
1829 1400 2152 1456 defensione

567 1493 918 1561 opponebaut
973 1493 1268 1558 sacriﬁcia,
1310 1509 1435 1563 quae
1490 1495 1716 1550 assidue
1771 1493 2147 1563 peragebant:

568 1585 822 1654 apposite
871 1586 960 1640 hic
992 1586 1281 1656 propheta,
1319 1586 1428 1640 imo
1459 1595 1513 1640 et
1549 1585 1641 1638 alii
1677 1600 1893 1648 omnes,
1934 1585 2004 1637 ab
2049 1583 2151 1637 hac

569 1677 693 1730 illos
719 1677 1042 1733 defensione
1069 1677 1359 1746 dejiciunt.
1393 1678 1467 1731 Ex
1503 1692 1615 1747 quo
1648 1676 2006 1732 manifestum
2038 1683 2147 1740 est,

567 1768 683 1822 haac
722 1769 832 1823 illis
863 1783 970 1822 non
999 1769 1264 1838 primario
1299 1769 1420 1822 loco
1463 1768 1587 1822 data
1621 1768 1816 1834 fuisse,
1852 1767 1949 1822 sed
1981 1776 2041 1821 ut
2078 1767 2146 1821 ad

2255 587 2336 640 ὅτι
2367 587 2571 660 Κύριος
2602 589 2854 661 ὲλάλησε·
2897 609 2915 641 ι
2951 591 3046 644 καὶ
3078 591 3148 644 τὰ
3195 587 3322 661 ἑξῆς
3351 590 3408 644 δὲ
3432 591 3678 647 τοιαῦτα.
3719 596 3847 648 ’Ὡσ-

2256 699 2362 752 περ
2387 682 2495 753 γάρ
2529 685 2557 737 6
2586 683 2750 737 Δαϐἱδ
2781 702 2978 754 φησιν’
3015 703 3034 736 ι
3072 685 3185 738 Οὐκ
3214 684 3306 738 ἐπὶ
3351 686 3472 748 ταῖς
3513 684 3728 751 θυσίαις
3753 705 3848 742 σου

2256 773 2460 840 ἐλέγξω
2503 791 2584 836 σε,
2619 774 2687 828 τά
2724 775 2781 827 δὲ
2835 775 3272 846 όλοκαυτὼματά
3320 792 3412 827 σου
3460 775 3692 830 ὲνώπιόν
3741 779 3848 850 μού

2255 867 2375 918 ἐστι
2405 865 2727 928 διαπαντός·
2771 885 2788 916 ι
2825 867 2985 920 οὕτω.
3029 868 3124 921 καὶ
3174 869 3203 919 6
3250 868 3478 930 Ἡσαΐας
3517 867 3682 940 φησί·
3723 891 3742 922 ι
3781 868 3850 925 Τ⁹

2257 969 2347 1022 μοι
2382 952 2583 1023 πλῆθος
2616 953 2725 1006 τῶν
2761 954 2962 1008 θυσιῶν
2991 957 3179 1026 ὑμῶν;
3223 957 3373 1025 λέγει
3415 958 3638 1028 Κύριος.
3683 980 3702 1014 ι
3734 961 3850 1015 Καὶ

2255 1041 2416 1096 πάλιν
2441 1045 2469 1096 6
2507 1044 2605 1113 μὲν
2631 1043 2794 1096 Δαόίδ
2829 1062 3025 1114 φησιν·
3059 1064 3076 1096 ι
3109 1045 3182 1099 Οὐ
3217 1045 3440 1116 δέξομαι
3475 1050 3540 1100 ὲκ
3567 1048 3661 1101 τοῦ
3691 1050 3848 1104 οἴκου

2254 1149 2348 1184 σου
2379 1132 2631 1203 μόσχους,
2655 1134 2777 1186 οὐδὲ
2811 1137 2875 1187 ὲκ
2904 1135 3012 1188 τῶν
3038 1137 3307 1206 ποιμνίων
3338 1155 3428 1189 σου
3464 1139 3733 1210 χιμάρους
3757 1159 3768 1170 ·
3821 1159 3842 1192 ι

2249 1225 2278 1276 6
2334 1223 2390 1276 δὲ
2428 1224 2686 1289 Ἡσαΐαςο
2731 1244 2749 1276 ι
2798 1226 3258 1301 Ὀλοκαυτῴματα
3315 1229 3424 1282 τῶν
3488 1232 3692 1301 κριῶν,
3750 1235 3850 1287 καὶ

2251 1309 2390 1384 αἷμα
2412 1314 2627 1385 ταύρων
2655 1317 2749 1369 καὶ
2775 1318 2994 1388 τράγων
3019 1299 3078 1370 ού
3113 1318 3393 1394 βούλομαι.
3426 1339 3446 1372 ι
3486 1299 3701 1392 Ἐπειδὴ
3733 1325 3848 1394 γὰρ

2250 1404 2638 1474 ἐγκαλούμενοι
2665 1387 2902 1475 συνεχῶς
2933 1406 3026 1459 ἐπὶ
3051 1387 3129 1475 τῷ
3158 1387 3257 1476 τῆς
3280 1387 3446 1477 άλλης
3471 1407 3671 1478 ἀρετῆς
3690 1387 3846 1463 ἐἶναί

2250 1493 2468 1564 ἔρημοι,
2509 1493 2628 1546 ἀντὶ
2666 1493 2929 1565 μεγίστης
2974 1493 3268 1562 ἀπολογίας
3316 1496 3414 1558 τὰς
3459 1496 3648 1560 θυσίας
3679 1515 3848 1567 προσ-

2250 1583 2556 1649 εσάλλοντο,
2588 1584 2665 1648 ὠς
2699 1583 2942 1654 συνεχῶς
2973 1583 3143 1646 αὐτὰς
3177 1571 3550 1647 ἐπιτελοῦντες
3571 1599 3584 1611 ·
3613 1563 3845 1650 εἰκότως

2249 1680 2277 1731 6
2308 1679 2613 1749 προφήτης,
2649 1678 2849 1749 μᾶλλον
2882 1676 2936 1729 δὲ
2983 1677 3077 1729 καὶ
3105 1677 3156 1729 οί
3190 1675 3338 1730 ἄλλοι
3372 1677 3594 1741 πάντες,
3633 1677 3845 1746 ταύτης

2249 1770 2602 1824 ἐκϐάλλουσιν
2653 1770 2850 1833 αὐτοὺς
2871 1770 2971 1840 τῆς
3015 1769 3332 1838 ἀπολογίας.
3365 1767 3526 1821 Ὅθεν
3564 1754 3720 1834 δῆλον
3754 1769 3842 1821 ὅτι

565 1851 829 1928 reliquam
882 1861 1006 1914 vita:
1047 1859 1454 1913 institutionem
1505 1873 1569 1912 ea
1621 1865 1769 1913 esset
1799 1856 2137 1911 informatio.

2244 1864 2305 1915 ού
2335 1863 2760 1934 προηγουμένως
2786 1858 2947 1917 αὗται
2991 1861 3273 1932 ἐδόθησαν,
3334 1860 3449 1914 ἀλλ’
3493 1860 3635 1914 ὥστε
3683 1862 3844 1914 παιδ-

564 1948 706 2016 Quia
738 1964 884 2012 vero,
920 1951 988 2005 iis
1015 1950 1285 2020 neglectis
1316 1964 1440 2020 quae
1479 1951 1755 2020 praecipua
1781 1958 1940 2004 erant
1969 1958 2023 2004 et
2051 1964 2146 2004 ne-

563 2043 829 2105 cessaria,
877 2042 1038 2112 176
1071 2043 1124 2095 in
1159 2042 1280 2097 istis
1335 2043 1772 2109 occupabantur,
1807 2056 1909 2095 nec
1948 2041 2040 2095 illa
2075 2039 2144 2094 de

561 2138 762 2185 caetero
781 2143 1038 2200 appetere
1067 2146 1127 2185 se
1154 2130 1290 2185 dicit
1318 2131 1487 2186 Deus.

493 2389 495 2392 γ
631 2317 798 2381 γης.
835 2324 922 2380 ιε.
952 2323 1083 2390 Qui:
1114 2324 1254 2378 enim
1274 2323 1518 2394 quaesivit
1541 2323 1652 2377 lucc
1674 2323 1739 2377 de
1766 2321 2010 2377 manibus
2052 2338 2141 2377 ve-

557 2417 728 2471 stris?
752 2413 932 2470 Vestri
963 2429 1134 2470 causa
1161 2415 1278 2469 ha'c
1302 2428 1406 2484 ego
1437 2415 1688 2476 toleravi,
1709 2430 1819 2484 non
1847 2412 1992 2482 quod
2023 2413 2143 2483 ipse

559 2507 684 2562 istis
730 2506 1056 2575 indigerem.
1096 2525 1115 2556 ι
1149 2505 1384 2560 Calcare
1430 2506 1634 2558 atrium
1662 2520 1845 2559 meum
1880 2520 1989 2558 non
2019 2519 2143 2574 per-

557 2597 719 2667 getis.
753 2615 772 2647 ›
809 2595 1044 2650 Romani
1083 2596 1252 2662 enim,
1280 2597 1565 2652 destructo
1596 2595 1691 2651 Dei
1730 2597 1954 2668 templo,
1975 2597 2140 2665 hujus

560 2688 669 2742 illis
702 2685 912 2739 aditum
941 2685 1060 2756 lege
1086 2685 1194 2738 lata
1226 2686 1660 2755 prohibuerunt.

628 2776 795 2831 VERS.
835 2775 918 2830 15.
953 2774 1010 2829 Si
1051 2776 1291 2844 oﬂ‘eratis
1339 2777 1596 2843 similam,
1624 2793 1816 2830 vanum
1843 2778 2135 2843 incensum,

556 2866 885 2920 abominatio
908 2867 1037 2920 mihi
1079 2877 1177 2922 est.
1214 2866 1340 2923 Haec
1371 2871 1538 2922 etiam
1569 2880 1698 2924 sunt
1725 2884 1926 2940 genera
1969 2872 2141 2925 sacri-

556 2958 810 3012 ﬁciorum
843 2972 856 3008 :
901 2973 966 3011 ac
1010 2959 1330 3012 necessario
1371 2959 1600 3014 istorum
1637 2961 1974 3014 mentionem
2011 2961 2139 3012 fecit

555 3056 780 3119 propter
818 3049 1215 3120 impudentiam
1242 3048 1583 3115 Iudaeorum,
1609 3067 1675 3106 ne
1700 3053 1985 3106 dicerent:
2013 3053 2137 3106 llaec

557 3142 780 3211 quidem
810 3157 920 3196 non
952 3141 1070 3196 vult
1097 3156 1200 3197 nos
1229 3141 1450 3210 offerre,
1478 3143 1574 3198 sed
1606 3144 1700 3198 illo
1730 3143 2056 3199 delectatur.

625 3314 950 3370 Neomenias
994 3326 1220 3380 vestras,
1259 3323 1310 3369 et
1351 3315 1604 3382 sabbata,
1645 3325 1693 3370 et
1725 3316 1862 3370 diem
1890 3332 2140 3387 magnum

553 3425 653 3464 non
678 3407 816 3477 fero.
843 3406 1121 3477 Jejunium
1143 3415 1193 3461 et
1231 3408 1421 3474 otium,
1453 3408 1616 3463 Van.
1643 3407 1730 3471 Η,
1761 3415 1808 3460 et
1840 3409 2141 3462 neomenias

552 3507 777 3562 vestras,
802 3507 852 3551 et
877 3498 1237 3552 aolemnitatcs
1263 3508 1464 3550 vestras
1493 3498 1605 3551 odit
1630 3498 1810 3551 anima
1837 3514 1971 3551 mea.
2001 3497 2140 3553 Ecce

550 3589 942 3644 celeberrimas
992 3589 1158 3643 etiam
1211 3588 1544 3645 festivitates
1590 3589 1848 3654 sustulit,
1890 3588 2135 3654 Paschaa,

553 3679 1021 3753 Septimanarum,
1056 3680 1589 3747 Tabernaculorutn,
1617 3681 1683 3736 ad
1704 3681 1819 3736 hac
1839 3683 2001 3737 etiam
2027 3679 2139 3734 Tu-

551 3773 745 3829 barutn
780 3779 834 3826 et
867 3771 1306 3843 Propitiationis.
1344 3773 1494 3829 Diem
1531 3774 1679 3828 enim
1725 3788 1980 3843 magnum
2021 3786 2137 3825 ma-

550 3880 688 3936 gnas
729 3864 1062 3921 festivitates
1119 3867 1407 3933 nominat;
1459 3866 1730 3935 jejunium
1784 3880 1932 3930 vero,
1985 3864 2132 3919 diem

550 3956 1031 4013 sanctiﬁcationis.
1061 3958 1242 4028 Atque
1283 3959 1339 4012 in
1372 3960 1694 4013 universum
1722 3973 1942 4012 omnem
1977 3956 2131 4013 festi-

549 4048 798 4111 vitalem,
841 4058 895 4102 et
928 4063 1092 4104 omne
1125 4048 1430 4104 Sabbatum
1463 4063 1522 4103 se
1560 4050 1746 4104 odisse
1787 4049 1888 4102 ait.
1922 4046 2130 4102 Obser-

548 4138 786 4193 vandum
827 4147 912 4194 est
941 4147 1163 4202 autem,
1204 4139 1349 4210 quod
1390 4155 1584 4194 eorum
1633 4154 1756 4210 qua:
1809 4139 2128 4194 necessaria

546 4241 677 4284 sunt
711 4229 921 4283 nullum
964 4230 1200 4300 rcjiciat,
1241 4231 1337 4285 sed
1377 4245 1440 4284 ea
1480 4233 1680 4296 solum,
1715 4246 1836 4301 quae
1868 4230 2128 4284 Christus

547 4317 732 4372 itiilem
799 4318 1099 4374 adveniens
1153 4319 1451 4375 destruxit.
1513 4319 1693 4386 Quare
1746 4321 2128 4376 vehementius

546 4417 792 4465 tractans
831 4410 980 4464 hunc
1018 4411 1196 4465 locum
1232 4411 1389 4481 177
1440 4411 1667 4476 Paulus,
1698 4428 1824 4466 cum
1861 4411 2128 4466 adversus

545 4497 764 4554 Judaaos
794 4500 1118 4567 dissereret,
1147 4517 1257 4556 non
1299 4504 1384 4557 his
1425 4512 1663 4566 tantum,
1702 4503 1798 4557 sed
1826 4503 1954 4557 aliis
1980 4516 2127 4555 com-

546 4591 801 4659 pluribus
831 4592 1060 4660 prolatis
1094 4594 1148 4646 in
1182 4595 1447 4658 medium,
1482 4596 1605 4650 illos
1628 4594 1724 4664 qui
1747 4594 1814 4647 dc
1845 4607 1946 4648 suo
1986 4593 2124 4646 nihil

547 4681 894 4749 exhiberem,
943 4684 1158 4740 uallum
1201 4683 1327 4739 inde
1376 4685 1591 4738 lucrum
1645 4694 1928 4753 reportare
1981 4683 2124 4738 aliir-

545 4770 923 4843 mat,dicens:
965 4797 985 4832 ι
1017 4778 1077 4834 Si
1114 4786 1300 4833 autem
1335 4787 1390 4833 tu
1420 4776 1646 4834 Iudaeus
1680 4778 2121 4848 cognorniuaris,

615 4917 811 4976 PPsal.
842 4935 952 4988 ιιι,
993 4919 1048 4976 8.
1122 4919 1317 4976 ςλίὺίἀ.
1353 4922 1408 4979 9.
1523 4953 1526 4958 -

2247 1955 2490 2024 αγωγίαν
2535 1955 2790 2024 γενέσθαι
2826 1954 2928 2024 τῆς
2961 1953 3126 2022 ἀλλῆς
3160 1952 3410 2006 ἐντεῦθεν
3450 1953 3632 2015 αὐτοῖς
3681 1952 3840 2005 πολι-

2244 2046 2426 2109 τείας·
2470 2047 2594 2099 ὲπεὶ
2639 2046 2696 2098 δὲ
2740 2044 2850 2098 τῶν
2896 2043 3210 2112 ἀναγκαίων
3260 2043 3353 2096 καὶ
3402 2043 3842 2111 κατεπειγόντων

2245 2137 2573 2208 ἀμελοῦντες
2599 2139 2658 2191 ὲν
2688 2137 2897 2202 τούτοις
2921 2137 3267 2208 ἠσχολοῦντο,
3298 2137 3419 2190 οὐδὲ
3449 2136 3616 2190 τῶνδε
3650 2135 3841 2189 λοιπὸν

2244 2229 2566 2301 προσίεσθαι
2591 2246 2757 2299 φησιν
2778 2230 2806 2282 6
2837 2229 2988 2293 Θεός.

2220 2324 2230 2332 ’
2317 2323 2403 2406 ιβξ·
2442 2324 2537 2388 Τίς
2574 2323 2750 2392 τὰρ¹⁸
2778 2321 3100 2390 ἐξεζήτησε
3141 2321 3330 2376 ταῦτα
3371 2319 3440 2374 ἐκ
3476 2316 3596 2372 τῶν
3619 2313 3842 2387 χειρῶν

2243 2414 2448 2485 ὐμῶν;
2490 2414 2568 2468 Δι’
2596 2415 2740 2485 ὑμᾶς
2790 2413 2996 2468 τούτων
3028 2414 3347 2484 ἠνειχόμην,
3379 2411 3480 2464 οὐκ
3521 2409 3682 2473 αὐτὸς
3709 2409 3842 2461 τού-

2242 2525 2352 2560 των
2393 2507 2641 2577 ὲδεόμην.
2681 2526 2698 2559 ι
2723 2507 2920 2560 Πατεῖν
2963 2506 3061 2576 τὴν
3114 2507 3286 2576 αὐλήν
3332 2522 3436 2576 μου
3482 2503 3543 2556 οὐ
3589 2500 3836 2573 προσθή-

2244 2595 2401 2648 σεσθε
2435 2596 2500 2648 ³⁸.
2539 2613 2558 2646 ι
2606 2593 3026 2658 Καταλύσαντες
3075 2593 3185 2666 γὰρ
3239 2593 3498 2663 Ῥωμαῖοι
3551 2591 3639 2646 τὸν
3691 2590 3838 2644 θεῖον

2242 2687 2386 2750 ναὸν,
2416 2687 2564 2757 νόμῳ
2593 2687 2782 2740 τοῦτον
2815 2688 2998 2750 αὐτοῖς
3025 2687 3313 2756 ἀπέφηναν
3346 2687 3564 2740 άὸατον.

2313 2787 2401 2846 ιγ’.
2439 2779 2576 2832 Ἐὰν
2622 2778 2839 2847 φέρητε
2879 2778 2924 2808 ⁸⁰
2959 2777 3309 2846 σεμίδαλιν,
3346 2775 3604 2844 μάταιον
3633 2775 3672 2806 ³¹
3726 2777 3834 2829 θυ-

2234 2869 2444 2937 μίαμα,
2477 2867 2794 2937 ,βδέλυγμα
2829 2867 2934 2936 μοί
2978 2866 3169 2921 ἐστιν.
3208 2865 3341 2937 Εῖδη
3391 2865 3486 2918 καὶ
3519 2863 3689 2917 ταῦτα
3733 2864 3834 2916 θυ-

2241 2959 2404 3012 σιῶνο
2451 2961 2542 3012 καὶ
2587 2961 2903 3027 ἀναγκαίως
2948 2958 3126 3011 αὐτῶν
3157 2959 3451 3028 ἐποιήσατο
3487 2957 3706 3027 μνήμην
3740 2956 3834 3010 διὰ

2238 3052 2338 3121 τὴν
2367 3051 2477 3104 τῶν
2519 3052 2786 3104 Ἰουδαίων
2814 3051 3214 3122 ἀναισχυντίαν,
3246 3048 3322 3112 ὡς
3368 3048 3434 3102 ἂν
3468 3049 3542 3119 μὴ
3585 3049 3831 3116 λέγοιεν·

2241 3139 2386 3193 Τάδε
2432 3141 2530 3210 μὲν
2580 3140 2641 3192 οὐ
2686 3139 2932 3210 βούλεται
2986 3137 3315 3210 προσφέρειν
3364 3140 3548 3209 ἡμᾶς,
3589 3138 3725 3210 τῷδε
3772 3137 3834 3192 δὲ

2165 3221 2207 3278 C
2241 3230 2624 3303 θεραπεύεται.
2657 3240 2660 3242 ⁷

2323 3324 2432 3390 Τὰς
2457 3325 2790 3394 νουμηνίας
2815 3323 2984 3394 ὑμῶν
3017 3322 3115 3378 καὶ
3149 3323 3223 3378 τὰ
3252 3325 3540 3389 σάϐϐατα,
3561 3323 3658 3377 καὶ
3686 3323 3836 3394 ὴμέ-

2231 3435 2354 3489 ραν
2376 3418 2652 3489 μεγάλην
2679 3418 2723 3449 ³²
2751 3420 2863 3470 οὐκ
2893 3416 3186 3486 ἀνέχομαι
3216 3416 3362 3468 ’³-³δ.
3396 3415 3697 3483 Νηστείαν
3729 3415 3831 3469 καὶ

2240 3513 2458 3581 ἀρτίαν
2483 3511 2553 3574 ³⁸,
2586 3509 2719 3579 (ιδ’.)
2752 3509 2853 3562 καὶ
2879 3509 2987 3574 τὰς
3008 3509 3348 3578 νουμηνίας
3376 3506 3566 3576 ὑμῶν,
3594 3506 3690 3560 καί
3723 3505 3836 3573 τὰς

2236 3603 2445 3670 ἑορτὰς
2469 3599 2637 3671 ὑμῶν
2654 3600 2828 3671 μισεῖ
2860 3601 2898 3667 ἡ
2937 3599 3108 3668 ψυχή
3149 3617 3268 3670 μου
3300 3599 3371 3652 ³⁸.
3416 3597 3548 3652 Ἰδοὺ
3599 3597 3693 3651 καὶ
3728 3597 3836 3661 τὰς

2237 3691 2708 3763 πολυθρυλλήτους
2760 3688 3012 3754 ἐξέϐαλεν
3060 3691 3282 3760 ἑορτάςο
3317 3689 3417 3760 τὴν
3465 3687 3559 3741 τοῦ
3611 3688 3831 3757 Πάσχα,

2233 3786 2333 3856 τὴν
2359 3784 2465 3837 τῶν
2503 3781 2867 3852 Ἐὁδομάδων,
2893 3782 2992 3852 τὴν
3011 3781 3119 3833 τῶν
3150 3781 3392 3852 Σκηνῶν,
3419 3780 3513 3833 καὶ
3543 3779 3679 3850 πρὸς
3699 3780 3834 3832 τού-

2232 3893 2347 3940 τοις
2374 3876 2472 3946 τὴν
2503 3875 2610 3928 τῶν
2645 3871 2990 3941 Σαλπίγγων,
3022 3870 3121 3941 τὴν
3149 3871 3243 3924 τοῦ
3280 3869 3547 3939 ἰλασμοῦ.
3586 3869 3836 3940 Ἦμέραν

2231 3969 2341 4038 γὰρ
2372 3965 2615 4038 μεγάλην
2642 3964 2739 4027 τὰς
2766 3963 3007 4033 μεγάλας
3037 3961 3228 4031 ἑορτὰς
3255 3961 3510 4030 ὀνομάζει
3529 3975 3543 3989 ο
3572 3959 3835 4029 νηστείαν

2231 4059 2287 4112 δὲ
2315 4057 2414 4128 τὴν
2442 4055 2534 4109 τοῦ
2583 4053 2878 4124 ἁγιασμοῦ.
2908 4054 3017 4105 Καὶ
3046 4050 3352 4114 καθολικῶς
3383 4052 3564 4104 πᾶσαν
3604 4047 3824 4118 ἑορτὴν,

2231 4154 2325 4206 καὶ
2355 4153 2463 4204 πᾶν
2497 4147 2773 4203 Σάϐὄατον
2813 4145 3175 4218 μεμισηκέναι
3222 4143 3375 4214 φησί.
3415 4141 3521 4194 Καὶ
3570 4156 3832 4211 παρατη-

2232 4243 2445 4314 ρητέον,
2491 4240 2567 4303 ὡς
2620 4237 2773 4291 οὐδὲν
2815 4236 2922 4289 τῶν
2977 4233 3290 4301 ἀναγκαίων
3339 4229 3621 4290 ἐκϐάλλει,
3686 4225 3833 4279 ἀλλὰ

2227 4328 2418 4391 ταῦτα,
2441 4326 2479 4380 ὃ.
2505 4325 2600 4378 καὶ
2625 4322 3068 4394 παραγενόμενος
3098 4323 3126 4373 6
3153 4318 3388 4390 Χριστὸς
3419 4316 3703 4371 κατέλυσε.
3729 4314 3832 4367 Διὸ

2227 4419 2322 4472 καὶ
2340 4421 2367 4472 6
2383 4416 2618 4482 Παῦλος,
2637 4413 2994 4482 εὐτονώτερον
3009 4411 3088 4481 τῷ
3108 4411 3252 4480 λόγῳ
3275 4407 3632 4479 κεχρημένος,
3656 4404 3833 4475 ἡνίκα

2230 4506 2366 4578 πρὸς
2402 4503 2684 4567 Ἰουδαίους
2725 4503 2979 4573 ἐμάχετο,
3022 4502 3081 4554 οὐ
3125 4499 3301 4554 ταῦτα
3338 4499 3519 4569 μόνον,
3555 4495 3690 4548 ἁλλά
3726 4486 3832 4548 καὶ

2228 4597 2394 4667 ἓτερα
2418 4597 2635 4649 πλείονα
2675 4595 2880 4648 τούτων
2910 4593 3046 4656 θεὶς,
3086 4593 3214 4654 τοὺς
3259 4591 3412 4643 οὐδὲν
3445 4587 3656 4641 οἴκοθεν
3697 4587 3827 4639 ἑπι-

2227 4686 2629 4757 δεικνυμένους,
2660 4685 2812 4739 οὐδὲν
2849 4683 3059 4736 ἐκεῖθεν
3091 4680 3394 4752 κερδαίνειν
3422 4679 3647 4746 ἔφησεν,
3677 4672 3831 4728 οὕτω

2229 4777 2426 4846 λέγων·
2458 4796 2478 4830 ι
2506 4777 2571 4830 Εἰ
2621 4775 2678 4829 δὲ
2712 4775 2755 4807 ³⁷
2793 4775 2858 4828 σὺ
2901 4771 3151 4836 Ἰουδαῖος
3191 4769 3526 4841 ἐπονομάζῃ,
3576 4766 3672 4820 καὶ
3724 4766 3834 4818 ὲπ-

1852 5035 2086 5093 νΑΙίΙλΕ
2127 5034 2530 5092 LECTIONES.

617 5203 770 5265 “Ti;
792 5201 922 5270 γὰρ,
947 5196 1274 5263 κ.τ.λ.ριιιε
1291 5198 1696 5270 prarmittuntur
1712 5196 1862 5270 apud
1875 5194 2174 5270 LXX,_06_8"
2193 5195 2258 5251 ἃν
2283 5197 2517 5270 ἔρχησθε
2542 5195 2774 5266 ὀφθῆναί
2795 5213 2905 5266 μοι,
2926 5195 3118 5270 iisdem
3137 5193 3319 5270 verbis
3335 5193 3440 5270 leg.
3461 5189 3625 5256 infra,
3643 5187 3821 5270 Graec;

545 5274 742 5326 All'ect.
799 5267 988 5323 Curat.
1033 5284 1199 5322 serm.
1243 5270 1294 5330 7,
1331 5281 1369 5322 t.
1405 5267 1490 5322 IV.
1522 5268 1686 5321 Sirm.
1722 5285 1772 5336 p.
1804 5267 1928 5320 586.

2020 5267 2064 5298 ¹⁹
2089 5268 2150 5319 οὐ
2191 5258 2608 5338 προσθξἪεῡνξγ
2634 5258 2701 5321 ne
2747 5258 2965 5336 pergas.
3008 5264 3137 5320 Haec
3189 5266 3255 5317 ad
3301 5258 3516 5338 initium
3559 5275 3704 5338 vers.
3749 5258 3828 5338 1??

548 5343 822 5410 pertinent
843 5341 999 5409 juxta
1038 5339 1198 5410 llebr.
1251 5341 1327 5410 _3°
1356 5338 1579 5410 φέρητε.
1611 5336 1758 5390 Infra
1778 5337 1862 5410 ‘ad
1893 5340 2037 5410 Dscc
2058 5353 2146 5410 is,
2187 5336 2244 5401 4,
2271 5337 2613 5409 προσφέρετέ
2649 5351 2758 5406 μοι.

544 5405 684 5465 Osee
713 5411 748 5464 Ι.
778 5405 983 5464 αἰκιξο
1013 5416 1096 5463 est
1133 5405 1440 5474 distinctio,
1479 5405 1703 5478 μάταιον
1723 5422 1737 5435 ⁸
1764 5405 2022 5478 θυμίαμα
2052 5405 2330 5478 βδέλυγμά
2362 5405 2450 5478 μοί
2480 5405 2650 5461 ἐστιν.

544 5496 669 5534 ncm
708 5490 920 5550 cretus.
950 5477 1156 5550 Symm.
1194 5479 1394 5550 κλητὴν
1433 5475 1734 5550 ἐπίκλησιν.
1763 5475 1969 5550 Thcod.
2003 5475 2560 5550 xlq'rhvettiihntov.

492 5571 496 5574 '
542 5552 680 5630 ἀρχ.
717 5550 879 5630 Hebr.
911 5547 1189 5630 iniquitas
1211 5547 1296 5630 est
1338 5547 1500 5630 etiam
1541 5547 1738 5630 feStu_u_1
1781 5549 2099 5630 (vestrum).
2131 5547 2207 5602 Ita
2237 5547 2352 5630 fere
2389 5547 2553 5630 Vulg.

2854 5328 2896 5370 ῖι
2931 5339 3007 5408 μά
3018 5334 3328 5408 εαιον--μοῖί
3353 5336 3534 5408 ⁸ἐστιν.
3573 5328 3726 5408 Infra
3740 5329 3825 5408 .ad

2759 5398 2943 5477 ’ἵκαῖ
2966 5409 3065 5477 ήμ.
3103 5398 3424 5477 μεγτξΗεὸν.
3469 5398 3830 5477 convocatio:

2647 5476 2766 5507 ³⁸⁸³⁸
2795 5476 2931 5531 Cod.
2965 5467 3115 5545 King:
3136 5467 3420 5545 ἀνέξομαι.
3497 5469 3690 5545 “una.
3723 5467 3827 5545 xui:

2653 5546 2697 5576 "
2727 5547 3039 5617 καὶ-ψυχή
3055 5536 3196 5617 ’μαψ
3339 5543 3420 5598 his
3461 5536 3642 5595 verbis
3670 5536 3825 5617 ap‘ud

547 5605 710 5686 L'X'X,
737 5605 797 5676 ut
819 5605 877 5675 in
906 5605 1056 5675 textu
1099 5619 1261 5674 Hebr.
1287 5611 1478 5690 incipit
1504 5633 1647 5690 vers.
1676 5618 1760 5679 Ην,
1787 5605 2200 5690 cujusjnitium
2237 5605 2572 5690 Sirmondus
2594 5618 2659 5690 ad
2690 5618 2878 5690 #vcrba
2907 5605 3050 5672 vers.
3073 5605 3188 5690 Ὶξ),
3211 5614 3310 5690 τᾲς
3335 5629 3521 5690 νουμ.,
3563 5627 3617 5690 κε
3647 5605 3823 5690 τοξλε.

542 5677 822 5760 posuerat.
866 5691 921 5744 In
946 5689 1074 5760 dial.
1110 5690 1184 5756 5,Δ
1206 5705 1256 5760 p.
1293 5677 1602 5746 581'Garn.
1639 5677 1878 5760 leg.
1923 5687 2242 5760 ysopqvia;
2274 5688 2428 5760 ὑμῶν
2462 5690 2555 5742 καὶ
2586 5688 2660 5760 τά
2688 5686 2944 5760 Σάδόατα
2989 5688 3136 5757 μισεῖ
3165 5685 3200 5754 ὴ
3244 5683 3392 5754 ψυχή
3437 5677 3568 5753 μου.
3600 5681 3660 5760 in
3689 5677 3820 5760 cod:

541 5753 680 5832 Aug.
712 5763 868 5815 abest
901 5758 1052 5829 ὑμῶν
1086 5753 1568 5832 ροςίΝουμηνίας.

542 5827 752 5892 Patres.
784 5827 1209 5887 auos‘uom’inat
1239 5827 1467 5887 MILLIuS
1503 5829 1570 5886 ad
1612 5829 1770 5884 Rom.
1805 5841 1868 5893 II,
1903 5827 1994 5879 17.

1663 5749 1780 5809 37's!
1812 5756 1888 5808 δέ.
1912 5749 2058 5829 ,εξερὶ
2080 5749 2240 5815 lectio
2287 5749 2324 5814 ιζ
2361 5774 2410 5814 c.
2465 5767 2550 5814 est
2584 5759 2681 5824 ἰδέ,
2716 5759 2810 5814 sed
2853 5773 2952 5829 pro
2989 5749 3198 5812 nostra
3232 5749 3477 5824 pugnant
3517 5749 3737 5806 codices
3762 5753 3825 5800 et
