4076 6414
577 325 722 440 ‘231

1645 374 2138 438 THEODORETI
2175 376 2516 440 EPISCOPI
2544 380 2909 444 CYRENSIS

3776 386 3885 449 232

623 488 790 548 cium,
815 492 950 539 sicut
977 485 1144 540 nivem
1167 483 1446 540 dealbabo.
1476 480 1554 539 Ne
1582 492 1897 541 terreantur
1918 486 1990 540 oh
2019 501 2184 558 repre

2303 487 2456 542 κοῦν
2475 487 2542 555 δι,
2578 488 2660 556 ὡς
2693 491 2868 560 χιόνα
2891 488 3187 546 λευκώ-ὥ.
3205 490 3293 554 Ὡς
3323 489 3390 544 ἂν
3422 487 3517 545 οὖν
3551 495 3627 565 μὴ
3649 493 3887 553 δείσαιεν

623 576 921 634 bensiones
949 593 1088 648 quas
1122 577 1439 640 audierunt,
1469 575 1740 630 bonorum
1767 576 2058 633 denuntiat
2080 576 2195 630 lar-

623 669 906 738 gitionem.
948 669 1083 724 Cum
1127 682 1244 733 vos,
1271 668 1469 738 inquit,
1507 666 1788 722 adduxere
1818 669 1873 724 in
1901 668 2194 739 judicium,

595 758 992 818 ~'admissorum
1030 774 1222 831 poenas
1256 775 1366 814 non
1388 759 1601 830 exigam
1630 777 1642 811 :
1676 760 1772 814 scd
1815 760 2196 830 paenitentiam

620 869 875 915 cernens,
933 851 1127 906 faciam
1173 851 1334 921 179
1380 851 1528 921 quod
1581 850 1842 906 tinctores
1896 851 2096 918 solent,
2143 859 2198 905 et

620 944 956 1000 sanctissimi
1019 945 1278 1014 baptismi
1339 945 1558 998 lavacro
1614 945 1854 999 colorem
1909 943 2196 1015 sanguinis

619 1036 920 1091 immutabo
967 1053 981 1088 :
1035 1051 1214 1105 neque
1257 1035 1693 1106 permittam‘ot
1747 1043 1975 1104 patratae
2028 1036 2196 1091 caedis

615 1136 804 1183 notam
855 1135 1120 1198 perpetuo
1159 1128 1506 1183 sustineatis.
1545 1128 1884 1184 Admiranda
1922 1128 2070 1183 enim
2110 1134 2196 1183 est

615 1235 706 1275 ars
745 1235 886 1275 mea.
914 1218 1049 1274 Nam
1092 1236 1216 1276 cum
1257 1220 1528 1277 tinctores
1562 1237 1806 1286 roseum,
1832 1229 1887 1276 et
1909 1235 2192 1288 croceum,

612 1318 669 1367 et
706 1312 1049 1375 violaceum,
1110 1319 1164 1367 et
1221 1328 1558 1384 purpureum
1601 1313 1845 1369 colorem
1907 1311 2191 1376 inducant,

612 1418 714 1475 ego
742 1403 796 1457 id
825 1402 969 1474 quod
1000 1404 1225 1458 rubrum
1251 1412 1335 1459 est
1367 1407 1587 1459 niveum
1617 1403 1870 1459 reddam.

686 1493 853 1550 Vsus.
889 1495 976 1559 i9,
1009 1495 1100 1549 20.
1140 1495 1206 1548 Et
1233 1496 1280 1549 si
1313 1496 1583 1550 volueritis
1627 1504 1678 1549 et
1734 1494 2052 1549 audiveritis
2084 1509 2190 1558 me,

614 1587 752 1642 bona
781 1595 933 1642 terra:
968 1586 1274 1642 comedetis.
1331 1585 1392 1642 Si
1446 1596 1622 1640 autem
1665 1584 1973 1648 nolueritis,
2028 1601 2193 1655 neque

613 1679 925 1733 audieeritis
973 1695 1074 1742 me,
1123 1677 1336 1748 gladius
1370 1677 1649 1733 devorabit
1678 1695 1790 1733 vos.
1823 1675 2189 1732 Praesentium

612 1772 882 1826 bonorum
931 1771 1147 1840 copiam
1203 1771 1347 1838 illis,
1381 1779 1646 1842 tanquam
1676 1770 1745 1825 ad
1787 1771 1892 1825 ista
1923 1768 2194 1824 inhianti-

2297 579 2424 642 τοὺς
2445 577 2698 649 ὲλέγχους
2719 577 3075 645 ἀκούσαντες,
3103 579 3212 632 τῶν
3237 580 3456 648 ἀγαθῶν
3482 582 3887 653 ἀπαγγέλλεται

2298 670 2580 740 χορηγίαν.
2613 671 2862 740 Είσάγων
2889 671 3054 742 ὑμᾶς,
3096 671 3283 743 φησιν,
3310 672 3390 736 είς
3426 673 3795 748 δικαστήριον,
3823 680 3885 734 οὐ

2297 760 2453 824 δίκας
2510 763 2876 834 είσπράξομαι
2927 763 3037 818 τῶν
3083 764 3539 835 τετολμημένων·
3589 767 3726 822 ἀλλά
3783 771 3889 843 τὴν

2300 853 2664 923 μεταμέλειαν
2690 855 2851 925 ὁρῶν,
2887 856 3200 927 μιμήσομαι
3227 857 3354 920 τοὺς
3400 857 3765 926 δευσοποιοὺς,
3790 864 3890 916 καὶ⁵

2296 943 2376 1012 τῷ
2425 944 2520 998 τοῦ
2569 947 2836 1015 παναγίου
2889 946 3265 1018 βαπτίσματος
3310 947 3461 1002 ὕδατι
3517 949 3734 1019 ἀμείψω
3787 952 3887 1005 τοῦ

2296 1035 2529 1106 αἵματος
2575 1038 2676 1110 τὴν
2719 1039 2942 1109 χροιάν·
3002 1041 3098 1094 καὶ
3147 1041 3245 1094 οὐκ
3297 1041 3446 1094 ὲάσω
3501 1042 3686 1112 φέρειν
3739 1044 3890 1114 ὑμᾶς

2297 1127 2516 1198 ἔλεγχον
2557 1129 2658 1199 τῆς
2699 1130 3014 1200 μιαιφονίας
3059 1129 3302 1201 διηνεκῆ.
3347 1131 3656 1202 Παράδοξος
3695 1133 3806 1206 γάῤ
3855 1135 3888 1205 ἠ

2295 1219 2404 1290 ἐμὴ
2445 1220 2755 1290 ἐπιστήμη·
2805 1221 2915 1275 τῶν
2957 1223 3065 1293 γὰρ
3109 1221 3440 1276 δευσοποιῶν
3487 1223 3745 1295 ροδοειδῆ,
3789 1225 3893 1279 καὶ

2296 1313 2608 1383 κροκοειδῆ,
2648 1313 2742 1367 καὶ
2783 1313 2966 1384 ίοειδῆ,
3009 1314 3103 1367 καὶ
3140 1314 3382 1385 ἁλουργά
3410 1314 3744 1385 βαπτόντων,
3769 1315 3891 1385 ἐγὼ

2293 1402 2354 1457 τὸ
2391 1404 2619 1476 ὲρυθρδν
2640 1406 2927 1474 χιονοειδὲς
2952 1406 3362 1477 ἀπεργάσομαι.

2368 1494 2454 1561 ιϐ’,
2488 1501 2554 1548 κ’.
2592 1496 2704 1550 Kal
2740 1495 2848 1549 ἐὰν
2880 1495 3110 1564 θέλητε,
3159 1497 3260 1549 καί
3297 1495 3700 1565 εὶσακούσητέ
3737 1515 3884 1568 μου,

2294 1585 2366 1640 τὰ
2383 1587 2576 1656 ἀγαθὰ
2605 1586 2716 1656 τῆς
2746 1585 2855 1657 γῆς
2892 1587 3174 1658 φάπσθε.
3214 1587 3352 1642 Ἐὰν
3373 1588 3542 1659 δὲμὴ
3572 1588 3784 1658 θέλητε
3809 1589 3886 1656 ⁸⁸,

2287 1671 2447 1742 μηδέ
2478 1673 2880 1740 εισακούσητέ
2895 1692 3035 1744 μου,
3063 1673 3331 1744 μάχαιρα
3360 1673 3516 1746 ὑμᾶς
3550 1675 3884 1730 κατέδεται.

2295 1763 2417 1816 Τῶν
2445 1765 2729 1836 παρόντων
2763 1761 2858 1818 οὖν
2895 1765 3116 1834 ἀγαθῶν
3150 1767 3428 1822 κάνταῦθα
3455 1767 3553 1839 τὴν
3578 1767 3886 1820 ἀπόλαυσιν

607 1863 732 1928 bus,
777 1863 867 1917 hic
897 1861 1154 1917 daturum
1189 1878 1250 1918 se
1278 1863 1557 1933 promittit
1593 1881 1607 1916 :
1649 1877 1759 1916 non
1800 1860 2184 1917 obedientibus

2293 1856 2544 1920 ἐκείνοις,
2574 1856 2650 1920 ὡς
2680 1857 2811 1928 περὶ
2838 1856 3015 1913 ταῦτα
3035 1859 3342 1930 κεχηνόσιν,
3362 1857 3752 1926 ἐπαγγέλλεται
3775 1857 3887 1912 δώ⁴

608 1965 787 2010 autem
838 1955 1018 2010 minas
1073 1955 1332 2009 intentat.
1388 1954 1714 2024 Docensque
1764 1953 2032 2023 propheta
2063 1968 2187 2018 _non

606 2061 709 2102 sua
739 2061 863 2102 esse
903 2047 1020 2100 haec
1055 2047 1244 2109 verba,
1296 2044 1393 2101 sed
1449 2043 1542 2098 Dei
1606 2044 2019 2107 universorum.
2054 2042 2187 2098 sub-

599 2139 738 2210 jecit
770 2158 784 2193 :
823 2158 841 2191 ι
881 2138 957 2193 Os
985 2140 1130 2193 enim
1169 2137 1385 2192 Domini
1439 2138 1685 2190 locutum
1736 2144 1822 2190 est
1848 2135 2002 2202 hmo;
2040 2154 2058 2186 ι
2100 2135 2186 2190 di-

604 2242 771 2296 gnum
809 2225 913 2281 lide
934 2240 1251 2281 sermonem
1281 2225 1520 2280 reddens
1552 2241 1617 2280 ex
1651 2227 1900 2296 potentia
1939 2224 2062 2295 ejus
2091 2224 2187 2296 qui

603 2317 804 2372 ell'atus
835 2325 939 2372 est.

676 2401 844 2458 Vens.
875 2404 971 2460 2|.
1021 2403 1298 2470 Quomodo
1360 2403 1509 2474 facta
1567 2415 1645 2459 est
1694 2406 1950 2460 meretrix
1994 2406 2185 2462 civitas

603 2494 802 2565 ﬁdelis,
849 2493 980 2549 Sion
1031 2495 1189 2564 plena
1242 2495 1490 2565 judicii?
1538 2496 1844 2567 Postquam
1888 2514 1988 2554 eos
2049 2500 2190 2555 vidit

603 2587 1074 2651 contradicentes,
1119 2595 1175 2641 et
1211 2602 1318 2642 non
1365 2587 1845 2659 obtemperantes,
1901 2590 2189 2661 levarique

601 2689 922 2742 renuentes,
955 2677 1208 2749 deplorat
1242 2686 1295 2732 et
1323 2678 1471 2747 luget
1505 2682 1872 2736 mutationem
1914 2682 1969 2735 in
2006 2684 2184 2751 pejus.

602 2764 806 2820 Fidelis
835 2766 982 2822 enim
1006 2774 1149 2831 erat,
1185 2767 1409 2838 quando
1445 2766 1616 2822 David
1651 2784 1770 2835 rex,
1807 2780 1860 2823 et
1891 2767 2183 2840 Josaphat,

601 2867 655 2914 et
677 2857 961 2923 Ezechias,
998 2869 1053 2913 et
1078 2857 1261 2914 Josias
1287 2859 1547 2930 religiose
1577 2859 1728 2913 illam
1765 2860 2183 2930 gubernabant:

603 2953 860 3006 meretrix
895 2959 1080 3007 autem
1115 2950 1265 3006 facta
1309 2961 1417 3018 est,
1453 2961 1506 3007 et
1534 2967 1636 3022 pro
1658 2951 1828 3021 justis
1877 2952 2186 3009 homicidas

604 3043 752 3098 cives
785 3043 996 3109 habuit,
1046 3041 1269 3112 quando
1319 3042 1705 3097 advenientem
1745 3055 2011 3111 sponsum
2072 3059 2184 3100 non

603 3136 871 3203 suscepit,
911 3133 1006 3188 sed
1039 3133 1381 3190 truculenter
1411 3134 1568 3190 illum
1603 3133 1866 3189 occidens
1914 3141 2184 3207 sanguine

601 3232 896 3280 cruentata
927 3232 1034 3278 est.

679 3315 844 3372 Vens.
875 3316 966 3372 22.
1023 3316 1314 3388 Argentum
1358 3328 1590 3372 uestrum
1630 3334 1733 3373 non
1761 3317 2027 3386 probum:
2058 3335 2182 3373 cau-

600 3422 760 3479 pones
808 3409 885 3462 tui
928 3409 1145 3462 miscent
1176 3408 1354 3462 vinum
1386 3409 1549 3480 180
1569 3427 1726 3480 aqua.
1756 3409 1942 3485 Neque
1971 3427 2180 3482 caupo-

602 3514 756 3563 num,
777 3512 954 3568 neque
979 3498 1428 3568 argentariorum
1468 3501 1884 3557 accusationem
1916 3502 2180 3566 instituit,

601 3585 700 3641 sed
759 3584 1112 3640 sacerdotum
1162 3594 1332 3656 atque
1367 3585 1662 3643 doctorum
1687 3629 1702 3656 ,
1751 3590 1846 3660 qui
1876 3591 2051 3662 legem
2085 3590 2178 3646 Dei

601 3676 936 3739 adulteram,
988 3685 1042 3731 et
1087 3677 1312 3746 proni-ia
1355 3679 1670 3734 immiscent
1723 3681 2002 3752 dogmata.
2061 3683 2181 3738 Hac

599 3768 748 3822 enim
784 3767 1138 3823 accusatione
1182 3769 1308 3825 illos
1356 3771 1521 3824 etiam
1571 3771 1837 3828 Dominus
1891 3775 1944 3829 in
1998 3777 2178 3831 sacris

603 3855 917 3925 Evangeliis
940 3857 1267 3927 perstrinxit
1295 3877 1309 3913 :
1344 3877 1362 3910 ι
1387 3858 1567 3925 Quare
1597 3877 1696 3919 vos
1722 3865 2180 3936 transgredimini

601 3947 920 4002 mandatum
973 3947 1065 4003 Dei
1113 3959 1340 4021 pr0pter
1388 3953 1749 4009 traditionem
1801 3965 2040 4010 vestram
2067 3958 2172 4012 Η»

601 4037 1072 4109 Quemadmodum
1108 4043 1253 4096 eriim
1286 4043 1380 4114 qui
1403 4059 1542 4099 auro
1577 4047 1660 4100 vel
1685 4058 1918 4116 argento
1949 4048 2176 4103 alteram

600 4129 886 4184 materiam
917 4131 1205 4196 admiscet,
1233 4133 1610 4190 adulterinum
1643 4136 1696 4191 id
1731 4138 1863 4192 facit
1893 4154 1954 4194 ac
1992 4157 2182 4211 reproo

599 4223 750 4287 bum,
787 4229 882 4276 aut
911 4223 1005 4292 qui
1051 4224 1240 4279 vinum
1274 4239 1418 4296 aqua
1447 4225 1635 4293 diluit,
1677 4229 1801 4299 ejus
1830 4231 2000 4286 violat
2033 4249 2176 4304 qua-

597 4314 846 4370 litatem:
903 4315 985 4370 sic
1027 4314 1348 4372 Iudaeorum
1397 4319 1654 4390 magistri
1711 4321 1957 4379 divinam
2001 4325 2177 4395 legem

596 4416 995 4477 corruperunt,
1029 4410 1160 4463 dum
1197 4425 1330 4466 suas
1366 4409 1445 4464 illi
1474 4413 1845 4482 cogitationes
1886 4419 2178 4488 implicant

594 4496 990 4568 fabulosasque
1019 4501 1348 4555 traditiones
1373 4501 1702 4576 adjungunt.

669 4585 833 4642 Vsus.
862 4588 953 4644 25.
989 4587 1264 4659 Principes
1293 4592 1374 4645 tui
1415 4604 1544 4647 sunt
1578 4595 1959 4664 inobedientes,
1992 4601 2168 4669 parti-

594 4679 731 4747 cipes
762 4678 964 4748 furum,
1004 4681 1282 4751 diligentes
1312 4678 1556 4741 munera.
1596 4682 1928 4742 Necessaria
1961 4690 2173 4760 pariter

594 4767 829 4824 istorum
879 4771 979 4823 fuit
1027 4773 1410 4842 reprehensio.
1467 4773 1579 4830 Nec
1617 4778 1766 4832 enim
1793 4779 1998 4836 sullicit
2032 4779 2171 4838 ﬁdes

593 4857 659 4911 ad
682 4858 913 4912 salutem
936 4899 950 4922 ,
999 4861 1095 4916 sed
1135 4861 1373 4931 practica
1407 4865 1612 4922 virtute
1640 4881 1781 4938 opus
1825 4876 1928 4926 est.
1980 4869 2168 4937 Quare

663 5042 691 5081 Υ
729 5033 923 5089 Matth.
959 5053 1046 5102 xv,
1090 5038 1145 5092 3.

2295 1965 2429 2002 σειν·
2465 1948 2540 2019 μὴ
2575 1946 2922 2018 πειθομένοις
2941 1950 2997 2004 δὲ
3029 1951 3262 2004 ἀπειλεῖ.
3294 1949 3571 2004 Διδάσκων
3600 1949 3656 2002 δὲ
3681 1949 3710 2000 6
3745 1965 3892 2023 προ-

2293 2039 2490 2108 φήτης,
2514 2037 2589 2102 ὼς
2617 2037 2717 2092 οὐκ
2745 2038 2905 2092 αὐτοῦ
2931 2038 3000 2092 τά
3030 2041 3252 2110 ῥήματα
3280 2037 3470 2103 ταῦτα,
3493 2037 3629 2090 ἀλλὰ
3655 2037 3750 2091 τοῦ
3770 2036 3892 2091 τῶν

2290 2130 2429 2183 ὅλων
2453 2129 2613 2196 Θεοῦ,
2641 2131 2914 2202 ἐπήγαγε·
2957 2150 2974 2182 ι
2998 2131 3072 2184 Τὸ
3089 2131 3200 2202 γὰρ
3226 2131 3399 2202 στόμα
3425 2130 3629 2201 Κυρίου
3650 2129 3889 2200 ὲλάλησε

2289 2220 2486 2275 ταῦτα·
2525 2239 2543 2273 ι
2578 2220 2891 2286 ἀξιόπιστον
2916 2219 3011 2274 τὸν
3051 2221 3210 2292 λόγον
3236 2222 3406 2276 ποιῶν
3433 2224 3499 2292 τῇ
3531 2219 3891 2294 δυνάμειτοῦ

2289 2311 2465 2367 ταῦτα
2493 2312 2941 2384 ἀποφηναμένου.

2363 2404 2469 2459 κα’.
2496 2404 2626 2470 Πῶς
2654 2405 2700 2437 ⁸⁸
2715 2405 2955 2476 ἐγένετο
2988 2407 3180 2476 πόρνη
3199 2408 3378 2474 πόλις
3409 2405 3621 2474 πιστὴ,
3645 2405 3800 2460 Σιὼν
3831 2405 3888 2439 ⁸⁷

2289 2497 2530 2565 πλήρης
2584 2497 2877 2565 κρίσεως;
2913 2499 3133 2570 Ἐπειδὴ
3183 2496 3320 2553 εἶδεν
3348 2498 3746 2567 ἀντιλέγοντας,
3786 2499 3892 2553 καὶ

2292 2585 2367 2657 μὴ
2398 2584 2775 2656 πειθομένους,
2837 2586 2971 2659 μηδὲ
3004 2588 3364 2660 ἀνεχομένους
3412 2587 3730 2654 λούσασθαι,
3754 2587 3888 2643 ὀλο-

2292 2677 2526 2748 φύρεται
2575 2677 2670 2731 καὶ
2729 2677 2918 2749 θρηνεῖ
2947 2678 3047 2751 τὴν
3105 2681 3197 2733 επὶ
3226 2679 3288 2733 τὸ
3316 2682 3497 2751 χεῖρον
3551 2680 3886 2753 μεταϐολήν.

2288 2770 2465 2842 Πιστὴ
2491 2769 2602 2841 γάρ
2633 2766 2722 2841 ἦν,
2769 2770 2934 2841 ἡνίκα
2966 2769 3131 2823 Δασιδ
3185 2771 3357 2844 αὐτὴν
3388 2772 3418 2824 6
3468 2769 3741 2840 βασιλεὺς,
3781 2772 3891 2827 καὶ

2299 2862 2593 2931 Ἰωσαφὰτ,
2629 2863 2724 2916 καὶ
2757 2863 3028 2927 Ἐζεκίας,
3061 2863 3156 2916 καὶ
3204 2860 3412 2928 Ἰωσίας
3451 2863 3695 2930 εὐσεϐῶς
3733 2863 3886 2935 ᾠκο-

2286 2954 2482 3024 νόμουν
2505 2970 2517 2983 ·
2557 2954 2730 3025 πόρνη
2761 2954 2819 3007 δὲ
2851 2954 3090 3024 ἐγένετο,
3141 2956 3237 3008 καὶ
3269 2955 3317 2988 ⁸⁸
3351 2955 3474 3010 ἀντὶ
3505 2955 3731 3011 δικαίων
3777 2974 3888 3027 φο-

2285 3044 2477 3109 νευτάς
2507 3044 2666 3116 ἔσχεν
2698 3047 3011 3119 οἰκήτορας,
3040 3045 3205 3118 ἡνίκα
3228 3046 3462 3118 νυμφίον
3495 3049 3888 3120 παραγενόμε-

2287 3152 2378 3189 νον
2404 3136 2504 3190 οὐκ
2531 3137 2770 3204 ἐδέξατο,
2793 3136 2932 3192 ἀλλά
2949 3135 3232 3210 Θηριωδῶς
3249 3137 3411 3192 αὑτὸν
3435 3139 3699 3194 ἀνελοῦσα
3731 3141 3888 3210 ὲφοιο

2211 3208 2254 3267 c
2289 3228 2447 3301 νίχθη
2475 3228 2556 3300 τῷ
2587 3229 2801 3300 αἵματι.

2355 3319 2460 3391 κβ’.
2491 3320 2561 3374 Τὸ
2590 3321 2634 3353 ⁸⁸
2663 3321 2945 3391 ἀργύριον
2972 3321 3140 3392 ὑμῶν
3180 3321 3488 3393 ἀδόκιμον·
3529 3325 3580 3377 ol
3613 3323 3895 3390 κάπηλοι

2282 3427 2401 3467 σου
2415 3415 2709 3484 μίσγουσι
2736 3414 2845 3468 τὸν
2861 3410 3032 3469 οἶνον
3059 3415 3253 3469 ὕδατι.
3282 3415 3416 3470 Οὐδὲ
3443 3417 3727 3489 καπήλων,
3752 3417 3888 3471 οὐδὲ

2283 3505 2710 3578 ἀργυραμοιδῶν
2743 3509 2977 3560 ποιεῖται
3008 3509 3369 3580 κατηγορίαν,
3408 3508 3524 3563 ἀλλ’
3556 3510 3745 3582 ἱερέων
3781 3510 3887 3564 καὶ

2283 3597 2644 3663 διδασκάλων,
2662 3599 2753 3652 τὸν
2777 3597 2920 3651 θεῖον
2937 3597 3268 3653 νοθευόντων
3285 3601 3470 3670 νόμον,
3487 3602 3584 3655 καὶ
3610 3599 3678 3654 τὰ
3699 3603 3887 3656 οίκεῖα

2283 3689 2748 3760 παραμιγνύντων
2801 3691 3070 3763 δόγματα.
3123 3691 3340 3762 Ταύτην
3387 3693 3496 3764 γὰρ
3521 3692 3609 3746 καὶ
3655 3695 3713 3747 έν
3765 3695 3889 3757 τοῖς

2285 3783 2451 3852 ἱεροῖς
2483 3782 2840 3852 Εὑαγγελίοις
2869 3786 2897 3838 6
2942 3784 3146 3862 ζὶύριος
3192 3784 3376 3848 αὐτοῖς
3396 3785 3494 3856 τὴν
3544 3785 3885 3857 κατηγορίαν

2283 3874 2586 3945 ἐπήγαγεν·
2635 3892 2654 3926 ι
2731 3874 2893 3929 Ἱνατί
2947 3875 3314 3946 παραϐαίνετε
3373 3876 3472 3946 τὴν
3511 3877 3729 3949 ἐντολὴν
3779 3877 3886 3931 τοῦ

2280 3963 2417 4018 Θεοῦ
2444 3965 2533 4019 διὰ
2560 3966 2660 4037 τὴν
2694 3966 2992 4038 παράδοσιν
3027 3967 3180 4038 ὑμῶν
3207 3983 3222 4032 ;
3273 3985 3295 4020 ›
3340 3967 3553 4039 Ὠσπερ
3576 3967 3684 4038 γὰρ
3716 3970 3747 4023 6
3797 3970 3890 4040 τῷ

2282 4056 2470 4128 χρυσῴ
2497 4057 2531 4129 ἢ
2561 4057 2640 4128 τῷ
2669 4057 2896 4129 ἀργύρῳ
2913 4058 3106 4129 ἑτέραν
3143 4057 3281 4130 ὕλην
3307 4060 3654 4131 παραμιγνὺς
3686 4060 3892 4133 κίᾶδη-

2281 4149 2372 4202 λον
2403 4149 2567 4203 αὐτὸν
2609 4148 2905 4220 ἐργάζεται
2943 4151 3038 4204 καὶ
3083 4149 3366 4222 ἀδόκιμον,
3419 4152 3512 4204 καὶ
3541 4151 3569 4204 6
3615 4151 3705 4205 τὸν
3727 4148 3886 4206 οἶνον

2283 4237 2437 4292 ὕδατι
2463 4239 2731 4310 κεραννὺς
2764 4237 3088 4309 λυμαίνεται
3137 4240 3419 4312 ποιότητα·
3471 4241 3644 4306 οὕτως
3675 4243 3724 4294 οί
3761 4242 3886 4295 τῶν

2296 4329 2568 4384 Ἰουδαίων
2595 4329 2905 4384 διδάσκαλοι
2927 4330 3018 4382 τὸν
3048 4331 3190 4384 θεῖον
3207 4331 3370 4402 νόμον
3389 4331 3720 4403 διέφθειραν,
3741 4334 3885 4397 τοὺς

2277 4420 2512 4482 οἰκείους
2549 4419 2698 4491 αὐτῷ
2750 4421 3110 4487 συντάξαντες
3161 4422 3480 4494 λογισμοὺς,
3513 4424 3606 4477 καὶ⁵
3637 4424 3736 4488 τὰς
3771 4441 3886 4496 μυ-

2210 4547 2252 4601 D
2281 4510 2469 4574 θώδεις
2492 4511 2851 4583 δευτερώσεις
2881 4514 3240 4583 συνάψαντες.

2349 4607 2457 4668 κγ’.
2493 4603 2557 4653 οι
2579 4599 2866 4670 ἄρχοντές
2889 4618 3006 4657 σου
3046 4602 3384 4658 ἀπειθοῦσι·
3417 4603 3690 4657 κοινωνοί
3728 4608 3888 4659 κλε-

2280 4691 2466 4756 πτῶν,
2491 4691 2844 4760 ἀγαπῶντες
2869 4691 3031 4762 δῶρα
3070 4694 3138 4749 ⁸⁸.
3193 4695 3498 4764 Ἀναγκαία
3554 4695 3650 4748 καὶ
3684 4697 3717 4766 ὴ
3749 4697 3889 4750 τού-

2278 4799 2387 4836 των
2400 4783 2724 4854 κατηγορία·
2743 4785 2846 4837 οὐκ
2870 4785 3033 4856 ἀρκεῖ
3062 4784 3172 4858 γὰρ
3197 4786 3230 4856 ἡ
3257 4785 3442 4850 πίστις
3469 4787 3550 4849 είς
3571 4787 3880 4858 σωτηρίαν,

2280 4873 2418 4927 ἀλλά
2460 4873 2620 4946 χρεία
2663 4875 2885 4944 καὶτῆς
2943 4876 3254 4946 πρακτικῆς
3308 4878 3530 4948 ἀρετῆς·
3562 4876 3754 4931 τοῦτου
3811 4879 3887 4948 δὴ

1868 5156 2109 5214 νΑΒιΕ
2149 5158 2557 5221 LECTIONES.

662 5263 708 5294 “
736 5263 828 5337 dig
869 5280 1010 5337 φοιν.
1075 5264 1236 5319 Hebr.
1290 5265 1430 5337 sicut
1463 5264 1814 5337 dibaphum.

1932 5271 1976 5302 “
2029 5272 2156 5327 Ἐὰν
2201 5272 2418 5356 δὲιμὴ,
2464 5293 2617 5356 κιτ.
2654 5276 2704 5330 λ.
2749 5277 2992 5356 ῌῳςηρη
3037 5281 3170 5356 edit.
3241 5285 3410 5354 priori
3471 5300 3756 5356 perperam
3800 5289 3902 5344 ad

591 5334 849 5422 veris:
878 5335 1282 5422 glata‘oerant.
1314 5421 1320 5422 γ
1357 5335 1402 5422 ιι
1429 5334 1662 5422 magi.
1692 5355 1748 5422 ξι.
1794 5338 1845 5395 λ.
2039 5358 2166 5397 cum
2192 5334 2486 5422 _ad_'ver§._
2517 5345 2582 5400 2|
2629 5349 2769 5422 apud
2789 5334 3831 5422 ,ωιξ’βεὶῖῖῆεςοῖιὶζ’έᾱηεὶἱιέπῖδῦἔ[ίὶ
3845 5334 3904 5413 εἶ

590 5419 853 5479 Inuuerus
889 5403 981 5458 20.
1029 5405 1488 5479 $i_cque_apparet
1534 5407 1866 5479 non_deesse
1902 5413 1958 5464 h.
1994 5411 2028 5465 Ι.
2067 5413 2396 5469 versiculum
2427 5415 2517 5479 2|,
2553 5425 2614 5470 ut
2645 5403 2700 5471 in
2738 5403 3420 5478 editiWSirrmivwidel—iatu'rﬁ.

3525 5423 3569 5456 "
3593 5423 3736 5478 Σιὼν
3772 5427 3897 5480 πλ.

587 5489 679 5554 κρ.
714 5471 912 5544 Supra,
945 5491 999 5545 p.
1038 5471 1209 5537 l6,’in
1240 5471 1476 5558 Prtimui.
1519 5475 1586 5530 ad
1629 5476 1788 5532 Cant.
1825 5489 1972 5536 cant.
2004 5482 2079 5536 ita
2119 5483 2223 5562 leg.
2267 5501 2279 5537 :
2311 5481 2469 5550 Σιὼν,
2573 5471 2789 5587 nam}
2819 5471 3075 5561 κρίσεως.
3107 5471 3481 5562 Ilii—direl—iqua
3510 5471 3699 5564 hujus.
3717 5471 3892 5551 ὶ-έιῖὲξ

589 5552 661 5588 Ila
693 5558 752 5588 se
777 5543 994 5588 habent-
1024 5547 1081 5588 ὲν
1113 5541 1144 5588 ἦ
1172 5546 1482 5588 Klammer-nun
1517 5547 1779 5588 liaemuéﬂn
1812 5551 1867 5588 l-u
1896 5553 2030 5588 nua-14
2097 5569 2190 5588 mm
2215 5553 2270 5588 Ri.-
2297 5554 2552 5588 κωκυ-νηῖ
2697 5556 2718 5588 Β
2744 5560 2835 5588 ιιι-ι
2936 5559 3013 5588 -.τι
3045 5560 3234 5588 ..τ..--.
3302 5561 3422 5588 un..-
3467 5563 3706 5588 -..νη-η...
3745 5581 3817 5588 --κ
3859 5583 3891 5588 -

588 5541 662 5598 ne.
693 5558 752 5598 se
777 5541 996 5625 habent,
1024 5547 1081 5599 ὲν
1172 5545 1483 5617 δικαιοσύνη
1517 5547 1782 5649 ἐκοιμήθη
1811 5551 1867 5603 έν
1896 5553 2079 5673 αὐτὶ
2097 5541 2200 5605 νῦν
2215 5553 2272 5606 δὲ
2297 5541 2572 5622 φονευταῖ.

588 5616 654 5666 ad
689 5625 1043 5673 posteriorem
1095 5624 1304 5673 partem
1349 5631 1490 5670 vers.
1532 5616 1621 5671 2|.
1735 5618 1756 5649 ⁸
1811 5621 1884 5673 Τὸ
1905 5620 2013 5673 -ὓ
2082 5639 2152 5673 τι.
2200 5621 2363 5673 Hebr.
2417 5624 2572 5673 A'mei

588 5616 660 5688 ad
688 5616 1043 5682 posteriorem
1095 5616 1322 5688 partem
1349 5616 1492 5688 vers:
1532 5616 1621 5688 2|.
1699 5616 1756 5649 "

2744 5560 2840 5611 καὶ
2859 5559 3014 5632 έτῷ
3044 5560 3260 5632 αἵματι.
3297 5559 3423 5632 Haec
3466 5559 3712 5618 referunt
3743 5581 3900 5623 sese

1811 5621 1884 5702 Τὸ
1905 5620 2396 5702 -λξδέιὴτιλιίεῦν.⁸
2417 5624 2711 5702 ᾂτεθηιυιη
2760 5635 2916 5702 tuum
2966 5620 3193 5702 a'biit'in
3239 5631 3481 5702 scorias,
3531 5642 3692 5702 potus
3735 5620 3899 5692 tuué

588 5682 785 5772 inlatus
810 5693 914 5772 [est
934 5682 1130 5772 aquai
1182 5685 1428 5772 Α’έᾼδώρμ.
1461 5685 1688 5772 Reliqua
1721 5695 1762 5742 t.
1783 5688 1840 5772 ⁸ι,
1875 5705 1928 5760 p.
1957 5689 2116 5772 |2_76,
2142 5691 2213 5772 ita
2243 5694 2344 5762 leg.
2368 5682 2656 5772 διῲκὶντες
2683 5682 3445 5772 ἀνταπόδομέλρμῷανοίςνοίῖ
3458 5682 3896 5772 ἐρῖᾆόςᾴἶεέ

590 5755 765 5817 κρίσει
807 5755 938 5823 (rec.
978 5755 1140 5812 lectio
1172 5763 1256 5812 est
1289 5755 1492 5825 κρίσιν,
1529 5755 1637 5812 non
1671 5755 2078 5814 contemnenda
2107 5755 2404 5817 autem'est
2442 5763 2603 5819 lectio
2636 5755 2846 5837 κρίσει)
2888 5755 3070 5838 χηρῶν
3110 5755 3177 5822 ὸῠ’
3217 5755 3604 5841 προέχοντες.
