4076 6434
351 370 459 430 23⁸1
1691 378 1772 439 IN
1796 379 2018 440 ISAL‘E
2070 381 2228 442 CAP.
2268 381 2352 442 II.
3534 377 3643 442 238

354 500 495 546 ταις,
518 484 609 536 ἐπ’
634 483 874 554 ἐσχατου
903 485 1018 541 τῶν
1047 487 1282 562 ἡμερῶν
1312 488 1518 545 τούτων
1549 490 1812 564 ἐλάλησεν
1836 495 1970 564 ημῖν

2081 493 2200 553 Sive
2245 510 2378 569 ergo
2434 492 2869 564 Hierosolymam
2929 492 3035 547 hoc
3090 491 3211 546 loco
3267 490 3644 562 intelligamus

353 574 413 625 ἐν
437 572 572 646 Πῷ.
601 593 622 627 ι
676 574 796 628 Κάν
829 592 894 630 τε
930 577 993 632 δὲ
1019 579 1126 649 τὴν
1175 581 1536 653 Ἰερουσαλὴμ
1566 583 1852 654 νοήσωμεν
1878 585 1968 637 ἐν-

2081 595 2314 645 montem
2348 603 2473 644 esse
2499 585 2618 650 Dei,
2650 586 2904 640 videmus
2942 599 3010 639 eo
3043 597 3104 638 se
3133 583 3420 654 proripere
3453 589 3508 637 et
3542 582 3644 636 ad-

352 665 530 718 ταῦθα
559 665 688 735 ὄρος
711 663 856 720 εἶναι
881 667 986 722 τοῦ
1017 669 1184 735 Θεοῦ,
1215 672 1437 745 ὁρῶμεν
1452 674 1631 727 ἐκεῖσε
1657 675 1784 738 τοὺς
1805 692 1938 729 πεπι
1954 706 1967 716 -

2081 685 2302 732 ventare
2360 675 2550 733 ﬁdeles
2601 676 2697 746 qui
2751 675 3202 747 praedicationem
3251 684 3644 744 susceperunt,

356 756 656 821 στευκότας
717 759 1098 830 ἐκτρέχοντας
1137 763 1237 817 καὶ
1295 765 1731 836 ἀφικνουμένους
1757 766 1880 830 τοὺς
1909 767 1971 819 τὸ

2081 781 2124 825 et
2153 771 2283 826 inde
2315 778 2635 824 manantem
2689 767 3131 824 benedictionem
3163 766 3483 837 decerpere.
3518 765 3648 821 Sive

356 850 622 918 κήρυγμα
654 849 1025 921 δεξαμένους,
1049 855 1148 908 καὶ
1172 854 1274 927 τὴν
1304 856 1558 911 ἐντεῦθεν
1589 857 1971 930 βλαστήσασαν

2081 858 2341 915 ecclesias
2394 858 2602 930 ubique
2654 867 2800 914 terra
2842 857 3096 928 marique
3161 857 3376 926 positas
3422 856 3644 911 domum

357 939 610 1005 εὐλογίαν
630 939 1032 1012 ἁρπάσαντας·
1057 944 1162 1000 κᾶν
1197 963 1258 1000 τε
1283 948 1385 1011 τὰς
1418 948 1696 1019 πανταχοῦ
1734 948 1842 1019 γῆς
1874 948 1972 1002 καὶ

2081 950 2168 1007 Dei
2202 966 2325 1007 esse
2378 951 2702 1013 dixerimus,
2760 950 3004 1006 divinum
3051 949 3280 1006 Paulum
3336 950 3646 1017 audientes,

360 1031 635 1100 θαλάσσης
687 1032 1005 1103 ἐκκλησίας
1037 1035 1230 1108 φῶμεν
1281 1034 1431 1093 οἷκον
1492 1039 1655 1105 Θεοῦ,
1713 1040 1792 1112 τῷ
1844 1041 1974 1112 θείῳ

2081 1043 2166 1114 qui
2193 1042 2312 1097 ait:
2348 1059 2366 1094 ι
2402 1041 2611 1097 Domus
2655 1041 2780 1112 ejus
2827 1057 2932 1097 nos
2976 1056 3172 1098 sumus
3204 1053 3270 1106 ος
3311 1059 3329 1093 ι
3369 1041 3450 1096 sic
3479 1041 3646 1097 etiam

365 1121 554 1192 Παύλῳ
583 1123 919 1196 πειθόμενοι
942 1143 958 1158 ·
994 1145 1014 1179 ι
1050 1123 1215 1192 Οῐκος
1237 1129 1347 1202 γὰρ
1375 1130 1561 1198 αὐτοῦ,
1595 1133 1782 1204 φησίν,
1808 1135 1974 1205 ἐσμέν

2081 1133 2383 1204 prophetiae
2432 1134 2721 1190 veritatem
2767 1133 2961 1190 videre
2999 1133 3151 1190 licet.
3214 1132 3450 1189 lllustris
3497 1133 3646 1188 enim

370 1213 515 1281 ἡμεῖς
539 1229 554 1245 ·
592 1231 614 1265 ι
644 1215 751 1267 καὶ
801 1214 988 1280 οὕτως
1023 1217 1174 1272 ἐστιν
1206 1220 1336 1274 ίδείν
1362 1222 1461 1294 τὴν
1486 1222 1589 1292 τῆς
1634 1225 1974 1297 προφητείας

2081 1226 2173 1280 Dei
2205 1223 2479 1290 Ecclesia,
2501 1233 2557 1280 et
2590 1231 2804 1297 gentes,
2825 1225 3023 1280 relicta
3055 1224 3496 1296 impietate,quae
3517 1223 3647 1278 olim

367 1303 639 1374 ἀλήθειαν.
675 1306 1016 1379 Περιφανὴς
1044 1309 1154 1382 γὰρ
1180 1312 1214 1382 ή
1244 1311 1339 1367 τοῦ
1369 1313 1505 1366 Θεοῦ
1534 1315 1850 1386 Ἐκκλησία,
1881 1319 1975 1371 καὶ

2081 1317 2364 1389 regnabat,
2414 1316 2483 1372 ad
2521 1316 2668 1372 illam
2715 1317 3011 1382 accedunt,
3049 1323 3105 1372 et
3133 1316 3204 1371 ab
3228 1331 3293 1372 ea
3329 1315 3649 1370 illuminan-

363 1395 457 1462 τὴν
479 1395 655 1449 πάλαι
678 1398 1058 1469 κρατήσασαν
1083 1400 1346 1458 ἀσέϐειαν
1363 1403 1430 1457 τὰ
1455 1403 1587 1475 ἔθνη
1623 1407 1972 1478 καταλιμπά-

2081 1417 2187 1465 tur.
2213 1408 2398 1478 Quare
2428 1409 2603 1464 miror
2627 1424 2724 1465 eos
2758 1409 2851 1480 qui
2889 1409 3036 1464 hunc
3069 1409 3254 1464 locum
3283 1408 3446 1463 aliter
3476 1406 3650 1462 inter-

362 1501 515 1539 νοντα
546 1486 736 1560 ταύτῃ
778 1489 1066 1562 πρόσεισι,
1099 1492 1196 1547 καὶ
1240 1497 1373 1567 παρ’
1424 1496 1596 1566 αὐτῆς
1657 1497 1970 1566 φωτίζεται.

2081 1501 2281 1571 pretari
2336 1514 2446 1556 non
2496 1499 2779 1565 dubitant,
2829 1507 2885 1556 et
2929 1499 3172 1556 reditum
3244 1515 3314 1554 ex
3369 1498 3650 1571 Babylone

358 1577 638 1648 Θαυμάζω
707 1582 906 1638 τοίνυν
960 1585 1090 1649 τοὺς
1121 1586 1329 1656 ἐτέρως
1357 1591 1498 1643 νοεῖν
1529 1590 1646 1644 τόδε
1687 1591 1750 1644 τὸ
1777 1592 1976 1664 χωρίον

2081 1590 2166 1646 bis
2224 1589 2409 1648 verbis
2470 1589 2697 1662 praedici
2758 1598 2977 1662 putant.
3031 1589 3294 1656 Quaenam
3330 1592 3476 1646 enim
3521 1606 3654 1661 geu-

356 1669 752 1741 ὰνεχομένους,
793 1674 896 1728 καὶ
945 1675 1046 1745 τὴν
1075 1676 1185 1730 ἀπὸ
1233 1678 1552 1746 Βαϐυλῶνος
1606 1681 1867 1737 ἐπάνοδον
1887 1685 1976 1738 δια

2081 1685 2160 1732 les
2213 1683 2340 1748 post
2369 1676 2674 1733 secundam
2716 1675 3141 1732 aediﬁcationem
3191 1675 3381 1745 templi
3421 1689 3487 1731 eo
3514 1690 3651 1730 con-

357 1761 560 1814 τούτων
594 1761 907 1834 οίομένους
930 1763 1318 1836 προλέγεσθαι.
1371 1769 1508 1824 Ποῖα
1541 1769 1652 1842 γὰρ
1678 1770 1804 1843 ἐθνη
1837 1772 1978 1843 μετὰ

2081 1768 2392 1825 ﬂuxerunt?
2439 1775 2536 1824 aut
2600 1781 2850 1840 quaenam
2909 1767 2993 1823 lex
3051 1767 3126 1823 ibi
3165 1766 3290 1822 data
3345 1766 3462 1822 est?
3513 1764 3649 1821 Nam

357 1853 450 1923 τὴν
488 1853 775 1926 δευτέραν
811 1853 917 1908 τοῦ
966 1854 1099 1909 ναοῦ
1147 1857 1460 1929 οἰκοδομίαν
1508 1861 1692 1914 ἐκεῖσε
1734 1861 1975 1934 ἐδραμε;

2081 1869 2320 1918 veterem
2355 1861 2532 1932 legem
2571 1859 2715 1917 Deus
2747 1875 2856 1916 non
2893 1859 2947 1915 in
2987 1859 3188 1928 Sione,
3241 1857 3338 1914 sed
3371 1857 3427 1912 in
3467 1863 3653 1910 monte

359 1947 502 2008 ⁴ποῖος
529 1945 591 1998 δέ
629 1945 813 2016 νόμος
851 1947 1039 2000 ἐκεῖσε
1069 1946 1260 2016 ἐδόθη;
1290 1949 1383 2002 τὸν
1406 1950 1515 2022 γὰρ
1544 1953 1774 2008 παλαιὸν
1813 1955 1976 2026 νόμον

2081 1953 2230 2009 Sinai
2287 1951 2461 2011 dedit.
2543 1951 2898 2008 Manifestum
2987 1957 3075 2006 est
3145 1949 3354 2020 igitur,
3439 1945 3651 2002 Novum

355 2037 453 2090 οὐκ
473 2039 532 2090 ἐν
558 2041 631 2109 τῇ
667 2038 848 2103 Σιὼν,
884 2037 1006 2093 ἀλλ’
1030 2039 1090 2093 ἐν
1113 2039 1193 2111 τῷ
1227 2041 1357 2113 Σινᾷ
1377 2043 1493 2114 δρει
1510 2043 1747 2100 δέδωκεν
1775 2046 1972 2113 όΘεός.

2081 2043 2236 2101 innui
2278 2043 2702 2102 Testamentum
2728 2083 2744 2110 ,
2790 2042 2938 2114 quod
2990 2041 3187 2114 primis
3228 2039 3303 2096 ibi
3334 2039 3523 2095 datum
3568 2045 3655 2094 est

357 2133 586 2203 Εὔδηλον
638 2133 869 2200 τοίνυν,
913 2132 996 2196 ὼς
1038 2133 1134 2204 τὴν
1191 2135 1400 2207 Καινὴν
1439 2136 1735 2192 αἰνίττεται
1790 2139 1978 2211 Διαθήο

2081 2133 2372 2204 apostolis,
2401 2148 2499 2204 per
2518 2133 2621 2190 bos
2644 2131 2849 2188 deinde
2884 2131 3150 2188 omnibus
3181 2129 3490 2187 exliibitum
3521 2143 3654 2199 gen-

362 2241 479 2292 κην,
508 2226 628 2278 ἐκεῖ
659 2223 775 2294 μὲν
814 2221 1066 2294 πρώτοις
1090 2223 1340 2278 δοθεῖσαν
1371 2228 1483 2290 τοῖς
1533 2227 1876 2296 ἀποστόλοις,
1904 2229 1973 2283 δι’

2081 2223 2246 2279 tibus.
2279 2220 2584 2293 Propterea
2638 2236 2755 2278 non
2799 2221 2982 2277 solum
3019 2221 3216 2293 legem,
3261 2233 3455 2276 verum
3484 2219 3652 2274 etiam

631 2315 694 2370 δέ
742 2315 894 2368 πᾶσι
939 2315 1386 2386 παρασχεθετσαν
1434 2319 1544 2380 τοῖς
1594 2317 1798 2375 ἔθνεσι.
1845 2320 1976 2376 Διά-

2081 2330 2393 2372 sermonem
2423 2315 2552 2371 inde
2573 2315 2857 2370 exiturum
2881 2313 3246 2381 vaticinatur,
3275 2311 3654 2385 evangelicam

379 2424 457 2459 τοι
479 2406 629 2460 τοῦτο
652 2406 720 2460 οῦ
789 2405 966 2476 μόνον
1011 2406 1201 2476 νόμον,
1249 2406 1385 2460 ἀλλὰ
1432 2407 1528 2462 καὶ
1567 2407 1726 2476 λόγον
1764 2409 1978 2463 ἐκείθεν

2081 2405 2536 2476 praedicationem
2581 2403 2663 2459 sic
2689 2404 3018 2476 appellans;
3051 2401 3199 2474 quod
3229 2411 3284 2458 et
3316 2401 3518 2457 beatus
3546 2398 3656 2453 Lu-

385 2499 738 2564 ἐξελεύσεσθαι
802 2497 1199 2571 προθεσπίζει.
1233 2498 1391 2554 Οὕτω
1434 2501 1492 2554 δὲ
1531 2500 1590 2554 τὸ
1618 2502 1976 2572 εῦαγγελικὸν

2081 2511 2170 2552 cas
2213 2510 2315 2553 nos
2342 2495 2506 2553 docet
2542 2513 2556 2550 :
2606 2512 2626 2546 ι
2668 2497 2829 2552 Sicut
2861 2494 3215 2550 tradiderunt
3258 2493 3420 2550 nobis
3462 2491 3554 2563 qui
3586 2492 3658 2547 ab

379 2591 678 2659 ὀνομάζεται
703 2593 1015 2664 κήρυγμα.
1041 2591 1212 2646 Τοῦτο
1230 2591 1339 2663 γὰρ
1356 2592 1449 2647 καὶ
1472 2594 1502 2646 ὁ
1527 2594 1798 2664 μακάριος
1828 2595 1977 2666 ἡμᾶς

2081 2589 2240 2645 ἰηίιὶο
2289 2588 2396 2660 ipsi
2441 2585 2726 2653 viderunt,
2782 2596 2837 2644 et
2892 2587 3137 2642 ministri
3189 2585 3414 2641 fuerunt
3442 2599 3656 2642 sermo-

373 2682 601 2738 διδάσκει
627 2686 868 2749 Λουκᾶς
894 2703 908 2716 ·
942 2703 961 2735 ι
1007 2683 1094 2748 Ὠς
1131 2683 1438 2755 παρέδοσαν
1463 2686 1593 2755 ἡμῖν
1634 2686 1684 2740 οί
1705 2685 1768 2752 ἐξ
1800 2687 1976 2759 ἀρχῆς

2081 2680 2168 2738 nis
2195 2680 2248 2737 τι.
2287 2699 2306 2732 ι
2343 2679 2670 2738 Sermonem
2701 2679 2849 2736 enim
2888 2678 2994 2734 hoc
3014 2678 3140 2734 loco
3169 2686 3332 2734 vocat
3355 2693 3466 2733 non
3485 2675 3656 2732 Deum

363 2773 624 2828 αὐτόπται
653 2775 762 2828 καὶ
785 2774 1071 2846 ὑπηρέται
1096 2771 1192 2827 τοῦ
1214 2773 1372 2842 λόγου
1410 2775 1714 2846 γενόμενοι.
1756 2795 1775 2829 ι
1801 2777 1973 2846 Λόγον

2081 2771 2346 2839 Verbum,
2382 2773 2478 2828 sed
2527 2772 2625 2828 Dei
2670 2766 2838 2827 Verbi
2888 2769 3223 2826 doctrinam.
3269 2768 3429 2840 185
3470 2767 3657 2839 Neque

359 2863 463 2932 γὰρ
489 2865 742 2920 ἐνταῦθα
801 2866 870 2919 οῦ
899 2864 994 2918 τὸν
1024 2864 1160 2917 Θεὸν
1182 2864 1355 2932 Λόγον
1381 2864 1559 2930 καλεῖ,
1585 2865 1722 2920 ἀλλὰ
1751 2866 1850 2938 τὴν
1877 2865 1973 2920 τοῦ

2081 2866 2226 2922 enim
2266 2881 2334 2922 ex
2374 2865 2543 2921 Sione
2573 2865 2747 2922 exivit
2780 2863 2926 2920 Deus
2960 2861 3225 2926 Verbum,
3264 2860 3360 2917 sed
3403 2859 3458 2916 in
3489 2860 3657 2915 Sione

359 2953 491 3008 Θεοῦ
521 2957 709 3025 Λόγου
776 2954 1161 3011 διδασκαλίαν.
1224 2956 1301 3008 Οὐ
1353 2954 1464 3026 γὰρ
1494 2959 1525 3010 ό
1545 2957 1678 3022 Θεὸς
1700 2956 1874 3027 Λόγος
1906 2958 1971 3011 ἐκ

2083 2959 2375 3015 veritatem
2406 2957 2615 3014 docuit.

361 3047 496 3100 Σιὼν
527 3047 898 3118 ἐξελήλυθεν,
933 3046 1049 3101 ἀλλ’
1092 3049 1151 3100 ἐν
1181 3046 1259 3118 τῷ
1283 3047 1423 3102 Σιὼν
1459 3049 1560 3119 τὴν
1592 3048 1853 3122 ἀλήθειαν
1884 3049 2290 3115 ἐξεπαίδευσεν.

425 3141 468 3194 δ’
473 3183 488 3196 .
510 3141 628 3194 Kal
696 3141 743 3172 ⁸⁷
790 3141 1193 3210 συγκόψουσι
1245 3140 1350 3208 τὰς
1403 3143 1709 3213 μαχαίρας
1767 3143 1969 3199 αὐτῶν

2143 3143 2311 3201 Vens.
2349 3147 2402 3202 4.
2442 3142 2511 3200 Ει
2548 3144 2875 3200 contundeut
2924 3141 3138 3214 gladios
3187 3159 3312 3197 suos
3350 3142 3657 3218 inaretra,

358 3233 439 3299 ὡς
459 3233 507 3268 ⁸⁸
528 3231 790 3302 ἄροτρα,
823 3233 925 3286 καὶ
971 3232 1077 3300 τὰς
1093 3231 1330 3301 ᾅϐύνας
1359 3233 1566 3289 αὐτῶν
1587 3237 1675 3301 είς
1688 3235 1978 3305 δρέπανα,

2081 3246 2131 3291 et
2179 3237 2396 3292 lanceas
2435 3253 2564 3292 suas
2593 3236 2648 3291 in
2675 3235 2843 3307 falces
2869 3250 2889 3290 .'
2922 3244 2973 3291 et
3002 3252 3107 3289 non
3159 3233 3354 3289 levabit
3385 3251 3510 3305 gens
3532 3251 3645 3290 cott-

363 3324 460 3376 καί
489 3325 563 3377 οὐ
595 3322 874 3390 λήψεται
895 3323 1072 3389 ἔθνος
1095 3322 1195 3376 ἐπὶ
1221 3324 1397 3391 ἔθνος
1414 3322 1750 3393 μάχαιραν-ο
1780 3325 1876 3380 καὶ
1907 3327 1980 3380 οὐ

363 3413 444 3481 μὴ
493 3413 784 3482 μάθωσιν
839 3412 932 3466 ἔτι
989 3413 1298 3483 πολεμεῖν.
1329 3413 1468 3469 υὺδέ
1505 3414 1680 3469 ταῦτα
1709 3415 1850 3486 μετὰ
1882 3416 1981 3488 τὴν

368 3507 475 3559 ἀπο
534 3505 875 3569 Βαϐυλῶνος
929 3505 1193 3559 ἐπάνοδον
1243 3506 1590 3578 γεγενημένα
1627 3507 1977 3580 εὑρίσκομεν.

369 3599 608 3669 Πόλεμοι
643 3598 762 3669 γὰρ
796 3595 1095 3666 ἐπάλληλοι
1126 3593 1268 3669 ἦσαν
1291 3597 1433 3653 κατὰ
1476 3600 1662 3653 πᾶσαν
1682 3599 1784 3670 τὴν
1805 3601 1984 3655 οἰκου-

373 3691 562 3758 μένην,
588 3690 676 3753 είς
709 3687 891 3741 πολλὰ
946 3689 1046 3758 τῆς
1108 3687 1388 3758 βασιλείας
1414 3689 1851 3762 μεμερισμένης,
1885 3693 1982 3746 καὶ

372 3781 476 3834 τῶν
498 3783 628 3835 κατ’
663 3780 823 3844 εθνος
855 3779 1254 3852 βασιλευόντων
1312 3781 1768 3853 ἐπανισταμένων
1809 3783 1978 3856 ἀλλή-

372 3871 500 3936 ὶλος.
544 3873 631 3943 Τῇ
657 3872 719 3926 δέ
748 3872 848 3926 τοῦ
888 3871 1026 3926 Θεοῦ
1066 3872 1163 3926 καὶ
1205 3873 1459 3945 Σωτῆρος
1493 3872 1652 3944 ἡμῶν
1682 3873 1980 3946 ἐπιφανείᾳ

373 3969 738 4036 συνήκμασεν
761 3965 796 4035 ἡ
823 3962 936 4017 τῶν
975 3963 1266 4035 Ῥωμαίων
1287 3965 1452 4035 ἀρχή.
1480 3963 1629 4035 Λῦτη
1652 3963 1709 4018 δὲ
1730 3964 1828 4028 τὰς
1854 3964 1980 4020 πολ-

373 4057 468 4120 λὰς
505 4055 883 4111 καταλύσασα
915 4054 1216 4126 βασιλείας,
1258 4055 1322 4109 τὸ
1373 4055 1514 4110 κατὰ
1549 4055 1767 4110 πάντων
1791 4057 1979 4111 ἀνεδέ-

373 4152 501 4217 ξατο
529 4151 769 4221 κράτος.
809 4148 934 4202 ⁹Υπ¹
981 4148 1201 4220 ἐκείνην
1237 4149 1296 4203 δέ
1334 4150 1404 4205 τὰ
1437 4149 1569 4221 ἔθνη
1630 4151 1760 4205 ϐντα
1792 4151 1980 4206 οὐκέτι

368 4243 480 4304 τοῖς
508 4240 844 4310 πολεμικοῖς
898 4237 1154 4309 ὀργάνοις
1191 4237 1489 4310 κέχρηνται
1536 4239 1658 4314 κατ’
1691 4239 1975 4310 ἀλλήλων·

371 4331 476 4384 τῶν
504 4331 566 4384 δέ
597 4329 715 4383 ἀπὺ
744 4328 1025 4397 γεωργίας
1057 4328 1303 4393 ἅπαντες
1341 4328 1708 4383 ἀπολαύουσιν
1731 4329 1975 4398 ἀγαθῶν.

370 4420 628 4491 Τοσαύτη
665 4419 727 4474 δέ
766 4419 937 4473 παλαι
976 4420 1088 4482 τοῖς
1136 4418 1413 4483 Ἰουδαίοις
1458 4419 1740 4486 διάστασις
1771 4417 1862 4494 ἦν,
1895 4422 1977 4476 ὅτι

370 4515 462 4568 καὶ
494 4515 524 4566 ό
570 4510 804 4584 Ἰσραὴλ
825 4511 948 4582 διχῇ
1007 4509 1340 4584 διῃρημένος
1375 4505 1467 4582 ἦν,
1491 4511 1584 4566 καὶ
1612 4493 1804 4568 ἐαυτὸν
1843 4531 1976 4569 κατ·
2008 4493 2053 4548 D

369 4605 645 4676 ηνὰλισκε
669 4619 685 4634 ⁸
719 4603 819 4656 καὶ
840 4602 900 4654 ἐν
937 4603 1035 4674 μιᾷ
1057 4601 1234 4672 γωνίᾳ
1266 4600 1365 4672 τῆς
1392 4602 1738 4675 οίκουμένης,
1774 4603 1977 4676 μᾶλλον

361 4697 422 4751 δέ
449 4699 513 4750 ἐν
533 4693 792 4766 ἐπαρχία
815 4695 938 4765 μιᾷ,
967 4695 1032 4764 τῇ
1063 4691 1428 4766 Παλαιστίνῃ,
1455 4695 1619 4766 φημὶ,
1638 4694 1974 4765 ’Λλλόφυλοι,

366 4789 465 4842 καί
494 4785 824 4850 Μωαϐῖται,
849 4784 943 4837 καὶ
984 4785 1337 4854 Ἀμμανῖται,
1387 4783 1482 4838 καὶ
1529 4784 1839 4856 Ἰδουμαῖοι,
1882 4788 1978 4841 καὶ

379 4882 766 4951 Ἀμαληκῖται
785 4879 906 4932 κατ’
937 4876 1182 4948 ἀλλήλων
1209 4876 1560 4946 ἐστράτευον.
1608 4878 1770 4933 Ἀλλὰ
1796 4879 1973 4935 ταῦτα

365 4973 554 5027 πάντα
579 4974 619 5041 ἡ
651 4969 750 5026 τοῦ
776 4968 1031 5040 Σωτῆρος
1061 4966 1221 5038 ἡμῶν
1247 4965 1477 5022 ἔσϐεσεν
1509 4969 1923 5042 ἐνανθρὼπησις
1951 4987 1968 5002 ο

367 5067 497 5118 κατ’
529 5063 711 5134 αὐτὴν
743 5060 857 5132 γὰρ
891 5061 990 5131 τὴν
1025 5059 1297 5129 σωτήρων
1338 5058 1437 5129 τῆς
1467 5059 1745 5132 Παρθένου
1775 5063 1973 5134 γέννη-

369 5173 460 5210 σιν
513 5177 532 5212 ι
572 5155 819 5228 έπεμψε,
845 5153 1036 5224 φησὶν,
1075 5149 1388 5220 Αὔγουστος
1420 5153 1846 5226 ἀπογράψασθαι
1876 5157 1974 5210 πᾶ.

442 5347 468 5377 ε
507 5336 678 5393 Hebr.
725 5352 810 5402 tu,
851 5338 902 5392 6.
984 5337 1009 5376 ἀ
1050 5336 1188 5392 Luc.
1225 5353 1265 5400 ι.
1293 5338 1348 5392 2.
1430 5348 1453 5376 ο
1495 5338 1629 5392 Luc.
1675 5353 1736 5402 tt,
1776 5337 1825 5390 1.

2084 3338 2170 3382 tra
2203 3337 2404 3398 gentem
2431 3327 2695 3398 gladium,
2725 3336 2775 3382 et
2806 3343 2910 3382 non
2940 3327 3145 3381 discent
3183 3325 3415 3394 amplius
3440 3324 3658 3381 bellare.

2082 3420 2194 3476 Nec
2224 3422 2332 3477 ista
2360 3428 2486 3490 post
2525 3419 2768 3476 reditum
2799 3434 2868 3474 ex
2900 3417 3184 3489 Babylone
3227 3415 3372 3471 facta
3431 3430 3652 3486 compe-

2084 3511 2280 3567 rimus.
2332 3509 2481 3566 Bella
2546 3510 2694 3566 enim
2753 3517 2948 3563 mutua
3009 3507 3238 3562 fuerunt
3287 3506 3341 3562 in
3395 3507 3660 3564 universa

2085 3615 2255 3670 terra,
2307 3617 2478 3674 regno
2522 3601 2618 3657 illo
2666 3604 2872 3658 multas
2919 3601 2973 3655 in
3009 3611 3198 3672 partes
3223 3599 3426 3664 diviso,
3455 3607 3511 3654 et
3545 3599 3660 3655 sin-

2081 3695 2336 3766 gularum
2389 3694 2634 3766 gentium
2691 3694 2917 3766 regibus
2960 3701 3158 3749 contra
3197 3708 3258 3748 se
3303 3691 3543 3747 invicem
3574 3692 3660 3746 in-

2082 3787 2459 3858 surgentibus.
2505 3785 2622 3842 Sub
2651 3787 2948 3842 adventum
2985 3794 3169 3841 autem
3211 3781 3307 3839 Dei
3358 3781 3662 3838 Salvatoris

2081 3876 2261 3932 nostri
2303 3874 2614 3932 Romanum
2661 3874 2849 3930 ﬂoruit
2874 3875 3192 3944 imperium,
3238 3873 3387 3944 quod
3434 3872 3660 3943 quidem

2079 3970 2256 4024 multa
2287 3968 2381 4024 illa
2415 3984 2586 4040 regna
2619 3967 2920 4024 destruens
2949 3968 3196 4022 omnium
3233 3965 3478 4022 obtinuit
3513 3964 3662 4036 prin-

2081 4061 2345 4130 cipatum.
2399 4058 2533 4126 Quae
2570 4067 2759 4114 autem
2813 4057 2918 4114 sub
2965 4057 3060 4112 illo
3105 4063 3238 4112 sunt
3282 4063 3508 4126 gentes,
3552 4069 3662 4110 non

2081 4150 2320 4220 amplius
2363 4149 2582 4206 bellicis
2625 4157 2824 4204 contra
2856 4163 2916 4204 se
2948 4155 3142 4202 mutuo
3181 4155 3412 4202 utuntur
3451 4145 3662 4200 instru-

2080 4239 2308 4305 mentis,
2337 4239 2431 4296 sed
2464 4239 2827 4310 agricultura:
2860 4237 3025 4294 bonis
3064 4235 3312 4308 gaudent
3361 4236 3659 4291 universae.

2081 4331 2322 4388 Tantum
2367 4347 2536 4405 porro
2569 4332 2716 4403 apud
2758 4330 2983 4388 Iudaeos
3019 4331 3155 4387 olim
3201 4328 3306 4384 fuit
3337 4327 3661 4392 dissidium,

2081 4433 2142 4479 ut
2171 4424 2226 4479 in
2255 4423 2394 4480 duas
2418 4430 2605 4495 partes
2633 4423 2847 4480 divisus
2873 4430 3020 4479 esset
3039 4421 3240 4490 Israel,
3269 4435 3439 4490 seque
3474 4421 3660 4490 ipsum

2081 4521 2464 4579 consumeret,
2498 4521 2667 4584 atque
2703 4513 2759 4570 in
2791 4529 2903 4569 uno
2927 4522 3200 4570 terrarum
3233 4511 3460 4584 angulo,
3497 4512 3662 4567 adeo-

2084 4619 2192 4676 que
2249 4603 2308 4659 in
2361 4620 2469 4659 una
2525 4604 2845 4676 provincia,
2884 4603 3181 4660 Palestina
3210 4604 3459 4674 inquam,
3508 4602 3662 4657 Allo-

2081 4693 2255 4766 pbyli,
2298 4701 2354 4749 et
2383 4692 2660 4762 Moabitae,
2698 4701 2754 4750 et
2796 4691 3258 4758 Ammonitaa,‘et
3313 4691 3560 4757 ldumai,
3607 4699 3663 4747 et

2080 4785 2404 4841 Amalecita:
2434 4787 2646 4842 mutuis
2666 4801 2727 4842 se
2749 4787 2908 4842 bellis
2934 4787 3284 4856 impeterent.
3316 4783 3520 4840 Verum
3546 4783 3663 4837 lure

2081 4878 2266 4932 omnia
2303 4875 2616 4935 Salvatoris
2651 4878 2828 4934 nostri
2862 4877 3137 4948 repressit
3176 4875 3514 4931 incarnatio.
3548 4873 3662 4929 Sub

2080 4967 2261 5038 ipsum
2296 4969 2444 5023 enim
2481 4969 2731 5041 Virginis
2754 4952 2996 5040 partum,
3029 4988 3048 5020 ι
3079 4969 3252 5032 misit,
3293 4967 3500 5038 inquit,
3548 4968 3662 5020 Au-

2081 5068 2280 5131 gustus
2315 5067 2374 5115 ut
2419 5059 2836 5117 describeretur
2869 5060 3168 5116 universus
3202 5059 3356 5116 orbis
3389 5069 3438 5114 °.
3481 5077 3500 5109 ι
3532 5056 3664 5113 Inde

2085 5152 2323 5221 primum
2367 5161 2490 5208 orta
2530 5163 2617 5210 est
2652 5153 2919 5210 bellorum
2948 5152 3004 5208 in
3035 5167 3225 5224 pacem
3257 5152 3580 5217 conversio,
3607 5158 3662 5206 et

1715 5515 1746 5566 ν
1758 5513 1946 5570 ΛΙΚΙΑΞ
1988 5512 2392 5572 LEC'HONES.

413 5704 458 5739 ον
484 5708 592 5764 καὶ
628 5723 799 5778 συγκ,
843 5702 993 5778 Qua
1021 5695 1246 5778 desunt,
1284 5694 1425 5778 inira
1453 5696 1572 5778 ,ϐπ-,⁸
1603 5694 1872 5778 Λπκίῖιιτ.
1906 5695 1940 5748 l.
1977 5710 2027 5750 ο.
2071 5693 2143 5750 ita
2177 5693 2519 5760 exhibemus,
2553 5696 2640 5748 καὶ
2682 5672 2854 5751 κᾶινεί
2882 5697 2985 5749 ivx
3019 5695 3179 5753 αίςον
3209 5693 3314 5745 τῶν
3340 5690 3526 5757 ἐθνῶν,
3561 5689 3660 5751 καὶ

352 5773 550 5856 ἐλέγξει
578 5764 721 5839 λαδῦ
763 5764 980 5830 ποῗύν.
1090 5766 1136 5795 ⁸⁸
1162 5764 1253 5830 ὡς.
1286 5764 1414 5822 nec.
1451 5767 1614 5822 lectio
1655 5772 1739 5821 est
1785 5768 1882 5830 εἰς.
