4076 6410
452 367 556 428 239
1505 363 1994 425 THEODORETI
2019 363 2359 423 EPISCOPI
2391 364 2755 424 CYRENSIS
3603 357 3709 422 240

453 481 789 552 praedicatio,
829 482 1114 537 exstinctis
1160 480 1363 552 ubique
1397 481 1647 550 gentium
1690 478 1874 544 bellis,
1907 479 2023 535 sine

2135 497 2233 534 σαν
2251 480 2348 552 τὴν
2379 480 2723 552 οἰκουμένην.
2769 500 2782 530 ι
2831 478 3110 533 Ἐντεῦθεν
3153 478 3327 551 ἀρχὴν
3356 475 3547 532 ἐλαϐεν
3573 477 3607 547 ἡ
3630 479 3709 540 είς

451 574 606 627 obice
637 589 866 627 cursum
903 576 1100 637 tenuit,
1150 572 1400 641 Cumque
1424 571 1519 625 uni
1547 571 1811 642 potestati
1834 581 2023 642 gentes

2133 570 2358 642 εἰρήνην
2379 570 2487 625 τῶν
2534 570 2788 642 πολέμων
2850 569 3123 641 μεταϐολή
3150 587 3164 602 ·
3219 570 3312 623 καὶ
3347 569 3409 622 τδ
3451 569 3709 640 κήρυγμα

451 681 644 720 nnmcs
681 675 974 735 parerent,
1024 665 1205 718 securi
1240 664 1402 734 186
1435 663 1691 718 veritatis
1744 677 2023 732 praecones

2133 662 2354 734 ἔτρεχεν
2381 663 2697 730 ἀκωλύτως,
2727 663 2838 717 τῶν
2879 664 2999 717 κατ’
3031 661 3183 726 ἐθνος
3224 661 3567 733 ἐσδεσμένων
3607 677 3707 714 πο-

452 764 832 827 permearunt,
871 755 1139 810 salutaria
1167 754 1423 825 dogmata
1455 752 1936 811 circumferentes.

2130 755 2344 826 λέμων·
2369 757 2464 811 καὶ
2500 757 2609 812 τῶν
2657 755 2826 810 ἐθνῶν
2855 756 3112 811 ἀπάντων
3137 755 3245 809 ὑπὸ
3297 752 3426 826 μίαν
3462 752 3709 819 ἐξουσίαν

520 1048 685 1105 Vens.
710 1049 764 1104 ὃ.
784 1047 850 1100 Et
882 1063 1046 1112 nunc,
1071 1028 1258 1102 damus
1276 1046 1468 1113 Iacob,
1500 1049 1686 1113 venite,
1713 1058 1762 1103 et
1791 1049 2028 1103 ambule-

448 1156 562 1193 mus
590 1140 645 1192 in
676 1138 877 1192 lumine
908 1137 1145 1192 Domini.
1185 1138 1269 1193 Ad
1310 1139 1457 1194 hunc
1488 1139 1711 1195 modum
1741 1155 1863 1210 qua:
1879 1141 2029 1195 dicta

448 1238 578 1283 sunt
612 1229 906 1284 vaticinari
955 1229 1152 1300 jussus
1201 1230 1496 1300 prOpheta,
1556 1231 1824 1302 populum
1855 1229 2028 1286 Jacob

448 1331 828 1392 nuncupatum
857 1321 1136 1388 hortatur,
1169 1331 1231 1376 ut
1258 1322 1513 1378 veritatis
1540 1323 1728 1378 lumen
1764 1324 2025 1395 excipiat.

449 1413 679 1468 Domum
715 1425 846 1466 vero
877 1410 1072 1466 Jacobi
1103 1427 1199 1469 eos
1236 1413 1398 1479 dicit,
1434 1415 1528 1484 qui
1556 1430 1586 1469 a
1614 1413 1823 1470 Jacobo
1855 1416 2028 1487 origi-

448 1519 570 1558 nem
601 1503 838 1558 ducunt.
880 1503 956 1558 Ex
993 1505 1082 1561 his
1122 1519 1289 1575 porro
1319 1507 1595 1577 assumpti
1623 1515 1756 1562 sunt
1782 1507 1880 1578 qui
1908 1523 2029 1563 cre-

448 1597 578 1650 dere
623 1596 940 1661 voluerunt,
991 1597 1193 1667 abjecti
1227 1612 1359 1652 vero
1410 1598 1708 1653 increduli.
1753 1598 2028 1654 Admonet

448 1704 576 1760 ergo
605 1689 898 1760 propheta,
930 1705 997 1744 ne
1034 1689 1301 1761 deinceps
1324 1691 1564 1747 lucernae
1587 1692 2026 1764 legisinsistant‘,

447 1781 542 1834 sed
595 1780 800 1834 lumine
850 1794 982 1834 vero
1031 1781 1246 1837 animas
1295 1782 1652 1837 collustrent.
1707 1782 1830 1837 Jam
1879 1784 2025 1838 enin

2130 845 2454 914 τελούντων,
2485 847 2659 912 ἀδεῶς
2674 849 2724 901 οί
2752 848 2992 920 κήρυκες
3014 848 3113 918 τῆς
3136 846 3395 918 ἀληθείας
3423 845 3710 912 διέσαινονζ

2129 938 2198 992 τὰ
2222 939 2467 1010 σωτήρια
2493 939 2991 1012 διαπορθμεύοντες
3016 938 3265 1009 δόγματα

2199 1037 2263 1086 ε’.
2304 1033 2415 1088 Kal
2444 1031 2564 1087 νῦν
2601 1034 2635 1086 ό
2680 1026 2845 1098 οἶκος
2880 1030 3110 1092 Ἰακὼϐ,
3135 1030 3329 1093 δεῦτε,
3365 1029 3461 1084 καί
3494 1042 3710 1099 πορευ-

2129 1123 2324 1193 θῶμεν
2348 1122 2419 1178 ἐν
2461 1121 2542 1189 τῷ
2569 1122 2716 1193 φωτί
2744 1122 2986 1190 Κυρίου.
3015 1119 3172 1174 Οὕτω
3191 1121 3258 1174 τά
3285 1120 3550 1192 εἰρημένα
3571 1137 3712 1190 προ-

2132 1214 2386 1269 θεσπίσαι
2415 1213 2731 1278 κελευσθεὶς
2768 1217 2796 1268 6
2858 1215 3163 1285 προφήτης,
3192 1213 3274 1284 τῷ
3302 1212 3416 1284 λαῷ
3455 1214 3712 1281 παραινεί

2129 1305 2208 1377 τῷ
2267 1305 2589 1376 καλουμένῳ
2633 1303 2850 1369 Ἰακὼϐ,
2887 1303 2948 1358 τὸ
2997 1304 3116 1373 φῶς
3163 1303 3264 1374 τῆς
3303 1301 3563 1374 ἀληθείας
3593 1302 3711 1355 εἰσ-

2129 1399 2408 1465 δέξασθαι.
2446 1395 2607 1454 Οἷκον
2636 1398 2692 1452 δὲ
2738 1398 2934 1452 Ἰακὼό
2962 1398 3088 1461 τοὺς
3106 1397 3167 1462 ἐξ
3208 1395 3402 1451 Ἰακὼῦ
3429 1395 3708 1466 ὀνομάζει.

2131 1493 2350 1546 Τούτων
2369 1492 2425 1545 δέ
2451 1493 2501 1546 οἱ
2535 1491 2634 1563 μὲν
2663 1491 2951 1545 πιστεῦσαι
2972 1490 3300 1561 θελήσαντες
3329 1488 3705 1560 προσελήφθη-

2133 1601 2254 1652 σαν,
2277 1585 2326 1637 οί
2353 1583 2410 1636 δέ
2442 1584 2844 1654 ἀπιστήσαντες
2897 1581 3364 1653 προσερρίφησαν.
3405 1578 3710 1652 Προτρέπει

2129 1678 2308 1732 τοίνυν
2335 1680 2364 1732 6
2395 1678 2682 1748 προφήτης
2716 1677 2914 1748 μηκέτι
2940 1675 3324 1748 προσεδρεύειν
3349 1673 3428 1745 τῷ
3451 1673 3712 1744 λυχνιαίῳ

2131 1769 2271 1838 φωτὶ
2301 1767 2396 1821 τοῦ
2427 1768 2614 1838 νόμου,
2655 1767 2790 1821 ἀλλά
2828 1766 2907 1837 τῷ
2934 1765 3175 1838 ἀληθινῷ
3211 1765 3310 1829 τὰς
3365 1765 3544 1836 ψυχὰς
3586 1780 3710 1818 κατε

449 1870 680 1940 pristina
731 1872 1075 1941 providentia
1125 1887 1237 1928 non
1285 1871 1544 1930 fruentur
1591 1875 1686 1946 qui
1739 1876 2023 1932 contradi-

2130 1859 2418 1930 αυγάζειν·
2474 1861 2659 1915 οὐκέτι
2715 1859 2828 1932 γὰρ
2855 1860 2954 1932 τῆς
2983 1860 3256 1931 προτέρας
3299 1858 3615 1929 ἐπιμελείας
3659 1858 3710 1912 οἱ

447 1966 599 2013 cunt.

519 2050 682 2106 Vsns.
716 2049 770 2105 6.
824 2049 965 2116 Quia
1011 2051 1212 2121 repleta
1238 2060 1339 2117 est,
1374 2062 1430 2106 ut
1461 2052 1526 2106 ab
1554 2054 1730 2121 initio,
1766 2056 1912 2127 regio
1937 2073 2026 2111 eo-

446 2159 562 2197 rum
592 2144 851 2213 auguriis,
893 2153 948 2196 ut
979 2159 1043 2197 ea
1081 2159 1199 2215 qua
1225 2144 1646 2214 alienigenarum
1691 2158 1808 2201 est:
1831 2157 1882 2202 et
1920 2149 2024 2218 ﬁlii

445 2233 602 2287 multi
633 2232 947 2303 alienigena:
977 2231 1112 2300 [acti
1148 2240 1273 2286 sunt
1303 2234 1401 2287 eis.
1431 2231 1692 2289 Ostendit
1745 2251 1866 2304 eos,
1897 2253 2025 2292 cum

446 2323 616 2377 vitam
663 2322 930 2378 ducerent
967 2338 1080 2378 non
1110 2323 1420 2378 secundum
1464 2325 1674 2395 legem,
1722 2325 1819 2382 sed
1849 2343 1876 2380 a
1909 2329 2027 2400 lege

443 2429 677 2485 prorsus
722 2414 997 2477 alienam,
1059 2413 1196 2484 legis
1257 2422 1444 2470 tamen
1503 2417 1723 2472 tuenda:
1775 2418 2024 2474 studium

445 2513 786 2572 ostentasse,
815 2511 869 2560 et
891 2503 1104 2560 Novum
1123 2503 1541 2560 Testamentum
1576 2524 1686 2562 non
1719 2510 2022 2579 recepisse;

445 2598 785 2669 exponitque
817 2595 1040 2651 illorum
1075 2594 1306 2667 flagitia,
1348 2599 1496 2668 quod
1526 2598 2023 2668 hariolationibus,

447 2700 508 2742 nt
547 2689 703 2750 olim,
735 2686 939 2744 referta
991 2687 1065 2742 sit
1105 2687 1329 2743 illorum
1360 2690 1534 2762 regio,
1568 2693 1714 2747 sicut
1752 2693 2022 2766 alienige-

446 2794 668 2845 narum,
718 2785 773 2833 et
819 2778 972 2849 quod
1018 2777 1114 2833 lilii
1171 2779 1495 2849 alienigenae
1553 2782 1668 2837 nati
1709 2784 1821 2839 sint
1877 2786 2027 2842 inter

445 2860 596 2942 ipsOs
640 2889 654 2926 :
707 2885 951 2941 quorum
988 2877 1288 2939 utrumque
1344 2873 1430 2926 lex
1483 2884 1673 2942 aperte
1715 2875 2022 2944 prohibuit,

447 2973 564 3018 tum
595 2960 926 3032 alienigenis
958 2961 1220 3027 misceri,
1263 2973 1319 3017 et
1351 2963 1708 3019 matrimonia
1750 2982 1877 3022 cum
1911 2969 2024 3027 illis

445 3054 731 3124 copulare,
753 3063 866 3107 tum
889 3052 1137 3108 sortibus
1166 3052 1448 3109 adhaerere
1473 3072 1488 3120 ;
1519 3064 1813 3130 utrumque
1839 3067 2024 3116 autem

445 3147 538 3202 isti
569 3145 903 3216 transgressi
934 3155 1086 3200 sunt.

517 3236 687 3293 Vens.
718 3237 771 3302 7,
801 3235 855 3292 8.
897 3237 1112 3306 Repleta
1133 3247 1212 3294 est
1243 3240 1380 3294 enim
1415 3240 1562 3310 regio
1578 3258 1760 3297 eorum
1803 3255 2024 3316 argento

444 3341 493 3385 et
521 3347 674 3386 auro.
720 3329 788 3384 Et
816 3329 1037 3399 impleta
1060 3341 1138 3386 est
1176 3345 1320 3385 terra
1361 3335 1531 3402 equis,
1556 3344 1605 3388 et
1642 3352 1744 3391 non
1785 3335 1888 3406 fuit
1925 3355 2027 3392 nu-

448 3439 620 3478 merus
661 3439 918 3477 curruum
957 3439 1161 3478 eorum.
1217 3423 1353 3478 Nam
1404 3426 1683 3484 conlidere
1736 3429 1791 3483 in
1841 3431 2023 3500 equis,

446 3525 540 3571 aut
595 3517 650 3570 in
703 3517 950 3586 potentia
1021 3515 1343 3572 divitiarqu
1378 3557 1393 3580 ,
1453 3518 1640 3573 divina
1699 3521 1785 3574 lex
1865 3523 2025 3594 187

445 3611 639 3664 vetuit.
684 3629 702 3660 ι
739 3606 857 3663 Non
907 3607 1080 3663 facies
1130 3609 1275 3663 enim
1303 3649 1318 3674 ,
1361 3611 1471 3677 ait,
1517 3611 1618 3665 tibi
1665 3626 1890 3678 currus,
1923 3631 2026 3670 nec

448 3701 846 3770 multiplicabis
878 3715 1052 3770 equos
1097 3697 1144 3753 τ.
1187 3720 1206 3752 ι
1252 3700 1466 3757 Idcirco
1501 3711 1686 3758 autem
1732 3705 1850 3761 haec
1893 3722 2024 3776 pro-

448 3790 648 3855 hibuit,
701 3798 762 3844 ut
811 3791 1053 3861 propriis
1080 3791 1296 3849 viribus
1332 3808 1443 3847 non
1487 3793 1694 3858 lidant,
1747 3798 1842 3852 sed
1883 3799 2026 3855 divi-

446 3899 576 3940 num
627 3883 895 3938 auxilium
945 3893 1296 3956 exspectent.
1357 3885 1450 3941 Sic
1499 3895 1554 3942 et
1601 3888 1794 3946 beatus
1852 3891 2024 3950 David

445 3976 690 4030 clamat:
741 3993 758 4025 σ
799 3972 917 4045 Non
954 3974 1284 4032 fortitudine
1317 3978 1446 4047 equi
1480 3978 1884 4049 delectabitur,
1921 4002 2024 4042 nec

446 4069 500 4122 in
528 4069 681 4124 tibiis
704 4067 814 4122 .viri
847 4067 1260 4138 beneplacitum
1301 4069 1410 4125 erit
1434 4071 1487 4125 ei
1530 4073 1575 4124 ⁸.
1612 4091 1628 4124 ι
1672 4071 1738 4127 Ει
1772 4091 1968 4133 rursus
2004 4097 2018 4134 :

450 4178 467 4208 ‹
515 4155 624 4212 Nec
672 4158 819 4213 enim
850 4157 1032 4229 gladio
1093 4173 1196 4215 suo
1250 4159 1623 4230 possederunt
1673 4171 1916 4232 terram,
1969 4176 2022 4224 et

445 4249 731 4305 brachium
770 4265 962 4306 eorum
994 4266 1104 4307 non
1138 4251 1372 4308 salvavit
1401 4267 1522 4320 eos,
1552 4255 1648 4312 sed
1677 4255 1900 4313 dextera
1927 4268 2021 4316 tua

442 4351 495 4396 ct
525 4342 816 4397 brachium
849 4352 1028 4408 tuum,
1061 4351 1116 4398 et
1148 4344 1487 4400 illuminatio
1516 4350 1702 4403 vultus
1740 4353 1843 4416 tui,
1883 4369 2023 4422 quo-

442 4435 588 4488 niam
629 4435 1017 4503 complacuisti
1061 4431 1254 4490 iu‘eis
1286 4437 1394 4490 ιι..)
1433 4436 1499 4491 Et
1538 4455 1733 4495 rursus
1768 4459 1782 4495 :
1825 4462 1842 4492 ι
1900 4444 2018 4496 Non

2129 1954 2501 2022 ἀντιλέγοντες
2536 1952 2956 2007 ἀπολαύσονται.

2200 2046 2275 2110 ς’.
2312 2046 2442 2099 Ὅτι
2497 2045 2850 2114 ἐνεπλήσθη
2905 2045 2984 2110 ὠς
3036 2044 3102 2098 τὸ
3122 2043 3223 2099 ἀπ’
3255 2043 3450 2113 ἀρχῆς
3481 2043 3520 2112 ή
3551 2042 3711 2112 χώρα

2127 2137 2327 2193 αὐτῶν
2347 2136 2793 2206 κληδονισμῶν,
2829 2138 2910 2202 ώς
2934 2137 2972 2202 ’ἡ
3017 2135 3136 2190 τῶν
3173 2136 3575 2205 ἀλλοφύλων
3610 2135 3709 2188 καί

2127 2227 2310 2282 τέκνα
2334 2229 2532 2282 πολλὰ
2559 2227 2884 2298 ἀλλόφυλα
2904 2226 3158 2298 ἐγενήθη
3185 2226 3390 2293 αὐτοῖς
3409 2227 3472 2280 ⁸³.
3493 2228 3710 2280 Δείκνυ-

2130 2335 2215 2372 σιν
2239 2319 2313 2381 ὡς
2342 2320 2443 2372 οὐκ
2468 2319 2728 2389 ἐννόμως,
2767 2319 2905 2374 ἀλλά
2931 2319 3028 2373 καὶ
3051 2318 3171 2372 λίαν
3197 2319 3530 2392 παρανόμως
3560 2318 3708 2372 πολι-

2128 2413 2432 2483 τευόμενοι,
2473 2413 2573 2484 τὴν
2603 2412 2742 2483 ὑπὲρ
2769 2411 2865 2465 τοῦ
2905 2413 3072 2484 νόμου
3121 2411 3282 2482 δῆθεν
3334 2411 3570 2482 σπουδὴν
3613 2414 3709 2465 ἐπ-

2128 2503 2456 2570 εδείκνυντο,
2492 2504 2586 2557 καὶ
2624 2504 2726 2574 τήν
2771 2503 2981 2575 Καινὴν
3009 2504 3108 2560 οὐκ
3133 2503 3373 2574 ἐδέχοντο
3413 2503 3708 2573 Διαθήκην.

2129 2598 2241 2650 Καὶ
2261 2597 2500 2652 διδάσκει
2532 2595 2601 2650 τά
2631 2596 2723 2649 ὑπ’
2761 2596 2940 2650 αὐτῶν
2973 2595 3299 2666 τολμώμενα
3327 2611 3342 2627 ο
3367 2595 3449 2648 ὅτι
3478 2595 3708 2666 ἐνεπλή-

2130 2687 2256 2758 σθη,
2285 2687 2361 2750 ὡς
2390 2685 2450 2739 τὸ
2483 2687 2577 2740 ἀπ’
2613 2687 2808 2758 ἀρχῆς,
2840 2686 3213 2759 κληδονισμῶν
3251 2690 3284 2758 ή
3325 2687 3476 2758 χώρα
3505 2686 3705 2753 αὐτῶν,

2128 2780 2204 2843 ὡς
2237 2781 2270 2850 ή
2300 2779 2408 2832 τῶν
2429 2779 2742 2848 ἀλλοφύλων
2763 2797 2778 2811 ’
2814 2781 2909 2834 καὶ
2937 2781 3104 2834 τέκνα
3139 2780 3411 2850 ἀλλόφυλα
3443 2780 3709 2852 ἐγεννήθη

2130 2873 2189 2925 ἐν
2216 2871 2396 2935 αὐτοῖς
2419 2889 2432 2902 ο
2473 2871 2510 2926 δι
2538 2870 2636 2924 καὶ
2673 2871 2960 2944 ἀμφότερα
2981 2874 3011 2925 6
3041 2872 3202 2943 νόμος
3227 2873 3471 2943 ἐναργῶς
3498 2873 3709 2944 ἀπηγό-

2134 2979 2313 3034 ρευσε,
2340 2965 2436 3016 καὶ
2464 2962 2526 3016 τὸ
2550 2961 2870 3032 ἀλλοφύλοις
2900 2963 3308 3033 ἐπιμίγνυσθαι,
3328 2963 3540 3028 καὶτὰς
3573 2963 3709 3034 πρὸς

2131 3059 2372 3121 ἐκείνους
2424 3056 2724 3127 ἐπιγαμίας
2767 3055 3058 3121 ποιεῖσθαι,
3098 3056 3192 3109 καὶ
3241 3056 3303 3109 τὸ
3357 3055 3576 3127 κληδόσι
3613 3073 3710 3109 κε-

2053 3177 2096 3234 C
2129 3149 2400 3222 χρῆσθαι·
2421 3149 2710 3222 ἀμφότερα
2737 3149 2793 3202 δέ
2815 3145 2960 3203 οὗτοι
2986 3149 3322 3218 παρέϐησαν.

2202 3243 2269 3309 ζ’,
2293 3243 2365 3313 η’.
2401 3241 2785 3310 Ἐνεπλήσθη
2814 3241 2921 3311 γὰρ
2946 3242 2984 3309 ἠ
3017 3239 3176 3310 χώρα
3196 3241 3394 3296 αὐτῶν
3423 3242 3711 3312 ἁργιφίου

2129 3334 2227 3386 καὶ
2257 3332 2536 3401 χρυσίου.
2572 3331 2682 3385 Kal
2712 3330 3062 3400 ἐνεπλήσθη
3084 3332 3129 3362 ⁷⁸
3159 3331 3197 3399 ἠ
3227 3330 3306 3401 τῆ
3356 3332 3576 3395 ἵππων,
3608 3333 3710 3387 καί

2127 3427 2238 3480 οὐκ
2269 3421 2348 3495 ἦν
2372 3422 2618 3493 ἀριθμός
2649 3421 2766 3476 τῶν
2796 3422 3071 3492 ἁρμάτων
3094 3422 3311 3477 αὐτῶν.
3345 3423 3455 3477 Καὶ
3477 3423 3586 3494 γὰρ
3616 3426 3710 3477 καὶ

2129 3518 2318 3580 ἵπποις
2340 3515 2585 3587 θαρρεῖν,
2610 3514 2704 3568 καὶ
2733 3517 2802 3584 τῇ
2859 3513 2953 3565 τοῦ
2978 3513 3211 3566 πλούτου
3237 3513 3461 3583 δυνάμει
3489 3515 3517 3566 ὁ
3565 3513 3714 3576 θεῖος

2127 3609 2478 3680 ἀπηγόρευσε
2507 3607 2690 3677 νόμος.
2723 3623 2742 3656 ι
2787 3607 2862 3659 Οὐ
2889 3607 3138 3676 ποιήσεις
3163 3605 3297 3679 γάρ,
3319 3607 3474 3676 φησι,
3499 3605 3712 3677 σεαυτῷ

2127 3702 2373 3772 ἅρματα,
2404 3700 2528 3754 οὐδὲ
2559 3699 2850 3770 πληθυνεϊς
2893 3699 3093 3762 ἵππους
3112 3715 3127 3729 ⁸
3161 3717 3180 3751 ι
3209 3698 3382 3752 ταῦτα
3418 3698 3474 3752 δὲ
3498 3699 3712 3768 ἀπηγό-

2130 3810 2344 3864 ρευσεν,
2372 3794 2459 3846 ἵνα
2494 3792 2569 3864 μὴ
2593 3795 2661 3864 τῇ
2725 3793 2902 3865 οἰκεία
2950 3793 3176 3862 δυνάμει
3237 3791 3536 3863 θαρρῶσιν,
3571 3791 3712 3846 ἀλλά

2125 3883 2225 3954 τήν
2250 3883 2401 3936 θείαν
2439 3883 2612 3954 ῥοπὴν
2667 3883 3033 3952 ἀναμένωσιν.
3075 3881 3232 3935 οὕτω
3260 3882 3356 3935 καὶ
3383 3882 3412 3934 ὁ
3439 3880 3711 3952 μακάριος

2126 3977 2292 4032 Δαὸὶδ
2325 3976 2444 4048 βοᾷ
2477 3995 2494 4026 ι
2522 3977 2636 4029 Οὐκ
2663 3977 2720 4030 ἐν
2740 3979 2806 4047 τῇ
2836 3976 3127 4046 δυναστείᾳ
3151 3974 3246 4028 τοῦ
3273 3975 3442 4028 ἵππου
3467 3973 3711 4045 θελήσει,

2125 4071 2244 4126 οὐδὲ
2268 4073 2327 4124 ἐν
2347 4071 2465 4132 ταῖς
2499 4070 2738 4140 κνήμαις
2767 4067 2860 4122 τοῦ
2891 4068 3083 4139 ἀνδρὸς
3119 4067 3399 4139 εὐδοκήσει
3436 4067 3501 4120 ⁷³.
3542 4085 3560 4119 ο
3596 4067 3717 4121 Καὶ

2125 4158 2320 4212 πάλιν·
2359 4177 2378 4211 ι
2416 4159 2491 4213 Οὐ
2524 4161 2629 4230 γὰρ
2671 4160 2732 4212 ἐν
2760 4162 2826 4230 τῇ
2855 4159 3099 4230 ῥομφαίᾳ
3132 4157 3312 4212 αὐτῶν
3338 4159 3714 4230 ἐκληρονόμη-

2126 4271 2228 4307 σαν
2257 4253 2362 4322 γῆν
2381 4268 2394 4282 ’
2426 4252 2522 4306 καὶ
2551 4254 2578 4306 6
2601 4251 2841 4322 βραχίων
2874 4250 3054 4305 αὐτῶν
3106 4251 3204 4305 οὐκ
3241 4252 3444 4305 ἔσωσεν
3478 4251 3676 4315 αὐτούς
3695 4269 3711 4282 ·

2125 4345 2240 4397 ἀλλ’
2264 4346 2297 4415 ἡ
2325 4343 2474 4408 δεξιά
2497 4343 2542 4375 τ’
2565 4360 2658 4396 σου
2687 4343 2783 4396 καλ⁷
2808 4345 2836 4396 ὁ
2866 4342 3106 4414 βραχίων
3131 4359 3247 4403 σου,
3267 4343 3358 4395 καὶ
3381 4345 3408 4395 6
3429 4343 3715 4411 φωτισμδς

2124 4435 2218 4488 τοῦ
2252 4434 2543 4506 προσώπου
2580 4452 2697 4499 σου,
2746 4435 2826 4488 ὅτι
2878 4434 3186 4504 ηὑδόκησας
3217 4434 3275 4486 ἐν
3319 4434 3519 4496 αὐτοῖς.
3553 4453 3570 4486 ι
3598 4435 3714 4488 Καὶ

441 4526 587 4580 enim
631 4527 684 4580 in
716 4541 848 4581 arcu
890 4529 1317 4596 meo'sperabo,
1360 4537 1414 4584 et
1453 4530 1672 4599 gladius
1706 4548 1864 4587 meus
1901 4548 2011 4588 non

2129 4521 2304 4588 αὖθις·
2337 4543 2355 4576 ι
2386 4526 2461 4578 Οὐ
2489 4527 2598 4596 γάρ
2621 4527 2714 4580 ἐπὶ
2738 4525 2817 4597 τῷ
2849 4527 2990 4597 τόξῳ
3023 4543 3125 4597 μου
3155 4526 3350 4592 ἐλπιῶ,
3383 4527 3477 4580 καὶ
3508 4529 3541 4596 ἡ
3571 4527 3714 4596 ῥομ-

441 4616 677 4671 salvabit
709 4633 796 4673 me
825 4619 1006 4696 its—ft
1030 4619 1096 4672 Et
1125 4619 1496 4677 adoraverunt
1527 4637 1590 4676 ea
1616 4639 1740 4692 qua:
1767 4623 2019 4679 fecerunt

442 4705 603 4776 digiti
633 4721 851 4762 eorum.
892 4725 911 4759 ι
946 4706 1225 4765 Insaniam
1257 4713 1476 4768 illorum
1511 4714 1757 4783 impense
1793 4717 2012 4782 irridet,

441 4812 683 4869 arguens
718 4799 1076 4872 impietatem.
1106 4800 1240 4869 Quae
1267 4804 1415 4858 enim
1451 4806 1706 4862 manibus
1720 4805 2021 4878 digitisque

442 4889 560 4947 suis
588 4891 971 4962 elaborabant,
1003 4895 1238 4950 deorum
1277 4896 1367 4950 his
1393 4911 1594 4952 nomen
1638 4897 2018 4968 imponebant,

439 4992 493 5036 et
523 4981 769 5039 divinum
799 4986 880 5042 eis
919 4987 1129 5043 cultum
1165 4987 1514 5044 deferebant.

512 5155 674 5211 Vens.
705 5158 760 5211 9.
796 5157 861 5212 Et
894 5161 1172 5228 procubuit
1204 5163 1381 5229 horno,
1401 5171 1450 5216 et
1478 5163 1792 5218 humiliatus
1817 5173 1894 5218 est
1914 5167 2010 5220 vir.

520 5357 537 5395 ί
573 5354 730 5411 Deut.
760 5373 890 5422 ιιι-ιι,
931 5357 1021 5411 16.
1101 5361 1126 5398 ⁸
1163 5360 1304 5412 Psal.
1338 5375 1522 5425 chvt,
1559 5361 1646 5416 lt).
1727 5364 1751 5402 ιι
1782 5362 1928 5419 Psal.
1970 5380 2126 5432 XLIII,
2167 5366 2223 5419 4.

2135 4620 2274 4688 φαία
2324 4637 2426 4690 μου
2453 4620 2513 4672 οὐ
2547 4619 2711 4672 σώσει
2752 4637 2839 4690 με.
2877 4639 3000 4671 ι-ι
3033 4621 3143 4672 Kal
3179 4618 3597 4690 προσεκύνησαν
3625 4611 3712 4680 οἷς

2119 4709 2382 4780 ἐποίησαν
2418 4710 2466 4761 οἱ
2494 4709 2744 4763 δάκτυλοι
2792 4708 2992 4765 αὐτῶν.
3028 4728 3044 4759 ι
3066 4706 3456 4778 Ἀποχρώντως
3483 4722 3714 4776 τοιγαρ-

2126 4800 2220 4852 οῦν
2277 4799 2456 4853 αὐτῶν
2506 4801 2604 4870 τὴν
2639 4800 2826 4854 ἄνοιαν
2874 4800 3229 4873 ἐκωμῴδησε,
3295 4800 3395 4871 τῆς
3447 4798 3708 4862 ἀσεϐείας

2119 4890 2462 4962 κατηγορῶν.
2497 4892 2564 4945 "A
2585 4892 2695 4964 γὰρ
2735 4894 2856 4955 ταῖς
2897 4892 3054 4962 χερσὶ
3106 4892 3200 4945 καὶ
3254 4895 3368 4953 τοῖς
3420 4889 3708 4954 δακτύλοις

2120 4981 2462 5053 εἰργάζοντο,
2526 4984 2700 5036 ταῦτα
2750 4982 2907 5046 θεοὺς
2941 4981 3316 5054 ἐπωνόμαζον.
3350 4983 3445 5036 καὶ
3466 4982 3526 5036 τὸ
3560 4981 3711 5034 θεῖον

2126 5071 2311 5136 αὐτοῖς
2341 5072 2682 5144 προσέφερον
2719 5073 2907 5136 σέϐας.

2112 5218 2114 5220 ,
2193 5165 2225 5219 θ
2245 5205 2259 5220 .
2287 5166 2395 5222 Kal
2423 5167 2656 5236 ἔκυψεν
2677 5168 3006 5235 ἅνθρωπος,
3027 5167 3126 5221 καὶ
3141 5167 3506 5235 ἐταπεινώθη
3525 5165 3706 5233 ἀνὴρ.

2305 5378 2322 5405 ‘
2363 5366 2495 5421 ibid.
2530 5365 2582 5422 7.

1745 5537 1978 5593 VARI/Ii
2020 5537 2427 5598 LECTIONES.

494 5651 696 5730 έῗίθτι,
715 5654 1163 5730 "ETW-“@9103;
1202 5655 1364 5730 Hebr.
1401 5655 1746 5730 quiarepleti
1785 5669 1915 5714 sunt

1987 5663 2344 5751 (idololatria)

2389 5664 2455 5717 ab
2512 5666 2759 5732 antiquo,
2809 5674 2863 5717 et
2922 5667 3214 5734 praestigiis
3269 5672 3503 5720 utuntur
3552 5665 3697 5720 sicut

441 5717 721 5804 l’tiilist‘aai,
757 5734 810 5777 et
828 5717 910 5777 'de
937 5725 1062 5778 llliis
1092 5717 1282 5781 alienis
1314 5717 1651 5799 applauditth
1682 5730 1812 5784 sibi.
1874 5731 1920 5762 ⁷⁸
1950 5717 2201 5803 Kal—ap
2254 5717 2474 5786 οὔτῶν.
2517 5717 2814 5804 Haec‘aphd
2841 5717 3232 5807 ιχτχὶείίιῗίιιέι
3261 5717 3424 5791 uelli;
3457 5717 3523 5790 ad
3549 5717 3692 5791 vers.

449 5793 471 5841 Ι
500 5801 792 5856 pertinent.
871 5795 912 5825 7‘
947 5795 1144 5856 Supra,
1177 5807 1214 5853 t.
1253 5800 1292 5856 Ι,
1329 5815 1378 5856 τ).
1420 5799 1577 5856 15η.
1610 5800 1838 5854 εὐδοκεῖ.
1916 5803 1959 5832 ⁷²
1984 5802 2152 5856 δεξιά.
2187 5751 2372 5856 Palilia
2399 5806 2548 5856 nrior
2579 5805 2812 5856 habebat
2850 5805 2986 5856 δόξα,

442 5789 471 5841 7
500 5791 792 5857 pertinent.
871 5795 912 5825 7‘
947 5795 1144 5867 Supra,
1177 5807 1214 5853 t.
1253 5800 1292 5863 I,
1325 5789 1577 5868 [tl-1572,
1610 5800 1838 5854 εὐδοκεῖ.
1916 5803 1959 5832 ⁷²
1984 5802 2152 5869 δεξιά.

2233 5805 2372 5858 ditio
2397 5806 2548 5874 prior
2579 5805 2812 5859 habebat
2850 5805 2986 5867 δόξα,
