4076 6412
578 337 678 401 an

1601 335 2085 399 THEODORETI
2119 335 2460 395 EPISCOPI
2499 336 2867 398 CYRE‘NSIS‘

3724 331 3838 397 248

580 460 899 512 enauimus,
924 450 1261 518 generaliter
1293 447 1623 504 sententiam
1670 445 1921 515 protulit.
1953 442 2148 498 Omnis

2254 459 2426 510 Αεγων
2448 441 2675 497 καθόλου
2718 444 2816 515 τὴν
2842 443 3021 515 ψῆφον
3055 441 3332 514 ἐξήνεγκε.
3360 444 3475 507 Πᾶς
3507 444 3635 516 γὰρ,
3671 449 3832 517 φησι,

580 543 749 601 enim,
805 539 904 600 ait,
954 540 1045 608 qui
1083 541 1345 595 Scelerate
1379 537 1594 602 vixerit,
1644 551 1890 607 congrua
1927 536 2153 591 malitia:

583 630 804 700 praemia
839 628 1054 684 referet.

653 718 814 775 Vens.
844 720 927 774 12.
961 719 1161 788 Popnte
1180 721 1270 785 mi,
1289 728 1563 776 exactores
1587 719 1748 775 uestri
1769 719 2001 788 spoliant
2039 734 2156 782 uos,

579 821 629 864 et
668 814 930 881 exigentes
960 812 1380 866 dominabuntur
1415 812 1578 867 vobis.
1615 810 1944 867 Sacerdotes
1971 819 2028 864 et
2053 811 2156 864 do-

579 909 763 957 ctores
791 900 924 954 mihi
962 901 1066 954 hoc
1095 901 1215 956 loco
1249 900 1658 970 reprehendere
1689 899 1941 964 videtur,
1972 908 2026 954 et
2055 913 2155 968 po-

580 995 765 1062 pulum
805 991 1025 1060 docere,
1055 993 1203 1064 quod
1249 1009 1359 1048 non
1396 993 1466 1048 ob
1504 1007 1695 1048 curam
1731 993 2039 1046 animarum
2069 989 2156 1044 di-

575 1084 716 1137 vinae
777 1081 1154 1152 praedicationi
1202 1082 1490 1138 attendere
1542 1083 1695 1152 ipsos
1733 1081 1996 1151 jubeant,
2060 1079 2154 1135 sed

574 1182 803 1243 propter
834 1175 1029 1229 solitas
1076 1174 1211 1245 ipsis
1246 1174 1430 1230 oﬂ‘erri
1479 1173 1634 1244 193
1672 1172 1944 1243 primitias
1977 1178 2032 1226 et
2062 1170 2157 1226 de-

575 1265 774 1332 cimas,
827 1281 968 1335 quas
1027 1267 1414 1322 necessitatem
1463 1267 1544 1322 eis
1585 1267 1929 1336 imponentes
1977 1263 2157 1335 exige-

575 1358 729 1412 bant.
772 1357 837 1412 Et
871 1358 992 1413 vide
1031 1359 1330 1428 quomodo,
1371 1374 1498 1413 cum
1547 1367 1659 1413 tam
1711 1358 1899 1430 gravia
1953 1356 2156 1413 Judazis

575 1450 819 1506 minatus
877 1460 1024 1507 esset
1082 1450 1257 1517 Deus,
1303 1465 1460 1505 suam
1515 1464 1713 1505 rursus
1760 1449 2155 1520 benignitatem

576 1541 894 1606 ostendens,
942 1542 1204 1597 familiari
1254 1558 1352 1599 eos
1389 1541 1613 1597 nomine
1646 1541 1900 1613 appellet,
1924 1542 2150 1598 dicens:

581 1648 603 1684 ι
633 1629 844 1703 Popule
879 1634 972 1698 lui,
1001 1634 1196 1704 popule
1226 1633 1319 1699 mi,
1352 1632 1444 1704 qui
1469 1633 1660 1689 beatos
1690 1647 1788 1690 vos
1815 1633 2030 1699 dicunt,
2061 1632 2157 1688 ἀοι

577 1723 791 1793 cipiunt
841 1740 960 1780 vos.
1002 1745 1021 1777 ι
1073 1725 1231 1795 Legis
1274 1726 1419 1780 enim
1477 1725 1850 1781 observationi
1894 1725 2154 1783 insistere

576 1815 903 1881 suadentes,
927 1825 983 1873 et
1022 1817 1115 1887 qui
1150 1817 1254 1872 hoc
1282 1818 1529 1876 facerent
1560 1818 1749 1874 beatos
1777 1818 2152 1889 appellantes,

576 1905 644 1960 ad
692 1908 994 1964 salutarem
1037 1909 1490 1980 prmdicationem
1541 1909 1808 1966 accedere
1851 1925 1962 1965 non
2006 1910 2157 1965 sine-

575 1996 728 2053 bant.
753 1999 932 2070 Atque
949 2001 1004 2055 in
1030 2001 1354 2057 universum
1380 2003 1501 2058 laus
1531 2001 1911 2072 intempestive
1939 2003 2154 2070 prolata

575 2089 840 2145 damnum
872 2092 1030 2146 affert
1062 2093 1131 2148 iis
1171 2093 1264 2164 qui
1321 2093 1668 2149 admiserint.
1722 2092 2156 2152 Laudationibus

572 2179 722 2234 enim
774 2181 1135 2248 conﬁdentes,
1173 2191 1226 2238 et
1259 2184 1522 2254 praeclare
1565 2200 1626 2240 se
1675 2186 1860 2240 omnia
1913 2187 2156 2257 gessisse

575 2273 932 2340 arbitrantes,
968 2289 1076 2329 non
1103 2277 1220 2347 pari
1247 2275 1435 2332 studio
1455 2277 1676 2333 virtutis
1711 2277 1948 2332 stadium
1978 2278 2153 2332 conii-

571 2364 747 2418 ciunt.

644 2453 810 2511 Vnus.
846 2456 931 2511 i3.
959 2456 1062 2512 Sed
1085 2475 1222 2514 nunc
1245 2460 1408 2514 stabit
1432 2461 1486 2514 in
1506 2461 1715 2530 judicio
1743 2460 2021 2517 Dominus.
2059 2460 2154 2518 De-

574 2545 747 2600 clarat
781 2547 866 2604 his
902 2551 1088 2606 verbis
1111 2590 1126 2616 ,
1171 2553 1398 2624 quinam
1443 2555 1557 2609 sint
1588 2565 1912 2620 exactores,
1945 2563 1999 2611 et
2028 2558 2153 2625 qui-

569 2653 725 2704 nam,
757 2640 851 2710 qui
884 2641 1077 2698 beatos
1117 2643 1456 2713 praedicant;
1501 2646 1687 2716 aitque
1740 2646 1986 2716 judicem
2030 2662 2154 2703 esse

573 2729 865 2786 Dominum
887 2735 1296 2804 universorum,
1330 2738 1424 2806 qui
1458 2752 1651 2807 poenas
1677 2738 2153 2809 praevaricationis

572 2817 628 2871 in
664 2820 926 2890 populum
969 2823 1042 2878 ab
1065 2823 1134 2878 iis
1164 2825 1502 2894 repetiturus
1530 2827 1624 2893 sit,
1655 2827 1862 2897 quibus
1888 2829 2154 2884 commis—

572 2924 693 2964 sum
743 2920 864 2966 erat
903 2913 1220 2984 imperium,
1263 2927 1317 2972 et
1357 2917 1560 2986 quibus
1597 2918 1987 2975 demandatum
2031 2927 2152 2976 erat

570 3000 837 3058 doctrina:
861 3005 1250 3062 ministerium.
1276 3005 1432 3073 Quod
1458 3007 1685 3064 divinus
1709 3009 1874 3065 etiam
1894 3008 2150 3066 Ezechiel

2262 534 2497 605 πονηρίᾳ
2529 534 2828 606 χρώμενος,
2859 534 3248 606 κατάλληλατὰ
3278 535 3530 607 ἐπίχειρα
3547 537 3833 608 δρέπεται.

2331 734 2578 804 ιβ⁸.Λαός
2595 755 2736 806 μου,
2766 739 2825 792 οι
2844 737 3170 806 πράκτορες
3197 735 3365 806 ὑμῶν
3382 735 3428 769 ’³
3449 735 3834 806 παλαμῶν-ται

2257 822 2432 890 ὑμᾶς,
2461 825 2617 879 xai“
2636 829 2689 879 οἱ
2706 826 3100 893 ἀπαιτοῦντες
3119 826 3550 894 κυριεύσουσιν
3576 824 3742 895 ὑμῶν
3755 827 3830 879 ⁸³.

2269 913 2534 970 Ἐνταῦθα
2577 917 2726 971 δοκεῖ
2757 935 2846 989 μοι
2893 920 3217 990 κατηγορεῖν
3243 918 3344 986 μέν
3383 917 3493 972 τῶν
3521 918 3710 988 ἱερέων
3735 918 3835 972 καὶ

2255 1007 2612 1075 διδασκάλων,
2659 1010 2750 1064 τὸν
2778 1011 2834 1064 δέ
2871 1009 2998 1066 λαὸν
3045 1011 3338 1078 διδάσκειν,
3381 1009 3458 1074 ὼς
3494 1010 3555 1064 ού
3597 1009 3684 1063 διὰ
3727 1011 3834 1080 τὴν

2255 1097 2366 1152 τῶν
2412 1099 2603 1170 ψυχῶν
2634 1102 2952 1172 ἐπιμέλειαν
3012 1103 3398 1174 ἐπιτρέπουσιν
3433 1102 3628 1165 αὐτοὺς
3659 1119 3835 1172 προσ-

2256 1189 2404 1262 έχειν
2432 1191 2510 1262 τῷ
2539 1192 2668 1264 θείῳ
2696 1195 3032 1266 κηρύγματι,
3061 1195 3197 1249 ἀλλὰ
3214 1194 3302 1248 διὰ
3325 1194 3423 1258 τὰς
3451 1195 3837 1265 προσφερομέ-

2257 1300 2355 1347 νας
2380 1284 2564 1348 αὐτοῖς
2595 1286 2851 1358 ἀπαρχὰς
2875 1287 2970 1340 καὶ
2998 1287 3249 1350 δεκάτας,
3277 1286 3344 1351 ἃς
3377 1286 3622 1357 ἀνάγκην
3649 1288 3834 1340 ἐπιτι-

2258 1374 2439 1442 θέντες
2463 1377 2834 1450 εἰσέπραττον.
2863 1379 2974 1434 Καὶ
3003 1381 3106 1452 ὅρα
3141 1380 3258 1444 πῶς
3282 1379 3520 1434 τοσαῦτα
3548 1381 3658 1444 τοῖς
3692 1381 3834 1433 ἰου-

2256 1465 2428 1532 δαίοις
2474 1467 2774 1540 ἀπειλήσας
2816 1471 2846 1524 6
2889 1467 3022 1534 Θεὸς
3061 1469 3242 1534 δεινά,
3281 1468 3380 1540 τὴν
3417 1469 3624 1522 οἰκείαν
3665 1467 3836 1521 πάλιν

2255 1559 2568 1632 άγαθότητα
2595 1561 2842 1628 δεικνὺς,
2882 1561 2960 1633 τῷ
2984 1562 3084 1630 τῆς
3111 1561 3439 1634 οἰκειότητος
3479 1560 3674 1623 αὐτοὺς
3713 1559 3838 1613 ὀνόσ-

2260 1668 2390 1721 ματι
2419 1651 2594 1716 καλεῖ,
2621 1651 2748 1716 λαός
2782 1669 2906 1722 μου,
2935 1651 3106 1706 εἰπών
3125 1669 3140 1684 ο
3173 1671 3191 1704 ι
3218 1651 3360 1714 Λαός
3392 1667 3515 1722 μου,
3546 1651 3596 1702 οἱ
3652 1664 3836 1718 μακα-

2183 1775 2229 1832 B
2263 1740 2506 1813 ρίζοντες
2525 1742 2669 1812 ὑμᾶς
2689 1742 2964 1798 πλανῶσιν
2985 1743 3126 1813 ὑμᾶς
3149 1742 3216 1797 ³⁸.
3248 1761 3267 1794 ›
3301 1742 3380 1813 Τῇ
3401 1740 3511 1812 γὰρ
3543 1738 3636 1793 τοῦ
3659 1738 3834 1832 νόμου

2262 1835 2475 1907 φυλακῇ
2523 1836 2922 1908 παραινοῦντες
2972 1835 3322 1907 προσμένειν,
3361 1833 3455 1889 καὶ
3499 1833 3624 1896 τοὺς
3670 1831 3837 1884 τοῦτο

2258 1925 2550 1990 ποιοῦντας
2585 1927 2887 1997 μακαρίους
2935 1924 3246 1988 καλοῦντες,
3272 1924 3374 1978 οὐκ
3409 1921 3536 1976 είων
3565 1920 3838 1992 προστρέο

2257 2037 2373 2091 χειν
2403 2019 2478 2090 τῷ
2504 2020 2758 2092 σωτηρίῳ
2792 2019 3107 2091 κηρύγματι
3127 2035 3142 2049 ⁸
3163 2019 3257 2073 καὶ
3280 2017 3508 2072 καθόλου
3533 2016 3590 2071 δὲ
3617 2016 3645 2068 6
3669 2014 3834 2070 ἐπαι-

2257 2126 2345 2172 νος
2377 2110 2476 2162 οὐκ
2513 2111 2594 2173 είς
2624 2110 2814 2180 καιρὸν
2856 2110 3145 2180 γενόμενος
3177 2106 3382 2179 βλάϐην
3428 2105 3679 2174 ἐπιφέρει
3713 2105 3833 2166 τοῖς

2255 2201 2589 2273 δεχομένοιςο
2620 2204 2743 2265 ταῖς
2771 2203 2880 2274 γὰρ
2911 2202 3207 2272 εὐφημίαις
3252 2198 3604 2271 θαρροῦντες,
3644 2195 3736 2250 καὶ
3765 2194 3834 2247 τὸ

2257 2295 2364 2347 πᾶν
2391 2293 2813 2366 κατωρθωκέναι
2839 2293 3169 2364 νομίζοντες,
3197 2295 3297 2362 οὐχ
3318 2290 3516 2363 ὁμοίως
3545 2289 3624 2351 είς
3644 2287 3703 2340 τὸ
3727 2285 3833 2355 τῆς

2255 2385 2459 2457 ἀρετῆς
2489 2387 2746 2457 τρέχουσι
2772 2385 3004 2440 στάδιον.

2327 2485 2415 2546 ιγ’.
2475 2478 2659 2534 Ἀλλὰ
2698 2477 2816 2533 νῦν
2865 2475 3306 2543 καταστήσεται
3337 2476 3426 2541 είς
3453 2474 3656 2541 κρίσιν
3706 2469 3833 2525 Kri-

2247 2588 2399 2640 ριος.
2437 2571 2688 2625 Δείκνυσι
2735 2571 2824 2625 διά
2850 2571 3056 2625 τούτων
3080 2569 3224 2633 τίνες
3271 2570 3320 2622 οἱ
3367 2567 3695 2639 πράκτορες,
3733 2564 3834 2617 καὶ

2254 2663 2396 2725 τίνες
2421 2663 2470 2715 οἱ
2499 2660 2893 2732 μακαρίζοντες
2911 2679 2926 2693 ο
2957 2660 3050 2715 καί
3079 2675 3240 2731 φησιν
3259 2661 3342 2712 ὅτι
3364 2657 3557 2728 κριτής
3582 2659 3698 2710 ἐστι
3717 2655 3833 2708 τῶν

2253 2753 2393 2807 ὅλων
2419 2755 2447 2806 6
2481 2753 2704 2822 Κύριος,
2749 2752 2843 2805 καλ⁵
2890 2752 3046 2814 δίκας
3095 2749 3445 2822 εἰσπράξεται
3473 2748 3599 2810 τοὺς
3638 2745 3833 2816 ἄρχειν

2253 2845 2744 2914 πεπιστευμένους,
2777 2844 2874 2897 καὶ
2910 2843 3012 2914 τῆς
3037 2841 3383 2904 διδασκαλίας
3417 2838 3516 2911 τὴν
3556 2838 3832 2892 διακονίαν

2254 2936 2800 3009 ἐγκεχειρισμένους,
2861 2936 2961 3006 τῆς
3008 2937 3088 2998 είς
3139 2934 3230 2987 τὸν
3273 2933 3402 2986 λαὸν
3459 2929 3828 3002 παρανομίας.

2252 3026 2422 3080 Τοῦτο
2442 3026 2536 3080 καὶ
2556 3025 2646 3079 διὰ
2662 3024 2756 3079 τοῦ
2779 3025 3067 3078 θεσπεσίου
3084 3022 3340 3093 ’Ῑεζεκιὴλ
3359 3021 3614 3086 ἐδίδαξε-ι
3641 3019 3838 3091 Κρινῶ

570 3091 798 3149 docuit:
847 3115 864 3147 ι
910 3096 1212 3163 J-udicabo,
1278 3100 1491 3170 inquit,
1556 3099 1701 3178 inter
1762 3109 2043 3172 pastorem
2095 3113 2148 3159 et

2256 3120 2383 3191 γὰρ,
2421 3121 2606 3189 φησιν,
2640 3118 2744 3174 ἀνὰ
2773 3117 2936 3188 μέσον
2965 3117 3219 3188 ποιμένος
3252 3091 3344 3169 καὶ
3360 3114 3664 3185 προϐάτου.
3694 3132 3712 3165 ι

569 3198 727 3240 ονθηι
765 3196 813 3240 ⁸³.
849 3205 868 3240 ι

641 3274 806 3332 Vens.
848 3279 934 3332 M.
981 3278 1082 3335 Vos
1131 3292 1334 3345 autem,
1369 3299 1532 3352 quare
1579 3282 1888 3340 incendisti:
1949 3285 2153 3341 vineam

569 3370 780 3423 meum?
813 3368 938 3426 Haec
969 3372 1102 3426 dicit
1133 3374 1502 3445 principibus,
1544 3376 1861 3432 incendium
1897 3377 1999 3432 hoc
2029 3378 2152 3434 loco

568 3474 778 3516 vocans
810 3462 985 3543 zelum
1014 3503 1030 3529 ,
1065 3465 1163 3544 qui
1210 3480 1322 3520 non
1369 3475 1456 3523 est
1494 3467 1800 3523 secundum
1834 3468 2147 3525 scientiam.

578 3569 598 3601 ι
627 3549 1030 3608 Testimonium
1063 3557 1229 3622 enim,
1271 3576 1288 3608 ι
1315 3559 1495 3628 inquit
1525 3559 1748 3616 divinus
1776 3561 2099 3631 Apostolus,
2126 3581 2145 3614 ι

573 3641 836 3712 perbibeo
866 3644 995 3708 illis,
1018 3645 1164 3715 quod
1199 3649 1606 3706 aemulationem
1643 3651 1735 3707 Dei
1764 3654 2020 3719 habeant,
2053 3654 2152 3710 sed

571 3747 682 3786 ιιοη
705 3734 1020 3804 secundum
1052 3738 1344 3794 scientiam
1376 3749 1416 3795 °.
1459 3761 1478 3794 ι
1521 3740 1897 3800 Hoc‘incensi
1943 3747 2152 3801 clama-

569 3823 739 3880 bant:
779 3843 798 3877 ι
838 3824 1008 3894 Tolle,
1048 3831 1199 3898 tolle,
1233 3834 1497 3906 crucifige
1528 3851 1652 3890 eum
1680 3847 1728 3890 P.
1769 3856 1788 3888 ι
1816 3838 1939 3895 Haec
1964 3847 2146 3896 autem

570 3914 695 3972 illos
724 3916 1031 3974 docuerant
1064 3921 1214 3991 impii
1243 3923 1541 3994 principes,
1572 3927 1776 3981 summi
1810 3930 2146 3994 sacerdotes,

571 4013 626 4059 et
673 4004 956 4071 Pharisaei,
1002 4017 1058 4063 et
1098 4009 1326 4078 Scribae,
1365 4027 1475 4066 non
1506 4014 1723 4070 sincere
1764 4015 1924 4088 194
1950 4031 2148 4072 secun-

569 4096 699 4150 dum
737 4093 918 4169 legem
944 4100 1112 4155 vitam
1145 4103 1516 4172 instituentes,
1562 4105 1657 4162 sed
1695 4123 1761 4162 ex
1790 4123 1855 4162 ea
1899 4109 2152 4164 occasio-

567 4204 692 4246 nem
725 4190 1060 4261 injuslarum
1093 4210 1257 4264 epum
1285 4205 1593 4268 captantes.

639 4281 799 4339 Vens.
827 4285 914 4341 16.
952 4284 1024 4339 Ει
1068 4288 1473 4344 ambulaverunt
1522 4291 1658 4345 collo
1705 4294 1933 4361 excelso,
1968 4304 2020 4352 et
2050 4312 2148 4350 nu-

565 4372 703 4428 tibus
728 4377 1025 4442 oculorum,
1065 4389 1116 4432 et
1152 4381 1363 4435 incessu
1401 4382 1614 4450 pedum.
1643 4383 1748 4439 Per
1781 4385 1987 4440 collum
2018 4387 2146 4458 qui-

564 4463 686 4518 dem
724 4469 1036 4536 superbiam
1063 4471 1278 4526 illarum
1314 4473 1582 4527 indicavit
1617 4492 1631 4528 :
1668 4491 1766 4544 per
1802 4478 1995 4534 oculos
2021 4494 2147 4534 vero

525 4582 533 4592 ι
564 4561 620 4609 et
648 4555 838 4624 pedes,
873 4558 1330 4631 intemperantem
1353 4579 1543 4620 earum
1573 4567 1838 4624 animum.
1862 4569 2146 4641 Praecipue

565 4652 751 4701 autem
809 4647 1016 4722 [17σῖὃῖ
1077 4653 1364 4722 opulentas
1425 4655 1712 4713 insimulat
1769 4675 1784 4714 :
1843 4661 1942 4717 bas
1995 4664 2143 4718 enim

565 4736 844 4808 principes
879 4749 1062 4806 vocat,
1107 4728 1452 4816 minaturque
1491 4748 1600 4802 illis
1628 4752 1936 4821 sumptuosi
1961 4753 2146 4811 cultus

563 4826 718 4883 adem
729 4830 993 4899 ptionem.
1014 4834 1208 4903 Aquila
1233 4851 1332 4906 pro
1349 4839 1612 4908 cosymbis
1637 4841 1955 4913 τελαμῶνας
1983 4844 2143 4910 dixit,

563 4925 620 4973 et
657 4919 824 4976 vittas
861 4923 1137 5002 intelligit.
1188 4927 1554 4999 Symmachus
1601 4947 1701 5002 pro
1738 4932 1938 4988 lanulis
1979 4936 2146 4992 habet

569 5015 860 5082 μανιάκας,
899 5017 1005 5075 hoc
1034 4999 1139 5085 est,
1174 5029 1404 5092 torques
1429 5031 1485 5080 et
1513 4999 1784 5085 armillas.

2326 3299 2408 3356 ιδ’.
2455 3297 2651 3369 Ὑμεῖς
2672 3297 2742 3352 δὲ
2765 3299 2821 3352 τι
2845 3298 2890 3332 ⁸⁷
2924 3295 3319 3365 ἐνεπιφίσατε
3358 3293 3468 3349 τὸν
3503 3290 3840 3363 ἀμπελῶνά

2246 3407 2401 3462 you;
2432 3389 2620 3445 Ταῦτα
2646 3391 2762 3453 τοῖς
2793 3389 3018 3460 ἄρχουσι
3055 3387 3232 3456 λέγει·
3263 3384 3610 3456 ἐμπυρισμὸν
3635 3382 3691 3435 δὲ
3721 3399 3833 3434 κα-

2252 3487 2335 3539 λεί
2355 3483 2590 3540 ἐνταῦθα
2618 3482 2716 3537 καὶ
2738 3481 2829 3535 τὸν
2854 3482 2912 3535 οὐ
2937 3482 3056 3535 κατ’
3077 3479 3369 3547 ἐπίγνωσιν
3396 3475 3576 3542 ζῆλον.
3610 3491 3628 3524 ι
3669 3474 3834 3544 Μαρ-

2254 3577 2403 3648 τυρῶ
2431 3576 2540 3647 γὰρ
2569 3575 2773 3639 αὐτοῖς,
2795 3592 2814 3625 ι
2852 3572 3017 3643 φησιν
3053 3573 3082 3625 6
3123 3571 3265 3635 θεῖος
3314 3569 3654 3634 Ἀπόστολος,
3694 3587 3712 3618 ‹
3741 3569 3837 3622 ὃτι

2252 3665 2412 3738 ζῆλον
2443 3665 2578 3720 Θεοῦ
2606 3665 2842 3736 ἔχουσιν,
2866 3663 2984 3718 ἀλλ’
3010 3663 3068 3717 οὐ
3093 3662 3214 3716 κατ’
3241 3660 3556 3730 ἐπίγνωσιν.
3594 3679 3613 3713 ι
3640 3659 3842 3730 Τούτῳ

2253 3758 2690 3832 πυρπολούμενοι
2719 3757 2911 3820 ἐϐόων,
2948 3774 2967 3807 ι
3009 3750 3162 3825 Δῐρε,
3202 3749 3346 3824 αἶρε,
3392 3751 3704 3822 σταύρωσον
3728 3751 3837 3803 αὑ-

2250 3854 2360 3906 τόν.
2395 3870 2415 3904 ι
2449 3849 2632 3906 Ταῦτα
2650 3849 2706 3902 δέ
2732 3847 2927 3912 αὐτοὺς
2955 3847 3005 3901 οἱ
3034 3845 3248 3909 ἀσεϐεῖς
3270 3843 3510 3908 ἐδίδαξαν
3543 3841 3860 3917 ἄρχοντες,

2251 3946 2551 4017 ἀρχιερεῖς,
2584 3943 2678 3997 καὶ
2704 3942 3010 4012 Φαρισαῖοι,
3057 3939 3150 3994 καὶ
3187 3937 3558 4009 Γραμματεῖς,
3591 3935 3651 3988 οὐ
3683 3935 3840 3990 κατὰ

2250 4035 2509 4106 ἀλήθειαν
2557 4034 2657 4105 τῆς
2701 4031 2934 4103 νομικῆς
2977 4027 3326 4099 ἀντεχόμενοι
3362 4023 3656 4088 πολιτείας,
3688 4022 3838 4077 άλλὰ

2251 4131 2524 4204 πρόφασιν
2555 4125 2762 4196 ταύτην
2789 4123 2974 4178 ἀδίκου
3015 4119 3248 4176 πλούτου
3278 4116 3612 4189 ποιούμενοι.

2322 4309 2416 4376 ις’.
2455 4309 2568 4365 Καί
2600 4306 3020 4374 ἐπορεύθησαν
3052 4298 3272 4372 ὑψηλῷ
3301 4296 3601 4368 τραχήλῳ,
3633 4292 3729 4348 καί
3756 4293 3839 4348 ἐν

2250 4403 2546 4472 νεύμασιν
2563 4396 2884 4469 ὀφθαλμῶν
2904 4395 2971 4461 ⁸³,
2999 4394 3098 4448 καί
3118 4392 3193 4461 τῇ
3222 4391 3432 4460 πορείᾳ
3459 4388 3576 4443 τῶν
3601 4383 3834 4441 ποδῶν.

2257 4492 2465 4558 Ἐδειξε
2492 4488 2779 4561 τοιγαροῦν
2809 4486 2988 4540 αὐτῶν
3035 4484 3123 4538 διὰ
3166 4483 3261 4552 μὲν
3288 4480 3384 4534 τοῦ
3423 4476 3693 4550 τραχήλου
3731 4476 3838 4530 τὸν

2254 4583 2456 4652 τύφον·
2497 4581 2587 4636 διὰ
2635 4581 2691 4634 δέ
2734 4577 2842 4632 τῶν
2893 4575 3188 4646 ὀφθαλμῶν
3219 4569 3450 4627 καὶτῶν
3491 4569 3686 4631 ποδῶν,
3725 4567 3837 4638 τὴν

2253 4675 2553 4731 ἀκόλαστον
2594 4672 2840 4743 γνώμην.
2868 4669 3120 4725 Μάλιστα
3157 4667 3212 4720 δέ
3248 4665 3359 4719 τῶν
3407 4663 3653 4732 εὐπόρων
3693 4677 3838 4714 κατ-

2252 4769 2475 4839 ηγορεῖ·
2510 4765 2679 4828 αὐτὰς
2719 4764 2775 4818 δὲ
2807 4761 2906 4826 τὰς
2956 4759 3227 4834 ἀρχούσας
3270 4757 3445 4819 καλεῖ,
3488 4754 3581 4808 καὶ
3615 4751 3840 4808 ἀπειλεῖ

2251 4859 2440 4920 αὑταῖς
2471 4855 2565 4909 τοῦ
2602 4851 2922 4915 πολυτελοῦς
2969 4851 3246 4921 σχήματος
3273 4847 3371 4919 τὴν
3419 4844 3726 4914 ἀφαίρεσιν.
3773 4844 3836 4896 ὐ

2251 4949 2434 5018 μέντοι
2465 4945 2698 5008 Ἀκύλας
2731 4941 3076 5010 τελαμῶνας
3116 4940 3244 5002 τοὺς
3272 4935 3616 5005 κοσσύμϐους
3650 4933 3832 4996 καλεῖ,

2249 5037 2540 5092 αἰνίττεται
2567 5035 2626 5089 δὲ
2652 5033 2720 5087 τὰ
2748 5033 3056 5106 κρήδεμνασ
3082 5030 3208 5092 τοὺς
3231 5028 3286 5083 δέ
3313 5027 3609 5099 μηνίσκους
3627 5024 3654 5075 6
3682 5021 3835 5092 Σύμ-

2250 5147 2417 5200 μαχος
2441 5126 2738 5198 μανιάκας
2763 5124 2826 5177 ⁹⁹.

635 5219 664 5250 ιι
701 5211 898 5270 Ezech.
935 5232 1121 5284 xxxw,
1151 5219 1236 5277 17.
1316 5229 1339 5257 ο
1368 5219 1525 5279 Rom.
1574 5240 1627 5291 κ,
1661 5225 1717 5280 2.
1794 5227 2001 5287 PJoan.
2034 5251 2120 5291 xxx
2185 5241 2245 5299 15

1873 5346 2106 5402 VARUE
2147 5348 2550 5409 LECTIONES.

671 5428 722 5510 ’f
754 5428 1134 5511 Aabcmbpag.
1166 5431 1329 5487 Hebr.
1367 5433 1446 5487 Ad
1477 5437 1737 5506 populum
1768 5456 1948 5495 meum
2019 5447 2121 5500 uod
2151 5449 2366 5512 attinet,
2393 5456 2683 5503 exactores
2712 5448 2834 5502 eius
2861 5447 3180 5515 suntpueri.
3260 5446 3305 5478 “
3325 5443 3620 5514 οί-ὐμῶν.
3657 5443 3830 5501 Hebr.

671 5501 832 5562 lieres
868 5499 1225 5555 dominantur
1280 5503 1382 5557 illi.
1457 5504 1505 5537 "
1542 5509 1940 5568 κυριεύσουσιν.
1979 5460 2074 5568 (ita
2123 5533 2342 5568 nuonne
2373 5519 2493 5568 cod.
2535 5517 2676 5568 Ana.
2720 5517 2850 5568 Rec.
2905 5527 3083 5568 autem
3132 5516 3296 5568 lectio
3337 5524 3422 5568 est
3451 5513 3830 5568 κυριεύουσιν.

567 5499 1225 5578 muliereshdominantu_r
1280 5503 1382 5557 illi.
1457 5499 1940 5578 πάυριεύσουσιν.

2021 5523 2074 5568 ta
2123 5533 2342 5584 quoque
2373 5519 2493 5572 cod.
2535 5517 2676 5585 Aug.
2720 5517 2850 5572 Rec.
2905 5513 3101 5586 autem”
3132 5516 3296 5570 lectio
3337 5524 3422 5570 est
3451 5513 3830 5586 κυριεύουσιν.

567 5570 614 5601 ’⁸
645 5568 1060 5656 ὑμᾶςοῆζὶοιριιξιρ
1083 5587 1150 5626 ex
1189 5573 1293 5656 lio?
1326 5590 1474 5656 YCI‘S.
1505 5568 1644 5656 inrisa
1679 5579 1751 5656 {)e
1785 5581 2017 5656 Provid.
2703 5568 3832 5656 ποδῶν-ὑμῶν’ἐκταράτέ

1148 5644 1740 5740 "interrogationi."
1779 5659 1926 5740 trist."
1968 5655 2142 5740 .Hebr.
2220 5657 2269 5688 ³³
2289 5658 2348 5740 ἐν
2381 5641 2646 5728 νεύμασιν
2699 5641 2821 5727 ὀεέθ.
2855 5643 3031 5716 Ἡεὸν.
3077 5655 3204 5712 fuco
3235 5641 3572 5715 obduc'cntes
3607 5641 3826 5711 oculos.

651 5711 936 5780 μανιάκας.
971 5712 1114 5780 apud
1161 5710 1370 5768 Monrr.
1421 5710 1737 5788 in'llexapl.
1778 5721 1842 5790 ad
1886 5723 1938 5776 Ιι.
1967 5725 2003 5778 l.
2042 5734 2123 5780 est
2156 5726 2446 5798 μηνιάκας.
