4034 6410
297 393 396 456 861

1497 395 1578 456 ΙΝ
1608 392 2055 454 EZECHIELIS
2093 395 2250 455 CAP.
2281 397 2339 454 V.

3453 389 3561 455 802

295 505 394 560 καί
425 505 785 576 θνησιμαῖον
817 510 916 562 καὶ
951 509 1319 576 θηριάλωτον
1351 511 1423 561 οὐ
1455 508 1731 576 βέϐρωκα
1758 506 1877 560 ἀπο

1989 516 2029 560 ει
2058 509 2418 562 morticinium
2455 518 2547 562 aut
2585 516 2798 578 captum
2831 525 2862 560 α
2887 507 3071 561 bestiis
3100 523 3201 560 non
3230 505 3456 570 comedi,
3493 510 3561 558 ab

297 595 592 667 πενέσεώς
619 615 739 666 μου
760 597 873 664 ἕως
897 600 1003 653 τοῦ
1026 599 1166 660 νῦν.
1189 597 1331 652 οὐδὲ
1361 596 1767 662 εισελήλυθεν
1793 598 1881 660 είς

297 687 360 741 τὸ
392 687 592 756 στόμα
617 705 740 757 μου
786 687 911 744 πᾶν
945 690 1124 758 κρέας
1149 689 1340 746 ἕωλον
1376 689 1472 742 καὶ
1501 686 1774 753 βέϐηλον
1807 685 1876 740 ’³.

309 775 702 846 ’ἀναγκασθεὶς
723 779 753 830 ὁ
795 781 1081 851 προφήτης
1106 779 1204 850 τὴν
1256 779 1479 849 ἐννομον
1529 776 1759 832 αὐτοῦ⁷⁸
1783 793 1880 829 πο-

297 870 500 923 λιτείαν
527 872 757 940 γυμνοῐ,
785 871 1042 925 ἱκετεύων
1073 873 1164 926 τὸν
1194 872 1576 942 φιλάνθρωπον
1603 869 1881 940 Δεσπότην

299 957 686 1028 προστάγματι
715 958 892 1032 ἑτέρῳ
918 960 1078 1014 λῦσαι
1099 963 1166 1016 τὰ
1190 963 1556 1016 κελευσθέντα
1579 979 1593 992 ·
1624 961 1717 1016 καὶ
1740 977 1881 1031 παρ-

299 1048 496 1102 αυτίκα
522 1050 785 1104 πέπεικεν
803 1066 818 1082 ’
847 1053 1048 1119 ἀγαθὸς
1071 1052 1179 1124 γὰρ
1205 1055 1300 1107 καὶ
1325 1053 1522 1124 ῥᾳδίως
1539 1056 1648 1116 τοῖς
1675 1052 1883 1116 ἱκέταις

299 1141 804 1210 ἐπικαμπτόμενος,
835 1141 1025 1214 ὥσπερ
1057 1144 1250 1214 ἀμέλει
1296 1145 1392 1198 καὶ
1419 1144 1538 1197 τότε
1560 1185 1575 1208 ,
1613 1142 1879 1212 βολσίτοις

299 1231 609 1302 χρήσασθαι
636 1231 777 1302 βοῶν
817 1234 899 1296 εἰς
925 1233 1024 1303 τὴν
1069 1235 1390 1305 ἀρτοποιῖαν
1429 1233 1706 1289 ἐκέλευσε.
1743 1231 1882 1286 Τού-

297 1337 411 1384 τοις
447 1322 647 1392 ἐπάγει
667 1340 683 1355 ⁸

367 1417 468 1475 ις’,
504 1411 590 1476 ιζ’.
630 1413 726 1466 Υίὲ
745 1412 1082 1483 ἀνθρώπου,
1109 1412 1238 1468 ίδοὺ
1275 1413 1390 1484 ἐγὼ
1411 1411 1709 1480 συντρίϐω
1738 1409 1884 1477 στή-

291 1522 474 1575 ριγμα
500 1503 686 1573 ἄρτου
713 1504 784 1558 ἐν
817 1505 1235 1575 Ἰερουσαλὴμ,
1267 1505 1366 1559 καί
1389 1503 1680 1574 φάγονται
1702 1500 1886 1570 ἄρτον

295 1597 365 1650 ἐν
386 1595 636 1666 σταθμῷ
665 1596 766 1651 καί
789 1597 860 1651 ἐν
883 1597 1105 1665 ἐνδείᾳ,
1141 1598 1240 1651 καὶ
1285 1595 1441 1664 ὕδωρ
1460 1596 1530 1649 ἐν
1551 1599 1748 1664 μέτρῳ
1783 1591 1882 1646 καί

294 1689 363 1742 ὲν
405 1687 731 1758 ἀφανισμῷ
779 1689 826 1721 ⁷⁵
878 1690 1136 1744 attonat.
1189 1691 1390 1754 Ὅπως
1425 1685 1652 1752 ἐνδεεῖς
1702 1685 1884 1754 ἄρτου

294 1777 394 1830 καί
428 1777 651 1844 ὕδατος
674 1779 958 1848 γένωνται
997 1796 1010 1810 ο
1043 1781 1142 1834 καί
1189 1776 1671 1848 ἀφανισθήσεται
1706 1776 1754 1807 ⁷⁸
1782 1774 1886 1828 ἄν·

1985 607 2106 649 ortu
2135 614 2248 650 meo
2279 597 2350 650 ad
2388 598 2484 650 hoc
2513 613 2676 667 usque
2707 607 2930 664 tempus,
2993 611 3154 665 neque
3207 596 3444 665 ingressa
3483 604 3562 648 est

1983 688 2038 740 in
2070 705 2125 741 os
2160 705 2331 742 meum
2370 689 2485 742 ulla
2513 705 2639 742 caro
2673 688 2892 758 putrida
2936 698 2984 741 et
3022 686 3274 756 profana.
3325 685 3564 741 Coactus

1984 781 2246 850 propheta
2279 781 2575 851 legitimam
2607 797 2760 836 suam
2809 781 2934 835 vita:
2988 780 3252 849 degenda
3288 778 3561 832 rationem

1985 872 2182 940 aperit,
2215 887 2279 926 ac
2316 872 2548 927 Domino
2573 873 2810 944 benigno
2837 872 3130 942 supplicat,
3175 880 3234 925 ut
3267 871 3378 924 alio
3399 869 3558 937 jussu

1981 979 2106 1034 quae
2133 965 2239 1020 sibi
2269 964 2338 1019 ab
2359 979 2426 1019 eo
2454 968 2718 1034 imperata
2747 965 2963 1021 fuerant
2984 965 3246 1033 abroget;
3289 960 3452 1032 715
3503 968 3560 1016 et

1983 1058 2168 1111 statim
2209 1057 2448 1111 obtinuit
2480 1056 2629 1127 quod
2682 1065 2990 1128 rogaverat.
3024 1054 3138 1128 [l5]
3175 1055 3361 1110 Bonus
3412 1053 3558 1108 enim

1985 1143 2272 1211 Dominus,
2297 1155 2351 1200 et
2377 1147 2468 1216 qui
2494 1146 2806 1216 supplicum
2833 1147 3091 1215 precibus
3113 1144 3274 1199 facile
3297 1143 3559 1207 ﬂectitur.

1983 1252 2050 1292 eo
2087 1253 2309 1308 quoque
2353 1247 2619 1308 tempore,
2657 1237 2785 1292 llmo
2819 1237 2985 1291 boum
3045 1233 3114 1290 ad
3159 1233 3558 1291 conﬁciendum

1985 1342 2180 1399 panem
2211 1327 2289 1382 uti
2319 1327 2507 1397 jussit.
2541 1325 2680 1379 Tum
2707 1325 2933 1394 subjicit
2960 1344 2974 1380 :

2057 1415 2226 1474 Vens.
2258 1417 2346 1482 t6,
2387 1418 2474 1472 l7.
2515 1415 2626 1472 Fili
2652 1417 2904 1480 hominis,
2938 1431 3056 1471 ecce
3082 1429 3176 1484 ego
3221 1421 3434 1468 contero
3461 1411 3561 1481 [ir—

1987 1516 2310 1562 mamentum
2337 1507 2492 1577 panis
2527 1507 2580 1561 in
2613 1505 3012 1575 Hierosolyma,
3063 1511 3114 1557 et
3161 1500 3429 1556 comedent
3463 1515 3563 1570 pa-

1986 1615 2103 1652 nem
2127 1599 2294 1668 juxta
2319 1597 2526 1667 pondus
2564 1607 2610 1650 et
2644 1597 2699 1650 in
2729 1595 3047 1666 indigentia,
3087 1605 3136 1649 et
3167 1611 3361 1665 aquam
3402 1593 3564 1662 juxta

1987 1706 2291 1744 mensuram
2319 1699 2369 1744 et
2409 1691 2464 1744 in
2500 1689 2719 1743 interitu
2751 1687 2950 1742 bibent.
2992 1685 3062 1741 Ut
3112 1689 3404 1756 indigentes
3429 1686 3563 1754 ﬁant

1985 1782 2141 1851 panis
2169 1791 2218 1836 et
2256 1798 2449 1852 aquae:
2480 1791 2528 1835 et
2555 1779 2820 1835 delebitur
2843 1779 2997 1834 homo
3022 1789 3073 1833 et
3115 1779 3284 1848 frater
3323 1777 3460 1846 ejus,
3512 1787 3563 1831 et

294 1873 534 1937 θρωπος
579 1871 680 1923 και
728 1870 993 1940 ἀδελφὸς
1044 1870 1252 1934 αὐτοῦ,
1304 1870 1402 1923 καὶ
1440 1866 1887 1933 ἐντακήσονται

1989 1872 2355 1928 contabesccnt
2379 1873 2434 1926 in
2458 1871 2823 1943 iniquitatibus
2853 1872 2986 1926 suis.
3017 1869 3133 1924 Duo
3161 1885 3257 1939 per
3290 1869 3435 1922 illam
3466 1883 3564 1938 pa-

293 1960 365 2012 ἐν
397 1958 533 2026 ταῖς
559 1959 818 2027 ἀδικίαις
856 1961 1076 2016 αὐτῶν.
1101 1960 1206 2014 Δύο
1232 1961 1288 2014 δὲ
1309 1960 1398 2014 διὰ
1434 1961 1534 2028 τῆς
1566 1957 1884 2030 ἀρτοποιῒας

295 2052 516 2120 ἐκείνης
545 2054 871 2123 σημαίνεται
901 2054 1228 2127 πράγματα,
1258 2052 1347 2107 διὰ
1387 2053 1484 2123 μὲν
1513 2050 1610 2105 τοῦ
1639 2049 1882 2120 σταθμοῦ

295 2143 326 2194 ό
353 2144 414 2196 ἐν
448 2143 841 2215 Ἰεροσολύμοις
871 2144 1048 2216 λιμὸς,
1079 2145 1169 2198 διὰ.
1193 2145 1251 2198 δέ
1299 2145 1398 2214 τῆς
1442 2143 1754 2214 ἀκαθάρτου
1785 2158 1884 2195 xa-

293 2233 577 2303 τασκευῆς
624 2237 657 2304 ἡ
711 2237 770 2289 ἐν
811 2237 926 2299 τοῖς
969 2237 1311 2308 παρανόμοις
1371 2235 1550 2289 ἔθνεσι
1614 2234 1879 2304 διαγωγή.

309 2323 474 2377 Ἀλλὰ
520 2324 582 2378 τὸ
614 2325 885 2397 δίκαιονή
934 2327 1175 2398 τιμωρία
1228 2327 1496 2398 περιέχει.
1545 2344 1565 2377 ι
1617 2325 1880 2395 Ἐντακή-

296 2433 487 2471 σονται
515 2416 648 2488 γὰρ,
691 2419 876 2490 φησὶν,
903 2421 960 2472 ἐν
1005 2423 1127 2483 ταῖς
1153 2419 1388 2483 ἀδικίαις
1417 2417 1598 2473 αὐτῶν
1625 2435 1639 2448 ·
1679 2435 1697 2468 ι
1729 2415 1884 2478 δίκας

295 2508 431 2579 γὰρ,
468 2507 628 2578 φησὶ,
655 2509 898 2562 τίσουσιν
925 2503 1000 2564 ὧν
1027 2509 1476 2581 πλημμελοῦντες
1497 2507 1824 2562 διετέλεσαν.

916 2617 1166 2670 ΚΕΦΑΛ.
1200 2616 1277 2670 E'.

368 2709 441 2756 α’.
473 2703 584 2756 Kal
621 2703 725 2767 σὺ,
769 2703 863 2758 υίέ
894 2705 1232 2773 ἀνθρώπου,
1273 2705 1422 2760 λάϐε
1465 2704 1701 2772 σεαυτῷ
1743 2709 1887 2777 ῥομ-

297 2796 489 2864 φαίαν
515 2795 743 2861 ὀξεῖαν,
771 2793 976 2865 ὥσπερ
996 2798 1040 2829 ⁷⁷
1063 2797 1252 2865 ξυρὸν
1279 2795 1560 2864 κουρέως,
1586 2798 1685 2850 καί
1745 2797 1887 2866 κτῆ-

301 2905 410 2943 σαι
439 2887 638 2956 αὐτὴν
659 2887 897 2954 σεαυτῷ
916 2929 932 2953 ,
967 2889 1065 2942 καὶ
1091 2888 1336 2954 ἐπάξεις
1359 2887 1459 2942 ἐπὶ
1478 2889 1595 2956 τὴν
1615 2889 1890 2959 κεφαλήν

298 2997 442 3044 σου,
473 2981 573 3034 καὶ
615 2980 717 3034 ἐπὶ
763 2981 872 3035 τὸν
907 2980 1159 3052 πώγωνά
1181 2997 1322 3045 σου,
1353 2980 1452 3035 καί
1489 2981 1662 3050 λήψῃ
1711 2981 1890 3052 ζυγὸν

299 3071 627 3140 σταθμίων,
655 3070 756 3125 καί
800 3070 1152 3138 διαστήσεις
1179 3072 1402 3137 αὐτούς
1425 3072 1494 3125 ⁷⁸.
1538 3071 1600 3125 Ἦ
1624 3073 1890 3142 ῥομφαία

298 3162 402 3232 τὴν
462 3161 842 3233 τιμωρητικὴν
886 3162 1179 3216 αἰνίττεται
1251 3161 1480 3233 δύναμιν
1523 3178 1539 3194 ο
1580 3164 1612 3234 ἡ
1666 3162 1723 3217 δὲ
1772 3163 1892 3218 τῶν

301 3251 525 3322 τριχῶν
550 3252 660 3321 τῆς
688 3253 964 3322 κεφαλῆς
985 3253 1084 3308 καί
1111 3253 1218 3308 τοῦ
1241 3254 1521 3324 πώγωνος
1547 3255 1885 3324 ἀφαίρεσις,

301 3347 401 3416 τῆς
460 3344 795 3416 εὐπρεπείας
852 3345 950 3416 τὴν
1009 3345 1264 3417 στέρησιν
1299 3363 1314 3378 ο
1359 3347 1426 3400 τὰ
1477 3346 1534 3401 δὲ
1589 3346 1731 3419 ζυγὰ
1794 3350 1890 3402 καὶ

301 3439 568 3508 σταθμία
598 3477 616 3503 ,
667 3437 770 3506 τῆς
823 3437 918 3490 τοῦ
968 3437 1103 3491 Θεοῦ
1163 3438 1345 3511 ψήφου
1377 3437 1438 3491 τὸ
1463 3438 1670 3494 δίκαιον
1693 3458 1705 3471 ·
1738 3441 1890 3494 οὐδὲν

303 3529 415 3599 γὰρ
475 3529 825 3600 ἀστάθμητον
881 3528 1032 3600 παρὰ
1060 3531 1187 3610 ¹τοῖς
1234 3529 1676 3601 ὰνεξερευνήτοις
1723 3531 1889 3584 αὐτοῦ

305 3620 560 3692 κρίμασι.

283 3751 288 3754 -
375 3711 442 3782 β’.
481 3713 552 3767 Τὸ
582 3711 871 3781 τέταρτον
914 3713 962 3744 "’
1009 3711 1079 3764 ἐν
1107 3710 1250 3780 πυρὶ
1301 3712 1774 3778 κατακαυσειςω
1821 3714 1894 3767 ἐν

297 3805 462 3874 μέσῃ
495 3801 570 3872 τῇ
603 3804 801 3869 πόλει,
838 3801 991 3856 κατὰ
1043 3801 1162 3870 τὴν
1205 3802 1646 3872 συμπλήρωσιν
1685 3805 1728 3838 ⁸⁸
1776 3804 1894 3860 τῶν

303 3895 546 3968 ἡμερῶν
590 3896 698 3951 τοῦ
739 3895 1156 3966 συγκλεισμοῦ
1209 3909 1326 3950 σου
1349 3895 1418 3960 ⁸⁸,
1467 3894 1565 3950 καί
1613 3896 1787 3967 λήψῃ
1827 3899 1894 3953 τὸ

303 3991 616 4059 τέταρτον,
644 3987 746 4043 καί
799 3988 1202 4052 κατακαύσεις
1224 3986 1271 4018 ⁸³
1310 3986 1380 4040 ἐν
1403 3986 1450 4019 ⁸⁸
1472 3984 1641 4055 μέσῳ
1678 3987 1890 4058 αὐτῆς,

304 4083 406 4137 καί
453 4082 522 4136 τὸ
575 4080 859 4150 τέταρτον
898 4079 1263 4147 κατακόψεις
1289 4077 1359 4130 ἐν
1395 4077 1664 4147 ῥομφαίᾳ
1690 4080 1896 4146 κύκλῳ

303 4175 522 4244 αὐτῆς,
564 4175 663 4228 καί
719 4173 787 4228 τὸ
825 4173 1109 4240 τέταρτον
1151 4169 1562 4240 διασκορπιεὶς
1605 4169 1686 4235 τῷ
1714 4173 1894 4226 πνεύ-

299 4280 466 4336 ματι,
487 4264 587 4319 καί
601 4264 901 4335 μάχαιραν
921 4260 1237 4316 ἐκκενώσω
1259 4260 1451 4313 ὀπίσω
1472 4259 1687 4313 αὐτῶν.
1711 4259 1897 4314 Ταῦτα

305 4357 474 4421 αὐτὸς
524 4354 819 4428 ἐρμηνεύει
865 4353 1004 4424 μετὰ
1049 4352 1277 4423 βραχέα,
1312 4351 1406 4406 καὶ
1436 4351 1590 4404 καλεῖ
1643 4350 1771 4422 πῦρ,
1803 4352 1897 4405 καὶ

306 4452 397 4505 τὸν
450 4447 634 4520 λιμὸν,
667 4446 762 4501 καὶ
799 4445 890 4499 τὸν
943 4443 1170 4499 θάνατον
1203 4459 1219 4475 ο
1273 4443 1353 4496 διὸ
1398 4441 1468 4496 τὰ
1519 4442 1620 4496 δύο·
1658 4443 1895 4514 τέταρτα

308 4537 614 4612 προσέταξε
643 4537 722 4608 τῷ
752 4535 888 4606 πυρὶ
918 4533 1309 4634 παραδοθῆναι,
1331 4534 1407 4598 ὡς
1447 4534 1542 4588 καὶ
1573 4533 1762 4588 τούτου
1793 4536 1895 4590 κά·
1923 4575 1973 4634 D

306 4629 492 4684 κείνου
519 4627 675 4699 δίκην
706 4626 879 4698 πυρὸς
922 4623 1317 4696 ἐπινεμομένου
1347 4640 1475 4687 τους
1521 4623 1842 4696 ἀνθρώπους
1875 4643 1888 4658 ο

305 4723 398 4778 διὰ
429 4722 488 4776 δέ
511 4719 613 4790 τῆς
625 4718 927 4789 ῥομφαίας
948 4717 1046 4788 τὴν
1073 4717 1182 4770 τῶν
1210 4715 1484 4786 πολεμίων
1525 4715 1710 4786 ἔφοδον
1759 4717 1890 4788 ἐσήο

311 4828 476 4884 μανι,
507 4811 605 4864 καὶ
629 4808 728 4873 τὰς
767 4809 858 4862 ὑπ’
884 4807 1107 4861 ἐκείνων
1130 4805 1394 4877 ἐσομένας
1422 4806 1638 4874 σφαγάς
1666 4822 1678 4836 ·
1715 4807 1807 4861 τὸν
1834 4807 1892 4860 δὲ

306 4901 796 4970 διασκορπισμὸν
815 4898 913 4969 τὴν
941 4897 1313 4969 αἰχμαλωσίαν
1350 4899 1443 4950 καὶ
1481 4899 1580 4968 τὴν
1628 4899 1892 4969 ἐσομένην

308 4993 641 5065 διασπορὰν,
681 4991 812 5060 περὶ
855 4983 930 5044 ὧν
959 4989 1207 5058 ἐπήγαγε
1232 5004 1246 5018 ο
1280 5005 1299 5038 ι
1338 4989 1448 5041 Καὶ
1495 4988 1769 5060 μάχαιραν
1801 4990 1892 5041 ἐκ·

309 5084 541 5140 κενώσω
570 5083 748 5136 ὀπίσω
781 5081 962 5135 αὐτῶν
987 5095 1000 5110 ·
1040 5097 1059 5131 ι
1090 5079 1184 5132 κα)⁴
1219 5076 1329 5148 γὰρ
1364 5078 1501 5148 μετὰ
1541 5077 1602 5130 τὸ
1639 5077 1890 5146 γενέσθαι

308 5174 638 5248 δορυάλωτοι
661 5171 832 5245 μυρία
860 5169 1106 5225 θανάτων
1127 5169 1428 5239 ὑπέμειναν
1456 5167 1592 5237 εἴδη.

407 5288 423 5328 ί
462 5283 620 5339 Rom.
659 5299 719 5350 ιι,
751 5283 844 5336 ‘55.

1985 1966 2074 2022 nis
2141 1965 2549 2020 coniectionem
2611 1963 3037 2034 signiﬁcantur,
3091 1975 3189 2031 per
3245 1975 3560 2016 mensuram

1987 2059 2159 2114 fames
2185 2058 2240 2112 in
2269 2055 2674 2127 Hierosolyma,
2717 2071 2816 2126 per
2846 2053 3192 2109 immundum
3239 2061 3560 2123 apparatum

1985 2161 2166 2205 autem
2193 2149 2303 2203 vita
2327 2148 2576 2220 degenda
2608 2148 2754 2202 inter
2778 2154 2970 2217 gentes
2993 2161 3118 2216 qua:
3143 2145 3314 2216 legem
3337 2143 3560 2198 violent.

1985 2240 2188 2296 Verum
2225 2240 2502 2310 justitiam
2551 2238 2882 2309 supplicium
2915 2237 3184 2292 continet.
3219 2252 3240 2286 ι
3292 2234 3564 2289 Coutabe-

1985 2330 2329 2395 scentcnim,
2362 2330 2458 2394 ait,
2492 2329 2548 2384 in
2581 2327 2969 2399 iniquitatibus
2991 2326 3112 2382 suis
3143 2345 3158 2380 :
3191 2345 3209 2377 ι
3249 2339 3440 2396 ρωιιειε
3465 2339 3566 2380 ex.

1985 2423 2219 2486 solvent,
2253 2419 2453 2491 inquit,
2477 2432 2668 2474 eorum
2693 2431 2816 2488 qua;
2847 2416 3203 2487 deliquerint.

2635 2619 2791 2676 CAP.
2838 2617 2902 2672 V.

2062 2712 2226 2766 Vsus.
2262 2712 2311 2766 l.
2349 2708 2417 2763 Et
2442 2720 2516 2774 tu,
2554 2707 2635 2777 ﬁli
2655 2705 2906 2771 hominis,
2944 2719 3068 2772 cape
3099 2703 3196 2756 tibi
3224 2687 3399 2756 ensem
3431 2716 3565 2756 acu-

1990 2816 2122 2870 tum,
2149 2806 2288 2860 sicut
2319 2801 2636 2856 novaculam
2661 2799 2917 2862 tonsoris,
2941 2805 2991 2851 et
3020 2781 3272 2865 compara
3296 2796 3390 2849 tibi
3409 2811 3525 2848 eam
3544 2811 3563 2848 :

1987 2908 2036 2954 et
2072 2896 2286 2952 induces
2317 2911 2476 2964 super
2503 2901 2663 2962 caput
2688 2902 2862 2955 tuum,
2885 2896 2935 2944 et
2961 2903 3118 2957 super
3145 2886 3365 2940 barbam
3393 2899 3562 2950 tuam,

1988 3003 2038 3045 et
2069 3005 2242 3044 sumes
2273 2995 2530 3042 stateram
2561 2982 2878 3052 ponderum,
2910 2989 2960 3034 et
3007 2978 3212 3034 divides
3261 2995 3344 3033 ea.
3405 2977 3574 3033 Ensis

1991 3084 2171 3138 innuit
2240 3077 2546 3135 ulciscendi
2616 3075 2986 3138 facultatem;
3063 3072 3324 3140 ademptio
3385 3078 3565 3126 autem

1992 3173 2223 3244 pilorum
2249 3169 2442 3240 capitis
2474 3177 2524 3223 et
2553 3167 2751 3229 barba',
2777 3163 2993 3220 decoris
3025 3163 3390 3234 privationem
3417 3181 3432 3228 ;
3455 3171 3568 3216 sta-

1997 3277 2110 3321 tera
2140 3280 2269 3320 vero
2299 3272 2355 3319 et
2381 3261 2638 3330 pondera,
2675 3258 2876 3313 divinae
2926 3256 3213 3311 sententiae
3252 3253 3565 3323 justitiam:

1991 3357 2127 3413 nihil
2152 3363 2237 3412 est
2262 3355 2408 3410 enim
2449 3351 2597 3424 quod
2627 3366 2738 3406 non
2773 3348 3110 3420 ponderetur
3141 3363 3207 3403 ex
3255 3347 3568 3416 incompch

1992 3447 2358 3506 heusibilihus
2388 3443 2620 3516 iudiciis
2656 3442 2802 3512 ejus.

2068 3711 2241 3767 Vsus.
2259 3710 2314 3764 2.
2335 3710 2599 3777 Quartam
2634 3713 2842 3774 partem
2867 3705 2984 3773 igne
3007 3701 3280 3756 comburas
3318 3702 3371 3754 in
3399 3700 3570 3755 media

1991 3807 2228 3869 ciuitate,
2255 3800 2544 3858 secundum
2571 3797 2971 3868 completiouem
3003 3795 3209 3850 dierum
3237 3795 3402 3865 716
3431 3796 3572 3848 obsi-

1993 3898 2170 3953 dionis
2202 3907 2328 3950 tute.
2360 3892 2428 3947 Et
2461 3891 2690 3959 accipies
2719 3897 2966 3959 quartam
2998 3898 3225 3957 partem,
3279 3899 3326 3940 et
3359 3885 3570 3940 combu-

1994 4006 2076 4043 res
2110 3989 2162 4040 in
2190 3984 2361 4040 medio
2401 3985 2540 4052 ejus,
2594 3989 2644 4034 et
2675 3988 2925 4051 quartam
2957 3988 3165 4047 partem
3215 3976 3459 4031 concides
3517 3977 3571 4029 in

1993 4077 2176 4150 gladio
2209 4077 2262 4129 in
2296 4074 2524 4128 circuitu
2555 4071 2764 4140 ejus,et
2793 4079 3043 4139 quartam
3072 4078 3276 4137 partem
3304 4067 3570 4136 disperges

1996 4181 2167 4236 uento,
2197 4177 2246 4223 et
2276 4182 2457 4222 ensem
2479 4169 2497 4187 '
2528 4162 2740 4218 nudabo
2772 4170 2892 4229 post
2933 4177 3043 4215 eos.
3088 4159 3214 4214 Haec
3258 4160 3376 4227 ipse
3410 4157 3572 4227 paulo

1995 4272 2122 4336 post
2156 4262 2572 4329 interpretatur,
2622 4262 2678 4310 et
2710 4261 2873 4309 vocat
2910 4253 3117 4324 ignem,
3154 4259 3210 4307 et
3262 4249 3481 4310 famem.
3516 4256 3572 4303 et

1995 4334 2251 4409 mortem.
2278 4347 2489 4403 Idcirco
2512 4344 2651 4400 duas
2673 4351 2900 4414 quartas
2922 4348 3105 4410 partes
3134 4339 3188 4392 in
3216 4337 3393 4406 ignem
3423 4334 3570 4403 injici

1999 4439 2280 4514 praecepit,
2299 4435 2458 4507 quasi
2482 4441 2537 4489 et
2562 4433 2680 4487 haec
2700 4438 2758 4486 et
2791 4430 2908 4496 illa,
2938 4429 3079 4500 ignis
3099 4427 3295 4492 instar,
3322 4424 3571 4479 homines

2000 4513 2322 4603 depascunt.
2353 4525 2460 4582 Per
2491 4522 2730 4596 gladium
2759 4521 3005 4577 hostium
3041 4519 3326 4573 incursant
3362 4513 3572 4584 signiti-

1997 4625 2165 4687 cavit,
2189 4631 2245 4678 et
2273 4620 2453 4677 caedes
2501 4632 2642 4689 quas
2671 4603 2830 4671 erant
2860 4613 3058 4669 facturi
3086 4629 3101 4678 ;
3151 4626 3246 4681 per
3279 4608 3570 4676 dispersio-

1997 4731 2113 4769 nem
2145 4726 2297 4777 vero,
2333 4707 2706 4779 captivitatem
2755 4713 2810 4759 et
2852 4702 3201 4772 captivorum
3254 4697 3572 4766 dissipatio-

1997 4822 2118 4863 nem
2148 4804 2386 4859 futuram
2415 4817 2430 4866 ;
2472 4800 2540 4854 de
2566 4798 2771 4867 quibus
2805 4793 3029 4864 adjecit,
3073 4811 3092 4842 ι
3131 4799 3185 4845 et
3239 4803 3429 4844 ensem
3464 4801 3570 4840 nn-

1995 4900 2139 4956 dabo
2193 4904 2316 4966 post
2365 4907 2514 4956 eos;
2567 4909 2587 4943 ι
2652 4888 2856 4943 ctenim
2904 4895 3194 4955 postquam
3238 4882 3384 4938 bello
3429 4879 3574 4950 capti

1999 4993 2171 5057 fuere,
2200 4988 2414 5044 inﬁnita
2453 4984 2646 5039 mortis
2676 4995 2875 5052 genera
2904 4978 3146 5032 subiere.

1618 5393 1856 5450 VARUS
1897 5387 2304 5451 LECTIONES.

388 5565 438 5597 τ’
460 5563 557 5634 καὶ
577 5561 692 5634 βέδο
727 5557 786 5634 [η
814 5559 1001 5629 Paucis
1031 5566 1260 5634 ωηιυξη.
1287 5559 1444 5634 libri?
1472 5567 1580 5634 vel:
1618 5560 1721 5634 les-
1799 5559 1846 5590 “
1866 5560 1907 5634 β
1935 5555 2197 5634 sumi;
2226 5552 2352 5634 "ﬁt.
2375 5533 3576 5634 “Piiz’l‘ibf':cl’l‘l.i“{'3°£~i'..;:3‘“}.f.?§f'

321 5603 692 5692 Hebri-it;
706 5603 1381 5700 dé'siiﬁéééaiimiv
1737 5636 1840 5691 cst,
2046 5603 2201 5700 "’T‘VB
2222 5603 2437 5700 αὐτάέ.’
2472 5615 2752 5700 "Eiram.
2764 5609 2951 5700 ‘Aq-uil.
2968 5603 3331 5700 Etjheodot:
3350 5603 3574 5700 rgcti-u‘g:

316 5707 505 5778 τρίτον
527 5741 542 5766 ,
574 5702 731 5778 juxta
757 5692 923 5778 Hebr.
958 5699 1037 5755 lta
1068 5714 1286 5778 quoque
1309 5699 1526 5778 deinde.
1606 5699 1652 5731 “
1693 5692 2065 5778 liccz'lectio.
2097 5692 2448 5778 ᾁνακαύσξξςτ

1144 5714 1286 5799 oque
1309 5714 1526 5755 oemoe.
1606 5714 1652 5731 "
1694 5714 1825 5755 nec.
1865 5714 2065 5758 Iecuo.
2097 5714 2448 5754 ανακαυσεις.
2611 5714 2814 5755 cup»...
2849 5714 2924 5734 ...ι
2962 5714 3048 5746 ιι...

1170 5771 1192 5801 ⁸
1257 5785 1368 5826 σου.
1408 5769 1565 5826 Deest
1599 5767 1738 5840 apud
1765 5767 1909 5825 LXX
1941 5779 1996 5826 et
2026 5768 2080 5823 in
2107 5764 2270 5821 Hebr.
2349 5761 2395 5793 ⁸³
2433 5773 2632 5815 κατακ.
2665 5784 2732 5796 --
2771 5749 3048 5820 τέταρτον.

321 5771 436 5832 rec.
472 5771 634 5828 lectio
661 5771 901 5841 εειε-πλή
911 5787 1096 5840 ρωσιν.

318 5847 364 5880 ⁸⁵
408 5846 486 5899 ἐν.
524 5841 676 5912 Apud
707 5838 848 5895 LXX
883 5838 1068 5909 iit-mm.
1099 5840 1250 5896 αὐτο.

2525 5687 2568 5718 ³¹
2611 5670 2924 5755 συμπληῖιε
2962 5689 3181 5755 quoque
3210 5675 3261 5752 Α.
3281 5670 3446 5755 et__B_,
3477 5672 3576 5729 sed

3147 5758 3205 5799 :s.
3249 5743 3302 5798 in
3335 5740 3501 5798 Hebr.
