4034 6406
452 383 556 446 863

1411 373 1900 436 THEODORETI
1933 372 2271 433 EPISCOPI
2311 376 2678 438 CYRENSIS

3620 373 3722 438 864

528 494 692 550 Vsus.
719 496 772 556 ’5.
803 494 854 548 4.
882 494 946 547 Et
973 509 1168 553 sumes,
1192 488 1389 559 inquit,
1418 489 1538 542 inde
1562 503 1758 554 paucos
1793 501 2033 548 numero,

2209 494 2279 555 γ’,
2329 489 2391 542 δ’.
2433 491 2544 544 Καὶ
2592 489 2806 558 λήψῃ,
2853 491 3037 561 φησιν,
3092 488 3323 544 ἐκεῖθεν
3367 487 3616 556 ὀλίγους
3656 488 3726 538 ἐν

453 599 507 644 et
537 585 933 655 circumtigabis
962 601 1048 639 eos
1087 584 1396 636 indumento
1437 591 1547 634 tuo.
1586 579 1654 632 Et
1685 595 1749 633 ea:
1779 579 1860 632 his
1889 579 2038 631 exci-

455 681 566 748 pies
602 674 794 737 adhuc,
823 686 871 729 et
893 675 1146 743 projicies
1175 689 1264 726 eos
1286 674 1342 725 in
1367 672 1596 724 medium
1627 671 1785 741 ignis.
1812 679 1862 723 et
1890 685 2038 722 com-

457 771 609 822 οων-ει
639 785 728 823 eos
758 771 875 837 igne
900 779 919 818 :
953 781 1020 820 ea:
1071 781 1132 818 eo
1179 762 1482 834 egredietur
1540 762 1682 832 ignis
1744 762 1798 814 in
1830 776 2037 815 omnem

455 859 672 913 domum
713 858 957 914 Israelis.
986 857 1092 912 Per
1132 857 1247 910 haec
1281 870 1380 911 eos
1433 855 1526 925 qui
1585 855 1764 909 relicti
1822 853 2041 908 fuerant

456 951 751 1019 signiﬁcat,
810 965 951 1020 quos
999 948 1367 1002 Nabuzardan
1417 962 1722 1018 coquorum
1783 946 2042 1015 princeps

455 1057 580 1095 cum
617 1040 851 1095 Godolia
895 1040 1142 1109 reliquit,
1190 1038 1286 1107 qui
1332 1052 1531 1092 rursus
1579 1035 1813 1090 diversis
1863 1033 2041 1088 modis

455 1134 771 1203 consumpti
807 1140 959 1196 sunt,
997 1131 1162 1186 modo
1195 1130 1341 1184 alius
1365 1131 1434 1185 ab
1474 1129 1585 1183 alio
1618 1135 1811 1182 mutuo
1842 1126 2039 1189 occisi,

457 1225 620 1280 modo
650 1227 705 1280 in
741 1225 1035 1296 (Eg-yptum
1074 1222 1370 1291 fugientes,
1421 1223 1490 1276 ab
1520 1221 1800 1290 impietate
1854 1227 2038 1272 tamen

458 1333 568 1371 non
597 1316 994 1371 desciscentes.
1038 1313 1209 1383 quue
1254 1327 1358 1367 nos
1393 1321 1579 1382 aperte
1627 1309 1882 1364 Ieremia:
1913 1323 2041 1378 pro-

458 1407 643 1474 phetia
683 1406 865 1460 docet.
908 1404 1049 1458 Illud
1084 1412 1308 1458 autem:
1365 1422 1382 1453 ι
1428 1401 1508 1456 Ex
1556 1404 1678 1472 ipso
1730 1401 2042 1472 egredietur

458 1499 604 1567 ignis
649 1497 702 1551 in
735 1511 954 1550 onmem
995 1497 1217 1550 domum
1250 1493 1494 1558 lsraelis,
1535 1512 1552 1545 ι
1605 1494 1784 1547 innuit
1819 1494 2040 1562 quidem

459 1602 510 1643 ct
545 1589 864 1659 Babylonii,
893 1602 1001 1657 qua
1050 1595 1180 1641 tunc
1210 1588 1441 1649 exarsit,
1477 1585 1938 1656 indignationem,
1987 1593 2042 1638 et

461 1681 886 1748 exitium-ipsis
939 1681 991 1732 in
1051 1677 1288 1749 Egypto
1347 1678 1605 1732 illatum:
1654 1678 2044 1748 praesigniﬁcat

461 1787 593 1826 vero
628 1771 789 1841 717
829 1771 1134 1826 seditiones
1171 1778 1325 1824 ortas
1361 1778 1484 1839 post
1514 1769 1748 1824 reditum
1775 1778 2043 1839 regnante

459 1866 730 1919 Antiocho
754 1863 1060 1934 Epiphane,
1099 1873 1320 1933 propter
1343 1878 1482 1930 quas
1521 1863 1573 1915 in
1606 1862 2041 1916 innumerabiles

459 1958 806 2012 calamitates
840 1958 964 2011 illas
994 1957 1330 2009 inciderunt.
1357 1954 1463 2008 Sed
1488 1955 1765 2024 praecipue
1799 1952 2045 2022 praedicit

461 2051 731 2103 insaniam
758 2059 952 2103 contra
983 2048 1267 2102 Christum
1311 2045 1630 2110 Dominum,
1665 2055 1719 2100 et
1762 2046 1896 2100 illud
1937 2045 2047 2099 exi-

459 2143 619 2203 tium,
655 2155 766 2210 quo
803 2139 1054 2194 funditus
1095 2149 1222 2208 post
1258 2153 1477 2193 crucem
1517 2154 1613 2192 eos
1652 2139 1956 2202 interiisse,
1991 2146 2049 2192 et

461 2235 514 2286 in
551 2248 772 2287 omnem
812 2240 1083 2286 terrarum
1118 2232 1309 2286 orbem
1351 2230 1656 2300 dissipatos
1699 2229 1871 2285 fuisse
1914 2245 2048 2284 con-

460 2333 587 2378 stat.
624 2323 769 2386 Haec,
806 2324 1005 2394 inquit,
1038 2337 1163 2376 cum
1191 2321 1407 2385 feceris,
1439 2320 1611 2374 dicito
1655 2322 1816 2375 etiam
1854 2335 2047 2390 paena-

461 2434 582 2470 l'lilll
611 2432 831 2472 causas.

533 2596 698 2651 Vsus.
743 2597 776 2650 5
803 2638 817 2662 ,
850 2616 903 2650 ο.
965 2600 1093 2651 Ilwc
1123 2596 1250 2648 dicit
1310 2593 1523 2648 Adonei
1561 2595 1822 2648 Dominus
1863 2612 1880 2649 :
1922 2595 2050 2650 "ccc

466 2687 859 2757 Hierosolyma,
893 2688 948 2741 in
983 2687 1152 2740 medio
1181 2687 1414 2755 gentium
1439 2687 1594 2754 posui
1623 2704 1764 2751 eam,
1797 2697 1845 2742 et
1877 2690 2051 2756 regio—

463 2797 552 2832 nes
602 2781 656 2832 in
712 2781 940 2833 circuitu
985 2779 1136 2847 ejus;
1171 2787 1221 2832 et
1268 2778 1456 2832 dices:
1499 2777 1734 2833 Mutavit
1775 2779 2052 2847 justi/ica-

465 2872 631 2922 tiones
665 2885 808 2922 meas
842 2869 896 2921 in
924 2869 1301 2938 iniquitatem,
1332 2883 1398 2921 ea:
1424 2867 1670 2936 gentibus
1699 2883 1817 2936 qua:
1846 2877 1970 2922 sunt
1998 2868 2052 2920 in

464 2963 691 3015 circuitu
723 2961 858 3031 ejus.
890 2960 1032 3026 Quia
1054 2959 1480 3028 justiﬁcationes
1520 2975 1664 3013 meas
1709 2959 2050 3027 repulerunt,

463 3065 513 3106 et
544 3055 598 3107 in
622 3053 872 3123 legitimis
897 3054 1025 3106 meis
1053 3069 1155 3106 non
1187 3051 1613 3106 ambulaverunt.
1643 3050 2047 3107 Universorum

2141 577 2385 648 ἀριθμῷ,
2423 579 2522 632 καί
2573 581 3007 649 συμπεριλήψῃ
3057 580 3280 644 αὐτοὺς
3328 577 3403 646 τῇ
3455 576 3725 646 ἀναϐολῇ

2142 684 2280 724 σου.
2309 670 2420 723 Καὶ
2456 672 2525 724 ἐκ
2561 673 2787 726 τούτων
2813 672 2985 741 λήψῃ
3012 672 3121 735 ἔτι,
3143 673 3243 726 καὶ
3267 672 3472 739 ῥίψεις
3501 669 3727 734 αὐτοὺς

2141 760 2212 811 ἐν
2248 760 2416 828 μέσῳ
2444 762 2492 792 ⁸⁸
2523 761 2627 814 τοῦ
2655 763 2863 829 πυρὸς,
2909 763 3008 816 καὶ
3057 764 3460 825 κατακαύσας
3505 759 3726 823 αὐτοὺς

2140 850 2211 904 ἐν
2230 854 2394 920 πυρίο
2419 853 2488 917 ἐξ
2515 854 2702 908 αὑτοῦ
2723 855 2768 887 ⁸⁸
2793 856 3177 918 ἐξελεύσεται
3205 854 3325 922 πῦρ
3351 856 3438 917 είς
3462 853 3504 884 ⁸⁷
3531 850 3728 903 πάντα

2143 939 2314 998 οἷκον
2359 944 2629 1013 Ἰσραήλ.
2680 947 2945 1016 Σημαίνει
2997 947 3054 999 δὲ
3078 946 3167 998 διὰ
3193 945 3396 998 τούτων
3434 945 3561 1004 τοὺς
3591 944 3725 995 ὐπο-

2144 1034 2484 1103 λειφθέντας,
2534 1035 2628 1098 οὓς
2653 1037 3042 1109 Ναϐουζαρδᾶν
3075 1038 3102 1090 ό
3141 1037 3536 1106 ἀρχιμάγειρος
3597 1050 3728 1086 κατ⁴

2143 1125 2298 1178 έλιπε
2341 1129 2478 1196 μετὰ
2510 1129 2850 1192 Γοδολίου,ο⁴ί
2900 1130 3062 1183 πάλιν
3090 1129 3362 1198 διαφόρως
3411 1125 3726 1196 κατηναλῶ-

2144 1221 2317 1290 θησαν
2349 1238 2363 1250 ·
2399 1222 2494 1274 νῦν
2541 1222 2644 1288 μὲν
2678 1224 2769 1276 ὑπ’
2793 1223 3038 1293 ἀλλήλων
3089 1221 3492 1294 ἀναιρούμενοι,
3528 1219 3624 1273 νῦν
3668 1219 3726 1272 δέ

2144 1315 2223 1377 εἰς
2259 1316 2532 1382 Αἴγυπτον
2564 1314 3073 1384 ἀποδιδράσκοντες,
3102 1315 3194 1368 καὶ
3217 1314 3319 1382 τῆς
3343 1312 3600 1374 ἀσεϐείας
3627 1312 3730 1364 οὐκ

2144 1407 2524 1476 ἀφιστάμενοι.
2564 1406 2673 1458 Καὶ
2704 1406 2864 1459 τοῦτο
2898 1406 3089 1474 σαφῶς
3136 1407 3284 1476 ἡμᾶς
3337 1407 3368 1474 ἡ
3423 1404 3519 1456 τοῦ
3560 1403 3728 1472 Ἱερε-

2149 1501 2273 1569 μίου
2337 1502 2647 1571 προφητεία
2696 1500 2956 1554 διδάσκει.
3010 1499 3084 1552 Τὸ
3111 1499 3190 1564 δὲ,
3220 1517 3240 1549 ι
3287 1497 3375 1563 Ἐξ
3418 1495 3590 1564 αὐτῆς
3641 1493 3730 1558 ἐξ·-

2146 1591 2421 1645 ελεύσεται
2465 1592 2577 1662 πῦρ
2606 1594 2686 1657 εἰς
2731 1592 2909 1646 πάντα
2935 1587 3082 1645 οἶκον
3116 1589 3353 1660 Ἰσραὴλ,
3388 1607 3407 1640 ι
3434 1587 3730 1641 αἰνίττεται

2151 1684 2249 1754 μέν
2298 1685 2393 1736 καὶ
2430 1684 2528 1756 τὴν
2560 1684 2680 1737 τότε
2712 1684 3011 1753 γενομένην
3060 1683 3434 1752 ἀγανάκτησιν
3479 1680 3573 1733 τοῦ
3628 1680 3734 1733 Βα-

2148 1776 2436 1841 ϐυλωνίου,
2470 1777 2562 1830 καὶ
2601 1777 2694 1831 τὸν
2729 1776 3089 1848 ἐπενεχθέντα
3147 1777 3328 1837 αὐτοῖς
3382 1774 3439 1826 ἐν
3473 1772 3734 1842 Αἰγύπτῳ

2145 1867 2364 1938 ὄλεθρον
2401 1886 2413 1898 ·
2448 1869 2815 1939 προσημαίνει
2845 1869 2902 1922 δὲ
2953 1867 3046 1920 καὶ
3084 1867 3184 1930 τὰς
3235 1865 3376 1937 μετὰ
3421 1865 3518 1935 τὴν
3569 1864 3738 1916 ἐπάν-

2145 1960 2266 2013 οδον
2299 1960 2390 2013 ἐπὶ
2439 1960 2710 2029 Ἀντιόχου
2757 1959 2849 2012 τοῦ
2885 1957 3214 2027 Ἐπιφανοῦς
3259 1956 3556 2026 γενομένας
3604 1955 3736 2008 στά-

2150 2069 2285 2114 σεις,
2317 2052 2384 2104 δι’
2412 2051 2476 2114 ἅς
2507 2054 2627 2108 ταῖς
2663 2051 2885 2122 μυρίαις
2930 2051 3168 2112 ἐκείναις
3222 2049 3547 2120 περιέπεσον
3600 2063 3738 2116 συμ-

2150 2146 2361 2213 φοραῖς.
2391 2143 2769 2212 Διαφερόντως
2823 2142 2880 2194 δὲ
2919 2140 3284 2212 προαγορεύει
3313 2139 3411 2209 τὴν
3453 2138 3598 2192 κατὰ
3639 2137 3738 2190 τοῦ

2149 2237 2422 2288 Δεσπότου
2475 2235 2712 2305 Χριστοῦ
2747 2235 2964 2304 μανίαν,
2997 2234 3088 2286 καὶ
3122 2233 3221 2304 τὴν
3253 2231 3393 2304 μετὰ
3433 2231 3526 2284 τὸν
3570 2247 3740 2282 σταυο

2152 2328 2244 2401 ρὸν
2287 2326 2587 2396 γενομένην
2641 2325 2821 2379 αὐτῶν
2881 2325 3282 2395 πανωλεθρίαν,
3311 2333 3405 2377 και
3437 2325 3518 2386 εἰς
3553 2324 3742 2376 πᾶσαν

2149 2422 2247 2488 τὴν
2276 2419 2603 2488 οἰκουμένην
2654 2416 2980 2486 διασπορὰν.
3013 2413 3222 2478 Ταῦτα,
3273 2414 3431 2485 φησὶ,
3479 2413 3738 2484 ποιήσας,

2151 2513 2271 2564 εἰπὲ
2299 2512 2393 2562 καὶ
2423 2509 2524 2577 τῆς
2550 2507 2822 2578 τιμωρίας
2846 2507 2946 2568 τὰς
2967 2505 3164 2567 αἰτίας.

2222 2609 2282 2666 ε’,
2323 2609 2395 2666 ς’.
2432 2601 2574 2654 Τάδε
2618 2601 2781 2668 λέγει
2832 2599 3071 2652 Ἀδωναῒ
3124 2601 3342 2665 Κύριος
3369 2613 3382 2627 °
3422 2596 3586 2661 Αὕτη
3630 2596 3741 2649 Ἰε-

2144 2694 2490 2764 ρουσαλὴμ,
2539 2694 2606 2746 ἐν
2633 2693 2803 2762 μέσῳ
2842 2692 2958 2746 τῶν
2994 2689 3184 2745 ἐθνῶν
3236 2689 3468 2743 τέθεικα
3519 2686 3740 2752 αὐτὴν,

2152 2790 2249 2843 καὶ
2296 2788 2402 2853 τὰς
2455 2788 2660 2851 κύκλῳ
2703 2786 2896 2851 αὐτῆς
2951 2783 3147 2853 χώρας
3187 2799 3201 2813 ·
3250 2783 3350 2836 καὶ
3403 2780 3578 2848 ἐρεῖς,
3629 2779 3743 2845 ἥλ-

2151 2879 2304 2943 λαξε
2333 2879 2379 2910 ⁸⁸
2407 2879 2478 2932 τὰ
2514 2877 2876 2947 δικαιώματά
2892 2893 3012 2945 μου
3034 2878 3121 2942 είς
3145 2875 3190 2909 ⁸³
3235 2875 3494 2944 ἀνομίαν
3525 2874 3594 2926 ἐκ
3622 2870 3745 2926 τῶν

2152 2971 2343 3027 ἐθνῶν
2373 2971 2490 3025 τῶν
2537 2971 2742 3038 κύκλῳ
2789 2968 3000 3036 αὐτῆς.
3065 2969 3218 3021 Διότι
3266 2966 3338 3021 τὰ
3378 2963 3747 3034 δικαιώματά

2147 3082 2267 3134 μου
2303 3064 2623 3119 ἀπώσαντο
2661 3064 2814 3116 αὐτὰ
2843 3063 2910 3124 9°,
2936 3061 3033 3115 καί
3067 3062 3138 3114 ἐν
3170 3060 3295 3125 τοῖς
3324 3059 3596 3127 νομίμοις
3621 3075 3747 3126 μου

465 3145 611 3202 Deus
653 3156 872 3215 gentem
912 3143 1232 3199 Judaaorum
1272 3143 1478 3212 elegit,
1531 3158 1630 3212 per
1673 3159 1816 3213 quos
1857 3157 2048 3197 omnes

2158 3159 2268 3210 οὐκ
2311 3156 2732 3224 ἐπορεύθησαν
2750 3154 2820 3207 ἐν
2845 3153 3072 3219 αὐτοῖς.
3118 3153 3177 3206 Ὀ
3210 3151 3317 3206 τῶν
3341 3152 3479 3205 ὅλων
3504 3151 3639 3212 Θεὸς
3683 3147 3746 3202 τὸ

468 3237 718 3292 homines
765 3234 1039 3291 beneﬁcio
1079 3235 1304 3290 volebat
1343 3232 1578 3288 allicere.
1622 3232 1841 3288 Idcirco
1876 3235 2052 3303 legem

467 3331 625 3400 ipsis,
656 3345 778 3400 quae
807 3330 876 3385 ab
907 3330 1166 3384 omnibus
1193 3343 1292 3383 eos
1327 3327 1736 3398 distingueret,
1779 3329 1955 3396 dedit,
1993 3338 2054 3383 ut

469 3425 574 3477 hoc
615 3439 840 3494 quoque
884 3421 1049 3477 modo
1106 3420 1446 3476 illustriores
1497 3422 1713 3477 tierent.
1764 3421 2056 3477 Concessit

466 3519 635 3570 etiam
665 3517 732 3571 ad
765 3516 1128 3571 habitandum
1176 3517 1360 3570 locum
1382 3556 1398 3581 ,
1434 3516 1588 3572 orbis
1619 3523 1896 3570 terrarum
1929 3532 2053 3571 um-

469 3609 729 3670 bilicum,
764 3608 830 3660 ad
866 3608 1136 3662 orientem
1163 3615 1220 3663 et
1251 3611 1564 3679 aquilonem
1598 3609 1788 3664 Asiam
1839 3609 2049 3664 baben-

467 3709 612 3764 tem,
665 3701 730 3755 ad
785 3701 1134 3756 occidentem
1184 3701 1462 3772 EurOpam
1517 3716 1706 3757 secum
1757 3717 1856 3773 per
1905 3717 2058 3756 mare

469 3792 826 3860 coniunctam
876 3808 890 3845 :
939 3793 1009 3847 ab
1050 3802 1244 3849 austro
1295 3794 1546 3864 Libyam.
1595 3793 1653 3848 In
1697 3795 1797 3849 has
1840 3795 1858 3814 θ
1905 3795 2055 3850 enim

469 3892 586 3943 tres
618 3899 839 3954 quoque
878 3892 1066 3954 partes
1093 3885 1201 3940 Noe
1231 3886 1330 3940 ﬁlii
1361 3886 1555 3941 orbem
1591 3893 1874 3942 terrarum
1913 3886 2056 3940 divi«

469 3981 685 4032 serunt.
717 3991 736 4024 ι
766 3973 935 4029 Posui
971 3975 1140 4046 igitur
1192 3975 1651 4048 Hierosolymam,
1674 3978 1853 4047 inquit
1888 3975 2054 4042 Deus,

469 4068 523 4128 in
558 4066 741 4122 medio
781 4068 1025 4138 gentium
1048 4109 1062 4133 ,
1097 4087 1114 4120 ι
1155 4076 1215 4122 ut
1247 4069 1352 4123 illas
1390 4070 1458 4124 ab
1499 4069 1603 4124 hac
1636 4069 1928 4124 utilitatem
1961 4084 2056 4124 ca-

467 4159 656 4225 piant,
688 4167 744 4214 et
782 4174 1001 4215 omnem
1038 4161 1296 4230 pietatem
1334 4169 1390 4217 et
1425 4177 1618 4218 verum
1661 4162 1800 4234 legis
1841 4163 2054 4216 cultum

464 4251 702 4305 discant.
773 4250 879 4307 Sed
935 4253 1056 4322 ipsa
1117 4255 1281 4323 plane
1309 4257 1593 4309 contraria
1648 4255 1801 4310 fecit.
1867 4254 2058 4326 Neque

463 4343 614 4396 etaim
652 4352 865 4398 tantum
919 4344 1091 4415 legem
1127 4347 1234 4401 sibi
1287 4361 1318 4400 a
1373 4363 1460 4401 me
1507 4348 1692 4402 datam
1747 4363 1874 4402 cum
1920 4349 2057 4419 ipsis

2170 3249 2438 3302 Ἰουδαίων
2473 3246 2755 3313 ἐξελέξατο
2802 3245 2975 3309 ἔθνος,
3009 3246 3098 3299 διὰ
3142 3243 3346 3298 τούτων
3372 3243 3622 3306 ἅπαντας
3651 3242 3748 3294 ἀν-

2157 3339 2411 3412 θρώπους
2453 3339 2816 3409 εὐεργετῆσαι
2877 3339 3202 3409 βουλόμενος
3241 3353 3254 3367 ·
3287 3337 3368 3389 διὸ
3425 3336 3518 3390 καὶ
3576 3335 3747 3404 νόμον

2157 3431 2342 3492 αὐτοῖς
2376 3429 2483 3482 ἀπὸ
2531 3429 2747 3482 πάντων
2777 3428 2977 3491 αὐτοὺς
3019 3426 3323 3496 διορίζοντα
3370 3425 3626 3482 δέδωκεν.
3657 3423 3747 3477 ἵνα

2157 3521 2454 3576 κάντεῦθεν
2489 3521 2549 3574 τὸ
2575 3521 2847 3590 ἐπίσημον
2873 3519 3072 3590 ἔχωσιν
3103 3537 3116 3551 ·
3145 3519 3314 3572 ἔδωκε
3341 3518 3396 3570 δὲ
3447 3517 3634 3579 αὐτοῖς
3654 3515 3746 3569 καὶ

2155 3614 2321 3667 τόπον
2353 3615 2432 3674 εἰς
2461 3614 2776 3682 οἰκητήριον
2803 3612 2904 3681 τῆς
2928 3611 3253 3680 οἰκουμένης
3288 3610 3357 3663 τὰ
3388 3609 3525 3680 μέσα
3555 3623 3572 3640 ο
3607 3608 3745 3677 πρὸς

2158 3706 2233 3759 ἐω
2261 3706 2359 3774 μὲν
2390 3705 2499 3776 γὰρ
2521 3706 2616 3758 καὶ
2645 3705 2846 3774 ἄρκτον
2869 3705 2968 3774 τὴν
3008 3703 3196 3756 Ἀσίαν
3223 3697 3388 3772 εἰχον,
3415 3700 3551 3772 πρὸς
3583 3700 3746 3754 ἐσπέ-

2162 3816 2260 3871 ραν
2286 3799 2343 3852 δέ
2387 3798 2485 3869 τὴν
2526 3797 2794 3869 Εὐρώπην
2820 3797 2908 3850 διὰ
2938 3798 3037 3862 τῆς
3063 3796 3342 3864 θαλάσσης
3393 3791 3746 3862 συναπτομέ-

2158 3908 2256 3962 νην
2283 3905 2296 3918 ·
2331 3891 2438 3944 ἀπὸ
2468 3890 2524 3944 δέ
2557 3891 2711 3943 νότου
2743 3889 2842 3960 τὴν
2872 3887 3100 3958 Λιϐύην.
3129 3889 3221 3950 Εἰς
3250 3887 3424 3940 ταῦτα
3463 3884 3574 3956 γὰρ
3615 3883 3743 3954 τρία

2157 3985 2424 4054 τμήματα
2455 3983 2549 4036 καὶ
2577 3983 2624 4036 οἰ
2656 3981 2750 4035 τοῦ
2781 3981 2904 4035 Νῶε
2929 3981 3116 4045 παῖδες
3140 3979 3238 4050 τὴν
3263 3978 3588 4048 οἰκουμένην
3618 3975 3746 4030 διεί-

2159 4077 2336 4129 λοντο.
2372 4096 2390 4126 ι
2429 4075 2663 4129 Τέθεικα
2702 4075 2747 4108 ⁸³
2802 4074 2983 4127 τοίνυν
3033 4073 3130 4144 τὴν
3173 4069 3546 4142 Ἰερουσαλὴμ,
3582 4068 3744 4137 φησὶν

2159 4169 2187 4221 ό
2223 4167 2375 4231 Θεὸς,
2417 4169 2474 4219 ἐν
2525 4166 2675 4236 μέσῳ
2703 4166 2811 4218 τῶν
2861 4165 3031 4219 ἐθνῶν
3065 4206 3078 4230 ,
3124 4165 3193 4217 ἵν’
3249 4165 3448 4216 ἐκεῖνοι
3492 4160 3594 4231 τὴν
3640 4159 3744 4213 ἀπὸ

2158 4258 2362 4326 ταύτης
2421 4257 2690 4326 ὠφέλειαν
2741 4255 3066 4316 ἐλκύσωσιν,
3097 4255 3193 4307 καὶ
3242 4255 3422 4306 πᾶσαν
3461 4250 3744 4304 εὐσέϐειαν

2161 4349 2256 4402 καὶ
2292 4348 2547 4418 εὐνομίαν
2597 4348 2724 4417 παρ’
2749 4347 2933 4410 αὐτοῖς
2984 4345 3372 4417 μεταμάθωσιν
3421 4360 3434 4373 ·
3498 4341 3636 4411 αὕτη
3686 4340 3741 4392 δὲ

465 4448 576 4488 non
612 4437 1067 4498 communicavit,
1122 4437 1217 4492 sed
1263 4438 1432 4493 etiam
1474 4439 1698 4494 illorum
1749 4439 2048 4508 impietatis

2164 4442 2272 4494 πᾶν
2305 4440 2616 4493 τούναντίον
2645 4438 2943 4507 πεποίηκεν
2977 4456 2988 4467 ·
3018 4439 3078 4490 οὐ
3108 4436 3218 4507 γὰρ
3249 4437 3408 4507 μόνον
3441 4435 3624 4496 αὐτοῖς
3646 4432 3743 4502 τῆς

466 4524 586 4593 ipsa
622 4527 897 4594 particeps
934 4527 1102 4598 718
1132 4526 1278 4583 facta
1308 4536 1418 4584 est.

539 4704 707 4760 Vnus.
749 4705 800 4770 7,
833 4705 888 4759 8.
921 4704 1211 4772 Propterea
1231 4707 1342 4761 hwc
1364 4709 1496 4763 dicit
1523 4709 1732 4763 Adonai
1756 4711 2055 4767 Dominus:

470 4796 762 4862 Propterea
796 4797 935 4867 quod
974 4797 1154 4866 [arma
1197 4808 1372 4854 vestra
1414 4811 1492 4855 est
1545 4819 1610 4856 ea:
1657 4803 1896 4871 gentibus
1937 4819 2056 4873 quae

469 4895 591 4939 sunt
622 4887 673 4940 in
699 4888 925 4940 circuitu
952 4897 1121 4941 vestro
1141 4929 1153 4951 ,
1191 4897 1239 4942 et
1275 4890 1331 4941 in
1365 4890 1611 4958 legitimis
1646 4892 1774 4946 meis
1806 4909 1910 4946 non
1942 4910 2056 4946 am-

470 4979 728 5044 bulastis,
778 4987 829 5032 et
861 4981 1283 5048 justiﬁcationes
1325 4998 1470 5036 meas
1523 4998 1626 5034 non
1669 4985 1911 5052 fecistis,
1960 4985 2054 5040 sed

469 5084 631 5136 neque
660 5070 948 5123 secundum
969 5072 1389 5142 justiﬁcationes
1434 5075 1669 5142 gentium
1690 5093 1808 5147 qua:
1838 5089 1962 5132 stmt
2000 5081 2054 5132 in

468 5159 694 5212 circuitu
737 5169 911 5216 vestro
955 5163 1181 5231 fecistis.
1239 5164 1452 5220 Idcirco
1499 5168 1610 5220 hn'c
1661 5168 1798 5223 dicit
1843 5171 2056 5226 Adonai

2087 4506 2130 4562 ι)
2162 4535 2289 4604 παρ’
2315 4533 2450 4602 ἐμοῦ
2484 4530 2732 4601 δοθείσης
2761 4506 3018 4601 εὐνομίας
3053 4530 3114 4582 οὐ
3142 4506 3463 4599 μετέδωκεν,
3489 4525 3628 4580 ἀλλὰ
3651 4525 3744 4578 και

2157 4623 2258 4691 τῆς
2285 4620 2510 4673 ἐκείνων
2533 4619 2854 4682 δυσσεϐείας
2889 4618 3179 4688 μετέλαϐε.

2229 4713 2391 4780 ζ’,η’.
2427 4713 2528 4766 Διὰ
2557 4711 2733 4765 τοῦτο
2783 4711 2925 4764 τάδε
2975 4709 3137 4780 λέγει
3183 4708 3435 4763 Ἀδωνατ
3485 4707 3703 4771 Κύριος
3730 4719 3744 4734 ⁸

2175 4805 2320 4859 Ἁνθ*
2350 4800 2437 4856 ὧν
2467 4806 2505 4872 ή
2532 4807 2578 4838 ³³
2601 4802 2804 4873 μορφὴ
2837 4801 3004 4872 ὑμῶν
3030 4803 3098 4856 ἐκ
3127 4800 3247 4854 τῶν
3273 4799 3460 4855 ἐθνῶν
3490 4797 3612 4853 τῶν
3644 4799 3746 4851 κύ-

2160 4902 2287 4962 κλῳ
2337 4896 2521 4966 ὑμῶν,
2575 4898 2643 4951 ἐν
2695 4898 2740 4929 ⁸³
2780 4895 2906 4961 τοῖς
2956 4895 3229 4963 νομίμοις
3281 4910 3394 4960 μου
3446 4893 3559 4947 οὐκ
3610 4891 3746 4944 ἐπο-

2155 4990 2428 5057 ρεύθητε,
2465 4990 2565 5042 καὶ
2596 4988 2670 5042 τὰ
2715 4986 3079 5054 δικαιώματά
3102 5003 3223 5054 μου
3261 4987 3373 5039 οὐκ
3402 4983 3744 5050 ἐποιήσατε,

2162 5083 2300 5136 ἀλλ’
2327 5081 2468 5136 οὐδὲ
2501 5082 2650 5135 κατὰ
2666 5081 2737 5134 τὰ
2754 5077 3117 5145 δικαιώματα
3145 5075 3264 5130 τῶν
3291 5074 3484 5130 ἐθνῶν
3506 5073 3624 5128 τῶν
3650 5074 3749 5128 κύ-

2164 5177 2288 5237 κλῳ
2311 5173 2478 5243 ὑμῶν
2511 5175 2621 5228 οὐκ
2648 5173 2970 5238 ἐποιήσατε
2995 5171 3062 5224 ³⁸.
3091 5169 3194 5223 Διὰ
3219 5167 3394 5222 τοῦτο
3418 5166 3559 5221 τάδε
3589 5168 3750 5236 λέγει

1763 5346 1996 5402 νΑΒΙᾸΞ.
2037 5347 2332 5404 LECTION
2339 5348 2438 5404 ES.

559 5425 606 5457 ⁸⁸
647 5425 774 5481 Rec.
806 5427 970 5483 lectio
999 5431 1078 5494 εἰς

1115 5431 1299 5513 μέσον.
1375 5433 1421 5513 εξ
1531 5444 1586 5513 c_t
1614 5437 1654 5488 B
1689 5438 1878 5513 adsim;
1912 5441 2068 5513 juxta
2095 5456 2205 5513 rec.
2238 5441 2360 5513 lect.

2506 5439 2552 5469 ⁸⁷
2591 5440 2670 5502 εἰς
2702 5468 2773 5478 -
2805 5437 2932 5508 Ἰσρ.
2963 5435 3215 5508 Ιι-ο-ξιιιιο
3245 5433 3410 5508 Hebr.
3437 5436 3542 5508 leg.
3579 5436 3746 5508 etiam

494 5497 547 5578 in
571 5495 720 5560 Ald.,
745 5495 1167 5582 sed.re.c._lectio
1198 5511 1302 5563 est.
1325 5503 1424 5588 3ιαί
1455 5506 1599 5605 ἐρεῖς
1630 5509 1793 5588 παντὶ
1818 5495 1960 5580 aut,
1998 5510 2236 5581 Ἰσραήλ.
2313 5510 2359 5541 ⁸⁸
2401 5507 2618 5580 ἢλλαξε.
2651 5495 2782 5562 bes.
2812 5495 2954 5576 ap'ud
2994 5495 3136 5588 [KX
3158 5547 3172 5570 ,
3197 5506 3300 5589 ~qui
3336 5495 3546 5560 vers-'6
3567 5547 3580 5568 ,
3615 5503 3749 5560 inci-

494 5574 631 5621 nunt
662 5584 693 5622 a
717 5567 898 5622 verbis
928 5569 1056 5628 Illis.
1088 5571 1198 5624 Καὶ
1231 5572 1394 5628 ἐρεις.
1510 5577 1529 5608 9
1570 5578 1647 5628 si:
1676 5578 1864 5628 κυκλω
1890 5581 2010 5628 αὐτ.
2037 5578 2165 5628 Rea.
2203 5581 2364 5628 lectio
2398 5588 2500 5628 est.
2535 5581 2600 5628 τῇ
2628 5578 2816 5628 ἀνόιιω
2854 5579 2916 5628 ἐκ
2951 5593 3060 5628 των
3091 5575 3282 5628 ἐθνων.
3319 5576 3410 5628 καὶ
3439 5575 3508 5627 τὰ
3539 5572 3748 5628 νόμιμά

470 5568 693 5642 piunt_a
717 5567 898 5642 verbis
926 5569 1056 5642 illis,
1088 5571 1394 5642 Καὶέρεῖς.

518 5654 577 5723 ομ
603 5638 726 5723 τῶνΛ
742 5639 934 5710 χωρῶν
956 5641 1070 5723 τῶν
1099 5638 1282 5723 minii-Li
1313 5644 1504 5723 αὐτ-ἧς.
1529 5638 1956 5723 Utraquelcctio
1986 5651 2054 5704 ab
2078 5649 2240 5703 llcbr.
2270 5651 2490 5704 recedit.

640 5709 882 5792 τέθεικας
956 5711 1001 5741 ’⁸
1039 5709 1337 5792 ἠ-τέθνῶν.
1378 5709 1536 5770 Hebr.
1579 5709 1948 5788 imil'tiplicatis
1980 5722 2208 5790 (scelera
2244 5720 2443 5790 vestra)
2467 5719 2640 5792 magis
2662 5734 2824 5789 quam
2863 5709 3070 5788 gente—5,
3101 5726 3209 5773 etc.
3285 5717 3329 5750 "
3370 5718 3446 5772 ἐν.
3483 5717 3524 5769 Β
3555 5709 3746 5787 prtem.

477 5776 589 5828 καί.
667 5779 713 5809 ’⁸
755 5780 794 5830 Β
829 5781 886 5832 οὐ
929 5776 1286 5851 πεποιήκατε.

1622 5594 1647 5638 ς
1676 5577 1864 5644 κύκλῳ
1890 5572 2010 5632 αὐτ.
2037 5572 2181 5633 nec;
2203 5581 2364 5634 lectio
2398 5572 2500 5643 est,
2535 5572 2601 5647 τῇ
2628 5578 2816 5647 ἀνόμῳ
2849 5572 2916 5629 ἐκ
2951 5577 3060 5630 τῶν
3091 5572 3288 5647 ἐθνῶνε
3319 5575 3508 5647 uuis}
3539 5572 3748 5647 νόμιμά

2569 5631 2614 5681 ιδ
2636 5631 2944 5702 desines.
2979 5647 3120 5716 apud
3153 5631 3314 5700 LXX.
3391 5646 3436 5676 ἰ
3459 5646 3560 5700 Ed.
3596 5631 3748 5716 prior
