4034 6414
345 375 457 437 865

1567 370 1647 429 ΙΝ
1684 364 2134 426 EZECHIELIS
2166 367 2326 427 CAP.
2372 370 2437 428 ν.

3529 379 3636 442 866

359 489 611 544 ’A6wra2
640 491 878 560 Κύριος,
908 490 1037 545 ἰδοὺ
1061 491 1297 561 ἐγὼ-ἐπὶ
1338 488 1436 552 σὲ,
1469 485 1565 540 καὶ
1602 485 1837 552 ποιήσω
1875 482 1940 534 ἐν

2049 481 2308 539 Dominus
2336 484 2512 538 :Ecce
2537 501 2629 555 ego
2651 501 2808 554 super
2846 497 2914 552 te,
2955 497 3004 543 et
3037 488 3240 557 faciant
3269 491 3324 545 in
3359 491 3531 545 medio
3558 495 3638 547 tui

340 581 513 650 μέσῳ
564 596 683 634 σου
731 580 909 650 κρῖμα
960 581 1218 637 ἐνώπιον
1267 578 1386 634 τῶν
1432 576 1642 632 ἐθνῶν.
1715 573 1934 643 Ἐπειδὴ

349 675 459 744 γὰρ
477 675 524 706 ⁸⁸
555 674 650 727 τὸν
697 673 809 726 τῶν
838 673 1008 728 ἐθνῶν
1059 672 1402 744 ἀνεμάξασθε
1444 669 1791 741 χαρακτῆρα,
1842 665 1936 719 καὶ

348 767 462 828 τοῖς
509 763 738 818 ἐκείνων
763 763 1190 834 ἐπιτηδεύμασιν
1233 762 1556 833 ἐνεφύρητε,
1592 760 1687 813 καὶ
1715 759 1782 812 τὰ
1827 755 1936 827 ἐμὰ

342 855 697 926 δικαιώματά
726 873 786 908 τε
829 857 923 908 καὶ
957 855 1166 925 νόμιμα
1189 853 1541 918 διεπτύσατε,
1575 850 1850 922 ὑπερϐολῇ
1881 848 1939 901 δὲ

346 949 698 1019 παρανομίας
745 947 1016 1020 χρώμενοι
1064 946 1533 1019 ὑπερηκοντίσατε
1560 947 1627 1015 τῇ
1651 940 1940 1011 δυσσεϐείᾳ,

344 1043 414 1096 τά
440 1043 595 1113 ἔθνη,
624 1044 753 1113 παρ’
781 1037 855 1094 ὧν
881 1041 1086 1113 ταύτην
1114 1041 1367 1112 ἐμάθετε*
1397 1039 1588 1092 τούτου
1613 1037 1773 1107 χάριν
1804 1050 1939 1104 προ-

346 1133 536 1202 φανῶς
566 1150 650 1186 σοι
681 1133 912 1198 δικάσω,
942 1132 1052 1186 τῶν
1085 1130 1255 1185 ἐθνῶν
1289 1128 1642 1200 θεωρούντων
1671 1126 1734 1178 τὸ
1783 1125 1939 1177 δικα-

347 1226 597 1296 στήριον,
622 1224 720 1277 καὶ
751 1224 850 1294 τῆς
887 1223 1045 1296 δίκης
1075 1222 1449 1294 ἀκροωμένων
1477 1236 1490 1250 °
1531 1221 1598 1273 ἵν’
1629 1217 1818 1288 ἐπειδὴ
1853 1216 1941 1270 διὰ

343 1318 445 1387 τῆς
481 1316 584 1386 σῆς
648 1316 750 1368 οὐκ
783 1314 1145 1387 ὠφελήθησαν
1194 1313 1475 1385 εὐνομίας,
1523 1311 1614 1366 διὰ
1659 1310 1792 1380 γοῦν
1842 1309 1944 1372 τσῖης

342 1407 620 1477 τιμωρίας
649 1405 950 1459 ἐλκύσωσιν
975 1406 1261 1476 ὠφέλειαν.

418 1498 485 1552 θ’.
528 1499 639 1552 Καὶ
668 1498 904 1568 ποιήσω
951 1500 1020 1552 ἐν
1051 1499 1149 1553 σοὶ
1186 1499 1225 1553 ἂ
1271 1501 1345 1554 οὐ
1375 1498 1696 1564 πεποίηκα,
1727 1495 1827 1549 καὶ
1870 1495 1943 1548 οὐ

336 1593 428 1662 μὴ
464 1592 704 1660 ποιήσω
740 1592 912 1660 ὅμοια
941 1591 1146 1658 αὐτοῖς
1175 1593 1261 1646 ἔτι
1293 1592 1392 1645 διὰ
1420 1591 1469 1622 ⁸⁸
1494 1590 1689 1644 πάντα
1711 1588 1780 1642 τὰ
1801 1586 1947 1652 βδε-

341 1682 626 1754 λύγματά
648 1699 788 1738 σου.
818 1679 951 1740 Εἶτα
970 1684 1231 1750 διδάσκει,
1264 1684 1386 1737 τίνα
1407 1684 1475 1738 τὰ
1505 1681 1704 1753 ἡπειλη
1715 1681 1871 1753 μένα.

415 1876 471 1926 ι’.
520 1869 630 1922 Διὰ
659 1868 834 1923 τοῦτο
862 1867 1115 1936 πατέρες
1157 1869 1451 1938 φάγονται
1483 1867 1667 1922 τέκνα
1721 1866 1940 1938 ἀναμέ-

340 1979 465 2016 σον
493 1963 538 1994 ³⁷
561 1977 700 2026 σου,
740 1961 839 2014 καὶ
878 1961 1066 2014 τέκνα
1102 1960 1396 2030 φάγονται
1438 1959 1720 2028 πατέρας.
1769 1958 1940 2012 Τοῦτο

338 2057 402 2110 δὲ
450 2056 546 2109 καὶ
574 2056 634 2109 ἐν
658 2057 722 2126 τῇ
761 2053 1139 2118 Βαϐυλωνίων,
1174 2055 1270 2107 καλ⁵
1319 2057 1377 2107 ἐν
1401 2057 1470 2126 τῇ
1519 2053 1807 2123 Ῥωμαίων
1838 2070 1938 2106 πο-

340 2146 568 2218 λιορκίᾳ
627 2145 940 2215 γεγένηται,
982 2145 1082 2215 τῆς
1135 2144 1443 2215 ὑπερϐολῆς
1494 2144 1588 2197 τοῦ
1633 2143 1794 2214 λιμοῦ
1841 2143 1938 2213 τὴν

345 2240 736 2309 ἅνοσιουργίαν
776 2239 824 2271 ³⁸
875 2238 1288 2309 ἐργασαμένης.
1333 2257 1352 2289 ι
1390 2239 1500 2290 Καὶ
1531 2238 1742 2307 ποιήσω
1769 2238 1826 2289 ἐν
1855 2236 1938 2289 σοὶ

341 2332 612 2404 κρίματα.
653 2350 672 2382 ι
713 2331 993 2395 Τουτέστι,
1022 2329 1244 2390 δικαίως
1270 2346 1352 2383 σοι
1377 2330 1603 2383 δικάσω.
1636 2347 1654 2379 ι
1686 2329 1797 2383 Καὶ⁴
1827 2330 1941 2382 δια-

343 2422 541 2492 σπερῶ
585 2424 628 2454 "
667 2423 878 2485 πάντας
923 2421 1052 2484 τοὺς
1106 2422 1470 2485 καταλοίπους
1507 2439 1602 2475 σου
1633 2423 1715 2485 εἰς
1760 2422 1940 2476 πάντα

340 2515 572 2582 ἄνεμον.
617 2533 636 2566 ι
662 2516 738 2568 Οὐ
757 2514 928 2567 δεῖται
954 2513 1253 2585 ἑρμηνείας
1283 2513 1439 2582 λόγος
1476 2517 1513 2578 ¹,
1543 2515 1652 2568 τῶν
1677 2514 1940 2584 πραγμά-

341 2627 456 2663 των
482 2609 752 2678 βοώντων.

415 2707 512 2754 ια’.
541 2699 645 2754 Διὰ
674 2702 870 2762 τούτο,
914 2699 1012 2752 Ζῶ
1048 2699 1182 2768 ἐγὼ,
1217 2699 1380 2768 ,λέγει
1423 2698 1674 2754 Ἀδωναῒ
1699 2701 1938 2768 Κύριος,

340 2789 383 2864 ἦ
402 2792 536 2863 μὴν
569 2788 805 2847 ἀνθ’ὦν
833 2792 908 2846 τὰ
945 2792 1084 2861 ἅγιά
1111 2811 1230 2861 μου
1265 2795 1515 2861 suturae
1541 2793 1611 2846 ἐν
1637 2791 1788 2847 πᾶσι
1819 2791 1942 2857 τοῖς

343 2885 845 2957 προσοχθίσμασί
865 2899 1003 2950 σου,
1032 2886 1130 2939 καὶ
1153 2887 1224 2939 ἐν
1241 2886 1391 2940 πᾶσι
1413 2885 1540 2952 τοῖς
1557 2885 1942 2955 βδελύγμασί

340 2995 487 3045 σου,
521 2980 686 3049 κάγὼ
707 2979 1026 3047 ἀπώσομαί
1050 2981 1069 3010 ³
1095 2994 1190 3032 σε.
1225 2979 1392 3047 ’Ἅγια
1414 2977 1571 3030 καλεῖ
1607 2979 1667 3030 ού
1689 2977 1855 3046 Δμόνον
1878 2978 1944 3030 τὰ

343 3071 581 3142 νόμιμα,
611 3069 749 3124 ἀλλὰ
773 3071 867 3123 καὶ
895 3070 984 3122 τὸν
1015 3068 1381 3140 ἀφορισθέντα
1418 3069 1569 3138 αὐτῷ
1610 3069 1757 3132 ναὸν,
1788 3068 1847 3121 ὃν
1873 3071 1938 3138 τῇ

2039 571 2300 638 iudicium
2334 575 2389 628 in
2420 583 2701 644 conspectu
2733 577 2992 646 gentium.
3027 579 3171 646 Quia
3199 581 3347 636 enim
3385 584 3634 653 gentium

2040 663 2280 718 formam
2325 667 2726 736 expressistis,
2774 676 2831 724 et
2875 685 3067 725 earum
3105 672 3384 730 institutis
3429 675 3637 745 perfusi

2041 771 2160 811 mea
2202 757 2418 826 judicia
2464 767 2520 814 et
2549 761 2697 831 leges
2751 765 2995 820 aversati
3054 766 3192 820 estis
3221 808 3236 832 ,
3301 775 3355 824 et
3415 777 3641 839 propter

2042 849 2356 918 iniquitatis
2397 855 2852 922 exsuperantiam
2898 855 3191 930 impietate
3239 867 3432 929 gentes
3486 862 3640 930 ipsas

2041 941 2280 1007 vicistis,
2323 957 2355 996 a
2404 945 2610 1013 quibus
2650 961 2772 1000 eam
2813 929 3140 1006 didicistis:
3197 952 3301 1006 hac
3344 952 3416 1008 de
3466 929 3638 1010 causa

2043 1039 2235 1098 aperte
2271 1030 2535 1099 judicabo
2580 1042 2633 1087 te
2660 1072 2674 1097 ,
2715 1033 3164 1104 inspectantibus
3202 1038 3473 1108 judicium
3503 1058 3638 1112 geu-

2044 1122 2215 1187 tibus,
2244 1131 2299 1177 et
2333 1138 2528 1192 poenas
2554 1125 2937 1192 audientibus,
2977 1136 3037 1182 ut
3071 1146 3195 1198 qua:
3227 1132 3441 1186 ncillam
3474 1149 3504 1188 ιι
3539 1141 3637 1190 tua

2042 1215 2302 1283 aequitate
2328 1217 2622 1271 utilitatem
2648 1233 2973 1289 percepere,
3011 1220 3257 1292 aliquam
3288 1224 3482 1280 saltem
3508 1240 3641 1296 per-

2045 1307 2258 1376 cipiant
2291 1323 2322 1361 a
2353 1317 2450 1363 tuo
2479 1309 2784 1380 supplicio.

2119 1490 2280 1546 Vens.
2319 1491 2375 1546 9.
2419 1490 2490 1546 Et
2525 1492 2729 1562 faciam
2782 1495 2838 1549 in
2890 1507 2942 1550 te
2983 1513 3101 1568 quo:
3133 1513 3239 1554 non
3273 1500 3404 1568 feci,
3444 1511 3496 1556 et
3533 1518 3639 1557 non

2048 1583 2246 1652 faciant
2275 1585 2481 1639 similia
2511 1587 2640 1656 ipsis
2668 1588 2900 1649 amplius
2925 1628 2939 1653 ,
2987 1601 3202 1659 propter
3226 1609 3405 1649 omnes
3435 1594 3642 1651 abomi—

2050 1675 2290 1730 nationes
2321 1687 2461 1731 tuas.
2497 1676 2707 1733 Deinde
2743 1677 2906 1734 docet
2957 1695 3207 1751 quaenam
3248 1684 3358 1738 sint
3409 1700 3476 1740 ea
3517 1703 3642 1758 qua:

2053 1768 2294 1823 minatus
2325 1778 2432 1824 est.
2706 1777 2710 1780 ‘

2122 1855 2291 1913 Vsus.
2307 1857 2394 1912 10.
2431 1857 2559 1913 Ideo
2581 1870 2758 1928 patres
2781 1861 3049 1916 comedent
3074 1861 3217 1931 ﬁlios
3245 1864 3304 1918 in
3325 1864 3498 1921 medio
3517 1869 3596 1922 tui
3619 1911 3636 1933 ,

2043 1959 2091 2004 et
2119 1950 2220 2019 ﬁlii
2247 1951 2521 2006 comedent
2547 1961 2747 2021 patres.
2777 1951 2892 2008 Hoc
2921 1955 3130 2009 accidit
3171 1956 3228 2010 in
3258 1957 3552 2015 obsidione
3581 1971 3638 2016 et

2042 2043 2478 2115 Babyloniorum
2507 2055 2563 2100 et
2593 2043 2974 2101 Romanorum
2994 2088 3010 2113 ,
3047 2046 3356 2102 incredibili
3394 2050 3444 2104 vi
3473 2051 3639 2109 famis

2043 2137 2110 2192 ad
2142 2137 2248 2192 hoc
2287 2138 2560 2193 nefarium
2611 2138 2831 2195 facinus
2878 2139 3218 2210 impellente.
3272 2161 3291 2194 ι
3322 2141 3387 2196 Et
3434 2143 3635 2201 faciam

2042 2229 2097 2282 in
2135 2238 2190 2284 te
2226 2230 2456 2299 judicia.
2492 2250 2510 2283 ι
2551 2229 2666 2286 Hoc
2692 2241 2812 2295 est,
2855 2231 3007 2301 justo
3047 2233 3263 2302 judicio
3291 2242 3345 2290 te
3371 2236 3636 2293 condem-

2043 2321 2206 2376 nabo.
2241 2340 2258 2372 ι
2289 2320 2352 2375 Ει
2374 2322 2688 2393 dispergam
2717 2338 2910 2378 omnes
2935 2323 3323 2393 reliquostuos
3341 2325 3393 2381 in
3413 2342 3634 2384 omnem

2040 2417 2265 2464 ventum
2318 2431 2336 2463 ι
2374 2409 2494 2465 Non
2522 2412 2733 2482 indiget
2767 2412 3228 2483 interpretatione
3254 2417 3476 2483 oratio,
3507 2434 3635 2474 cum

2043 2504 2178 2575 ipsae
2208 2520 2296 2561 res
2329 2504 2597 2559 clament.

2113 2692 2282 2747 Vsus.
2313 2692 2398 2745 ll.
2434 2689 2681 2754 Idcirco,
2730 2687 2857 2743 Vivo
2900 2689 3068 2760 719
3101 2707 3228 2760 ego,
3264 2691 3394 2746 dicit
3428 2693 3637 2750 Adonai

2044 2784 2344 2846 Dominus,
2391 2780 2663 2848 profecto,
2712 2796 2772 2834 eo
2820 2780 2960 2849 quod
3007 2791 3198 2835 sancta
3239 2799 3356 2838 mea
3397 2785 3637 2853 polluisti

2046 2879 2286 2935 omnibus
2324 2875 2704 2945 o/fensionibus
2737 2876 2842 2929 tuis
2896 2884 2946 2929 et
3001 2876 3245 2931 omnibus
3281 2878 3639 2934 abominatio-

2046 2971 2200 3024 nilms
2241 2971 2346 3022 tuis
2373 3008 2386 3032 ,
2436 2968 2601 3021 etiam
2651 2983 2744 3036 ego
2780 2965 3036 3034 repellant
3079 2976 3146 3022 te.
3183 2966 3387 3022 Sancta
3431 2981 3635 3039 vocat,

2048 3077 2157 3116 non
2182 3063 2360 3116 solum
2386 3067 2656 3129 praecepta
2679 3059 2839 3130 legis,
2869 3058 2962 3114 sed
2985 3060 3155 3115 etiam
3184 3061 3500 3117 dedicatum
3531 3064 3637 3120 sibi

343 3166 456 3218 τῶν
485 3164 720 3218 εἰδώλων
769 3163 1120 3233 ὲϐεὸήλωσαν
1151 3164 1341 3216 στάσει
1372 3180 1386 3192 ο
1435 3162 1939 3231 προσοχθίσματιι

2049 3154 2333 3220 templum,
2368 3150 2516 3220 quod
2557 3149 2720 3204 idolis
2758 3151 2813 3204 in
2861 3167 2926 3206 eo
2953 3151 3244 3208 collocatis
3269 3155 3635 3224 polluerunt;

343 3259 402 3311 δὲ
457 3258 552 3311 καὶ
575 3256 990 3326 βδελύγματιι,
1022 3254 1090 3308 τὰ
1118 3254 1314 3309 εἴδωλα
1361 3251 1660 3324 ὀνομάζει,
1711 3252 1940 3316 βδελύ-

345 3362 544 3415 τματα
579 3345 678 3415 μὲν
699 3343 775 3410 ὡς
823 3341 1149 3414 βδελυγμίας
1180 3343 1388 3412 μεστὰ,
1443 3341 1942 3410 προσοχθίσματα

345 3443 418 3497 τὰ
464 3443 486 3474 ³
522 3441 721 3513 ἀηδίας
767 3440 950 3508 πάσης
993 3439 1296 3508 ἀνάμεστα.
1330 3435 1583 3489 Τοιοῦτόν
1612 3436 1726 3488 ἐστι
1749 3435 1809 3488 τὸ
1837 3434 1943 3487 ὑπὸ

344 3536 449 3606 τῆς
488 3533 790 3596 Ῥεϐέκκας
819 3532 1112 3603 λεγόμενον
1145 3547 1156 3558 ο
1185 3550 1204 3583 ι
1247 3529 1606 3602 Προσώχθικα
1631 3531 1698 3598 τῇ
1729 3527 1872 3599 ψυχῇ
1923 3528 1943 3558 ι

352 3645 458 3698 μου
492 3625 582 3680 διὰ
610 3626 711 3689 τὰς
737 3625 1043 3695 θυγατέρας
1075 3624 1184 3676 τῶν
1210 3621 1532 3675 Χαναναίων
1561 3622 1602 3681 ³,
1636 3623 1684 3674 εί
1712 3619 1942 3692 λήψεται

360 3717 563 3774 Ἰακὼϐ
592 3720 622 3772 ὁ
651 3717 764 3780 υἱός
795 3733 895 3786 μου
925 3713 984 3780 ἐξ
1013 3714 1190 3767 αὐτῶν
1207 3715 1464 3783 γυναῖκα,
1487 3711 1628 3766 ἱνατί
1659 3728 1748 3782 μοι
1770 3711 1890 3782 ζῇν;
1915 3730 1937 3762 ι

345 3811 624 3874 τουτέστι,
663 3808 1031 3878 Βδελύττομαι
1077 3807 1283 3878 σφόδρα
1329 3805 1430 3870 τὰς
1477 3805 1786 3876 θυγατέρας
1836 3805 1943 3858 τῶν

349 3902 699 3956 Χαναναίων.
731 3899 842 3953 Καὶ
880 3899 1042 3953 πάλιν
1075 3901 1103 3952 ὁ
1140 3898 1272 3961 Θεὸς
1303 3897 1391 3950 διὰ
1441 3896 1536 3949 τοῦ
1579 3897 1764 3956 Δαὸὶδ,
1799 3913 1818 3946 ι
1854 3896 1945 3948 Διὸ

350 3992 711 4065 προσώχθισα
742 3994 808 4062 τῆ
845 3992 1010 4062 γενεᾷ
1053 3990 1260 4062 ἐκείνῃ,
1293 3989 1390 4041 καὶ
1429 3983 1613 4040 εἷπονο
1653 3986 1764 4039 Ἀεὶ
1803 3986 1943 4039 πλα-

351 4083 558 4137 νῶνται
578 4084 645 4154 τῇ
665 4080 880 4153 καρδίᾳ·
913 4079 1214 4140 τουτέστιν,
1244 4076 1666 4146 Ἐϐδελυξάμην.
1696 4077 1808 4129 Καὶ
1836 4077 1942 4130 πά-

349 4176 436 4229 λιν
485 4175 617 4244 περὶ
664 4173 760 4226 τοῦ
793 4173 1131 4243 παρανόμου,
1157 4171 1324 4240 φησὶν
1355 4171 1384 4222 ὁ
1415 4169 1578 4232 αὐτὸς
1608 4171 1896 4239 προφήτης
1933 4188 1941 4200 ’

357 4287 376 4319 σ
417 4265 605 4335 Κακία
635 4265 691 4319 δὲ
738 4265 799 4318 οὐ
841 4262 1186 4334 προσώχθισε
1224 4281 1270 4326 i,
1303 4260 1602 4325 τουτέστιν,
1647 4260 1747 4313 οὐκ
1791 4260 1943 4312 ἐϐδε-

347 4359 556 4424 ’Λύξατο
584 4359 683 4430 τὴν
726 4358 943 4412 κακίαν.
979 4376 998 4406 ‹
1035 4356 1109 4409 Οὐ
1150 4355 1396 4424 φείσεται
1431 4352 1722 4423 ,ὀφθαλμός
1745 4353 1767 4384 ⁸
1819 4369 1942 4422 μου,

348 4455 448 4506 καὶ
474 4453 495 4484 ⁷
527 4452 630 4505 οὐκ
651 4452 862 4522 ὲλεήσω
879 4449 1010 4519 ἐγώ.
1051 4468 1067 4498 ι
1104 4447 1352 4517 Τοσαύτη
1394 4449 1426 4518 ή
1458 4447 1558 4518 τῆς
1599 4446 1946 4516 παρανομίας

2045 3245 2360 3313 offensiones
2400 3250 2585 3298 autem
2629 3249 2686 3297 et
2732 3243 3154 3298 abominationes
3180 3286 3195 3310 ,
3238 3245 3383 3301 idola
3418 3264 3636 3304 nuncu-

2045 3345 2138 3408 pat
2167 3355 2179 3390 :
2209 3336 2634 3391 abominationes
2659 3335 2884 3406 quidem
2913 3375 2926 3399 ,
2971 3346 3031 3391 ut
3067 3338 3500 3397 abominationis
3524 3341 3642 3411 ple~

2046 3445 2154 3495 na;
2211 3428 2570 3497 oﬂ'ensiones,
2622 3435 2681 3480 ut
2730 3427 2882 3481 omni
2920 3415 3140 3482 referta
3210 3429 3638 3500 injucunditatc.

2037 3520 2187 3574 Huic
2231 3519 2413 3574 simile
2455 3525 2542 3573 est
2590 3517 2760 3582 illud,
2809 3521 2959 3588 quod
3009 3533 3038 3571 a
3085 3516 3342 3574 Rebecca
3383 3521 3636 3578 dicitur:

2051 3633 2070 3665 ι
2111 3612 2253 3667 Odio
2300 3610 2666 3682 prosequitur
2710 3610 2896 3664 anima
2937 3626 3055 3665 mea
3108 3611 3252 3666 tilias
3290 3612 3640 3670 Cbananaeo-

2046 3715 2202 3754 rum:
2229 3700 2276 3754 si
2307 3699 2527 3753 duxerit
2549 3696 2725 3753 Jacob
2756 3698 2906 3754 ﬁlius
2929 3715 3091 3754 meus
3118 3715 3182 3755 ex
3211 3701 3348 3771 ipsis
3386 3718 3637 3771 uxorem,

2047 3795 2064 3814 ‘
2093 3792 2224 3863 quid
2246 3791 2404 3860 juvat
2443 3806 2532 3845 me
2561 3791 2751 3846 vivere
2781 3790 2793 3840 i
2827 3792 2850 3845 ?
2885 3811 2904 3844 υ
2954 3792 3059 3847 boc
3082 3804 3166 3849 est
3193 3835 3206 3859 ,
3236 3795 3392 3850 valde
3427 3795 3642 3851 abomi-

2049 3901 2149 3939 nor
2182 3884 2326 3938 ﬁlias
2354 3882 2818 3938 Cbanauaaormn.
2848 3882 2915 3938 Et
2940 3899 3141 3940 rursus
3171 3885 3317 3941 Deus
3343 3903 3442 3958 per
3473 3887 3640 3942 Davi-

2046 3978 2210 4032 dem:
2248 3995 2265 4027 ι
2300 3975 2426 4029 Ideo
2448 3974 2696 4030 offensus
2731 3975 2806 4028 lui
2841 3978 3192 4045 generationi
3240 3978 3316 4031 illi
3346 4019 3361 4043 ,
3389 3988 3446 4034 et
3480 3979 3594 4036 dixi
3623 3997 3638 4033 :

2035 4073 2278 4142 Semper
2305 4077 2494 4123 errant
2529 4067 2698 4123 corde
2729 4070 2757 4107 κ
2781 4108 2798 4134 ,
2836 4089 2855 4120 ι
2895 4068 3002 4123 hoc
3023 4077 3131 4135 est,
3166 4078 3454 4125 aversatus
3488 4088 3639 4128 sum.

2043 4165 2115 4218 Et
2139 4164 2209 4218 de
2244 4162 2436 4229 iniquo
2465 4159 2609 4214 idem
2649 4159 2920 4229 PrOpbeta
2955 4161 3070 4214 ait:
3113 4178 3131 4209 ε
3162 4159 3426 4214 Malitiam
3449 4172 3636 4218 autem

2050 4270 2157 4310 non
2199 4250 2417 4307 odivit1
2445 4289 2459 4314 ,
2510 4270 2527 4302 ι
2574 4250 2627 4304 id
2665 4259 2772 4313 est,
2811 4263 2922 4303 non
2960 4249 3316 4305 abominatus
3354 4262 3442 4305 est
3483 4253 3642 4306 mali-

2034 4351 2204 4403 tiam.
2241 4367 2258 4396 ‹
2297 4345 2415 4400 Νοη
2449 4349 2640 4414 parcet
2667 4342 2865 4398 oculus
2920 4358 3079 4397 meus
3105 4381 3120 4407 ,
3166 4352 3220 4396 et
3263 4357 3372 4396 non
3407 4343 3639 4399 misere-

2037 4446 2150 4497 ‘bor
2193 4456 2313 4512 ego.
2350 4459 2369 4490 ι
2413 4437 2588 4492 Tanta
2621 4435 3058 4505 est-iniquitatis
3103 4436 3534 4506 exsuperantia,
3579 4446 3640 4490 ut

350 4543 657 4615 ὑπερϐολὴ,
678 4543 760 4596 ὄτι
794 4543 822 4595 ὁ
851 4541 1099 4611 ἐλεήμων
1123 4539 1292 4593 ἐλεεῖν
1317 4540 1416 4593 οὐκ
1456 4539 1729 4609 ἀνέχεται,
1764 4541 1859 4592 καὶ
1915 4541 1940 4592 ὁ

2049 4533 2368 4588 misericors
2393 4529 2643 4585 misereri
2677 4529 2905 4582 minime
2940 4527 3218 4583 sustinent
3240 4565 3256 4590 ,
3301 4535 3356 4582 et
3394 4527 3642 4583 clemens

350 4635 738 4705 φιλάνθρωπος
795 4632 909 4687 τῶν
957 4629 1339 4702 κολαζομένων
1391 4630 1452 4684 οὐ
1504 4629 1763 4692 φείδεται.
1809 4626 1942 4685 Εἶτα

345 4732 620 4801 διηγεῖται
655 4727 722 4782 τὰ
755 4727 856 4800 ἤδη
904 4725 1320 4798 ἡρμηνευμένα,
1351 4724 1499 4787 ὅπως
1539 4722 1684 4793 λιμῷ
1717 4725 1814 4794 μὲν
1844 4742 1945 4777 πα-

355 4822 589 4896 ραδώσει
618 4821 680 4875 τὸ
717 4820 977 4892 τέταρτον
1002 4861 1017 4886 ,
1047 4818 1142 4871 καὶ
1191 4817 1408 4887 θανάτῳ
1438 4816 1600 4870 πάλιν
1645 4816 1742 4888 τὴν
1777 4816 1943 4888 ἄλλην

354 4917 555 4987 μοῖραν
583 4929 596 4942 ·
627 4907 748 4966 εἶτα
778 4911 876 4982 τὴν
906 4910 1074 4980 ἄλλην
1101 4910 1168 4980 τῇ
1215 4907 1302 4962 διὰ
1332 4907 1427 4961 τοῦ
1462 4907 1702 4979 πολέμου
1733 4911 1940 4981 σφαγῇ,

349 5007 449 5060 καὶ
477 5005 538 5058 τὺ
583 5003 902 5074 λειπόμενον
939 5001 1200 5072 τέταρτον
1231 4998 1601 5070 αἰχμαλωσίᾳ,
1634 4999 1736 5068 τῆς
1766 5017 1941 5070 τιμω-

354 5101 477 5172 ρίας
505 5097 669 5152 πάλιν
699 5097 793 5150 καὶ
819 5093 1032 5157 τούτοις
1062 5091 1479 5161 ἀκολουθούσης.
1507 5091 1616 5143 Καὶ
1639 5092 1867 5160 ἐπάγει·

2051 4644 2080 4682 a
2127 4625 2310 4696 panis
2345 4638 2567 4679 reorum
2612 4637 2723 4676 non
2767 4621 3049 4676 abstineat
3113 4617 3229 4692 [l2]
3277 4619 3482 4675 Deinde
3519 4635 3644 4690 quae

2046 4723 2162 4790 jam
2231 4715 2580 4787 interpretati
2619 4730 2813 4770 sumus
2865 4725 3128 4776 enarrat,
3173 4713 3640 4783 quemadmodum

2049 4815 2195 4869 fame
2217 4821 2470 4883 quartam
2507 4819 2721 4880 partem
2753 4823 2920 4861 uuam
2953 4848 2966 4873 ,
3009 4817 3064 4862 ct
3114 4807 3280 4861 aliam
3325 4818 3503 4862 morte
3545 4807 3643 4878 (id

2051 4914 2137 4964 est
2177 4904 2369 4975 peste)
2399 4922 2413 4965 ;
2451 4911 2566 4956 tum
2609 4901 2773 4955 aliam
2809 4901 2937 4956 belli
2974 4900 3123 4955 caule
3159 4909 3599 4969 consumpturus
3625 4940 3640 4964 ,

2049 4999 2322 5068 reliquam
2354 5003 2564 5067 partem
2589 5003 2845 5064 quartam
2869 4993 3175 5064 captivitati
3205 4993 3522 5049 traditurus
3549 4995 3642 5058 sit,

2053 5095 2237 5165 poenis
2277 5107 2475 5148 rursus
2504 5106 2601 5144 eos
2631 5103 2857 5160 quoque
2889 5088 3380 5160 persequentibus.
3409 5086 3478 5142 Et
3514 5087 3643 5144 sub-

2047 5186 2171 5256 jicit
2200 5203 2213 5238 :

428 5331 444 5383 i
497 5329 636 5386 Gen.
666 5343 838 5396 mm,
869 5325 958 5381 46.
1040 5325 1064 5363 Ι·
1099 5321 1246 5378 Psal.
1290 5335 1436 5383 χειν,
1472 5317 1558 5373 10.
1609 5315 1798 5373 11’sal.
1832 5335 1994 5384 xxxv,
2025 5320 2080 5375 5.

1626 5457 1864 5512 VARle
1905 5457 2314 5516 LECTIONES.

425 5585 474 5620 ﬂ
514 5585 644 5656 γάρ,
747 5579 873 5636 add.
906 5576 1088 5656 φησι..
1135 5572 1326 5656 tua.
1365 5561 1508 5656 βοὶ).
1543 5573 1707 5656 lectio
1724 5570 1899 5656 ακατά.

352 5675 420 5714 ex
452 5656 496 5710 Β
528 5633 934 5710 ἱεὶὶῗέιῖἀᾱιέέεί
967 5633 1129 5703 lectio
1160 5642 1328 5708 Sirm.
1363 5642 1648 5714 ἐργασίαν.
1706 5640 1785 5714 ια’,
1814 5640 1943 5714 Βρο.
1979 5640 2144 5714 lectio
2182 5633 2266 5714 est
2291 5680 2304 5699 ,
2338 5633 2693 5714 διασκορπιῶ.
2725 5706 2750 5714 Β
2774 5633 2952 5714 ’.ὶιόγΖ
2983 5633 3082 5714 ξι)

357 5706 878 5785 ἱῖεἶτίξκεοίηόειῐη
911 5729 983 5775 te.
1062 5716 1084 5748 ³
1121 5715 1209 5770 τά.
1245 5715 1289 5767 Β
1318 5706 1502 5785 praem.
1545 5713 1624 5765 δέ.
1683 5710 1724 5785 _‘
1757 5710 1889 5785 ψυχ.
1917 5712 2058 5785 llec.
2099 5711 2262 5785 lectio
2298 5721 2419 5785 loco
2440 5709 2543 5785 cit.
2565 5715 2681 5785 _est,
2719 5706 2852 5776 ζωῇ.

1997 5572 2039 5602 "
2081 5570 2250 5639 ἀναμ.
2293 5568 2421 5639 Β-ὲν
2469 5566 2662 5639 μέσῳ,
2686 5564 2843 5639 juxta
2875 5563 3149 5639 rec._lect.

3291 5557 3337 5590 ”
3377 5557 3526 5608 άνοσ.
3557 5552 3636 5606 Ita

3087 5645 3236 5686 rtem.
3269 5631 3314 5681 ὁ.
3394 5628 3413 5656 ³
3453 5621 3632 5676 ἀπώσ.

2933 5703 2952 5733 ⁸
2993 5694 3127 5758 Χαν.
3159 5697 3288 5752 Rec.
3328 5696 3490 5751 lectio
3515 5694 3636 5746 loco

353 5768 1113 5862 'e'sij'Jitii'iii-Iiimer
1143 5768 1336 5843 etiam'
1358 5785 1568 5854 reliqua
1595 5797 1652 5840 se
1683 5768 1882 5838 habent
1917 5781 2036 5837 loco
2070 5782 2164 5835 cit.
2241 5780 2258 5811 '
2301 5777 2532 5850 ὸφθαλμ.
2565 5778 2626 5833 Β.
2658 5768 2840 5848 praeui.
2871 5777 2916 5827 ὀ.
2996 5774 3014 5804 ⁷
3057 5770 3168 5826 καί.
3201 5768 3240 5820 Β
3265 5768 3445 5832 uehis.
