4034 6412
461 369 567 432 837
1393 352 1880 432 T-HEODORETI
1947 370 2285 432 EPISCOPI
2343 373 2710 436 cvnensrs
3623 383 3719 444 εδδ

534 484 696 538 Vens.
738 483 820 536 l3.
865 482 928 537 Et
968 481 1314 550 complebitur
1342 480 1500 550 furor
1526 496 1693 542 ms,
1726 488 1778 532 st
1801 481 1886 533 ira
1920 495 2036 533 mea
2065 487 2111 541 Α

2215 488 2300 549 ιγ’.
2332 483 2440 536 Καὶ
2469 487 3025 552 συντελεσθιξσεται
3054 490 3087 540 o'
3132 489 3318 556 θυμός
3353 506 3494 556 μου,
3541 490 3641 543 καὶ
3684 495 3717 560 ἡ

459 590 616 643 super
638 589 726 628 eos
745 611 762 637 ,
792 571 956 642 720
986 579 1036 625 et
1066 568 1407 630 consolabor.
1460 578 1510 622 et
1547 576 1862 636 cognoscent
1905 567 2038 634 quia

2142 571 2290 641 οργή
2316 589 2436 641 μου
2481 573 2578 627 ἐπ’
2608 576 2853 643 αὐτοὺς,
2903 579 2999 631 καί
3029 579 3595 650 παρακληθήσομαι,
3627 584 3718 634 καί

457 677 551 729 ego
581 658 834 712 Dominus
865 658 1072 712 locutus
1104 672 1221 711 sum
1253 657 1308 709 in
1345 656 1459 710 zelo
1487 671 1632 721 meo,
1661 671 1780 708 cum
1813 654 2038 722 comple-

2139 662 2574 732 ἐπιτνώσονται
2612 667 2656 729 ⁸,
2703 666 2855 721 διότι
2899 668 3014 738 ἐγὼ
3044 669 3264 738 Κύριος
3292 670 3608 739 λελάληκα
3655 671 3717 726 ἐν

456 768 574 806 vero
601 752 733 804 iram
759 766 925 804 meum
948 766 1106 818 super
1125 766 1235 803 eos.
1263 748 1469 818 Expers
1493 746 1802 802 aﬁ'ectionis
1822 745 2037 800 Numen

2139 752 2220 819 τῷ
2275 753 2433 823 ζήλῳ
2463 773 2605 825 μου,
2633 757 2705 810 ἐν
2745 757 2826 823 τῷ
2853 759 3219 814 συντελέσαι
3258 775 3338 828 με
3380 759 3495 828 τὴν
3536 761 3717 830 ὀργήν

453 852 564 906 est,
592 850 646 896 et
675 841 746 895 ab
769 844 851 895 ira
877 856 1110 911 prorsus
1137 855 1396 927 vacuum.
1414 838 1603 894 Utitur
1628 853 1812 893 autem
1841 838 2038 892 huma-

2132 860 2255 911 μου
2304 845 2397 898 ἐπ’
2427 848 2668 913 αὺτούς.
2717 848 2947 913 Ἀπαθές
2978 850 3040 903 τὸ
3071 850 3252 915 Θεῐον,
3295 851 3391 904 καὶ
3443 852 3716 915 παντελῶς

455 933 543 986 nis
574 932 928 996 nominibus.
968 932 1042 987 ita
1090 933 1374 1002 appellans
1410 946 1472 985 ea
1508 945 1631 1000 qua;
1682 929 1820 983 ﬁunt
1845 968 1860 992 ,
1906 943 2034 983 cum

2137 937 2428 1009 ἀόργητον,
2452 942 2564 1002 τοῖς
2585 940 2642 992 δέ
2667 940 3032 1012 ἀνθρωπίνοις
3057 941 3288 1011 ὀνόμασι
3315 941 3607 1013 κέχρηται,
3627 941 3716 1006 τὰς

452 1023 703 1078 homines
753 1024 1081 1092 puniuntur.
1116 1022 1252 1077 Illud
1283 1037 1446 1084 vero,
1496 1040 1515 1072 ι
1544 1021 1913 1090 complebitur
1955 1021 2034 1074 ira

2135 1031 2515 1100 τιμωρητικὰς
2563 1031 2844 1101 ἐνεργείας
2869 1031 3012 1086 οὕτω
3044 1032 3488 1104 προσαγορεύων.
3517 1033 3594 1086 Τὸ
3642 1033 3715 1098 δὲ,

449 1131 570 1170 mea
601 1131 772 1185 super
802 1117 977 1187 ipsos.
1016 1138 1034 1168 ι
1085 1117 1227 1171 idem
1260 1115 1535 1186 signiﬁcat
1565 1129 1629 1169 ac
1667 1113 1828 1168 ﬁnem
1863 1113 2034 1168 habe-

2144 1138 2163 1171 ι
2185 1121 2720 1193 Συντελεσθήσεταιή
2753 1124 2888 1194 ὀργή
2915 1141 3016 1193 μου
3047 1123 3134 1176 ἐπ’
3165 1124 3366 1186 αὐτοὺς
3389 1143 3437 1182 ι.
3459 1125 3583 1178 ἀντὶ
3605 1124 3711 1190 τοῦ,

447 1205 550 1260 bit.
574 1205 824 1276 Cumque
853 1206 1199 1277 experientia
1235 1204 1385 1259 docti
1421 1201 1718 1256 didicerint
1756 1201 1863 1270 ipsi
1892 1240 1908 1265 ,
1945 1213 2033 1254 me

2137 1210 2312 1282 πέρας
2342 1211 2591 1283 λήψεται.
2621 1214 2917 1268 Μαθὸντων
2947 1214 3003 1267 δὲ
3034 1215 3217 1269 αὐτῶν
3254 1215 3344 1268 διὰ
3376 1216 3472 1285 τῆς
3502 1217 3711 1288 πείρας,

452 1298 620 1354 Deum
649 1313 775 1354 esse
801 1314 864 1352 ac
894 1299 1205 1360 Dominum,
1237 1297 1329 1365 qui
1357 1301 1646 1349 aversatus
1693 1307 1883 1346 eorum
1914 1305 2035 1346 sce-

2136 1305 2218 1356 ὂτι
2268 1303 2402 1365 Θεός
2432 1305 2570 1374 εἰμι,
2605 1307 2700 1358 καὶ
2732 1307 3007 1376 Δεσπότης
3030 1309 3072 1370 ⁸,
3105 1307 3188 1360 ὅτι
3232 1308 3332 1377 τὴν
3374 1309 3712 1376 παρανομίαν

449 1392 564 1447 lera
598 1392 878 1463 Supplicia
908 1391 1108 1455 intuli,
1139 1387 1492 1443 consolabor.
1530 1383 1646 1439 Hoc
1675 1384 1822 1439 enim
1847 1382 2034 1437 consi-

2139 1394 2315 1448 αὐτῶν
2349 1395 2739 1466 βδελυξάμενος
2780 1397 2878 1469 τὴν
2903 1399 3173 1470 τιμωρίαν
3203 1400 3510 1468 ἐπήγαγον,
3542 1417 3711 1470 παρα-

450 1487 526 1542 lio
560 1500 754 1560 pceuas
789 1483 1048 1553 irrogari.

2135 1485 2477 1557 κληθήσομαι
2509 1503 2521 1516 ·
2552 1488 2648 1540 ἐπὶ
2676 1489 2832 1541 τοῦτο
2881 1491 2987 1560 γάρ
3030 1491 3124 1543 καὶ
3188 1490 3286 1554 τὰς,
3330 1492 3583 1554 κολάσεις
3617 1493 3712 1544 ἐπ-

2134 1579 2361 1646 ήγαγον.

517 1669 685 1726 Vens.
723 1670 806 1724 14.
844 1667 914 1722 Et
941 1681 1134 1734 ponam
1159 1673 1205 1718 te
1235 1665 1289 1717 in
1319 1663 1618 1724 desertum,
1660 1669 1710 1714 et
1758 1660 1812 1712 in
1839 1673 2032 1726 oppro-

2208 1666 2288 1719 ιδ’.
2330 1667 2441 1722 Καὶ
2467 1668 2726 1738 θήσομαι
2745 1683 2819 1723 σε
2849 1670 2938 1734 είς
2959 1668 3202 1737 ἔρημον,
3229 1670 3330 1724 καί
3359 1671 3401 1703 ⁸ο
3436 1673 3523 1736 είς
3563 1672 3712 1725 ὄνει-

447 1765 619 1816 crium
650 1763 739 1824 iis,
763 1761 853 1830 qui
876 1768 997 1814 sunt
1021 1759 1072 1810 in
1101 1757 1331 1810 circuitu
1360 1764 1470 1808 tuo.
1493 1753 1608 1807 lloc
1630 1765 1851 1822 quoque
1882 1749 2032 1804 sufﬁ-

2135 1757 2242 1823 δος
2279 1760 2316 1790 ¹¹
2346 1759 2470 1825 τοῖς
2501 1762 2706 1826 κύκλῳ
2740 1775 2879 1818 σου.
2935 1763 3140 1815 Ἱκανὸν
3179 1763 3273 1816 καὶ
3319 1761 3478 1816 τοῦτο
3504 1763 3713 1833 πικρῶς

446 1859 600 1909 ciens
638 1861 720 1908 est
755 1851 822 1905 ad
851 1851 1050 1905 acerbe
1088 1864 1209 1902 eam
1236 1844 1696 1908 excruciandum,
1723 1845 1770 1899 si
1799 1843 2032 1898 ﬁnitima

2137 1853 2380 1916 ἀνιᾶσαι,
2403 1853 2464 1916 τὸ
2487 1855 2613 1917 τοὺς
2638 1856 2701 1907 ἐκ
2720 1855 2978 1922 γειτότων
3007 1855 3312 1919 οἰκοῦντας,
3335 1857 3431 1908 καὶ
3455 1819 3713 1924 διηνεκῶς

449 1949 568 2001 loca
619 1945 965 2008 incolentes,
1016 1951 1071 1996 et
1126 1939 1480 1993 continenter
1537 1936 1846 1995 bellantes.
1905 1932 2033 1986 irri-

2136 1943 2733 2015 ἐκπεπολεμωμένους,
2787 1946 3048 2014 ἐπιγελᾷν
3101 1947 3180 2009 ³³,
3233 1947 3328 2000 καὶ
3383 1949 3450 2016 τῇ
3511 1948 3713 2017 ἐρημίᾳ

443 2040 654 2101 deant,
721 2047 775 2091 et
828 2035 948 2104 ejus
995 2030 1236 2088 illudant
1294 2025 1611 2084 solitudini.
1693 2045 1712 2077 ι
1760 2024 1829 2078 Ει
1888 2025 2033 2079 ﬁlias

2134 2035 2496 2107 ἐπεντρυφᾷν.
2534 2056 2551 2087 ι
2591 2038 2700 2090 Καὶ
2722 2037 2820 2101 τὰς
2849 2037 3155 2110 θυγατέρας
3178 2040 3231 2071 ⁴³³
3272 2039 3371 2102 τάς
3398 2039 3583 2109 κύκλῳ
3624 2056 3711 2092 σου

443 2147 564 2202 quin
606 2139 737 2186 sunt
773 2129 829 2184 in
856 2127 1093 2183 circuitu
1122 2135 1216 2178 tuo
1257 2124 1312 2178 in
1353 2129 1654 2189 conspectu
1680 2119 1864 2173 omnis
1893 2125 2022 2188 pra:-

2133 2126 2362 2180 ἐνὼπιον
2391 2129 2590 2192 παντὸς
2619 2129 2968 2194 διοδεύοντος.
3005 2149 3023 2182 ι
3063 2130 3401 2200 Θυγατέρας
3432 2132 3591 2185 καλεῖ
3620 2132 3712 2194 τὰς

443 2221 736 2276 tereuntis.
781 2238 800 2271 ι
849 2216 1018 2271 Filias
1043 2220 1202 2270 vocat
1235 2210 1519 2281 subjectas
1551 2209 1716 2264 urbes
1759 2216 1814 2263 et
1855 2209 2031 2279 regio-

1460 2225 1519 2264 as
1551 2209 1716 2264 urbes
1759 2216 1814 2263 et
1855 2209 2031 2279 regiO-
2133 2219 2498 2289 ὑποκειμένας
2521 2221 2702 2285 πόλεις
2724 2223 2817 2274 καὶ
2845 2221 3053 2292 κώμας.

444 2329 564 2368 IICS.

514 2403 682 2459 Vens.
718 2403 804 2458 l5.
844 2400 912 2456 Et
934 2401 1039 2455 eris
1069 2397 1289 2465 suspirii
1317 2397 1474 2464 plena
1495 2433 1510 2459 ,
1541 2393 1832 2462 manifesta
1865 2392 2028 2446 disci-

2205 2411 2285 2457 ιε’.
2323 2405 2433 2458 Kal
2484 2405 2527 2434 ιδ
2573 2404 2688 2474 ἔσῃ
2746 2406 3071 2474 στενακτὴ,
3116 2408 3215 2461 καί
3260 2407 3419 2477 δήλη
3473 2408 3713 2478 παιδείᾳ

439 2499 609 2566 plina,
642 2505 690 2550 et
723 2492 1165 2555 desolationibus,
1196 2501 1245 2545 et
1276 2490 1408 2560 ﬁlia:
1435 2497 1539 2541 tuae
1572 2487 1628 2540 in
1670 2486 1898 2539 circuitu
1941 2493 2028 2538 tuo

2130 2495 2230 2550 καί
2262 2495 2647 2566 ἀφανισμοῖς,
2675 2498 2773 2551 καί
2798 2499 2858 2551 al
2877 2497 3194 2568 θυγατέρες
3217 2515 3335 2554 σου
3367 2501 3572 2568 κύκλῳ
3594 2518 3710 2557 σου

441 2591 496 2643 in
537 2587 812 2659 gentibus,
850 2602 967 2656 qua:
1013 2594 1136 2653 sunt
1181 2585 1237 2637 in
1285 2581 1514 2636 circuitu
1559 2587 1668 2633 tuo.
1710 2578 1987 2648 Insignem
2012 2616 2026 2641 ,

2128 2589 2199 2642 ἐν
2225 2591 2350 2656 τοῖς
2372 2589 2576 2644 ἔθνεσι
2601 2589 2724 2656 τοῖς
2749 2591 2954 2655 κύκλῳ
2977 2606 3116 2645 σου.
3163 2592 3468 2664 Ἐπίσημόν
3497 2610 3580 2660 σε,
3608 2612 3710 2665 φη-

441 2681 659 2752 inquit,
705 2688 759 2735 te
798 2679 958 2732 malis
989 2675 1183 2729 faciam
1219 2688 1231 2725 :
1272 2673 1344 2726 ita
1387 2680 1447 2724 ut
1478 2685 1673 2725 omnes
1702 2669 1796 2738 qui
1831 2666 2028 2722 audie-

2132 2682 2216 2734 civ
2247 2681 2311 2746 ",
2361 2682 2418 2734 ἐν
2467 2683 2578 2745 τοῖς
2620 2683 2812 2744 κακοῖς
2853 2683 3086 2753 ποιήσω,
3142 2682 3284 2736 ὥστε
3334 2684 3546 2748 πάντας
3585 2688 3711 2750 τοὺς

441 2776 554 2828 rint
586 2782 642 2828 et
670 2783 824 2828 tuum
862 2779 917 2825 et
949 2767 1322 2836 subiectarum
1355 2763 1456 2819 tibi
1489 2762 1710 2816 urbium
1737 2773 2030 2831 pagorum-

2128 2771 2426 2835 ἀκούοντας
2455 2772 2544 2825 τὸν
2569 2772 2876 2842 ἀφανισμόν
2908 2790 3026 2838 σου,
3063 2774 3160 2828 καὶ
3186 2774 3296 2826 τῶν
3333 2774 3711 2846 ὑποκειμένων

439 2881 548 2937 que
573 2865 884 2927 interitum,
912 2861 1198 2931 suspirent
1225 2873 1289 2912 ac
1322 2858 1570 2926 lugeant.
1615 2871 1633 2902 ι
1667 2852 1805 2906 Cum
1844 2851 2028 2907 fecero

2131 2882 2214 2918 σοι
2240 2865 2446 2918 πόλεων
2481 2865 2573 2918 καὶ
2601 2865 2826 2935 κωμῶν,
2860 2867 3065 2919 στένειν
3093 2867 3184 2920 καὶ
3210 2866 3520 2937 ὀδύρεσθαι.
3553 2886 3572 2920 ι
3623 2869 3711 2922 Ἐν

439 2972 542 3027 ego
567 2956 619 3009 in
652 2964 704 3010 te
728 2953 935 3025 judicia
961 2954 1016 3006 in
1044 2951 1125 3006 ira
1157 2957 1214 3004 et
1245 2948 1452 3011 furore,
1484 2946 1541 2999 in
1577 2944 1787 2998 ultione
1816 2942 2028 2998 furoris

2127 2957 2207 3028 τῷ
2239 2957 2462 3030 ποιῆσαί
2488 2975 2554 3028 με
2584 2959 2644 3010 ἐν
2689 2959 2772 3011 σοὶ
2805 2959 3049 3029 κρίματα
3087 2962 3144 3012 ἐν
3169 2960 3306 3032 ὀργῇ
3331 2961 3423 3014 καὶ
3443 2963 3502 3016 ἐν
3526 2961 3709 3032 θυμῷ,

439 3056 494 3102 et
526 3045 1021 3116 increpationibus.
1057 3061 1075 3095 ι
1112 3039 1319 3096 Deinde
1341 3052 1541 3094 vacare
1567 3034 1879 3100 mendacio,
1905 3049 2028 3105 quae

2128 3051 2186 3103 ἐν
2215 3050 2490 3121 ἐκδικήσει
2515 3049 2710 3120 Θυμοῦ,
2743 3050 2835 3103 καὶ
2864 3050 3126 3121 ἐλέγχοις.
3164 3069 3182 3102 ›
3220 3048 3355 3106 Εἶτα
3393 3052 3454 3106 τὸ
3478 3053 3713 3124 ἀψευδὲς

439 3137 585 3191 dicta
620 3141 786 3199 sunt,
813 3133 1116 3188 ostendens
1150 3150 1163 3185 :

1363 3219 1375 3223 _
1505 3217 1516 3223 _
1649 3215 1660 3223 .
2053 3165 2096 3223 ε
2128 3140 2341 3204 δεικνὺς
2365 3142 2407 3172 ¹⁶
2437 3140 2548 3195 τῶν
2569 3142 2894 3212 εἰρημένων,

511 3227 678 3283 Vens.
724 3226 812 3281 16.
861 3224 975 3296 Ego
1023 3223 1278 3278 Dominus
1304 3259 1320 3286 ,
1363 3217 1545 3287 inquit
1575 3255 1590 3278 ,
1641 3215 1850 3269 locutus
1883 3232 2020 3271 sunt.
2061 3215 2095 3223 “

2200 3232 2296 3296 ις’.
2344 3231 2484 3302 Ἐγὼ
2513 3233 2554 3264 ⁸⁷
2587 3233 2819 3300 Κύριος,
2877 3233 3011 3304 φησὶ
3041 3235 3108 3300 ¹⁸,
3158 3236 3490 3304 λελάληκα.
3528 3238 3711 3311 Ἰκανὴ

441 3318 538 3373 Est
581 3321 727 3374 enim
777 3331 1027 3388 personae
1068 3311 1377 3370 declaratio
1423 3307 1705 3365 sufﬁciens
1748 3307 1906 3378 72],
1953 3308 2019 3363 ad

2124 3323 2233 3393 γάρ
2261 3326 2293 3394 ἡ
2325 3323 2419 3376 τοῦ
2450 3322 2740 3393 προσώπου
2767 3324 3000 3389 δήλωσις
3033 3325 3133 3379 τὴν
3157 3325 3417 3397 ἀλήθειαν
3437 3328 3631 3393 δεῖξαι.

439 3413 726 3465 veritatem
760 3407 1185 3465 ostendendam.

511 3499 645 3555 Cum
686 3501 878 3552 misero
917 3513 1010 3567 ego
1049 3496 1274 3565 sagittas
1314 3511 1457 3549 meas
1498 3496 1656 3561 famis
1699 3509 1853 3564 super
1888 3508 1976 3546 eos
2001 3530 2017 3556 ,

2207 3511 2304 3563 Ἐν
2338 3508 2419 3574 τῷ
2459 3510 2499 3542 ¹⁹
2538 3508 2964 3574 ἐξαποστεῖλαι
3006 3527 3082 3578 με
3130 3528 3236 3578 τας
3281 3513 3546 3580 ,βολίδας
3586 3532 3709 3584 μου

437 3603 489 3647 et
519 3601 670 3646 erunt
708 3591 763 3644 in
795 3588 1178 3656 defectionem:
1217 3599 1264 3642 et
1305 3587 1510 3641 mittam
1542 3604 1652 3651 eas,
1690 3596 1746 3639 ut
1783 3601 2021 3639 corrum-

2122 3603 2229 3656 τοῦ
2266 3602 2446 3670 λιμοῦ
2474 3602 2568 3654 ἐπ’
2588 3602 2833 3668 αὐτοὺς,
2867 3603 2966 3656 καὶ
2987 3602 3234 3658 ἔσονται
3265 3606 3353 3671 είς
3386 3605 3672 3675 ἔκλειψιν
3691 3626 3704 3640 ·

438 3703 687 3754 pamros.
732 3691 780 3738 et
820 3684 1012 3752 famem
1042 3680 1390 3752 congregaba,
1411 3683 1426 3700 ‘
1458 3691 1507 3735 et
1541 3690 1807 3735 conteram
1834 3680 2020 3748 ﬁrma-

2121 3693 2220 3747 καί
2246 3692 2564 3747 ἀποστελῶ
2589 3693 2774 3759 αὐτὰς
2802 3693 3134 3762 διαφθεῷαι
3181 3694 3359 3764 ὑμᾶς,
3386 3699 3487 3753 καί
3523 3703 3710 3769 λιμὸν

439 3787 670 3833 utentum
699 3776 851 3845 panis
886 3774 982 3830 tui.
1015 3773 1206 3845 (Vens.
1234 3775 1346 3842 17.)
1376 3773 1442 3826 Et
1472 3773 1712 3828 emittam
1741 3774 1796 3826 in
1825 3781 1871 3825 te
1899 3771 2016 3841 gla-

2120 3784 2420 3848 συντάξω,
2462 3784 2563 3838 καί
2609 3787 2922 3854 συντρίψω
2971 3789 3269 3858 στήριγμα
3322 3789 3506 3858 ἄρτου
3564 3810 3705 3847 σου.

438 3871 587 3924 dium
615 3910 630 3934 ,
673 3877 722 3922 et
757 3867 953 3922 bestias
995 3868 1169 3920 malas
1192 3913 1206 3934 ,
1252 3876 1302 3919 et
1339 3866 1555 3933 puniam
1587 3875 1673 3928 te;
1707 3873 1755 3918 et
1787 3879 1928 3916 mors
1968 3871 2019 3915 et

2121 3873 2234 3944 (ιζ’)
2266 3874 2375 3929 Kal
2405 3873 2795 3939 ἐξαποστελῶ
2828 3877 2927 3930 ἐπὶ
2949 3879 3026 3930 σὲ
3048 3880 3376 3948 ῥομφαίαν,
3407 3882 3505 3935 καὶ
3529 3885 3710 3952 θηρία

438 3958 658 4028 sanguis
685 3956 933 4011 transibit
960 3971 1117 4025 super
1139 3966 1204 4020 te,
1237 3964 1285 4009 et
1316 3955 1555 4024 gladium
1580 3952 1832 4008 inducant
1861 3967 2019 4020 super

2119 3960 2375 4029 πονηρὰ,
2411 3961 2509 4015 καί
2558 3964 2964 4034 τιμωρήσομαί
3011 3981 3105 4030 σε,
3147 3968 3246 4022 καί
3299 3969 3558 4038 θάνατος
3607 3975 3707 4027 καί

439 4061 489 4110 te
526 4049 580 4103 iu
612 4050 838 4103 circuitu
881 4065 898 4102 :
949 4063 1043 4118 ego
1091 4047 1350 4102 Dominus
1387 4047 1593 4102 locutus
1626 4061 1765 4100 sum.
1812 4042 2015 4098 Eadem

2118 4051 2263 4125 αἷμα
2307 4055 2678 4110 διελεύσεται
2728 4057 2827 4111 ἐπὶ
2859 4058 2955 4122 σὲ,
3013 4059 3114 4114 καί
3157 4061 3462 4131 ῥομφαίαν
3498 4063 3710 4130 ἐπάξω

437 4143 639 4213 εωρὶιιε
668 4143 804 4197 dicit
849 4141 1132 4198 deterrere
1156 4140 1391 4210 cupiens
1417 4139 1732 4202 audientes,
1766 4145 1828 4191 ut
1854 4137 2019 4191 mise-

2115 4147 2213 4202 ἐπί
2243 4149 2318 4202 σὲ
2356 4151 2687 4204 κυκλόθενο
2711 4149 2826 4220 ἐγὼ
2855 4152 3069 4220 Κύριος
3091 4155 3424 4222 λελάληκα.
3449 4157 3528 4212 Τὰ
3563 4159 3708 4213 αὐτὰ

436 4235 693 4291 rabilium
732 4233 1002 4288 malorum
1050 4243 1197 4287 metu
1249 4232 1316 4286 ad
1369 4245 1554 4286 veram
1601 4230 1868 4300 pietatem
1917 4243 2016 4284 eos

2119 4237 2378 4300 πολλάκις
2409 4237 2578 4306 λέγει,
2626 4237 2932 4302 δεδίξασθαι
2961 4238 3286 4310 βουλόμενος
3314 4243 3440 4305 τοὺς
3469 4244 3707 4297 ἀκούον-

437 4325 732 4389 traducat,
781 4333 836 4379 et
885 4341 953 4380 ne
994 4334 1228 4396 cogatur
1267 4324 1324 4377 in
1359 4322 1471 4378 illis
1504 4320 1669 4377 edere
1697 4317 2015 4390 exemplum

2117 4348 2236 4394 τας,
2269 4331 2358 4384 ἵνα
2387 4329 2465 4401 τῷ
2490 4329 2640 4400 φόϐῳ
2690 4330 2798 4385 τῶν
2821 4331 3084 4400 ἀλγεινῶν
3109 4334 3191 4396 είς
3214 4333 3498 4388 εὐσέϐειαν
3527 4353 3705 4404 μετα-

433 4431 622 4472 eorum
658 4431 779 4486 qua:
803 4417 1068 4470 minatur.
1108 4415 1318 4469 Bestius
1352 4429 1486 4469 vero
1515 4413 1711 4480 malas,
1739 4412 2013 4469 crudelis-

2118 4418 2278 4490 ϐάλῃ,
2327 4420 2422 4472 καὶ
2471 4418 2570 4488 τῆς
2616 4419 2848 4488 ἀπειλῆς
2882 4419 2955 4489 μὴ
3006 4421 3263 4491 ἐπαγάγῃ
3322 4423 3422 4494 τὴν
3477 4427 3702 4496 πεῖραν.

434 4511 606 4565 simos
630 4508 918 4564 Chaldaeos
944 4508 1236 4577 appellavit
1258 4550 1272 4573 ,
1325 4507 1504 4562 instar
1548 4506 1844 4562 bestiarum
1890 4520 2018 4561 san-

2123 4508 2307 4574 Θηρία
2346 4506 2403 4560 δὲ
2450 4506 2682 4575 πονηρὰ
2711 4508 2836 4571 τοὺς
2881 4508 3198 4578 ὠμοτάτους
3226 4511 3529 4577 Χαλδαίους
3564 4513 3708 4566 ὼνὸο

432 4604 618 4673 guinis
651 4601 975 4671 cupidarum
1008 4599 1330 4654 invadentes
1355 4639 1369 4664 ,
1400 4609 1455 4653 et
1483 4598 1627 4653 alios
1655 4596 2012 4662 occidentes,

2117 4611 2312 4664 μασεν,
2360 4594 2517 4666 δίκην
2549 4593 2753 4666 Θηρίων
2786 4595 3082 4666 ὡμοὸόρων
3117 4598 3393 4664 ἐπιόντας,
3438 4603 3535 4655 καὶ
3577 4603 3704 4664 τοὺς

433 4697 574 4750 alios
603 4696 761 4750 vivos
794 4694 1078 4760 capientes
1104 4731 1119 4756 ,
1170 4692 1310 4746 alios
1339 4690 1487 4746 bello
1517 4697 1712 4759 captos
1742 4689 1798 4742 in
1830 4688 2012 4746 servi-

2118 4686 2217 4754 μὲν
2242 4686 2748 4755 κατασφάττοντας,
2781 4686 2909 4749 τοὺς
2938 4686 2994 4739 δὲ
3024 4685 3372 4758 ζωγροῦντας
3395 4693 3489 4744 καὶ
3539 4691 3706 4762 δορυ-

432 4794 604 4841 tutem
631 4785 989 4842 abducentes.

2115 4773 2355 4836 αλώτους
2377 4774 2771 4840 λαμϐάνοντας.

1041 4876 1272 4934 CAPUT
1312 4877 1402 4932 Vl.

2725 4869 2977 4922 ΚΕΦΑΛ.
3012 4873 3099 4938 σο.

500 4965 668 5024 Vens.
713 4969 774 5034 Ι,
813 4968 868 5023 2.
927 4967 994 5023 Ει
1023 4969 1200 5040 Iactus
1228 4980 1305 5024 est
1331 4985 1500 5023 sermo
1535 4967 1743 5022 Domini
1783 4966 1852 5020 ad
1882 4983 1963 5020 me
1986 5005 2007 5030 ,

2185 4981 2254 5030 α,
2291 4964 2356 5036 β’.
2385 4967 2495 5019 Καὶ
2526 4966 2765 5036 ἐγένετο
2794 4966 2977 5037 λόγος
3030 4969 3251 5036 Κυρίου
3282 4970 3432 5037 πρός
3464 4987 3543 5038 με
3592 4987 3697 5026 ..ε-

430 5057 643 5113 dicens:
666 5057 775 5114 Fili
802 5060 1028 5115 hominis
1050 5103 1064 5126 ,
1095 5061 1255 5131 ﬁrma
1292 5062 1485 5131 [aciem
1518 5069 1664 5114 tuam
1696 5060 1767 5112 ad
1805 5067 2006 5113 montes

2112 5073 2232 5125 των
2263 5072 2277 5086 ·
2316 5056 2410 5110 rte
2445 5056 2778 5124 ἀνθρώπου,
2808 5057 3105 5126 στήρισον
3128 5059 3192 5114 τὸ
3221 5061 3550 5128 πρόσωπόν
3575 5078 3701 5118 σου

434 5150 655 5205 Israelis
676 5190 690 5214 ,
714 5158 764 5204 et
787 5151 1039 5218 propheta
1071 5153 1139 5204 ad
1165 5169 1252 5206 eos
1273 5193 1288 5216 ,
1329 5161 1380 5207 et
1421 5153 1583 5206 dices.
1636 5150 1848 5206 Montes
1892 5165 2002 5205 non

2109 5150 2208 5206 ἐπί
2241 5149 2315 5203 τὰ
2343 5149 2452 5218 ὄρη
2490 5150 2760 5218 Ἰσραὴλ,
2799 5152 2900 5204 καὶ
2939 5151 3366 5222 προφήτευσον
3392 5154 3485 5208 ἐπ’
3517 5157 3697 5222 αὐτὰ,

1690 5333 1925 5389 VARIAL
1966 5333 2367 5392 LECTIONES.

497 5471 521 5506 ⁸
560 5471 689 5528 Πιθεῖ·
721 5471 885 5548 lectio
910 5482 1015 5548 est.
1039 5471 1383 5548 éﬁfTVlbqn.“
1414 5475 1435 5506 ⁹
1473 5473 1550 5529 Ex
1581 5474 1621 5528 Β
1647 5476 1829 5548 suppl.
1907 5476 1949 5507 "
1989 5475 2164 5548 καὶ-τ-
2189 5477 2372 5548 κύκλῳ
2405 5495 2517 5532 σου.
2555 5477 2681 5534 Des.
2716 5477 2856 5547 apud
2894 5473 3065 5548 LXX.
3095 5481 3293 5548 praeter
3317 5475 3441 5548 Ald.
3494 5477 3560 5548 _“
3603 5475 3689 5530 δν.

428 5559 480 5617 τ.
501 5562 563 5617 μκ.
598 5560 713 5617 σου.
761 5543 810 5617 _A_
841 5541 1167 5617 ’ὀνειδισμὸν
1196 5541 1679 5617 τοῖξέθνεσιν-τοῖς
1709 5541 1895 5617 κύκλῳ
1944 5563 2060 5601 σου.
2113 5546 2189 5602 lta
2236 5541 2453 5617 tutoque
2484 5548 2606 5603 Ald.
2687 5541 2814 5601 ΤΒ
2845 5541 3178 5617 ἐπεγγελᾷν.
3254 5545 3296 5576 ¹³
3332 5546 3433 5617 τάς
3486 5546 3686 5617 θυγατ.

430 5616 475 5687 ᾖ
500 5614 709 5687 b_e_st_ab
759 5611 924 5687 Hebr.
959 5684 970 5687 _
1005 5611 1240 5687 ’ἤμεε
1271 5625 1424 5687 sunt_
1449 5615 1730 5687 legiones
1758 5611 1920 5687 hujus
1949 5631 2092 5672 vers.
2121 5611 2266 5687 apud
2316 5611 2480 5672 LXX.
2555 5619 2602 5651 ¹⁸
2638 5617 2686 5687 Β
2711 5617 2863 5687 φησι,
2898 5611 3008 5687 σίζ’
3076 5611 3121 5687 εδ
3157 5614 3347 5687 δεικν.
3372 5613 3496 5671 Des.
3529 5611 3583 5687 in
3616 5616 3683 5670 Β.

433 5682 475 5714 ⁸⁹
516 5683 675 5757 *Ἐγὼᾼ
718 5685 860 5756 Κύρ.
899 5681 1179 5757 λελκ-ῌ-ιεο
1220 5683 1374 5752 juxta
1404 5681 1543 5757 ωικ
1589 5693 1639 5738 et
1670 5681 1847 5757 :ﬂebr.
1881 5681 2253 5756 pertinent'ad
2300 5703 2444 5745 vers.
2481 5688 2570 5744 l5.
2649 5686 2693 5722 ¹³
2723 5681 2884 5757 ⁷φὴσί.
2924 5685 3047 5741 Des.
3086 5685 3137 5738 in
3172 5684 3231 5736 Β.
3313 5685 3355 5716 ’⁵
3396 5687 3454 5738 ἐν
3487 5684 3587 5755 τῷ,
3622 5704 3680 5740 κ.

433 5768 479 5804 τ.
516 5752 564 5805 λ.
596 5746 767 5808 Ἁιὶιρι·
802 5746 942 5814 apud
974 5751 1112 5805 LXX
1141 5746 1240 5824 leg'.
1281 5767 1422 5808 vers.
1461 5753 1530 5806 16
1572 5763 1625 5808 et
1662 5746 1744 5808 47.
