  <div class='ocr_page' id='page_1' title='image "/cluster/home/n/w/nwhite01/storage/ocr_20150623/81:no.2/coo.31924054869825/446.png"; bbox 0 0 4034 6406; ppageno 0'>
   <div class='ocr_carea' id='block_1_1' title="bbox 323 354 430 424">
    <p class='ocr_par' dir='ltr' id='par_1_1' title="bbox 323 354 430 424">
     <span class='ocr_line' id='line_1_1' title="bbox 323 354 430 424; baseline -0.009 0"><span class='ocrx_word' id='word_1_1' title='bbox 323 354 430 424; x_wconf 75' lang='grc'><strong>87⁵1</strong></span> 
     </span>
    </p>
   </div>
   <div class='ocr_carea' id='block_1_2' title="bbox 1462 342 2368 427">
    <p class='ocr_par' dir='ltr' id='par_1_2' title="bbox 1462 342 2368 427">
     <span class='ocr_line' id='line_1_2' title="bbox 1462 342 2368 427; baseline -0.008 -16"><span class='ocrx_word' id='word_1_2' title='bbox 1462 348 1543 410; x_wconf 86' lang='lat' dir='ltr'><strong>IN</strong></span> <span class='ocrx_word' id='word_1_3' title='bbox 1575 342 2024 409; x_wconf 83' lang='lat' dir='ltr'><strong>EZECHIELIS</strong></span> <span class='ocrx_word' id='word_1_4' title='bbox 2051 342 2210 427; x_wconf 80' lang='lat' dir='ltr'><strong>CAP.</strong></span> <span class='ocrx_word' id='word_1_5' title='bbox 2235 343 2368 406; x_wconf 81' lang='lat' dir='ltr'><strong>VII.</strong></span> 
     </span>
    </p>
   </div>
   <div class='ocr_carea' id='block_1_3' title="bbox 3459 344 3566 407">
    <p class='ocr_par' dir='ltr' id='par_1_3' title="bbox 3459 344 3566 407">
     <span class='ocr_line' id='line_1_3' title="bbox 3459 344 3566 407; baseline 0.009 -1"><span class='ocrx_word' id='word_1_6' title='bbox 3459 344 3566 407; x_wconf 89' lang='lat'><strong>878</strong></span> 
     </span>
    </p>
   </div>
   <div class='ocr_carea' id='block_1_4' title="bbox 397 446 1919 532">
    <p class='ocr_par' dir='ltr' id='par_1_4' title="bbox 397 451 1901 532">
     <span class='ocr_line' id='line_1_4' title="bbox 397 451 1901 532; baseline -0.011 -14"><span class='ocrx_word' id='word_1_7' title='bbox 397 464 482 518; x_wconf 78' lang='lat' dir='ltr'><strong>tO&#39;.</strong></span> <span class='ocrx_word' id='word_1_8' title='bbox 513 461 621 518; x_wconf 81' lang='lat' dir='ltr'><strong>Kal</strong></span> <span class='ocrx_word' id='word_1_9' title='bbox 656 461 725 516; x_wconf 82' lang='grc' dir='ltr'>τὸ</span> <span class='ocrx_word' id='word_1_10' title='bbox 753 459 1038 532; x_wconf 53' lang='grc' dir='ltr'>ἀργύριον</span> <span class='ocrx_word' id='word_1_11' title='bbox 1081 456 1280 513; x_wconf 79' lang='grc' dir='ltr'>αὐτῶν</span> <span class='ocrx_word' id='word_1_12' title='bbox 1317 455 1387 510; x_wconf 78' lang='grc' dir='ltr'><strong>ἐν</strong></span> <span class='ocrx_word' id='word_1_13' title='bbox 1425 455 1557 522; x_wconf 81' lang='grc' dir='ltr'>ταῖς</span> <span class='ocrx_word' id='word_1_14' title='bbox 1589 451 1901 514; x_wconf 72' lang='grc' dir='ltr'><strong>πλατείαις</strong></span> 
     </span>
    </p>
   </div>
   <div class='ocr_carea' id='block_1_5' title="bbox 2021 446 3571 532">
    <p class='ocr_par' dir='ltr' id='par_1_5' title="bbox 2077 446 3571 522">
     <span class='ocr_line' id='line_1_5' title="bbox 2077 446 3571 522; baseline 0.001 -22"><span class='ocrx_word' id='word_1_15' title='bbox 2077 447 2246 505; x_wconf 75' lang='lat' dir='ltr'><strong>Vsus.</strong></span> <span class='ocrx_word' id='word_1_16' title='bbox 2280 450 2365 505; x_wconf 84' lang='lat' dir='ltr'><strong>l9.</strong></span> <span class='ocrx_word' id='word_1_17' title='bbox 2407 447 2476 503; x_wconf 79' lang='lat' dir='ltr'><strong>Et</strong></span> <span class='ocrx_word' id='word_1_18' title='bbox 2506 459 2781 522; x_wconf 81' lang='lat' dir='ltr'><strong>argentum</strong></span> <span class='ocrx_word' id='word_1_19' title='bbox 2811 450 3048 520; x_wconf 85' lang='lat' dir='ltr'><strong>ipsorum</strong></span> <span class='ocrx_word' id='word_1_20' title='bbox 3091 447 3144 500; x_wconf 84' lang='lat' dir='ltr'><strong>in</strong></span> <span class='ocrx_word' id='word_1_21' title='bbox 3172 446 3362 516; x_wconf 83' lang='lat' dir='ltr'><strong>plateis</strong></span> <span class='ocrx_word' id='word_1_22' title='bbox 3404 449 3571 518; x_wconf 82' lang='lat' dir='ltr'><strong>proji—</strong></span> 
     </span>
    </p>
   </div>
   <div class='ocr_carea' id='block_1_6' title="bbox 317 538 1902 625">
    <p class='ocr_par' dir='ltr' id='par_1_6' title="bbox 317 538 1902 625">
     <span class='ocr_line' id='line_1_6' title="bbox 317 538 1902 625; baseline -0.01 -18"><span class='ocrx_word' id='word_1_23' title='bbox 317 554 658 625; x_wconf 59' lang='grc' dir='ltr'>ῥιφήσεται,</span> <span class='ocrx_word' id='word_1_24' title='bbox 693 551 794 606; x_wconf 78' lang='grc' dir='ltr'>καὶ</span> <span class='ocrx_word' id='word_1_25' title='bbox 838 550 906 605; x_wconf 84' lang='grc' dir='ltr'>τὸ</span> <span class='ocrx_word' id='word_1_26' title='bbox 949 549 1210 618; x_wconf 76' lang='grc' dir='ltr'>χρυσίον</span> <span class='ocrx_word' id='word_1_27' title='bbox 1256 544 1456 601; x_wconf 78' lang='grc' dir='ltr'>αὐτῶν</span> <span class='ocrx_word' id='word_1_28' title='bbox 1485 538 1902 612; x_wconf 72' lang='grc' dir='ltr'>ὐπεροφθήσε-</span> 
     </span>
    </p>
   </div>
   <div class='ocr_carea' id='block_1_7' title="bbox 321 633 1902 712">
    <p class='ocr_par' dir='ltr' id='par_1_7' title="bbox 321 633 1902 712">
     <span class='ocr_line' id='line_1_7' title="bbox 321 633 1902 712; baseline -0.009 -13"><span class='ocrx_word' id='word_1_29' title='bbox 321 661 417 699; x_wconf 78' lang='grc' dir='ltr'><strong>ται</strong></span> <span class='ocrx_word' id='word_1_30' title='bbox 462 645 531 700; x_wconf 70' lang='grc'><strong>’⁵.</strong></span> <span class='ocrx_word' id='word_1_31' title='bbox 589 638 726 697; x_wconf 80' lang='grc' dir='ltr'>Εἰτα</span> <span class='ocrx_word' id='word_1_32' title='bbox 771 642 869 696; x_wconf 76' lang='grc' dir='ltr'>καὶ</span> <span class='ocrx_word' id='word_1_33' title='bbox 913 641 1012 712; x_wconf 86' lang='grc' dir='ltr'>τὴν</span> <span class='ocrx_word' id='word_1_34' title='bbox 1049 639 1232 694; x_wconf 87' lang='grc' dir='ltr'>αἰτίαν</span> <span class='ocrx_word' id='word_1_35' title='bbox 1289 636 1392 706; x_wconf 85' lang='grc' dir='ltr'><strong>τῆς</strong></span> <span class='ocrx_word' id='word_1_36' title='bbox 1441 635 1550 691; x_wconf 86' lang='grc' dir='ltr'><strong>τῶν</strong></span> <span class='ocrx_word' id='word_1_37' title='bbox 1605 633 1902 706; x_wconf 84' lang='grc' dir='ltr'>χρημάτων</span> 
     </span>
    </p>
   </div>
   <div class='ocr_carea' id='block_1_8' title="bbox 322 725 1904 809">
    <p class='ocr_par' dir='ltr' id='par_1_8' title="bbox 322 725 1904 809">
     <span class='ocr_line' id='line_1_8' title="bbox 322 725 1904 809; baseline -0.008 -19"><span class='ocrx_word' id='word_1_38' title='bbox 322 735 622 809; x_wconf 73' lang='grc' dir='ltr'><strong>ὑπεροψίας</strong></span> <span class='ocrx_word' id='word_1_39' title='bbox 668 733 932 788; x_wconf 77' lang='grc' dir='ltr'><strong>διδάσκει.</strong></span> <span class='ocrx_word' id='word_1_40' title='bbox 983 751 1003 785; x_wconf 85' lang='grc' dir='ltr'><strong>ι</strong></span> <span class='ocrx_word' id='word_1_41' title='bbox 1043 731 1120 785; x_wconf 80' lang='grc' dir='ltr'>Τὸ</span> <span class='ocrx_word' id='word_1_42' title='bbox 1148 730 1259 800; x_wconf 82' lang='grc' dir='ltr'><strong>γὰρ</strong></span> <span class='ocrx_word' id='word_1_43' title='bbox 1286 729 1550 802; x_wconf 85' lang='grc' dir='ltr'>ἀργύριον</span> <span class='ocrx_word' id='word_1_44' title='bbox 1579 725 1780 792; x_wconf 84' lang='grc' dir='ltr'>αὐτῶν,</span> <span class='ocrx_word' id='word_1_45' title='bbox 1808 725 1904 778; x_wconf 79' lang='grc' dir='ltr'><strong>καί</strong></span> 
     </span>
    </p>
   </div>
   <div class='ocr_carea' id='block_1_9' title="bbox 319 815 1903 898">
    <p class='ocr_par' dir='ltr' id='par_1_9' title="bbox 319 815 1903 898">
     <span class='ocr_line' id='line_1_9' title="bbox 319 815 1903 898; baseline -0.009 -16"><span class='ocrx_word' id='word_1_46' title='bbox 319 827 381 882; x_wconf 81' lang='grc' dir='ltr'>τὸ</span> <span class='ocrx_word' id='word_1_47' title='bbox 411 825 657 898; x_wconf 81' lang='grc' dir='ltr'>χρυσίον,</span> <span class='ocrx_word' id='word_1_48' title='bbox 687 824 752 878; x_wconf 81' lang='grc' dir='ltr'>οὐ</span> <span class='ocrx_word' id='word_1_49' title='bbox 775 823 998 878; x_wconf 86' lang='grc' dir='ltr'>δύναται</span> <span class='ocrx_word' id='word_1_50' title='bbox 1017 822 1065 855; x_wconf 76' lang='grc'><strong>⁷⁸</strong></span> <span class='ocrx_word' id='word_1_51' title='bbox 1094 820 1371 886; x_wconf 77' lang='grc' dir='ltr'><strong>ἐξελέσθαι</strong></span> <span class='ocrx_word' id='word_1_52' title='bbox 1393 819 1592 881; x_wconf 77' lang='grc' dir='ltr'>αὐτοὺς</span> <span class='ocrx_word' id='word_1_53' title='bbox 1619 818 1679 871; x_wconf 78' lang='grc' dir='ltr'>ὲν</span> <span class='ocrx_word' id='word_1_54' title='bbox 1719 815 1903 888; x_wconf 80' lang='grc' dir='ltr'><strong>ἡμέρᾳ</strong></span> 
     </span>
    </p>
   </div>
   <div class='ocr_carea' id='block_1_10' title="bbox 319 907 1901 988">
    <p class='ocr_par' dir='ltr' id='par_1_10' title="bbox 319 907 1901 988">
     <span class='ocr_line' id='line_1_10' title="bbox 319 907 1901 988; baseline -0.005 -20"><span class='ocrx_word' id='word_1_55' title='bbox 319 917 492 988; x_wconf 79' lang='grc' dir='ltr'>ὀργῆς</span> <span class='ocrx_word' id='word_1_56' title='bbox 516 914 778 987; x_wconf 76' lang='grc' dir='ltr'>Κυρίου.»</span> <span class='ocrx_word' id='word_1_57' title='bbox 799 912 1064 985; x_wconf 83' lang='grc' dir='ltr'>Ὁρῶντες</span> <span class='ocrx_word' id='word_1_58' title='bbox 1092 912 1200 983; x_wconf 82' lang='grc' dir='ltr'>γὰρ</span> <span class='ocrx_word' id='word_1_59' title='bbox 1219 912 1478 981; x_wconf 88' lang='grc' dir='ltr'>ἀνόνητον</span> <span class='ocrx_word' id='word_1_60' title='bbox 1509 907 1606 963; x_wconf 89' lang='grc' dir='ltr'><strong>τοῦ</strong></span> <span class='ocrx_word' id='word_1_61' title='bbox 1635 907 1901 978; x_wconf 74' lang='grc' dir='ltr'><strong>ἀργυρίου</strong></span> 
     </span>
    </p>
   </div>
   <div class='ocr_carea' id='block_1_11' title="bbox 321 999 1903 1077">
    <p class='ocr_par' dir='ltr' id='par_1_11' title="bbox 321 999 1903 1077">
     <span class='ocr_line' id='line_1_11' title="bbox 321 999 1903 1077; baseline -0.009 -13"><span class='ocrx_word' id='word_1_62' title='bbox 321 1010 417 1064; x_wconf 78' lang='grc' dir='ltr'>καὶ</span> <span class='ocrx_word' id='word_1_63' title='bbox 454 1006 550 1062; x_wconf 85' lang='grc' dir='ltr'><strong>τοῦ</strong></span> <span class='ocrx_word' id='word_1_64' title='bbox 592 1004 820 1077; x_wconf 87' lang='grc' dir='ltr'>χρυσίου</span> <span class='ocrx_word' id='word_1_65' title='bbox 852 1003 952 1075; x_wconf 76' lang='grc' dir='ltr'><strong>τὴν</strong></span> <span class='ocrx_word' id='word_1_66' title='bbox 999 1004 1215 1075; x_wconf 86' lang='grc' dir='ltr'>κτῆσιν,</span> <span class='ocrx_word' id='word_1_67' title='bbox 1257 1001 1608 1072; x_wconf 82' lang='grc' dir='ltr'>περιόψονται</span> <span class='ocrx_word' id='word_1_68' title='bbox 1639 999 1780 1052; x_wconf 79' lang='grc' dir='ltr'>αὐτὰ</span> <span class='ocrx_word' id='word_1_69' title='bbox 1809 1000 1903 1067; x_wconf 65' lang='lat' dir='ltr'><strong>eg.-</strong></span> 
     </span>
    </p>
   </div>
   <div class='ocr_carea' id='block_1_12' title="bbox 323 1088 1900 1174">
    <p class='ocr_par' dir='ltr' id='par_1_12' title="bbox 323 1088 1900 1174">
     <span class='ocr_line' id='line_1_12' title="bbox 323 1088 1900 1174; baseline -0.009 -20"><span class='ocrx_word' id='word_1_70' title='bbox 323 1098 588 1174; x_wconf 80' lang='grc' dir='ltr'>ῥιμμιίνα,</span> <span class='ocrx_word' id='word_1_71' title='bbox 608 1096 793 1151; x_wconf 77' lang='grc' dir='ltr'>οὐκέτι</span> <span class='ocrx_word' id='word_1_72' title='bbox 822 1094 1234 1167; x_wconf 75' lang='grc' dir='ltr'>τὴνπροτέραν</span> <span class='ocrx_word' id='word_1_73' title='bbox 1285 1091 1599 1162; x_wconf 78' lang='grc' dir='ltr'><strong>ποιούμενοι</strong></span> <span class='ocrx_word' id='word_1_74' title='bbox 1631 1088 1900 1159; x_wconf 85' lang='grc' dir='ltr'>φυλακήν.</span> 
     </span>
    </p>
   </div>
   <div class='ocr_carea' id='block_1_13' title="bbox 327 1181 1904 1262">
    <p class='ocr_par' dir='ltr' id='par_1_13' title="bbox 327 1181 1904 1262">
     <span class='ocr_line' id='line_1_13' title="bbox 327 1181 1904 1262; baseline -0.008 -14"><span class='ocrx_word' id='word_1_75' title='bbox 327 1214 347 1248; x_wconf 80' lang='grc' dir='ltr'><strong>ι</strong></span> <span class='ocrx_word' id='word_1_76' title='bbox 373 1194 442 1248; x_wconf 77' lang='grc' dir='ltr'><strong>Δί</strong></span> <span class='ocrx_word' id='word_1_77' title='bbox 464 1190 638 1262; x_wconf 76' lang='grc' dir='ltr'>ψυχαὶ</span> <span class='ocrx_word' id='word_1_78' title='bbox 672 1189 855 1245; x_wconf 77' lang='grc' dir='ltr'>αὐτῶν</span> <span class='ocrx_word' id='word_1_79' title='bbox 883 1190 945 1242; x_wconf 82' lang='grc' dir='ltr'>οὐ</span> <span class='ocrx_word' id='word_1_80' title='bbox 979 1190 1054 1259; x_wconf 80' lang='grc' dir='ltr'>μὴ</span> <span class='ocrx_word' id='word_1_81' title='bbox 1082 1186 1462 1258; x_wconf 70' lang='grc' dir='ltr'>ἑμπλησθῶσι,</span> <span class='ocrx_word' id='word_1_82' title='bbox 1495 1184 1591 1238; x_wconf 75' lang='grc' dir='ltr'>καὶ</span> <span class='ocrx_word' id='word_1_83' title='bbox 1617 1185 1675 1237; x_wconf 89' lang='grc' dir='ltr'><strong>αἰ</strong></span> <span class='ocrx_word' id='word_1_84' title='bbox 1704 1181 1904 1236; x_wconf 75' lang='grc' dir='ltr'>κοιλίαι</span> 
     </span>
    </p>
   </div>
   <div class='ocr_carea' id='block_1_14' title="bbox 320 1272 1906 1351">
    <p class='ocr_par' dir='ltr' id='par_1_14' title="bbox 320 1272 1906 1351">
     <span class='ocr_line' id='line_1_14' title="bbox 320 1272 1906 1351; baseline -0.008 -12"><span class='ocrx_word' id='word_1_85' title='bbox 320 1283 505 1339; x_wconf 83' lang='grc' dir='ltr'>αὐτῶν</span> <span class='ocrx_word' id='word_1_86' title='bbox 525 1282 588 1336; x_wconf 85' lang='grc' dir='ltr'><strong>ού</strong></span> <span class='ocrx_word' id='word_1_87' title='bbox 605 1283 652 1314; x_wconf 77' lang='grc'><strong>⁷⁸</strong></span> <span class='ocrx_word' id='word_1_88' title='bbox 675 1278 1006 1351; x_wconf 72' lang='grc' dir='ltr'><strong>πληρωθῶσι</strong></span> <span class='ocrx_word' id='word_1_89' title='bbox 1029 1293 1044 1310; x_wconf 77' lang='grc' dir='ltr'><strong>ο</strong></span> <span class='ocrx_word' id='word_1_90' title='bbox 1072 1277 1205 1332; x_wconf 81' lang='grc' dir='ltr'>διότι</span> <span class='ocrx_word' id='word_1_91' title='bbox 1232 1277 1464 1348; x_wconf 78' lang='grc' dir='ltr'>βάσανος</span> <span class='ocrx_word' id='word_1_92' title='bbox 1481 1277 1526 1308; x_wconf 76' lang='grc'><strong>⁷⁷</strong></span> <span class='ocrx_word' id='word_1_93' title='bbox 1542 1274 1653 1329; x_wconf 86' lang='grc' dir='ltr'><strong>τῶν</strong></span> <span class='ocrx_word' id='word_1_94' title='bbox 1681 1272 1906 1329; x_wconf 82' lang='grc' dir='ltr'>ἀδικιῶν</span> 
     </span>
    </p>
   </div>
   <div class='ocr_carea' id='block_1_15' title="bbox 321 1365 1904 1443">
    <p class='ocr_par' dir='ltr' id='par_1_15' title="bbox 321 1365 1904 1443">
     <span class='ocr_line' id='line_1_15' title="bbox 321 1365 1904 1443; baseline -0.009 -12"><span class='ocrx_word' id='word_1_95' title='bbox 321 1374 506 1432; x_wconf 80' lang='grc' dir='ltr'>αὐτῶν</span> <span class='ocrx_word' id='word_1_96' title='bbox 547 1372 789 1443; x_wconf 65' lang='grc' dir='ltr'>ἐγένετο.</span> <span class='ocrx_word' id='word_1_97' title='bbox 844 1369 1015 1424; x_wconf 84' lang='grc' dir='ltr'>Ποίαν</span> <span class='ocrx_word' id='word_1_98' title='bbox 1055 1368 1166 1440; x_wconf 79' lang='grc' dir='ltr'>γὰρ</span> <span class='ocrx_word' id='word_1_99' title='bbox 1211 1368 1396 1432; x_wconf 82' lang='grc' dir='ltr'>αὐτοῖς</span> <span class='ocrx_word' id='word_1_100' title='bbox 1437 1367 1626 1437; x_wconf 74' lang='grc' dir='ltr'>θνησιν</span> <span class='ocrx_word' id='word_1_101' title='bbox 1674 1365 1904 1437; x_wconf 76' lang='grc' dir='ltr'>παρέξει</span> 
     </span>
    </p>
   </div>
   <div class='ocr_carea' id='block_1_16' title="bbox 319 1456 1908 1540">
    <p class='ocr_par' dir='ltr' id='par_1_16' title="bbox 319 1456 1908 1540">
     <span class='ocr_line' id='line_1_16' title="bbox 319 1456 1908 1540; baseline -0.009 -18"><span class='ocrx_word' id='word_1_102' title='bbox 319 1465 524 1540; x_wconf 77' lang='grc' dir='ltr'>χρυσὸς</span> <span class='ocrx_word' id='word_1_103' title='bbox 574 1464 609 1536; x_wconf 74' lang='grc' dir='ltr'>ἢ</span> <span class='ocrx_word' id='word_1_104' title='bbox 656 1464 918 1537; x_wconf 76' lang='grc' dir='ltr'>ἄργυρος,</span> <span class='ocrx_word' id='word_1_105' title='bbox 973 1459 1134 1533; x_wconf 82' lang='grc' dir='ltr'>λιμοῦ</span> <span class='ocrx_word' id='word_1_106' title='bbox 1191 1459 1556 1531; x_wconf 79' lang='grc' dir='ltr'>πολεμοῦντος</span> <span class='ocrx_word' id='word_1_107' title='bbox 1583 1498 1600 1523; x_wconf 95' lang='grc'><strong>,</strong></span> <span class='ocrx_word' id='word_1_108' title='bbox 1655 1457 1750 1512; x_wconf 71' lang='grc' dir='ltr'>καὶ</span> <span class='ocrx_word' id='word_1_109' title='bbox 1804 1456 1908 1525; x_wconf 84' lang='grc' dir='ltr'><strong>τῆς</strong></span> 
     </span>
    </p>
   </div>
   <div class='ocr_carea' id='block_1_17' title="bbox 321 1547 1908 1624">
    <p class='ocr_par' dir='ltr' id='par_1_17' title="bbox 321 1547 1908 1624">
     <span class='ocr_line' id='line_1_17' title="bbox 321 1547 1908 1624; baseline -0.007 -12"><span class='ocrx_word' id='word_1_110' title='bbox 321 1558 578 1620; x_wconf 79' lang='grc' dir='ltr'><strong>σπάνεως</strong></span> <span class='ocrx_word' id='word_1_111' title='bbox 623 1555 735 1610; x_wconf 89' lang='grc' dir='ltr'><strong>τῶν</strong></span> <span class='ocrx_word' id='word_1_112' title='bbox 781 1552 1098 1624; x_wconf 79' lang='grc' dir='ltr'>ἀναγκαίων</span> <span class='ocrx_word' id='word_1_113' title='bbox 1143 1551 1522 1623; x_wconf 77' lang='grc' dir='ltr'>ἐπικειμένης,</span> <span class='ocrx_word' id='word_1_114' title='bbox 1553 1549 1622 1603; x_wconf 80' lang='grc' dir='ltr'>δι’</span> <span class='ocrx_word' id='word_1_115' title='bbox 1641 1547 1708 1620; x_wconf 79' lang='grc' dir='ltr'><strong>ῆν</strong></span> <span class='ocrx_word' id='word_1_116' title='bbox 1749 1549 1908 1602; x_wconf 79' lang='grc' dir='ltr'>κεναὶ</span> 
     </span>
    </p>
   </div>
   <div class='ocr_carea' id='block_1_18' title="bbox 324 1636 1908 1722">
    <p class='ocr_par' dir='ltr' id='par_1_18' title="bbox 324 1636 1908 1722">
     <span class='ocr_line' id='line_1_18' title="bbox 324 1636 1908 1722; baseline -0.008 -20"><span class='ocrx_word' id='word_1_117' title='bbox 324 1650 430 1722; x_wconf 72' lang='grc' dir='ltr'>μὲν</span> <span class='ocrx_word' id='word_1_118' title='bbox 456 1646 667 1720; x_wconf 80' lang='grc' dir='ltr'>τροφῆς</span> <span class='ocrx_word' id='word_1_119' title='bbox 716 1645 773 1699; x_wconf 88' lang='grc' dir='ltr'><strong>αἰ</strong></span> <span class='ocrx_word' id='word_1_120' title='bbox 823 1643 1110 1715; x_wconf 79' lang='grc' dir='ltr'>γαστέρες,</span> <span class='ocrx_word' id='word_1_121' title='bbox 1165 1642 1224 1698; x_wconf 85' lang='grc' dir='ltr'><strong>αἰ</strong></span> <span class='ocrx_word' id='word_1_122' title='bbox 1273 1641 1330 1696; x_wconf 66' lang='grc' dir='ltr'>δὲ</span> <span class='ocrx_word' id='word_1_123' title='bbox 1367 1641 1539 1712; x_wconf 75' lang='grc' dir='ltr'>ψυχαὶ</span> <span class='ocrx_word' id='word_1_124' title='bbox 1565 1639 1676 1692; x_wconf 88' lang='grc' dir='ltr'><strong>τῶν</strong></span> <span class='ocrx_word' id='word_1_125' title='bbox 1721 1636 1908 1692; x_wconf 78' lang='grc' dir='ltr'>σιτίων</span> 
     </span>
    </p>
   </div>
   <div class='ocr_carea' id='block_1_19' title="bbox 320 1729 1908 1812">
    <p class='ocr_par' dir='ltr' id='par_1_19' title="bbox 320 1729 1908 1812">
     <span class='ocr_line' id='line_1_19' title="bbox 320 1729 1908 1812; baseline -0.008 -16"><span class='ocrx_word' id='word_1_126' title='bbox 320 1741 591 1812; x_wconf 73' lang='grc' dir='ltr'>ἐφίενται,</span> <span class='ocrx_word' id='word_1_127' title='bbox 618 1741 653 1810; x_wconf 81' lang='grc' dir='ltr'><strong>ἡ</strong></span> <span class='ocrx_word' id='word_1_128' title='bbox 684 1737 742 1792; x_wconf 81' lang='grc' dir='ltr'>δὲ</span> <span class='ocrx_word' id='word_1_129' title='bbox 775 1736 1009 1808; x_wconf 77' lang='grc' dir='ltr'>βάσανος</span> <span class='ocrx_word' id='word_1_130' title='bbox 1053 1735 1147 1790; x_wconf 76' lang='grc' dir='ltr'><strong>καί</strong></span> <span class='ocrx_word' id='word_1_131' title='bbox 1175 1734 1209 1806; x_wconf 74' lang='grc' dir='ltr'><strong>ἡ</strong></span> <span class='ocrx_word' id='word_1_132' title='bbox 1258 1732 1504 1799; x_wconf 68' lang='grc' dir='ltr'>ἐξέτασις</span> <span class='ocrx_word' id='word_1_133' title='bbox 1531 1730 1642 1786; x_wconf 88' lang='grc' dir='ltr'><strong>τῶν</strong></span> <span class='ocrx_word' id='word_1_134' title='bbox 1682 1729 1908 1785; x_wconf 79' lang='grc' dir='ltr'>ἀδικιῶν</span> 
     </span>
    </p>
   </div>
   <div class='ocr_carea' id='block_1_20' title="bbox 322 1821 1907 1902">
    <p class='ocr_par' dir='ltr' id='par_1_20' title="bbox 322 1821 1907 1902">
     <span class='ocr_line' id='line_1_20' title="bbox 322 1821 1907 1902; baseline -0.009 -12"><span class='ocrx_word' id='word_1_135' title='bbox 322 1833 508 1890; x_wconf 79' lang='grc' dir='ltr'>αὐτῶν</span> <span class='ocrx_word' id='word_1_136' title='bbox 553 1831 801 1902; x_wconf 84' lang='grc' dir='ltr'>γίνεται;</span> <span class='ocrx_word' id='word_1_137' title='bbox 836 1825 970 1884; x_wconf 79' lang='grc' dir='ltr'>Εἶτα</span> <span class='ocrx_word' id='word_1_138' title='bbox 1010 1827 1250 1884; x_wconf 72' lang='grc' dir='ltr'>διδάσκει</span> <span class='ocrx_word' id='word_1_139' title='bbox 1285 1825 1450 1880; x_wconf 79' lang='grc' dir='ltr'>πάλιν</span> <span class='ocrx_word' id='word_1_140' title='bbox 1471 1823 1573 1889; x_wconf 88' lang='grc' dir='ltr'><strong>τάς</strong></span> <span class='ocrx_word' id='word_1_141' title='bbox 1596 1822 1780 1888; x_wconf 86' lang='grc' dir='ltr'>αἰτίας</span> <span class='ocrx_word' id='word_1_142' title='bbox 1806 1821 1907 1894; x_wconf 85' lang='grc' dir='ltr'><strong>τῆς</strong></span> 
     </span>
    </p>
   </div>
   <div class='ocr_carea' id='block_1_21' title="bbox 321 1919 622 1993">
    <p class='ocr_par' dir='ltr' id='par_1_21' title="bbox 321 1919 622 1993">
     <span class='ocr_line' id='line_1_21' title="bbox 321 1919 622 1993; baseline -0.007 -17"><span class='ocrx_word' id='word_1_143' title='bbox 321 1919 622 1993; x_wconf 85' lang='grc' dir='ltr'>τιμωρίας.</span> 
     </span>
    </p>
   </div>
   <div class='ocr_carea' id='block_1_22' title="bbox 393 2003 1912 2078">
    <p class='ocr_par' dir='ltr' id='par_1_22' title="bbox 393 2003 1912 2078">
     <span class='ocr_line' id='line_1_22' title="bbox 393 2003 1912 2078; baseline -0.006 -12"><span class='ocrx_word' id='word_1_144' title='bbox 393 2016 470 2066; x_wconf 81' lang='grc' dir='ltr'>κ’.</span> <span class='ocrx_word' id='word_1_145' title='bbox 511 2008 804 2064; x_wconf 77' lang='grc' dir='ltr'>Ἑκλεκτὰ</span> <span class='ocrx_word' id='word_1_146' title='bbox 851 2009 1086 2078; x_wconf 76' lang='grc' dir='ltr'>κόσμου</span> <span class='ocrx_word' id='word_1_147' title='bbox 1128 2007 1214 2074; x_wconf 81' lang='grc' dir='ltr'><strong>εἰς</strong></span> <span class='ocrx_word' id='word_1_148' title='bbox 1257 2005 1676 2076; x_wconf 73' lang='grc' dir='ltr'>ὑπερηφανίαν</span> <span class='ocrx_word' id='word_1_149' title='bbox 1701 2003 1912 2060; x_wconf 76' lang='grc' dir='ltr'>ἔθεντο</span> 
     </span>
    </p>
   </div>
   <div class='ocr_carea' id='block_1_23' title="bbox 321 2094 1914 2167">
    <p class='ocr_par' dir='ltr' id='par_1_23' title="bbox 321 2094 1914 2167">
     <span class='ocr_line' id='line_1_23' title="bbox 321 2094 1914 2167; baseline -0.005 -11"><span class='ocrx_word' id='word_1_150' title='bbox 321 2099 502 2166; x_wconf 76' lang='grc' dir='ltr'>αὐτὰ,</span> <span class='ocrx_word' id='word_1_151' title='bbox 539 2097 639 2152; x_wconf 82' lang='grc' dir='ltr'><strong>καί</strong></span> <span class='ocrx_word' id='word_1_152' title='bbox 675 2098 916 2164; x_wconf 77' lang='grc' dir='ltr'>εἰκόνας</span> <span class='ocrx_word' id='word_1_153' title='bbox 951 2096 1074 2152; x_wconf 77' lang='grc' dir='ltr'>τῶν</span> <span class='ocrx_word' id='word_1_154' title='bbox 1095 2095 1536 2167; x_wconf 75' lang='grc' dir='ltr'><strong>βδελυγμάτων</strong></span> <span class='ocrx_word' id='word_1_155' title='bbox 1572 2094 1772 2151; x_wconf 80' lang='grc' dir='ltr'>αὐτῶν</span> <span class='ocrx_word' id='word_1_156' title='bbox 1813 2094 1914 2148; x_wconf 82' lang='grc' dir='ltr'><strong>καί</strong></span> 
     </span>
    </p>
   </div>
   <div class='ocr_carea' id='block_1_24' title="bbox 321 2185 1914 2260">
    <p class='ocr_par' dir='ltr' id='par_1_24' title="bbox 321 2185 1914 2260">
     <span class='ocr_line' id='line_1_24' title="bbox 321 2185 1914 2260; baseline -0.004 -15"><span class='ocrx_word' id='word_1_157' title='bbox 321 2187 873 2260; x_wconf 70' lang='grc' dir='ltr'>προσοχθισμάτων</span> <span class='ocrx_word' id='word_1_158' title='bbox 885 2188 935 2221; x_wconf 72' lang='grc'>’⁸</span> <span class='ocrx_word' id='word_1_159' title='bbox 965 2187 1269 2258; x_wconf 70' lang='grc' dir='ltr'>ἐποίησαν</span> <span class='ocrx_word' id='word_1_160' title='bbox 1311 2187 1382 2252; x_wconf 72' lang='grc' dir='ltr'><strong>ἐξ</strong></span> <span class='ocrx_word' id='word_1_161' title='bbox 1411 2185 1630 2243; x_wconf 78' lang='grc' dir='ltr'>αὐτῶν.</span> <span class='ocrx_word' id='word_1_162' title='bbox 1666 2187 1773 2242; x_wconf 82' lang='grc' dir='ltr'>Τδν</span> <span class='ocrx_word' id='word_1_163' title='bbox 1803 2187 1914 2259; x_wconf 77' lang='grc' dir='ltr'>γὰρ</span> 
     </span>
    </p>
   </div>
   <div class='ocr_carea' id='block_1_25' title="bbox 322 2277 1912 2352">
    <p class='ocr_par' dir='ltr' id='par_1_25' title="bbox 322 2277 1912 2352">
     <span class='ocr_line' id='line_1_25' title="bbox 322 2277 1912 2352; baseline -0.002 -18"><span class='ocrx_word' id='word_1_164' title='bbox 322 2279 552 2352; x_wconf 74' lang='grc' dir='ltr'>χρυσὸν,</span> <span class='ocrx_word' id='word_1_165' title='bbox 582 2280 678 2334; x_wconf 70' lang='grc' dir='ltr'>καὶ</span> <span class='ocrx_word' id='word_1_166' title='bbox 703 2278 798 2334; x_wconf 75' lang='grc' dir='ltr'>τὸν</span> <span class='ocrx_word' id='word_1_167' title='bbox 839 2279 1106 2352; x_wconf 78' lang='grc' dir='ltr'>ἄργυρον,</span> <span class='ocrx_word' id='word_1_168' title='bbox 1145 2279 1245 2334; x_wconf 76' lang='grc' dir='ltr'>καὶ</span> <span class='ocrx_word' id='word_1_169' title='bbox 1282 2278 1413 2343; x_wconf 82' lang='grc' dir='ltr'>τοὺς</span> <span class='ocrx_word' id='word_1_170' title='bbox 1460 2278 1675 2350; x_wconf 78' lang='grc' dir='ltr'>τιμίους</span> <span class='ocrx_word' id='word_1_171' title='bbox 1707 2277 1912 2344; x_wconf 80' lang='grc' dir='ltr'>λίθους,</span> 
     </span>
    </p>
   </div>
   <div class='ocr_carea' id='block_1_26' title="bbox 325 2369 1913 2444">
    <p class='ocr_par' dir='ltr' id='par_1_26' title="bbox 325 2369 1913 2444">
     <span class='ocr_line' id='line_1_26' title="bbox 325 2369 1913 2444; baseline -0.002 -18"><span class='ocrx_word' id='word_1_172' title='bbox 325 2372 464 2444; x_wconf 75' lang='grc' dir='ltr'>ὓλην</span> <span class='ocrx_word' id='word_1_173' title='bbox 491 2370 650 2442; x_wconf 72' lang='grc' dir='ltr'>ἔσχον</span> <span class='ocrx_word' id='word_1_174' title='bbox 691 2369 1015 2436; x_wconf 75' lang='grc' dir='ltr'>ἀλαζονείας</span> <span class='ocrx_word' id='word_1_175' title='bbox 1039 2369 1177 2440; x_wconf 82' lang='grc' dir='ltr'>ὁμοῦ</span> <span class='ocrx_word' id='word_1_176' title='bbox 1207 2370 1303 2424; x_wconf 82' lang='grc' dir='ltr'>καὶ</span> <span class='ocrx_word' id='word_1_177' title='bbox 1326 2369 1605 2434; x_wconf 78' lang='grc' dir='ltr'>ἀσεϐείας,</span> <span class='ocrx_word' id='word_1_178' title='bbox 1646 2369 1913 2440; x_wconf 75' lang='grc' dir='ltr'>πολυτελῆ</span> 
     </span>
    </p>
   </div>
   <div class='ocr_carea' id='block_1_27' title="bbox 329 2461 1917 2533">
    <p class='ocr_par' dir='ltr' id='par_1_27' title="bbox 329 2461 1917 2533">
     <span class='ocr_line' id='line_1_27' title="bbox 329 2461 1917 2533; baseline -0.001 -16"><span class='ocrx_word' id='word_1_179' title='bbox 329 2463 434 2533; x_wconf 83' lang='grc' dir='ltr'>μὲν</span> <span class='ocrx_word' id='word_1_180' title='bbox 476 2461 686 2533; x_wconf 80' lang='grc' dir='ltr'>κόσμον</span> <span class='ocrx_word' id='word_1_181' title='bbox 717 2461 932 2526; x_wconf 72' lang='grc' dir='ltr'>ἑαυτοῖς</span> <span class='ocrx_word' id='word_1_182' title='bbox 973 2461 1188 2516; x_wconf 69' lang='grc' dir='ltr'>ἐκεῖθεν</span> <span class='ocrx_word' id='word_1_183' title='bbox 1232 2463 1773 2528; x_wconf 79' lang='grc' dir='ltr'>κατασκευάζοντες,</span> <span class='ocrx_word' id='word_1_184' title='bbox 1834 2463 1917 2526; x_wconf 88' lang='grc' dir='ltr'><strong>εἰς</strong></span> 
     </span>
    </p>
   </div>
   <div class='ocr_carea' id='block_1_28' title="bbox 325 2551 1701 2627">
    <p class='ocr_par' dir='ltr' id='par_1_28' title="bbox 325 2551 1701 2627">
     <span class='ocr_line' id='line_1_28' title="bbox 325 2551 1701 2627; baseline 0 -19"><span class='ocrx_word' id='word_1_185' title='bbox 325 2553 566 2609; x_wconf 78' lang='grc' dir='ltr'>εἰδώλων</span> <span class='ocrx_word' id='word_1_186' title='bbox 591 2553 650 2609; x_wconf 73' lang='grc' dir='ltr'>δὲ</span> <span class='ocrx_word' id='word_1_187' title='bbox 679 2553 943 2627; x_wconf 62' lang='grc' dir='ltr'>ἐργασίαν</span> <span class='ocrx_word' id='word_1_188' title='bbox 973 2551 1046 2608; x_wconf 86' lang='grc' dir='ltr'><strong>τά</strong></span> <span class='ocrx_word' id='word_1_189' title='bbox 1081 2551 1308 2608; x_wconf 79' lang='grc' dir='ltr'>πλείστα</span> <span class='ocrx_word' id='word_1_190' title='bbox 1332 2553 1701 2620; x_wconf 80' lang='grc' dir='ltr'>δαπανῶντες.</span> 
     </span>
    </p>
   </div>
   <div class='ocr_carea' id='block_1_29' title="bbox 405 2643 1917 2715">
    <p class='ocr_par' dir='ltr' id='par_1_29' title="bbox 405 2643 1917 2715">
     <span class='ocr_line' id='line_1_29' title="bbox 405 2643 1917 2715; baseline 0 -16"><span class='ocrx_word' id='word_1_191' title='bbox 405 2645 666 2700; x_wconf 74' lang='grc' dir='ltr'>Ἕνεκεν</span> <span class='ocrx_word' id='word_1_192' title='bbox 694 2644 934 2707; x_wconf 82' lang='grc' dir='ltr'>τούτου,</span> <span class='ocrx_word' id='word_1_193' title='bbox 963 2644 1120 2715; x_wconf 80' lang='grc' dir='ltr'>φησί,</span> <span class='ocrx_word' id='word_1_194' title='bbox 1146 2643 1376 2699; x_wconf 80' lang='grc' dir='ltr'>δέδωκα</span> <span class='ocrx_word' id='word_1_195' title='bbox 1411 2645 1566 2700; x_wconf 82' lang='grc' dir='ltr'>αὐτὰ</span> <span class='ocrx_word' id='word_1_196' title='bbox 1593 2645 1801 2711; x_wconf 82' lang='grc' dir='ltr'>αὐτοῖς</span> <span class='ocrx_word' id='word_1_197' title='bbox 1829 2648 1917 2710; x_wconf 81' lang='grc' dir='ltr'><strong>είς</strong></span> 
     </span>
    </p>
   </div>
   <div class='ocr_carea' id='block_1_30' title="bbox 330 2733 1920 2809">
    <p class='ocr_par' dir='ltr' id='par_1_30' title="bbox 330 2733 1920 2809">
     <span class='ocr_line' id='line_1_30' title="bbox 330 2733 1920 2809; baseline 0.001 -19"><span class='ocrx_word' id='word_1_198' title='bbox 330 2735 738 2809; x_wconf 78' lang='grc' dir='ltr'>ἀκαθαρσίαν.</span> <span class='ocrx_word' id='word_1_199' title='bbox 784 2734 916 2804; x_wconf 74' lang='grc' dir='ltr'>(καν,</span> <span class='ocrx_word' id='word_1_200' title='bbox 945 2733 1076 2805; x_wconf 82' lang='grc' dir='ltr'>κβ’.)</span> <span class='ocrx_word' id='word_1_201' title='bbox 1110 2735 1222 2789; x_wconf 73' lang='grc' dir='ltr'><strong>Καὶ</strong></span> <span class='ocrx_word' id='word_1_202' title='bbox 1260 2733 1596 2803; x_wconf 80' lang='grc' dir='ltr'>παραδώσω</span> <span class='ocrx_word' id='word_1_203' title='bbox 1633 2736 1786 2791; x_wconf 80' lang='grc' dir='ltr'>αὐτὰ</span> <span class='ocrx_word' id='word_1_204' title='bbox 1831 2737 1920 2802; x_wconf 80' lang='grc' dir='ltr'><strong>εἰς</strong></span> 
     </span>
    </p>
   </div>
   <div class='ocr_carea' id='block_1_31' title="bbox 334 2825 1921 2899">
    <p class='ocr_par' dir='ltr' id='par_1_31' title="bbox 334 2825 1921 2899">
     <span class='ocr_line' id='line_1_31' title="bbox 334 2825 1921 2899; baseline -0.001 -15"><span class='ocrx_word' id='word_1_205' title='bbox 334 2827 548 2899; x_wconf 75' lang='grc' dir='ltr'>χεῖρας</span> <span class='ocrx_word' id='word_1_206' title='bbox 589 2826 931 2896; x_wconf 59' lang='grc' dir='ltr'>ἀλλοτρίαν</span> <span class='ocrx_word' id='word_1_207' title='bbox 977 2825 1086 2882; x_wconf 84' lang='grc' dir='ltr'><strong>τοῦ</strong></span> <span class='ocrx_word' id='word_1_208' title='bbox 1109 2825 1437 2897; x_wconf 80' lang='grc' dir='ltr'>διαρπάσαι</span> <span class='ocrx_word' id='word_1_209' title='bbox 1463 2828 1641 2892; x_wconf 83' lang='grc' dir='ltr'>αὐτὰ,</span> <span class='ocrx_word' id='word_1_210' title='bbox 1669 2827 1771 2882; x_wconf 75' lang='grc' dir='ltr'><strong>καί</strong></span> <span class='ocrx_word' id='word_1_211' title='bbox 1796 2828 1921 2895; x_wconf 84' lang='grc' dir='ltr'>τοῖς</span> 
     </span>
    </p>
   </div>
   <div class='ocr_carea' id='block_1_32' title="bbox 329 2915 1924 2988">
    <p class='ocr_par' dir='ltr' id='par_1_32' title="bbox 329 2915 1924 2988">
     <span class='ocr_line' id='line_1_32' title="bbox 329 2915 1924 2988; baseline -0.001 -14"><span class='ocrx_word' id='word_1_212' title='bbox 329 2917 568 2988; x_wconf 64' lang='grc' dir='ltr'>λοιμοῖς</span> <span class='ocrx_word' id='word_1_213' title='bbox 586 2918 632 2952; x_wconf 77' lang='grc' dir='ltr'><strong>τ’</strong></span> <span class='ocrx_word' id='word_1_214' title='bbox 661 2915 776 2987; x_wconf 80' lang='grc' dir='ltr'><strong>τῆς</strong></span> <span class='ocrx_word' id='word_1_215' title='bbox 803 2916 918 2987; x_wconf 78' lang='grc' dir='ltr'><strong>τῆς</strong></span> <span class='ocrx_word' id='word_1_216' title='bbox 945 2919 1034 2984; x_wconf 83' lang='grc' dir='ltr'><strong>εἰς</strong></span> <span class='ocrx_word' id='word_1_217' title='bbox 1053 2917 1280 2983; x_wconf 77' lang='grc' dir='ltr'>σκῦλα,</span> <span class='ocrx_word' id='word_1_218' title='bbox 1327 2917 1427 2973; x_wconf 80' lang='grc' dir='ltr'><strong>καί</strong></span> <span class='ocrx_word' id='word_1_219' title='bbox 1455 2918 1924 2988; x_wconf 72' lang='grc' dir='ltr'>,βε-δηλώσουσιν·</span> 
     </span>
    </p>
   </div>
   <div class='ocr_carea' id='block_1_33' title="bbox 331 3007 1922 3080">
    <p class='ocr_par' dir='ltr' id='par_1_33' title="bbox 331 3007 1922 3080">
     <span class='ocr_line' id='line_1_33' title="bbox 331 3007 1922 3080; baseline -0.001 -14"><span class='ocrx_word' id='word_1_220' title='bbox 331 3007 512 3066; x_wconf 69' lang='grc' dir='ltr'>αὐτό.</span> <span class='ocrx_word' id='word_1_221' title='bbox 583 3007 696 3062; x_wconf 78' lang='lat' dir='ltr'><strong>Kal</strong></span> <span class='ocrx_word' id='word_1_222' title='bbox 741 3007 1108 3076; x_wconf 75' lang='grc' dir='ltr'>ἀποστρόψω</span> <span class='ocrx_word' id='word_1_223' title='bbox 1164 3007 1234 3061; x_wconf 83' lang='grc' dir='ltr'>τὸ</span> <span class='ocrx_word' id='word_1_224' title='bbox 1279 3008 1610 3076; x_wconf 75' lang='grc' dir='ltr'>πρόσωπόν</span> <span class='ocrx_word' id='word_1_225' title='bbox 1642 3026 1765 3080; x_wconf 77' lang='grc' dir='ltr'><strong>μου</strong></span> <span class='ocrx_word' id='word_1_226' title='bbox 1819 3010 1922 3067; x_wconf 81' lang='grc' dir='ltr'><strong>ἀπ’</strong></span> 
     </span>
    </p>
   </div>
   <div class='ocr_carea' id='block_1_34' title="bbox 2002 536 3571 610">
    <p class='ocr_par' dir='ltr' id='par_1_34' title="bbox 2002 536 3571 610">
     <span class='ocr_line' id='line_1_34' title="bbox 2002 536 3571 610; baseline -0.001 -19"><span class='ocrx_word' id='word_1_227' title='bbox 2002 541 2190 604; x_wconf 81' lang='lat' dir='ltr'><strong>cietur,</strong></span> <span class='ocrx_word' id='word_1_228' title='bbox 2211 549 2261 594; x_wconf 88' lang='lat' dir='ltr'><strong>et</strong></span> <span class='ocrx_word' id='word_1_229' title='bbox 2286 557 2476 594; x_wconf 84' lang='lat' dir='ltr'><strong>aurum</strong></span> <span class='ocrx_word' id='word_1_230' title='bbox 2514 541 2750 610; x_wconf 84' lang='lat' dir='ltr'><strong>ipsorum</strong></span> <span class='ocrx_word' id='word_1_231' title='bbox 2782 548 3160 595; x_wconf 77' lang='lat' dir='ltr'><strong>contemnatur.</strong></span> <span class='ocrx_word' id='word_1_232' title='bbox 3186 536 3392 593; x_wconf 83' lang='lat' dir='ltr'><strong>Deinde</strong></span> <span class='ocrx_word' id='word_1_233' title='bbox 3407 537 3571 592; x_wconf 86' lang='lat' dir='ltr'><strong>etiam</strong></span> 
     </span>
    </p>
   </div>
   <div class='ocr_carea' id='block_1_35' title="bbox 2002 625 3570 701">
    <p class='ocr_par' dir='ltr' id='par_1_35' title="bbox 2002 625 3570 701">
     <span class='ocr_line' id='line_1_35' title="bbox 2002 625 3570 701; baseline -0.003 -17"><span class='ocrx_word' id='word_1_234' title='bbox 2002 645 2223 685; x_wconf 80' lang='lat' dir='ltr'><strong>causam</strong></span> <span class='ocrx_word' id='word_1_235' title='bbox 2288 629 2468 695; x_wconf 89' lang='lat' dir='ltr'><strong>docet,</strong></span> <span class='ocrx_word' id='word_1_236' title='bbox 2521 643 2625 685; x_wconf 90' lang='lat' dir='ltr'><strong>cur</strong></span> <span class='ocrx_word' id='word_1_237' title='bbox 2675 627 2929 701; x_wconf 78' lang='lat' dir='ltr'><strong>pecuniae</strong></span> <span class='ocrx_word' id='word_1_238' title='bbox 2977 625 3393 684; x_wconf 73' lang='lat' dir='ltr'><strong>contemnendae</strong></span> <span class='ocrx_word' id='word_1_239' title='bbox 3437 627 3570 682; x_wconf 89' lang='lat' dir='ltr'><strong>sint.</strong></span> 
     </span>
    </p>
   </div>
   <div class='ocr_carea' id='block_1_36' title="bbox 2008 719 3575 791">
    <p class='ocr_par' dir='ltr' id='par_1_36' title="bbox 2008 719 3575 791">
     <span class='ocr_line' id='line_1_36' title="bbox 2008 719 3575 791; baseline 0 -20"><span class='ocrx_word' id='word_1_240' title='bbox 2008 738 2026 771; x_wconf 86' lang='grc' dir='ltr'><strong>ι</strong></span> <span class='ocrx_word' id='word_1_241' title='bbox 2063 719 2362 790; x_wconf 80' lang='lat' dir='ltr'><strong>Argentum</strong></span> <span class='ocrx_word' id='word_1_242' title='bbox 2385 719 2534 776; x_wconf 89' lang='lat' dir='ltr'><strong>enim</strong></span> <span class='ocrx_word' id='word_1_243' title='bbox 2556 721 2804 791; x_wconf 87' lang='lat' dir='ltr'><strong>ipsorum</strong></span> <span class='ocrx_word' id='word_1_244' title='bbox 2838 727 2895 776; x_wconf 90' lang='lat' dir='ltr'><strong>et</strong></span> <span class='ocrx_word' id='word_1_245' title='bbox 2924 734 3121 775; x_wconf 88' lang='lat' dir='ltr'><strong>aurum</strong></span> <span class='ocrx_word' id='word_1_246' title='bbox 3147 735 3256 775; x_wconf 85' lang='lat' dir='ltr'><strong>non</strong></span> <span class='ocrx_word' id='word_1_247' title='bbox 3281 725 3468 789; x_wconf 93' lang='lat' dir='ltr'><strong>potest</strong></span> <span class='ocrx_word' id='word_1_248' title='bbox 3511 719 3575 772; x_wconf 85' lang='lat' dir='ltr'><strong>li-</strong></span> 
     </span>
    </p>
   </div>
   <div class='ocr_carea' id='block_1_37' title="bbox 2003 808 3576 868">
    <p class='ocr_par' dir='ltr' id='par_1_37' title="bbox 2003 808 3576 868">
     <span class='ocr_line' id='line_1_37' title="bbox 2003 808 3576 868; baseline -0.002 -2"><span class='ocrx_word' id='word_1_249' title='bbox 2003 812 2202 868; x_wconf 88' lang='lat' dir='ltr'><strong>berare</strong></span> <span class='ocrx_word' id='word_1_250' title='bbox 2232 826 2328 867; x_wconf 77' lang='lat' dir='ltr'><strong>eos</strong></span> <span class='ocrx_word' id='word_1_251' title='bbox 2351 811 2441 868; x_wconf 89' lang='lat' dir='ltr'><strong>die</strong></span> <span class='ocrx_word' id='word_1_252' title='bbox 2479 811 2575 867; x_wconf 82' lang='lat' dir='ltr'><strong>irae</strong></span> <span class='ocrx_word' id='word_1_253' title='bbox 2607 808 2846 868; x_wconf 90' lang='lat' dir='ltr'><strong>Domini.</strong></span> <span class='ocrx_word' id='word_1_254' title='bbox 2886 828 2906 864; x_wconf 76' lang='grc' dir='ltr'><strong>ι</strong></span> <span class='ocrx_word' id='word_1_255' title='bbox 2936 811 3236 867; x_wconf 89' lang='lat' dir='ltr'><strong>Cernentes</strong></span> <span class='ocrx_word' id='word_1_256' title='bbox 3266 810 3414 866; x_wconf 89' lang='lat' dir='ltr'><strong>enim</strong></span> <span class='ocrx_word' id='word_1_257' title='bbox 3445 809 3576 864; x_wconf 91' lang='lat' dir='ltr'><strong>inu-</strong></span> 
     </span>
    </p>
   </div>
   <div class='ocr_carea' id='block_1_38' title="bbox 2004 901 3573 975">
    <p class='ocr_par' dir='ltr' id='par_1_38' title="bbox 2004 901 3573 975">
     <span class='ocr_line' id='line_1_38' title="bbox 2004 901 3573 975; baseline -0.001 -19"><span class='ocrx_word' id='word_1_258' title='bbox 2004 904 2154 958; x_wconf 90' lang='lat' dir='ltr'><strong>tilem</strong></span> <span class='ocrx_word' id='word_1_259' title='bbox 2183 903 2300 958; x_wconf 82' lang='lat' dir='ltr'><strong>auri</strong></span> <span class='ocrx_word' id='word_1_260' title='bbox 2331 910 2386 958; x_wconf 92' lang='lat' dir='ltr'><strong>et</strong></span> <span class='ocrx_word' id='word_1_261' title='bbox 2421 904 2637 975; x_wconf 76' lang='lat' dir='ltr'><strong>argenti</strong></span> <span class='ocrx_word' id='word_1_262' title='bbox 2669 903 3103 975; x_wconf 87' lang='lat' dir='ltr'><strong>possessionem,</strong></span> <span class='ocrx_word' id='word_1_263' title='bbox 3155 901 3276 973; x_wconf 88' lang='lat' dir='ltr'><strong>ipsa</strong></span> <span class='ocrx_word' id='word_1_264' title='bbox 3321 903 3573 974; x_wconf 76' lang='lat' dir='ltr'><strong>projects</strong></span> 
     </span>
    </p>
   </div>
   <div class='ocr_carea' id='block_1_39' title="bbox 2003 993 3571 1066">
    <p class='ocr_par' dir='ltr' id='par_1_39' title="bbox 2003 993 3571 1066">
     <span class='ocr_line' id='line_1_39' title="bbox 2003 993 3571 1066; baseline -0.001 -17"><span class='ocrx_word' id='word_1_265' title='bbox 2003 995 2344 1066; x_wconf 77' lang='lat' dir='ltr'><strong>despiciant,</strong></span> <span class='ocrx_word' id='word_1_266' title='bbox 2399 1010 2510 1051; x_wconf 90' lang='lat' dir='ltr'><strong>non</strong></span> <span class='ocrx_word' id='word_1_267' title='bbox 2560 995 2801 1066; x_wconf 81' lang='lat' dir='ltr'><strong>amplius</strong></span> <span class='ocrx_word' id='word_1_268' title='bbox 2853 993 3229 1051; x_wconf 84' lang='lat' dir='ltr'><strong>custodientes</strong></span> <span class='ocrx_word' id='word_1_269' title='bbox 3283 1004 3343 1050; x_wconf 90' lang='lat' dir='ltr'><strong>ut</strong></span> <span class='ocrx_word' id='word_1_270' title='bbox 3395 993 3571 1065; x_wconf 89' lang='lat' dir='ltr'><strong>prius.</strong></span> 
     </span>
    </p>
   </div>
   <div class='ocr_carea' id='block_1_40' title="bbox 2011 1085 3577 1158">
    <p class='ocr_par' dir='ltr' id='par_1_40' title="bbox 2011 1085 3577 1158">
     <span class='ocr_line' id='line_1_40' title="bbox 2011 1085 3577 1158; baseline 0 -20"><span class='ocrx_word' id='word_1_271' title='bbox 2011 1107 2028 1138; x_wconf 82' lang='grc' dir='ltr'><strong>ι</strong></span> <span class='ocrx_word' id='word_1_272' title='bbox 2063 1087 2273 1142; x_wconf 67' lang='lat' dir='ltr'><strong>Animae</strong></span> <span class='ocrx_word' id='word_1_273' title='bbox 2291 1087 2535 1158; x_wconf 90' lang='lat' dir='ltr'><strong>ipsorum</strong></span> <span class='ocrx_word' id='word_1_274' title='bbox 2559 1102 2669 1142; x_wconf 91' lang='lat' dir='ltr'><strong>non</strong></span> <span class='ocrx_word' id='word_1_275' title='bbox 2687 1087 3075 1158; x_wconf 81' lang='lat' dir='ltr'><strong>expiebuntur,</strong></span> <span class='ocrx_word' id='word_1_276' title='bbox 3105 1093 3162 1141; x_wconf 87' lang='lat' dir='ltr'><strong>et</strong></span> <span class='ocrx_word' id='word_1_277' title='bbox 3185 1095 3404 1142; x_wconf 82' lang='lat' dir='ltr'><strong>ventres</strong></span> <span class='ocrx_word' id='word_1_278' title='bbox 3427 1085 3577 1156; x_wconf 77' lang='lat' dir='ltr'><strong>ipso-</strong></span> 
     </span>
    </p>
   </div>
   <div class='ocr_carea' id='block_1_41' title="bbox 2007 1175 3576 1247">
    <p class='ocr_par' dir='ltr' id='par_1_41' title="bbox 2007 1175 3576 1247">
     <span class='ocr_line' id='line_1_41' title="bbox 2007 1175 3576 1247; baseline -0.003 -17"><span class='ocrx_word' id='word_1_279' title='bbox 2007 1192 2127 1230; x_wconf 91' lang='lat' dir='ltr'><strong>rum</strong></span> <span class='ocrx_word' id='word_1_280' title='bbox 2147 1192 2258 1232; x_wconf 91' lang='lat' dir='ltr'><strong>non</strong></span> <span class='ocrx_word' id='word_1_281' title='bbox 2281 1177 2701 1242; x_wconf 89' lang='lat' dir='ltr'><strong>saturabuntur,</strong></span> <span class='ocrx_word' id='word_1_282' title='bbox 2727 1176 2856 1247; x_wconf 84' lang='lat' dir='ltr'><strong>quia</strong></span> <span class='ocrx_word' id='word_1_283' title='bbox 2871 1183 3208 1230; x_wconf 87' lang='lat' dir='ltr'><strong>tormentum</strong></span> <span class='ocrx_word' id='word_1_284' title='bbox 3225 1175 3576 1244; x_wconf 86' lang='lat' dir='ltr'><strong>iniquitatum</strong></span> 
     </span>
    </p>
   </div>
   <div class='ocr_carea' id='block_1_42' title="bbox 2004 1263 3580 1336">
    <p class='ocr_par' dir='ltr' id='par_1_42' title="bbox 2004 1263 3580 1336">
     <span class='ocr_line' id='line_1_42' title="bbox 2004 1263 3580 1336; baseline -0.003 -17"><span class='ocrx_word' id='word_1_285' title='bbox 2004 1265 2250 1336; x_wconf 89' lang='lat' dir='ltr'><strong>ipsorum</strong></span> <span class='ocrx_word' id='word_1_286' title='bbox 2277 1265 2483 1322; x_wconf 79' lang='lat' dir='ltr'><strong>factum</strong></span> <span class='ocrx_word' id='word_1_287' title='bbox 2514 1273 2619 1323; x_wconf 88' lang='lat' dir='ltr'><strong>est.</strong></span> <span class='ocrx_word' id='word_1_288' title='bbox 2646 1284 2664 1318; x_wconf 77' lang='grc' dir='ltr'><strong>ι</strong></span> <span class='ocrx_word' id='word_1_289' title='bbox 2693 1265 2868 1333; x_wconf 83' lang='lat' dir='ltr'><strong>Quam</strong></span> <span class='ocrx_word' id='word_1_290' title='bbox 2891 1265 3037 1321; x_wconf 90' lang='lat' dir='ltr'><strong>enim</strong></span> <span class='ocrx_word' id='word_1_291' title='bbox 3064 1265 3356 1321; x_wconf 86' lang='lat' dir='ltr'><strong>utilitatem</strong></span> <span class='ocrx_word' id='word_1_292' title='bbox 3389 1263 3580 1319; x_wconf 77' lang='lat' dir='ltr'><strong>sileret</strong></span> 
     </span>
    </p>
   </div>
   <div class='ocr_carea' id='block_1_43' title="bbox 2006 1355 3578 1428">
    <p class='ocr_par' dir='ltr' id='par_1_43' title="bbox 2006 1355 3578 1428">
     <span class='ocr_line' id='line_1_43' title="bbox 2006 1355 3578 1428; baseline -0.004 -16"><span class='ocrx_word' id='word_1_293' title='bbox 2006 1359 2143 1427; x_wconf 89' lang='lat' dir='ltr'><strong>ipsis</strong></span> <span class='ocrx_word' id='word_1_294' title='bbox 2173 1373 2369 1412; x_wconf 89' lang='lat' dir='ltr'><strong>aurum</strong></span> <span class='ocrx_word' id='word_1_295' title='bbox 2394 1367 2488 1413; x_wconf 90' lang='lat' dir='ltr'><strong>aut</strong></span> <span class='ocrx_word' id='word_1_296' title='bbox 2507 1366 2821 1428; x_wconf 75' lang='lat' dir='ltr'><strong>argentum,</strong></span> <span class='ocrx_word' id='word_1_297' title='bbox 2853 1357 3098 1413; x_wconf 82' lang='lat' dir='ltr'><strong>bellante</strong></span> <span class='ocrx_word' id='word_1_298' title='bbox 3126 1355 3292 1420; x_wconf 83' lang='lat' dir='ltr'><strong>fame,</strong></span> <span class='ocrx_word' id='word_1_299' title='bbox 3315 1363 3369 1411; x_wconf 88' lang='lat' dir='ltr'><strong>et</strong></span> <span class='ocrx_word' id='word_1_300' title='bbox 3394 1370 3578 1410; x_wconf 88' lang='lat' dir='ltr'><strong>rerum</strong></span> 
     </span>
    </p>
   </div>
   <div class='ocr_carea' id='block_1_44' title="bbox 2004 1446 3584 1520">
    <p class='ocr_par' dir='ltr' id='par_1_44' title="bbox 2004 1446 3584 1520">
     <span class='ocr_line' id='line_1_44' title="bbox 2004 1446 3584 1520; baseline -0.004 -16"><span class='ocrx_word' id='word_1_301' title='bbox 2004 1449 2179 1508; x_wconf 78' lang='lat' dir='ltr'><strong>victui</strong></span> <span class='ocrx_word' id='word_1_302' title='bbox 2209 1448 2651 1507; x_wconf 88' lang='lat' dir='ltr'><strong>necessariarum</strong></span> <span class='ocrx_word' id='word_1_303' title='bbox 2684 1456 2916 1520; x_wconf 76' lang='lat' dir='ltr'><strong>urgente</strong></span> <span class='ocrx_word' id='word_1_304' title='bbox 2939 1447 3106 1519; x_wconf 71' lang='lat'><strong>729</strong></span> <span class='ocrx_word' id='word_1_305' title='bbox 3125 1446 3332 1517; x_wconf 87' lang='lat' dir='ltr'><strong>inopia,</strong></span> <span class='ocrx_word' id='word_1_306' title='bbox 3358 1455 3584 1517; x_wconf 85' lang='lat' dir='ltr'><strong>propter</strong></span> 
     </span>
    </p>
   </div>
   <div class='ocr_carea' id='block_1_45' title="bbox 2005 1535 3584 1611">
    <p class='ocr_par' dir='ltr' id='par_1_45' title="bbox 2005 1535 3584 1611">
     <span class='ocr_line' id='line_1_45' title="bbox 2005 1535 3584 1611; baseline -0.004 -17"><span class='ocrx_word' id='word_1_307' title='bbox 2005 1554 2170 1611; x_wconf 87' lang='lat' dir='ltr'><strong>quam</strong></span> <span class='ocrx_word' id='word_1_308' title='bbox 2227 1539 2352 1595; x_wconf 89' lang='lat' dir='ltr'><strong>cibo</strong></span> <span class='ocrx_word' id='word_1_309' title='bbox 2395 1537 2556 1594; x_wconf 85' lang='lat' dir='ltr'><strong>vacui</strong></span> <span class='ocrx_word' id='word_1_310' title='bbox 2585 1545 3009 1603; x_wconf 33' lang='lat' dir='ltr'><strong>sunt‘ventres,</strong></span> <span class='ocrx_word' id='word_1_311' title='bbox 3063 1544 3120 1592; x_wconf 91' lang='lat' dir='ltr'><strong>et</strong></span> <span class='ocrx_word' id='word_1_312' title='bbox 3175 1536 3377 1590; x_wconf 68' lang='lat' dir='ltr'><strong>animm</strong></span> <span class='ocrx_word' id='word_1_313' title='bbox 3428 1535 3584 1589; x_wconf 83' lang='lat' dir='ltr'><strong>cibos</strong></span> 
     </span>
    </p>
   </div>
   <div class='ocr_carea' id='block_1_46' title="bbox 2007 1625 3586 1702">
    <p class='ocr_par' dir='ltr' id='par_1_46' title="bbox 2007 1625 3586 1702">
     <span class='ocr_line' id='line_1_46' title="bbox 2007 1625 3586 1702; baseline -0.006 -15"><span class='ocrx_word' id='word_1_314' title='bbox 2007 1636 2294 1702; x_wconf 79' lang='lat' dir='ltr'><strong>expetunt,</strong></span> <span class='ocrx_word' id='word_1_315' title='bbox 2341 1637 2681 1685; x_wconf 83' lang='lat' dir='ltr'><strong>tormentum</strong></span> <span class='ocrx_word' id='word_1_316' title='bbox 2727 1634 2911 1684; x_wconf 86' lang='lat' dir='ltr'><strong>autem</strong></span> <span class='ocrx_word' id='word_1_317' title='bbox 2965 1625 3145 1690; x_wconf 88' lang='lat' dir='ltr'><strong>adest.</strong></span> <span class='ocrx_word' id='word_1_318' title='bbox 3191 1634 3248 1684; x_wconf 88' lang='lat' dir='ltr'><strong>et</strong></span> <span class='ocrx_word' id='word_1_319' title='bbox 3297 1626 3586 1698; x_wconf 79' lang='lat' dir='ltr'><strong>inquisitio</strong></span> 
     </span>
    </p>
   </div>
   <div class='ocr_carea' id='block_1_47' title="bbox 2010 1719 3585 1793">
    <p class='ocr_par' dir='ltr' id='par_1_47' title="bbox 2010 1719 3585 1793">
     <span class='ocr_line' id='line_1_47' title="bbox 2010 1719 3585 1793; baseline -0.004 -15"><span class='ocrx_word' id='word_1_320' title='bbox 2010 1722 2365 1793; x_wconf 89' lang='lat' dir='ltr'><strong>iniquitatum</strong></span> <span class='ocrx_word' id='word_1_321' title='bbox 2394 1722 2640 1793; x_wconf 82' lang='lat' dir='ltr'><strong>ipsorum</strong></span> <span class='ocrx_word' id='word_1_322' title='bbox 2671 1720 2775 1775; x_wconf 80' lang='lat' dir='ltr'><strong>lit?</strong></span> <span class='ocrx_word' id='word_1_323' title='bbox 2803 1719 2944 1776; x_wconf 85' lang='lat' dir='ltr'><strong>Tum</strong></span> <span class='ocrx_word' id='word_1_324' title='bbox 2977 1733 3176 1776; x_wconf 85' lang='lat' dir='ltr'><strong>rursus</strong></span> <span class='ocrx_word' id='word_1_325' title='bbox 3213 1733 3437 1776; x_wconf 84' lang='lat' dir='ltr'><strong>causam</strong></span> <span class='ocrx_word' id='word_1_326' title='bbox 3463 1729 3585 1788; x_wconf 66' lang='lat' dir='ltr'><strong>poe-</strong></span> 
     </span>
    </p>
   </div>
   <div class='ocr_carea' id='block_1_48' title="bbox 2013 1814 2424 1871">
    <p class='ocr_par' dir='ltr' id='par_1_48' title="bbox 2013 1814 2424 1871">
     <span class='ocr_line' id='line_1_48' title="bbox 2013 1814 2424 1871; baseline -0.005 0"><span class='ocrx_word' id='word_1_327' title='bbox 2013 1829 2208 1871; x_wconf 85' lang='lat' dir='ltr'><strong>narum</strong></span> <span class='ocrx_word' id='word_1_328' title='bbox 2241 1814 2424 1871; x_wconf 88' lang='lat' dir='ltr'><strong>docet.</strong></span> 
     </span>
    </p>
   </div>
   <div class='ocr_carea' id='block_1_49' title="bbox 2083 1991 3588 2066">
    <p class='ocr_par' dir='ltr' id='par_1_49' title="bbox 2083 1991 3588 2066">
     <span class='ocr_line' id='line_1_49' title="bbox 2083 1991 3588 2066; baseline -0.004 -16"><span class='ocrx_word' id='word_1_329' title='bbox 2083 1996 2252 2054; x_wconf 75' lang='lat' dir='ltr'><strong>Vens.</strong></span> <span class='ocrx_word' id='word_1_330' title='bbox 2279 1995 2371 2052; x_wconf 76' lang='lat'><strong>20.</strong></span> <span class='ocrx_word' id='word_1_331' title='bbox 2411 1995 2596 2052; x_wconf 80' lang='lat' dir='ltr'><strong>Electa</strong></span> <span class='ocrx_word' id='word_1_332' title='bbox 2620 2003 2842 2052; x_wconf 86' lang='lat' dir='ltr'><strong>ornatus</strong></span> <span class='ocrx_word' id='word_1_333' title='bbox 2881 1995 2938 2049; x_wconf 90' lang='lat' dir='ltr'><strong>in</strong></span> <span class='ocrx_word' id='word_1_334' title='bbox 2967 1991 3266 2066; x_wconf 73' lang='lat' dir='ltr'><strong>superbiam</strong></span> <span class='ocrx_word' id='word_1_335' title='bbox 3299 2001 3588 2060; x_wconf 72' lang='lat' dir='ltr'><strong>posuerunt</strong></span> 
     </span>
    </p>
   </div>
   <div class='ocr_carea' id='block_1_50' title="bbox 2011 2085 3588 2160">
    <p class='ocr_par' dir='ltr' id='par_1_50' title="bbox 2011 2085 3588 2160">
     <span class='ocr_line' id='line_1_50' title="bbox 2011 2085 3588 2160; baseline -0.004 -15"><span class='ocrx_word' id='word_1_336' title='bbox 2011 2106 2095 2156; x_wconf 91' lang='lat' dir='ltr'><strong>ea,</strong></span> <span class='ocrx_word' id='word_1_337' title='bbox 2129 2099 2178 2144; x_wconf 88' lang='lat' dir='ltr'><strong>et</strong></span> <span class='ocrx_word' id='word_1_338' title='bbox 2207 2089 2463 2160; x_wconf 87' lang='lat' dir='ltr'><strong>imagines</strong></span> <span class='ocrx_word' id='word_1_339' title='bbox 2489 2089 2942 2144; x_wconf 83' lang='lat' dir='ltr'><strong>abominationum</strong></span> <span class='ocrx_word' id='word_1_340' title='bbox 2979 2101 3198 2142; x_wconf 85' lang='lat' dir='ltr'><strong>suarum</strong></span> <span class='ocrx_word' id='word_1_341' title='bbox 3244 2095 3294 2142; x_wconf 90' lang='lat' dir='ltr'><strong>et</strong></span> <span class='ocrx_word' id='word_1_342' title='bbox 3340 2085 3588 2155; x_wconf 69' lang='lat' dir='ltr'><strong>oﬂ&#39;ensio-</strong></span> 
     </span>
    </p>
   </div>
   <div class='ocr_carea' id='block_1_51' title="bbox 2013 2177 3590 2249">
    <p class='ocr_par' dir='ltr' id='par_1_51' title="bbox 2013 2177 3590 2249">
     <span class='ocr_line' id='line_1_51' title="bbox 2013 2177 3590 2249; baseline -0.003 -16"><span class='ocrx_word' id='word_1_343' title='bbox 2013 2196 2138 2233; x_wconf 84' lang='lat' dir='ltr'><strong>num</strong></span> <span class='ocrx_word' id='word_1_344' title='bbox 2164 2179 2400 2247; x_wconf 78' lang='lat' dir='ltr'><strong>fecerunt</strong></span> <span class='ocrx_word' id='word_1_345' title='bbox 2429 2193 2496 2234; x_wconf 70' lang='lat' dir='ltr'><strong>ex</strong></span> <span class='ocrx_word' id='word_1_346' title='bbox 2540 2179 2640 2234; x_wconf 90' lang='lat' dir='ltr'><strong>eis.</strong></span> <span class='ocrx_word' id='word_1_347' title='bbox 2675 2181 2886 2234; x_wconf 78' lang='lat' dir='ltr'><strong>Aurum</strong></span> <span class='ocrx_word' id='word_1_348' title='bbox 2921 2177 3067 2234; x_wconf 85' lang='lat' dir='ltr'><strong>enim</strong></span> <span class='ocrx_word' id='word_1_349' title='bbox 3109 2185 3167 2234; x_wconf 84' lang='lat' dir='ltr'><strong>et</strong></span> <span class='ocrx_word' id='word_1_350' title='bbox 3197 2183 3511 2249; x_wconf 82' lang='lat' dir='ltr'><strong>argentum,</strong></span> <span class='ocrx_word' id='word_1_351' title='bbox 3534 2184 3590 2230; x_wconf 81' lang='lat' dir='ltr'><strong>et</strong></span> 
     </span>
    </p>
   </div>
   <div class='ocr_carea' id='block_1_52' title="bbox 2015 2269 3590 2342">
    <p class='ocr_par' dir='ltr' id='par_1_52' title="bbox 2015 2269 3590 2342">
     <span class='ocr_line' id='line_1_52' title="bbox 2015 2269 3590 2342; baseline 0 -17"><span class='ocrx_word' id='word_1_352' title='bbox 2015 2270 2222 2342; x_wconf 88' lang='lat' dir='ltr'><strong>lapides</strong></span> <span class='ocrx_word' id='word_1_353' title='bbox 2257 2269 2533 2342; x_wconf 88' lang='lat' dir='ltr'><strong>pretiosos</strong></span> <span class='ocrx_word' id='word_1_354' title='bbox 2567 2270 2880 2328; x_wconf 84' lang='lat' dir='ltr'><strong>habuerunt</strong></span> <span class='ocrx_word' id='word_1_355' title='bbox 2905 2270 3179 2342; x_wconf 64' lang='lat' dir='ltr'><strong>superbia</strong></span> <span class='ocrx_word' id='word_1_356' title='bbox 3205 2270 3373 2328; x_wconf 85' lang='lat' dir='ltr'><strong>simul</strong></span> <span class='ocrx_word' id='word_1_357' title='bbox 3403 2279 3460 2326; x_wconf 88' lang='lat' dir='ltr'><strong>et</strong></span> <span class='ocrx_word' id='word_1_358' title='bbox 3483 2271 3590 2326; x_wconf 85' lang='lat' dir='ltr'><strong>im-</strong></span> 
     </span>
    </p>
   </div>
   <div class='ocr_carea' id='block_1_53' title="bbox 2013 2360 3590 2433">
    <p class='ocr_par' dir='ltr' id='par_1_53' title="bbox 2013 2360 3590 2433">
     <span class='ocr_line' id='line_1_53' title="bbox 2013 2360 3590 2433; baseline 0.001 -18"><span class='ocrx_word' id='word_1_359' title='bbox 2013 2361 2234 2432; x_wconf 84' lang='lat' dir='ltr'><strong>pietatis</strong></span> <span class='ocrx_word' id='word_1_360' title='bbox 2266 2361 2574 2428; x_wconf 88' lang='lat' dir='ltr'><strong>materiam,</strong></span> <span class='ocrx_word' id='word_1_361' title='bbox 2607 2369 2995 2433; x_wconf 88' lang='lat' dir='ltr'><strong>sumptuosum</strong></span> <span class='ocrx_word' id='word_1_362' title='bbox 3037 2361 3142 2418; x_wconf 83' lang='lat' dir='ltr'><strong>sibi</strong></span> <span class='ocrx_word' id='word_1_363' title='bbox 3178 2360 3306 2417; x_wconf 89' lang='lat' dir='ltr'><strong>inde</strong></span> <span class='ocrx_word' id='word_1_364' title='bbox 3332 2371 3590 2416; x_wconf 89' lang='lat' dir='ltr'><strong>ornatum</strong></span> 
     </span>
    </p>
   </div>
   <div class='ocr_carea' id='block_1_54' title="bbox 2016 2451 3593 2523">
    <p class='ocr_par' dir='ltr' id='par_1_54' title="bbox 2016 2451 3593 2523">
     <span class='ocr_line' id='line_1_54' title="bbox 2016 2451 3593 2523; baseline 0 -16"><span class='ocrx_word' id='word_1_365' title='bbox 2016 2457 2432 2522; x_wconf 88' lang='lat' dir='ltr'><strong>comparantes,</strong></span> <span class='ocrx_word' id='word_1_366' title='bbox 2469 2461 2525 2508; x_wconf 91' lang='lat' dir='ltr'><strong>et</strong></span> <span class='ocrx_word' id='word_1_367' title='bbox 2554 2451 2792 2523; x_wconf 90' lang='lat' dir='ltr'><strong>plurima</strong></span> <span class='ocrx_word' id='word_1_368' title='bbox 2832 2452 2899 2507; x_wconf 91' lang='lat' dir='ltr'><strong>ad</strong></span> <span class='ocrx_word' id='word_1_369' title='bbox 2931 2451 3274 2508; x_wconf 80' lang='lat' dir='ltr'><strong>conﬁcienda</strong></span> <span class='ocrx_word' id='word_1_370' title='bbox 3313 2453 3457 2508; x_wconf 89' lang='lat' dir='ltr'><strong>idola</strong></span> <span class='ocrx_word' id='word_1_371' title='bbox 3493 2454 3593 2508; x_wconf 79' lang='lat' dir='ltr'><strong>int-</strong></span> 
     </span>
    </p>
   </div>
   <div class='ocr_carea' id='block_1_55' title="bbox 2016 2541 2340 2611">
    <p class='ocr_par' dir='ltr' id='par_1_55' title="bbox 2016 2541 2340 2611">
     <span class='ocr_line' id='line_1_55' title="bbox 2016 2541 2340 2611; baseline 0.003 -16"><span class='ocrx_word' id='word_1_372' title='bbox 2016 2541 2340 2611; x_wconf 80' lang='lat' dir='ltr'><strong>pendentes.</strong></span> 
     </span>
    </p>
   </div>
   <div class='ocr_carea' id='block_1_56' title="bbox 2094 2631 3596 2704">
    <p class='ocr_par' dir='ltr' id='par_1_56' title="bbox 2094 2631 3596 2704">
     <span class='ocr_line' id='line_1_56' title="bbox 2094 2631 3596 2704; baseline 0.001 -17"><span class='ocrx_word' id='word_1_373' title='bbox 2094 2631 2461 2702; x_wconf 82' lang='lat' dir='ltr'><strong>Propterhoc,</strong></span> <span class='ocrx_word' id='word_1_374' title='bbox 2491 2632 2697 2704; x_wconf 84' lang='lat' dir='ltr'><strong>inquit,</strong></span> <span class='ocrx_word' id='word_1_375' title='bbox 2727 2631 2852 2689; x_wconf 86' lang='lat' dir='ltr'><strong>dedi</strong></span> <span class='ocrx_word' id='word_1_376' title='bbox 2893 2633 3027 2703; x_wconf 87' lang='lat' dir='ltr'><strong>ipsis</strong></span> <span class='ocrx_word' id='word_1_377' title='bbox 3079 2649 3144 2688; x_wconf 91' lang='lat' dir='ltr'><strong>ea</strong></span> <span class='ocrx_word' id='word_1_378' title='bbox 3194 2632 3250 2688; x_wconf 86' lang='lat' dir='ltr'><strong>in</strong></span> <span class='ocrx_word' id='word_1_379' title='bbox 3311 2633 3596 2688; x_wconf 86' lang='lat' dir='ltr'><strong>immundi-</strong></span> 
     </span>
    </p>
   </div>
   <div class='ocr_carea' id='block_1_57' title="bbox 2022 2722 3594 2798">
    <p class='ocr_par' dir='ltr' id='par_1_57' title="bbox 2022 2722 3594 2798">
     <span class='ocr_line' id='line_1_57' title="bbox 2022 2722 3594 2798; baseline -0.001 -19"><span class='ocrx_word' id='word_1_380' title='bbox 2022 2725 2178 2780; x_wconf 86' lang='lat' dir='ltr'><strong>tiam.</strong></span> <span class='ocrx_word' id='word_1_381' title='bbox 2215 2723 2409 2795; x_wconf 77' lang='lat' dir='ltr'><strong>(Vt-zas.</strong></span> <span class='ocrx_word' id='word_1_382' title='bbox 2440 2723 2535 2789; x_wconf 73' lang='grc'><strong>21,</strong></span> <span class='ocrx_word' id='word_1_383' title='bbox 2555 2723 2674 2795; x_wconf 70' lang='lat'><strong>‘22.)</strong></span> <span class='ocrx_word' id='word_1_384' title='bbox 2703 2722 2772 2779; x_wconf 84' lang='lat' dir='ltr'><strong>Et</strong></span> <span class='ocrx_word' id='word_1_385' title='bbox 2800 2725 3012 2778; x_wconf 83' lang='lat' dir='ltr'><strong>tradam</strong></span> <span class='ocrx_word' id='word_1_386' title='bbox 3036 2740 3102 2798; x_wconf 80' lang='lat' dir='ltr'><strong>ea</strong></span> <span class='ocrx_word' id='word_1_387' title='bbox 3127 2724 3184 2778; x_wconf 89' lang='lat' dir='ltr'><strong>in</strong></span> <span class='ocrx_word' id='word_1_388' title='bbox 3224 2739 3414 2779; x_wconf 85' lang='lat' dir='ltr'><strong>manus</strong></span> <span class='ocrx_word' id='word_1_389' title='bbox 3461 2725 3594 2779; x_wconf 83' lang='lat' dir='ltr'><strong>alie-</strong></span> 
     </span>
    </p>
   </div>
   <div class='ocr_carea' id='block_1_58' title="bbox 2022 2815 3598 2887">
    <p class='ocr_par' dir='ltr' id='par_1_58' title="bbox 2022 2815 3598 2887">
     <span class='ocr_line' id='line_1_58' title="bbox 2022 2815 3598 2887; baseline 0 -17"><span class='ocrx_word' id='word_1_390' title='bbox 2022 2833 2236 2880; x_wconf 84' lang='lat' dir='ltr'><strong>norum,</strong></span> <span class='ocrx_word' id='word_1_391' title='bbox 2265 2828 2323 2872; x_wconf 83' lang='lat' dir='ltr'><strong>ut</strong></span> <span class='ocrx_word' id='word_1_392' title='bbox 2354 2815 2617 2886; x_wconf 85' lang='lat' dir='ltr'><strong>diripiant</strong></span> <span class='ocrx_word' id='word_1_393' title='bbox 2647 2832 2731 2881; x_wconf 90' lang='lat' dir='ltr'><strong>ea,</strong></span> <span class='ocrx_word' id='word_1_394' title='bbox 2766 2816 2938 2887; x_wconf 83' lang='lat' dir='ltr'><strong>iisque</strong></span> <span class='ocrx_word' id='word_1_395' title='bbox 2957 2816 3049 2887; x_wconf 83' lang='lat' dir='ltr'><strong>qui</strong></span> <span class='ocrx_word' id='word_1_396' title='bbox 3081 2824 3204 2870; x_wconf 78' lang='lat' dir='ltr'><strong>sunt</strong></span> <span class='ocrx_word' id='word_1_397' title='bbox 3230 2825 3399 2884; x_wconf 84' lang='lat' dir='ltr'><strong>pestes</strong></span> <span class='ocrx_word' id='word_1_398' title='bbox 3443 2823 3598 2870; x_wconf 76' lang='lat' dir='ltr'><strong>terra:</strong></span> 
     </span>
    </p>
   </div>
   <div class='ocr_carea' id='block_1_59' title="bbox 2021 2905 3598 2977">
    <p class='ocr_par' dir='ltr' id='par_1_59' title="bbox 2021 2905 3598 2977">
     <span class='ocr_line' id='line_1_59' title="bbox 2021 2905 3598 2977; baseline -0.002 -15"><span class='ocrx_word' id='word_1_399' title='bbox 2021 2909 2078 2962; x_wconf 85' lang='lat' dir='ltr'><strong>in</strong></span> <span class='ocrx_word' id='word_1_400' title='bbox 2105 2907 2300 2976; x_wconf 84' lang='lat' dir='ltr'><strong>spolia,</strong></span> <span class='ocrx_word' id='word_1_401' title='bbox 2350 2915 2402 2962; x_wconf 86' lang='lat' dir='ltr'><strong>et</strong></span> <span class='ocrx_word' id='word_1_402' title='bbox 2457 2907 2816 2976; x_wconf 75' lang='lat' dir='ltr'><strong>profanabant</strong></span> <span class='ocrx_word' id='word_1_403' title='bbox 2861 2923 2946 2962; x_wconf 90' lang='lat' dir='ltr'><strong>ea.</strong></span> <span class='ocrx_word' id='word_1_404' title='bbox 2994 2905 3063 2960; x_wconf 83' lang='lat' dir='ltr'><strong>Et</strong></span> <span class='ocrx_word' id='word_1_405' title='bbox 3117 2915 3354 2961; x_wconf 78' lang='lat' dir='ltr'><strong>avertam</strong></span> <span class='ocrx_word' id='word_1_406' title='bbox 3409 2907 3598 2977; x_wconf 75' lang='lat' dir='ltr'><strong>(aciem</strong></span> 
     </span>
    </p>
   </div>
   <div class='ocr_carea' id='block_1_60' title="bbox 2024 2998 3601 3072">
    <p class='ocr_par' dir='ltr' id='par_1_60' title="bbox 2024 2998 3601 3072">
     <span class='ocr_line' id='line_1_60' title="bbox 2024 2998 3601 3072; baseline -0.001 -16"><span class='ocrx_word' id='word_1_407' title='bbox 2024 3017 2195 3056; x_wconf 89' lang='lat' dir='ltr'><strong>meam</strong></span> <span class='ocrx_word' id='word_1_408' title='bbox 2218 2998 2284 3054; x_wconf 91' lang='lat' dir='ltr'><strong>ab</strong></span> <span class='ocrx_word' id='word_1_409' title='bbox 2323 2999 2423 3057; x_wconf 86' lang='lat' dir='ltr'><strong>eis.</strong></span> <span class='ocrx_word' id='word_1_410' title='bbox 2461 2998 2644 3055; x_wconf 88' lang='lat' dir='ltr'><strong>Pestes</strong></span> <span class='ocrx_word' id='word_1_411' title='bbox 2675 3010 2857 3056; x_wconf 89' lang='lat' dir='ltr'><strong>autem</strong></span> <span class='ocrx_word' id='word_1_412' title='bbox 2881 3008 3041 3056; x_wconf 66' lang='lat' dir='ltr'><strong>terra:</strong></span> <span class='ocrx_word' id='word_1_413' title='bbox 3073 2999 3405 3072; x_wconf 85' lang='lat' dir='ltr'><strong>Babylonios</strong></span> <span class='ocrx_word' id='word_1_414' title='bbox 3432 3014 3601 3056; x_wconf 55' lang='lat' dir='ltr'><strong>vocav</strong></span> 
     </span>
    </p>
   </div>
   <div class='ocr_carea' id='block_1_61' title="bbox 332 3090 1919 3174">
    <p class='ocr_par' dir='ltr' id='par_1_61' title="bbox 332 3096 1919 3169">
     <span class='ocr_line' id='line_1_61' title="bbox 332 3096 1919 3169; baseline 0 -15"><span class='ocrx_word' id='word_1_415' title='bbox 332 3097 560 3155; x_wconf 70' lang='grc' dir='ltr'>αὐτῶν.</span> <span class='ocrx_word' id='word_1_416' title='bbox 589 3096 848 3169; x_wconf 72' lang='grc' dir='ltr'>Δοιμοῦς</span> <span class='ocrx_word' id='word_1_417' title='bbox 873 3098 932 3152; x_wconf 77' lang='grc' dir='ltr'>δὲ</span> <span class='ocrx_word' id='word_1_418' title='bbox 952 3096 1066 3167; x_wconf 81' lang='grc' dir='ltr'><strong>τῆς</strong></span> <span class='ocrx_word' id='word_1_419' title='bbox 1083 3096 1198 3168; x_wconf 71' lang='grc' dir='ltr'>γῆς</span> <span class='ocrx_word' id='word_1_420' title='bbox 1239 3097 1368 3162; x_wconf 78' lang='grc' dir='ltr'>τοὺς</span> <span class='ocrx_word' id='word_1_421' title='bbox 1397 3097 1770 3164; x_wconf 78' lang='grc' dir='ltr'>Βαϐυλωνίους</span> <span class='ocrx_word' id='word_1_422' title='bbox 1796 3099 1919 3154; x_wconf 72' lang='grc' dir='ltr'><strong>ἑκά-</strong></span> 
     </span>
    </p>
   </div>
   <div class='ocr_carea' id='block_1_62' title="bbox 2021 3090 3602 3174">
    <p class='ocr_par' dir='ltr' id='par_1_62' title="bbox 2029 3090 3602 3159">
     <span class='ocr_line' id='line_1_62' title="bbox 2029 3090 3602 3159; baseline 0 -13"><span class='ocrx_word' id='word_1_423' title='bbox 2029 3091 2128 3158; x_wconf 87' lang='lat' dir='ltr'><strong>vit,</strong></span> <span class='ocrx_word' id='word_1_424' title='bbox 2161 3090 2585 3147; x_wconf 87' lang='lat' dir='ltr'><strong>crudelissimos</strong></span> <span class='ocrx_word' id='word_1_425' title='bbox 2609 3091 2863 3148; x_wconf 84' lang='lat' dir='ltr'><strong>homines</strong></span> <span class='ocrx_word' id='word_1_426' title='bbox 2908 3099 2964 3148; x_wconf 90' lang='lat' dir='ltr'><strong>et</strong></span> <span class='ocrx_word' id='word_1_427' title='bbox 3016 3091 3504 3159; x_wconf 88' lang='lat' dir='ltr'><strong>sceleratissimos,</strong></span> <span class='ocrx_word' id='word_1_428' title='bbox 3547 3101 3602 3147; x_wconf 82' lang='lat' dir='ltr'><strong>et</strong></span> 
     </span>
    </p>
   </div>
   <div class='ocr_carea' id='block_1_63' title="bbox 332 3187 1926 3261">
    <p class='ocr_par' dir='ltr' id='par_1_63' title="bbox 332 3187 1926 3261">
     <span class='ocr_line' id='line_1_63' title="bbox 332 3187 1926 3261; baseline 0.001 -19"><span class='ocrx_word' id='word_1_429' title='bbox 332 3188 494 3244; x_wconf 82' lang='grc' dir='ltr'>λεσεν</span> <span class='ocrx_word' id='word_1_430' title='bbox 516 3228 535 3256; x_wconf 96' lang='grc'><strong>,</strong></span> <span class='ocrx_word' id='word_1_431' title='bbox 567 3187 894 3260; x_wconf 73' lang='grc' dir='ltr'>ὠμοτάτους</span> <span class='ocrx_word' id='word_1_432' title='bbox 937 3187 1099 3254; x_wconf 73' lang='grc' dir='ltr'>ὄντας</span> <span class='ocrx_word' id='word_1_433' title='bbox 1123 3191 1220 3242; x_wconf 73' lang='grc' dir='ltr'><strong>καὶ</strong></span> <span class='ocrx_word' id='word_1_434' title='bbox 1244 3190 1750 3261; x_wconf 81' lang='grc' dir='ltr'>παρανομωτάτους</span> <span class='ocrx_word' id='word_1_435' title='bbox 1774 3228 1791 3257; x_wconf 91' lang='grc'><strong>,</strong></span> <span class='ocrx_word' id='word_1_436' title='bbox 1829 3193 1926 3246; x_wconf 76' lang='grc' dir='ltr'>καὶ</span> 
     </span>
    </p>
   </div>
   <div class='ocr_carea' id='block_1_64' title="bbox 333 3262 1923 3354">
    <p class='ocr_par' dir='ltr' id='par_1_64' title="bbox 333 3262 1923 3354">
     <span class='ocr_line' id='line_1_64' title="bbox 333 3262 1923 3354; baseline 0.002 -21"><span class='ocrx_word' id='word_1_437' title='bbox 333 3278 627 3349; x_wconf 74' lang='grc' dir='ltr'>δυσσεϐείᾳ</span> <span class='ocrx_word' id='word_1_438' title='bbox 678 3277 832 3352; x_wconf 77' lang='grc' dir='ltr'>πάσῃ</span> <span class='ocrx_word' id='word_1_439' title='bbox 887 3262 1400 3354; x_wconf 70' lang='grc' dir='ltr'>συντεθραμμένους</span> <span class='ocrx_word' id='word_1_440' title='bbox 1423 3297 1438 3314; x_wconf 74' lang='grc' dir='ltr'><strong><em>ο</em></strong></span> <span class='ocrx_word' id='word_1_441' title='bbox 1464 3279 1724 3346; x_wconf 84' lang='grc' dir='ltr'>Τούτοις,</span> <span class='ocrx_word' id='word_1_442' title='bbox 1768 3283 1923 3354; x_wconf 78' lang='grc' dir='ltr'>φησὶ,</span> 
     </span>
    </p>
   </div>
   <div class='ocr_carea' id='block_1_65' title="bbox 335 3366 1928 3442">
    <p class='ocr_par' dir='ltr' id='par_1_65' title="bbox 335 3366 1928 3442">
     <span class='ocr_line' id='line_1_65' title="bbox 335 3366 1928 3442; baseline 0.001 -19"><span class='ocrx_word' id='word_1_443' title='bbox 335 3366 652 3440; x_wconf 83' lang='grc' dir='ltr'>παραδώσω</span> <span class='ocrx_word' id='word_1_444' title='bbox 691 3366 729 3424; x_wconf 75' lang='grc' dir='ltr'>ἃ</span> <span class='ocrx_word' id='word_1_445' title='bbox 767 3368 1216 3424; x_wconf 63' lang='grc' dir='ltr'>κατεσκευάσατο</span> <span class='ocrx_word' id='word_1_446' title='bbox 1248 3370 1431 3442; x_wconf 78' lang='grc' dir='ltr'>χρυσᾶ</span> <span class='ocrx_word' id='word_1_447' title='bbox 1461 3369 1656 3424; x_wconf 74' lang='grc' dir='ltr'>εἴδωλα</span> <span class='ocrx_word' id='word_1_448' title='bbox 1689 3371 1786 3425; x_wconf 78' lang='grc' dir='ltr'>καὶ</span> <span class='ocrx_word' id='word_1_449' title='bbox 1826 3371 1928 3442; x_wconf 86' lang='grc' dir='ltr'>ἀρ-</span> 
     </span>
    </p>
   </div>
   <div class='ocr_carea' id='block_1_66' title="bbox 335 3459 1926 3534">
    <p class='ocr_par' dir='ltr' id='par_1_66' title="bbox 335 3459 1926 3534">
     <span class='ocr_line' id='line_1_66' title="bbox 335 3459 1926 3534; baseline 0.001 -20"><span class='ocrx_word' id='word_1_450' title='bbox 335 3463 485 3533; x_wconf 76' lang='grc' dir='ltr'>γυρᾶ</span> <span class='ocrx_word' id='word_1_451' title='bbox 506 3502 523 3528; x_wconf 94' lang='grc'><strong>,</strong></span> <span class='ocrx_word' id='word_1_452' title='bbox 575 3459 676 3516; x_wconf 76' lang='grc' dir='ltr'>καὶ</span> <span class='ocrx_word' id='word_1_453' title='bbox 739 3460 801 3516; x_wconf 83' lang='grc' dir='ltr'><strong>δν</strong></span> <span class='ocrx_word' id='word_1_454' title='bbox 860 3462 1154 3531; x_wconf 73' lang='grc' dir='ltr'>ἐποιήσατε</span> <span class='ocrx_word' id='word_1_455' title='bbox 1183 3463 1314 3533; x_wconf 83' lang='grc' dir='ltr'>ύμῖν</span> <span class='ocrx_word' id='word_1_456' title='bbox 1366 3463 1552 3526; x_wconf 82' lang='grc' dir='ltr'>αὐτοῖς</span> <span class='ocrx_word' id='word_1_457' title='bbox 1583 3463 1629 3496; x_wconf 79' lang='grc' dir='ltr'><strong>⁸ο</strong></span> <span class='ocrx_word' id='word_1_458' title='bbox 1661 3462 1926 3534; x_wconf 84' lang='grc' dir='ltr'>πολυτελῆ</span> 
     </span>
    </p>
   </div>
   <div class='ocr_carea' id='block_1_67' title="bbox 339 3551 1929 3626">
    <p class='ocr_par' dir='ltr' id='par_1_67' title="bbox 339 3551 1929 3626">
     <span class='ocr_line' id='line_1_67' title="bbox 339 3551 1929 3626; baseline 0.001 -18"><span class='ocrx_word' id='word_1_459' title='bbox 339 3554 570 3626; x_wconf 80' lang='grc' dir='ltr'>κόσμον.</span> <span class='ocrx_word' id='word_1_460' title='bbox 624 3552 738 3607; x_wconf 74' lang='grc' dir='ltr'><strong>Καὶ</strong></span> <span class='ocrx_word' id='word_1_461' title='bbox 791 3551 1196 3625; x_wconf 77' lang='grc' dir='ltr'>βεϐηλώσουσιν</span> <span class='ocrx_word' id='word_1_462' title='bbox 1251 3554 1393 3610; x_wconf 85' lang='grc' dir='ltr'><strong>αύτά</strong></span> <span class='ocrx_word' id='word_1_463' title='bbox 1417 3571 1432 3584; x_wconf 89' lang='grc'><strong>·</strong></span> <span class='ocrx_word' id='word_1_464' title='bbox 1477 3554 1748 3620; x_wconf 76' lang='grc' dir='ltr'>τουτέστι,</span> <span class='ocrx_word' id='word_1_465' title='bbox 1802 3557 1929 3621; x_wconf 80' lang='grc' dir='ltr'>Τοῖς</span> 
     </span>
    </p>
   </div>
   <div class='ocr_carea' id='block_1_68' title="bbox 339 3642 1930 3720">
    <p class='ocr_par' dir='ltr' id='par_1_68' title="bbox 339 3642 1930 3720">
     <span class='ocr_line' id='line_1_68' title="bbox 339 3642 1930 3720; baseline 0.003 -20"><span class='ocrx_word' id='word_1_466' title='bbox 339 3643 546 3716; x_wconf 84' lang='grc' dir='ltr'>τιμίοις</span> <span class='ocrx_word' id='word_1_467' title='bbox 580 3642 737 3714; x_wconf 81' lang='grc' dir='ltr'>ὑμῶν</span> <span class='ocrx_word' id='word_1_468' title='bbox 769 3643 1012 3709; x_wconf 79' lang='grc' dir='ltr'>εἰδώλοις</span> <span class='ocrx_word' id='word_1_469' title='bbox 1043 3646 1126 3709; x_wconf 89' lang='grc' dir='ltr'><strong>εἰς</strong></span> <span class='ocrx_word' id='word_1_470' title='bbox 1176 3644 1374 3716; x_wconf 78' lang='grc' dir='ltr'>ἑτέραν</span> <span class='ocrx_word' id='word_1_471' title='bbox 1418 3648 1718 3720; x_wconf 79' lang='grc' dir='ltr'>χρήσονται</span> <span class='ocrx_word' id='word_1_472' title='bbox 1756 3665 1930 3704; x_wconf 85' lang='grc' dir='ltr'>κατα-</span> 
     </span>
    </p>
   </div>
   <div class='ocr_carea' id='block_1_69' title="bbox 340 3738 564 3810">
    <p class='ocr_par' dir='ltr' id='par_1_69' title="bbox 340 3738 564 3810">
     <span class='ocr_line' id='line_1_69' title="bbox 340 3738 564 3810; baseline 0.009 -18"><span class='ocrx_word' id='word_1_473' title='bbox 340 3738 564 3810; x_wconf 81' lang='grc' dir='ltr'>σκευήν.</span> 
     </span>
    </p>
   </div>
   <div class='ocr_carea' id='block_1_70' title="bbox 411 3829 1934 3902">
    <p class='ocr_par' dir='ltr' id='par_1_70' title="bbox 411 3829 1934 3902">
     <span class='ocr_line' id='line_1_70' title="bbox 411 3829 1934 3902; baseline -0.006 -15"><span class='ocrx_word' id='word_1_474' title='bbox 411 3831 523 3887; x_wconf 81' lang='lat' dir='ltr'><strong>Kal</strong></span> <span class='ocrx_word' id='word_1_475' title='bbox 550 3829 838 3900; x_wconf 70' lang='grc' dir='ltr'>ιιιανοῦσι</span> <span class='ocrx_word' id='word_1_476' title='bbox 889 3829 1008 3898; x_wconf 71' lang='grc' dir='ltr'><strong>τὴν</strong></span> <span class='ocrx_word' id='word_1_477' title='bbox 1023 3829 1067 3862; x_wconf 80' lang='grc'><strong>⁸¹</strong></span> <span class='ocrx_word' id='word_1_478' title='bbox 1105 3829 1455 3899; x_wconf 72' lang='grc' dir='ltr'>ἐπισκοπὴν</span> <span class='ocrx_word' id='word_1_479' title='bbox 1475 3849 1597 3902; x_wconf 85' lang='grc' dir='ltr'><strong>μου</strong></span> <span class='ocrx_word' id='word_1_480' title='bbox 1615 3872 1631 3898; x_wconf 86' lang='grc'><strong>,</strong></span> <span class='ocrx_word' id='word_1_481' title='bbox 1675 3833 1774 3888; x_wconf 83' lang='grc' dir='ltr'><strong>καί</strong></span> <span class='ocrx_word' id='word_1_482' title='bbox 1806 3835 1934 3889; x_wconf 75' lang='grc' dir='ltr'>εἰσ-</span> 
     </span>
    </p>
   </div>
   <div class='ocr_carea' id='block_1_71' title="bbox 339 3919 1932 3990">
    <p class='ocr_par' dir='ltr' id='par_1_71' title="bbox 339 3919 1932 3990">
     <span class='ocr_line' id='line_1_71' title="bbox 339 3919 1932 3990; baseline -0.003 -12"><span class='ocrx_word' id='word_1_483' title='bbox 339 3921 702 3978; x_wconf 67' lang='grc' dir='ltr'>ελεύσονται</span> <span class='ocrx_word' id='word_1_484' title='bbox 734 3922 823 3987; x_wconf 84' lang='grc' dir='ltr'><strong>εἰς</strong></span> <span class='ocrx_word' id='word_1_485' title='bbox 851 3919 1006 3974; x_wconf 84' lang='grc' dir='ltr'>αὐτὰ</span> <span class='ocrx_word' id='word_1_486' title='bbox 1036 3920 1398 3988; x_wconf 68' lang='grc' dir='ltr'>ἀφυλάκτως</span> <span class='ocrx_word' id='word_1_487' title='bbox 1411 3922 1478 3986; x_wconf 80' lang='grc'><strong>⁸⁸,</strong></span> <span class='ocrx_word' id='word_1_488' title='bbox 1527 3921 1628 3976; x_wconf 83' lang='grc' dir='ltr'><strong>καί</strong></span> <span class='ocrx_word' id='word_1_489' title='bbox 1662 3922 1932 3990; x_wconf 76' lang='grc' dir='ltr'><strong>,βεϐηλώ-</strong></span> 
     </span>
    </p>
   </div>
   <div class='ocr_carea' id='block_1_72' title="bbox 341 4008 1929 4083">
    <p class='ocr_par' dir='ltr' id='par_1_72' title="bbox 341 4008 1929 4083">
     <span class='ocr_line' id='line_1_72' title="bbox 341 4008 1929 4083; baseline 0.003 -17"><span class='ocrx_word' id='word_1_490' title='bbox 341 4027 572 4068; x_wconf 80' lang='grc' dir='ltr'>σουσιν</span> <span class='ocrx_word' id='word_1_491' title='bbox 625 4008 799 4066; x_wconf 77' lang='grc' dir='ltr'>αὑτά.</span> <span class='ocrx_word' id='word_1_492' title='bbox 841 4009 998 4080; x_wconf 81' lang='grc' dir='ltr'><strong>(κγ’.)</strong></span> <span class='ocrx_word' id='word_1_493' title='bbox 1043 4010 1223 4064; x_wconf 78' lang='lat' dir='ltr'><strong>Kal”</strong></span> <span class='ocrx_word' id='word_1_494' title='bbox 1285 4011 1616 4081; x_wconf 65' lang='grc' dir='ltr'>ποιήσουσι</span> <span class='ocrx_word' id='word_1_495' title='bbox 1670 4013 1929 4083; x_wconf 67' lang='grc' dir='ltr'>φορμόν.</span> 
     </span>
    </p>
   </div>
   <div class='ocr_carea' id='block_1_73' title="bbox 355 4101 1932 4176">
    <p class='ocr_par' dir='ltr' id='par_1_73' title="bbox 355 4101 1932 4176">
     <span class='ocr_line' id='line_1_73' title="bbox 355 4101 1932 4176; baseline 0 -17"><span class='ocrx_word' id='word_1_496' title='bbox 355 4101 696 4175; x_wconf 81' lang='grc' dir='ltr'>Ἐπισκοπὴν</span> <span class='ocrx_word' id='word_1_497' title='bbox 730 4101 898 4156; x_wconf 75' lang='grc' dir='ltr'>αὐτοῦ</span> <span class='ocrx_word' id='word_1_498' title='bbox 935 4101 1026 4155; x_wconf 78' lang='grc' dir='ltr'>τὸν</span> <span class='ocrx_word' id='word_1_499' title='bbox 1063 4103 1444 4174; x_wconf 80' lang='grc' dir='ltr'>ἀφιερωμένον</span> <span class='ocrx_word' id='word_1_500' title='bbox 1482 4103 1632 4176; x_wconf 83' lang='grc' dir='ltr'><strong>αύτῷ</strong></span> <span class='ocrx_word' id='word_1_501' title='bbox 1656 4121 1932 4176; x_wconf 84' lang='grc' dir='ltr'>προσαγο-</span> 
     </span>
    </p>
   </div>
   <div class='ocr_carea' id='block_1_74' title="bbox 347 4192 1934 4268">
    <p class='ocr_par' dir='ltr' id='par_1_74' title="bbox 347 4192 1934 4268">
     <span class='ocr_line' id='line_1_74' title="bbox 347 4192 1934 4268; baseline -0.001 -19"><span class='ocrx_word' id='word_1_502' title='bbox 347 4196 498 4268; x_wconf 73' lang='grc' dir='ltr'>ρεύει</span> <span class='ocrx_word' id='word_1_503' title='bbox 524 4192 685 4258; x_wconf 88' lang='grc' dir='ltr'>νεὼν,</span> <span class='ocrx_word' id='word_1_504' title='bbox 713 4193 838 4249; x_wconf 83' lang='grc' dir='ltr'>ὅθεν</span> <span class='ocrx_word' id='word_1_505' title='bbox 861 4193 1184 4248; x_wconf 76' lang='grc' dir='ltr'>ἐπισκοπεῖν</span> <span class='ocrx_word' id='word_1_506' title='bbox 1215 4194 1392 4248; x_wconf 64' lang='grc' dir='ltr'>ἐδόκει</span> <span class='ocrx_word' id='word_1_507' title='bbox 1436 4195 1528 4248; x_wconf 82' lang='grc' dir='ltr'>τὸν</span> <span class='ocrx_word' id='word_1_508' title='bbox 1561 4195 1798 4267; x_wconf 81' lang='grc' dir='ltr'>Ἰσραὴλ,</span> <span class='ocrx_word' id='word_1_509' title='bbox 1838 4197 1934 4250; x_wconf 80' lang='grc' dir='ltr'><strong>καί</strong></span> 
     </span>
    </p>
   </div>
   <div class='ocr_carea' id='block_1_75' title="bbox 343 4282 1932 4356">
    <p class='ocr_par' dir='ltr' id='par_1_75' title="bbox 343 4282 1932 4356">
     <span class='ocr_line' id='line_1_75' title="bbox 343 4282 1932 4356; baseline 0.001 -18"><span class='ocrx_word' id='word_1_510' title='bbox 343 4285 608 4356; x_wconf 81' lang='grc' dir='ltr'>προνοίας</span> <span class='ocrx_word' id='word_1_511' title='bbox 656 4283 822 4338; x_wconf 80' lang='grc' dir='ltr'>αὐτὸν</span> <span class='ocrx_word' id='word_1_512' title='bbox 864 4282 1074 4350; x_wconf 79' lang='grc' dir='ltr'>ἀξιοῦν.</span> <span class='ocrx_word' id='word_1_513' title='bbox 1133 4284 1451 4356; x_wconf 85' lang='grc' dir='ltr'>Παραδώσω</span> <span class='ocrx_word' id='word_1_514' title='bbox 1491 4285 1551 4338; x_wconf 84' lang='grc' dir='ltr'>δὲ</span> <span class='ocrx_word' id='word_1_515' title='bbox 1578 4325 1593 4351; x_wconf 95' lang='grc'><strong>,</strong></span> <span class='ocrx_word' id='word_1_516' title='bbox 1627 4288 1829 4356; x_wconf 72' lang='grc' dir='ltr'>φησὶν,</span> <span class='ocrx_word' id='word_1_517' title='bbox 1871 4288 1932 4340; x_wconf 80' lang='grc' dir='ltr'>οὐ</span> 
     </span>
    </p>
   </div>
   <div class='ocr_carea' id='block_1_76' title="bbox 349 4374 1935 4452">
    <p class='ocr_par' dir='ltr' id='par_1_76' title="bbox 349 4374 1935 4452">
     <span class='ocr_line' id='line_1_76' title="bbox 349 4374 1935 4452; baseline 0 -20"><span class='ocrx_word' id='word_1_518' title='bbox 349 4377 513 4448; x_wconf 85' lang='grc' dir='ltr'>μόνον</span> <span class='ocrx_word' id='word_1_519' title='bbox 540 4375 609 4430; x_wconf 88' lang='grc' dir='ltr'><strong>τά</strong></span> <span class='ocrx_word' id='word_1_520' title='bbox 643 4374 839 4430; x_wconf 80' lang='grc' dir='ltr'>εῐδωλα</span> <span class='ocrx_word' id='word_1_521' title='bbox 867 4375 1049 4430; x_wconf 80' lang='grc' dir='ltr'>αὐτῶν</span> <span class='ocrx_word' id='word_1_522' title='bbox 1076 4378 1192 4442; x_wconf 82' lang='grc' dir='ltr'>τοῖς</span> <span class='ocrx_word' id='word_1_523' title='bbox 1227 4376 1587 4441; x_wconf 76' lang='grc' dir='ltr'>Βαϐυλωνίοις</span> <span class='ocrx_word' id='word_1_524' title='bbox 1610 4415 1627 4442; x_wconf 89' lang='grc'><strong>,</strong></span> <span class='ocrx_word' id='word_1_525' title='bbox 1676 4376 1814 4452; x_wconf 77' lang='grc' dir='ltr'><strong>ἀλλά</strong></span> <span class='ocrx_word' id='word_1_526' title='bbox 1841 4379 1935 4433; x_wconf 79' lang='grc' dir='ltr'>καὶ</span> 
     </span>
    </p>
   </div>
   <div class='ocr_carea' id='block_1_77' title="bbox 2027 3181 3603 3254">
    <p class='ocr_par' dir='ltr' id='par_1_77' title="bbox 2027 3181 3603 3254">
     <span class='ocr_line' id='line_1_77' title="bbox 2027 3181 3603 3254; baseline 0.001 -16"><span class='ocrx_word' id='word_1_527' title='bbox 2027 3182 2180 3238; x_wconf 87' lang='lat' dir='ltr'><strong>omni</strong></span> <span class='ocrx_word' id='word_1_528' title='bbox 2202 3181 2481 3253; x_wconf 87' lang='lat' dir='ltr'><strong>impietate</strong></span> <span class='ocrx_word' id='word_1_529' title='bbox 2500 3181 2816 3239; x_wconf 84' lang='lat' dir='ltr'><strong>obstrictos.</strong></span> <span class='ocrx_word' id='word_1_530' title='bbox 2853 3181 2972 3247; x_wconf 82' lang='lat' dir='ltr'><strong>His,</strong></span> <span class='ocrx_word' id='word_1_531' title='bbox 2997 3183 3194 3254; x_wconf 88' lang='lat' dir='ltr'><strong>inquit,</strong></span> <span class='ocrx_word' id='word_1_532' title='bbox 3224 3183 3435 3239; x_wconf 84' lang='lat' dir='ltr'><strong>tradam</strong></span> <span class='ocrx_word' id='word_1_533' title='bbox 3457 3199 3603 3254; x_wconf 74' lang='lat' dir='ltr'><strong>qua:-</strong></span> 
     </span>
    </p>
   </div>
   <div class='ocr_carea' id='block_1_78' title="bbox 2028 3274 3604 3346">
    <p class='ocr_par' dir='ltr' id='par_1_78' title="bbox 2028 3274 3604 3346">
     <span class='ocr_line' id='line_1_78' title="bbox 2028 3274 3604 3346; baseline 0.001 -17"><span class='ocrx_word' id='word_1_534' title='bbox 2028 3274 2280 3344; x_wconf 78' lang='lat' dir='ltr'><strong>eunque&#39;</strong></span> <span class='ocrx_word' id='word_1_535' title='bbox 2333 3287 2506 3330; x_wconf 89' lang='lat' dir='ltr'><strong>aurea</strong></span> <span class='ocrx_word' id='word_1_536' title='bbox 2550 3279 2608 3330; x_wconf 87' lang='lat' dir='ltr'><strong>et</strong></span> <span class='ocrx_word' id='word_1_537' title='bbox 2640 3279 2898 3346; x_wconf 84' lang='lat' dir='ltr'><strong>argentea</strong></span> <span class='ocrx_word' id='word_1_538' title='bbox 2955 3275 3284 3332; x_wconf 82' lang='lat' dir='ltr'><strong>confecistis</strong></span> <span class='ocrx_word' id='word_1_539' title='bbox 3332 3275 3500 3340; x_wconf 87' lang='lat' dir='ltr'><strong>idola,</strong></span> <span class='ocrx_word' id='word_1_540' title='bbox 3550 3284 3604 3332; x_wconf 89' lang='lat' dir='ltr'><strong>et</strong></span> 
     </span>
    </p>
   </div>
   <div class='ocr_carea' id='block_1_79' title="bbox 2030 3363 3604 3438">
    <p class='ocr_par' dir='ltr' id='par_1_79' title="bbox 2030 3363 3604 3438">
     <span class='ocr_line' id='line_1_79' title="bbox 2030 3363 3604 3438; baseline 0.001 -19"><span class='ocrx_word' id='word_1_541' title='bbox 2030 3371 2287 3419; x_wconf 88' lang='lat' dir='ltr'><strong>ornatum</strong></span> <span class='ocrx_word' id='word_1_542' title='bbox 2311 3363 2492 3431; x_wconf 89' lang='lat' dir='ltr'><strong>illum,</strong></span> <span class='ocrx_word' id='word_1_543' title='bbox 2512 3379 2676 3436; x_wconf 90' lang='lat' dir='ltr'><strong>quem</strong></span> <span class='ocrx_word' id='word_1_544' title='bbox 2707 3363 2864 3421; x_wconf 82' lang='lat' dir='ltr'><strong>vobis</strong></span> <span class='ocrx_word' id='word_1_545' title='bbox 2893 3373 3276 3436; x_wconf 89' lang='lat' dir='ltr'><strong>sumptuosum</strong></span> <span class='ocrx_word' id='word_1_546' title='bbox 3318 3380 3604 3438; x_wconf 83' lang='lat' dir='ltr'><strong>compara-</strong></span> 
     </span>
    </p>
   </div>
   <div class='ocr_carea' id='block_1_80' title="bbox 2030 3453 3604 3528">
    <p class='ocr_par' dir='ltr' id='par_1_80' title="bbox 2030 3453 3604 3528">
     <span class='ocr_line' id='line_1_80' title="bbox 2030 3453 3604 3528; baseline 0.002 -16"><span class='ocrx_word' id='word_1_547' title='bbox 2030 3455 2155 3512; x_wconf 88' lang='lat' dir='ltr'><strong>stis.</strong></span> <span class='ocrx_word' id='word_1_548' title='bbox 2191 3453 2261 3510; x_wconf 85' lang='lat' dir='ltr'><strong>Et</strong></span> <span class='ocrx_word' id='word_1_549' title='bbox 2292 3456 2544 3528; x_wconf 90' lang='lat' dir='ltr'><strong>polluent</strong></span> <span class='ocrx_word' id='word_1_550' title='bbox 2564 3471 2652 3521; x_wconf 90' lang='lat' dir='ltr'><strong>ea,</strong></span> <span class='ocrx_word' id='word_1_551' title='bbox 2673 3455 2780 3511; x_wconf 85' lang='lat' dir='ltr'><strong>hoc</strong></span> <span class='ocrx_word' id='word_1_552' title='bbox 2815 3464 2926 3521; x_wconf 87' lang='lat' dir='ltr'><strong>est,</strong></span> <span class='ocrx_word' id='word_1_553' title='bbox 2961 3458 3223 3528; x_wconf 87' lang='lat' dir='ltr'><strong>pretiosis</strong></span> <span class='ocrx_word' id='word_1_554' title='bbox 3251 3458 3456 3516; x_wconf 81' lang='lat' dir='ltr'><strong>vestris</strong></span> <span class='ocrx_word' id='word_1_555' title='bbox 3489 3460 3604 3515; x_wconf 88' lang='lat' dir='ltr'><strong>ido-</strong></span> 
     </span>
    </p>
   </div>
   <div class='ocr_carea' id='block_1_81' title="bbox 2030 3545 2966 3603">
    <p class='ocr_par' dir='ltr' id='par_1_81' title="bbox 2030 3545 2966 3603">
     <span class='ocr_line' id='line_1_81' title="bbox 2030 3545 2966 3603; baseline 0.002 -3"><span class='ocrx_word' id='word_1_556' title='bbox 2030 3545 2101 3603; x_wconf 89' lang='lat' dir='ltr'><strong>lis</strong></span> <span class='ocrx_word' id='word_1_557' title='bbox 2125 3545 2192 3601; x_wconf 88' lang='lat' dir='ltr'><strong>ad</strong></span> <span class='ocrx_word' id='word_1_558' title='bbox 2217 3546 2328 3602; x_wconf 86' lang='lat' dir='ltr'><strong>alia</strong></span> <span class='ocrx_word' id='word_1_559' title='bbox 2353 3545 2695 3603; x_wconf 81' lang='lat' dir='ltr'><strong>conﬁcienda</strong></span> <span class='ocrx_word' id='word_1_560' title='bbox 2721 3553 2966 3603; x_wconf 86' lang='lat' dir='ltr'><strong>utentur.</strong></span> 
     </span>
    </p>
   </div>
   <div class='ocr_carea' id='block_1_82' title="bbox 2105 3825 3582 3901">
    <p class='ocr_par' dir='ltr' id='par_1_82' title="bbox 2105 3825 3582 3901">
     <span class='ocr_line' id='line_1_82' title="bbox 2105 3825 3582 3901; baseline 0.001 -20"><span class='ocrx_word' id='word_1_561' title='bbox 2105 3826 2174 3881; x_wconf 84' lang='lat' dir='ltr'><strong>Et</strong></span> <span class='ocrx_word' id='word_1_562' title='bbox 2200 3825 2557 3897; x_wconf 78' lang='lat' dir='ltr'><strong>inquinabunt</strong></span> <span class='ocrx_word' id='word_1_563' title='bbox 2586 3826 2942 3883; x_wconf 84' lang='lat' dir='ltr'><strong>visitationem</strong></span> <span class='ocrx_word' id='word_1_564' title='bbox 2987 3843 3180 3895; x_wconf 87' lang='lat' dir='ltr'><strong>meam,</strong></span> <span class='ocrx_word' id='word_1_565' title='bbox 3223 3837 3274 3883; x_wconf 92' lang='lat' dir='ltr'><strong>et</strong></span> <span class='ocrx_word' id='word_1_566' title='bbox 3314 3829 3582 3901; x_wconf 83' lang='lat' dir='ltr'><strong>ingredien</strong></span> 
     </span>
    </p>
   </div>
   <div class='ocr_carea' id='block_1_83' title="bbox 2035 3916 3611 3994">
    <p class='ocr_par' dir='ltr' id='par_1_83' title="bbox 2035 3916 3611 3994">
     <span class='ocr_line' id='line_1_83' title="bbox 2035 3916 3611 3994; baseline 0.002 -22"><span class='ocrx_word' id='word_1_567' title='bbox 2035 3929 2122 3973; x_wconf 82' lang='lat' dir='ltr'><strong>tur</strong></span> <span class='ocrx_word' id='word_1_568' title='bbox 2148 3919 2204 3972; x_wconf 89' lang='lat' dir='ltr'><strong>in</strong></span> <span class='ocrx_word' id='word_1_569' title='bbox 2229 3935 2293 3973; x_wconf 89' lang='lat' dir='ltr'><strong>ea</strong></span> <span class='ocrx_word' id='word_1_570' title='bbox 2309 3919 2423 3974; x_wconf 87' lang='lat' dir='ltr'><strong>sine</strong></span> <span class='ocrx_word' id='word_1_571' title='bbox 2448 3919 2711 3983; x_wconf 86' lang='lat' dir='ltr'><strong>custodia,</strong></span> <span class='ocrx_word' id='word_1_572' title='bbox 2734 3929 2783 3974; x_wconf 90' lang='lat' dir='ltr'><strong>et</strong></span> <span class='ocrx_word' id='word_1_573' title='bbox 2811 3919 3044 3988; x_wconf 72' lang='lat' dir='ltr'><strong>polluerit</strong></span> <span class='ocrx_word' id='word_1_574' title='bbox 3072 3935 3155 3974; x_wconf 90' lang='lat' dir='ltr'><strong>ea.</strong></span> <span class='ocrx_word' id='word_1_575' title='bbox 3179 3916 3368 3991; x_wconf 72' lang='lat' dir='ltr'><strong>(Vsus.</strong></span> <span class='ocrx_word' id='word_1_576' title='bbox 3400 3921 3517 3994; x_wconf 73' lang='lat'><strong>25.)</strong></span> <span class='ocrx_word' id='word_1_577' title='bbox 3543 3920 3611 3977; x_wconf 77' lang='lat' dir='ltr'><strong>Et</strong></span> 
     </span>
    </p>
   </div>
   <div class='ocr_carea' id='block_1_84' title="bbox 2035 4009 3613 4083">
    <p class='ocr_par' dir='ltr' id='par_1_84' title="bbox 2035 4009 3613 4083">
     <span class='ocr_line' id='line_1_84' title="bbox 2035 4009 3613 4083; baseline 0.002 -19"><span class='ocrx_word' id='word_1_578' title='bbox 2035 4012 2230 4081; x_wconf 62' lang='lat' dir='ltr'><strong>facient</strong></span> <span class='ocrx_word' id='word_1_579' title='bbox 2263 4011 2698 4083; x_wconf 84' lang='lat' dir='ltr'><strong>inquinationem.</strong></span> <span class='ocrx_word' id='word_1_580' title='bbox 2735 4009 3121 4066; x_wconf 82' lang='lat' dir='ltr'><strong>Visitationem</strong></span> <span class='ocrx_word' id='word_1_581' title='bbox 3178 4025 3336 4066; x_wconf 90' lang='lat' dir='ltr'><strong>suam</strong></span> <span class='ocrx_word' id='word_1_582' title='bbox 3391 4011 3613 4067; x_wconf 82' lang='lat' dir='ltr'><strong>dedica-</strong></span> 
     </span>
    </p>
   </div>
   <div class='ocr_carea' id='block_1_85' title="bbox 2035 4101 3610 4175">
    <p class='ocr_par' dir='ltr' id='par_1_85' title="bbox 2035 4101 3610 4175">
     <span class='ocr_line' id='line_1_85' title="bbox 2035 4101 3610 4175; baseline 0.001 -17"><span class='ocrx_word' id='word_1_583' title='bbox 2035 4110 2151 4158; x_wconf 88' lang='lat' dir='ltr'><strong>tum</strong></span> <span class='ocrx_word' id='word_1_584' title='bbox 2178 4103 2286 4159; x_wconf 86' lang='lat' dir='ltr'><strong>sibi</strong></span> <span class='ocrx_word' id='word_1_585' title='bbox 2310 4103 2571 4175; x_wconf 84' lang='lat' dir='ltr'><strong>templum</strong></span> <span class='ocrx_word' id='word_1_586' title='bbox 2599 4103 2873 4168; x_wconf 87' lang='lat' dir='ltr'><strong>nominat,</strong></span> <span class='ocrx_word' id='word_1_587' title='bbox 2915 4101 3064 4158; x_wconf 90' lang='lat' dir='ltr'><strong>unde</strong></span> <span class='ocrx_word' id='word_1_588' title='bbox 3093 4102 3320 4158; x_wconf 82' lang='lat' dir='ltr'><strong>visitare</strong></span> <span class='ocrx_word' id='word_1_589' title='bbox 3353 4102 3610 4160; x_wconf 87' lang='lat' dir='ltr'><strong>israelem</strong></span> 
     </span>
    </p>
   </div>
   <div class='ocr_carea' id='block_1_86' title="bbox 2035 4193 3610 4266">
    <p class='ocr_par' dir='ltr' id='par_1_86' title="bbox 2035 4193 3610 4266">
     <span class='ocr_line' id='line_1_86' title="bbox 2035 4193 3610 4266; baseline -0.001 -16"><span class='ocrx_word' id='word_1_590' title='bbox 2035 4203 2090 4250; x_wconf 88' lang='lat' dir='ltr'><strong>et</strong></span> <span class='ocrx_word' id='word_1_591' title='bbox 2133 4209 2234 4251; x_wconf 89' lang='lat' dir='ltr'><strong>sua</strong></span> <span class='ocrx_word' id='word_1_592' title='bbox 2262 4209 2388 4250; x_wconf 88' lang='lat' dir='ltr'><strong>eum</strong></span> <span class='ocrx_word' id='word_1_593' title='bbox 2408 4193 2754 4266; x_wconf 86' lang='lat' dir='ltr'><strong>providentia</strong></span> <span class='ocrx_word' id='word_1_594' title='bbox 2781 4193 2998 4265; x_wconf 84' lang='lat' dir='ltr'><strong>dignari</strong></span> <span class='ocrx_word' id='word_1_595' title='bbox 3027 4193 3342 4250; x_wconf 79' lang='lat' dir='ltr'><strong>videbatur.</strong></span> <span class='ocrx_word' id='word_1_596' title='bbox 3371 4194 3610 4249; x_wconf 87' lang='lat' dir='ltr'><strong>Tradam</strong></span> 
     </span>
    </p>
   </div>
   <div class='ocr_carea' id='block_1_87' title="bbox 2037 4285 3611 4357">
    <p class='ocr_par' dir='ltr' id='par_1_87' title="bbox 2037 4285 3611 4357">
     <span class='ocr_line' id='line_1_87' title="bbox 2037 4285 3611 4357; baseline 0.002 -17"><span class='ocrx_word' id='word_1_597' title='bbox 2037 4296 2241 4353; x_wconf 89' lang='lat' dir='ltr'><strong>autem,</strong></span> <span class='ocrx_word' id='word_1_598' title='bbox 2276 4285 2476 4356; x_wconf 90' lang='lat' dir='ltr'><strong>inquit,</strong></span> <span class='ocrx_word' id='word_1_599' title='bbox 2502 4299 2612 4340; x_wconf 90' lang='lat' dir='ltr'><strong>non</strong></span> <span class='ocrx_word' id='word_1_600' title='bbox 2653 4286 2834 4342; x_wconf 87' lang='lat' dir='ltr'><strong>solum</strong></span> <span class='ocrx_word' id='word_1_601' title='bbox 2858 4286 3104 4356; x_wconf 79' lang='lat' dir='ltr'><strong>ipsorum</strong></span> <span class='ocrx_word' id='word_1_602' title='bbox 3142 4285 3611 4357; x_wconf 48' lang='lat' dir='ltr'><strong>Babyloniis,,sed</strong></span> 
     </span>
    </p>
   </div>
   <div class='ocr_carea' id='block_1_88' title="bbox 2037 4375 3614 4451">
    <p class='ocr_par' dir='ltr' id='par_1_88' title="bbox 2037 4375 3614 4451">
     <span class='ocr_line' id='line_1_88' title="bbox 2037 4375 3614 4451; baseline 0.001 -19"><span class='ocrx_word' id='word_1_603' title='bbox 2037 4376 2206 4432; x_wconf 89' lang='lat' dir='ltr'><strong>etiam</strong></span> <span class='ocrx_word' id='word_1_604' title='bbox 2233 4385 2623 4432; x_wconf 85' lang='lat' dir='ltr'><strong>consecratum</strong></span> <span class='ocrx_word' id='word_1_605' title='bbox 2654 4375 2820 4448; x_wconf 79' lang='lat'><strong>730</strong></span> <span class='ocrx_word' id='word_1_606' title='bbox 2864 4378 2996 4432; x_wconf 83' lang='lat' dir='ltr'><strong>mihi</strong></span> <span class='ocrx_word' id='word_1_607' title='bbox 3041 4378 3329 4449; x_wconf 85' lang='lat' dir='ltr'><strong>templum,</strong></span> <span class='ocrx_word' id='word_1_608' title='bbox 3383 4395 3448 4434; x_wconf 80' lang='lat' dir='ltr'><strong>ex</strong></span> <span class='ocrx_word' id='word_1_609' title='bbox 3502 4395 3614 4451; x_wconf 90' lang='lat' dir='ltr'><strong>quo</strong></span> 
     </span>
    </p>
   </div>
   <div class='ocr_carea' id='block_1_89' title="bbox 347 4460 1919 4543">
    <p class='ocr_par' dir='ltr' id='par_1_89' title="bbox 347 4460 1919 4541">
     <span class='ocr_line' id='line_1_89' title="bbox 347 4460 1919 4541; baseline -0.001 -18"><span class='ocrx_word' id='word_1_610' title='bbox 347 4469 440 4523; x_wconf 75' lang='grc' dir='ltr'>τὸν</span> <span class='ocrx_word' id='word_1_611' title='bbox 507 4465 893 4538; x_wconf 76' lang='grc' dir='ltr'>ἀφιερωμένον</span> <span class='ocrx_word' id='word_1_612' title='bbox 963 4483 1056 4537; x_wconf 89' lang='grc' dir='ltr'><strong>μοι</strong></span> <span class='ocrx_word' id='word_1_613' title='bbox 1095 4466 1143 4499; x_wconf 73' lang='grc'><strong>⁸⁸</strong></span> <span class='ocrx_word' id='word_1_614' title='bbox 1210 4466 1348 4521; x_wconf 84' lang='grc' dir='ltr'>νεὼν</span> <span class='ocrx_word' id='word_1_615' title='bbox 1373 4503 1390 4531; x_wconf 89' lang='grc'><strong>,</strong></span> <span class='ocrx_word' id='word_1_616' title='bbox 1454 4467 1580 4522; x_wconf 88' lang='grc' dir='ltr'>ὃθεν</span> <span class='ocrx_word' id='word_1_617' title='bbox 1625 4460 1919 4541; x_wconf 57' lang='grc' dir='ltr'>ἐπισκοπῆς</span> 
     </span>
    </p>
   </div>
   <div class='ocr_carea' id='block_1_90' title="bbox 2021 4460 3614 4543">
    <p class='ocr_par' dir='ltr' id='par_1_90' title="bbox 2038 4468 3614 4543">
     <span class='ocr_line' id='line_1_90' title="bbox 2038 4468 3614 4543; baseline 0.003 -21"><span class='ocrx_word' id='word_1_618' title='bbox 2038 4485 2138 4526; x_wconf 88' lang='lat' dir='ltr'><strong>vos</strong></span> <span class='ocrx_word' id='word_1_619' title='bbox 2171 4468 2491 4526; x_wconf 86' lang='lat' dir='ltr'><strong>visitabam.</strong></span> <span class='ocrx_word' id='word_1_620' title='bbox 2522 4489 2539 4521; x_wconf 81' lang='grc' dir='ltr'><strong>ι</strong></span> <span class='ocrx_word' id='word_1_621' title='bbox 2578 4468 2648 4524; x_wconf 85' lang='lat' dir='ltr'><strong>Et</strong></span> <span class='ocrx_word' id='word_1_622' title='bbox 2669 4469 3056 4540; x_wconf 84' lang='lat' dir='ltr'><strong>ingredientur</strong></span> <span class='ocrx_word' id='word_1_623' title='bbox 3083 4471 3139 4526; x_wconf 90' lang='lat' dir='ltr'><strong>in</strong></span> <span class='ocrx_word' id='word_1_624' title='bbox 3172 4471 3350 4542; x_wconf 88' lang='lat' dir='ltr'><strong>ipsum</strong></span> <span class='ocrx_word' id='word_1_625' title='bbox 3402 4472 3614 4543; x_wconf 82' lang='lat' dir='ltr'><strong>absque</strong></span> 
     </span>
    </p>
   </div>
   <div class='ocr_carea' id='block_1_91' title="bbox 347 4557 1930 4632">
    <p class='ocr_par' dir='ltr' id='par_1_91' title="bbox 347 4557 1930 4632">
     <span class='ocr_line' id='line_1_91' title="bbox 347 4557 1930 4632; baseline -0.001 -17"><span class='ocrx_word' id='word_1_626' title='bbox 347 4559 652 4632; x_wconf 70' lang='grc' dir='ltr'>ἐποιούμην</span> <span class='ocrx_word' id='word_1_627' title='bbox 705 4558 882 4630; x_wconf 78' lang='grc' dir='ltr'>ὑμῶν.</span> <span class='ocrx_word' id='word_1_628' title='bbox 945 4575 966 4611; x_wconf 86' lang='grc' dir='ltr'><strong>ι</strong></span> <span class='ocrx_word' id='word_1_629' title='bbox 1017 4558 1129 4613; x_wconf 72' lang='grc' dir='ltr'><strong>Καὶ</strong></span> <span class='ocrx_word' id='word_1_630' title='bbox 1179 4557 1579 4614; x_wconf 79' lang='grc' dir='ltr'>εἰσελεύσονται</span> <span class='ocrx_word' id='word_1_631' title='bbox 1632 4561 1714 4625; x_wconf 87' lang='grc' dir='ltr'><strong>εἰς</strong></span> <span class='ocrx_word' id='word_1_632' title='bbox 1765 4561 1930 4624; x_wconf 75' lang='grc' dir='ltr'>αὐτὸν</span> 
     </span>
    </p>
   </div>
   <div class='ocr_carea' id='block_1_92' title="bbox 348 4649 1932 4722">
    <p class='ocr_par' dir='ltr' id='par_1_92' title="bbox 348 4649 1932 4722">
     <span class='ocr_line' id='line_1_92' title="bbox 348 4649 1932 4722; baseline 0 -16"><span class='ocrx_word' id='word_1_633' title='bbox 348 4650 680 4721; x_wconf 68' lang='grc' dir='ltr'>ἀφυλάκτως</span> <span class='ocrx_word' id='word_1_634' title='bbox 698 4665 713 4680; x_wconf 90' lang='grc'>·</span> <span class='ocrx_word' id='word_1_635' title='bbox 755 4667 775 4702; x_wconf 73' lang='grc' dir='ltr'><strong>ι</strong></span> <span class='ocrx_word' id='word_1_636' title='bbox 807 4650 930 4705; x_wconf 74' lang='grc' dir='ltr'>ἀντὶ</span> <span class='ocrx_word' id='word_1_637' title='bbox 954 4649 1074 4715; x_wconf 90' lang='grc' dir='ltr'>τοῦ,</span> <span class='ocrx_word' id='word_1_638' title='bbox 1098 4649 1198 4721; x_wconf 75' lang='grc' dir='ltr'><strong>οὐχ</strong></span> <span class='ocrx_word' id='word_1_639' title='bbox 1227 4649 1570 4722; x_wconf 81' lang='grc' dir='ltr'>ήγνισμένοι,</span> <span class='ocrx_word' id='word_1_640' title='bbox 1612 4651 1736 4706; x_wconf 80' lang='grc' dir='ltr'>οὐδὲ</span> <span class='ocrx_word' id='word_1_641' title='bbox 1766 4668 1932 4706; x_wconf 80' lang='grc' dir='ltr'>κεκα-</span> 
     </span>
    </p>
   </div>
   <div class='ocr_carea' id='block_1_93' title="bbox 348 4737 1932 4812">
    <p class='ocr_par' dir='ltr' id='par_1_93' title="bbox 348 4737 1932 4812">
     <span class='ocr_line' id='line_1_93' title="bbox 348 4737 1932 4812; baseline 0.001 -19"><span class='ocrx_word' id='word_1_642' title='bbox 348 4738 615 4812; x_wconf 81' lang='grc' dir='ltr'>θαρμένοι</span> <span class='ocrx_word' id='word_1_643' title='bbox 642 4737 787 4794; x_wconf 91' lang='grc' dir='ltr'><strong>κατά</strong></span> <span class='ocrx_word' id='word_1_644' title='bbox 820 4737 916 4793; x_wconf 88' lang='grc' dir='ltr'><strong>τδν</strong></span> <span class='ocrx_word' id='word_1_645' title='bbox 951 4737 1136 4810; x_wconf 84' lang='grc' dir='ltr'>νόμον,</span> <span class='ocrx_word' id='word_1_646' title='bbox 1166 4738 1288 4793; x_wconf 77' lang='grc' dir='ltr'>οὐδὲ</span> <span class='ocrx_word' id='word_1_647' title='bbox 1313 4739 1617 4812; x_wconf 81' lang='grc' dir='ltr'>περιτομὴν</span> <span class='ocrx_word' id='word_1_648' title='bbox 1648 4741 1932 4812; x_wconf 88' lang='grc' dir='ltr'>δεχόμενοι</span> 
     </span>
    </p>
   </div>
   <div class='ocr_carea' id='block_1_94' title="bbox 346 4829 1932 4904">
    <p class='ocr_par' dir='ltr' id='par_1_94' title="bbox 346 4829 1932 4904">
     <span class='ocr_line' id='line_1_94' title="bbox 346 4829 1932 4904; baseline 0 -19"><span class='ocrx_word' id='word_1_649' title='bbox 346 4831 661 4904; x_wconf 71' lang='grc' dir='ltr'>πρότερον,</span> <span class='ocrx_word' id='word_1_650' title='bbox 705 4829 845 4886; x_wconf 86' lang='grc' dir='ltr'><strong>ἀλλά</strong></span> <span class='ocrx_word' id='word_1_651' title='bbox 903 4829 1044 4902; x_wconf 85' lang='grc' dir='ltr'><strong>μετά</strong></span> <span class='ocrx_word' id='word_1_652' title='bbox 1098 4830 1200 4902; x_wconf 89' lang='grc' dir='ltr'><strong>τῆς</strong></span> <span class='ocrx_word' id='word_1_653' title='bbox 1249 4830 1494 4902; x_wconf 84' lang='grc' dir='ltr'>ὑφαίμου</span> <span class='ocrx_word' id='word_1_654' title='bbox 1533 4831 1774 4902; x_wconf 85' lang='grc' dir='ltr'>σκευῆς,</span> <span class='ocrx_word' id='word_1_655' title='bbox 1829 4830 1932 4903; x_wconf 71' lang='grc' dir='ltr'>τὴν</span> 
     </span>
    </p>
   </div>
   <div class='ocr_carea' id='block_1_95' title="bbox 347 4920 1934 4996">
    <p class='ocr_par' dir='ltr' id='par_1_95' title="bbox 347 4920 1934 4996">
     <span class='ocr_line' id='line_1_95' title="bbox 347 4920 1934 4996; baseline 0.001 -20"><span class='ocrx_word' id='word_1_656' title='bbox 347 4921 660 4994; x_wconf 76' lang='grc' dir='ltr'>πολεμικὴν</span> <span class='ocrx_word' id='word_1_657' title='bbox 689 4920 1063 4994; x_wconf 70' lang='grc' dir='ltr'>περικείμενοι</span> <span class='ocrx_word' id='word_1_658' title='bbox 1090 4920 1390 4977; x_wconf 86' lang='grc' dir='ltr'>πανοπλίαν</span> <span class='ocrx_word' id='word_1_659' title='bbox 1409 4962 1426 4990; x_wconf 95' lang='grc'><strong>,</strong></span> <span class='ocrx_word' id='word_1_660' title='bbox 1459 4921 1606 4976; x_wconf 75' lang='grc' dir='ltr'>ἔνδον</span> <span class='ocrx_word' id='word_1_661' title='bbox 1644 4922 1934 4996; x_wconf 86' lang='grc' dir='ltr'>ἀναιροῦν-</span> 
     </span>
    </p>
   </div>
   <div class='ocr_carea' id='block_1_96' title="bbox 347 5010 1935 5084">
    <p class='ocr_par' dir='ltr' id='par_1_96' title="bbox 347 5010 1935 5084">
     <span class='ocr_line' id='line_1_96' title="bbox 347 5010 1935 5084; baseline 0.001 -17"><span class='ocrx_word' id='word_1_662' title='bbox 347 5029 479 5079; x_wconf 86' lang='grc' dir='ltr'>τες,</span> <span class='ocrx_word' id='word_1_663' title='bbox 528 5012 625 5067; x_wconf 76' lang='grc' dir='ltr'>καὶ</span> <span class='ocrx_word' id='word_1_664' title='bbox 655 5010 839 5067; x_wconf 79' lang='grc' dir='ltr'>αὐτῶν</span> <span class='ocrx_word' id='word_1_665' title='bbox 866 5010 979 5066; x_wconf 88' lang='grc' dir='ltr'><strong>τῶν</strong></span> <span class='ocrx_word' id='word_1_666' title='bbox 1005 5010 1216 5066; x_wconf 88' lang='grc' dir='ltr'>ἀδύτων</span> <span class='ocrx_word' id='word_1_667' title='bbox 1253 5011 1706 5084; x_wconf 86' lang='grc' dir='ltr'>κατατολμῶντες</span> <span class='ocrx_word' id='word_1_668' title='bbox 1723 5029 1739 5046; x_wconf 77' lang='grc' dir='ltr'><strong>ο</strong></span> <span class='ocrx_word' id='word_1_669' title='bbox 1772 5013 1935 5069; x_wconf 90' lang='grc' dir='ltr'>τοῦτο</span> 
     </span>
    </p>
   </div>
   <div class='ocr_carea' id='block_1_97' title="bbox 349 5102 1932 5176">
    <p class='ocr_par' dir='ltr' id='par_1_97' title="bbox 349 5102 1932 5176">
     <span class='ocr_line' id='line_1_97' title="bbox 349 5102 1932 5176; baseline 0.001 -18"><span class='ocrx_word' id='word_1_670' title='bbox 349 5105 464 5176; x_wconf 82' lang='grc' dir='ltr'><strong>γάρ</strong></span> <span class='ocrx_word' id='word_1_671' title='bbox 489 5104 899 5176; x_wconf 75' lang='grc' dir='ltr'>παρεδήλωσεν,</span> <span class='ocrx_word' id='word_1_672' title='bbox 926 5102 1121 5169; x_wconf 79' lang='grc' dir='ltr'>εἰπὼν,</span> <span class='ocrx_word' id='word_1_673' title='bbox 1157 5123 1176 5157; x_wconf 84' lang='grc' dir='ltr'><strong>ι</strong></span> <span class='ocrx_word' id='word_1_674' title='bbox 1203 5103 1315 5159; x_wconf 74' lang='grc' dir='ltr'><strong>Καὶ</strong></span> <span class='ocrx_word' id='word_1_675' title='bbox 1344 5103 1746 5176; x_wconf 80' lang='grc' dir='ltr'>βεσηλώσουσιν</span> <span class='ocrx_word' id='word_1_676' title='bbox 1769 5106 1932 5173; x_wconf 82' lang='grc' dir='ltr'>αὐτὰ,</span> 
     </span>
    </p>
   </div>
   <div class='ocr_carea' id='block_1_98' title="bbox 351 5190 1933 5268">
    <p class='ocr_par' dir='ltr' id='par_1_98' title="bbox 351 5190 1933 5268">
     <span class='ocr_line' id='line_1_98' title="bbox 351 5190 1933 5268; baseline 0.003 -19"><span class='ocrx_word' id='word_1_677' title='bbox 351 5195 452 5249; x_wconf 72' lang='grc' dir='ltr'>καὶ</span> <span class='ocrx_word' id='word_1_678' title='bbox 505 5196 796 5266; x_wconf 77' lang='grc' dir='ltr'>ποιήσουσι</span> <span class='ocrx_word' id='word_1_679' title='bbox 858 5195 1096 5267; x_wconf 77' lang='grc' dir='ltr'>φορμόν.</span> <span class='ocrx_word' id='word_1_680' title='bbox 1145 5214 1165 5249; x_wconf 71' lang='grc' dir='ltr'><strong>ι</strong></span> <span class='ocrx_word' id='word_1_681' title='bbox 1220 5190 1353 5251; x_wconf 83' lang='grc' dir='ltr'>Εἰτα</span> <span class='ocrx_word' id='word_1_682' title='bbox 1407 5195 1505 5250; x_wconf 76' lang='grc' dir='ltr'>καὶ</span> <span class='ocrx_word' id='word_1_683' title='bbox 1556 5195 1655 5268; x_wconf 79' lang='grc' dir='ltr'><strong>τὴν</strong></span> <span class='ocrx_word' id='word_1_684' title='bbox 1714 5196 1896 5253; x_wconf 80' lang='grc' dir='ltr'>αἰτίαν</span> <span class='ocrx_word' id='word_1_685' title='bbox 1918 5213 1933 5230; x_wconf 73' lang='grc' dir='ltr'><strong><em>ο</em></strong></span> 
     </span>
    </p>
   </div>
   <div class='ocr_carea' id='block_1_99' title="bbox 2036 4560 3609 4633">
    <p class='ocr_par' dir='ltr' id='par_1_99' title="bbox 2036 4560 3609 4633">
     <span class='ocr_line' id='line_1_99' title="bbox 2036 4560 3609 4633; baseline 0.001 -17"><span class='ocrx_word' id='word_1_686' title='bbox 2036 4560 2314 4624; x_wconf 85' lang='lat' dir='ltr'><strong>custodia,</strong></span> <span class='ocrx_word' id='word_1_687' title='bbox 2344 4578 2364 4613; x_wconf 75' lang='grc' dir='ltr'><strong>ι</strong></span> <span class='ocrx_word' id='word_1_688' title='bbox 2422 4560 2526 4616; x_wconf 87' lang='lat' dir='ltr'><strong>boc</strong></span> <span class='ocrx_word' id='word_1_689' title='bbox 2564 4568 2674 4626; x_wconf 87' lang='lat' dir='ltr'><strong>est,</strong></span> <span class='ocrx_word' id='word_1_690' title='bbox 2736 4575 2846 4616; x_wconf 91' lang='lat' dir='ltr'><strong>non</strong></span> <span class='ocrx_word' id='word_1_691' title='bbox 2891 4562 3136 4626; x_wconf 88' lang='lat' dir='ltr'><strong>lustrati,</strong></span> <span class='ocrx_word' id='word_1_692' title='bbox 3170 4576 3352 4633; x_wconf 84' lang='lat' dir='ltr'><strong>neque</strong></span> <span class='ocrx_word' id='word_1_693' title='bbox 3407 4565 3609 4633; x_wconf 79' lang='lat' dir='ltr'><strong>cxpiati</strong></span> 
     </span>
    </p>
   </div>
   <div class='ocr_carea' id='block_1_100' title="bbox 2038 4649 3611 4723">
    <p class='ocr_par' dir='ltr' id='par_1_100' title="bbox 2038 4649 3611 4723">
     <span class='ocr_line' id='line_1_100' title="bbox 2038 4649 3611 4723; baseline -0.001 -16"><span class='ocrx_word' id='word_1_694' title='bbox 2038 4649 2347 4723; x_wconf 73' lang='lat' dir='ltr'><strong>secundum</strong></span> <span class='ocrx_word' id='word_1_695' title='bbox 2376 4651 2576 4722; x_wconf 80' lang='lat' dir='ltr'><strong>legem,</strong></span> <span class='ocrx_word' id='word_1_696' title='bbox 2593 4666 2772 4722; x_wconf 87' lang='lat' dir='ltr'><strong>neque</strong></span> <span class='ocrx_word' id='word_1_697' title='bbox 2801 4652 2957 4723; x_wconf 91' lang='lat' dir='ltr'><strong>prius</strong></span> <span class='ocrx_word' id='word_1_698' title='bbox 2983 4653 3299 4709; x_wconf 89' lang='lat' dir='ltr'><strong>circumcisi</strong></span> <span class='ocrx_word' id='word_1_699' title='bbox 3323 4671 3337 4709; x_wconf 90' lang='lat'><strong>:</strong></span> <span class='ocrx_word' id='word_1_700' title='bbox 3361 4654 3480 4719; x_wconf 84' lang='lat' dir='ltr'><strong>sed,</strong></span> <span class='ocrx_word' id='word_1_701' title='bbox 3502 4670 3611 4708; x_wconf 82' lang='lat' dir='ltr'><strong>una</strong></span> 
     </span>
    </p>
   </div>
   <div class='ocr_carea' id='block_1_101' title="bbox 2037 4741 3613 4815">
    <p class='ocr_par' dir='ltr' id='par_1_101' title="bbox 2037 4741 3613 4815">
     <span class='ocr_line' id='line_1_101' title="bbox 2037 4741 3613 4815; baseline 0.002 -17"><span class='ocrx_word' id='word_1_702' title='bbox 2037 4758 2166 4798; x_wconf 91' lang='lat' dir='ltr'><strong>cum</strong></span> <span class='ocrx_word' id='word_1_703' title='bbox 2193 4749 2464 4814; x_wconf 85' lang='lat' dir='ltr'><strong>apparatu</strong></span> <span class='ocrx_word' id='word_1_704' title='bbox 2517 4743 2788 4814; x_wconf 83' lang='lat' dir='ltr'><strong>sanguine</strong></span> <span class='ocrx_word' id='word_1_705' title='bbox 2825 4741 3077 4815; x_wconf 82' lang='lat' dir='ltr'><strong>perfuso,</strong></span> <span class='ocrx_word' id='word_1_706' title='bbox 3131 4745 3382 4800; x_wconf 89' lang='lat' dir='ltr'><strong>bellicam</strong></span> <span class='ocrx_word' id='word_1_707' title='bbox 3431 4745 3613 4802; x_wconf 88' lang='lat' dir='ltr'><strong>induti</strong></span> 
     </span>
    </p>
   </div>
   <div class='ocr_carea' id='block_1_102' title="bbox 2039 4833 3617 4906">
    <p class='ocr_par' dir='ltr' id='par_1_102' title="bbox 2039 4833 3617 4906">
     <span class='ocr_line' id='line_1_102' title="bbox 2039 4833 3617 4906; baseline 0.001 -17"><span class='ocrx_word' id='word_1_708' title='bbox 2039 4841 2404 4897; x_wconf 86' lang='lat' dir='ltr'><strong>armaturam,</strong></span> <span class='ocrx_word' id='word_1_709' title='bbox 2435 4835 2587 4890; x_wconf 89' lang='lat' dir='ltr'><strong>intus</strong></span> <span class='ocrx_word' id='word_1_710' title='bbox 2630 4834 2686 4890; x_wconf 94' lang='lat' dir='ltr'><strong>in</strong></span> <span class='ocrx_word' id='word_1_711' title='bbox 2723 4833 2860 4906; x_wconf 86' lang='lat' dir='ltr'><strong>ipsis</strong></span> <span class='ocrx_word' id='word_1_712' title='bbox 2905 4833 3083 4906; x_wconf 79' lang='lat' dir='ltr'><strong>adytis</strong></span> <span class='ocrx_word' id='word_1_713' title='bbox 3133 4835 3298 4889; x_wconf 89' lang='lat' dir='ltr'><strong>etiam</strong></span> <span class='ocrx_word' id='word_1_714' title='bbox 3351 4836 3617 4891; x_wconf 82' lang='lat' dir='ltr'><strong>audacter</strong></span> 
     </span>
    </p>
   </div>
   <div class='ocr_carea' id='block_1_103' title="bbox 2038 4925 3611 4994">
    <p class='ocr_par' dir='ltr' id='par_1_103' title="bbox 2038 4925 3611 4994">
     <span class='ocr_line' id='line_1_103' title="bbox 2038 4925 3611 4994; baseline 0.002 -10"><span class='ocrx_word' id='word_1_715' title='bbox 2038 4927 2377 4984; x_wconf 90' lang='lat' dir='ltr'><strong>occidentes.</strong></span> <span class='ocrx_word' id='word_1_716' title='bbox 2422 4925 2537 4982; x_wconf 81' lang='lat' dir='ltr'><strong>Hoc</strong></span> <span class='ocrx_word' id='word_1_717' title='bbox 2593 4927 2740 4982; x_wconf 90' lang='lat' dir='ltr'><strong>enim</strong></span> <span class='ocrx_word' id='word_1_718' title='bbox 2791 4925 3117 4994; x_wconf 82' lang='lat' dir='ltr'><strong>declaravit,</strong></span> <span class='ocrx_word' id='word_1_719' title='bbox 3171 4943 3300 4983; x_wconf 89' lang='lat' dir='ltr'><strong>cum</strong></span> <span class='ocrx_word' id='word_1_720' title='bbox 3357 4929 3611 4987; x_wconf 78' lang='lat' dir='ltr'><strong>dixerit:</strong></span> 
     </span>
    </p>
   </div>
   <div class='ocr_carea' id='block_1_104' title="bbox 2047 5016 3618 5088">
    <p class='ocr_par' dir='ltr' id='par_1_104' title="bbox 2047 5016 3618 5088">
     <span class='ocr_line' id='line_1_104' title="bbox 2047 5016 3618 5088; baseline 0.004 -17"><span class='ocrx_word' id='word_1_721' title='bbox 2047 5037 2066 5070; x_wconf 84' lang='grc' dir='ltr'><strong>ι</strong></span> <span class='ocrx_word' id='word_1_722' title='bbox 2087 5016 2156 5072; x_wconf 80' lang='lat' dir='ltr'><strong>Et</strong></span> <span class='ocrx_word' id='word_1_723' title='bbox 2181 5017 2429 5088; x_wconf 90' lang='lat' dir='ltr'><strong>poiluent</strong></span> <span class='ocrx_word' id='word_1_724' title='bbox 2465 5031 2551 5084; x_wconf 86' lang='lat' dir='ltr'><strong>ea,</strong></span> <span class='ocrx_word' id='word_1_725' title='bbox 2582 5026 2637 5072; x_wconf 90' lang='lat' dir='ltr'><strong>et</strong></span> <span class='ocrx_word' id='word_1_726' title='bbox 2682 5017 2886 5073; x_wconf 75' lang='lat' dir='ltr'><strong>facient</strong></span> <span class='ocrx_word' id='word_1_727' title='bbox 2929 5017 3390 5088; x_wconf 88' lang='lat' dir='ltr'><strong>inquinationem.</strong></span> <span class='ocrx_word' id='word_1_728' title='bbox 3418 5039 3438 5073; x_wconf 72' lang='grc' dir='ltr'><strong>ι</strong></span> <span class='ocrx_word' id='word_1_729' title='bbox 3475 5020 3618 5077; x_wconf 83' lang='lat' dir='ltr'><strong>Tum</strong></span> 
     </span>
    </p>
   </div>
   <div class='ocr_carea' id='block_1_105' title="bbox 2042 5107 3618 5183">
    <p class='ocr_par' dir='ltr' id='par_1_105' title="bbox 2042 5107 3618 5183">
     <span class='ocr_line' id='line_1_105' title="bbox 2042 5107 3618 5183; baseline 0.001 -19"><span class='ocrx_word' id='word_1_730' title='bbox 2042 5108 2213 5164; x_wconf 86' lang='lat' dir='ltr'><strong>etiam</strong></span> <span class='ocrx_word' id='word_1_731' title='bbox 2251 5123 2478 5163; x_wconf 87' lang='lat' dir='ltr'><strong>causam</strong></span> <span class='ocrx_word' id='word_1_732' title='bbox 2511 5107 2707 5165; x_wconf 87' lang='lat' dir='ltr'><strong>addit:</strong></span> <span class='ocrx_word' id='word_1_733' title='bbox 2741 5126 2761 5161; x_wconf 79' lang='grc' dir='ltr'><strong>ι</strong></span> <span class='ocrx_word' id='word_1_734' title='bbox 2791 5108 2928 5176; x_wconf 86' lang='lat' dir='ltr'><strong>Quia</strong></span> <span class='ocrx_word' id='word_1_735' title='bbox 2974 5110 3135 5181; x_wconf 87' lang='lat' dir='ltr'><strong>plena</strong></span> <span class='ocrx_word' id='word_1_736' title='bbox 3173 5119 3322 5167; x_wconf 88' lang='lat' dir='ltr'><strong>terra</strong></span> <span class='ocrx_word' id='word_1_737' title='bbox 3370 5115 3618 5183; x_wconf 74' lang='lat' dir='ltr'><strong>populis.</strong></span> 
     </span>
    </p>
   </div>
   <div class='ocr_carea' id='block_1_106' title="bbox 2043 5199 3617 5272">
    <p class='ocr_par' dir='ltr' id='par_1_106' title="bbox 2043 5199 3617 5272">
     <span class='ocr_line' id='line_1_106' title="bbox 2043 5199 3617 5272; baseline 0.001 -16"><span class='ocrx_word' id='word_1_738' title='bbox 2043 5208 2095 5256; x_wconf 90' lang='lat' dir='ltr'><strong>et</strong></span> <span class='ocrx_word' id='word_1_739' title='bbox 2141 5199 2340 5256; x_wconf 87' lang='lat' dir='ltr'><strong>civitas</strong></span> <span class='ocrx_word' id='word_1_740' title='bbox 2393 5199 2747 5272; x_wconf 89' lang='lat' dir='ltr'><strong>iniquitatum</strong></span> <span class='ocrx_word' id='word_1_741' title='bbox 2805 5201 3035 5272; x_wconf 67' lang='lat' dir='ltr'><strong>plena.»</strong></span> <span class='ocrx_word' id='word_1_742' title='bbox 3074 5202 3288 5260; x_wconf 90' lang='lat' dir='ltr'><strong>Similis</strong></span> <span class='ocrx_word' id='word_1_743' title='bbox 3335 5213 3420 5260; x_wconf 89' lang='lat' dir='ltr'><strong>est</strong></span> <span class='ocrx_word' id='word_1_744' title='bbox 3471 5207 3617 5259; x_wconf 86' lang='lat' dir='ltr'><strong>enim</strong></span> 
     </span>
    </p>
   </div>
   <div class='ocr_carea' id='block_1_107' title="bbox 1653 5371 2333 5430">
    <p class='ocr_par' dir='ltr' id='par_1_107' title="bbox 1653 5371 2333 5430">
     <span class='ocr_line' id='line_1_107' title="bbox 1653 5371 2333 5430; baseline 0.004 -3"><span class='ocrx_word' id='word_1_745' title='bbox 1653 5371 1891 5428; x_wconf 66' lang='lat' dir='ltr'><strong>VARIAS</strong></span> <span class='ocrx_word' id='word_1_746' title='bbox 1930 5371 2333 5430; x_wconf 83' lang='lat' dir='ltr'><strong>LECTIONES.</strong></span> 
     </span>
    </p>
   </div>
   <div class='ocr_carea' id='block_1_108' title="bbox 428 5510 3611 5590">
    <p class='ocr_par' dir='ltr' id='par_1_108' title="bbox 428 5510 3611 5590">
     <span class='ocr_line' id='line_1_108' title="bbox 428 5510 3611 5590; baseline 0.001 -24"><span class='ocrx_word' id='word_1_747' title='bbox 428 5512 476 5590; x_wconf 61' lang='grc' dir='ltr'><strong>’ξ</strong></span> <span class='ocrx_word' id='word_1_748' title='bbox 491 5511 772 5590; x_wconf 32' lang='grc' dir='ltr'>ὑπεροφθε-</span> <span class='ocrx_word' id='word_1_749' title='bbox 792 5512 952 5590; x_wconf 77' lang='lat' dir='ltr'><strong>Ilebr.</strong></span> <span class='ocrx_word' id='word_1_750' title='bbox 996 5510 1218 5590; x_wconf 67' lang='lat' dir='ltr'><strong>finditas</strong></span> <span class='ocrx_word' id='word_1_751' title='bbox 1247 5512 1377 5568; x_wconf 88' lang='lat' dir='ltr'><strong>erit.</strong></span> <span class='ocrx_word' id='word_1_752' title='bbox 1451 5512 1569 5590; x_wconf 43' lang='grc' dir='ltr'><strong>⁷¹Δᾼ</strong></span> <span class='ocrx_word' id='word_1_753' title='bbox 1614 5511 1923 5590; x_wconf 72' lang='grc' dir='ltr'>δυνήσεται.</span> <span class='ocrx_word' id='word_1_754' title='bbox 1949 5513 2086 5577; x_wconf 80' lang='lat' dir='ltr'><strong>Alii,</strong></span> <span class='ocrx_word' id='word_1_755' title='bbox 2106 5512 2505 5590; x_wconf 47' lang='grc' dir='ltr'>δυνῃθῄσεται.</span> <span class='ocrx_word' id='word_1_756' title='bbox 2565 5517 2635 5590; x_wconf 82' lang='lat'><strong>&quot;_</strong></span> <span class='ocrx_word' id='word_1_757' title='bbox 2655 5518 2740 5572; x_wconf 80' lang='grc' dir='ltr'>οὗ.</span> <span class='ocrx_word' id='word_1_758' title='bbox 2773 5519 2900 5590; x_wconf 81' lang='lat' dir='ltr'><strong>A__et</strong></span> <span class='ocrx_word' id='word_1_759' title='bbox 2932 5519 2971 5572; x_wconf 81' lang='grc' dir='ltr'><strong>Β</strong></span> <span class='ocrx_word' id='word_1_760' title='bbox 3002 5519 3208 5574; x_wconf 85' lang='lat' dir='ltr'><strong>addunt</strong></span> <span class='ocrx_word' id='word_1_761' title='bbox 3244 5519 3342 5590; x_wconf 74' lang='grc' dir='ltr'>μή.</span> <span class='ocrx_word' id='word_1_762' title='bbox 3417 5518 3462 5590; x_wconf 60' lang='grc' dir='ltr'>ζῖ</span> <span class='ocrx_word' id='word_1_763' title='bbox 3486 5517 3611 5588; x_wconf 84' lang='grc' dir='ltr'>βασ.</span> 
     </span>
    </p>
   </div>
   <div class='ocr_carea' id='block_1_109' title="bbox 363 5582 984 5667">
    <p class='ocr_par' dir='ltr' id='par_1_109' title="bbox 363 5582 984 5667">
     <span class='ocr_line' id='line_1_109' title="bbox 363 5582 984 5667; baseline -0.002 -30"><span class='ocrx_word' id='word_1_764' title='bbox 363 5582 530 5667; x_wconf 59' lang='grc' dir='ltr'>μεθῇ</span> <span class='ocrx_word' id='word_1_765' title='bbox 559 5582 984 5667; x_wconf 54' lang='lat' dir='ltr'><strong>.oil&#39;rndicttlum.</strong></span> 
     </span>
    </p>
   </div>
   <div class='ocr_carea' id='block_1_110' title="bbox 357 5651 1800 5793">
    <p class='ocr_par' dir='ltr' id='par_1_110' title="bbox 357 5651 1800 5793">
     <span class='ocr_line' id='line_1_110' title="bbox 357 5651 1794 5778; baseline 0 -72"><span class='ocrx_word' id='word_1_766' title='bbox 357 5653 508 5778; x_wconf 50' lang='grc' dir='ltr'>λοιὶὶ.</span> <span class='ocrx_word' id='word_1_767' title='bbox 552 5651 712 5709; x_wconf 78' lang='lat' dir='ltr'><strong>Hebr.</strong></span> <span class='ocrx_word' id='word_1_768' title='bbox 740 5653 943 5722; x_wconf 85' lang='lat' dir='ltr'><strong>impiis.</strong></span> <span class='ocrx_word' id='word_1_769' title='bbox 1041 5652 1087 5684; x_wconf 81' lang='grc'><strong>⁸⁸</strong></span> <span class='ocrx_word' id='word_1_770' title='bbox 1119 5651 1160 5704; x_wconf 81' lang='grc' dir='ltr'><strong>Β</strong></span> <span class='ocrx_word' id='word_1_771' title='bbox 1190 5651 1422 5715; x_wconf 71' lang='grc' dir='ltr'>ἑαυτοῖς.</span> <span class='ocrx_word' id='word_1_772' title='bbox 1458 5651 1463 5652; x_wconf 26' lang='grc' dir='ltr'><strong>ί</strong></span> <span class='ocrx_word' id='word_1_773' title='bbox 1501 5652 1544 5684; x_wconf 74' lang='grc'><strong>⁸⁸</strong></span> <span class='ocrx_word' id='word_1_774' title='bbox 1574 5651 1673 5723; x_wconf 78' lang='grc' dir='ltr'>τὴν</span> <span class='ocrx_word' id='word_1_775' title='bbox 1704 5654 1794 5706; x_wconf 68' lang='grc' dir='ltr'>ἐπ.</span> 
     </span>
     <span class='ocr_line' id='line_1_111' title="bbox 360 5721 1800 5793; baseline -0.001 -15"><span class='ocrx_word' id='word_1_776' title='bbox 360 5725 412 5756; x_wconf 84' lang='grc'><strong>⁸⁸</strong></span> <span class='ocrx_word' id='word_1_777' title='bbox 499 5723 556 5778; x_wconf 79' lang='grc' dir='ltr'><strong>αἰ</strong></span> <span class='ocrx_word' id='word_1_778' title='bbox 604 5739 663 5775; x_wconf 89' lang='grc' dir='ltr'><strong>π.</strong></span> <span class='ocrx_word' id='word_1_779' title='bbox 711 5739 882 5793; x_wconf 82' lang='grc' dir='ltr'>φυρμ.</span> <span class='ocrx_word' id='word_1_780' title='bbox 930 5723 1091 5778; x_wconf 79' lang='lat' dir='ltr'><strong>Hebr.</strong></span> <span class='ocrx_word' id='word_1_781' title='bbox 1129 5721 1214 5776; x_wconf 78' lang='lat' dir='ltr'><strong>fac</strong></span> <span class='ocrx_word' id='word_1_782' title='bbox 1247 5732 1518 5776; x_wconf 86' lang='lat' dir='ltr'><strong>catenam.</strong></span> <span class='ocrx_word' id='word_1_783' title='bbox 1611 5722 1658 5755; x_wconf 72' lang='lat'><strong>&quot;</strong></span> <span class='ocrx_word' id='word_1_784' title='bbox 1687 5739 1800 5787; x_wconf 82' lang='grc' dir='ltr'>μοι.</span> 
     </span>
    </p>
   </div>
   <div class='ocr_carea' id='block_1_111' title="bbox 1094 5580 3328 5659">
    <p class='ocr_par' dir='ltr' id='par_1_111' title="bbox 1094 5580 3328 5659">
     <span class='ocr_line' id='line_1_112' title="bbox 1094 5580 3328 5659; baseline 0.002 -23"><span class='ocrx_word' id='word_1_785' title='bbox 1094 5584 1156 5659; x_wconf 52' lang='grc' dir='ltr'><strong>τί</strong></span> <span class='ocrx_word' id='word_1_786' title='bbox 1181 5585 1243 5659; x_wconf 71' lang='grc' dir='ltr'>ᾼ.</span> <span class='ocrx_word' id='word_1_787' title='bbox 1281 5580 1751 5659; x_wconf 65' lang='grc' dir='ltr'>προσοχθίσματαζ</span> <span class='ocrx_word' id='word_1_788' title='bbox 1801 5583 1877 5636; x_wconf 89' lang='lat' dir='ltr'><strong>Ita</strong></span> <span class='ocrx_word' id='word_1_789' title='bbox 1925 5597 2148 5659; x_wconf 69' lang='lat' dir='ltr'><strong>quoque</strong></span> <span class='ocrx_word' id='word_1_790' title='bbox 2191 5580 2317 5659; x_wconf 56' lang='lat' dir='ltr'><strong>A&#39;ld&#39;.</strong></span> <span class='ocrx_word' id='word_1_791' title='bbox 2361 5595 2416 5640; x_wconf 89' lang='lat' dir='ltr'><strong>et</strong></span> <span class='ocrx_word' id='word_1_792' title='bbox 2458 5585 2652 5641; x_wconf 70' lang='lat' dir='ltr'><strong>Montl‘.</strong></span> <span class='ocrx_word' id='word_1_793' title='bbox 2703 5590 2756 5643; x_wconf 91' lang='lat' dir='ltr'><strong>in</strong></span> <span class='ocrx_word' id='word_1_794' title='bbox 2789 5587 3018 5659; x_wconf 9' lang='lat' dir='ltr'><strong>rllexapl.</strong></span> <span class='ocrx_word' id='word_1_795' title='bbox 3069 5590 3156 5659; x_wconf 74' lang='lat' dir='ltr'><strong>ad</strong></span> <span class='ocrx_word' id='word_1_796' title='bbox 3187 5580 3257 5643; x_wconf 79' lang='grc' dir='ltr'>Ιι.’</span> 
     </span>
    </p>
   </div>
   <div class='ocr_carea' id='block_1_112' title="bbox 3421 5587 3618 5652">
    <p class='ocr_par' dir='ltr' id='par_1_112' title="bbox 3421 5587 3618 5652">
     <span class='ocr_line' id='line_1_113' title="bbox 3421 5587 3618 5652; baseline 0.005 -12"><span class='ocrx_word' id='word_1_797' title='bbox 3421 5587 3469 5618; x_wconf 84' lang='lat'><strong>&quot;</strong></span> <span class='ocrx_word' id='word_1_798' title='bbox 3490 5587 3618 5652; x_wconf 81' lang='grc' dir='ltr'>τοῖς</span> 
     </span>
    </p>
   </div>
   <div class='ocr_carea' id='block_1_113' title="bbox 1501 5651 3614 5779">
    <p class='ocr_par' dir='ltr' id='par_1_113' title="bbox 1501 5651 3614 5779">
     <span class='ocr_line' id='line_1_114' title="bbox 1501 5651 3614 5776; baseline 0.003 -70"><span class='ocrx_word' id='word_1_799' title='bbox 1501 5652 1544 5684; x_wconf 76' lang='grc'><strong>⁸⁸</strong></span> <span class='ocrx_word' id='word_1_800' title='bbox 1574 5651 1673 5723; x_wconf 77' lang='grc' dir='ltr'>τὴν</span> <span class='ocrx_word' id='word_1_801' title='bbox 1704 5654 1794 5706; x_wconf 69' lang='grc' dir='ltr'>ἐπ.</span> <span class='ocrx_word' id='word_1_802' title='bbox 1832 5651 1959 5776; x_wconf 53' lang='lat' dir='ltr'><strong>Eoo:</strong></span> <span class='ocrx_word' id='word_1_803' title='bbox 2008 5651 2171 5707; x_wconf 79' lang='lat' dir='ltr'><strong>Hebr.</strong></span> <span class='ocrx_word' id='word_1_804' title='bbox 2224 5655 2448 5726; x_wconf 82' lang='lat' dir='ltr'><strong>adytum</strong></span> <span class='ocrx_word' id='word_1_805' title='bbox 2488 5672 2689 5712; x_wconf 87' lang='lat' dir='ltr'><strong>meum.</strong></span> <span class='ocrx_word' id='word_1_806' title='bbox 2778 5658 2825 5692; x_wconf 85' lang='grc'><strong><em>⁸²</em></strong></span> <span class='ocrx_word' id='word_1_807' title='bbox 2863 5651 3026 5729; x_wconf 73' lang='grc' dir='ltr'>ἀφυλ.</span> <span class='ocrx_word' id='word_1_808' title='bbox 3058 5656 3222 5712; x_wconf 82' lang='lat' dir='ltr'><strong>Hebr.</strong></span> <span class='ocrx_word' id='word_1_809' title='bbox 3268 5651 3614 5714; x_wconf 64' lang='lat' dir='ltr'><strong>ell‘ractores.</strong></span> 
     </span>
     <span class='ocr_line' id='line_1_115' title="bbox 1503 5721 2198 5779; baseline 0 -3"><span class='ocrx_word' id='word_1_810' title='bbox 1503 5760 1518 5776; x_wconf 94' lang='lat'><strong>.</strong></span> <span class='ocrx_word' id='word_1_811' title='bbox 1611 5722 1658 5755; x_wconf 65' lang='grc' dir='ltr'><strong>’δ</strong></span> <span class='ocrx_word' id='word_1_812' title='bbox 1687 5739 1800 5779; x_wconf 81' lang='grc' dir='ltr'>μοι.</span> <span class='ocrx_word' id='word_1_813' title='bbox 1884 5739 1913 5776; x_wconf 74' lang='lat' dir='ltr'><strong>x</strong></span> <span class='ocrx_word' id='word_1_814' title='bbox 1946 5721 1986 5775; x_wconf 85' lang='grc' dir='ltr'><strong>Β</strong></span> <span class='ocrx_word' id='word_1_815' title='bbox 2021 5723 2198 5779; x_wconf 80' lang='lat' dir='ltr'><strong>suppl.</strong></span> 
     </span>
    </p>
   </div>
   <div class='ocr_carea' id='block_1_114' title="bbox 2053 5740 2198 5777">
    <p class='ocr_par' dir='ltr' id='par_1_114' title="bbox 2053 5740 2198 5777">
     <span class='ocr_line' id='line_1_116' title="bbox 2053 5740 2198 5777; baseline -0.007 0"><span class='ocrx_word' id='word_1_816' title='bbox 2053 5740 2198 5777; x_wconf 79' lang='lat' dir='ltr'><strong>llDDl.</strong></span> 
     </span>
    </p>
   </div>
  </div>
