4034 6442
323 440 436 507 893

1517 453 1599 514 IN
1633 453 2078 514 EZECIIIELIS
2116 454 2274 516 CAP.
2316 455 2388 516 Χ.

3490 454 3597 520 894

323 555 515 626 φωνῇ·
548 553 675 609 ἀντὶ
705 553 824 624 τοῦ,
845 557 914 628 τῇ
946 556 1086 613 κατὰ
1113 557 1265 616 θείαν
1300 558 1580 632 ἐνέργειαν
1617 562 1897 616 ἀποτελουε

2018 571 2073 619 et
2104 547 2342 634 potentis
2377 561 2473 619 Dei
2501 561 2645 631 voci,
2675 561 2730 618 id
2753 569 2861 630 est,
2903 561 3113 618 tonitru
3143 562 3290 635 quod
3317 561 3503 618 divina
3541 565 3596 620 vi

325 645 468 718 μένει
507 645 732 718 βροντῇ-

391 737 507 790 Kal
540 733 712 807 ἦλθε,
754 737 942 810 φησὶν,
977 737 1078 794 καὶ
1123 739 1276 809 ἔστη
1321 739 1614 812 ἐχόμενος
1643 744 1764 799 τῶν
1789 762 1919 816 τρο-

316 825 467 897 χῶν.
495 827 614 900 (ζ’.)
641 830 752 885 Kal
787 829 1068 898 ἐξέτεινε,
1103 833 1345 904 φησὶν,ὀ
1366 834 1595 904 Χεροὺϐ
1610 836 1724 906 τὴν
1751 836 1918 907 χεῖρα

315 919 511 974 αὐτοῦ
539 919 609 974 ἐκ
639 919 762 975 τῶν
794 921 839 954 ⁸³
863 921 1171 991 ἀναμέσον
1214 921 1335 978 τῶν
1371 925 1680 996 Χερουϐὶμ,
1707 928 1795 994 εις
1813 925 1918 997 μέ-

314 1024 439 1066 σον
456 1011 568 1066 τοῦ
623 1012 818 1081 πυρὸς
873 1013 984 1068 τοῦ
1051 1013 1229 1082 ὄντος
1258 1015 1330 1070 ἐν
1352 1015 1522 1086 μέσῳ
1551 1016 1670 1072 τῶν
1701 1020 1918 1087 Χερου-

317 1102 423 1172 ϐῐμ
441 1119 455 1132 ·
488 1101 590 1156 καὶ
620 1101 821 1168 ἔλαϐε,
845 1103 945 1157 καὶ
974 1103 1202 1160 ἔδωκεν
1252 1108 1340 1174 εις
1371 1106 1574 1177 χεῖρας
1622 1107 1731 1163 τοῦ
1760 1108 1916 1163 erde-

310 1191 580 1260 δυκότος
609 1193 726 1263 τὴν
749 1194 989 1265 στολὴν
1010 1194 1127 1266 τὴν
1162 1198 1362 1268 ἁγίαν,
1392 1199 1492 1253 καὶ
1518 1200 1698 1255 ἔλασε
1724 1201 1791 1266 ⁵³,
1815 1199 1916 1254 καὶ

312 1281 565 1350 ἐξῆλθε.
625 1284 739 1355 Τὴν
786 1285 898 1340 τῶν
967 1287 1218 1360 ἀοράτων
1285 1289 1585 1360 ταγμάτων
1652 1289 1915 1361 διαφορὰν

313 1374 413 1427 καὶ
441 1373 699 1429 ἐντεῦθεν
725 1374 843 1431 ἔστι
871 1375 1064 1448 μαθεῖν
1084 1393 1103 1411 ν
1151 1379 1201 1432 οἱ
1242 1379 1344 1450 μὲν
1372 1379 1483 1452 γὰρ
1505 1379 1564 1448 ἐξ
1591 1381 1715 1435 οὐδὲ
1745 1379 1914 1434 πελά-

316 1484 410 1522 σαι
429 1469 548 1531 τοῖς
567 1467 852 1540 Χερουϐὶμ
881 1470 1337 1543 προσετάχθησαν
1352 1488 1368 1505 ο
1390 1474 1420 1527 ό
1441 1473 1500 1526 δὲ
1534 1472 1760 1537 πελάζει
1791 1471 1908 1543 μὲν,

312 1558 377 1612 οὐ
448 1559 771 1632 κατατολμᾷ
820 1559 878 1614 δὲ
927 1560 1023 1615 τοῦ
1083 1561 1250 1633 μέσου
1296 1563 1406 1617 τῶν
1446 1563 1751 1635 Χερουϐὶμ,
1795 1562 1910 1617 ἀλλ’

311 1650 460 1705 αὐτὰ
495 1651 544 1682 ⁸³
573 1652 643 1706 τὰ
676 1651 962 1724 Χερουϐὶμ
982 1651 1167 1723 ὀρέγει
1193 1653 1321 1718 τοὺς
1353 1653 1654 1726 ἄνθρακας.

383 1749 460 1814 η’.
496 1744 612 1798 Kal
649 1743 803 1811 ιδον,
838 1742 996 1815 φησὶ,
1056 1743 1129 1798 τὰ
1164 1745 1455 1815 Χερουϐὶμ
1505 1745 1680 1816 ὅμοια
1701 1747 1747 1780 ⁸⁸
1784 1765 1908 1820 χει-

301 1854 436 1906 ρων
460 1837 794 1906 ἀνθρώπων
819 1834 1204 1892 ὑποκάτωθεν
1218 1834 1338 1891 τῶν
1361 1839 1672 1908 πτερύγων
1685 1839 1904 1895 αὐτῶν.

2019 653 2322 724 perﬁcitur.

2092 747 2161 802 Et
2185 747 2344 814 venit,
2379 746 2579 817 inquit,
2615 755 2666 801 et
2695 747 2842 802 stetit
2881 761 3042 817 prope
3080 754 3250 801 rotas.
3294 744 3485 818 (Vens.
3514 745 3597 818 7.)

2017 839 2087 895 Et
2109 838 2367 904 extendit,
2394 836 2596 908 inquit,
2621 838 2828 896 Cherub
2858 855 3074 893 manum
3114 854 3269 895 suam
3322 839 3387 894 de
3423 839 3597 893 medio

2017 928 2254 1000 ipsorum
2299 927 2581 1004 Cherubin:
2604 970 2621 997 ,
2667 930 2724 984 in
2783 929 3014 984 medium
3055 929 3192 1000 ignis
3246 928 3340 999 qui
3381 937 3499 982 erat
3539 929 3594 982 in

2018 1017 2189 1074 medio
2224 1017 2511 1074 Cherubim
2533 1032 2554 1073 :
2576 1028 2625 1073 et
2658 1019 2860 1089 accepit
2895 1027 2946 1073 et
2977 1017 3122 1072 dedit
3151 1019 3207 1072 in
3235 1033 3426 1072 manus
3477 1017 3593 1083 eius

2015 1112 2108 1184 qui
2145 1111 2364 1166 indutus
2401 1119 2519 1166 erat
2545 1111 2688 1166 stola
2737 1121 2959 1175 saneta;
2987 1118 3038 1164 et
3073 1109 3294 1177 accepit,
3337 1116 3387 1163 et
3419 1123 3595 1178 egres-

2015 1220 2106 1258 sus
2168 1212 2265 1258 est.
2315 1201 2586 1258 Ordinum
2627 1201 2722 1273 qui
2778 1200 2932 1256 cerni
2983 1207 3266 1271 nequeunt
3289 1199 3590 1256 discrimen

2014 1293 2144 1350 hinc
2169 1309 2394 1366 quoque
2421 1294 2549 1349 licet
2582 1305 2904 1363 agnoscere.
2941 1289 3049 1346 Sex
3080 1289 3224 1346 enim
3262 1289 3589 1359 imperatum

2014 1383 2138 1450 fuit,
2167 1393 2231 1438 ut
2261 1399 2333 1438 ne
2370 1397 2547 1454 prope
2582 1380 2803 1452 quidem
2835 1377 3164 1434 accederent
3192 1375 3260 1430 ad
3294 1375 3412 1446 ipsa
3449 1374 3592 1432 Clie-

2011 1475 2192 1531 rnbim
2230 1492 2244 1528 :
2269 1474 2361 1529 hic
2392 1487 2526 1529 vero
2557 1470 2971 1543 appropinquat
2999 1467 3246 1539 quidem,
3272 1481 3383 1522 non
3403 1474 3590 1521 tamen

2011 1569 2177 1625 audet
2213 1567 2362 1622 inter
2405 1566 2495 1621 illa
2536 1563 2730 1636 pedem
2768 1561 2953 1633 ﬁgere,
3003 1558 3100 1616 sed
3141 1557 3262 1630 ipsa
3290 1554 3591 1613 Cherubim

2010 1657 2301 1730 porrigunt
2329 1656 2628 1712 carbones.

2079 1747 2248 1804 Vens.
2273 1748 2328 1802 8.
2373 1745 2442 1800 Et
2473 1745 2602 1808 uidi,
2636 1741 2836 1812 inquit,
2854 1736 3162 1802 Cherubim,
3183 1734 3588 1792 similitudinem

2008 1856 2262 1895 manuum
2312 1837 2585 1892 hominum
2635 1834 2730 1888 sub
2762 1834 2868 1888 alis
2913 1846 3118 1887 eorum.
3168 1827 3364 1883 Manus
3416 1825 3590 1898 signi—

310 1902 636 2002 Ἒνεργείας
661 1928 719 1983 δὲ
753 1931 809 1984 αἱ
854 1931 1037 2001 χεῖρες
1087 1902 1599 2001 σημαντικαίονεῐττα
1624 1931 1897 2002 ἐξηγεῖται

2010 1933 2178 1989 llcant
2210 1945 2398 2002 opera.
2435 1928 2568 1984 Post
2606 1927 2720 1982 hac
2751 1939 2947 1980 rursus
3002 1928 3194 1978 narrat
3230 1918 3406 1993 [ιν-ιε]
3462 1933 3589 1989 qua:

309 2024 478 2078 πάλιν
503 2024 574 2077 τὰ
606 2022 752 2076 κατὰ
777 2023 908 2086 τοὺς
948 2021 1202 2093 τροχοὺς,
1246 2022 1424 2079 πάντα
1475 2024 1576 2096 μὲν
1600 2024 1838 2097 εἰρηκὼς
1864 2023 1902 2079 ἃ

308 2113 407 2167 καὶ
427 2113 533 2183 ἤδη
559 2113 1002 2186 προειρήκαμεν·
1051 2113 1112 2168 τὸ
1147 2112 1207 2167 δὲ
1255 2109 1395 2178 εἶδος
1421 2115 1520 2186 τῆς
1535 2116 1704 2186 χρόας
1740 2117 1902 2186 μόνον

305 2203 718 2275 ὲνηλλαγμένον
755 2203 1067 2276 ἑωρακέναι
1113 2203 1280 2276 φησιν
1297 2222 1314 2238 ο
1345 2207 1463 2261 ἐκεῖ
1486 2206 1586 2279 μὲν
1607 2207 1736 2280 γὰρ,
1758 2207 1899 2264 κατὰ

302 2295 400 2350 τὸν
434 2296 757 2366 Σύμμαχον,
796 2297 872 2359 ὡς
897 2291 1037 2361 εἶδος
1056 2296 1316 2352 ὑακίνθου
1344 2296 1450 2369 ἔφη
1463 2297 1755 2354 τεθεᾶσθαι
1775 2317 1791 2332 ο
1812 2301 1899 2354 ὲν-

301 2387 574 2452 ταῦθαδὲ,
585 2386 728 2441 κατὰ
743 2389 872 2451 τοὺς
901 2387 1326 2461 Ἐὄδομήκοντα,
1338 2389 1415 2455 ὡς
1431 2386 1573 2452 εἶδος
1589 2391 1860 2464 ἄνθρακος
1877 2409 1892 2425 ο

298 2477 446 2533 ὥστε
473 2477 773 2534 κάντεῦθεν
800 2479 952 2550 ἡμᾶς
981 2478 1194 2550 μαθεῖν,
1221 2480 1298 2544 ὡς
1317 2480 1418 2536 οὐκ
1448 2481 1619 2546 αὐτὰς
1654 2479 1761 2536 εἶδε
1787 2483 1896 2538 τῶν

297 2570 556 2642 ἀοράτων
591 2569 694 2634 τὰς
728 2569 941 2641 φύσεις,
973 2571 1086 2625 ἀλλ’
1110 2571 1433 2643 ὁμοιώματα
1450 2590 1572 2628 τινα
1605 2575 1702 2628 καὶ
1745 2575 1896 2630 εἰκά-

300 2678 493 2732 σματα
515 2679 530 2694 ·
559 2662 641 2716 διδ
675 2662 774 2716 καὶ
800 2662 1183 2735 ὲνηλλαγμένα
1221 2663 1439 2736 θεωρεῖ.
1477 2664 1694 2737 Ταύτην
1718 2665 1775 2720 δὲ
1793 2665 1894 2738 τὴν

297 2754 614 2826 ἐναλλαγὴν
646 2754 742 2809 καὶ
763 2755 856 2809 ἐπὶ
877 2755 988 2809 τῶν
1017 2755 1300 2828 Χερουϐὶμ
1327 2755 1619 2812 ἐθεάσατοο
1651 2759 1768 2812 ἐκεῖ
1794 2758 1894 2829 μὲν

295 2846 411 2917 γὰρ
445 2845 507 2899 τὸ
536 2844 754 2918 πρῶτον
781 2846 1073 2918 πρόσωπον
1096 2845 1375 2920 ἀνθρώπῳ
1408 2847 1643 2902 ὲοικέναι
1675 2847 1801 2918 ἔφη,
1831 2848 1892 2903 τὸ

291 2939 352 2993 δὲ
388 2938 646 3010 δεύτερον
672 2938 873 3004 λέοντι,
901 2939 963 2993 τὸ
990 2938 1048 2992 δὲ
1081 2939 1266 3010 τρίτον
1289 2939 1497 3012 μόσχῳ,
1536 2939 1598 2994 τὸ
1620 2940 1678 2993 δὲ
1706 2940 1894 3013 τέταρ-

293 3047 388 3083 τον
408 3029 592 3101 ἀετῷο
632 3028 868 3084 ἐνταῦθα
931 3029 988 3083 δὲ
1045 3031 1539 3103 ἀντεστραμμένην
1583 3030 1684 3104 τὴν
1711 3031 1888 3098 τάξιν,

293 3123 393 3176 καὶ
418 3122 595 3177 τδτοῦ
623 3121 910 3194 Χερουϐὶμ
941 3123 1256 3194 πρόσωπον,
1309 3123 1449 3196 ὅπερ
1499 3124 1619 3178 ἐστὶ
1661 3124 1886 3196 μόσχου,

2007 2025 2074 2081 ad
2104 2033 2252 2081 rotas
2293 2023 2595 2094 pertinent,
2624 2017 2888 2076 omnibus
2923 2016 2992 2072 iis
3029 2015 3294 2085 repetitis,
3323 2026 3447 2083 qua:
3469 2009 3583 2080 jam

2007 2125 2135 2173 ante
2161 2116 2406 2172 diximus
2435 2132 2449 2170 :
2481 2113 2720 2185 speciem
2757 2117 2968 2164 tantum
2999 2106 3206 2162 coloris
3235 2104 3581 2159 immutatam

2005 2225 2065 2268 se
2103 2208 2309 2264 vidisse
2359 2207 2456 2261 ait.
2489 2204 2568 2261 lbi
2598 2203 2770 2269 enim,
2814 2198 3116 2257 secundum
3169 2193 3584 2268 Symmachum,

2003 2299 2162 2371 quasi
2200 2299 2438 2367 speciem
2470 2292 2755 2366 hyacinthi
2791 2290 2934 2346 dixit
2970 2303 3030 2345 se
3058 2286 3418 2358 conspexisse
3449 2303 3464 2340 :
3492 2283 3584 2339 hic

2002 2405 2156 2454 vero,
2189 2387 2350 2461 ’142
2390 2384 2694 2442 secundum
2733 2381 3116 2454 Septuaginta,
3148 2378 3306 2450 quasi
3339 2375 3582 2448 speciem

2001 2480 2282 2536 carbonis.
2318 2479 2398 2532 Ita
2427 2484 2490 2532 ut
2519 2491 2589 2532 ex
2631 2475 2736 2530 hoc
2767 2488 2992 2544 quoque
3032 2473 3158 2528 loco
3187 2470 3405 2526 discere
3451 2481 3581 2538 pos-

1999 2573 2196 2637 simus,
2225 2585 2337 2626 non
2366 2569 2575 2625 vidisse
2611 2582 2737 2624 eum
2783 2566 2934 2636 ipsas
2962 2571 3192 2619 naturas
3219 2574 3412 2618 eorum
3457 2572 3583 2628 qua:

1999 2663 2204 2719 cerni‘
2242 2669 2568 2732 nequeunt,
2616 2659 2712 2716 sed
2775 2655 3168 2714 similitudines
3206 2651 3472 2726 quasdam
3527 2655 3584 2705 et

2000 2754 2289 2824 imagines.
2312 2751 2440 2808 Ideo
2461 2751 2628 2808 etiam
2658 2749 2981 2804 immutatus
3003 2747 3220 2812 cernit;
3245 2750 3410 2813 atque
3437 2741 3584 2795 hanc

1999 2843 2455 2900 immutationem.
2495 2843 2550 2896 in
2611 2839 2753 2910 ipsis
2809 2851 3030 2909 quoque
3083 2833 3383 2891 Cherubim
3446 2845 3582 2887 cono

1999 2946 2280 3012 spexerat.
2312 2937 2392 2993 lbi
2423 2937 2570 2993 enim
2598 2934 2832 3006 primam
2877 2930 3072 2985 faciem
3103 2923 3316 2982 homini
3343 2921 3581 2982 similem

1998 3032 2173 3090 fuisse
2206 3031 2370 3095 dixit,
2397 3027 2697 3086 secundam
2729 3023 2900 3087 Iconi,
2934 3020 3156 3077 tertiam
3192 3015 3388 3081 vitulo,
3409 3026 3582 3084 quur-

1999 3135 2107 3182 tam
2155 3124 2375 3195 aquilae.
2428 3121 2530 3176 Hic
2579 3125 2762 3174 autem
2794 3114 2932 3170 ordo
2969 3120 3055 3168 est
3090 3111 3366 3171 inversus,
3397 3113 3452 3162 et
3499 3103 3582 3160 ia-

295 3215 521 3313 σὶριῖηον
545 3215 649 3286 ἔφη
667 3215 987 3282 τεθεᾶσθαι,
1003 3213 1256 3288 δεύτερον
1281 3215 1338 3269 δὲ
1358 3214 1420 3269 τὸ
1442 3214 1538 3269 τοῦ
1567 3215 1885 3288 ἀνθρώπου,

2000 3221 2136 3278 ciem
2175 3217 2474 3275 liherubim
2525 3227 2648 3286 quae
2697 3219 2782 3268 est
2838 3206 3013 3274 vituli,
3047 3204 3182 3260 dicit
3226 3200 3469 3313 primum
3518 3209 3581 3259 se

293 3300 417 3358 εἷτα
446 3303 542 3358 τοῦ
577 3303 812 3372 λέοντος,
828 3305 924 3359 καὶ
952 3304 1013 3358 τὸ
1041 3303 1137 3359 τοῦ
1161 3304 1342 3360 ἀετοῦ.
1367 3306 1442 3360 οὐ
1463 3305 1644 3361 τοίνυν
1667 3307 1890 3380 τοιαύτη

2000 3311 2220 3377 vidisse,
2275 3305 2577 3364 secundam
2645 3300 2912 3366 hominis,
2965 3295 3168 3352 deinde
3226 3289 3425 3355 leonis,
3459 3294 3578 3380 tum

291 3396 407 3453 τῶν
478 3397 735 3468 ἀοράτων
795 3396 1081 3468 δυνάμεων
1111 3397 1148 3469 η
1186 3397 1371 3466 φύσις,
1425 3398 1563 3453 ἀλλὰ
1615 3399 1754 3472 πρὸς
1795 3399 1895 3472 τὴν

291 3489 496 3562 χρείαν
525 3491 555 3543 ὀ
581 3489 862 3559 Δεσπότης
911 3484 1037 3553 τὰς¹
1068 3488 1327 3553 τοιαύτας
1360 3490 1637 3562 οἰκονομεῖ
1675 3491 1724 3523 ⁸⁸
1759 3491 1896 3546 θεω-

296 3581 448 3655 ρῐας.
487 3583 600 3638 Καὶ
629 3580 894 3653 ἡγοῦμαι,
923 3580 1114 3650 ἐπειδὴ
1140 3581 1198 3636 ὲν
1235 3581 1314 3652 τῷ
1348 3579 1464 3653 ναῷ
1519 3581 1722 3654 ταύτην
1746 3583 1893 3657 ἑώρα

292 3675 400 3746 τὴν
419 3673 715 3736 ὀπτασίαν,
751 3673 842 3728 διὰ
861 3671 1024 3726 τοῦτο
1055 3671 1505 3744 προτεταγμένον
1530 3669 1638 3726 εῐδε
1665 3672 1762 3728 τοῦ
1792 3673 1888 3744 μόο

296 3784 435 3838 σχου
469 3765 533 3820 τὸ
562 3765 879 3836 πρόσωπον,
904 3763 1095 3834 ἐπειδὴ
1114 3765 1194 3826 εἰς
1211 3762 1384 3817 τύπον
1409 3763 1710 3836 ἱερωσύνης
1733 3763 1893 3819 τοῦτο

293 3858 699 3931 παρείληπται.
761 3857 1018 3912 Διδάσκει
1071 3856 1152 3921 δὲ,
1191 3856 1274 3910 ὅτι
1309 3856 1404 3911 καὶ
1439 3857 1492 3910 οἱ
1523 3856 1686 3912 νῶτοι
1711 3857 1890 3912 αὐτῶν

292 3952 394 4007 καὶ
434 3952 492 4004 αἱ
525 3951 712 4022 χεῖρες
747 3948 952 4015 αὐτῶν,
985 3948 1082 4002 καὶ
1115 3949 1170 4001 αἱ
1220 3947 1515 4018 πτέρυγες,
1557 3950 1653 4003 καὶ
1686 3951 1735 4003 ol
1770 3966 1892 4022 τρο-

291 4045 404 4118 χοὶ,
439 4043 672 4114 πλήρεις
701 4035 843 4113 ἦσαν
867 4039 1183 4112 ὀφθαλμῶν,
1208 4040 1306 4110 τῆς
1333 4040 1588 4110 γνώσεως
1620 4040 1800 4095 αὐτῶν
1827 4042 1890 4096 τὸ

294 4136 512 4206 πλῆθος
559 4133 948 4204 διδασκόμενος
969 4148 986 4166 ο
1041 4133 1179 4204 ὅπερ
1201 4131 1299 4187 καὶ⁸
1349 4130 1608 4204 σημαίνει
1630 4131 1692 4187 τὺ
1715 4133 1891 4206 ὄνομα

291 4228 543 4300 τελγέλ.

371 4327 465 4391 ιγ’.
499 4318 629 4386 Τοῖς
661 4317 730 4372 δὲ
766 4315 1005 4386 τροχοῖς
1055 4316 1311 4382 τούτοις,
1346 4316 1531 4388 φησιν,
1582 4316 1888 4388 ἐπεκλήθη

291 4410 518 4484 τελγὲλ
553 4407 885 4475 ἀκούοντός
912 4424 1052 4477 μου.
1091 4406 1404 4472 Τουτέστιν,
1466 4407 1889 4463 ἀνακυκλεῖσθαι

289 4504 391 4559 καὶ
412 4500 798 4558 ἀνακινείσθαι
826 4497 1304 4570 προσετάχθησαν.

1992 3405 2212 3477 aquilae.
2241 3401 2359 3457 Non
2396 3399 2568 3471 igitur
2597 3395 2727 3450 talis
2770 3401 2855 3448 est
2888 3395 3248 3462 potestatum,
3275 3396 3400 3454 quae
3423 3377 3578 3436 cerni

1991 3473 2294 3571 nequeunt,
2332 3505 2532 3552 natura
2573 3509 2588 3546 ε
2619 3489 2716 3547 sed
2750 3485 2979 3559 perinde
3005 3491 3170 3554 atque
3199 3493 3351 3571 opus
3371 3483 3478 3541 est,
3493 3473 3579 3571 de

1991 3566 2307 3664 huiusmodi
2357 3586 2670 3645 visionibus
2705 3581 2969 3638 Dominus
3001 3573 3266 3647 disponit.
3402 3566 3579 3664 arbi-

1990 3661 2127 3754 tror,
2155 3685 2288 3756 quia
2339 3683 2396 3738 in
2445 3678 2649 3750 templo
2675 3677 2821 3731 hanc
2861 3673 2998 3728 vidit
3044 3668 3339 3730 visionem,
3364 3661 3578 3756 idcirco

1989 3750 2123 3831 eum:
2147 3750 2355 3830 vidisse
2387 3769 2742 3842 praepositam
2791 3763 2948 3822 vituli
2979 3761 3199 3824 faciem,
3230 3750 3578 3827 quandoqui-

1989 3867 2112 3922 dem
2147 3867 2264 3921 hzec
2307 3863 2374 3919 ad
2427 3870 2616 3934 typum
2649 3854 2948 3915 sacerdotii
2978 3858 3199 3922 sumpta
3247 3857 3353 3904 est.
3383 3843 3578 3898 Docet-

1989 3973 2116 4031 que,
2145 3956 2310 4012 dorsa
2359 3955 2628 4025 ipsorum,
2676 3957 2732 4006 et
2780 3959 3005 4009 manus,
3035 3951 3090 3999 et
3137 3941 3280 4007 alas,
3311 3945 3367 3993 et
3421 3940 3576 4031 rotas

1987 4023 2180 4123 plenas
2234 4023 2413 4104 oculis
2482 4043 2691 4108 fuisse,
2771 4039 3008 4096 edoctus
3072 4033 3184 4089 vim
3246 4023 3577 4100 cognitionis

1988 4145 2262 4216 ipsorum,
2283 4137 2434 4213 quod
2465 4134 2742 4208 signiﬁcat
2769 4143 2972 4188 nomen
2999 4124 3184 4199 getgel.

2058 4324 2228 4381 Vens.
2260 4322 2348 4378 1⁸5.
2395 4317 2545 4375 Rotis
2592 4324 2770 4372 autem
2803 4312 2946 4377 istis,
2975 4307 3179 4380 inquit,
3215 4301 3573 4359 acclamatum

1987 4427 2066 4474 est
2116 4416 2321 4488 gelget,
2353 4411 2601 4467 audiente
2646 4423 2747 4462 me.
2781 4405 2901 4461 Hoc
2953 4409 3061 4467 est,
3096 4400 3430 4468 imperatum
3471 4392 3575 4448 fuit
3619 4479 3622 4481 Δ

1991 4513 2147 4585 ipsis,
2181 4517 2242 4566 ut
2273 4507 2626 4565 volverentnr
2660 4510 2827 4574 atque
2858 4501 3360 4556 commoverentur.

367 4601 453 4650 ιε’.
485 4592 598 4649 Kal
621 4591 874 4660 ἐπήρθη,
916 4589 1070 4660 φησὶ,
1113 4589 1186 4643 τὰ
1229 4589 1542 4659 ΧερουὸΙμ.
1576 4584 1710 4643 Εἶτα
1738 4588 1887 4645 διδά-

2015 4579 2030 4585 ’
2062 4600 2230 4658 Vens.
2288 4601 2374 4656 15.
2433 4598 2503 4654 Et
2557 4597 2760 4652 elevata
2817 4599 2964 4655 sunt,
3015 4587 3225 4660 inquit,
3266 4579 3570 4640 Cherubim.

291 4700 448 4741 σκων
487 4683 658 4754 ἡμᾶς,
699 4680 774 4744 ὡς
825 4677 1002 4734 ταῦτα
1032 4677 1128 4732 καὶ⁸
1160 4677 1263 4749 ἤδη
1298 4678 1564 4750 πρότερον
1597 4677 1882 4744 ἐθεάσατο,

291 4777 499 4851 φησίν·
539 4795 558 4827 ι
601 4773 776 4828 Τοῦτο
810 4772 873 4826 τὸ
922 4771 1062 4836 ζῶον
1107 4770 1137 4823 ὃ
1182 4766 1320 4824 εἶδον
1363 4770 1459 4824 ἐπὶ
1489 4770 1584 4824 τοῦ
1637 4769 1884 4842 ποταμοῦ

287 4869 507 4939 Χοὸἀρ.
537 4886 559 4920 ›
586 4864 757 4920 Ἀλλὰ
801 4863 926 4918 τότε
978 4864 1078 4933 τῆς
1131 4863 1234 4934 μὲν
1295 4861 1530 4932 θεωρίας
1580 4861 1885 4934 ἀπήλαυσε,

288 4964 394 5034 τὴν
437 4961 494 5014 δὲ
531 4957 910 5031 προσηγορίαν
939 4954 1178 5027 ἠγνόησε
1204 4970 1219 4984 ·
1254 4952 1350 5008 νῦν
1391 4953 1450 5007 δὲ
1474 4953 1750 5007 καὶτοῦτο
1788 4969 1887 5025 με-

293 5053 551 5126 μάθηκεν
572 5052 640 5106 ⁸⁸.

366 5151 470 5211 ις’,
503 5143 588 5209 ιζ’,
609 5141 717 5199 Kal
733 5142 803 5196 ἐν
830 5139 910 5207 τῷ
932 5141 1294 5211 πορεύεσθαι
1321 5139 1394 5194 τὰ
1424 5136 1715 5208 Χερουϐὶμ
1744 5135 1884 5190 eno-

285 5237 548 5307 ρεύοντο
613 5237 669 5288 ol
716 5233 942 5302 τροχοὶ,
969 5233 1071 5288 καὶ
1103 5229 1272 5290 οὗτοι
1335 5231 1611 5302 ἐχόμενοι
1650 5227 1881 5283 αὐτῶνθ

291 5327 395 5380 καὶ
425 5325 498 5378 ἐν
528 5323 610 5390 τῷ
636 5323 901 5392 ἐξαίρειν
928 5323 1001 5378 τὰ
1019 5322 1311 5392 Χερουϐὶμ
1333 5323 1441 5387 τὰς
1462 5318 1760 5387 πτέρυγας
1779 5319 1886 5375 αὐ-

290 5418 418 5473 τῶν
456 5417 567 5472 τοῦ
595 5414 1048 5486 μετεωρίζεσθαι
1101 5415 1223 5470 ἀπὸ
1279 5413 1391 5484 τῆς
1419 5411 1555 5483 γῆς,
1596 5411 1710 5465 οὐκ
1781 5409 1891 5463 ἐπ-

290 5510 598 5581 έστρεφον
627 5511 681 5563 οἱ
719 5508 921 5578 τροχοὶ
947 5505 1167 5574 αὐτῶν,
1193 5507 1296 5563 και
1324 5524 1391 5578 τε
1420 5502 1590 5561 αὐτοὶ
1613 5501 1734 5557 ἀπὸ
1771 5499 1892 5557 τῶν

1989 4695 2196 4751 Deinde
2227 4693 2388 4749 docet
2417 4705 2518 4747 nos
2546 4705 2607 4746 se
2635 4687 2750 4744 haec
2779 4686 2945 4743 etiam
2981 4681 3138 4754 prius
3192 4673 3571 4747 conspexisse,

1986 4795 2040 4842 ct
2072 4785 2199 4841 ait:
2239 4804 2258 4836 ι
2297 4783 2480 4855 Ipsum
2543 4788 2628 4838 est
2677 4777 2884 4834 animal
2928 4773 3076 4846 quod
3127 4770 3373 4827 videram
3415 4766 3572 4836 juxta

1985 4877 2190 4932 ﬂumen
2238 4875 2480 4931 Chobar.
2523 4892 2542 4924 ι
2594 4869 2800 4926 Verum
2851 4875 2986 4922 tunc
3023 4863 3248 4935 quidem
3301 4857 3571 4915 visionem

1987 4968 2256 5041 percepit,
2306 4965 2402 5024 sed
2455 4979 2660 5020 nomen
2716 4957 3020 5033 ignoravit,
3079 4952 3230 5026 quod
3285 4964 3435 5007 nunc
3487 4947 3575 5004 di-
3679 4993 3687 5000 .

1988 5059 2142 5116 dicit.

2061 5148 2229 5206 Vens.
2263 5147 2353 5212 16,
2383 5148 2468 5203 17.
2497 5145 2566 5200 Et
2596 5159 2714 5199 cum
2745 5141 3044 5199 incederent
3087 5135 3395 5198 Cherubim,
3429 5132 3573 5186 ince-

1989 5240 2184 5296 debant
2213 5241 2377 5295 etiam
2409 5248 2562 5299 rotaz,
2591 5245 2642 5292 et
2676 5237 2794 5304 ipsa
2821 5241 2974 5289 erant
3007 5243 3168 5302 prope
3205 5227 3308 5282 illa
3335 5241 3354 5280 :
3380 5233 3571 5279 etcum

1987 5332 2302 5388 ‘emtollerent
2332 5328 2617 5385 Cherubim
2657 5326 2775 5380 alas
2830 5339 2977 5387 suas,
3011 5331 3072 5375 ut
3126 5317 3508 5374 extollerentur
3536 5327 3570 5364 ο

1992 5431 2160 5487 terra,
2189 5437 2296 5477 non
2345 5418 2742 5474 revertebantur
2769 5423 2904 5470 rota:
2931 5410 3094 5483 ’143
3124 5421 3330 5468 eorum,
3355 5411 3405 5457 et
3440 5401 3571 5467 ipsa:

1983 5512 2148 5583 juxta
2174 5511 2294 5568 illa.
2323 5509 2392 5564 Et
2419 5524 2541 5564 cum
2578 5515 2778 5564 starent
2806 5506 2948 5576 ipsa,
2969 5499 3224 5558 stabant;
3257 5503 3307 5552 et
3337 5506 3453 5548 eum
3484 5498 3569 5542 at-

1611 5643 1850 5746 vanm
1893 5687 2302 5746 LECTIONES.

365 5780 504 5850 sib;
533 5796 582 5831 τ,
620 5777 791 5850 ἀναμ.
831 5795 882 5832 τ.
913 5778 1046 5850 Χξρ.
1077 5777 1201 5850 Des.
1239 5781 1379 5850 apud
1401 5780 1562 5837 LXX.

1672 5782 1720 5814 “
1772 5798 1828 5836 κ.
1876 5781 1954 5835 ελ.
2009 5780 2138 5837 Des.
2200 5780 2256 5834 in
2291 5779 2354 5835 Β.
2451 5778 2496 5813 ⁸³
2525 5776 2567 5833 Β
2599 5775 2738 5833 ἀλλὰ
2766 5772 2957 5830 ταῦτα.

3066 5767 3111 5801 ⁸³
3141 5764 3276 5822 Res.
3308 5757 3438 5816 lect.
3475 5758 3562 5812 est

293 5849 574 5906 δαοιωαα.
655 5849 700 5881 ⁸³
719 5851 827 5902 οἰκ.
859 5850 918 5904 1η
949 5848 990 5903 Β
1021 5849 1242 5920 ponitur
1274 5848 1397 5921 post
1419 5851 1673 5923 θεωρίας.
1751 5851 1798 5885 ⁶⁶
1821 5851 1863 5906 Β
1881 5850 2304 5924 μεμαθήκαμεν.
