4034 6414
447 401 560 468 .907
577 448 582 449 ν

1421 385 1910 450 THEODORETI
1943 383 2283 443 EPISCOPI
2313 382 2682 444 CYRENSIS

3625 377 3734 441 908

455 522 582 578 quae
627 513 747 560 tum
783 502 894 575 regi
939 499 1118 572 ipsius
1155 496 1570 566 Hierosolyma,
1624 503 1740 547 tum
1785 489 2046 545 omnibus

2154 508 2258 545 των
2284 509 2668 564 προφητευων,
2709 491 2803 545 καὶ
2832 491 2890 544 ὲν
2919 489 3144 560 ἐμαυτῷ
3175 489 3543 560 σκιογραφῶν,
3577 491 3647 544 τά
3673 504 3733 542 τε

457 597 803 670 principibus
835 600 1099 648 eventura
1134 591 1270 649 sint.

526 770 696 827 Vens.
737 768 820 824 l2.
856 765 1108 835 Princeps
1132 766 1274 818 enim
1303 765 1541 833 ipsorum
1572 763 1624 816 in
1661 763 1832 816 medio
1860 777 2044 816 eorum

456 870 476 890 '
505 879 664 933 super
690 863 934 914 humeros
964 856 1274 921 extolletur,
1307 865 1357 910 et
1385 855 1588 908 occulte
1612 854 1776 908 exibit
1806 869 1897 921 per
1929 870 2046 906 mu-

455 972 575 1010 rum
593 995 608 1019 ,
638 962 689 1008 et
712 951 924 1020 e/fodiet
945 989 960 1012 ,
987 957 1046 1002 ut
1073 958 1227 1002 exeat
1253 962 1346 1016 per
1369 961 1490 1001 eum
1512 963 1530 998 :
1561 945 1758 1014 faciem
1787 961 1940 998 suam
1965 960 2047 998 co-

458 1047 654 1116 operiet
677 1083 692 1107 ,
728 1059 790 1098 ne
823 1041 1187 1108 conspiciatur
1226 1040 1428 1102 oculis,
1463 1047 1514 1092 et
1554 1038 1666 1106 ipse
1703 1047 1903 1091 terram
1942 1052 2047 1090 non

2143 582 2224 652 τῷ
2271 582 2480 652 βασιλεῖ
2509 583 2607 653 τῆς
2643 581 3018 654 Ἰερουσαλὴμ,
3058 581 3154 634 καὶ
3197 581 3328 633 πᾶσι
3360 582 3473 642 τοῖς
3505 581 3734 650 ἄρχουσι

2149 674 2567 744 συμϐησόμενα.

2220 763 2306 834 .β’.
2346 765 2455 820 Kal
2475 768 2509 819 ὀ
2528 765 2728 834 ἄρχων
2755 764 2866 834 γὰρ
2893 761 3093 818 αὐτῶν
3127 764 3199 816 ἑν
3218 764 3386 831 μέσῳ
3412 762 3615 816 αὐτῶν
3641 763 3738 815 ἐπ’

2145 856 2319 924 ὢμων
2358 855 2701 925 ἀρθήσεται,
2753 855 2856 908 καὶ
2892 853 3314 923 κεκρυμμένως
3349 853 3736 918 ἐξελεύσεται

2146 945 2245 999 διὰ
2273 946 2381 1001 τοῦ
2417 947 2644 1016 τοίχου,
2679 946 2779 1000 καί
2808 944 3071 1014 διορύξει
3107 944 3215 998 τοῦ
3253 943 3524 1008 ἐξελθεῖν
3547 945 3739 996 αὐτὸν

2146 1040 2222 1094 δι’
2247 1040 2434 1095 αὐτοῦ
2457 1057 2472 1070 ·
2504 1039 2571 1094 τὸ
2593 1041 2918 1109 πρόσωπον
2936 1038 3122 1095 αὐτοῦ
3143 1039 3548 1107 συγκαλύψει,
3574 1037 3737 1103 ὅπως

456 1133 670 1190 videbit.
701 1133 1099 1187 Verumtamen
1133 1128 1320 1199 fugam
1353 1128 1436 1183 sic
1461 1141 1684 1197 quoque
1711 1126 1925 1180 faciens
1946 1166 1961 1191 ,
1994 1133 2046 1182 et

2154 1131 2229 1199 μὴ
2277 1129 2466 1199 ὀραθῇ
2507 1129 2838 1200 ὀφθαλμοῖς
2854 1131 2920 1193 ⁸⁸,
2967 1129 3065 1184 καὶ
3097 1129 3284 1194 αὐτὸς
3313 1129 3430 1197 τὴν
3472 1130 3590 1199 γῆν
3622 1125 3738 1186 οὐκ

457 1230 534 1284 ita
559 1227 914 1283 machinatus
942 1234 1004 1280 ut
1033 1224 1269 1289 lateret,
1295 1222 1366 1277 ab
1396 1221 1655 1276 hostibus
1683 1219 2049 1289 comprehen-

457 1322 639 1377 detur.

530 1503 701 1558 Vsns.
737 1501 824 1555 13.
853 1501 924 1554 Et
957 1497 1270 1563 extendam,
1299 1493 1518 1565 inquit,
1551 1501 1658 1548 rete
1686 1507 1860 1546 meum
1894 1505 2049 1558 super

459 1599 633 1667 ipsum
655 1635 670 1659 ,
699 1603 749 1648 et
782 1591 1248 1663 comprehendetur
1273 1589 1330 1642 in
1364 1588 1658 1642 munitione
1684 1601 1802 1639 mea
1822 1625 1834 1647 ,
1866 1594 1914 1637 et
1944 1584 2047 1634 du-

458 1707 576 1743 cam
604 1703 723 1742 eum
751 1687 804 1739 in
836 1683 1163 1754 Babylonem
1204 1683 1260 1735 in
1304 1689 1501 1735 terram
1543 1677 1956 1740 Chaldaorum,
1997 1683 2048 1728 et

457 1783 629 1850 ipsam
664 1794 768 1833 non
800 1776 994 1831 videbit
1018 1815 1033 1840 ,
1067 1785 1118 1830 et
1148 1775 1222 1830 ibi
1256 1774 1535 1829 morietur.
1573 1771 1679 1826 Per
1712 1770 1898 1825 omnia
1934 1769 2049 1822 haec

455 1831 580 1943 qua:
603 1871 750 1942 dicta
781 1875 912 1924 sunt
931 1907 947 1934 ,
973 1867 1164 1922 docuit
1206 1867 1325 1922 fore
1349 1874 1436 1931 ut,
1465 1863 1855 1919 instrumentis
1883 1871 2046 1916 utens
2080 1831 2123 1885 Β

457 1961 738 2024 hostibus,
763 1972 962 2030 poenas
990 1965 1208 2027 repetat
1230 1955 1536 2026 impietatis
1564 1969 1594 2006 a
1621 1967 1750 2022 rege
1771 1991 1785 2016 ,
1816 1959 1870 2006 et
1898 1951 2048 2020 prin-

458 2051 680 2124 cipibus
700 2089 714 2116 ,
750 2049 1016 2120 omnique
1046 2048 1159 2105 illis
1191 2047 1450 2117 subjecto
1477 2045 1699 2116 pepulo.
1738 2042 1864 2096 Rete
1897 2043 2045 2096 enim

457 2161 616 2200 suum
647 2143 866 2198 vocavit
893 2142 1090 2198 hostes
1111 2183 1124 2208 ,
1156 2147 1212 2196 et
1237 2141 1585 2194 munitionem
1617 2154 1769 2193 suam
1800 2137 2048 2192 obsidio-

457 2251 603 2292 nem.
643 2233 771 2288 Hazc
799 2235 968 2289 etiam
1007 2239 1242 2303 quartus
1275 2231 1598 2302 Regnorum
1635 2231 1795 2294 liber,
1827 2236 1882 2284 et
1915 2228 2043 2282 bea-

458 2335 550 2382 tus
598 2324 872 2381 Jeremias
937 2333 1130 2395 aperte
1171 2324 1372 2380 docent
1419 2326 1496 2378 8‘.’
1531 2321 2047 2378 Nabuchodonosor

458 2419 629 2485 enim,
650 2419 824 2473 misso
839 2418 1086 2488 equestri
1105 2417 1422 2473 exercituin
1443 2415 1801 2472 solitudinem
1820 2428 1944 2484 qua:
1962 2419 2047 2467 est

458 2525 630 2582 prope
659 2507 1039 2564 Jerichuntem
1063 2549 1077 2574 ,
1115 2509 1402 2564 Sedeciam
1443 2515 1610 2578 atque
1639 2523 1737 2562 eos
1779 2507 1873 2577 qui
1915 2520 2044 2560 cum

457 2614 526 2654 eo
556 2598 856 2667 fugerant,
885 2606 1176 2669 correptos
1203 2596 1432 2653 deduxit
1462 2595 1786 2652 Deblatham
1811 2635 1826 2659 ,
1861 2593 2047 2663 ibique

460 2689 703 2745 Sedecite
743 2688 868 2744 filiis
913 2690 1066 2759 prius
1102 2689 1444 2755 interfectis,
1475 2698 1530 2743 et
1565 2687 1710 2742 facto
1743 2687 1865 2756 ipso
1898 2685 2044 2738 filio-

460 2793 581 2832 rum
608 2776 772 2831 caedis
805 2785 1121 2844 spectatore
1144 2817 1158 2842 ,
1187 2777 1388 2834 deinde
1415 2778 1566 2833 illius
1593 2777 1787 2832 oculos
1817 2773 2044 2838 effodit,

457 2867 946 2937 circumjectisque
975 2868 1214 2924 vinculis
1253 2883 1320 2924 ex
1359 2883 1468 2924 aere
1507 2867 1779 2924 confectis
1817 2881 1945 2921 eum
1987 2864 2045 2918 in

457 2959 794 3030 Babylonem
827 2959 1091 3026 abduxit,
1125 2969 1290 3032 atque
1318 2961 1374 3015 in
1405 2960 1642 3032 pistrino
1675 2957 1857 3028 coegit
1885 2956 2046 3012 habi-

459 3065 600 3108 tare.
661 3051 826 3123 ’15ῆ1
877 3052 1088 3108 Idcirco
1140 3055 1218 3108 ait
1270 3054 1560 3125 prophetia
1596 3071 1610 3108 :
1646 3072 1664 3105 ι
1701 3051 2043 3122 Babylonem

456 3144 713 3209 ducetur,
745 3151 800 3197 et
835 3142 1007 3213 ipsam
1044 3161 1153 3200 non
1189 3145 1416 3202 videbit.
1450 3163 1471 3197 ι

529 3416 700 3474 Vens.
736 3417 805 3472 M
826 3456 840 3480 ,
885 3416 972 3472 l5.
1006 3415 1074 3470 Et
1101 3432 1279 3469 omnes
1301 3455 1316 3480 ,
1351 3415 1566 3486 inquit,
1599 3415 1653 3469 in
1681 3413 1905 3468 circuitu
1930 3413 2044 3481 ejus

461 3509 812 3563 auxiliatores
843 3509 955 3576 ejus
977 3549 991 3573 ,
1016 3518 1065 3560 et
1092 3523 1270 3561 omnes
1300 3523 1447 3576 opem
1475 3506 1701 3575 ferentes
1731 3507 1779 3560 ei
1798 3546 1813 3570 ,
1839 3506 2046 3573 disper-

461 3617 579 3670 gam
622 3601 677 3652 in
715 3615 919 3653 onmem
961 3607 1169 3652 ventum
1225 3608 1274 3652 et
1333 3599 1573 3669 gladium
1613 3598 1887 3667 eﬂ'undam
1926 3604 2046 3666 post

459 3706 567 3744 eos.
602 3687 669 3741 Et
714 3699 1024 3758 cognoscent
1072 3704 1152 3741 me
1196 3705 1306 3742 esse
1347 3688 1665 3753 Dominum,
1711 3705 1830 3741 cum
1878 3688 2044 3741 dissi—

459 3797 648 3848 pavero
677 3797 770 3850 ego
801 3797 887 3833 eos
915 3781 968 3834 in
997 3781 1236 3850 gentibus
1258 3821 1272 3847 ,
1305 3791 1354 3836 et
1380 3781 1736 3835 disseminabo
1767 3796 1854 3834 eos
1879 3781 1935 3834 in
1959 3797 2044 3834 re-

459 3871 718 3940 gionibus.
755 3870 1085 3943 Quicunque
1111 3882 1297 3929 autent
1350 3875 1405 3928 in
1455 3875 1642 3945 prmlio
1675 3873 1878 3928 caedem
1909 3873 2045 3926 effu-

461 3963 676 4031 gerint,
708 3962 946 4017 efficiam
987 3973 1044 4018 ut
1081 3966 1283 4037 captivi
1319 3965 1689 4032 abducantur,
1725 3973 1781 4018 et
1816 3965 2042 4019 exsules

461 4052 660 4106 faciam
695 4062 748 4109 et
785 4057 1046 4126 profugos
1074 4095 1089 4120 ,
1127 4064 1187 4111 ut
1225 4058 1358 4127 ipsis
1394 4057 1560 4112 rebus
1622 4057 1838 4110 discant
1889 4063 2042 4109 muta

458 4157 582 4198 esse
613 4144 764 4200 idola
813 4154 866 4201 et
903 4163 1132 4217 prorsus
1183 4147 1386 4202 inertia
1411 4190 1424 4213 ,
1462 4163 1548 4202 me
1581 4162 1712 4203 vero
1749 4146 2042 4202 Dominum

460 4245 630 4307 atque
661 4235 895 4294 Herum.

535 4422 697 4478 Vens.
739 4421 828 4476 16.
872 4419 940 4474 Et
992 4420 1286 4489 relinquam
1333 4435 1397 4472 ex
1431 4419 1558 4486 ipsis
1594 4420 1733 4472 viros
1776 4435 1995 4474 numero
2022 4461 2038 4486 ,

2149 1224 2379 1292 ὄψεται.
2421 1223 2562 1276 Ἀλλ’
2584 1224 2734 1294 ὅμως
2765 1222 2860 1279 καὶ
2877 1221 3020 1275 οὕτω
3049 1221 3203 1276 ποισΰ
3214 1239 3374 1292 μενος
3401 1222 3500 1293 τὴν
3532 1224 3734 1294 φυγὴν,

2149 1317 2244 1370 καὶ
2271 1317 2446 1371 πάντα
2479 1315 2874 1387 μηχανώμενος
2894 1317 3036 1371 ὥστε
3057 1315 3266 1380 λαθεῖν,
3297 1314 3738 1386 συλληφθήσεται

2149 1407 2301 1478 παρὰ
2335 1407 2448 1460 τῶν
2479 1407 2776 1478 πολεμίων.

2223 1507 2310 1567 ιγ’.
2360 1499 2472 1552 Kal
2507 1497 2840 1562 ἐκπετὰσω,
2891 1497 3047 1566 φησὶ,
3099 1497 3167 1552 τὸ
3208 1497 3456 1552 δίκτυόν
3493 1515 3613 1566 μου
3643 1498 3739 1550 ἐπ’

2149 1590 2357 1659 αὐτὸν,
2392 1591 2488 1644 καί
2517 1589 3023 1659 συλληφθήσεται
3050 1589 3120 1643 ἐν
3150 1588 3227 1657 τῇ
3259 1589 3511 1657 περιοχῇ
3531 1607 3650 1658 μου
3667 1591 3738 1655 ⁸⁸,

2150 1682 2250 1736 καὶ
2277 1682 2399 1746 ἄξω
2433 1683 2620 1736 αὑτὸν
2645 1683 2732 1748 είς
2766 1680 3098 1736 Βαϐυλῶνα
3132 1683 3219 1746 εις
3251 1680 3369 1750 γῆν
3401 1680 3738 1745 Χαλδαίων,

2151 1775 2250 1828 καὶ
2281 1774 2478 1842 αὐτὴν
2502 1776 2615 1828 οὐκ
2657 1773 2891 1843 ὄψεται,
2921 1773 3023 1828 καὶ
3067 1772 3198 1827 ἐκεῖ
3228 1771 3599 1840 τελευτήσει.
3638 1775 3742 1828 Διά

2155 1867 2373 1922 πάντων
2403 1866 2606 1930 ἐδίδαξε
2635 1865 2742 1920 τῶν
2783 1866 3114 1937 εἰρημένων,
3149 1865 3225 1930 ὡς
3253 1866 3505 1936 ὀργάνοις
3537 1881 3742 1937 κεχρη-

2158 1958 2317 2027 μένος
2342 1958 2454 2020 τοῖς
2483 1955 2785 2025 πολεμίοις,
2815 1956 2971 2019 δίκας
3001 1957 3297 2027 ἀπαιτήσει
3329 1955 3429 2026 τῆς
3459 1956 3739 2019 ἀσεϐείας,

2155 2049 2248 2102 καὶ
2291 2048 2383 2101 τὸν
2435 2047 2680 2118 βασιλέα,
2732 2050 2828 2102 καὶ
2876 2049 3004 2113 τοὺς
3033 2051 3319 2120 ἄρχοντας,
3369 2051 3462 2102 καὶ
3491 2049 3632 2103 ἀπαν
3677 2048 3743 2101 τὸ

2155 2140 2416 2209 ὑπήκοον.
2506 2141 2766 2194 Δίκτυον
2829 2139 2939 2212 γὰρ
3003 2141 3190 2196 αὐτοῦ
3250 2142 3380 2204 τοὺς
3447 2140 3742 2211 πολεμίους

2154 2231 2400 2297 ἐκάλεσε,
2427 2231 2521 2284 καὶ
2550 2231 2842 2300 περιοχὴν
2860 2232 3049 2288 αὑτοῦ
3069 2234 3168 2302 τὴν
3194 2233 3527 2304 πολιορκίαν.
3553 2231 3742 2285 Ταῦτα

2151 2324 2209 2378 δὲ
2256 2324 2350 2378 καὶ
2395 2326 2428 2394 ἡ
2485 2325 2721 2394 τετάρτη
2768 2322 2875 2376 τῶν
2904 2322 3219 2388 Βασιλειῶν,
3269 2325 3428 2377 καὶὸ
3469 2324 3740 2394 μακάριος

2167 2415 2438 2487 Ἱερεμίας
2469 2415 2656 2483 σαφῶς
2699 2414 2962 2468 διδάσκει.
3010 2415 3256 2469 Ἱππικὸν
3302 2417 3410 2487 γὰρ
3450 2416 3741 2486 σύνταγμα

2155 2507 2378 2577 πέμψας
2407 2509 2435 2560 ὁ
2461 2506 2932 2579 Ναϐουχοδονόσορ
2972 2509 3053 2571 εἰς
3089 2508 3188 2579 τὴν
3213 2507 3334 2560 καθ’
3373 2507 3580 2579 Ἱεριχὼ
3611 2509 3742 2578 ἐρη-

2156 2616 2276 2669 μον,
2308 2598 2403 2652 καὶ
2435 2599 2526 2651 τὸν
2552 2598 2808 2651 Σεδεκίαν
2837 2599 2932 2654 καὶ
2959 2600 3086 2662 τοὺς
3122 2601 3218 2654 σὺν
3260 2599 3406 2671 αὐτῷ
3439 2600 3742 2669 δραπετεύ-

2155 2707 2352 2753 σαντας
2401 2690 2701 2751 συλλαϐὼν,
2743 2692 2951 2762 ἤγαγεν
3005 2693 3082 2754 είς
3127 2691 3393 2760 Δεϐλαθά,
3439 2694 3600 2746 κάκεῖ
3639 2692 3738 2745 τοῦ

2153 2781 2402 2854 Σεδεκὶου
2435 2782 2558 2844 τοὺς
2594 2781 2793 2845 παῖδας
2827 2781 3095 2853 πρότερον
3140 2781 3367 2848 ἀνελὼν,
3415 2783 3510 2836 καὶ
3539 2784 3740 2852 θεατὴν

2152 2871 2313 2924 αὑτὸν
2360 2873 2594 2942 ποιήσας
2619 2872 2664 2903 ³¹
2710 2871 2811 2941 τῆς
2863 2871 2972 2925 τῶν
3012 2872 3219 2927 παίδων
3268 2873 3519 2944 σφαγῆς,
3562 2873 3741 2938 οὕτως

2153 2962 2318 3016 αὐτοῦ
2349 2963 2475 3027 τοὺς
2520 2961 2832 3033 ὀφθαλμοὺς
2867 2961 3124 3035 ἐξώρυξε,
3161 2963 3256 3017 καί⁵
3283 2964 3457 3035 δεσμὰ
3493 2965 3739 3035 περιθεὶς

2154 3057 2219 3108 ἐκ
2246 3054 2450 3125 χαλκοῦ
2494 3055 2860 3125 πεποιημένα,
2902 3057 2980 3118 είς
3007 3055 3105 3125 τὴν
3137 3055 3431 3109 Βαϐυλῶνα
3455 3057 3738 3128 ἀπήγαγε,

2073 3179 2115 3237 C
2155 3149 2374 3220 μύλωνα
2395 3150 2561 3202 οἰκεῖν
2583 3149 2917 3217 ἀναγκάσας.
2939 3149 3031 3202 Διδ
3052 3148 3146 3202 καὶ
3168 3150 3200 3220 ἡ
3223 3150 3530 3220 προφητεία
3545 3152 3737 3220 φησὶν,

2147 3243 2229 3296 ὅτι
2305 3261 2324 3293 ι
2357 3242 2451 3306 Εἰς
2501 3240 2795 3296 Βαϐυλῶνα
2866 3241 3204 3314 ἀχθήσεται,
3269 3246 3367 3296 καὶ
3415 3242 3585 3313 αὐτὴν
3635 3244 3742 3297 οὐκ

2147 3332 2357 3404 ὅψεται.
2383 3353 2400 3385 ι

2218 3423 2299 3491 ιδ’,
2331 3431 2411 3478 ιε’.
2477 3424 2585 3478 Kal
2634 3423 2888 3488 πάντας,
2931 3424 3086 3493 φησὶ,
3128 3423 3271 3490 τοὺς
3301 3425 3506 3488 κύκλῳ
3545 3423 3743 3478 αὐτοῦ

2145 3516 2288 3582 τοὺς
2320 3515 2591 3585 ,βοηθοὺς
2623 3515 2832 3574 αὑτοῦ,
2869 3515 2968 3568 καὶ
3001 3514 3233 3581 πάντας
3261 3515 3406 3581 τοὺς
3446 3515 3744 3583 ἀντιλαμ-

2147 3605 2512 3675 ϐανομένους
2540 3605 2749 3669 αὐτοῦ,
2786 3603 3090 3672 διασπερῶ
3126 3607 3214 3670 είς
3251 3605 3447 3658 πάντα
3486 3605 3740 3674 ἄνεμον,

2146 3699 2242 3753 καὶ
2255 3698 2562 3767 ῥομφαίαν
2582 3695 2774 3766 ἐκχεῶ
2791 3697 2836 3727 ³¹
2864 3697 3057 3750 ὀπίσω
3081 3695 3296 3751 αὐτῶν.
3330 3699 3440 3750 Kal
3464 3696 3741 3766 γνώσον-

2144 3807 2240 3844 ται
2266 3791 2356 3844 ὅτι
2386 3789 2500 3860 ἐγώ
2532 3792 2647 3859 είμι
2665 3789 2710 3821 ³³
2739 3790 2975 3858 Κύριος,
3001 3790 3071 3844 ἐν
3099 3789 3180 3855 τῷ
3207 3789 3634 3857 διασκορπίσαι
3653 3806 3743 3857 με

2144 3881 2367 3946 αὐτοὺς
2393 3880 2463 3934 ἐν
2503 3880 2627 3946 τοῖς
2659 3881 2883 3946 ἔθνεσι,
2923 3880 3023 3934 καὶ
3063 3879 3366 3950 διασπερῶ
3403 3881 3624 3946 αὐτοὺς
3661 3883 3744 3934 ἐν

2144 3973 2273 4039 ταῖς
2303 3972 2538 4042 χώραις.
2566 3973 2724 4028 Ὅσοι
2750 3975 2794 4028 δ’
2822 3974 2887 4029 ἂν
2916 3973 3223 4043 διαφύγωσι
3252 3973 3351 4044 τὴν
3382 3975 3439 4027 ὲν
3466 3972 3543 4044 τῷ
3568 3975 3739 4026 πολέ-

2149 4080 2234 4134 μῳ
2263 4063 2496 4135 σφαγὴν,
2545 4063 2926 4135 αίχμαλώτους
2952 4065 3264 4136 ἀπαχθῆναι
3303 4066 3737 4137 παρασκευάσω,

2147 4155 2239 4209 καὶ
2268 4156 2552 4226 μετοίκους
2582 4157 2850 4226 ἀποφανῶ
2893 4158 2989 4211 καὶ
3021 4157 3315 4228 σποράδας,
3352 4158 3438 4210 ἵνα
3459 4157 3525 4214 δι’
3547 4159 3739 4212 αὐτῶν

2149 4246 2366 4316 μάθωσι
2391 4246 2499 4301 τῶν
2527 4249 2890 4319 πραγμάτων,
2909 4247 2985 4311 ὡς
3015 4247 3175 4317 κωφὰ
3195 4249 3294 4318 μὲν
3305 4247 3374 4300 τὰ
3389 4247 3599 4311 εἴδωλα,
3633 4250 3740 4302 καὶ

2145 4338 2430 4401 παντελῶς
2451 4337 2550 4408 μὲν
2564 4336 2608 4368 ³⁸
2629 4337 2857 4408 ἀδρανῆ,
2884 4336 2994 4406 ἐγὼ
3013 4337 3071 4390 δὲ
3094 4336 3297 4407 Κύριος
3318 4337 3410 4390 καὶ
3429 4337 3736 4406 Δεσπότης.

2219 4438 2315 4494 ις’.
2358 4428 2466 4483 Kal
2496 4427 2891 4497 ὑπολήψομαι
2917 4427 2987 4491 ἐξ
3016 4426 3218 4481 αὐτῶν
3251 4426 3474 4494 ἄνδρας
3505 4425 3741 4494 ἀριθμῷ

459 4530 524 4570 ex
546 4515 725 4586 gladio
747 4554 762 4579 ,
790 4521 840 4567 et
868 4527 934 4566 ex
965 4511 1105 4579 {ante
1125 4551 1139 4575 ,
1170 4520 1220 4564 et
1245 4525 1308 4563 ex
1335 4520 1501 4564 morte
1523 4550 1536 4570 .
1566 4519 1622 4563 ut
1647 4520 1896 4564 enarrent
1928 4528 2039 4564 om-

2154 4523 2212 4576 ὲκ
2249 4521 2575 4591 ῥομφαίας,
2626 4519 2727 4573 καὶ
2773 4519 2842 4573 ἐκ
2879 4519 3081 4588 λιμοῦ,
3118 4517 3218 4572 καὶ
3261 4519 3330 4572 ἐκ
3384 4518 3642 4572 θανάτου
3658 4517 3737 4585 ⁸⁸,

459 4624 550 4663 nes
579 4607 884 4675 iniquitates
915 4619 1040 4657 suas
1073 4604 1129 4656 in
1160 4601 1400 4672 gentibus
1419 4642 1434 4666 ,
1464 4617 1564 4671 quo
1606 4602 1826 4672 ingressi
1875 4613 2000 4656 sunt
2023 4642 2038 4667 ,

457 4707 510 4752 et
539 4704 857 4767 cognoscant
895 4711 978 4749 me
1013 4710 1126 4749 esse
1181 4692 1491 4746 Dominum.
1539 4691 1606 4746 Hi
1656 4702 1840 4747 autem
1893 4695 2037 4765 ipsi,

459 4789 673 4859 inquit,
697 4788 792 4858 qui
819 4787 1062 4857 reliquiae
1093 4795 1254 4841 erunt
1283 4783 1472 4847 famis,
1501 4792 1555 4839 et
1584 4785 1808 4848 mortis,
1841 4793 1895 4839 et
1925 4787 2042 4841 bel-

458 4881 578 4934 lica:
605 4882 804 4946 credis,
839 4888 1203 4936 accusatores
1237 4876 1475 4947 propriae
1510 4876 1813 4948 impietatis
1848 4887 1902 4932 et
1932 4879 2039 4932 ini-

458 4973 687 5039 quitalis
719 4980 916 5038 erunt,
949 4974 1218 5026 docentes
1249 4984 1345 5024 eas
1375 4977 1566 5038 gentes
1587 5008 1603 5035 ,
1636 4967 1691 5022 in
1718 4969 1920 5039 quibus
1946 4985 2040 5024 ca-

459 5059 597 5126 ptivi
627 5059 860 5128 degent,
899 5076 958 5116 se
988 5075 1183 5130 pmnas
1225 5075 1418 5115 eorum
1454 5057 1622 5124 dare,
1671 5075 1793 5128 qua:
1844 5060 1898 5113 in
1952 5076 2039 5116 me

457 5149 829 5218 deliquerunt.

2146 4611 2306 4675 ὅπως
2336 4609 2413 4663 ἂν
2437 4605 2823 4677 ἐκδιητῶνται
2858 4608 3063 4674 πάσας
3099 4607 3207 4674 τὰς
3249 4607 3500 4676 ἀνομίας
3531 4607 3740 4661 αὐτῶν

2147 4702 2216 4754 ἐν
2253 4700 2378 4763 τοῖς
2411 4701 2673 4767 ἔθνεσιν,
2716 4694 2787 4755 οὗ
2817 4699 3109 4769 εἰσῆλθον
3148 4699 3292 4764 ἐκεῖ,
3336 4699 3436 4752 καὶ
3463 4698 3738 4768 γνώσον-

2147 4805 2242 4842 ται
2276 4789 2365 4842 ὄτι
2405 4789 2519 4859 ἐγὼ
2551 4790 2786 4858 Κύριος.
2821 4790 2986 4844 Αὐτοὶ
3025 4791 3081 4844 δὲ
3110 4785 3277 4855 οὗτοι,
3314 4791 3499 4860 φησὶν,
3531 4791 3580 4843 οἳ
3615 4791 3736 4844 λεί-

2146 4876 2316 4946 ψανον
2361 4876 2574 4929 ἔσονται
2607 4877 2700 4930 τοῦ
2745 4877 2928 4948 λιμοῦ,
2973 4878 3070 4931 καὶ⁷
3105 4877 3198 4931 τοῦ
3229 4877 3478 4942 θανάτου,
3501 4877 3600 4930 καὶ
3628 4877 3733 4947 τῆς

2149 4967 2450 5039 πολεμικῆς
2470 4969 2707 5038 σφαγῆς,
2731 4971 3030 5040 κατήγοροι
3056 4973 3156 5040 τῆς
3181 4971 3386 5032 οἰκείας
3411 4969 3733 5033 δυσσεϐείας

2147 5061 2242 5115 καὶ
2283 5061 2382 5130 τῆς
2405 5061 2451 5094 ³⁸
2491 5061 2840 5133 παρανομίας
2885 5063 3237 5132 γενήσονται,
3284 5061 3627 5124 διδάσκοντες
3657 5062 3731 5114 τὰ

2145 5153 2272 5224 ἔθνη
2305 5147 2380 5207 ὧν
2406 5154 2512 5206 εἱσι
2543 5152 2808 5223 μέτοικοι,
2848 5152 2924 5217 ὡς
2962 5151 3118 5217 δίκας
3151 5152 3388 5207 τίνουσιν
3415 5145 3491 5207 ὧν
3518 5154 3597 5216 εἰς
3628 5153 3730 5223 ἐμὲ

2147 5248 2668 5320 πεπλημμελήκασι.

536 5351 584 5389 ui
609 5347 676 5403 1v
697 5348 829 5420 Reg.
856 5364 984 5416 xxv,
1016 5350 1048 5405 4
1073 5365 1224 5422 seqq.
1250 5370 1265 5420 ;
1294 5351 1494 5411 Jerem.
1522 5371 1714 5424 χχχιχ,
1743 5357 1777 5411 4
1805 5373 1974 5428 seqq;
2011 5377 2102 5427 LII,
2130 5363 2164 5416 4
2204 5379 2360 5435 seqq.

1781 5476 2016 5532 VARUE
2053 5479 2458 5538 LECTIONES.

529 5605 666 5686 εἰη,
705 5603 991 5686 ὀφθαλμῷ,
1031 5604 1182 5686 juxta
1223 5622 1334 5686 rec.
1376 5612 1505 5669 lect.

465 5696 505 5730 π
519 5676 672 5731 ,ιίδων
708 5677 972 5745 positum.
1051 5675 1185 5745 “ﬁn

1609 5615 1654 5647 ³⁸
1684 5617 1744 5694 έν
1770 5635 1818 5671 τ.
1862 5635 1988 5694 περ.
2031 5638 2152 5689 μου.
2192 5620 2353 5676 Hebr.
2397 5625 2451 5677 in
2508 5639 2710 5694 sagena
2755 5639 2897 5680 mea.

695 5681 980 5778 Ιᾩξοδίιίιξηλ
1014 5681 1658 5778 Ως²ηὲκκειῑξῇηηξξίέςιιιξ
1683 5689 1729 5778 ιλ
1762 5696 1821 5778 εξ
1848 5687 1920 5778 ΑΒ
1941 5681 2114 5778 ’Ῑιιξιη
2154 5694 2305 5748 Alex.
2329 5733 2344 5755 ,
2383 5695 2477 5750 sed
2500 5681 2765 5778 _prva_estat‘
2803 5693 2999 5778 lectio“
3014 5694 3140 5752 cod.
3172 5681 3374 5768 ,γεὶίοί
3408 5681 3726 5753 ἐκκενώσω.

532 5746 663 5814 εἰμί.
695 5743 816 5803 Des.
851 5745 905 5801 in
944 5745 989 5798 A
1014 5753 1067 5800 et
1092 5743 1150 5801 Β.
1190 5743 1273 5781 ’τι
1295 5751 1416 5822 μέν.
1435 5743 1578 5809 'Des.
1605 5755 1662 5812 in
1690 5754 1749 5813 Β.
1777 5757 1821 5791 ³⁵
1848 5743 1974 5816 Dav:
2010 5743 2396 5834 Hebrvfpesle;

3007 5623 3121 5710 “fl?
3153 5624 3555 5710 πειτιετάμξνοςο
3590 5632 3728 5710 ροει

2499 5763 2543 5797 ³⁸
2565 5763 2687 5834 τῆς.
2726 5764 2850 5823 Des.
2876 5763 2932 5823 in
2959 5762 3022 5824 Β.
