4034 6418
243 401 342 468 909

1358 409 1440 469 IN
1475 408 1918 472 EZECHIELIS
1939 412 2098 474 CAP.
2124 415 2262 477 XII.

3370 419 3485 486 910

304 516 386 582 ιζ’,
427 523 514 586 ιη’.
575 515 680 570 Καὶ
718 517 954 588 ἐγένετο
1005 519 1186 590 λόγος
1239 521 1470 590 Κυρίου,
1513 524 1665 590 πρός
1701 541 1777 594 με

1982 525 2145 582 Vens.
2191 527 2280 588 ΓΙ,
2325 524 2410 580 18.
2460 525 2526 580 Et
2565 526 2768 595 factum
2807 537 2886 581 est
2924 527 3136 583 verbum
3172 529 3386 584 Domini
3419 533 3489 586 ad

237 609 416 680 λέγων
433 625 446 638 ·
486 607 580 662 Υἱὲ
599 608 936 678 ἀνθρώπου,
955 611 1064 663 τὸν
1078 611 1261 680 ἄρτον
1285 627 1402 666 σου
1426 615 1554 681 μετ’
1577 615 1777 682 ὀδύνης

1904 632 1983 670 tne
2002 660 2016 682 ,
2053 617 2229 671 dicens
2255 631 2274 670 .'
2306 613 2420 670 Fili
2449 616 2680 671 hominis
2704 658 2718 682 ,
2751 634 2940 687 partem
2973 626 3123 671 tuum
3153 635 3271 672 cum
3307 620 3491 676 dolore

239 699 385 771 φαγῇ
400 700 466 764 ³’,
501 699 598 754 καί
623 701 689 753 τὸ
726 699 884 770 ὕδωρ
913 716 1030 755 σου
1052 701 1202 772 μετὰ
1228 702 1513 768 βασάνου
1542 705 1639 758 καὶ
1670 708 1777 762 θλί⁴

1901 708 2138 763 comedes
2161 748 2177 773 ,
2210 719 2260 763 et
2309 725 2502 778 aquam
2537 719 2685 763 tuam
2727 726 2847 762 cum
2879 718 3140 764 tormento
3173 721 3223 765 et
3263 712 3490 766 tribulao

240 798 383 864 ῄσως
425 791 564 846 πιεῖ.
613 791 724 846 Καὶ
753 790 912 846 τοῦτο
946 794 1109 848 πάλιν
1150 797 1378 866 σημεῖον
1402 795 1497 848 τοῦ
1531 796 1675 851 κατὰ
1697 800 1797 870 τὴν

239 885 540 954 πολιορκίαν
563 885 930 955 γενησομένου
961 886 1146 957 λιμοῦ.

300 975 378 1040 ιθ¹,
409 981 476 1029 κ’.
517 975 625 1030 Kal
654 975 810 1045 ἐρεῖς
838 976 990 1045 πρὸς
1015 978 1123 1031 τὸν
1142 978 1300 1032 λαὸν
1329 977 1437 1048 τῆς
1461 979 1575 1050 γῆς
1601 997 1615 1010 ο
1652 981 1796 1035 Τάδε

239 1067 378 1136 λέγει
405 1065 644 1120 Ἁδωναῒ
677 1067 892 1134 Κύριος
924 1067 1048 1134 τοῖς
1085 1069 1473 1124 κατοικοῦσιν
1502 1071 1795 1138 Ἰερουσα-

237 1159 344 1228 λὴμ
365 1157 457 1211 καὶ
474 1157 519 1189 ³⁸
545 1156 644 1211 ἐπὶ
666 1157 777 1226 τῆς
804 1157 916 1228 γῆς
940 1159 1047 1214 τοῦ
1082 1159 1318 1229 Ἰσραήλ
1339 1178 1351 1191 ο
1393 1162 1542 1226 Τοὺς
1576 1163 1795 1232 ἄρτους

235 1249 409 1304 αὐτῶν
430 1249 558 1317 μετ’
600 1248 836 1316 ἐνδείας
876 1249 1187 1319 φάγονται,
1230 1251 1424 1305 καὶτὸ
1480 1252 1636 1321 ὕδωρ
1682 1257 1791 1309 αὑο

235 1337 388 1392 τῶν³⁹
406 1338 532 1405 μετ’
555 1338 901 1409 ἀφανισμοῦ
923 1339 969 1372 ⁴⁰
1005 1340 1262 1404 aderrat,
1296 1343 1456 1408 ὅπως
1483 1343 1793 1413 ἀφανισθῇ

233 1431 265 1497 ἠ
299 1427 368 1498 γῆ
405 1428 528 1481 σὺν
557 1427 907 1498 πληρώματι
933 1429 1146 1499 αὐτῆς,
1184 1431 1256 1484 ἐν
1279 1432 1524 1501 ἀσεϐείᾳ
1549 1433 1792 1488 πάντων

231 1517 331 1571 τῶν
365 1520 803 1574 κατοικούντων
835 1521 906 1575 ἐν
938 1521 1092 1591 αὐτῇ
1107 1522 1174 1576 ⁵⁸.
1217 1523 1324 1576 Καὶ
1356 1527 1416 1578 αι
1453 1526 1662 1591 πόλεις
1684 1529 1790 1580 αὐ-

230 1609 329 1664 τῶν
345 1613 398 1664 αἱ
423 1612 884 1681 κατοικούμεναι
910 1611 1493 1682 ἐξερημωθήσονται,
1523 1613 1619 1667 καί
1650 1614 1687 1681 ἠ
1711 1613 1788 1684 γῆ

229 1703 299 1767 εις
339 1701 686 1772 ἀφανισμὸν
729 1702 924 1769 ἔσται,
967 1703 1067 1757 καὶ
1109 1704 1518 1772 ἐπιγνώσεσθε
1555 1704 1644 1759 ὅτι
1672 1706 1789 1776 ἐγὼ

225 1793 436 1861 Κύριος.
490 1793 715 1865 Ἐπειδὴ
762 1793 872 1866 γὰρ
918 1795 1285 1859 ἀπολαύοντες
1320 1794 1429 1849 τῶν
1473 1797 1606 1866 παρ’
1649 1793 1784 1866 ἐμοῦ

1901 799 2042 853 tione
2074 798 2234 854 bibes.
2271 798 2337 852 Et
2370 799 2477 854 hoc
2513 815 2714 856 rursus
2769 805 2788 822 ‘
2839 801 3060 872 signum
3101 800 3266 857 famis
3304 803 3484 868 illius,

1899 903 2023 958 quae
2050 889 2106 943 in
2139 889 2436 946 obsidione
2464 893 2535 945 sit
2566 889 2776 945 futura.

1971 978 2139 1034 Vens.
2180 981 2280 1045 19,
2316 981 2410 1036 20.
2451 980 2520 1034 Et
2552 981 2695 1036 dices
2738 982 2808 1035 ad
2842 982 3094 1051 populum
3121 991 3318 1037 terrae:
3350 986 3482 1038 Hac

1896 1070 2026 1125 dicit
2075 1072 2289 1128 Adonai
2331 1075 2590 1128 Dominus
2618 1073 2980 1128 habitantibus
3009 1075 3399 1145 Hierosolymis
3429 1083 3481 1130 et

1895 1165 1949 1218 in
1976 1171 2117 1219 terra
2143 1163 2403 1219 Israelis:
2433 1164 2610 1220 Panes
2636 1180 2760 1219 suos
2790 1165 2846 1218 in
2871 1174 3098 1234 egestate
3124 1165 3284 1236 755
3311 1182 3481 1220 come-

1893 1253 2053 1320 dent,
2083 1264 2133 1309 et
2165 1272 2360 1327 aquam
2389 1273 2544 1310 suam
2590 1272 2710 1309 cum
2754 1255 3110 1309 deletionibus
3159 1255 3366 1322 bibent,
3421 1265 3480 1310 ut

1892 1343 2134 1400 deleatur
2163 1355 2306 1401 terra
2334 1364 2454 1401 cum
2480 1345 2806 1416 plenitudine
2838 1347 2954 1416 ejus
2982 1347 3036 1400 in
3066 1347 3336 1414 impietate
3367 1364 3482 1402 om-

1893 1433 2039 1486 nium
2075 1433 2432 1489 habitantium
2459 1437 2513 1490 in
2541 1453 2624 1490 ea.
2666 1434 2736 1488 Et
2766 1435 2923 1490 urbes
2955 1435 3195 1504 ipsorum
3221 1434 3480 1490 habitata:

1891 1522 2296 1592 desolabuntur,
2329 1536 2380 1580 et
2414 1536 2560 1580 terra
2594 1528 2650 1580 in
2676 1525 3062 1580 desolationem
3105 1527 3210 1580 erit
3237 1541 3255 1580 :
3293 1537 3344 1582 et
3389 1544 3480 1582 co-

1889 1595 2153 1680 gnoscetis
2188 1629 2267 1667 me
2293 1630 2404 1668 esse
2436 1613 2744 1669 Dominum.
2772 1615 2912 1670 Cum
2944 1615 3092 1669 enim
3123 1615 3376 1674 fruentes
3404 1619 3477 1673 iis

1892 1701 2053 1758 bonis
2074 1742 2089 1767 ,
2128 1719 2250 1773 quae
2283 1719 2313 1758 a
2344 1719 2432 1759 me
2461 1704 2754 1774 accepisti,
2789 1713 2846 1760 et
2881 1704 3165 1759 fructibus
3195 1713 3358 1762 terra
3381 1706 3479 1762 de-

1889 1794 2055 1850 licate
2085 1804 2372 1852 vescentes
2417 1796 2810 1867 ignoraveritis
2846 1797 3168 1868 largitorem
3194 1838 3211 1864 ,
3242 1809 3300 1854 et
3332 1814 3468 1870 erga

224 1883 437 1951 ἀγαθῶν,
485 1885 586 1938 καὶ
628 1887 742 1950 τοῖς
786 1886 896 1939 ἀπὸ
947 1887 1050 1957 γῆς
1100 1885 1480 1955 ἐντρυφῶντες
1523 1891 1777 1959 καρποῖς,

1889 1901 2014 1942 eum
2043 1887 2139 1957 qui
2175 1887 2314 1943 bene
2343 1888 2413 1944 de
2447 1866 2604 1944 vobis
2639 1888 2872 1947 meritus
2902 1866 3016 1952 est,
3055 1888 3261 1959 ingrati
3295 1866 3466 1944 faeni-

222 1978 440 2044 ὴγνοεῖτε
469 1976 567 2030 τὸν
593 1975 816 2048 δοτῆρα,
859 1977 953 2031 καὶ
994 1976 1312 2047 ἀγνώμονες
1347 1978 1476 2049 περὶ
1502 1978 1595 2032 τὸν
1619 1980 1781 2051 εὐερ-

220 2067 363 2137 γέτην
404 2067 682 2137 ἐγένεσθε,
736 2070 794 2122 ὲν
830 2071 896 2138 τῇ
928 2069 1181 2139 στερήσει
1212 2067 1320 2120 τῶν
1344 2068 1565 2137 ἀγαθῶν
1589 2071 1683 2122 καὶ
1711 2072 1778 2142 τῇ

217 2157 308 2210 τῶν
335 2157 539 2212 πόλεων
574 2159 781 2229 ἐρημίᾳ
809 2158 908 2229 τὴν
935 2159 1076 2229 ἐμὴν
1105 2158 1412 2229 μαθήσεσθε
1434 2158 1777 2214 δεσποτείαν.

217 2248 380 2303 Ταῦτα
421 2250 476 2303 δὲ
527 2253 649 2314 τοῖς
707 2253 766 2304 ὲν
829 2249 1226 2321 Ἱεροσολύμοις
1280 2251 1689 2321 προηγόρευσεν
1749 2251 1779 2303 6

216 2342 477 2413 προφήτης
524 2343 590 2395 ὲν
637 2343 704 2413 τῇ
752 2341 1100 2412 αἰχμαλωσίᾳ
1149 2341 1457 2411 τυγχάνων,
1502 2341 1597 2394 τοῦ
1640 2340 1778 2395 Θεοῦ

215 2433 544 2502 βουλομένου,
579 2434 829 2497 καὶτοὺς
876 2433 980 2504 ἤδη
1027 2432 1354 2503 γενομένους
1398 2432 1779 2503 αἰχμαλώτους

212 2524 564 2594 ψυχαγωγεῖν,
602 2526 686 2578 ὅτι
724 2526 786 2578 ού
815 2525 966 2596 μόνοι
995 2523 1217 2578 τοιαῦτα
1258 2523 1610 2589 πεπόνθασιν,
1641 2524 1778 2579 ἀλλὰ

213 2617 292 2670 καὶ
324 2616 445 2681 τοὺς
489 2617 691 2681 ἄλλους
734 2618 998 2688 σχήσουσι
1027 2615 1318 2680 κοινωνούς
1341 2633 1353 2647 ·
1405 2616 1500 2670 καὶ
1540 2619 1666 2680 τοὺς
1698 2617 1777 2671 ἔτι

211 2707 294 2778 τὴν
341 2708 702 2780 Ἰερουσαλὴμ
743 2707 1044 2773 οἰκοῦντας,
1086 2707 1236 2778 φόϐῳ
1284 2706 1383 2778 τῆς
1432 2706 1542 2761 τῶν
1591 2707 1778 2760 κακῶν

210 2802 553 2872 προφητείας,
591 2803 778 2854 πεῖσαι
810 2799 981 2854 θέλων
1013 2798 1328 2852 παύσασθαι
1360 2798 1462 2867 τῆς
1489 2800 1775 2870 πονηρίας.

210 2893 335 2963 Πρὸς
371 2893 428 2946 δὲ
475 2892 717 2959 τούτοις,
750 2890 937 2962 ἐπειδὴ
971 2892 1084 2954 τοῖς
1121 2888 1215 2942 τοῦ
1250 2888 1397 2943 θείου
1433 2889 1698 2962 Ἱερεμίου
1727 2891 1779 2944 οἱ

207 2981 291 3052 τὴν
338 2981 702 3053 Ἰερουσαλὴμ
754 2979 1032 3044 οἰκοῦντες
1085 2979 1372 3047 ἀντέλεγον
1423 2977 1638 3048 λόγοις,
1683 2980 1779 3034 καὶ

207 3073 302 3136 τοῖς
322 3071 409 3126 τοῦ
434 3072 732 3127 θεσπεσίου
771 3070 1030 3140 ’Ῑεζεκιὴλ
1055 3069 1258 3139 ὁμοίως
1284 3071 1334 3122 οἱ
1359 3073 1418 3123 ὲν
1440 3073 1506 3140 τῇ
1534 3069 1778 3142 Χαλδαία

1884 1977 1987 2041 tis,
2019 1976 2139 2048 ipsa
2176 1978 2494 2048 privatione
2521 1978 2797 2034 bonorum
2821 2020 2837 2045 ,
2872 1987 2928 2035 et
2959 1980 3180 2034 urbium
3215 1980 3472 2036 solitudi-

1881 2083 1988 2134 ne,
2024 2083 2203 2126 meam
2246 2070 2683 2127 dominationem
2717 2071 3062 2143 intelligetis.
3092 2071 3220 2128 Haec
3263 2072 3332 2129 iis
3373 2071 3473 2142 qui

1883 2161 1938 2216 in
1962 2160 2360 2232 Hierosolymis
2379 2169 2538 2217 erant
2562 2162 2821 2234 pradixit
2849 2163 3142 2234 propheta,
3169 2179 3295 2220 cum
3325 2163 3474 2220 inter

1879 2253 2128 2324 captivos
2169 2261 2512 2319 versaretur,
2544 2260 2600 2310 et
2638 2270 2737 2311 eos
2774 2255 2869 2325 qui
2894 2254 3016 2325 'jam
3059 2255 3206 2326 capti
3249 2254 3473 2311 fuerant

1882 2345 2161 2400 consolari
2203 2343 2350 2401 Deus
2388 2339 2585 2413 vellet,
2628 2345 2775 2416 quod
2814 2360 2924 2401 non
2965 2345 3069 2402 soli
3109 2361 3172 2402 ea
3211 2348 3466 2418 perpessi

1881 2445 2098 2502 essent,
2127 2437 2223 2492 sed
2253 2437 2418 2492 etiam
2452 2436 2594 2492 alios
2627 2435 2872 2492 habituri
2901 2444 3095 2492 essent
3124 2435 3426 2508 participes
3450 2454 3468 2494 :

1879 2535 1937 2581 et
1971 2541 2096 2580 cum
2131 2543 2228 2582 eos
2261 2527 2356 2598 qui
2395 2527 2448 2582 in
2485 2526 2872 2598 Hierosolyma
2917 2527 3281 2595 habitabant,
3317 2536 3469 2584 metu

1880 2617 2150 2672 malorum
2198 2633 2321 2688 quae
2361 2619 2650 2689 prophetia
2686 2618 3052 2689 praedicaret,
3094 2619 3164 2675 ab
3201 2618 3470 2690 improbi-

1880 2713 1993 2760 tate
2043 2707 2296 2762 studeret
2349 2708 2646 2764 abducere.
2681 2708 2767 2762 Ad
2809 2709 2948 2772 haec,
2990 2709 3120 2777 quia
3161 2708 3199 2762 ii
3240 2708 3335 2778 qui
3378 2709 3468 2763 in-

1880 2797 2140 2852 colebant
2176 2798 2620 2871 Hierosolymam
2643 2839 2660 2864 ,
2685 2799 2860 2854 divini
2889 2797 3144 2855 Ieremia:
3175 2800 3361 2856 verbis
3387 2815 3472 2854 re-

1881 2888 2234 2957 pugnabant,
2292 2897 2350 2944 et
2416 2889 2768 2946 admirabilis
2817 2888 3128 2945 Ezechielis
3180 2889 3372 2945 itidem
3428 2890 3468 2944 ii

1880 2975 1973 3045 qui
2005 2980 2063 3032 in
2094 2977 2480 3034 Chaldaeorum
2518 2979 2746 3049 regione
2773 2979 3048 3050 degebant
3076 3018 3092 3044 ,
3127 2981 3469 3037 convenien-

1881 3076 1967 3124 ter
2020 3070 2162 3126 alter
2216 3072 2451 3126 alterius
2504 3071 2652 3126 diCta
2710 3072 3039 3137 confirmat,
3091 3080 3466 3128 consentanea

206 3163 480 3231 διάγοντες,
511 3163 838 3232 ἀναγκαίως
877 3161 947 3216 τὰ
974 3161 1040 3215 δι’
1067 3161 1311 3233 ἀλλήλων
1339 3161 1616 3232 βεϐαιοῦσι
1647 3161 1777 3233 σύμ-

1882 3159 2284 3229 prtedicentes,
2316 3169 2372 3216 et
2405 3162 2522 3232 ipsa
2558 3162 2860 3216 concordia
2911 3161 3100 3216 divina
3133 3163 3300 3218 verba
3340 3179 3467 3220 esse

208 3270 340 3320 φωνα
373 3251 840 3324 προφητεύοντες,
886 3252 979 3305 καὶ
1008 3251 1098 3304 διὰ
1126 3253 1224 3320 τῆς
1251 3251 1573 3320 συμφωνίας
1598 3251 1776 3315 θείους

205 3345 545 3413 ἀποφαίνουσι
579 3345 706 3407 τοὺς
736 3343 948 3410 λόγους.
981 3342 1044 3394 ΕΞ
1082 3341 1182 3411 μὶν
1207 3341 1316 3413 γὰρ
1349 3341 1574 3412 πλησίον
1597 3341 1776 3411 ᾤκουν

205 3437 446 3510 ἀλλήλων,
489 3438 626 3507 ἔσχε
648 3439 694 3468 ⁵¹
736 3434 867 3503 γοῦν
913 3435 1098 3505 χώραν
1129 3435 1270 3487 κατὰ
1314 3433 1414 3504 τῆς
1460 3435 1567 3486 τῶν
1601 3433 1776 3501 λόγων

205 3529 500 3598 συμφωνίας
560 3531 593 3598 ὴ
637 3525 878 3595 ὑποψία·
938 3525 1126 3596 ἐπειδὴ
1159 3525 1216 3577 δὲ
1255 3525 1470 3588 πολλοῖς
1514 3523 1775 3595 σταθμοῖς

202 3619 424 3691 ἀλλήλων
451 3617 840 3690 διείργοντοη,
875 3616 968 3670 καὶ
994 3615 1167 3669 ταυτὰ
1198 3617 1590 3687 προηγόρευον,
1615 3617 1776 3685 ἀναγ-

202 3711 352 3776 καίως
394 3710 516 3766 θεῖα
571 3709 846 3763 δείκνυται
889 3708 959 3762 τὰ
1007 3708 1296 3780 λεγόμενα.
1352 3708 1556 3762 Τούτου
1589 3710 1770 3780 χάριν,

210 3800 462 3874 Ἱερεμίας
502 3801 610 3873 μὲν
643 3803 755 3863 τοῖς
785 3801 844 3853 ὲν
879 3803 945 3871 τῇ
977 3799 1222 3872 Χαλδαίᾳ
1255 3800 1581 3864 ἐπιστέλλει,
1623 3801 1774 3865 Ἰεζε-

199 3893 311 3963 κιὴλ
349 3895 407 3947 δὲ
443 3896 564 3957 τοῖς
603 3893 660 3945 ὲν
683 3895 752 3962 τῇ
792 3891 1042 3962 Ἰουδαίᾳ,
1069 3891 1162 3944 τοῦ
1199 3891 1336 3945 Θεοῦ
1366 3891 1475 3945 τῶν
1500 3892 1638 3945 ὅλων
1678 3893 1774 3946 καὶ

197 3986 388 4052 τούτοις
438 3985 722 4048 κάκείνοις
767 3983 1036 4056 ὠφελείας
1082 3983 1263 4038 πάντα
1307 3983 1475 4054 πόρον
1518 3999 1773 4054 μηχανω-

201 4079 368 4149 μένου.

257 4179 355 4236 xa',
385 4172 488 4243 κβ’.
546 4170 656 4226 Kal
694 4169 930 4240 ἐγένετο
974 4168 1158 4238 λόγος
1200 4167 1423 4236 Κυρίου
1468 4167 1617 4236 πρός
1669 4183 1766 4237 με,

195 4265 402 4336 λέγων’
458 4265 564 4320 Υἱὲ
602 4261 938 4331 ἀνθρώπου,
979 4263 1071 4327 τίς
1094 4261 1138 4292 ⁵⁵
1180 4261 1218 4328 -ή
1249 4257 1561 4327 παραϐολὴ
1616 4259 1768 4322 αὕτη

193 4356 280 4410 ἐπὶ
307 4357 412 4425 τῆς
437 4357 559 4426 γῆς
582 4355 688 4408 τοῦ
726 4353 971 4421 Ἰσραὴλ
997 4353 1331 4420 λεγόντων⁹
1367 4350 1618 4417 Μακρὰν
1637 4349 1682 4382 ⁸⁸
1711 4353 1770 4404 αἱ

191 4448 408 4516 ἡμέραι,
441 4447 730 4503 ἀπόλωλε
756 4441 924 4498 πᾶσα
951 4441 1194 4510 ὄρασις;
1236 4440 1300 4493 Τί
1328 4440 1545 4510 δήποτε,
1583 4439 1766 4509 φησὶν,

1881 3252 2206 3308 ostendunt.
2236 3251 2372 3306 Nam
2408 3255 2456 3308 si
2491 3268 2666 3324 prope
2698 3253 2845 3310 inter
2877 3269 2937 3311 se
2969 3255 3352 3322 habitasscnt,
3382 3257 3466 3312 lo-

1878 3356 2003 3396 cum
2035 3342 2198 3396 facile
2225 3343 2512 3400 habuisset
2536 3353 2731 3398 contra
2757 3359 3076 3399 sermonum
3102 3346 3461 3402 concordiam

1877 3434 2166 3504 suspicio:
2200 3436 2335 3505 quia
2383 3451 2514 3491 vero
2549 3436 2738 3491 multis
2766 3436 2988 3491 stativis
3018 3435 3324 3501 distantes,
3369 3453 3464 3494 ea.

1875 3525 1998 3579 dem
2031 3527 2406 3596 praedicebant
2427 3566 2442 3590 ,
2472 3527 2672 3582 merito
2702 3527 2894 3580 divina
2947 3541 3073 3582 esse
3103 3542 3227 3596 quas
3269 3528 3463 3583 dicunt

1873 3617 2270 3673 ostenduntur.
2329 3618 2445 3675 Hac
2502 3619 2572 3673 de
2623 3633 2792 3675 causa
2841 3617 3112 3675 Jeremias
3163 3620 3461 3690 epistolam

1875 3707 2067 3762 scribit
2087 3708 2156 3763 iis
2180 3709 2273 3777 qui
2308 3708 2362 3762 in
2391 3707 2648 3763 Chaldaea
2671 3715 2830 3764 erant
2850 3749 2867 3774 ,
2895 3708 3148 3765 Ezechiel
3178 3709 3248 3766 iis
3277 3709 3371 3781 qui
3404 3709 3462 3765 in

1872 3796 2100 3861 Iudaea,
2153 3797 2264 3854 Deo
2302 3800 2550 3852 omnium
2593 3813 2781 3854 rerum
2821 3809 3051 3857 auctore
3077 3809 3134 3857 et
3166 3800 3236 3858 iis
3263 3813 3321 3856 et
3351 3801 3462 3856 illis

1871 3890 2062 3946 omnia
2096 3890 2166 3945 ad
2203 3891 2499 3947 utilitatem
2535 3890 2886 3962 providente.

1943 4161 2108 4233 756
2147 4160 2318 4218 Vens.
2358 4163 2420 4217 2i
2449 4203 2464 4228 ,
2505 4164 2596 4218 22.
2640 4163 2711 4217 Et
2749 4164 2953 4232 factum
2990 4175 3068 4220 est
3099 4167 3311 4222 uerbum
3349 4169 3460 4224 Do.-

1870 4255 2002 4307 mitti
2028 4255 2096 4307 ad
2130 4271 2244 4319 me,
2291 4253 2515 4311 dicens:
2553 4254 2666 4308 Fili
2697 4255 2964 4321 hominis,
2994 4273 3111 4328 qua:
3150 4258 3295 4314 vobis
3346 4261 3458 4316 luet:

1869 4348 2128 4416 parabola
2159 4347 2215 4399 in
2255 4356 2399 4400 terra
2443 4346 2666 4402 fsraelis
2689 4387 2704 4412 ,
2734 4347 3027 4402 dicentibus
3057 4365 3076 4403 :
3107 4348 3308 4405 Procul
3333 4361 3457 4407 sunt

1870 4443 1981 4495 dies
1999 4480 2014 4503 ,
2041 4441 2194 4507 periit
2221 4442 2391 4494 omnis
2421 4441 2552 4494 visio
2577 4442 2603 4495 .’
2626 4439 2740 4494 Cur
2760 4479 2774 4505 ,
2813 4441 2995 4512 inquit
3018 4481 3032 4505 ,
3066 4441 3310 4500 Judteam
3373 4446 3458 4501 in-

191 4541 234 4591 οἱ
259 4542 352 4612 τὴν
397 4539 667 4592 Ἰουδαίαν
704 4535 980 4598 οἰκοῦντες
1013 4535 1195 4600 λέγειν
1235 4530 1459 4586 εἰώθασι
1489 4534 1602 4596 τοῖς
1629 4549 1766 4602 προ-

1882 4531 2118 4586 colentes
2153 4531 2342 4585 dicere
2377 4537 2788 4585 consueverunt
2820 4531 3142 4601 prophetis:
3171 4531 3303 4599 Qua
3331 4545 3457 4605 post

191 4633 396 4701 φήταις,
443 4633 530 4686 ὅτι
567 4629 650 4683 Τὰ
689 4627 829 4698 μετὰ
873 4627 1040 4680 πολὺν
1081 4623 1219 4678 ἐτῶν
1252 4624 1484 4694 ἀριθμὸν
1531 4622 1766 4690 ἐσόμενα

190 4721 609 4792 προαγορεύετε,
639 4717 836 4788 ψεῦδος
872 4713 1272 4786 ἀναμιγνύντες
1298 4715 1410 4775 τοῖς
1444 4711 1644 4782 λόγοις,
1675 4712 1766 4766 καὶ

189 4813 326 4867 οὐδὲν
354 4813 564 4885 ἀληθὲς
591 4808 1046 4881 προθεσπίζοντες
1076 4823 1090 4870 ;

249 4912 351 4972 κγ’.
391 4904 496 4958 Διὰ
548 4901 724 4956 τοῦτο
760 4897 890 4954 sine
925 4897 1075 4968 πρὸς
1114 4897 1369 4963 αὐτούς·
1410 4895 1557 4950 Τάδε
1603 4896 1766 4960 λέγει

198 4993 427 5051 Ἆδωναῒ
449 4997 667 5064 Κύριος
691 5009 704 5023 ⁸
740 4991 846 5047 Καὶ
872 4991 1235 5059 ἀποστρέψω
1264 4988 1379 5057 τὴν
1409 4989 1762 5057 παραϐολὴν

187 5090 420 5158 ταύτην,
447 5089 549 5142 καὶ
575 5088 687 5142 οὐκ
715 5085 802 5138 ἔτι
826 5087 898 5138 οὐ
921 5083 1007 5154 μὴ
1031 5083 1244 5137 εἴπωσι
1268 5081 1382 5149 τὴν
1405 5079 1762 5149 παραϐολὴν

185 5183 400 5250 ταύτην
430 5184 463 5236 ό
499 5175 663 5243 οἶκος
694 5177 800 5232 τοῦ
845 5175 1114 5244 Ἰσραὴλ,
1160 5173 1248 5226 ὅτι
1285 5171 1586 5240 λαλήσεις
1612 5171 1763 5240 πρὸς

185 5273 414 5340 αὐτοὺς,
438 5273 635 5340 λέγων
654 5288 665 5299 ·
705 5271 1048 5340 Ἠγγίκασιν
1069 5269 1127 5320 αἱ
1150 5263 1359 5334 ἡμέραι
1383 5264 1480 5317 καὶ
1503 5267 1535 5316 ό
1561 5265 1764 5332 καιρὸς

181 5361 379 5432 ⁴τιιὶσης
433 5362 723 5432 ὁράσεως.
797 5359 1016 5430 Ἐπειδὴ
1064 5359 1172 5428 γὰρ
1225 5357 1325 5426 τὴν
1379 5355 1766 5427 μακροθυμίαν

1874 4624 2112 4682 multum
2143 4637 2416 4677 annorum
2455 4637 2752 4676 numerum
2787 4621 2974 4677 futura
3011 4623 3160 4687 sint,
3194 4624 3451 4693 predici—

1874 4718 1943 4772 tis
1969 4754 1986 4780 ,
2028 4715 2318 4769 mendacia
2361 4714 2546 4770 verbis
2587 4713 3001 4782 admiscentes,
3042 4715 3298 4786 nihilque
3335 4718 3452 4772 veri

1871 4807 2303 4878 prmtiuntiautes
2326 4805 2350 4858 ?

1948 4898 2115 4953 Vens.
2156 4899 2248 4951 25.
2293 4897 2579 4965 Propterea
2607 4896 2692 4950 die
2711 4897 2781 4950 ad
2808 4913 2898 4951 eos
2936 4913 2954 4950 :
2994 4895 3121 4952 "ore
3150 4899 3283 4953 dicit
3311 4899 3456 4955 Ado-

1873 4994 1964 5047 nai
2002 4992 2299 5046 Dominus:
2341 4989 2409 5042 Et
2451 5001 2684 5045 avertam
2723 4989 3225 5060 parabolamJtanc,
3261 5003 3311 5046 et
3349 5010 3454 5046 non

1870 5081 2098 5151 amplius
2149 5081 2324 5133 dicent
2379 5079 2691 5145 parabolam
2737 5080 2898 5133 istam
2957 5079 3148 5134 domus
3192 5079 3451 5145 lsraelis,

1871 5175 1993 5244 quia
2017 5173 2240 5243 loqueris
2263 5170 2332 5242 ad
2355 5188 2442 5225 eos
2465 5171 2642 5224 dicens
2669 5187 2688 5224 :
2715 5172 3282 5242 Appropinquaverunt
3301 5178 3317 5194 °
3339 5175 3454 5228 dies

1868 5273 1919 5318 et
1955 5273 2154 5332 tempus
2195 5265 2367 5315 omnis
2406 5263 2643 5317 uisionis.
2685 5261 2918 5329 Quando
2945 5264 3094 5318 enim
3129 5265 3453 5320 diuturnam

1874 5356 2158 5412 lenitatem
2193 5353 2541 5408 mendacium
2575 5363 2816 5422 vocant,
2843 5355 3212 5424 adducantur,
3245 5365 3303 5412 ut
3333 5371 3455 5411 cre-

1468 5512 1699 5568 γΑῐιιιΕ
1739 5511 2142 5569 LECTIONES.

253 5636 296 5669 ³⁷
323 5635 458 5692 Rev.
483 5637 608 5694 lect.
633 5643 720 5693 est
747 5633 1006 5704 φάγεσαι.
1034 5638 1089 5686 et
1108 5629 1309 5704 deinde
1357 5629 1564 5704 πίεσαι.
1643 5627 1686 5704 ξε
1708 5629 1821 5704 καί.
1864 5629 1987 5704 Qes.
2033 5629 2088 5704 in
2125 5628 2170 5681 Α
2211 5633 2271 5704 ει
2300 5625 2359 5678 Β.
2381 5695 2393 5704 _
2435 5625 2482 5704 ξ’
2503 5624 2602 5704 Ed.
2628 5627 2780 5704 prior
2816 5628 2943 5704 hab.
2979 5627 3165 5682 αὐτοῦ.
3198 5700 3210 5704 _
3255 5627 3300 5660 ⁸ο
3327 5626 3447 5704 μετ’

187 5706 346 5775 ἁφαν.
394 5707 557 5766 Hebr.
605 5724 729 5762 cum
764 5716 1010 5775 stupore.

1109 5701 1148 5732 ⁵⁸
1185 5717 1246 5752 π.
1272 5717 1322 5754 τ.
1356 5717 1477 5752 κατ.
1512 5701 1570 5751 ὲν
1599 5699 1720 5751 αύτ.
1760 5699 1836 5752 Ita
1876 5699 2086 5768 Compl.
2117 5707 2169 5752 et
2211 5697 2268 5756 Β.
2303 5695 2394 5751 sed
2422 5697 2462 5768 Α
2502 5696 2611 5765 γὰρ
2634 5695 2841 5768 πάντες
2875 5700 2922 5752 oi
2953 5715 3164 5752 κατοικ.
3195 5700 3252 5768 ἐν
3283 5695 3444 5766 αὐτῇ,

186 5767 334 5844 ῇιίιιιι
389 5793 506 5833 rec.
556 5781 682 5834 lect.
762 5775 806 5806 δ’
837 5767 875 5827 Β
919 5773 1075 5841 ἔσχεν
1123 5770 1241 5844 ἄν.Δ
1277 5771 1409 5844 δξ-Β..
1450 5769 1798 5844 διείργονται.
1880 5768 1923 5800 ⁸⁵
1950 5767 2360 5834 1l3.l)ccratin
2402 5767 2465 5822 ed
2519 5772 2708 5837 priori.
2747 5767 2786 5820 Β
2816 5771 2899 5831 τίς
2971 5768 3118 5838 ὑμῖν.
3195 5767 3239 5800 ⁸³
3271 5783 3443 5840 μακρ.

199 5844 274 5900 Ita
299 5845 344 5901 Α
373 5855 428 5905 et
461 5847 504 5902 Β
527 5849 682 5922 juxta
715 5845 872 5903 Alex.
912 5839 1261 5915 Alfpaxpal.
1298 5839 1461 5896 Hebr.
1496 5839 1901 5911 protrahentur.
