4034 6472
268 376 382 442 913

1437 375 1547 439 IN‘
1574 378 2023 443 EZECHIELIS
2044 367 2254 443 “CAP?
2272 369 2443 443 X111.

3429 371 3535 437 914

268 488 536 561 ἐρειπίοις
562 488 613 540 oi
641 486 919 558 προφῆταί
952 503 1068 555 σου,
1106 486 1324 559 Ἰσραήλ
1350 503 1363 517 ·
1396 488 1496 541 οὐκ
1524 487 1754 559 ἀνέσητε
1774 489 1847 553 είς

1958 488 2168 546 Israel:
2222 504 2337 545 non
2385 487 2723 544 ascendistts
2773 485 2842 540 ad
2899 485 3319 548 intercisioncs.
3359 498 3538 553 neque

266 581 373 646 τὰς
394 578 690 643 διακοπὰς,
713 578 837 632 οὐδὲ
865 577 1267 649 περιεφράξατε
1294 576 1548 649 φραγμὸν
1575 581 1705 650 περὶ
1730 579 1858 643 τοὺς

266 673 424 736 υἱοὺς
455 668 699 741 Ἰσραὴλ,
732 669 873 741 ὑπὲρ
900 667 997 723 τοῦ
1030 669 1247 740 στῆναι,
1275 669 1353 733 ὡς
1368 670 1416 703 ⁸⁸
1445 670 1510 723 ὲν
1541 670 1767 743 πολέμῳ
1799 672 1859 724 ὲν

265 765 458 836 ἡμέρᾳ
478 761 714 834 Κυρίου.
748 779 768 813 ι
810 759 1072 828 Ἀλύπεξι
1119 760 1253 831 γὰρ,
1282 761 1468 832 φησὶν,
1513 761 1759 816 ὲοίκασιν
1807 763 1857 816 οί

265 852 549 926 προφῆταί
595 869 716 918 σου,
759 844 804 906 ὦ
854 852 1094 925 Ἰσραὴλ,
1139 853 1200 907 ὲν
1245 853 1516 924 ἐρειπίοις
1557 852 1854 919 οἰκούσαις.

264 945 541 1018 Καθάπερ
574 944 686 1015 γὰρ
719 945 924 998 ἐκεῖναι
970 944 1070 1008 τὰς
1112 943 1223 1000 τῶν
1268 945 1529 1016 ἐρειπίων
1574 944 1677 999 οὐκ
1715 947 1857 1000 ἀπο-

261 1040 600 1109 φράττουσιν
629 1034 863 1101 ἐξόδους,
902 1035 1019 1090 ἀλλ’
1044 1034 1222 1101 ἔξεστι
1262 1037 1343 1108 τῷ
1375 1035 1685 1109 βουλομένῳ
1713 1037 1860 1092 ἀνιέ-

260 1147 353 1182 ναι
377 1127 472 1181 διὰ
493 1125 726 1194 τούτων,
780 1126 875 1180 καὶ
899 1126 1125 1182 εἰσιέναι
1150 1145 1165 1160 ·
1211 1126 1388 1192 οὕτως
1436 1122 1581 1183 οὗτοι
1608 1128 1709 1200 τὴν
1759 1128 1856 1183 τοῦ

257 1220 387 1274 λαοῦ
435 1218 718 1293 ρᾳθυμίαν
754 1218 1012 1292 ὁρῶντες,
1047 1220 1148 1274 οὐκ
1172 1220 1527 1292 ἀπετείχισαν
1549 1219 1715 1275 αὐτοῦ
1756 1222 1858 1285 τάς

258 1312 351 1364 ἐπὶ
379 1312 484 1382 τὴν
510 1311 782 1382 πονηρίαν
806 1311 981 1375 ὀδοὺς,
1005 1311 1128 1366 οὐδὲ
1156 1311 1337 1383 λόγοις
1362 1313 1737 1385 περιέφραξαν
1764 1313 1859 1368 εὐ·-

258 1401 497 1467 σεΰέσιν,
543 1399 686 1454 ὥστε
720 1401 778 1454 ἐν
813 1403 875 1472 τῇ
900 1400 1001 1473 τῆς
1024 1401 1194 1474 ὀργῆς
1222 1401 1409 1474 ήμέρᾳ
1427 1402 1724 1474 δυνηθῆναι
1746 1403 1859 1458 τῶν

256 1493 538 1563 πολεμίων
562 1491 949 1564 περιγενέσθαι
969 1507 983 1523 ·
1033 1492 1172 1549 ἀλλὰ
1197 1495 1266 1564 τῇ
1293 1491 1387 1547 τοῦ
1432 1490 1564 1547 λαοῦ
1601 1493 1861 1567 ἀσθενείᾳ

256 1585 337 1648 εἰς
366 1585 575 1639 οικεῐον
601 1585 986 1659 ἀπεχρήσαντο
1013 1582 1226 1657 κέρδος.

324 1682 403 1741 ς’,
434 1677 503 1742 ζ’.
557 1676 924 1743 Ελέποντες,
974 1677 1130 1747 φησι,
1163 1676 1387 1746 ψευδῆ,
1421 1679 1854 1748 μαντευόμενοι

247 1756 499 1839 μάταια,
535 1770 592 1823 οι
634 1767 955 1839 λέγοντες·
1007 1767 1180 1839 Λέγει
1222 1769 1461 1838 Κύριος,
1498 1770 1600 1824 καί
1638 1770 1856 1838 Κύριος

1958 579 2314 651 obsepivistis
2338 594 2523 651 sepem
2549 580 2696 635 circa
2727 577 2870 634 ﬁlios
2895 576 3118 634 lsraelis
3139 615 3155 643 ,
3180 575 3250 631 ad
3277 574 3538 631 standum

1958 678 2223 741 tanquam
2242 671 2299 727 in
2318 671 2511 742 przﬁo
2547 670 2607 725 in
2644 668 2734 725 die
2764 668 3010 724 Domini.
3033 686 3053 720 ι
3081 666 3355 738 Vulpibus
3384 665 3535 721 enim

1956 761 2172 819 similes
2190 802 2210 830 ,
2238 762 2422 833 inquit
2443 799 2459 827 ,
2487 762 2771 834 propheta
2792 763 2875 817 tui
2903 767 3035 818 sunt
3053 800 3069 827 ,
3101 759 3308 827 Israel,
3335 759 3393 814 in
3425 758 3540 813 rui-

1955 855 2045 911 nis
2073 854 2475 912 habitantibus.
2502 852 2641 910 Nam
2671 855 2817 911 sicut
2843 854 2953 909 illas
2977 853 3264 909 ruinarum
3297 864 3410 906 non
3443 848 3539 904 ob-

1958 947 2186 1018 sepiunt
2216 946 2431 1014 exitus,
2464 961 2563 1017 per
2599 960 2742 1017 quos
2771 944 3002 1002 cuilibet
3033 945 3187 1001 exire
3213 937 3269 999 ei
3298 940 3537 997 introire

1956 1038 2127 1095 licet:
2161 1038 2239 1094 ita
2264 1038 2373 1111 isti
2405 1036 2657 1095 videntes
2690 1038 2880 1109 populi
2918 1037 3208 1106 segnitiem
3231 1078 3246 1103 ,
3293 1048 3409 1089 non
3452 1033 3537 1088 in-

1958 1130 2336 1188 tercluserunt
2377 1130 2429 1186 ei
2472 1129 2592 1186 vias
2636 1130 2707 1186 ad
2738 1129 3139 1201 improbitatem
3162 1168 3178 1195 ,
3212 1140 3395 1197 neque
3427 1124 3534 1196 piis

1955 1222 2143 1279 verbis
2170 1223 2565 1295 obsepiverunt
2583 1262 2600 1289 ,
2630 1231 2695 1279 ut
2725 1222 2782 1279 in
2809 1223 2901 1279 die
2928 1223 3029 1278 iras
3055 1219 3344 1294 (Domini)
3374 1230 3535 1288 supc-

1957 1314 2136 1373 riores
2166 1314 2422 1373 hostibus
2454 1330 2579 1372 esse
2608 1322 2839 1387 possent
2873 1332 2888 1370 :
2947 1313 3062 1370 imo
3104 1311 3293 1384 populi
3344 1308 3536 1381 impie-

1956 1414 2070 1491 tate
2107 1406 2176 1463 ad
2204 1416 2477 1479 quastum
2509 1423 2674 1464 suum
2708 1406 2873 1465 abusi
2903 1414 3057 1464 sunt.

2035 1680 2198 1737 Vens.
2238 1682 2306 1746 6,
2346 1682 2397 1735 7.
2445 1681 2688 1737 Videntes
2711 1723 2725 1743 .
2760 1682 2974 1754 inquit,
3007 1680 3319 1742 mendacia,
3350 1676 3540 1732 vatici-

1956 1782 2142 1829 nantes
2182 1789 2340 1837 oana,
2372 1772 2602 1827 dicentes
2630 1789 2648 1826 :
2683 1770 2831 1826 Dicit
2874 1771 3155 1835 Dominus,
3195 1777 3244 1822 et
3278 1766 3537 1821 Dominus

250 1861 371 1913 οὐκ
399 1857 798 1915 ἀπέσταλκεν
840 1858 1088 1926 αὐτοὺς,
1134 1861 1235 1914 καὶ
1274 1860 1539 1930 ἤρξαντο
1575 1860 1681 1915 τοῦ
1709 1860 1847 1915 ἀνα-

1955 1878 2060 1921 non
2110 1863 2254 1917 misit
2305 1878 2428 1926 eos,
2484 1870 2533 1916 et
2586 1870 2848 1931 cwperunt
2902 1863 3163 1916 suscitare
3217 1868 3533 1913 sermonem.

248 1950 486 2021 στῆσαι
517 1953 726 2022 λόγον.
757 1953 883 2021 Οὐχ
921 1949 1138 2020 ὅρασιν
1169 1951 1371 2021 ψευδῆ
1403 1952 1721 2021 ἑωράκατε,
1752 1950 1851 2005 καί

241 2043 542 2114 μαντείας
571 2042 869 2113 ματαίους
900 2040 1209 2111 εἰρήκατε,
1258 2042 1358 2097 καί
1390 2043 1628 2112 ἐλέγετε
1648 2059 1664 2075 ο
1695 2042 1853 2109 Φησί

246 2135 510 2203 Κύριος,
562 2133 799 2202 Κύριος,
828 2131 928 2187 καὶ
973 2131 1089 2202 ἐγὼ
1140 2134 1253 2188 οὐκ
1305 2133 1696 2203 esid/Intra”;
1757 2132 1849 2204 Τῷ

243 2226 503 2297 ὀνόματι,
535 2224 693 2294 φησὶ,
737 2220 819 2295 τῷ
855 2221 976 2295 ὲμῷ
1015 2224 1428 2295 κατεχρήσασθε
1460 2224 1677 2294 ψευδεῖς
1707 2242 1846 2296 μαν-

242 2314 405 2380 τείας
432 2313 513 2385 τῷ
543 2313 660 2385 λαῷ
690 2312 1096 2385 προσφέροντες
1121 2331 1136 2346 υ
1167 2313 1280 2385 ἐγὼ
1301 2316 1358 2369 δὲ
1385 2315 1535 2370 οὐδὲν
1569 2317 1699 2387 ὑμῖν
1723 2315 1848 2370 τού-

242 2425 360 2461 των
378 2408 724 2478 ,ἐνέπνευσω

318 2506 395 2573 η’,
443 2499 511 2555 θ¹.
570 2501 679 2556 Διά
724 2501 905 2557 τοῦτο
947 2498 1113 2556 εἰπέ·
1188 2499 1337 2554 Τάδε
1381 2500 1545 2568 λέγει
1609 2498 1850 2554 Ἄδωναί⁵

242 2594 468 2660 Κύριος
487 2610 503 2624 ·
562 2594 709 2650 Ἆνθ⁹
745 2589 836 2650 ὧν
862 2597 916 2650 οἱ
953 2597 1126 2665 λόγοι
1158 2592 1326 2664 ὑμῶν
1350 2592 1620 2663 ψευδεῖς,
1658 2594 1758 2649 καὶ
1786 2596 1849 2648 αἰ

237 2686 524 2756 μαντεῖαι
566 2685 736 2757 ὑμῶν
765 2685 1032 2757 μάταιαι,
1074 2685 1173 2739 διὰ
1208 2685 1386 2740 τοῦτο
1430 2684 1560 2740 ἰδοὺ
1600 2685 1717 2755 ἐγὼ
1753 2685 1845 2754 ἐφ’

241 2775 428 2845 ὑμᾶς,
481 2777 649 2848 λέγει
701 2777 954 2833 Ἀδωναῒ
1007 2778 1244 2845 Κύριος.
1298 2776 1411 2832 Καὶ
1462 2775 1685 2831 ἐκτενῶ
1731 2777 1849 2846 τὴν

241 2869 422 2939 χεζοά
461 2886 580 2937 μου
619 2870 718 2924 ἐπί
763 2871 906 2936 τοὺς
938 2869 1254 2939 προφήτας
1296 2867 1442 2936 τοὺς
1479 2868 1747 2937 ὁρῶντας
1772 2867 1847 2922 τὰ

239 2961 474 3032 ψευδῆ,
507 2962 611 3017 καί
661 2963 806 3030 τοὺς
847 2962 1418 3032 ἀποφθεγγομένους
1446 2960 1688 3030 μάταια.
1742 2961 1849 3017 Ἐν

240 3053 489 3122 παιδείᾳ
521 3054 570 3085 ⁵⁸
631 3053 741 3107 τοῦ
778 3052 936 3108 λαοῦ
973 3071 1095 3125 μου
1133 3055 1245 3107 οὐκ
1284 3052 1551 3116 ἔσονται,
1599 3053 1742 3109 οὐδὲ
1777 3054 1849 3108 ἐν

236 3140 448 3215 τραφῇ
463 3144 639 3199 οἴκου
663 3144 913 3215 Ἰσραὴλ
929 3143 1363 3214 τραφήσονται,
1382 3143 1481 3198 καί
1497 3145 1584 3210 εἰς
1598 3144 1715 3213 τὴν
1729 3143 1847 3215 γῆν

238 3238 353 3293 τοῦ
414 3236 671 3305 Ἰσραὴλ
713 3239 825 3291 οὐκ
863 3236 1342 3302 εἰσελεύσονται,
1379 3237 1477 3290 καί
1512 3235 1845 3306 γνώσονται

238 3330 334 3383 ὅτι
357 3329 478 3400 ἐγὼ
519 3329 767 3384 Ἀδωναῒ
791 3331 1032 3400 Κύριος.
1072 3332 1178 3386 Τὸν
1213 3332 1313 3403 μὲν
1339 3331 1492 3402 ἐμὸν,
1526 3332 1682 3403 φησί,
1712 3350 1844 3388 παι-

238 3420 422 3475 δεύσω
466 3421 597 3476 λαόν
620 3437 636 3453 ο
683 3414 832 3477 οὗτοι
872 3424 931 3477 δὲ
972 3422 1322 3497 πανωλεθρίᾳ
1347 3423 1845 3496 παραδοθήσονται,

241 3514 342 3567 καὶ
400 3513 760 3585 ἀνάγραπτον
813 3514 917 3587 τὴν
971 3516 1195 3586 μνήμην
1252 3517 1352 3588 οὐχ
1414 3515 1628 3582 ἕξουσιν
1649 3556 1665 3579 ,
1721 3516 1844 3569 οὐδὲ

242 3604 825 3678 συναριθμηθήσονται
872 3605 952 3678 τῷ
998 3606 1113 3678 λαῷ
1164 3625 1290 3678 μου.
1357 3606 1471 3662 Καὶ
1514 3607 1621 3679 τὴν
1660 3607 1844 3663 αἰτίαν

236 3693 482 3761 δεικνὺς,

323 3794 379 3843 ι’.
423 3790 583 3861 ἶΛνθ’
621 3783 733 3857 ὧν,
788 3792 979 3862 φησὶν,
1008 3793 1375 3863 ἐπλάνησαν
1407 3794 1452 3828 θί
1517 3795 1629 3849 τὸν
1686 3795 1843 3849 λαόν

232 3898 359 3955 μου
386 3920 406 3948 ,
447 3880 736 3952 λέγοντες
758 3901 773 3916 ο
802 3867 1030 3957 Εἰρήνη
1062 3928 1078 3951 ,
1109 3887 1320 3957 εἰρήνη
1341 3929 1357 3954 ,
1392 3888 1491 3943 καί
1521 3889 1633 3943 οὐκ
1665 3886 1842 3943 ἔστιν

236 3974 474 4043 εἰρήνη.
536 3975 676 4044 Ἐγὼ
711 3976 812 4048 μὲν
843 3977 953 4051 γὰρ
984 3977 1064 4052 τῷ
1091 3978 1207 4049 λαῷ
1261 3979 1521 4052 πόλεμον,
1559 3982 1656 4034 καὶ
1686 3996 1840 4050 σφα-

238 4064 367 4135 γὴν,
395 4065 496 4120 καὶ
529 4065 910 4137 αἰχμαλωσίαν
962 4068 1357 4141 προηγόρευον,
1393 4072 1463 4142 τῇ
1491 4069 1691 4142 ἀπειλῇ
1723 4069 1838 4124 τῶν

240 4158 437 4212 κακῶν
480 4158 816 4230 σωφρονίσαι
863 4159 1188 4233 βουλόμενος
1213 4177 1227 4190 ο
1275 4152 1424 4215 οὗτοι
1470 4161 1528 4215 δὲ
1580 4161 1841 4217 τάναντία

242 4262 337 4318 μοι
390 4248 671 4321 δρῶντες,
734 4251 963 4323 εἰρήνην
1021 4252 1209 4317 αὐτοῖς
1256 4252 1672 4325 ἐπηγγέλλοντο
1732 4252 1842 4323 μά-

310 4359 368 4398 νο

310 4359 368 4398 νο

239 4356 424 4490 mm
464 4433 673 4501 αὐτὸς,
713 4436 904 4507 φησιν,
946 4435 1251 4506 οἰκοδομεῖ
1291 4436 1520 4508 τοῖχον,
1571 4437 1652 4504 ὡς
1697 4452 1836 4492 στε-

237 4525 384 4617 ρεὸν
409 4526 499 4617 ⁸⁸,
526 4526 630 4582 καί
655 4526 829 4583 αὐτοί
877 4527 1325 4599 ἐπαλειφουσιν
1371 4529 1579 4595 αὐτόν.
1611 4529 1679 4584 Et
1727 4540 1835 4584 πε·
1869 4557 1913 4617 D

242 4616 438 4672 σεῖται
458 4616 507 4651 ⁸³
534 4633 558 4682 ;
602 4617 622 4688 (
650 4624 740 4675 ια’.
769 4617 944 4689 )Εἰπὲ
964 4619 1115 4688 πρὸς
1152 4621 1296 4686 τοὺς
1331 4618 1698 4689 ἀλείφοντας
1727 4620 1836 4674 αὑ-

238 4708 367 4775 τὸν,
402 4707 705 4765 Πεσεῖται.
746 4709 807 4763 '0
867 4709 969 4780 μὲν
998 4708 1132 4783 γὰρ,
1175 4712 1331 4782 φησὶ,
1378 4710 1507 4779 λαὸς
1562 4710 1843 4781 οἰκοδομεῖ

239 4802 417 4871 τοῖχον
451 4798 676 4873 σαθρὸν,
701 4800 790 4857 διὰ
836 4803 937 4874 τῆς
964 4801 1232 4875 πονηρίας
1276 4802 1373 4858 καὶ
1423 4803 1679 4867 ἀσεύείας
1702 4821 1716 4835 ·
1749 4797 1839 4858 οὗ·

239 4908 324 4948 τοι
351 4892 414 4947 δὲ
468 4892 571 4956 τάς
618 4892 869 4963 χρηστὰς
913 4894 1276 4966 προρρήσεις,
1335 4894 1429 4949 καὶ
1475 4895 1574 4959 τὰς
1627 4895 1839 4965 ἀγαθὰς

235 4981 590 5053 ὑποσχέσεις,
616 4978 730 5038 οἷόν
750 5000 875 5037 τινα
902 4983 1136 5055 ἀλοιφὴν
1166 4984 1263 5039 καὶ
1294 4985 1505 5057 χρίσμα
1547 4985 1627 5057 τῷ
1672 4986 1837 5058 τοίχῳ

240 5075 640 5145 προσφέρουσι,
667 5074 795 5130 δέον
825 5075 1123 5131 καταλύειν
1152 5077 1253 5142 τὴν
1287 5077 1566 5148 σφαλερὰν
1624 5078 1834 5133 οἰκοδο-

243 5167 522 5236 μίαν,οκα“ι
564 5167 1010 5238 παρασκευάζειν
1056 5168 1285 5240 στερεὰν
1329 5169 1502 5240 αὐτὴν
1535 5171 1831 5239 ’γενέσθαι.

253 5257 675 5325 Ἐπαλείφοντες
725 5257 782 5311 δὲ
838 5260 1041 5329 τοῖχον,
1092 5258 1343 5330 ἐνόμιζον
1393 5259 1558 5313 αὐτὸν
1614 5260 1833 5330 ἀσφαλῆ

239 5347 322 5402 διὰ
348 5350 453 5419 τῆς
495 5349 728 5419 ἀλοιφῆς
776 5350 1210 5422 ἀπεργάζεσθαι.
1247 5350 1384 5406 Εἰπὲ
1438 5351 1620 5405 τοίνυν
1650 5353 1834 5417 αὐτοῖς

238 5442 317 5496 ὃτι
344 5444 600 5496 πεσεῖται
628 5443 723 5497 καὶ
754 5444 1162 5516 διαλυθήσεται.

1955 1953 2146 2009 Nonne
2175 1955 2428 2010 visionem
2461 1955 2658 2025 falsam
2685 1955 2897 2010 vidistis
2923 1993 2945 2019 ,
2967 1962 3018 2009 et
3050 1952 3405 2009 divinationes
3434 1965 3532 2003 va-

1953 2063 2050 2101 nas
2097 2047 2313 2102 dixistis
2352 2054 2402 2101 et
2437 2045 2734 2103 dicebatis:
2763 2045 2905 2099 Dicit
2929 2045 3213 2111 Dominus,
3248 2042 3531 2103 Dominus,

1949 2145 2002 2192 et
2025 2154 2117 2208 ego
2144 2154 2247 2192 non
2273 2155 2390 2193 sum
2420 2137 2660 2191 locutus?
2680 2135 2917 2193 Nomine
2936 2176 2950 2201 ,
2978 2135 3191 2207 inquit,
3222 2148 3345 2189 meo
3373 2130 3531 2188 abusi

1951 2230 2123 2293 estis,
2157 2228 2295 2284 falsa
2325 2229 2583 2284 vaticinia
2619 2229 2829 2301 p0pulo
2859 2227 3222 2300 praedicentes
3249 2244 3262 2279 :
3294 2239 3397 2296 ego
3430 2238 3533 2278 au-

1920 2328 1923 2332 ‘
1950 2328 2059 2377 tem
2092 2320 2232 2377 nihil
2263 2321 2460 2377 horum
2494 2321 2652 2377 vobis
2686 2320 2979 2393 inspirari.

2021 2502 2193 2559 Vens.
2236 2503 2304 2567 8.
2345 2505 2399 2559 9.
2445 2503 2573 2559 Ideo
2607 2504 2693 2558 dic
2725 2518 2743 2556 :
2784 2504 2909 2559 Herc
2936 2502 3066 2557 dicit
3103 2501 3312 2557 Adonai
3350 2499 3533 2554 Domi-

1949 2609 2087 2650 nus:
2119 2595 2385 2661 Quoniam
2420 2594 2576 2650 verba
2615 2605 2787 2650 vestra
2819 2594 3130 2658 mendacia,
3164 2602 3215 2648 et
3243 2592 3534 2647 divinatio-

1950 2703 2040 2742 nes
2073 2696 2259 2742 vestra:
2293 2703 2479 2753 vanw,
2511 2688 2712 2742 idcirco
2740 2703 2836 2757 ego
2881 2701 3040 2755 super
3078 2703 3166 2741 vos
3204 2686 3224 2754 (
3248 2685 3455 2741 veniam
3475 2685 3493 2753 )
3513 2722 3533 2750 ,

1948 2778 2081 2832 dicit
2115 2777 2325 2833 Adonai
2362 2779 2638 2834 Dominus.
2696 2778 2864 2850 759
2898 2777 2967 2832 Et
2999 2778 3279 2833 extendam
3312 2793 3509 2831 inantu-

1947 2886 2120 2925 meam
2145 2885 2302 2939 super
2325 2872 2610 2941 prophetas
2640 2871 2874 2926 videntes
2899 2871 3179 2925 mendacia
3196 2909 3212 2937 ,
3240 2879 3291 2924 et
3317 2869 3515 2941 loquere

1950 2972 2026 3017 tes
2061 2979 2217 3019 vana.
2249 2962 2318 3017 In
2344 2963 2629 3032 disciplina
2662 2964 2845 3033 populi
2879 2965 2981 3019 mei
3012 2979 3117 3017 non
3143 2971 3333 3028 erunt,
3368 2979 3527 3034 nequi

1948 3056 2004 3111 in
2025 3055 2310 3125 Scriptura
2338 3055 2530 3112 domus
2566 3055 2792 3111 lsraeiis
2820 3056 3140 3120 scribentur,
3171 3057 3301 3111 etin
3334 3064 3530 3110 terram

1950 3146 2175 3202 Israelis
2223 3163 2329 3201 non
2374 3148 2758 3218 ingredientur,
2822 3157 2875 3203 et
2918 3156 3232 3218 cognoscent
3291 3165 3373 3203 me
3420 3162 3537 3204 esse

1951 3239 2164 3295 Adonai
2205 3240 2516 3296 Dominum.
2549 3239 2729 3297 Meum
2752 3282 2768 3307 ,
2812 3241 3028 3313 inquit,
3064 3241 3317 3298 erudiam
3358 3255 3534 3312 popu-

1949 3331 2105 3387 lum:
2156 3333 2249 3390 isti
2299 3348 2430 3390 vero
2471 3332 2726 3391 funditus
2773 3334 3067 3406 peribunt,
3105 3348 3290 3404 neque
3334 3348 3527 3390 eorum

1949 3424 2215 3478 memoria
2245 3424 2447 3480 litteris
2476 3425 2766 3495 prodetur,
2797 3439 2977 3495 neque
3004 3438 3129 3480 cum
3161 3422 3368 3495 populo
3396 3437 3524 3479 meo

1947 3514 2410 3570 reccnsebuntur.
2446 3514 2795 3586 Causamque
2826 3514 3132 3571 ostendens
3159 3533 3173 3568 :

2018 3784 2185 3842 Vens.
2237 3787 2328 3842 ut.
2388 3787 2574 3854 Quia,
2639 3787 2855 3856 inquit,
2911 3788 3223 3856 deceperunt
3272 3787 3529 3857 populum

1945 3895 2142 3947 meum,
2176 3878 2451 3935 dicentes:
2484 3878 2604 3933 Pas:
2631 3918 2646 3943 ,
2685 3894 2795 3948 pax
2820 3919 2835 3943 ,
2871 3887 2923 3934 et
2956 3889 3134 3935 tamen
3168 3895 3274 3935 non
3294 3888 3373 3935 est
3400 3893 3528 3947 pax.

1945 3971 2060 4042 Ego
2098 3970 2246 4027 enim
2287 3972 2493 4043 populo
2537 3970 2780 4036 bellum,
2831 3978 2885 4026 et
2915 3972 3154 4038 eadem,
3204 3978 3260 4027 et
3293 3971 3530 4042 captivi-

1943 4071 2113 4117 tatem
2137 4062 2521 4132 praedicebam,
2546 4062 2976 4119 comminatione
3000 4062 3271 4123 malorum
3296 4062 3532 4132 cupiens

1943 4168 2041 4210 eos
2080 4153 2149 4208 ad
2176 4169 2368 4209 sanam
2410 4150 2649 4210 mentem
2689 4154 2999 4210 reducere:
3038 4154 3136 4210 sed
3174 4154 3269 4209 isti
3303 4163 3530 4209 contra-

1945 4246 2025 4301 ria
2065 4245 2200 4301 mihi
2240 4244 2533 4313 facientes,
2574 4260 2764 4318 pacem
2802 4246 2936 4316 ipsis
2976 4246 3261 4302 incassum
3302 4245 3529 4316 pollice-

1944 4335 2164 4392 bantur.

2016 4425 2086 4483 Et
2119 4426 2259 4496 ipse,
2294 4427 2473 4501 inquit
2501 4466 2515 4491 ,
2547 4428 2779 4497 a’diﬁcat
2815 4443 3058 4493 murum,
3093 4436 3153 4481 ut
3178 4427 3435 4494 solidum,
3477 4438 3528 4482 et

1944 4518 2047 4590 ipsi
2082 4518 2273 4576 liniunt
2309 4534 2450 4573 eum.
2489 4520 2571 4574 An
2604 4519 2799 4575 cadet?
2832 4518 3022 4590 (VI-ms.
3052 4519 3166 4592 ll.)
3203 4520 3299 4574 Dic
3338 4522 3408 4574 ad
3459 4521 3529 4574 li-

1944 4618 2145 4671 nientes
2173 4631 2329 4671 eum:
2364 4613 2550 4671 Cedet.
2575 4614 2823 4686 Populus
2857 4614 3028 4681 enim,
3063 4615 3268 4689 inquit,
3302 4631 3523 4670 murum

1941 4706 2177 4764 aediﬁcat
2201 4707 2461 4773 debilem,
2496 4716 2724 4778 propter
2752 4712 2769 4731 '
2810 4708 3216 4779 improbitatem
3246 4718 3301 4764 et
3326 4708 3523 4778 impie-
3548 4712 3549 4715 “

1942 4808 2150 4857 tatem:
2193 4799 2286 4855 isti
2334 4815 2467 4856 vero
2505 4801 2680 4856 bonas
2719 4801 3115 4871 praedictiones
3159 4808 3213 4856 et
3246 4801 3523 4871 pollicita-

1940 4892 2157 4959 tiones,
2186 4892 2370 4948 'veluti
2416 4892 2690 4967 quoddam
2734 4895 3079 4949 linimentum
3112 4901 3167 4947 et
3206 4893 3523 4948 unetionem

1944 5000 2103 5040 muro
2137 4984 2439 5052 adhibent,
2482 5000 2609 5040 cum
2648 5000 2789 5055 opus
2822 4992 2973 5040 esset
3008 4984 3242 5061 debilem
3282 4984 3524 5039 :cdillca-

1943 5078 2149 5133 tionem
2181 5077 2507 5144 dissolvere,
2537 5087 2590 5133 et
2616 5092 2839 5150 operam
2873 5076 3026 5143 dare,
3058 5085 3116 5133 ut
3138 5075 3314 5133 solida
3345 5077 3524 5133 ﬁeret.

1945 5166 2227 5224 lllinentes
2307 5175 2492 5224 autem
2550 5183 2768 5222 murum
2824 5168 3197 5237 opinabantur
3255 5183 3318 5224 se
3369 5167 3523 5223 illum

1943 5262 2200 5317 unctione
2222 5276 2284 5316 ea
2320 5268 2498 5315 tutum
2523 5257 2819 5316 cfl‘ecturos
2852 5275 2996 5316 esse.
3034 5258 3129 5317 Dic
3159 5260 3332 5332 igitur
3389 5260 3525 5333 ipsis

1940 5354 2188 5407 futurum
2215 5366 2338 5407 esse
2368 5359 2426 5406 ut
2457 5351 2618 5406 cadat
2639 5358 2694 5407 et
2721 5350 3080 5407 dissolvatur.

1564 5607 1805 5679 vium
1832 5623 2234 5681 LECTIONES.

306 5743 353 5776 ⁸⁸
384 5743 490 5818 ὡς.
516 5742 620 5818 ουρ
672 5743 815 5818 apud
846 5706 1041 5818 Menti.
1067 5741 1397 5818 inﬂexam.
1434 5742 1522 5797 ad.
1560 5742 1685 5818 ιιι.
1756 5742 1800 5775 ¹⁹
1829 5741 2017 5818 nato:
2055 5743 2316 5818 ἐλάλησα.
2359 5744 2505 5811 Haec,
2534 5761 2653 5817 quae
2688 5745 2743 5818 in
2784 5743 2906 5802 cod.
2938 5741 3115 5818 Vatic.
3163 5739 3319 5818 dcs.,_
3348 5751 3519 5818 ρειιετ

242 5824 400 5868 srunt
427 5814 469 5865 Α
495 5823 550 5867 et
577 5813 637 5868 Β.
716 5814 761 5845 °°
804 5813 1025 5875 παιδεία
1058 5813 1223 5868 Hebr.
1254 5829 1457 5875 arcano
1482 5813 1732 5872 consilio.

241 5895 293 5941 et
325 5887 379 5940 in
412 5883 580 5942 llcbr.
665 5885 710 5919 ⁸⁸
750 5884 797 5937 εἰ
833 5899 960 5939 nas.
1000 5871 1157 5942 ilcbr.
1198 5871 1486 5941 caetucnto.

1842 5814 1883 5844 ⁶¹
1926 5798 2808 5891 eam.B'piaiiil'ééif""ue;'
2834 5830 2984 5885 στερ.
3022 5812 3145 5870 Des.
3181 5798 3320 5880 apud
3352 5798 3515 5869 LXX,
