4034 6418
529 359 637 424 915

1561 376 2051 438 THEODORETI
2085 379 2421 442 EPISCOPI
2443 383 2807 445 CYRENSIS

3680 385 3791 450 916

607 469 775 562 Vsus.
806 473 890 528 12.
926 472 1046 529 Erit
1081 479 1215 532 enim
1261 479 1446 545 imber,
1489 482 1708 552 inquit,
1739 486 2037 554 inundans,
2070 505 2104 542 ε.

2295 489 2383 560 ιβ’.
2412 492 2623 545 Ἔσται
2660 493 2788 562 γὰρ,
2826 490 3009 562 φησὶν,
3042 491 3216 557 ὑετὸς
3245 489 3653 556 κατακλύζων,
3684 494 3788 547 καὶ

527 558 668 614 dabo
710 563 909 632 lapides
940 569 1168 636 ingentes
1211 573 1302 640 qui
1323 573 1602 641 jaciantur
1629 576 1684 629 in
1708 578 1988 644 iuncturas
2013 596 2104 632 eo-

529 665 669 713 rum,
701 664 750 706 et
774 655 945 718 cadet;
979 668 1028 710 et
1051 659 1270 727 spiritus
1293 663 1535 732 auferens
1561 668 1748 732 ueniet,
1773 677 1822 721 et
1842 667 2108 738 dirumpe-

531 747 636 793 tur.
663 740 730 795 Et
753 760 867 798 ecce
899 747 1086 802 cecidit
1113 766 1316 806 murus.
1343 754 1506 825 760
1542 755 1645 811 Per
1679 759 2106 813 translationem

527 833 708 888 omnia
740 843 1002 917 tanquam
1031 839 1100 895 de
1132 857 1291 896 muro
1316 843 1478 908 dixit,
1511 857 1565 901 et
1598 848 1686 903 bis
1715 850 1976 904 omnibus
2009 851 2109 904 ho-

527 922 693 976 stium
732 923 1037 984 declaravit
1079 931 1368 1003 impetum.
1402 933 1696 991 Juncturas
1733 947 1912 993 autem
1967 941 2106 992 muri

527 1026 711 1082 regem
757 1023 813 1070 et
859 1018 1140 1091 principes
1176 1025 1508 1094 appellavit,
1547 1030 1643 1098 qui
1677 1030 1824 1085 sicut
1855 1032 2108 1087 commis-

525 1118 669 1192 sura:
734 1106 1065 1178 aedilicium,
1154 1115 1230 1168 ita
1309 1119 1569 1187 populum
1625 1122 2103 1192 constringebant.

527 1189 761 1248 Imbrem
800 1197 970 1266 igitur
1011 1200 1378 1271 inundantem,
1424 1216 1479 1262 et
1521 1208 1722 1277 lapides
1757 1189 2022 1279 ingentes,
2051 1221 2106 1265 et

527 1290 736 1368 uentum
780 1283 1143 1355 auferentem,
1205 1292 1493 1350 Chaldaeos
1564 1301 1924 1368 nuncupavit.
1965 1299 2103 1354 Cum

526 1366 792 1424 ceciderit
844 1372 1010 1443 igitur
1058 1392 1286 1444 murus,
1333 1401 1352 1434 ‹
1385 1381 1612 1448 Nonne,
1657 1366 1875 1456 inquit,
1917 1389 2102 1444 dicent

528 1457 597 1511 ad
635 1473 776 1516 vos:
824 1461 926 1520 Ubi
959 1475 1044 1521 est
1083 1468 1249 1524 litura
1293 1481 1513 1538 vestra,
1562 1493 1728 1546 quam
1774 1479 2049 1534 illivistis?
2077 1499 2097 1533 ι

525 1547 667 1603 Cum
723 1553 887 1610 rebus
937 1556 1074 1626 ipsis
1129 1560 1426 1618 didicerint
1487 1564 1658 1623 falsas
1711 1583 1834 1624 esse
1885 1578 2101 1626 vestras

525 1640 931 1710 praedictiones,
960 1657 1014 1702 et.
1046 1648 1272 1716 bellum,
1304 1663 1359 1708 et
1380 1655 1604 1722 caedem,
1641 1667 1694 1712 et
1720 1659 2100 1728 captivitatem

524 1745 624 1798 pro
665 1743 885 1803 sperata
939 1753 1072 1808 pace
1117 1742 1422 1814 obtigisse;
1459 1762 1645 1804 nonne
1670 1747 1855 1804 dicent
1888 1751 2045 1806 vobis
2081 1768 2095 1804 :

2205 583 2376 637 δώσω
2395 585 2604 650 λίθους
2630 586 3028 652 πετροϐόλους
3045 586 3132 650 είς
3151 583 3293 649 τοὺς
3316 583 3650 652 ἐνδέσμους
3678 589 3788 640 αὐ-

2207 672 2356 740 τῶν,
2386 674 2487 728 καὶ
2523 675 2790 728 πεσεῖται
2808 675 2876 739 ⁸⁵,
2903 673 3002 728 καί
3033 673 3270 743 πνεῦμα
3289 673 3531 741 ἐξαῒρον
3555 672 3686 740 ἣξει
3715 676 3785 738 ⁸⁵,

2206 767 2304 819 καὶ
2315 766 2666 836 ῥαγήσεται.
2686 767 2794 821 Καὶ
2818 765 2945 820 ἰδοὺ
2962 765 3275 819 πέπτωκεν
3295 767 3328 819 ό
3346 764 3562 834 τοῖχος.
3584 765 3790 836 Τροπι-

2208 858 2320 922 κῶς
2349 859 2575 925 ἅπαντα,
2598 859 2672 921 ὡς
2698 858 2792 911 ἐπὶ
2811 857 2990 928 τοίχου
3019 857 3231 927 εἴρηκε,
3255 856 3344 910 διὰ
3369 857 3585 910 πάντων
3603 856 3658 908 δὲ
3684 856 3787 926 τὴν
3816 910 3824 917 ,

2209 950 2318 1003 τῶν
2361 950 2640 1022 πολεμίων
2673 949 3058 1020 παρεδήλωσεν
3085 947 3293 1016 ἔφοδον.
3336 945 3697 1016 Ἐνδέσμους
3729 945 3788 998 δὲ

2206 1043 2316 1096 τοῦ
2352 1044 2559 1109 τοίχου
2598 1042 2689 1095 τὸν
2717 1040 2939 1111 βασιλέα
2966 1038 3063 1092 καὶ
3093 1040 3220 1102 τοὺς
3252 1036 3520 1108 ἄρχοντας
3548 1036 3789 1106 προηγό-

2209 1153 2420 1207 ρευσεν,
2451 1137 2500 1188 οἶ
2527 1135 2780 1205 καθάπερ
2817 1132 3062 1204 ἱμαντίαι
3097 1131 3431 1200 οἰκοδομίαν,
3478 1128 3623 1182 οὕτω
3658 1147 3787 1182 συν-

2207 1228 2468 1294 έσφιγγον
2494 1225 2584 1278 τὸν
2607 1225 2757 1279 λαόν.
2787 1225 2897 1276 Καὶ
2919 1222 3097 1276 ὑετὸν
3115 1221 3293 1274 τοίνυν
3321 1217 3783 1283 κατακλύζοντα,

2205 1317 2300 1370 καὶ
2347 1319 2558 1382 λίθους
2607 1316 3027 1383 πετροϐόλους.
3081 1314 3174 1366 καὶ
3221 1311 3456 1380 πνεῦμα
3505 1310 3787 1378 ἐξαῖρον,

2202 1409 2330 1470 τοὺς
2381 1407 2684 1468 Χαλδαίους
2729 1405 3000 1473 ὠνόμασε.
3053 1403 3318 1466 Πεσόντος
3363 1401 3574 1464 τοίνυν,
3629 1403 3786 1470 φησὶ.

2202 1497 2298 1550 τοῦ
2346 1497 2567 1568 τοίχου,
2623 1515 2641 1547 ι
2675 1493 2824 1566 Ἀρι
2872 1496 2972 1548 οὐκ
3023 1494 3205 1566 ἐροῦσι
3260 1492 3396 1564 πρὸς
3447 1493 3628 1562 ὑμᾶς’
3674 1491 3786 1544 Ποῦ

2204 1591 2353 1642 ἐστιν
2392 1592 2425 1659 ὴ
2477 1587 2675 1658 ἀλοιφὴ
2728 1587 2904 1658 ὑμῶν,
2945 1586 3013 1657 ἦν
3061 1584 3361 1656 ήλείψατε;
3399 1603 3418 1637 s
3480 1585 3647 1637 Ὅταν
3699 1583 3788 1636 διὰ

2201 1678 2310 1731 τῶν
2341 1679 2680 1748 πραγμάτων
2715 1678 2923 1748 μάθωσι
2945 1676 3159 1746 ψευδεῖς
3181 1675 3279 1738 τὰς
3314 1674 3590 1745 ὑμετέρας
3616 1677 3789 1746 προρε-

2207 1771 2414 1842 ρήσεις,
2447 1771 2539 1823 καὶ
2569 1769 2825 1839 πόλεμον,
2853 1769 2947 1823 καὶ
2987 1767 3221 1838 σφαγὴν,
3262 1768 3357 1819 καὶ
3389 1766 3778 1835 αἰχμαλωσίαν

527 1820 626 1923 libi
653 1833 783 1878 sunt
808 1827 1034 1896 pulchra
1069 1839 1251 1886 vestra
1290 1835 1382 1889 illa
1418 1838 1618 1903 verba,
1653 1847 1708 1893 et
1746 1843 1898 1909 pacis
1938 1843 2100 1911 polli-

2929 1820 3174 1928 εἰρήνηςί
3207 1820 3317 1909 ὀὐκ
3366 1820 3552 1926 epos}:
3608 1855 3740 1924 ὑμῖν
3765 1870 3780 1885 ⁸

521 1911 812 1970 citatioues
832 1916 854 1968 ?
875 1917 1085 1990 [1545]
1120 1920 1194 1975 lta
1225 1939 1422 1981 rursus
1445 1926 1623 1984 fusius
1647 1930 1835 1986 eadem
1865 1933 2106 1998 locutus,

521 2003 876 2077 minatusque
918 2011 1204 2066 hostilium
1251 2017 1489 2071 telorum
1533 2020 1955 2078 inundationem
1985 2065 1998 2090 ,
2055 2032 2110 2078 et

522 2095 764 2165 lapidum
820 2101 996 2156 instar
1039 2105 1181 2160 nivis
1228 2107 1519 2175 deﬂuxus,
1575 2122 1629 2166 et
1674 2114 1818 2168 male
1850 2115 2108 2170 aediﬁcati

519 2189 662 2242 muri
699 2205 726 2243 a
765 2190 1140 2251 fundamentis
1173 2201 1543 2268 eversionem,
1587 2212 1640 2257 et
1675 2205 2108 2262 demonstratio-

521 2295 646 2335 nem
679 2284 946 2340 mendacii
971 2302 1162 2343 eorum
1195 2292 1290 2362 qui
1322 2293 1465 2349 bona
1489 2296 1850 2367 praedixeriut
1875 2338 1894 2369 ,
1941 2315 2108 2370 aper-

520 2371 634 2428 tius
683 2372 930 2432 disserit.

593 2589 722 2644 Dixi
743 2593 884 2646 enim
913 2593 984 2648 ad
1016 2612 1125 2662 vos,
1157 2598 1337 2670 inquit
1374 2620 1387 2656 :
1421 2600 1544 2655 Non
1574 2611 1651 2656 est
1680 2619 1862 2657 murus
1890 2644 1906 2670 ,
1945 2618 2107 2674 neque

521 2680 766 2737 linientes
813 2701 954 2741 eum.
1003 2687 1208 2751 (Vens.
1246 2692 1376 2762 16.)
1427 2692 1703 2761 Prophetas
1748 2696 1968 2749 lsraelis
2017 2696 2107 2764 qui

520 2775 830 2842 prophetam
863 2795 1020 2850 super
1062 2781 1510 2854 Hierosolymam,
1556 2796 1606 2840 et
1661 2788 1751 2856 qui
1810 2787 1984 2840 vident
2022 2787 2107 2840 illi

520 2884 743 2936 pacem,
796 2879 845 2924 et
903 2887 1011 2939 pax
1051 2891 1155 2928 non
1209 2885 1334 2942 est,
1386 2875 1519 2931 dicit
1558 2878 1770 2932 Adonai
1822 2877 2102 2931 Dominus.

519 2957 766 3026 Omnia,
823 2961 1044 3033 inquit,
1105 2965 1479 3033 delebuntur,
1522 2976 1577 3022 et
1629 2968 1984 3022 linimentum
2051 2975 2106 3022 et

523 3067 715 3109 murus
741 3091 758 3118 ,
803 3063 861 3108 et
902 3055 997 3125 qui
1032 3056 1380 3110 linimentum
1410 3058 1769 3112 adhibuerint
1799 3058 2100 3127 prophetm.

521 3145 752 3200 Obsidio
779 3147 926 3200 enim
959 3157 1015 3202 et
1048 3148 1341 3218 captivitas
1364 3188 1379 3210 ,
1426 3149 1640 3219 inquit,
1690 3164 1791 3218 pro
1831 3149 2100 3219 promissa

521 3251 658 3305 pace
687 3235 1126 3310 Hierosolymam
1158 3239 1473 3308 occupabit.
1515 3238 1612 3293 His
1652 3239 1720 3293 de
1763 3239 2103 3309 pseudopro-

525 3326 704 3396 phetis
746 3328 952 3393 dictis,
992 3328 1058 3382 ad
1094 3343 1190 3384 eas
1225 3329 1519 3393 mulieres,
1561 3345 1683 3398 quae
1729 3329 1918 3384 itidem
1964 3327 2104 3384 falsa

524 3416 947 3484 prophetabant,
976 3421 1249 3474 convertit
1281 3421 1590 3476 orationem
1627 3436 1640 3471 :
1683 3437 1824 3491 quas
1852 3421 2106 3476 humanas

523 3522 732 3568 natura:
753 3514 932 3570 hostis
953 3530 1081 3569 cum
1111 3515 1416 3571 invenisset
1452 3516 1821 3570 instrumenta
1841 3556 1856 3580 ,
1887 3531 1985 3586 per
2010 3532 2104 3572 eas

523 3606 682 3677 761
727 3621 950 3676 quoque
997 3606 1282 3662 mendacia
1325 3609 1661 3674 exercebat,
1709 3617 1764 3663 et
1819 3608 2105 3679 prophetis

522 3699 746 3767 quidem
798 3696 968 3754 falsos
1023 3699 1322 3769 prophetas
1375 3701 1726 3771 opponebat,
1778 3701 2106 3756 mulieribus

526 3802 656 3840 vero
684 3787 1002 3857 prophetica
1031 3788 1208 3859 gratia
1239 3788 1476 3859 dignatis
1499 3829 1514 3854 ,
1549 3805 1646 3845 eas
1677 3805 1799 3859 quae
1831 3789 2105 3844 mendacii

526 3877 939 3950 (praedicendi)
993 3879 1309 3934 facultatem
1364 3891 1540 3936 nactae
1599 3891 1808 3936 essent.
1847 3880 2107 3937 Praedicit

528 3971 695 4042 igitur
726 3972 863 4043 ipsis
891 3987 1113 4044 quoque
1148 3973 1358 4030 futura.

593 4218 760 4275 Vens.
803 4221 907 4287 17,
945 4221 1032 4277 18.
1073 4222 1139 4275 Et
1174 4231 1260 4287 tu,
1289 4222 1370 4290 ﬁli
1409 4223 1635 4277 hominis
1662 4263 1678 4289 ,
1729 4224 1992 4291 conﬁrma
2029 4221 2108 4292 [a-

523 4315 655 4368 ciem
685 4330 841 4380 super
871 4313 1016 4383 ﬁlias
1046 4315 1228 4383 populi
1255 4315 1365 4378 tui,
1401 4315 1772 4383 prophetantes
1806 4319 1821 4336 ‘
1855 4313 1918 4368 de
1949 4313 2107 4368 corde

522 4421 641 4470 suo,
675 4415 723 4460 et
749 4406 1003 4475 propheta
1027 4421 1181 4474 super
1203 4422 1314 4469 eas,
1347 4414 1397 4460 et
1431 4406 1612 4461 dices:
1641 4405 1768 4461 Haec
1797 4405 1926 4459 dicit
1961 4405 2108 4459 Ado-

524 4498 614 4551 nai
672 4497 932 4552 Dominus
979 4512 997 4551 :

523 4605 728 4643 onmem
758 4588 992 4642 cubitum
1033 4605 1219 4642 manus
1245 4629 1259 4653 ,
1301 4600 1348 4643 et
1374 4589 1690 4660 facientibus
1719 4591 1981 4643 velamina
2011 4606 2101 4644 su-

522 4697 616 4750 per
644 4696 794 4735 amne
815 4690 969 4748 caput
993 4682 1161 4735 omnis
1199 4683 1372 4736 (etatis
1398 4723 1412 4746 ,
1451 4693 1506 4734 ut
1538 4691 1836 4750 pervertant
1865 4683 2095 4736 animas.

522 4772 747 4826 Animas
770 4773 947 4841 populi
971 4773 1069 4826 mei
1090 4771 1471 4841 pervertebant,
1494 4783 1541 4826 et
1569 4773 1776 4826 animas
1799 4773 2098 4827 servabant.

522 4863 642 4918 lloc
672 4872 853 4920 autem
889 4864 1257 4936 Symmachus
1294 4865 1543 4934 apertius
1578 4867 1975 4935 interpretatus
2025 4865 2100 4918 ita

523 4956 720 5009 dixit:
784 4977 802 5006 ι
853 4955 942 5010 Va:
1001 4956 1402 5012 consuentibus
1461 4957 1717 5026 pulvinos
1781 4958 1886 5013 sub
1950 4957 2100 5010 omni

524 5047 715 5100 cubito
751 5064 947 5102 manus
977 5089 990 5113 ,
1043 5058 1096 5103 et
1144 5048 1477 5104 facientibus
1504 5051 1800 5105 cervicalia
1831 5053 1896 5106 ad
1936 5059 2102 5118 caput

527 5138 710 5194 omnis
741 5140 920 5196 aetatis
951 5141 1018 5196 ad
1051 5141 1364 5197 venandum
1413 5142 1644 5197 animas.
1680 5162 1699 5195 ι
1736 5141 1842 5198 Per
1867 5143 2104 5196 transla-

2213 1951 2323 2005 Ποῦ
2365 1952 2416 2004 οἱ
2456 1951 2682 2022 χρηστοὶ
2731 1949 2885 2021 ὑμῶν
2937 1949 3106 2016 λόγοι,
3167 1949 3260 2002 καὶ
3310 1949 3366 2002 αἰ
3416 1948 3516 2017 τῆς
3562 1948 3788 2017 εἰρήνης

2210 2043 2574 2112 ὲπαγγελίαι;
2620 2041 2776 2096 Οὕτω
2811 2041 2970 2095 πάλιν
3009 2041 3095 2094 διὰ
3141 2039 3493 2109 πλατυτὲρων
3529 2038 3600 2092 τὰ
3643 2038 3790 2092 αὐτὰ

2209 2131 2468 2204 εἰρηκὼς,
2497 2133 2591 2186 καὶ
2619 2132 2917 2202 ἀπειλήσας
2952 2129 3060 2184 τῶν
3108 2128 3422 2199 πολεμικῶν
3473 2127 3642 2198 βελῶν
3691 2129 3791 2180 τὸν

2208 2223 2615 2294 κατακλυσμὸν,
2647 2223 2744 2276 καὶ
2763 2222 2863 2286 τὰς
2917 2222 3026 2275 τῶν
3067 2221 3230 2273 λίθων
3263 2219 3526 2288 νιφάδας,
3559 2218 3651 2271 καὶ
3691 2216 3790 2271 τοῦ

2208 2315 2393 2378 κακῶς
2436 2313 2884 2385 οἰκοδομηθέντος
2933 2313 3116 2382 τοίχου
3159 2311 3257 2380 τὴν
3313 2311 3475 2380 μέχρι
3515 2308 3788 2378 θεμελίων

2207 2407 2521 2466 κατάλυσιν.
2547 2406 2642 2460 καὶ
2665 2407 2764 2476 τῆς
2788 2405 3139 2474 ψευδολογίας
3170 2403 3278 2457 τῶν
3296 2402 3365 2455 τὰ
3385 2401 3565 2469 ἀγαθὰ
3608 2418 3791 2472 προει-

2211 2498 2454 2568 ρηκὸτων
2479 2498 2572 2551 τὸν
2607 2497 2847 2568 ἔλεγχον,
2884 2497 3214 2565 σαφέστερον
3247 2495 3391 2547 ποιεῖ
3434 2492 3525 2546 τὸν
3553 2492 3734 2560 λόγον.

2273 2613 2430 2669 Elim
2454 2613 2498 2644 “
2533 2611 2663 2680 γὰρ,
2712 2611 2867 2681 φησὶ,
2911 2609 3060 2678 πρὸς
3112 2605 3304 2677 ὑμᾶς·
3350 2606 3471 2659 Οὐκ
3526 2605 3698 2657 ἐστιν
3754 2605 3791 2656 δ

2205 2698 2426 2770 τοῖχος,
2455 2702 2598 2758 οὐδὲ
2631 2705 2684 2758 οί
2713 2702 3066 2769 ἀλείφοντες
3113 2699 3318 2751 αὐτόν.
3355 2696 3478 2767 (ις.’
3499 2707 3517 2764 )
3548 2697 3612 2747 Ol
3650 2710 3792 2760 προ-

2205 2794 2392 2864 φῆται
2429 2794 2535 2848 τοῦ
2581 2792 2851 2862 Ἰσραὴλ,
2883 2794 2937 2845 οι
2992 2788 3476 2859 προφητεύοντες
3520 2785 3620 2838 ἐπί
3673 2783 3787 2837 Ἰε-

2198 2885 2546 2953 ρουσαλὴμ,
2607 2883 2707 2938 καί
2757 2882 3012 2951 ὁρῶντες
3055 2879 3208 2947 αὐτῇ
3259 2879 3301 2911 ⁸⁷
3355 2877 3635 2944 εἰρήνην,
3685 2876 3791 2928 καὶ

2206 2971 2414 3040 εἰρήνη
2467 2974 2578 3025 οὐκ
2624 2972 2779 3034 ἐστι,
2819 2969 2982 3036 λέγει
3023 2966 3257 3020 Ἀδωναῒ
3295 2966 3525 3034 Κύριος.
3552 2961 3789 3033 Φροῦδα,

2207 3063 2362 3134 φησὶ,
2387 3064 2564 3118 πάντα
2589 3062 2900 3131 γενήσεται,
2932 3059 3026 3113 καὶ
3058 3060 3092 3127 ή
3119 3057 3344 3126 ἀλοιφὴ,
3381 3055 3475 3108 καὶ
3503 3056 3532 3106 ὁ
3563 3055 3747 3122 τοῖχος
3773 3092 3790 3116 ,

2207 3158 2302 3210 καὶ
2330 3158 2378 3209 οἰ
2407 3156 2506 3225 τὴν
2553 3155 2780 3225 ἀλοιφὴν
2815 3150 3274 3224 προσενεγκόντες
3324 3147 3620 3216 προφῆται.
3680 3145 3794 3195 Πο-

2206 3249 2420 3320 λιορκία
2442 3248 2569 3318 γὰρ,
2612 3247 2766 3317 φησι,
2793 3245 2886 3298 καὶ
2920 3241 3290 3314 αἰχμαλωσία,
3325 3238 3450 3292 ἀντὶ
3480 3238 3578 3306 τῆς
3609 3237 3792 3302 ἐπαγ-

2205 3342 2489 3412 γελθείσης
2535 3341 2758 3410 εἰρήνης
2815 3335 2912 3408 τὴν
2976 3331 3334 3406 Ἰερουσαλὴμ.
3389 3326 3789 3398 καταλήψεται.

2206 3434 2391 3488 Ταῦτα
2446 3431 2575 3502 περὶ
2639 3429 2748 3482 τῶν
2791 3423 3250 3498 ψευδοπροφητῶν
3318 3419 3554 3492 εἰρηκὼς
3595 3457 3610 3480 ,
3659 3417 3793 3488 τρέ-

2206 3545 2298 3580 πει
2351 3526 2443 3579 τὸν
2485 3524 2643 3590 λόγον
2692 3523 2784 3575 ἐπὶ
2832 3520 2931 3584 τὰς
2977 3513 3497 3589 ψευδοπροφήτιδας.
3538 3513 3794 3581 Ὄργανα

2205 3620 2314 3690 γὰρ
2347 3620 2441 3672 καὶ
2472 3618 2676 3678 ταύτας
2699 3617 2727 3668 ὁ
2755 3613 2855 3682 τῆς
2887 3609 3229 3682 ἀνθρωπείας
3274 3606 3490 3676 φύσεως
3529 3602 3796 3670 ἀλάστωρ

2206 3707 2404 3781 εὑρὼν,
2447 3709 2540 3760 καὶ
2597 3706 2686 3760 διὰ
2746 3704 2949 3758 τούτων
2988 3703 3085 3771 τὴν
3133 3695 3487 3770 ψευδολογίαν
3533 3694 3794 3763 ἐνήργει·

2207 3804 2303 3854 καὶ
2341 3803 2456 3863 τοῖς
2495 3798 2594 3870 μὲν
2645 3797 2950 3867 προφήταις
2994 3793 3122 3855 τοὺς
3166 3786 3619 3861 ψευδοπροφήτας
3660 3785 3796 3836 ἀντ-

2207 3894 2417 3954 ἔταττε,
2451 3893 2571 3953 ταῖς
2602 3889 2658 3941 δὲ
2680 3885 3023 3958 προφητικῆς
3063 3884 3286 3956 χάριτος
3319 3877 3656 3949 ὴξιωμέναις
3688 3891 3799 3942 γυ-

2207 3985 2350 4050 ναιξὶ
2403 3987 2502 4047 τὰς
2557 3981 2650 4035 τοῦ
2699 3979 2926 4048 ψεύδους
2983 3977 3080 4048 τὴν
3125 3976 3408 4046 ἐνέργειαν
3457 3965 3794 4038 δεξαμένας.

2207 4074 2470 4146 Προλέγει
2498 4072 2677 4126 τοίνυν
2702 4071 2796 4122 καὶ
2827 4066 3058 4129 ταύταις
3095 4066 3164 4118 τὰ
3195 4060 3612 4133 συμϐησόμενα.

2282 4228 2367 4288 ις’,
2399 4222 2489 4294 ιη’.
2523 4220 2632 4274 Καὶ
2685 4218 2787 4280 σὺ,
2839 4216 2932 4270 υἱὲ
2974 4213 3312 4282 ἀνθρώπου,
3369 4205 3671 4274 στήρισον
3723 4201 3799 4257 τὸ

2207 4313 2533 4385 πρόσωπόν
2563 4328 2679 4366 σου
2717 4309 2814 4364 ἐπὶ
2839 4313 2947 4372 τὰς
2979 4303 3306 4374 θυγατέρας
3336 4300 3442 4355 τοῦ
3462 4296 3618 4352 λαοῦ
3649 4309 3796 4356 σου,

2209 4408 2316 4473 τὰς
2368 4403 2866 4475 προφητευούσας
2917 4399 3036 4452 ἀπὸ
3089 4394 3339 4464 καρδίας
3387 4389 3587 4449 αὐτῶν
3617 4429 3635 4453 ,
3691 4385 3800 4439 καί

1071 4496 1161 4551 Va:
1213 4499 1580 4552 consuentibus
1644 4498 1946 4566 pulvinaria
2003 4497 2102 4552 sub

2211 4498 2638 4568 προφήτευσον
2676 4494 2768 4548 ἐπ’
2793 4491 2978 4556 αὑτὰς
3007 4529 3022 4551 ,
3071 4488 3170 4542 καὶ
3211 4481 3368 4555 ἐρεῖς
3388 4501 3399 4512 ’
3431 4481 3575 4536 Τάδε
3614 4477 3784 4546 λέγει

2222 4590 2460 4645 Ἀδωναῒ
2483 4589 2697 4656 Κύριος
2719 4601 2732 4616 ’
2771 4584 2913 4638 Οὐαὶ
2935 4578 3064 4646 ταῖς
3093 4575 3584 4647 συρῤαπτούσαις
3605 4582 3798 4637 προσο

2209 4681 2507 4750 κεφάλαια
2528 4680 2647 4734 ὑπὸ
2674 4677 2868 4731 πάντα
2913 4671 3156 4743 ἀγκῶνα
3189 4667 3409 4740 χειρὸς,
3445 4665 3542 4718 καί
3589 4661 3801 4716 ποιού-

2208 4788 2348 4837 σαις
2400 4770 2782 4825 ἐπιϐύλαια⁶⁸
2825 4767 2926 4821 ἐπὶ
2981 4765 3190 4820 πᾶσαν
3247 4757 3527 4828 κεφαλὴν
3581 4752 3796 4817 πάσης

2211 4865 2451 4931 ἡλικίας
2481 4903 2494 4926 ,
2535 4863 2642 4917 τοῦ
2687 4859 3044 4927 διαστρέψαι
3093 4856 3136 4887 ⁸⁸
3166 4851 3392 4923 ψυχάς.
3429 4847 3542 4911 Τὰς
3583 4843 3798 4914 ψυχὰς

2211 4958 2316 5011 τοῦ
2343 4955 2496 5011 λαοῦ
2540 4973 2660 5024 μου
2705 4952 3057 5020 διμὲστρεεεον
3083 4949 3146 4980 ⁶⁹⁶
3171 4985 3189 5010 ,
3247 4943 3348 4998 καί
3383 4940 3591 5012 ψυχὰς
3632 4954 3796 5004 περ.-

2208 5049 2542 5102 εποιοῦντο.
2566 5047 2737 5099 Τοῦτο
2761 5045 2817 5097 δὲ
2853 5042 3189 5111 σαφέστερον
3223 5039 3252 5089 ὁ
3275 5035 3575 5104 Σύμμαχος
3603 5030 3795 5100 ἠρμή·

2209 5157 2427 5204 νευσεν,
2470 5139 2642 5202 οὕτως
2688 5137 2860 5190 εἰπών
2894 5153 2908 5166 ·
2942 5155 2960 5187 ‹
2986 5133 3120 5186 Οὐαὶ
3165 5131 3287 5193 ταῖς
3341 5123 3794 5196 συρραπτούσαις

1816 5353 2052 5411 νΑηιτΕ
2093 5352 2494 5408 LECTIONES.

596 5553 640 5627 ’ᾗ
682 5554 776 5627 θεαὶ
811 5584 882 5627 -Λ
910 5556 1172 5627 πεσεῖται.
1205 5555 1366 5612 Hebr.
1407 5575 1633 5627 vosque,
1671 5557 1875 5626 lapides
1903 5556 2228 5627 grandinis.‘
2261 5555 2490 5610 cadetis.
2541 5556 2611 5627 7“
2649 5554 2768 5627 ἥξει
2814 5552 2929 5627 καί.
2966 5552 3158 5627 Exstat
3202 5555 3418 5627 tantum
3466 5538 3791 5627 ipﬁompl-

524 5623 569 5655 “
609 5625 649 5680 Β
674 5621 845 5691 εἷπον,
867 5625 1024 5692 juxta
1057 5625 1265 5696 Compl.
1345 5629 1386 5659 θ’
1429 5631 1469 5680 Β
1501 5615 1690 5698 αὑτήν,
1714 5615 1867 5697 Ῑίικιει
1897 5615 2106 5696 Compl.
2187 5615 2231 5657 ⁸⁸
2254 5627 2399 5698 ἐπιδ.
2438 5656 2505 5698 έ-
2533 5615 2713 5698 διαστί
2734 5624 2935 5698 ψυχάς.
2965 5623 3204 5698 -Ρςεεειιιι
3235 5615 3546 5698 δγηῃιιοείι]
3580 5615 3791 5698 versit);

522 5708 644 5781 qum
671 5704 794 5781 post
829 5710 1003 5780 pauca
1047 5698 1316 5781 sequitur.

1456 5702 1475 5729 9
1516 5700 1556 5749 Β
1582 5697 1948 5769 διαστρέφειν,
1979 5699 2132 5766 juxta
2161 5705 2286 5751 'rcc.
2327 5697 2510 5769 lectio.

2622 5697 2687 5728 ⁸³⁸
2959 5679 3295 5764 διέστρεφονῖ
3345 5685 3475 5743 Rec.
3524 5682 3694 5738 lectio
3732 5679 3792 5733 αἱ

520 5763 1139 5846 ψυχαὶμπὸιεστρὰφησαν
1167 5767 1258 5822 τοῦ
1288 5767 1416 5820 λαοῦ
1452 5785 1550 5841 μου
1613 5763 1777 5824 Hebr.
1815 5763 2027 5847 animus
2060 5769 2327 5825 venamini
2361 5768 2500 5822 inter
2549 5766 2807 5836 pepulum
2856 5780 3058 5821 meum.
