4034 6460
318 365 422 428 917

1441 404 1443 406 -
1504 357 1586 432 IN
1615 370 2065 431 EZECHIELIS
2101 371 2259 430 CAP.
2294 371 2463 430 x111.

3473 365 3579 429 918

321 475 647 544 ὑωγκὼνια
679 477 789 533 ὑπὸ
809 476 988 533 πάντα
1017 478 1240 548 ἀγκῶνα
1267 480 1470 552 χειρὸς,
1495 483 1592 537 καὶ
1617 483 1899 546 ποιούσαις

2013 483 2210 539 tionem
2251 485 2532 540 molliores
2573 498 2638 538 ac
2676 483 2929 540 mitiores
2970 483 3127 539 hisce
3171 482 3359 538 verbis
3400 480 3582 535 innuit

319 563 629 634 ὑπαυχένια
681 565 818 637 πρὸς
856 567 1097 639 κεφαλῆς
1139 567 1320 640 πάσης
1353 570 1568 641 ἡλικίας
1593 573 1674 634 είς
1704 571 1766 624 τὸ
1799 570 1900 642 θη-

321 655 500 724 ρεύειν
529 655 738 726 ψυχάς.
770 676 788 708 ι
826 659 1116 730 Τροπικῶς
1153 661 1210 714 δὲ
1237 661 1328 716 διὰ
1356 662 1562 716 τούτων
1588 664 1714 726 τοὺς
1749 664 1896 716 ἁπα-

319 745 591 816 λωτέρους
637 748 732 801 καὶ
775 749 1170 822 χρηστοτέρους
1202 751 1424 822 ᾐνίξατο
1455 753 1644 822 λόγους
1676 770 1690 783 ο

1997 588 2305 629 sermones.
2333 573 2640 628 Cervicalia
2666 576 2815 630 enim
2846 581 2902 630 et
2932 573 3242 645 pulvinaria
3279 571 3582 641 requietem

1995 663 2292 734 quamdam
2334 671 2392 719 et
2434 665 2696 721 solatium
2755 663 2998 720 aﬂ‘erunt
3043 663 3329 728 membris,
3379 657 3584 731 qu‘ibus

1740 753 1811 807 τά
1838 769 1899 806 τε
1997 762 2392 825 supponuntur
2425 771 2439 807 :
2486 762 2542 810 et
2581 756 2838 810 molliora
2875 756 3066 819 verba,
3105 769 3232 809 cum
3262 752 3402 807 falsa
3431 750 3581 825 sint,

321 837 427 907 γὰρ
466 838 772 907 ὑπαυχένια
803 842 896 894 καὶ
929 841 1000 895 τὰ
1042 843 1367 909 ὑπαγκώνια
1409 843 1727 914 ᾁνάπαυλάν
1776 861 1899 898 τινα

2013 850 2064 903 Id
2117 856 2337 918 tempus
2392 847 2616 917 quidem
2669 863 2832 904 aures
2896 847 3172 912 titillant,
3238 844 3337 901 sed
3401 843 3582 897 omnis

320 928 413 980 καὶ
435 919 737 999 θεραπείαῦ
762 932 1064 1004 προσφέρει
1098 934 1206 995 τοῖς
1241 931 1480 1002 μέλεσιν,
1507 930 1588 998 οἷς
1612 934 1897 988 ὑποτίθεν-

318 1033 440 1071 ται’
475 1020 572 1071 καὶ
606 1021 656 1072 οί
707 1021 1062 1090 χρηστότεροι
1112 1022 1285 1090 λόγοι,
1323 1024 1417 1077 καὶ
1463 1024 1679 1093 ψευδεῖς
1725 1025 1899 1090 ὄντες,

319 1110 456 1180 πρὸς
490 1111 686 1182 καιρὸν
726 1113 828 1182 μὲν
854 1113 951 1183 τὴν
985 1114 1156 1184 ἀκοὴν
1195 1115 1610 1185 γαργαλίζουσι,
1647 1116 1898 1188 διαστρο-

317 1199 422 1268 (pd;
449 1199 509 1252 δὲ
541 1201 892 1266 παντοδαπὰς
924 1205 1291 1274 προσφέρουσι
1336 1208 1458 1270 ταῖς
1488 1205 1705 1277 ψυχαῖς.
1739 1208 1902 1262 Οὕτω

321 1292 416 1344 καὶ
440 1293 496 1343 αἱ
532 1291 1033 1364 ψευδοπροφήτιδες
1058 1294 1136 1366 τῷ
1169 1296 1270 1367 μὲν
1298 1296 1412 1368 λαῷ
1436 1298 1535 1367 τὴν
1558 1299 1696 1352 κατὰ
1722 1299 1900 1371 ψυχὴν

316 1379 549 1451 βλὰὄην,
596 1383 816 1447 ἑαυταῖς
864 1383 922 1436 δὲ
954 1386 1294 1456 χρηματικὸν
1329 1387 1740 1457 περιεποιοῦντο
1771 1391 1902 1461 κέρ-

313 1471 426 1533 δος,
462 1471 534 1525 τὰ
561 1471 822 1526 δοκοῦντα
847 1473 1060 1543 χρηστὰ
1094 1476 1556 1546 προφητεύουσαι.
1594 1478 1764 1532 Τοῦτο
1793 1480 1903 1552 γὰρ

315 1560 542 1631 ᾐνίξατο
569 1562 808 1634 εἰρηκώς
830 1580 843 1594 ⁹
868 1584 886 1616 ί
913 1564 1024 1628 Τὰς
1048 1563 1226 1636 ψυχὰς
1255 1565 1348 1619 τοῦ
1376 1565 1507 1619 λαοῦ
1536 1584 1635 1638 μου
1665 1568 1906 1644 διέστρε-

2004 939 2222 1011 generis
2249 939 2568 1017 eversiones
2594 938 2794 994 animis
2829 937 3088 994 aﬂerunt.
3123 935 3202 989 lta
3235 935 3399 990 etiam
3431 932 3588 986 falsae

2004 1037 2160 1085 vates
2195 1028 2401 1098 populo
2438 1027 2637 1083 animae
2673 1029 2902 1083 exitium
2932 1068 2948 1094 ,
2987 1027 3094 1083 sibi
3132 1026 3267 1096 ipsis
3312 1023 3580 1094 pecunia-

2006 1137 2130 1174 rum
2163 1121 2376 1176 lucrum
2407 1121 2846 1190 comparabant,
2887 1134 2950 1174 ea
3006 1117 3402 1188 prOpbetantes
3459 1128 3583 1182 quae

2005 1209 2262 1264 videntur
2290 1209 2469 1264 utilia.
2497 1207 2616 1263 Hoc
2644 1209 2790 1263 enim
2822 1209 3004 1262 innuit
3031 1221 3155 1261 cum
3188 1205 3364 1260 dixit:
3406 1221 3425 1254 ι
3457 1201 3584 1256 Ani-

2007 1315 2126 1355 mas
2166 1299 2355 1370 populi
2403 1299 2510 1355 mei
2566 1298 2987 1368 pervertebant,
3042 1303 3097 1351 et
3142 1295 3357 1350 animas
3400 1307 3586 1348 serva-

2009 1392 2165 1448 bant.
2198 1409 2220 1439 »
2276 1390 2665 1446 Pervertentes
2723 1390 2870 1444 enim
2921 1387 3183 1458 populum
3218 1426 3233 1450 ,
3288 1391 3343 1439 et
3391 1399 3422 1436 a
3475 1381 3585 1435 Deo

2010 1483 2330 1538 recedentes
2355 1521 2370 1544 ,
2402 1482 2564 1552 762
2609 1482 2665 1534 id
2703 1480 3033 1542 elliciebant,
3068 1485 3128 1532 ut
3157 1477 3275 1534 suis
3305 1474 3473 1530 dictis
3505 1474 3586 1527 illi

2014 1559 2383 1629 attenderent.
2416 1569 2680 1641 Sequitur
2712 1571 2852 1625 lucri
2886 1570 3090 1624 vilitas.

316 1667 436 1718 φον,
469 1654 566 1706 καὶ
593 1653 774 1725 ψυχὰς
803 1655 1228 1726 περιεποιοῦντο.
1265 1677 1285 1711 ι
1320 1659 1749 1731 Διαστρέφοντες
1779 1666 1886 1739 γὰρ
1927 1669 2019 1724 τὸν
2073 1665 2224 1730 λαὸν,
2272 1663 2489 1718 καὶτοῦ
2539 1662 2674 1716 Θεοῦ
2732 1660 3092 1732 ἁφιστῶντες,
3143 1659 3340 1720 αὐταῖς
3414 1671 3591 1727 προσ-

313 1744 466 1816 έχειν
493 1748 931 1818 παρεσκεύαζον.
958 1747 1092 1804 Εἶτα
1115 1751 1340 1822 κέρδους
1372 1754 1433 1806 τὺ
1461 1757 1701 1822 εὐτελές.

389 1835 480 1891 ιθ¹.
520 1837 631 1891 Καὶ
659 1837 990 1905 ἑϐεὸήλουν
1007 1860 1085 1911 με
1104 1843 1255 1911 πρὸς
1293 1845 1397 1900 τὸν
1420 1849 1576 1902 λαόν
1596 1867 1737 1918 μου,
1772 1848 1901 1904 ἕνε-

2074 1845 2242 1902 Vens.
2267 1844 2355 1898 19.
2383 1842 2450 1898 Ει
2469 1841 2826 1912 profanabant
2854 1859 2934 1896 me
2958 1841 3097 1910 apud
3123 1840 3373 1910 pupulum
3391 1859 3562 1896 meum

315 1945 426 1982 κεν
451 1928 676 1997 δρακὸς
691 1930 932 2000 κριθῶν,
951 1935 1049 1987 καὶ
1067 1934 1277 1990 ἕνεκεν
1306 1939 1673 2009 κλασμάτων
1700 1920 1905 2011 ἄρτου.

318 2021 388 2073 Τί
422 2021 534 2092 γὰρ
579 2022 790 2077 τούτων
841 2024 1263 2098 εὐτελέστερον;
1299 2029 1364 2081 Τί
1413 2032 1471 2084 δὲ
1525 2032 1908 2105 χαλεπώτερον

315 2113 422 2182 τῆς
449 2113 700 2168 ἐντεῦθεν
735 2117 1081 2188 ὲπαγομένης
1109 2118 1289 2190 λώϐης
1316 2139 1328 2188 ;
1366 2141 1384 2172 ι
1407 2123 1512 2175 Τοῦ
1543 2126 1862 2179 ἀποκτεῖναι
1893 2164 1908 2190 ,

318 2204 480 2276 φησὶ,
509 2205 710 2276 ψυχὰς,
758 2206 827 2270 ἃς
875 2209 978 2262 οὐκ
1012 2209 1122 2262 ἔδει
1155 2211 1474 2278 ἀποθανεῖν,
1509 2217 1601 2268 καὶ
1631 2215 1725 2270 τοῦ
1754 2234 1910 2288 περι-

321 2297 655 2368 ποιήσασθαι
680 2299 883 2370 ψυχὰς,
928 2299 994 2364 ἃς
1032 2301 1131 2354 οὑκ
1162 2302 1267 2355 ἔδει
1292 2305 1477 2375 ζῆσαι,
1509 2309 1566 2360 ὲν
1585 2308 1630 2338 ⁷⁰
1659 2307 1736 2378 τῷ
1764 2309 1902 2362 ἀπο-

321 2388 659 2457 φθέγγεσθαι
695 2390 842 2460 ύμᾶς
867 2389 984 2460 λαῷ
1022 2391 1359 2448 εἰσακούοντι
1407 2398 1615 2466 μάταια
1661 2399 1908 2469 ἀποφθέ-

322 2483 602 2550 γματα⁷¹.
635 2500 654 2533 ι
701 2482 946 2553 Σμικροῢ
981 2484 1091 2555 γὰρ
1140 2486 1326 2539 ἕνεκεν
1362 2489 1609 2560 κέρδους,
1657 2491 1781 2553 τοὺς
1813 2492 1911 2563 μὲν

323 2574 580 2647 ἐπῃνεῖτε
617 2577 798 2646 μάτην
825 2577 918 2629 ἐπὶ
964 2576 1058 2630 τοῦ
1088 2577 1242 2643 λαοῦ,
1276 2581 1404 2644 τοὺς
1431 2581 1488 2635 δὲ
1533 2584 1802 2654 τιμωρίας
1829 2583 1908 2637 εἷ-

322 2682 414 2718 ναι
441 2665 624 2729 ἀξίους
669 2665 908 2732 ἐλέγετε,
934 2669 999 2738 τῇ
1035 2667 1128 2720 τοῦ
1166 2667 1296 2723 λαοῦ
1347 2671 1640 2743 κουφότητι
1671 2675 1767 2727 καὶ
1811 2675 1903 2727 εύ-

325 2755 486 2827 κολίᾳ
513 2757 700 2821 κακῶς
745 2759 1216 2830 ἀποκεχρημέναι.
1276 2762 1598 2834 Πειοόμενοι
1650 2765 1760 2839 γὰρ
1801 2769 1914 2831 τοῖς

326 2846 418 2916 ὑφ’
466 2847 625 2918 ὑμῶν
669 2848 1008 2920 λεγομένοις,
1059 2853 1186 2914 τοὺς
1234 2852 1332 2923 μὲν
1375 2853 1578 2917 ἀδίκως
1619 2855 1912 2922 διέσωζον,

324 2937 453 3001 τοὺς
473 2936 529 2990 δὲ
557 2937 736 3009 μάτην
759 2941 1154 3009 κατέσφαττον.
1181 2941 1340 2996 Οὕτω
1363 2942 1461 3014 τὴν
1488 2943 1743 3000 ἀσέϐειαν
1767 2946 1916 3016 ἐλέγ-

328 3028 446 3095 ξας,
473 3031 694 3084 ἀπειλεῖ
720 3031 1014 3104 τιμωρίαν.

394 3129 466 3187 κ’,
493 3129 602 3178 κα⁹.
635 3123 740 3177 Διὰ
774 3122 952 3177 τοῦτο
997 3122 1141 3178 τάδε
1173 3124 1338 3194 λέγει
1383 3125 1628 3182 Ἁδωναῒ
1655 3129 1872 3198 Κύριος
1895 3145 1911 3160 ⁸

338 3213 487 3269 Ἰδοὺ
543 3214 659 3284 ἐγὼ
703 3214 803 3268 ἐπὶ
856 3217 929 3270 τὰ
978 3217 1439 3288 προσκεφάλαια
1485 3220 1675 3290 ὑμῶν,
1727 3223 1820 3292 ἐφ’
1868 3223 1906 3278 ἂ
1937 3216 1980 3274 C
2015 3219 2184 3272 minus
2224 3234 2242 3271 :

326 3307 496 3377 ὑμεῖς
520 3307 896 3376 συστρέφετε
931 3310 979 3341 ⁷²
1024 3309 1150 3364 ἐκεῖ
1200 3312 1427 3380 ψυχὰς,
1476 3313 1576 3366 καί
1617 3313 1918 3384 διαῤῥήξω

325 3399 479 3454 αὐτὰ
505 3399 664 3453 ἐπίη
686 3399 804 3453 τῶν
821 3401 1169 3470 βραχιόνων
1192 3403 1380 3472 ὑμῶν,
1403 3403 1502 3458 καὶ
1531 3404 1919 3470 ἐξαποστελῶ

326 3491 436 3557 τὰς
472 3490 700 3560 ψυχὰς,
746 3491 820 3557 ἀς
862 3491 1033 3561 ὑμεῖς
1086 3491 1513 3563 ἐξεστρέψατε,
1560 3499 1668 3563 τὰς
1711 3498 1918 3568 ψυχὰς

327 3581 531 3637 αὐτῶν
572 3584 661 3649 εἰς
702 3580 1188 3652 διασκορπισμόν
1205 3584 1274 3640 ⁷⁵.
1313 3585 1423 3640 Kal
1463 3586 1635 3655 ῥήξω
1682 3588 1754 3642 τὰ
1787 3588 1917 3642 ἐπι-

327 3674 607 3728 σόλαιαη
639 3674 828 3744 ὑμῶν,
871 3674 973 3729 καὶ
1014 3676 1276 3746 ῥύσομαι
1324 3678 1433 3732 τὸν
1474 3681 1628 3734 λαόν
1676 3697 1798 3750 μου
1848 3681 1919 3734 ἐκ

327 3765 528 3833 χειρὸς
579 3765 788 3836 ὑμῶν,
838 3765 940 3822 καὶ
983 3769 1095 3822 οὐκ
1147 3767 1237 3822 ἔτι
1281 3768 1529 3825 ἔσονται
1581 3771 1649 3826 ἐν
1705 3772 1921 3842 χερσὶν

326 3855 497 3925 ὑμῶν
528 3859 618 3923 είς
648 3857 1012 3927 συστροφὴν
1036 3861 1082 3891 ⁷⁸
1114 3899 1130 3924 ,
1165 3859 1266 3914 καὶ
1317 3861 1727 3932 ἐπιγνώσεσθε
1756 3863 1844 3918 ὅτι
1864 3865 1915 3896 ⁷⁷

329 3947 446 4018 ἐγὼ
463 3950 704 4018 Κύριος.
738 3950 989 4019 Ἐλέγξω,
1023 3951 1178 4023 φησὶ,
1206 3951 1334 4016 τοὺς
1372 3953 1670 4025 ὑμετέρους
1703 3955 1916 4024 λόγους,

330 4041 428 4094 καὶ
468 4041 634 4107 δείξω
660 4041 901 4111 ψευδεῖς,
943 4042 1040 4095 καὶ
1085 4042 1208 4096 ἀντὶ
1240 4043 1348 4098 τῶν
1394 4046 1649 4116 χρηστῶν
1694 4047 1920 4101 ἐκείνων

327 4129 702 4200 ἐπαγγελιῶν,
745 4133 801 4186 αἳ
849 4132 1091 4186 ἐοίκασιν
1125 4133 1472 4203 ὑπαυχενίοις
1515 4136 1781 4206 μαλακοῖς
1825 4137 1921 4190 καὶ

329 4221 719 4290 ὑπαγγωνίοις,
749 4220 937 4290 ἐπάξω
967 4221 1038 4276 τὰ
1085 4222 1309 4291 ἀλγεινὰ
1338 4223 1414 4294 τῷ
1461 4225 1742 4279 πεισθέντι
1789 4227 1919 4297 ὑμῖν

329 4313 468 4384 λαῷ,
507 4314 603 4369 καὶ
631 4314 972 4385 διασκορπιῶ
1018 4315 1238 4379 αὐτοὺς,
1274 4317 1339 4387 τῇ
1372 4316 1539 4387 ’πείρᾳ⁹
1564 4317 1831 4371 διδάσκων
1859 4319 1921 4371 τὸ

330 4406 595 4478 ὑμέτερον
618 4406 833 4476 ψεῦδος.
868 4405 1251 4479 Ἐλευθερώσω
1276 4407 1334 4462 δὲ
1368 4409 1565 4473 αὐτοὺς
1615 4411 1765 4480 ὅμως
1814 4412 1922 4466 ἀπὸ

328 4497 428 4568 τῆς
463 4497 737 4568 ὑμετέρας
781 4497 1157 4567 ψευδολογίας,
1213 4499 1416 4554 πείθων
1473 4501 1696 4569 αὐτοὺς,
1743 4503 1811 4556 δι’
1837 4499 1914 4559 ὧν

2010 1954 2106 2007 pro
2134 1936 2334 2006 pugillo
2355 1935 2692 1999 hordeorum,
2716 1943 2764 1988 et
2793 1950 2887 2001 pro
2914 1933 3225 2002 fragmentis
3247 1933 3423 2000 panis.
3447 1931 3588 1998 Quid

2011 2031 2158 2085 enim
2205 2029 2292 2083 bis
2329 2027 2544 2082 vilius?
2591 2026 2656 2080 Et
2696 2025 2826 2097 quid
2861 2025 3184 2091 molestius,
3215 2025 3419 2080 damno
3460 2026 3590 2080 hinc

2012 2121 2312 2193 proiecto?
2352 2139 2369 2170 ι
2407 2121 2480 2177 Ut
2511 2118 2911 2185 interﬁcerent,
2945 2119 3147 2190 inquit,
3182 2119 3419 2184 animas,
3449 2135 3590 2190 quas

2011 2228 2120 2268 non
2152 2213 2442 2282 Oportebat
2474 2211 2648 2274 mori,
2682 2219 2735 2266 et
2764 2219 2823 2265 ut
2849 2217 3136 2266 servarent
3169 2210 3418 2275 animas,
3451 2225 3590 2280 quas

2013 2323 2122 2361 non
2159 2305 2455 2376 Oportebat
2480 2305 2682 2370 vivere,
2713 2320 2838 2359 cum
2863 2302 3228 2374 loqueremini
3263 2318 3360 2358 vos
3389 2304 3592 2374 populo

2011 2412 2154 2452 vana
2186 2412 2452 2468 responsa
2482 2396 2821 2451 exaudienti.
2850 2416 2868 2449 ›
2899 2395 3060 2451 Parvi
3087 2397 3231 2451 enim
3260 2397 3398 2450 lucri
3423 2411 3592 2450 causa

2012 2487 2153 2543 alios
2209 2486 2418 2541 frustra
2473 2485 2786 2540 laudabatis
2849 2485 2902 2538 in
2959 2487 3161 2555 pupulo
3194 2525 3208 2551 ,
3270 2485 3410 2540 alios
3470 2500 3594 2540 esse

2011 2579 2286 2649 supplicio
2315 2578 2513 2648 dignos
2543 2577 2782 2632 aiebatis
2803 2617 2817 2642 ,
2859 2577 3051 2646 populi
3096 2576 3318 2631 levitate
3352 2575 3594 2630 facilita-

2011 2677 2179 2740 teque
2229 2668 2544 2724 abutentes.
2592 2667 2675 2721 llli
2724 2667 2870 2721 enim
2909 2666 3107 2723 vestris
3149 2666 3317 2723 dictis
3347 2668 3592 2730 addicti,

2013 2762 2154 2817 alios
2186 2777 2310 2816 esse
2333 2761 2520 2816 salvos
2547 2761 2759 2830 injuste
2782 2759 3076 2830 iubebant,
3110 2760 3249 2816 alios
3282 2761 3401 2815 sine
3428 2775 3597 2815 causa

2013 2850 2366 2906 occidebant.
2413 2849 2504 2905 Sic
2555 2850 2853 2921 redarguta
2898 2849 3217 2920 impietate,
3262 2850 3596 2920 supplicium

2015 2941 2260 2997 minatur
2301 2960 2314 2996 :

2091 3124 2255 3180 Vens.
2293 3124 2363 3179 20
2395 3164 2409 3189 ,
2443 3123 2531 3179 2|.
2576 3123 2862 3192 Propterea
2915 3124 3026 3179 Itan:
3064 3123 3193 3178 dicit
3231 3123 3441 3178 Adonei
3489 3122 3598 3176 Do-

2309 3215 2446 3271 Ecce
2522 3233 2612 3287 ego
2663 3233 2820 3285 super
2863 3215 3164 3285 pulvinaria
3215 3224 3385 3269 vestra
3445 3232 3603 3284 super

2017 3327 2135 3378 qua:
2168 3327 2257 3364 vos
2291 3311 2541 3380 colligitis
2565 3310 2638 3363 ibi
2679 3311 2888 3364 ainmas
2911 3349 2926 3373 ,
2967 3319 3016 3363 et
3052 3309 3356 3377 dirumpam
3393 3325 3455 3361 ea
3503 3308 3598 3362 sub

2020 3402 2249 3457 brachiis
2307 3403 2495 3456 vestris
2544 3418 2562 3455 :
2613 3410 2662 3454 et
2725 3402 2961 3455 emittam
3020 3400 3268 3462 animas,
3323 3416 3454 3468 quas
3509 3416 3600 3452 vos

2019 3494 2343 3561 pervenistis
2379 3533 2394 3558 ,
2441 3493 2652 3546 animas
2686 3492 2920 3559 ipsorum
2965 3491 3020 3543 in
3064 3489 3482 3557 dissipationem.
3531 3488 3599 3543 Et

2021 3571 2264 3653 rumpam
2299 3585 2560 3638 velamina
2595 3593 2768 3639 vestra
2791 3625 2806 3652 ,
2843 3593 2890 3636 et
2920 3599 3104 3636 eruam
3139 3583 3391 3652 papulum
3427 3599 3600 3635 meum

2019 3680 2083 3731 de
2109 3693 2270 3730 manu
2300 3684 2472 3729 vestra
2495 3718 2509 3741 ,
2547 3684 2595 3727 et
2636 3691 2742 3728 non
2777 3674 3005 3743 amplius
3042 3682 3194 3727 erant
3245 3673 3297 3725 in
3347 3672 3598 3726 manibus

2020 3768 2208 3822 vestris
2253 3767 2306 3820 in
2360 3767 2814 3836 congregationem
2844 3805 2859 3828 ,
2906 3773 2955 3818 et
3006 3763 3325 3835 cognoscetis
3368 3779 3448 3816 me
3491 3779 3605 3818 esse

2022 3857 2328 3911 Dominum.
2361 3855 2709 3924 Rcdarguam
2733 3896 2747 3920 ,
2799 3855 2980 3924 inquit
3011 3894 3026 3919 ,
3079 3855 3247 3909 verba
3283 3861 3467 3908 vestra
3494 3893 3509 3918 ,
3549 3861 3603 3908 et

2022 3949 2162 4004 falsa
2191 3963 2314 4004 esse
2343 3947 2656 4013 ostendam,
2689 3954 2744 4000 et
2775 3962 2874 4017 pro
2903 3946 3065 4001 bonis
3102 3945 3217 4000 illis
3246 3946 3605 4015 pollicitatio-

2023 4043 2223 4107 nibus,
2252 4057 2373 4112 qnae
2403 4041 2614 4097 similes
2649 4047 2780 4096 sunt
2833 4040 3090 4094 mollibus
3143 4039 3510 4096 cervicalibus
3548 4049 3604 4096 et

2024 4135 2270 4206 pulvinis
2293 4175 2310 4198 ,
2371 4133 2614 4206 inﬂigam
2655 4136 2672 4155 '
2717 4133 3066 4187 calamitates
3097 4133 3298 4203 populo
3325 4134 3421 4204 qui
3451 4133 3603 4189 vobis

2023 4225 2364 4290 crediderit,
2406 4232 2461 4279 et
2491 4225 2808 4294 dispergam
2848 4238 2974 4286 eos,
3013 4223 3358 4292 experientia
3396 4224 3604 4280 docens

2024 4315 2313 4371 mendacia
2329 4323 2534 4371 vestra.
2567 4313 2727 4384 763
2758 4312 3028 4367 Liberabo
3046 4323 3225 4368 tamen
3250 4328 3346 4370 eos
3369 4329 3399 4368 a
3417 4322 3602 4371 vestro

2026 4407 2337 4473 mendacio,
2372 4405 2714 4478 persuadens
2754 4404 2892 4476 ipsis
2929 4421 3026 4476 per
3065 4405 3228 4469 mala,
3269 4421 3392 4476 quae
3429 4407 3605 4462 susti-

2025 4502 2236 4558 nebunt
2261 4543 2276 4568 ,
2331 4499 2480 4555 haud
2533 4498 2770 4569 amplius
2820 4497 3010 4554 verbis
3040 4498 3242 4553 vestris
3276 4513 3399 4555 esse
3426 4506 3602 4553 atten-

331 4565 692 4662 ὑπομένουσι,
749 4565 948 4660 μηκέτι
986 4565 1099 4656 τοῖς
1145 4592 1434 4664 ὑμετέροις
1486 4565 1777 4666 προσέξειν
1820 4597 1909 4651 λό-

2021 4593 2403 4659 dendum,sed
2446 4607 2534 4648 me
2586 4607 2712 4649 esse
2766 4591 3201 4664 agnoscendum,
3239 4606 3338 4662 pro
3366 4589 3600 4646 Domino

327 4700 469 4752 γοις,
521 4682 638 4737 ἀλλ’
691 4683 792 4754 ἐμὲ
841 4682 1046 4756 Κύριον
1100 4685 1503 4756 ἐπιγράφεσθαι
1554 4688 1650 4742 καὶ
1705 4689 1915 4743 Δεσπό-

327 4791 452 4829 την.

399 4792 452 4829 ν.

361 4792 508 4934 ηκβ⁹,
540 4871 646 4933 κγ’.
689 4866 834 4920 Ἆνθ’
862 4861 951 4922 ὧν
973 4865 1348 4938 διεστρέφετο
1392 4870 1645 4938 καρδίαν
1682 4873 1917 4930 δικαίου

2034 4695 2200 4757 atque
2234 4683 2403 4740 Hero.

2098 4869 2265 4926 Vens.
2286 4870 2382 4934 22,
2398 4869 2489 4924 2⁸5.
2506 4869 2797 4939 Propterea
2812 4867 2949 4939 quod
2965 4866 3337 4936 pervertebatis
3365 4883 3456 4921 cor
3463 4868 3605 4937 justi

327 4956 571 5023 ἀδίκως,
617 4957 718 5010 καὶ
745 4958 860 5027 ἐγὼ
906 4961 979 5012 οὐ
1021 4958 1376 5030 ὃιέστρεςοον
1409 4963 1614 5029 αὐτὸν,
1668 4965 1767 5019 καὶ
1806 4965 1910 5021 τοῦ

2019 4963 2234 5031 injuste,
2257 4969 2306 5014 et
2321 4977 2413 5032 ego
2441 4976 2543 5014 non
2558 4958 2914 5029 pervertebam
2937 4974 3053 5012 eum
3071 4973 3090 5011 :
3106 4968 3154 5012 et
3177 4973 3393 5026 prorsus
3429 4975 3606 5014 corro-

328 5048 694 5115 κατισχύσαι
731 5048 934 5116 χεῖρας
972 5049 1201 5119 ἀνόμου
1237 5051 1304 5105 τὸ
1349 5055 1632 5120 καθόλου,
1685 5057 1792 5110 τοῦ
1826 5057 1910 5127 μὴ

2027 5054 2255 5109 borastis
2291 5069 2477 5106 manus
2508 5052 2682 5121 impii,
2710 5066 2773 5104 ne
2801 5058 3189 5104 converteretur
3209 5051 3319 5120 ipse
3338 5069 3371 5105 a
3394 5053 3477 5106 via
3507 5070 3606 5107 sua

326 5140 713 5208 ἀποστρέψαι
748 5139 936 5195 αὐτὸν
962 5140 1081 5196 ἀπὸ
1119 5141 1230 5212 τῆς
1267 5143 1414 5198 ὀδοῦ
1459 5147 1646 5201 αὑτοῦ
1676 5146 1785 5216 τῆς
1811 5164 1910 5203 πο-

2026 5142 2192 5209 mala,
2206 5153 2254 5199 et
2270 5146 2457 5198 viveret
2478 5144 2604 5212 ipse.
2626 5142 2907 5211 Propterea
2926 5142 3200 5197 mendacia
3219 5159 3321 5198 non
3338 5143 3602 5208 videbitis,

330 5229 524 5299 νηρᾶς
543 5271 558 5296 ,
591 5231 690 5285 καί
723 5228 898 5300 ζῆσαι
927 5235 1135 5289 αὐτόν.
1159 5235 1263 5289 Διὰ
1290 5235 1464 5289 τοῦτο
1499 5237 1697 5306 ψευδῆ
1724 5239 1796 5291 οὐ
1826 5237 1910 5307 μὴ

2025 5245 2074 5288 et
2098 5235 2448 5290 divinationes
2499 5251 2601 5287 non
2641 5233 2954 5288 divinabitis
2995 5235 3246 5303 amplius,
3285 5247 3334 5290 et
3365 5235 3603 5291 liberabo

333 5322 524 5390 ἴδητε,
554 5321 654 5376 καί
682 5323 969 5391 μαντείας
996 5325 1068 5378 οὐ
1099 5325 1178 5380 ui!
1202 5326 1629 5393 μαντεύσησθε
1659 5327 1747 5381 ἔτι
1767 5346 1780 5360 ·
1815 5329 1910 5381 καί

2023 5327 2275 5397 populum
2332 5342 2504 5380 meum
2532 5342 2560 5380 e
2614 5342 2774 5378 manu
2822 5335 3012 5391 vestra,
3053 5336 3100 5382 et
3144 5329 3467 5398 cognoscetis
3523 5343 3602 5380 me

1648 5503 1883 5558 VARI/1‘3
1925 5502 2327 5560 LECTIONES.

404 5619 453 5691 ⁷9
495 5618 793 5691 sva—ope;
833 5616 994 5691 Hebr.
1020 5617 1148 5691 dum
1178 5620 1504 5691 mentimini.
1583 5620 1625 5652 ⁷¹
1671 5621 1799 5691 μάτ.
1827 5619 2137 5690 ὰποφθέγμ.
2181 5619 2340 5674 Hebr.
2376 5617 2740 5691 mendacium.
2819 5620 2865 5651 ⁷³
2910 5619 3095 5691 συστρ.
3115 5615 3602 5691 _lleb_r_-.vcnamini.

335 5688 383 5720 "
422 5690 537 5743 ὲπί.
585 5684 718 5745 nec.
765 5688 926 5743 lectio
958 5689 1086 5744 ἀπό.
1196 5689 1242 5720 ⁷⁵
1279 5691 1359 5753 εἰς
1392 5684 1682 5758 διασκορπξ
1737 5690 1894 5745 Hebr.
1949 5684 2014 5745 nt
2049 5684 2312 5758 ﬂoreant,
2357 5706 2405 5746 s.
2455 5689 2638 5748 felices
2685 5691 2816 5746 sint.
2928 5691 2969 5721 ⁷⁵
3009 5684 3152 5741 ἐπιδ.
3212 5684 3373 5740 Hebr.
3428 5691 3602 5739 cervi-

338 5758 504 5815 calia.
580 5761 629 5794 ⁷⁶
689 5774 876 5829 συστρ.
935 5761 1096 5814 Hebr.
1162 5761 1414 5829 praedam.
1502 5762 1546 5794 ττ
1587 5758 1813 5816 Βδιὸτ..
