4034 6438
402 329 508 395 9Z3
1403 340 1896 401 THEODORETI
1927 343 2266 406 EPISCOPI
2303 350 2669 411 CYRENSIS
3579 352 3690 416 924

474 446 641 505 Vens.
673 451 728 512 9,
766 449 852 504 10.
885 449 953 504 Et
994 451 1248 519 propheta
1281 452 1327 504 si
1357 455 1645 517 erraverit,
1689 463 1739 508 et
1772 454 1983 509 locutus
2016 462 2064 517 Α

2161 463 2225 522 θ’,
2262 465 2313 512 ι’.
2357 461 2466 514 Καὶ
2522 465 2624 514 ό’⁹
2682 462 2996 533 προφήτης
3044 463 3154 518 ἐὰν
3206 462 3529 532 πλανηθῇ,
3585 464 3714 528 καὶ¹

407 540 568 606 fuerit
603 558 917 606 sermonem,
945 559 1038 610 ego
1071 541 1329 595 Dominus
1375 560 1559 598 errare
1595 543 1698 611 feci
1755 548 1986 614 praphe-

2097 548 2335 620 λαλήσῃ
2361 554 2568 619 λόγον,
2587 553 2701 622 ἐγὼ
2725 556 2938 622 Κύριος
2969 554 3337 621 πεπλάνηκα
3359 557 3548 610 αὑτὸν
3576 555 3690 609 τὸν

405 641 513 684 tam
546 632 719 695 illum,
749 642 798 686 et
817 632 1100 686 extendam
1132 649 1347 686 manum
1384 651 1555 688 meam
1593 651 1752 702 super
1781 637 1979 704 ipsum,

2096 643 2402 712 προφήτην
2436 645 2695 712 ἐκεῖνον,
2718 646 2817 700 καὶ
2851 647 3083 701 ἐκτενῶ
3118 646 3232 715 τὴν
3254 647 3424 716 χεῖρά
3440 663 3562 717 μου
3591 626 3689 701 ἐπ’

401 729 453 774 et
479 721 658 776 delebo
709 725 879 792 ipsum
907 722 972 776 de
1005 722 1172 777 medio
1218 723 1398 792 populi
1435 726 1537 778 mei
1595 724 1846 780 Israelis.
1909 725 1982 780 Et

2096 735 2289 797 αὐτὸν,
2327 736 2425 788 καὶ
2454 735 2687 805 ἀφανιῶ
2720 739 2907 792 αὐτὸν
2928 739 2998 792 ἐκ
3019 739 3217 808 μέσου
3242 738 3350 793 τοῦ
3378 738 3536 792 λαοῦ
3560 755 3689 807 μου

401 815 602 880 capient
626 815 958 882 iniquitatem
1007 815 1166 886 76⁷
1203 816 1462 883 ipsorum.
1495 817 1566 870 At
1597 834 1709 873 non
1735 829 1819 874 est
1843 819 1981 886 justi

2095 827 2354 896 Ἰσραήλ.
2414 828 2526 882 Καὶ
2588 828 2894 898 ,λήψονται
2929 831 2946 861 ⁸
3006 829 3122 897 τὴν
3167 829 3418 883 ἀδικίαν
3460 825 3683 882 αὐτῶν.

396 905 597 974 judicis
654 908 940 976 pr0prium
988 917 1042 962 et
1092 909 1346 978 decipere
1412 911 1764 981 prophetam,
1813 922 1866 967 et
1923 912 1980 966 in

2096 919 2235 972 Ἀλλ’
2263 920 2365 973 οὐκ
2386 920 2532 975 ἔστιν
2569 923 2698 976 ῐδιον
2723 922 2817 976 τοῦ
2847 923 3058 978 δικαίου
3085 920 3300 992 κριτοῦ,
3331 921 3426 974 καὶ
3458 921 3687 990 πλανᾷν

396 1018 642 1058 errorem
686 1005 974 1060 inductum
1026 1007 1247 1076 punire.
1300 1005 1420 1062 Non
1478 1009 1644 1078 igitur
1673 1008 1980 1062 secundum

2094 1011 2170 1064 τὸν
2201 1013 2520 1084 προφήτην,
2557 1015 2652 1068 καὶ
2700 1014 3045 1085 πλανηθέντα
3079 1013 3355 1076 κολάζειν.
3391 1015 3467 1066 Οὐ
3495 1014 3687 1066 τοίνυν

395 1091 695 1148 efficaciam
733 1096 811 1148 ait
863 1111 924 1150 se
961 1097 1282 1166 praphctam
1339 1098 1393 1150 in
1422 1112 1668 1151 errorem
1711 1095 1980 1150 inductu-

2095 1104 2202 1156 ιατ’
2251 1105 2534 1175 ἐνέργειαν
2587 1106 2737 1176 λέγει
2791 1107 2882 1160 τὸν
2934 1109 3224 1178 προφήτην
3261 1107 3509 1177 πλανᾷν,
3543 1106 3688 1159 ἀλλὰ

395 1201 518 1239 rum
551 1203 695 1251 esse,
728 1187 825 1242 sed
867 1189 1174 1242 secundum
1227 1189 1674 1259 permissionem,
1724 1187 1830 1242 hoc
1870 1195 1977 1252 est,

2090 1197 2221 1251 κατὰ
2244 1197 2590 1269 συγχώρησιν
2609 1215 2623 1230 ·
2649 1199 2920 1265 τουτέστι,
2943 1200 3252 1270 Δυνάμενος
3277 1198 3443 1252 αὑτοῦ
3469 1215 3683 1269 παραυ-

401 1290 527 1329 cum
570 1278 778 1346 possim
818 1279 994 1348 ipsius
1026 1281 1208 1332 statim
1243 1280 1588 1333 mendacium
1624 1280 1977 1348 redarguere,

2086 1291 2204 1345 τίκα
2225 1291 2468 1362 ἐλέγχειν
2488 1294 2508 1323 ⁹
2537 1292 2598 1345 τὸ
2618 1292 2837 1361 ψεῦδος,
2869 1293 3157 1363 ἀνέχομαι,
3183 1293 3280 1346 καὶ
3308 1290 3679 1362 μακροθυμῶ,

395 1370 666 1434 sustineo,
703 1380 757 1424 ot
794 1370 983 1425 divina
1021 1372 1246 1427 lenitate
1275 1388 1413 1426 usus
1448 1374 1728 1441 permitto,
1764 1378 1823 1424 ut
1851 1371 1980 1426 dolo

2088 1383 2174 1435 καὶ
2205 1383 2478 1454 συγχωρῶ
2501 1383 2521 1414 ³
2560 1382 2870 1453 κεχρῆσθαι
2900 1385 2966 1454 τῇ
2997 1384 3247 1454 ἐξαπάτῃ
3271 1397 3284 1410 ·
3314 1378 3511 1453 γνώμῃ
3545 1380 3681 1450 γὰρ,

397 1464 608 1519 utatur,
659 1473 824 1526 quem
879 1459 1182 1525 voluntate,
1238 1475 1348 1513 non
1403 1469 1586 1514 autem
1643 1461 1980 1516 necessitate

2089 1475 2174 1528 καὶ
2221 1475 2322 1527 οὐκ
2375 1475 2593 1548 ἀνάγκῃ
2655 1476 2864 1544 ταύτην
2916 1473 3252 1544 ἐπιτηδεύει.
3296 1471 3390 1525 Διὸ
3441 1473 3535 1524 καὶ
3577 1471 3682 1542 τὴν

395 1555 633 1602 exercet.
665 1547 876 1604 Idcirco
897 1552 1060 1604 etiam
1089 1568 1186 1620 par
1215 1551 1550 1622 supplicium
1582 1554 1976 1617 comminatur,

2091 1565 2204 1637 ἴσην
2233 1565 2508 1636 τιμωρίαν
2534 1547 2771 1632 ἀπειλεῖ,
2803 1566 2895 1620 καὶ
2918 1565 2997 1637 τῷ
3023 1564 3210 1628 κακῶς
3250 1563 3550 1633 ἐρωτῶντι,
3585 1563 3684 1618 καὶ

394 1647 450 1692 et
485 1639 626 1694 male
653 1639 1044 1711 interroganti,
1083 1651 1140 1698 et
1165 1643 1310 1698 male
1343 1644 1728 1714 respondenti.

1247 1643 1310 1698 lle
1343 1644 1728 1714 respondenti.
2077 1657 2156 1728 τῷ
2185 1658 2370 1720 κακῶς
2400 1658 2840 1729 ἀποκρινομένῳ.

466 1731 769 1785 Secundum
796 1735 1129 1803 iniquitatem
1153 1737 1316 1803 enim,
1343 1737 1544 1808 inquit,
1568 1738 1976 1807 interrogantis,

2149 1749 2312 1804 Κατὰ
2349 1750 2415 1804 τὸ
2448 1750 2712 1819 ἀδίκημα
2735 1751 2865 1820 γὰρ,
2898 1751 3053 1822 φησὶ,
3090 1751 3198 1806 τοῦ
3234 1747 3681 1819 ἐπερωτῶντος,

393 1818 472 1873 sic
515 1821 676 1874 etiam
732 1822 988 1893 iniquitas
1045 1827 1312 1894 propheta:
1363 1829 1483 1881 erit.
1516 1826 1708 1897 (Vens.
1750 1828 1862 1898 1|.)
1896 1826 1979 1882 Ne

2091 1841 2368 1908 ὡσαύτως
2407 1842 2506 1896 καὶ
2557 1818 2636 1895 τόν
2669 1818 2933 1912 ἀδίκημα
2961 1818 3073 1896 τοῦ
3120 1818 3437 1911 προφήτου
3477 1840 3684 1899 ἔσται,

391 1920 528 1964 erret
557 1915 788 1981 amplius
825 1913 1014 1970 domus
1050 1915 1270 1972 lsraelis
1305 1937 1337 1972 a
1365 1937 1465 1983 me,
1487 1929 1537 1974 et
1577 1937 1639 1973 ne
1665 1921 1978 1988 polluantur

2094 1933 2220 2004 [ια’.)
2272 1933 2433 2000 ὅπως
2476 1932 2563 2002 μὴ
2605 1933 2954 1993 πλανῶνται
2984 1933 3007 1965 ⁸
3047 1935 3136 1988 ἔτι
3187 1929 3356 1998 οἶκος
3410 1931 3515 1984 τοῦ
3567 1932 3687 1984 ἰσ-

394 2003 623 2070 amplius
651 2005 703 2058 in
745 2007 988 2061 omnibus
1017 2009 1230 2064 delictis
1270 2012 1424 2064 suis:
1460 2019 1508 2064 et
1541 2021 1697 2066 erunt
1745 2013 1875 2065 mihi
1921 2013 1978 2066 in

2098 2025 2234 2092 >αὴλ
2259 2025 2359 2080 ἀπ’
2382 2025 2553 2094 ἐμοῦ,
2589 2025 2687 2079 καὶ
2712 2027 2814 2079 ἵνα
2829 2026 2915 2095 μὴ
2935 2027 3294 2095 μιαίνων-ται
3320 2026 3408 2080 ἔτι
3428 2025 3503 2077 ὲν
3527 2021 3691 2076 πᾶσι

391 2094 666 2162 Populum
690 2106 740 2151 ει
764 2114 857 2168 ⁸90
891 2115 981 2152 ενο
1009 2099 1084 2154 eis
1119 2101 1176 2152 ίη
1208 2099 1395 2163 θαλίην
1432 2101 1562 2154 die“
1614 2101 1824 2156 Αίίοηαί
1866 2101 1980 2156 Πο·
2079 2118 2205 2184 τοῖς
2230 2119 2708 2187 παραπτώμασιν
2728 2094 2965 2172 αὐτῶν)
3002 2118 3103 2172 καὶ
3146 2117 3398 2172 ἔσονταί
3439 2133 3548 2185 μοι
3593 2116 3692 2179 εἰς

395 2187 592 2241 minus.
633 2186 752 2243 Non
789 2190 912 2246 sine
953 2206 1144 2256 causa,
1199 2193 1403 2263 inquit,
1442 2193 1546 2248 hoc
1589 2193 1700 2249 illis
1737 2193 1977 2265 inﬂigam

2098 2211 2255 2272 ῑαὸν,
2299 2186 2397 2264 καὶ
2445 2186 2560 2279 ἐγὼ
2602 2208 2819 2278 ἔσομαι
2867 2209 3076 2275 αὐτοῖς
3134 2212 3224 2276 εἷς
3282 2209 3465 2271 Θεὸν,
3514 2205 3691 2273 λέγει

393 2279 754 2349 supplicium,
801 2283 896 2338 sed
935 2293 996 2338 ut
1050 2285 1270 2339 illorum
1321 2286 1551 2340 interitu
1602 2288 1808 2358 populo
1858 2303 1979 2342 meo

2097 2301 2343 2356 Ἀδωναῖ
2370 2302 2606 2369 Κύριος.
2636 2302 2709 2355 Οὐ
2751 2301 2927 2372 μάτην
2948 2341 2964 2364 ,
2995 2301 3131 2370 φησὶ⁵
3151 2340 3166 2364 ,
3211 2300 3418 2369 ταύτην
3448 2298 3690 2359 ἐκείνοις

393 2369 754 2437 hencl'aciam,
777 2384 830 2430 et
853 2391 976 2429 eum
1011 2377 1080 2431 ab
1116 2377 1334 2432 illorum
1361 2379 1648 2450 impietate
1671 2381 1977 2436 vindicem.

2095 2393 2268 2458 ιπάξω
2301 2393 2401 2464 τὴν
2431 2393 2728 2464 τιμωρίαν,
2753 2369 2900 2446 ’ἀλλά
2942 2392 3030 2446 διά
3059 2369 3154 2446 τοῦ
3185 2392 3414 2445 ἐκείνων
3453 2389 3688 2458 ὀλέθρου

399 2461 531 2516 Volo
562 2467 708 2520 enim
749 2467 927 2536 ipsum
977 2468 1179 2523 habere
1213 2485 1313 2538 pro
1339 2472 1568 2541 populo,
1602 2481 1658 2526 et
1685 2488 1811 2529 esse
1842 2473 1978 2527 illo-

2098 2485 2172 2539 τὸν
2207 2484 2338 2539 λαόν
2357 2461 2848 2554 ’μονεύεργετῶῆ
2881 2485 2974 2537 καὶ
3011 2485 3110 2555 τῆς
3145 2484 3373 2537 ἐκείνων
3421 2479 3691 2542 ἀσεϐείας

393 2568 515 2607 rum
556 2554 723 2620 Deus,
750 2557 904 2612 omni
935 2572 1032 2614 eos
1065 2573 1200 2613 cura
1223 2574 1594 2631 prosequens.

2082 2575 2400 2646 ἐλευθερῶν.
2436 2575 2708 2644 Βούλομαι
2737 2574 2846 2645 γὰρ
2865 2575 3029 2628 αὐτὸν
3056 2554 3200 2645 ἔχειν
3227 2573 3376 2637 λαὸν,
3403 2572 3499 2625 καὶ
3526 2566 3675 2623 εἶναι

2082 2668 2265 2722 αὐτῶν
2299 2666 2442 2722 Θέλω
2487 2665 2645 2731 Θεὸς,
2685 2669 2864 2720 πᾶσαν
2905 2667 3085 2722 αὐτῶν
3119 2666 3447 2736 κηδεμονίαν
3493 2661 3690 2716 ποιού-

2086 2775 2266 2828 μενος.

463 2839 630 2898 Vens.
672 2841 857 2897 ιιι-ιι.
896 2841 962 2897 Et
1003 2843 1209 2912 factum
1254 2855 1333 2898 est
1384 2847 1598 2899 verbum
1648 2845 1863 2901 Domini
1913 2848 1982 2900 ad

2155 2849 2334 2919 ιβ’-ιδ’.
2376 2849 2487 2904 Καὶ
2546 2849 2786 2918 ἐγένετο
2852 2851 3037 2920 λόγος
3087 2849 3313 2916 Κυρίου
3363 2847 3517 2915 πρός
3563 2862 3690 2915 με.

393 2950 494 3000 me,
529 2933 709 2989 dicens
741 2951 759 2989 :
792 2934 904 2990 Fili
935 2936 1188 3001 hominis,
1226 2946 1369 2990 terra
1403 2938 1449 2990 si
1476 2941 1771 3006 peccaverit
1798 2950 1985 2993 contra

2101 2939 2317 3007 λέγων·
2349 2938 2442 2992 Υίὲ
2484 2937 2834 3006 ἀνθρώπου,
2871 2937 2949 3008 γῆ
2997 2937 3105 2992 ἐὰν
3135 2936 3369 3007 ἁμάρτῃ
3407 2954 3542 3005 μοι,
3578 2935 3694 2988 τοῦ

393 3043 495 3090 me,
531 3037 588 3080 ut
615 3027 892 3098 delinquat
929 3029 1146 3090 delicto.
1191 3031 1356 3084 etiam
1409 3031 1724 3084 extendam‘
1767 3048 1984 3084 manum

2104 3028 2466 3097 παραπεσεῖν
2498 3027 2948 3097 παραπτώματι,
2982 3027 3082 3081 καί
3116 3026 3338 3082 ἐκτενῶ
3373 3027 3489 3094 τὴν
3515 3024 3697 3094 χεῖρά

393 3137 565 3174 meam
602 3135 761 3188 super
788 3137 931 3186 eam,
960 3131 1011 3176 et
1045 3132 1312 3176 conteram
1370 3124 1538 3190 ipsius
1590 3123 1985 3192 ﬁrmamentum

2106 3139 2201 3176 tov
2227 3122 2318 3175 ἐπ’
2351 3119 2582 3189 αὐτὴν,
2629 3118 2727 3174 καὶ
2775 3119 3095 3187 συντρίψω
3147 3117 3340 3185 αὐτῆς
3388 3117 3699 3185 στήριγμα

392 3211 572 3276 panis,
609 3221 660 3265 et
691 3211 934 3266 emittam
964 3213 1019 3266 in
1052 3229 1170 3266 eam
1210 3214 1428 3282 famem,
1471 3223 1520 3268 et
1552 3214 1794 3283 auferam
1826 3214 1890 3268 de
1919 3231 1983 3269 ea

2100 3211 2306 3280 ἄρτου,
2360 3211 2460 3264 καὶ
2499 3208 2892 3274 ἐξαποστελῶ
2944 3210 3037 3262 ἐπ’
3081 3207 3278 3276 αὐτὴν
3321 3208 3541 3276 λιμὸν,
3585 3208 3693 3260 καὶ

391 3301 655 3356 hominem
679 3313 729 3358 et
756 3303 1080 3373 jumentnm,
1112 3314 1164 3359 et
1208 3305 1255 3359 si
1297 3305 1499 3374 fuerint
1537 3317 1641 3359 tres
1693 3306 1792 3359 viri
1827 3305 1881 3358 Ιιί
1927 3307 1982 3360 in

2103 3302 2276 3372 ἔξαρῷ
2297 3303 2367 3368 ἐξ
2392 3301 2585 3370 αὐτῆς
2614 3301 2936 3370 ἄνθρωπον
2974 3300 3074 3354 καὶ
3113 3299 3372 3368 κτῆνος⁵
3395 3314 3408 3328 ·
3446 3298 3547 3352 καὶ
3579 3297 3696 3351 ἐὰν

397 3390 570 3444 medio
593 3391 735 3461 ejus,
767 3390 1046 3455 Noachus,
1071 3403 1122 3448 et
1151 3392 1347 3458 Jobus,
1374 3406 1423 3448 et
1453 3395 1663 3459 Daniel,
1702 3396 1804 3464 ipsi
1827 3397 1880 3449 in
1899 3395 1986 3463 ju-

2100 3389 2242 3449 ὖσιν
2275 3397 2329 3448 ol
2355 3393 2512 3463 τρεῖς
2548 3392 2766 3463 ἄνδρες
2794 3389 2960 3449 οὗτοι
2991 3392 3061 3446 ἐν
3084 3392 3256 3462 μέσῳ
3283 3389 3498 3458 αὐτῆς,
3535 3389 3693 3452 Νῶε,

394 3483 546 3536 stitia
586 3500 688 3538 sua
725 3484 1104 3547 salvabuntur,
1153 3485 1283 3538 dicit
1319 3486 1532 3540 Adonai
1583 3485 1866 3550 Dominus,
1923 3486 1983 3542 Si

2102 3485 2187 3540 tat
2227 3485 2376 3548 Ἰὼϐ,
2428 3485 2528 3538 καὶ
2572 3483 2836 3552 Δανιὴλ,
2878 3482 3050 3537 αὐτοὶ
3090 3483 3158 3536 ἐν
3208 3480 3283 3550 τῇ
3327 3481 3695 3550 δικαιοσύνῃ

395 3573 678 3627 nationem
709 3589 834 3643 qua:
865 3576 1135 3644 peccarit,
1167 3575 1366 3644 inquit,
1403 3575 1602 3645 punire
1637 3578 1892 3643 voluero,
1929 3585 1986 3632 et

2100 3577 2285 3633 si)th
2313 3576 2718 3646 σωθήσονται,
2769 3574 2932 3645 λέγει
2977 3574 3228 3630 Ἀδωναῒ
3259 3575 3497 3641 Κύριος.
3536 3573 3693 3634 Ἐὰν,

394 3659 542 3716 tame
565 3679 790 3726 necare,
823 3672 880 3719 et
913 3664 950 3717 ii
982 3665 1079 3734 qui
1110 3667 1414 3734 punientur
1447 3667 1732 3722 noluerint
1763 3668 1830 3723 ad
1871 3683 1986 3739 p03-

2105 3670 2279 3740 ρησὶν,
2307 3667 2638 3740 ἀμαρτῆσαν
2686 3665 2840 3730 έθνος
2869 3665 3099 3719 κολάσαι
3124 3664 3394 3736 βουληθῶ,
3423 3662 3520 3718 καὶ
3542 3661 3698 3732 λιμῷ

397 3753 694 3808 nitentiam
741 3755 967 3819 adduci,
1032 3757 1243 3810 nullam
1302 3758 1468 3828 768
1515 3759 1738 3813 veniam
1785 3773 1985 3814 conse-

2091 3759 2428 3833 παραδοῦναι
2452 3800 2467 3821 ,
2498 3759 2759 3831 μετανοίᾳ
2788 3758 2846 3812 δὲ
2876 3758 3191 3829 χρήσασθαι
3225 3756 3301 3828 μὴ
3337 3756 3684 3826 βουληθῶσιν

395 3854 656 3913 quentur,
688 3861 756 3902 ne
783 3847 830 3902 si
853 3845 1118 3902 Noachus
1145 3848 1395 3919 quidem,
1418 3859 1472 3905 et
1486 3847 1686 3910 Jobus.
1716 3858 1773 3906 et
1794 3849 1986 3906 Daniel

2106 3854 2144 3906 >ἱ
2172 3852 2550 3922 κολαζόμενοι,
2579 3851 2842 3920 οὐδεμιᾶς
2869 3849 3153 3916 τεύξονται
3181 3847 3538 3919 συγγνώμης,
3569 3847 3699 3902 οὐδὲ

397 3935 453 3991 in
488 3937 628 4008 ipsis
673 3938 883 3993 inventi
924 3939 1157 3996 fuerint.
1205 3939 1406 3995 Verum
1454 3941 1509 3996 hi
1545 3950 1697 3997 certe
1747 3943 1986 4013 iustitiae

2101 3947 2138 3999 εἰ
2179 3944 2341 4007 Νῶε,
2378 3943 2476 3997 καὶ
2515 3941 2637 3996 Ἰὼϐ
2663 3982 2677 4006 ,
2718 3943 2816 3996 καὶ
2851 3941 3054 4012 Δανιὴλ
3089 3941 3365 4012 εὑρεθεῖεν
3393 3941 3450 3993 ὲν
3480 3940 3694 4004 αὐτοῖς.

397 4045 513 4084 sua:
535 4029 798 4096 colligent
825 4031 1064 4094 fructus,
1098 4039 1152 4086 et
1175 4031 1412 4088 salutem
1441 4032 1864 4103 adipiscentur;
1890 4034 1987 4090 sed

2104 4037 2243 4092 Ἀλλ’
2265 4030 2415 4091 οὗτοι
2463 4036 2562 4107 μὲν
2590 4035 2693 4105 τῆς
2721 4034 2931 4098 οίκείας
2968 4032 3320 4103 δικαιοσύνης
3352 4033 3697 4104 τρυγήσουσι

398 4122 525 4178 illos
574 4123 645 4178 ab
672 4123 829 4177 illato
881 4123 1160 4194 supplicio
1203 4124 1437 4180 minime
1489 4125 1833 4182 liberabunt.
1874 4125 1985 4182 llo-

2099 4128 2216 4190 τοὺς
2268 4125 2558 4196 καρποὺς,
2621 4123 2716 4176 καὶ
2763 4124 2862 4192 τῆς
2925 4120 3205 4191 σωτηρίας
3259 4120 3692 4185 ἀπολαύσονται,

397 4228 520 4266 rum
562 4219 748 4268 autem
800 4213 1051 4269 virorum
1109 4216 1450 4272 mentionem
1497 4214 1652 4282 fecit,
1709 4219 1985 4288 siquidem

2101 4214 2338 4279 ἐκείνους
2364 4214 2421 4267 δὲ
2447 4213 2545 4284 τῆς
2583 4211 2935 4283 ἐπαγομένης
2968 4211 3067 4265 οὐκ
3097 4210 3474 4275 ἀπαλλάξουσι
3510 4229 3694 4283 τιμω-

396 4304 486 4360 bis
507 4321 632 4376 quae
663 4306 811 4361 dicta
845 4316 999 4373 sunt,
1032 4309 1461 4364 consentiebant
1491 4325 1556 4365 ea
1611 4326 1737 4381 quae
1762 4312 1986 4367 illorum

2105 4309 2237 4372 οίας.
2277 4307 2498 4360 Τούτων
2531 4305 2587 4358 δὲ
2620 4303 2732 4358 τῶν
2767 4303 2980 4379 ἀνδρῶν
3009 4303 3442 4375 ἐμνημόνευσεν,
3473 4305 3549 4366 ὡς
3580 4307 3698 4368 τοῖς

396 4405 645 4468 tempore
675 4399 1024 4455 acciderunt.
1058 4398 1194 4454 Nam
1222 4409 1276 4456 et
1308 4399 1570 4456 Noachus
1588 4401 1647 4456 in
1690 4403 1987 4472 impiorum

2102 4395 2407 4469 εἰρημένοις
2434 4393 2543 4448 τῶν
2581 4391 2724 4447 κατὰ
2750 4393 2879 4456 τοὺς
2905 4392 3134 4462 χρόνους
3173 4391 3355 4444 αὐτῶν
3384 4391 3695 4459 γεγονότων

397 4487 758 4557 generatione
809 4488 1072 4542 inventus
1133 4489 1565 4560 haudquaquam
1617 4492 1799 4561 potuit
1831 4507 1988 4546 eosa

2104 4490 2214 4543 λίαν
2260 4487 2693 4560 συμϐαινόντων.
2745 4485 2814 4538 ’Ὀ
2858 4501 2921 4536 τε
2956 4484 3066 4555 γὰρ
3095 4482 3220 4538 Νῶε
3255 4485 3314 4538 ὲν
3353 4483 3571 4537 ἀσεϐῶν
3605 4484 3697 4536 εὗ-

398 4577 592 4632 diluvii
625 4579 797 4634 exitio
829 4579 1088 4645 liberare,
1122 4580 1217 4650 qui
1264 4583 1568 4636 noluerunt
1603 4583 1669 4636 ad
1708 4585 1987 4654 pmniten-

2103 4579 2270 4651 ρεθεὶς
2296 4579 2484 4649 γενεᾷ,
2515 4576 2618 4631 οὐκ
2642 4577 2830 4647 ἴσχυσε
2857 4575 2956 4645 τῆς
2985 4575 3081 4628 τοῦ
3133 4573 3526 4647 κατακλυσμοῦ
3558 4591 3696 4629 παν-

400 4669 535 4724 tiam
573 4669 797 4724 adduci.
835 4671 901 4726 Et
924 4670 1116 4725 Daniel
1146 4671 1431 4740 similiter,
1477 4689 1604 4728 cum
1649 4676 1992 4745 captivitatis

2103 4669 2356 4742 υλεθρίας
2406 4667 2716 4735 ἀπαλλάξαι
2776 4667 2904 4732 τοὺς
2935 4667 3200 4738 μετανοίᾳ
3245 4667 3556 4738 χρήσασθαι
3619 4667 3696 4739 μὴ

400 4770 647 4832 tempore
667 4765 904 4834 vigeret,
938 4763 1081 4818 alios
1133 4771 1362 4834 propter
1413 4765 1694 4837 ingentem
1741 4766 1991 4836 ipsorum

2103 4762 2447 4833 θελήσαντας.
2482 4761 2597 4815 Καὶ
2640 4761 2669 4814 ὁ
2711 4758 2910 4830 Δανιὴλ
2950 4757 3248 4826 ὡσαύτως,
3301 4759 3444 4813 κατὰ
3471 4759 3566 4814 τὸν
3593 4763 3696 4832 τῆς

402 4855 744 4926 impietatem
778 4856 846 4912 ab
880 4856 1050 4912 illatis
1089 4857 1250 4912 malis
1291 4855 1443 4912 haud
1489 4856 1795 4913 vindicavit
1827 4877 1840 4912 :
1873 4858 1995 4930 ipse

2105 4851 2477 4922 ιίχμαλωσίας
2511 4851 2804 4922 γενόμενος
2838 4851 3053 4922 καιρὸν,
3087 4852 3216 4914 τοὺς
3249 4852 3347 4922 μὲν
3379 4851 3576 4917 ἄλλους
3605 4853 3698 4908 διὰ

403 4960 585 5000 tamen
621 4946 766 5001 bello
800 4956 999 5019 captus
1058 4947 1318 5004 hostibus
1373 4947 1632 5018 superior
1680 4949 1882 5015 evasit,
1938 4955 1996 5004 et

2102 4943 2426 5016 τὴνοπολλὴν
2453 4943 2712 4998 ἀσέϐειαν
2737 4943 2840 4997 οὐκ
2865 4943 3210 5015 ἠλευθέρωσε
3235 4943 3346 4997 τῶν
3373 4946 3695 5015 ἐπενεχθέν-

391 5051 576 5100 .eos,a
606 5037 810 5105 quibus
853 5040 910 5094 in
963 5040 1288 5095 servitutem
1342 5039 1635 5096 abductus'
1682 5049 1820 5104 erat,
1885 5041 1984 5098 sibi

2102 5052 2209 5088 των
2249 5033 2438 5087 κακῶν
2462 5051 2476 5064 ·
2522 5034 2685 5097 αὐτὸς
2737 5033 2794 5086 δὲ
2819 5072 2836 5098 ,
2880 5033 2978 5087 καὶ
3004 5032 3345 5104 δορυάλωτος
3375 5035 3695 5105 γενόμενος,

404 5127 687 5198 subjectos
726 5129 945 5185 habuit.
975 5128 1168 5202 Neque
1194 5133 1325 5188 ﬁliis
1349 5130 1476 5188 Jobi
1504 5133 1751 5204 parentis
1774 5133 1990 5204 justitia

2102 5127 2207 5180 τῶν
2236 5125 2511 5197 πολεμίων
2542 5125 2818 5199 ἐκράτησε
2837 5165 2853 5191 ,
2901 5129 2997 5179 καὶ
3035 5125 3161 5189 τοὺς
3190 5126 3695 5198 ἀνδραποδίσαντας

406 5217 616 5290 profuit
646 5237 660 5274 :
689 5220 785 5274 sed
815 5221 934 5292 ipse
958 5222 1113 5278 solus
1143 5224 1451 5280 adversarii
1511 5227 1796 5296 superavit
1848 5226 1990 5281 insi-

2103 5220 2288 5274 ἔλαϐεν
2318 5219 2613 5290 ὑπηκόους.
2650 5219 2787 5271 Οὐδὲ
2830 5219 2879 5271 οἱ
2930 5217 3026 5270 τοῦ
3071 5218 3192 5272 Ἰὼϐ
3239 5218 3297 5272 δὲ
3352 5221 3543 5284 παῖδες
3593 5223 3696 5292 τῆς

407 5308 554 5364 dias.
593 5305 833 5380 [15-20.]
878 5310 1099 5367 Rursus
1145 5319 1329 5368 autem
1385 5313 1512 5370 aliis
1564 5314 1822 5384 pluribus
1873 5316 1991 5370 haec

2104 5308 2190 5362 τοῦ
2221 5307 2428 5378 πατρὸς
2474 5305 2826 5376 δικαιοσύνης
2854 5303 3168 5373 ἀπῶναντο,
3216 5307 3378 5378 μόνος
3419 5307 3479 5361 δὲ
3507 5311 3697 5381 κρείτ-

1671 5454 1904 5510 VARUE
1943 5452 2344 5511 LECTIONES.

480 5558 526 5591 "
569 5557 753 5640 Καὶό,
785 5573 845 5640 at:
878 5574 931 5610 τ.
959 5556 1008 5640 λε
1051 5558 1255 5640 Eodem
1290 5564 1455 5640 modo
1489 5565 1542 5640 in
1567 5566 1786 5640 _Compl.
1822 5567 1926 5637 leg.
1968 5583 2112 5623 vers.
2141 5568 2196 5624 9.
2276 5565 2634 5640 meum.
2673 5563 2905 5640 fgeut._
2949 5569 2969 5599 ‘
3004 5567 3052 5640 Β
3073 5565 3386 5640 διελέγχειν.
3469 5567 3699 5640 (καὶ-

416 5626 893 5771 ῗῖῡῖχὲρέιιξῗτξνή
910 5628 1003 5684 sed
1038 5630 1204 5704 editio
1239 5634 1391 5705 prior
1424 5636 1660 5694 habebat
1691 5626 1785 5692 καὶ
1814 5626 1971 5710 συῖίχ.
2013 5656 2066 5694 κ.
2102 5626 2334 5712 μακροθ.
2369 5626 2408 5640 ”
2449 5639 2468 5671 ⁸
2508 5639 2666 5693 πλαν.
2708 5633 2840 5693 Rcc.
2892 5637 3053 5694 lectio
3094 5626 3384 5694 πλανᾶται.
3500 5639 3524 5670 ⁸
3562 5636 3699 5696 Rcc.

451 5714 465 5732 ’
525 5716 541 5754 ι
604 5718 631 5755 c
903 5742 915 5753 .

451 5714 577 5755 εειιο
604 5714 689 5756 εει
721 5714 915 5756 κτηνη.
