4034 6408
412 393 514 460 931

1413 392 1907 454 THEODORETI
1947 391 2289 453 EPISCOPI
2321 392 2687 453 CYRENSIS

3587 397 3694 459 932

409 504 618 564 nemini
653 503 980 560 servivimus
1001 516 1246 572 unquam
1268 511 1309 557 °.
1353 521 1372 554 ι
1405 500 1576 556 -Hanc
1618 502 1986 573 arrogantiam

2104 501 2296 571 ἐσμεν,
2329 503 2423 555 καὶ
2447 503 2629 555 οὐδενί
2661 501 3094 573 δεδουλεύκαμεν
3120 503 3376 572 ξπῶποτε.
3410 522 3429 556 ι
3474 503 3694 576 Ταύτην

409 597 608 653 beatus
650 611 872 666 quoque
910 593 1151 650 Joannes
1202 594 1451 665 Baptista
1489 593 1824 663 comprimit,
1874 608 2000 648 cum

409 689 572 743 dicit:
611 705 630 738 ι
682 685 975 742 Genimina
1036 685 1374 754 viperarum,
1397 686 1525 755 quis
1559 684 1803 740 ostendit
1841 684 2002 740 vobis

414 781 535 835 fore
562 787 622 833 ut
651 776 925 848 effugiatis
948 783 1238 830 venturam
1269 778 1452 832 iram?
1486 776 1674 832 Facite
1714 792 1847 848 ergo
1887 777 2004 831 fru-

411 879 536 925 ctus
563 869 760 938 dignos
790 867 1157 938 poenitentiae,
1199 877 1255 924 et
1284 885 1354 925 ne
1399 870 1584 924 velitis
1615 869 1804 925 dicere
1858 867 2002 939 apud

407 974 506 1015 vos
530 978 544 1015 :
566 958 785 1014 Patrem
818 959 1095 1015 habemus
1115 959 1528 1028 Abraliamum;
1557 977 1685 1016 vere
1706 961 1852 1016 enim
1879 960 2004 1017 dico

404 1052 564 1108 vobis
618 1068 634 1105 :
677 1050 866 1108 Potest
924 1051 1074 1108 Deus
1114 1053 1183 1108 de
1233 1054 1512 1124 lapidibus
1558 1055 1681 1110 istis
1729 1057 2004 1111 suscitare

411 1145 554 1202 ﬁlios
581 1145 906 1201 Abrahamo
925 1155 976 1199 ι).
1017 1165 1037 1199 ι
1071 1147 1550 1213 Quemadmodum
1593 1149 1762 1220 igitur
1784 1148 2001 1204 divinus

407 1237 500 1294 hic
539 1237 626 1292 vir
655 1252 776 1303 eos,
815 1238 908 1308 qui
941 1237 1105 1294 ferini
1136 1247 1296 1294 erant
1325 1249 1380 1294 et
1414 1241 1470 1295 in
1525 1241 1874 1311 improbitate
1903 1240 2002 1296 de-

405 1332 635 1402 gebant,
659 1331 945 1387 venenatis
966 1331 1103 1388 feris
1133 1335 1477 1404 comparavit
1501 1351 1514 1388 :
1547 1335 1623 1388 ita
1652 1336 1756 1391 hoc
1779 1351 2000 1407 quoque

406 1421 532 1480 loco
566 1421 838 1479 Dominus
885 1423 1050 1494 774Ι
1080 1425 1226 1480 Deus
1257 1441 1355 1496 per
1389 1427 1713 1498 prophetam
1734 1470 1750 1494 ,
1785 1428 2001 1484 Chana-

406 1528 582 1569 nzeam
608 1513 856 1584 ipsorum
887 1515 1113 1584 stirpem
1137 1525 1322 1580 vocat,
1350 1525 1563 1586 patrem
1587 1518 1996 1586 Amorrhteum,

405 1613 463 1660 et
497 1612 729 1660 matrem
771 1603 1095 1670 Chettaaam,
1144 1614 1201 1662 et
1274 1609 1542 1664 omnino'
1586 1611 1996 1679 generationem

406 1695 795 1767 alienigenam.
829 1695 1074 1761 Quorum
1105 1698 1252 1753 enim
1289 1699 1530 1755 :emulati
1561 1701 1780 1755 fuerant
1807 1701 1998 1774 impie-

403 1795 574 1843 tatem
599 1826 613 1851 ,
654 1801 846 1842 eorum
897 1789 1100 1844 merito
1135 1791 1522 1860 cognationem
1562 1803 1992 1848 contraxerant:

401 1889 457 1936 et
504 1885 728 1949 propter
784 1894 968 1936 mores
1021 1880 1188 1936 simul
1239 1897 1364 1936 cum
1401 1884 1511 1938 isto
1563 1899 1763 1955 genere
1814 1886 1995 1941 sortiti

402 1976 533 2024 sunt
584 1969 984 2025 hereditatem.
1034 1969 1151 2025 Hoc
1189 1980 1372 2027 autem
1427 1973 1563 2029 satis
1616 1982 1736 2028 erat
1789 1975 1855 2029 ad
1899 1990 1994 2030 eos

401 2060 696 2116 admodum
721 2062 1136 2131 perterrendos,
1159 2079 1267 2117 non
1306 2065 1485 2118 solum
1514 2075 1736 2135 propter
1761 2065 1992 2120 istarum

400 2151 646 2222 gentium
694 2166 822 2222 qua
868 2161 1000 2207 tunc
1045 2153 1309 2224 vigebant
1359 2155 1592 2220 scelera,
1679 2157 1774 2212 sed
1829 2158 1992 2213 etiam

399 2250 626 2312 propter
673 2243 1106 2314 ignobilitatem,
1153 2262 1320 2316 quam
1369 2247 1674 2318 majoribus
1709 2258 1989 2320 acceptam

398 2323 736 2389 referebant.
773 2333 1063 2405 Siquidem
1089 2337 1356 2392 Chanaan
1388 2341 1868 2397 exsecrationibus
1894 2343 1990 2398 ob-

399 2426 600 2480 noxius
634 2425 814 2482 factus
851 2425 976 2489 fuit,
1005 2435 1060 2483 et
1092 2430 1162 2483 ab
1183 2443 1286 2484 avo
1314 2429 1536 2484 Noacho
1568 2431 1634 2486 ad
1667 2433 1986 2487 servitutem

397 2522 484 2570 est
517 2517 836 2572 damnatus.
868 2519 952 2572 Ab
985 2519 1109 2586 hoc,
1135 2519 1330 2590 inquit,
1355 2537 1415 2576 es
1441 2522 1737 2588 oriundus,
1763 2534 1817 2578 et
1839 2523 1988 2578 nulla

397 2621 459 2662 es
484 2621 612 2662 cum
647 2607 963 2664 Abrahamo
993 2619 1047 2666 et
1071 2609 1234 2666 Semo
1264 2614 1600 2682 cognatione
1629 2615 1986 2684 conjunctus.

396 2697 642 2764 Quorum
686 2699 833 2755 enim
885 2700 1148 2770 pietatem
1210 2703 1541 2772 repudiasti,
1597 2720 1788 2759 eorum
1820 2706 1984 2761 etiam

395 2790 782 2861 cognationem
838 2793 1098 2860 amisisti,
1149 2802 1204 2848 et
1265 2795 1355 2848 illa
1412 2797 1699 2851 nobilitate
1756 2812 1988 2866 prorsus

393 2882 668 2950 spoliatus
696 2897 777 2938 es.
817 2881 896 2936 lta
953 2883 1093 2953 ipsis
1139 2883 1462 2940 Chanaanis
1505 2886 1851 2957 ignobilitate
1893 2887 1988 2942 de-

393 2972 639 3036 territis,
676 2973 960 3043 sigillatim
1009 2982 1065 3029 et
1117 2989 1311 3031 eorum
1347 2977 1558 3032 scelera
1606 2988 1661 3032 et
1695 2977 1984 3048 proprium

393 3071 587 3118 narrat
611 3063 958 3120 beneficium.

2107 593 2208 664 τὴν
2235 593 2552 659 ἀλαζονείαν
2581 600 2676 648 καὶ
2733 598 2762 649 6
2799 597 3070 668 μακάριος
3123 597 3378 668 Ἰωάννης
3418 598 3450 651 6
3491 598 3695 652 Βαπτι-

2109 685 2242 754 στὴς
2289 685 2568 751 καταλύει,
2629 687 2832 755 λέγων’
2861 705 2880 739 ι
2926 689 3251 758 Γεννήματα
3310 689 3562 760 ἐχιδνῶν,
3607 689 3697 755 τίς

2108 776 2386 842 ὑπέδειξεν
2416 778 2546 848 ύμῖν
2605 782 2798 848 φυγεῖν
2859 779 2968 832 ἀπὸ
3003 780 3102 852 τῆς
3139 779 3445 851 μελλούσης
3482 781 3692 852 όργῆς;

2107 869 2377 939 Ποιήσατε
2407 864 2502 922 οὖν
2535 871 2784 940 καρποὺς
2818 869 3002 936 ἀξίους
3028 872 3129 942 τῆς
3155 871 3464 942 μετανοίας,
3493 875 3585 926 καὶ
3615 873 3693 944 μὴ

2104 953 2293 1024 δόξητε
2311 956 2490 1024 λέγειν
2507 959 2565 1009 ὲν
2578 959 2791 1022 ἑαυτοῖς
2813 977 2825 988 ⁸
2846 959 3067 1032 Πατέρα
3082 960 3278 1031 ἔχομεν
3294 961 3385 1015 τὸν
3415 963 3690 1033 Ἀδραάμο

2105 1046 2252 1117 ἀμὴν
2275 1047 2320 1079 ³⁸
2345 1046 2453 1118 γὰρ
2477 1047 2624 1116 λέγω
2654 1049 2782 1119 ὑμῖν
2799 1065 2813 1080 ο
2840 1049 3073 1104 Δύναται
3093 1053 3122 1104 ό
3139 1050 3272 1114 Θεδς
3304 1051 3371 1103 ὲκ
3391 1050 3500 1104 τῶν
3520 1050 3688 1104 λίθων

2104 1137 2310 1193 τούτων
2344 1141 2556 1212 ἐγεῖραι
2588 1143 2756 1195 τέκνα
2781 1141 2859 1212 τῷ
2899 1141 3172 1212 Ἁϐραάμ.
3203 1160 3223 1193 ι
3259 1141 3473 1214 Ὠσπερ
3503 1141 3691 1197 τοίνυν

2103 1231 2132 1284 ό
2167 1231 2454 1298 Θεσπέσιος
2477 1225 2633 1296 οὗτος
2663 1234 2825 1305 ἀνὴρ,
2862 1233 3153 1306 θηριώδεις
3181 1234 3341 1298 δντας
3368 1234 3563 1298 αὐτοὺς
3594 1235 3691 1288 καὶ

2104 1326 2340 1397 πονηρίᾳ
2376 1325 2678 1392 συζῶντας,
2714 1329 2828 1389 τοῖς
2859 1325 3084 1391 ἰοῦόλοις
3115 1326 3329 1397 θηρίοις
3363 1326 3688 1393 ἀπείκασεν,

2101 1416 2245 1471 οὕτω
2274 1418 2554 1473 κάνταῦθα
2581 1419 2612 1472 6
2662 1418 2940 1489 Δεσπότης
2970 1418 3104 1482 Θεὸς
3147 1418 3237 1472 διὰ
3270 1417 3365 1472 τοῦ
3406 1421 3688 1491 προφήτου

2101 1508 2417 1562 Χαναναίαν
2479 1508 2660 1562 αὐτῶν
2691 1509 2793 1580 τὴν
2852 1509 3009 1580 ῥίζαν
3059 1508 3240 1574 καλεῖ,
3274 1508 3368 1563 τὸν
3391 1508 3450 1562 δὲ
3473 1509 3690 1580 πατέρα

2115 1600 2462 1673 ’Δμορῤαῖον,
2499 1601 2594 1654 καὶ
2622 1601 2723 1671 τὴν
2766 1599 2980 1672 μητέρα
3030 1599 3327 1665 Χετταίαν,
3371 1600 3465 1654 καὶ
3509 1600 3689 1664 ἀπαξ-

2100 1692 2289 1756 απλῶς
2303 1691 2402 1764 τὴν
2425 1693 2641 1761 γένεσιν
2670 1692 2970 1762 ἀλλόφυλον
2987 1709 3002 1724 ⁸
3035 1686 3112 1747 ῶν
3138 1693 3250 1764 γὰρ
3284 1691 3569 1764 ἐζήλωσαν
3589 1692 3690 1762 τὴν

2100 1781 2380 1846 ἀσέϐειαν,
2410 1781 2616 1835 τούτων
2647 1782 2876 1846 εἰκότως
2928 1781 3182 1847 ἐδέξαντο
3208 1783 3310 1854 τὴν
3341 1782 3690 1850 συγγένειαν,

2027 1857 2069 1911 Β
2099 1873 2207 1926 ἀπὸ
2249 1872 2345 1927 τοῦ
2380 1873 2588 1944 τρόπου
2641 1872 2719 1944 τῷ
2763 1874 2913 1943 γένει
2945 1874 3122 1945 τούτῳ
3177 1873 3687 1946 συγκληρωθέντες.

2109 1965 2312 2020 Ἱκανὸν
2334 1966 2391 2019 δὲ
2418 1960 2488 2036 ἦν
2513 1965 2634 2018 λίαν
2686 1966 2887 2029 αὐτοὺς
2943 1966 3164 2038 πλῆξαι,
3196 1967 3257 2019 ού
3295 1967 3456 2035 μόνον
3477 1966 3565 2020 διὰ
3588 1966 3690 2036 τὴν

2095 2057 2402 2128 τηνικαῦτα
2447 2057 2795 2130 παρανομίαν
2836 2057 3044 2112 τούτων
3087 2057 3270 2112 αὐτῶν
3327 2056 3440 2112 τῶν
3489 2056 3686 2124 ἐθνῶν,

2096 2150 2230 2204 ἀλλὰ
2262 2150 2358 2204 καὶ
2387 2149 2476 2203 διά
2505 2150 2603 2219 τὴν
2660 2149 2868 2204 ἀνωθεν
2913 2151 3250 2220 δυσγένειαν.
3297 2150 3484 2222 ’Ᾱραῖς
3517 2150 3628 2222 γὰρ
3658 2151 3690 2204 6

2094 2241 2317 2296 Χαναὰν
2347 2242 2654 2313 ύπεδλήθη,
2687 2242 2780 2296 καὶ
2804 2243 3054 2296 δουλείαν
3082 2242 3188 2296 ὑπὸ
3211 2241 3305 2296 τοῦ
3338 2241 3688 2315 προπάτορος

2093 2335 2216 2389 Νῶε
2245 2335 2632 2408 κατεδικάσθη.
2664 2334 2889 2401 Τούτου,
2929 2337 3116 2407 φησὶν,
3162 2335 3434 2407 ὑπάρχεις
3480 2335 3688 2404 ἀπόγο-

2091 2443 2202 2491 νος,
2232 2429 2327 2480 καὶ
2349 2426 2606 2497 οὐδεμίαν
2653 2428 2800 2499 ἔχεις
2843 2428 2981 2500 πρὸς
3029 2429 3123 2482 τὸν
3161 2427 3415 2499 Ἀϐραὰμ
3467 2428 3562 2482 καὶ
3590 2426 3687 2480 τὸν

2094 2518 2214 2588 Σήμ
2241 2519 2562 2588 συγγένειαν
2577 2537 2592 2553 ο
2616 2513 2692 2574 ῶν
2715 2521 2826 2592 γὰρ
2844 2519 3092 2592 ὴρνήθης
3115 2519 3215 2590 τὴν
3233 2518 3537 2583 εὐσέϐειαν,
3557 2517 3686 2572 τού-

2089 2625 2200 2661 των
2225 2608 2517 2673 ἀπώλεσας
2566 2611 2660 2665 καὶ
2709 2610 2881 2681 αὐτὴν
2910 2609 3010 2680 τὴν
3069 2609 3415 2679 συγγένειαν,
3451 2607 3684 2678 καὶτῆς

2090 2699 2370 2767 εὐγενείας
2422 2701 2638 2771 ἐκείνης
2667 2701 2945 2765 παντελῶς
2982 2699 3327 2772 ὲγυμνώθης.
3355 2699 3513 2754 Οὕτω
3537 2699 3683 2771 πλήσ-

2091 2791 2186 2856 ξας
2210 2793 2408 2858 αὐτοὺς
2433 2796 2500 2864 τῇ
2555 2793 2649 2847 τοῦ
2693 2794 2914 2849 Χαναὰν
2973 2793 3286 2864 δυσγενείᾳ,
3334 2792 3477 2846 κατὰ
3513 2791 3685 2863 μέρος

2089 2885 2185 2938 καὶ
2216 2887 2316 2955 τὴν
2344 2887 2526 2940 αὐτῶν
2552 2886 2922 2959 παρανομίαν,
2947 2887 3041 2942 καὶ
3074 2885 3170 2941 ταίιν
3190 2885 3399 2941 οἰκείαν
3413 2885 3690 2956 διηγεῖται

2088 2977 2410 3048 εὐεργεσίαν
2446 2978 2514 3032 ⁸⁸.

465 3151 637 3210 Vens.
663 3156 718 3210 4.
746 3155 871 3211 Non
890 3167 970 3212 est
991 3159 1271 3227 prwcisus,
1297 3159 1496 3230 inquit,
1520 3161 1806 3218 umbilicus
1837 3172 1980 3220 tuus.

2155 3161 2219 3216 δ’.
2258 3162 2378 3216 οὐκ
2429 3161 2675 3234 ἐτμήθη,
2736 3178 2922 3234 φησιν,
2973 3163 3008 3217 ὁ
3070 3162 3344 3232 ὀμφαλός
3375 3164 3420 3196 ⁸⁸
3449 3179 3570 3220 σου
3607 3166 3679 3226 ⁸⁸.

397 3242 515 3300 Hoc
541 3254 648 3310 est,
671 3246 851 3302 adhuc
879 3248 1272 3319 Egyptiacum
1311 3251 1504 3307 hauris
1535 3252 1881 3310 alimentum.
1914 3255 1983 3310 Et

2090 3253 2378 3307 Τουτίστιν
2394 3253 2462 3320 ⁸⁸,
2513 3255 2634 3308 Ἔτι
2669 3253 2770 3325 τὴν
2806 3254 3186 3325 Αἰγυπτιακὴν
3234 3253 3416 3319 ἕλκεις
3443 3259 3677 3330 τροφήν.

397 3352 418 3387 ι
455 3337 866 3405 generationem
901 3338 1078 3408 ipsius
1117 3359 1136 3392 ι
1172 3349 1336 3394 vocat
1376 3341 1584 3396 exitum
1629 3358 1695 3399 ex
1725 3344 1979 3416 Egypto.

389 3425 666 3480 Asserunt
695 3435 880 3484 autem
920 3430 1120 3484 medici
1180 3433 1348 3486 fetum
1382 3433 1434 3486 in
1460 3442 1617 3488 utero
1649 3438 1841 3492 matris
1872 3439 1986 3494 vel-

393 3513 474 3566 uti
535 3517 830 3584 quamdam
901 3520 1144 3575 radicem
1206 3521 1410 3577 habere
1474 3526 1838 3592 umbilicum,
1885 3544 1984 3598 per

389 3620 552 3673 quem
583 3607 741 3662 aiunt
770 3624 895 3664 eum
945 3613 1145 3666 nutriri
1175 3623 1232 3668 et
1272 3615 1481 3686 augeri.
1522 3619 1658 3671 Cum
1691 3619 1857 3690 igitur
1885 3624 1984 3678 ob-

389 3697 651 3754 stetrices
708 3709 922 3768 partem
962 3702 1108 3756 illam
1166 3705 1448 3774 umbilici,
1508 3725 1632 3778 qua:
1678 3714 1981 3781 propendet

389 3790 534 3861 apud
566 3790 834 3846 infantem
857 3832 872 3856 ,
913 3794 1157 3852 incidere
1200 3801 1615 3866 consueverint,
1664 3803 1894 3873 figurate
1924 3816 1978 3861 et

386 3896 490 3952 per
519 3883 943 3942 translationem
976 3887 1092 3941 ait:
1134 3907 1153 3940 ι
1206 3889 1512 3947 Umbilicus
1559 3903 1688 3951 tuus
1734 3911 1842 3950 non
1894 3906 1978 3954 est

385 3972 676 4042 praecisus,
720 3993 738 4025 ι
777 3975 883 4031 hoc
928 3984 1034 4043 est,
1080 3978 1243 4036 hodie
1283 3997 1503 4052 quoque
1551 3985 1621 4039 ab
1666 3993 1824 4041 utero
1857 4003 1974 4041 ma-

385 4070 572 4128 terno,
603 4064 655 4120 id
684 4075 795 4132 est,
829 4067 1091 4141 Egypto,
1125 4071 1428 4143 impietatis
1467 4076 1708 4132 attrahis
1741 4079 1972 4135 alimen-

383 4160 524 4209 tum.
564 4173 584 4207 ι
609 4154 674 4210 Ει
703 4173 845 4228 aqua
869 4175 981 4215 non
1008 4177 1070 4217 es
1095 4163 1202 4218 lota
1237 4165 1290 4218 in
1317 4166 1572 4222 salutem.
1604 4189 1620 4221 ι
1658 4169 1820 4241 775
1857 4170 1972 4226 Hoc

381 4245 571 4302 itidem
602 4247 810 4304 dictum
843 4262 928 4307 est
963 4269 1060 4323 per
1100 4257 1518 4313 translationem
1554 4261 1625 4316 ab
1663 4261 1970 4318 infantibus

381 4337 634 4406 petitam,
665 4341 756 4410 qui
795 4349 919 4411 post
952 4353 1170 4413 partum
1203 4348 1527 4414 abluuntur,
1557 4359 1610 4407 et
1642 4353 1972 4424 abstergun-

380 4435 493 4491 tur,
533 4439 587 4484 et
615 4443 646 4483 a
691 4435 964 4502 sanguine
1001 4450 1065 4489 ex
1109 4444 1266 4492 utero
1304 4450 1596 4497 contracto
1636 4443 1962 4500 liberantur.

2092 3367 2111 3398 ι
2139 3347 2396 3417 Γέννησιν
2430 3346 2487 3399 δὲ
2515 3346 2689 3416 αὐτῆς
2717 3365 2736 3399 ι
2770 3346 2928 3400 καλεῖ
2949 3347 3050 3417 τὴν
3072 3345 3134 3410 ἐξ
3155 3346 3676 3416 Αἰγύπουηέξώον.

2084 3437 2221 3490 Φασὶ
2251 3437 2307 3490 δὲ
2337 3435 2536 3508 ἰατρῶν
2561 3436 2749 3500 παῖδες
2771 3435 2832 3489 τδ
2875 3435 3116 3508 ἔμϐρυον
3151 3437 3211 3489 ὲν
3238 3439 3307 3508 τῇ
3354 3440 3539 3510 μήτρᾳ
3563 3432 3680 3492 οἷόν

2083 3545 2204 3581 τινα
2232 3529 2388 3598 ῥίζαν
2410 3527 2554 3599 ἔχειν
2612 3527 2702 3581 τὸν
2752 3527 3020 3597 ὀμφαλὸν,
3072 3529 3167 3583 καὶ
3198 3529 3268 3584 δι’
3309 3530 3522 3585 ἐκείνου
3545 3532 3676 3604 τρέ-

2084 3617 2282 3688 φεσθαί
2308 3635 2369 3670 τε
2425 3617 2521 3670 καὶ
2566 3617 2934 3684 αὐξάνεσθαι·
2983 3617 3174 3688 ἐπειδὴ
3216 3618 3398 3672 τοίνυν
3426 3620 3484 3674 αἰ
3515 3621 3680 3686 μαῖαι

2082 3711 2305 3764 κόπτειν
2328 3710 2551 3764 εἰώθασι
2579 3711 2675 3764 τοῦ
2731 3709 2966 3782 βρέφους
3004 3712 3066 3765 τὺ
3100 3711 3415 3783 προκῦπτον
3444 3711 3538 3766 τοῦ
3571 3713 3675 3783 όμ-

2082 3800 2274 3870 φαλοῦ,
2297 3801 2573 3873 τροπικῶς
2593 3802 2659 3855 ὲκ
2683 3803 2999 3874 μεταφορᾶς
3046 3819 3240 3872 φησιν*
3275 3821 3295 3855 ι
3344 3802 3402 3856 '0
3425 3803 3675 3872 ὀμφαλός

2082 3911 2177 3946 σου
2205 3893 2266 3946 ού
2292 3893 2637 3964 περιετμήθη
2659 3909 2672 3924 ·
2694 3912 2715 3945 ι
2749 3894 2871 3948 ἀντὶ
2891 3892 3010 3959 τοῦ,
3046 3895 3166 3947 Ἔτι
3195 3893 3292 3948 καὶ
3322 3895 3564 3966 σήμερον
3579 3894 3673 3948 ἐλ-

2079 4000 2196 4046 κεις
2221 3983 2332 4038 ἀπὸ
2355 3987 2454 4055 τῆς
2503 3985 2767 4056 μητρῴας
2828 3985 3062 4056 μήτρας,
3092 3985 3339 4040 τουτέστι
3374 3987 3474 4058 τῆς
3502 3986 3674 4055 Δίγύ-

2077 4092 2234 4139 πτου,
2264 4075 2363 4146 τὴν
2401 4076 2501 4146 τῆς
2535 4075 2789 4142 ἀσεσείας
2822 4079 3052 4150 τροφήν.
3086 4096 3104 4130 ι
3140 4078 3252 4132 Καὶ
3295 4079 3354 4132 ὲν
3392 4078 3547 4132 ὕδατι
3567 4079 3672 4132 οὐκ

2075 4164 2338 4234 ὲλούσθης
2369 4167 2448 4228 εἰς
2483 4166 2760 4236 σωτηρίαν
2789 4165 2854 4220 ⁸³.
2888 4185 2907 4218 ι
2943 4167 3053 4220 Καὶ
3075 4165 3234 4220 τοῦτο
3267 4166 3399 4230 ἴσως
3429 4167 3494 4232 ⁸⁸,
3521 4166 3566 4200 ⁸⁸
3601 4167 3670 4221 ἐκ

2078 4258 2394 4328 μεταφορᾶς
2423 4256 2531 4310 τῶν
2585 4256 2827 4328 βρεφῶν,
2883 4257 2993 4311 τῶν
3023 4257 3161 4329 μετά
3206 4258 3299 4312 τὸν
3329 4257 3487 4312 τόκον
3513 4258 3668 4311 λουο-

2077 4349 2274 4418 μένων,
2304 4349 2397 4400 καὶ
2455 4349 2986 4420 ἀπορῤυπτομένων,
3019 4349 3114 4404 καὶ
3165 4349 3260 4404 τοῦ
3293 4347 3549 4422 μητρῴου
3580 4349 3669 4402 αῖ-

2077 4458 2248 4509 ματος
2283 4440 2801 4512 ἀπαλλαττομένων.
2871 4443 2944 4496 Σὺ
2977 4439 3092 4507 οὖν,
3127 4443 3285 4512 φησί,
3327 4443 3534 4498 τούτων
3562 4444 3667 4498 οὐκ

379 4516 463 4574 Tu
496 4520 684 4590 Igitur,
710 4521 910 4593 inquit,
945 4526 1013 4579 ab
1041 4526 1126 4580 his
1152 4544 1258 4582 non
1294 4546 1352 4584 es
1380 4533 1629 4596 liberata,
1658 4531 1754 4588 sed
1788 4534 1970 4588 adhuc

2090 4532 2415 4604 ἰπηλλάγης,
2467 4534 2583 4587 ἀλλ’
2624 4534 2707 4587 ἔτι
2763 4535 2854 4588 καλ⁵
2910 4538 3152 4609 σήμερον
3206 4537 3394 4608 φέρεις
3426 4537 3526 4606 τῆς
3551 4554 3662 4609 μη-

379 4609 543 4666 hodie
570 4628 792 4684 quoque
837 4618 1071 4670 materni
1113 4623 1254 4673 uteri
1291 4623 1446 4692 signa
1485 4625 1654 4694 geris.
1707 4644 1726 4676 ι
1779 4625 1966 4694 Neque

2090 4625 2254 4694 ῖρῲας
2282 4627 2474 4693 νηδύος
2535 4627 2606 4680 τὰ
2667 4631 2891 4698 σημεῖα.
2936 4647 2954 4680 ι
2987 4629 3119 4682 Οὐδὲ
3165 4629 3255 4682 an
3288 4627 3537 4700 ήλίσθης,
3567 4629 3665 4682 καὶ

377 4702 495 4758 sale
529 4705 689 4759 salita
717 4721 800 4772 es,
845 4715 901 4763 et
944 4707 1138 4765 fasciis
1188 4728 1298 4767 non
1348 4730 1408 4769 es
1449 4718 1721 4771 involuta.
1778 4737 1798 4770 ι
1846 4718 1964 4774 Non

377 4797 665 4865 accepisti,
705 4799 910 4870 inquit,
943 4800 1210 4858 doctrinze
1239 4806 1407 4868 sales,
1437 4822 1614 4876 neque
1643 4808 1840 4864 allatas
1866 4809 1965 4864 tibi

376 4898 475 4954 per
513 4885 652 4958 legis
690 4890 1043 4961 disciplinam
1077 4893 1301 4963 fascias,
1340 4912 1462 4966 quae
1511 4898 1842 4954 adhibentur
1873 4899 1958 4954 in-

2072 4717 2410 4787 σπαργάνοις
2448 4718 2494 4750 "
2580 4720 2683 4772 οὐκ
2739 4719 3199 4790 έσπαργανώθης.
3235 4739 3254 4772 ι
3290 4721 3408 4774 Ούκ
3458 4719 3659 4783 ἐδέξω,

2070 4809 2226 4876 φησι,
2267 4808 2367 4877 τῆς
2425 4809 2776 4874 διδασκαλίας
2822 4812 2949 4875 τοὺς
3020 4811 3176 4874 ἃλας,
3214 4811 3274 4864 ού
3296 4809 3366 4865 τά
3401 4826 3664 4881 προσενε-

2067 4899 2265 4970 χθέντα
2299 4917 2381 4954 σοι
2407 4901 2495 4955 διὰ
2519 4901 2615 4955 τοῦ
2662 4903 2829 4975 νόμου
2872 4903 3184 4975 σπάργανα,
3215 4903 3251 4957 ἃ
3276 4906 3390 4968 τοῖς
3434 4903 3660 4976 βρέφεσι

443 5042 641 5102 'Joan.
676 5062 800 5114 vin,
832 5049 924 5104 55.
1003 5052 1191 5109 PLuc.
1236 5071 1320 5120 ιιι,
1365 5055 1416 5123 7,
1449 5053 1522 5122 8;
1562 5055 1695 5111 coll.
1725 5054 1922 5111 Matth.
1957 5071 2043 5120 ιιι,
2076 5055 2191 5110 7-9.

1644 5211 1876 5268 VARIE
1915 5209 2323 5268 LECTIONES.

488 5330 534 5362 "
573 5330 739 5402 ἀμήν.
773 5329 1168 5402 Des._utroque
1205 5329 1328 5402 l_oco
1369 5328 1463 5402 cit.
1506 5329 1588 5402 ,³⁸

1627 5327 1759 5400 Quae
1799 5327 1857 5400 [ι.
1890 5329 1929 5383 1.
1963 5329 2162 5386 desunt
2185 5368 2200 5393 ,
2234 5329 2430 5400 supra',
2480 5343 2605 5400 pag.
2643 5333 2696 5395 7,
2743 5331 2799 5386 in
2831 5330 2989 5388 Praef.
3033 5331 3099 5388 ad
3133 5331 3301 5387 Cant.
3338 5333 3539 5388 cantic.
3580 5333 3656 5390 ita

373 5400 474 5474 leg.
505 5418 518 5453 :
552 5395 726 5526 ιςάι
746 5400 957 5478 γένεσίς
1004 5395 1096 5454 σού
1123 5402 1180 5452 ὲν
1276 5400 1460 5522 ἡμέρᾳ
1502 5398 1750 5469 ὲτέχθης.
1797 5397 2079 5480 Postrema
2109 5395 2330 5454 exstant
2377 5395 2539 5456 etiam
2555 5395 2704 5485 'tnm.
2741 5400 2792 5466 Ι,
2838 5418 2960 5474 pag.
3000 5404 3158 5458 1093.
3236 5403 3281 5435 ⁸⁸
3322 5405 3437 5457 Οὐκ
3467 5406 3588 5474 ὲτμ.
3625 5408 3657 5458 6

373 5473 508 5526 όιιω.
557 5489 672 5526 σου.
734 5483 784 5526 ta
831 5471 1042 5526 Conml.
1085 5474 1238 5526 iuxta
1285 5469 1473 5526 lebr..
1532 5473 1624 5526 sed
1661 5484 1771 5524 rec.
1826 5469 1988 5524 lectio
2029 5478 2114 5524 est
2149 5471 2251 5524 ούκ
2295 5471 2491 5526 ἔδησας
2535 5487 2661 5526 τους
2711 5473 2951 5526 ιιαστούς
2995 5490 3110 5526 σου.
3189 5473 3233 5506 ⁸⁸
3275 5491 3391 5526 σου.
3434 5472 3650 5526 Sunra.

734 5483 784 5526 ta

371 5473 508 5541 όμφ.
557 5489 672 5526 σου.

831 5443 1242 5552 Compl._juxta‘
1283 5443 1627 5556 ‘l‘febrriz‘sed
1661 5443 1775 5553 rec.
1826 5469 1988 5524 lectio
2029 5478 2114 5555 est
2149 5471 2251 5524 οὐκ
2295 5471 2491 5556 ἔδησας
2535 5471 2661 5534 τοὺς
2711 5443 2951 5556 μέστὲύέ
2995 5473 3233 5556 σου...⁸ξ
3275 5491 3391 5556 σρυ.
3417 5443 3650 5556 βιῳῗιιι,

535 5542 598 5606 ’7,
629 5543 748 5598 loco
777 5546 895 5610 cit.,
925 5539 1172 5611 sequitur
1215 5541 1306 5593 καὶ
1336 5539 1434 5592 ούκ
1465 5539 1662 5609 ἔδησαν
1698 5539 1824 5603 τοὺς
1861 5539 2103 5609 μαστούς
2129 5557 2245 5604 σου,
2282 5539 2403 5611 (ιιιώ
2439 5541 2556 5596 des.
2603 5539 2736 5596 tom.
2781 5540 2800 5595 Ι
2841 5542 2962 5598 loco
2996 5545 3092 5599 cit.
3129 5543 3265 5599 Huic
3304 5539 3530 5599 lectioni
3560 5539 3650 5598 iné

393 5619 543 5664 uerat
585 5611 781 5664 Noster
813 5615 867 5664 in
908 5610 1070 5664 Praef.
1105 5609 1170 5663 ad
1199 5609 1354 5664 Cant.
1387 5611 1584 5663 cantic.
1627 5624 1752 5664 pag.
1795 5610 1861 5664 10
1899 5620 1952 5664 et
1983 5609 2070 5662 Η.
2148 5611 2192 5642 ⁸³
2233 5609 2515 5664 Taurum.
2551 5628 2605 5664 κ.
2647 5628 2698 5664 τ.
2727 5611 2776 5663 λ.
2825 5612 3081 5664 Eamdem
3135 5614 3646 5664 inlernretalionem

393 5609 543 5682 uerat
585 5611 781 5670 Noster
813 5609 1070 5668 in’Pra'af.
1105 5609 1170 5682 ad
1199 5609 1354 5664 Cant.
1387 5611 1584 5663 cantic.
1625 5624 1752 5682 pag.
1795 5610 1877 5682 10_
1899 5620 1952 5664 et
1983 5609 2070 5682 ll.
2110 5681 2115 5682 γ
2148 5611 2192 5642 ⁸³
2233 5609 2515 5682 Τόυτέστᾷι,
2551 5628 2605 5664 κ.
2647 5628 2698 5664 τ.
2727 5611 2799 5682 λ.
2825 5612 3081 5669 Eamdem
3135 5614 3647 5682 interpretationem

370 5681 497 5735 vide
529 5697 718 5752 supra,
749 5699 873 5756 pag.
910 5682 971 5738 ll
1012 5691 1067 5736 et
1100 5681 1187 5745 12,
1212 5693 1427 5802 necngn
1457 5687 1588 5732 tom.
1625 5679 1668 5743 1,
1694 5681 1814 5734 loco
1832 5680 1926 5734 cit.
2005 5680 2050 5711 ⁸³
2071 5681 2154 5743 εἰς
2184 5697 2316 5735 σωτ.
2346 5679 2420 5735 Ita
2450 5680 2662 5753 Compl.
2689 5693 2743 5740 et
2772 5681 2964 5752 Grab.,
2988 5684 3084 5741 sed
3123 5683 3179 5740 in
3203 5679 3370 5742 Hebr.
3410 5693 3496 5742 est
3531 5702 3548 5742 :
3584 5684 3644 5741 in

371 5761 594 5802 asnectu
634 5767 777 5802 meo.
847 5753 970 5797 *δι-⁸⁸
1009 5751 1084 5802 ῐσ.
1107 5747 1232 5802 Des.
1255 5749 1312 5802 in
1391 5787 1406 5802 .
1483 5748 1529 5782 ⁸⁸
1568 5765 1770 5802 σπαογ.
1804 5749 2003 5802 Sunra.
2028 5765 2150 5802 nan.
2184 5751 2241 5802 8.
2271 5765 2459 5802 uram.
2493 5755 2574 5802 ὲν.

371 5747 618 5821 εερεοιιί
634 5747 777 5811 meo".
811 5747 997 5836 1:3:
1009 5751 1084 5807 ῐσ.
1107 5747 1232 5810 Des.
1255 5749 1312 5807 in

829 5828 896 5838 -ο,

1391 5787 1406 5803 .
1568 5765 1770 5821 σπαργ.
1804 5749 2003 5821 Supra,
2028 5765 2150 5824 pag.
2184 5751 2241 5821 8,
2271 5765 2459 5823 praui.
2493 5755 2574 5806 tv.
