4034 6408
290 374 397 437 933

1431 378 1512 440 IN
1543 379 1997 440 EZECHIELIS
2050 383 2210 442 CAP.
2247 385 2398 446 XVI.

3461 395 3570 458 934

289 483 695 553 προσφέρεται,
733 482 844 547 ἴνα,
878 483 931 536 εἰ
956 501 1009 536 τι
1052 482 1119 538 ἂν
1152 483 1261 536 τῶν
1295 485 1474 554 μελῶν
1507 487 1566 538 ὲν
1593 490 1715 550 ταῖς
1740 487 1861 539 ὠδῖσ

1996 488 2261 551 fantibus.
2293 500 2350 544 ut
2381 492 2426 547 si
2463 493 2686 563 aliquod
2715 511 2778 549 ex
2810 495 3074 553 membris
3109 497 3162 552 in
3199 498 3318 569 ipso
3343 511 3502 570 partu
3540 521 3568 558 a

285 575 382 628 τοῦ
427 575 614 638 εὐθέος
648 578 1013 648 παρατραπῇ,
1052 577 1399 648 διευθύνηται
1421 617 1436 643 ,
1473 578 1570 632 καὶ
1607 579 1667 632 τὸ
1716 595 1887 648 προσ-

287 662 428 734 ῆκον
461 662 830 735 ἀπολαμϐάνῃ
858 663 1065 733 σχῆμα.

357 774 422 821 ε’.
451 767 609 821 Οὐδὲ
629 767 914 836 ἐφείσατο
938 767 1037 820 ἐπὶ
1057 769 1101 800 ’δ’
1125 771 1223 822 σοὶ
1247 771 1280 822 ό
1304 769 1612 838 ὀφθαλμός
1631 785 1750 839 μου
1777 768 1885 823 τοῦ

286 857 544 925 ποιῆσαί
564 873 664 910 σοι
695 857 768 911 ἓν
800 859 869 911 ἐκ
895 859 1138 912 πάντων
1165 859 1413 924 τούτων,
1436 859 1543 914 τοῦ
1570 862 1617 892 ³⁸
1671 861 1884 916 παθεῖν

285 966 343 1002 τι
380 949 483 1001 ἐπὶ
512 950 616 1002 σοι
634 964 648 979 ·
691 948 790 1002 καὶ
822 950 1159 1018 ἀπερῤἰφης
1183 951 1304 1004 ἀπὸ
1350 953 1395 983 ⁴⁹
1420 953 1742 1020 προσώπου
1774 952 1881 1006 τοῦ

285 1037 500 1092 πεδίου
530 1037 605 1105 τῇ
630 1040 975 1105 σκολιότητι
1000 1038 1106 1106 τῆς
1134 1039 1341 1108 ψυχῆς
1369 1058 1510 1107 σου,
1530 1042 1600 1094 ἐν
1623 1037 1662 1112 ᾖ
1690 1041 1880 1109 ἡμέρᾳ

283 1127 554 1193 ἐτέχθης.
592 1126 764 1190 Εὐθὺς
783 1126 912 1197 γὰρ,
942 1130 1096 1197 φησὶ,
1118 1130 1212 1181 καὶ
1236 1129 1580 1200 παραχρῆμα
1602 1130 1875 1199 τεχθείσα,

282 1219 502 1286 καὶτῆς
527 1217 807 1284 Αἰγύπτου
841 1218 1238 1287 ἀπαλλαγεῖσα,
1279 1220 1373 1272 καὶ
1409 1219 1505 1290 τὴν
1538 1215 1875 1289 ἰσότητα⁹τοῦ

280 1311 450 1379 νόμου
483 1311 839 1364 παιδευθεῖσα
893 1310 1026 1382 παρ’
1088 1311 1226 1382 ἐμοῦ
1277 1312 1346 1374 ⁵⁰,
1391 1312 1772 1381 παρετράπης,
1805 1311 1872 1363 τά

283 1400 473 1453 σκολιὰ
523 1401 618 1454 καὶ
657 1400 1070 1471 διεστραμμένα
1121 1401 1209 1454 ἀεὶ
1251 1403 1610 1471 ἀγαπήσασα.
1657 1401 1872 1454 Πεδιόν

277 1493 388 1562 γὰρ
418 1491 653 1545 ἐνταῦθα
697 1493 798 1562 τὴν
861 1493 1085 1563 ἰσότητα
1128 1494 1554 1564 προηγόρευσεν.
1608 1492 1749 1560 Ἐγὼ
1793 1493 1870 1557 δὲ,

277 1585 464 1654 φησὶν,
504 1585 562 1635 ὲν
621 1583 720 1652 μὲν
782 1586 849 1650 τῇ
885 1583 1172 1653 Αἰγύπτῳ,
1229 1583 1418 1636 οὐδένα
1461 1585 1502 1614 ⁵⁸
1563 1600 1644 1636 σοι
1700 1600 1872 1654 προσο

275 1679 485 1746 ήνεγκα
518 1676 705 1743 νόμον,
737 1675 859 1727 οὐδὲ
895 1674 1003 1727 τῶν
1023 1675 1256 1728 ἐντολῶν
1285 1676 1412 1736 τοὺς
1445 1673 1599 1737 ἃλας,
1623 1675 1744 1727 οὐδὲ
1771 1673 1873 1745 τὴν

272 1767 368 1819 τοῦ
398 1767 647 1837 ὀμφαλοῦ
705 1765 1032 1838 περιτομὴν,
1075 1766 1194 1818 οὐδὲ
1241 1767 1339 1836 τὴν
1367 1765 1456 1819 διὰ
1479 1766 1588 1818 τῶν
1621 1766 1870 1836 σπαργά-

1991 587 2144 632 recto
2175 582 2360 648 positu
2417 583 2721 649 deﬂexerit,
2776 586 3125 654 restituatur,
3171 591 3570 664 decentemque

1988 668 2220 724 formam
2250 673 2541 743 suscipiat.

2058 775 2224 833 Vens.
2267 780 2318 833 5.
2360 779 2550 850 Neque.
2572 785 2796 852 pepercit
2829 801 2982 852 super
3015 797 3064 840 te
3098 789 3285 844 oculus
3320 807 3485 854 meus,
3510 802 3568 845 ut

1985 867 2210 936 facerem
2243 871 2338 923 tibi
2374 888 2538 925 unum
2582 889 2647 926 ea:
2683 877 2921 930 omnibus
2953 879 3099 943 istis,
3132 889 3190 932 ut
3215 891 3426 947 paterer
3465 884 3569 935 ali-

1982 957 2109 1026 quid
2138 959 2216 1011 tui
2244 974 2448 1013 causa:
2490 970 2538 1014 et
2584 964 2819 1030 proiecta
2870 983 2924 1019 es
2956 984 2988 1019 a
3031 972 3308 1038 superﬁcie
3349 975 3561 1042 campi,

1981 1049 2242 1117 pravitate
2272 1052 2464 1104 anima:
2496 1062 2621 1120 ture,
2662 1055 2748 1108 die
2778 1073 2880 1126 quo
2915 1070 3044 1112 nata
3072 1077 3149 1114 es.
3188 1063 3384 1116 Statim
3417 1066 3561 1118 euiut

1981 1148 2034 1194 et
2081 1143 2369 1212 evestigio,
2402 1143 2603 1213 inquit,
2637 1155 2787 1211 nata,
2833 1157 2887 1203 et
2929 1151 2997 1204 ab
3038 1150 3276 1223 Egypto
3307 1155 3560 1222 liberata,

1979 1236 2033 1282 et
2071 1243 2101 1282 a
2145 1243 2232 1284 me
2262 1232 2400 1301 legis
2427 1235 2802 1302 mqualitatem
2853 1238 3068 1305 educta,
3121 1257 3378 1311 perversa
3409 1261 3469 1300 es
3509 1248 3560 1310 ‘,

1978 1321 2198 1390 obliqua
2249 1336 2472 1392 semper
2512 1332 2566 1379 et
2619 1325 2914 1396 depravata
2977 1333 3250 1401 amplexa.
3303 1334 3562 1404 Campum

1976 1414 2120 1466 enim
2147 1413 2248 1467 llOC
2280 1419 2401 1469 loco
2427 1417 2797 1485 aequalitatem
2826 1426 3182 1499 nuncupavit.
3215 1425 3328 1498 Ego
3352 1438 3557 1496 autem,

1975 1504 2176 1575 inquit,
2225 1508 2278 1561 in
2329 1508 2566 1580 Egypto
2613 1514 2833 1582 quidem
2874 1517 3083 1572 nullam
3129 1519 3227 1574 tibi
3261 1521 3434 1592 legem
3471 1534 3558 1578 at-

1976 1597 2113 1662 tuli,
2181 1613 2361 1668 neque
2415 1602 2800 1657 mandatorum
2860 1607 3022 1671 sales,
3083 1625 3261 1679 neque
3313 1613 3558 1670 umbilici

1975 1691 2298 1756 sectionem,
2337 1706 2516 1762 neque
2553 1695 2930 1750 membrorum
2984 1714 3083 1769 per
3131 1700 3334 1758 fascias
3376 1705 3556 1760 rel‘or-

1973 1779 2292 1834 mationem.
2329 1779 2523 1837 Postea
2553 1799 2682 1838 vero
2702 1800 2864 1856 quam
2893 1787 3018 1842 inde
3051 1791 3296 1858 profecta
3317 1809 3398 1859 es,
3431 1809 3553 1849 om-

273 1874 380 1910 νων
401 1834 742 1928 διάρθρωσιν
775 1834 885 1909 τῶν
908 1834 1103 1927 μελῶν
1132 1871 1145 1886 ο
1204 1834 1342 1926 μετὰ
1393 1856 1451 1909 δὲ
1503 1856 1597 1927 τὴν
1656 1834 1861 1908 ἐκεῖθεν

2384 1834 2395 1835 κ
2415 1834 2522 1837 νην
2565 1834 2574 1837 -
2594 1834 2635 1838 ν-
2655 1834 2675 1838 ν
2706 1834 2864 1856 -ι-ἠη
2893 1834 3017 1842 ---·-ν
3051 1834 3296 1858 ιν-ν·νν·“·
3318 1834 3398 1859 νσι

1973 1869 2029 1923 ni
2059 1877 2114 1926 te
2142 1873 2432 1928 curatione
2461 1873 2683 1945 dignam
2713 1878 2926 1933 censui.
2973 1879 3101 1935 Ideo
3145 1883 3408 1954 subjicit:

271 1947 600 2018 ἀπαλλαγὴν
627 1987 642 2011 ,
695 1947 1046 2018 παντοδαπῆς
1133 1963 1191 2000 σε
1257 1947 1574 2018 ἐπιμελείας
1635 1946 1862 2016 ἠξίωσα.

270 2037 365 2089 Διὸ
393 2037 592 2105 ἐπάγει
609 2053 624 2067 ⁸

344 2155 419 2212 ς’,
466 2146 534 2211 ζ’·
571 2147 681 2202 Καὶ
704 2147 961 2216 διῆλθον
986 2148 1084 2202 ἐπὶ
1136 2148 1230 2215 σὲ,
1264 2149 1366 2202 καὶ
1388 2144 1553 2202 εἶδόν
1580 2151 1626 2182 ⁵³
1657 2164 1732 2203 σε
1755 2164 1863 2202 πε-

267 2241 585 2310 φιφμένην
608 2240 681 2294 ἐν
705 2239 787 2307 τῷ
820 2241 1022 2311 αἵματι
1051 2241 1129 2274 ⁸⁸·
1167 2240 1266 2294 καὶ
1314 2237 1489 2295 εἶπόν
1519 2258 1637 2305 σοι,
1683 2243 1786 2294 Ἐν
1811 2242 1859 2276 ⁸⁸

266 2332 350 2397 τῷ
412 2333 612 2402 αἵματι
679 2331 835 2401 ζώσῃ
859 2333 926 2397 ³⁵,
973 2332 1073 2386 καὶ
1112 2333 1160 2364 ⁸⁸⁸
1222 2333 1396 2386 εἶπόν
1425 2348 1526 2386 σοι
1551 2347 1566 2362 ·
1618 2333 1744 2386 Σὺν
1783 2331 1864 2397 τῷ

264 2425 472 2493 αἵματί
496 2440 614 2478 σου
647 2423 758 2493 ζωή
783 2441 796 2454 ·
834 2426 1161 2494 Πληθύνου
1205 2423 1411 2491 ἀθώως
1439 2425 1509 2490 ⁸⁷,
1533 2425 1727 2492 καθὼς
1745 2426 1863 2495 τὴν

263 2516 576 2584 ἀνατολὴν
599 2516 646 2547 ⁸⁸
666 2517 770 2570 τοῦ
799 2516 985 2586 ἀγροῦ
1013 2516 1246 2570 δέδωκά
1265 2533 1356 2570 σε.
1381 2517 1728 2587 Θεασάμενος
1753 2517 1861 2587 γάρ

266 2624 326 2659 σε
366 2607 445 2678 τῷ
479 2608 577 2677 τῆς
610 2607 1062 2680 εἰδωλολατρείας
1100 2609 1296 2680 αἵματι
1335 2611 1729 2680 πεφυρμένην,
1766 2611 1861 2664 καὶ

261 2698 330 2750 ea
364 2698 575 2768 αἵματα
599 2698 709 2751 τῶν
767 2699 970 2752 θυσιῶν
1030 2699 1449 2771 ἀσπαζομένην,
1506 2701 1861 2771 συνεχώρησά

262 2805 346 2841 σοι
376 2787 549 2851 θύειν,
586 2789 687 2841 οὐκ
718 2788 980 2854 εἰδώλοις,
1033 2790 1149 2844 ἀλλ’
1181 2791 1325 2862 ἐμοί.
1365 2790 1535 2844 Τοῦτο
1573 2791 1682 2863 γὰρ
1719 2809 1860 2862 παρ-

261 2880 535 2950 εδήλωσεν
590 2879 871 2951 εἰρηκώς·
901 2897 920 2932 ι
969 2881 1076 2936 Σὺν
1127 2881 1204 2952 τῷ
1283 2883 1478 2954 αἵματί
1549 2900 1641 2936 σου
1697 2883 1856 2954 ζωή·

261 2971 539 3042 πληθύνου
581 2971 776 3035 ἀθώως
800 2987 813 3000 ⁸
850 2991 868 3024 ι
897 2973 1171 3038 τουτέστι,
1210 2975 1302 3046 Μὴ
1335 2975 1690 3046 παρανόμως,
1740 2975 1856 3030 ἀλλ’

259 3066 540 3136 ἐννόμως’
602 3065 677 3136 μὴ
733 3064 1006 3135 δαίμοσιν,
1072 3065 1208 3120 ἀλλὰ
1273 3065 1392 3136 Θεῷ
1425 3066 1660 3121 θύουσα’
1699 3067 1858 3120 τοῦτο

2037 2155 2205 2213 Vens.
2242 2157 2310 2226 6,
2354 2160 2406 2218 7.
2451 2161 2522 2217 Et
2556 2165 2783 2220 transivi
2812 2181 2974 2238 prape
3015 2178 3082 2235 te,
3119 2179 3171 2225 et
3215 2173 3327 2227 vidi
3358 2183 3406 2229 te
3446 2178 3550 2230 mi-

1965 2253 2105 2300 stam
2148 2249 2204 2302 in
2233 2253 2513 2319 sanguine,
2561 2264 2609 2308 et
2661 2255 2778 2310 dixi
2805 2258 2902 2311 tibi
2949 2275 2968 2312 :
3015 2259 3082 2314 In
3115 2267 3371 2334 sanguine
3414 2267 3549 2342 (tuo)

1965 2338 2122 2402 vives,
2173 2349 2224 2393 et
2256 2342 2420 2413 776
2462 2343 2578 2398 dixi
2629 2346 2728 2400 tibi
2758 2363 2778 2402 :
2824 2347 2959 2403 Cum
3003 2355 3260 2423 sanguine
3293 2365 3380 2411 tuo
3418 2338 3546 2414 uita.

1965 2425 2327 2496 Mulliplicare
2367 2433 2698 2500 innocenter,
2737 2438 2874 2492 sicut
2918 2450 3094 2495 ortum
3141 2446 3259 2514 agri
3305 2446 3429 2502 dedi
3477 2461 3545 2505 te.

1962 2517 2330 2589 Conspicatus
2357 2523 2503 2577 enim
2533 2535 2584 2580 te
2619 2525 2946 2584 idololatria:
2990 2535 3257 2603 sanguine
3290 2536 3548 2608 inquina-

1963 2617 2094 2675 tam,
2156 2621 2210 2667 et
2264 2615 2667 2672 sacriﬁciorum
2720 2622 3049 2692 sanguinem
3107 2628 3547 2696 amplexantem,

1963 2702 2214 2756 concessi
2249 2704 2345 2757 tibi
2381 2713 2438 2759 ut
2470 2709 2839 2779 saerilicares,
2876 2729 2987 2768 non
3034 2716 3194 2773 idolis
3217 2762 3232 2784 ,
3268 2723 3363 2776 sed
3391 2725 3546 2778 mihi.

1962 2789 2120 2855 Quod
2158 2793 2461 2851 declaravit
2495 2793 2620 2854 cum
2670 2800 2808 2856 dixit
2846 2821 2860 2858 :
2908 2823 2926 2856 ι
2971 2804 3107 2862 Cum
3140 2813 3410 2882 sanguine
3454 2823 3550 2871 tuo

1961 2884 2096 2949 vita,
2137 2888 2506 2958 multiplicare
2541 2892 2888 2960 innocenter,
2926 2915 2945 2948 ι
2983 2899 3088 2954 hoc
3115 2909 3222 2966 est,
3261 2920 3372 2960 non
3407 2923 3548 2977 prae-

1961 2982 2065 3040 ter,
2103 2979 2198 3032 sed
2229 2979 2388 3047 juxta
2419 2980 2612 3052 legem,
2655 3000 2765 3040 non
2797 2986 3163 3054 daemonibus,
3192 2995 3286 3048 sed
3319 2993 3430 3050 Deo
3459 3011 3550 3052 sa-

1962 3067 2262 3125 crificans:
2302 3071 2404 3127 hoc
2448 3075 2595 3130 enim
2646 3076 2864 3135 faciens
2907 3081 3086 3137 instar
3128 3093 3289 3140 terra:
3320 3087 3548 3144 virentis

257 3161 372 3231 γὰρ
425 3157 656 3212 ποιοῦσα
700 3157 854 3229 δίκην
902 3157 1145 3230 ἀρούρας
1196 3157 1458 3223 εὐθαλοῦς
1507 3159 1853 3231 βλαστήσεις,

1966 3160 2313 3228 germinabis,
2348 3165 2639 3236 omnisque
2673 3171 2895 3238 generis
2925 3171 3202 3230 iructibus
3234 3179 3548 3234 exornabe—

258 3253 356 3305 καὶ
385 3251 754 3313 παντοδαποῖς
807 3249 1138 3324 κοσμηθήοῃ
1200 3255 1455 3323 καρποῖς.
1488 3271 1506 3303 ι
1546 3253 1656 3307 Καὶ
1686 3254 1856 3323 ἐπλη-

259 3341 463 3412 θύνθης
489 3341 585 3394 καὶ
602 3339 977 3416 ὲμεγαλύνθης
996 3341 1066 3407 ⁵⁵,
1087 3342 1184 3395 καὶ
1198 3342 1266 3373 ⁵³·
1290 3342 1542 3414 εἰσῆλθες
1566 3345 1649 3407 εἰς
1670 3343 1856 3407 πόλεις

258 3434 492 3488 πόλεων.
525 3453 545 3487 ι
588 3435 976 3507 Ἦκολούθησε,
999 3435 1158 3506 φησὶ,
1185 3437 1250 3506 τῇ
1285 3437 1393 3506 ἐμῇ
1416 3435 1639 3507 εὐλογίᾳ
1669 3436 1733 3488 τὸ
1761 3435 1854 3508 ἔρ-

257 3540 384 3591 γον·
448 3523 561 3592 ὲγὼ
617 3525 716 3596 μὲν
767 3525 876 3596 γὰρ
935 3519 1126 3578 εἷπον·
1171 3524 1259 3588 Ὦς
1304 3524 1402 3594 τὴν
1454 3524 1719 3595 ἀνατολὴν
1759 3524 1852 3577 τοῦ

258 3615 434 3686 ἀγροῦ
469 3615 682 3669 δέδωκά
715 3632 803 3668 σε·
841 3617 905 3669 σὺ
942 3615 998 3669 δὲ
1045 3615 1312 3687 δεξαμένη
1335 3616 1435 3686 τὴν
1463 3615 1733 3684 εὐλογίαν,
1759 3617 1855 3669 καὶ

256 3706 465 3778 πλῆθος
511 3709 752 3779 ἐκτήσω,
814 3708 908 3762 καὶ
957 3707 1231 3778 μέγεθος’
1303 3709 1578 3780 ἐπίσημός
1629 3727 1692 3762 τε
1756 3711 1853 3762 καὶ

256 3801 568 3871 περιφανὴς
593 3802 938 3874 ἀπεφάνθης,
974 3802 1186 3865 καὶτὰς
1221 3802 1486 3873 μεγίστας
1504 3803 1615 3855 τῶν
1641 3802 1853 3855 πόλεων

255 3891 416 3962 ἔσχες
441 3893 810 3963 ὑποχειρίους.
876 3893 1032 3947 Οὕτω
1068 3893 1350 3964 συντόμως
1405 3893 1587 3958 δείξας
1611 3893 1779 3964 αὐτὴν
1806 3893 1852 3925 ⁸ο

252 3984 355 4053 τὴν
384 3984 603 4052 γένεσιν
633 3986 677 4016 ⁸⁸
709 3985 803 4038 καὶ
833 3983 933 4056 τὴν
959 3984 1223 4047 ἐπίδοσιν,
1258 3985 1421 4038 πάλιν
1450 3984 1729 4054 ἐξηγεῖται
1753 3983 1852 4055 τὴν

252 4074 400 4128 κατά
434 4075 604 4145 μέρος
655 4074 900 4144 αὐξησιν.
973 4093 992 4126 ι
1033 4076 1096 4128 Οἱ
1143 4073 1340 4146 μαστοί
1381 4090 1496 4138 σου,
1530 4073 1717 4144 φησὶν,
1753 4074 1850 4126 ἀν-

254 4166 619 4239 ωρθώθησαν,
655 4168 750 4221 καὶ
811 4170 846 4238 ὴ
898 4166 1022 4239 θρίξ
1053 4183 1148 4220 σου
1195 4165 1458 4220 ἀνέτειλε.
1492 4184 1512 4217 ι
1557 4163 1850 4236 Τροπικῶς

255 4261 476 4313 ἅπαντα
512 4261 576 4312 ὲκ
608 4261 924 4331 μεταφορᾶς
939 4259 1048 4312 τῶν
1062 4258 1291 4313 παιδίων
1306 4257 1475 4326 λέγει,
1498 4257 1598 4328 τὴν
1631 4255 1850 4309 πλείονα

253 4352 498 4405 διάθεσιν
519 4351 606 4404 διὰ
629 4351 834 4404 τούτων
856 4351 1183 4415 ἐπιδεικνύς.
1205 4348 1485 4415 Μαστοὺς
1503 4348 1559 4402 δὲ
1583 4347 1739 4402 καλεῖ
1754 4347 1848 4401 τοῦ

254 4444 481 4513 λογικοῦ
522 4443 621 4515 τὴν
652 4443 928 4517 διάκρισιν
973 4443 1094 4512 (τὴν
1129 4441 1239 4514 γὰρ
1286 4439 1516 4512 καρδίαν
1560 4441 1608 4492 οἱ
1644 4439 1844 4510 μαστοὶ

1959 3245 2058 3301 ris.
2100 3264 2118 3296 ι
2158 3247 2222 3300 Ει
2255 3251 2616 3321 multiplicata
2647 3269 2727 3320 es,
2779 3266 2833 3312 et
2867 3261 3217 3330 magniﬁcata
3251 3279 3334 3330 es,
3369 3275 3422 3320 et
3465 3269 3546 3322 iu-

1956 3351 2147 3406 gressa
2176 3355 2237 3394 es
2271 3341 2325 3395 in
2374 3345 2539 3400 urbes
2587 3349 2827 3403 urbium.
2893 3369 2910 3402 ι
2950 3351 3145 3418 Meam,
3198 3355 3400 3426 inquit,
3445 3359 3544 3413 be-

1955 3431 2322 3488 nedictionem
2369 3447 2621 3492 secutum
2670 3448 2756 3495 est
2806 3457 2966 3512 Oplls.
3023 3443 3136 3515 Ego
3193 3448 3338 3502 enim
3381 3449 3542 3507 dixi:

1959 3518 2219 3575 Utortum
2254 3526 2372 3594 agri
2392 3526 2515 3581 dedi
2547 3535 2620 3593 te,
2649 3537 2847 3600 tuque,
2882 3543 3106 3603 accepta
3138 3536 3542 3605 benedictione,

1955 3613 2119 3667 simul
2149 3622 2205 3668 et
2233 3617 2641 3673 multitudinem
2673 3631 2728 3675 et
2759 3625 3195 3694 magnitudinem
3237 3629 3434 3701 adepta
3460 3647 3541 3698 es,

1955 3705 2373 3775 conspicuaque
2406 3717 2461 3761 et
2500 3708 2732 3765 illustris
2767 3710 2932 3777 facta,
2962 3717 3231 3770 maximas
3256 3718 3419 3774 urbes
3445 3719 3542 3774 tibi

1955 3794 2206 3849 subditas
2232 3798 2494 3854 habuisti.
2525 3800 2603 3854 Ita
2631 3801 2874 3858 breviter
2903 3815 2959 3859 et
2985 3814 3111 3860 ortu
3146 3815 3201 3862 et
3227 3808 3543 3880 incremen-

1954 3893 2009 3940 to
2041 3887 2215 3956 ipsius
2251 3898 2531 3955 enarrato,
2581 3907 2778 3949 rursus
2835 3897 3074 3964 partium
3125 3906 3319 3954 narrat
3363 3900 3544 3957 incre-

1953 3988 2221 4034 mentum.
2261 3998 2280 4032 ι
2332 3979 2512 4036 Ubera
2545 3993 2660 4048 tua,
2707 3985 2911 4056 inquit,
2951 3996 3138 4043 erecta
3175 3997 3326 4053 sunt.
3363 4005 3416 4046 et
3442 4007 3540 4046 ca~

1951 4070 2118 4141 pillus
2150 4079 2279 4126 tuus
2306 4081 2536 4127 exortus
2558 4081 2665 4130 est.
2703 4093 2722 4127 ι
2756 4075 2957 4131 Omnia
2988 4093 3088 4148 per
3112 4083 3536 4138 translationem

1951 4177 1982 4216 a
2014 4162 2200 4230 pueris
2237 4162 2592 4233 desumptam
2632 4167 2880 4236 exponit,
2918 4183 3016 4238 per
3053 4169 3170 4226 haec
3213 4173 3535 4244 ampliorem

1950 4250 2248 4308 ostendens
2300 4250 2672 4308 affectionem.
2715 4255 2784 4311 Et
2814 4255 2979 4312 ubera
3034 4268 3194 4315 vocat
3247 4263 3536 4320 rationalis

1951 4344 2148 4398 animae
2199 4345 2374 4415 partis
2427 4344 2697 4415 judicium
2725 4347 2861 4418 3(cor
2905 4349 3056 4404 enim
3109 4352 3280 4408 ubera
3337 4369 3538 4426 coope-

1950 4435 2122 4506 riunt)
2157 4455 2170 4491 :
2205 4437 2429 4506 capillos
2460 4452 2592 4493 vero
2621 4448 2878 4495 ornatum
2915 4441 3094 4508 illum,
3130 4445 3221 4514 qui
3257 4444 3326 4500 ab
3359 4447 3537 4502 artatis

256 4535 752 4604 συγκαλύπτουσι),
780 4535 992 4604 τρίχας
1013 4534 1071 4587 δὲ
1092 4534 1182 4587 τὸν
1210 4533 1320 4587 ἀπὸ
1343 4533 1682 4604 τελειότητος
1701 4531 1847 4601 γινὸ-

1966 4526 2271 4582 maturitate
2306 4527 2702 4598 proliciscitur.
2745 4549 2764 4581 ι
2811 4528 2892 4584 Τιι
2929 4540 3114 4588 autem
3149 4548 3297 4598 eras,
3337 4535 3534 4605 inquit,

259 4641 422 4694 μενον
474 4623 700 4690 κόσμον.
741 4640 758 4673 ι
782 4623 854 4674 Σὺ
885 4623 941 4675 δὲ
972 4617 1118 4691 ἦσθα
1155 4624 1233 4685 ⁶¹,
1285 4621 1458 4692 φησὶ,
1496 4621 1700 4691 γυμνὴ,
1751 4621 1847 4673 καὶ

256 4715 647 4786 ἀσχημονοῦσα
675 4715 742 4771 ⁸³.
777 4735 795 4766 ι
832 4714 1060 4769 Οὐδέπω
1092 4713 1202 4788 γὰρ
1242 4712 1406 4778 ἐδέξω
1437 4712 1530 4766 τοῦ
1583 4712 1750 4780 νόμου
1786 4712 1847 4764 τὸ

257 4803 543 4876 κάλυμμα.

1954 4618 2121 4684 nuda,
2165 4628 2220 4674 et
2257 4620 2574 4690 ignominiae
2619 4622 2805 4692 plena.
2833 4643 2852 4676 ι
2899 4621 3156 4681 Nondum
3187 4627 3334 4683 enim
3371 4641 3534 4682 acce-

1957 4725 2120 4780 peras
2161 4711 2298 4784 lcgis
2331 4720 2734 4784 tegumentum.

1573 5003 1808 5062 VARle
1846 5005 2256 5062 LECTIONES.

331 5185 376 5257 ⁸7
417 5185 609 5257 ὲ-πὶς-
655 5203 776 5256 μου.
813 5184 1036 5257 Supra,
1075 5201 1198 5257 pag.
1230 5185 1299 5252 8,
1334 5194 1484 5257 erat,
1515 5185 1543 5237 ὁ
1571 5182 1969 5257 ἀφθαλμὺςλὲπὶ
2005 5183 2104 5236 σοί.

2184 5181 2228 5214 ³⁸
2266 5185 2452 5257 τοῦ-ξ
2490 5185 2592 5240 σοι.
2663 5187 2821 5242 Hebr.
2865 5195 3033 5257 utque
3093 5188 3384 5257 misererer
3437 5194 3536 5248 tui.

259 5254 304 5287 ”
344 5255 474 5308 ἀπό.
496 5253 694 5330 ΔΒιιριέι)
719 5296 734 5320 ,
780 5253 906 5326 pag.
941 5257 994 5320 8,
1021 5253 1174 5330 _é_1il.__'
1216 5255 1431 5330 "map:
1464 5256 1552 5324 ὲμ.
1586 5254 1644 5306 In
1671 5253 1711 5306 Β
1739 5254 1960 5322 ponitur
2002 5261 2127 5306 ante
2149 5255 2530 5330 Δπαιδευθεῖσα.
2609 5258 2652 5289 ⁵¹
2695 5259 2737 5310 Β
2762 5257 2868 5311 οὐδ’
2890 5253 3014 5330 ἕνα.
3089 5256 3272 5330 uete.
3321 5259 3494 5330 Supra
3521 5303 3536 5326 ,

261 5339 384 5397 pag.
409 5323 528 5397 #12
549 5366 563 5388 ,
597 5323 700 5396 leg.
734 5323 911 5397 εὗρον.

257 5393 528 5465 ε’ζώσῃ.
567 5393 742 5465 Supra
767 5393 938 5465 (pag.
979 5394 1043 5458 8,
1088 5393 1191 5463 leg.
1233 5397 1296 5449 ὲκ
1325 5393 1420 5447 τοῦ
1470 5393 1698 5516 misceo;
1743 5410 1836 5446 σου
1877 5394 2012 5460 ζωή.
2053 5393 2158 5447 Sed
2206 5401 2338 5448 tom.
2376 5398 2435 5457 ι,
2481 5411 2600 5467 pag.
2646 5397 2748 5479 [76
2775 5437 2788 5460 ,
2815 5399 2882 5479 ,ἐν
2915 5393 2992 5468 τῷ
3031 5393 3077 5451 a'

261 5463 308 5496 ”
347 5465 516 5534 ζώσῃ.
557 5467 597 5518 Β
630 5484 745 5530 σου,
782 5467 967 5534 ζῆσον.
1043 5465 1089 5498 ⁸⁸
1127 5465 1222 5520 καὶ
1249 5496 1322 5506 -
1349 5465 1484 5534 ζωή.
1573 5480 1650 5518 es.
1699 5463 1843 5534 apud
1891 5462 2197 5534 LXX,,sed
2248 5473 2568 5533 repetuntur
2607 5475 2772 5522 etiam
2813 5484 2869 5522 tn
2916 5467 3077 5524 Hebr.

264 5527 407 5603 apud
442 5527 584 5590 LXX
608 5545 662 5592 et
691 5527 744 5591 in
779 5527 938 5593 l'lebr.
1017 5537 1063 5568 ⁸⁸
1100 5554 1150 5592 τ.
1185 5527 1553 5600 ἀνατ.’ὃιι’ρι·ει
1577 5576 1589 5594 ,
1624 5527 1749 5603 [διιεῖ
1776 5533 1831 5592 8.
1861 5543 1981 5588 erat
2010 5536 2040 5602 ἡ

301 5550 407 5603 ριια
443 5550 584 5590 LM
608 5550 662 5592 et
692 5555 744 5591 In
780 5550 938 5593 Hebr.
1017 5550 1063 5568 "
1100 5554 1150 5592 τ.
1185 5553 1340 5590 ανατ.
1379 5550 1553 5600 Supra
1577 5576 1589 5594 .
1624 5550 1742 5603 pag.
1776 5550 1831 5592 δ.
1861 5550 1981 5588 erat
2010 5550 2040 5602 η
2070 5550 2327 5605 avaram],
2364 5550 2520 5616 Juxta
2557 5552 2672 5618 rec.
2731 5550 2856 5592 lect.
2911 5550 3070 5592 mor.
3113 5550 3257 5593 sicut
3286 5553 3529 5609 germen.

301 5607 426 5658 ’καὶ
456 5609 548 5675 ἐμ.
589 5607 784 5662 Deerat
822 5611 874 5663 iu
914 5607 1151 5662 editione
1180 5606 1370 5675 priori.
1448 5605 1517 5636 ’θ’
1544 5604 1968 5675 καὶ-έπόλεων.
1999 5603 2160 5675 Ile_b_r.
2195 5615 2249 5658 et
2283 5617 2580 5675 pervenisti
2607 5607 2672 5660 ad
2701 5623 2976 5662 summum
3010 5616 3284 5663 ornatum.
3322 5605 3529 5661 Theod.

261 5463 308 5496 ”
347 5460 521 5536 ζώσῂ.
557 5467 597 5518 Β
630 5460 745 5530 σου,
771 5460 967 5535 ζῆσῖΝ.
1043 5465 1089 5498 ⁸⁸
1127 5460 1222 5520 παὶ
1249 5496 1322 5506 -
1349 5465 1484 5536 ζωή.

222 5661 227 5676 ἱ
263 5603 310 5676 ἰτ
330 5608 426 5658 καὶ
456 5609 548 5676 ἐμ.
589 5607 784 5662 Deerat
822 5611 874 5663 iu
914 5607 1151 5662 editione
1180 5606 1370 5676 priori.

1019 5325 1064 5357 ⁸³
1088 5324 1528 5398 _ai'p.,Sequitur
1561 5341 1688 5398 σου,
1734 5339 1938 5398 supra,
1970 5338 2108 5398 pag.
2145 5324 2177 5398 _8
2211 5334 2262 5379 et
2293 5325 2432 5392 ωε,
2469 5342 2691 5398 ηθοιιοιι
2722 5338 2853 5382 tom.
2887 5328 2926 5390 Ι,
2956 5344 3079 5398 pag.
3116 5328 3239 5384 176.
3353 5332 3399 5395 ἐι

2145 5332 2177 5379 8
2211 5334 2262 5379 et
2293 5332 2432 5392 422,
2469 5342 2679 5381 necnon
2722 5338 2853 5382 tom.
2887 5332 2926 5390 Ι,
2956 5344 3079 5398 pag.
3116 5332 3239 5384 I76.
3353 5332 3399 5395 μ’
3451 5332 3538 5383 Ἐν

2124 5394 2158 5447 d
2185 5401 2338 5468 _tom.
2376 5398 2435 5457 ι,
2481 5411 2600 5467 pag.
2646 5397 2748 5452 l76
2775 5437 2788 5460 ,
2820 5399 2882 5468 tv
2915 5399 2992 5468 τῷ
3035 5399 3229 5467 αἵματί
3269 5418 3361 5457 σου
3399 5401 3535 5468 ζωή.

3177 5470 3222 5501 ⁸⁷
3262 5470 3350 5523 ἀθ.
3409 5468 3532 5521 Des.

2070 5533 2327 5609 ἀνατολὴ,
2364 5536 2520 5609 juxta
2557 5552 2672 5609 rec.
2731 5538 2856 5592 lect.
2911 5539 3070 5592 Hebr.
3113 5539 3257 5593 sicut
3286 5553 3529 5609 germen.

219 5667 227 5698 ί
263 5675 343 5738 είς
374 5667 578 5747 κόσμον
605 5678 716 5731 τῶν
740 5681 979 5747 κόσμων.
1011 5667 1201 5747 Μοηιῇ
1243 5677 1296 5730 in
1334 5675 1558 5747 llexapl.
1592 5676 1658 5728 ad
1692 5674 1744 5747 ||_.
1782 5675 1841 5747 I._
1859 5674 2020 5747 aliam
2059 5667 2514 5747 _Nostro'tribuit
2561 5677 3062 5747 interpretationem
3087 5717 3102 5738 ,
3132 5691 3252 5747 quae
3281 5677 3395 5730 haec
3423 5683 3530 5738 est,

263 5747 357 5798 καὶ
389 5742 799 5820 ﬂagitas-acuat
831 5742 991 5820 ἦλθες
1043 5745 1310 5820 εεςᾼῶραν
1349 5742 1758 5820 καλλωπισμρῦ.
1809 5742 1916 5798 Sed
1974 5743 2163 5820 eadem

469 5799 991 5885 .‘"*io"c';sea.."
1045 5799 1171 5870 ὁΓΒ
1198 5799 1468 5885 γέννησιν.
1577 5799 1864 5885 “'Supra,
1893 5829 2016 5885 pag.
2060 5815 2113 5880 8,
2143 5808 2231 5883 ἧς.

585 5819 630 5852 ⁸ο
671 5819 712 5871 Β
741 5817 930 5891 αὐτῆς.
1045 5819 1084 5850 ⁸³
1129 5818 1171 5870 Β
1198 5817 1468 5888 γέννησιν.

265 5828 388 5888 pag.
420 5818 475 5872 8.

2218 5761 2339 5816 qum
2373 5747 2426 5800 h.
2477 5747 2512 5800 l.
2554 5745 2732 5802 exstat
2774 5748 2956 5810 lectio,
2995 5747 3152 5800 obvia
3198 5745 3300 5801 fuit
3343 5757 3530 5816 supra,

2311 5816 2355 5850 ⁸³
2396 5817 2798 5888 ἀσχημονοῦσα.
2815 5817 2988 5873 Hebr;
3013 5823 3236 5872 retecta.
