4034 6414
481 355 590 422 936

1439 356 1934 420 THEODORETI
1969 357 2310 420 EPISCOPI
2354 357 2721 420 (‘YBENSIS

3654 355 3755 420 936

559 469 726 526 Vens.
766 469 820 525 8.
853 468 919 524 Et
955 469 1175 522 transiri
1205 485 1367 539 prope
1403 479 1472 533 te,
1519 479 1571 523 et
1605 465 1722 524 mdi'
1753 481 1824 534 te,
1869 483 1918 524 et
1961 488 2078 525 ecce

2249 470 2321 541 η’.
2347 471 2456 525 Καὶ
2473 471 2726 540 διῆλθον
2743 469 2841 524 διὰ
2869 469 3008 533 σοῦ,
3043 470 3139 523 καὶ
3167 465 3331 523 εἶδόν
3365 486 3442 522 σε
3467 486 3482 503 υ
3511 472 3606 525 καὶ
3631 472 3758 526 ἰδοὺ

487 575 690 634 tempus
729 573 877 618 tuum
904 571 1038 624 erat,
1072 562 1234 630 777
1264 571 1312 614 et
1358 571 1560 631 tempus
1593 563 1989 625 diuertendum,
2019 575 2069 618 et

481 656 716 724 expendi
761 656 875 707 alas
907 671 1049 708 meas
1086 669 1244 722 super
1281 662 1351 717 te,
1401 663 1450 707 et
1495 655 1679 721 operui
1726 656 2071 724 ignominiam

489 759 652 809 tuam.
694 755 742 800 et
763 745 944 813 juravi
970 744 1091 806 tibi,
1123 753 1172 797 et
1198 745 1293 796 inii
1323 743 1498 814 fmdus
1533 754 1730 812 tecum,
1759 747 1891 800 dicit
1929 747 2072 804 Ado-

487 839 578 892 nai
608 836 884 890 Dominus.
912 835 1048 892 Cum
1071 834 1650 904 cnimcouspexissetn
1686 845 1737 891 te
1759 839 1828 891 de
1861 837 2074 905 reliquo

487 930 758 992 idoneam,
801 941 924 996 quae
971 940 1188 984 mecum
1241 941 1341 996 per
1381 927 1556 996 legem
1606 928 1928 984 societatem
1989 928 2073 986 in-

486 1026 617 1086 ires,
651 1020 885 1091 expandi
923 1019 1081 1089 quasi
1114 1017 1387 1088 quasdam
1432 1019 1552 1074 alas
1579 1020 1905 1074 salutarium
1936 1035 2076 1088 pra:-

486 1124 774 1186 ceptorum
806 1111 1134 1175 doctrinam,
1167 1117 1221 1164 et
1263 1114 1525 1180 c00perul
1572 1111 1882 1179 iniquitatis
1913 1110 2077 1164 nudi-

487 1220 677 1264 tatem.
713 1205 781 1260 Et
800 1206 909 1259 hoc
943 1201 1280 1257 connubium
1317 1203 1482 1256 etiam
1511 1201 1716 1256 dotalis
1747 1201 1964 1255 libellus
1993 1208 2078 1256 est

493 1305 509 1324 ‘
529 1307 779 1357 secutus.
811 1316 829 1352 ι
853 1295 954 1352 lnii
973 1296 1138 1358 enim,
1164 1292 1363 1362 inquit,
1380 1301 1561 1346 tecum
1581 1291 1784 1350 imdus.
1815 1311 1832 1343 ι
1857 1290 1924 1344 Et
1949 1293 2078 1360 quia

491 1406 632 1462 opus
664 1398 783 1444 erat
831 1395 891 1440 ut
937 1385 1128 1440 libello
1159 1383 1523 1438 adhiberetur
1551 1383 1971 1453 jusjurandum,
2011 1399 2078 1438 ne

490 1481 596 1537 hoc
625 1478 844 1551 quidem
873 1477 1056 1531 facere
1085 1473 1336 1530 recusavi
1366 1493 1380 1528 :
1415 1473 1511 1529 sed
1559 1473 1812 1542 quamvis
1854 1473 1962 1528 ﬁde
1991 1475 2079 1529 di-

485 1588 635 1644 gnus
677 1583 854 1625 essem
888 1567 970 1622 vel
1003 1565 1176 1620 verbo
1221 1571 1435 1617 tantum
1487 1564 1838 1632 promittens,
1895 1573 2079 1619 tamen

488 1660 878 1733 jusjurandum
904 1670 1124 1726 quoque
1160 1655 1327 1709 verbo
1351 1655 1601 1710 adhibui.
1634 1653 1749 1710 lloc
1780 1666 1961 1711 autem
1996 1656 2082 1710 in-

495 1757 740 1824 telligere
771 1751 930 1806 facile
953 1758 1038 1805 est
1072 1746 1278 1801 volenti
1317 1747 1455 1816 legis
1493 1746 1814 1818 Scripturas
1845 1763 2081 1817 νει-ειη-

2175 568 2208 619 ό
2233 567 2438 633 καιρός
2497 578 2640 628 σου,
2691 562 2790 628 καὶ
2833 562 3038 630 καιρὸς
3086 562 3514 614 καταλυόντων
3543 562 3621 593 ⁸⁸⁸
3660 565 3759 617 καὶ

2173 655 2499 708 διεπέτασα
2531 654 2637 719 τὰς
2661 653 2957 722 πτέρυγάς
2983 669 3104 721 μου
3135 653 3233 712 ἐπὶ
3275 651 3351 704 σὲ
3389 652 3455 717 ⁸⁸,
3493 653 3592 704 καὶ
3631 654 3761 706 ἑκά-

2173 750 2350 814 λυψα
2377 746 2494 816 τὴν
2521 745 2971 818 ἀσχημοσύνην
2989 759 3128 806 σου,
3161 743 3262 796 καὶ
3300 743 3509 813 ὤμοσα
3529 746 3763 804 σοι.κ(ιι

2173 837 2466 905 εἰσῆλθον
2480 837 2550 893 ἐν
2569 835 2826 906 διαθήκῃ
2847 835 2998 903 μετὰ
3016 835 3155 900 σοῦ,
3183 837 3348 904 λέγει
3387 835 3635 891 ’Δδωγατ
3651 838 3763 890 Κύ-

2167 947 2321 996 ριος.
2360 928 2707 998 Θεασάμενος
2755 929 2862 1000 γάρ
2914 945 2974 981 σε
3019 927 3332 999 ἐπιτηδείαν
3374 927 3558 982 λοιπὸν
3589 931 3668 989 εἰς
3702 933 3762 981 το

2176 1020 2435 1087 δέξασθαι
2459 1021 2559 1091 τὴν
2584 1020 2670 1074 διὰ
2705 1020 2799 1074 τοῦ
2841 1019 3009 1090 νόμου
3049 1020 3186 1090 πρὸς
3224 1020 3323 1090 ἐμὲ
3345 1021 3652 1082 κοινωνίαν,
3683 1019 3765 1085 €5-

2179 1111 2359 1166 ἐτεινα
2395 1113 2492 1180 μὲν
2517 1106 2626 1166 οἷόν
2657 1129 2808 1175 τινας
2845 1112 3123 1183 πτέρυγας
3160 1111 3269 1164 τῶν
3300 1111 3582 1180 σωτηρίων
3610 1113 3760 1163 ἐντο-

2178 1202 2288 1255 λῶν
2312 1202 2411 1274 τὴν
2442 1203 2814 1268 διδασκαλίαν,
2869 1204 2962 1256 καὶ
3011 1201 3364 1270 συνεκάλυψα
3394 1203 3494 1270 τὴν
3517 1202 3616 1272 τῆς
3640 1203 3765 1254 ἀνο-

2183 1293 2315 1361 μίας
2335 1293 2794 1364 γυμνότηταοτῴ
2851 1293 2907 1346 δὲ
2964 1293 3290 1362 συνοικεσίῳ
3352 1293 3446 1346 καὶ
3491 1294 3765 1364 προικῷον

2181 1383 2632 1454 παρηκολούθησε
2646 1385 3052 1454 γραμματεῖον.
3075 1401 3097 1433 ι
3124 1381 3384 1452 Εἰσῆλθον
3415 1382 3542 1453 γὰρ,
3576 1383 3762 1452 φησὶν,

2182 1477 2239 1529 ἐν
2254 1474 2486 1546 διαθήκῃ
2508 1475 2644 1546 μετὰ
2675 1473 2791 1530 σοῦ.
2809 1493 2828 1526 ›
2850 1474 3070 1544 Ἐπειδὴ
3109 1474 3166 1526 δέ
3193 1473 3298 1527 ἔδει
3323 1475 3416 1527 καὶ
3436 1475 3596 1544 ὅρκον
3619 1477 3769 1527 ἐντε-

2183 1566 2343 1636 θῆναι
2372 1566 2450 1635 τῷ
2493 1566 2879 1636 γραμματείῳ,
2917 1565 3041 1619 οὐδὲ
3072 1564 3232 1618 τοῦτο
3268 1565 3488 1634 ποιῆσαι
3521 1583 3768 1636 παρῃτη-

2185 1658 2253 1710 σά
2262 1675 2370 1726 μην
2388 1674 2402 1688 ·
2439 1657 2552 1710 ἀλλ’
2575 1656 2876 1727 ἀξιόχρεως
2906 1654 2982 1708 ὢν
3003 1655 3099 1708 καὶ
3121 1654 3266 1724 λόγῳ
3290 1655 3449 1724 μόνον
3473 1656 3768 1723 ὑπισχνού-

2190 1765 2371 1818 μενος,
2401 1747 2497 1802 καὶ
2525 1747 2689 1818 ὅρκον
2744 1747 2824 1817 τῷ
2849 1747 2994 1815 λόγῳ
3040 1747 3424 1816 προστέθεικα.
3471 1746 3680 1816 Ῥᾴδιον
3714 1745 3771 1798 δέ

493 1865 636 1904 rere.
688 1844 935 1900 Inveniet
974 1842 1119 1897 enim
1154 1841 1208 1894 in
1243 1841 1391 1895 beati
1431 1839 1601 1896 Mosis
1627 1842 1851 1900 cantico
1896 1841 2076 1911 ipsum

2190 1839 2338 1892 τοῦτο
2360 1840 2700 1909 καταμαθεῖν
2713 1839 2790 1909 τῷ
2811 1837 3120 1909 βουλομένῳ
3141 1840 3252 1901 τοῖς
3277 1836 3372 1890 τοῦ
3402 1837 3566 1906 νόμου
3584 1835 3772 1906 γράμ-

493 1941 742 1997 omnium
809 1951 993 1992 rerum
1046 1943 1330 1988 auctorem
1394 1932 1564 1986 Deum
1624 1934 1698 1987 ita
1752 1934 2078 1987 dicentem:

501 2055 520 2088 ι
567 2031 784 2088 Levabo
813 2043 1010 2084 versus
1042 2025 1244 2080 coelum
1286 2039 1512 2078 manum
1544 2039 1746 2091 meam,
1791 2032 1846 2079 ct
1881 2023 2084 2094 jurabo

495 2130 718 2185 dextera
751 2139 894 2186 mea,
929 2130 984 2177 et
1014 2120 1195 2178 dicam
1239 2137 1252 2172 :
1288 2116 1425 2174 Vivo
1460 2131 1562 2185 ego
1598 2115 1654 2170 in
1683 2116 1947 2172 saeculum
1979 2126 2029 2169 ιι.
2060 2134 2078 2168 ι

494 2251 565 2262 -
597 2239 615 2271 ι
653 2217 719 2271 Ει
747 2217 890 2270 facta
923 2229 983 2270 es
1018 2212 1177 2275 mihi.
1215 2231 1234 2265 ›
1270 2210 1472 2282 inquit.
1509 2209 1626 2267 Hoc
1647 2215 1762 2275 .est,
1787 2208 2085 2280 conjuncta

496 2326 558 2368 es
589 2309 747 2375 mihi,
783 2314 838 2364 et
867 2305 1074 2376 nuptiae
1093 2310 1336 2376 peracta:
1365 2308 1517 2360 sunt.

570 2490 739 2544 Vens.
797 2485 866 2549 9,
906 2484 992 2539 10.
1053 2480 1121 2534 Ει
1169 2480 1274 2538 lani
1307 2487 1356 2533 te
1383 2495 1544 2549 aqua,
1586 2487 1636 2532 et
1685 2477 1832 2532 ablui
1872 2477 2091 2548 sangui-

499 2599 614 2638 nem
641 2590 809 2640 tuum,
835 2584 884 2630 et
908 2574 1038 2628 unxi
1074 2583 1121 2628 te
1147 2572 1278 2627 oleo.
1305 2569 1379 2632 Et
1421 2570 1571 2624 indui
1616 2578 1662 2624 te
1694 2571 1866 2634 uaria,
1895 2579 1944 2622 et
1973 2569 2089 2624 cal.-

499 2673 642 2728 reavi
673 2681 720 2723 te
751 2665 1056 2738 hyacintho,
1101 2674 1149 2718 et
1191 2663 1336 2718 εἰθιπί
1378 2673 1424 2716 te
1459 2661 1634 2731 bysso,
1685 2670 1734 2716 et
1771 2660 2092 2716 circumdedi

503 2777 552 2820 te
593 2760 875 2817 subtilibus
925 2772 990 2812 ea:
1039 2754 1273 2809 crinibus
1326 2754 1604 2807 contextis.
1647 2750 1940 2822 Sigillatim
1991 2766 2092 2804 sua

502 2845 1090 2910 enarravitbeneﬁcia.
1125 2843 1374 2903 Primum
1391 2843 1538 2898 enim
1567 2858 1728 2912 aqua,
1759 2841 1960 2910 inquit,
1993 2840 2094 2896 do-

503 2946 699 3002 ctrina:
727 2943 831 3000 lavi
860 2950 932 3006 te,
951 2947 1006 2995 et
1034 2938 1421 2998 lustrationes.
1446 2943 1502 2990 et
1516 2933 1812 3005 aspergilla
1843 2933 2091 2996 adhibui.

503 3036 714 3092 Deinde
744 3053 762 3084 ι
801 3033 938 3087 ωιιί
971 3039 1026 3087 te
1049 3031 1192 3086 oleo.
1236 3049 1254 3080 ι
1292 3027 1600 3084 Sacerdotii
1636 3025 1842 3081 formas
1871 3025 1961 3080 hic
2004 3040 2094 3081 re-

504 3136 717 3185 censet.
766 3123 1098 3181 Sacerdotes
1129 3121 1297 3194 778
1329 3120 1476 3176 enim
1506 3120 1629 3174 oleo
1676 3126 1873 3173 sancto
1919 3133 2090 3188 unge-

503 3221 727 3283 bantur,
775 3217 994 3287 ipsique
1033 3214 1264 3284 byssina
1314 3211 1716 3275 induebautur,
1770 3217 1825 3265 ct
1863 3209 2092 3278 hyacin-

508 3313 664 3366 thina
696 3317 868 3366 veste.
917 3307 1102 3364 lnnuit
1130 3306 1298 3361 etiam
1334 3303 1580 3368 divitias,
1616 3317 1739 3372 qua:
1781 3302 1928 3355 illius
1967 3316 2094 3372 pro-

504 3402 747 3458 videntia
771 3404 1130 3456 accesserunt
1158 3395 1262 3468 ipsi
1293 3394 1520 3466 populo,
1556 3402 1668 3448 tam
1699 3401 1950 3460 respectu
1980 3391 2096 3461 spi-

507 3494 649 3547 ritus
675 3506 838 3561 quam
865 3488 1135 3559 corporis.
1174 3505 1192 3537 ι
1215 3484 1633 3542 Etcircumdedi
1659 3491 1713 3539 te
1745 3483 2042 3552 trichapto.
2067 3501 2088 3533 ›

508 3580 628 3634 lloc
665 3590 785 3636 erat
814 3585 928 3634 rete
950 3592 981 3632 e
1004 3575 1221 3647 capillis
1252 3574 1593 3638 confectum,
1623 3573 1770 3644 quod
1799 3573 2093 3628 mulierum

509 3670 787 3740 capitibus
818 3666 1364 3736 circumponebatur.
1408 3663 1514 3720 Per
1540 3663 1955 3719 translationem
1988 3662 2092 3732 igi-

511 3773 620 3828 tur,
662 3762 917 3818 decorem
950 3759 1088 3830 ipsis
1119 3774 1220 3816 sua
1263 3757 1564 3814 multifaria
1599 3771 1734 3811 cura
1771 3756 2092 3826 impositum

510 3853 834 3912 declaravit.
868 3851 1054 3908 lnnuit
1085 3859 1294 3915 autem,
1323 3857 1384 3905 ut
1411 3865 1512 3924 ego
1553 3849 1813 3913 arbitror,
1843 3847 2097 3904 taberna—

511 3945 701 4002 culum
740 3960 805 4000 εχ
841 3945 1081 4015 pellibus
1109 3942 1347 3998 cilicinis
1373 3939 1684 4002 confectum
1711 3950 1732 3976 τ
1759 3957 1774 4006 ;
1818 3940 1872 3993 in
1901 3956 2012 4010 quo
2041 3947 2097 3994 et

513 4034 787 4091 sacriﬁcia
816 4047 914 4104 pro
945 4039 1172 4102 peccato
1201 4040 1254 4086 et
1283 4045 1381 4100 pro
1415 4029 1755 4100 perfectione
1786 4027 2092 4084 oll‘creban-

513 4137 626 4193 tur,
653 4136 707 4182 ct
729 4125 1097 4180 revelationes
1120 4123 1323 4176 divinae
1353 4136 1418 4176 ex
1451 4120 1836 4190 propitiatorio
1868 4119 2092 4196 ﬁebant,

512 4219 623 4276 Deo
659 4232 782 4272 cum
822 4216 1072 4283 principe
1102 4210 1449 4274 sacerdotum
1481 4210 1854 4280 colloqueule.

2177 1947 2352 2001 ,μασιν
2385 1933 2626 2001 ἐντυχεῖν
2647 1946 2659 1960 ·
2694 1933 2918 2002 εὑρήσει
2931 1933 3040 2003 γὰρ
3071 1931 3166 1984 καὶ
3191 1932 3248 1983 ἐν
3279 1933 3344 2001 τῇ
3376 1929 3471 1984 τοῦ
3497 1930 3774 2000 μακαρίου

2186 2023 2430 2085 Μωσέως
2460 2024 2504 2055 ⁸⁸
2533 2023 2643 2094 ᾠδῇ
2693 2024 2858 2076 αὐτὸν
2877 2023 2968 2076 τὸν
3012 2023 3121 2076 τῶν
3159 2022 3297 2075 ὅλων
3323 2021 3455 2076 Θεὸν
3503 2021 3738 2088 λέγοντα
3757 2034 3773 2050 ⁸

2177 2133 2211 2172 ,ι
2260 2113 2405 2183 Ἀρῶ
2439 2115 2518 2177 είς
2543 2114 2634 2166 τὸν
2659 2113 2888 2184 οὐρανὸν
2913 2114 3013 2184 τὴν
3036 2114 3195 2185 χεῖρά
3228 2130 3350 2184 μου,
3396 2113 3487 2166 καὶ
3525 2112 3778 2182 ὀμοῦμαι

2177 2210 2252 2279 »τῇ
2279 2207 2432 2278 δεξιᾷ
2484 2224 2607 2277 μου,
2645 2209 2739 2261 καὶ
2766 2207 2906 2278 ἐρῶ·
2957 2207 3044 2260 Ζῶ
3098 2207 3211 2275 ἐγὼ
3265 2209 3345 2270 εἰς
3382 2207 3473 2260 τὸν
3510 2207 3708 2259 αἰῶνα.
3752 2225 3771 2258 ι

2194 2316 2215 2350 ι
2255 2299 2366 2352 Καὶ
2396 2298 2587 2365 ἐγένου
2637 2316 2748 2369 μοι,
2783 2318 2800 2351 ι
2825 2299 2981 2370 φησί.
3009 2300 3292 2368 Τουτέστι,
3335 2297 3622 2370 Συνήφθης
3655 2315 3774 2368 μοι,

2189 2391 2286 2448 καὶ
2312 2392 2341 2444 ὁ
2367 2390 2543 2461 γάμος
2571 2389 2934 2461 ἀπετελέσθη.
3595 2434 3598 2436 ν

2263 2481 2328 2550 θ’,
2363 2491 2413 2535 ι’.
2444 2483 2555 2537 Kal
2584 2482 2816 2546 ἐλουσά
2837 2500 2909 2544 σε
2930 2484 3000 2540 ἐν
3027 2485 3070 2516 ⁸⁷
3099 2484 3292 2550 ὒδατι,
3325 2483 3424 2538 καί
3463 2483 3713 2537 {saera
3735 2481 3781 2514 ⁸⁸

2191 2573 2258 2628 τὸ
2293 2570 2437 2643 αἷμά
2468 2590 2607 2638 σου,
2650 2575 2749 2628 καί
2793 2575 3011 2648 ἐχρισά
3067 2590 3143 2630 σε
3173 2575 3242 2628 ἐν
3274 2575 3474 2638 ἐλαίῳ.
3527 2573 3639 2627 Kal
3676 2573 3786 2627 ἐν·

2191 2664 2386 2718 ἐδυσά
2413 2679 2490 2717 σε
2531 2665 2809 2730 ποικίλα,
2840 2665 2938 2717 καὶ
2965 2663 3250 2720 ὑπέδυσὰ
3287 2663 3330 2695 “
3365 2679 3438 2718 σε
3465 2661 3784 2727 ὑάκινθον,

2193 2757 2292 2812 καὶ
2319 2753 2510 2815 ἕζωσά
2567 2771 2642 2810 σε
2682 2756 2928 2821 βύσσῳ,
2974 2757 3075 2810 καὶ
3111 2755 3472 2824 περιέϐαλόν
3508 2770 3583 2808 σε
3620 2771 3789 2822 τριχο

2183 2846 2363 2918 ἁπτῳ
2391 2847 2460 2901 ⁷⁸.
2508 2846 2666 2900 Κατὰ
2715 2847 2881 2917 μέρος
2941 2846 3038 2910 τὰς
3092 2847 3297 2910 οἰκείας
3327 2847 3540 2916 διῆλθεν
3562 2845 3790 2917 εὐεργε-

2198 2937 2350 2999 σίας*
2384 2935 2599 3010 πρῶτον
2655 2936 2768 3006 μὲν
2807 2936 2936 3008 γὰρ,
2973 2935 3129 3006 φησὶ,
3167 2934 3246 3005 τῷ
3289 2937 3388 3007 τῆς
3431 2935 3791 2998 διδασκαλίας

2197 3028 2522 3083 ἀπέπλιννα
2547 3028 2720 3082 ὕδατι
2746 3029 2790 3061 ⁷¹
2819 3028 2913 3082 καὶ
2940 3029 3241 3100 ἁγνισμοὺς
3277 3028 3334 3082 δέ
3365 3029 3460 3082 καὶ
3490 3031 3793 3100 περιρραν-

2197 3122 2362 3192 τήρια
2385 3121 2781 3191 προσενήνοχα.
2812 3121 3044 3173 Ἔπειτα
3069 3139 3094 3171 ,ι
3117 3121 3314 3192 ἑχρισά
3345 3137 3403 3174 σε
3425 3121 3613 3192 ἐλαίῳ.
3642 3139 3659 3170 ι
3706 3121 3794 3172 Ti

2148 3207 2165 3227 ‘
2197 3214 2295 3284 τῆς
2321 3213 2618 3284 ἱερωσύνης
2640 3213 2828 3269 λοιπὸν
2849 3212 3086 3268 ἐνταῦθα
3106 3213 3441 3284 διεξέρχεται
3463 3212 3602 3282 εἴδη.
3621 3214 3688 3265 Οἱ
3717 3215 3794 3266 ts-

2199 3306 2311 3376 ρεῖς
2329 3305 2438 3375 γὰρ
2457 3305 2534 3376 τῷ
2555 3305 2721 3376 ἐλαίῳ
2742 3304 2820 3376 τῷ
2845 3306 2985 3375 ἁγίῳ
3008 3307 3253 3376 ἐχρίοντο
3271 3323 3285 3336 ·
3323 3305 3544 3359 αὑτοὶδὲ
3576 3306 3672 3358 καὶ
3685 3306 3794 3376 τὴν

2189 3396 2458 3466 βυσσίνην
2485 3399 2578 3450 καὶ
2592 3396 2690 3467 τὴν
2713 3397 3028 3466 ὑακινθίνην
3048 3383 3250 3466 ἐσθῆτα
3270 3414 3334 3448 πε
3344 3397 3672 3468 ριεϐάλοντο.
3691 3398 3797 3452 Ai-

2199 3490 2435 3543 νίττεται
2449 3489 2503 3542 δὲ
2523 3490 2614 3542 καὶ
2635 3489 2725 3542 τὸν
2740 3490 2887 3561 αὐτῷ
2903 3490 2981 3560 τῷ
2993 3490 3112 3560 λαῷ
3121 3491 3411 3560 γενόμενον
3425 3489 3671 3550 πλοῦτον,
3693 3491 3798 3543 καὶ

2202 3581 2540 3650 σωματικὸν,
2573 3583 2670 3635 καὶ
2699 3582 3093 3653 πνευματικὸν,
3116 3581 3204 3636 διὰ
3226 3581 3325 3652 τῆς
3354 3581 3519 3636 αὑτοῦ
3550 3580 3795 3650 κηδεμο-

2198 3671 2336 3734 νίας.
2375 3690 2393 3722 ι
2416 3673 2528 3724 Καὶ
2559 3672 2882 3744 περιέϐαλον
2912 3689 2972 3726 σε
2999 3673 3336 3744 τριχάπτῳ.)
3348 3673 3576 3743 Πλέγμα
3597 3673 3644 3704 ⁷³
3664 3672 3798 3726 ἐστὶ

2196 3762 2354 3817 τοῦτο
2379 3764 2488 3818 ἀπὸ
2519 3766 2720 3836 τριχῶν
2743 3768 3278 3838 κατεσκευασμένον,
3319 3769 3439 3836 ταῖς
3465 3766 3572 3818 τῶν
3595 3783 3798 3834 γυναι-

2198 3855 2312 3907 κῶν
2349 3857 2765 3928 περιτιθέμενον
2818 3859 3104 3928 κεφαλαῖς.
3149 3857 3441 3927 Τροπικῶς
3485 3857 3667 3910 τοίνυν
3687 3858 3797 3928 τὴν

2198 3946 2542 4001 ἐπιτεθεῖσαν
2571 3949 2757 4012 αὐτοῖς
2815 3950 3151 4021 εὐπρέπειαν
3195 3949 3283 4002 διὰ
3309 3949 3406 4018 τῆς
3433 3948 3796 4019 παντοδαπῆς

2201 4036 2584 4108 παρεδήλωσεν
2633 4041 2974 4110 ἐπιμελείας.
3031 4043 3336 4104 Δινίττεται
3375 4041 3454 4105 δὲ,
3489 4041 3563 4104 ὡς
3603 4035 3793 4108 οἶμαι,

2202 4128 2299 4179 καὶ
2327 4129 2427 4198 τὴν
2451 4130 2656 4202 σκηνὴν
2682 4132 2791 4185 ἀπὸ
2813 4132 3320 4204 δέρῤεωντριχίνων
3349 4133 3799 4202 κατεσκευασμέ-

2204 4233 2323 4286 νην,
2353 4219 2411 4271 ἐν
2491 4219 2592 4272 ,καὶ
2615 4220 2672 4272 αἱ
2701 4221 2832 4291 περὶ
2857 4220 3132 4291 ἁμαρτίας
3159 4219 3556 4289 προσεφέροντο
3577 4216 3793 4280 θυσίαι,

512 4308 607 4364 καὶ
636 4308 692 4360 al
725 4305 852 4374 περὶ
902 4300 1256 4366 τελειώσεως,
1291 4299 1663 4369 ἀποκαλύψεις
1715 4316 1775 4351 τε
1802 4297 1948 4352 θεῖαι
1977 4299 2217 4370 ἐγίνοντο
2241 4309 2304 4361 ἐκ
2335 4308 2429 4363 τοῦ
2470 4309 2808 4382 ἱλαστηρίου,
2866 4311 2944 4382 τῷ
2999 4312 3247 4382 ἀρχιερεῖ
3285 4308 3378 4363 τοῦ
3423 4308 3558 4362 Θεοῦ
3613 4323 3795 4377 προσ-

513 4399 923 4470 διαλεγομένου.

589 4488 754 4543 Vens.
791 4489 899 4554 Η,
964 4485 1052 4540 12.
1093 4484 1161 4542 Et
1193 4485 1378 4539 ornavi
1422 4492 1469 4539 te
1505 4491 1839 4548 ornamento,
1877 4492 1927 4537 et
1974 4482 2086 4537 dedi

2275 4482 2364 4549 ια’,
2412 4486 2496 4556 ιβ’.
2525 4485 2640 4539 Καὶ
2660 4486 2977 4556 ἐκόσμησὰ
3007 4503 3084 4540 σε
3105 4484 3440 4554 κόσμῳ,καί
3465 4483 3799 4552 περιέθηκα
3831 4527 3846 4538 .

516 4579 761 4632 armillas
808 4577 950 4629 circa
980 4592 1168 4629 manus
1229 4585 1369 4636 tuas,
1399 4583 1459 4638 et
1501 4573 1692 4628 monile
1722 4574 1864 4627 circa
1896 4573 2092 4626 collum

518 4681 685 4724 tuum.
720 4669 786 4721 Et
810 4667 929 4721 dedi
955 4667 1194 4720 inaurem
1217 4668 1358 4719 circa
1386 4682 1578 4720 nasum
1609 4675 1779 4728 tuum,
1805 4676 1851 4718 et
1889 4665 2092 4719 rotulas

515 4765 659 4818 circa
694 4777 846 4815 aures
879 4771 1020 4824 tuas,
1052 4767 1102 4812 et
1143 4774 1393 4812 coronam
1421 4757 1760 4824 gloriationis
1800 4772 1957 4824 super
1997 4773 2094 4809 ca-

516 4864 608 4924 put
657 4865 823 4907 tuum.
863 4852 927 4905 Et
966 4851 1396 4920 unumquodque
1437 4850 1631 4903 horum
1677 4849 1891 4917 tropice
1937 4849 2095 4902 decet

519 4944 843 5010 intelligere.
892 4959 910 4992 ι
941 4942 1203 4996 Armillas
1258 4940 1518 4994 manibus
1568 4938 1879 5008 impositas,
1913 4959 1931 4988 ι
1972 4952 2093 4998 eam

523 5050 545 5088 ι
557 5035 797 5097 irtutem,
816 5048 937 5102 qua:
955 5031 1020 5085 ad
1036 5032 1311 5102 agendum
1327 5045 1428 5085 uos
1449 5029 1678 5096 excitat;
1704 5049 1721 5081 ι
1736 5031 1939 5085 monile
1955 5030 2098 5084 collo

591 5220 621 5261 ⁴ι
655 5207 812 5262 Deut.
846 5221 1018 5274 “xu,
1051 5206 1141 5270 ιο.
1218 5216 1243 5246 ι’
1278 5206 1452 5264 Exod.
1488 5221 1637 5274 τινι,
1667 5207 1722 5271 ’1,
1776 5207 1862 5262 17.

2201 4578 2427 4644 ψέλλια
2449 4577 2580 4645 περὶ
2599 4577 2704 4643 τὰς
2731 4577 2936 4648 χεῖράς
2953 4595 3091 4639 σου,
3113 4579 3211 4632 καὶ
3227 4578 3453 4646 κάθεμα
3475 4576 3572 4629 ἐπὶ
3587 4576 3635 4607 ⁷³
3651 4577 3797 4644 τρά-

2200 4670 2398 4737 χηνιόν
2427 4685 2564 4725 σου.
2587 4669 2696 4724 Καὶ
2722 4669 2915 4723 ἔδωκα
2950 4669 3194 4721 ἐνώτιον
3231 4669 3328 4721 ἐπὶ
3362 4669 3468 4720 τὸν
3505 4668 3797 4737 μυκτῆρὰ

2203 4775 2340 4825 σου,
2370 4761 2467 4814 καὶ
2491 4763 2851 4830 τροχίσκους
2873 4762 2969 4813 ἐπὶ
2992 4761 3063 4813 τὰ
3092 4761 3234 4812 ὠτία
3267 4761 3314 4791 ’⁷⁵
3343 4774 3480 4823 σου,
3517 4760 3615 4818 καὶ
3655 4761 3796 4813 στέ-

2204 4868 2402 4918 φανον
2427 4853 2781 4921 καυχήσεως
2808 4854 2901 4906 ἐπὶ
2942 4853 3052 4920 τῆς
3078 4852 3349 4921 κεφαλῆς
3370 4853 3414 4883 ⁷⁵
3440 4867 3576 4904 σου.
3618 4852 3796 4904 Ἐκα-

2206 4959 2332 4996 στον
2347 4943 2393 4974 ⁷⁸
2419 4943 2474 4996 δὲ
2507 4944 2711 4997 τούτων
2737 4945 3020 5015 τροπικῶς
3051 4947 3320 5015 προσήκει
3345 4945 3507 4996 νοεῖν.
3537 4964 3554 4992 ι
3579 4943 3795 4995 Ψέλλια

2210 5029 2308 5100 μὲν
2329 5033 2448 5094 ταῖς
2469 5033 2625 5102 χερσὶ
2644 5033 3056 5104 περιτιθέμενα,
3072 5053 3089 5085 ι
3107 5033 3204 5104 τὴν
3231 5033 3538 5104 πρακτικὴν
3556 5033 3788 5104 ἀρετήν·

1807 5355 2035 5414 ῩΑΚΙᾸΞ
2073 5357 2476 5418 LECTIONES.

591 5480 638 5512 ⁸⁸
660 5477 854 5532 καταλ.
894 5476 1056 5532 Hebr.
1091 5492 1362 5533 amorum.
1439 5480 1484 5512 °'
1512 5479 1594 5533 σέ.
1625 5477 1823 5548 Supra,

2245 5480 2292 5510 η
2334 5480 2375 5516 η
2437 5481 2719 5516 Μωηκέωρ

591 5477 854 5532 “uas-alt.
894 5477 1056 5532 Hebr.
1091 5492 1362 5533 amorum.
1439 5480 1484 5512 °'
1512 5479 1594 5533 σέ.
1625 5477 1823 5548 Supra,
1859 5494 1914 5549 p.
1959 5477 2014 5540 8.
2066 5477 2168 5530 σοί.
2245 5480 2292 5510 ⁸⁸
2334 5478 2394 5533 Β.
2437 5481 2740 5546 Μωῦσέως.

503 5549 647 5621 'lect.
681 5557 767 5606 est
794 5548 1110 5621 anénitwa.
1177 5548 1448 5621 f’_Supra,
1475 5565 1527 5620 p.
1551 5550 1605 5613 8,
1628 5551 1908 5621 ἐνέδησα.Δ
1947 5549 1998 5580 ’⁷ο
2037 5547 2170 5621 Reg.
2204 5549 2358 5621 Alect.
2395 5551 2701 5621 τριχαπτῷ.

2817 5480 2863 5553 f'
2886 5482 2963 5553 ἐν.
3003 5479 3135 5553 Des.
3160 5496 3346 5551 supra,
3372 5498 3424 5553 ιι.
3444 5483 3501 5536 8.
3581 5481 3629 5512 ⁸⁸
3653 5481 3788 5534 Rev.

2807 5552 2848 5584 "
2891 5552 2928 5604 Β
2977 5552 3276 5614 ἐπέπλυνα,
3322 5552 3559 5621 ascripta
3601 5561 3788 5605 tamen

523 5620 767 5693 lectione
785 5626 998 5693 nostra.
1073 5619 1119 5650 "
1147 5617 1369 5693 πλέγμα
1383 5617 1778 5693 -Ακεςραλαζςζ
1826 5618 2004 5672 Aliter
2031 5620 2098 5673 ab
2123 5617 2276 5693 Orig.
2311 5627 2366 5674 et
2400 5617 2456 5674 in
2489 5617 2750 5693 'Sclio'liis
2788 5624 3034 5693 antiquis
3067 5624 3135 5678 ad
3173 5625 3227 5676 h.
3264 5624 3300 5677 Ι.
3339 5617 3648 5693 explicatur
3678 5638 3788 5675 vox

794 5687 1780 5791 ἐπιῇδμετοέῃίλρὲῃπερλτιόνέῃξίρ
1846 5705 2065 5777 quoque
2099 5687 2303 5791 deinde
2339 5699 2484 5791 “post
2516 5689 2760 5791 'evd‘n‘tov.
2839 5693 2887 5726 '-"’
2912 5687 3114 5764 Supra,
3174 5693 3233 5775 l._
3266 5709 3318 5750 c.
3365 5687 3464 5767 τῆν
3511 5692 3785 5764 κεφαλήν.

602 5759 804 5830 Supra,
838 5761 873 5816 ι.
908 5772 957 5814 c.
981 5758 1079 5831 τὴν
1109 5757 1374 5830 κεφαλήν.
1427 5756 1498 5824 '1'
1523 5757 1754 5814 ἕκαστον
1778 5756 2033 5815 -·νοείν.
2099 5756 2228 5816 Vid.
2266 5756 2458 5831 supra,
2491 5776 2548 5832 p.
2597 5762 2686 5818 14.
