4116 6398
533 355 637 415 955

1523 353 2013 416 ΤΗΕΟΒΟΒΕΤΙ
2046 351 2386 412 EPISCOPI
2415 353 2780 416 CYRENSIS
2871 357 2880 364 ’

3684 362 3792 423 956

529 464 623 520 sed
663 479 756 532 per
788 465 1066 533 apostolos
1107 483 1120 519 :
1153 463 1286 520 illud
1313 465 1458 520 enim
1489 463 1559 519 ad
1586 473 1808 534 ιαιιριιε
1840 464 2097 527 durabat,

2208 465 2296 518 τοῦ
2321 467 2367 498 ⁵⁸
2398 468 2663 532 Μωσέως,
2721 469 2859 524 ἀλλά
2915 471 3016 541 τὴν
3065 470 3153 524 διὰ
3203 453 3324 524 ¹τῶν
3364 472 3680 528 ἀποστόλων
3704 490 3719 505 ·
3755 475 3790 545 ή

528 555 630 608 hoc
669 563 754 609 est
781 553 1211 610 rtemumJioc
1245 555 1376 609 item
1411 572 1508 625 per
1540 553 1832 608 Jeremiam
1871 557 2106 626 prophe-

523 658 634 699 tam
685 661 748 699 se
787 645 1064 700 factum
1094 646 1379 716 pollicitus
1407 655 1512 700 est.
1565 664 1583 695 ι
1627 646 1920 713 Disponam
1955 650 2102 701 enim

519 740 710 793 domui
744 739 983 802 lsraelis,
1010 740 1211 807 inquit,
1243 747 1296 792 et
1318 739 1508 792 domui
1533 739 1686 794 Judze
1718 749 2101 794 testamentum

526 843 754 884 novum.
795 844 902 880 non
942 829 1250 882 secundum
1288 838 1702 889 testamentum.
1735 833 1881 898 quod
1915 831 2102 898 dispo-

525 925 604 974 sui
632 920 878 987 patribus
903 921 1223 986 eorum,die
1249 937 1359 991 quo
1386 922 1720 990 apprehendi
1753 939 1854 992 ego
1879 937 2100 975 manum

521 1025 709 1063 eorum
733 1049 747 1069 ,
781 1019 837 1062 ut
857 1011 1148 1064 educerem
1174 1028 1269 1068 eos
1295 1013 1362 1066 de
1386 1021 1529 1065 terra
1549 1013 1768 1083 Egypti
1797 1032 1811 1080 ;
1846 1013 1973 1083 quia
2004 1015 2102 1082 ipsi

523 1115 627 1152 non
664 1111 990 1153 omiserunt
1021 1102 1074 1154 in
1112 1111 1442 1157 testamento
1484 1120 1604 1156 meo
1630 1143 1644 1166 ,
1687 1114 1734 1158 et
1782 1121 1884 1175 ego
1930 1106 2102 1175 repuli

520 1205 668 1245 eos:
726 1192 820 1245 sed
879 1191 1168 1259 disponam
1231 1194 1367 1263 ipsis
1416 1203 1810 1248 testamentum
1865 1214 2100 1264 novum,

521 1281 660 1334 dans
703 1282 848 1351 leges
885 1299 1034 1336 mets
1088 1284 1141 1336 in
1184 1293 1422 1337 mentem
1467 1301 1696 1350 eorum,
1740 1296 1794 1341 et
1838 1287 1892 1341 in
1936 1290 2105 1345 corde

521 1389 712 1425 eorum
763 1376 1002 1428 sei-ibam
1058 1392 1152 1428 eas
1191 1387 1238 1429 υ.
1281 1397 1299 1427 ι
1363 1377 1509 1431 Idem
1566 1387 1959 1437 testamentum
2019 1386 2107 1440 hic

523 1479 746 1532 quoque
777 1466 1090 1534 pollicetur.

593 1646 758 1703 Vens.
811 1649 897 1703 61.
953 1648 1021 1706 Et
1066 1651 1461 1716 recordaberis,
1498 1653 1710 1724 inquit,
1752 1659 1955 1713 viarum
1989 1669 2108 1713 tua-

523 1757 662 1803 rum,
695 1751 742 1793 et
773 1741 1061 1809 ignominia
1087 1745 1350 1813 aﬁicieris,
1379 1764 1496 1800 cum
1530 1752 1783 1816 receperis
1812 1761 1868 1803 tu
1891 1767 2101 1806 sorores

2212 556 2310 625 μὲν
2373 557 2481 628 γὰρ
2528 559 2641 628 ἔχει
2709 558 2771 612 τὸ
2833 533 3192 632 πρόσκαιρον,
3238 565 3272 632 ή
3309 562 3366 616 δὲ
3417 563 3479 616 τὸ
3545 533 3798 621 αίιιὶινιονζι

2208 646 2379 698 Τοῦτο
2410 647 2465 698 δὲ
2499 649 2590 700 καὶ
2624 648 2714 700 διὰ
2772 649 3034 719 Ἰερεμίου
3088 651 3184 705 τοῦ
3227 654 3508 725 προφήτου
3543 655 3791 726 ποιήσειν

2208 737 2501 808 ὑπέσχετο.
2533 740 2872 812 Διαθήσομαι
2891 743 2940 774 ³⁸
2967 743 3098 814 γὰρ,
3131 745 3286 814 φησὶ,
3313 743 3392 814 τῷ
3414 744 3789 818 οῐκῳἸσραὴλ

2206 829 2299 881 καὶ
2340 829 2508 882 Ἰούδα
2545 831 2811 900 διαθήκην
2836 833 3048 904 καινὴν,
3093 835 3155 887 ού
3188 835 3329 888 κατὰ
3355 835 3453 907 τὴν
3482 836 3781 909 διαθήκην¹
3810 897 3817 903 _

2206 921 2272 990 ήν
2299 921 2553 993 διεθέμην
2602 927 2711 986 τοῖς
2738 926 3012 994 πατράσιν
3040 926 3223 978 αὐτῶν
3257 928 3335 988 ,ἐν
3381 927 3565 998 ἡμέρᾳ
3593 929 3790 982 ὲπιλαο

2207 1013 2436 1082 σομένου
2476 1030 2578 1082 μου
2624 1017 2724 1084 τῆς
2771 1015 2950 1086 χειρὸς
3012 1017 3192 1069 αὐτῶν
3245 1016 3536 1084 ἐξαγαγεῖν
3587 1019 3789 1084 αὐτοὺς

2206 1104 2268 1154 ἐκ
2301 1102 2401 1170 γῆς
2429 1103 2728 1170 Αἰγύπτου,
2758 1105 2838 1157 ὅτι
2867 1105 3021 1156 αὐτοὶ
3051 1105 3150 1158 οὐκ
3176 1105 3462 1175 ἐνέμειναν
3489 1110 3546 1160 ὲν
3571 1111 3638 1178 τῇ
3669 1109 3788 1162 διαί

2207 1193 2348 1265 θήκῃ
2375 1211 2496 1264 μου,
2535 1196 2628 1247 καὶ
2679 1193 2792 1262 ἐγὼ
2836 1195 3152 1267 ἁπωσάμην
3190 1197 3388 1261 αύτούς
3415 1215 3428 1229 ·
3483 1199 3620 1253 ἀλλὰ
3667 1201 3786 1255 δια-

2205 1286 2440 1356 θήσομαι
2479 1288 2661 1350 αύτοῖς
2693 1287 2962 1358 διαθήκην
2989 1289 3204 1360 καινὴν,
3236 1291 3415 1354 διδοὺς
3444 1291 3647 1362 νόμους
3680 1311 3787 1364 μου

2205 1377 2285 1436 εἰς
2329 1377 2568 1431 διάνοιαν
2619 1379 2818 1444 αὐτῶν,
2875 1379 2969 1432 καὶ
3027 1380 3117 1431 ἐπὶ
3169 1379 3266 1444 τὰς
3323 1381 3552 1453 καρδίας
3608 1383 3791 1437 αὐτῶν

2205 1467 2403 1536 γράψω
2426 1469 2642 1532 αὐτούς.
2675 1489 2691 1519 ι
2730 1469 2948 1539 Ταύτην
2980 1469 3264 1525 κάνταῦθα
3293 1472 3643 1543 ὑπισχνεῖται
3689 1473 3791 1544 τήν

2202 1558 2484 1629 διαθήκην.

2281 1651 2363 1714 ea.
2401 1652 2507 1704 Καὶ
2548 1652 2918 1722 μνησθήσῃ,
2969 1655 3141 1726 φησί,
3185 1653 3304 1708 τῶν
3364 1652 3522 1708 ὁδῶν
3541 1654 3585 1686 ⁸⁷
3631 1669 3788 1718 σου,

2210 1744 2308 1796 καὶ
2355 1744 2772 1814 ἐξατιμωθήσῃ
2821 1746 2890 1799 ἐν
2942 1744 3022 1811 τῷ
3066 1745 3514 1814 ἀναλαμϐάνει-ν
3555 1760 3629 1799 σε
3684 1745 3793 1811 τὰς

523 1833 897 1900 ιιιαιιβθηίονει
925 1843 971 1885 te
1001 1851 1117 1886 cum
1149 1836 1452 1903 iunioribus
1482 1849 1546 1893 te.
1582 1839 1621 1892 E
1645 1843 1925 1910 satpplicio
1956 1844 2101 1897 enim

2208 1835 2475 1904 ἀδελφάς
2507 1853 2623 1890 σου
2654 1878 2669 1903 ,
2703 1839 2811 1903 τὰς
2848 1837 3262 1906 πρεσϐυτέρας
3292 1853 3411 1891 σου
3443 1879 3458 1902 ,
3515 1837 3637 1890 σὺν
3661 1837 3794 1903 ταῖς

518 1936 743 1976 sensum
775 1923 987 1976 viarum
1021 1933 1242 1978 tuarum
1264 1929 1600 1998 percipiens,
1635 1932 2111 2004 ignominiamque

521 2013 617 2064 tibi
652 2014 1068 2082 circumjectam
1106 2020 1429 2087 conspicata
1457 2061 1471 2084 ,
1523 2025 1808 2092 proprium
1838 2042 2108 2096 agnosces

522 2103 812 2157 Dominum
859 2124 870 2158 :
919 2105 1249 2177 videbisque
1289 2111 1450 2182 795
1491 2114 1658 2166 etiam
1709 2115 1846 2171 istas
1882 2133 2107 2174 sorores

524 2208 648 2251 tuas
694 2196 891 2251 eodem
925 2206 1110 2252 tecum
1144 2201 1352 2258 foedere
1400 2205 1683 2273 fruentes,
1726 2208 1837 2262 imo
1869 2213 2104 2282 teipsam

521 2305 629 2342 una
665 2305 790 2344 cum
843 2293 952 2348 illis
1005 2295 1146 2349 idem
1197 2297 1473 2367 adeptam.
1535 2320 1553 2351 ι
1599 2300 1751 2357 Dabo
1803 2305 1948 2359 enim
2005 2307 2105 2361 tibi

522 2379 704 2450 ipsas,
745 2381 956 2450 inquit,
1007 2385 1060 2438 in
1105 2386 1553 2456 asdificationem,
1596 2403 1651 2447 et
1680 2409 1788 2450 non
1823 2412 1891 2451 ex
1931 2405 2104 2453 testa-

522 2483 723 2554 mento
743 2484 859 2530 tuo.
902 2499 918 2528 ι
957 2477 1073 2533 Νοιι
1108 2481 1254 2534 enim
1289 2482 1392 2537 illae
1433 2500 1530 2554 per
1561 2497 1642 2552 te,
1672 2487 1766 2542 sed
1801 2496 1858 2542 tu
1893 2505 1960 2544 ex
1993 2491 2102 2548 illis

522 2549 792 2633 percipies
829 2567 1120 2622 utilitatem
1145 2610 1159 2630 .
1195 2587 1302 2625 non
1332 2549 1484 2627 isto"
1517 2549 1874 2644 testamento,
1907 2595 2102 2634 secun-

520 2656 650 2710 dum
703 2661 847 2726 quod
898 2675 1044 2713 nunc
1103 2663 1226 2716 rita:
1281 2665 1551 2718 rationem
1615 2668 1904 2733 instituis,
1961 2670 2104 2725 hanc

523 2751 843 2805 societatem
877 2754 1208 2807 conciliante
1236 2794 1248 2814 .
1288 2755 1383 2808 sed
1422 2757 1762 2826 sempiterno
1791 2760 1884 2814 illo
1906 2801 1919 2820 .
1955 2762 2102 2829 quod

522 2843 620 2895 tibi
651 2853 838 2912 postea
875 2845 1143 2900 tradetur.
1189 2845 1370 2901 lnouit
1413 2864 1506 2916 per
1539 2847 1778 2904 Sodoma
1819 2859 1873 2905 et
1909 2851 2102 2904 Sama-

525 2931 683 2995 riam,
703 2936 948 2988 omnium
965 2937 1209 3004 gentium
1230 2947 1281 2992 et
1297 2937 1609 2993 Iudaeorum
1632 2942 1840 3010 pariter
1859 2941 2100 2996 futuram

527 3023 780 3090 pietatem
807 3067 820 3090 ,
865 3038 918 3080 et
956 3028 1010 3079 in
1060 3026 1226 3080 Deum
1269 3045 1438 3083 unum
1471 3029 1632 3085 lldem
1655 3073 1670 3097 ,
1700 3048 1822 3102 quae
1854 3049 1918 3088 ex
1948 3032 2102 3089 Novo

523 3110 872 3169 Testamento
904 3116 1359 3186 suppeditabitur.

594 3381 760 3438 Vens.
798 3386 885 3440 ΒΞ.
933 3387 998 3440 Et
1033 3389 1332 3452 suscitabo,
1369 3389 1679 3461 inquit,ego
1715 3399 2100 3456 Testamentum

525 3491 694 3526 nteant
722 3487 888 3530 tecum
919 3521 931 3539 .
961 3491 1007 3532 et
1040 3497 1315 3548 cognosces
1363 3499 1442 3534 me
1491 3500 1604 3538 esse
1641 3486 1944 3545 Dominum.
1981 3491 2100 3548 Pri-

527 3581 676 3617 mum
730 3572 873 3620 enim
920 3569 1126 3626 Judaeis
1174 3575 1530 3640 praedicatum
1577 3587 1662 3632 est
1689 3579 2100 3652 .Erangelium,

524 3654 723 3709 deinde
753 3661 1010 3716 omnibus
1038 3663 1296 3730 gentibus
1327 3684 1340 3719 :
1384 3667 1477 3721 sed
1510 3670 1672 3722 etiam
1713 3686 1811 3739 per
1840 3689 2099 3743 magnum

527 3748 700 3801 Etiam
730 3765 922 3816 rursus
955 3755 1345 3822 pnedicabitnr
1370 3768 1497 3814 ante
1529 3763 1718 3816 mundi
1747 3780 2096 3823 consumma-

528 3840 755 3895 tionem.
814 3845 928 3915 Ego
968 3847 1160 3916 igitur,
1195 3852 1412 3920 inquit,
1453 3855 1639 3908 omnia
1680 3855 1876 3911 faciam
1902 3898 1918 3921 ,
1951 3868 2100 3916 tuam

528 3934 819 3989 utilitatem
851 3955 1173 4008 procurans.
1208 3943 1283 3997 Ex
1318 3945 1402 4000 liis
1433 3947 1581 4000 enim
1613 3964 1937 4019 cognosces,
1966 3971 2102 4023 qua-

528 4026 596 4078 lia
629 4027 828 4082 fuerint
858 4047 918 4085 ea
945 4072 959 4093 ,
1004 4049 1126 4102 qua?
1157 4052 1185 4087 ιι
1227 4041 1280 4089 te.
1315 4037 1368 4089 in
1415 4053 1499 4092 me
1554 4039 1797 4107 profecta
1841 4053 2004 4109 sunt,
2049 4055 2104 4100 et

525 4118 708 4184 qualia
742 4120 851 4174 sint
885 4138 946 4175 ea
993 4124 1133 4178 bona
1165 4165 1178 4189 ,
1207 4141 1328 4195 qua:
1369 4142 1433 4180 ex
1485 4145 1572 4183 me
1620 4129 1718 4184 tibi
1753 4133 2099 4189 acciderunt.

526 4208 736 4264 Idcirco
766 4213 1000 4282 subjecit
1028 4235 1039 4269 :

601 4299 763 4356 Vnus.
789 4303 875 4358 63.
913 4303 979 4357 Ut
1013 4309 1328 4373 recorderis,
1349 4321 1398 4364 et
1420 4311 1618 4378 pudore
1643 4315 1985 4384 perfundaris
2007 4360 2020 4383 ,
2054 4329 2103 4373 et

527 4406 629 4446 non
660 4395 728 4447 sit
761 4395 855 4448 tibi
878 4399 1108 4465 amplius
1142 4405 1346 4465 aperire
1382 4420 1438 4455 os
1473 4414 1623 4457 tuum
1652 4423 1683 4458 a
1713 4406 1849 4473 facie
1878 4409 2104 4477 ignomi-

2211 1927 2524 1997 νεωτέρως
2563 1943 2702 1983 σου.
2739 1929 2837 1982 Διὰ
2866 1929 2976 2000 γὰρ
3017 1929 3120 1999 τῆς
3159 1929 3434 2000 τιμωρίας
3479 1929 3558 1992 εἰς
3595 1929 3793 1997 αἴσθη-

2213 2036 2296 2071 σιν
2335 2020 2602 2091 ἐρχομένη
2634 2021 2742 2074 τῶν
2770 2020 2986 2073 οἰκείων
3024 2020 3179 2083 ὁδῶν,
3208 2021 3305 2072 καὶ
3335 2019 3436 2090 τήν
3467 2019 3793 2090 περικειμέ-

2209 2127 2306 2178 νην
2339 2127 2420 2162 σοι
2459 2111 2692 2180 ἀτιμίαν,
2728 2109 2944 2180 ὁρῶσα,
2981 2110 3074 2163 τὸν
3122 2111 3323 2162 οἰκεῖον
3375 2107 3656 2180 ἑπιγνώσῃ
3697 2109 3789 2160 Δε-

2212 2177 2417 2270 σπότην
2442 2216 2455 2232 ο
2491 2177 2596 2271 ὕψη
2642 2177 2697 2254 δέ
2741 2177 2852 2268 καὶ⁸
2872 2201 3075 2262 ταύτας
3113 2201 3210 2262 τὰς
3253 2199 3492 2266 ἀδελφάς
3540 2177 3658 2263 σου,
3690 2199 3791 2251 σὺν

2209 2293 2294 2346 σοὶ
2337 2293 2542 2362 ταύτης
2576 2291 2959 2355 ἀπολαυούσας
3011 2293 3109 2362 τῆς
3149 2290 3438 2361 διαθήκης,
3481 2291 3682 2360 μᾶλλον
3731 2289 3791 2343 δὲ

2209 2389 2414 2457 σαυτὴν
2451 2387 2565 2457 μετ’
2601 2386 2828 2440 ἐκείνων
2848 2389 3238 2457 τυγχάνουσαν.
3280 2403 3298 2437 ι
3325 2385 3493 2440 Δώσω
3521 2385 3651 2456 γὰρ,
3685 2403 3792 2457 φη-

2207 2478 2312 2542 σὶν,
2343 2479 2513 2542 αύτάς
2551 2495 2633 2531 σοι
2676 2480 2757 2541 εἰς
2816 2479 3110 2548 οἰκοδομὴν
3134 2478 3200 2542 ⁵⁸,
3231 2477 3326 2530 καὶ
3354 2478 3455 2531 οὐκ
3493 2478 3558 2530 ὲιι
3588 2477 3782 2547 διαθή-

2205 2589 2311 2642 κης
2351 2588 2468 2624 σου.
2522 2590 2540 2622 ι
2592 2571 2668 2624 υύ
2729 2571 2840 2641 γὰρ
2893 2572 3102 2624 ἐκεῖναι
3143 2571 3232 2623 διὰ
3276 2569 3392 2632 σοῦ,
3435 2569 3570 2623 ἀλλὰ
3613 2573 3677 2622 σὺ
3725 2567 3790 2634 ἐξ

2203 2664 2382 2718 αὐτῶν
2429 2662 2700 2735 καρπώσῃ
2744 2663 2842 2732 τὴν
2876 2660 3166 2730 ὠφέλειαν,
3201 2661 3262 2712 ού
3313 2658 3518 2729 ταύτης
3543 2661 3639 2729 τῆς
3670 2659 3789 2714 δια-

2203 2760 2412 2829 θήκης,
2454 2757 2576 2810 καθ’
2615 2757 2682 2827 ἢν
2717 2753 2812 2809 νῦν
2855 2755 3136 2828 πολιτεύῃ,
3171 2756 3271 2826 τὴν
3313 2754 3601 2808 κοινωνίαν
3656 2754 3787 2808 ταύ-

2202 2869 2302 2920 την
2343 2849 2742 2921 ἐργαζομένης,
2770 2848 2906 2903 ἀλλᾶ
2947 2847 3045 2918 τῆς
3070 2849 3290 2902 αἰωνίου
3315 2849 3415 2918 τῆς
3449 2847 3678 2918 ὕστερον
3697 2848 3788 2902 δο-

2204 2943 2544 3013 θησομένης·
2583 2942 2882 2995 αἰνίττεται
2926 2940 3015 2994 διὰ
3055 2939 3164 2994 τῶν
3205 2939 3485 3010 Σοδόμων,
3537 2943 3631 2994 καὶ
3687 2940 3788 3010 τῆς

2205 3035 2540 3105 Σαμαρείας,
2574 3033 2671 3105 τὴν
2702 3032 2812 3086 τῶν
2847 3032 3019 3086 ἐθνῶν
3045 3033 3307 3087 ἁπάντων
3348 3034 3442 3086 καὶ
3484 3033 3590 3087 τῶν
3653 3035 3790 3086 ἰου-

2205 3126 2370 3179 δαίων
2413 3125 2555 3178 κατὰ
2609 3123 2806 3178 ταυτὸν
2864 3124 3133 3193 ἐσομένην
3187 3125 3497 3186 εὐσέϐειαν,
3538 3127 3632 3179 καὶ
3688 3126 3790 3196 τὴν

2211 3219 2291 3280 εἰς
2319 3217 2416 3270 ἕνα
2457 3217 2588 3269 Θεὸν
2634 3216 2818 3268 πίστιν
2864 3217 2929 3268 ὲκ
2959 3213 3059 3283 τῆς
3108 3215 3252 3280 Νέας
3303 3217 3792 3286 πρυτανευομένην

2211 3306 2505 3377 Διαθήκης.

2281 3397 2378 3467 ξβν.
2422 3397 2530 3450 Καὶ
2581 3394 2930 3459 ἀναστήσω,
2967 3395 3152 3464 φησιν,
3193 3393 3307 3463 ἐγὼ
3346 3395 3461 3461 τὴν
3491 3396 3795 3464 Διαθήκην

2205 3507 2324 3558 μου
2351 3489 2503 3557 μετὰ
2539 3488 2690 3551 σοῦ,
2735 3487 2834 3540 καί
2879 3486 3223 3556 ἐπιγνώσῃ,
3257 3487 3346 3540 ὅτι
3387 3487 3502 3556 ἐγὼ
3551 3491 3790 3556 Κύριος.

2212 3581 2432 3650 Πρῶτον
2489 3581 2587 3650 μὲν
2633 3579 2741 3650 γὰρ
2783 3579 3059 3641 Ἰουδαίοις
3103 3578 3385 3650 ἐκηρύχθη
3437 3580 3500 3632 τὸ
3544 3580 3794 3648 Εὐαγγέ-

2209 3674 2342 3736 λιον,
2381 3669 2501 3725 εἶτα
2541 3674 2673 3725 πᾶσι
2718 3675 2828 3736 τοῖς
2863 3671 3102 3726 ἔθνεσιν*
3141 3672 3275 3726 ἀλλὰ
3316 3672 3410 3726 καὶ
3436 3669 3591 3735 αὖθις
3625 3689 3798 3742 κηρυ-

2211 3764 2471 3835 χθήσεται
2501 3762 2589 3815 διὰ
2610 3761 2704 3815 τοῦ
2736 3761 2972 3832 μεγάλου
3014 3763 3168 3816 Ἠλία
3200 3763 3308 3833 πρὸ
3339 3763 3436 3831 τῆς
3470 3762 3562 3816 τοῦ
3587 3762 3793 3833 κόσμου

2212 3852 2542 3914 συντελείας.
2586 3849 2728 3918 Ἐγὼ
2758 3847 2876 3913 οὖν,
2911 3851 3064 3920 φησι,
3109 3850 3285 3904 πάντα
3316 3853 3528 3921 ποιήσω
3558 3850 3656 3920 τὴν
3696 3850 3796 3921 σὴν

2213 3941 2732 4015 πραγματευόμενος
2766 3941 3038 4008 ὠφέλειαν
3059 3960 3071 3972 ο
3109 3941 3294 4012 γνώσῃ
3331 3941 3442 4010 γὰρ
3470 3944 3534 3995 ὲκ
3559 3941 3796 4006 τούτων,

2211 4031 2297 4091 οἷα
2327 4035 2425 4105 μὲν
2453 4036 2522 4088 τὰ
2557 4034 2708 4104 παρὰ
2753 4031 2844 4086 σού
2876 4035 2956 4094 εἰς
2994 4033 3098 4103 ἐμὲ
3142 4032 3484 4102 γεγενημένα
3506 4071 3522 4096 ,
3550 4031 3712 4086 ὁποῖα
3738 4030 3804 4085 δὲ

2211 4131 2279 4184 τὰ
2305 4130 2434 4200 παρ’
2465 4126 2601 4197 ἐμοῦ
2641 4125 2988 4197 ύπαρχθέντα
3022 4140 3105 4177 σοι
3133 4124 3334 4190 ἀγαθά.
3372 4123 3470 4177 Διὰ
3516 4123 3676 4178 τοῦτο
3703 4125 3805 4178 ἑπ-

2212 4225 2416 4292 ήγαγεν
2442 4236 2454 4248 ·
3561 4233 3564 4236 ‘

2288 4313 2388 4380 ξγῆ
2427 4313 2620 4377 Ὅπως
2647 4307 2956 4380 μνησθῇς,
2993 4309 3092 4362 καί
3121 4306 3484 4377 αἰσχυνθῇς,
3517 4309 3614 4361 καί
3639 4307 3722 4374 μὴ
3753 4301 3804 4378 ἦ

2215 4423 2312 4461 σοι
2338 4406 2424 4459 ἔτι
2446 4403 2683 4467 ἀνοῖξαι
2707 4403 2901 4471 στόμα
2933 4401 3050 4455 ἀπὸ
3075 4399 3402 4468 προσώπου
3425 4397 3536 4467 τῆς
3557 4401 3793 4469 ἀτιμίας

527 4487 630 4540 πίω
679 4497 816 4552 tute,
867 4505 985 4541 cum
1035 4500 1092 4541 tu
1139 4494 1432 4558 plaeaveris
1477 4513 1554 4549 me
1592 4499 1882 4552 secundum
1926 4504 2102 4555 omnia

2215 4515 2354 4562 σου,
2388 4497 2456 4550 ἐν
2503 4495 2584 4560 τῷ
2619 4493 3052 4559 ἐξιλάσκεσθαι
3077 4493 3209 4545 σε⁵⁹
3251 4491 3401 4545 κατὰ
3450 4491 3646 4545 πάντα
3681 4493 3806 4546 ὅσα

526 4594 850 4648 quacunque
876 4580 1068 4644 fecisti,
1094 4582 1222 4635 dicit
1250 4584 1459 4639 Adonai
1490 4588 1765 4644 Dominus.
1797 4592 1891 4647 llis
1919 4595 2103 4650 verbis

529 4677 642 4722 tres
677 4671 831 4739 pueri
869 4686 1090 4741 quoque
1129 4675 1179 4727 in
1213 4674 1436 4732 fornace
1471 4679 1555 4734 usi
1599 4690 1748 4735 sunt.
1787 4682 1927 4737 Cum
1956 4687 2102 4738 enim

531 4761 636 4815 sibi
663 4765 844 4831 populi
875 4767 1082 4821 scelera
1107 4769 1513 4837 attribuissent,
1550 4776 1926 4844 supplicantes
1957 4779 2106 4833 dicc-

531 4850 660 4904 bant
689 4873 700 4906 :
742 4874 759 4904 ι
787 4854 849 4908 Et
873 4873 1017 4912 nunc
1041 4875 1146 4914 non
1175 4862 1302 4914 licet
1329 4864 1486 4918 nobis
1509 4867 1723 4933 aperire
1745 4883 1828 4931 os,
1855 4869 2107 4923 confusio

531 4950 585 4995 et
617 4947 972 5013 opprobrium
1009 4950 1135 5005 facti
1181 4969 1373 5009 sumus
1408 4957 1580 5011 servis
1613 4957 1724 5012 tuis
1745 4999 1759 5023 ,
1787 4966 1841 5013 et
1873 4960 2109 5014 colenti-

2211 4587 2548 4654 ἐποίησας,
2593 4586 2754 4652 λέγει
2800 4583 3050 4636 Ἀδωνιιῒ
3099 4583 3331 4652 Κύριος.
3373 4582 3596 4646 Τούτοις
3641 4584 3698 4634 ὲν
3730 4586 3803 4654 τῇ

2213 4679 2431 4750 καμίνῳ
2463 4680 2555 4731 καὶ
2590 4679 2639 4729 οἰ
2670 4679 2819 4748 τρεῖς
2860 4675 3047 4738 παῖδες
3089 4679 3199 4738 τοῖς
3242 4675 3421 4742 λόγοις
3471 4675 3801 4744 ἐχρήσαντο.

2215 4770 2589 4838 Οίκειούμενοι
2620 4769 2728 4840 γὰρ
2773 4767 2871 4829 τὰς
2905 4767 2999 4820 τοῦ
3049 4766 3181 4819 λαοῦ
3233 4767 3580 4835 παρανομίας
3612 4765 3805 4831 ελεγον

2215 4863 2667 4933 προσευχόμενοι·
2716 4880 2733 4911 ι
2775 4861 2883 4913 Καὶ
2917 4858 3011 4911 νῦν
3063 4859 3164 4910 οὐκ
3204 4857 3353 4910 ἐστιν
3408 4860 3545 4928 ἡμῖν
3585 4856 3802 4920 ἀνοῖξαι

2217 4956 2420 5023 στόμα⁸
2455 4953 2684 5022 αἰσχύνη
2725 4951 2820 5003 καὶ
2852 4949 3049 5011 ὄνειδος
3083 4947 3422 5018 ἐγενήθημεν
3450 4950 3564 5007 τοῖς
3589 4945 3803 5008 δούλοις

532 5033 637 5087 bus
665 5043 718 5087 te
747 5043 793 5097 ν,
835 5055 852 5087 ι
897 5037 965 5090 Et
993 5041 1214 5097 divinus
1244 5043 1431 5099 Daniel
1462 5047 1650 5101 itidem
1695 5049 1750 5101 in
1789 5051 2102 5119 captivitate

2219 5063 2346 5110 σου,
2404 5046 2497 5098 καὶ
2550 5047 2660 5106 τοῖς
2721 5041 3038 5110 σεϐομένοις
3088 5055 3168 5093 σε.
3213 5059 3230 5090 ι
3269 5039 3380 5091 Καὶ
3430 5040 3458 5090 ὁ
3512 5037 3804 5098 θεσπέσιος

535 5125 852 5193 supplicans
883 5131 1152 5186 exclamat
1205 5154 1216 5187 :

1277 5135 1440 5207 796
1475 5155 1492 5187 ι
1533 5137 1677 5202 Tibi,
1727 5140 1976 5204 Domine,
2028 5150 2102 5195 est

2219 5137 2416 5205 Δανιὴλ
2448 5135 2708 5196 ὡσαύτως
2743 5135 2799 5185 ὲν
2846 5135 2910 5202 τῇ
2945 5131 3293 5202 αἰχμαλωσίᾳ
3338 5131 3468 5183 ἐϐόα
3500 5127 3799 5200 προσευχό-

607 5307 633 5334 ιι
663 5298 1383 5381 ,Ιοιειηηιιιιηὸιζὸὅς-νυι
1415 5310 1571 5380 juxta
1600 5310 1762 5371 LXX,
1827 5330 1948 5381 cap.
2006 5330 2232 5368 xxxvnt.
2312 5324 2336 5351 ν
2373 5312 2507 5365 Dan.
2549 5326 2630 5374 ιιι,
2692 5310 2784 5373 35,
2844 5307 2986 5378 apud
3031 5306 3314 5372 Nostrum,
3361 5305 3454 5375 qui
3489 5315 3614 5376 post
3647 5321 3775 5360 vers

537 5367 626 5433 ‘25,
655 5385 777 5439 cap.
824 5375 919 5427 cit.
955 5375 1104 5430 addit
1136 5367 1611 5435 Canticum'trium
1642 5367 1906 5435 virorum:

1808 5537 2042 5594 VARIE
2084 5538 2494 5596 LECTIONES.

615 5666 662 5698 "
689 5666 732 5721 Β
762 5667 1056 5731 Μωῦσέως.

1141 5670 1187 5703 ⁸⁸
1215 5672 1432 5749 διαθ.-
1455 5675 1650 5749 γράψω
1684 5676 1900 5749 αὐτούς.
1943 5676 2060 5732 Vid.
2095 5694 2282 5747 supra.
2320 5695 2371 5748 ν.
2405 5680 2507 5735 548
2536 5694 2621 5749 sq.
2697 5677 2740 5710 "
2767 5695 2815 5732 τ.
2848 5675 3011 5732 ὁὸ.1ιιι
3043 5676 3082 5730 Β
3112 5685 3165 5732 et
3191 5675 3403 5746 Compl.
3430 5675 3598 5744 ijuxta
3629 5671 3795 5728 Hebr.

541 5731 585 5765 ³⁴
624 5738 732 5794 οἰκ.
764 5736 808 5790 Α
843 5737 1094 5809 δοκιμήν,
1152 5750 1211 5796 ιιι
1257 5743 1408 5799 Alex.
1467 5731 1513 5776 3"
1562 5731 1637 5798 σε.
1690 5743 1817 5802 Rcc.
1852 5731 1972 5802 I'cct.
2009 5755 2091 5804 est
2131 5731 2197 5818 μὶ
2225 5731 2327 5805 άό.ὶ
