4116 6392
612 347 720 410 963

1603 338 2094 399 THEUDORETI
2134 337 2472 399 EPISCUPl
2509 340 2872 401 CYRENSIS

3774 354 3878 412 11θὶ

614 460 827 529 inquit.
859 454 1178 516 advenerit.
1212 464 1270 508 et
1318 467 1411 506 rex
1436 491 1450 513 .
1485 459 1542 505 et
1582 452 1766 504 omnis
1813 451 1863 505 ei
1910 447 2198 518 subjectus

2305 451 2635 522 ἀφικομένου
2675 451 2768 505 τοῦ
2825 452 3166 507 Βαϐυλωνίου
3215 454 3500 518 βασιλέως,
3533 457 3627 509 καὶ
3657 459 3685 511 6
3723 459 3883 529 βασι-

611 553 855 621 populus
891 549 944 600 in
981 546 1306 600 servitutem
1341 542 1645 612 redigetur.
1683 540 1899 596 Rursus
1929 543 2073 596 enim
2105 555 2199 610 po—

616 649 804 712 pulum
857 639 1064 709 glebam
1133 634 1463 706 appellavit,
1525 640 1864 699 ventumque
1945 638 2196 684 urentem

613 731 898 801 Babylonii
935 729 1085 798 regis
1115 727 1446 781 exercitum.
1476 724 1637 793 θοι
1675 723 1836 776 Sicut
1864 721 2008 776 enim
2041 721 2197 774 vitem

611 836 830 890 regem,
881 828 935 872 et
981 818 1188 886 glebam
1240 815 1502 884 populum
1530 858 1544 876 ,
1580 812 1673 882 qui
1716 813 1769 864 in
1807 825 1870 865 ea
1913 811 2196 878 plantatus

611 914 791 968 fuerat
819 932 832 966 :
866 913 941 966 ita
977 926 1072 981 per
1104 908 1533 962 translationem
1561 903 1928 973 irrigationem
1956 900 2197 971 Egyptii

608 1003 877 1057 auxilium
900 1041 914 1064 ,
955 1009 1162 1054 ventum
1198 1005 1385 1051 autem
1425 1005 1660 1048 urentem
1695 992 1982 1063 Babylonii
2016 993 2198 1060 irrup-

609 1095 814 1148 tionem
847 1091 1110 1160 appellat.

683 1274 854 1328 Vens.
898 1274 987 1337 ll,
1036 1273 1120 1323 12.
1159 1265 1229 1322 Et
1265 1269 1468 1337 factum
1505 1275 1581 1320 est
1622 1263 1829 1318 verbum
1875 1261 2088 1313 Domini
2128 1259 2195 1312 ad

612 1384 714 1429 me,
733 1367 913 1419 dicens
938 1380 955 1417 :
986 1361 1094 1416 Fili
1125 1361 1375 1420 hominis,
1403 1359 1489 1410 dic
1515 1355 1582 1409 ad
1611 1355 1825 1408 domum
1856 1354 2196 1405 irritantem:

615 1457 844 1512 Nescitis
873 1455 998 1526 quid
1029 1455 1134 1507 sint
1165 1452 1312 1505 hac?
1349 1448 1446 1500 Dic
1477 1448 1552 1500 eis
1585 1463 1602 1499 :
1630 1444 1762 1498 Ecce
1795 1444 1931 1497 venit
1965 1458 2058 1495 rex
2093 1441 2200 1494 Ba-

613 1547 821 1616 bylonis
853 1557 1008 1610 super
1039 1539 1467 1607 Hierosolymam
1490 1577 1504 1601 ,
1532 1544 1580 1588 et
1613 1535 1780 1599 capiet
1808 1549 1978 1601 regem
2003 1532 2194 1599 ipsius,

609 1650 661 1691 et
694 1638 961 1703 principes
997 1624 1112 1700 ejus
1135 1671 1149 1694 ,
1186 1641 1234 1683 ct
1271 1629 1496 1681 abducet
1547 1627 1686 1694 ipsos
1726 1625 1795 1677 ad
1827 1625 2056 1691 seipsum
2092 1623 2198 1675 Ba-

613 1729 873 1798 byloncm.
915 1725 1053 1779 Illud
1088 1743 1106 1774 ι
1150 1738 1280 1777 ecce
1319 1722 1468 1774 venit
1500 1737 1518 1770 ι
1551 1719 1840 1787 praesentis
1886 1717 2156 1784 temporis
2179 1755 2193 1778 ,

2300 541 2461 605 λεὺς,
2509 544 2601 596 καὶ
2651 544 2712 595 τὸ
2758 545 2998 614 ὑπήκοον
3040 545 3186 597 ἇπαν
3235 543 3878 620 ἐξανδραποδισθήσεται.

2300 631 2467 686 Πάλιν
2493 634 2602 704 γάρ
2627 634 2863 688 ἐνταῦθα
2883 635 3094 700 ,ϐῶλον
3121 635 3210 687 τὸν
3240 635 3366 687 λαὸν
3399 639 3848 709 προσηγόρευσεν
3866 659 3880 672 ·

2297 724 2520 794 ἄνεμον
2548 725 2605 777 δέ
2649 727 2937 780 καύσωνα
2990 726 3081 778 τοῦ
3135 726 3480 780 Βαϐυλωνίου
3549 729 3648 796 τὴν
3715 748 3886 799 στρα-

2297 816 2448 869 τείαν
2467 833 2479 846 ·
2512 816 2701 887 ὥσπερ
2734 820 2842 888 γὰρ
2872 817 3146 886 ἄμπελον
3172 818 3262 871 τὸν
3295 817 3537 888 βασιλέα,
3558 823 3646 874 καὶ
3669 821 3884 885 βῶλον

2295 907 2386 961 τὸν
2419 908 2548 960 λαον
2591 910 2670 978 (ἐν
2729 909 2876 979 αὑτῷ
2897 910 2942 940 ⁸⁵
2998 911 3110 980 γὰρ
3153 909 3548 979 ἐπεφύτευτο)ο
3580 911 3725 962 οὕτω
3756 929 3882 982 τρο-

2297 999 2476 1062 πικῶς
2551 1000 2832 1067 ἁρδείαν,
2897 1001 2991 1052 τοῦ
3066 1001 3367 1068 Αἰγυπτίου
3421 1001 3522 1069 τὴν
3582 1000 3878 1072 βοήθειανο

2298 1084 2522 1156 ἄνεμον
2564 1088 2622 1140 δέ
2666 1089 2973 1153 καύσωνα,
3023 1089 3117 1142 τοῦ
3169 1089 3510 1143 Βαϐυλωνίου
3548 1092 3648 1160 τὴν
3691 1091 3881 1160 ἔφοδον

2296 1176 2466 1244 λέγει.

2373 1267 2460 1333 ια’,
2511 1267 2596 1338 ιβ’.
2654 1268 2766 1322 Καὶ
2813 1267 3051 1337 ἐγένετο
3109 1269 3291 1337 λόγος
3329 1270 3552 1335 Κυρίου
3601 1269 3752 1338 πρὸς
3780 1271 3876 1339 μὲ.

2297 1357 2522 1427 λέγων·
2556 1357 2648 1411 Υἱὲ
2678 1358 3014 1426 ἀνθρώπου,
3049 1360 3180 1412 εἰπὲ
3223 1360 3372 1426 πρὸς
3416 1360 3521 1412 τὸν
3555 1356 3726 1413 οἷκον
3773 1362 3878 1414 τόν

2298 1454 2886 1519 παραπικραίνοντα·
2965 1455 3087 1503 Οὐκ
3173 1451 3544 1514 ἐπίστασθε,
3621 1451 3680 1503 τί
3754 1452 3884 1504 ἐστι

2299 1545 2524 1605 rubra;
2583 1542 2730 1596 eme
2759 1541 3000 1606 αὐτοῖς’
3063 1541 3218 1596 Ἰδοὺ
3277 1541 3512 1609 ἔρχεται
3580 1543 3884 1608 ,βασιλεὺς

2300 1631 2658 1698 Βαϐυλῶνος
2708 1632 2807 1684 ἐπὶ
2855 1633 3244 1700 Ἰερουσαλὴμ
3268 1671 3284 1692 ,
3338 1633 3435 1685 καὶ
3483 1633 3747 1698 λήψεται
3782 1633 3884 1686 τὸν

2293 1720 2560 1786 βασιλέα
2583 1720 2806 1788 αὐτῆς,
2847 1723 2942 1774 καὶ
2987 1721 3126 1786 τοὺς
3171 1719 3470 1789 ἄρχοντας
3501 1721 3734 1790 αὐτῆς,
3784 1723 3883 1775 κίιὶ

616 1797 905 1889 'positum
957 1830 1056 1885 pro
1118 1827 1250 1868 ecce
1309 1812 1460 1865 venit
1523 1809 1804 1878 prmteriti.
1853 1807 2015 1860 Modo
2049 1807 2194 1860 enim

2302 1813 2428 1875 ἄξει
2455 1811 2678 1874 αὐτοὺς
2699 1810 2848 1878 πρὸς
2870 1811 3087 1888 ἐαξμτὸν
3107 1813 3186 1875 είς
3216 1811 3566 1866 Βαϐυλῶνα.
3594 1813 3668 1865 Τὸ
3695 1831 3712 1862 ι
3753 1813 3880 1865 Ἰδοὺ

611 1921 735 1979 qua:
759 1907 872 1976 jam
910 1905 1056 1958 facta
1099 1911 1231 1957 sunt
1277 1910 1504 1955 enarrat
1529 1941 1542 1966 ,
1579 1910 1633 1954 et
1676 1899 1744 1953 de
1772 1896 2036 1952 Jcchonia
2083 1896 2200 1950 haec

625 1997 929 2059 recensuit,
967 2003 1020 2050 et
1055 1993 1358 2064 secundum
1399 1991 1682 2061 proprium
1715 1990 1941 2053 idioma,
1975 1997 2200 2057 praeter-

616 2095 695 2145 ita
727 2099 787 2144 ut
830 2089 1077 2142 nondmu
1129 2093 1285 2156 gesta
1344 2091 1762 2136 commemorat.
1813 2079 1906 2134 Illa
1954 2095 2084 2134 vero
2133 2078 2200 2133 de

609 2183 876 2239 .leclionia
907 2182 976 2234 ab
1008 2196 1074 2234 eo
1107 2177 1255 2232 dicta
1299 2175 1504 2239 fuisse,
1539 2174 1635 2242 qui
1673 2180 1890 2226 sextum
1923 2171 2038 2241 jam
2073 2173 2198 2224 reli-

611 2289 784 2344 quum
817 2272 1053 2342 degebat
1090 2283 1296 2322 annum
1335 2265 1592 2334 captivus
1616 2304 1630 2328 ,
1671 2263 1976 2319 secundum
2025 2263 2200 2333 ipsius

613 2369 894 2437 propheta:
921 2361 1238 2417 doctrinam
1270 2359 1559 2428 sequentia
1591 2357 1820 2410 docent.

691 2531 853 2586 Vens.
902 2530 1003 2595 15,
1047 2528 1130 2582 Ib.
1180 2524 1244 2578 Et
1289 2525 1471 2587 tollet,
1515 2523 1730 2592 inquit,
1773 2523 1836 2577 de
1877 2522 2076 2576 semine
2118 2537 2202 2574 re-

611 2627 702 2696 gni
723 2665 738 2688 ,
774 2635 822 2677 et
851 2623 1094 2689 disponet
1126 2635 1244 2672 cum
1276 2635 1335 2672 eo
1367 2618 1575 2685 fwdus,
1613 2625 1663 2669 et
1695 2615 1992 2668 introducet
2026 2615 2199 2682 ipsum

614 2721 670 2771 in
723 2715 1129 2778 maledictione,
1180 2723 1227 2764 et
1260 2710 1421 2763 duces
1461 2719 1615 2761 terra:
1653 2710 1845 2776 capiet,
1881 2704 1947 2758 Ut
1993 2707 2063 2758 sit
2110 2719 2202 2756 rex

612 2809 892 2878 inﬁrmus,
950 2816 998 2860 et
1044 2804 1262 2858 omnino
1293 2820 1394 2856 non
1440 2801 1755 2862 extollatur,
1802 2797 1891 2851 sed
1934 2795 2202 2850 custodiat

615 2908 986 2954 testamentum
1022 2898 1218 2964 ipsius,
1250 2907 1299 2948 et
1332 2904 1538 2948 statuat
1574 2891 1734 2946 illud.
1771 2889 1894 2944 Haec
1925 2890 1992 2943 de
2028 2889 2200 2942 Sede-

613 2995 700 3048 cia
751 2992 926 3054 dixit,
965 3005 1089 3060 quas
1136 3003 1232 3043 sex
1289 2987 1452 3041 annis
1501 2997 1630 3040 ante
1688 2984 2026 3039 acciderant.
2066 2979 2200 3032 Illud

615 3087 804 3156 igitur,
831 3101 851 3134 ι
882 3083 1100 3152 capiet,
1130 3089 1183 3134 et
1216 3079 1502 3148 disponet,
1534 3085 1588 3131 et
1620 3076 1940 3129 introducet
1961 3112 1975 3133 ,
2013 3092 2031 3123 ›
2052 3073 2196 3126 idem

612 3187 701 3235 est
718 3177 864 3248 quod
897 3194 916 3226 ι
954 3174 1123 3244 cepit,
1155 3171 1433 3242 disposuit
1467 3178 1522 3222 et
1564 3167 1894 3223 introduxit.
1921 3186 1940 3218 ›
1967 3165 2197 3220 Foedera

613 3271 761 3326 enim
793 3283 918 3323 cum
950 3264 1178 3320 Sedecia
1209 3263 1412 3325 iniens,
1450 3262 1519 3313 ab
1555 3275 1622 3314 eo
1659 3259 1900 3312 maxime
1934 3258 2201 3310 horribile

611 3357 1000 3430 jusjurandum
1051 3354 1265 3424 exegit,
1315 3367 1382 3406 ne
1429 3358 1590 3421 pacta
1651 3351 1756 3404 sibi
1794 3349 2050 3418 imposita
2087 3348 2206 3401 vio-

617 3455 800 3508 Iaret:
852 3449 948 3506 sed
1003 3449 1094 3503 ille
1147 3445 1336 3502 statim
1387 3441 1778 3513 jusjurandum
1833 3441 2198 3495 conculcavit.

613 3545 978 3599 Constituens
1024 3547 1210 3593 autem
1255 3537 1478 3606 ipsum,
1521 3534 1737 3605 inquit,
1785 3549 2006 3602 regem,
2038 3532 2201 3602 802

615 3651 811 3690 omnes
839 3632 1051 3686 divitiis
1076 3629 1348 3698 superbos
1382 3627 1438 3680 in
1466 3627 1789 3680 servitutem
1815 3623 2054 3678 abducet
2078 3641 2204 3692 cap-

619 3725 785 3778 tivos.
812 3721 969 3786 Quod
1001 3735 1100 3774 nos
1127 3729 1180 3772 et
1207 3725 1439 3787 quartus
1474 3717 1612 3770 liber
1641 3714 1849 3785 Regum
1875 3754 1889 3777 ,
1920 3724 1974 3768 et
2007 3730 2204 3769 secun-

618 3815 726 3870 dus
753 3813 1211 3881 Paralipomenon
1245 3807 1470 3870 docuit,
1519 3808 1759 3877 itemque
1807 3805 2003 3859 beatus
2044 3802 2202 3858 Jere-

620 3911 760 3961 mias
792 3905 1078 3976 propheta.
1113 3902 1177 3955 Et
1212 3903 1328 3956 haec
1357 3900 1544 3954 omnia
1566 3938 1580 3961 ,
1615 3899 1829 3967 inquit,
1866 3898 2201 3968 Babylonius

621 3999 864 4062 molitur,
899 4005 955 4050 ut
998 3996 1274 4050 inﬁrmum
1307 3990 1496 4047 reddat
1529 4004 1756 4058 regnum
1782 4028 1796 4053 ,
1832 3996 1892 4042 ut
1930 3997 2198 4058 perpetuo

619 4091 876 4151 obediat,
906 4103 1082 4158 neque
1113 4087 1221 4140 ulla
1253 4084 1303 4138 ei
1337 4083 1409 4137 sit
1445 4082 1740 4137 seditionis
1769 4083 2014 4137 occasio.

2300 1900 2549 1970 ἔρχεται,
2591 1919 2607 1950 ι
2664 1899 2782 1950 ἀντὶ
2829 1898 2956 1962 τοῦ,
3029 1899 3161 1952 Ἰδοὺ
3213 1895 3405 1968 ἦλθενο
3465 1901 3604 1963 τέως
3664 1901 3773 1972 γὰρ
3819 1902 3882 1953 τά

2301 1993 2402 2063 ἠδη
2437 1991 2704 2060 γενόμενα
2733 1989 3000 2059 διηγεῖται
3022 1991 3114 2043 καὶ
3145 1992 3272 2060 περὶ
3299 1990 3393 2043 τοῦ
3431 1991 3684 2062 Ἰεχονίου
3715 1989 3881 2044 ταῦτα

2297 2085 2671 2157 διεξελήλυθε,
2701 2087 2843 2139 κατὰ
2871 2085 2932 2137 τὸ
2959 2087 3158 2138 οἰκεῖον
3195 2086 3390 2155 ἰδίωμα
3403 2086 3448 2117 ⁸⁸
3478 2089 3544 2139 τὰ
3580 2086 3882 2157 παρεληλυ-

2302 2177 2474 2240 θότα,
2539 2177 2613 2238 ὼς
2648 2177 2871 2244 μηδέπω
2919 2176 3186 2246 γενόμενα
3234 2175 3418 2242 λέγει·
3469 2176 3549 2228 ὅτι
3589 2175 3648 2228 δὲ
3707 2179 3880 2229 ἐκεῖνα

2303 2273 2431 2342 περὶ
2476 2269 2571 2322 τοῦ
2615 2270 2864 2338 Ἰεχονίου
2913 2267 3048 2336 ἔφη,
3097 2267 3155 2331 ὃς
3203 2267 3505 2338 ἐκτοεϊῆδη
3551 2267 3743 2321 λοιπὸν
3771 2268 3882 2332 ἔτος

2302 2358 2446 2432 εἶχεν
2486 2364 2542 2414 ἐν
2585 2363 2650 2431 τῇ
2686 2359 3056 2430 αἰχμαλωσίᾳ,
3096 2360 3236 2411 κατὰ
3267 2359 3365 2426 τὴν
3406 2359 3572 2412 αὑτοῦ
3619 2359 3714 2411 τοῦ
3752 2377 3878 2430 προ-

2303 2455 2472 2524 φήτου
2501 2452 2882 2512 διδασκαλίαν,
2915 2452 2981 2502 τὰ
3015 2452 3333 2520 ἐπαγόμενα
3375 2451 3642 2503 διδάσκει.

2375 2550 2464 2611 ιγ’,
2499 2543 2579 2596 ιδ’.
2612 2543 2721 2594 Καὶ
2753 2543 3032 2609 λήψεται,
3067 2541 3254 2610 φησὶν,
3297 2539 3365 2591 ἐκ
3397 2539 3502 2592 τοῦ
3545 2540 3880 2606 σπέρματος

2303 2634 2412 2700 τῆς
2439 2634 2787 2698 βασιλείας,
2835 2631 2935 2685 καί
2975 2631 3324 2697 διαϐήσεται
3354 2632 3504 2698 πρὸς
3540 2630 3734 2683 αὑτὸν
3769 2629 3882 2681 δια-

2303 2723 2518 2790 θήκην,
2546 2723 2644 2775 καὶ
2674 2720 2900 2786 εἰσάξει
2933 2720 3120 2774 αὑτὸν
3141 2721 3210 2774 ἐν
3234 2719 3350 2789 ἀρᾷ
3374 2739 3386 2752 ·
3413 2721 3512 2773 καὶ
3543 2721 3691 2786 τοὺς
3715 2722 3880 2789 mov-

2295 2814 2523 2882 μένους
2555 2812 2664 2881 τῆς
2691 2813 2804 2881 γῆς
2835 2812 3097 2880 λήψεται
3116 2854 3131 2877 ,
3163 2812 3268 2866 τοῦ
3301 2812 3578 2882 γενέσθαι
3609 2815 3692 2878 είς
3715 2813 3880 2876 ,ϐασι-

2301 2907 2410 2962 λέα
2432 2908 2475 2938 ⁸⁷
2495 2906 2746 2975 ἀσθενῆ,
2779 2907 2845 2960 τὸ
2871 2909 3133 2962 καθόλου
3146 2907 3234 2977 μὴ
3265 2909 3646 2976 ἐπαίρεσθαι,
3676 2907 3878 2963 me”

2302 2999 2648 3068 φυλάσσειν
2679 3000 2792 3067 τὴν
2818 2998 3116 3064 διαθήκην
3152 3000 3341 3053 αὐτοῦ
3369 3042 3382 3064 ,
3419 3000 3520 3053 καί
3558 2999 3744 3066 ἱστᾷν
3778 3000 3878 3051 αὑ-

2307 3090 2436 3155 τήν.
2475 3089 2660 3142 Ταῦτα
2711 3090 2838 3160 περὶ
2885 3089 2978 3142 τοῦ
3029 3089 3279 3142 Σεδεκίου
3319 3090 3462 3160 ἔφη,
3514 3096 3621 3144 καὶ
3662 3093 3795 3144 αὐτὰ
3830 3091 3880 3144 δέ

2309 3177 2413 3249 πρὸ
2443 3176 2503 3242 ἐξ
2534 3177 2670 3230 ἐτῶν
2703 3177 2968 3246 ἐγεγόνει.
3001 3176 3074 3229 Τὸ
3099 3177 3279 3231 τοίνυν
3311 3196 3329 3229 ι
3365 3179 3574 3248 λήψετα
3587 3199 3629 3246 ι,
3662 3183 3752 3234 καὶ
3779 3181 3881 3232 6n:—

2308 3269 2567 3338 θήσεται,
2623 3267 2719 3320 καὶ
2770 3267 2976 3333 εἰσάξει
3015 3285 3032 3319 ι
3064 3267 3188 3319 ἀντὶ
3231 3267 3326 3320 τοῦ
3379 3267 3605 3333 ἐλαϐεν,
3679 3273 3769 3323 καὶ
3815 3270 3880 3322 δι-

2307 3360 2492 3425 έθετο,
2527 3360 2621 3412 καὶ
2655 3359 2938 3428 εἰσήγαγε.
3011 3360 3120 3423 Τὰς
3159 3359 3267 3431 γὰρ
3327 3360 3610 3430 συνθήκας
3640 3362 3768 3432 πρὸς
3798 3359 3878 3410 τὸν

2306 3452 2559 3505 Σεδεκίαν
2611 3455 2932 3522 ποιούμενος
2966 3452 3163 3522 ὅρκους
3197 3452 3360 3504 αὑτὸν
3412 3454 3878 3523 φρικωδεστάτους

2307 3541 2579 3611 ἁπῄτησε,
2624 3540 2698 3611 μὴ
2729 3540 3043 3612 παραϐῆναι
3073 3541 3142 3594 τὰ
3186 3541 3522 3612 συγκείμενα
3544 3561 3559 3577 ο
3599 3545 3628 3595 ὁ
3666 3543 3719 3595 δὲ
3752 3560 3878 3611 παρ’

2306 3633 2505 3685 αυτίκα
2539 3632 2664 3693 τοὺς
2700 3633 2895 3702 ὅρκους
2938 3631 3199 3702 ἐπάτησε.
3235 3633 3573 3704 Χειροτονῶν
3598 3634 3674 3697 δὲ,
3704 3633 3876 3702 φησὶν,

2306 3724 2467 3777 αὑτὸν
2491 3722 2717 3792 βασιλέα
2748 3723 2959 3784 πάντας
2997 3726 3122 3786 τοὺς
3153 3724 3366 3794 πλούτῳ
3396 3723 3686 3794 κομῶντας
3727 3725 3877 3794 αἰχμ-

2307 3813 2548 3877 αλώτους
2568 3813 2817 3883 λήψεται.
2853 3813 3023 3868 Τοῦτο
3063 3815 3118 3868 δὲ
3151 3817 3298 3886 ἡμᾶς
3332 3817 3424 3869 καὶ
3450 3816 3565 3870 τῶν
3595 3815 3874 3870 Βασιλειῶν

2309 3908 2342 3971 ἠ
2388 3905 2658 3975 τετάρτη,
2709 3906 2804 3959 καὶ
2855 3907 2888 3974 ἡ
2944 3906 3176 3978 δευτέρα
3224 3907 3332 3960 τῶν
3389 3908 3872 3978 Παραλειπομένων

2309 3995 2580 4059 ἐδίδαξεν
2618 3995 2880 4060 ὡσαύτως
2923 3996 2979 4048 δὲ
3025 3999 3120 4050 καὶ
3153 3999 3181 4050 ὁ
3232 3998 3499 4068 μακάριος
3565 3999 3818 4070 Ἱερεμίας
3849 3998 3875 4046 ό

2309 4088 2625 4158 προφήτης·
2687 4086 2888 4150 πάντα,
2936 4087 2990 4140 δὲ
3028 4089 3196 4157 φησι,
3228 4088 3401 4141 ταῦτα
3440 4089 3876 4160 πραγματεύεται

616 4184 646 4235 ὁ
673 4179 1032 4242 Βασυλὼνιος,
1074 4175 1274 4245 ἀσθενῆ
1321 4175 1422 4245 τὴν
1467 4172 1752 4243 βασιλείαν
1808 4173 2004 4238 ποιῶν,
2051 4177 2118 4229 ἵν’
2175 4180 2432 4251 ὑπακούῃ
2499 4179 2804 4248 διηνεκῶς,
2857 4179 2955 4230 καὶ
2997 4181 3242 4243 στάσεως
3303 4183 3581 4253 πρόφασιν
3626 4179 3875 4251 μηδεμίαν

619 4275 738 4326 ἕνη.

651 4289 738 4344 κτι-

693 4365 854 4419 Vens.
900 4364 986 4418 15.
1028 4361 1096 4414 Et
1130 4359 1331 4414 recedet
1362 4359 1425 4412 ab
1453 4375 1512 4412 eo
1536 4396 1550 4420 ,
1582 4368 1636 4409 ut
1668 4360 1845 4412 mittat
1874 4360 2115 4418 homines
2151 4366 2205 4419 in

620 4457 944 4527 .Egyptum,
989 4465 1044 4507 ut
1085 4452 1171 4508 det
1219 4453 1320 4505 sibi
1369 4468 1529 4521 equos
1572 4464 1620 4504 et
1655 4453 1909 4519 populum
1949 4457 2200 4512 multum.

619 4556 750 4614 Qll.l3
779 4563 945 4618 supra
977 4561 1072 4615 per
1104 4545 1371 4613 imagines
1390 4552 1444 4596 et
1473 4560 1570 4613 per
1601 4545 2021 4600 similitudinem
2053 4549 2208 4604 dixe-

2382 4362 2462 4418 ιε’.
2496 4367 3041 4432 Καιαποστησεται
3089 4367 3190 4420 ἀπ’
3230 4367 3454 4432 αὐτοῦ,
3513 4369 3624 4423 τοῦ
3672 4368 3871 4432 ἐξαπο-

2307 4453 2587 4508 στέλλειν
2612 4454 2963 4522 ἀνθρώπους
2983 4458 3028 4488 ⁸⁹
3058 4460 3146 4522 εἰς
3173 4459 3497 4528 Αἴγυπτον,
3538 4461 3644 4514 τοῦ
3682 4459 3871 4513 δοῦναι

2305 4543 2465 4608 αὐτῷ
2501 4545 2744 4610 ἵππους,
2799 4547 2896 4598 καί
2926 4548 3082 4600 λαὸν
3114 4551 3334 4604 πολύν.
3379 4551 3564 4622 "An-ep
3595 4551 3705 4604 ἄνω
3761 4566 3874 4601 συν-

619 4651 731 4704 rat,
763 4641 849 4694 hic
876 4645 1064 4706 aperte
1091 4636 1303 4690 docuit.
1339 4634 1546 4688 Deinde
1577 4651 1672 4704 per
1706 4636 2199 4708 interrogationem

2309 4639 2685 4706 εσκιασμέπρως
2735 4639 2827 4690 καὶ
2866 4640 3249 4710 παραδολικῶς
3282 4641 3408 4713 ἔφη,
3437 4643 3670 4695 ἐνταῦθα
3705 4638 3872 4708 σαφῶς

618 4731 860 4800 subjecit
895 4749 908 4783 :
950 4750 966 4779 ι
1000 4729 1138 4782 Num
1197 4728 1660 4796 prosperabitur?
1713 4745 1842 4782 num
1893 4732 2201 4787 salvabitur

620 4824 827 4879 faciens
851 4822 1156 4884 contraria,
1181 4831 1236 4875 et
1261 4821 1475 4874 violans
1501 4821 1720 4874 tardus?
1744 4837 1874 4875 uqu
1903 4822 2192 4892 eﬂ'ugiet‘h

623 4915 822 4980 Vobis,
847 4913 1059 4981 inquit,
1089 4928 1224 4967 usus
1251 4926 1373 4965 sum
1399 4910 1722 4979 judicibus,
1747 4927 1816 4964 an
1847 4911 2060 4980 justum
2092 4913 2194 4976 sit,

618 5021 744 5059 eum
768 5046 781 5068 ,
812 5008 903 5073 qui
930 5005 1323 5073 jusjurandum
1367 5011 1422 5057 et
1455 5003 1663 5058 lcedera
1703 5004 1925 5057 violarit
1952 5044 1964 5065 ,
2003 5020 2196 5073 pmnas

620 5095 966 5163 eﬂ'ugientem
997 5096 1260 5165 consequi
1296 5095 1580 5149 salutem?
1614 5094 1754 5160 Quia
1787 5110 1914 5149 vero
1945 5097 2080 5150 nihil
2116 5113 2199 5151 rc-

623 5184 927 5252 spondistis
951 5223 965 5248 ,
1004 5202 1104 5254 ego
1136 5185 1469 5240 sententiam
1505 5184 1755 5253 profero.

2306 4729 2565 4794 ἐδίδαξεν.
2605 4730 2740 4781 Ειτα
2785 4733 2904 4783 κατ’
2937 4733 3202 4802 ἐρώτησιν
3224 4735 3268 4765 °°
3292 4735 3487 4801 ἐπάγει
3509 4751 3522 4764 ο
3558 4754 3575 4784 ι
3606 4735 3666 4786 El
3696 4747 3871 4785 κατευ-

2307 4823 2457 4876 θυνεῖ
2479 4866 2493 4888 ,
2523 4825 2570 4875 εἰ
2606 4823 3003 4894 διασωθήσεται
3025 4827 3051 4878 ὁ
3086 4828 3253 4880 ποιῶν
3277 4827 3493 4880 ἐναντία
3513 4829 3578 4889 ⁹¹,
3601 4826 3692 4879 καὶ
3719 4837 3869 4892 παρτ·

2307 4915 2508 4968 σαίνων
2556 4915 2856 4986 διαθήκην;
2908 4919 2958 4969 εί
3009 4917 3368 4986 ἐκφεύξεται;
3412 4937 3428 4968 ι
3486 4919 3674 4988 Ὑμῖν,
3729 4912 3864 4982 φησὶ.

2305 5006 2581 5077 κέχρημαι
2630 5009 2874 5076 κριταῖς,
2904 5010 2953 5060 εί
2994 5008 3203 5061 δίκαιον
3240 5008 3330 5061 τὸν
3361 5008 3682 5080 παραϐάτην
3707 5006 3866 5075 ὅρκων

2308 5099 2401 5151 καὶ
2430 5098 2715 5170 συνθηκῶν
2776 5101 3066 5171 γενόμενον
3101 5102 3198 5173 τὴν
3251 5103 3406 5174 δίκην
3461 5103 3715 5172 ἐκφυγεῖν
3739 5139 3753 5160 .
3787 5095 3868 5148 καὶ

2312 5188 2587 5259 σωτηρίας
2620 5193 2803 5258 τυχεῖν
2831 5207 2844 5220 °
2891 5192 3079 5263 ἐπειδὴ
3104 5193 3160 5245 δὲ
3189 5194 3340 5246 οὐδὲν
3367 5190 3740 5264 άποκρίνεσθε,
3770 5183 3866 5255 ἐγὼ

2316 5279 2410 5348 τὴν
2435 5279 2613 5348 ψῆφον
2648 5282 2884 5352 ἐκφέρω.

1945 5447 2181 5504 γΑιιιΑς
2222 5451 2632 5510 LECTIONES.

692 5578 953 5653 διαιτᾷ»,-
987 5578 1068 5653 ιιι),
1102 5577 1160 5642 s,
1187 5552 1500 5653 mrsu-nt.
1552 5583 1708 5653 αὐτῇ.

623 5655 669 5689 ⁸⁸
703 5652 860 5705 ἀλλὰ.
888 5647 994 5702 “Ιι.ι
1029 5647 1240 5721 Compl.
1293 5649 1419 5706 nec.
1475 5651 1597 5707 lect.
1645 5647 1730 5708 est
1764 5651 1877 5705 τοῦ.

628 5724 789 5778 Hebr.
818 5723 950 5776 lucc.
1097 5771 1100 5775 λ

1812 5582 1946 5637 ⁸⁸16.
2003 5581 2246 5651 Βρτξηιη.
2286 5588 2364 5642 δέ.

1977 5655 2020 5684 ⁸³
2044 5655 2197 5726 ἀνθρ.
2227 5656 2358 5715 Rec.
2385 5660 2508 5717 lect.
2542 5655 2807 5727 ἆγγέλους
2833 5655 3047 5715 ἑαυτοῦ.

2463 5591 2507 5622 ⁸⁷
2541 5589 2695 5672 βαση.
2733 5586 2810 5642 Ita
2855 5590 3065 5660 Compl.
3113 5591 3241 5648 Rec.
3286 5595 3409 5651 lect.
3457 5605 3541 5652 est
3593 5590 3859 5662 βασιλείαν.

2463 5669 2508 5714 ηι.
2543 5665 2807 5716 άγγεωυς
2833 5661 3047 5715 ἑαυτοῦ.
3151 5665 3198 5697 ⁸ο
3224 5666 3262 5716 Β
3291 5667 3650 5716 ἐπεοώτησιν.
3746 5661 3783 5692 ⁹¹
3810 5660 3858 5708 ἐν

3291 5660 3650 5738 ἐπερώτησιν.
3746 5661 3783 5692 ⁹¹
3810 5660 3858 5708 ἐν
