4116 6400
427 353 525 420 971

1434 347 1922 414 THEODORETI
1965 344 2303 410 EPISCOPI
2341 351 2707 412 CYHENSIS

3592 351 3699 412 972

426 467 724 534 pruninnre
754 464 884 532 facit
913 463 1122 517 aridum
1152 463 1374 532 lignum.
1411 460 1522 533 Ego
1558 461 1813 515 Dominus
1862 459 2005 511 locu-

2122 460 2366 527 χλωρὸν,
2409 463 2506 516 καί
2532 461 2896 516 ἀναϐάλλων
2925 459 3116 524 ξύλον
3143 460 3353 525 ξηρόν.
3401 459 3542 528 Ἐγὼ
3581 463 3699 514 Κύι-

427 572 512 610 tus
565 572 705 618 curn,
739 565 788 608 et
849 554 1070 622 faciam.
1113 551 1492 623 Cognoscenl,
1554 552 1756 621 inquit,
1815 560 2008 604 omnes

425 648 679 703 homines
735 647 897 702 facile
945 646 1078 700 mihi
1134 661 1278 711 esse,
1330 654 1385 700 et
1423 660 1487 700 ea
1535 661 1656 716 quae
1710 645 1818 697 alta
1879 647 2008 696 sunt

426 740 657 794 humilia
698 740 948 804 reddere,
1000 746 1055 793 et
1099 755 1222 809 quae
1255 748 1384 794 sunt
1427 739 1656 793 humilia
1721 735 2004 798 extollere,

427 830 764 901 humidaque
801 831 1108 896 exsiccare,
1136 831 1308 901 808
1342 838 1396 885 et
1428 831 1577 886 sicca
1611 827 1862 884 ﬂorentia
1914 826 2007 880 de-

426 927 756 976 monstrare.
789 921 1022 988 Quando
1054 923 1203 976 enim
1237 923 1496 985 viderint,
1530 930 1652 992 post
1692 921 1846 975 urbis
1876 918 2008 974 soli-

423 1011 673 1064 tudinem
707 1027 932 1082 germen
955 1027 1023 1066 ex
1053 1026 1116 1066 ea
1151 1013 1482 1082 productum
1520 1011 1825 1068 secundum
1859 1007 2010 1063 Isaiae

425 1103 770 1172 prepbetiam
803 1144 817 1169 ,
887 1123 901 1156 ι
956 1103 1280 1174 Egredietur
1325 1105 1470 1159 enim
1512 1104 1691 1173 virga,
1741 1101 1941 1170 inquit,
1979 1114 2010 1154 e

426 1196 610 1249 radice
641 1192 836 1259 Iessre,
869 1203 924 1250 et
954 1194 1055 1251 llos
1081 1211 1112 1252 e
1148 1197 1336 1251 radice
1362 1197 1484 1266 ejus
1523 1193 1788 1250 ascendet
1817 1193 1866 1258 ἀ,
1906 1211 1924 1244 ι
1956 1199 2010 1246 et

425 1287 575 1341 hunc
608 1288 777 1342 totius
814 1287 966 1342 orbis
1001 1296 1162 1342 terra":
1195 1303 1379 1359 regem
1414 1287 1774 1349 declaratum,
1809 1297 2010 1355 cogno-

427 1385 586 1434 scent
620 1396 812 1436 omnes
838 1394 925 1434 me
953 1395 1076 1435 esse
1107 1379 1402 1434 Dominum
1445 1381 1562 1435 haec
1597 1378 2006 1449 praedicentem,

427 1479 483 1525 et
503 1471 735 1526 verbum
758 1486 922 1540 opere
946 1473 1415 1541 comprobanlem.

997 1561 1226 1617 CAI‘UT
1262 1561 1455 1618 XVIII.

505 1654 667 1708 Vens.
705 1655 815 1708 I-«I.
880 1653 945 1708 Et
977 1655 1178 1721 factum
1207 1666 1282 1708 est
1314 1653 1525 1708 verbum
1563 1655 1775 1709 Domini
1813 1657 1881 1709 ad
1909 1673 2009 1720 me,

2107 568 2243 619 ριος
2265 552 2577 622 λελάληκα
2602 555 2701 608 καί
2729 553 2980 620 ποιήσω.
3010 551 3338 613 Γνώσονται,
3368 553 3525 623 φησι,
3558 554 3697 608 πάν·
3732 623 3736 633 Ι

2116 663 2204 709 τες
2243 646 2540 714 ἄνθρωποι,
2583 647 2664 699 ὄτι
2706 645 2886 718 ῥᾴδιόν
2928 662 3018 716 μοι
3053 645 3146 698 καὶ
3175 644 3244 696 τὰ
3289 644 3473 716 ὑψηλὰ
3496 661 3698 725 farrat-

2115 735 2261 802 νοῦν,
2298 737 2391 790 καί
2441 737 2676 806 ἀνυψοῦν
2708 739 2778 791 τὰ
2809 737 3060 802 ταπεινὰ,
3104 738 3196 790 καὶ
3231 736 3302 790 τὰ
3335 736 3478 806 ὑγρὰ
3512 736 3703 807 ξηραί-

2117 844 2248 890 νειν,
2282 829 2378 882 καὶ
2419 827 2488 882 τὰ
2539 829 2680 901 ξηρὰ
2729 830 2993 902 τεθηλότα
3044 827 3336 882 δεικνύναι.
3391 829 3562 882 Ὅταν
3592 828 3703 900 γὰρ

2120 918 2269 972 ἴδωσι
2296 919 2433 989 μετὰ
2456 921 2555 990 τὴν
2578 920 2679 990 τῆς
2707 921 2912 985 πόλεως
2938 920 3174 991 ἐρημίαν
3196 918 3422 989 βλαστὸν
3442 918 3502 982 ἔξ
3529 919 3702 986 αὐτῆς

2117 1009 2366 1078 φύσαντα
2398 1011 2540 1064 κατὰ
2571 1011 2671 1081 τὴν
2713 1009 3341 1081 Ἡσαΐου-προφητείαν
3382 1027 3402 1060 ι
3459 1007 3700 1074 Ἐξελεύ·

2119 1120 2270 1155 σεται
2307 1103 2446 1173 γὰρ,
2489 1103 2642 1171 φησὶ,
2675 1103 2872 1174 ῥάϐδος
2916 1105 2980 1157 ὲκ
3016 1103 3115 1172 τῆς
3147 1101 3303 1174 ῥίζης
3350 1102 3568 1164 Ἰεσσαὶ,
3604 1101 3700 1154 καὶ

2117 1193 2276 1258 ἄνθος
2306 1195 2371 1248 ὲκ
2396 1197 2494 1266 τῆς
2527 1195 2683 1266 ῥίζης
2708 1195 3038 1264 ἀναϐήσεται
3061 1209 3073 1222 ·
3115 1213 3133 1244 ι
3171 1194 3264 1246 καὶ
3300 1191 3490 1246 τοῦτον
3520 1193 3699 1262 πάσης

2115 1287 2216 1356 τῆς
2260 1287 2584 1359 οἰκουμένης
2617 1287 3069 1357 ἀναδεικνύμενον
3111 1284 3359 1356 βασιλέα,
3401 1284 3701 1354 γνώσονται

2118 1379 2338 1443 πάντες,
2386 1379 2467 1431 ὅτι
2504 1378 2615 1447 ἐγὼ
2648 1378 2851 1448 Κύριος
2886 1379 3188 1448 προλέγων,
3233 1377 3434 1449 καὶτῷ
3463 1377 3604 1448 λόγῳ
3639 1376 3702 1430 τὸ

2119 1469 2277 1540 ἔργον
2315 1471 2558 1539 ἐπάγων.
3215 1465 3223 1472 ⁷

2636 1565 3029 1618 ΚΕΦΑΛΑΙΟΝ
3072 1566 3175 1618 III'.

2187 1655 2341 1709 α’-δ’.
2393 1656 2503 1710 Καὶ
2562 1655 2805 1724 ἐγένετο
2879 1659 3060 1724 λόγος
3133 1658 3349 1724 Κυρίου
3394 1658 3542 1725 πρός
3596 1673 3695 1725 με.

428 1749 648 1802 dicens:
700 1745 808 1800 Fili
845 1747 1096 1810 hominis,
1131 1763 1248 1816 quw
1277 1747 1419 1801 robis
1461 1747 1721 1817 parabola
1774 1747 1918 1809 Itwc,
1958 1749 2009 1800 in

2122 1745 2340 1814 λέγων’
2393 1745 2488 1800 Υἱὲ
2527 1747 2844 1813 ἀνθρώπου
2868 1787 2881 1807 ,
2924 1748 3015 1812 τίς
3039 1749 3082 1779 ¹⁹
3125 1748 3268 1816 ὑμῖν
3305 1750 3344 1816 ἡ
3389 1746 3699 1815 παραϐολὴ

429 1851 572 1894 terra
602 1839 848 1904 lsraelis,
877 1840 1208 1893 dicentium:
1248 1839 1442 1893 Patres
1483 1842 1824 1894 comederunt
1859 1856 2013 1893 uvam

2122 1837 2266 1904 αὕτη
2299 1837 2397 1890 ἐπὶ
2424 1838 2469 1870 ¹⁶
2504 1836 2612 1905 τῆς
2641 1838 2753 1906 γῆς
2787 1838 2892 1892 τοῦ
2943 1839 3181 1906 Ἰσραὴλ
3217 1842 3523 1909 λεγόντων
3543 1841 3609 1902 ²¹,
3635 1841 3701 1891 οι

429 1931 697 1991 acerbam,
725 1941 773 1983 et
802 1930 980 1984 dentes
1008 1930 1245 1999 ﬁliorum
1276 1930 1502 1985 hebetati
1527 1942 1648 1986 sunt
1677 1933 1701 1987 .9
1744 1931 1872 1986 Vivo
1900 1947 2012 2001 ego,

427 2023 559 2079 dicit
596 2024 808 2078 Adonei
840 2023 1119 2086 Dominus,
1175 2025 1219 2077 si
1271 2024 1434 2092 fuerit
1487 2025 1715 2093 amplius
1754 2025 2016 2094 parabole

428 2117 539 2170 luet:
571 2117 625 2170 in
651 2115 872 2170 Israele.
906 2115 1049 2182 Quia
1072 2133 1252 2170 οιιιηιέ
1281 2118 1478 2171 anima:
1502 2134 1629 2172 mea:
1653 2127 1810 2184 sunt;
1837 2137 2020 2189 quent-

429 2202 714 2257 admodum
742 2203 922 2256 anima
955 2205 1145 2271 patris,
1171 2207 1244 2256 ita
1271 2213 1430 2257 etiam
1452 2210 1635 2260 anima
1682 2209 1806 2276 filii,
1839 2225 2016 2264 omnes

431 2296 627 2348 anima:
658 2312 786 2350 mea:
817 2305 963 2359 sunt,
998 2305 1049 2349 et
1082 2298 1266 2350 anima
1296 2314 1519 2366 peccans
1563 2301 1684 2369 ipsa
1729 2303 2010 2355 morietur.

434 2388 776 2458 Quibusdam
822 2389 1038 2443 videtur
1077 2390 1142 2444 ad
1172 2391 1321 2444 aliud
1372 2402 1538 2462 caput
1590 2393 1840 2462 digressa
1895 2411 2019 2452 esse

434 2483 754 2554 prophetia:
809 2482 903 2534 sed
959 2481 1186 2534 (illlll'IlS
1221 2498 1344 2551 quae
1377 2491 1505 2537 ante
1555 2484 1704 2538 dicta
1754 2493 1906 2549 sunt,
1954 2502 2018 2542 ea

431 2592 554 2647 quae
595 2574 757 2628 modo
791 2574 1052 2628 dicuntur
1080 2587 1453 2630 consentanea
1480 2576 1668 2632 videre
1698 2577 1846 2632 licet.
1880 2579 2017 2632 Cum

433 2667 607 2729 enim,
645 2675 1074 2719 connuemorata
1109 2663 1357 2720 Sedecia:
1414 2665 1642 2722 foederis
1695 2669 2014 2734 violatione,

433 2761 680 2814 futurum
708 2775 771 2812 ex
802 2758 1010 2812 semine
1048 2758 1198 2828 regio
1224 2759 1375 2812 orbis
1420 2768 1694 2814 terrarum
1731 2760 2017 2830 imperium

433 2851 770 2904 vaticinatus
790 2850 879 2910 sit,
910 2849 1226 2903 necessario
1250 2849 1414 2904 docet
1444 2852 1730 2919 populum,
1765 2867 1872 2906 non
1897 2869 2019 2908 esse

436 2943 771 2998 abutendum
831 2956 898 2995 eo
959 2941 1273 3011 proverbio,
1339 2941 1487 3010 quod
1524 2942 1814 3010 iniustitia:
1849 2942 2017 2997 Deum

437 3039 683 3094 accuset,
715 3031 970 3087 videlicet
1027 3047 1154 3085 cum
1198 3042 1382 3101 patres
1427 3048 1586 3086 uvam
1627 3036 1880 3089 acerbam
1924 3049 2017 3088 co-

2117 1928 2366 1997 πατέρες
2407 1929 2634 1999 ἔφαγον
2681 1930 2938 1999 ὄμφακα,
2974 1932 3072 1984 καί
3107 1935 3161 1985 ol
3199 1931 3436 1996 ὀδόντες
3471 1929 3590 1984 τῶν
3614 1929 3703 1982 τέ-

2119 2035 2278 2071 κνων
2307 2018 2661 2086 ᾐμωδίασαν
2683 2021 2766 2085 “;
2805 2021 2896 2073 Ζῶ
2928 2021 3060 2090 ἐγὼ,
3098 2021 3257 2091 λέγει
3303 2021 3558 2076 Ἀδωνοῖ
3583 2021 3702 2075 Κύ-

2113 2127 2266 2180 ριος,
2293 2111 2402 2164 ἐὰν
2423 2113 2468 2142 ³³
2501 2111 2743 2180 γένηται
2771 2111 2860 2165 ἔτι
2882 2113 2929 2144 ’⁸
2949 2113 2986 2179 ἠ
3011 2111 3322 2180 παραϐολὴ
3342 2112 3494 2179 αῦτη
3526 2113 3596 2166 ὲν
3623 2107 3706 2177 τῷ

2132 2200 2379 2268 Ἰσραήλ
2397 2202 2466 2254 ’⁸.
2505 2201 2626 2254 Ὅτι
2656 2199 2846 2256 πᾶσαι
2884 2205 2944 2255 αἱ
2996 2202 3188 2272 ψυχαί
3238 2202 3374 2272 ἐμαί
3410 2203 3600 2255 εἰσινο
3633 2201 3706 2253 ὃν

2107 2296 2406 2362 -τρόπονή
2443 2294 2614 2362 ψυχὴ
2662 2293 2768 2347 τοῦ
2814 2295 3060 2362 πατρὸς,
3107 2295 3260 2349 οὕτω
3297 2294 3394 2347 καί
3438 2295 3476 2361 ἠ
3530 2293 3703 2362 ψυχὴ

2119 2386 2225 2439 τοῦ
2273 2386 2407 2439 υἱοῦ
2436 2407 2450 2419 ·
2499 2385 2687 2440 πᾶσαι
2717 2387 2760 2418 ³⁸
2807 2390 2866 2440 αἱ
2915 2387 3106 2456 ψυχαὶ
3156 2387 3293 2456 ἐμαί
3336 2389 3474 2451 εἰσι,
3524 2388 3620 2441 καί
3663 2389 3702 2454 ἡ

2119 2481 2290 2546 ψυχὴ
2327 2479 2365 2544 ἡ
2395 2477 2842 2547 ἁμαρτάνουσα,
2865 2480 3016 2545 αὕτη
3047 2479 3452 2533 ἀποθανεῖται.
3472 2480 3596 2532 Τισί
3615 2479 3703 2531 δο-

2121 2573 2208 2623 κεί
2235 2571 2322 2623 ἐπ’
2351 2570 2478 2625 ἄλλο
2520 2571 2816 2640 κεφάλαιον
2860 2571 3162 2641 μεταδῆναι
3197 2571 3294 2642 τὴν
3330 2573 3666 2642 προφητείαν
3687 2587 3701 2601 ο

2121 2661 2236 2714 ἐστι
2267 2661 2326 2714 δὲ
2363 2661 2489 2714 ἰδεῖν
2530 2664 2644 2725 τοῖς
2685 2663 3030 2733 προλεχθεῖσι
3069 2663 3137 2716 τὰ
3168 2664 3436 2735 εἰρημένα
3468 2662 3705 2734 συμσαι-

2121 2772 2298 2808 νοντα.
2349 2754 2564 2826 Ἐπειδὴ
2617 2756 2727 2826 γὰρ
2784 2756 2882 2826 τῆς
2925 2755 3018 2809 τοῦ
3065 2757 3314 2810 Σεδεκίου
3360 2757 3707 2828 παρανομίας

2124 2846 2526 2916 μνημονεύσας,
2558 2847 2658 2918 τὴν
2690 2849 2754 2901 ὲκ
2779 2847 2873 2900 τοῦ
2903 2847 3184 2918 βασιλικοῦ
3232 2849 3546 2920 σπέρματος
3576 2866 3707 2920 προ-

2122 2938 2409 2991 εθέσπισεν
2476 2939 2744 3009 ἐσομένην
2813 2939 2912 3008 τῆς
2970 2940 3292 3011 οἰκουμένης
3368 2941 3704 3010 ἡγεμονίαν,

2122 3028 2435 3097 ἀναγκαίως
2473 3030 2714 3084 διδάσκει
2759 3031 2850 3084 τὸν
2878 3031 3006 3084 λαὸν
3051 3033 3125 3102 μὴ
3156 3033 3455 3104 κεχρῆσθαι
3489 3037 3554 3105 τῇ
3587 3035 3707 3088 ἀδι-

421 3113 733 3187 mederint,
785 3121 1021 3176 Iiliorum
1070 3121 1266 3176 dentes
1309 3121 1598 3178 hebetatos
1653 3122 1823 3194 809
1870 3138 2014 3185 esse,

2125 3121 2250 3175 κίαν
2273 3121 2368 3175 τοῦ
2399 3121 2535 3174 Θεοῦ
2565 3123 2943 3195 κατηγορούσῃ
2974 3125 3263 3196 παροιμίᾳ,
3289 3126 3369 3178 ὅτι
3403 3126 3509 3179 τῶν
3539 3127 3708 3179 πατέ-

443 3217 554 3281 vel,
604 3216 906 3272 secundum
933 3214 1362 3287 Symmachum,
1387 3216 1635 3286 stupidos
1669 3233 1794 3272 esse
1816 3214 2012 3271 factos.

435 3309 578 3365 Ecce
614 3311 783 3372 enim,
818 3308 1018 3378 inquit,
1054 3322 1179 3362 cum
1206 3323 1361 3378 reges
1385 3308 1483 3373 illi,
1514 3310 1607 3379 qui
1639 3318 1772 3364 tunc
1817 3326 2016 3380 regna-

433 3401 587 3464 bant,
617 3400 791 3470 iniqui
815 3398 1046 3464 fuerint,
1081 3413 1267 3454 semen
1298 3415 1362 3453 ex
1399 3400 1538 3470 ipsis
1561 3402 1714 3456 orbis
1745 3411 2016 3457 terrarum

435 3493 680 3563 potietur
730 3491 982 3560 imperio.
1041 3488 1160 3545 Non
1218 3491 1364 3545 enim
1431 3493 1612 3560 patiar
1667 3509 1860 3548 eorum
1897 3509 2018 3563 qua:

439 3593 701 3656 parentes
735 3582 1069 3651 deliquerint
1111 3597 1139 3635 a
1175 3582 1302 3636 llliis
1333 3597 1526 3652 ptenas
1570 3594 1841 3656 repetere,
1892 3601 2017 3641 cum

438 3686 493 3731 et
545 3676 742 3730 horum
805 3683 860 3730 et
906 3674 1124 3729 illorum
1177 3677 1278 3730 sim
1331 3673 1614 3742 Dominus,
1660 3677 2020 3749 eamdemque

438 3769 682 3824 omnium
713 3782 904 3822 curam
936 3767 1202 3822 habeam:
1263 3768 1531 3839 siquidem
1572 3785 1766 3825 omnes
1823 3773 2022 3828 anima:

441 3874 575 3915 meae
607 3867 759 3921 sunt,
790 3868 842 3913 et
864 3858 1047 3914 anima
1075 3875 1314 3929 peccans
1343 3862 1458 3931 ipsa
1497 3877 1691 3932 ptenas
1718 3862 1845 3917 luet.
1880 3861 2018 3917 Tum

437 3952 671 4019 iustitiae
705 3967 804 4007 nos
845 3966 1048 4020 genera
1085 3952 1264 4016 docet,
1295 3964 1348 4007 et
1395 3970 1502 4024 qua
1551 3956 1766 4010 ratione
1805 3957 2021 4024 possint

439 4045 689 4100 homines
725 4055 777 4099 et
813 4046 918 4097 vita
955 4044 1082 4108 frui,
1109 4055 1162 4099 et
1191 4061 1220 4098 a
1260 4047 1535 4115 supplicio
1568 4047 1734 4102 soluti
1765 4064 1829 4102 ac
1864 4048 2019 4104 liberi

440 4154 561 4192 (‘SSC
573 4179 582 4190 .

513 4317 677 4372 Vens.
701 4319 750 4373 5.
779 4319 846 4372 At
879 4319 1055 4383 homo,
1080 4323 1170 4389 qui
1201 4321 1500 4388 estjustus,
1529 4320 1728 4387 faciens
1753 4320 2021 4388 judicium

441 4421 489 4463 et
517 4412 814 4479 justitiam.
857 4409 972 4466 IIuc
1019 4418 1122 4475 est,
1156 4410 1253 4481 qui
1286 4425 1498 4481 mquam
1554 4419 1702 4467 tenet
1749 4412 2019 4480 justitiaz‘

441 4509 728 4555 stateram.

515 4589 682 4646 Vsus.
714 4592 767 4644 6.
806 4589 976 4660 Super
1002 4601 1206 4645 metues
1233 4607 1338 4644 non
1382 4590 1636 4646 comedet.
1667 4591 1771 4658 Qui
1804 4592 1872 4646 ab
1907 4593 2024 4648 ido-

447 4685 646 4749 lorum,
681 4684 884 4753 inquit,
913 4684 1065 4738 cultu
1095 4684 1292 4753 procul
1325 4683 1585 4747 abfuerit,
1623 4699 1859 4755 quorum
1886 4693 2024 4740 tem—

444 4776 532 4843 pla
562 4774 616 4830 in
655 4775 938 4830 montibus
969 4786 1126 4829 erant
1155 4776 1354 4844 posita.
1385 4794 1402 4826 ι
1444 4775 1508 4832 Et
1531 4777 1723 4833 oculos
1751 4794 1883 4832 suos
1912 4793 2023 4832 non

445 4869 735 4923 sustulerit
776 4868 848 4923 ad
875 4870 1241 4938 c0gitationes
1278 4869 1475 4925 domus
1503 4869 1692 4925 Israel.
1729 4890 1747 4920 ι
1781 4869 1894 4926 Hoc
1917 4880 2021 4935 est,

447 4961 492 5012 si
522 4973 630 5013 non
674 4972 1036 5030 persequetur
1083 4962 1223 5016 mala
1261 4961 1484 5019 lsraclis
1526 4963 1780 5019 consilia.
1828 4962 1893 5016 Et
1928 4980 2024 5033 per

517 5125 677 5182 ‘Isa.
717 5143 793 5192 ιιι,
832 5129 882 5182 1.

2127 3233 2236 3287 ρων
2299 3215 2580 3285 φαγόντων
2631 3215 2858 3285 ὄμφακα
2877 3217 2922 3246 ²⁷
2971 3220 3019 3269 οἰ
3071 3217 3285 3281 ὀδόντες
3334 3217 3444 3272 τῶν
3502 3219 3709 3272 τέκνων

2127 3309 2444 3378 ᾑμωδίασαν
2471 3310 2540 3371 ’⁸,
2593 3309 2649 3378 ἢ,
2691 3309 2834 3362 κατὰ
2867 3309 2957 3363 τὸν
2986 3310 3301 3382 Σύμμαχον,
3345 3311 3706 3383 ὲγομφίασαν.

2125 3401 2258 3453 Ἰδοὺ
2304 3399 2434 3470 γὰρ,
2485 3399 2639 3468 φησὶ,
2684 3399 3016 3470 παρανόμων
3061 3401 3232 3454 ὄντων
3261 3401 3368 3454 τῶν
3409 3402 3709 3472 τηνικαῦτα

2129 3492 2392 3562 βασιλέων
2422 3491 2482 3544 τὸ
2513 3491 2570 3556 ἐξ
2603 3492 2782 3545 αὐτῶν
2827 3493 3049 3562 σπέρμα
3079 3494 3176 3563 τῆς
3218 3495 3543 3563 οἰκουμένης
3571 3512 3708 3566 κρα-

2127 3587 2302 3657 τήσει.
2337 3585 2473 3638 Οὔτε
2502 3586 2609 3655 γὰρ
2650 3587 2933 3656 ἀνέξομαι,
2963 3579 3038 3637 ὧν
3071 3589 3120 3639 οἰ
3148 3587 3384 3657 πατέρες
3421 3587 3710 3658 ὲπλημμέυ

2127 3679 2319 3746 λησαν,
2364 3679 2463 3740 τὰς
2520 3678 2752 3743 εὐθύνας
2797 3679 3096 3747 ἀπαιτῆσαι
3153 3680 3281 3744 τοὺς
3330 3679 3552 3744 παῖδας·
3615 3683 3711 3734 καὶ

2128 3770 2332 3824 τούτων
2359 3771 2468 3841 γὰρ
2503 3771 2772 3824 κάκείνων
2800 3772 3080 3840 Δεσπότης
3105 3772 3241 3841 εἰμί,
3285 3773 3378 3826 καί⁵
3414 3773 3513 3843 τὴν
3538 3773 3710 3844 αὐτὴν

2128 3864 2388 3917 ἁπάντων
2414 3864 2514 3935 τὴν
2535 3865 2580 3895 ¹⁹
2629 3864 2949 3934 ἐπιμέλειαν
2981 3865 3261 3934 ποιοῦμαι·
3290 3868 3461 3920 πᾶσαι
3500 3867 3606 3938 γὰρ
3653 3869 3709 3919 αἰ

2128 3958 2299 4029 ψυχαὶ
2342 3958 2472 4026 ἐμαί
2526 3959 2751 4027 εἰσιν,ὴ
2807 3958 2861 4010 δὲ
2919 3958 3311 4028 ἁμαρτάνουσα
3355 3959 3522 4029 ψυχὴ,
3573 3960 3708 4030 αὕτη

2127 4051 2268 4104 τίσει
2302 4050 2401 4111 τὰς
2421 4048 2595 4112 δίκας.
2622 4047 2755 4102 Εἶτα
2783 4048 3022 4103 διδάσκει
3057 4051 3204 4119 ἡμᾶς
3233 4051 3356 4104 τίνα
3385 4052 3484 4119 τῆς
3513 4052 3711 4104 δικαιο·

2133 4141 2298 4210 σύνης
2353 4140 2418 4192 τὰ
2450 4139 2586 4209 εἴδη,
2618 4139 2711 4190 καὶ
2750 4138 2866 4199 πῶς
2895 4137 3140 4202 δυνατὸν,
3174 4137 3268 4191 καὶ
3297 4138 3442 4207 ζωῆς
3472 4137 3710 4192 ἀπολαῦ-

2132 4250 2244 4294 σαι,
2277 4232 2372 4286 καὶ
2409 4231 2682 4301 τιμωρίας
2718 4229 3120 4299 ἀπαλλαγῆναι.

2201 4331 2263 4376 ε’.
2313 4324 2376 4376 Ὀ
2397 4320 2466 4374 δὲ
2500 4319 2811 4386 ἅνθρωπος
2842 4318 2910 4382 ὃς
2936 4318 3068 4370 ἐστι
3093 4319 3138 4348 ³⁰
3169 4317 3420 4382 δίκαιος.
3455 4322 3487 4373 ὀ
3525 4319 3710 4373 ποιῶν

2133 4417 2310 4485 κρίμα
2346 4411 2444 4466 καί
2473 4409 2890 4473 δικαιοσύνην.
2924 4406 3239 4471 Τουτέστιν,
3288 4411 3316 4462 ό
3344 4407 3434 4462 ἰσα
3465 4410 3710 4480 κατέχων

2058 4511 2102 4565 D
2129 4507 2198 4561 τὰ
2229 4506 2328 4575 τῆς
2357 4504 2512 4572 δίκης
2541 4500 2702 4569 ζυγά.

2204 4606 2278 4665 ς’.
2332 4595 2458 4648 Ἐπί
2491 4593 2609 4647 τῶν
2639 4591 2820 4660 ὀρέων
2855 4594 2926 4645 οὺ
2961 4593 3230 4661 φάγεται.
3276 4591 3336 4646 '0
3368 4594 3466 4661 τῆς
3497 4595 3604 4646 τῶν
3635 4598 3712 4647 εξ-

2131 4691 2348 4748 δώλων,
2391 4686 2545 4755 φησί,
2593 4683 2894 4752 θεραπείας
2927 4685 3116 4754 πόρρω
3148 4683 3431 4753 γινόμενος
3454 4702 3469 4717 ·
3514 4688 3573 4739 ὲν
3605 4687 3714 4757 γὰρ

2132 4785 2245 4843 τοῖς
2298 4779 2450 4848 ὄρεσι
2499 4776 2570 4828 τὰ
2615 4776 2820 4828 τούτων
2880 4775 3061 4844 ἵδρυτο
3110 4775 3337 4847 τεμένη.
3387 4795 3404 4828 t
3445 4779 3553 4831 Καὶ
3586 4784 3714 4842 τοὺς

2133 4872 2444 4942 ὀφθαλμοὺς
2495 4867 2660 4921 αὑτοῦ
2711 4869 2773 4919 οὐ
2834 4865 2908 4936 μὴ
2939 4867 3118 4938 ἐπάρῃ
3161 4868 3298 4938 πρὸς
3329 4869 3399 4921 τὰ
3441 4869 3718 4940 ἐπιθυμή-

2138 4981 2283 5035 ματα
2305 4962 2343 4992 ³³
2395 4958 2489 5013 τοῦ
2515 4959 2556 4990 ³¹
2594 4958 2742 5010 οἴκου
2787 4955 3025 5028 Ἰσραήλ.
3066 4976 3084 5008 s
3127 4958 3270 5010 Ἀντὶ
3317 4957 3432 5022 τοῦ,
3476 4959 3603 5012 Ἐὰν
3637 4963 3713 5033 μὴ

1768 5293 2002 5349 VARIIE
2045 5293 2443 5352 LECTIONES.

525 5405 568 5477 ξ’
596 5405 699 5468 τίς.
752 5406 832 5460 Ita
878 5420 1097 5475 quoque
1143 5421 1330 5476 supra,
1359 5415 1399 5460 t.
1447 5409 1488 5475 I,
1521 5423 1572 5477 p.
1628 5407 1752 5461 151.
1794 5407 1922 5462 Ilec.
1970 5409 2094 5462 lect.
2157 5417 2260 5474 est,
2305 5410 2378 5463 τί.

449 5487 496 5528 c.
522 5475 652 5531 nec.
680 5477 841 5549 lectio
867 5478 1040 5549 εει-ὲν
1066 5477 1189 5549 τοῖς-
1212 5475 1348 5540 uici;
1387 5475 1626 5549 Ἰσραήλ.
1699 5480 1739 5509 ¹¹
1773 5477 2001 5549 λεγηιιιι
2033 5495 2251 5548 quoque
2281 5481 2314 5532 Ι.
2341 5497 2391 5532 ιε.
2421 5481 2526 5535 Alii
2555 5481 2753 5534 habent
2783 5475 3049 5547 λέγοντές.

2457 5411 2501 5482 *9
2532 5410 2634 5482 ἐπὶ,
2677 5439 2747 5449 -ς
2777 5409 2868 5482 τοῦ
2903 5409 3032 5482 Ἰσρ.
3097 5409 3222 5466 Des.
3259 5426 3422 5482 supra
3450 5449 3466 5474 .
3505 5420 3544 5464 ι.
3597 5408 3635 5474 1,
3666 5410 3700 5462 Ι.

3124 5483 3195 5546 ι¹¹
3229 5483 3327 5553 ἠμο
3358 5483 3706 5553 δίς-ξιμοίμιθ

448 5561 643 5628 supra,
681 5547 718 5599 Ι.
769 5562 820 5600 c.
843 5546 975 5628 __Sed
1026 5560 1142 5627 rec;
1179 5547 1301 5628 lect.
1329 5546 1791 5628 estéropcpiaeav.
1860 5547 2046 5628 "(sev
2078 5546 2196 5628 γέν.
2228 5550 2328 5604 ἔτι.
2351 5550 2540 5628 _Supra
2567 5551 2600 5628 l_.
2635 5565 2692 5628 οΣ
2711 5551 2760 5602 εἰ
2789 5546 2973 5628 ἔσται.-
3017 5546 3383 5628 ’ξέτιηᾸρυᾱ
3589 5546 3714 5628 seq.

449 5619 734 5686 ξ-εγομένη.

843 5618 888 5647 ³³⁵
946 5617 1017 5690 -έν
1075 5614 1154 5684 τῷ
1203 5614 1617 5690 Ί-σ-ρεηδυριέιιέ
1639 5619 1681 5690 1.,
1707 5633 1756 5671 c.
1792 5625 1896 5681 est,
1921 5617 2058 5690 ἀλλα
2089 5614 2195 5690 τῶν
2221 5614 2505 5690 φαγόντων
2542 5621 2633 5673 τὸν
2667 5620 2894 5690 ὄμφακα
2922 5614 3348 5689 αἰμωδιὰσουσιν
3394 5625 3443 5675 οἰ
3473 5614 3707 5682 ὀδόντες.

447 5683 493 5769 ξ’
522 5683 924 5769 προαιέαξ-ψυχ..
946 5683 1248 5769 Ι)οδ.-ιιριι‹1
1472 5683 1554 5769 ’1⁷
1659 5689 1937 5769 δμφακας.
2016 5683 2453 5769 ’δι-ὡμιειδιόισαν..
2477 5707 2574 5769 [πρ
2611 5683 2941 5761 ὼμὸδίασαν,
2980 5683 3035 5746 ut
3070 5695 3304 5750 videtur.
3366 5695 3410 5726 ’³
3431 5696 3550 5765 τήν.
3578 5691 3706 5746 Des.

446 5755 500 5807 in
533 5755 591 5807 Il.
671 5757 712 5787 ³ο
747 5755 1037 5813 Ποαιρςι.
1085 5755 1257 5810 ἔσται.

1338 5758 1377 5788 ³³
1406 5757 1552 5812 επιο.
1590 5758 1748 5811 llebr.
1812 5759 1978 5814 idola.
2056 5761 2098 5792 ³³
2128 5757 2240 5812 τοῦ.
2285 5760 2406 5815 Des.
2443 5757 2496 5815 in
2531 5759 2588 5813 Ii.
