4116 6406
467 346 573 408 975

1510 348 1996 408 THEODORETI
2039 349 2376 413 EPISCOPI
2408 355 2772 418 CYRENSIS

3625 368 3728 429 976

543 458 708 514 Vnus.
738 460 825 514 17.
860 458 976 512 Non
1020 459 1276 512 morietur
1324 459 1426 522 hic,
1454 459 1652 527 inquit,
1695 458 1749 511 in
1788 459 2030 528 iniquita‘

2227 461 2312 526 ιζ’.
2351 467 2434 518 Οὐ
2473 468 2819 536 τελευτήσει
2855 465 3054 537 οὗτος,
3098 475 3286 542 φησὶν,
3331 476 3400 529 ἐν
3429 475 3555 542 ταῖς
3601 479 3727 532 ἀδι-

471 550 608 601 tibus
637 551 808 616 patris
839 551 942 615 sui,
977 548 1068 603 sed
1106 548 1214 601 vita
1243 548 1390 602 vivet.
1433 545 1621 617 Neque
1644 549 1790 602 enim
1833 549 2041 619 justum

465 647 552 694 est
581 639 648 693 ab
677 639 780 693 hoc
815 653 915 708 pro
937 637 1239 694 sceleribus
1270 637 1420 693 illius
1453 638 1595 709 exigi
1623 653 1839 709 pinnas.

541 823 704 877 Vuns.
726 821 816 883 i8,
847 820 935 876 i9.
969 819 1133 874 Pater
1161 830 1338 875 autem
1367 819 1537 885 illius,
1557 819 1757 891 inquit,
1790 820 2042 890 quoniam

468 913 814 968 tribulatione
857 913 1156 979 tribulavit,
1185 921 1234 966 et
1286 913 1534 980 rapinam
1588 912 1786 981 rapuit,
1825 921 1874 966 et
1914 928 2040 966 con-

464 1008 632 1059 traria
666 1005 788 1071 fecit
823 1006 876 1057 in
906 1004 1078 1057 medio
1127 1003 1328 1072 populi,
1369 1013 1419 1056 et
1453 1013 1696 1056 mortuus
1730 1013 1806 1057 est
1843 1005 1896 1056 in
1932 1003 2040 1056 ini-

461 1097 660 1163 quitate
685 1112 804 1147 sua.
838 1094 904 1146 Et
935 1094 1153 1148 dixistis
1195 1107 1212 1145 :
1244 1092 1354 1147 Cur
1383 1110 1486 1147 non
1521 1094 1640 1147 tulit
1669 1093 1816 1163 ﬁlius
1845 1093 2040 1162 iniqui-

463 1193 622 1238 tatem
670 1187 842 1253 patris
885 1184 1009 1239 sui?
1046 1181 1158 1238 Vos
1201 1191 1383 1237 autem
1433 1183 1657 1253 injuste,
1706 1183 1903 1254 inquit,
1949 1181 2041 1252 ju-

461 1276 710 1331 dicantes
745 1276 912 1331 vultis
944 1275 1113 1328 illium
1154 1275 1306 1344 impii
1351 1289 1452 1344 pro
1506 1284 1731 1344 parente
1767 1271 2038 1344 supplicia

462 1369 669 1433 subire,
715 1377 768 1422 et
823 1383 922 1422 vos
957 1368 1194 1422 invicem
1232 1367 1649 1437 percontaniini,
1677 1368 1787 1420 (Zur
1820 1367 1887 1422 de
1917 1380 2036 1421 sce—

463 1459 672 1514 leribus
701 1459 874 1528 patris
905 1456 1050 1511 haud
1079 1458 1242 1513 solvit
1272 1455 1636 1527 ρωιιεείΕεο
1668 1465 1850 1511 autem
1881 1457 2038 1512 vobis

461 1554 586 1607 dico
617 1571 630 1607 :
667 1572 683 1602 ι
718 1553 856 1618 Quia
893 1551 1341 1622 tiliusjudicium,
1372 1559 1426 1605 et
1449 1551 1746 1620 justitiam,
1775 1559 1832 1605 et
1869 1551 2038 1606 mise-

458 1645 750 1700 ricordiam
793 1644 940 1706 fecit,
973 1643 1156 1696 omnia
1192 1643 1433 1714 legitima
1470 1657 1589 1696 mea
1622 1641 1949 1708 custodivit,
1982 1650 2037 1698 et

459 1738 588 1793 fecit
627 1753 710 1801 ea,
746 1736 855 1790 vita
893 1737 1055 1790 vivet.
1103 1754 1121 1788 ι
1157 1735 1432 1800 Quoniam
1463 1750 1573 1789 non
1606 1734 1854 1789 ealudem
1892 1735 2034 1789 viam

456 1846 619 1900 quam
654 1837 806 1898 pater
842 1835 1066 1882 secutus
1085 1835 1191 1890 est,
1216 1826 1311 1880 sed
1347 1841 1519 1882 meam
1551 1827 1696 1880 viam
1733 1827 1834 1880 via:
1862 1827 2036 1895 patris
2069 1806 2110 1862 Β

455 1917 794 1987 anteposuit,
819 1915 1046 1988 dignum
1081 1917 1284 1984 reperit
1311 1915 1411 1969 viae
1447 1914 1679 1969 exitum.

524 2097 693 2153 Vens.
725 2097 814 2152 ‘20.
868 2099 1064 2152 Anima
1100 2109 1275 2153 autem
1321 2113 1542 2167 peccans
1596 2100 1716 2168 ipsa
1758 2099 2030 2162 morietur,

453 2189 600 2257 filius
652 2205 753 2242 non
805 2188 935 2258 feret
1003 2189 1336 2259 iniquitatem
1391 2190 1560 2258 patris
1614 2192 1718 2256 sui,
1772 2201 1820 2244 et
1883 2202 2034 2259 pater

453 2298 558 2333 non
594 2281 823 2348 portabit
889 2281 1224 2352 iniquitatem
1292 2283 1395 2351 ﬁlii
1434 2283 1541 2339 sui.
1583 2281 1785 2338 Eadem
1839 2299 2032 2340 rursus

454 2370 696 2439 apertius
753 2369 1103 2441 breviterque
1158 2370 1460 2426 declaravit
1499 2389 1512 2425 :
1546 2391 1564 2424 ι
1615 2372 1843 2426 iustitia
1896 2374 2032 2443 justi

453 2475 620 2530 super
654 2475 778 2514 cum
829 2460 958 2525 erit,
1001 2469 1056 2514 et
1093 2460 1358 2531 iniquitas
1419 2461 1593 2531 iniqui
1635 2477 1804 2531 super
1850 2463 2030 2532 ipsum

452 2554 578 2606 erit.
622 2571 640 2604 ι
677 2550 831 2622 Saepe
860 2552 1048 2607 eadem
1079 2554 1298 2622 repetit,
1320 2568 1444 2606 cum
1479 2553 1610 2608 velit
1645 2554 1698 2607 in
1732 2555 1898 2624 812
1934 2570 2032 2610 au-

451 2644 732 2698 dientibus
762 2658 950 2698 eorum
986 2643 1225 2699 stabiliri
1260 2643 1600 2698 memoriam.

523 2825 692 2880 Vens.
742 2825 832 2888 Ἡ,
859 2825 950 2877 22.
999 2823 1065 2877 Et
1109 2824 1344 2895 iniquus,
1375 2825 1421 2877 si
1470 2839 1707 2878 rerersus
1761 2824 1919 2892 fuerit
1955 2823 2020 2877 ab

452 2916 693 2970 omnibus
725 2913 1092 2983 iniquitatibus
1119 2913 1231 2966 suis
1265 2928 1398 2982 quas
1430 2910 1578 2980 luit,
1605 2921 1656 2966 et
1684 2912 2029 2967 sustodivcrit

452 3007 630 3062 omnia
675 3006 932 3059 mandata
983 3014 1196 3066 mea,et
1232 3003 1414 3072 fecerit
1460 3003 1724 3072 judicium
1774 3014 1822 3059 et
1853 3004 2024 3070 justi—

453 3101 605 3164 tiam,
637 3107 685 3152 st
717 3095 1159 3158 misericordiam,
1198 3097 1306 3149 vita
1355 3095 1486 3149 vivet
1517 3104 1566 3148 et
1601 3111 1702 3148 non
1748 3097 2022 3149 morietur.

453 3189 648 3243 Omnia
693 3199 868 3240 autem
922 3185 1116 3239 delicta
1162 3184 1298 3254 ejus,
1330 3201 1656 3255 qurrcunque
1715 3184 1872 3254 fecit,
1924 3203 2026 3239 non

451 3278 1003 3334 commemorabuntur
1037 3277 1085 3330 ei
1117 3293 1134 3330 :
1164 3278 1218 3330 in
1258 3276 1479 3346 justitia
1519 3293 1641 3338 sua,
1681 3291 1836 3346 quam
1878 3276 2025 3345 [ecit,

449 3374 598 3426 vivet.
651 3370 882 3424 Tantum
936 3369 1110 3433 abest,
1159 3367 1357 3437 inquit,
1394 3375 1453 3420 ut
1510 3367 1580 3422 ab
1635 3369 1745 3422 alio
1780 3383 1879 3437 pro
1918 3369 2027 3423 alio

451 3479 643 3533 poenas
672 3477 976 3531 reposcam,
1008 3469 1067 3515 ut
1099 3462 1265 3515 etiam
1300 3459 1475 3528 ipsum
1508 3459 1644 3530 legis
1675 3461 2022 3528 violatorem,

449 3555 702 3624 quamvis
756 3549 966 3606 inﬁnita
1033 3552 1277 3605 facinora
1327 3553 1575 3620 patrarit,
1623 3554 1669 3608 si
1715 3563 1898 3611 tamen
1936 3557 2027 3612 ille

450 3647 726 3716 pwnitens
763 3645 1051 3713 resipiscat
1081 3651 1134 3697 et
1161 3643 1391 3712 justitiae
1422 3645 1538 3697 vias
1589 3647 1843 3716 persequi
1874 3647 2027 3702 insti-

453 3749 592 3803 tuat,
620 3747 674 3792 et
699 3736 966 3806 accipiam
999 3744 1052 3787 et
1080 3735 1193 3787 vita
1252 3734 1478 3803 dignum
1510 3751 1787 3791 censeam.
1821 3737 2026 3794 Deinde

449 3829 726 3897 prapriam
758 3826 1054 3881 bonitatem
1090 3825 1354 3878 declarat.

519 4014 683 4067 Vens.
709 4013 797 4065 ‘25.
825 4010 1075 4082 Nunquid
1107 4011 1377 4066 voluntate
1407 4014 1556 4066 velim
1592 4025 1809 4068 mortem
1834 4016 2020 4087 iniqui,

445 4107 575 4160 dicit
617 4104 826 4159 Adonei
873 4103 1159 4169 Dominus,
1196 4107 1334 4159 sicut
1397 4108 1627 4160 converti
1659 4108 1832 4176 ipsum
1868 4127 1899 4163 a
1938 4111 2025 4164 via

444 4216 544 4254 sua
589 4198 755 4259 mala,
793 4207 840 4250 et
875 4197 1044 4263 ipsum
1095 4198 1305 4253 viuere?
1353 4196 1470 4250 Non
1513 4211 1781 4267 mortem,
1822 4201 2019 4270 inquit.

448 4287 644 4355 iniqui,
695 4287 789 4343 sed
828 4287 1204 4356 pceniteutiam
1266 4288 1428 4356 cupio
1469 4305 1481 4340 :
1517 4303 1696 4358 neque
1761 4291 1908 4344 enim
1965 4301 2023 4346 ut

2145 554 2302 621 κίαις
2334 556 2440 610 τοῦ
2464 557 2688 626 πατρὸς
2716 561 2924 627 αὑτοῦ,
2953 564 3115 618 ἀλλὰ
3144 563 3256 635 ζωῇ
3293 565 3554 635 ζήσεται.
3590 571 3725 624 (lth

2143 645 2252 715 γὰρ
2297 645 2525 712 δίκαιον,
2575 650 2765 704 τοῦτον
2805 653 2946 726 ὑπὲρ
2979 655 3080 726 τῆς
3121 658 3330 713 ἐκείνου
3381 663 3727 731 παρανομίας

2143 737 2566 810 εἰσπράττεσθαι
2593 742 2768 808 δίκας.

2218 836 2308 900 ιη’,
2342 829 2428 887 ιθ’.
2474 833 2530 886 Ὁ
2551 834 2595 867 ³⁸
2623 835 2905 905 δεπατὴρ
2927 839 3135 906 αὐτοῦ,
3159 841 3344 912 φησὶν,
3363 842 3573 913 ἐπειδὴ
3599 847 3728 901 θλί-

2142 925 2245 992 ψει
2277 925 2511 993 tempe,
2541 927 2639 980 καὶ
2693 928 2976 998 ἅρπαγμα
3030 931 3301 999 ἥρπασε,
3340 935 3438 990 καί
3483 937 3728 991 ἐναντία

2140 1014 2433 1083 ἐποίησεν
2479 1018 2550 1071 ἐν
2595 1019 2766 1088 μέσῳ
2819 1021 2924 1075 τοῦ
2962 1024 3138 1088 λαοῦ,
3191 1027 3290 1078 καί
3328 1026 3628 1081 ἀπέθανεν
3658 1030 3728 1082 ἐν

2141 1105 2215 1173 τῇ
2245 1106 2444 1175 ἀδικίᾳ
2475 1110 2681 1164 αὐτοῦ.
2719 1113 2829 1165 Καί
2864 1113 3090 1180 εἴπατε,
3133 1117 3195 1171 Ii
3224 1119 3337 1171 οὐκ
3362 1118 3579 1174 ἔλασεν
3624 1126 3656 1175 ό
3679 1123 3725 1154 ’⁸⁸

2140 1197 2272 1262 υίὸς
2318 1197 2434 1266 τὴν
2477 1199 2717 1257 ἀδικίαν
2749 1204 2855 1259 τοῦ
2900 1207 3123 1275 πατρὸς
3168 1209 3390 1275 animi);
3443 1210 3632 1281 Ὑμεῖς
3667 1215 3725 1268 δέ

2141 1304 2307 1357 φησιν
2334 1289 2536 1356 ἀδίκως
2563 1293 2840 1363 κρίνοντες
2869 1296 3124 1366 βούλεσθε
3153 1298 3248 1352 τοῦ
3288 1302 3608 1373 παρανόμου
3633 1305 3725 1359 τὸν

2141 1380 2256 1434 υἱὸν
2289 1383 2562 1455 τιμωρίαν
2592 1386 2732 1460 ὑπὲρ
2767 1388 2862 1442 τοῦ
2910 1391 3115 1461 πατρὸς
3159 1394 3472 1464 ὑπομεῖναι,
3509 1398 3606 1451 καὶ
3631 1399 3721 1452 άλο

2139 1473 2316 1544 λήλων
2343 1477 2702 1546 πυνθάνεσθε,
2729 1481 2794 1534 Τί
2831 1482 3034 1553 δήποτε
3061 1483 3160 1550 τὰς
3186 1485 3280 1539 τοῦ
3315 1489 3520 1560 πατρὸς
3549 1508 3724 1563 παραυ

2137 1563 2332 1633 νομίας
2357 1567 2457 1620 οὐκ
2490 1567 2668 1622 ἔτισεν
2694 1587 2707 1634 ;
2745 1571 2886 1640 Ἐγὼ
2912 1573 2968 1626 δὲ
3005 1575 3132 1644 ὑμῖν
3160 1593 3322 1646 φημι,
3349 1595 3366 1628 ι
3402 1579 3570 1634 Ὅτιό
3608 1582 3722 1648 υἱὸς

2139 1657 2314 1730 κρίμα
2335 1659 2402 1725 ⁸⁸,
2449 1663 2544 1715 καὶ
2565 1663 2934 1737 δικαιοσύνην,
2965 1667 3059 1720 καὶ
3090 1667 3238 1721 ἔλεον
3267 1669 3510 1742 ἐποίησε,
3542 1671 3718 1727 πάντα

2137 1751 2206 1804 τὰ
2239 1751 2448 1822 νόμιμά
2479 1770 2581 1823 μου
2613 1758 2969 1828 συνετὴρησε,
2998 1760 3093 1812 καὶ
3131 1760 3388 1831 ἐποίησεν
3413 1764 3572 1829 αὐτὰ,
3604 1765 3716 1838 ζωῇ

2139 1840 2386 1911 ζήσεται.
2418 1863 2436 1894 ι
2483 1845 2702 1918 Ἐπειδὴ
2746 1850 2806 1902 οὐ
2840 1844 2938 1918 τὴν
2967 1851 3134 1921 αὐτὴν
3155 1851 3374 1906 ’ὥδευσε
3403 1854 3483 1924 τῷ
3529 1858 3717 1928 πατρῒ,

2137 1932 2272 1987 ἀλλὰ
2323 1938 2424 2006 τὴν
2473 1937 2612 2007 ἐμὴν
2658 1938 2774 1992 ὁδὸν
2817 1941 2915 2011 τῆς
2955 1942 3048 1995 τοῦ
3095 1943 3297 2014 πατρὸς
3327 1947 3715 2018 προετίμησεν,

2137 2023 2286 2090 ἄξιον
2312 2024 2513 2096 εὕρατο
2543 2027 2642 2097 τῆς
2671 2029 2790 2082 όδοῦ
2818 2031 2875 2084 τὸ
2905 2033 3078 2096 τέλος.

2207 2123 2274 2170 κ’.
2319 2117 2381 2172 Ἡ
2416 2117 2484 2171 δὲ
2511 2120 2682 2188 ψυχὴ
2716 2122 2754 2188 ἠ
2786 2122 3214 2192 ἁμαρτάνουσα
3242 2129 3394 2197 αὕτη
3421 2129 3463 2162 δ’
3494 2130 3717 2187 ἀποθα-

2133 2208 2340 2275 νεῖται,
2375 2215 2407 2265 ό
2443 2211 2575 2278 υίὸς
2607 2215 2680 2266 οὐ
2720 2215 2982 2283 λήψεται
3028 2219 3142 2286 τὴν
3184 2221 3424 2276 ἀδικίαν
3457 2224 3562 2279 τοῦ
3600 2243 3714 2280 πα·-

2135 2300 2274 2368 τρὸς
2301 2301 2513 2365 αὐτοῦ,
2558 2302 2701 2360 οὑδέ
2733 2307 2766 2358 d
2812 2307 3007 2377 πατὴρ
3035 2309 3296 2379 λήψεται
3336 2313 3450 2381 τὴν
3476 2313 3717 2368 ἀδικίαν

2133 2392 2242 2446 τοῦ
2271 2391 2408 2447 υίοῦ
2455 2394 2662 2449 αὑτοῦ.
2711 2397 2793 2450 Τὰ
2841 2399 2981 2453 αὐτὰ
3029 2401 3195 2455 πάλιν
3243 2405 3581 2478 σαφέστερον
3615 2410 3711 2461 καὶ

2135 2485 2416 2554 συντόμως
2450 2486 2822 2558 παρεδήλωσε·
2863 2509 2880 2540 ι
2915 2492 3241 2563 Δικαιοσύνη
3268 2494 3477 2550 δικαίου
3513 2499 3600 2551 ἐπ’
3625 2500 3715 2553 aii-

2131 2573 2222 2626 τὴν
2265 2574 2438 2640 ἔσται,
2477 2578 2572 2630 καὶ
2619 2579 2819 2650 ἀνομία
2871 2582 3075 2652 ἀνόμου
3129 2584 3216 2638 ἐπ’
3260 2587 3423 2640 αὑτὸν
3471 2588 3642 2643 ἔσται.
3687 2611 3707 2641 ι

2132 2665 2400 2730 Πολλάκις
2429 2665 2496 2720 τά
2525 2667 2667 2722 αὐτὰ
2693 2669 2861 2738 λέγει,
2892 2671 3117 2741 βεϐαίαν
3152 2676 3330 2730 αὐτῶν
3358 2678 3456 2750 τὴν
3493 2683 3713 2752 μνήμην

2132 2759 2190 2810 ὲν
2221 2759 2332 2820 τοῖς
2361 2759 2622 2814 ἀκούουσι
2652 2762 2905 2830 γενέσθαι
2942 2765 3286 2838 βουλόμενος.

2199 2855 2307 2910 κα’,
2343 2849 2445 2920 κβ’.
2475 2851 2586 2904 Καὶ
2619 2854 2652 2906 d
2679 2851 2901 2922 ἄνομος
2929 2855 3038 2908 ἐὰν
3067 2858 3402 2930 ἐπιστρέψῃ
3427 2862 3472 2893 ⁸³
3501 2863 3568 2916 ἐκ
3603 2881 3713 2917 πα-

2130 2932 2260 2987 σῶν
2288 2935 2410 2990 τῶν
2432 2938 2696 3008 ἀνομιῶν
2735 2943 2922 2998 αὐτοῦ
2960 2939 3045 2999 ὦν
3081 2947 3350 3014 ἐποίησε.
3390 2953 3486 3006 καί
3517 2954 3710 3022 φυλά-

2131 3023 2303 3092 ξηται
2327 3027 2531 3096 πάσας
2569 3030 2674 3097 τὰς
2710 3032 2965 3100 ἐντολάς
3005 3055 3145 3105 μου,
3189 3041 3285 3093 καί
3317 3044 3542 3114 ποιήσῃ
3585 3047 3710 3114 κρί-

2055 3140 2111 3202 ο
2126 3132 2229 3184 μα,
2258 3117 2356 3170 καί
2383 3117 2802 3188 δικαιοσύνην,
2827 3125 2925 3178 καὶ
2957 3126 3151 3192 ἔλεον,
3183 3128 3295 3200 ζωῇ
3320 3132 3578 3201 ζὸἓσεται,
3613 3135 3710 3189 ναί

2129 3209 2202 3260 οὐ
2224 3207 2311 3276 μὴ
2346 3209 2642 3280 ἀποθάνῃ.
2690 3214 2894 3270 Πάντα
2935 3217 3003 3272 δὲ
3047 3225 3484 3293 παραπτώματα
3525 3226 3708 3280 αὐτοῦ

2129 3298 2246 3352 ὅσα
2300 3301 2608 3369 ἐποίησεν,
2663 3309 2736 3359 οὺ
2782 3311 3198 3377 μνησθήσεται
3241 3316 3472 3380 abab"
3517 3320 3587 3371 ἐν
3636 3318 3712 3389 τῇ

2128 3389 2485 3461 δικαιοσύνῃ
2518 3397 2726 3463 αὑτοῦ,
2768 3397 2806 3466 ᾖ
2839 3401 3108 3469 ἐποίησε,
3149 3403 3405 3474 (vicena.
3444 3408 3710 3466 Τοσοῦτον

2128 3481 2203 3547 δὲ,
2234 3484 2421 3554 φησὶν,
2454 3486 2642 3558 ἀπέχω
2675 3488 2766 3542 τοῦ
2791 3491 2946 3557 δίκας
2977 3495 3161 3567 ἕτερον
3201 3499 3340 3569 ὑπὲρ
3381 3501 3570 3570 ἐτέρου
3598 3505 3709 3555 είσ-

2129 3574 2357 3645 πράξαι,
2393 3576 2476 3629 ὅτι
2504 3580 2596 3632 καὶ
2623 3581 2788 3636 αὐτὸν
2810 3583 2898 3637 τὸν
2931 3587 3253 3658 παραϐάτην
3275 3591 3368 3643 τοῦ
3394 3594 3580 3663 νόμου,
3606 3595 3708 3648 κᾶν

2130 3669 2334 3738 μυρίας
2361 3672 2702 3741 παρανομίας
2740 3677 3061 3747 ἐργάσηται,
3095 3682 3584 3754 μεταϐαλλόμενον,
3617 3689 3708 3742 καὶ

2130 3759 2466 3830 μεταμελείᾳ
2501 3761 2800 3831 χρώμενον,
2835 3768 2926 3818 καὶ
2954 3769 3053 3837 τὴν
3081 3769 3182 3838 τῆς
3213 3770 3558 3842 δικαιοσύνης
3586 3773 3703 3827 ὁδὸν

2128 3847 2578 3918 προαιρούμενον,
2622 3853 2716 3905 καὶ
2741 3853 2982 3925 δέξομαι,
3017 3859 3110 3910 καὶ
3141 3858 3286 3932 ζωῆς
3312 3862 3560 3927 ἀξιώσωο
3585 3861 3704 3918 εἶτα

2125 3935 2225 4004 τὴν
2259 3937 2467 3990 οἰκείαν
2499 3939 2812 4014 ὰγαθότητα
2845 3947 3170 4016 παραδηλοῖ.

2198 4035 2301 4096 κγ’.
2347 4031 2428 4084 Οὐ
2459 4033 2501 4064 δ’
2531 4033 2616 4102 μὴ
2644 4037 2889 4105 θελήσει
2916 4041 3154 4106 θελήσω
3179 4045 3287 4098 τὸν
3310 4047 3571 4103 θάνατον
3596 4051 3702 4104 τοῦ

2125 4119 2353 4188 ἀνόμου
2377 4123 2439 4189 δ’,
2487 4125 2646 4195 λέγει
2691 4129 2928 4185 Ἀδωναῒ
2960 4135 3190 4202 Κύριος.
3220 4138 3300 4203 ὡς
3340 4139 3404 4192 τὸ
3442 4140 3703 4208 ἐπιστρέ-

2125 4212 2236 4276 ψαι
2290 4214 2478 4267 αὐτὸν
2513 4217 2580 4268 ἐκ
2620 4218 2662 4248 ⁸⁷
2708 4218 2817 4288 τῆς
2851 4222 2992 4277 ὀδοῦ
3040 4227 3226 4281 αὑτοῦ
3263 4228 3373 4298 τῆς
3414 4233 3698 4303 πονηρᾶς.

2126 4301 2224 4354 καί
2259 4301 2431 4369 ζῆσαι
2473 4308 2691 4371 αὺτόν;
2727 4312 2800 4362 Οὐ
2836 4313 2926 4364 τὸν
2963 4314 3214 4384 θάνατον,
3263 4323 3418 4392 φησὶ,
3455 4325 3545 4376 τοῦ
3566 4301 3700 4380 ⁷ιίινό-

448 4381 698 4450 punirem
745 4379 1028 4432 hominum
1074 4386 1329 4431 naturam
1376 4380 1586 4442 creavi,
1637 4380 1733 4434 sed
1783 4389 1842 4435 ut
1894 4397 2020 4436 cunt

2130 4407 2229 4460 μου
2257 4393 2392 4446 ἀλλὰ
2419 4395 2514 4467 τὴν
2549 4399 2840 4467 μετάνοιαν
2867 4405 3014 4457 ποθῶ
3031 4422 3044 4437 ο
3070 4407 3190 4460 οὐδὲ
3211 4409 3320 4480 γὰρ
3349 4411 3433 4464 ἵνα
3463 4414 3695 4481 κολάσω,

445 4484 508 4521 ea
550 4467 716 4520 vitam
770 4464 1261 4520 communicarem.
1311 4464 1379 4517 Et
1437 4468 1604 4521 rebus
1652 4469 1818 4522 verba
1861 4472 2018 4526 testi-

2130 4485 2232 4537 τῶν
2277 4485 2375 4538 ἀνθ
2385 4487 2581 4556 ρώπων

445 4558 689 4612 monium
747 4554 886 4609 dant
939 4554 1272 4624 :siquidem
1331 4570 1509 4626 neque
1562 4559 1858 4627 prophetas
1917 4576 2020 4616 suo

444 4649 668 4704 numine
697 4646 958 4711 amasset,
981 4653 1078 4700 aut
1113 4647 1397 4716 apostolos
1429 4649 1689 4711 misisset,
1709 4660 1762 4705 et
1783 4654 2018 4724 scriptas

443 4745 590 4813 leges
622 4740 941 4796 tradidisset
963 4779 979 4804 ,
1015 4740 1479 4811 pollicereturque
1521 4742 1684 4809 bona,
1715 4753 1768 4799 et
1813 4748 2020 4816 gehen-

443 4852 568 4890 nam
598 4836 918 4899 minaretur,
945 4833 994 4890 si
1025 4833 1223 4903 punire
1249 4841 1480 4902 cuperet
1508 4853 1520 4889 :
1545 4837 1640 4890 sed
1675 4840 2019 4906 permisisset

445 4926 695 4980 homines
723 4923 1327 4995 eoierri,quocunque
1367 4925 1589 4980 vellent.
1626 4925 1783 4982 Nunc
1831 4939 2014 4985 autem

442 5017 628 5069 oninia
661 5017 774 5070 haec
805 5013 993 5070 facere
1040 5023 1378 5084 perseverat,
1404 5024 1463 5069 ut
1507 5019 1576 5071 ab
1610 5018 1677 5072 iis
1723 5021 2009 5076 calamita-

443 5107 612 5170 tibus,
644 5119 783 5175 quas
830 5107 1076 5162 minatus
1105 5115 1212 5169 est,
1249 5106 1464 5164 liberet.
1491 5109 1629 5166 Esse
1667 5121 1856 5168 autem
1896 5130 2018 5184 quae

443 5196 705 5252 dicuntur
754 5209 866 5252 non
919 5197 1101 5253 solum
1134 5197 1326 5262 verba,
1365 5200 1464 5255 sed
1507 5215 1619 5266 res,
1657 5217 1782 5273 qute
1813 5206 2015 5274 partim

2619 4491 2718 4560 τὴν
2765 4493 2926 4560 φύσιν
2973 4497 3403 4571 ἐδημιούργησα,
3453 4506 3566 4558 ἀλλ’
3612 4508 3697 4561 ίνα

2127 4569 2272 4641 ζωῆς
2295 4575 2507 4643 μεταδῶ
2527 4594 2538 4606 °
2571 4583 2843 4650 μαρτυρεῖ
2865 4582 2918 4635 δὲ
2947 4588 3058 4646 τοῖς
3082 4569 3260 4656 λόγοις
3285 4569 3352 4645 τὰ
3377 4594 3692 4664 πράγματα·

2125 4664 2186 4715 οὐ
2221 4665 2328 4734 γάρ
2374 4665 2440 4719 ἂν
2492 4671 2797 4740 προφήταις
2849 4673 3170 4744 ἐνέπνευσε,
3225 4682 3320 4734 καὶ
3369 4684 3697 4753 ἀποστόλους

2127 4756 2436 4821 ἀπέστειλε,
2475 4758 2564 4810 καὶ
2592 4761 2903 4832 ἐγγράφους
2941 4765 3110 4820 ἔδωκε
3138 4769 3356 4839 νόμους,
3401 4775 3493 4826 καὶ
3522 4776 3701 4844 ἀγαθὰ

2127 4847 2490 4916 ὑπισχνεῖται,
2527 4851 2620 4903 καὶ
2645 4853 2870 4920 γέενναν
2902 4856 3134 4922 ἀπειλεῖ,
3163 4861 3410 4926 κολάζειν
3439 4865 3483 4897 ⁸⁸
3518 4865 3702 4935 βουλό-

2129 4955 2287 5009 μενος¹
2307 4956 2319 4968 ·
2347 4939 2460 4992 ἀλλ’
2488 4943 2669 4996 είασεν
2695 4944 2760 4998 ἂν
2782 4948 2904 5009 τοὺς
2931 4948 3269 5020 ἀνθρώπους,
3297 4954 3372 5017 ὡς
3394 4955 3457 5008 ἂν
3480 4955 3698 5019 θέλωσι,

2126 5028 2416 5098 φέρεσθαι·
2454 5032 2548 5087 νῦν
2580 5034 2636 5088 δὲ
2682 5035 2852 5090 ταῦτα
2886 5039 3064 5094 πάντα
3103 5043 3338 5099 διατελεῖ
3376 5048 3567 5111 ποιῶν,
3615 5049 3702 5102 ἴνα

2124 5116 2231 5169 τῶν
2291 5120 2672 5192 ἠπειλημὲνων
2724 5124 3064 5200 ἐλευθερώσῃ
3122 5130 3348 5187 δεινῶν·
3397 5137 3480 5190 ὅτι
3530 5135 3587 5190 δὲ
3639 5137 3701 5188 οὐ

2123 5208 2270 5278 λόγοι
2303 5211 2464 5280 μόνον
2493 5214 2562 5269 τὰ
2590 5217 2876 5288 εἰρημένα,
2906 5221 3042 5275 ἀλλὰ
3076 5222 3141 5278 τά
3163 5225 3210 5256 ⁸⁸
3241 5227 3564 5300 πράγματα,
3606 5228 3702 5283 καὶ

1745 5361 1979 5418 VARUE
2024 5364 2430 5428 LECTIONES.

516 5471 780 5563 1"tftllit‘errv
807 5469 1303 5563 εριιιίῇιξίχηρεςὲ
1369 5491 1509 5563 reis.
1579 5476 1642 5530 18
1680 5487 1733 5530 et
1787 5480 1871 5563 lii.
1948 5483 2135 5563 ’δοότς-
2167 5488 2354 5563 αὑτοῦ.
2413 5492 2489 5545 Ita
2541 5508 2756 5563 quoque
2791 5497 2855 5550 A.
2900 5498 3044 5554 etB.
3121 5501 3164 5532 ⁸³
3200 5519 3232 5554 κ

463 5543 603 5612 apud
645 5539 807 5616 LXX,
839 5548 906 5616 et.
935 5541 1086 5616 in_A.
1123 5541 1207 5616 _“
1241 5539 1400 5613 αὕτη.
1446 5544 1771 5616 itaquoque
1803 5550 1903 5612 A.;
1949 5555 2042 5606 sed
2076 5555 2113 5606 Β
2151 5557 2278 5609 αὑτί

446 5609 917 5708 ἑτξὲίῖῗέέὶηςβ
946 5612 1085 5708 ‘i‘f’f;
1123 5609 1764 5708 ⁰⁸Ξ;.Ξ¹ἑ¹“¹..ἒ)ίδξ;ζ-ἶ⁸
1793 5619 1866 5708 9°
1893 5609 2031 5708 “es:
2058 5627 2207 5708 ,θρειά
2251 5609 2757 5708 Ψίκῖεῖὲιῆἒνὲιῖ
2793 5609 3260 5708 mir-"535.:
3295 5643 3378 5697 ἀν.

954 5682 998 5712 ⁸⁷
1023 5683 1376 5754 ὲκ-πονηρ,
1432 5683 1553 5741 Des.
1595 5702 1781 5756 supra,
1817 5689 1852 5742 Ι.
1891 5707 1938 5745 c.
1980 5695 2070 5748 ubi
2103 5682 2240 5766 'icg.
2279 5682 2510 5772 επὶξτὶτὶζ
3024 5682 3176 5764 ur:
3214 5682 3415 5767 nitida

448 5697 498 5749 γε.
532 5677 876 5749 ἁμάρτῶλοῦ.

446 5748 651 5806 Desit:
686 5749 725 5802 Β
745 5767 757 5780 ·

2256 5505 2354 5542 που.
2413 5502 2489 5545 tta
2541 5508 2756 5563 quoque
2791 5502 2855 5550 Α.
2900 5502 3044 5554 etB.
3121 5502 3164 5532 ⁸¹
3200 5502 3372 5572 κρίμα
3405 5503 3516 5555 καί.
3570 5502 3692 5559 Des.

2256 5559 2310 5628 ῄ.
2371 5571 2447 5613 ιιι.
2505 5563 2667 5626 infra,
2705 5568 2758 5618 in
2795 5565 3112 5624 Erau.dia|.
3149 5572 3205 5625 2.
3279 5573 3324 5604 “
3380 5572 3508 5627 nec.
3569 5575 3693 5628 lect.

3419 5642 3616 5712 Supra,
3656 5644 3691 5696 Ι.

3422 5733 3456 5766 ι.
3539 5715 3691 5766 δυτά.
