4116 6406
376 357 476 419 981

1511 364 1589 423 ΙΝ
1629 365 2076 429 EZECIIIELIS
2101 370 2259 432 CAP.
2284 374 2424 434 ΧΙΧ

3541 382 3646 444 982

376 469 457 522 Τὰ
488 467 899 539 συμϐησόμενα,
944 469 1100 538 φησι,
1133 468 1211 540 τῷ
1245 469 1339 522 τοῦ
1376 471 1595 543 Ἰσραὴλ
1630 473 1861 542 βασιλεῖ,
1893 476 1962 528 δι’

2083 483 2178 535 ia?
2204 479 2337 546 Quae
2373 490 2642 538 eventura
2695 483 2831 546 sint,
2883 485 3084 556 inquit,
3117 487 3230 558 regi
3283 485 3520 550 lsraelis,
3545 505 3645 558 per

373 553 449 613 ὦν
474 561 639 614 αὑτὸν
671 559 910 630 θρηνεῖς,
936 561 1362 632 προαγόρευσον.
1396 565 1631 619 Βασιλέα
1652 566 1708 618 δὲ
1745 568 1961 638 Ἰσραὴλ

372 655 434 708 οὐ
467 653 559 707 τὸν
589 655 646 706 ὲν
691 654 976 725 Σαμαρείᾳ
1027 655 1338 724 καθήμενον
1391 657 1579 725 λέγει’
1634 659 1801 712 πάλαι
1851 661 1960 733 γὰρ

373 747 556 817 εκείνη
591 745 860 815 κατελύθη
887 747 919 816 ή
951 745 1196 815 βασιλεία
1221 765 1234 777 ·
1285 749 1420 802 ἀλλὰ
1449 749 1540 803 τὸν
1571 751 1629 802 ὲν
1655 754 1718 822 τῇ
1765 752 1963 822 Ἰερου-

375 837 577 906 σαλήμ.
618 838 844 891 Πάντων
890 837 999 907 γὰρ
1031 838 1142 890 τῶν
1175 841 1476 910 τηνικαῦτα
1521 842 1962 911 ὑπολειφθέντων

374 930 402 981 ὁ
432 927 527 980 τοῦ
565 927 738 980 Ἰούδα
775 928 1025 998 βασιλεὺς
1065 928 1347 983 ὲὸασιλευε
1373 949 1384 960 -
1437 932 1718 984 καὶτοῦτο
1756 935 1961 1004 ήμᾶςή

374 1023 612 1092 τετάρτη
643 1021 884 1075 διδάσκει
923 1022 1032 1075 τῶν
1061 1022 1375 1088 Βασιλειῶν,
1411 1025 1505 1077 καὶ
1554 1027 1660 1078 τῶν
1697 1025 1966 1096 Παραλειο

379 1115 630 1184 πομένων
657 1117 690 1184 ἠ
716 1115 970 1187 δευτέρα.
992 1116 1236 1183 Μητέρα
1269 1117 1326 1170 δὲ
1377 1118 1483 1172 τοῦ
1506 1119 1819 1184 ,ϐασιλέως
1867 1119 1964 1190 τὴν

391 1207 746 1279 Ἰερουσαλὴμ
773 1208 1217 1281 προσηγόρευσεν
1239 1233 1253 1244 -
1288 1211 1496 1264 ἐκεῖθεν
1518 1211 1626 1279 γὰρ
1651 1215 1699 1264 oi
1727 1211 1967 1282 βασιλεῖς

380 1299 650 1368 ὡρμῶντο
679 1316 692 1329 '
712 1299 964 1354 λέαιναν
987 1300 1044 1353 δὲ
1079 1301 1247 1372 αὐτὴν
1293 1302 1464 1361 καλεῖ,
1510 1305 1570 1356 οὐ
1611 1303 1697 1356 διὰ
1725 1304 1784 1356 τὸ
1816 1303 1967 1371 βασι-

379 1391 529 1445 λικὸν
562 1392 721 1462 μόνον
749 1392 848 1462 τῆς
875 1393 1102 1456 πόλεως,
1139 1394 1276 1447 ἀλλὰ
1311 1395 1406 1448 καὶ
1441 1395 1529 1448 διὰ
1551 1396 1652 1466 τὴν
1681 1395 1779 1449 τοῦ
1800 1395 1967 1466 ἤθους

379 1484 720 1556 θρασύτητα.
780 1504 797 1536 ι
837 1484 924 1537 Ἐν
957 1485 1108 1555 μέσῳ
1135 1485 1366 1538 λεόντων
1410 1486 1649 1558 ἐνεμήθη
1673 1487 1739 1540 ".
1780 1506 1796 1536 ι
1845 1486 1967 1539 Τῶν

380 1577 584 1647 κύκλῳ,
621 1578 774 1646 φησι,
823 1577 1086 1647 βασιλέων
1136 1578 1374 1647 ἐζήλωσε
1411 1580 1501 1632 τὸν
1548 1579 1766 1649 τρόπον.
1825 1599 1842 1630 ι
1881 1580 1968 1632 Ἐν

384 1670 536 1741 μέσῳ
580 1669 812 1722 λεόντων
859 1669 1126 1740 ἐπλήθυνε
1182 1673 1456 1741 σκύμνους
1503 1672 1669 1726 αὑτοῦ
1688 1673 1753 1727 ⁸⁸.
1788 1691 1805 1721 ι
1865 1673 1970 1744 Ση-

2065 585 2188 638 quae
2213 586 2337 625 eum
2384 573 2558 644 luges,
2595 575 2898 644 prtedicito.
2933 575 3137 648 Regem
3181 587 3364 633 autem
3401 581 3644 644 lsraelis,

2065 678 2174 718 non
2204 680 2329 720 eum
2357 667 2448 734 qui
2479 667 2532 720 in
2573 667 2823 722 Samaria
2853 669 3150 734 residebat,
3181 669 3337 736 dicit,
3369 669 3646 740 siquidem

2065 770 2297 825 regnum
2333 757 2462 812 illud
2497 760 2705 830 pridem
2744 776 2998 816 eversum
3033 763 3233 826 fuerat,
3265 763 3359 818 sed
3391 779 3517 818 eum
3551 763 3647 832 qui

2067 848 2121 900 in
2172 847 2570 921 Hierosolymis
2619 852 2744 921 jura
2791 852 2980 918 dabat,
3026 854 3281 924 intelligit
3328 872 3341 909 :
3389 853 3651 909 omnibus

2067 940 2213 992 enim
2242 941 2337 1010 qui
2368 952 2500 996 tunc
2528 943 2725 1013 reliqui
2752 945 2969 1000 fuerant
2997 962 3089 1002 rex
3123 945 3276 1002 Iuda:
3308 945 3648 1016 imperabat;

2069 1030 2217 1100 quod
2279 1047 2379 1088 nos
2421 1042 2475 1088 et
2521 1043 2756 1105 quartus
2816 1038 2978 1092 docet
3027 1038 3342 1108 Regnorum
3391 1038 3552 1100 liber,
3594 1045 3651 1091 et

2069 1120 2530 1192 Paralipomenon
2557 1126 2861 1182 secundus.
2885 1127 3113 1182 Matrem
3139 1137 3323 1183 autem
3358 1130 3492 1200 regis
3525 1129 3652 1184 Hic-

2069 1215 2406 1286 rosolymam
2453 1219 2819 1289 nuncupavit,
2872 1234 2999 1274 cum
3058 1221 3214 1275 illinc
3266 1237 3425 1291 reges
3485 1220 3653 1291 proﬁ-

2070 1306 2432 1362 ciscerentur.
2478 1309 2799 1366 Etiamnum
2859 1313 3038 1382 ipsam
3078 1321 3258 1377 vocat,
3307 1329 3417 1368 non
3471 1314 3653 1368 solum

2071 1406 2296 1466 prapter
2327 1399 2483 1454 urbis
2532 1402 2741 1470 regiam
2774 1401 3149 1466 nobilitatem,
3180 1401 3273 1457 sed
3326 1400 3488 1455 etiam
3529 1414 3655 1469 pro-

2072 1500 2192 1558 pter
2223 1505 2438 1544 morum
2466 1493 2779 1546 audaciam.
2813 1513 2830 1544 ι
2869 1495 2928 1548 In
2957 1492 3139 1549 medio
3165 1493 3386 1548 leonum
3421 1492 3590 1562 pavit.
3631 1509 3650 1541 ι

2073 1580 2308 1651 Regum,
2344 1583 2546 1653 inquit,
2581 1585 2673 1654 qui
2711 1586 2764 1638 in
2803 1585 3042 1640 circuitu
3077 1585 3257 1646 erant,
3287 1599 3469 1638 mores
3494 1597 3658 1637 temu-

2071 1674 2183 1728 lata
2225 1685 2329 1730 est.
2371 1695 2387 1728 ι
2426 1675 2482 1728 lu
2519 1677 2702 1732 medio
2740 1677 2963 1732 leonum
3009 1677 3404 1748 multiplicavit
3441 1675 3657 1730 catulos

386 1758 568 1830 μαίνει
594 1759 649 1812 δὲ
679 1759 748 1813 τὰ
786 1758 922 1829 μετὰ
950 1759 1040 1812 τδν
1081 1760 1292 1814 Ἰωσίαν
1329 1762 1613 1830 συμϐάντα
1640 1779 1652 1792 ο
1710 1763 1970 1835 τέτταρες

2083 1779 2229 1818 suos.
2277 1783 2296 1816 ι
2343 1766 2630 1836 Signiﬁcat
2672 1776 2854 1822 autem
2891 1783 2954 1822 ea
2989 1783 3110 1838 quae
3152 1775 3277 1837 post
3326 1765 3531 1822 Josiaiu
3565 1781 3657 1820 ac-

383 1849 496 1920 γὰρ
530 1848 769 1918 βασιλεῖς
795 1851 851 1902 ὲν
885 1849 1052 1920 ὀλίγῳ
1069 1849 1114 1882 ⁸⁸
1151 1851 1252 1921 τῆς
1289 1854 1648 1926 Ἰερουσαλὴμ
1672 1856 1967 1927 ἡγήσαντο,

2083 1858 2350 1913 cideruut.
2373 1861 2626 1924 Quatuor
2655 1863 2802 1916 enim
2826 1878 2985 1933 reges
3005 1863 3154 1917 brevi
3191 1869 3437 1931 tempore
3462 1859 3658 1913 Hiero-

398 1939 644 2011 Ἰωάχαζ,
682 1941 955 2010 Ἰωακεὶμ,
993 1942 1268 2012 Ἰεχονίας,
1307 1945 1577 2010 Σεδεκίας.

453 2122 523 2190 γ’,
552 2121 614 2176 δ’.
659 2125 768 2177 Καὶ
801 2125 1201 2194 ἀπεπήδησεν
1243 2123 1330 2194 εἷς
1377 2130 1495 2181 τῶν
1537 2131 1826 2198 σκύμνων
1867 2135 1974 2187 αὺ-

385 2213 528 2280 τῆςο
569 2216 728 2270 λέων
767 2215 1025 2286 ἐγένετο,
1072 2219 1169 2273 καὶ
1205 2218 1424 2288 ἔμαθεν
1465 2221 1745 2288 ἁρπάζειν
1781 2224 1974 2294 ἀρπά-

386 2325 598 2375 γματα,
649 2309 1001 2378 ἀνθρώπους
1046 2311 1290 2381 ἔφαγεν.
1347 2315 1457 2368 Καὶ
1502 2313 1734 2383 ἤκουσε
1777 2317 1910 2385 περὶ
1927 2318 1972 2350 ⁸³

384 2400 572 2456 αὑτοῦ
605 2402 772 2469 ἔθνη,
805 2405 902 2458 καὶ
933 2404 1290 2473 συνελήφθη
1330 2406 1400 2459 ἐν
1444 2405 1516 2475 τῇ
1546 2407 1838 2478 διαφθορᾷ
1868 2413 1973 2464 αὑ-

385 2490 493 2546 τοῦ
511 2493 575 2556 ⁵⁸,
617 2494 716 2547 καὶ
749 2493 978 2564 ἤγαγον
1009 2495 1196 2549 αὑτὸν
1225 2497 1297 2550 ἐν
1325 2496 1494 2566 κημῷ
1530 2501 1618 2565 εις
1649 2498 1767 2570 γῆν
1796 2501 1972 2569 Αίγύ-

392 2601 565 2640 πτου.
618 2585 726 2638 Τὸν
771 2586 1002 2657 Ἰωάχαζ
1046 2587 1228 2654 λέγει,
1271 2588 1329 2652 ὃς
1371 2589 1580 2643 Ἰωσίαν
1630 2591 1724 2644 τὶν
1765 2591 1978 2664 πατέρα

391 2677 795 2747 διαδεξάμενος,
848 2681 943 2732 καὶ
982 2681 1110 2749 περὶ
1141 2679 1200 2732 τὸ
1237 2681 1392 2734 Θεῖον
1422 2682 1646 2750 ἐγένετο
1688 2683 1976 2753 δυσσεϐὴς,

393 2769 491 2820 καὶ
543 2769 671 2835 περὶ
707 2771 833 2834 τοὺς
880 2772 1154 2839 ὑπηκόους
1199 2773 1516 2843 παράνομος
1544 2791 1555 2803 θ
1611 2774 1748 2828 ἀλλὰ
1789 2773 1979 2830 τοῦτον

389 2858 591 2930 Φαραὼ
610 2860 806 2931 Νεχαὼ
829 2862 938 2914 τῶν
960 2861 1276 2931 Αἰγυπτίων
1301 2867 1330 2918 ὁ
1362 2863 1614 2934 βασιλεὺς
1643 2865 1980 2934 δορυαλωτον

390 2950 594 3014 λαϐὼν,
642 2954 1020 3025 πεπεδημένον
1070 2957 1367 3027 εισήγαγεν
1411 2959 1492 3020 είς
1539 2956 1636 3027 τὴν
1682 2957 1978 3025 Αἴγυπτον,

392 3043 490 3097 καὶ
527 3046 643 3098 ἐκεῖ
682 3046 781 3116 τῆς
827 3049 1173 3118 παρανομίας
1226 3048 1325 3112 τὰς
1375 3048 1530 3112 δίκας
1579 3048 1783 3114 ἐξέτισε
1811 3065 1824 3080 ·
1888 3050 1983 3102 καὶ

2077 1948 2300 2019 solyune
2326 1950 2592 2006 dominati
2625 1951 3054 2018 sunt,.loacliaz,
3083 1949 3314 2015 Joacim,
3335 1949 3654 2017 Jechouias,

2078 2039 2362 2096 Sedecias.

2148 2132 2317 2186 Vens.
2359 2135 2410 2199 5,
2457 2135 2506 2188 ι.
2546 2135 2609 2189 Et
2644 2137 2844 2190 exsiliit
2894 2153 3026 2191 unus
3075 2137 3137 2191 de
3172 2135 3362 2188 catulis
3393 2135 3549 2202 ejus:
3581 2133 3660 2186 leo

2079 2224 2250 2292 factus
2277 2233 2376 2282 est,
2409 2233 2456 2278 et
2492 2225 2688 2278 dedicit
2725 2242 2908 2293 rapere
2941 2227 3187 2295 rapinas,
3219 2225 3450 2279 homines
3482 2238 3659 2277 conte-

2078 2315 2176 2367 dit.
2212 2315 2378 2385 817
2413 2314 2480 2369 Et
2507 2318 2789 2371 audierunt
2825 2318 2889 2372 de
2927 2335 2986 2372 eo
3015 2328 3215 2389 gentes,
3242 2327 3289 2371 et
3323 2317 3661 2384 comprehen-

2080 2423 2168 2461 sus
2197 2416 2278 2462 est
2304 2409 2359 2461 in
2387 2411 2723 2478 corruptione
2759 2427 2882 2476 sua,
2913 2421 2961 2464 et
2993 2409 3331 2464 adduxerunt
3365 2425 3484 2465 eum
3509 2423 3662 2462 canto

2079 2499 2133 2552 in
2194 2507 2391 2553 terram
2460 2499 2704 2571 2Egypti.
2767 2501 2842 2556 De
2896 2499 3167 2558 Joacliaso
3225 2501 3501 2572 loquitur,
3567 2499 3662 2571 qui

2081 2606 2206 2644 cum
2267 2590 2430 2646 Josite
2470 2593 2687 2662 parenti
2723 2594 3106 2660 successisset,
3158 2603 3213 2648 et
3258 2593 3310 2647 iu
3346 2590 3514 2647 Deum
3559 2591 3665 2644 iiu-

2082 2683 2228 2751 pius,
2261 2690 2317 2738 et
2348 2683 2406 2736 in
2452 2685 2556 2739 sibi
2592 2685 2874 2753 subjectos
2929 2686 3154 2756 iniquus
3192 2684 3292 2739 fuit
3336 2703 3348 2737 :
3385 2683 3479 2739 sed
3514 2684 3666 2738 hunc

2083 2771 2299 2827 Pharao
2337 2773 2556 2830 Nechao
2601 2776 2986 2848 {Egyptiorum
3022 2793 3115 2833 rex
3173 2777 3313 2833 bello
3354 2786 3576 2846 captum
3610 2784 3668 2830 et

2084 2867 2448 2934 compedibus
2481 2869 2750 2934 vinctum,
2795 2870 3102 2926 introduxit
3130 2871 3182 2924 in
3217 2869 3540 2940 Egypllllll.
3572 2869 3666 2923 ubi

2085 2953 2179 3008 ille
2214 2957 2489 3012 scelerum
2523 2973 2716 3030 poenas
2774 2960 3058 3031 persolvit.
3099 2959 3259 3026 Quod
3306 2958 3664 3032 signiﬁcavit.

2087 3059 2210 3097 cum
2250 3045 2392 3102 dixit
2438 3067 2448 3102 :
2498 3067 2516 3100 ι
2559 3048 3006 3118 Comprelieusus
3062 3057 3147 3104 est
3200 3049 3255 3104 in
3305 3049 3666 3120 corruptione
3715 3081 3719 3084 -

394 3134 553 3189 τοῦτο
581 3138 855 3206 ἐσήμανεν
890 3138 1509 3210 εἰρηκὼς,ιΣυνελήφθη
1532 3139 1591 3193 ἐν
1614 3142 1680 3210 τῇ
1710 3139 1980 3211 διαφθορᾷ

2088 3149 2208 3192 Sua.
2251 3157 2268 3190 ι
2310 3138 2514 3195 Deinde
2547 3140 2775 3210 subjicit
2812 3159 2825 3194 :

396 3226 582 3281 αὐτοῦ.
619 3248 637 3279 ι
681 3225 812 3282 Εἶτα
835 3231 1055 3300 ἐπάγει·

469 3319 610 3382 ρξ’-ζ’,
653 3319 764 3375 Kal
796 3321 955 3374 εἶδεν
990 3321 1080 3376 ὅτι
1120 3320 1396 3376 ἀπῶσται
1436 3321 1601 3376 ἀπ’⁶⁷
1629 3321 1842 3390 αὐτῆς,
1885 3321 1982 3375 καὶ

397 3413 670 3467 ἀπώλετο
709 3416 749 3481 ἡ
780 3417 1120 3482 ὑπόστασις
1153 3414 1365 3481 αὐτῆς,
1412 3414 1512 3467 καὶ
1547 3414 1763 3468 ἐλαϐεν
1790 3412 1985 3466 ἄλλον

397 3504 467 3556 ἐκ
495 3501 614 3556 τῶν
653 3506 942 3571 σκύμνων
975 3505 1166 3574 αὐτῆς
1190 3521 1202 3534 ·
1257 3503 1477 3559 λέοντα
1517 3501 1735 3567 ἔταξεν
1775 3502 1983 3556 αὐτόν.

401 3595 510 3649 Kal
532 3597 932 3664 ἀνεστρέφετο
949 3598 1020 3651 ἐν
1035 3597 1204 3673 μέσῳ
1223 3597 1489 3651 λεόντων
1511 3611 1526 3627 ο
1553 3596 1713 3649 λέων
1728 3593 1985 3663 ἐγένετο,

402 3687 502 3740 καὶ
524 3686 744 3755 ἔμαθεν
777 3688 1057 3757 ἁρπάζειν
1089 3687 1464 3757 ἁρπάγματα,
1505 3686 1603 3740 καὶ
1636 3683 1989 3754 ἀνθρώπους

403 3780 606 3850 ἔφαγε.
633 3781 740 3836 Καὶ
769 3782 1012 3850 ἐνέμετο
1039 3782 1110 3836 ἐν
1129 3780 1209 3846 τῷ
1235 3779 1443 3849 θράσει
1471 3777 1729 3841 αὐτ-οὐδ”,
1761 3777 1860 3831 καί
1882 3777 1990 3842 τὰς

404 3873 615 3937 πόλεις
654 3871 854 3926 αὐτῶν
899 3871 1264 3942 ὲξερήμωσε,
1326 3872 1424 3925 καὶ
1453 3869 1718 3939 ἠφάνισε
1743 3868 1862 3938 γῆν
1892 3867 1992 3922 καὶ

403 3963 471 4018 τὸ
502 3964 791 4034 πλήρωμα
818 3963 1006 4032 αὐτῆς
1032 3964 1150 4019 ἀπὸ
1179 3961 1384 4033 φωνῆς
1409 3961 1762 4031 ὠρυώματος
1779 3959 1986 4016 αὑτοῦ.

406 4056 512 4110 Τὸν
559 4058 812 4127 Ἰεχονίαν
870 4057 957 4111 διὰ
1004 4056 1207 4111 τούτων
1254 4055 1611 4125 παρεδήλωκε
1636 4054 1704 4118 ⁸⁸,
1755 4051 1846 4105 τὸν
1895 4050 1990 4105 τοῦ

420 4146 676 4215 Ἰωακεὶμ
715 4148 831 4200 υἱόν
861 4165 875 4178 ο
923 4147 1050 4217 περὶ
1079 4146 1188 4218 γὰρ
1217 4145 1324 4198 τῶν
1365 4143 1673 4214 γενομένων
1707 4141 1992 4213 αἰχμαλώ-

407 4249 536 4298 των,
582 4235 676 4286 καὶ
709 4235 767 4287 ὲν
807 4238 874 4306 τῇ
907 4235 1034 4307 ξένῃ
1063 4233 1375 4304 δεξαμένων
1407 4231 1502 4285 τοῦ
1536 4231 1651 4300 βίου
1701 4233 1762 4284 τὺ
1797 4230 1989 4302 πέρας,

409 4329 646 4379 ποιεῖται
671 4327 764 4380 τὸν
792 4327 950 4395 λόγον
969 4343 983 4356 ·
1027 4326 1108 4380 διὸ
1131 4325 1223 4380 τοῦ
1260 4325 1515 4395 Ἰωακεὶμ
1545 4324 1638 4376 ἐπὶ
1667 4322 1760 4376 τοῦ
1789 4322 1992 4394 παρόν-

406 4435 499 4482 τος
534 4418 633 4490 τὴν
669 4421 891 4490 μνήμην
920 4419 1210 4472 κατέλιπεν
1237 4434 1252 4449 °
1293 4420 1352 4471 ὲν
1384 4420 1450 4488 τῇ
1482 4415 1591 4487 γὰρ
1641 4413 1995 4486 Ἰερουσαλὴμ

2161 3315 2323 3373 Vens.
2367 3317 2482 3372 5-7.
2527 3316 2591 3370 Et
2635 3319 2762 3371 vidit
2797 3334 2851 3371 se
2902 3320 3165 3386 repulsam
3217 3333 3328 3371 esse
3372 3315 3436 3369 ab
3486 3332 3584 3378 ea,
3621 3325 3669 3368 et

2087 3411 2304 3477 periisse
2328 3412 2763 3479 exspectationem
2795 3412 2906 3479 ejus
2931 3427 2948 3463 :
2973 3421 3019 3462 et
3043 3411 3175 3478 cepit
3201 3409 3365 3462 alium
3385 3407 3449 3461 de
3477 3407 3669 3461 catulis

2091 3503 2222 3564 suis,
2258 3502 2454 3556 leonem
2489 3504 2761 3556 constituit
2792 3519 2930 3557 eum.
2975 3500 3039 3555 Et
3077 3500 3387 3555 versabatur
3415 3501 3466 3553 in
3501 3499 3671 3553 medio

2094 3595 2324 3660 leonum,
2374 3593 2454 3649 lca
2485 3595 2662 3665 [actus
2703 3605 2778 3650 est
2820 3605 2868 3649 et
2913 3594 3100 3648 didicit
3133 3609 3318 3664 rapere
3350 3594 3588 3658 rapinas.
3623 3600 3672 3645 et

2091 3686 2326 3741 honiines
2371 3686 2616 3742 comedit.
2653 3687 2718 3740 Et
2762 3686 3076 3755 pascebatur
3118 3687 3171 3739 in
3217 3685 3447 3739 audacia
3471 3699 3590 3744 sua.
3625 3692 3676 3737 et

2093 3779 2329 3834 civitates
2369 3796 2550 3834 eorum
2581 3781 2817 3834 desertas
2851 3780 2996 3850 fecit,
3031 3788 3079 3834 et
3106 3778 3362 3833 desolavit
3407 3786 3605 3830 terram
3626 3785 3676 3828 et

2091 3871 2468 3940 plenitudinem
2497 3873 2611 3942 ejus
2641 3890 2672 3926 α
2708 3889 2828 3928 voce
2858 3874 3064 3942 rugitus
3099 3872 3203 3926 sui.
3230 3868 3328 3925 His
3352 3866 3674 3924 Jeclioniam

2094 3962 2324 4020 Joacimi
2354 3966 2525 4020 lilium
2550 3969 2567 3986 '
2595 3966 2898 4020 declaravit
2934 3984 2947 4020 :
2983 3964 3051 4019 de
3082 3965 3148 4018 iis
3174 3964 3318 4017 enim
3349 3962 3444 4031 qui
3473 3961 3676 4030 captivi

2097 4054 2340 4117 fuerunt.
2362 4057 2483 4110 etin
2511 4070 2734 4110 externa
2757 4059 2976 4126 regione
3006 4055 3182 4110 sortiti
3213 4052 3676 4116 suutvitzeﬂnem,

2096 4147 2260 4202 verba
2309 4147 2460 4201 facit.
2506 4146 2630 4201 Ideo
2666 4145 2898 4200 Joacimi
2942 4148 2992 4199 in
3041 4144 3293 4214 praesenti
3340 4143 3673 4197 mentionem

2097 4237 2314 4302 omisit,
2363 4237 2490 4308 quia
2526 4238 2641 4307 ipse
2678 4238 2731 4290 in
2766 4236 3143 4306 Hierosolyma
3187 4235 3512 4289 interfectus
3551 4233 3672 4292 fuit.

2098 4329 2342 4385 Breviter
2372 4331 2538 4400 igitur
2561 4330 2838 4386 recensuit
2862 4328 3139 4383 Jechouize
3167 4328 3399 4390 scelera,
3428 4328 3520 4397 qui
3552 4342 3677 4380 cum

2097 4437 2196 4493 per
2231 4431 2342 4478 tres
2381 4437 2600 4478 menses
2635 4433 2688 4477 et
2717 4437 2923 4493 paucos
2947 4421 3063 4475 dies
3106 4427 3414 4489 regnasset,
3457 4415 3681 4485 injustis

407 4504 563 4573 οὗτος
623 4511 841 4577 ἐδέξατο
901 4511 1001 4579 τὴν
1055 4510 1293 4580 σφαγήν.
1365 4509 1453 4562 Ἐν
1513 4507 1764 4577 συντόμῳ
1818 4504 1980 4558 τοίνυι

2101 4511 2346 4567 caedibus
2386 4513 2576 4568 urbem
2609 4512 2922 4583 complevit.
2955 4509 3054 4564 His
3092 4517 3272 4563 autem
3313 4507 3381 4561 ab
3422 4520 3488 4561 eo
3526 4505 3681 4559 innui

407 4601 653 4671 διεξῆλθε
705 4604 804 4674 τὴν
857 4603 950 4657 τοῦ
1003 4603 1255 4672 Ἰεχονίου
1307 4600 1688 4673 παρανομίαν,
1738 4597 1798 4662 ὃς
1845 4600 1993 4668 τρεῖς

413 4695 588 4764 μῆνας
643 4695 780 4766 πρὸς
834 4694 1042 4763 ὀλίγαις
1101 4692 1424 4763 βασιλεύσας
1485 4691 1753 4763 ἡμέραις,
1817 4690 1994 4756 φόνων

2102 4623 2210 4660 ηοη
2245 4603 2576 4669 Joacimum,
2609 4606 2703 4661 sed
2747 4604 3088 4667 Jecboniam,
3142 4600 3424 4672 sequentia
3472 4606 3684 4654 testan-

2102 4703 2208 4748 tur.
2245 4695 2415 4764 818
2446 4696 2532 4748 Ait
2563 4697 2706 4750 enim
2743 4713 2756 4748 :

410 4785 618 4840 ἀδίκων
647 4785 745 4858 τὴν
781 4786 936 4841 πόλιν
966 4778 1320 4858 ἐπλήρωσεν]
1353 4785 1475 4838 Ὀτι
1525 4784 1582 4836 δὲ
1623 4783 1684 4837 οὐ
1719 4781 1810 4834 τὸν
1851 4781 2108 4854 Ἰωακεὶμ
2136 4827 2150 4848 ,
2213 4785 2348 4840 ἀλλὰ
2383 4787 2474 4840 τὸν
2540 4787 2794 4857 Ἰεχονίαν
2855 4789 2943 4842 διὰ
2979 4791 3184 4844 τούτων
3237 4789 3552 4847 αἰνίττεται,
3615 4780 3686 4832 τὰ

413 4878 728 4947 ἔπαγόμενα
763 4881 1047 4950 μαρτυρεῖ.
1079 4879 1220 4949 Φησὶ
1248 4879 1356 4948 γάρ
1376 4895 1389 4909 ’

481 4970 554 5040 η’,
585 4970 649 5025 θ’.
690 4971 798 5026 Καὶ
829 4970 1136 5025 ἐπέθετο⁷⁰
1166 4970 1258 5024 ἐπ’
1302 4969 1464 5033 αὺτῷ
1503 4968 1651 5036 ἔθνη
1699 4968 1999 5022 κυκλόθεν

413 5062 482 5116 ἐκ
513 5062 631 5118 τῶν
664 5061 890 5130 χωρῶν,
941 5063 1040 5116 καὶ
1061 5063 1105 5095 τ’
1149 5061 1527 5126 ἐξεπέτασαν
1557 5060 1651 5113 ἐπ’
1691 5059 1880 5113 αὑτὸν
1912 5057 2001 5112 δί-

415 5171 568 5208 κτυα
608 5153 842 5212 αὐτῶν.
896 5155 993 5208 καὶ
1041 5154 1113 5208 ἐν
1161 5153 1234 5222 τῇ
1274 5151 1568 5223 διαφθορᾷ
1612 5149 1810 5206 αὐτῶν
1848 5165 2000 5204 συν-

416 5245 672 5317 ελήφθη.
696 5249 804 5302 Kal
821 5249 1027 5304 ἔθεντο
1048 5248 1234 5300 αὑτὸν
1255 5248 1325 5298 ἐν
1347 5244 1539 5315 κημῷ,
1568 5244 1664 5300 καὶ
1692 5245 1762 5298 ἐν
1783 5241 1999 5312 γαλεά-
2041 5237 2044 5241 ’

2180 4961 2343 5017 Vens.
2378 4965 2432 5028 8,
2465 4963 2518 5017 9.
2573 4963 2642 5018 Et
2681 4966 2950 5018 irruerunt
2989 4982 3144 5034 super
3189 4983 3306 5020 eum
3354 4968 3580 5036 undique
3621 4984 3687 5021 ea:

2107 5056 2404 5126 regionibus
2456 5065 2660 5126 gentes,
2703 5069 2750 5110 et
2790 5056 3154 5124 expanderuut
3195 5075 3352 5129 super
3394 5076 3513 5112 eum
3555 5059 3688 5112 retia

2103 5166 2222 5211 sua,
2256 5158 2306 5201 et
2348 5149 2401 5200 in
2447 5149 2781 5214 corruptione
2823 5164 3009 5201 earum
3055 5150 3458 5218 comprehensus
3486 5158 3583 5205 est.
3622 5147 3688 5204 Et

2106 5251 2391 5308 posuerunt
2429 5255 2546 5293 eum
2589 5241 2642 5290 in
2673 5257 2842 5302 canto,
2883 5251 2932 5294 et
2965 5243 3015 5294 in
3059 5258 3236 5303 cavea,
3271 5254 3319 5296 et
3352 5242 3688 5298 adduxerunt

1713 5425 1947 5482 VARle
1989 5424 2392 5481 LECTIONES.

495 5568 708 5634 ⁸³ὲνεμ.
765 5564 893 5619 Rec.
930 5565 1057 5619 lect.
1116 5561 1367 5634 ἐγενήθη.
1426 5562 1587 5617 Hebr.
1625 5565 1873 5618 recubat.
1951 5565 1995 5594 "
2033 5565 2088 5617 Β.
2137 5562 2526 5632 αὐτῆςλιιιιιι
2585 5575 2697 5614 rec.
2754 5560 2880 5612 lect.
2961 5560 3004 5589 “
3037 5557 3118 5610 ὀλ.
3178 5554 3238 5609 Β.
3300 5553 3425 5607 add.
3485 5555 3680 5675 xfdvqa.

483 5635 629 5675 'nenl’
709 5635 816 5675 Ωιη·
875 5635 978 5675 lant
1045 5643 1125 5675 pet
1172 5633 1304 5675 vmr’,
1379 5633 1430 5664 “
1454 5635 1511 5675 ἐν
1541 5652 1586 5675 αι
1626 5634 1801 5675 8mm“,
1842 5635 1944 5675 m'r:
2009 5633 2148 5675 "phr
2202 5634 2253 5675 in
2303 5634 2444 5675 fncsn
2484 5646 2691 5675 earnm-
2738 5630 2812 5675 Ita
2849 5643 3068 5675 nllmlltf!
3126 5641 3266 5675 vers.
3429 5623 3470 5652 ⁸⁷
3549 5639 3604 5674 π.
3647 5625 3680 5675 Β

423 5622 662 5701 ⁶’”περί.’
709 5635 839 5689 Rer.
875 5635 998 5689 lect.
1045 5643 1130 5689 est
1155 5622 1308 5687 ’κα-ξ’.
1335 5622 1430 5701 '7“
1454 5635 1511 5686 ὲν
1541 5652 1590 5687 τ.
1626 5634 1806 5701 διαφθ.
1842 5635 1962 5687 αὐτ.
2009 5633 2168 5688 Hebr.
2202 5622 2446 5687 iu'fos'sa
2484 5646 2691 5684 earum.
2738 5630 2814 5683 lta
2849 5643 3068 5698 qquuc
3126 5641 3266 5701 vers.
3429 5623 3470 5652 "
3505 5622 3604 5701 diu:
3632 5622 3686 5679 ’Β

421 5707 511 5762 ἐπ.
589 5707 634 5738 ⁸⁸
673 5707 778 5760 Καὶ
814 5735 883 5746 --
921 5705 1080 5775 Θρασ.
1115 5704 1238 5758 αὐτ.

425 5797 538 5831 σιν.

1319 5700 1478 5757 Hebr.
1515 5704 1580 5757 Et
1623 5700 1879 5773 cognovit
1927 5705 2003 5760 (ὴ.
2052 5705 2086 5758 l.
2127 5705 2162 5756 i.
2212 5721 2266 5772 q.
2300 5703 2439 5773 male
2467 5701 2676 5773 habuit)
2712 5701 2904 5756 viduas
2926 5712 3134 5757 eorum-

615 5777 661 5807 "
701 5778 886 5829 tmlla
912 5770 1121 5844 Compl.
1164 5777 1288 5829 Rec.
1335 5774 1461 5829 lect.
1496 5770 1815 5829 ἔδωκανὲπ⁸
1851 5775 2031 5828 αὐτόν.
2109 5775 2150 5805 τ’
2185 5770 2296 5826 κάξ.
2327 5771 2455 5826 Des.
2488 5775 2540 5825 in
2572 5770 2629 5824 Β.

3211 5695 3253 5722 ε’
3290 5692 3328 5746 Β
3375 5709 3445 5742 πα
3454 5692 3688 5762 ρεδήλω-
