4116 6418
411 403 516 467 985

1628 417 1712 477 ΙΝ
1751 419 2202 479 EZECHIELIS
2235 421 2394 480 CAP.
2422 420 2550 479 XX.

3557 404 3662 469 986

411 528 504 600 σιν
528 513 763 584 ἄρχοντα
791 516 881 570 τὸν
911 518 1159 575 Γοδολίαν
1186 523 1214 574 ό
1240 518 1630 594 Ναϐουζαρδάν
1652 543 1666 556 ·
1709 527 1916 600 ἔρημος
1937 528 1986 582 δὲ

2095 529 2400 596 buzardan,
2435 539 2489 585 et
2524 529 2656 584 urbs
2689 525 2913 580 omnino
2942 523 3159 580 deserta
3188 520 3310 583 fuit,
3343 519 3454 575 imo
3481 535 3662 574 omnis

407 597 784 710 ﬁv‘navrektii;
804 610 846 710 3;
881 610 1066 674 πόλις,
1116 612 1316 682 μᾶλλον
1355 614 1412 668 δὲ
1441 616 1690 690 ἃπασαὴ
1735 597 1982 685 Ἰουδαία,

409 697 503 745 καὶ
532 697 642 747 τῶν
675 697 870 768 τειχῶν
901 703 1323 772 περιῃρημένων
1345 743 1359 769 ,
1407 707 1503 760 καὶ
1534 707 1642 762 τῶν
1664 711 1853 764 οἰκιῶν
1883 714 1986 782 ἐμ-

410 789 837 859 πεπρησμένων,
889 793 1120 848 καὶτῶν
1173 795 1438 852 πλείστων
1474 802 1774 872 οἰκητόρων
1805 809 1984 878 σφαγῇ

410 880 504 933 καὶ
543 881 888 954 αἰχμαλωσίᾳ
919 886 1350 957 παραδοθέντων.
1379 891 1468 944 Διό
1504 865 1678 964 φησιί
1705 916 1720 940 ο
1754 865 1862 950 Καί

411 971 813 1040 πεφυτεύκασιν
868 975 1036 1047 αὐτὴν
1097 979 1156 1030 ὲν
1221 983 1286 1051 τῇ
1333 984 1542 1053 ἐρήμῳ.
1595 1004 1614 1035 ι
1685 986 1822 1038 Ἀλλ’
1865 987 1987 1042 οὐδὲ

409 1063 570 1128 οὕτω,
611 1067 763 1136 φησι,
803 1066 1122 1138 διαμενεί³¹¹⁸,
1167 1071 1374 1143 φθορὰν
1419 1074 1476 1126 δὲ
1521 1077 1614 1130 καὶ
1657 1079 1724 1130 τὰ
1762 1079 1986 1148 λείψανα

408 1155 640 1222 δέξεται.

478 1264 622 1322 ⁶⁵ιδ’.
677 1267 1080 1333 Ἐξελεύσεται
1116 1273 1246 1342 γὰρ,
1276 1275 1430 1344 φησί,
1469 1278 1588 1348 πῦρ
1624 1278 1691 1332 ἐκ
1737 1277 1850 1334 τῶν
1875 1281 1987 1349 ῥά-

409 1361 566 1414 ϐδων
632 1362 752 1416 τῶν
815 1363 1122 1420 ἐκλεκτῶν
1170 1369 1390 1437 αὐτῆς,
1437 1375 1534 1426 καί
1589 1375 1986 1446 meosed-ictas

405 1453 620 1520 αὐτήν.
657 1455 716 1508 Ὀ
735 1457 845 1528 γὰρ
876 1459 1099 1530 Ἰσμαὴλ
1131 1460 1408 1531 βασιλικοῦ
1423 1465 1470 1498 ⁸⁸
1489 1467 1676 1534 γένους
1703 1470 1984 1541 ὑπάρχων,

405 1545 504 1597 καί
534 1544 613 1615 τῷ
660 1547 880 1620 Γοδολίᾳ
918 1549 1206 1622 φθονήσας,
1256 1557 1613 1629 κεχρωσμένῃ
1655 1560 1791 1630 πρὸς
1823 1562 1986 1617 αὐτὸν

407 1636 560 1708 φιλίᾳ.
606 1639 972 1710 χρησάμενος,
1008 1643 1182 1714 τούτῳ
1217 1645 1316 1716 μὲν
1346 1649 1586 1719 κρύϐδην
1625 1653 1983 1718 ἐπιϐουλεύει,

401 1727 621 1818 άναιρεῖ
665 1729 719 1784 δὲ
772 1733 865 1786 καὶ
915 1735 1042 1796 τοὺς
1095 1737 1380 1803 πλείστους
1421 1743 1610 1805 τοὺς⁸¹¹
1655 1745 1754 1798 σὺν
1791 1747 1941 1818 αύτῷ
1969 1763 1982 1777 ⁸

401 1817 586 1882 δείσας
619 1819 676 1872 δὲ
700 1822 760 1873 τὸ
792 1823 1014 1891 γεγονὸς
1040 1823 1395 1895 δραπετεύει*
1442 1831 1492 1883 οἰ
1526 1830 1583 1884 δὲ
1609 1831 1784 1886 λοιποὶ
1807 1817 1984 1889 ᾶπαν-

2093 620 2301 687 Judaea,
2339 629 2392 677 et
2425 622 2597 677 muris
2646 619 2867 681 dirutis,
2917 623 2971 671 et
3019 613 3264 670 aediﬁciis
3312 612 3572 677 incensis,
3608 621 3664 664 et.

2091 713 2342 782 plurimis
2377 714 2572 767 incolis
2606 718 2699 766 aut
2732 709 2899 780 820
2931 709 3088 763 caesis
3119 714 3212 759 aut
3255 704 3308 760 in
3345 703 3662 759 servitutem

2091 804 2344 858 redactis.
2381 802 2592 858 Idcirco
2622 803 2721 865 ait,
2780 819 2796 851 ι
2833 811 2887 855 et
2935 813 3082 853 nunc
3129 796 3516 867 plantat-erunt
3539 805 3662 847 eam

2090 897 2142 950 in
2173 897 2432 961 deserto;
2473 913 2490 946 ι
2543 895 2637 948 sed
2696 909 2765 947 ne
2800 893 2878 946 sic
2911 891 3133 961 quidem
3168 887 3529 960 permanebit,
3577 883 3664 938 in-

2085 988 2228 1058 quit,
2268 1003 2456 1042 verum
2492 987 2738 1057 reliquiae
2775 999 2994 1054 quoque
3020 982 3376 1053 peritncutur.

2168 1289 2336 1345 Vens.
2380 1287 2466 1344 14.
2506 1285 2819 1358 Egredietur
2859 1285 2996 1338 enim
3022 1283 3156 1354 ignis
3179 1321 3192 1344 ,
3225 1282 3422 1350 inquit,
3456 1281 3520 1334 de
3550 1281 3660 1336 uir—

2087 1384 2168 1456 gis
2211 1383 2498 1436 electorum
2533 1381 2666 1448 ejus.
2699 1389 2750 1432 et
2784 1377 3052 1432 devorabit
3095 1393 3234 1429 eam.
3267 1375 3461 1428 lsmael
3491 1375 3660 1437 enim,

2086 1489 2118 1528 e
2145 1473 2294 1544 regio
2318 1487 2516 1542 genere
2543 1469 2835 1529 oriundus,
2872 1482 3004 1538 erga
3033 1466 3315 1520 Godoliam
3353 1463 3554 1518 invidia
3582 1462 3663 1516 al-

2088 1566 2286 1629 lectus,
2336 1563 2571 1632 ﬁctaque
2603 1577 2730 1632 erga
2778 1577 2901 1614 eum
2952 1558 3192 1612 amicitia
3242 1573 3398 1621 usus,
3448 1556 3663 1609 occulte

2087 1657 2402 1721 insidiatur,
2435 1667 2488 1710 et
2510 1669 2703 1710 eorum
2745 1653 3034 1722 plurimos,
3065 1650 3158 1719 qui
3192 1664 3314 1703 cum
3351 1645 3663 1717 sequeban-

2089 1759 2202 1816 tur,
2228 1747 2493 1803 interlicit
2520 1765 2534 1800 :
2564 1761 2688 1800 cum
2714 1760 2843 1798 vero
2869 1753 3092 1814 propter
3118 1740 3333 1794 facinus
3360 1738 3663 1793 admissum

2092 1840 2197 1894 sibi
2237 1840 2476 1900 timeret,
2512 1836 2724 1906 aufugit
2761 1846 2828 1890 ει
2876 1832 3072 1902 reliqui
3121 1846 3336 1895 omnes,
3378 1827 3662 1884 Chaldaeo-

403 1925 514 1973 τες,
551 1910 651 1982 τὴν
689 1911 800 1965 τῶν
841 1915 1122 1970 Χαλδαίων
1161 1919 1486 1990 φοϐηθέντες
1521 1923 1711 1994 ὀργὴν,
1757 1926 1858 1997 τὴν
1885 1927 1982 1980 Δί’-

2089 1948 2210 1988 rum
2259 1931 2396 1986 iram
2432 1930 2615 1993 veriti.
2659 1944 2786 1984 cum
2824 1925 3060 1981 Jcremia
3101 1923 3363 1995 propheta
3403 1923 3457 1975 in
3496 1918 3665 1990 Egy-

405 2017 609 2069 γυπτον
645 2004 741 2058 σὺν
783 2005 1020 2079 Ἱερεμίᾳ
1057 2008 1132 2080 τῷ
1165 2013 1419 2084 προφήτῃ
1447 2015 1782 2069 κατέλαϐονο
1825 2016 1983 2072 τοῦτο

401 2091 457 2144 δὲ
494 2093 763 2162 ἐδήλωσεν
808 2096 998 2164 εἰπὼν,
1051 2118 1070 2150 ι
1100 2101 1211 2154 Καὶ
1252 2101 1592 2166 ἐξελεύσεται
1635 2107 1746 2178 πῦρ
1777 2109 1842 2162 ὲκ
1871 2108 1982 2163 τῶν

403 2181 620 2253 ῥάϐδων
659 2185 770 2239 τῶν
796 2186 1068 2242 ἐκλεκτῶν
1097 2191 1270 2261 αὐτῆς
1314 2196 1409 2248 καὶ
1463 2197 1840 2267 καταφάγεται
1878 2199 1980 2253 αὐ·

400 2276 519 2343 τήν.
570 2275 679 2329 Καὶ
723 2277 824 2330 ούκ
856 2279 1006 2334 ἔσται
1042 2280 1102 2334 ὲν
1131 2283 1268 2354 αὐτῇ
1315 2285 1509 2350 ῥάϐδος
1553 2285 1735 2357 ἰσχύος
1784 2289 1977 2359 φυλῆς,

402 2365 737 2438 σκῆπτρον⁸⁸
760 2371 840 2432 εἰς
859 2371 919 2423 τὸ
940 2371 1273 2438 ὲξουσιάζειν
1291 2393 1306 2407 ο
1331 2378 1409 2441 εἰς
1432 2379 1745 2450 παραϐολὴν
1766 2381 1980 2451 θρήνων

399 2459 534 2525 ἐστὶ,
564 2462 658 2513 καὶ
692 2461 845 2516 ἔσται
875 2463 954 2526 εἰς
991 2463 1208 2536 Θρῆνον.
1240 2485 1260 2519 ι
1291 2467 1460 2538 Δῆλον
1485 2468 1562 2532 δὲ,
1593 2472 1674 2524 ὅτι
1707 2471 1776 2525 τὰ
1795 2472 1840 2505 ⁸⁸
1872 2471 1981 2544 πρὸ

397 2549 498 2619 τῆς
526 2551 791 2605 ἐπανόδου
845 2553 1030 2622 λέγει·
1075 2557 1375 2627 τηνικαῦτα
1423 2561 1532 2630 γὰρ
1570 2563 1674 2615 ὑπὸ
1721 2563 1821 2632 μὲν
1869 2563 1978 2617 τῶν

397 2640 610 2695 οἰκείων
631 2642 930 2716 ἐθρηνεῖτο,
949 2648 1062 2710 τοῖς
1082 2647 1138 2701 δὲ
1161 2648 1459 2719 ἀλλοτρίοις
1475 2655 1742 2724 παροιμία
1763 2655 1981 2723 ἐγένετο

398 2730 628 2803 Θρήνου·
664 2734 890 2788 εἰώθασι
915 2736 1026 2806 γὰρ
1055 2738 1105 2790 οί
1133 2737 1412 2808 ἄνθρωποι
1436 2743 1528 2796 ἐπὶ
1552 2743 1660 2797 τῶν
1694 2744 1980 2815 μεγίσταις

399 2828 707 2896 συμφοραῖς
739 2830 1180 2898 περιπιπτόντων
1205 2830 1386 2902 λέγειν
1407 2850 1420 2864 ·
1456 2836 1548 2906 Μὴ
1579 2835 1808 2908 πάθοιμι
1837 2833 1925 2891 οἷα
1950 2839 1980 2892 ό

397 2915 543 2972 δεῖνα
588 2918 847 2974 πέπονθε.
876 2922 1046 2976 Τοῦτο
1077 2923 1257 2979 τοίνυν
1285 2944 1304 2976 ι
1335 2927 1652 2999 παραϐολὴν
1696 2947 1715 2980 ι
1753 2931 1979 2984 ἐκάλεσε

404 3007 693 3081 ιιθρήνουο
725 3030 744 3062 ι
795 3014 1146 3082 προστέθεικε
1191 3015 1269 3082 δὲ,
1301 3018 1384 3071 ὅτι
1433 3018 1534 3073 οὐκ
1575 3019 1722 3074 εστιν
1755 3021 1814 3076 ὲν
1840 3021 1978 3094 αὐτῇ

399 3099 594 3170 ῥάϐδος
634 3103 819 3174 ἰσχύος
845 3144 860 3168 ,
911 3105 942 3175 ἢ
988 3105 1214 3178 φυλὴ,ἢ
1256 3109 1556 3180 σκῆπτρον.
1612 3109 1818 3166 Οὐδένα
1865 3110 1976 3183 γὰρ

397 3191 553 3264 ἔσχεν
581 3193 839 3265 ἄρχοντα,
883 3196 914 3268 ἢ
964 3197 1218 3270 σύστημά
1260 3216 1314 3252 τι
1349 3201 1523 3270 φυλὴν
1552 3202 1776 3271 ποιῆσαι
1811 3202 1974 3256 δυνά-

401 3301 561 3354 μενον
619 3287 724 3358 πρὸ
765 3289 865 3358 τῆς
892 3290 1148 3343 ἐπανόδου
1175 3308 1189 3322 ·
1243 3291 1383 3362 μετὰ
1429 3292 1538 3364 γὰρ
1587 3294 1685 3365 τὴν
1720 3294 1983 3348 ἐπάνοδον
2010 3271 2052 3329 C

400 3377 562 3432 πάλιν
606 3380 846 3434 ἀπέλαϐε
890 3382 989 3451 τὴν
1036 3382 1306 3454 προτέραν
1351 3384 1736 3457 λαμπρότητα.
1800 3385 1985 3440 Ταῦτα

399 3468 539 3524 οὕτω
560 3472 1132 3546 προθεσπίσας,τίθησι
1158 3475 1255 3545 μὲν
1276 3477 1334 3528 ὲν
1358 3475 1507 3546 μέσῳ
1521 3479 1621 3546 τῆς
1647 3477 1982 3548 προφητείας

400 3566 595 3636 μικρόν
611 3583 663 3617 τι
685 3565 946 3637 διήγημα,
977 3568 1236 3621 συνάπτει
1259 3568 1314 3621 δὲ
1339 3568 1416 3640 τῷ
1441 3569 1740 3641 διηγήματι
1769 3587 1986 3643 παραυ-

405 3657 522 3708 τίκα
569 3657 671 3728 τὴν
706 3658 1060 3728 προφητείαν.

925 3752 1323 3806 ΚΕΦΔΛΑΙΟΝ
1361 3754 1445 3809 Κ’.

467 3840 611 3895 α’-δ’.
654 3840 764 3895 Καὶ
803 3841 1042 3911 ἐγένετο
1073 3843 1143 3896 ἐν
1171 3842 1251 3909 τῷ
1293 3843 1412 3898 ἔτει
1443 3842 1524 3910 τῷ
1564 3845 1808 3915 ἑϐδόμῳ,
1847 3843 1986 3900 ἐνθ’

399 3930 478 3998 τῷ
509 3931 755 4002 πέμπτῳ
788 3933 958 4002 μην-ἰ,
1006 3932 1226 4003 δεκάτῃ
1263 3935 1374 3989 τοῦ
1401 3935 1616 4005 μηνὸς,
1655 3932 1846 4007 ἦλθον
1877 3936 1989 3992 ἇν-

397 4024 537 4092 δρες
590 4025 659 4078 ἐκ
721 4023 841 4078 τῶν
881 4025 1300 4095 πρεσϐυτέρα»⁸
1352 4028 1460 4080 τοῦ
1505 4025 1679 4081 οικου
1737 4026 1986 4096 Ἰσραὴλ

398 4117 771 4188 ἐπερωτῆσαι
800 4117 907 4172 τὸν
929 4118 1170 4186 Κύριον.
1211 4117 1312 4174 καί
1335 4117 1630 4172 ἐκάθισαν
1657 4117 1772 4189 πρὸ
1801 4135 1988 4187 προσ-

397 4208 564 4264 ώπου
589 4226 728 4278 μου.
771 4207 881 4261 Καὶ
910 4207 1148 4278 ἐγένετο
1182 4208 1367 4277 λόγος
1412 4207 1632 4276 Κυρίου
1686 4208 1839 4275 πρός
1880 4224 1981 4276 με,

397 4299 591 4368 λέγων
611 4313 627 4328 ⁸
676 4297 774 4352 rte
802 4297 1137 4366 ἀνθρώπου,
1173 4296 1457 4366 Μλησογ
1479 4297 1630 4367 πρὸς
1680 4296 1822 4364 τοὺς
1849 4312 1988 4366 πρε·-

398 4391 731 4457 σϐυτέρους
754 4389 862 4443 τοῦ
899 4388 1232 4458 Ἰσραήνυί,
1262 4387 1360 4442 καί
1391 4387 1544 4455 ἐρεῖς
1565 4387 1714 4457 πρὸς
1739 4389 1984 4456 αὐτοὺς,

406 4480 551 4535 Τάδε
595 4481 758 4550 λέγει
808 4479 1048 4534 Ἀδωαῒ
1095 4483 1309 4550 Κύριος
1331 4495 1345 4513 ο
1398 4478 1466 4533 Εἰ
1508 4478 1880 4548 ἐπερωτῆσαι
1910 4497 1989 4549 με

400 4573 569 4664 ὑμεῖς
590 4572 842 4642 ἔρχεσθε
858 4573 925 4631 ⁸⁸,
960 4570 1030 4632 ζῶ
1049 4571 1163 4641 ἐγὼ
1182 4575 1234 4625 εὶ
1261 4571 1796 4641 ἀποκριθήσομαιυ
1821 4572 1982 4640 ὑμῖν,
2017 4607 2062 4664 ι)

399 4663 562 4732 ,λέγει
593 4665 828 4732 Κύριος.
865 4665 997 4718 Ei”
1024 4663 1366 4728 ἐκδικήσεις
1398 4661 1620 4728 αὐτοὺς
1654 4661 1983 4731 ἐκδικήσει,

399 4751 494 4808 vis
528 4751 863 4820 ἀνθρώπου,
897 4754 952 4806 εἰ
977 4751 1323 4817 ἐκδικήσεις
1344 4751 1391 4784 ’⁵
1429 4752 1671 4818 αὐτούς.
1715 4751 1852 4806 Δίαν
1889 4754 1987 4826 ἀρ-

403 4845 590 4916 μόττει
635 4843 872 4899 τουτοισὶ
928 4846 1040 4907 τοίς
1088 4843 1268 4912 λόγοις
1318 4844 1379 4898 τὸ
1424 4843 1532 4898 ὑπὸ
1574 4843 1669 4898 τοῦ
1721 4843 1858 4898 Θεοῦ
1895 4846 1990 4899 καὶ

401 4936 656 5005 Σωτῆρος
703 4935 864 5004 ἡμῶν
907 4936 1196 5004 εἰρημένον
1229 4952 1242 4966 ο
1299 4954 1317 4986 ι
1343 4935 1418 4988 Ού
1453 4936 1561 4996 πᾶς
1598 4936 1627 4988 ό
1658 4934 1830 5003 λέγων
1872 4954 1985 5005 μοι,

402 5025 598 5095 Κύριε,
633 5026 823 5096 Κύριε,
862 5024 1228 5078 εἰσελεύσεται
1268 5028 1347 5088 εἰς
1376 5027 1474 5095 τὴν
1516 5025 1795 5095 βασιλείαν
1827 5028 1924 5081 τοῦ
1941 5028 1988 5060 ’⁸

400 5116 539 5169 Θεοῦ
568 5133 581 5146 ·
620 5117 736 5170 ἀλλ’
775 5119 804 5170 ό
833 5117 1002 5171 ποιῶν
1027 5117 1087 5168 τὸ
1115 5116 1330 5188 Θέλημα
1359 5117 1454 5170 τοῦ
1485 5117 1698 5187 Πατρός
1726 5136 1856 5189 μου,
1893 5118 1987 5172 τοῦ

478 5243 505 5271 ο
542 5229 610 5286 ιν
641 5231 774 5304 Reg.
814 5249 939 5295 xxv,
981 5232 1071 5286 25.
1151 5230 1172 5271 ί
1206 5231 1510 5298 ΜιιιῑΙι.νιι,
1535 5231 1626 5286 2i.

2091 2030 2249 2096 ptum
2270 2039 2330 2079 se
2372 2036 2652 2090 recepere.
2680 2019 2855 2088 Atque
2887 2019 2989 2072 hoc
3009 2013 3328 2078 declaravit,
3354 2027 3476 2066 cum
3503 2012 3660 2075 dixit,

2099 2136 2118 2170 ι
2156 2117 2222 2172 Ει
2255 2115 2571 2187 egredietur
2611 2113 2756 2182 ignis
2788 2110 2856 2167 de
2891 2108 3061 2180 virgis
3093 2109 3391 2162 electorum
3422 2102 3566 2171 ejus,
3609 2107 3664 2156 et

2087 2205 2339 2264 comedet
2364 2219 2511 2260 eam.
2553 2202 2618 2256 Et
2646 2218 2755 2256 non
2796 2200 2902 2255 erit
2941 2199 2997 2254 in
3043 2212 3105 2252 ea
3137 2196 3292 2265 virga
3323 2192 3537 2247 roboris
3565 2192 3664 2244 tri-

2086 2301 2214 2366 bus,
2262 2307 2542 2368 sceptrum
2607 2293 2676 2349 ad
2722 2288 3164 2347 dominandum:
3219 2286 3276 2340 in
3312 2282 3661 2354 proverbium

2088 2388 2539 2447 lamentationum
2581 2392 2689 2448 est,
2719 2390 2774 2436 et
2807 2381 2914 2437 erit
2954 2381 3008 2434 in
3054 2379 3348 2450 planctum.
3395 2398 3414 2428 ο
3447 2372 3664 2442 Perspi-

2086 2497 2251 2538 cuum
2299 2487 2384 2536 est
2429 2477 2497 2533 de
2555 2483 2803 2545 tempore
2853 2479 2982 2526 ante
3039 2469 3277 2525 reditum
3346 2465 3462 2520 haec
3510 2463 3662 2518 dici:

2090 2587 2222 2632 tunc
2254 2575 2398 2630 enim
2435 2587 2467 2626 a
2501 2569 2618 2626 suis
2645 2565 2984 2638 plorabatur,
3012 2570 3067 2617 ct
3093 2559 3286 2614 alienis
3319 2555 3420 2610 luit
3460 2555 3666 2608 lamen-

2086 2668 2317 2728 tationis
2353 2661 2725 2736 proverbium.
2760 2659 3178 2712 Consueverunt
3220 2650 3365 2705 enitn
3415 2647 3665 2702 homines

2085 2764 2154 2820 de
2183 2763 2252 2816 iis
2281 2759 2376 2830 qui
2397 2758 2452 2811 in
2477 2755 2745 2809 maximas
2773 2749 3020 2804 incidunt
3051 2744 3414 2802 calamitates,
3438 2740 3623 2794 dicere
3648 2756 3662 2792 :

2085 2853 2165 2909 Ne
2191 2828 2325 2906 mihi
2359 2849 2490 2902 talia
2522 2843 2802 2906 eveniant,
2837 2839 3021 2911 qualia
3051 2837 3141 2891 ille
3186 2849 3382 2904 passus
3412 2839 3516 2886 est.
3550 2828 3666 2883 Hoc

2087 2943 2254 3014 igitur
2287 2960 2306 2992 ι
2345 2934 2755 2993 lamentationis
2789 2929 3140 3002 proverbium
3180 2944 3198 2977 ι
3242 2923 3479 2986 vocavit,
3513 2920 3666 2991 adje-

2087 3032 2293 3104 citque,
2325 3044 2438 3084 non
2463 3041 2586 3082 esse
2618 3026 2671 3078 in
2702 3038 2766 3078 ea
2795 3023 3002 3092 virgam
3035 3017 3276 3080 roboris,
3317 3024 3411 3069 aut
3435 3014 3660 3076 tribum,

2087 3135 2182 3180 aut
2219 3131 2519 3194 sceptrum.
2553 3117 2772 3172 Nullum
2813 3114 2960 3168 enim
2994 3111 3298 3182 principem
3329 3108 3538 3171 habuit,
3569 3113 3665 3159 aut

2087 3231 2305 3288 agmen,
2338 3211 2484 3283 quod
2512 3210 2714 3264 tribum
2757 3206 2938 3261 lacere
2975 3209 3180 3276 posset,
3221 3211 3347 3256 ante
3385 3199 3660 3254 reditum:

2089 3319 2214 3382 post
2263 3307 2500 3398 reditum
2543 3318 2671 3359 vero
2708 3299 3002 3372 pristinum
3043 3295 3392 3365 splendorem
3435 3288 3661 3358 recepit.

2089 3381 2213 3456 Haec
2261 3381 2744 3458 ita-vaticinatus,
2792 3388 3090 3460 interponit
3134 3388 3276 3441 inter
3322 3381 3662 3453 prophetiam

2085 3497 2308 3552 brevem
2356 3489 2648 3564 quamdam
2679 3483 3170 3544 nat-ratiunculam,
3201 3477 3364 3550 821
3401 3491 3524 3530 cum
3555 3487 3663 3544 qua

2087 3605 2212 3644 mox
2243 3585 2586 3658 prophetiam
2619 3578 2921 3650 coniungit.

2671 3753 2902 3809 CAPUT
2960 3749 3076 3806 XX.

2162 3853 2329 3909 Vens.
2383 3852 2536 3906 1-4.
2586 3849 2651 3903 Et
2684 3849 2887 3918 factum
2931 3855 3008 3900 est
3044 3858 3182 3896 anno
3213 3840 3450 3908 septimo,
3483 3837 3666 3907 quinto

2087 3962 2286 4009 mense,
2326 3945 2528 3998 decimo
2563 3941 2759 3995 mensis
2793 3936 2945 4007 (die),
2983 3942 3229 3990 venerunt
3273 3931 3372 3985 viri
3409 3929 3473 3982 de
3501 3927 3669 3981 senio-

2087 4039 2238 4092 ribus
2274 4035 2464 4088 domus
2506 4030 2731 4087 Israelis
2753 4073 2768 4096 ,
2794 4038 2850 4082 ut
2874 4029 3257 4096 interrogarent
3290 4021 3596 4076 Dominum,
3615 4025 3665 4070 et

2086 4131 2333 4184 sederunt
2375 4135 2498 4178 ante
2529 4123 2720 4194 faciem
2753 4136 2948 4174 meam.
2999 4117 3066 4171 Et
3112 4115 3317 4186 factum
3350 4120 3428 4166 est
3457 4108 3666 4164 verbum

2088 4218 2305 4274 Domini
2345 4216 2415 4270 ad
2461 4231 2563 4282 me,
2602 4213 2781 4267 dicens
2829 4226 2849 4265 :
2904 4208 3016 4263 Fili
3053 4207 3301 4268 hominis,
3350 4203 3558 4272 loquere
3597 4201 3668 4252 ad

2089 4313 2322 4366 seniores
2356 4307 2602 4370 Isracl‘is,
2639 4315 2687 4360 et
2728 4303 2871 4358 dices
2907 4302 2975 4357 ad
3015 4318 3104 4356 eos
3135 4316 3153 4354 :
3199 4297 3327 4352 Hazc
3353 4295 3481 4348 dicit
3523 4293 3670 4346 Ado-

2089 4405 2180 4459 ηαξ
2213 4417 2230 4454 :
2280 4401 2340 4458 Si
2383 4401 2453 4456 ad
2496 4416 2576 4454 me
2604 4395 3038 4466 interrogandum
3071 4409 3158 4448 vos
3186 4389 3392 4454 venitis,
3425 4387 3537 4441 rivo
3576 4401 3668 4454 ego

2088 4495 2136 4549 si
2158 4489 2479 4559 respondebo
2518 4488 2688 4552 vobis,
2731 4486 2861 4540 dicit
2897 4484 3178 4538 Dominus.
3233 4478 3294 4532 Si
3331 4476 3474 4531 ultus
3503 4474 3667 4543 fueris

2088 4598 2175 4636 eos
2201 4579 2420 4644 ultione,
2461 4576 2542 4646 fili
2581 4575 2833 4636 hominis,
2871 4573 2917 4628 si
2943 4570 3086 4626 ultus
3125 4567 3292 4640 fueris
3331 4582 3440 4620 eos.
3468 4563 3669 4617 Admo-

2092 4670 2220 4723 dum
2249 4645 2505 4736 congruit
2545 4663 2696 4718 hisce
2727 4659 2910 4716 verbis
2944 4658 2999 4713 id
3047 4655 3195 4727 quod
3237 4669 3266 4706 a
3311 4651 3423 4706 Deo
3463 4657 3517 4704 et
3547 4645 3668 4736 Salo

2093 4763 2280 4811 vatore
2329 4735 2522 4806 nostro
2556 4750 2763 4805 dictum
2791 4755 2879 4802 est
2921 4764 2935 4800 :
2986 4761 3007 4796 ι
3041 4742 3161 4798 Non
3197 4740 3376 4796 omnis
3412 4737 3502 4808 qui
3535 4735 3669 4789 dicit

2092 4842 2246 4907 mihi,
2267 4839 2514 4900 Domine,
2549 4836 2798 4900 Domine,
2827 4831 3127 4888 intrabitin
3158 4841 3386 4895 regnum
3406 4824 3498 4879 Dei
3527 4841 3540 4878 :
3573 4821 3670 4878 sed

2093 4931 2185 5000 qui
2222 4927 2354 4983 facit
2381 4925 2718 4981 voluntatem
2765 4921 2945 4976 Patris
2979 4918 3106 4982 mei,
3135 4917 3228 4984 qui
3261 4916 3317 4968 in
3357 4913 3513 4968 caelis
3541 4919 3625 4966 est
3649 4951 3666 4975 ,

2094 5021 2215 5092 ipse
2243 5018 2466 5074 intrabit
2501 5018 2555 5071 in
2589 5029 2816 5086 regnum
2851 5013 2944 5066 Dei
2977 5010 3021 5066 ί.
3060 5029 3078 5062 ι
3106 5007 3318 5063 Etenim
3347 5006 3672 5074 istiquoque

2098 5111 2408 5170 sceleribus
2453 5108 2683 5174 addicti,
2716 5121 2781 5160 ac
2821 5102 3158 5177 ptenitentia:
3193 5098 3449 5156 remediis
3485 5094 3671 5152 sanari

1715 5364 1952 5421 VARIIE
1991 5360 2397 5420 LECTIONES.

479 5466 524 5497 ⁸⁵
567 5464 625 5519 Β.
658 5465 816 5534 διαμέ

403 5535 521 5591 τοῦ.
623 5537 666 5566 ⁸⁷
710 5534 751 5587 Β
795 5535 924 5588 τῶν.

821 5482 921 5520 νει.
1000 5465 1045 5496 ⁸³
1080 5465 1122 5518 Α
1165 5479 1266 5518 rec.
1340 5464 1468 5518 lect.
1532 5463 1723 5517 multis
1787 5461 1962 5516 modis
2006 5458 2213 5516 recedit
2248 5455 2500 5517 verm”.
2525 5451 2761 5508 maxime
2811 5451 2866 5506 in
2908 5449 3030 5503 ﬁne.
3065 5518 3073 5520 Α
3109 5449 3161 5520 ’ξ
3218 5447 3347 5520 Bac.
3387 5445 3430 5520 β
3479 5462 3512 5514 p

1028 5513 1467 5595 ἠ’-ξυιίνείς-Ῑιῖό⁷
1491 5513 2376 5601 sieo—cr:inicietiamiigeminam
2412 5513 2904 5601 sapiuntninterpr.
2940 5518 3102 5601 ⁸⁹”τά.
3133 5515 3257 5601 ΙλίεειΣ
3295 5518 3347 5601 in
3386 5513 3495 5601 8.0;
3521 5513 3568 5546 ”
3601 5515 3672 5567 ἐν

418 5576 1062 5676 ἷῖ’ξιτ,.άς.’ἱιιξῖιῖιὶνῃιε
1109 5576 1329 5658 uti?
1349 5576 1698 5676 negligi.
1723 5576 2933 5676 ὲὶᾙειξιῖῗίῖιἽᾶᾇξΚνῖιὶῖ,ξιΧΧιιννῴμηι
2959 5588 3257 5676 oft-“3,”:
3295 5588 3412 5676 είζκ·
3441 5582 3670 5676 δίείιἾἮ

3519 5459 3668 5498 rtem.

424 5659 803 5745 interrogandi
851 5659 1144 5745 apponitur
1191 5659 1402 5745 apud
1475 5673 1521 5745 ξ’
1547 5675 1643 5726 ἀπ.
1677 5670 1965 5745 ὐ-μηιίεὺ-ν.
1990 5659 2416 5745 interrog'ahora
2449 5665 2620 5744 vobis.
2642 5734 2654 5745 _
2697 5659 2751 5695 “7
2779 5660 3106 5745 εἰέκᾷκαιὺε.
3141 5659 3302 5740 Hebr:
3335 5661 3416 5745 Ap
3443 5667 3670 5745 cansam

1177 5719 1643 5816 disquamari]ch
1676 5719 1964 5796 ῖινέῐιῖέξ
1991 5719 2606 5809 αύῖξΝδιῖ-τῖρυιιιηιὺτ
2642 5734 2755 5789 inec
2781 5734 2921 5805 apud
2955 5728 3116 5793 LXX,
3152 5743 3252 5784 nec
3289 5728 3342 5782 in
3367 5725 3429 5779 lt.
3504 5722 3550 5756 "
3573 5719 3671 5774 τοῦ

408 5816 470 5870 Θ.
538 5813 690 5872 Loco
732 5815 824 5870 cit.
896 5815 996 5884 leg.
1049 5815 1153 5868 τῶν
1182 5813 1445 5881 οὐρανῶν.
