4116 6434
459 384 565 448 987

1477 384 1965 449 THEODORETI
2000 381 2340 447 EPISCOPI
2378 388 2744 448 CYRENSIS

3621 384 3728 447 983

462 511 804 564 recusantes,
856 499 1145 556 Dominum
1202 501 1544 573 interrogare
1584 512 1887 570 tentarunt,
1926 517 2036 558 non

2153 501 2201 553 ἐν
2241 502 2513 573 οὐρανοῖς,
2561 499 2999 556 είσελεύσεται⁹⁷
3043 499 3121 562 εἰς
3167 497 3265 570 τὴν
3312 496 3591 568 βασιλείαν
3632 497 3728 552 τοῦ

465 598 523 643 ιιι
550 605 613 645 ea
644 593 871 647 omnino
904 591 1145 648 facerent
1185 609 1305 662 qua:
1342 594 1447 650 sibi
1489 595 1919 666 imperarentur,
1951 595 2046 651 sed

463 690 524 735 ut
550 682 847 746 discerent,
880 700 947 737 an
979 684 1095 739 suis
1130 686 1568 755 cogitationibus
1598 689 1786 743 divina
1822 690 2046 745 oracula

462 775 856 830 consentirent.
895 773 1010 829 lluc
1051 778 1178 830 item
1204 778 1467 833 Setlecias
1492 780 1694 849 saepius
1732 780 1879 847 fecit,
1912 783 2046 838 ada-

460 874 656 933 rt0qne
692 880 788 931 per
823 865 1217 935 jusjurandum
1254 868 1489 925 Jeremia
1525 880 1585 926 ut
1637 888 1758 940 quae
1795 872 1903 928 Deo
1930 874 2045 930 visa

458 965 667 1018 essent,
708 969 896 1026 aperte
946 959 1053 1013 sibi
1114 963 1528 1029 praenuntiaret,
1584 979 1708 1017 eum
1761 966 2046 1023 didicisset

458 1064 581 1117 qua:
602 1048 758 1117 jussa
787 1049 1031 1111 fuerant,
1063 1051 1131 1107 iis
1164 1054 1439 1107 contraria
1472 1057 1709 1123 patravit
1738 1076 1751 1110 :
1791 1066 1843 1111 et
1869 1059 1960 1127 qui
1990 1061 2044 1112 in

457 1137 754 1208 Egyptum
800 1142 965 1211 822
1009 1153 1133 1211 post
1162 1144 1535 1214 captivitatem
1577 1163 1893 1217 pervenere,
1943 1149 2046 1204 hoc

458 1229 600 1283 idem
625 1232 746 1285 ausi
781 1243 931 1286 sunt.
966 1232 1149 1298 Quare
1182 1235 1374 1291 auctor
1409 1238 1657 1291 omnium
1684 1254 1867 1294 rerqu
1905 1239 2046 1297 Deus

458 1338 569 1377 non
605 1325 723 1377 vult
761 1325 847 1380 his
888 1328 1224 1395 respondere
1261 1346 1275 1380 :
1330 1329 1448 1398 ipse
1475 1330 1620 1384 enim
1655 1333 1821 1395 novit,
1851 1348 2048 1388 secun-

349 1454 363 1465 .
459 1412 590 1468 dum
623 1430 907 1470 sacrorum
952 1416 1370 1487 Iivangeliorum
1407 1419 1753 1487 doctrinam,
1804 1421 1935 1492 quid
1975 1425 2047 1479 sit

460 1505 515 1557 in
549 1504 796 1581 homine.
838 1508 1048 1561 Idcirco
1086 1510 1187 1578 ipsi
1220 1527 1441 1581 quoque
1478 1515 1755 1583 propheta:
1778 1518 2044 1586 praecipit,

461 1604 520 1648 ut
543 1611 638 1651 eos
674 1598 964 1667 despiciat,
999 1616 1175 1668 neque
1204 1601 1344 1657 ullas
1380 1619 1477 1672 pro
1506 1605 1640 1673 ipsis
1672 1621 1862 1676 preces
1888 1608 2044 1662 adhi-

461 1687 605 1741 heat.
639 1688 793 1754 Quod
822 1690 1169 1758 signiﬁcavit.
1201 1708 1324 1746 cum
1360 1694 1538 1750 dixit:
1584 1716 1601 1747 ι
1652 1698 1707 1752 Si
1751 1700 1898 1755 ultus
1925 1700 2047 1756 lue-

462 1779 539 1831 ris
581 1793 676 1831 eos
713 1780 943 1844 ultione,
980 1782 1053 1834 lili
1093 1782 1355 1847 hominis,
1385 1787 1430 1841 si
1475 1788 1622 1842 ultus
1656 1787 1824 1845 fueris
1854 1806 1988 1860 eos;
2023 1813 2041 1845 ι

461 1868 563 1922 hoc
597 1879 701 1931 est,
741 1871 817 1925 Ne
851 1875 1015 1928 ulla'u
1066 1875 1269 1930 habeas
1311 1878 1560 1947 ipsorum
1616 1882 1911 1948 rationem,
1954 1901 2047 1939 ve-

462 1960 559 2012 lttti
583 1971 807 2017 curator
844 1965 1091 2035 ipsorum
1132 1984 1144 2020 :
1195 1982 1261 2023 ne
1289 1967 1550 2025 admittas
1578 1985 1769 2025 eorum
1812 1972 2049 2029 interro-

457 2054 756 2124 gationem.

531 2329 700 2389 Vens.
754 2332 807 2393 5,
849 2335 882 2388 6
960 2334 1269 2403 Iniquitates
1316 2344 1533 2397 autent,
1590 2334 1788 2405 inquit,
1836 2345 2050 2402 patrum

459 2424 693 2495 ipsorum
724 2436 1021 2481 contestare
1052 2428 1147 2480 eis.
1194 2424 1262 2479 Et
1294 2424 1436 2480 dices
1479 2424 1548 2479 ad
1585 2442 1671 2479 eos
1706 2439 1725 2478 :
1759 2423 1887 2480 "me
1917 2425 2049 2479 dicit

459 2518 673 2572 Adonai
703 2518 955 2574 Dominus
980 2535 998 2573 :
1025 2517 1157 2574 Inde
1186 2537 1217 2573 a
1245 2519 1328 2573 die
1356 2535 1457 2589 quo
1480 2518 1608 2587 elegi
1631 2520 1843 2573 domum
1871 2517 2051 2573 Israe-

461 2604 548 2671 iis,
579 2619 627 2662 et
662 2611 899 2679 cognitus
930 2626 1048 2663 sum
1093 2611 1283 2664 semini
1321 2611 1511 2663 domus
1541 2608 1755 2673 Jacobi,
1790 2620 1838 2664 et
1870 2611 2050 2680 cogni-

464 2709 547 2753 tus
579 2700 659 2768 fui
684 2701 809 2765 ipsis
847 2702 902 2753 in
945 2710 1087 2753 terra
1112 2698 1330 2771 .‘Egypti
1353 2744 1365 2765 ,
1399 2710 1446 2754 et
1481 2699 1800 2768 apprehendi
1833 2717 2048 2753 manum

462 2790 723 2858 ipsorum,
754 2791 933 2845 dicens
961 2808 977 2844 :
1005 2791 1118 2862 Ego
1149 2791 1408 2845 Dominus
1448 2791 1586 2845 Deus
1614 2801 1795 2846 rester.
1836 2792 1930 2845 Die
1955 2790 2050 2844 illo

464 2883 779 2950 at'ptehendi
826 2900 913 2936 eos
961 2900 1121 2936 manu
1172 2900 1310 2947 mea,
1371 2892 1425 2935 ut
1475 2883 1745 2936 educerem
1788 2899 1875 2936 eos
1908 2891 2051 2936 terra

464 2970 707 3045 Egypti,
746 2976 798 3028 in
831 2984 1028 3028 terram
1058 2992 1217 3045 quam
1240 2974 1433 3043 parari
1462 2977 1559 3037 eis,
1589 2983 1785 3026 terram
1815 2972 2051 3043 diﬁiuen-

465 3079 563 3121 tem
595 3067 730 3121 lacte
753 3077 802 3121 et
836 3069 1007 3134 melle,
1053 3067 1204 3137 farus
1249 3077 1329 3122 est
1372 3085 1536 3138 supra
1576 3083 1783 3122 omnem
1827 3079 2042 3122 terram.

2148 591 2303 646 Θεοῦ.
2353 614 2371 644 ι
2427 595 2535 647 Καὶ
2576 588 2721 649 οὗτοι
2752 592 2861 663 γὰρ
2892 591 3129 663 πονηρίᾳ
3158 589 3450 654 συζῶντες,
3483 591 3578 643 καὶ
3616 592 3731 654 τοῖς

2146 684 2244 754 τῆς
2277 688 2639 757 μεταμελείας
2662 685 2974 757 φαρμάκοις
3003 683 3217 753 ἰαθῆναι
3252 685 3325 754 μὴ
3353 683 3727 753 βουληθέντες.

2148 775 2358 847 ἐρωτᾷν
2384 778 2756 850 ἐπειράθησαν
2783 777 2874 830 τὸν
2906 775 3207 846 Δεσπότην,
3251 775 3350 846 οὑχ
3378 775 3468 828 ἵνα
3511 777 3732 840 πάντως

2146 866 2216 918 τὰ
2262 869 2669 939 κεκελευσμένα
2714 869 3015 940 πράξωσιν,
3069 867 3188 920 ἀλλ’
3244 868 3330 920 ἵνα
3388 867 3633 937 μάθωσιν
3676 868 3729 921 εί

2149 974 2212 1010 συ
2222 959 2507 1027 μϐαίνουσι
2539 963 2649 1024 τοῖς
2673 959 2896 1022 οἰκείοις
2919 959 3200 1028 λογισμοῖς
3226 960 3278 1011 οἱ
3313 958 3445 1012 θεῖοι
3471 960 3729 1031 χρησμοί.

2147 1050 2319 1103 Τοῦτο
2340 1054 2433 1105 καὶ
2450 1054 2478 1105 ὁ
2503 1052 2754 1116 Σεδεκίας
2780 1051 3038 1115 πολλάκις
3059 1051 3344 1120 πεποίηκε,
3365 1051 3459 1104 καὶ
3481 1050 3734 1122 ὁρκώσας

2146 1141 2237 1194 τὸν
2271 1142 2543 1214 Ἰερεμίαν
2567 1146 2634 1197 τὰ
2659 1143 2735 1215 τῷ
2776 1143 2894 1214 Θεῷ
2920 1143 3181 1197 δοκοῦντα
3207 1144 3393 1214 σαφῶς
3420 1143 3570 1213 αὑτῷ
3596 1158 3732 1213 προσ

2151 1233 2424 1305 μηνύσαι,
2479 1233 2667 1305 μαθὼν
2708 1235 2775 1289 τὰ
2822 1234 3206 1299 κελευσθέντα,
3229 1234 3488 1289 τάναντία
3527 1233 3734 1288 τούτων

2149 1326 2441 1394 εἰργάσατο
2467 1343 2478 1354 ·
2532 1326 2626 1397 καὶ
2658 1327 2706 1378 οί
2738 1327 2816 1389 είς
2844 1325 3117 1395 Δίγυπτον
3142 1325 3200 1379 δὲ
3234 1326 3373 1396 μετά
3401 1323 3499 1396 τὴν
3525 1325 3732 1394 αίχμα-

2148 1415 2350 1470 λωσίαν
2378 1417 2710 1481 εἰσελθόντες
2738 1419 2905 1473 ταυτὺ
2936 1417 3093 1471 τοῦτο
3117 1416 3500 1487 τετολμήκασι.
3530 1415 3732 1470 Τούτου

2147 1507 2308 1578 χάριν
2338 1507 2366 1558 ὁ
2392 1507 2500 1562 τῶν
2530 1507 2664 1562 ὅλων
2688 1507 2819 1572 Θεὸς
2860 1507 3259 1580 ἀποκρίνασθαι
3287 1508 3498 1571 τούτοις
3521 1507 3582 1560 ού
3611 1506 3738 1577 βού-

2148 1598 2300 1652 λεται
2324 1614 2338 1628 ·
2389 1599 2549 1662 αὑτὸς
2574 1599 2683 1670 γὰρ
2708 1595 2837 1662 οἶδε,
2857 1599 2998 1653 κατὰ
3022 1599 3123 1669 τὴν
3153 1601 3261 1654 τῶν
3296 1597 3456 1670 ἱερῶν
3483 1600 3730 1669 Εὑαγγε-

2148 1692 2278 1745 λίων
2306 1690 2672 1755 διδασκαλίαν,
2718 1691 2771 1745 τί
2817 1695 2967 1746 ἐστιν
3003 1693 3061 1745 ἐν
3086 1691 3163 1761 τῷ
3192 1690 3481 1764 ἀνθρώπῳ.
3518 1692 3609 1746 Διὸ
3639 1692 3733 1747 καὶ

2150 1787 2227 1857 τῷ
2282 1779 2538 1858 προφήτῃ
2589 1784 3023 1857 παρακελεύεται
3071 1786 3481 1858 καταφρονῆσαι
3532 1786 3731 1849 αὑτῶν,

2152 1878 2244 1931 καὶ
2297 1878 2567 1948 μηδεμίαν
2614 1877 2758 1949 ὑπὲρ
2802 1877 2983 1932 αὐτῶν
3042 1880 3426 1949 προσενεγκεῖν
3475 1876 3730 1931 ἱκετείαν.

2152 1969 2324 2024 Τοῦτο
2350 1969 2459 2041 γὰρ
2481 1970 2754 2039 ἐσήμανεν
2778 1967 3013 2041 είρηκώς
3039 1985 3052 1998 ⁸
3093 1990 3110 2021 ι
3132 1970 3193 2022 El
3213 1968 3517 2039 ἐκδικήσεις
3539 1969 3737 2032 αὐτοὺς

2152 2061 2464 2131 ἐκδικήσει,
2512 2062 2596 2115 υίέ
2630 2060 2952 2133 ἀνθρώπου,
2999 2064 3046 2115 εἰ
3078 2060 3386 2128 ἐκδικήσεις
3425 2058 3623 2124 αὐτούς
3651 2077 3663 2089 ·
3710 2079 3729 2111 ι

2150 2153 2270 2205 ἀντὶ
2300 2150 2415 2213 τοῦ,
2450 2150 2542 2221 Μὴ
2585 2152 2877 2223 φροντίσῃς
2906 2150 3105 2213 αὐτῶν,
3144 2144 3233 2204 οἷα
3261 2149 3327 2221 δὴ
3354 2149 3608 2222 κηδεμὼν
3632 2150 3736 2206 αὑ-

2150 2243 2259 2297 τῶν
2286 2243 2567 2314 ὑπάρχων,
2604 2244 2677 2314 μὴ
2706 2242 2832 2315 δέξῃ
2865 2241 3046 2296 αὑτῶν
3074 2243 3173 2313 τὴν
3202 2242 3495 2315 ἐρώτησιγ.

2222 2342 2284 2396 ε’,
2311 2342 2383 2401 ς’.
2418 2323 2561 2400 ’Τὰς
2590 2334 2658 2389 δὲ
2681 2335 2952 2403 ἀνομίας,
2991 2318 3146 2405 φησὶ,
3179 2333 3297 2387 τῶν
3337 2333 3607 2403 πατέρων
3631 2335 3735 2389 aii-

2151 2428 2269 2483 τῶν
2295 2425 2679 2497 διαμάρτιφαι
2704 2424 2931 2493 αὐτοῖς.
2969 2425 3080 2479 Καὶ
3109 2425 3264 2493 ἐρεῖς
3293 2425 3443 2494 πρὸς
3473 2427 3697 2492 αὐτούς
3719 2442 3733 2456 ·

2158 2517 2305 2573 Τάδε
2361 2517 2523 2586 λέγει
2589 2517 2828 2571 Ἀδωναῒ
2885 2518 3138 2585 Κύριος,
3211 2518 3336 2587 Ἀφ’
3387 2513 3462 2587 ἧς
3511 2518 3736 2586 ἡμέρας

2153 2607 2403 2678 ᾑρέτισα
2449 2605 2555 2662 τὸν
2599 2604 2768 2662 οἷκον
2814 2607 3079 2677 Ἰσραὴλ,
3124 2608 3222 2662 καὶ
3253 2606 3566 2677 ἐγνώσθην
3585 2609 3629 2640 ’⁸
3658 2607 3738 2673 τῷ

2152 2703 2445 2772 σπέρματι
2474 2704 2643 2758 οἴκου
2688 2702 2914 2766 Ἰακὼϐ,
2958 2701 3058 2756 καί
3089 2699 3402 2771 ὲγνώσθην
3431 2699 3636 2765 αὐτοῖς
3667 2700 3738 2752 ὲν

2152 2792 2230 2862 τῇ
2252 2795 2572 2863 Αἰγύπτου,
2620 2793 2717 2848 καί
2745 2793 3163 2863 ἁντελαὸόμην
3194 2792 3304 2862 τῆς
3343 2791 3539 2861 χειρὸς
3556 2792 3602 2824 ⁹⁹
3628 2797 3736 2848 ai:-

2153 2884 2291 2948 τῶν,
2325 2885 2538 2954 λέγων,
2592 2884 2740 2955 Ἐγὼ
2768 2886 2980 2953 Κύριος
3020 2888 3052 2939 ὀ
3102 2886 3248 2951 Θεὸς
3288 2884 3477 2954 ὑμῶν.
3535 2884 3632 2939 Ἐν
3658 2884 3735 2955 τῇ

2153 2974 2342 3043 ἡμέρᾳ
2371 2974 2576 3043 ἐκείνῃ
2610 2974 3027 3043 ἁντελαϐόμην
3060 2971 3260 3027 αὐτῶν
3302 2972 3376 3042 τῇ
3421 2974 3572 3044 χειρί
3589 2991 3731 3044 μου,

2153 3067 2259 3120 τοῦ
2293 3067 2530 3136 ἐξάγειν
2558 3073 2571 3098 ¹
2623 3066 2845 3132 αὐτοὺς
2890 3066 2958 3120 ἐκ
3008 3063 3118 3135 τῆς
3147 3067 3472 3136 Αίγύπτου.
3501 3069 3590 3133 εις
3622 3064 3739 3134 τὴν

462 3154 611 3222 Istis,
662 3159 861 3228 inquit,
911 3174 943 3212 ο
982 3160 1271 3229 propheta,
1312 3159 1405 3228 qui
1443 3170 1493 3213 te
1535 3158 1794 3223 adierint,
1842 3167 1896 3214 et
1931 3174 2047 3213 mea

2157 3158 2292 3229 γῆν.
2320 3158 2400 3226 ἢν
2436 3158 2735 3227 ἡτοίμασα
2761 3157 2985 3223 αὐτοῖς,
3022 3157 3138 3228 γῆν
3156 3157 3429 3225 ῥέουσαν
3453 3157 3611 3227 τάλα
3635 3158 3738 3213 καί

464 3251 743 3306 ostendito
787 3251 1078 3313 beneﬁcia,
1133 3259 1187 3307 et
1235 3259 1526 3321 parentum
1561 3250 1808 3320 ipsorum
1842 3252 2050 3306 scelera

2153 3252 2305 3322 μέλι,
2339 3253 2581 3321 κηρίον²
2612 3250 2743 3305 ἐστὶ
2772 3249 2931 3319 παρὰ
2956 3250 3164 3305 πᾶσαν
3187 3248 3301 3317 τὴν
3324 3248 3457 3319 γῆν.
3494 3250 3739 3315 Τούτοις,

463 3352 771 3409 recensete,
839 3354 1063 3397 narrato
1108 3344 1236 3399 item
1305 3343 1764 3412 quemadmodum
1788 3344 1853 3397 in
1880 3343 2052 3415 Egy-

464 3448 562 3506 pto
591 3436 908 3504 parentibus
941 3438 1211 3505 ipsorum,
1249 3436 1431 3490 adhuc
1474 3435 1641 3506 impie
1666 3435 1976 3491 viventibus
2001 3445 2054 3491 et

466 3524 854 3599 Egyptiorum
888 3529 1032 3583 idola
1078 3529 1411 3591 colentibus,
1460 3543 1546 3582 me
1588 3529 1765 3598 ipsum
1794 3529 2050 3584 ostende-

465 3622 597 3683 rim,
628 3637 832 3691 eosque
854 3622 1138 3676 docuerim
1197 3636 1282 3675 me
1307 3636 1429 3676 esse
1461 3618 1628 3674 Deum
1655 3635 1717 3674 ac
1740 3619 2051 3681 Dominum.

467 3710 683 3776 Quibus
715 3714 893 3767 verbis
927 3729 1061 3768 usus
1106 3729 1251 3777 sum,
1303 3727 1428 3766 cum
1479 3719 1532 3766 et
1572 3726 1668 3766 eos
1718 3727 1747 3766 a
1792 3713 2056 3768 servitute

466 3803 772 3865 vindicare,
800 3812 853 3856 et
883 3819 1006 3870 quae
1051 3804 1327 3872 puliicilus
1358 3818 1506 3857 eram
1540 3802 1803 3873 perlicere
1838 3805 2054 3869 vellem,

470 3904 780 3962 terramque
812 3894 975 3965 823
1008 3896 1116 3949 illis
1136 3896 1490 3966 promissam,
1520 3894 1858 3948 intinitorum
1885 3894 2056 3949 bono-

468 3998 592 4036 rum
627 3992 853 4038 matrem
891 3993 945 4039 et
997 3986 1176 4039 omnis
1218 3985 1436 4056 generis
1472 3983 1687 4040 fructus
1719 3986 1914 4041 incolis
1940 3988 2056 4043 suis

472 4074 754 4141 ferentem,
780 4076 1021 4138 tradere;
1075 4088 1126 4133 et
1164 4093 1325 4146 quam
1353 4092 1514 4132 nemo
1542 4077 1763 4141 errarit,
1790 4080 1938 4133 omni
1970 4097 2058 4135 re-

468 4165 633 4234 gione
674 4169 1106 4236 praestantiorem
1145 4184 1404 4223 asserens
1427 4207 1441 4230 ,
1487 4183 1761 4238 apumque
1792 4184 1930 4238 opus
1962 4187 2058 4240 ap-

2153 3343 2339 3414 φησὶν,
2368 3336 2414 3396 ὦ
2437 3342 2711 3413 προφῆτα.
2738 3342 2851 3405 τοῖς
2879 3339 3015 3411 πρὸς
3047 3340 3107 3394 σὲ
3142 3339 3626 3412 παραγενομένοις,
3646 3341 3741 3394 καὶ

2153 3435 2252 3499 τὰς
2274 3434 2410 3506 ἐμὰς
2439 3431 2713 3497 ὑπόδειξον
2745 3430 3086 3502 εὐεργεσίας,
3117 3432 3211 3485 καὶ⁴
3237 3430 3335 3495 τὰς
3356 3431 3466 3485 τῶν
3488 3431 3741 3503 πατέρων

2156 3526 2334 3581 αὑτῶν
2361 3524 2747 3596 άπαρίθμησαι
2776 3522 3120 3595 παρανομίας
3145 3537 3159 3550 ·
3205 3521 3460 3594 διήγησαι
3485 3520 3562 3585 δέ,
3593 3522 3743 3585 ὅπως

2156 3619 2434 3690 ἐπεφάνην
2457 3620 2514 3671 ἐν
2535 3616 2797 3687 Αἰγύπτῳ
2821 3616 2933 3680 τοῖς
2958 3614 3228 3685 πατράσιν
3252 3613 3431 3667 αὑτῶν
3453 3612 3742 3667 ἀσεϐοῦσιν

2157 3714 2258 3778 ἔτι,
2296 3713 2391 3767 καὶ
2416 3711 2483 3764 τὰ
2511 3709 2620 3764 τῶν
2651 3708 2967 3778 Αἰγυπτίων
2996 3707 3191 3761 εἴδωλα
3232 3704 3614 3778 θεραπεύουσι,
3646 3706 3742 3760 καὶ

2158 3803 2372 3868 ἐδίδαξα
2394 3803 2610 3866 αὐτοὺς.
2635 3802 2717 3855 ὅτι
2740 3799 2852 3871 ἐγὼ
2877 3800 2974 3854 καὶ
2998 3798 3136 3863 Θεός
3155 3799 3290 3870 είμι,
3320 3799 3416 3852 καὶ
3433 3797 3708 3870 Δεσπότης
3724 3814 3739 3827 ο

2160 3898 2256 3953 καὶ
2291 3896 2502 3959 τούτοις
2534 3893 2792 3966 ἐχρώμην
2835 3895 2948 3957 τοῖς
2995 3892 3197 3961 λόγοις,
3250 3892 3528 3955 ἐκείνους³
3568 3891 3744 3946 ἀπαλ-

2158 3990 2317 4058 λάξαι
2350 3990 2448 4060 τῆς
2496 3987 2736 4050 δουλείας
2769 3984 3124 4057 βουλόμενος,
3178 3984 3276 4048 τὰς
3322 3983 3379 4037 δὲ
3423 3983 3746 4053 ὑποσχέσεις

2164 4082 2469 4155 πληρῶσαι,
2522 4078 2617 4132 καὶ⁵
2658 4077 2757 4148 τὴν
2803 4076 3226 4149 ἐπηγγελμένην
3274 4074 3567 4130 ἀποδοῦναι
3616 4073 3744 4144 γῆν,

2165 4176 2376 4248 μυρίων
2433 4171 2654 4242 ἀγαθῶν
2710 4166 2878 4225 οὖσαν
2936 4172 3183 4242 μητέρα,
3235 4169 3329 4223 καὶ⁸
3374 4167 3745 4229 παντοδαποὺς

468 4262 695 4326 pellans.
727 4261 838 4317 lluc
867 4265 1012 4318 enim
1061 4263 1383 4327 declaravit,
1433 4279 1559 4315 cum
1613 4263 1789 4319 dixit:
1828 4283 1846 4313 ι
1880 4263 2050 4321 Fas-us

2162 4267 2406 4340 καρποὺς
2435 4268 2545 4329 τοῖς
2575 4260 2844 4317 ἐνοικοῦσι
2890 4261 3179 4316 τίκτουσαν
3210 4280 3223 4293 '
3274 4260 3407 4315 καὶδ
3431 4260 3531 4314 οὑκ
3574 4259 3639 4313 άν
3662 4275 3747 4321 τις

466 4362 552 4408 est
599 4370 763 4425 supra
821 4371 1041 4412 omnem
1079 4367 1303 4410 terram.
1346 4377 1365 4407 ι
1407 4357 1483 4409 Ita
1530 4360 1861 4427 nuncupavit
1909 4358 2050 4413 favos

2162 4363 2398 4432 ἁμάρτοι
2434 4358 2615 4426 πάσης
2648 4357 2745 4425 μὲν
2793 4355 2893 4425 τῆς
2939 4358 3042 4426 γῆς
3090 4353 3407 4423 ἀποφαίνων
3439 4353 3748 4424 κρείττονα,

470 4446 647 4501 multis
681 4451 891 4518 plenos.

2169 4450 2435 4526 μελιττῶν
2464 4449 2523 4503 δέ
2557 4447 2729 4518 αὑτὴν
2776 4447 3039 4518 ἐργασίαν
3075 4445 3364 4526 ἀποκαλῶν
3389 4462 3403 4475 ·
3456 4443 3614 4497 τοῦτο
3640 4442 3751 4510 γὰρ

467 4537 737 4608 ἐδήλωσεν
761 4538 999 4619 είρηκῶς
1022 4556 1034 4566 ·
1087 4557 1106 4589 ι
1139 4540 1346 4610 Κηρίον
1388 4540 1507 4595 ἐστὶ
1543 4542 1694 4615 παρὰ
1736 4545 1915 4597 πᾶσαν
1947 4546 2046 4618 τὴν
2081 4523 2203 4619 γῆν.
2238 4565 2257 4598 ι
2308 4543 2501 4599 Οὑτω⁵
2529 4541 2940 4612 προσηγόρευσε
2993 4541 3060 4594 τὰ
3100 4538 3196 4592 τοῦ
3260 4523 3475 4609 μέλιτος
3539 4536 3751 4589 πεπλτε-

472 4656 550 4710 ρω
557 4638 694 4706 μένα
724 4638 913 4710 κηρία.

544 4732 715 4789 Vens.
748 4733 803 4788 7.
835 4732 904 4787 Et
953 4733 1117 4796 dixit,
1153 4735 1355 4804 inquit,
1401 4735 1476 4789 ad.
1522 4753 1651 4793 eos:
1685 4737 2050 4811 Unusquisque

2230 4736 2295 4802 ζ’.
2326 4734 2435 4790 Καὶ
2487 4728 2618 4787 εἶπε
2659 4732 2706 4795 ⁸,
2743 4728 2902 4798 φησὶ,
2942 4725 3094 4795 πρὸς
3135 4726 3360 4792 αὐτούς
3388 4741 3402 4754 ⁸
3448 4727 3752 4789 "Emme

470 4827 892 4882 abominationes
928 4827 995 4882 ab
1036 4827 1204 4882 oculis
1257 4829 1369 4881 suis
1404 4827 1649 4897 abjiciat,
1685 4841 1734 4885 et
1792 4833 2060 4887 institutis

473 4917 697 4989 .Egypti
741 4936 801 4973 ne
843 4919 1184 4987 polluamiui,
1236 4936 1331 4989 ego
1384 4918 1642 4977 Dominus
1677 4921 1820 4978 Deus
1870 4934 2061 4980 uester.

474 5012 757 5065 Admonui
791 5021 972 5068 autem
1006 5012 1197 5082 ipsos,
1230 5013 1439 5083 inquit,
1491 5021 1553 5068 ut
1597 5016 1919 5071 societatem
1954 5015 2061 5069 im-

477 5103 704 5173 pietatis
752 5101 1143 5174 JEgyptiorum
1189 5104 1517 5174 eﬂ‘ugerent,
1560 5121 1740 5162 meam
1781 5123 1913 5163 vero
1970 5106 2065 5161 do-

2161 4829 2233 4884 τὰ
2274 4816 2668 4894 ,βδεαῑῦγματα
2722 4820 2844 4875 τῶν
2894 4817 3219 4888 ὀφθαλμῶν
3256 4816 3444 4872 αὑτοῦ
3507 4817 3754 4886 ἁπορῤἰο

2161 4922 2335 4990 ψατε,
2364 4917 2463 4973 καί
2493 4917 2564 4969 ἐν
2602 4914 2728 4980 τοῖς
2768 4911 3242 4980 ἐπιτηδεύμασιν
3261 4910 3282 4941 ⁷
3331 4909 3636 4979 Αἰγύπτου
3661 4910 3749 4979 μὴ

2156 5012 2497 5083 μιαίνεσθε,
2536 5006 2652 5077 ἐγὼ
2690 5006 2908 5074 Κύριος
2963 5004 2997 5056 ὁ
3045 5000 3190 5067 Θεὸς
3220 4999 3409 5070 ὑμῶν.
3462 4999 3753 5073 Παρῄνεσα

2159 5103 2219 5158 δέ
2265 5100 2463 5164 αὐτοὺς
2484 5116 2497 5129 ·
2528 5096 2684 5167 φησι,
2724 5095 2824 5160 τῆς
2856 5093 2957 5164 μὲν
3003 5090 3112 5145 τῶν
3143 5090 3454 5157 Αίγυπτίων
3497 5089 3752 5154 ἀσεϐείας

478 5192 835 5247 minationem
873 5201 1258 5261 agnoscerent,
1294 5208 1461 5262 quam
1511 5194 1664 5263 ipsos
1703 5203 1759 5250 et
1792 5196 1968 5261 signis
2007 5203 2050 5251 et

2164 5194 2262 5266 τὴν
2301 5189 2584 5246 κοινωνίαν
2608 5189 2826 5257 φυγεῖν,
2856 5184 2955 5254 τὴν
2984 5183 3042 5236 δὲ
3066 5182 3206 5252 ἐμὴν
3227 5180 3524 5250 ἐπιγνῶναι
3555 5182 3749 5236 δεσπο-

479 5284 766 5340 miraculis
793 5285 1145 5341 edocueram.
1179 5283 1249 5339 At
1284 5285 1362 5340 illi
1393 5301 1739 5355 nequaquam
1762 5288 1897 5342 meis
1926 5304 2061 5357 prae-

2170 5285 2341 5350 τείαν,
2396 5282 2600 5353 ταύτην
2650 5279 2847 5342 αὑτοὺς
2882 5276 2973 5330 διὰ
3028 5274 3270 5345 σημείων
3319 5274 3415 5326 καὶ
3457 5272 3753 5345 θαυμάτων

1779 5466 2017 5523 νΑῐιιΑς
2058 5466 2473 5524 LECTIONES.

556 5606 601 5639 "
636 5602 803 5657 εἰσελ.
828 5603 904 5663 εἰς
936 5617 984 5652 τ.

489 5691 657 5745 super
685 5674 888 5748 prolem
919 5671 1114 5748 domus
1148 5669 1356 5748 Jacobi.
1435 5671 1480 5748 ’ξ
1513 5688 1731 5748 τίᾳχειρ.
1782 5673 2043 5748 “eadem.
2094 5676 2162 5744 τῇ
2201 5671 2343 5743 χειρί
2402 5688 2522 5748 μου.
2606 5669 3054 5748 ίῌκέβαγαγεῖν.
3083 5734 3095 5748 1
3136 5669 3155 5692 ¹
3190 5679 3214 5745 at

1800 5745 1821 5776 ⁸
1857 5743 2084 5807 Βοῦτως
2111 5728 2578 5816 προσαγορεύσας.
2656 5743 2678 5772 ⁶
2709 5728 2807 5793 καί
2832 5728 2983 5807 prior
3011 5734 3137 5790 ltab.
3170 5728 3313 5786 me.
3352 5728 3486 5786 nec.
3518 5728 3642 5783 lect.
3669 5738 3754 5782 est

489 5739 625 5799 erat.
687 5739 726 5774 "
768 5741 827 5794 Β.
867 5740 1094 5803 ἐκείνοις
1127 5740 1239 5809 μέν.
1321 5739 1488 5810 δίκαί.
1551 5739 1694 5810 Ιίἦνζ

492 5813 643 5869 εἶπα.
717 5813 737 5839 "
769 5814 912 5866 ἐπιτ.
953 5810 1109 5865 l'lcbr.
1141 5812 1318 5866 idolis.
1350 5809 1424 5864 Ita
1447 5827 1663 5868 uuuuuc
1701 5829 1841 5870 vers.
1872 5814 1923 5869 ὃ.

1021 5599 1069 5670 β.
1102 5617 1153 5654 τ.
1179 5599 1242 5653 Θ.
1278 5598 1399 5653 Des.
1429 5600 1548 5655 loco
1572 5602 1663 5655 cit.
1697 5604 1819 5657 etin
1852 5604 1909 5657 Β.
1944 5605 1990 5636 ’⁸
2022 5603 2152 5657 Rec.
2187 5603 2310 5657 lect.
2349 5608 2435 5657 est
2461 5598 2820 5702 ἐγνωρίσθην.
2853 5595 3017 5651 Hebr.
3055 5591 3255 5648 sustuli
3298 5602 3519 5643 manum
3575 5602 3749 5641 meam

1021 5685 1112 5702 ...ηε
1157 5669 1331 5702 tamn:
1435 5671 1480 5702 es
1513 5688 1543 5702 -
1591 5689 1713 5702 ηρ...
1782 5673 1890 5702 n..-
1920 5675 2016 5702 ιη...
2095 5676 2161 5702 ,α
2201 5671 2342 5702 ...ηε
2402 5688 2501 5702 ..λη
2648 5670 2688 5702 n
2749 5667 3036 5702 ,ιεηνηυετυ
3136 5664 3155 5692 ί
3190 5677 3318 5702 πη-
3364 5657 3523 5702 Hebr-
3578 5656 3749 5702 dentis

2648 5670 2708 5725 Β.
2748 5656 3054 5735 ἐξαγαγεῖν.
3088 5734 3091 5735 ν
3136 5664 3155 5692 ¹
3190 5677 3318 5735 κηρ.
3353 5657 3530 5735 ﬂebit.
3578 5656 3750 5712 decus
