4116 6436
461 409 566 476 9'31

1453 405 1959 476 THEODORETII
1977 408 2317 471 EPISCOPI
2343 407 2709 468 CYRENSIS

2739 335 2772 361 δ

3624 393 3736 462 992

463 529 597 591 fecit
627 547 682 582 τι
715 526 781 582 Et
801 529 1041 585 Sabbnta
1067 544 1185 584 mea
1210 528 1339 585 dedi
1365 528 1501 583 eis.»
1531 527 1721 596 Neque
1746 526 1911 589 dixit,
1946 523 2040 590 Ut,

2154 542 2272 594 μου,
2314 525 2407 576 καὶ
2435 524 2504 574 τά
2529 519 2877 590 δικαιώματά
2907 535 3009 590 μου
3037 515 3314 586 ἐγνώρισα
3339 514 3550 578 αὐτοῖς,
3581 532 3600 566 ι
3636 515 3735 568 καὶ⁸

467 619 580 676 illis
599 623 928 686 observatis,
966 623 1151 675 vivant
1185 623 1238 675 in
1281 623 1362 676 eis
1398 638 1410 674 :
1442 619 1540 676 sed
1569 640 1588 672 ι
1632 628 1692 673 ut
1740 625 1930 673 essent
1961 617 2041 672 si—

470 727 635 782 gnum
664 713 920 766 interme
950 720 1004 767 et
1026 713 1168 766 inter
1188 714 1361 783 ipsos,
1412 719 1470 765 ut
1512 717 1905 782 cognoscerent
1938 707 2042 778 ipsi

470 817 557 856 me
583 816 707 855 esse
741 801 1054 867 Dominum,
1079 803 1171 871 qui
1211 801 1527 857 sanctiﬁcat
1555 817 1672 856 eos.
1703 819 1721 852 ι
1746 799 1880 853 Nam
1911 797 2043 850 Sali-

472 891 722 944 batnrum
770 891 903 961 ipsis
954 894 1130 947 otium
1193 894 1310 964 lege
1350 893 1687 962 praescripsi,
1730 906 1841 945 non
1884 889 2044 959 quasi

473 981 606 1047 ipsis
634 981 800 1034 vitam
851 983 1210 1052 suppeditare
1258 992 1475 1052 posset,
1536 983 1631 1038 sed
1674 990 1731 1036 ut
1764 982 1878 1035 haec
1923 981 2046 1034 vitae

474 1069 822 1125 instituenda:
860 1074 1000 1125 ratio
1038 1074 1343 1142 peculiaris
1375 1088 1402 1126 a
1436 1073 1681 1143 gentium
1713 1069 1929 1140 quidem
1949 1082 2046 1123 eos

473 1156 841 1227 distingueret
896 1162 1190 1222 institutis.
1244 1179 1472 1231 meaque
1514 1162 1784 1216 beneﬁcia
1832 1160 1944 1215 illis
1989 1160 2046 1213 in

471 1251 794 1302 memoriam
826 1260 1136 1306 revocaret.
1185 1252 1311 1306 Otio
1363 1255 1508 1307 enim
1559 1260 1614 1307 et
1664 1249 1984 1306 cessatione
2013 1263 2046 1303 a

467 1341 658 1394 carnis
702 1343 989 1411 operibus,
1039 1359 1164 1398 cum
1226 1345 1414 1398 dixino
1462 1345 1634 1398 cultui
1693 1343 2046 1398 continenter

472 1439 732 1484 vacarent
782 1441 837 1486 et
874 1435 1058 1488 divina
1092 1435 1353 1490 audirent
1391 1436 1637 1504 eloquia,
1677 1435 1896 1489 lucrum
1928 1450 2048 1503 per-

470 1521 749 1586 cipiebant
781 1541 795 1576 :
839 1539 962 1578 cum
986 1524 1267 1579 discerent
1299 1541 1364 1581 ex
1390 1527 1526 1595 ipsis
1558 1527 1763 1581 divinis
1788 1524 2043 1594 eloquiis,

470 1623 522 1663 et
557 1609 817 1666 factorem
857 1629 980 1668 esse
1017 1612 1208 1676 Deum,
1245 1623 1301 1670 et
1331 1616 1400 1671 de
1435 1617 1698 1671 omnibus
1745 1617 1886 1671 bene
1929 1631 2046 1669 me-

471 1701 658 1754 ritum.
684 1703 803 1754 Non
839 1703 1004 1772 igitur
1035 1707 1369 1776 simpliciter
1424 1709 1597 1762 otium
1641 1709 1809 1762 vitam
1860 1705 2046 1762 conci-

471 1790 589 1856 liat,
627 1791 720 1845 sed
760 1791 852 1846 Dei
893 1795 1154 1856 assiduus
1207 1798 1444 1854 cultus.c
1487 1797 1552 1851 Et
1575 1797 1714 1863 dixi,
1750 1798 1950 1869 inquit,
1977 1795 2045 1850 ad

475 1879 702 1934 domum
732 1881 957 1940 lsraelis
979 1886 1030 1940 in
1058 1885 1311 1942 deserto:
1345 1888 1398 1943 In
1432 1890 1722 1960 praeceptis
1760 1889 1900 1944 meis
1932 1903 2049 1942 am-

469 1970 674 2028 bulate.
712 1993 731 2026 ι

2151 613 2212 665 τὺ
2237 617 2299 665 ἐκ
2326 612 2529 665 τούτων
2549 610 2798 678 δηλώσας
2819 610 3010 678 κέρδος
3033 625 3047 638 ο
3088 625 3108 658 ι
3144 607 3242 669 Ὃς
3272 604 3339 658 ἂν
3360 605 3562 674 ποιήσῃ
3594 603 3736 656 αὐτὰ

2152 705 2456 775 ἄνθρωπος.
2481 705 2572 760 καὶ
2605 704 2836 774 ζήσεται
2887 705 2946 754 ἐν
2972 702 3158 764 αὐτοῖς
3181 716 3194 731 ο
3237 719 3256 751 ι
3285 701 3408 753 τότε
3439 697 3687 768 ἐπήγαγε
3716 713 3731 728 ’

2159 815 2175 847 ι
2215 797 2325 848 Καὶ
2346 797 2414 848 τὰ
2445 795 2699 848 Σάϐϐατά
2732 812 2832 864 μου
2883 794 3090 847 δέδωκα
3121 792 3165 822 ¹⁸
3195 791 3401 853 αὐτοῖς.
3435 808 3453 840 ι
3492 787 3604 842 Καὶ
3634 788 3736 842 οὐκ

2152 884 2326 950 εἶπεν,
2351 888 2468 939 Ἵνα
2492 885 2823 957 φυλάξαντες
2858 885 3096 955 ζήσωσιν
3126 884 3184 936 ἐν
3210 883 3426 945 αὐτοῖς’
3457 880 3598 934 ἀλλί
3615 882 3735 933 ’Ὶνα

2151 973 2184 1048 ᾗ
2221 979 2298 1039 είς
2334 979 2555 1047 σημεῖον
2584 979 2858 1046 ἀναμέσον
2910 974 3044 1045 ἐμοῦ
3104 975 3197 1027 καὶ
3226 972 3496 1042 ἀναμέσον
3529 970 3731 1036 αὐτῶν,

2153 1066 2246 1120 καὶ
2271 1067 2311 1098 ¹⁹
2339 1067 2541 1134 γνῶναι
2574 1067 2793 1128 αὐτοὺς.
2821 1066 2903 1119 ὅτι
2935 1063 3046 1131 ἐγὼ
3079 1063 3279 1134 Κύριος
3306 1065 3334 1115 ὀ
3366 1061 3607 1129 ἁγιάζων
3635 1061 3733 1114 αὐ·-

2153 1156 2300 1221 τούς.
2343 1177 2360 1209 ι
2403 1158 2513 1228 Τὴν
2547 1159 2594 1189 ³⁸
2639 1157 2747 1228 γάρ
2799 1157 2906 1210 τῶν
2964 1155 3260 1209 Σαδδάτων
3307 1155 3489 1217 αὐτοῖς
3535 1153 3736 1224 ἀργίαν

2156 1248 2542 1319 ἐνομοθέτησα,
2578 1251 2678 1320 οὐχ
2707 1250 2782 1312 ὡς
2822 1247 2968 1318 ζωὴν
3003 1245 3185 1309 αὐτοῖς
3215 1245 3473 1317 παρέχειν
3495 1244 3734 1314 δυναμέ-

2153 1357 2270 1410 νην,
2311 1339 2425 1392 ἀλλ’
2453 1340 2542 1394 ἴνα
2588 1339 2648 1392 τὸ
2699 1337 2898 1403 ἰδιάζον
2942 1341 3042 1407 τῆς
3090 1337 3364 1398 πολιτείας
3393 1336 3603 1407 χωρίζῃ
3632 1335 3732 1404 μὲν

2153 1431 2348 1494 αὐτοὺς
2392 1431 2500 1483 τῶν
2545 1430 2773 1484 ἐθνικῶν
2805 1428 3273 1499 ἐπιτηδευμάτων,
3323 1426 3434 1479 τῶν
3487 1426 3544 1479 δὲ
3579 1425 3733 1495 ἐμῶν

2153 1523 2478 1594 εὐεργεσιῶν
2522 1524 2601 1586 είς
2661 1523 2883 1593 μνήμην
2919 1520 3069 1594 ἄγῃ·
3134 1523 3200 1590 τῇ
3253 1519 3362 1589 γὰρ
3418 1519 3586 1589 ἀργία
3620 1517 3732 1571 τῶν

2155 1611 2447 1683 σαρκικῶν,
2480 1613 2573 1666 καὶ
2604 1614 2668 1683 τῇ
2720 1611 2814 1665 τοῦ
2860 1611 2996 1664 Θεοῦ
3031 1611 3328 1683 προσεδρίᾳ
3380 1611 3473 1663 καὶ
3522 1612 3588 1679 τῇ
3623 1609 3732 1663 τῶν

2154 1703 2310 1756 θείων
2350 1703 2546 1770 λογίων
2592 1703 2875 1774 ἀκροάσει,
2908 1704 2969 1756 τὸ
2998 1701 3188 1771 κέρδος
3229 1700 3554 1769 ἐλάμὸανον,
3591 1717 3729 1770 μαν-

2153 1794 2406 1856 θάνοντες
2437 1795 2501 1847 ἐκ
2534 1794 2642 1847 τῶν
2663 1793 2824 1848 θείων
2851 1794 3070 1862 λογίων,
3100 1796 3196 1847 καὶ
3224 1794 3454 1864 ποιητὴν
3476 1789 3615 1846 εἶναι
3641 1791 3732 1845 τὸν

2147 1882 2301 1944 Θεὸν,
2326 1883 2420 1935 καὶ
2447 1881 2744 1953 εὐεργέτην
2769 1899 2782 1913 ·
2825 1883 2884 1935 οὐ
2919 1882 3094 1935 τοίνυν
3126 1881 3311 1945 άπλῶς
3339 1883 3372 1950 ἠ
3397 1881 3566 1952 ἀργία
3597 1878 3734 1944 ζωο-

2160 1973 2330 2036 ποιόςο
2357 1972 2469 2025 ἀλλ’
2498 1971 2642 2045 ήτοῦ
2667 1972 2802 2027 Θεοῦ
2823 1973 3292 2046 προσεδρίαΑΚαὶ
3315 1969 3548 2040 εἷπον’¹,
3573 1972 3731 2043 φησὶ,

468 2061 604 2132 πρὸς
624 2062 717 2116 τὺν
753 2058 900 2118 οἶκον
920 2065 1016 2118 τοῦ
1061 2068 1280 2139 Ἰσραὴλ
1302 2069 1362 2122 ἐν
1393 2073 1458 2142 τῇ
1513 2071 1726 2142 ἐρήμῳ·
1783 2070 1872 2124 Ἐν
1898 2071 2012 2133 τοῖς
2047 2062 2437 2134 προστάγμασι
2467 2081 2570 2135 μου
2595 2061 2951 2134 πορεύεσθε.ο

543 2151 705 2208 Vens.

469 2242 524 2296 in
585 2244 833 2307 deserto,
903 2239 958 2298 in
1022 2250 1296 2316 pra-captis
1370 2251 1497 2305 meis
1572 2267 1676 2305 non
1744 2252 2049 2306 ambulave-

469 2345 635 2401 runt,
690 2344 740 2390 et
781 2339 799 2360 ⁶
843 2337 1260 2407 iustiﬁcationes
1315 2358 1458 2398 mea:
1502 2343 1876 2414 projecerunt,
1933 2359 2050 2414 qua:

468 2427 519 2480 ai
572 2426 753 2494 fecerit
804 2429 959 2482 homo
992 2472 1006 2496 ,
1053 2431 1184 2485 vivet
1242 2433 1294 2486 in
1352 2436 1474 2500 eia,
1540 2444 1591 2490 et
1647 2436 1872 2491 sabbata
1935 2453 2052 2491 mea

466 2519 778 2589 polluerunt
839 2521 1182 2578 vehementer.
1251 2523 1473 2584 Rursus
1532 2527 1624 2583 hic
1687 2528 2050 2584 sabbatorum

470 2611 762 2677 separatim
819 2613 1154 2668 mentionem
1193 2614 1343 2682 fecit,
1390 2633 1572 2687 neque
1618 2633 1680 2674 ea
1735 2634 1863 2674 cum
1919 2617 2044 2673 aliis

466 2699 966 2769 iustiﬁcationibus
1011 2704 1328 2774 conjunxit.
1379 2707 1572 2780 Neque
1623 2709 1772 2764 enim
1823 2711 1962 2774 haec,
1993 2718 2054 2765 ut

471 2789 596 2853 illae,
629 2791 798 2845 vitam
825 2794 993 2865 826
1025 2797 1351 2863 conciliant,
1413 2799 1511 2855 sed
1556 2800 1854 2869 quamdam
1888 2816 2054 2871 pecu-

471 2877 664 2932 liarem
697 2880 824 2935 vita:
865 2882 1222 2940 instituenda!
1274 2884 1509 2940 formam
1558 2889 1872 2943 continent.
1912 2888 2054 2944 Illud

470 2969 620 3023 enim
650 2988 663 3023 :
703 2989 723 3022 ι
757 2971 876 3027 Non
909 2976 1304 3042 mcecbaberis,
1342 2994 1454 3032 non
1515 2979 1762 3046 occides,
1795 2995 1909 3035 non
1963 2981 2055 3035 fu-

469 3061 748 3129 rabcriss,
780 3082 802 3115 ε»
833 3072 887 3119 et
916 3067 1024 3120 alia
1045 3083 1170 3121 cum
1201 3068 1292 3124 his
1323 3069 1648 3138 conjuncta,
1670 3071 1809 3127 alios
1832 3088 2055 3142 quoque

472 3153 725 3208 homines
745 3163 958 3214 naturae
985 3160 1072 3214 lex
1091 3160 1282 3215 docuit
1316 3176 1330 3212 :
1360 3169 1420 3215 at
1465 3161 1692 3217 Sabbati
1722 3163 2054 3220 observandi

471 3257 584 3297 non
625 3253 820 3300 natura
854 3248 1139 3318 magistra,
1177 3250 1272 3305 sed
1296 3250 1592 3320 legislatio.
1628 3253 1684 3306 In
1727 3254 1852 3308 aliis
1887 3253 2058 3323 igitur

468 3349 598 3388 cum
633 3337 759 3390 aliis
784 3342 1400 3411 communionejuncli,
1434 3344 1488 3395 in
1513 3343 1901 3400 observatione
1928 3343 2060 3402 Sab-

471 3423 584 3479 bati
614 3429 898 3496 propriam
959 3431 1254 3498 quamdam
1289 3430 1624 3487 videbantur
1645 3435 1896 3489 obtinere
1929 3437 2055 3490 vitae

469 3517 764 3572 rationem.
797 3519 956 3574 Nulla
991 3523 1139 3576 enim
1166 3522 1273 3576 alia
1315 3539 1450 3590 gens
1496 3524 1601 3580 hoc
1645 3527 1818 3580 otium
1855 3528 2050 3583 obser-

471 3606 654 3658 vabat.
688 3605 876 3676 Neque
911 3610 1269 3666 circumcisio
1302 3613 1375 3666 ita
1419 3615 1566 3683 ipsos
1602 3615 1669 3669 ab
1699 3617 1832 3672 aliis
1861 3616 2052 3672 distin-

473 3696 700 3762 guebat,
764 3705 827 3749 ιιι
886 3697 1185 3754 Sabbatum
1237 3703 1496 3774 :quippe
1563 3706 2049 3764 circumcisionem

472 3785 697 3840 Idumaei
744 3805 968 3858 quoque
1028 3806 1220 3849 omnes
1275 3795 1584 3860 habebant,
1639 3801 1734 3868 qui
1787 3801 1856 3853 ali
1906 3801 2049 3856 Esau

473 3893 650 3946 genus
682 3878 980 3948 ducebant,
1015 3892 1071 3936 et
1124 3886 1421 3943 lsmaelitae
1473 3889 1776 3957 similiter;
1807 3890 2050 3964 Egyptii

475 3968 602 4022 item
633 3985 661 4023 a
709 3967 916 4028 Judaais
960 3974 1101 4030 hanc
1151 3975 1331 4033 edocti
1385 3979 1684 4036 observare
1727 3983 2048 4042 studebant.

471 4059 629 4126 Quod
673 4077 775 4132 per
811 4065 1137 4135 prophetam
1185 4067 1481 4125 Jeremiam
1526 4069 1674 4129 Deus
1723 4074 2048 4141 declaravit,

469 4162 596 4204 cum
635 4152 840 4206 dixerit
877 4171 892 4208 :
923 4172 942 4205 ι
981 4153 1048 4208 Ει
1083 4156 1322 4213 visitabo
1352 4174 1522 4230 super
1559 4176 1757 4220 omnes
1804 4165 2050 4220 circum-

470 4241 618 4297 cisus
651 4245 918 4314 praeputio
951 4246 1221 4314 ipsorum,
1250 4263 1416 4318 super
1447 4249 1772 4323 Egyptum,
1795 4263 1850 4308 et
1883 4269 2053 4326 super

469 4331 665 4395 Edom.
710 4353 730 4386 ι
761 4345 817 4390 et
855 4353 978 4406 quae
1010 4342 1389 4410 sequunturh.
1421 4341 1653 4398 Sabbati
1708 4361 1840 4400 vero
1867 4347 2053 4402 obser-

470 4427 748 4481 vationem
784 4431 901 4485 sola
925 4429 1239 4487 Iudaeorum
1266 4435 1420 4490 natio
1441 4436 1808 4494 custodiebat.
1838 4439 2051 4496 idcirco

469 4516 608 4571 dixit
655 4515 801 4573 Deus
830 4537 844 4572 :
877 4537 897 4569 ι
961 4517 1206 4576 Sabbata
1266 4537 1385 4577 mea
1434 4523 1558 4578 dedi
1591 4525 1695 4588 eis,
1751 4535 1813 4580 ut
1859 4538 2050 4584 essent

470 4606 688 4675 signum
735 4607 883 4662 inter
932 4623 1019 4662 me
1055 4618 1113 4664 et
1136 4617 1284 4666 inter
1332 4613 1506 4683 ipsos,
1536 4624 1599 4669 ut
1645 4628 2052 4688 cognoscerent

470 4711 558 4750 me
591 4713 715 4752 esse
752 4696 1067 4764 Dominum,
1100 4703 1194 4771 qui
1230 4703 1545 4761 sanctiﬁcat
1587 4721 1704 4762 eos.
1745 4727 1765 4760 ι
1795 4707 2049 4764 Comme-

470 4797 687 4844 morata
718 4790 885 4859 igitur
913 4793 1133 4848 illorum
1164 4795 1218 4850 in
1241 4795 1482 4868 ,Ἑωριο
1511 4802 1885 4867 contumacia,
1919 4818 2050 4857 sua-

471 4895 576 4946 que
598 4881 1041 4951 longanimitate,
1077 4900 1278 4943 rursus
1301 4903 1492 4944 earum
1527 4890 1710 4961 legum
1753 4908 1897 4962 quas
1925 4894 2051 4948 tulit

474 4972 529 5024 in
559 4974 880 5040 solitudine,
912 4986 967 5032 et
993 4989 1398 5049 praceptorum
1446 4985 1785 5039 mentionem
1818 4985 1974 5050 fecit,
1995 4996 2051 5042 et

477 5070 536 5115 ut
574 5063 648 5116 illi
677 5065 901 5122 obedire
925 5078 1249 5126 recusantes
1295 5086 1360 5126 ea
1384 5073 1689 5129 violarunt.
1714 5074 1925 5131 Deinde
1953 5077 2051 5132 do-

477 5164 564 5210 cet
582 5163 636 5212 et
660 5158 868 5228 justam
902 5173 1060 5214 suam
1082 5163 1244 5230 iram,
1265 5171 1321 5221 et
1347 5165 1683 5222 inetfabilem
1721 5165 2046 5224 bonitatem.

548 5479 574 5524 ε
614 5468 886 5540 Ειοά.ικ,
928 5474 1026 5541 M;
1057 5475 1246 5532 Matth.
1275 5494 1328 5540 v,
1359 5480 1449 5534 27.
1490 5482 1517 5519 ιι
1549 5479 1752 5545 ,ιρι-ειη,
1799 5497 1874 5546 ιιι,
1899 5483 1990 5545 25,
2033 5484 2122 5541 26.

770 2154 857 2207 15.
910 2153 978 2206 Et
1033 2156 1379 2211 irritaverant
1432 2175 1514 2213 me
1573 2161 1763 2215 domus
1821 2158 2044 2214 Israelis
2081 2156 2124 2214 Β

2227 2161 2314 2223 ιγ’.
2339 2154 2449 2208 Καὶ
2489 2154 2944 2223 παρεπίκρανάν
2965 2171 3040 2224 με
3061 2157 3094 2209 ὀ
3127 2151 3289 2221 οἶκος
3327 2153 3433 2208 τοῦ
3483 2151 3735 2222 Ἰσραὴλ

2148 2245 2219 2299 ἐν
2255 2245 2332 2315 τῇ
2368 2246 2564 2316 ἐρήμῳ
2605 2265 2618 2277 ·
2671 2247 2740 2300 ἐν
2811 2245 2938 2313 τοῖς
2967 2245 3386 2316 προστάγμασι
3437 2263 3556 2313 μου
3621 2245 3736 2299 οὐκ

2150 2336 2590 2405 ἐπορεύθησαν,
2619 2338 2716 2390 καί
2757 2337 2829 2391 τὰ
2865 2335 3225 2407 δικαιώματά
3245 2355 3362 2406 μου
3387 2337 3734 2400 ἀπώσαντο,

2151 2426 2189 2481 ᾱ
2213 2429 2452 2494 ποιήσει
2479 2429 2630 2484 αὐτὰ
2658 2428 2990 2497 ἅνθρωπος,
3013 2428 3112 2482 καί
3133 2427 3374 2494 ζήσεται
3413 2427 3484 2482 ἐν
3506 2427 3735 2494 αὐτοῖς,

2152 2519 2252 2572 καί
2279 2521 2350 2573 τὰ
2394 2501 2668 2575 Σάϐϐατά
2697 2538 2818 2590 μου
2842 2519 3228 2586 ἐὸεϐήλωσαν
3269 2519 3523 2588 σφόδρα.
3563 2517 3737 2572 Πάλιν

2153 2609 2430 2665 κάνταῦθα
2459 2610 2882 2682 κεχωρισμένως
2919 2610 3164 2682 ἐμνήσθη
3188 2609 3298 2664 τῶν
3327 2609 3640 2673 Σαϐϐάτων,
3671 2609 3733 2662 οὐ

2155 2701 2393 2771 συνάψας
2423 2702 2562 2756 αὐτὰ
2592 2703 2705 2764 τοῖς
2760 2701 2940 2764 ἀλλοις
2990 2701 3357 2771 δικαιώμασιν
3390 2719 3402 2731 ·
3447 2701 3572 2755 οὔτε
3625 2700 3736 2773 γὰρ

2154 2793 2390 2857 ζωοποιὰ
2415 2792 2588 2847 ταῦτα
2613 2793 2690 2858 ὡς
2719 2795 2925 2858 ἐκεῖνα,
2957 2793 3095 2847 ἀλλὰ
3147 2793 3422 2857 πολιτείας
3463 2791 3737 2858 ἰδιάζοντα

2152 2901 2273 2936 τινα
2325 2883 2646 2955 περιέχοντα
2699 2885 3044 2955 χαρακτῆρα.
3098 2885 3171 2937 Τὸ
3233 2885 3332 2953 μὲν
3380 2884 3530 2956 γὰρ,
3584 2905 3602 2937 ι
3658 2885 3734 2939 Οὐ

2158 2975 2484 3045 μοιχεύσεις,
2512 2975 2573 3028 οὐ
2606 2974 2909 3043 φονεύσεις,
2939 2976 3001 3028 ού
3026 2974 3246 3045 κλέψεις
3272 3015 3286 3039 ,
3332 2995 3350 3028 ι
3380 2977 3477 3030 καὶ
3504 2976 3573 3030 τὰ
3603 2976 3736 3031 ἄλλα

2155 3065 2223 3118 τὰ
2244 3065 2454 3129 τούτοις
2481 3067 2824 3136 συνημμένα,
2855 3067 2949 3120 καὶ
2973 3067 3102 3130 τοὺς
3132 3065 3330 3131 ἄλλους
3356 3068 3675 3139 ἀνθρώπους
3708 3071 3737 3122 ὁ

2154 3155 2256 3224 τῆς
2305 3155 2520 3224 φύσεως
2571 3157 2816 3211 ἐδίδασκε
2866 3159 3065 3227 νόμος·
3091 3160 3191 3230 τῆς
3224 3159 3280 3213 δὲ
3327 3160 3422 3212 τοῦ
3454 3159 3736 3213 Σαὸὁάτου

2157 3247 2404 3318 φυλακῆς
2443 3248 2541 3318 οὐχ
2575 3247 2608 3318 ἡ
2657 3247 2818 3316 φύσις
2858 3249 3202 3314 διδάσκαλος,
3256 3250 3427 3321 ἀλλ’ἢ
3460 3251 3610 3315 θέσις
3641 3252 3736 3304 τοῦ

2157 3339 2320 3407 νόμου
2349 3354 2364 3369 °
2405 3339 2546 3393 κατὰ
2571 3339 2640 3393 τὰ
2666 3340 2802 3394 ἄλλα
2825 3340 3006 3394 τοίνυν
3055 3344 3168 3406 τοῖς
3203 3342 3386 3406 ἄλλοις
3421 3343 3740 3397 κοινωνούν-

2115 3493 2125 3514 ι
2157 3448 2272 3497 τες,
2295 3430 2437 3484 κατὰ
2462 3431 2560 3502 τὴν
2593 3431 2689 3485 τοῦ
2720 3433 2998 3486 Σαϐϐάτου
3030 3433 3298 3504 φυλακὴν,
3329 3435 3466 3486 ίδίαν
3489 3433 3608 3487 τινὰ
3641 3451 3739 3488 πο-

2161 3521 2368 3575 λιτείαν
2415 3521 2559 3591 ἔχειν
2603 3522 2841 3578 ἐδόκουν.
2875 3523 3039 3576 Ούδέν
3080 3525 3190 3594 γὰρ
3231 3526 3340 3577 τῶν
3371 3525 3543 3579 ἄλλων
3567 3525 3739 3579 ἐθνῶν

2156 3612 2362 3684 ταύτην
2397 3613 2663 3682 ἐφύλαττε
2689 3613 2786 3685 τὴν
2819 3615 3068 3686 ἀργείαν.
3115 3615 3248 3668 Οὐδὲ
3283 3618 3314 3686 ἠ
3346 3616 3616 3687 περιτομὴ
3643 3616 3739 3669 οὕ-

2157 3723 2266 3767 τως
2308 3705 2507 3769 αὺτοὺς
2548 3704 2656 3758 τῶν
2705 3705 2884 3759 ἄλλων
2913 3705 3198 3776 ἐχώριζεν,
3229 3706 3304 3770 ὡς
3332 3707 3391 3759 τὺ
3421 3704 3696 3760 Σάδδατον
3720 3725 3735 3739 ο

2158 3796 2256 3866 τὴν
2281 3796 2391 3866 γὰρ
2411 3796 2714 3867 περιτομὴν
2750 3799 2846 3850 καὶ
2891 3799 3178 3868 Ἰδουμαῖοι
3211 3799 3409 3860 πάντες
3437 3795 3602 3868 εἶχον,
3632 3799 3740 3852 ἀπὸ

2157 3886 2252 3941 τοῦ
2296 3887 2466 3940 Ἦσαῦ
2517 3888 2577 3941 τὸ
2637 3888 2796 3957 γένος
2846 3890 3178 3958 κατάγοντες
3205 3907 3218 3919 ·
3261 3891 3356 3944 καὶ
3398 3891 3738 3960 Ἰσμαηλῖται

2156 3977 2438 4044 ὡσαύτως,
2471 3979 2564 4032 καὶ
2607 3979 2896 4048 Αἰγύπτιοι
2925 3981 2982 4033 δέ
3016 3980 3167 4052 παρὰ
3219 3981 3486 4036 Ἰουδαίων
3532 3981 3738 4051 ταύτην

2162 4071 2426 4141 μαθόντες
2473 4072 2764 4140 φυλάττειν
2811 4072 3165 4138 ἐσπούδαζον.
3203 4073 3316 4126 Καὶ
3345 4073 3505 4127 τοῦτο
3543 4073 3572 4126 6
3602 4072 3738 4136 Θεὸς

2157 4163 2244 4216 διὰ
2277 4164 2374 4218 τοῦ
2406 4165 2684 4235 προφήτου
2718 4165 2986 4235 Ἰερεμίου
3003 4164 3329 4236 δεδήλωκεν,
3357 4164 3527 4218 είπών
3550 4181 3595 4216 ἰ
3629 4164 3738 4219 Καὶ

2159 4256 2524 4328 ἐπισκέψομαι
2576 4257 2669 4310 ἐπὶ
2712 4256 2923 4322 πάντας
2963 4257 3468 4327 περιτετμημένους
3498 4256 3738 4328 ἀκροϐυ-

2159 4347 2313 4400 στίαν
2338 4347 2541 4411 αὐτῶν,
2571 4349 2658 4401 ἐπ’
2686 4347 2979 4416 Αἴγυπτον,
3004 4348 3098 4402 καὶ¹
3119 4350 3210 4402 ἐπὶ
3253 4347 3450 4418 Ἐδὼμ,
3490 4367 3508 4399 ι
3547 4346 3644 4401 καὶ
3670 4347 3739 4400 τά

2159 4437 2304 4507 ἑξῆς.
2340 4438 2451 4508 Τὴν
2479 4438 2536 4492 δέ
2568 4437 2665 4492 τοῦ
2691 4439 2970 4494 Σαϐϐάτου
3002 4439 3250 4510 φυλακὴν
3303 4440 3464 4510 μόνον
3491 4439 3555 4492 τὺ
3603 4439 3739 4492 ’1ου-

2157 4529 2321 4583 δαίων
2361 4529 2665 4598 ἐφύλαττεν
2711 4530 2882 4594 ἔθνος.
2929 4531 3022 4584 Διδ
3055 4531 3158 4602 ἔφη
3187 4533 3216 4584 ὁ
3267 4513 3402 4593 Θεὸς
3446 4532 3528 4584 ὅτι
3553 4545 3567 4561 ⁸
3597 4548 3616 4581 ι
3659 4528 3740 4583 Τὰ

2158 4620 2418 4675 Σάϐϐατά
2472 4639 2573 4692 μου
2616 4621 2792 4675 ἔδωκα
2843 4624 3047 4686 αὐτοῖς,
3100 4622 3196 4676 τοῦ
3230 4617 3370 4675 εἶναι
3403 4624 3484 4684 είς
3515 4624 3739 4691 σημεῖον

2157 4714 2432 4784 ἀναμέσον
2463 4713 2599 4784 ἐμοῦ
2657 4715 2754 4767 καὶ
2807 4715 3083 4784 ἀναμέσον
3131 4713 3330 4777 αὐτῶν,
3383 4713 3477 4766 τοῦ
3535 4713 3738 4780 γνῶναι

2157 4804 2239 4856 ὅτι
2272 4804 2317 4835 ’⁸
2345 4802 2457 4870 ἐγὼ
2483 4803 2685 4875 Κύριος
2703 4806 2732 4858 ὁ
2757 4804 2998 4868 ἁγιάζων
3023 4803 3240 4868 αὐτούς.
3268 4822 3286 4856 ι
3327 4803 3738 4872 Διηγησάμενος

2153 4894 2332 4946 τοίνυν
2361 4893 2458 4964 τὴν
2481 4897 2542 4946 ἐν
2571 4895 2830 4965 Αἰγύπτῳ
2857 4896 3154 4966 γενομένην
3188 4896 3413 4949 ἐκείνων
3443 4895 3541 4966 μὲν
3572 4894 3737 4948 ἀπεί-

2155 4985 2321 5052 θειαν,
2366 4987 2533 5040 αὐτοῦ
2563 4987 2619 5041 δέ
2667 4987 3072 5058 μακροθυμίαν,
3107 4989 3270 5044 πάλιν
3299 4990 3408 5043 τῶν
3445 4988 3590 5042 κατὰ
3635 4989 3736 5058 τὴν

2153 5077 2358 5148 ἔρημον
2393 5079 2667 5148 ἀνέμνησε
2689 5078 3040 5149 νομοθεσιῶν,
3075 5080 3170 5133 καὶ
3205 5082 3611 5148 παραινέσεων.
3640 5077 3739 5131 καὶ

2154 5170 2250 5238 τῆς
2280 5170 2504 5224 ἐκείνων
2528 5169 2836 5238 ἀντιλογίας
2865 5172 2958 5224 καὶ
2989 5171 3376 5242 παρασάσεως.
3407 5167 3541 5223 Εἶτα
3591 5168 3738 5222 διδά-

2151 5279 2267 5314 σκει
2299 5262 2398 5330 μὲν
2434 5260 2530 5330 τὴν
2552 5261 2766 5316 δικαίαν
2796 5262 2987 5333 ὀργὴν,
3015 5262 3255 5317 διδάσκει
3306 5261 3361 5316 δέ
3397 5263 3489 5315 καὶ
3513 5260 3614 5330 τὴν
3642 5257 3740 5328 tip-

2165 5354 2325 5421 ρητον
2358 5352 2690 5423 άγαθότητα.

1742 5588 1974 5644 νΑιιιίΕ
2014 5591 2426 5648 LECTIONES.

551 5671 596 5705 ¹⁸
701 5671 895 5726 ἔδωκα.
930 5740 941 5745 _
974 5673 1175 5745 "ﬁat:
1210 5674 1250 5725 Β
1280 5674 1396 5730 τοῦ.
1475 5677 1520 5709 ³ο
1551 5678 1650 5744 τὴν
1678 5695 1711 5745 γ

1715 5677 1989 5753 ἀρηκητ.
2028 5681 2076 5736 λ.
2132 5682 2186 5736 In
2243 5682 2282 5734 Β
2326 5682 2628 5753 ascriptum
2684 5692 2766 5738 est
2822 5684 2876 5739 in
2922 5683 3169 5752 margine
3199 5724 3214 5748 ,
3246 5683 3373 5753 περὶ
3437 5679 3729 5734 σαϐϐάτου.

479 5740 1126 5824 ’χχιιι-,πορεύεσθελ
1150 5742 1271 5799 Des.
1307 5745 1358 5799 in
1422 5740 1700 5824 itehrfln'
1739 5740 1859 5803 cod.
1900 5751 2052 5808 Alex.
2113 5753 2218 5806 alia
2273 5751 2452 5808 adhuc
2480 5740 2794 5822 sequuntur
2845 5761 2969 5823 post
3002 5740 3298 5823 πορεύεσθε
3318 5740 3340 5819 ’,
3366 5767 3486 5824 qua:
3515 5760 3735 5808 exstant

480 5811 718 5865 etiamin
751 5811 814 5862 Δ.
879 5814 922 5842 ’³
950 5812 1052 5866 ὅτι.
1091 5811 1126 5864 Β
1161 5830 1343 5882 prmm.
1387 5815 1602 5878 αὐτούς.
