  <div class='ocr_page' id='page_1' title='image "/cluster/home/n/w/nwhite01/storage/ocr_20150623/81:no.2/coo.31924054869825/504.png"; bbox 0 0 4116 6414; ppageno 0'>
   <div class='ocr_carea' id='block_1_1' title="bbox 384 306 631 425">
    <p class='ocr_par' dir='ltr' id='par_1_1' title="bbox 384 306 631 425">
     <span class='ocr_line' id='line_1_1' title="bbox 384 306 631 425; baseline -0.004 -1"><span class='ocrx_word' id='word_1_1' title='bbox 384 364 489 425; x_wconf 71' lang='lat'><strong><em>9‘33</em></strong></span> <span class='ocrx_word' id='word_1_2' title='bbox 570 306 631 356; x_wconf 47' lang='grc' dir='ltr'><strong><em>θ</em></strong></span> 
     </span>
    </p>
   </div>
   <div class='ocr_carea' id='block_1_2' title="bbox 1553 361 2451 451">
    <p class='ocr_par' dir='ltr' id='par_1_2' title="bbox 1553 361 2451 451">
     <span class='ocr_line' id='line_1_2' title="bbox 1553 361 2451 451; baseline 0.003 -29"><span class='ocrx_word' id='word_1_3' title='bbox 1553 363 1634 422; x_wconf 90' lang='grc' dir='ltr'><strong><em>ΙΝ</em></strong></span> <span class='ocrx_word' id='word_1_4' title='bbox 1661 361 2109 422; x_wconf 76' lang='lat' dir='ltr'><strong><em>EZECHIELIS</em></strong></span> <span class='ocrx_word' id='word_1_5' title='bbox 2135 363 2294 451; x_wconf 46' lang='lat' dir='ltr'><strong><em>CAP;</em></strong></span> <span class='ocrx_word' id='word_1_6' title='bbox 2323 365 2451 425; x_wconf 80' lang='lat' dir='ltr'><strong><em>XX.</em></strong></span> 
     </span>
    </p>
   </div>
   <div class='ocr_carea' id='block_1_3' title="bbox 3551 365 3658 428">
    <p class='ocr_par' dir='ltr' id='par_1_3' title="bbox 3551 365 3658 428">
     <span class='ocr_line' id='line_1_3' title="bbox 3551 365 3658 428; baseline -0.028 0"><span class='ocrx_word' id='word_1_7' title='bbox 3551 365 3658 428; x_wconf 70' lang='grc'><strong><em>994</em></strong></span> 
     </span>
    </p>
   </div>
   <div class='ocr_carea' id='block_1_4' title="bbox 460 460 1962 540">
    <p class='ocr_par' dir='ltr' id='par_1_4' title="bbox 460 460 1962 536">
     <span class='ocr_line' id='line_1_4' title="bbox 460 460 1962 536; baseline 0.001 -19"><span class='ocrx_word' id='word_1_8' title='bbox 460 467 542 518; x_wconf 84' lang='grc' dir='ltr'><strong>ιδ’.</strong></span> <span class='ocrx_word' id='word_1_9' title='bbox 577 465 683 518; x_wconf 79' lang='grc' dir='ltr'><em>Καὶ</em></span> <span class='ocrx_word' id='word_1_10' title='bbox 740 460 916 519; x_wconf 75' lang='grc' dir='ltr'><strong>εἶπον</strong></span> <span class='ocrx_word' id='word_1_11' title='bbox 976 465 1082 519; x_wconf 80' lang='grc' dir='ltr'><strong>τοῦ</strong></span> <span class='ocrx_word' id='word_1_12' title='bbox 1131 465 1337 534; x_wconf 80' lang='grc' dir='ltr'><strong><em>ἐκχέαι</em></strong></span> <span class='ocrx_word' id='word_1_13' title='bbox 1371 466 1478 519; x_wconf 72' lang='grc' dir='ltr'><strong>τὸν</strong></span> <span class='ocrx_word' id='word_1_14' title='bbox 1510 467 1704 536; x_wconf 83' lang='grc' dir='ltr'><strong>θυμόν</strong></span> <span class='ocrx_word' id='word_1_15' title='bbox 1729 483 1851 536; x_wconf 91' lang='grc' dir='ltr'><strong><em>μου</em></strong></span> <span class='ocrx_word' id='word_1_16' title='bbox 1879 466 1962 518; x_wconf 70' lang='grc' dir='ltr'><strong>ἐπ⁴</strong></span> 
     </span>
    </p>
   </div>
   <div class='ocr_carea' id='block_1_5' title="bbox 2063 460 3657 540">
    <p class='ocr_par' dir='ltr' id='par_1_5' title="bbox 2145 466 3657 540">
     <span class='ocr_line' id='line_1_5' title="bbox 2145 466 3657 540; baseline 0 -19"><span class='ocrx_word' id='word_1_17' title='bbox 2145 466 2312 524; x_wconf 73' lang='lat' dir='ltr'><strong><em>Vens.</em></strong></span> <span class='ocrx_word' id='word_1_18' title='bbox 2355 471 2443 524; x_wconf 69' lang='grc'><strong>14.</strong></span> <span class='ocrx_word' id='word_1_19' title='bbox 2491 468 2556 522; x_wconf 85' lang='lat' dir='ltr'><strong><em>Et</em></strong></span> <span class='ocrx_word' id='word_1_20' title='bbox 2613 469 2764 536; x_wconf 76' lang='lat' dir='ltr'><strong><em>dixi,</em></strong></span> <span class='ocrx_word' id='word_1_21' title='bbox 2811 469 2926 540; x_wconf 76' lang='lat' dir='ltr'><strong><em>fore</em></strong></span> <span class='ocrx_word' id='word_1_22' title='bbox 2968 479 3023 522; x_wconf 89' lang='lat' dir='ltr'><strong><em>ut</em></strong></span> <span class='ocrx_word' id='word_1_23' title='bbox 3056 470 3381 540; x_wconf 69' lang='lat' dir='ltr'><strong><em>eﬂ&#39;underem</em></strong></span> <span class='ocrx_word' id='word_1_24' title='bbox 3421 468 3657 539; x_wconf 79' lang='lat' dir='ltr'><strong><em>furorem</em></strong></span> 
     </span>
    </p>
   </div>
   <div class='ocr_carea' id='block_1_6' title="bbox 381 553 1963 625">
    <p class='ocr_par' dir='ltr' id='par_1_6' title="bbox 381 553 1963 625">
     <span class='ocr_line' id='line_1_6' title="bbox 381 553 1963 625; baseline 0.001 -16"><span class='ocrx_word' id='word_1_25' title='bbox 381 554 606 620; x_wconf 81' lang='grc' dir='ltr'><strong>αὐτοὺς</strong></span> <span class='ocrx_word' id='word_1_26' title='bbox 654 554 724 607; x_wconf 80' lang='grc' dir='ltr'><strong><em>ἐν</em></strong></span> <span class='ocrx_word' id='word_1_27' title='bbox 775 553 853 624; x_wconf 79' lang='grc' dir='ltr'><strong>τῇ</strong></span> <span class='ocrx_word' id='word_1_28' title='bbox 877 553 1096 625; x_wconf 64' lang='grc' dir='ltr'><strong>ἐρήμῳ.</strong></span> <span class='ocrx_word' id='word_1_29' title='bbox 1125 555 1231 609; x_wconf 84' lang='grc' dir='ltr'><strong>τοῦ</strong></span> <span class='ocrx_word' id='word_1_30' title='bbox 1293 555 1678 621; x_wconf 72' lang='grc' dir='ltr'><strong><em>ἐξαναλῶσαι</em></strong></span> <span class='ocrx_word' id='word_1_31' title='bbox 1719 557 1963 623; x_wconf 87' lang='grc' dir='ltr'><strong>αὐτούς.</strong></span> 
     </span>
    </p>
   </div>
   <div class='ocr_carea' id='block_1_7' title="bbox 379 645 1968 717">
    <p class='ocr_par' dir='ltr' id='par_1_7' title="bbox 379 645 1968 717">
     <span class='ocr_line' id='line_1_7' title="bbox 379 645 1968 717; baseline 0 -15"><span class='ocrx_word' id='word_1_32' title='bbox 379 645 489 702; x_wconf 80' lang='lat' dir='ltr'><strong><em>Kal</em></strong></span> <span class='ocrx_word' id='word_1_33' title='bbox 517 646 778 714; x_wconf 77' lang='grc' dir='ltr'><strong>ἐποίησα</strong></span> <span class='ocrx_word' id='word_1_34' title='bbox 812 647 974 713; x_wconf 84' lang='grc' dir='ltr'><strong>ὅπως</strong></span> <span class='ocrx_word' id='word_1_35' title='bbox 1003 646 1072 702; x_wconf 83' lang='grc' dir='ltr'><strong>τὸ</strong></span> <span class='ocrx_word' id='word_1_36' title='bbox 1102 647 1292 716; x_wconf 79' lang='grc' dir='ltr'><strong>ὄνομα</strong></span> <span class='ocrx_word' id='word_1_37' title='bbox 1317 665 1438 716; x_wconf 87' lang='grc' dir='ltr'><strong><em>μου</em></strong></span> <span class='ocrx_word' id='word_1_38' title='bbox 1474 649 1520 680; x_wconf 73' lang='grc'><strong><em>’⁸</em></strong></span> <span class='ocrx_word' id='word_1_39' title='bbox 1569 649 1634 702; x_wconf 81' lang='grc' dir='ltr'><strong>τὸ</strong></span> <span class='ocrx_word' id='word_1_40' title='bbox 1678 648 1968 717; x_wconf 82' lang='grc' dir='ltr'><strong>παράπαν</strong></span> 
     </span>
    </p>
   </div>
   <div class='ocr_carea' id='block_1_8' title="bbox 376 733 1969 810">
    <p class='ocr_par' dir='ltr' id='par_1_8' title="bbox 376 733 1969 810">
     <span class='ocr_line' id='line_1_8' title="bbox 376 733 1969 810; baseline 0 -18"><span class='ocrx_word' id='word_1_41' title='bbox 376 738 462 809; x_wconf 75' lang='grc' dir='ltr'><strong>μὴ</strong></span> <span class='ocrx_word' id='word_1_42' title='bbox 494 735 818 805; x_wconf 76' lang='grc' dir='ltr'><strong>,βεϐηλωθῇ</strong></span> <span class='ocrx_word' id='word_1_43' title='bbox 856 737 1116 791; x_wconf 82' lang='grc' dir='ltr'><strong>ἐνώπιον</strong></span> <span class='ocrx_word' id='word_1_44' title='bbox 1151 735 1272 790; x_wconf 85' lang='grc' dir='ltr'><strong>τῶν</strong></span> <span class='ocrx_word' id='word_1_45' title='bbox 1305 737 1516 802; x_wconf 81' lang='grc' dir='ltr'><strong>ἐθνῶν,</strong></span> <span class='ocrx_word' id='word_1_46' title='bbox 1541 733 1629 794; x_wconf 81' lang='grc' dir='ltr'><strong>ὧν</strong></span> <span class='ocrx_word' id='word_1_47' title='bbox 1665 740 1969 810; x_wconf 69' lang='grc' dir='ltr'><strong>ἐξήγαγον</strong></span> 
     </span>
    </p>
   </div>
   <div class='ocr_carea' id='block_1_9' title="bbox 377 829 1967 899">
    <p class='ocr_par' dir='ltr' id='par_1_9' title="bbox 377 829 1967 899">
     <span class='ocr_line' id='line_1_9' title="bbox 377 829 1967 899; baseline 0.001 -15"><span class='ocrx_word' id='word_1_48' title='bbox 377 830 604 895; x_wconf 84' lang='grc' dir='ltr'><strong>αὐτοὺς</strong></span> <span class='ocrx_word' id='word_1_49' title='bbox 657 830 785 884; x_wconf 74' lang='grc' dir='ltr'><strong>κατ’</strong></span> <span class='ocrx_word' id='word_1_50' title='bbox 811 829 1160 899; x_wconf 65' lang='grc' dir='ltr'><strong>ὀφθαλμοὺς</strong></span> <span class='ocrx_word' id='word_1_51' title='bbox 1211 829 1430 885; x_wconf 84' lang='grc' dir='ltr'><strong>αὐτῶν.</strong></span> <span class='ocrx_word' id='word_1_52' title='bbox 1474 833 1583 886; x_wconf 76' lang='grc' dir='ltr'><strong><em>Καὶ</em></strong></span> <span class='ocrx_word' id='word_1_53' title='bbox 1617 831 1792 886; x_wconf 75' lang='grc' dir='ltr'><strong>ταῦτα</strong></span> <span class='ocrx_word' id='word_1_54' title='bbox 1825 832 1882 886; x_wconf 74' lang='grc' dir='ltr'><strong><em>δέ</em></strong></span> <span class='ocrx_word' id='word_1_55' title='bbox 1937 833 1967 885; x_wconf 82' lang='grc' dir='ltr'>ὁ</span> 
     </span>
    </p>
   </div>
   <div class='ocr_carea' id='block_1_10' title="bbox 380 919 1965 993">
    <p class='ocr_par' dir='ltr' id='par_1_10' title="bbox 380 919 1965 993">
     <span class='ocr_line' id='line_1_10' title="bbox 380 919 1965 993; baseline 0.001 -19"><span class='ocrx_word' id='word_1_56' title='bbox 380 921 664 984; x_wconf 79' lang='grc' dir='ltr'><strong><em>θεσπέσιος</em></strong></span> <span class='ocrx_word' id='word_1_57' title='bbox 715 919 954 974; x_wconf 80' lang='grc' dir='ltr'><strong><em>διδάσκει</em></strong></span> <span class='ocrx_word' id='word_1_58' title='bbox 1003 919 1250 992; x_wconf 80' lang='grc' dir='ltr'><strong>Μωσῆς,</strong></span> <span class='ocrx_word' id='word_1_59' title='bbox 1305 921 1479 989; x_wconf 87' lang='grc' dir='ltr'><strong>λέγων</strong></span> <span class='ocrx_word' id='word_1_60' title='bbox 1534 922 1821 993; x_wconf 80' lang='grc' dir='ltr'><strong><em>εἰρηκέναι</em></strong></span> <span class='ocrx_word' id='word_1_61' title='bbox 1871 921 1965 975; x_wconf 78' lang='grc' dir='ltr'><strong>τὸν</strong></span> 
     </span>
    </p>
   </div>
   <div class='ocr_carea' id='block_1_11' title="bbox 377 1009 1966 1084">
    <p class='ocr_par' dir='ltr' id='par_1_11' title="bbox 377 1009 1966 1084">
     <span class='ocr_line' id='line_1_11' title="bbox 377 1009 1966 1084; baseline 0.001 -19"><span class='ocrx_word' id='word_1_62' title='bbox 377 1012 549 1065; x_wconf 87' lang='grc' dir='ltr'><strong>Θεόν·</strong></span> <span class='ocrx_word' id='word_1_63' title='bbox 605 1029 623 1062; x_wconf 86' lang='grc' dir='ltr'><strong><em>ι</em></strong></span> <span class='ocrx_word' id='word_1_64' title='bbox 675 1011 786 1063; x_wconf 80' lang='grc' dir='ltr'><strong><em>Καὶ</em></strong></span> <span class='ocrx_word' id='word_1_65' title='bbox 829 1009 924 1064; x_wconf 81' lang='grc' dir='ltr'><strong>νῦν</strong></span> <span class='ocrx_word' id='word_1_66' title='bbox 972 1009 1130 1064; x_wconf 75' lang='grc' dir='ltr'><strong>ἔασόν</strong></span> <span class='ocrx_word' id='word_1_67' title='bbox 1164 1027 1253 1080; x_wconf 88' lang='grc' dir='ltr'><strong><em>με,</em></strong></span> <span class='ocrx_word' id='word_1_68' title='bbox 1290 1012 1384 1064; x_wconf 72' lang='grc' dir='ltr'><strong>καὶ</strong></span> <span class='ocrx_word' id='word_1_69' title='bbox 1434 1012 1706 1082; x_wconf 72' lang='grc' dir='ltr'><strong>θυμωθεὶς</strong></span> <span class='ocrx_word' id='word_1_70' title='bbox 1746 1013 1884 1084; x_wconf 80' lang='grc' dir='ltr'><strong>ὀργῇ</strong></span> <span class='ocrx_word' id='word_1_71' title='bbox 1921 1013 1966 1045; x_wconf 67' lang='grc'>³⁸</span> 
     </span>
    </p>
   </div>
   <div class='ocr_carea' id='block_1_12' title="bbox 379 1098 1960 1172">
    <p class='ocr_par' dir='ltr' id='par_1_12' title="bbox 379 1098 1960 1172">
     <span class='ocr_line' id='line_1_12' title="bbox 379 1098 1960 1172; baseline -0.001 -19"><span class='ocrx_word' id='word_1_72' title='bbox 379 1098 626 1172; x_wconf 65' lang='grc' dir='ltr'><strong>ἐκτρίψω</strong></span> <span class='ocrx_word' id='word_1_73' title='bbox 652 1099 872 1162; x_wconf 86' lang='grc' dir='ltr'><strong>αὐτοὺς,</strong></span> <span class='ocrx_word' id='word_1_74' title='bbox 909 1098 1005 1152; x_wconf 79' lang='grc' dir='ltr'><strong>καὶ</strong></span> <span class='ocrx_word' id='word_1_75' title='bbox 1039 1099 1252 1170; x_wconf 80' lang='grc' dir='ltr'><strong>ποιήσω</strong></span> <span class='ocrx_word' id='word_1_76' title='bbox 1303 1115 1362 1151; x_wconf 92' lang='grc' dir='ltr'><strong><em>σε</em></strong></span> <span class='ocrx_word' id='word_1_77' title='bbox 1397 1100 1476 1163; x_wconf 87' lang='grc' dir='ltr'><strong><em>εἰς</em></strong></span> <span class='ocrx_word' id='word_1_78' title='bbox 1530 1099 1682 1165; x_wconf 75' lang='grc' dir='ltr'><strong>ἔθνος</strong></span> <span class='ocrx_word' id='word_1_79' title='bbox 1739 1102 1902 1171; x_wconf 84' lang='grc' dir='ltr'><strong>μέγα.</strong></span> <span class='ocrx_word' id='word_1_80' title='bbox 1941 1122 1960 1152; x_wconf 83' lang='lat' dir='ltr'><strong><em>s</em></strong></span> 
     </span>
    </p>
   </div>
   <div class='ocr_carea' id='block_1_13' title="bbox 377 1188 1964 1262">
    <p class='ocr_par' dir='ltr' id='par_1_13' title="bbox 377 1188 1964 1262">
     <span class='ocr_line' id='line_1_13' title="bbox 377 1188 1964 1262; baseline -0.001 -16"><span class='ocrx_word' id='word_1_81' title='bbox 377 1188 518 1247; x_wconf 80' lang='grc' dir='ltr'><strong>Εἶτα</strong></span> <span class='ocrx_word' id='word_1_82' title='bbox 569 1191 667 1261; x_wconf 83' lang='grc' dir='ltr'><strong>τὴν</strong></span> <span class='ocrx_word' id='word_1_83' title='bbox 721 1191 929 1243; x_wconf 86' lang='grc' dir='ltr'><strong>οίκείαν</strong></span> <span class='ocrx_word' id='word_1_84' title='bbox 986 1189 1225 1243; x_wconf 83' lang='grc' dir='ltr'><strong>ίκετείαν</strong></span> <span class='ocrx_word' id='word_1_85' title='bbox 1281 1189 1528 1256; x_wconf 78' lang='grc' dir='ltr'><strong>διέξεισι,</strong></span> <span class='ocrx_word' id='word_1_86' title='bbox 1561 1191 1770 1262; x_wconf 76' lang='grc' dir='ltr'><strong>καὶτῷ</strong></span> <span class='ocrx_word' id='word_1_87' title='bbox 1821 1191 1964 1244; x_wconf 82' lang='grc' dir='ltr'><strong>τέλει</strong></span> 
     </span>
    </p>
   </div>
   <div class='ocr_carea' id='block_1_14' title="bbox 377 1279 1964 1357">
    <p class='ocr_par' dir='ltr' id='par_1_14' title="bbox 377 1279 1964 1357">
     <span class='ocr_line' id='line_1_14' title="bbox 377 1279 1964 1357; baseline -0.001 -20"><span class='ocrx_word' id='word_1_88' title='bbox 377 1279 764 1357; x_wconf 84' lang='grc' dir='ltr'><strong>προστίθησιν,</strong></span> <span class='ocrx_word' id='word_1_89' title='bbox 791 1283 873 1336; x_wconf 85' lang='grc' dir='ltr'><strong>ὅτι</strong></span> <span class='ocrx_word' id='word_1_90' title='bbox 900 1297 915 1312; x_wconf 85' lang='grc'><strong>·</strong></span> <span class='ocrx_word' id='word_1_91' title='bbox 944 1301 964 1334; x_wconf 79' lang='grc' dir='ltr'><strong><em>ι</em></strong></span> <span class='ocrx_word' id='word_1_92' title='bbox 1009 1282 1133 1335; x_wconf 80' lang='grc' dir='ltr'><strong><em>Ἐάν</em></strong></span> <span class='ocrx_word' id='word_1_93' title='bbox 1167 1282 1213 1314; x_wconf 77' lang='grc'><strong><em>⁸⁸</em></strong></span> <span class='ocrx_word' id='word_1_94' title='bbox 1245 1282 1492 1354; x_wconf 76' lang='grc' dir='ltr'><strong>πατάξῃς</strong></span> <span class='ocrx_word' id='word_1_95' title='bbox 1539 1283 1761 1347; x_wconf 81' lang='grc' dir='ltr'><strong>αὐτοὺς,</strong></span> <span class='ocrx_word' id='word_1_96' title='bbox 1799 1283 1964 1337; x_wconf 70' lang='lat' dir='ltr'><strong><em>aucti-</em></strong></span> 
     </span>
    </p>
   </div>
   <div class='ocr_carea' id='block_1_15' title="bbox 378 1374 1964 1447">
    <p class='ocr_par' dir='ltr' id='par_1_15' title="bbox 378 1374 1964 1447">
     <span class='ocr_line' id='line_1_15' title="bbox 378 1374 1964 1447; baseline -0.001 -17"><span class='ocrx_word' id='word_1_97' title='bbox 378 1393 532 1430; x_wconf 78' lang='grc' dir='ltr'><strong>σεται</strong></span> <span class='ocrx_word' id='word_1_98' title='bbox 585 1374 882 1444; x_wconf 74' lang='grc' dir='ltr'><strong>Αἴγυπτος,</strong></span> <span class='ocrx_word' id='word_1_99' title='bbox 926 1374 1021 1427; x_wconf 83' lang='grc' dir='ltr'><strong>καὶ</strong></span> <span class='ocrx_word' id='word_1_100' title='bbox 1067 1376 1228 1445; x_wconf 83' lang='grc' dir='ltr'><strong>ἐρεῖ·</strong></span> <span class='ocrx_word' id='word_1_101' title='bbox 1267 1374 1428 1446; x_wconf 83' lang='grc' dir='ltr'><strong><em>Παρὰ</em></strong></span> <span class='ocrx_word' id='word_1_102' title='bbox 1464 1374 1527 1428; x_wconf 82' lang='grc' dir='ltr'><strong><em>τὸ</em></strong></span> <span class='ocrx_word' id='word_1_103' title='bbox 1564 1374 1640 1446; x_wconf 85' lang='grc' dir='ltr'><strong><em>μὴ</em></strong></span> <span class='ocrx_word' id='word_1_104' title='bbox 1670 1374 1964 1447; x_wconf 80' lang='grc' dir='ltr'><strong>δυνηθῆναι</strong></span> 
     </span>
    </p>
   </div>
   <div class='ocr_carea' id='block_1_16' title="bbox 376 1466 1965 1539">
    <p class='ocr_par' dir='ltr' id='par_1_16' title="bbox 376 1466 1965 1539">
     <span class='ocr_line' id='line_1_16' title="bbox 376 1466 1965 1539; baseline -0.001 -18"><span class='ocrx_word' id='word_1_105' title='bbox 376 1467 585 1539; x_wconf 78' lang='grc' dir='ltr'><strong><em>Κύριον</em></strong></span> <span class='ocrx_word' id='word_1_106' title='bbox 619 1469 936 1535; x_wconf 71' lang='grc' dir='ltr'><strong><em>εἰσαγαγεῖν</em></strong></span> <span class='ocrx_word' id='word_1_107' title='bbox 991 1466 1191 1530; x_wconf 76' lang='grc' dir='ltr'><strong>αὐτοὺς</strong></span> <span class='ocrx_word' id='word_1_108' title='bbox 1243 1467 1325 1530; x_wconf 87' lang='grc' dir='ltr'><strong><em>είς</em></strong></span> <span class='ocrx_word' id='word_1_109' title='bbox 1370 1467 1471 1537; x_wconf 79' lang='grc' dir='ltr'><strong>τὴν</strong></span> <span class='ocrx_word' id='word_1_110' title='bbox 1520 1469 1646 1538; x_wconf 77' lang='grc' dir='ltr'><strong>γῆν,</strong></span> <span class='ocrx_word' id='word_1_111' title='bbox 1679 1467 1748 1538; x_wconf 70' lang='grc' dir='ltr'><strong>ἢν</strong></span> <span class='ocrx_word' id='word_1_112' title='bbox 1793 1468 1965 1538; x_wconf 81' lang='grc' dir='ltr'><strong>ἐπηγ-</strong></span> 
     </span>
    </p>
   </div>
   <div class='ocr_carea' id='block_1_17' title="bbox 375 1557 1964 1628">
    <p class='ocr_par' dir='ltr' id='par_1_17' title="bbox 375 1557 1964 1628">
     <span class='ocr_line' id='line_1_17' title="bbox 375 1557 1964 1628; baseline 0.001 -17"><span class='ocrx_word' id='word_1_113' title='bbox 375 1559 598 1628; x_wconf 80' lang='grc' dir='ltr'><strong>γείλατο</strong></span> <span class='ocrx_word' id='word_1_114' title='bbox 647 1560 762 1621; x_wconf 88' lang='grc' dir='ltr'><strong>τοῖς</strong></span> <span class='ocrx_word' id='word_1_115' title='bbox 815 1559 1087 1627; x_wconf 77' lang='grc' dir='ltr'><strong><em>πατράσιν</em></strong></span> <span class='ocrx_word' id='word_1_116' title='bbox 1121 1557 1322 1621; x_wconf 85' lang='grc' dir='ltr'><strong>αὐτῶν,</strong></span> <span class='ocrx_word' id='word_1_117' title='bbox 1352 1557 1734 1628; x_wconf 78' lang='grc' dir='ltr'><strong><em>κατηνάλωσεν</em></strong></span> <span class='ocrx_word' id='word_1_118' title='bbox 1764 1559 1812 1591; x_wconf 78' lang='grc'><strong><em>³⁸</em></strong></span> <span class='ocrx_word' id='word_1_119' title='bbox 1863 1559 1964 1612; x_wconf 82' lang='grc' dir='ltr'><strong><em>αὑ-</em></strong></span> 
     </span>
    </p>
   </div>
   <div class='ocr_carea' id='block_1_18' title="bbox 375 1645 1962 1721">
    <p class='ocr_par' dir='ltr' id='par_1_18' title="bbox 375 1645 1962 1721">
     <span class='ocr_line' id='line_1_18' title="bbox 375 1645 1962 1721; baseline 0 -19"><span class='ocrx_word' id='word_1_120' title='bbox 375 1651 502 1712; x_wconf 78' lang='grc' dir='ltr'><strong>τοὺς</strong></span> <span class='ocrx_word' id='word_1_121' title='bbox 527 1651 587 1702; x_wconf 86' lang='grc' dir='ltr'><strong><em>ἐν</em></strong></span> <span class='ocrx_word' id='word_1_122' title='bbox 625 1649 692 1719; x_wconf 82' lang='grc' dir='ltr'><strong>τῇ</strong></span> <span class='ocrx_word' id='word_1_123' title='bbox 729 1648 946 1718; x_wconf 81' lang='grc' dir='ltr'><strong>ἐρήμῳ.</strong></span> <span class='ocrx_word' id='word_1_124' title='bbox 983 1665 1002 1699; x_wconf 78' lang='grc' dir='ltr'><strong><em>ι</em></strong></span> <span class='ocrx_word' id='word_1_125' title='bbox 1035 1645 1210 1700; x_wconf 81' lang='grc' dir='ltr'><strong>Τοῦτο</strong></span> <span class='ocrx_word' id='word_1_126' title='bbox 1237 1648 1330 1700; x_wconf 75' lang='grc' dir='ltr'><strong>καὶ</strong></span> <span class='ocrx_word' id='word_1_127' title='bbox 1377 1647 1612 1701; x_wconf 81' lang='grc' dir='ltr'><strong>ἐνταῦθα</strong></span> <span class='ocrx_word' id='word_1_128' title='bbox 1643 1648 1962 1721; x_wconf 82' lang='grc' dir='ltr'><strong>παρεδήλω-</strong></span> 
     </span>
    </p>
   </div>
   <div class='ocr_carea' id='block_1_19' title="bbox 377 1738 1963 1812">
    <p class='ocr_par' dir='ltr' id='par_1_19' title="bbox 377 1738 1963 1812">
     <span class='ocr_line' id='line_1_19' title="bbox 377 1738 1963 1812; baseline 0.001 -19"><span class='ocrx_word' id='word_1_129' title='bbox 377 1757 470 1793; x_wconf 87' lang='grc' dir='ltr'><strong><em>σεν</em></strong></span> <span class='ocrx_word' id='word_1_130' title='bbox 513 1738 685 1793; x_wconf 82' lang='grc' dir='ltr'><strong>εἰπών</strong></span> <span class='ocrx_word' id='word_1_131' title='bbox 711 1756 725 1772; x_wconf 78' lang='grc' dir='ltr'><strong><em>ο</em></strong></span> <span class='ocrx_word' id='word_1_132' title='bbox 757 1758 776 1791; x_wconf 82' lang='grc' dir='ltr'><strong><em>ι</em></strong></span> <span class='ocrx_word' id='word_1_133' title='bbox 813 1739 924 1792; x_wconf 77' lang='lat' dir='ltr'><strong><em>Kal</em></strong></span> <span class='ocrx_word' id='word_1_134' title='bbox 967 1738 1204 1807; x_wconf 84' lang='grc' dir='ltr'><strong>ἐποίησα</strong></span> <span class='ocrx_word' id='word_1_135' title='bbox 1234 1738 1382 1803; x_wconf 81' lang='grc' dir='ltr'><strong>ὅπως</strong></span> <span class='ocrx_word' id='word_1_136' title='bbox 1409 1739 1472 1792; x_wconf 81' lang='grc' dir='ltr'><strong><em>τὸ</em></strong></span> <span class='ocrx_word' id='word_1_137' title='bbox 1524 1739 1697 1810; x_wconf 75' lang='grc' dir='ltr'><strong>ὄνομά</strong></span> <span class='ocrx_word' id='word_1_138' title='bbox 1747 1758 1848 1812; x_wconf 86' lang='grc' dir='ltr'><strong><em>μου</em></strong></span> <span class='ocrx_word' id='word_1_139' title='bbox 1901 1739 1963 1794; x_wconf 82' lang='grc' dir='ltr'><strong>τὸ</strong></span> 
     </span>
    </p>
   </div>
   <div class='ocr_carea' id='block_1_20' title="bbox 2069 558 3658 630">
    <p class='ocr_par' dir='ltr' id='par_1_20' title="bbox 2069 558 3658 630">
     <span class='ocr_line' id='line_1_20' title="bbox 2069 558 3658 630; baseline 0.001 -20"><span class='ocrx_word' id='word_1_140' title='bbox 2069 574 2244 612; x_wconf 89' lang='lat' dir='ltr'><strong><em>meum</em></strong></span> <span class='ocrx_word' id='word_1_141' title='bbox 2275 575 2434 630; x_wconf 97' lang='lat' dir='ltr'><strong><em>super</em></strong></span> <span class='ocrx_word' id='word_1_142' title='bbox 2455 576 2541 614; x_wconf 82' lang='lat' dir='ltr'><strong><em>eos</em></strong></span> <span class='ocrx_word' id='word_1_143' title='bbox 2584 561 2638 613; x_wconf 91' lang='lat' dir='ltr'><strong><em>in</em></strong></span> <span class='ocrx_word' id='word_1_144' title='bbox 2683 559 2913 624; x_wconf 86' lang='lat' dir='ltr'><strong><em>deserto,</em></strong></span> <span class='ocrx_word' id='word_1_145' title='bbox 2946 569 3002 612; x_wconf 92' lang='lat' dir='ltr'><strong><em>ut</em></strong></span> <span class='ocrx_word' id='word_1_146' title='bbox 3032 577 3395 615; x_wconf 79' lang='lat' dir='ltr'><strong><em>consumerem</em></strong></span> <span class='ocrx_word' id='word_1_147' title='bbox 3436 576 3546 614; x_wconf 90' lang='lat' dir='ltr'><strong><em>eos.</em></strong></span> <span class='ocrx_word' id='word_1_148' title='bbox 3587 558 3658 612; x_wconf 76' lang='lat' dir='ltr'><strong><em>Et</em></strong></span> 
     </span>
    </p>
   </div>
   <div class='ocr_carea' id='block_1_21' title="bbox 2067 648 3657 718">
    <p class='ocr_par' dir='ltr' id='par_1_21' title="bbox 2067 648 3657 718">
     <span class='ocr_line' id='line_1_21' title="bbox 2067 648 3657 718; baseline 0.001 -16"><span class='ocrx_word' id='word_1_149' title='bbox 2067 648 2169 718; x_wconf 76' lang='lat' dir='ltr'><strong><em>feci</em></strong></span> <span class='ocrx_word' id='word_1_150' title='bbox 2197 660 2252 702; x_wconf 86' lang='lat' dir='ltr'><strong><em>ut</em></strong></span> <span class='ocrx_word' id='word_1_151' title='bbox 2289 667 2476 704; x_wconf 81' lang='lat' dir='ltr'><strong><em>nomen</em></strong></span> <span class='ocrx_word' id='word_1_152' title='bbox 2525 668 2696 704; x_wconf 87' lang='lat' dir='ltr'><strong><em>meum</em></strong></span> <span class='ocrx_word' id='word_1_153' title='bbox 2751 652 2964 705; x_wconf 77' lang='lat' dir='ltr'><strong><em>omnino</em></strong></span> <span class='ocrx_word' id='word_1_154' title='bbox 2995 668 3098 705; x_wconf 89' lang='lat' dir='ltr'><strong><em>non</em></strong></span> <span class='ocrx_word' id='word_1_155' title='bbox 3139 652 3432 706; x_wconf 75' lang='lat' dir='ltr'><strong><em>violaretur</em></strong></span> <span class='ocrx_word' id='word_1_156' title='bbox 3473 668 3657 704; x_wconf 87' lang='lat' dir='ltr'><strong><em>coram</em></strong></span> 
     </span>
    </p>
   </div>
   <div class='ocr_carea' id='block_1_22' title="bbox 2067 743 3657 812">
    <p class='ocr_par' dir='ltr' id='par_1_22' title="bbox 2067 743 3657 812">
     <span class='ocr_line' id='line_1_22' title="bbox 2067 743 3657 812; baseline -0.001 -16"><span class='ocrx_word' id='word_1_157' title='bbox 2067 743 2328 811; x_wconf 84' lang='lat' dir='ltr'><strong><em>gentibus,</em></strong></span> <span class='ocrx_word' id='word_1_158' title='bbox 2366 759 2399 794; x_wconf 87' lang='grc' dir='ltr'><strong>α</strong></span> <span class='ocrx_word' id='word_1_159' title='bbox 2425 743 2613 812; x_wconf 82' lang='lat' dir='ltr'><strong><em>quibus</em></strong></span> <span class='ocrx_word' id='word_1_160' title='bbox 2639 744 2799 796; x_wconf 76' lang='lat' dir='ltr'><strong><em>eduxi</em></strong></span> <span class='ocrx_word' id='word_1_161' title='bbox 2837 743 3001 812; x_wconf 75' lang='lat'><strong><em>827</em></strong></span> <span class='ocrx_word' id='word_1_162' title='bbox 3029 759 3140 806; x_wconf 88' lang='lat' dir='ltr'><strong><em>eos,</em></strong></span> <span class='ocrx_word' id='word_1_163' title='bbox 3178 754 3301 796; x_wconf 88' lang='lat' dir='ltr'><strong><em>ante</em></strong></span> <span class='ocrx_word' id='word_1_164' title='bbox 3337 743 3518 798; x_wconf 81' lang='lat' dir='ltr'><strong><em>oculos</em></strong></span> <span class='ocrx_word' id='word_1_165' title='bbox 3565 759 3657 796; x_wconf 85' lang='lat' dir='ltr'><strong><em>ea-</em></strong></span> 
     </span>
    </p>
   </div>
   <div class='ocr_carea' id='block_1_23' title="bbox 2065 833 3651 905">
    <p class='ocr_par' dir='ltr' id='par_1_23' title="bbox 2065 833 3651 905">
     <span class='ocr_line' id='line_1_23' title="bbox 2065 833 3651 905; baseline 0.001 -19"><span class='ocrx_word' id='word_1_166' title='bbox 2065 850 2208 889; x_wconf 88' lang='lat' dir='ltr'><strong><em>rum.</em></strong></span> <span class='ocrx_word' id='word_1_167' title='bbox 2239 833 2366 888; x_wconf 72' lang='lat' dir='ltr'><strong><em>Hazc</em></strong></span> <span class='ocrx_word' id='word_1_168' title='bbox 2405 851 2631 905; x_wconf 83' lang='lat' dir='ltr'><strong><em>quoque</em></strong></span> <span class='ocrx_word' id='word_1_169' title='bbox 2686 834 2914 888; x_wconf 85' lang='lat' dir='ltr'><strong><em>divinus</em></strong></span> <span class='ocrx_word' id='word_1_170' title='bbox 2953 835 3114 889; x_wconf 85' lang='lat' dir='ltr'><strong><em>docet</em></strong></span> <span class='ocrx_word' id='word_1_171' title='bbox 3152 835 3358 900; x_wconf 81' lang='lat' dir='ltr'><strong><em>Moses,</em></strong></span> <span class='ocrx_word' id='word_1_172' title='bbox 3393 851 3521 890; x_wconf 88' lang='lat' dir='ltr'><strong><em>cum</em></strong></span> <span class='ocrx_word' id='word_1_173' title='bbox 3553 839 3651 898; x_wconf 84' lang='lat' dir='ltr'><strong><em>ait,</em></strong></span> 
     </span>
    </p>
   </div>
   <div class='ocr_carea' id='block_1_24' title="bbox 2065 921 3656 987">
    <p class='ocr_par' dir='ltr' id='par_1_24' title="bbox 2065 921 3656 987">
     <span class='ocr_line' id='line_1_24' title="bbox 2065 921 3656 987; baseline 0.002 -11"><span class='ocrx_word' id='word_1_174' title='bbox 2065 921 2274 978; x_wconf 78' lang='lat' dir='ltr'><strong><em>dixisse</em></strong></span> <span class='ocrx_word' id='word_1_175' title='bbox 2287 923 2458 978; x_wconf 89' lang='lat' dir='ltr'><strong><em>Deum</em></strong></span> <span class='ocrx_word' id='word_1_176' title='bbox 2488 938 2534 976; x_wconf 75' lang='grc' dir='ltr'><strong>ει</strong></span> <span class='ocrx_word' id='word_1_177' title='bbox 2563 923 2624 977; x_wconf 79' lang='lat' dir='ltr'><strong><em>Et</em></strong></span> <span class='ocrx_word' id='word_1_178' title='bbox 2647 939 2796 978; x_wconf 91' lang='lat' dir='ltr'><strong><em>nunc</em></strong></span> <span class='ocrx_word' id='word_1_179' title='bbox 2819 925 3035 979; x_wconf 85' lang='lat' dir='ltr'><strong><em>dimitte</em></strong></span> <span class='ocrx_word' id='word_1_180' title='bbox 3059 940 3168 987; x_wconf 83' lang='lat' dir='ltr'><strong><em>Ine,</em></strong></span> <span class='ocrx_word' id='word_1_181' title='bbox 3194 935 3248 980; x_wconf 91' lang='lat' dir='ltr'><strong><em>et</em></strong></span> <span class='ocrx_word' id='word_1_182' title='bbox 3273 927 3448 981; x_wconf 87' lang='lat' dir='ltr'><strong><em>iratus</em></strong></span> <span class='ocrx_word' id='word_1_183' title='bbox 3467 928 3656 980; x_wconf 79' lang='lat' dir='ltr'><strong><em>furore</em></strong></span> 
     </span>
    </p>
   </div>
   <div class='ocr_carea' id='block_1_25' title="bbox 2065 1015 3648 1088">
    <p class='ocr_par' dir='ltr' id='par_1_25' title="bbox 2065 1015 3648 1088">
     <span class='ocr_line' id='line_1_25' title="bbox 2065 1015 3648 1088; baseline 0.001 -20"><span class='ocrx_word' id='word_1_184' title='bbox 2065 1015 2259 1070; x_wconf 83' lang='lat' dir='ltr'><strong><em>delebo</em></strong></span> <span class='ocrx_word' id='word_1_185' title='bbox 2311 1031 2430 1078; x_wconf 86' lang='lat' dir='ltr'><strong><em>eos.</em></strong></span> <span class='ocrx_word' id='word_1_186' title='bbox 2492 1023 2547 1070; x_wconf 90' lang='lat' dir='ltr'><strong><em>et</em></strong></span> <span class='ocrx_word' id='word_1_187' title='bbox 2610 1015 2808 1070; x_wconf 82' lang='lat' dir='ltr'><strong><em>faciam</em></strong></span> <span class='ocrx_word' id='word_1_188' title='bbox 2865 1027 2919 1070; x_wconf 90' lang='lat' dir='ltr'><strong><em>te</em></strong></span> <span class='ocrx_word' id='word_1_189' title='bbox 2980 1027 3196 1086; x_wconf 78' lang='lat' dir='ltr'><strong><em>gentem</em></strong></span> <span class='ocrx_word' id='word_1_190' title='bbox 3252 1017 3578 1088; x_wconf 79' lang='lat' dir='ltr'><strong><em>magnami.</em></strong></span> <span class='ocrx_word' id='word_1_191' title='bbox 3629 1035 3648 1062; x_wconf 75' lang='grc' dir='ltr'><strong><em>ι</em></strong></span> 
     </span>
    </p>
   </div>
   <div class='ocr_carea' id='block_1_26' title="bbox 2067 1105 3655 1178">
    <p class='ocr_par' dir='ltr' id='par_1_26' title="bbox 2067 1105 3655 1178">
     <span class='ocr_line' id='line_1_26' title="bbox 2067 1105 3655 1178; baseline 0.004 -19"><span class='ocrx_word' id='word_1_192' title='bbox 2067 1105 2275 1161; x_wconf 86' lang='lat' dir='ltr'><strong><em>Deinde</em></strong></span> <span class='ocrx_word' id='word_1_193' title='bbox 2331 1122 2487 1162; x_wconf 86' lang='lat' dir='ltr'><strong><em>suam</em></strong></span> <span class='ocrx_word' id='word_1_194' title='bbox 2544 1107 2990 1177; x_wconf 78' lang='lat' dir='ltr'><strong><em>deprecationem</em></strong></span> <span class='ocrx_word' id='word_1_195' title='bbox 3025 1110 3274 1178; x_wconf 78' lang='lat' dir='ltr'><strong><em>exponit,</em></strong></span> <span class='ocrx_word' id='word_1_196' title='bbox 3323 1117 3378 1164; x_wconf 83' lang='lat' dir='ltr'><strong><em>et</em></strong></span> <span class='ocrx_word' id='word_1_197' title='bbox 3430 1110 3486 1163; x_wconf 89' lang='lat' dir='ltr'><strong><em>in</em></strong></span> <span class='ocrx_word' id='word_1_198' title='bbox 3543 1109 3655 1165; x_wconf 81' lang='lat' dir='ltr'><strong><em>ﬁne</em></strong></span> 
     </span>
    </p>
   </div>
   <div class='ocr_carea' id='block_1_27' title="bbox 2066 1196 3655 1271">
    <p class='ocr_par' dir='ltr' id='par_1_27' title="bbox 2066 1196 3655 1271">
     <span class='ocr_line' id='line_1_27' title="bbox 2066 1196 3655 1271; baseline 0.003 -21"><span class='ocrx_word' id='word_1_199' title='bbox 2066 1197 2261 1268; x_wconf 83' lang='lat' dir='ltr'><strong><em>adjicit</em></strong></span> <span class='ocrx_word' id='word_1_200' title='bbox 2294 1216 2308 1253; x_wconf 91' lang='lat'><strong>:</strong></span> <span class='ocrx_word' id='word_1_201' title='bbox 2359 1217 2377 1249; x_wconf 84' lang='grc' dir='ltr'><strong><em>ι</em></strong></span> <span class='ocrx_word' id='word_1_202' title='bbox 2422 1196 2479 1252; x_wconf 89' lang='lat' dir='ltr'><strong><em>Si</em></strong></span> <span class='ocrx_word' id='word_1_203' title='bbox 2512 1199 2864 1269; x_wconf 84' lang='lat' dir='ltr'><strong><em>percusseris</em></strong></span> <span class='ocrx_word' id='word_1_204' title='bbox 2890 1214 3008 1261; x_wconf 90' lang='lat' dir='ltr'><strong><em>eos,</em></strong></span> <span class='ocrx_word' id='word_1_205' title='bbox 3050 1200 3244 1254; x_wconf 81' lang='lat' dir='ltr'><strong><em>audiet</em></strong></span> <span class='ocrx_word' id='word_1_206' title='bbox 3272 1199 3566 1271; x_wconf 60' lang='lat' dir='ltr'><strong><em>Egyptus,</em></strong></span> <span class='ocrx_word' id='word_1_207' title='bbox 3599 1209 3655 1257; x_wconf 89' lang='lat' dir='ltr'><strong><em>et</em></strong></span> 
     </span>
    </p>
   </div>
   <div class='ocr_carea' id='block_1_28' title="bbox 2069 1288 3656 1360">
    <p class='ocr_par' dir='ltr' id='par_1_28' title="bbox 2069 1288 3656 1360">
     <span class='ocr_line' id='line_1_28' title="bbox 2069 1288 3656 1360; baseline 0.002 -17"><span class='ocrx_word' id='word_1_208' title='bbox 2069 1288 2218 1344; x_wconf 89' lang='lat' dir='ltr'><strong><em>dicet</em></strong></span> <span class='ocrx_word' id='word_1_209' title='bbox 2245 1307 2258 1344; x_wconf 92' lang='lat'><strong>:</strong></span> <span class='ocrx_word' id='word_1_210' title='bbox 2293 1288 2375 1344; x_wconf 89' lang='lat' dir='ltr'><strong><em>Eo</em></strong></span> <span class='ocrx_word' id='word_1_211' title='bbox 2399 1290 2546 1360; x_wconf 87' lang='lat' dir='ltr'><strong><em>quod</em></strong></span> <span class='ocrx_word' id='word_1_212' title='bbox 2579 1305 2688 1344; x_wconf 89' lang='lat' dir='ltr'><strong><em>non</em></strong></span> <span class='ocrx_word' id='word_1_213' title='bbox 2714 1290 2956 1360; x_wconf 89' lang='lat' dir='ltr'><strong><em>potuerit</em></strong></span> <span class='ocrx_word' id='word_1_214' title='bbox 3000 1288 3270 1344; x_wconf 83' lang='lat' dir='ltr'><strong><em>Dominus</em></strong></span> <span class='ocrx_word' id='word_1_215' title='bbox 3302 1291 3656 1346; x_wconf 84' lang='lat' dir='ltr'><strong><em>introducere</em></strong></span> 
     </span>
    </p>
   </div>
   <div class='ocr_carea' id='block_1_29' title="bbox 2064 1381 3654 1452">
    <p class='ocr_par' dir='ltr' id='par_1_29' title="bbox 2064 1381 3654 1452">
     <span class='ocr_line' id='line_1_29' title="bbox 2064 1381 3654 1452; baseline -0.003 -15"><span class='ocrx_word' id='word_1_216' title='bbox 2064 1396 2164 1438; x_wconf 89' lang='lat' dir='ltr'><strong><em>eos</em></strong></span> <span class='ocrx_word' id='word_1_217' title='bbox 2191 1381 2246 1436; x_wconf 86' lang='lat' dir='ltr'><strong><em>in</em></strong></span> <span class='ocrx_word' id='word_1_218' title='bbox 2264 1392 2494 1446; x_wconf 86' lang='lat' dir='ltr'><strong><em>terram,</em></strong></span> <span class='ocrx_word' id='word_1_219' title='bbox 2526 1397 2690 1452; x_wconf 88' lang='lat' dir='ltr'><strong><em>quam</em></strong></span> <span class='ocrx_word' id='word_1_220' title='bbox 2717 1382 3001 1452; x_wconf 81' lang='lat' dir='ltr'><strong><em>pollicitus</em></strong></span> <span class='ocrx_word' id='word_1_221' title='bbox 3033 1392 3120 1436; x_wconf 89' lang='lat' dir='ltr'><strong><em>est</em></strong></span> <span class='ocrx_word' id='word_1_222' title='bbox 3147 1381 3398 1450; x_wconf 81' lang='lat' dir='ltr'><strong><em>patribus</em></strong></span> <span class='ocrx_word' id='word_1_223' title='bbox 3434 1395 3654 1444; x_wconf 90' lang='lat' dir='ltr'><strong><em>eorum,</em></strong></span> 
     </span>
    </p>
   </div>
   <div class='ocr_carea' id='block_1_30' title="bbox 2063 1471 3656 1545">
    <p class='ocr_par' dir='ltr' id='par_1_30' title="bbox 2063 1471 3656 1545">
     <span class='ocr_line' id='line_1_30' title="bbox 2063 1471 3656 1545; baseline -0.001 -16"><span class='ocrx_word' id='word_1_224' title='bbox 2063 1475 2417 1544; x_wconf 83' lang='lat' dir='ltr'><strong><em>consumpsit</em></strong></span> <span class='ocrx_word' id='word_1_225' title='bbox 2461 1489 2557 1530; x_wconf 89' lang='lat' dir='ltr'><strong><em>eos</em></strong></span> <span class='ocrx_word' id='word_1_226' title='bbox 2615 1473 2672 1528; x_wconf 91' lang='lat' dir='ltr'><strong><em>in</em></strong></span> <span class='ocrx_word' id='word_1_227' title='bbox 2712 1471 3002 1528; x_wconf 84' lang='lat' dir='ltr'><strong><em>desertoi.</em></strong></span> <span class='ocrx_word' id='word_1_228' title='bbox 3035 1494 3054 1526; x_wconf 73' lang='grc' dir='ltr'><strong><em>ι</em></strong></span> <span class='ocrx_word' id='word_1_229' title='bbox 3082 1473 3227 1528; x_wconf 89' lang='lat' dir='ltr'><strong><em>Idem</em></strong></span> <span class='ocrx_word' id='word_1_230' title='bbox 3276 1488 3498 1545; x_wconf 90' lang='lat' dir='ltr'><strong><em>quoque</em></strong></span> <span class='ocrx_word' id='word_1_231' title='bbox 3550 1473 3656 1528; x_wconf 89' lang='lat' dir='ltr'><strong><em>boc</em></strong></span> 
     </span>
    </p>
   </div>
   <div class='ocr_carea' id='block_1_31' title="bbox 2065 1561 3656 1630">
    <p class='ocr_par' dir='ltr' id='par_1_31' title="bbox 2065 1561 3656 1630">
     <span class='ocr_line' id='line_1_31' title="bbox 2065 1561 3656 1630; baseline -0.001 -12"><span class='ocrx_word' id='word_1_232' title='bbox 2065 1564 2193 1618; x_wconf 89' lang='lat' dir='ltr'><strong><em>loco</em></strong></span> <span class='ocrx_word' id='word_1_233' title='bbox 2239 1562 2571 1630; x_wconf 79' lang='lat' dir='ltr'><strong><em>declaravit,</em></strong></span> <span class='ocrx_word' id='word_1_234' title='bbox 2618 1579 2742 1616; x_wconf 79' lang='lat' dir='ltr'><strong><em>cum</em></strong></span> <span class='ocrx_word' id='word_1_235' title='bbox 2801 1563 2986 1616; x_wconf 88' lang='lat' dir='ltr'><strong><em>dixit:</em></strong></span> <span class='ocrx_word' id='word_1_236' title='bbox 3031 1581 3049 1613; x_wconf 82' lang='grc' dir='ltr'><strong><em>ι</em></strong></span> <span class='ocrx_word' id='word_1_237' title='bbox 3082 1561 3148 1616; x_wconf 76' lang='lat' dir='ltr'><strong><em>Et</em></strong></span> <span class='ocrx_word' id='word_1_238' title='bbox 3198 1562 3326 1629; x_wconf 81' lang='lat' dir='ltr'><strong><em>feci,</em></strong></span> <span class='ocrx_word' id='word_1_239' title='bbox 3370 1571 3428 1616; x_wconf 92' lang='lat' dir='ltr'><strong><em>ut</em></strong></span> <span class='ocrx_word' id='word_1_240' title='bbox 3454 1577 3656 1616; x_wconf 89' lang='lat' dir='ltr'><strong><em>nomen</em></strong></span> 
     </span>
    </p>
   </div>
   <div class='ocr_carea' id='block_1_32' title="bbox 2066 1651 3655 1722">
    <p class='ocr_par' dir='ltr' id='par_1_32' title="bbox 2066 1651 3655 1722">
     <span class='ocr_line' id='line_1_32' title="bbox 2066 1651 3655 1722; baseline -0.003 -14"><span class='ocrx_word' id='word_1_241' title='bbox 2066 1669 2250 1709; x_wconf 72' lang='lat' dir='ltr'><strong><em>meum</em></strong></span> <span class='ocrx_word' id='word_1_242' title='bbox 2291 1654 2524 1708; x_wconf 89' lang='lat' dir='ltr'><strong><em>omnino</em></strong></span> <span class='ocrx_word' id='word_1_243' title='bbox 2553 1669 2662 1708; x_wconf 93' lang='lat' dir='ltr'><strong><em>non</em></strong></span> <span class='ocrx_word' id='word_1_244' title='bbox 2699 1652 3008 1707; x_wconf 80' lang='lat' dir='ltr'><strong><em>violaretur</em></strong></span> <span class='ocrx_word' id='word_1_245' title='bbox 3037 1667 3226 1706; x_wconf 87' lang='lat' dir='ltr'><strong><em>coram</em></strong></span> <span class='ocrx_word' id='word_1_246' title='bbox 3251 1654 3269 1672; x_wconf 83' lang='lat'><strong><em>‘</em></strong></span> <span class='ocrx_word' id='word_1_247' title='bbox 3309 1651 3588 1722; x_wconf 74' lang='lat' dir='ltr'><strong><em>gentibus,</em></strong></span> <span class='ocrx_word' id='word_1_248' title='bbox 3623 1668 3655 1704; x_wconf 88' lang='lat' dir='ltr'><strong><em>a</em></strong></span> 
     </span>
    </p>
   </div>
   <div class='ocr_carea' id='block_1_33' title="bbox 2065 1740 3650 1816">
    <p class='ocr_par' dir='ltr' id='par_1_33' title="bbox 2065 1740 3650 1816">
     <span class='ocr_line' id='line_1_33' title="bbox 2065 1740 3650 1816; baseline -0.001 -19"><span class='ocrx_word' id='word_1_249' title='bbox 2065 1745 2271 1816; x_wconf 80' lang='lat' dir='ltr'><strong><em>quibus</em></strong></span> <span class='ocrx_word' id='word_1_250' title='bbox 2291 1743 2456 1799; x_wconf 81' lang='lat' dir='ltr'><strong><em>eduxi</em></strong></span> <span class='ocrx_word' id='word_1_251' title='bbox 2487 1758 2586 1800; x_wconf 87' lang='lat' dir='ltr'><strong><em>eos</em></strong></span> <span class='ocrx_word' id='word_1_252' title='bbox 2604 1752 2732 1797; x_wconf 84' lang='lat' dir='ltr'><strong><em>ante</em></strong></span> <span class='ocrx_word' id='word_1_253' title='bbox 2756 1743 2948 1797; x_wconf 88' lang='lat' dir='ltr'><strong><em>oculos</em></strong></span> <span class='ocrx_word' id='word_1_254' title='bbox 2979 1758 3194 1797; x_wconf 80' lang='lat' dir='ltr'><strong><em>earum.</em></strong></span> <span class='ocrx_word' id='word_1_255' title='bbox 3224 1743 3372 1816; x_wconf 76' lang='grc'><strong>»[15,</strong></span> <span class='ocrx_word' id='word_1_256' title='bbox 3395 1742 3486 1815; x_wconf 82' lang='grc'><strong><em>16]</em></strong></span> <span class='ocrx_word' id='word_1_257' title='bbox 3511 1740 3650 1796; x_wconf 89' lang='lat' dir='ltr'><strong><em>Tum</em></strong></span> 
     </span>
    </p>
   </div>
   <div class='ocr_carea' id='block_1_34' title="bbox 375 1828 1962 1904">
    <p class='ocr_par' dir='ltr' id='par_1_34' title="bbox 375 1828 1962 1904">
     <span class='ocr_line' id='line_1_34' title="bbox 375 1828 1962 1904; baseline 0 -18"><span class='ocrx_word' id='word_1_258' title='bbox 375 1832 642 1904; x_wconf 85' lang='grc' dir='ltr'><strong>παράπαν</strong></span> <span class='ocrx_word' id='word_1_259' title='bbox 685 1831 761 1902; x_wconf 85' lang='grc' dir='ltr'><strong>μὴ</strong></span> <span class='ocrx_word' id='word_1_260' title='bbox 797 1829 1082 1902; x_wconf 76' lang='grc' dir='ltr'><strong>βεϐηλωθῇ</strong></span> <span class='ocrx_word' id='word_1_261' title='bbox 1115 1829 1350 1884; x_wconf 86' lang='grc' dir='ltr'><strong>ἐνώπιον</strong></span> <span class='ocrx_word' id='word_1_262' title='bbox 1380 1832 1491 1885; x_wconf 84' lang='grc' dir='ltr'><strong><em>τῶν</em></strong></span> <span class='ocrx_word' id='word_1_263' title='bbox 1521 1832 1716 1897; x_wconf 83' lang='grc' dir='ltr'><strong>ἐθνῶν,</strong></span> <span class='ocrx_word' id='word_1_264' title='bbox 1766 1828 1842 1888; x_wconf 81' lang='grc' dir='ltr'><strong>ὧν</strong></span> <span class='ocrx_word' id='word_1_265' title='bbox 1871 1832 1962 1898; x_wconf 81' lang='grc' dir='ltr'><strong><em>ἐξ·</em></strong></span> 
     </span>
    </p>
   </div>
   <div class='ocr_carea' id='block_1_35' title="bbox 2063 1828 3655 1904">
    <p class='ocr_par' dir='ltr' id='par_1_35' title="bbox 2069 1830 3655 1904">
     <span class='ocr_line' id='line_1_35' title="bbox 2069 1830 3655 1904; baseline -0.003 -14"><span class='ocrx_word' id='word_1_266' title='bbox 2069 1830 2254 1892; x_wconf 75' lang='lat' dir='ltr'><strong><em>l&#39;usius</em></strong></span> <span class='ocrx_word' id='word_1_267' title='bbox 2281 1843 2495 1900; x_wconf 86' lang='lat' dir='ltr'><strong><em>narrat,</em></strong></span> <span class='ocrx_word' id='word_1_268' title='bbox 2533 1849 2593 1889; x_wconf 90' lang='lat' dir='ltr'><strong><em>se</em></strong></span> <span class='ocrx_word' id='word_1_269' title='bbox 2629 1835 2870 1889; x_wconf 87' lang='lat' dir='ltr'><strong><em>voluisse</em></strong></span> <span class='ocrx_word' id='word_1_270' title='bbox 2897 1850 3089 1889; x_wconf 89' lang='lat' dir='ltr'><strong><em>omnes</em></strong></span> <span class='ocrx_word' id='word_1_271' title='bbox 3134 1835 3286 1904; x_wconf 72' lang='lat' dir='ltr'><strong><em>ipsos</em></strong></span> <span class='ocrx_word' id='word_1_272' title='bbox 3324 1839 3401 1902; x_wconf 43' lang='lat' dir='ltr'><strong><em>in.</em></strong></span> <span class='ocrx_word' id='word_1_273' title='bbox 3428 1836 3655 1889; x_wconf 86' lang='lat' dir='ltr'><strong><em>deserto</em></strong></span> 
     </span>
    </p>
   </div>
   <div class='ocr_carea' id='block_1_36' title="bbox 375 1921 1964 1996">
    <p class='ocr_par' dir='ltr' id='par_1_36' title="bbox 375 1921 1964 1996">
     <span class='ocr_line' id='line_1_36' title="bbox 375 1921 1964 1996; baseline 0.001 -18"><span class='ocrx_word' id='word_1_274' title='bbox 375 1928 586 1996; x_wconf 80' lang='grc' dir='ltr'><strong>ήγαγον</strong></span> <span class='ocrx_word' id='word_1_275' title='bbox 632 1925 830 1988; x_wconf 82' lang='grc' dir='ltr'><strong>αὐτοὺς</strong></span> <span class='ocrx_word' id='word_1_276' title='bbox 880 1923 1000 1977; x_wconf 84' lang='grc' dir='ltr'><strong>κατ’</strong></span> <span class='ocrx_word' id='word_1_277' title='bbox 1051 1923 1367 1994; x_wconf 81' lang='grc' dir='ltr'><strong>ὀφθαλμοὺς</strong></span> <span class='ocrx_word' id='word_1_278' title='bbox 1428 1925 1626 1979; x_wconf 74' lang='grc' dir='ltr'><strong>αὐτῶν.</strong></span> <span class='ocrx_word' id='word_1_279' title='bbox 1659 1945 1677 1976; x_wconf 74' lang='grc' dir='ltr'><strong><em>ι</em></strong></span> <span class='ocrx_word' id='word_1_280' title='bbox 1714 1921 1847 1979; x_wconf 80' lang='grc' dir='ltr'><strong>Εἶτα</strong></span> <span class='ocrx_word' id='word_1_281' title='bbox 1886 1926 1964 1980; x_wconf 89' lang='grc' dir='ltr'><strong>δι-</strong></span> 
     </span>
    </p>
   </div>
   <div class='ocr_carea' id='block_1_37' title="bbox 377 2015 1963 2089">
    <p class='ocr_par' dir='ltr' id='par_1_37' title="bbox 377 2015 1963 2089">
     <span class='ocr_line' id='line_1_37' title="bbox 377 2015 1963 2089; baseline 0.001 -19"><span class='ocrx_word' id='word_1_282' title='bbox 377 2020 595 2088; x_wconf 86' lang='grc' dir='ltr'><strong>ηγεῖται</strong></span> <span class='ocrx_word' id='word_1_283' title='bbox 613 2016 852 2070; x_wconf 85' lang='grc' dir='ltr'><strong>πλατύτε</strong></span> <span class='ocrx_word' id='word_1_284' title='bbox 863 2034 973 2088; x_wconf 83' lang='grc' dir='ltr'><strong>ρον,</strong></span> <span class='ocrx_word' id='word_1_285' title='bbox 996 2016 1077 2068; x_wconf 85' lang='grc' dir='ltr'><strong>ὅτι</strong></span> <span class='ocrx_word' id='word_1_286' title='bbox 1102 2015 1739 2089; x_wconf 77' lang='grc' dir='ltr'><strong>βουληθεὶς’πανωλεθρίᾳ</strong></span> <span class='ocrx_word' id='word_1_287' title='bbox 1755 2019 1963 2082; x_wconf 78' lang='grc' dir='ltr'><strong>πάντας</strong></span> 
     </span>
    </p>
   </div>
   <div class='ocr_carea' id='block_1_38' title="bbox 377 2109 1962 2181">
    <p class='ocr_par' dir='ltr' id='par_1_38' title="bbox 377 2109 1962 2181">
     <span class='ocr_line' id='line_1_38' title="bbox 377 2109 1962 2181; baseline 0 -16"><span class='ocrx_word' id='word_1_288' title='bbox 377 2111 576 2173; x_wconf 73' lang='grc' dir='ltr'><strong>αὐτοὺς</strong></span> <span class='ocrx_word' id='word_1_289' title='bbox 628 2109 921 2164; x_wconf 80' lang='grc' dir='ltr'><strong>ὑποϐαλεῖν</strong></span> <span class='ocrx_word' id='word_1_290' title='bbox 971 2111 1029 2163; x_wconf 91' lang='grc' dir='ltr'><strong><em>ἐν</em></strong></span> <span class='ocrx_word' id='word_1_291' title='bbox 1080 2112 1147 2180; x_wconf 74' lang='grc' dir='ltr'><strong>τῇ</strong></span> <span class='ocrx_word' id='word_1_292' title='bbox 1184 2111 1395 2180; x_wconf 84' lang='grc' dir='ltr'><strong>ἐρήμῳ,</strong></span> <span class='ocrx_word' id='word_1_293' title='bbox 1438 2109 1513 2174; x_wconf 81' lang='grc' dir='ltr'><strong>ὡς</strong></span> <span class='ocrx_word' id='word_1_294' title='bbox 1561 2111 1655 2164; x_wconf 73' lang='grc' dir='ltr'><strong><em>καὶ</em></strong></span> <span class='ocrx_word' id='word_1_295' title='bbox 1702 2112 1770 2164; x_wconf 68' lang='grc' dir='ltr'><strong>τὰ</strong></span> <span class='ocrx_word' id='word_1_296' title='bbox 1817 2111 1962 2181; x_wconf 78' lang='grc' dir='ltr'><strong>ζωῆς</strong></span> 
     </span>
    </p>
   </div>
   <div class='ocr_carea' id='block_1_39' title="bbox 373 2199 1962 2272">
    <p class='ocr_par' dir='ltr' id='par_1_39' title="bbox 373 2199 1962 2272">
     <span class='ocr_line' id='line_1_39' title="bbox 373 2199 1962 2272; baseline -0.002 -19"><span class='ocrx_word' id='word_1_297' title='bbox 373 2201 588 2272; x_wconf 82' lang='grc' dir='ltr'><strong>χορηγὰ</strong></span> <span class='ocrx_word' id='word_1_298' title='bbox 635 2199 982 2270; x_wconf 81' lang='grc' dir='ltr'><strong>δικαιώματα</strong></span> <span class='ocrx_word' id='word_1_299' title='bbox 1023 2200 1395 2268; x_wconf 85' lang='grc' dir='ltr'><strong>πατήσαντας,</strong></span> <span class='ocrx_word' id='word_1_300' title='bbox 1450 2199 1543 2252; x_wconf 72' lang='grc' dir='ltr'><strong>καὶ</strong></span> <span class='ocrx_word' id='word_1_301' title='bbox 1588 2199 1660 2251; x_wconf 79' lang='grc' dir='ltr'><strong>τὰ</strong></span> <span class='ocrx_word' id='word_1_302' title='bbox 1708 2199 1962 2252; x_wconf 86' lang='grc' dir='ltr'><strong>Σά66ατα</strong></span> 
     </span>
    </p>
   </div>
   <div class='ocr_carea' id='block_1_40' title="bbox 375 2289 1960 2363">
    <p class='ocr_par' dir='ltr' id='par_1_40' title="bbox 375 2289 1960 2363">
     <span class='ocr_line' id='line_1_40' title="bbox 375 2289 1960 2363; baseline -0.003 -17"><span class='ocrx_word' id='word_1_303' title='bbox 375 2292 812 2363; x_wconf 78' lang='grc' dir='ltr'><strong>βεϐηλώσαντας.</strong></span> <span class='ocrx_word' id='word_1_304' title='bbox 846 2293 956 2346; x_wconf 73' lang='grc' dir='ltr'><strong>Καὶ</strong></span> <span class='ocrx_word' id='word_1_305' title='bbox 988 2291 1151 2345; x_wconf 86' lang='grc' dir='ltr'><strong>πάλιν</strong></span> <span class='ocrx_word' id='word_1_306' title='bbox 1181 2291 1290 2343; x_wconf 82' lang='grc' dir='ltr'><strong><em>τῶν</em></strong></span> <span class='ocrx_word' id='word_1_307' title='bbox 1312 2289 1607 2345; x_wconf 78' lang='grc' dir='ltr'><strong>Σαϐϐάτων</strong></span> <span class='ocrx_word' id='word_1_308' title='bbox 1634 2291 1801 2362; x_wconf 77' lang='grc' dir='ltr'><strong>χωρὶς</strong></span> <span class='ocrx_word' id='word_1_309' title='bbox 1833 2306 1960 2361; x_wconf 85' lang='grc' dir='ltr'><strong>μνη-</strong></span> 
     </span>
    </p>
   </div>
   <div class='ocr_carea' id='block_1_41' title="bbox 375 2383 928 2456">
    <p class='ocr_par' dir='ltr' id='par_1_41' title="bbox 375 2383 928 2456">
     <span class='ocr_line' id='line_1_41' title="bbox 375 2383 928 2456; baseline -0.009 -17"><span class='ocrx_word' id='word_1_310' title='bbox 375 2383 668 2456; x_wconf 84' lang='grc' dir='ltr'><strong>μονεύσας,</strong></span> <span class='ocrx_word' id='word_1_311' title='bbox 693 2383 888 2452; x_wconf 78' lang='grc' dir='ltr'><strong>ἐπάγει</strong></span> <span class='ocrx_word' id='word_1_312' title='bbox 913 2398 928 2413; x_wconf 80' lang='grc' dir='ltr'><strong>ο</strong></span> 
     </span>
    </p>
   </div>
   <div class='ocr_carea' id='block_1_42' title="bbox 447 2471 1960 2542">
    <p class='ocr_par' dir='ltr' id='par_1_42' title="bbox 447 2471 1960 2542">
     <span class='ocr_line' id='line_1_42' title="bbox 447 2471 1960 2542; baseline -0.002 -14"><span class='ocrx_word' id='word_1_313' title='bbox 447 2475 535 2539; x_wconf 78' lang='grc' dir='ltr'><strong>ιζ’.</strong></span> <span class='ocrx_word' id='word_1_314' title='bbox 564 2476 674 2528; x_wconf 83' lang='lat' dir='ltr'><strong><em>Kal</em></strong></span> <span class='ocrx_word' id='word_1_315' title='bbox 713 2475 998 2542; x_wconf 69' lang='grc' dir='ltr'><strong>ἐφείσατο</strong></span> <span class='ocrx_word' id='word_1_316' title='bbox 1027 2473 1228 2528; x_wconf 85' lang='grc' dir='ltr'><strong>αὐτῶν</strong></span> <span class='ocrx_word' id='word_1_317' title='bbox 1277 2476 1310 2527; x_wconf 83' lang='grc' dir='ltr'><strong><em>ό</em></strong></span> <span class='ocrx_word' id='word_1_318' title='bbox 1344 2473 1653 2542; x_wconf 75' lang='grc' dir='ltr'><strong><em>ὀφθαλμός</em></strong></span> <span class='ocrx_word' id='word_1_319' title='bbox 1679 2489 1823 2541; x_wconf 85' lang='grc' dir='ltr'><strong>μου,</strong></span> <span class='ocrx_word' id='word_1_320' title='bbox 1852 2471 1960 2525; x_wconf 84' lang='grc' dir='ltr'><strong>τοῦ</strong></span> 
     </span>
    </p>
   </div>
   <div class='ocr_carea' id='block_1_43' title="bbox 368 2561 1962 2638">
    <p class='ocr_par' dir='ltr' id='par_1_43' title="bbox 368 2561 1962 2638">
     <span class='ocr_line' id='line_1_43' title="bbox 368 2561 1962 2638; baseline -0.013 -5"><span class='ocrx_word' id='word_1_321' title='bbox 368 2566 456 2638; x_wconf 77' lang='grc' dir='ltr'><strong>μὴ</strong></span> <span class='ocrx_word' id='word_1_322' title='bbox 487 2567 530 2598; x_wconf 81' lang='grc'><strong><em>³⁷</em></strong></span> <span class='ocrx_word' id='word_1_323' title='bbox 565 2565 882 2632; x_wconf 70' lang='grc' dir='ltr'><strong>ἐξαλεῖψαι</strong></span> <span class='ocrx_word' id='word_1_324' title='bbox 908 2564 1152 2630; x_wconf 81' lang='grc' dir='ltr'><strong>αὐτοὺς,</strong></span> <span class='ocrx_word' id='word_1_325' title='bbox 1173 2564 1273 2617; x_wconf 79' lang='grc' dir='ltr'><strong><em>καί</em></strong></span> <span class='ocrx_word' id='word_1_326' title='bbox 1305 2566 1416 2617; x_wconf 83' lang='grc' dir='ltr'><strong>οὐκ</strong></span> <span class='ocrx_word' id='word_1_327' title='bbox 1445 2563 1707 2630; x_wconf 82' lang='grc' dir='ltr'><strong>ἐποίησα</strong></span> <span class='ocrx_word' id='word_1_328' title='bbox 1738 2561 1962 2627; x_wconf 78' lang='grc' dir='ltr'><strong>αὐτοὺς</strong></span> 
     </span>
    </p>
   </div>
   <div class='ocr_carea' id='block_1_44' title="bbox 373 2654 1949 2726">
    <p class='ocr_par' dir='ltr' id='par_1_44' title="bbox 373 2654 1949 2726">
     <span class='ocr_line' id='line_1_44' title="bbox 373 2654 1949 2726; baseline -0.005 -12"><span class='ocrx_word' id='word_1_329' title='bbox 373 2663 462 2726; x_wconf 84' lang='grc' dir='ltr'><strong><em>είς</em></strong></span> <span class='ocrx_word' id='word_1_330' title='bbox 499 2658 866 2712; x_wconf 77' lang='grc' dir='ltr'><strong>συντέλειαν</strong></span> <span class='ocrx_word' id='word_1_331' title='bbox 895 2659 966 2712; x_wconf 85' lang='grc' dir='ltr'><strong><em>ἐν</em></strong></span> <span class='ocrx_word' id='word_1_332' title='bbox 1002 2655 1078 2724; x_wconf 77' lang='grc' dir='ltr'><strong>τῇ</strong></span> <span class='ocrx_word' id='word_1_333' title='bbox 1127 2656 1346 2725; x_wconf 79' lang='grc' dir='ltr'><strong><em>ἐρήμῳ.</em></strong></span> <span class='ocrx_word' id='word_1_334' title='bbox 1387 2654 1526 2718; x_wconf 84' lang='grc' dir='ltr'><strong>Τοὺς</strong></span> <span class='ocrx_word' id='word_1_335' title='bbox 1571 2655 1680 2726; x_wconf 79' lang='grc' dir='ltr'><strong>γὰρ</strong></span> <span class='ocrx_word' id='word_1_336' title='bbox 1719 2654 1949 2725; x_wconf 75' lang='grc' dir='ltr'><strong>παρανόσ</strong></span> 
     </span>
    </p>
   </div>
   <div class='ocr_carea' id='block_1_45' title="bbox 377 2747 1963 2824">
    <p class='ocr_par' dir='ltr' id='par_1_45' title="bbox 377 2747 1963 2824">
     <span class='ocr_line' id='line_1_45' title="bbox 377 2747 1963 2824; baseline -0.004 -17"><span class='ocrx_word' id='word_1_337' title='bbox 377 2770 512 2824; x_wconf 84' lang='grc' dir='ltr'><strong>μους</strong></span> <span class='ocrx_word' id='word_1_338' title='bbox 564 2752 808 2815; x_wconf 82' lang='grc' dir='ltr'><strong>ἐκείνους</strong></span> <span class='ocrx_word' id='word_1_339' title='bbox 863 2751 1146 2822; x_wconf 84' lang='grc' dir='ltr'><strong>διαφόροις</strong></span> <span class='ocrx_word' id='word_1_340' title='bbox 1205 2749 1484 2820; x_wconf 80' lang='grc' dir='ltr'><strong>παραδοὺς</strong></span> <span class='ocrx_word' id='word_1_341' title='bbox 1528 2747 1839 2820; x_wconf 77' lang='grc' dir='ltr'><strong>τιμωρίαις,</strong></span> <span class='ocrx_word' id='word_1_342' title='bbox 1893 2749 1963 2802; x_wconf 71' lang='grc' dir='ltr'><strong>τὰ</strong></span> 
     </span>
    </p>
   </div>
   <div class='ocr_carea' id='block_1_46' title="bbox 373 2839 1960 2914">
    <p class='ocr_par' dir='ltr' id='par_1_46' title="bbox 373 2839 1960 2914">
     <span class='ocr_line' id='line_1_46' title="bbox 373 2839 1960 2914; baseline -0.005 -14"><span class='ocrx_word' id='word_1_343' title='bbox 373 2847 545 2900; x_wconf 77' lang='grc' dir='ltr'><strong>τέκνα</strong></span> <span class='ocrx_word' id='word_1_344' title='bbox 582 2844 767 2899; x_wconf 82' lang='grc' dir='ltr'><strong>αὐτῶν</strong></span> <span class='ocrx_word' id='word_1_345' title='bbox 804 2844 958 2898; x_wconf 80' lang='grc' dir='ltr'><strong>οὐδὲν</strong></span> <span class='ocrx_word' id='word_1_346' title='bbox 985 2843 1208 2914; x_wconf 73' lang='grc' dir='ltr'><strong>ἄμεινον</strong></span> <span class='ocrx_word' id='word_1_347' title='bbox 1266 2841 1492 2894; x_wconf 83' lang='grc' dir='ltr'><strong>ἐκείνων</strong></span> <span class='ocrx_word' id='word_1_348' title='bbox 1547 2839 1960 2910; x_wconf 81' lang='grc' dir='ltr'><strong>διατεθήσεσθαι</strong></span> 
     </span>
    </p>
   </div>
   <div class='ocr_carea' id='block_1_47' title="bbox 376 2931 1962 3009">
    <p class='ocr_par' dir='ltr' id='par_1_47' title="bbox 376 2931 1962 3009">
     <span class='ocr_line' id='line_1_47' title="bbox 376 2931 1962 3009; baseline -0.004 -18"><span class='ocrx_word' id='word_1_349' title='bbox 376 2937 641 3009; x_wconf 71' lang='grc' dir='ltr'><strong>μέλλοντα</strong></span> <span class='ocrx_word' id='word_1_350' title='bbox 675 2934 982 3005; x_wconf 76' lang='grc' dir='ltr'><strong>διεφύλαξε,</strong></span> <span class='ocrx_word' id='word_1_351' title='bbox 1027 2936 1122 2988; x_wconf 79' lang='grc' dir='ltr'><strong>καὶ</strong></span> <span class='ocrx_word' id='word_1_352' title='bbox 1165 2936 1250 2998; x_wconf 67' lang='grc' dir='ltr'><strong><em>εἰς</em></strong></span> <span class='ocrx_word' id='word_1_353' title='bbox 1273 2933 1372 3004; x_wconf 80' lang='grc' dir='ltr'><strong>τὴν</strong></span> <span class='ocrx_word' id='word_1_354' title='bbox 1400 2931 1819 3003; x_wconf 78' lang='grc' dir='ltr'><strong>ἐπηγγελμένην</strong></span> <span class='ocrx_word' id='word_1_355' title='bbox 1848 2934 1962 2995; x_wconf 80' lang='grc' dir='ltr'><strong>τοῖς</strong></span> 
     </span>
    </p>
   </div>
   <div class='ocr_carea' id='block_1_48' title="bbox 373 3025 1116 3102">
    <p class='ocr_par' dir='ltr' id='par_1_48' title="bbox 373 3025 1116 3102">
     <span class='ocr_line' id='line_1_48' title="bbox 373 3025 1116 3102; baseline -0.008 -18"><span class='ocrx_word' id='word_1_356' title='bbox 373 3030 662 3102; x_wconf 78' lang='grc' dir='ltr'><strong>προγόνοις</strong></span> <span class='ocrx_word' id='word_1_357' title='bbox 689 3028 956 3098; x_wconf 83' lang='grc' dir='ltr'><strong>εἰσήγαγε</strong></span> <span class='ocrx_word' id='word_1_358' title='bbox 987 3025 1116 3096; x_wconf 85' lang='grc' dir='ltr'><strong>γῆν.</strong></span> 
     </span>
    </p>
   </div>
   <div class='ocr_carea' id='block_1_49' title="bbox 447 3111 1960 3192">
    <p class='ocr_par' dir='ltr' id='par_1_49' title="bbox 447 3111 1960 3192">
     <span class='ocr_line' id='line_1_49' title="bbox 447 3111 1960 3192; baseline -0.008 -17"><span class='ocrx_word' id='word_1_359' title='bbox 447 3126 611 3192; x_wconf 75' lang='grc' dir='ltr'><strong>ιηὀκ’.</strong></span> <span class='ocrx_word' id='word_1_360' title='bbox 645 3117 752 3172; x_wconf 73' lang='grc' dir='ltr'><strong><em>Καὶ</em></strong></span> <span class='ocrx_word' id='word_1_361' title='bbox 797 3113 992 3180; x_wconf 78' lang='grc' dir='ltr'><strong>εἷπον,</strong></span> <span class='ocrx_word' id='word_1_362' title='bbox 1048 3114 1205 3184; x_wconf 64' lang='grc' dir='ltr'><strong>φησι,</strong></span> <span class='ocrx_word' id='word_1_363' title='bbox 1237 3113 1388 3182; x_wconf 80' lang='grc' dir='ltr'><strong>πρὸς</strong></span> <span class='ocrx_word' id='word_1_364' title='bbox 1434 3113 1508 3168; x_wconf 85' lang='grc' dir='ltr'><strong>τὰ</strong></span> <span class='ocrx_word' id='word_1_365' title='bbox 1548 3111 1728 3166; x_wconf 74' lang='grc' dir='ltr'><strong>τέκνα</strong></span> <span class='ocrx_word' id='word_1_366' title='bbox 1761 3113 1960 3165; x_wconf 81' lang='grc' dir='ltr'><strong>αὐτῶν</strong></span> 
     </span>
    </p>
   </div>
   <div class='ocr_carea' id='block_1_50' title="bbox 2065 1925 3656 2001">
    <p class='ocr_par' dir='ltr' id='par_1_50' title="bbox 2065 1925 3656 2001">
     <span class='ocr_line' id='line_1_50' title="bbox 2065 1925 3656 2001; baseline -0.003 -19"><span class='ocrx_word' id='word_1_367' title='bbox 2065 1927 2320 1984; x_wconf 85' lang='lat' dir='ltr'><strong><em>l&#39;nnditus</em></strong></span> <span class='ocrx_word' id='word_1_368' title='bbox 2355 1927 2610 2001; x_wconf 87' lang='lat' dir='ltr'><strong><em>perdere,</em></strong></span> <span class='ocrx_word' id='word_1_369' title='bbox 2650 1936 2708 1980; x_wconf 88' lang='lat' dir='ltr'><strong><em>ut</em></strong></span> <span class='ocrx_word' id='word_1_370' title='bbox 2733 1927 2827 1997; x_wconf 89' lang='lat' dir='ltr'><strong><em>qui</em></strong></span> <span class='ocrx_word' id='word_1_371' title='bbox 2852 1925 3288 1996; x_wconf 83' lang='lat' dir='ltr'><strong><em>justilicationes</em></strong></span> <span class='ocrx_word' id='word_1_372' title='bbox 3319 1928 3488 1980; x_wconf 85' lang='lat' dir='ltr'><strong><em>vitam</em></strong></span> <span class='ocrx_word' id='word_1_373' title='bbox 3527 1929 3656 1980; x_wconf 73' lang='lat' dir='ltr'><strong><em>sul.-</em></strong></span> 
     </span>
    </p>
   </div>
   <div class='ocr_carea' id='block_1_51' title="bbox 2066 2016 3650 2086">
    <p class='ocr_par' dir='ltr' id='par_1_51' title="bbox 2066 2016 3650 2086">
     <span class='ocr_line' id='line_1_51' title="bbox 2066 2016 3650 2086; baseline -0.003 -12"><span class='ocrx_word' id='word_1_374' title='bbox 2066 2021 2430 2076; x_wconf 86' lang='lat' dir='ltr'><strong><em>ministantes</em></strong></span> <span class='ocrx_word' id='word_1_375' title='bbox 2465 2018 2916 2080; x_wconf 82' lang='lat' dir='ltr'><strong><em>conculcassent,</em></strong></span> <span class='ocrx_word' id='word_1_376' title='bbox 2941 2032 3003 2069; x_wconf 84' lang='lat' dir='ltr'><strong><em>ac</em></strong></span> <span class='ocrx_word' id='word_1_377' title='bbox 3037 2016 3273 2070; x_wconf 83' lang='lat' dir='ltr'><strong><em>Sabbata</em></strong></span> <span class='ocrx_word' id='word_1_378' title='bbox 3297 2016 3650 2086; x_wconf 86' lang='lat' dir='ltr'><strong><em>polluissent.</em></strong></span> 
     </span>
    </p>
   </div>
   <div class='ocr_carea' id='block_1_52' title="bbox 2065 2107 3652 2182">
    <p class='ocr_par' dir='ltr' id='par_1_52' title="bbox 2065 2107 3652 2182">
     <span class='ocr_line' id='line_1_52' title="bbox 2065 2107 3652 2182; baseline 0 -19"><span class='ocrx_word' id='word_1_379' title='bbox 2065 2109 2287 2167; x_wconf 83' lang='lat' dir='ltr'><strong><em>Rursus</em></strong></span> <span class='ocrx_word' id='word_1_380' title='bbox 2345 2109 2646 2182; x_wconf 87' lang='lat' dir='ltr'><strong><em>separatim</em></strong></span> <span class='ocrx_word' id='word_1_381' title='bbox 2708 2108 2853 2164; x_wconf 80' lang='lat' dir='ltr'><strong><em>facta</em></strong></span> <span class='ocrx_word' id='word_1_382' title='bbox 2917 2107 3283 2163; x_wconf 90' lang='lat' dir='ltr'><strong><em>Sabbatorum</em></strong></span> <span class='ocrx_word' id='word_1_383' title='bbox 3348 2110 3652 2175; x_wconf 83' lang='lat' dir='ltr'><strong><em>mentione,</em></strong></span> 
     </span>
    </p>
   </div>
   <div class='ocr_carea' id='block_1_53' title="bbox 2065 2203 2337 2274">
    <p class='ocr_par' dir='ltr' id='par_1_53' title="bbox 2065 2203 2337 2274">
     <span class='ocr_line' id='line_1_53' title="bbox 2065 2203 2337 2274; baseline -0.015 -12"><span class='ocrx_word' id='word_1_384' title='bbox 2065 2203 2291 2274; x_wconf 87' lang='lat' dir='ltr'><strong><em>subjicit</em></strong></span> <span class='ocrx_word' id='word_1_385' title='bbox 2324 2222 2337 2258; x_wconf 91' lang='lat'>:</span> 
     </span>
    </p>
   </div>
   <div class='ocr_carea' id='block_1_54' title="bbox 2135 2461 3653 2534">
    <p class='ocr_par' dir='ltr' id='par_1_54' title="bbox 2135 2461 3653 2534">
     <span class='ocr_line' id='line_1_54' title="bbox 2135 2461 3653 2534; baseline -0.003 -14"><span class='ocrx_word' id='word_1_386' title='bbox 2135 2465 2308 2522; x_wconf 74' lang='lat' dir='ltr'><strong><em>Vens.</em></strong></span> <span class='ocrx_word' id='word_1_387' title='bbox 2337 2465 2424 2519; x_wconf 88' lang='lat'><strong><em>17.</em></strong></span> <span class='ocrx_word' id='word_1_388' title='bbox 2474 2463 2540 2518; x_wconf 87' lang='lat' dir='ltr'><strong><em>Et</em></strong></span> <span class='ocrx_word' id='word_1_389' title='bbox 2576 2465 2806 2534; x_wconf 84' lang='lat' dir='ltr'><strong><em>pepercit</em></strong></span> <span class='ocrx_word' id='word_1_390' title='bbox 2849 2463 2976 2532; x_wconf 86' lang='lat' dir='ltr'><strong><em>ipsis</em></strong></span> <span class='ocrx_word' id='word_1_391' title='bbox 3017 2461 3202 2516; x_wconf 84' lang='lat' dir='ltr'><strong><em>oculus</em></strong></span> <span class='ocrx_word' id='word_1_392' title='bbox 3241 2478 3409 2525; x_wconf 87' lang='lat' dir='ltr'><strong><em>meus,</em></strong></span> <span class='ocrx_word' id='word_1_393' title='bbox 3460 2470 3517 2516; x_wconf 89' lang='lat' dir='ltr'><strong><em>ut</em></strong></span> <span class='ocrx_word' id='word_1_394' title='bbox 3549 2479 3653 2517; x_wconf 90' lang='lat' dir='ltr'><strong><em>non</em></strong></span> 
     </span>
    </p>
   </div>
   <div class='ocr_carea' id='block_1_55' title="bbox 2064 2551 3653 2624">
    <p class='ocr_par' dir='ltr' id='par_1_55' title="bbox 2064 2551 3653 2624">
     <span class='ocr_line' id='line_1_55' title="bbox 2064 2551 3653 2624; baseline -0.004 -9"><span class='ocrx_word' id='word_1_395' title='bbox 2064 2561 2294 2615; x_wconf 83' lang='lat' dir='ltr'><strong><em>delerent</em></strong></span> <span class='ocrx_word' id='word_1_396' title='bbox 2313 2577 2424 2624; x_wconf 90' lang='lat' dir='ltr'><strong><em>eos,</em></strong></span> <span class='ocrx_word' id='word_1_397' title='bbox 2446 2569 2494 2614; x_wconf 83' lang='lat' dir='ltr'><strong><em>et</em></strong></span> <span class='ocrx_word' id='word_1_398' title='bbox 2533 2575 2636 2612; x_wconf 88' lang='lat' dir='ltr'><strong><em>non</em></strong></span> <span class='ocrx_word' id='word_1_399' title='bbox 2649 2557 2955 2622; x_wconf 84' lang='lat' dir='ltr'><strong><em>consumpsi</em></strong></span> <span class='ocrx_word' id='word_1_400' title='bbox 2979 2573 3064 2610; x_wconf 87' lang='lat' dir='ltr'><strong><em>eos</em></strong></span> <span class='ocrx_word' id='word_1_401' title='bbox 3087 2556 3141 2609; x_wconf 87' lang='lat' dir='ltr'><strong><em>in</em></strong></span> <span class='ocrx_word' id='word_1_402' title='bbox 3157 2555 3382 2610; x_wconf 85' lang='lat' dir='ltr'><strong><em>deserto.</em></strong></span> <span class='ocrx_word' id='word_1_403' title='bbox 3412 2551 3653 2608; x_wconf 85' lang='lat' dir='ltr'><strong><em>Diversis</em></strong></span> 
     </span>
    </p>
   </div>
   <div class='ocr_carea' id='block_1_56' title="bbox 1981 2645 3654 2722">
    <p class='ocr_par' dir='ltr' id='par_1_56' title="bbox 1981 2645 3654 2722">
     <span class='ocr_line' id='line_1_56' title="bbox 1981 2645 3654 2722; baseline -0.007 -14"><span class='ocrx_word' id='word_1_404' title='bbox 1981 2653 1998 2670; x_wconf 86' lang='grc'><strong><em>⁸</em></strong></span> <span class='ocrx_word' id='word_1_405' title='bbox 2063 2653 2211 2708; x_wconf 88' lang='lat' dir='ltr'><strong><em>enim</em></strong></span> <span class='ocrx_word' id='word_1_406' title='bbox 2273 2651 2563 2722; x_wconf 85' lang='lat' dir='ltr'><strong><em>suppliciis</em></strong></span> <span class='ocrx_word' id='word_1_407' title='bbox 2624 2650 2841 2704; x_wconf 74' lang='lat' dir='ltr'><strong><em>affectis</em></strong></span> <span class='ocrx_word' id='word_1_408' title='bbox 2902 2648 3173 2718; x_wconf 85' lang='lat' dir='ltr'><strong><em>improbis</em></strong></span> <span class='ocrx_word' id='word_1_409' title='bbox 3242 2647 3388 2711; x_wconf 90' lang='lat' dir='ltr'><strong><em>illis,</em></strong></span> <span class='ocrx_word' id='word_1_410' title='bbox 3444 2645 3654 2700; x_wconf 85' lang='lat' dir='ltr'><strong><em>liberos</em></strong></span> 
     </span>
    </p>
   </div>
   <div class='ocr_carea' id='block_1_57' title="bbox 2063 2740 3653 2815">
    <p class='ocr_par' dir='ltr' id='par_1_57' title="bbox 2063 2740 3653 2815">
     <span class='ocr_line' id='line_1_57' title="bbox 2063 2740 3653 2815; baseline -0.007 -14"><span class='ocrx_word' id='word_1_411' title='bbox 2063 2761 2276 2807; x_wconf 89' lang='lat' dir='ltr'><strong><em>eorum,</em></strong></span> <span class='ocrx_word' id='word_1_412' title='bbox 2304 2745 2402 2815; x_wconf 85' lang='lat' dir='ltr'><strong><em>qui</em></strong></span> <span class='ocrx_word' id='word_1_413' title='bbox 2445 2752 2628 2798; x_wconf 90' lang='lat' dir='ltr'><strong><em>tamen</em></strong></span> <span class='ocrx_word' id='word_1_414' title='bbox 2662 2743 2836 2796; x_wconf 88' lang='lat' dir='ltr'><strong><em>nihilo</em></strong></span> <span class='ocrx_word' id='word_1_415' title='bbox 2867 2742 3124 2796; x_wconf 88' lang='lat' dir='ltr'><strong><em>meliores</em></strong></span> <span class='ocrx_word' id='word_1_416' title='bbox 3149 2740 3288 2809; x_wconf 86' lang='lat' dir='ltr'><strong><em>ipsis</em></strong></span> <span class='ocrx_word' id='word_1_417' title='bbox 3326 2748 3488 2794; x_wconf 84' lang='lat' dir='ltr'><strong><em>erant</em></strong></span> <span class='ocrx_word' id='word_1_418' title='bbox 3519 2753 3620 2791; x_wconf 86' lang='lat' dir='ltr'><strong><em>eva</em></strong></span> <span class='ocrx_word' id='word_1_419' title='bbox 3640 2772 3653 2782; x_wconf 73' lang='grc' dir='ltr'><strong><em>ο</em></strong></span> 
     </span>
    </p>
   </div>
   <div class='ocr_carea' id='block_1_58' title="bbox 2066 2828 3652 2904">
    <p class='ocr_par' dir='ltr' id='par_1_58' title="bbox 2066 2828 3652 2904">
     <span class='ocr_line' id='line_1_58' title="bbox 2066 2828 3652 2904; baseline -0.008 -12"><span class='ocrx_word' id='word_1_420' title='bbox 2066 2838 2215 2902; x_wconf 90' lang='lat' dir='ltr'><strong><em>suri,</em></strong></span> <span class='ocrx_word' id='word_1_421' title='bbox 2244 2836 2508 2899; x_wconf 74' lang='lat' dir='ltr'><strong><em>servavit,</em></strong></span> <span class='ocrx_word' id='word_1_422' title='bbox 2533 2843 2588 2889; x_wconf 86' lang='lat' dir='ltr'><strong><em>et</em></strong></span> <span class='ocrx_word' id='word_1_423' title='bbox 2627 2835 2682 2889; x_wconf 90' lang='lat' dir='ltr'><strong><em>in</em></strong></span> <span class='ocrx_word' id='word_1_424' title='bbox 2711 2841 2918 2888; x_wconf 87' lang='lat' dir='ltr'><strong><em>terram</em></strong></span> <span class='ocrx_word' id='word_1_425' title='bbox 2956 2829 3281 2904; x_wconf 84' lang='lat' dir='ltr'><strong><em>parentibus</em></strong></span> <span class='ocrx_word' id='word_1_426' title='bbox 3315 2828 3652 2901; x_wconf 86' lang='lat' dir='ltr'><strong><em>promissam</em></strong></span> 
     </span>
    </p>
   </div>
   <div class='ocr_carea' id='block_1_59' title="bbox 2064 2927 2395 2985">
    <p class='ocr_par' dir='ltr' id='par_1_59' title="bbox 2064 2927 2395 2985">
     <span class='ocr_line' id='line_1_59' title="bbox 2064 2927 2395 2985; baseline -0.006 -3"><span class='ocrx_word' id='word_1_427' title='bbox 2064 2927 2395 2985; x_wconf 78' lang='lat' dir='ltr'><strong><em>introduxit.</em></strong></span> 
     </span>
    </p>
   </div>
   <div class='ocr_carea' id='block_1_60' title="bbox 2135 3093 3655 3167">
    <p class='ocr_par' dir='ltr' id='par_1_60' title="bbox 2135 3093 3655 3167">
     <span class='ocr_line' id='line_1_60' title="bbox 2135 3093 3655 3167; baseline -0.005 -13"><span class='ocrx_word' id='word_1_428' title='bbox 2135 3102 2304 3156; x_wconf 68' lang='lat' dir='ltr'><strong><em>Vens.</em></strong></span> <span class='ocrx_word' id='word_1_429' title='bbox 2342 3100 2411 3154; x_wconf 90' lang='lat'><strong><em>18</em></strong></span> <span class='ocrx_word' id='word_1_430' title='bbox 2441 3099 2532 3154; x_wconf 72' lang='lat'><strong><em>20.</em></strong></span> <span class='ocrx_word' id='word_1_431' title='bbox 2564 3097 2632 3152; x_wconf 86' lang='lat' dir='ltr'><strong><em>Et</em></strong></span> <span class='ocrx_word' id='word_1_432' title='bbox 2671 3097 2832 3163; x_wconf 78' lang='lat' dir='ltr'><strong><em>dixit,</em></strong></span> <span class='ocrx_word' id='word_1_433' title='bbox 2865 3097 3066 3167; x_wconf 84' lang='lat' dir='ltr'><strong><em>inquit,</em></strong></span> <span class='ocrx_word' id='word_1_434' title='bbox 3106 3096 3176 3150; x_wconf 85' lang='lat' dir='ltr'><strong><em>ad</em></strong></span> <span class='ocrx_word' id='word_1_435' title='bbox 3203 3095 3344 3166; x_wconf 77' lang='lat' dir='ltr'><strong><em>ﬁlios</em></strong></span> <span class='ocrx_word' id='word_1_436' title='bbox 3388 3109 3569 3150; x_wconf 86' lang='lat' dir='ltr'><strong><em>eorum</em></strong></span> <span class='ocrx_word' id='word_1_437' title='bbox 3599 3093 3655 3146; x_wconf 79' lang='lat' dir='ltr'><strong><em>in</em></strong></span> 
     </span>
    </p>
   </div>
   <div class='ocr_carea' id='block_1_61' title="bbox 372 3183 1962 3281">
    <p class='ocr_par' dir='ltr' id='par_1_61' title="bbox 372 3183 1960 3281">
     <span class='ocr_line' id='line_1_61' title="bbox 372 3183 1960 3281; baseline -0.009 -14"><span class='ocrx_word' id='word_1_438' title='bbox 372 3217 444 3269; x_wconf 75' lang='grc' dir='ltr'><strong><em>ἐν</em></strong></span> <span class='ocrx_word' id='word_1_439' title='bbox 476 3183 550 3281; x_wconf 63' lang='grc' dir='ltr'><strong>τῇ</strong></span> <span class='ocrx_word' id='word_1_440' title='bbox 591 3210 788 3280; x_wconf 79' lang='grc' dir='ltr'><strong>ἐρήμῳ</strong></span> <span class='ocrx_word' id='word_1_441' title='bbox 812 3227 824 3240; x_wconf 89' lang='grc'><strong>·</strong></span> <span class='ocrx_word' id='word_1_442' title='bbox 887 3210 984 3261; x_wconf 85' lang='grc' dir='ltr'><strong>Ἐν</strong></span> <span class='ocrx_word' id='word_1_443' title='bbox 1034 3183 1158 3272; x_wconf 64' lang='grc' dir='ltr'><strong>τοῖς</strong></span> <span class='ocrx_word' id='word_1_444' title='bbox 1196 3207 1470 3276; x_wconf 77' lang='grc' dir='ltr'><strong>νομίμοις</strong></span> <span class='ocrx_word' id='word_1_445' title='bbox 1517 3203 1636 3258; x_wconf 78' lang='grc' dir='ltr'><strong>τῶν</strong></span> <span class='ocrx_word' id='word_1_446' title='bbox 1687 3203 1960 3272; x_wconf 82' lang='grc' dir='ltr'><strong>πατέρων</strong></span> 
     </span>
    </p>
   </div>
   <div class='ocr_carea' id='block_1_62' title="bbox 2063 3183 3652 3281">
    <p class='ocr_par' dir='ltr' id='par_1_62' title="bbox 2065 3183 3652 3261">
     <span class='ocr_line' id='line_1_62' title="bbox 2065 3183 3652 3261; baseline -0.007 -13"><span class='ocrx_word' id='word_1_447' title='bbox 2065 3194 2271 3249; x_wconf 83' lang='lat' dir='ltr'><strong><em>deserto</em></strong></span> <span class='ocrx_word' id='word_1_448' title='bbox 2308 3209 2326 3246; x_wconf 90' lang='lat'><strong><em>:</em></strong></span> <span class='ocrx_word' id='word_1_449' title='bbox 2361 3190 2426 3246; x_wconf 81' lang='lat' dir='ltr'><strong><em>In</em></strong></span> <span class='ocrx_word' id='word_1_450' title='bbox 2463 3191 2712 3261; x_wconf 82' lang='lat' dir='ltr'><strong><em>legitimis</em></strong></span> <span class='ocrx_word' id='word_1_451' title='bbox 2747 3201 2962 3260; x_wconf 86' lang='lat' dir='ltr'><strong><em>patrum</em></strong></span> <span class='ocrx_word' id='word_1_452' title='bbox 2997 3197 3291 3241; x_wconf 77' lang='lat' dir='ltr'><strong><em>vestrorum</em></strong></span> <span class='ocrx_word' id='word_1_453' title='bbox 3323 3200 3385 3240; x_wconf 84' lang='lat' dir='ltr'><strong><em>ne</em></strong></span> <span class='ocrx_word' id='word_1_454' title='bbox 3411 3183 3652 3238; x_wconf 77' lang='lat' dir='ltr'><strong><em>ambule-</em></strong></span> 
     </span>
    </p>
   </div>
   <div class='ocr_carea' id='block_1_63' title="bbox 373 3295 1960 3376">
    <p class='ocr_par' dir='ltr' id='par_1_63' title="bbox 373 3295 1960 3376">
     <span class='ocr_line' id='line_1_63' title="bbox 373 3295 1960 3376; baseline -0.009 -14"><span class='ocrx_word' id='word_1_455' title='bbox 373 3304 546 3376; x_wconf 80' lang='grc' dir='ltr'><strong>ὑμῶν</strong></span> <span class='ocrx_word' id='word_1_456' title='bbox 595 3303 682 3373; x_wconf 77' lang='grc' dir='ltr'><strong>μὴ</strong></span> <span class='ocrx_word' id='word_1_457' title='bbox 723 3303 1074 3370; x_wconf 72' lang='grc' dir='ltr'><strong>πορεύεσθε,</strong></span> <span class='ocrx_word' id='word_1_458' title='bbox 1119 3298 1217 3353; x_wconf 78' lang='grc' dir='ltr'><strong><em>καὶ</em></strong></span> <span class='ocrx_word' id='word_1_459' title='bbox 1258 3302 1332 3352; x_wconf 82' lang='grc' dir='ltr'><strong>τὰ</strong></span> <span class='ocrx_word' id='word_1_460' title='bbox 1371 3295 1734 3366; x_wconf 81' lang='grc' dir='ltr'><strong>δικαιώματα</strong></span> <span class='ocrx_word' id='word_1_461' title='bbox 1759 3295 1960 3350; x_wconf 79' lang='grc' dir='ltr'><strong>αὐτῶν</strong></span> 
     </span>
    </p>
   </div>
   <div class='ocr_carea' id='block_1_64' title="bbox 369 3386 1962 3468">
    <p class='ocr_par' dir='ltr' id='par_1_64' title="bbox 369 3386 1962 3468">
     <span class='ocr_line' id='line_1_64' title="bbox 369 3386 1962 3468; baseline -0.01 -15"><span class='ocrx_word' id='word_1_462' title='bbox 369 3398 458 3468; x_wconf 77' lang='grc' dir='ltr'><strong>μὴ</strong></span> <span class='ocrx_word' id='word_1_463' title='bbox 485 3395 881 3466; x_wconf 70' lang='grc' dir='ltr'><strong>φυλάττεσθε,</strong></span> <span class='ocrx_word' id='word_1_464' title='bbox 905 3394 1003 3446; x_wconf 82' lang='grc' dir='ltr'><strong><em>καί</em></strong></span> <span class='ocrx_word' id='word_1_465' title='bbox 1027 3392 1096 3444; x_wconf 84' lang='grc' dir='ltr'><strong><em>ἐν</em></strong></span> <span class='ocrx_word' id='word_1_466' title='bbox 1125 3389 1250 3454; x_wconf 84' lang='grc' dir='ltr'><strong>τοῖς</strong></span> <span class='ocrx_word' id='word_1_467' title='bbox 1270 3389 1742 3458; x_wconf 81' lang='grc' dir='ltr'><strong>ἐπιτηδεύμασιν</strong></span> <span class='ocrx_word' id='word_1_468' title='bbox 1761 3386 1962 3441; x_wconf 81' lang='grc' dir='ltr'><strong>αὐτῶν</strong></span> 
     </span>
    </p>
   </div>
   <div class='ocr_carea' id='block_1_65' title="bbox 369 3478 1958 3562">
    <p class='ocr_par' dir='ltr' id='par_1_65' title="bbox 369 3478 1958 3562">
     <span class='ocr_line' id='line_1_65' title="bbox 369 3478 1958 3562; baseline -0.024 -17"><span class='ocrx_word' id='word_1_469' title='bbox 369 3489 459 3562; x_wconf 79' lang='grc' dir='ltr'><strong>μὴ</strong></span> <span class='ocrx_word' id='word_1_470' title='bbox 492 3487 1046 3555; x_wconf 79' lang='grc' dir='ltr'><strong>συναναμίγνυσθε.</strong></span> <span class='ocrx_word' id='word_1_471' title='bbox 1092 3481 1240 3552; x_wconf 78' lang='grc' dir='ltr'><strong><em>Ἐγὼ</em></strong></span> <span class='ocrx_word' id='word_1_472' title='bbox 1273 3483 1491 3550; x_wconf 81' lang='grc' dir='ltr'><strong><em>Κύριος</em></strong></span> <span class='ocrx_word' id='word_1_473' title='bbox 1527 3482 1560 3534; x_wconf 78' lang='grc' dir='ltr'>ό</span> <span class='ocrx_word' id='word_1_474' title='bbox 1601 3481 1744 3546; x_wconf 71' lang='grc' dir='ltr'><strong><em>θεὸς</em></strong></span> <span class='ocrx_word' id='word_1_475' title='bbox 1769 3478 1958 3549; x_wconf 68' lang='grc' dir='ltr'><strong>ὑμῶν.</strong></span> 
     </span>
    </p>
   </div>
   <div class='ocr_carea' id='block_1_66' title="bbox 374 3570 1963 3646">
    <p class='ocr_par' dir='ltr' id='par_1_66' title="bbox 374 3570 1963 3646">
     <span class='ocr_line' id='line_1_66' title="bbox 374 3570 1963 3646; baseline -0.008 -12"><span class='ocrx_word' id='word_1_476' title='bbox 374 3581 447 3634; x_wconf 82' lang='grc' dir='ltr'><strong><em>ἐν</em></strong></span> <span class='ocrx_word' id='word_1_477' title='bbox 478 3580 605 3645; x_wconf 78' lang='grc' dir='ltr'><strong>τοῖς</strong></span> <span class='ocrx_word' id='word_1_478' title='bbox 633 3575 1062 3646; x_wconf 74' lang='grc' dir='ltr'><strong>προστάγμασι</strong></span> <span class='ocrx_word' id='word_1_479' title='bbox 1079 3591 1200 3643; x_wconf 89' lang='grc' dir='ltr'><strong><em>μου</em></strong></span> <span class='ocrx_word' id='word_1_480' title='bbox 1242 3573 1591 3641; x_wconf 84' lang='grc' dir='ltr'><strong>πορεύεσθε,</strong></span> <span class='ocrx_word' id='word_1_481' title='bbox 1633 3570 1733 3624; x_wconf 75' lang='grc' dir='ltr'><strong>καὶ</strong></span> <span class='ocrx_word' id='word_1_482' title='bbox 1762 3571 1834 3624; x_wconf 84' lang='grc' dir='ltr'><strong>τὰ</strong></span> <span class='ocrx_word' id='word_1_483' title='bbox 1875 3571 1963 3623; x_wconf 81' lang='grc' dir='ltr'><strong><em>ὄι-</em></strong></span> 
     </span>
    </p>
   </div>
   <div class='ocr_carea' id='block_1_67' title="bbox 377 3659 1958 3738">
    <p class='ocr_par' dir='ltr' id='par_1_67' title="bbox 377 3659 1958 3738">
     <span class='ocr_line' id='line_1_67' title="bbox 377 3659 1958 3738; baseline -0.007 -13"><span class='ocrx_word' id='word_1_484' title='bbox 377 3669 676 3738; x_wconf 80' lang='grc' dir='ltr'><strong>καιώματά</strong></span> <span class='ocrx_word' id='word_1_485' title='bbox 722 3686 842 3737; x_wconf 90' lang='grc' dir='ltr'><strong><em>μου</em></strong></span> <span class='ocrx_word' id='word_1_486' title='bbox 893 3666 1272 3736; x_wconf 66' lang='grc' dir='ltr'><strong>φυλάττεσθε</strong></span> <span class='ocrx_word' id='word_1_487' title='bbox 1297 3703 1312 3727; x_wconf 90' lang='grc'><strong><em>,</em></strong></span> <span class='ocrx_word' id='word_1_488' title='bbox 1371 3662 1468 3716; x_wconf 76' lang='grc' dir='ltr'><strong><em>καί</em></strong></span> <span class='ocrx_word' id='word_1_489' title='bbox 1519 3661 1741 3716; x_wconf 81' lang='grc' dir='ltr'><strong>ποιεῖτε</strong></span> <span class='ocrx_word' id='word_1_490' title='bbox 1785 3659 1958 3716; x_wconf 82' lang='grc' dir='ltr'><strong>αὑτά.</strong></span> 
     </span>
    </p>
   </div>
   <div class='ocr_carea' id='block_1_68' title="bbox 374 3755 1963 3828">
    <p class='ocr_par' dir='ltr' id='par_1_68' title="bbox 374 3755 1963 3828">
     <span class='ocr_line' id='line_1_68' title="bbox 374 3755 1963 3828; baseline -0.008 -9"><span class='ocrx_word' id='word_1_491' title='bbox 374 3763 490 3820; x_wconf 76' lang='lat' dir='ltr'><strong><em>Kal</em></strong></span> <span class='ocrx_word' id='word_1_492' title='bbox 530 3762 602 3816; x_wconf 79' lang='grc' dir='ltr'><strong>τὰ</strong></span> <span class='ocrx_word' id='word_1_493' title='bbox 640 3758 913 3816; x_wconf 73' lang='grc' dir='ltr'><strong>Σάϐϐατα</strong></span> <span class='ocrx_word' id='word_1_494' title='bbox 947 3776 1067 3828; x_wconf 89' lang='grc' dir='ltr'><strong><em>μου</em></strong></span> <span class='ocrx_word' id='word_1_495' title='bbox 1120 3755 1384 3828; x_wconf 75' lang='grc' dir='ltr'><strong>ἀγιάζετε</strong></span> <span class='ocrx_word' id='word_1_496' title='bbox 1420 3757 1605 3820; x_wconf 83' lang='grc' dir='ltr'><strong>αὐτὰ,</strong></span> <span class='ocrx_word' id='word_1_497' title='bbox 1655 3756 1753 3808; x_wconf 75' lang='grc' dir='ltr'><strong><em>καὶ</em></strong></span> <span class='ocrx_word' id='word_1_498' title='bbox 1790 3755 1963 3809; x_wconf 80' lang='grc' dir='ltr'><strong>ἔσται</strong></span> 
     </span>
    </p>
   </div>
   <div class='ocr_carea' id='block_1_69' title="bbox 373 3843 1964 3924">
    <p class='ocr_par' dir='ltr' id='par_1_69' title="bbox 373 3843 1964 3924">
     <span class='ocr_line' id='line_1_69' title="bbox 373 3843 1964 3924; baseline -0.009 -13"><span class='ocrx_word' id='word_1_499' title='bbox 373 3859 464 3923; x_wconf 82' lang='grc' dir='ltr'><strong><em>είς</em></strong></span> <span class='ocrx_word' id='word_1_500' title='bbox 519 3853 775 3924; x_wconf 85' lang='grc' dir='ltr'><strong>σημεῖον</strong></span> <span class='ocrx_word' id='word_1_501' title='bbox 830 3851 979 3921; x_wconf 82' lang='grc' dir='ltr'><strong>ἐμοῦ</strong></span> <span class='ocrx_word' id='word_1_502' title='bbox 1021 3851 1119 3904; x_wconf 78' lang='grc' dir='ltr'><strong><em>καὶ</em></strong></span> <span class='ocrx_word' id='word_1_503' title='bbox 1161 3847 1474 3918; x_wconf 86' lang='grc' dir='ltr'><strong>ἁναμέσον</strong></span> <span class='ocrx_word' id='word_1_504' title='bbox 1505 3845 1692 3916; x_wconf 84' lang='grc' dir='ltr'><strong>ὑμῶν,</strong></span> <span class='ocrx_word' id='word_1_505' title='bbox 1743 3843 1850 3898; x_wconf 86' lang='grc' dir='ltr'><strong>τοῦ</strong></span> <span class='ocrx_word' id='word_1_506' title='bbox 1885 3863 1964 3915; x_wconf 77' lang='grc' dir='ltr'><strong><em>τι·</em></strong></span> 
     </span>
    </p>
   </div>
   <div class='ocr_carea' id='block_1_70' title="bbox 374 3937 1962 4013">
    <p class='ocr_par' dir='ltr' id='par_1_70' title="bbox 374 3937 1962 4013">
     <span class='ocr_line' id='line_1_70' title="bbox 374 3937 1962 4013; baseline -0.009 -11"><span class='ocrx_word' id='word_1_507' title='bbox 374 3947 636 4002; x_wconf 83' lang='grc' dir='ltr'><strong>νώσκειν</strong></span> <span class='ocrx_word' id='word_1_508' title='bbox 669 3945 759 3998; x_wconf 87' lang='grc' dir='ltr'><strong>ὅτι</strong></span> <span class='ocrx_word' id='word_1_509' title='bbox 797 3944 911 4013; x_wconf 73' lang='grc' dir='ltr'><strong><em>ἐγὼ</em></strong></span> <span class='ocrx_word' id='word_1_510' title='bbox 948 3943 1163 4010; x_wconf 82' lang='grc' dir='ltr'><strong>Κύριος</strong></span> <span class='ocrx_word' id='word_1_511' title='bbox 1202 3944 1234 3993; x_wconf 85' lang='grc' dir='ltr'><strong><em>ό</em></strong></span> <span class='ocrx_word' id='word_1_512' title='bbox 1275 3941 1424 4004; x_wconf 86' lang='grc' dir='ltr'><strong>Θεὸς</strong></span> <span class='ocrx_word' id='word_1_513' title='bbox 1463 3937 1649 4007; x_wconf 85' lang='grc' dir='ltr'><strong>ὑμῶν.</strong></span> <span class='ocrx_word' id='word_1_514' title='bbox 1685 3937 1798 3991; x_wconf 81' lang='lat' dir='ltr'><strong><em>Kal</em></strong></span> <span class='ocrx_word' id='word_1_515' title='bbox 1847 3940 1962 3999; x_wconf 89' lang='grc' dir='ltr'><strong>τοῖς</strong></span> 
     </span>
    </p>
   </div>
   <div class='ocr_carea' id='block_1_71' title="bbox 373 4027 1962 4104">
    <p class='ocr_par' dir='ltr' id='par_1_71' title="bbox 373 4027 1962 4104">
     <span class='ocr_line' id='line_1_71' title="bbox 373 4027 1962 4104; baseline -0.01 -10"><span class='ocrx_word' id='word_1_516' title='bbox 373 4039 584 4102; x_wconf 75' lang='grc' dir='ltr'><strong>τέκνοις</strong></span> <span class='ocrx_word' id='word_1_517' title='bbox 609 4037 666 4090; x_wconf 84' lang='grc' dir='ltr'><strong><em>δὲ</em></strong></span> <span class='ocrx_word' id='word_1_518' title='bbox 682 4036 884 4096; x_wconf 81' lang='grc' dir='ltr'><strong>αὐτῶν,</strong></span> <span class='ocrx_word' id='word_1_519' title='bbox 909 4034 1061 4104; x_wconf 77' lang='grc' dir='ltr'><strong>φησὶ,</strong></span> <span class='ocrx_word' id='word_1_520' title='bbox 1087 4035 1188 4101; x_wconf 81' lang='grc' dir='ltr'><strong>τῆς</strong></span> <span class='ocrx_word' id='word_1_521' title='bbox 1217 4031 1327 4084; x_wconf 88' lang='grc' dir='ltr'><strong>τῶν</strong></span> <span class='ocrx_word' id='word_1_522' title='bbox 1357 4029 1611 4100; x_wconf 79' lang='grc' dir='ltr'><strong>πατέρων</strong></span> <span class='ocrx_word' id='word_1_523' title='bbox 1644 4027 1962 4099; x_wconf 74' lang='grc' dir='ltr'><strong>χωρισθείςι</strong></span> 
     </span>
    </p>
   </div>
   <div class='ocr_carea' id='block_1_72' title="bbox 373 4118 1962 4197">
    <p class='ocr_par' dir='ltr' id='par_1_72' title="bbox 373 4118 1962 4197">
     <span class='ocr_line' id='line_1_72' title="bbox 373 4118 1962 4197; baseline -0.009 -13"><span class='ocrx_word' id='word_1_524' title='bbox 373 4129 747 4191; x_wconf 81' lang='grc' dir='ltr'><strong>διδασκαλίας,</strong></span> <span class='ocrx_word' id='word_1_525' title='bbox 788 4126 1063 4197; x_wconf 73' lang='grc' dir='ltr'><strong>παρῄνουν</strong></span> <span class='ocrx_word' id='word_1_526' title='bbox 1095 4127 1151 4177; x_wconf 83' lang='grc' dir='ltr'><strong><em>ἐν</em></strong></span> <span class='ocrx_word' id='word_1_527' title='bbox 1198 4126 1264 4194; x_wconf 78' lang='grc' dir='ltr'><strong>τῇ</strong></span> <span class='ocrx_word' id='word_1_528' title='bbox 1301 4123 1512 4194; x_wconf 81' lang='grc' dir='ltr'><strong>ἐρήμῳ,</strong></span> <span class='ocrx_word' id='word_1_529' title='bbox 1572 4119 1667 4173; x_wconf 74' lang='grc' dir='ltr'><strong><em>καὶ</em></strong></span> <span class='ocrx_word' id='word_1_530' title='bbox 1702 4118 1962 4172; x_wconf 80' lang='grc' dir='ltr'><strong>συνεϐού-</strong></span> 
     </span>
    </p>
   </div>
   <div class='ocr_carea' id='block_1_73' title="bbox 374 4209 1964 4296">
    <p class='ocr_par' dir='ltr' id='par_1_73' title="bbox 374 4209 1964 4296">
     <span class='ocr_line' id='line_1_73' title="bbox 374 4209 1964 4296; baseline -0.006 -23"><span class='ocrx_word' id='word_1_531' title='bbox 374 4222 532 4296; x_wconf 64' lang='grc' dir='ltr'><strong>λενον</strong></span> <span class='ocrx_word' id='word_1_532' title='bbox 559 4219 938 4290; x_wconf 79' lang='grc' dir='ltr'><strong>ἀπαλλαγῆναι</strong></span> <span class='ocrx_word' id='word_1_533' title='bbox 974 4217 1072 4287; x_wconf 82' lang='grc' dir='ltr'><strong><em>μὲν</em></strong></span> <span class='ocrx_word' id='word_1_534' title='bbox 1101 4215 1210 4269; x_wconf 82' lang='grc' dir='ltr'><strong><em>τῶν</em></strong></span> <span class='ocrx_word' id='word_1_535' title='bbox 1247 4212 1516 4284; x_wconf 79' lang='grc' dir='ltr'><strong>πατρῴων</strong></span> <span class='ocrx_word' id='word_1_536' title='bbox 1565 4211 1738 4282; x_wconf 81' lang='grc' dir='ltr'><strong>ἠθῶν,</strong></span> <span class='ocrx_word' id='word_1_537' title='bbox 1773 4209 1872 4283; x_wconf 81' lang='grc' dir='ltr'><strong>τὴν</strong></span> <span class='ocrx_word' id='word_1_538' title='bbox 1905 4210 1964 4264; x_wconf 83' lang='grc' dir='ltr'><strong><em>δὲ</em></strong></span> 
     </span>
    </p>
   </div>
   <div class='ocr_carea' id='block_1_74' title="bbox 373 4301 1964 4382">
    <p class='ocr_par' dir='ltr' id='par_1_74' title="bbox 373 4301 1964 4382">
     <span class='ocr_line' id='line_1_74' title="bbox 373 4301 1964 4382; baseline -0.006 -18"><span class='ocrx_word' id='word_1_539' title='bbox 373 4311 516 4382; x_wconf 78' lang='grc' dir='ltr'><strong>ἐμὴν</strong></span> <span class='ocrx_word' id='word_1_540' title='bbox 541 4308 858 4362; x_wconf 88' lang='grc' dir='ltr'><strong>δεσποτείαν</strong></span> <span class='ocrx_word' id='word_1_541' title='bbox 877 4309 922 4339; x_wconf 75' lang='grc'><strong><em>⁸⁸</em></strong></span> <span class='ocrx_word' id='word_1_542' title='bbox 952 4305 1270 4372; x_wconf 74' lang='grc' dir='ltr'><strong>ἐπιγνῶναι,</strong></span> <span class='ocrx_word' id='word_1_543' title='bbox 1295 4308 1389 4358; x_wconf 75' lang='grc' dir='ltr'><strong><em>καὶ</em></strong></span> <span class='ocrx_word' id='word_1_544' title='bbox 1412 4304 1524 4366; x_wconf 88' lang='grc' dir='ltr'><strong>τοῖς</strong></span> <span class='ocrx_word' id='word_1_545' title='bbox 1546 4303 1700 4370; x_wconf 84' lang='grc' dir='ltr'><strong>ἐμοῖς</strong></span> <span class='ocrx_word' id='word_1_546' title='bbox 1727 4301 1964 4371; x_wconf 87' lang='grc' dir='ltr'><strong>προστά-</strong></span> 
     </span>
    </p>
   </div>
   <div class='ocr_carea' id='block_1_75' title="bbox 374 4392 1964 4474">
    <p class='ocr_par' dir='ltr' id='par_1_75' title="bbox 374 4392 1964 4474">
     <span class='ocr_line' id='line_1_75' title="bbox 374 4392 1964 4474; baseline -0.006 -18"><span class='ocrx_word' id='word_1_547' title='bbox 374 4418 583 4474; x_wconf 90' lang='grc' dir='ltr'><strong>γμασιν</strong></span> <span class='ocrx_word' id='word_1_548' title='bbox 628 4401 877 4464; x_wconf 73' lang='grc' dir='ltr'><strong>ἕπεσθαι,</strong></span> <span class='ocrx_word' id='word_1_549' title='bbox 931 4399 1026 4451; x_wconf 75' lang='grc' dir='ltr'><strong><em>καὶ</em></strong></span> <span class='ocrx_word' id='word_1_550' title='bbox 1068 4398 1136 4449; x_wconf 72' lang='grc' dir='ltr'><strong>τὰ</strong></span> <span class='ocrx_word' id='word_1_551' title='bbox 1177 4397 1401 4451; x_wconf 83' lang='grc' dir='ltr'><strong>δοθέντα</strong></span> <span class='ocrx_word' id='word_1_552' title='bbox 1447 4393 1688 4466; x_wconf 82' lang='grc' dir='ltr'><strong>πληροῦν</strong></span> <span class='ocrx_word' id='word_1_553' title='bbox 1739 4392 1964 4447; x_wconf 85' lang='grc' dir='ltr'><strong>δικαιώ-</strong></span> 
     </span>
    </p>
   </div>
   <div class='ocr_carea' id='block_1_76' title="bbox 378 4487 1964 4564">
    <p class='ocr_par' dir='ltr' id='par_1_76' title="bbox 378 4487 1964 4564">
     <span class='ocr_line' id='line_1_76' title="bbox 378 4487 1964 4564; baseline -0.006 -16"><span class='ocrx_word' id='word_1_554' title='bbox 378 4510 548 4564; x_wconf 82' lang='grc' dir='ltr'><strong>ματα,</strong></span> <span class='ocrx_word' id='word_1_555' title='bbox 584 4493 675 4546; x_wconf 76' lang='grc' dir='ltr'><strong>καὶ</strong></span> <span class='ocrx_word' id='word_1_556' title='bbox 725 4494 791 4563; x_wconf 76' lang='grc' dir='ltr'><strong>τῇ</strong></span> <span class='ocrx_word' id='word_1_557' title='bbox 835 4491 944 4544; x_wconf 85' lang='grc' dir='ltr'><strong>τῶν</strong></span> <span class='ocrx_word' id='word_1_558' title='bbox 977 4491 1268 4544; x_wconf 75' lang='grc' dir='ltr'><strong>Σαόὅάτων</strong></span> <span class='ocrx_word' id='word_1_559' title='bbox 1307 4488 1525 4558; x_wconf 77' lang='grc' dir='ltr'><strong>φυλακῇ</strong></span> <span class='ocrx_word' id='word_1_560' title='bbox 1573 4487 1634 4540; x_wconf 76' lang='grc' dir='ltr'><strong>τὸ</strong></span> <span class='ocrx_word' id='word_1_561' title='bbox 1674 4487 1774 4557; x_wconf 85' lang='grc' dir='ltr'><strong>τῆς</strong></span> <span class='ocrx_word' id='word_1_562' title='bbox 1811 4487 1964 4539; x_wconf 83' lang='grc' dir='ltr'><strong>πολι-</strong></span> 
     </span>
    </p>
   </div>
   <div class='ocr_carea' id='block_1_77' title="bbox 2066 3275 3651 3354">
    <p class='ocr_par' dir='ltr' id='par_1_77' title="bbox 2066 3275 3651 3354">
     <span class='ocr_line' id='line_1_77' title="bbox 2066 3275 3651 3354; baseline -0.007 -15"><span class='ocrx_word' id='word_1_563' title='bbox 2066 3287 2156 3350; x_wconf 89' lang='lat' dir='ltr'><strong><em>tis,</em></strong></span> <span class='ocrx_word' id='word_1_564' title='bbox 2178 3292 2226 3340; x_wconf 87' lang='lat' dir='ltr'><strong><em>et</em></strong></span> <span class='ocrx_word' id='word_1_565' title='bbox 2248 3283 2662 3354; x_wconf 84' lang='lat' dir='ltr'><strong><em>justiﬁcationes</em></strong></span> <span class='ocrx_word' id='word_1_566' title='bbox 2685 3297 2862 3335; x_wconf 86' lang='lat' dir='ltr'><strong><em>eorum</em></strong></span> <span class='ocrx_word' id='word_1_567' title='bbox 2885 3296 2947 3334; x_wconf 91' lang='lat' dir='ltr'><strong><em>ne</em></strong></span> <span class='ocrx_word' id='word_1_568' title='bbox 2968 3277 3284 3332; x_wconf 84' lang='lat' dir='ltr'><strong><em>custodiatis</em></strong></span> <span class='ocrx_word' id='word_1_569' title='bbox 3313 3285 3361 3330; x_wconf 88' lang='lat' dir='ltr'><strong><em>et</em></strong></span> <span class='ocrx_word' id='word_1_570' title='bbox 3393 3275 3651 3330; x_wconf 61' lang='lat' dir='ltr'><strong><em>instinctis</em></strong></span> 
     </span>
    </p>
   </div>
   <div class='ocr_carea' id='block_1_78' title="bbox 2062 3367 3652 3442">
    <p class='ocr_par' dir='ltr' id='par_1_78' title="bbox 2062 3367 3652 3442">
     <span class='ocr_line' id='line_1_78' title="bbox 2062 3367 3652 3442; baseline -0.008 -10"><span class='ocrx_word' id='word_1_571' title='bbox 2062 3393 2246 3432; x_wconf 83' lang='lat' dir='ltr'><strong><em>eorum</em></strong></span> <span class='ocrx_word' id='word_1_572' title='bbox 2275 3392 2336 3429; x_wconf 88' lang='lat' dir='ltr'><strong><em>ne</em></strong></span> <span class='ocrx_word' id='word_1_573' title='bbox 2357 3371 2826 3427; x_wconf 85' lang='lat' dir='ltr'><strong><em>commisceamini.</em></strong></span> <span class='ocrx_word' id='word_1_574' title='bbox 2854 3370 2964 3442; x_wconf 86' lang='lat' dir='ltr'><strong><em>Ego</em></strong></span> <span class='ocrx_word' id='word_1_575' title='bbox 3000 3371 3256 3424; x_wconf 85' lang='lat' dir='ltr'><strong><em>Dominus</em></strong></span> <span class='ocrx_word' id='word_1_576' title='bbox 3281 3367 3421 3422; x_wconf 85' lang='lat' dir='ltr'><strong><em>Deus</em></strong></span> <span class='ocrx_word' id='word_1_577' title='bbox 3448 3376 3652 3421; x_wconf 81' lang='lat' dir='ltr'><strong><em>vester:</em></strong></span> 
     </span>
    </p>
   </div>
   <div class='ocr_carea' id='block_1_79' title="bbox 2063 3459 3653 3536">
    <p class='ocr_par' dir='ltr' id='par_1_79' title="bbox 2063 3459 3653 3536">
     <span class='ocr_line' id='line_1_79' title="bbox 2063 3459 3653 3536; baseline -0.006 -16"><span class='ocrx_word' id='word_1_578' title='bbox 2063 3469 2119 3521; x_wconf 87' lang='lat' dir='ltr'><strong><em>in</em></strong></span> <span class='ocrx_word' id='word_1_579' title='bbox 2147 3468 2425 3536; x_wconf 67' lang='lat' dir='ltr'><strong><em>praeceptis</em></strong></span> <span class='ocrx_word' id='word_1_580' title='bbox 2471 3465 2598 3517; x_wconf 83' lang='lat' dir='ltr'><strong><em>meis</em></strong></span> <span class='ocrx_word' id='word_1_581' title='bbox 2635 3462 2928 3525; x_wconf 83' lang='lat' dir='ltr'><strong><em>ambulate,</em></strong></span> <span class='ocrx_word' id='word_1_582' title='bbox 2981 3471 3030 3514; x_wconf 90' lang='lat' dir='ltr'><strong><em>et</em></strong></span> <span class='ocrx_word' id='word_1_583' title='bbox 3067 3459 3477 3528; x_wconf 73' lang='lat' dir='ltr'><strong><em>justiﬁcatinncs</em></strong></span> <span class='ocrx_word' id='word_1_584' title='bbox 3509 3473 3653 3512; x_wconf 81' lang='lat' dir='ltr'><strong><em>ineas</em></strong></span> 
     </span>
    </p>
   </div>
   <div class='ocr_carea' id='block_1_80' title="bbox 2064 3549 3655 3624">
    <p class='ocr_par' dir='ltr' id='par_1_80' title="bbox 2064 3549 3655 3624">
     <span class='ocr_line' id='line_1_80' title="bbox 2064 3549 3655 3624; baseline -0.007 -12"><span class='ocrx_word' id='word_1_585' title='bbox 2064 3557 2348 3618; x_wconf 83' lang='lat' dir='ltr'><strong><em>custodite,</em></strong></span> <span class='ocrx_word' id='word_1_586' title='bbox 2371 3566 2418 3610; x_wconf 84' lang='lat' dir='ltr'><strong><em>et</em></strong></span> <span class='ocrx_word' id='word_1_587' title='bbox 2451 3554 2610 3624; x_wconf 75' lang='lat' dir='ltr'><strong><em>facite</em></strong></span> <span class='ocrx_word' id='word_1_588' title='bbox 2652 3570 2762 3608; x_wconf 87' lang='lat' dir='ltr'><strong><em>eas.</em></strong></span> <span class='ocrx_word' id='word_1_589' title='bbox 2799 3551 2860 3606; x_wconf 86' lang='lat' dir='ltr'><strong><em>Et</em></strong></span> <span class='ocrx_word' id='word_1_590' title='bbox 2893 3552 3066 3623; x_wconf 77' lang='grc'><strong><em>828</em></strong></span> <span class='ocrx_word' id='word_1_591' title='bbox 3097 3549 3342 3606; x_wconf 70' lang='lat' dir='ltr'><strong><em>Sabbaza</em></strong></span> <span class='ocrx_word' id='word_1_592' title='bbox 3385 3565 3502 3604; x_wconf 84' lang='lat' dir='ltr'><strong><em>mea</em></strong></span> <span class='ocrx_word' id='word_1_593' title='bbox 3528 3565 3655 3602; x_wconf 74' lang='lat' dir='ltr'><strong><em>san-</em></strong></span> 
     </span>
    </p>
   </div>
   <div class='ocr_carea' id='block_1_81' title="bbox 2064 3642 3654 3720">
    <p class='ocr_par' dir='ltr' id='par_1_81' title="bbox 2064 3642 3654 3720">
     <span class='ocr_line' id='line_1_81' title="bbox 2064 3642 3654 3720; baseline -0.009 -16"><span class='ocrx_word' id='word_1_594' title='bbox 2064 3652 2316 3720; x_wconf 78' lang='lat' dir='ltr'><strong><em>ctiﬁcate,</em></strong></span> <span class='ocrx_word' id='word_1_595' title='bbox 2342 3659 2391 3702; x_wconf 91' lang='lat' dir='ltr'><strong><em>et</em></strong></span> <span class='ocrx_word' id='word_1_596' title='bbox 2419 3655 2574 3701; x_wconf 86' lang='lat' dir='ltr'><strong><em>erunt</em></strong></span> <span class='ocrx_word' id='word_1_597' title='bbox 2611 3647 2818 3716; x_wconf 86' lang='lat' dir='ltr'><strong><em>signum</em></strong></span> <span class='ocrx_word' id='word_1_598' title='bbox 2863 3646 3001 3696; x_wconf 87' lang='lat' dir='ltr'><strong><em>inter</em></strong></span> <span class='ocrx_word' id='word_1_599' title='bbox 3025 3658 3103 3695; x_wconf 90' lang='lat' dir='ltr'><strong><em>me</em></strong></span> <span class='ocrx_word' id='word_1_600' title='bbox 3153 3651 3204 3695; x_wconf 86' lang='lat' dir='ltr'><strong><em>et</em></strong></span> <span class='ocrx_word' id='word_1_601' title='bbox 3256 3642 3393 3694; x_wconf 81' lang='lat' dir='ltr'><strong><em>inter</em></strong></span> <span class='ocrx_word' id='word_1_602' title='bbox 3432 3656 3542 3703; x_wconf 81' lang='lat' dir='ltr'><strong><em>vos,</em></strong></span> <span class='ocrx_word' id='word_1_603' title='bbox 3596 3647 3654 3690; x_wconf 85' lang='lat' dir='ltr'><strong><em>ut</em></strong></span> 
     </span>
    </p>
   </div>
   <div class='ocr_carea' id='block_1_82' title="bbox 2063 3730 3654 3814">
    <p class='ocr_par' dir='ltr' id='par_1_82' title="bbox 2063 3730 3654 3814">
     <span class='ocr_line' id='line_1_82' title="bbox 2063 3730 3654 3814; baseline -0.009 -17"><span class='ocrx_word' id='word_1_604' title='bbox 2063 3741 2408 3814; x_wconf 84' lang='lat' dir='ltr'><strong><em>cognoscatis</em></strong></span> <span class='ocrx_word' id='word_1_605' title='bbox 2441 3756 2521 3793; x_wconf 88' lang='lat' dir='ltr'><strong><em>me</em></strong></span> <span class='ocrx_word' id='word_1_606' title='bbox 2548 3754 2661 3793; x_wconf 86' lang='lat' dir='ltr'><strong><em>esse</em></strong></span> <span class='ocrx_word' id='word_1_607' title='bbox 2688 3737 2978 3790; x_wconf 89' lang='lat' dir='ltr'><strong><em>Dominum</em></strong></span> <span class='ocrx_word' id='word_1_608' title='bbox 3013 3733 3178 3787; x_wconf 89' lang='lat' dir='ltr'><strong><em>Deum</em></strong></span> <span class='ocrx_word' id='word_1_609' title='bbox 3212 3743 3466 3787; x_wconf 82' lang='lat' dir='ltr'><strong><em>vestrum.</em></strong></span> <span class='ocrx_word' id='word_1_610' title='bbox 3499 3730 3654 3785; x_wconf 85' lang='lat' dir='ltr'><strong><em>Filiis</em></strong></span> 
     </span>
    </p>
   </div>
   <div class='ocr_carea' id='block_1_83' title="bbox 2065 3829 3656 3907">
    <p class='ocr_par' dir='ltr' id='par_1_83' title="bbox 2065 3829 3656 3907">
     <span class='ocr_line' id='line_1_83' title="bbox 2065 3829 3656 3907; baseline -0.007 -15"><span class='ocrx_word' id='word_1_611' title='bbox 2065 3852 2284 3907; x_wconf 83' lang='lat' dir='ltr'><strong><em>quoque</em></strong></span> <span class='ocrx_word' id='word_1_612' title='bbox 2327 3837 2596 3904; x_wconf 89' lang='lat' dir='ltr'><strong><em>ipsorum,</em></strong></span> <span class='ocrx_word' id='word_1_613' title='bbox 2641 3834 2844 3900; x_wconf 87' lang='lat' dir='ltr'><strong><em>inquit,</em></strong></span> <span class='ocrx_word' id='word_1_614' title='bbox 2870 3846 2900 3884; x_wconf 85' lang='lat' dir='ltr'><strong><em>a</em></strong></span> <span class='ocrx_word' id='word_1_615' title='bbox 2937 3840 3230 3901; x_wconf 88' lang='lat' dir='ltr'><strong><em>parentum</em></strong></span> <span class='ocrx_word' id='word_1_616' title='bbox 3282 3829 3533 3883; x_wconf 83' lang='lat' dir='ltr'><strong><em>doctrina</em></strong></span> <span class='ocrx_word' id='word_1_617' title='bbox 3568 3843 3656 3881; x_wconf 81' lang='lat' dir='ltr'><strong><em>se-</em></strong></span> 
     </span>
    </p>
   </div>
   <div class='ocr_carea' id='block_1_84' title="bbox 2064 3919 3653 4002">
    <p class='ocr_par' dir='ltr' id='par_1_84' title="bbox 2064 3919 3653 4002">
     <span class='ocr_line' id='line_1_84' title="bbox 2064 3919 3653 4002; baseline -0.01 -17"><span class='ocrx_word' id='word_1_618' title='bbox 2064 3930 2294 4002; x_wconf 86' lang='lat' dir='ltr'><strong><em>paratis,</em></strong></span> <span class='ocrx_word' id='word_1_619' title='bbox 2325 3934 2597 3998; x_wconf 66' lang='lat' dir='ltr'><strong><em>praecepta</em></strong></span> <span class='ocrx_word' id='word_1_620' title='bbox 2627 3925 2754 3978; x_wconf 83' lang='lat' dir='ltr'><strong><em>dedi</em></strong></span> <span class='ocrx_word' id='word_1_621' title='bbox 2796 3925 2848 3976; x_wconf 90' lang='lat' dir='ltr'><strong><em>in</em></strong></span> <span class='ocrx_word' id='word_1_622' title='bbox 2881 3921 3208 3980; x_wconf 81' lang='lat' dir='ltr'><strong><em>solitudine.</em></strong></span> <span class='ocrx_word' id='word_1_623' title='bbox 3254 3919 3653 3988; x_wconf 78' lang='lat' dir='ltr'><strong><em>consuluiquo,</em></strong></span> 
     </span>
    </p>
   </div>
   <div class='ocr_carea' id='block_1_85' title="bbox 2066 4011 3656 4091">
    <p class='ocr_par' dir='ltr' id='par_1_85' title="bbox 2066 4011 3656 4091">
     <span class='ocr_line' id='line_1_85' title="bbox 2066 4011 3656 4091; baseline -0.009 -14"><span class='ocrx_word' id='word_1_624' title='bbox 2066 4034 2179 4077; x_wconf 92' lang='lat' dir='ltr'><strong><em>uta</em></strong></span> <span class='ocrx_word' id='word_1_625' title='bbox 2209 4020 2460 4091; x_wconf 86' lang='lat' dir='ltr'><strong><em>paternis</em></strong></span> <span class='ocrx_word' id='word_1_626' title='bbox 2497 4018 2744 4072; x_wconf 86' lang='lat' dir='ltr'><strong><em>moribus</em></strong></span> <span class='ocrx_word' id='word_1_627' title='bbox 2779 4014 3124 4078; x_wconf 84' lang='lat' dir='ltr'><strong><em>recederent,</em></strong></span> <span class='ocrx_word' id='word_1_628' title='bbox 3157 4027 3454 4081; x_wconf 78' lang='lat' dir='ltr'><strong><em>meumque</em></strong></span> <span class='ocrx_word' id='word_1_629' title='bbox 3481 4011 3656 4063; x_wconf 83' lang='lat' dir='ltr'><strong><em>domi-</em></strong></span> 
     </span>
    </p>
   </div>
   <div class='ocr_carea' id='block_1_86' title="bbox 2065 4109 3654 4184">
    <p class='ocr_par' dir='ltr' id='par_1_86' title="bbox 2065 4109 3654 4184">
     <span class='ocr_line' id='line_1_86' title="bbox 2065 4109 3654 4184; baseline -0.009 -14"><span class='ocrx_word' id='word_1_630' title='bbox 2065 4119 2218 4171; x_wconf 87' lang='lat' dir='ltr'><strong><em>nium</em></strong></span> <span class='ocrx_word' id='word_1_631' title='bbox 2235 4119 2624 4184; x_wconf 78' lang='lat' dir='ltr'><strong><em>agnoscentes,</em></strong></span> <span class='ocrx_word' id='word_1_632' title='bbox 2648 4118 2702 4163; x_wconf 90' lang='lat' dir='ltr'><strong><em>et</em></strong></span> <span class='ocrx_word' id='word_1_633' title='bbox 2732 4123 2851 4161; x_wconf 76' lang='lat' dir='ltr'><strong><em>mea</em></strong></span> <span class='ocrx_word' id='word_1_634' title='bbox 2875 4113 3149 4176; x_wconf 65' lang='lat' dir='ltr'><strong><em>praecepta</em></strong></span> <span class='ocrx_word' id='word_1_635' title='bbox 3180 4113 3566 4173; x_wconf 75' lang='lat' dir='ltr'><strong><em>sequerentur.</em></strong></span> <span class='ocrx_word' id='word_1_636' title='bbox 3599 4109 3654 4155; x_wconf 90' lang='lat' dir='ltr'><strong><em>et</em></strong></span> 
     </span>
    </p>
   </div>
   <div class='ocr_carea' id='block_1_87' title="bbox 2065 4191 3655 4271">
    <p class='ocr_par' dir='ltr' id='par_1_87' title="bbox 2065 4191 3655 4271">
     <span class='ocr_line' id='line_1_87' title="bbox 2065 4191 3655 4271; baseline -0.009 -10"><span class='ocrx_word' id='word_1_637' title='bbox 2065 4205 2171 4261; x_wconf 90' lang='lat' dir='ltr'><strong><em>sibi</em></strong></span> <span class='ocrx_word' id='word_1_638' title='bbox 2207 4205 2367 4258; x_wconf 88' lang='lat' dir='ltr'><strong><em>datas</em></strong></span> <span class='ocrx_word' id='word_1_639' title='bbox 2423 4199 2860 4271; x_wconf 78' lang='lat' dir='ltr'><strong><em>justilicationes</em></strong></span> <span class='ocrx_word' id='word_1_640' title='bbox 2910 4196 3262 4266; x_wconf 84' lang='lat' dir='ltr'><strong><em>perlicerent,</em></strong></span> <span class='ocrx_word' id='word_1_641' title='bbox 3315 4191 3655 4261; x_wconf 82' lang='lat' dir='ltr'><strong><em>Sabbatique</em></strong></span> 
     </span>
    </p>
   </div>
   <div class='ocr_carea' id='block_1_88' title="bbox 2065 4285 3651 4364">
    <p class='ocr_par' dir='ltr' id='par_1_88' title="bbox 2065 4285 3651 4364">
     <span class='ocr_line' id='line_1_88' title="bbox 2065 4285 3651 4364; baseline -0.012 -9"><span class='ocrx_word' id='word_1_642' title='bbox 2065 4296 2457 4354; x_wconf 86' lang='lat' dir='ltr'><strong><em>observatione</em></strong></span> <span class='ocrx_word' id='word_1_643' title='bbox 2520 4291 2856 4364; x_wconf 86' lang='lat' dir='ltr'><strong><em>peculiarem</em></strong></span> <span class='ocrx_word' id='word_1_644' title='bbox 2906 4289 3030 4342; x_wconf 69' lang='lat' dir='ltr'><strong><em>vitae</em></strong></span> <span class='ocrx_word' id='word_1_645' title='bbox 3077 4288 3345 4341; x_wconf 81' lang='lat' dir='ltr'><strong><em>institutae</em></strong></span> <span class='ocrx_word' id='word_1_646' title='bbox 3379 4285 3651 4338; x_wconf 76' lang='lat' dir='ltr'><strong><em>rationem</em></strong></span> 
     </span>
    </p>
   </div>
   <div class='ocr_carea' id='block_1_89' title="bbox 2065 4373 3647 4452">
    <p class='ocr_par' dir='ltr' id='par_1_89' title="bbox 2065 4373 3647 4452">
     <span class='ocr_line' id='line_1_89' title="bbox 2065 4373 3647 4452; baseline -0.015 -4"><span class='ocrx_word' id='word_1_647' title='bbox 2065 4393 2438 4447; x_wconf 85' lang='lat' dir='ltr'><strong><em>declararent.</em></strong></span> <span class='ocrx_word' id='word_1_648' title='bbox 2465 4385 2680 4442; x_wconf 88' lang='lat' dir='ltr'><strong><em>etdnce</em></strong></span> <span class='ocrx_word' id='word_1_649' title='bbox 2717 4385 2832 4452; x_wconf 80' lang='lat' dir='ltr'><strong><em>lege</em></strong></span> <span class='ocrx_word' id='word_1_650' title='bbox 2866 4381 2933 4435; x_wconf 88' lang='lat' dir='ltr'><strong><em>ad</em></strong></span> <span class='ocrx_word' id='word_1_651' title='bbox 2975 4380 3347 4449; x_wconf 82' lang='lat' dir='ltr'><strong><em>legislatorem</em></strong></span> <span class='ocrx_word' id='word_1_652' title='bbox 3387 4373 3647 4446; x_wconf 87' lang='lat' dir='ltr'><strong><em>perveni-</em></strong></span> 
     </span>
    </p>
   </div>
   <div class='ocr_carea' id='block_1_90' title="bbox 2068 4473 3649 4548">
    <p class='ocr_par' dir='ltr' id='par_1_90' title="bbox 2068 4473 3649 4548">
     <span class='ocr_line' id='line_1_90' title="bbox 2068 4473 3649 4548; baseline -0.013 -10"><span class='ocrx_word' id='word_1_653' title='bbox 2068 4481 2354 4540; x_wconf 79' lang='lat' dir='ltr'><strong><em>rentzsed</em></strong></span> <span class='ocrx_word' id='word_1_654' title='bbox 2395 4480 2488 4534; x_wconf 90' lang='lat' dir='ltr'><strong><em>isti</em></strong></span> <span class='ocrx_word' id='word_1_655' title='bbox 2533 4491 2753 4548; x_wconf 85' lang='lat' dir='ltr'><strong><em>quoque</em></strong></span> <span class='ocrx_word' id='word_1_656' title='bbox 2812 4477 2912 4528; x_wconf 85' lang='lat' dir='ltr'><strong><em>has</em></strong></span> <span class='ocrx_word' id='word_1_657' title='bbox 2964 4473 3112 4542; x_wconf 77' lang='lat' dir='ltr'><strong><em>leges</em></strong></span> <span class='ocrx_word' id='word_1_658' title='bbox 3165 4475 3649 4538; x_wconf 86' lang='lat' dir='ltr'><strong><em>contempserunt.</em></strong></span> 
     </span>
    </p>
   </div>
   <div class='ocr_carea' id='block_1_91' title="bbox 373 4567 1962 4660">
    <p class='ocr_par' dir='ltr' id='par_1_91' title="bbox 373 4578 1958 4660">
     <span class='ocr_line' id='line_1_91' title="bbox 373 4578 1958 4660; baseline -0.005 -22"><span class='ocrx_word' id='word_1_659' title='bbox 373 4588 525 4660; x_wconf 76' lang='grc' dir='ltr'><strong><em>τείας</em></strong></span> <span class='ocrx_word' id='word_1_660' title='bbox 582 4582 782 4648; x_wconf 78' lang='grc' dir='ltr'><strong>ἰδιάζον</strong></span> <span class='ocrx_word' id='word_1_661' title='bbox 815 4582 1124 4654; x_wconf 71' lang='grc' dir='ltr'><strong>γνωρίζειν,</strong></span> <span class='ocrx_word' id='word_1_662' title='bbox 1170 4583 1264 4636; x_wconf 74' lang='grc' dir='ltr'><strong>καὶ</strong></span> <span class='ocrx_word' id='word_1_663' title='bbox 1313 4578 1672 4650; x_wconf 68' lang='grc' dir='ltr'><strong>πώηγείσθαι</strong></span> <span class='ocrx_word' id='word_1_664' title='bbox 1703 4579 1838 4649; x_wconf 81' lang='grc' dir='ltr'><strong>πρὸς</strong></span> <span class='ocrx_word' id='word_1_665' title='bbox 1865 4578 1958 4631; x_wconf 83' lang='grc' dir='ltr'><strong>τὸν</strong></span> 
     </span>
    </p>
   </div>
   <div class='ocr_carea' id='block_1_92' title="bbox 2063 4567 2834 4660">
    <p class='ocr_par' dir='ltr' id='par_1_92' title="bbox 2067 4567 2834 4644">
     <span class='ocr_line' id='line_1_92' title="bbox 2067 4567 2834 4644; baseline -0.017 -11"><span class='ocrx_word' id='word_1_666' title='bbox 2067 4577 2225 4644; x_wconf 81' lang='lat' dir='ltr'><strong><em>Quod</em></strong></span> <span class='ocrx_word' id='word_1_667' title='bbox 2257 4575 2550 4631; x_wconf 84' lang='lat' dir='ltr'><strong><em>declarans</em></strong></span> <span class='ocrx_word' id='word_1_668' title='bbox 2584 4567 2787 4641; x_wconf 66' lang='lat' dir='ltr'><strong><em>adjecit</em></strong></span> <span class='ocrx_word' id='word_1_669' title='bbox 2821 4585 2834 4620; x_wconf 88' lang='lat'><strong>:</strong></span> 
     </span>
    </p>
   </div>
   <div class='ocr_carea' id='block_1_93' title="bbox 372 4648 3651 4748">
    <p class='ocr_par' dir='ltr' id='par_1_93' title="bbox 372 4648 3651 4748">
     <span class='ocr_line' id='line_1_93' title="bbox 372 4648 3651 4748; baseline -0.009 -17"><span class='ocrx_word' id='word_1_670' title='bbox 372 4648 672 4748; x_wconf 71' lang='grc' dir='ltr'><strong>νομοθέτην</strong></span> <span class='ocrx_word' id='word_1_671' title='bbox 704 4676 792 4728; x_wconf 85' lang='grc' dir='ltr'><strong>διὰ</strong></span> <span class='ocrx_word' id='word_1_672' title='bbox 814 4648 905 4727; x_wconf 81' lang='grc' dir='ltr'><strong>τὸν</strong></span> <span class='ocrx_word' id='word_1_673' title='bbox 935 4648 989 4705; x_wconf 43' lang='grc'><strong><em>’⁸⁸</em></strong></span> <span class='ocrx_word' id='word_1_674' title='bbox 1022 4676 1187 4745; x_wconf 89' lang='grc' dir='ltr'><strong>νόμον</strong></span> <span class='ocrx_word' id='word_1_675' title='bbox 1216 4689 1228 4701; x_wconf 92' lang='grc'><strong>·</strong></span> <span class='ocrx_word' id='word_1_676' title='bbox 1259 4672 1399 4726; x_wconf 85' lang='grc' dir='ltr'><strong>ἀλλὰ</strong></span> <span class='ocrx_word' id='word_1_677' title='bbox 1438 4648 1545 4725; x_wconf 71' lang='grc' dir='ltr'><strong>καὶ</strong></span> <span class='ocrx_word' id='word_1_678' title='bbox 1586 4648 1760 4735; x_wconf 71' lang='grc' dir='ltr'><strong>οὗτοι,</strong></span> <span class='ocrx_word' id='word_1_679' title='bbox 1805 4669 1964 4740; x_wconf 77' lang='grc' dir='ltr'><strong>φησὶ,</strong></span> <span class='ocrx_word' id='word_1_680' title='bbox 1997 4670 2108 4723; x_wconf 82' lang='grc' dir='ltr'><strong><em>τῶν</em></strong></span> <span class='ocrx_word' id='word_1_681' title='bbox 2142 4668 2323 4738; x_wconf 84' lang='grc' dir='ltr'><strong>νόμων</strong></span> <span class='ocrx_word' id='word_1_682' title='bbox 2357 4661 2565 4716; x_wconf 80' lang='grc' dir='ltr'><strong>τούτων</strong></span> <span class='ocrx_word' id='word_1_683' title='bbox 2625 4653 3099 4727; x_wconf 72' lang='grc' dir='ltr'><strong>καταφρονοῦντες</strong></span> <span class='ocrx_word' id='word_1_684' title='bbox 3149 4651 3476 4706; x_wconf 84' lang='grc' dir='ltr'><strong>διετέλεσαν.</strong></span> <span class='ocrx_word' id='word_1_685' title='bbox 3539 4648 3651 4702; x_wconf 81' lang='grc' dir='ltr'><strong><em>Καὶ</em></strong></span> 
     </span>
    </p>
   </div>
   <div class='ocr_carea' id='block_1_94' title="bbox 371 4771 1045 4840">
    <p class='ocr_par' dir='ltr' id='par_1_94' title="bbox 371 4771 1045 4840">
     <span class='ocr_line' id='line_1_94' title="bbox 371 4771 1045 4840; baseline -0.007 -15"><span class='ocrx_word' id='word_1_686' title='bbox 371 4773 534 4826; x_wconf 76' lang='grc' dir='ltr'><strong>τοῦτο</strong></span> <span class='ocrx_word' id='word_1_687' title='bbox 561 4771 736 4840; x_wconf 85' lang='grc' dir='ltr'><strong>δηλῶν</strong></span> <span class='ocrx_word' id='word_1_688' title='bbox 757 4771 1005 4839; x_wconf 72' lang='grc' dir='ltr'><strong>ἐπήγαγε</strong></span> <span class='ocrx_word' id='word_1_689' title='bbox 1031 4786 1045 4799; x_wconf 86' lang='grc'><strong>·</strong></span> 
     </span>
    </p>
   </div>
   <div class='ocr_carea' id='block_1_95' title="bbox 445 4860 1961 4932">
    <p class='ocr_par' dir='ltr' id='par_1_95' title="bbox 445 4860 1961 4932">
     <span class='ocr_line' id='line_1_95' title="bbox 445 4860 1961 4932; baseline -0.005 -12"><span class='ocrx_word' id='word_1_690' title='bbox 445 4871 554 4920; x_wconf 86' lang='grc' dir='ltr'><strong>κα’.</strong></span> <span class='ocrx_word' id='word_1_691' title='bbox 605 4865 715 4918; x_wconf 81' lang='lat' dir='ltr'><strong><em>Kal</em></strong></span> <span class='ocrx_word' id='word_1_692' title='bbox 764 4862 1220 4932; x_wconf 72' lang='lat' dir='ltr'><strong><em>stapeszlxpara&#39;r</em></strong></span> <span class='ocrx_word' id='word_1_693' title='bbox 1251 4879 1329 4930; x_wconf 85' lang='grc' dir='ltr'><strong><em>με</em></strong></span> <span class='ocrx_word' id='word_1_694' title='bbox 1367 4862 1466 4916; x_wconf 75' lang='grc' dir='ltr'><strong><em>καί</em></strong></span> <span class='ocrx_word' id='word_1_695' title='bbox 1525 4860 1600 4917; x_wconf 80' lang='grc' dir='ltr'><strong>τὰ</strong></span> <span class='ocrx_word' id='word_1_696' title='bbox 1636 4860 1818 4914; x_wconf 82' lang='grc' dir='ltr'><strong>τέκνα</strong></span> <span class='ocrx_word' id='word_1_697' title='bbox 1854 4860 1961 4913; x_wconf 80' lang='grc' dir='ltr'><strong><em>αὐ-</em></strong></span> 
     </span>
    </p>
   </div>
   <div class='ocr_carea' id='block_1_96' title="bbox 376 4952 1960 5024">
    <p class='ocr_par' dir='ltr' id='par_1_96' title="bbox 376 4952 1960 5024">
     <span class='ocr_line' id='line_1_96' title="bbox 376 4952 1960 5024; baseline -0.004 -12"><span class='ocrx_word' id='word_1_698' title='bbox 376 4957 496 5012; x_wconf 82' lang='grc' dir='ltr'><strong>τῶν</strong></span> <span class='ocrx_word' id='word_1_699' title='bbox 530 4975 543 4988; x_wconf 89' lang='grc'><strong>·</strong></span> <span class='ocrx_word' id='word_1_700' title='bbox 583 4957 654 5010; x_wconf 85' lang='grc' dir='ltr'><strong><em>ἐν</em></strong></span> <span class='ocrx_word' id='word_1_701' title='bbox 691 4956 818 5022; x_wconf 81' lang='grc' dir='ltr'><strong>τοῖς</strong></span> <span class='ocrx_word' id='word_1_702' title='bbox 855 4955 1279 5024; x_wconf 76' lang='grc' dir='ltr'><strong>προστάγμασι</strong></span> <span class='ocrx_word' id='word_1_703' title='bbox 1309 4972 1432 5024; x_wconf 80' lang='grc' dir='ltr'><strong><em>μου</em></strong></span> <span class='ocrx_word' id='word_1_704' title='bbox 1485 4956 1599 5008; x_wconf 78' lang='grc' dir='ltr'><strong><em>οὐκ</em></strong></span> <span class='ocrx_word' id='word_1_705' title='bbox 1638 4952 1960 5020; x_wconf 81' lang='grc' dir='ltr'><strong>ἐπορεύθη-</strong></span> 
     </span>
    </p>
   </div>
   <div class='ocr_carea' id='block_1_97' title="bbox 374 5042 1957 5117">
    <p class='ocr_par' dir='ltr' id='par_1_97' title="bbox 374 5042 1957 5117">
     <span class='ocr_line' id='line_1_97' title="bbox 374 5042 1957 5117; baseline -0.008 -11"><span class='ocrx_word' id='word_1_706' title='bbox 374 5067 522 5114; x_wconf 88' lang='grc' dir='ltr'><strong>σαν,</strong></span> <span class='ocrx_word' id='word_1_707' title='bbox 561 5051 660 5104; x_wconf 83' lang='grc' dir='ltr'><strong>καὶ</strong></span> <span class='ocrx_word' id='word_1_708' title='bbox 715 5048 788 5102; x_wconf 76' lang='grc' dir='ltr'><strong>τὰ</strong></span> <span class='ocrx_word' id='word_1_709' title='bbox 845 5045 1210 5117; x_wconf 81' lang='grc' dir='ltr'><strong>δικαιώματά</strong></span> <span class='ocrx_word' id='word_1_710' title='bbox 1242 5063 1364 5114; x_wconf 87' lang='grc' dir='ltr'><strong><em>μου</em></strong></span> <span class='ocrx_word' id='word_1_711' title='bbox 1421 5047 1534 5099; x_wconf 79' lang='grc' dir='ltr'><strong>οὐκ</strong></span> <span class='ocrx_word' id='word_1_712' title='bbox 1573 5042 1957 5113; x_wconf 72' lang='grc' dir='ltr'><strong>ἐφυλάξαντο</strong></span> 
     </span>
    </p>
   </div>
   <div class='ocr_carea' id='block_1_98' title="bbox 374 5131 1955 5211">
    <p class='ocr_par' dir='ltr' id='par_1_98' title="bbox 374 5131 1955 5211">
     <span class='ocr_line' id='line_1_98' title="bbox 374 5131 1955 5211; baseline -0.009 -13"><span class='ocrx_word' id='word_1_713' title='bbox 374 5142 485 5198; x_wconf 82' lang='grc' dir='ltr'><strong>τοῦ</strong></span> <span class='ocrx_word' id='word_1_714' title='bbox 523 5141 775 5211; x_wconf 81' lang='grc' dir='ltr'><strong>ποιῆσαι</strong></span> <span class='ocrx_word' id='word_1_715' title='bbox 828 5140 1000 5202; x_wconf 79' lang='grc' dir='ltr'><strong>αὐτὰ,</strong></span> <span class='ocrx_word' id='word_1_716' title='bbox 1047 5137 1088 5192; x_wconf 77' lang='grc' dir='ltr'><em>ἁ</em></span> <span class='ocrx_word' id='word_1_717' title='bbox 1147 5137 1390 5206; x_wconf 75' lang='grc' dir='ltr'><strong>ποιήσει</strong></span> <span class='ocrx_word' id='word_1_718' title='bbox 1429 5136 1744 5204; x_wconf 78' lang='grc' dir='ltr'><strong>ἄνθρωπος</strong></span> <span class='ocrx_word' id='word_1_719' title='bbox 1777 5131 1955 5196; x_wconf 84' lang='grc' dir='ltr'><strong>αὐτὰ,</strong></span> 
     </span>
    </p>
   </div>
   <div class='ocr_carea' id='block_1_99' title="bbox 374 5221 1966 5300">
    <p class='ocr_par' dir='ltr' id='par_1_99' title="bbox 374 5221 1966 5300">
     <span class='ocr_line' id='line_1_99' title="bbox 374 5221 1966 5300; baseline -0.008 -12"><span class='ocrx_word' id='word_1_720' title='bbox 374 5237 476 5288; x_wconf 72' lang='grc' dir='ltr'><strong><em>καὶ</em></strong></span> <span class='ocrx_word' id='word_1_721' title='bbox 506 5231 745 5300; x_wconf 80' lang='grc' dir='ltr'><strong>ζήσεται</strong></span> <span class='ocrx_word' id='word_1_722' title='bbox 765 5231 838 5285; x_wconf 82' lang='grc' dir='ltr'><strong>ὲν</strong></span> <span class='ocrx_word' id='word_1_723' title='bbox 856 5229 1082 5298; x_wconf 82' lang='grc' dir='ltr'><strong>αὐτοῖς,</strong></span> <span class='ocrx_word' id='word_1_724' title='bbox 1102 5229 1200 5283; x_wconf 78' lang='grc' dir='ltr'><strong><em>καὶ</em></strong></span> <span class='ocrx_word' id='word_1_725' title='bbox 1231 5227 1304 5282; x_wconf 82' lang='grc' dir='ltr'><strong>τὰ</strong></span> <span class='ocrx_word' id='word_1_726' title='bbox 1322 5224 1594 5282; x_wconf 78' lang='grc' dir='ltr'><strong>Σάϐϐατά</strong></span> <span class='ocrx_word' id='word_1_727' title='bbox 1613 5242 1733 5295; x_wconf 87' lang='grc' dir='ltr'><strong><em>μου</em></strong></span> <span class='ocrx_word' id='word_1_728' title='bbox 1761 5221 1966 5288; x_wconf 69' lang='grc' dir='ltr'><strong><em>ἐϐεϐή-</em></strong></span> 
     </span>
    </p>
   </div>
   <div class='ocr_carea' id='block_1_100' title="bbox 447 5385 1706 5460">
    <p class='ocr_par' dir='ltr' id='par_1_100' title="bbox 447 5385 1706 5460">
     <span class='ocr_line' id='line_1_100' title="bbox 447 5385 1706 5460; baseline -0.009 -10"><span class='ocrx_word' id='word_1_729' title='bbox 447 5397 464 5434; x_wconf 68' lang='grc' dir='ltr'><strong><em>ί</em></strong></span> <span class='ocrx_word' id='word_1_730' title='bbox 515 5393 690 5450; x_wconf 82' lang='lat' dir='ltr'><strong><em>Exod.</em></strong></span> <span class='ocrx_word' id='word_1_731' title='bbox 723 5410 895 5460; x_wconf 76' lang='lat' dir='ltr'><strong><em>xxxii,</em></strong></span> <span class='ocrx_word' id='word_1_732' title='bbox 923 5393 1009 5448; x_wconf 88' lang='lat'><strong><em>10.</em></strong></span> <span class='ocrx_word' id='word_1_733' title='bbox 1089 5389 1103 5440; x_wconf 70' lang='grc' dir='ltr'><strong>ἱ</strong></span> <span class='ocrx_word' id='word_1_734' title='bbox 1147 5387 1309 5445; x_wconf 87' lang='lat' dir='ltr'><strong><em>Num.</em></strong></span> <span class='ocrx_word' id='word_1_735' title='bbox 1356 5404 1467 5452; x_wconf 78' lang='lat' dir='ltr'><strong><em>xiv,</em></strong></span> <span class='ocrx_word' id='word_1_736' title='bbox 1502 5385 1706 5451; x_wconf 80' lang='lat'><strong><em>15,16.</em></strong></span> 
     </span>
    </p>
   </div>
   <div class='ocr_carea' id='block_1_101' title="bbox 2138 4837 3650 4909">
    <p class='ocr_par' dir='ltr' id='par_1_101' title="bbox 2138 4837 3650 4909">
     <span class='ocr_line' id='line_1_101' title="bbox 2138 4837 3650 4909; baseline -0.012 0"><span class='ocrx_word' id='word_1_737' title='bbox 2138 4853 2308 4909; x_wconf 73' lang='lat' dir='ltr'><strong><em>Vens.</em></strong></span> <span class='ocrx_word' id='word_1_738' title='bbox 2337 4851 2429 4904; x_wconf 72' lang='grc'><strong><em>21.</em></strong></span> <span class='ocrx_word' id='word_1_739' title='bbox 2468 4847 2534 4901; x_wconf 86' lang='lat' dir='ltr'><strong><em>Et</em></strong></span> <span class='ocrx_word' id='word_1_740' title='bbox 2564 4846 2909 4900; x_wconf 77' lang='lat' dir='ltr'><strong><em>irritaverunt</em></strong></span> <span class='ocrx_word' id='word_1_741' title='bbox 2935 4857 3016 4894; x_wconf 90' lang='lat' dir='ltr'><strong><em>me</em></strong></span> <span class='ocrx_word' id='word_1_742' title='bbox 3043 4839 3206 4893; x_wconf 87' lang='lat' dir='ltr'><strong><em>etiam</em></strong></span> <span class='ocrx_word' id='word_1_743' title='bbox 3234 4837 3338 4905; x_wconf 83' lang='lat' dir='ltr'><strong><em>ﬁlii</em></strong></span> <span class='ocrx_word' id='word_1_744' title='bbox 3377 4839 3650 4906; x_wconf 87' lang='lat' dir='ltr'><strong><em>ipsorum:</em></strong></span> 
     </span>
    </p>
   </div>
   <div class='ocr_carea' id='block_1_102' title="bbox 2065 4929 3655 5018">
    <p class='ocr_par' dir='ltr' id='par_1_102' title="bbox 2065 4929 3655 5018">
     <span class='ocr_line' id='line_1_102' title="bbox 2065 4929 3655 5018; baseline -0.011 -15"><span class='ocrx_word' id='word_1_745' title='bbox 2065 4949 2122 5002; x_wconf 82' lang='lat' dir='ltr'><strong><em>in</em></strong></span> <span class='ocrx_word' id='word_1_746' title='bbox 2150 4945 2425 5018; x_wconf 68' lang='lat' dir='ltr'><strong><em>praeceptis</em></strong></span> <span class='ocrx_word' id='word_1_747' title='bbox 2455 4941 2586 4995; x_wconf 79' lang='lat' dir='ltr'><strong><em>meis</em></strong></span> <span class='ocrx_word' id='word_1_748' title='bbox 2622 4955 2724 4993; x_wconf 87' lang='lat' dir='ltr'><strong><em>non</em></strong></span> <span class='ocrx_word' id='word_1_749' title='bbox 2755 4936 3185 4992; x_wconf 77' lang='lat' dir='ltr'><strong><em>ambulauerunt,</em></strong></span> <span class='ocrx_word' id='word_1_750' title='bbox 3205 4944 3256 4984; x_wconf 88' lang='lat' dir='ltr'><strong><em>et</em></strong></span> <span class='ocrx_word' id='word_1_751' title='bbox 3295 4929 3655 5000; x_wconf 77' lang='lat' dir='ltr'><strong><em>justiﬁcatio~</em></strong></span> 
     </span>
    </p>
   </div>
   <div class='ocr_carea' id='block_1_103' title="bbox 2065 5020 3652 5091">
    <p class='ocr_par' dir='ltr' id='par_1_103' title="bbox 2065 5020 3652 5091">
     <span class='ocr_line' id='line_1_103' title="bbox 2065 5020 3652 5091; baseline -0.011 0"><span class='ocrx_word' id='word_1_752' title='bbox 2065 5054 2158 5091; x_wconf 88' lang='lat' dir='ltr'><strong><em>nes</em></strong></span> <span class='ocrx_word' id='word_1_753' title='bbox 2193 5051 2336 5090; x_wconf 87' lang='lat' dir='ltr'><strong><em>meas</em></strong></span> <span class='ocrx_word' id='word_1_754' title='bbox 2367 5049 2472 5087; x_wconf 84' lang='lat' dir='ltr'><strong><em>non</em></strong></span> <span class='ocrx_word' id='word_1_755' title='bbox 2511 5027 2929 5086; x_wconf 76' lang='lat' dir='ltr'><strong><em>custodiveruut,</em></strong></span> <span class='ocrx_word' id='word_1_756' title='bbox 2977 5031 3035 5076; x_wconf 90' lang='lat' dir='ltr'><strong><em>ut</em></strong></span> <span class='ocrx_word' id='word_1_757' title='bbox 3079 5020 3314 5089; x_wconf 77' lang='lat' dir='ltr'><strong><em>facerent</em></strong></span> <span class='ocrx_word' id='word_1_758' title='bbox 3353 5036 3468 5087; x_wconf 82' lang='lat' dir='ltr'><strong><em>cas,</em></strong></span> <span class='ocrx_word' id='word_1_759' title='bbox 3517 5039 3652 5090; x_wconf 84' lang='lat' dir='ltr'><strong><em>quas</em></strong></span> 
     </span>
    </p>
   </div>
   <div class='ocr_carea' id='block_1_104' title="bbox 2068 5111 3653 5195">
    <p class='ocr_par' dir='ltr' id='par_1_104' title="bbox 2068 5111 3653 5195">
     <span class='ocr_line' id='line_1_104' title="bbox 2068 5111 3653 5195; baseline -0.01 -13"><span class='ocrx_word' id='word_1_760' title='bbox 2068 5129 2115 5182; x_wconf 89' lang='lat' dir='ltr'><strong><em>si</em></strong></span> <span class='ocrx_word' id='word_1_761' title='bbox 2148 5127 2332 5195; x_wconf 75' lang='lat' dir='ltr'><strong><em>fecerit</em></strong></span> <span class='ocrx_word' id='word_1_762' title='bbox 2359 5126 2536 5188; x_wconf 81' lang='lat' dir='ltr'><strong><em>homo,</em></strong></span> <span class='ocrx_word' id='word_1_763' title='bbox 2565 5121 2697 5174; x_wconf 74' lang='lat' dir='ltr'><strong><em>vivet</em></strong></span> <span class='ocrx_word' id='word_1_764' title='bbox 2720 5119 2774 5172; x_wconf 86' lang='lat' dir='ltr'><strong><em>in</em></strong></span> <span class='ocrx_word' id='word_1_765' title='bbox 2800 5116 2910 5179; x_wconf 76' lang='lat' dir='ltr'><strong><em>eis;</em></strong></span> <span class='ocrx_word' id='word_1_766' title='bbox 2938 5123 2988 5168; x_wconf 85' lang='lat' dir='ltr'><strong><em>et</em></strong></span> <span class='ocrx_word' id='word_1_767' title='bbox 3021 5111 3260 5168; x_wconf 83' lang='lat' dir='ltr'><strong><em>Sabbata</em></strong></span> <span class='ocrx_word' id='word_1_768' title='bbox 3303 5128 3420 5166; x_wconf 88' lang='lat' dir='ltr'><strong><em>mea</em></strong></span> <span class='ocrx_word' id='word_1_769' title='bbox 3447 5113 3653 5183; x_wconf 82' lang='lat' dir='ltr'><strong><em>pollue-</em></strong></span> 
     </span>
    </p>
   </div>
   <div class='ocr_carea' id='block_1_105' title="bbox 2071 5203 3653 5289">
    <p class='ocr_par' dir='ltr' id='par_1_105' title="bbox 2071 5203 3653 5289">
     <span class='ocr_line' id='line_1_105' title="bbox 2071 5203 3653 5289; baseline -0.008 -17"><span class='ocrx_word' id='word_1_770' title='bbox 2071 5227 2217 5272; x_wconf 81' lang='lat' dir='ltr'><strong><em>runt.</em></strong></span> <span class='ocrx_word' id='word_1_771' title='bbox 2265 5215 2380 5289; x_wconf 73' lang='lat'><strong>[22]</strong></span> <span class='ocrx_word' id='word_1_772' title='bbox 2429 5213 2634 5270; x_wconf 86' lang='lat' dir='ltr'><strong><em>Deinde</em></strong></span> <span class='ocrx_word' id='word_1_773' title='bbox 2675 5208 2848 5277; x_wconf 85' lang='lat' dir='ltr'><strong><em>addit,</em></strong></span> <span class='ocrx_word' id='word_1_774' title='bbox 2906 5205 2976 5262; x_wconf 88' lang='lat' dir='ltr'><strong><em>ab</em></strong></span> <span class='ocrx_word' id='word_1_775' title='bbox 3005 5203 3130 5261; x_wconf 86' lang='lat' dir='ltr'><strong><em>istis</em></strong></span> <span class='ocrx_word' id='word_1_776' title='bbox 3186 5217 3410 5274; x_wconf 80' lang='lat' dir='ltr'><strong><em>quoque</em></strong></span> <span class='ocrx_word' id='word_1_777' title='bbox 3457 5217 3653 5261; x_wconf 87' lang='lat' dir='ltr'><strong><em>rursus</em></strong></span> 
     </span>
    </p>
   </div>
   <div class='ocr_carea' id='block_1_106' title="bbox 1654 5509 2342 5574">
    <p class='ocr_par' dir='ltr' id='par_1_106' title="bbox 1654 5509 2342 5574">
     <span class='ocr_line' id='line_1_106' title="bbox 1654 5509 2342 5574; baseline -0.012 0"><span class='ocrx_word' id='word_1_778' title='bbox 1654 5514 1892 5574; x_wconf 71' lang='lat' dir='ltr'><strong><em>VARI/1‘3</em></strong></span> <span class='ocrx_word' id='word_1_779' title='bbox 1934 5509 2342 5570; x_wconf 72' lang='lat' dir='ltr'><strong><em>LECTIONES.</em></strong></span> 
     </span>
    </p>
   </div>
   <div class='ocr_carea' id='block_1_107' title="bbox 451 5614 1278 5690">
    <p class='ocr_par' dir='ltr' id='par_1_107' title="bbox 451 5614 1278 5690">
     <span class='ocr_line' id='line_1_107' title="bbox 451 5614 1278 5690; baseline -0.007 -16"><span class='ocrx_word' id='word_1_780' title='bbox 451 5622 499 5655; x_wconf 80' lang='lat'>“</span> <span class='ocrx_word' id='word_1_781' title='bbox 528 5637 652 5690; x_wconf 85' lang='grc' dir='ltr'><strong>μου.</strong></span> <span class='ocrx_word' id='word_1_782' title='bbox 683 5619 805 5675; x_wconf 89' lang='lat' dir='ltr'><strong><em>Des.</em></strong></span> <span class='ocrx_word' id='word_1_783' title='bbox 855 5621 908 5674; x_wconf 91' lang='lat' dir='ltr'><strong><em>in</em></strong></span> <span class='ocrx_word' id='word_1_784' title='bbox 948 5619 1036 5674; x_wconf 89' lang='lat' dir='ltr'><strong><em>ed.</em></strong></span> <span class='ocrx_word' id='word_1_785' title='bbox 1087 5614 1278 5690; x_wconf 79' lang='lat' dir='ltr'><strong><em>priori.</em></strong></span> 
     </span>
    </p>
   </div>
   <div class='ocr_carea' id='block_1_108' title="bbox 374 5687 1362 5745">
    <p class='ocr_par' dir='ltr' id='par_1_108' title="bbox 374 5687 1362 5745">
     <span class='ocr_line' id='line_1_108' title="bbox 374 5687 1362 5745; baseline -0.004 0"><span class='ocrx_word' id='word_1_786' title='bbox 374 5694 474 5745; x_wconf 80' lang='lat' dir='ltr'><strong><em>cit.</em></strong></span> <span class='ocrx_word' id='word_1_787' title='bbox 511 5687 726 5745; x_wconf 65' lang='lat' dir='ltr'><strong><em>lenitur.</em></strong></span> <span class='ocrx_word' id='word_1_788' title='bbox 805 5691 850 5720; x_wconf 78' lang='lat'>&quot;</span> <span class='ocrx_word' id='word_1_789' title='bbox 892 5691 930 5743; x_wconf 83' lang='grc' dir='ltr'>Β</span> <span class='ocrx_word' id='word_1_790' title='bbox 960 5687 1362 5745; x_wconf 86' lang='grc' dir='ltr'><strong>κατανάλωσεν.</strong></span> 
     </span>
    </p>
   </div>
   <div class='ocr_carea' id='block_1_109' title="bbox 373 5762 882 5832">
    <p class='ocr_par' dir='ltr' id='par_1_109' title="bbox 373 5762 882 5832">
     <span class='ocr_line' id='line_1_109' title="bbox 373 5762 882 5832; baseline 0.002 -17"><span class='ocrx_word' id='word_1_791' title='bbox 373 5765 421 5796; x_wconf 81' lang='grc'><strong><em>¹⁹</em></strong></span> <span class='ocrx_word' id='word_1_792' title='bbox 457 5762 498 5815; x_wconf 84' lang='grc' dir='ltr'>Β</span> <span class='ocrx_word' id='word_1_793' title='bbox 526 5762 634 5814; x_wconf 86' lang='grc' dir='ltr'><strong>τῶν</strong></span> <span class='ocrx_word' id='word_1_794' title='bbox 683 5762 882 5832; x_wconf 87' lang='grc' dir='ltr'><strong>νόμων.</strong></span> 
     </span>
    </p>
   </div>
   <div class='ocr_carea' id='block_1_110' title="bbox 1375 5585 3648 5681">
    <p class='ocr_par' dir='ltr' id='par_1_110' title="bbox 1375 5585 3648 5681">
     <span class='ocr_line' id='line_1_110' title="bbox 1375 5585 3648 5681; baseline -0.007 -18"><span class='ocrx_word' id='word_1_795' title='bbox 1375 5613 1564 5681; x_wconf 70' lang='grc' dir='ltr'><strong>³³ὀργ.</strong></span> <span class='ocrx_word' id='word_1_796' title='bbox 1601 5610 1799 5676; x_wconf 86' lang='lat' dir='ltr'><strong><em>Supra,</em></strong></span> <span class='ocrx_word' id='word_1_797' title='bbox 1831 5617 1873 5663; x_wconf 91' lang='lat' dir='ltr'><strong><em>t.</em></strong></span> <span class='ocrx_word' id='word_1_798' title='bbox 1911 5607 1949 5672; x_wconf 91' lang='grc' dir='ltr'><strong>Ι,</strong></span> <span class='ocrx_word' id='word_1_799' title='bbox 1989 5623 2042 5678; x_wconf 90' lang='lat' dir='ltr'><strong><em>p.</em></strong></span> <span class='ocrx_word' id='word_1_800' title='bbox 2081 5605 2203 5681; x_wconf 80' lang='lat'><strong><em>171,</em></strong></span> <span class='ocrx_word' id='word_1_801' title='bbox 2238 5599 2754 5681; x_wconf 58' lang='lat' dir='ltr'><strong><em>sequ._elc_ai‘a}oti;.</em></strong></span> <span class='ocrx_word' id='word_1_802' title='bbox 2782 5668 2800 5681; x_wconf 53' lang='lat'><strong>-</strong></span> <span class='ocrx_word' id='word_1_803' title='bbox 2831 5597 3114 5681; x_wconf 45' lang='lat' dir='ltr'><strong><em>“ﬁscina.</em></strong></span> <span class='ocrx_word' id='word_1_804' title='bbox 3148 5592 3291 5681; x_wconf 88' lang='grc' dir='ltr'><strong><em>τ.</em></strong></span> 
     </span>
    </p>
   </div>
   <div class='ocr_carea' id='block_1_111' title="bbox 1437 5661 3645 5754">
    <p class='ocr_par' dir='ltr' id='par_1_111' title="bbox 1437 5661 3645 5754">
     <span class='ocr_line' id='line_1_111' title="bbox 1437 5661 3645 5754; baseline -0.012 -18"><span class='ocrx_word' id='word_1_805' title='bbox 1437 5661 1497 5714; x_wconf 14' lang='grc' dir='ltr'><strong>ίθί</strong></span> <span class='ocrx_word' id='word_1_806' title='bbox 1520 5661 1881 5754; x_wconf 21' lang='grc' dir='ltr'><strong><em>μήίήῖέκέιεὶ</em></strong></span> <span class='ocrx_word' id='word_1_807' title='bbox 1917 5661 2126 5733; x_wconf 62' lang='lat' dir='ltr'><strong><em>tantum</em></strong></span> <span class='ocrx_word' id='word_1_808' title='bbox 2158 5661 2212 5731; x_wconf 80' lang='lat' dir='ltr'><strong><em>in</em></strong></span> <span class='ocrx_word' id='word_1_809' title='bbox 2236 5661 2446 5743; x_wconf 63' lang='lat' dir='ltr'><strong><em>Coinpl.</em></strong></span> <span class='ocrx_word' id='word_1_810' title='bbox 2492 5661 2567 5704; x_wconf 53' lang='grc'><strong><em>’³⁸</em></strong></span> <span class='ocrx_word' id='word_1_811' title='bbox 2593 5661 2748 5724; x_wconf 75' lang='grc' dir='ltr'><strong>δεσπ.</strong></span> <span class='ocrx_word' id='word_1_812' title='bbox 2782 5668 2840 5725; x_wconf 84' lang='grc' dir='ltr'><strong>1η</strong></span> <span class='ocrx_word' id='word_1_813' title='bbox 2863 5667 2903 5721; x_wconf 86' lang='grc' dir='ltr'><strong><em>Β</em></strong></span> <span class='ocrx_word' id='word_1_814' title='bbox 2926 5670 3141 5739; x_wconf 85' lang='lat' dir='ltr'><strong><em>ponitur</em></strong></span> <span class='ocrx_word' id='word_1_815' title='bbox 3175 5673 3296 5734; x_wconf 88' lang='lat' dir='ltr'><strong><em>post</em></strong></span> <span class='ocrx_word' id='word_1_816' title='bbox 3327 5661 3645 5725; x_wconf 75' lang='grc' dir='ltr'><strong>ἐπιγνῶναι.</strong></span> 
     </span>
    </p>
   </div>
  </div>
