4116 6410
535 383 642 446 9'35

1517 378 2002 445 THEODORETI
2027 376 2375 438 .EPISCOPI
2415 376 2779 438 CYRENSIS

3526 308 3576 348 δ

3680 374 3778 437 906

535 495 838 565 impietatis
867 510 1055 564 pugnas
1086 509 1209 549 sese
1236 493 1454 565 exigere
1492 495 1733 550 voluisse
1753 535 1767 557 ,
1802 504 1856 549 et
1888 493 2024 548 alios
2045 493 2094 547 in

2203 494 2412 546 ,ιωσαν
2432 493 2495 546 ³⁸.
2525 488 2659 545 Εἶτα
2694 490 3069 563 προστίθησιν,
3099 492 3181 546 ὅτι
3211 489 3310 545 καὶ
3361 489 3587 553 τούτους
3621 491 3780 545 πάλιν

535 586 855 639 servitutem
882 584 1108 648 abduci,
1152 583 1279 639 illos
1312 584 1547 638 interﬁci
1590 586 1928 656 permittere.
1990 582 2108 638 Hoc

532 677 681 731 enim
707 676 1065 746 signiﬁcavit,
1100 690 1224 730 cum
1253 677 1391 731 dixit
1418 697 1429 731 :

611 850 777 907 Vens.
808 851 898 905 23.
927 848 995 905 Et
1026 851 1220 905 sustuli
1260 867 1475 904 manum
1505 867 1675 906 meam
1726 868 1883 905 suber
1929 867 2015 905 eos
2051 853 2106 904 in

529 945 755 1006 deserto,
781 953 835 996 ut
866 943 1216 1014 dispergere»:
1238 944 1357 997 illo:
1380 944 1433 995 in
1457 943 1722 1013 gentibus,
1772 953 1823 997 et
1866 943 2108 997 dissemi-

528 1052 709 1089 narem
743 1050 831 1088 eos
895 1035 947 1087 in
995 1034 1315 1099 regionibus.
1382 1032 1461 1087 Ne
1525 1051 1658 1088 vero
1717 1034 1926 1103 aliquid
1975 1036 2105 1089 ltinc

527 1128 846 1182 detrimenti
890 1138 943 1179 et
1004 1125 1282 1196 Egyptiis
1323 1136 1375 1181 ct
1420 1124 1747 1181 Cltananmis
1804 1127 2101 1193 accideret,

528 1217 666 1281 Hoc,
703 1220 899 1286 inquit,
933 1233 1045 1270 non
1084 1217 1212 1279 feci,
1240 1216 1332 1270 sed
1365 1236 1378 1271 :

602 1309 876 1365 Vens.25.
906 1308 1036 1361 Dedi
1066 1308 1225 1362 etiam
1263 1310 1337 1362 eis
1385 1317 1647 1377 prwccpta
1703 1324 1807 1361 non
1855 1308 2011 1373 bona,
2053 1321 2100 1363 et

518 1402 957 1472 justiﬁcationes,
995 1400 1049 1452 in
1077 1397 1265 1469 quibus
1289 1416 1388 1452 non
1421 1399 1608 1454 vivent.
1651 1399 1885 1465 Quidam
1935 1402 2102 1470 igitur

527 1495 643 1548 haec
682 1493 749 1547 de
782 1493 1069 1545 idolorum.
1092 1491 1241 1544 cultu
1265 1491 1411 1543 dicta
1432 1498 1797 1560 acceperunt,
1841 1492 1964 1545 dedi
1998 1508 2099 1562 pro

523 1587 746 1656 permisi
777 1594 1057 1640 sumentes
1091 1603 1104 1638 :
1142 1583 1236 1637 sed
1262 1585 1616 1653 perspicuum
1640 1595 1744 1647 est,
1764 1600 1861 1639 eos
1893 1600 2099 1655 nequa-

525 1693 690 1748 quam
722 1691 912 1731 eorum
942 1689 1063 1744 qua:
1092 1673 1237 1727 dicta
1267 1680 1398 1727 sunt
1437 1689 1658 1728 sensum
1689 1674 1857 1746 829
1900 1690 2097 1745 perce-

518 1771 691 1843 pisse.
742 1764 969 1834 lntpiam
1026 1765 1171 1819 enim
1236 1763 1507 1818 idolorum
1566 1766 1883 1836 religionem
1935 1780 2097 1820 nemo

2207 582 2363 645 δίκας
2414 583 2712 653 ἐϐουλήθην
2766 581 3162 650 εἰσπράξασθαι
3203 582 3308 653 τῆς
3357 582 3634 646 ἀσεϐείας,
3691 585 3782 637 καὶ

2207 674 2333 736 τοὺς
2374 674 2471 743 μὲν
2503 674 2868 745 αἰχμαλωσίᾳ,
2902 675 3028 738 τοὺς
3077 674 3133 729 δὲ
3180 677 3363 747 σφαγῇ
3422 674 3777 746 παραδοῦναι.

2207 764 2378 817 Τοῦτο
2404 765 2512 835 γὰρ
2541 767 2814 835 ἐσήμανεν
2845 765 3083 838 εἰρηκώς
3106 782 3122 797 ·

2277 861 2360 924 κγ’
2369 896 2382 909 .
2407 858 2517 909 Kal
2544 854 2732 924 ὲξῆρα
2769 855 2885 923 τὴν
2919 854 3088 926 χεῖρά
3112 874 3232 926 μου
3254 856 3347 910 ἐπ’
3370 855 3592 922 αὐτοὺς
3617 856 3687 911 ἐν
3708 854 3778 925 τῇ

2205 947 2423 1016 ἐρήμῳ,
2455 947 2561 1001 τοῦ
2592 948 3019 1015 διασκορπίσαι
3044 948 3267 1014 αὐτοὺς
3299 950 3370 1002 ἐν
3400 948 3526 1014 τοῖς
3552 948 3777 1014 ἔθνεσι,

2206 1037 2306 1088 καὶ
2340 1035 2675 1104 διασπεῖραι
2698 1038 2917 1103 αὐτοὺς
2944 1038 3014 1091 ἐν
3045 1036 3174 1104 ταῖς
3200 1036 3437 1107 χώραις.
3466 1039 3586 1091 Ἵνα
3617 1038 3674 1091 δὲ
3706 1040 3777 1109 μή
3808 1064 3813 1070 ·

2204 1142 2288 1189 τις
2311 1126 2558 1179 ἐντεῦθεν
2589 1127 2760 1197 βλάϐη
2794 1129 2886 1181 καὶ
2910 1129 3227 1194 Αἰγυπτίοις
3258 1128 3505 1197 γένηται,
3551 1129 3645 1181 καὶ
3666 1130 3779 1182 Χα-

2203 1218 2460 1281 ναναίοις.
2496 1218 2652 1271 τοῦτο
2675 1219 2791 1288 μὲν,
2824 1219 3010 1287 φησὶν,
3037 1220 3136 1271 ούκ
3157 1219 3407 1290 ἐποίησα,
3434 1219 3588 1281 ἀλλὰ,

2274 1312 2371 1358 κε’.
2407 1309 2511 1361 Kal
2549 1308 2591 1339 "
2648 1307 2876 1360 δέδωκα
2915 1309 2958 1339 ³³
2992 1308 3199 1373 αὐτοῖς
3245 1306 3672 1377 προστάγματα
3706 1309 3777 1362 οὐ

2201 1398 2378 1461 καλὰ,
2412 1399 2509 1452 καὶ
2538 1398 2896 1468 δικαιώματα
2942 1400 3013 1453 ἐν
3034 1394 3125 1465 οἷς
3152 1401 3224 1453 οὐ
3250 1399 3530 1464 ζήσονται
3559 1400 3630 1452 ἐν
3666 1400 3775 1452 αὐ-

2200 1490 2345 1556 τοῖς.
2373 1490 2528 1553 Τινὲς
2556 1486 2649 1544 οῦν
2678 1492 2723 1524 ³⁸
2756 1490 2925 1544 ταῦτα
2953 1493 3033 1554 εἰς
3055 1492 3155 1561 τὴν
3179 1491 3288 1544 τῶν
3317 1489 3550 1544 εἰδώλων
3584 1490 3774 1544 ἔλαϐον

2201 1579 2513 1651 θεραπείαν,
2552 1583 2614 1635 τὸ
2650 1582 2841 1637 ἔδωκα
2879 1585 2997 1637 ἀντὶ
3040 1584 3133 1636 τοῦ
3166 1582 3567 1653 συνεχώρησα
3589 1599 3773 1651 νενοη-

2199 1672 2355 1735 κὸτες
2386 1690 2399 1703 ·
2431 1673 2578 1742 δῆλοι
2618 1674 2673 1727 δέ
2705 1676 2840 1728 εἰσιν
2887 1674 3137 1746 οὐδαμῶς
3182 1675 3279 1746 τὴν
3316 1675 3424 1727 τῶν
3466 1674 3770 1746 εἰρημένων

2198 1765 2587 1833 κατειληφότες
2618 1765 2873 1819 διάνοιαν.
2906 1765 3016 1836 Τὴν
3047 1766 3156 1836 γὰρ
3191 1763 3364 1835 ἀσεϐῆ
3393 1765 3502 1817 τῶν
3540 1765 3770 1818 εἰδώλων

522 1871 669 1913 recte
720 1856 968 1911 sentiens
1002 1871 1111 1909 non
1160 1856 1362 1910 bonam
1394 1854 1616 1919 dixerit,
1652 1857 1747 1912 sed
1795 1858 2092 1912 admodum

2197 1853 2492 1925 θρησκείαν
2520 1856 2694 1921 οὐδεὶς
2724 1858 2790 1911 ἂν
2826 1854 2884 1910 εὖ
2911 1858 3123 1929 φρονῶν
3149 1858 3293 1913 εἴποι
3317 1861 3379 1913 οὐ
3414 1860 3605 1931 καλὴν,
3636 1861 3769 1915 ἀλλὰ

521 1952 743 2004 malam.
783 1946 902 2002 Non
934 1964 1066 2017 ergo
1098 1948 1383 2018 sapientiae
1416 1948 1563 2015 fons,
1610 1949 1838 2020 pietatis
1868 1951 2094 2019 legisla-

521 2050 631 2108 tor,
665 2041 959 2111 impietatis
1021 2050 1337 2107 accusator,
1391 2049 1696 2096 extremam
1756 2042 2093 2112 impietatem

519 2132 832 2187 nonbonam
888 2131 1206 2202 appellavit,
1271 2145 1437 2202 quam
1499 2132 1722 2186 malitia
1792 2134 2093 2187 terminum

518 2234 703 2281 vocat.
727 2223 848 2277 Alia
897 2224 1062 2294 igitur
1106 2223 1223 2278 haec
1277 2225 1459 2277 innuit
1499 2223 1700 2278 oratio.
1756 2222 1895 2279 Cum
1945 2225 2093 2278 enim

517 2316 794 2378 dederim,
828 2316 1030 2385 inquit.
1054 2314 1493 2384 justiiicationes
1526 2315 1685 2385 ipsis,
1713 2334 1730 2366 ι
1757 2331 1897 2384 quas
1929 2315 2094 2371 faciet

524 2407 707 2470 homo,
732 2414 785 2460 et
810 2410 953 2461 vivet
982 2408 1035 2461 itt
1066 2406 1146 2461 eis
1172 2425 1189 2457 ι
1239 2409 1315 2476 (et
1345 2421 1447 2477 per
1478 2407 1593 2461 haec
1619 2407 1873 2475 intelligit
1905 2408 2090 2463 decem

518 2501 679 2551 verba
709 2497 842 2568 legis
866 2503 907 2567 ),
942 2513 970 2551 a
999 2496 1201 2568 quibus
1262 2498 1577 2567 migrarunt
1602 2500 1764 2569 «ipsi,
1816 2508 1982 2565 atque
2028 2514 2092 2555 ea

518 2589 639 2644 sine
661 2589 772 2643 ullo
802 2597 946 2643 metu
1007 2590 1292 2659 aspernari
1321 2601 1743 2659 perseverarunt
1764 2633 1778 2655 ,
1807 2592 1932 2646 aliis
1955 2592 2115 2661 prae;
2143 2643 2160 2660 ,

516 2682 693 2749 ceptis
718 2695 815 2736 eos
849 2680 1143 2742 obstrinxi,
1178 2696 1243 2735 ac
1281 2682 1449 2736 veluti
1497 2680 1664 2745 aliixi,
1719 2697 1841 2751 qua:
1870 2682 2092 2752 quidem

515 2771 683 2824 vitam
718 2772 923 2824 nullam
952 2771 1086 2839 ipsis
1107 2772 1424 2826 ministrare
1462 2781 1713 2842 possunt,
1767 2790 1958 2829 corum
2008 2784 2094 2828 ta-

515 2877 639 2916 men
677 2861 1065 2918 observatione
1090 2871 1143 2917 et
1174 2864 1228 2916 in
1262 2864 1404 2935 ipsis
1432 2864 1797 2932 occupatione
1830 2865 2094 2919 desinunt

514 2953 861 3009 necessarias
887 2955 1031 3025 leges
1061 2954 1186 3009 illas
1225 2956 1455 3008 violare.
1501 2953 1605 3009 Per
1632 2956 1747 3010 haec
1778 2965 1958 3011 autent
2009 2959 2094 3013 in-

514 3048 636 3101 nuit
668 3055 936 3115 praecepta
959 3048 1025 3101 tle
1058 3046 1234 3116 lepra,
1287 3045 1354 3099 de
1381 3046 1605 3101 ossibus
1655 3048 1965 3113 cadaveris,
2023 3051 2092 3107 de

515 3137 828 3199 morticina,
860 3138 927 3192 de
948 3153 1014 3192 eo
1046 3138 1140 3205 qui
1195 3137 1427 3192 seminis
1469 3136 1618 3191 ﬂuxu
1686 3139 1995 3200 laborabat.
2036 3151 2091 3197 et

514 3225 584 3283 de
622 3229 744 3285 aliis
774 3229 1183 3299 hujuscemodi.
1203 3238 1261 3283 et
1286 3229 1510 3285 crebras
1531 3242 1753 3299 prepter
1779 3233 1891 3285 lucc
1912 3236 2092 3304 expia-

515 3321 716 3385 tiones,
748 3329 802 3375 ct
823 3321 1092 3376 sacriﬁcia
1131 3338 1252 3391 quae
1284 3337 1385 3390 pro
1423 3321 1509 3376 his
1531 3321 1855 3377 oll‘eruntur.
1888 3322 1944 3378 In
2007 3327 2091 3383 Itis

513 3412 659 3465 enim
684 3412 1045 3467 observandis
1077 3414 1153 3467 illi
1192 3415 1470 3483 occupati,
1496 3431 1605 3468 non
1634 3418 1873 3484 amplius
1900 3433 2090 3473 neces-

516 3503 695 3556 sarias
720 3503 839 3558 illas
855 3513 912 3558 et
931 3505 1094 3560 utiles
1118 3507 1264 3574 leges
1280 3514 1535 3575 poterant
1555 3510 1857 3576 aspernari.
1884 3508 2090 3564 Idcirco

518 3609 625 3647 non
653 3594 810 3658 dixit,
847 3610 906 3649 se
947 3595 1166 3650 dedisse
1200 3595 1312 3649 illis
1368 3598 1509 3650 mala
1543 3608 1829 3667 praecepta,
1857 3598 1951 3654 sed
1986 3617 2090 3654 non

516 3680 674 3733 bona.
699 3678 887 3751 Neque
913 3682 1057 3736 enim
1089 3683 1283 3738 vitium
1315 3685 1606 3748 docebant,
1632 3704 1808 3758 neque
1832 3690 2089 3744 virtutent

519 3771 636 3839 ipsa
661 3786 757 3840 per
782 3787 843 3826 se
868 3774 1278 3842 producebant:
1299 3774 1393 3829 sed
1426 3778 1625 3832 t‘l‘Cbl'O
1647 3781 1714 3832 ad
1745 3795 1963 3833 sacrum
1995 3780 2089 3835 Dei
2139 3840 2143 3844 ,

517 3865 777 3934 templum
803 3864 1083 3933 accedere,
1110 3879 1165 3921 et
1212 3866 1320 3922 Deo
1360 3880 1561 3937 przesto
1613 3886 1737 3926 esse
1791 3874 2083 3939 cogebant.

515 3953 617 4020 Qui
645 3955 789 4009 enim
824 3972 882 4011 se
913 3957 1181 4026 pollutum
1211 3959 1494 4023 credebat,
1534 3960 1580 4015 is
1614 3962 1678 4015 ad
1717 3964 2088 4032 expiationem

490 4049 843 4102 occurrebat
878 4047 982 4103 :ad
1004 4066 1312 4119 quamcum
1341 4053 1708 4121 pervenisset,
1741 4055 1794 4107 itt
1834 4053 1927 4108 Dei
1976 4072 2088 4110 mc-

515 4142 744 4194 moriant
786 4140 1020 4205 redibat,
1048 4151 1215 4212 atque
1248 4141 1360 4196 ltaac
1398 4144 1514 4211 ipsa
1562 4145 1823 4198 memoria
1864 4147 2087 4217 impiam

516 4240 753 4285 mentem
796 4232 1197 4297 exterminans,
1244 4231 1463 4287 divinas
1523 4233 1668 4303 leges
1711 4238 2089 4294 observandas

516 4320 900 4393 persnadebat.
941 4324 1063 4392 lpsa
1093 4324 1260 4393 igitur
1282 4339 1379 4393 per
1418 4339 1477 4378 sc
1509 4340 1618 4378 nun
1661 4326 1824 4394 bona,
1857 4345 1978 4399 qua:
2002 4330 2088 4384 di-

517 4411 643 4464 vino
669 4410 902 4466 consilio
925 4410 1072 4464 haud
1098 4411 1549 4476 consentiebant,
1578 4413 1671 4468 sed
1702 4430 1893 4469 eorum
1915 4457 1930 4481 ,
1956 4418 2088 4487 qtti—

2197 1942 2316 1997 λίαν
2347 1948 2540 2015 κακήν.
2575 1947 2648 2000 Ού
2678 1949 2854 2001 τοίνυν
2889 1949 2920 2018 ή
2964 1949 3063 2019 τῆς
3111 1950 3302 2019 σοφίας
3347 1951 3519 2021 πηγὴ,
3547 1950 3650 2020 τῆς
3680 1952 3769 2005 εύ-

2198 2038 2414 2100 σεϐείας
2438 2040 2466 2091 ὁ
2494 2038 2811 2109 νομοθέτης,
2838 2042 2865 2093 ὁ
2886 2041 2986 2110 τῆς
3019 2039 3275 2105 ἀσεϐείας
3316 2043 3640 2115 κατήγορος,
3670 2043 3770 2113 τὴν

2196 2128 2431 2197 ἐσχάτην
2483 2129 2736 2182 ἀσέϐειαν
2766 2132 2839 2184 οὐ
2884 2131 3086 2200 καλὴν
3115 2133 3559 2203 προσηγόρευσεν
3589 2149 3603 2161 °
3647 2135 3771 2203 δρον

2194 2218 2303 2289 γὰρ
2322 2218 2490 2288 αὐτὴν
2515 2219 2772 2289 ὀνομάζει
2803 2221 3022 2284 κακίας.
3051 2222 3219 2275 Ἀλλα
3254 2222 3541 2293 τοιγαροῦν
3563 2224 3591 2276 ὁ
3614 2223 3771 2291 λόγος

2195 2309 2511 2363 αἰνίττεται.
2535 2307 2748 2378 Ἐπειδὴ
2777 2310 2904 2381 γὰρ,
2937 2312 3119 2379 φησὶν,
3144 2310 3319 2364 ἔδωκα
3352 2314 3534 2375 αὐτοῖς
3559 2312 3771 2366 δικαιώ-

2198 2415 2341 2469 ματα
2381 2418 2398 2449 ι
2441 2398 2477 2452 ἃ
2509 2401 2727 2471 ποιήσει
2776 2400 2917 2454 αὐτὰ
2971 2402 3276 2472 ἄνθρωπος,
3316 2403 3410 2456 καὶ
3455 2405 3680 2473 ζήσεται
3711 2407 3771 2456 ὲν

2195 2490 2377 2552 αὐτοῖς
2408 2506 2420 2518 °
2460 2509 2480 2542 ο
2515 2490 2662 2558 λέγει
2698 2492 2755 2544 δὲ
2802 2493 2889 2547 διὰ
2917 2492 3121 2546 τούτων
3151 2495 3277 2557 τοὺς
3308 2493 3438 2547 δέκα
3460 2494 3649 2563 λόγους
3675 2495 3769 2549 τοῦ

2195 2580 2361 2647 νόμου
2389 2595 2402 2609 ·
2463 2580 2781 2652 παρέϐησαν
2811 2582 2868 2636 δὲ
2906 2583 3100 2647 ταῦτα,
3128 2584 3222 2637 καὶ
3263 2583 3559 2649 πατοῦντες
3600 2585 3772 2649 ἀδεῶς

2193 2667 2518 2733 διετέλεσαν,
2547 2671 2756 2742 ἑτέροις
2789 2673 2985 2736 αὐτοὺς
3018 2675 3403 2745 προστάγμασι
3459 2677 3771 2747 προσέδησα

2195 2761 2290 2813 καὶ
2331 2765 2681 2834 προσήλωσα,
2712 2763 2856 2835 ζωὴν
2893 2766 2989 2834 μὲν
3020 2766 3201 2829 αὐτοῖς
3229 2765 3485 2835 οὐδεμίαν
3536 2766 3772 2837 δυναμέ-

2193 2868 2306 2914 νοις
2341 2854 2623 2924 παρέχειν,
2656 2856 2723 2925 τῇ
2744 2854 2799 2908 δὲ
2834 2856 2963 2925 περί
2987 2856 3126 2909 αὐτὰ
3153 2845 3367 2928 φυλακῇ
3394 2873 3451 2909 τε
3481 2860 3575 2910 καί
3610 2859 3772 2929 ἀσχο-

2194 2942 2283 3014 λίᾳ
2343 2945 2444 3015 τὴν
2474 2944 2583 2997 τῶν
2611 2946 2929 3013 ἀναγκαίων
2958 2947 3139 3017 νόμων
3188 2948 3412 3001 ἐκείνων
3457 2949 3769 3019 παράϐασιν

2194 3036 2479 3090 παύονται.
2505 3038 2808 3091 Αἰνίττεται
2834 3037 2891 3090 δὲ
2919 3037 3006 3091 διὰ
3028 3040 3233 3092 τούτων
3264 3041 3363 3103 τὰς
3385 3041 3514 3106 περί
3538 3041 3767 3113 λέπρας,

2196 3130 2290 3182 καὶ
2330 3128 2516 3181 ὀστέου
2545 3130 2763 3202 νεκροῦ,
2795 3131 2887 3185 καὶ
2916 3131 3263 3208 θνησιμαίου,
3294 3134 3386 3187 καὶ
3414 3136 3768 3206 γονορῤυοῦς,

2196 3221 2290 3274 καὶ
2321 3221 2432 3274 τῶν
2466 3221 2640 3275 ἄλλων
2679 3223 2787 3275 τῶν
2815 3225 3075 3277 τοιούτων
3108 3226 3349 3290 ἐντολὰς,
3379 3228 3472 3280 καὶ
3501 3230 3570 3281 τὰ
3595 3229 3771 3297 συχνὰ

2193 3309 2283 3363 διὰ
2326 3311 2500 3364 ταῦτα
2555 3315 3009 3384 περιρραντήρια,
3071 3317 3166 3369 καὶ
3221 3317 3320 3381 τὰς
3368 3318 3507 3388 ὑπὲρ
3560 3320 3768 3373 τούτων

2196 3404 2647 3475 προσφερομένας
2700 3404 2890 3469 θυσίας
2915 3422 2928 3437 ο
2988 3408 3115 3478 περὶ
3152 3407 3199 3439 ³⁵
3237 3408 3346 3479 γὰρ
3374 3410 3482 3462 τῶν
3513 3412 3771 3465 τοιούτων

2193 3494 2494 3565 εἱλούμενοι
2524 3496 2567 3527 ³⁵
2620 3496 2897 3567 φυλακὴν,
2926 3498 3026 3550 οὐκ
3059 3498 3134 3551 ἔθ’
3166 3502 3365 3570 ὁμοίως
3430 3502 3538 3554 τῶν
3597 3505 3769 3572 ἀναγ-

2193 3585 2365 3638 καίων
2393 3586 2616 3640 ἐκείνων
2653 3587 2748 3641 xui.
2777 3588 3067 3658 ὠφελίμων
3095 3594 3458 3662 καταφρονεῖν
3506 3594 3771 3664 ἠδύναντο

2193 3676 2371 3746 νόμων
2396 3693 2408 3705 ·
2431 3677 2516 3730 διὰ
2537 3677 2695 3730 τοῦτο
2722 3681 2820 3732 οὐκ
2844 3680 2947 3750 ἔφη
2990 3681 3278 3734 δεδωκέναι
3310 3684 3495 3746 αὐτοῖς
3528 3689 3772 3755 προστά-

2192 3783 2379 3835 γματα
2424 3769 2591 3834 κακὰ,
2619 3769 2730 3821 ἀλλ’
2753 3772 2814 3822 ού
2860 3772 3021 3825 καλά.
3051 3772 3195 3825 Οὔτε
3225 3774 3334 3844 γὰρ
3359 3777 3557 3831 κακίαν
3590 3779 3768 3833 ἐδίδα-

2196 3872 2345 3920 σκεν,
2386 3854 2508 3910 οὔτε
2547 3860 2754 3929 ’ἀρετῆς
2798 3860 2937 3913 αὐτὰ
2990 3861 3111 3914 καθ’
3135 3862 3305 3916 ἑαυτὰ
3338 3868 3596 3933 ποιητικὰ
3639 3871 3771 3923 ὄντα

2193 3947 2510 4020 ἐτύγχανεν,
2555 3949 2692 4003 ἀλλὰ
2742 3952 2950 4022 συχνῶς
2986 3956 3177 4025 φοιτᾷν
3218 3958 3297 4020 εἰς
3325 3958 3414 4010 τὸν
3444 3957 3584 4012 θεῖον
3606 3960 3770 4030 νεὼν,

2193 4040 2288 4092 καὶ
2340 4039 2418 4111 τῷ
2469 4041 2589 4112 Θεῷ
2631 4044 3013 4114 προσεδρεύειν
3060 4048 3388 4117 ἠνάγκαζεν.
3431 4050 3490 4104 ’0
3520 4054 3630 4124 γὰρ
3673 4072 3772 4124 μι-

2196 4133 2418 4201 μιάνθαι
2474 4135 2745 4187 πιστεύων
2793 4137 2888 4188 ἐπὶ
2920 4138 3019 4206 τὴν
3068 4138 3335 4211 κάθαρσιν
3371 4141 3609 4212 ἔτρεχεν,
3659 4146 3771 4213 ἀφ-

2194 4223 2521 4294 ικνούμενος
2558 4225 2614 4277 δὲ
2647 4226 2865 4296 μνήμην
2894 4226 3166 4297 ἐλάμϐανε
3194 4229 3288 4281 τοῦ
3317 4230 3474 4284 Θεοῦ.
3524 4233 3668 4305 Αὕτη
3701 4236 3764 4290 δέ

2192 4316 2224 4384 ἡ
2278 4318 2468 4386 μνήμη
2516 4316 2613 4387 τὴν
2666 4317 2904 4388 δυσσεϐῆ
2942 4318 3170 4389 γνώμην
3221 4321 3468 4393 ἐξώριζε,
3508 4328 3770 4390 καὶτοὺς

2191 4405 2371 4467 θείους
2425 4405 2620 4474 νόμους
2677 4405 2969 4474 φυλάττειν
3018 4408 3338 4462 ἀνέπειθεν·
3390 4412 3527 4466 αὐτὰ
3587 4416 3770 4468 τοίνυν

513 4500 617 4555 bus
668 4501 753 4555 lex
793 4500 1179 4570 imponebatur
1205 4540 1219 4564 ,
1258 4501 1623 4558 imbecillitati
1658 4509 2081 4574 congruebant:

2195 4496 2312 4548 καθ’
2332 4495 2518 4555 ἑαυτὰ.
2545 4497 2606 4571 ού
2632 4496 2775 4548 καλά
2798 4514 2809 4525 ·
2839 4497 2897 4549 ού
2932 4497 3042 4571 γὰρ
3069 4499 3148 4568 τῷ
3177 4499 3306 4570 θείῳ
3334 4503 3611 4556 συνέϐαινε
3643 4522 3769 4557 σκο-

510 4591 679 4662 830
710 4607 815 4645 non
846 4598 1027 4644 tamen
1071 4591 1187 4661 ipsa
1231 4592 1483 4661 pulchra,
1525 4610 1705 4665 neque
1751 4600 2083 4665 necessaria,

512 4680 582 4734 ad
609 4682 748 4735 bona
773 4687 956 4734 autem
977 4688 1031 4734 et
1054 4685 1364 4737 necessaria
1384 4683 1679 4740 ducebant.
1704 4686 1801 4742 His
1820 4690 2046 4759 subjicit
2068 4712 2079 4746 :

586 4847 748 4903 νεεδ.
784 4847 874 4903 26.
915 4847 978 4901 Et
1000 4849 1240 4916 polluant
1276 4865 1363 4904 eos
1391 4851 1444 4903 iu
1468 4851 1643 4917 donis,
1675 4871 1796 4908 cum
1826 4858 2087 4927 trajecere

511 4956 605 5009 ego
646 4955 795 4991 omne
831 4940 1070 5008 aperiens
1116 4949 1325 5011 uterum
1386 4952 1717 5007 maternum,
1761 4957 1820 5002 ut
1876 4950 2081 5006 deleam

513 5045 621 5091 eos,
666 5036 724 5080 ut
759 5038 1073 5097 cognoscant
1118 5047 1200 5084 me
1241 5047 1353 5085 esse
1384 5032 1692 5087 Dominum.
1737 5038 1853 5093 Hoc
1905 5043 2084 5099 simile

515 5127 598 5171 est
624 5117 700 5170 illi
737 5121 880 5186 quod
912 5134 1011 5187 per
1072 5120 1290 5174 beatqu
1342 5121 1600 5176 Davidem
1636 5140 1664 5175 a
1718 5124 1828 5180 Deo
1876 5129 2082 5186 dictum

513 5217 632 5262 est:
683 5225 701 5257 ι
757 5205 823 5259 Et
851 5207 1035 5262 dimisi
1080 5224 1176 5264 eos
1227 5212 1533 5264 secundum
1582 5214 1857 5272 desideria
1899 5223 2080 5277 cordis

2193 4587 2302 4656 πῷ,
2341 4586 2476 4640 ἀλλὰ
2506 4590 2572 4657 τῇ
2620 4587 2729 4640 τῶν
2780 4588 3256 4660 νομοθετουμένων
3299 4592 3571 4663 ἥρμοττεν
3603 4596 3764 4650 άσθε-

2194 4680 2312 4749 νείᾳ
2337 4695 2350 4707 ·
2379 4680 2441 4731 ού
2466 4679 2603 4732 καλὰ
2632 4678 2689 4731 δὲ
2716 4680 2867 4750 ὅμως
2895 4682 3055 4745 αὐτὰ,
3077 4682 3198 4735 οὐδὲ
3229 4684 3519 4752 ἀναγκαία,
3551 4684 3682 4757 ἦγεν
3706 4689 3765 4743 δέ

2185 4769 2278 4821 ἐπὶ
2308 4771 2376 4822 τὰ
2395 4769 2535 4823 καλὰ
2556 4770 2651 4822 καὶ
2681 4771 2974 4838 ἀναγκαῖα.
3003 4771 3224 4836 Τούτοις
3249 4776 3446 4843 ἐπάγει
3474 4793 3487 4806 ·

2257 4865 2369 4924 κςθ.
2403 4861 2507 4913 Καὶ
2530 4859 2722 4928 mare?)
2766 4861 2991 4927 αὐτοὺς
3018 4862 3088 4915 ἐν
3132 4863 3259 4930 τοῖς
3307 4865 3568 4935 δόμαστν
3595 4868 3661 4930 ³⁸,
3696 4868 3769 4921 ἐν

2189 4948 2270 5016 τῷ
2313 4950 2776 5017 διαπορεύεσθαι
2806 4969 2884 5020 με
2921 4953 2965 4985 ³⁷
3006 4950 3131 5007 πᾶν
3167 4954 3469 5026 διανοῖγον
3505 4958 3765 5026 μήτραν,

2189 5039 2348 5105 ὅπως
2372 5040 2649 5108 ἀφανισω
2675 5041 2916 5107 αὐτοὺς,
2937 5043 3038 5095 ἵνα
3064 5044 3107 5076 ³⁸
3137 5044 3362 5115 γνῶσιν
3381 5046 3471 5100 ὅτι
3503 5048 3619 5117 ἐγὼ
3651 5051 3767 5102 Κύ-

2189 5149 2339 5200 ριος.
2375 5131 2548 5185 Τοῦτο
2593 5131 2736 5185 ἔοικε
2779 5132 2858 5202 τῷ
2900 5135 2988 5189 διὰ
3015 5136 3108 5189 τοῦ
3139 5140 3409 5210 μακαρίου
3462 5141 3628 5195 Δαϐἰδ
3658 5142 3768 5195 ὑπὸ

2192 5221 2287 5274 τοῦ
2318 5222 2456 5275 Θεοῦ
2487 5223 2787 5293 εἰρημένῳ·
2818 5241 2836 5275 ι
2867 5224 2978 5278 Καὶ
3003 5226 3360 5293 ἐξαπέστειλα
3389 5231 3589 5295 αὐτοὺς
3622 5233 3767 5286 κατὰ

1794 5393 2023 5450 VAlllAS
2066 5398 2469 5458 LECTIONES.

585 5524 1414 5617 “ﬁedullta.‘gompkb‘esunt
1442 5530 1760 5617 reliqua-ex,
1821 5534 2104 5617 \'et's..‘.3.l.'
2156 5535 2365 5617 "hKai.
2423 5537 2546 5617 Des_.
2599 5542 2651 5593 in
2690 5540 2799 5617 di.“
2850 5543 2894 5574 ³²
2927 5544 3031 5617 δέδ.
3068 5544 3242 5617 infra,
3294 5547 3362 5601 ad
3404 5546 3582 5617 ﬁnem
3639 5555 3764 5617 cap“.

514 5615 682 5676 ξιιγηι
722 5608 777 5653 et
813 5598 880 5676 ad
912 5597 1091 5651 locum
1131 5594 1308 5676 Galat.
1349 5594 1571 5676 nune},
1593 5606 1675 5651 est
1705 5600 1909 5676 ἔδωκα.-
1975 5603 2024 5676 δέ
2049 5600 2165 5658 οὖν.
2196 5603 2235 5657 Β
2259 5621 2444 5675 praem.
2469 5608 2590 5676 μέν.

519 5671 789 5738 λούμενοι.
821 5665 945 5736 Leg.
1001 5680 1123 5719 esse
1154 5666 1384 5747 videtur”
1412 5665 1693 5788 εἰλόμενοι.
1786 5669 1832 5701 ³⁸
1857 5670 1977 5742 ὄόμ.
2009 5674 2085 5726 lta
2131 5665 2345 5743 quoque
2379 5678 2420 5729 Α
2461 5665 2516 5730 et
2551 5679 2590 5729 Β
2617 5678 2772 5747 juxta
2808 5665 2981 5738 Atei;
3008 5665 3272 5741 έιἾίιοθῖί

519 5741 559 5771 ³⁷
605 5756 689 5788 us.
727 5737 891 5788 Abest
934 5735 1001 5788 ub
1032 5735 1193 5788 Πρω.
1282 5736 1327 5765 ³⁸
1365 5752 1516 5787 ’να-ν
1575 5753 1659 5788 UO.
1695 5736 2000 5788 "mur-lium
2025 5756 2319 5788 :mnngr-mit
2359 5744 2394 5788 Δ
2425 5762 2475 5788 m
2513 5746 2550 5788 l2
2583 5749 2728 5788 ξηαπ
2762 5752 2880 5788 λιι-ν
2925 5761 2973 5788 ..ι
3010 5753 3149 5788 ηυι...

1365 5736 1659 5806 δ’να--Κύμ
1695 5736 1815 5792 llaec
1838 5736 2000 5797 etiam
2025 5736 2325 5812 agnoscunt
2356 5744 2395 5798 Α
2425 5762 2477 5799 et
2512 5746 2550 5798 Β
2580 5736 2729 5807 iuxta
2752 5736 2904 5807 Alex.
2925 5736 2979 5809 ct
3008 5736 3169 5809 licini

515 5741 559 5771 ³⁷
602 5735 689 5807 μεθ
727 5735 1001 5792 Abustub
1032 5735 1193 5790 Hebr.
1282 5736 1327 5765 an

2687 5612 2732 5641 ³⁸
2763 5611 2986 5686 Β-παρά
3020 5616 3128 5686 γὰρ
3178 5616 3278 5686 τὴν
3321 5616 3543 5671 τούτων.
3606 5618 3652 5649 ³⁸
3689 5611 3760 5669 ii-

3328 5689 3432 5752 Ali,
3476 5687 3761 5756 δόγμασιν.
