  <div class='ocr_page' id='page_1' title='image "/cluster/home/n/w/nwhite01/storage/ocr_20150623/81:no.2/coo.31924054869825/507.png"; bbox 0 0 4116 6414; ppageno 0'>
   <div class='ocr_carea' id='block_1_1' title="bbox 503 343 611 409">
    <p class='ocr_par' dir='ltr' id='par_1_1' title="bbox 503 343 611 409">
     <span class='ocr_line' id='line_1_1' title="bbox 503 343 611 409; baseline 0 -5"><span class='ocrx_word' id='word_1_1' title='bbox 503 343 611 409; x_wconf 82' lang='lat'><strong>999</strong></span> 
     </span>
    </p>
   </div>
   <div class='ocr_carea' id='block_1_2' title="bbox 1531 337 2792 401">
    <p class='ocr_par' dir='ltr' id='par_1_2' title="bbox 1531 337 2792 401">
     <span class='ocr_line' id='line_1_2' title="bbox 1531 337 2792 401; baseline -0.004 1"><span class='ocrx_word' id='word_1_2' title='bbox 1531 339 2021 401; x_wconf 82' lang='lat' dir='ltr'><strong>THEODOBETI</strong></span> <span class='ocrx_word' id='word_1_3' title='bbox 2049 337 2391 398; x_wconf 85' lang='lat' dir='ltr'><strong>EPISCOPI</strong></span> <span class='ocrx_word' id='word_1_4' title='bbox 2423 337 2792 398; x_wconf 84' lang='lat' dir='ltr'><strong>CYRENSIS</strong></span> 
     </span>
    </p>
   </div>
   <div class='ocr_carea' id='block_1_3' title="bbox 3645 329 3780 395">
    <p class='ocr_par' dir='ltr' id='par_1_3' title="bbox 3645 329 3780 395">
     <span class='ocr_line' id='line_1_3' title="bbox 3645 329 3780 395; baseline 0.015 -2"><span class='ocrx_word' id='word_1_5' title='bbox 3645 329 3780 395; x_wconf 79' lang='lat'><strong>1000</strong></span> 
     </span>
    </p>
   </div>
   <div class='ocr_carea' id='block_1_4' title="bbox 507 439 2103 524">
    <p class='ocr_par' dir='ltr' id='par_1_4' title="bbox 507 450 2092 524">
     <span class='ocr_line' id='line_1_4' title="bbox 507 450 2092 524; baseline -0.004 -14"><span class='ocrx_word' id='word_1_6' title='bbox 507 468 554 510; x_wconf 87' lang='lat' dir='ltr'><strong>et</strong></span> <span class='ocrx_word' id='word_1_7' title='bbox 602 458 646 511; x_wconf 87' lang='lat' dir='ltr'><strong>si</strong></span> <span class='ocrx_word' id='word_1_8' title='bbox 692 454 936 511; x_wconf 82' lang='lat' dir='ltr'><strong>ascendet</strong></span> <span class='ocrx_word' id='word_1_9' title='bbox 983 456 1038 510; x_wconf 87' lang='lat' dir='ltr'><strong><em>in</em></strong></span> <span class='ocrx_word' id='word_1_10' title='bbox 1079 453 1328 524; x_wconf 75' lang='lat' dir='ltr'><strong>spiritum</strong></span> <span class='ocrx_word' id='word_1_11' title='bbox 1386 460 1616 506; x_wconf 72' lang='lat' dir='ltr'><strong>oestrum</strong></span> <span class='ocrx_word' id='word_1_12' title='bbox 1651 451 1767 504; x_wconf 73' lang='lat' dir='ltr'><strong>hoc.</strong></span> <span class='ocrx_word' id='word_1_13' title='bbox 1819 450 2092 521; x_wconf 84' lang='lat' dir='ltr'><strong>Speratis,</strong></span> 
     </span>
    </p>
   </div>
   <div class='ocr_carea' id='block_1_5' title="bbox 2205 439 3781 524">
    <p class='ocr_par' dir='ltr' id='par_1_5' title="bbox 2205 439 3781 519">
     <span class='ocr_line' id='line_1_5' title="bbox 2205 439 3781 519; baseline -0.004 -17"><span class='ocrx_word' id='word_1_14' title='bbox 2205 448 2298 502; x_wconf 71' lang='grc' dir='ltr'>καί</span> <span class='ocrx_word' id='word_1_15' title='bbox 2355 449 2470 519; x_wconf 69' lang='grc' dir='ltr'><strong>ἐγὼ</strong></span> <span class='ocrx_word' id='word_1_16' title='bbox 2529 445 2832 516; x_wconf 78' lang='grc' dir='ltr'>ἀποκριθῶ</span> <span class='ocrx_word' id='word_1_17' title='bbox 2883 443 3028 514; x_wconf 72' lang='grc' dir='ltr'><strong>ὑμῖν</strong></span> <span class='ocrx_word' id='word_1_18' title='bbox 3047 487 3060 509; x_wconf 86' lang='grc'><strong>,</strong></span> <span class='ocrx_word' id='word_1_19' title='bbox 3122 439 3286 510; x_wconf 77' lang='grc' dir='ltr'>οἶκος</span> <span class='ocrx_word' id='word_1_20' title='bbox 3343 441 3592 510; x_wconf 82' lang='grc' dir='ltr'>Ἰσραὴλ</span> <span class='ocrx_word' id='word_1_21' title='bbox 3615 441 3681 505; x_wconf 69' lang='grc'><strong>⁵⁸,</strong></span> <span class='ocrx_word' id='word_1_22' title='bbox 3733 445 3781 495; x_wconf 82' lang='grc' dir='ltr'>εὶ</span> 
     </span>
    </p>
   </div>
   <div class='ocr_carea' id='block_1_6' title="bbox 509 542 2097 619">
    <p class='ocr_par' dir='ltr' id='par_1_6' title="bbox 509 542 2097 619">
     <span class='ocr_line' id='line_1_6' title="bbox 509 542 2097 619; baseline -0.007 -13"><span class='ocrx_word' id='word_1_23' title='bbox 509 548 674 619; x_wconf 75' lang='grc'><strong>832</strong></span> <span class='ocrx_word' id='word_1_24' title='bbox 729 549 946 618; x_wconf 93' lang='lat' dir='ltr'><strong>inquit,</strong></span> <span class='ocrx_word' id='word_1_25' title='bbox 983 548 1202 616; x_wconf 75' lang='lat' dir='ltr'><strong>vigente</strong></span> <span class='ocrx_word' id='word_1_26' title='bbox 1244 545 1298 599; x_wconf 91' lang='lat' dir='ltr'><strong>in</strong></span> <span class='ocrx_word' id='word_1_27' title='bbox 1362 543 1646 612; x_wconf 82' lang='lat' dir='ltr'><strong>republica</strong></span> <span class='ocrx_word' id='word_1_28' title='bbox 1680 553 1864 598; x_wconf 87' lang='lat' dir='ltr'><strong>vestra</strong></span> <span class='ocrx_word' id='word_1_29' title='bbox 1920 542 2097 612; x_wconf 86' lang='lat' dir='ltr'><strong>patria</strong></span> 
     </span>
    </p>
   </div>
   <div class='ocr_carea' id='block_1_7' title="bbox 513 635 2100 710">
    <p class='ocr_par' dir='ltr' id='par_1_7' title="bbox 513 635 2100 710">
     <span class='ocr_line' id='line_1_7' title="bbox 513 635 2100 710; baseline -0.003 -16"><span class='ocrx_word' id='word_1_30' title='bbox 513 641 806 710; x_wconf 75' lang='lat' dir='ltr'><strong>iniquitate</strong></span> <span class='ocrx_word' id='word_1_31' title='bbox 851 647 906 694; x_wconf 86' lang='lat' dir='ltr'><strong>et</strong></span> <span class='ocrx_word' id='word_1_32' title='bbox 936 639 1241 708; x_wconf 80' lang='lat' dir='ltr'><strong>impietate,</strong></span> <span class='ocrx_word' id='word_1_33' title='bbox 1289 636 1556 706; x_wconf 82' lang='lat' dir='ltr'><strong>vobisque</strong></span> <span class='ocrx_word' id='word_1_34' title='bbox 1588 635 1772 691; x_wconf 87' lang='lat' dir='ltr'><strong>omnia</strong></span> <span class='ocrx_word' id='word_1_35' title='bbox 1818 635 1946 698; x_wconf 85' lang='lat' dir='ltr'><strong>ista,</strong></span> <span class='ocrx_word' id='word_1_36' title='bbox 1976 650 2100 704; x_wconf 65' lang='lat' dir='ltr'><strong>qua:</strong></span> 
     </span>
    </p>
   </div>
   <div class='ocr_carea' id='block_1_8' title="bbox 512 725 2096 796">
    <p class='ocr_par' dir='ltr' id='par_1_8' title="bbox 512 725 2096 796">
     <span class='ocr_line' id='line_1_8' title="bbox 512 725 2096 796; baseline -0.003 -14"><span class='ocrx_word' id='word_1_37' title='bbox 512 730 789 793; x_wconf 78' lang='lat' dir='ltr'><strong>enarravi,</strong></span> <span class='ocrx_word' id='word_1_38' title='bbox 849 727 1208 792; x_wconf 72' lang='lat' dir='ltr'><strong>audentibus,</strong></span> <span class='ocrx_word' id='word_1_39' title='bbox 1251 733 1580 796; x_wconf 74' lang='lat' dir='ltr'><strong>reaponsum</strong></span> <span class='ocrx_word' id='word_1_40' title='bbox 1628 739 1658 777; x_wconf 89' lang='lat' dir='ltr'><strong>a</strong></span> <span class='ocrx_word' id='word_1_41' title='bbox 1715 740 1803 780; x_wconf 89' lang='lat' dir='ltr'><strong>me</strong></span> <span class='ocrx_word' id='word_1_42' title='bbox 1832 725 2096 794; x_wconf 81' lang='lat' dir='ltr'><strong>‘aliquod</strong></span> 
     </span>
    </p>
   </div>
   <div class='ocr_carea' id='block_1_9' title="bbox 515 817 2095 886">
    <p class='ocr_par' dir='ltr' id='par_1_9' title="bbox 515 817 2095 886">
     <span class='ocr_line' id='line_1_9' title="bbox 515 817 2095 886; baseline -0.003 -12"><span class='ocrx_word' id='word_1_43' title='bbox 515 828 914 874; x_wconf 88' lang='lat' dir='ltr'><strong>consecuturos</strong></span> <span class='ocrx_word' id='word_1_44' title='bbox 944 834 1044 875; x_wconf 88' lang='lat' dir='ltr'><strong>vos</strong></span> <span class='ocrx_word' id='word_1_45' title='bbox 1087 833 1233 874; x_wconf 89' lang='lat' dir='ltr'><strong>esse.</strong></span> <span class='ocrx_word' id='word_1_46' title='bbox 1282 817 1360 873; x_wconf 83' lang='lat' dir='ltr'><strong>Ne</strong></span> <span class='ocrx_word' id='word_1_47' title='bbox 1396 817 1600 872; x_wconf 82' lang='lat' dir='ltr'><strong>fallatis</strong></span> <span class='ocrx_word' id='word_1_48' title='bbox 1659 817 2027 886; x_wconf 75' lang='lat' dir='ltr'><strong>vosmetipsos</strong></span> <span class='ocrx_word' id='word_1_49' title='bbox 2081 832 2095 870; x_wconf 91' lang='lat'><strong>:</strong></span> 
     </span>
    </p>
   </div>
   <div class='ocr_carea' id='block_1_10' title="bbox 516 909 2098 982">
    <p class='ocr_par' dir='ltr' id='par_1_10' title="bbox 516 909 2098 982">
     <span class='ocr_line' id='line_1_10' title="bbox 516 909 2098 982; baseline -0.002 -16"><span class='ocrx_word' id='word_1_50' title='bbox 516 911 785 981; x_wconf 78' lang='lat' dir='ltr'><strong>siquidem</strong></span> <span class='ocrx_word' id='word_1_51' title='bbox 839 911 954 967; x_wconf 81' lang='lat' dir='ltr'><strong>ﬁeri</strong></span> <span class='ocrx_word' id='word_1_52' title='bbox 997 912 1210 982; x_wconf 89' lang='lat' dir='ltr'><strong>nequit,</strong></span> <span class='ocrx_word' id='word_1_53' title='bbox 1265 917 1328 965; x_wconf 89' lang='lat' dir='ltr'><strong>ut</strong></span> <span class='ocrx_word' id='word_1_54' title='bbox 1377 909 1446 964; x_wconf 89' lang='lat' dir='ltr'><strong>ad</strong></span> <span class='ocrx_word' id='word_1_55' title='bbox 1480 917 1696 966; x_wconf 84' lang='lat' dir='ltr'><strong>vestras</strong></span> <span class='ocrx_word' id='word_1_56' title='bbox 1726 923 1830 978; x_wconf 92' lang='lat' dir='ltr'><strong>ego</strong></span> <span class='ocrx_word' id='word_1_57' title='bbox 1870 922 2098 977; x_wconf 84' lang='lat' dir='ltr'><strong>respou-</strong></span> 
     </span>
    </p>
   </div>
   <div class='ocr_carea' id='block_1_11' title="bbox 516 999 2095 1071">
    <p class='ocr_par' dir='ltr' id='par_1_11' title="bbox 516 999 2095 1071">
     <span class='ocr_line' id='line_1_11' title="bbox 516 999 2095 1071; baseline 0.001 -18"><span class='ocrx_word' id='word_1_58' title='bbox 516 1001 674 1054; x_wconf 89' lang='lat' dir='ltr'><strong>deam</strong></span> <span class='ocrx_word' id='word_1_59' title='bbox 716 1001 1208 1071; x_wconf 73' lang='lat' dir='ltr'><strong>interrogationes,</strong></span> <span class='ocrx_word' id='word_1_60' title='bbox 1242 1016 1382 1071; x_wconf 88' lang='lat' dir='ltr'><strong>quas</strong></span> <span class='ocrx_word' id='word_1_61' title='bbox 1414 999 1582 1054; x_wconf 87' lang='lat' dir='ltr'><strong>audet</strong></span> <span class='ocrx_word' id='word_1_62' title='bbox 1613 1000 1870 1070; x_wconf 81' lang='lat' dir='ltr'><strong>impietas</strong></span> <span class='ocrx_word' id='word_1_63' title='bbox 1891 1011 2095 1056; x_wconf 75' lang='lat' dir='ltr'><strong>ve5tra.</strong></span> 
     </span>
    </p>
   </div>
   <div class='ocr_carea' id='block_1_12' title="bbox 517 1090 2096 1160">
    <p class='ocr_par' dir='ltr' id='par_1_12' title="bbox 517 1090 2096 1160">
     <span class='ocr_line' id='line_1_12' title="bbox 517 1090 2096 1160; baseline -0.003 -14"><span class='ocrx_word' id='word_1_64' title='bbox 517 1090 622 1146; x_wconf 87' lang='lat' dir='ltr'><strong>Sed</strong></span> <span class='ocrx_word' id='word_1_65' title='bbox 657 1091 709 1145; x_wconf 91' lang='lat' dir='ltr'><strong>id</strong></span> <span class='ocrx_word' id='word_1_66' title='bbox 745 1091 901 1146; x_wconf 81' lang='lat' dir='ltr'><strong>vobis</strong></span> <span class='ocrx_word' id='word_1_67' title='bbox 931 1093 1096 1147; x_wconf 86' lang='lat' dir='ltr'><strong>rebus</strong></span> <span class='ocrx_word' id='word_1_68' title='bbox 1136 1092 1271 1160; x_wconf 83' lang='lat' dir='ltr'><strong>ipsis</strong></span> <span class='ocrx_word' id='word_1_69' title='bbox 1311 1090 1639 1160; x_wconf 85' lang='lat' dir='ltr'><strong>persuadeo,</strong></span> <span class='ocrx_word' id='word_1_70' title='bbox 1680 1098 1738 1142; x_wconf 93' lang='lat' dir='ltr'><strong>ut</strong></span> <span class='ocrx_word' id='word_1_71' title='bbox 1776 1090 2096 1146; x_wconf 80' lang='lat' dir='ltr'><strong>istiusmodi</strong></span> 
     </span>
    </p>
   </div>
   <div class='ocr_carea' id='block_1_13' title="bbox 514 1181 2097 1254">
    <p class='ocr_par' dir='ltr' id='par_1_13' title="bbox 514 1181 2097 1254">
     <span class='ocr_line' id='line_1_13' title="bbox 514 1181 2097 1254; baseline -0.001 -16"><span class='ocrx_word' id='word_1_72' title='bbox 514 1199 737 1253; x_wconf 91' lang='lat' dir='ltr'><strong>quoque</strong></span> <span class='ocrx_word' id='word_1_73' title='bbox 769 1200 918 1254; x_wconf 85' lang='lat' dir='ltr'><strong>spem</strong></span> <span class='ocrx_word' id='word_1_74' title='bbox 943 1184 1240 1254; x_wconf 86' lang='lat' dir='ltr'><strong>abjiciatis.</strong></span> <span class='ocrx_word' id='word_1_75' title='bbox 1270 1183 1383 1238; x_wconf 85' lang='lat' dir='ltr'><strong>Hoc</strong></span> <span class='ocrx_word' id='word_1_76' title='bbox 1414 1183 1558 1239; x_wconf 91' lang='lat' dir='ltr'><strong>enim</strong></span> <span class='ocrx_word' id='word_1_77' title='bbox 1590 1181 1944 1253; x_wconf 82' lang='lat' dir='ltr'><strong>signiﬁcavit,</strong></span> <span class='ocrx_word' id='word_1_78' title='bbox 1972 1198 2097 1237; x_wconf 91' lang='lat' dir='ltr'><strong>cum</strong></span> 
     </span>
    </p>
   </div>
   <div class='ocr_carea' id='block_1_14' title="bbox 517 1274 2099 1345">
    <p class='ocr_par' dir='ltr' id='par_1_14' title="bbox 517 1274 2099 1345">
     <span class='ocr_line' id='line_1_14' title="bbox 517 1274 2099 1345; baseline 0 -15"><span class='ocrx_word' id='word_1_79' title='bbox 517 1275 702 1340; x_wconf 76' lang='lat' dir='ltr'><strong>dixit,</strong></span> <span class='ocrx_word' id='word_1_80' title='bbox 776 1294 796 1328; x_wconf 82' lang='grc' dir='ltr'><strong>ι</strong></span> <span class='ocrx_word' id='word_1_81' title='bbox 851 1276 922 1331; x_wconf 89' lang='lat' dir='ltr'><strong>Et</strong></span> <span class='ocrx_word' id='word_1_82' title='bbox 977 1277 1026 1332; x_wconf 88' lang='lat' dir='ltr'><strong>si</strong></span> <span class='ocrx_word' id='word_1_83' title='bbox 1083 1276 1344 1331; x_wconf 86' lang='lat' dir='ltr'><strong>ascendet</strong></span> <span class='ocrx_word' id='word_1_84' title='bbox 1408 1275 1466 1329; x_wconf 89' lang='lat' dir='ltr'><strong>in</strong></span> <span class='ocrx_word' id='word_1_85' title='bbox 1527 1274 1782 1345; x_wconf 85' lang='lat' dir='ltr'><strong>spiritqu</strong></span> <span class='ocrx_word' id='word_1_86' title='bbox 1857 1285 2099 1335; x_wconf 75' lang='lat' dir='ltr'><strong>vestrum</strong></span> 
     </span>
    </p>
   </div>
   <div class='ocr_carea' id='block_1_15' title="bbox 517 1368 694 1423">
    <p class='ocr_par' dir='ltr' id='par_1_15' title="bbox 517 1368 694 1423">
     <span class='ocr_line' id='line_1_15' title="bbox 517 1368 694 1423; baseline -0.023 0"><span class='ocrx_word' id='word_1_87' title='bbox 517 1368 640 1423; x_wconf 85' lang='lat' dir='ltr'><strong>hoc.</strong></span> <span class='ocrx_word' id='word_1_88' title='bbox 675 1385 694 1419; x_wconf 71' lang='grc' dir='ltr'><strong>ι</strong></span> 
     </span>
    </p>
   </div>
   <div class='ocr_carea' id='block_1_16' title="bbox 594 1540 2100 1613">
    <p class='ocr_par' dir='ltr' id='par_1_16' title="bbox 594 1540 2100 1613">
     <span class='ocr_line' id='line_1_16' title="bbox 594 1540 2100 1613; baseline 0.007 -24"><span class='ocrx_word' id='word_1_89' title='bbox 594 1540 758 1598; x_wconf 70' lang='lat' dir='ltr'><strong>Vens.</strong></span> <span class='ocrx_word' id='word_1_90' title='bbox 797 1541 886 1596; x_wconf 73' lang='lat'><strong>32.</strong></span> <span class='ocrx_word' id='word_1_91' title='bbox 921 1540 993 1595; x_wconf 85' lang='lat' dir='ltr'><strong>Et</strong></span> <span class='ocrx_word' id='word_1_92' title='bbox 1020 1556 1124 1594; x_wconf 78' lang='lat' dir='ltr'><strong>non</strong></span> <span class='ocrx_word' id='word_1_93' title='bbox 1149 1541 1272 1605; x_wconf 83' lang='lat' dir='ltr'><strong>erit,</strong></span> <span class='ocrx_word' id='word_1_94' title='bbox 1295 1540 1741 1613; x_wconf 86' lang='lat' dir='ltr'><strong>quemadmodum</strong></span> <span class='ocrx_word' id='word_1_95' title='bbox 1765 1559 1853 1598; x_wconf 84' lang='lat' dir='ltr'><strong>vos</strong></span> <span class='ocrx_word' id='word_1_96' title='bbox 1883 1542 2062 1598; x_wconf 80' lang='lat' dir='ltr'><strong>dicitis</strong></span> <span class='ocrx_word' id='word_1_97' title='bbox 2079 1559 2100 1599; x_wconf 92' lang='lat'><strong><em>:</em></strong></span> 
     </span>
    </p>
   </div>
   <div class='ocr_carea' id='block_1_17' title="bbox 517 1632 2098 1702">
    <p class='ocr_par' dir='ltr' id='par_1_17' title="bbox 517 1632 2098 1702">
     <span class='ocr_line' id='line_1_17' title="bbox 517 1632 2098 1702; baseline 0.003 -16"><span class='ocrx_word' id='word_1_98' title='bbox 517 1632 735 1686; x_wconf 77' lang='lat' dir='ltr'><strong>Erimus</strong></span> <span class='ocrx_word' id='word_1_99' title='bbox 763 1635 898 1687; x_wconf 92' lang='lat' dir='ltr'><strong>sicut</strong></span> <span class='ocrx_word' id='word_1_100' title='bbox 920 1641 1118 1702; x_wconf 86' lang='lat' dir='ltr'><strong>gentes,</strong></span> <span class='ocrx_word' id='word_1_101' title='bbox 1154 1641 1205 1686; x_wconf 88' lang='lat' dir='ltr'><strong>et</strong></span> <span class='ocrx_word' id='word_1_102' title='bbox 1230 1633 1370 1687; x_wconf 80' lang='lat' dir='ltr'><strong>sicut</strong></span> <span class='ocrx_word' id='word_1_103' title='bbox 1402 1633 1569 1688; x_wconf 86' lang='lat' dir='ltr'><strong>tribus</strong></span> <span class='ocrx_word' id='word_1_104' title='bbox 1595 1642 1771 1698; x_wconf 65' lang='lat' dir='ltr'><strong>terra,</strong></span> <span class='ocrx_word' id='word_1_105' title='bbox 1804 1645 1863 1688; x_wconf 90' lang='lat' dir='ltr'><strong>ut</strong></span> <span class='ocrx_word' id='word_1_106' title='bbox 1894 1637 2098 1690; x_wconf 75' lang='lat' dir='ltr'><strong>servia-</strong></span> 
     </span>
    </p>
   </div>
   <div class='ocr_carea' id='block_1_18' title="bbox 516 1723 2101 1799">
    <p class='ocr_par' dir='ltr' id='par_1_18' title="bbox 516 1723 2101 1799">
     <span class='ocr_line' id='line_1_18' title="bbox 516 1723 2101 1799; baseline 0.005 -24"><span class='ocrx_word' id='word_1_107' title='bbox 516 1739 634 1777; x_wconf 86' lang='lat' dir='ltr'><strong>mus</strong></span> <span class='ocrx_word' id='word_1_108' title='bbox 673 1724 828 1794; x_wconf 82' lang='lat' dir='ltr'><strong>lignis</strong></span> <span class='ocrx_word' id='word_1_109' title='bbox 857 1734 906 1777; x_wconf 90' lang='lat' dir='ltr'><strong>et</strong></span> <span class='ocrx_word' id='word_1_110' title='bbox 939 1724 1228 1793; x_wconf 84' lang='lat' dir='ltr'><strong>lapidibus.</strong></span> <span class='ocrx_word' id='word_1_111' title='bbox 1271 1723 1667 1782; x_wconf 80' lang='lat' dir='ltr'><strong>Verumtamen</strong></span> <span class='ocrx_word' id='word_1_112' title='bbox 1699 1742 1771 1782; x_wconf 89' lang='lat' dir='ltr'><strong>ne</strong></span> <span class='ocrx_word' id='word_1_113' title='bbox 1806 1727 1939 1783; x_wconf 90' lang='lat' dir='ltr'><strong>illud</strong></span> <span class='ocrx_word' id='word_1_114' title='bbox 1977 1730 2101 1799; x_wconf 89' lang='lat' dir='ltr'><strong>qui-</strong></span> 
     </span>
    </p>
   </div>
   <div class='ocr_carea' id='block_1_19' title="bbox 2199 532 3783 608">
    <p class='ocr_par' dir='ltr' id='par_1_19' title="bbox 2199 532 3783 608">
     <span class='ocr_line' id='line_1_19' title="bbox 2199 532 3783 608; baseline -0.006 -13"><span class='ocrx_word' id='word_1_115' title='bbox 2199 539 2677 608; x_wconf 76' lang='grc' dir='ltr'>ἀποκριθήσομαι</span> <span class='ocrx_word' id='word_1_116' title='bbox 2710 536 2872 606; x_wconf 81' lang='grc' dir='ltr'>ὑμῖν.</span> <span class='ocrx_word' id='word_1_117' title='bbox 2905 536 3003 590; x_wconf 74' lang='grc' dir='ltr'><strong>καὶ</strong></span> <span class='ocrx_word' id='word_1_118' title='bbox 3023 536 3064 568; x_wconf 66' lang='grc'>⁸⁷</span> <span class='ocrx_word' id='word_1_119' title='bbox 3097 536 3149 588; x_wconf 81' lang='grc' dir='ltr'><strong>εί</strong></span> <span class='ocrx_word' id='word_1_120' title='bbox 3181 533 3548 600; x_wconf 77' lang='grc' dir='ltr'>ἀναϐήσεται</span> <span class='ocrx_word' id='word_1_121' title='bbox 3579 532 3678 587; x_wconf 76' lang='grc' dir='ltr'><strong>ἐπὶ</strong></span> <span class='ocrx_word' id='word_1_122' title='bbox 3717 532 3783 586; x_wconf 85' lang='grc' dir='ltr'>τὸ</span> 
     </span>
    </p>
   </div>
   <div class='ocr_carea' id='block_1_20' title="bbox 2199 625 3785 700">
    <p class='ocr_par' dir='ltr' id='par_1_20' title="bbox 2199 625 3785 700">
     <span class='ocr_line' id='line_1_20' title="bbox 2199 625 3785 700; baseline 0.005 -18"><span class='ocrx_word' id='word_1_123' title='bbox 2199 631 2432 699; x_wconf 78' lang='grc' dir='ltr'>πνεῦμα</span> <span class='ocrx_word' id='word_1_124' title='bbox 2454 629 2622 700; x_wconf 79' lang='grc' dir='ltr'><strong>ὑμῶν</strong></span> <span class='ocrx_word' id='word_1_125' title='bbox 2643 629 2836 683; x_wconf 84' lang='grc' dir='ltr'>τοῦτο.</span> <span class='ocrx_word' id='word_1_126' title='bbox 2884 626 3186 690; x_wconf 76' lang='grc' dir='ltr'>Ἐλπίζετε,</span> <span class='ocrx_word' id='word_1_127' title='bbox 3215 627 3374 695; x_wconf 80' lang='grc' dir='ltr'>φησὶ,</span> <span class='ocrx_word' id='word_1_128' title='bbox 3399 627 3496 696; x_wconf 76' lang='grc' dir='ltr'>τῆς</span> <span class='ocrx_word' id='word_1_129' title='bbox 3527 625 3785 697; x_wconf 70' lang='grc' dir='ltr'>πατρῴας</span> 
     </span>
    </p>
   </div>
   <div class='ocr_carea' id='block_1_21' title="bbox 2203 719 3785 806">
    <p class='ocr_par' dir='ltr' id='par_1_21' title="bbox 2203 719 3785 806">
     <span class='ocr_line' id='line_1_21' title="bbox 2203 719 3785 806; baseline -0.003 -30"><span class='ocrx_word' id='word_1_130' title='bbox 2203 724 2548 794; x_wconf 77' lang='grc' dir='ltr'><strong>παρανομίας</strong></span> <span class='ocrx_word' id='word_1_131' title='bbox 2581 724 2676 776; x_wconf 77' lang='grc' dir='ltr'><strong>καὶ</strong></span> <span class='ocrx_word' id='word_1_132' title='bbox 2703 723 2801 792; x_wconf 78' lang='grc' dir='ltr'>τῆς</span> <span class='ocrx_word' id='word_1_133' title='bbox 2825 721 3148 784; x_wconf 77' lang='grc' dir='ltr'>δυσσεὸείας</span> <span class='ocrx_word' id='word_1_134' title='bbox 3187 720 3406 806; x_wconf 56' lang='grc' dir='ltr'>ὲν.ύμῖν</span> <span class='ocrx_word' id='word_1_135' title='bbox 3434 719 3785 790; x_wconf 83' lang='grc' dir='ltr'>πολιτευομέ-</span> 
     </span>
    </p>
   </div>
   <div class='ocr_carea' id='block_1_22' title="bbox 2201 805 3786 886">
    <p class='ocr_par' dir='ltr' id='par_1_22' title="bbox 2201 805 3786 886">
     <span class='ocr_line' id='line_1_22' title="bbox 2201 805 3786 886; baseline -0.004 -18"><span class='ocrx_word' id='word_1_136' title='bbox 2201 831 2321 886; x_wconf 84' lang='grc' dir='ltr'>νης,</span> <span class='ocrx_word' id='word_1_137' title='bbox 2357 813 2691 868; x_wconf 77' lang='grc' dir='ltr'>καὶτούτων</span> <span class='ocrx_word' id='word_1_138' title='bbox 2737 813 2997 868; x_wconf 80' lang='grc' dir='ltr'>ἁπάντων</span> <span class='ocrx_word' id='word_1_139' title='bbox 3045 805 3120 865; x_wconf 80' lang='grc' dir='ltr'>ὧν</span> <span class='ocrx_word' id='word_1_140' title='bbox 3171 805 3448 880; x_wconf 77' lang='grc' dir='ltr'><strong>διεξῆλθον</strong></span> <span class='ocrx_word' id='word_1_141' title='bbox 3497 811 3588 880; x_wconf 79' lang='grc' dir='ltr'><strong>ὑφ’</strong></span> <span class='ocrx_word' id='word_1_142' title='bbox 3633 811 3786 881; x_wconf 75' lang='grc' dir='ltr'>ὑμῶν</span> 
     </span>
    </p>
   </div>
   <div class='ocr_carea' id='block_1_23' title="bbox 2199 899 3784 974">
    <p class='ocr_par' dir='ltr' id='par_1_23' title="bbox 2199 899 3784 974">
     <span class='ocr_line' id='line_1_23' title="bbox 2199 899 3784 974; baseline -0.001 -18"><span class='ocrx_word' id='word_1_143' title='bbox 2199 903 2564 974; x_wconf 80' lang='grc' dir='ltr'><strong>τολμωμένων</strong></span> <span class='ocrx_word' id='word_1_144' title='bbox 2584 944 2600 970; x_wconf 93' lang='grc'><strong>,</strong></span> <span class='ocrx_word' id='word_1_145' title='bbox 2649 901 2995 974; x_wconf 82' lang='grc' dir='ltr'>ἁποκρίσεὼς</span> <span class='ocrx_word' id='word_1_146' title='bbox 3041 917 3188 964; x_wconf 88' lang='grc' dir='ltr'>τινος</span> <span class='ocrx_word' id='word_1_147' title='bbox 3235 901 3365 971; x_wconf 80' lang='grc' dir='ltr'>παρ’</span> <span class='ocrx_word' id='word_1_148' title='bbox 3423 899 3557 971; x_wconf 77' lang='grc' dir='ltr'>ἐμοῦ</span> <span class='ocrx_word' id='word_1_149' title='bbox 3580 902 3784 970; x_wconf 78' lang='grc' dir='ltr'><strong>τυχεῖν.</strong></span> 
     </span>
    </p>
   </div>
   <div class='ocr_carea' id='block_1_24' title="bbox 2200 989 3788 1067">
    <p class='ocr_par' dir='ltr' id='par_1_24' title="bbox 2200 989 3788 1067">
     <span class='ocr_line' id='line_1_24' title="bbox 2200 989 3788 1067; baseline -0.004 -17"><span class='ocrx_word' id='word_1_150' title='bbox 2200 996 2294 1067; x_wconf 75' lang='grc' dir='ltr'>Μή</span> <span class='ocrx_word' id='word_1_151' title='bbox 2319 995 2626 1061; x_wconf 64' lang='grc' dir='ltr'>ἐξαπατᾶτε</span> <span class='ocrx_word' id='word_1_152' title='bbox 2661 995 2806 1065; x_wconf 77' lang='grc' dir='ltr'>ὑμᾶς</span> <span class='ocrx_word' id='word_1_153' title='bbox 2832 992 3058 1056; x_wconf 85' lang='grc' dir='ltr'>αύτούς·</span> <span class='ocrx_word' id='word_1_154' title='bbox 3094 992 3204 1045; x_wconf 83' lang='grc' dir='ltr'>τῶν</span> <span class='ocrx_word' id='word_1_155' title='bbox 3238 993 3346 1062; x_wconf 81' lang='grc' dir='ltr'>γὰρ</span> <span class='ocrx_word' id='word_1_156' title='bbox 3377 991 3655 1046; x_wconf 79' lang='grc' dir='ltr'>ἀδυνάτων</span> <span class='ocrx_word' id='word_1_157' title='bbox 3687 989 3788 1061; x_wconf 69' lang='grc' dir='ltr'>ἐμὲ</span> 
     </span>
    </p>
   </div>
   <div class='ocr_carea' id='block_1_25' title="bbox 2201 1081 3789 1155">
    <p class='ocr_par' dir='ltr' id='par_1_25' title="bbox 2201 1081 3789 1155">
     <span class='ocr_line' id='line_1_25' title="bbox 2201 1081 3789 1155; baseline -0.002 -18"><span class='ocrx_word' id='word_1_158' title='bbox 2201 1083 2340 1154; x_wconf 79' lang='grc' dir='ltr'>πρὸς</span> <span class='ocrx_word' id='word_1_159' title='bbox 2369 1085 2468 1147; x_wconf 81' lang='grc' dir='ltr'><strong>τὰς</strong></span> <span class='ocrx_word' id='word_1_160' title='bbox 2493 1085 2765 1155; x_wconf 81' lang='grc' dir='ltr'><strong>ὑμετέρας</strong></span> <span class='ocrx_word' id='word_1_161' title='bbox 2793 1081 3196 1154; x_wconf 79' lang='grc' dir='ltr'>ἀποκρίνασθαι</span> <span class='ocrx_word' id='word_1_162' title='bbox 3232 1082 3483 1146; x_wconf 81' lang='grc' dir='ltr'>πεύσεις,</span> <span class='ocrx_word' id='word_1_163' title='bbox 3528 1083 3628 1154; x_wconf 81' lang='grc' dir='ltr'>τῆς</span> <span class='ocrx_word' id='word_1_164' title='bbox 3661 1083 3789 1136; x_wconf 74' lang='grc' dir='ltr'>ἀσε-</span> 
     </span>
    </p>
   </div>
   <div class='ocr_carea' id='block_1_26' title="bbox 2201 1174 3790 1248">
    <p class='ocr_par' dir='ltr' id='par_1_26' title="bbox 2201 1174 3790 1248">
     <span class='ocr_line' id='line_1_26' title="bbox 2201 1174 3790 1248; baseline 0 -20"><span class='ocrx_word' id='word_1_165' title='bbox 2201 1175 2354 1240; x_wconf 80' lang='grc' dir='ltr'>6είας</span> <span class='ocrx_word' id='word_1_166' title='bbox 2385 1175 2516 1248; x_wconf 77' lang='grc' dir='ltr'>παρ’</span> <span class='ocrx_word' id='word_1_167' title='bbox 2567 1177 2720 1247; x_wconf 80' lang='grc' dir='ltr'>ὑμῶν</span> <span class='ocrx_word' id='word_1_168' title='bbox 2751 1174 3130 1246; x_wconf 79' lang='grc' dir='ltr'>τολμωμένης.</span> <span class='ocrx_word' id='word_1_169' title='bbox 3184 1175 3364 1228; x_wconf 76' lang='lat' dir='ltr'><strong>Ilele</strong></span> <span class='ocrx_word' id='word_1_170' title='bbox 3406 1174 3463 1228; x_wconf 74' lang='grc' dir='ltr'>δὲ</span> <span class='ocrx_word' id='word_1_171' title='bbox 3508 1175 3654 1245; x_wconf 80' lang='grc' dir='ltr'>ὑμᾶς</span> <span class='ocrx_word' id='word_1_172' title='bbox 3700 1174 3790 1228; x_wconf 76' lang='grc' dir='ltr'><strong>διὰ</strong></span> 
     </span>
    </p>
   </div>
   <div class='ocr_carea' id='block_1_27' title="bbox 2200 1265 3783 1342">
    <p class='ocr_par' dir='ltr' id='par_1_27' title="bbox 2200 1265 3783 1342">
     <span class='ocr_line' id='line_1_27' title="bbox 2200 1265 3783 1342; baseline -0.001 -20"><span class='ocrx_word' id='word_1_173' title='bbox 2200 1268 2309 1322; x_wconf 87' lang='grc' dir='ltr'><strong>τῶν</strong></span> <span class='ocrx_word' id='word_1_174' title='bbox 2331 1267 2673 1342; x_wconf 79' lang='grc' dir='ltr'><strong>πραγμάτων</strong></span> <span class='ocrx_word' id='word_1_175' title='bbox 2697 1267 2791 1322; x_wconf 73' lang='grc' dir='ltr'><strong>καὶ</strong></span> <span class='ocrx_word' id='word_1_176' title='bbox 2815 1269 2917 1339; x_wconf 80' lang='grc' dir='ltr'>τὴν</span> <span class='ocrx_word' id='word_1_177' title='bbox 2958 1269 3216 1338; x_wconf 82' lang='grc' dir='ltr'>τοιαύτην</span> <span class='ocrx_word' id='word_1_178' title='bbox 3239 1265 3539 1338; x_wconf 73' lang='grc' dir='ltr'>ἁποῤῥίψαι</span> <span class='ocrx_word' id='word_1_179' title='bbox 3562 1267 3754 1321; x_wconf 67' lang='grc' dir='ltr'>ἐλπῶα</span> <span class='ocrx_word' id='word_1_180' title='bbox 3769 1284 3783 1296; x_wconf 87' lang='grc'><strong>·</strong></span> 
     </span>
    </p>
   </div>
   <div class='ocr_carea' id='block_1_28' title="bbox 2200 1343 3788 1432">
    <p class='ocr_par' dir='ltr' id='par_1_28' title="bbox 2200 1343 3788 1432">
     <span class='ocr_line' id='line_1_28' title="bbox 2200 1343 3788 1432; baseline -0.001 -18"><span class='ocrx_word' id='word_1_181' title='bbox 2200 1359 2361 1414; x_wconf 83' lang='grc' dir='ltr'>τοῦτο</span> <span class='ocrx_word' id='word_1_182' title='bbox 2384 1360 2496 1432; x_wconf 84' lang='grc' dir='ltr'><strong>γὰρ</strong></span> <span class='ocrx_word' id='word_1_183' title='bbox 2541 1343 2818 1430; x_wconf 73' lang='grc' dir='ltr'><strong>ἐσήμανεν</strong></span> <span class='ocrx_word' id='word_1_184' title='bbox 2859 1359 3118 1430; x_wconf 76' lang='grc' dir='ltr'>εἰρηκὼς,</span> <span class='ocrx_word' id='word_1_185' title='bbox 3173 1378 3192 1411; x_wconf 83' lang='grc' dir='ltr'><strong>ι</strong></span> <span class='ocrx_word' id='word_1_186' title='bbox 3220 1361 3332 1414; x_wconf 78' lang='grc' dir='ltr'><strong>Καὶ</strong></span> <span class='ocrx_word' id='word_1_187' title='bbox 3371 1361 3421 1412; x_wconf 83' lang='grc' dir='ltr'><strong>εί</strong></span> <span class='ocrx_word' id='word_1_188' title='bbox 3452 1358 3788 1430; x_wconf 80' lang='grc' dir='ltr'>ἁναδήσεται</span> 
     </span>
    </p>
   </div>
   <div class='ocr_carea' id='block_1_29' title="bbox 2200 1450 3089 1523">
    <p class='ocr_par' dir='ltr' id='par_1_29' title="bbox 2200 1450 3089 1523">
     <span class='ocr_line' id='line_1_29' title="bbox 2200 1450 3089 1523; baseline -0.006 -16"><span class='ocrx_word' id='word_1_189' title='bbox 2200 1453 2297 1508; x_wconf 73' lang='grc' dir='ltr'><strong>ἐπὶ</strong></span> <span class='ocrx_word' id='word_1_190' title='bbox 2325 1452 2388 1506; x_wconf 83' lang='grc' dir='ltr'>τὸ</span> <span class='ocrx_word' id='word_1_191' title='bbox 2416 1450 2636 1523; x_wconf 81' lang='grc' dir='ltr'>πνεῦμα</span> <span class='ocrx_word' id='word_1_192' title='bbox 2669 1451 2824 1522; x_wconf 83' lang='grc' dir='ltr'>ὑμῶν</span> <span class='ocrx_word' id='word_1_193' title='bbox 2854 1451 3036 1505; x_wconf 77' lang='grc' dir='ltr'>τοῦτο.</span> <span class='ocrx_word' id='word_1_194' title='bbox 3069 1469 3089 1502; x_wconf 84' lang='lat' dir='ltr'><strong>s</strong></span> 
     </span>
    </p>
   </div>
   <div class='ocr_carea' id='block_1_30' title="bbox 2272 1542 3787 1615">
    <p class='ocr_par' dir='ltr' id='par_1_30' title="bbox 2272 1542 3787 1615">
     <span class='ocr_line' id='line_1_30' title="bbox 2272 1542 3787 1615; baseline 0 -17"><span class='ocrx_word' id='word_1_195' title='bbox 2272 1543 2371 1615; x_wconf 70' lang='grc' dir='ltr'>λβν.</span> <span class='ocrx_word' id='word_1_196' title='bbox 2412 1545 2522 1600; x_wconf 74' lang='lat' dir='ltr'><strong>Kal</strong></span> <span class='ocrx_word' id='word_1_197' title='bbox 2551 1546 2664 1599; x_wconf 81' lang='grc' dir='ltr'><strong>οὐκ</strong></span> <span class='ocrx_word' id='word_1_198' title='bbox 2704 1543 2899 1608; x_wconf 67' lang='grc' dir='ltr'>ἔσται,</span> <span class='ocrx_word' id='word_1_199' title='bbox 2943 1542 3018 1597; x_wconf 76' lang='grc' dir='ltr'><strong>ὃν</strong></span> <span class='ocrx_word' id='word_1_200' title='bbox 3058 1543 3283 1612; x_wconf 72' lang='grc' dir='ltr'>τρόπον</span> <span class='ocrx_word' id='word_1_201' title='bbox 3338 1543 3511 1612; x_wconf 80' lang='grc' dir='ltr'>ὑμεῖς</span> <span class='ocrx_word' id='word_1_202' title='bbox 3560 1543 3787 1613; x_wconf 72' lang='grc' dir='ltr'>λέγετε,</span> 
     </span>
    </p>
   </div>
   <div class='ocr_carea' id='block_1_31' title="bbox 2214 1635 3786 1706">
    <p class='ocr_par' dir='ltr' id='par_1_31' title="bbox 2214 1635 3786 1706">
     <span class='ocr_line' id='line_1_31' title="bbox 2214 1635 3786 1706; baseline 0.004 -15"><span class='ocrx_word' id='word_1_203' title='bbox 2214 1637 2505 1706; x_wconf 80' lang='grc' dir='ltr'>Ἐσόμεθα</span> <span class='ocrx_word' id='word_1_204' title='bbox 2535 1637 2618 1702; x_wconf 86' lang='grc' dir='ltr'>ὡς</span> <span class='ocrx_word' id='word_1_205' title='bbox 2657 1635 2730 1690; x_wconf 82' lang='grc' dir='ltr'>τὰ</span> <span class='ocrx_word' id='word_1_206' title='bbox 2756 1635 2924 1703; x_wconf 76' lang='grc' dir='ltr'>ἔθνη,</span> <span class='ocrx_word' id='word_1_207' title='bbox 2953 1635 3052 1689; x_wconf 76' lang='grc' dir='ltr'><strong>καὶ</strong></span> <span class='ocrx_word' id='word_1_208' title='bbox 3083 1636 3162 1701; x_wconf 85' lang='grc' dir='ltr'>ὡς</span> <span class='ocrx_word' id='word_1_209' title='bbox 3193 1637 3253 1690; x_wconf 88' lang='lat' dir='ltr'><strong>al</strong></span> <span class='ocrx_word' id='word_1_210' title='bbox 3285 1636 3473 1706; x_wconf 70' lang='grc' dir='ltr'>φυλαί</span> <span class='ocrx_word' id='word_1_211' title='bbox 3507 1635 3618 1705; x_wconf 83' lang='grc' dir='ltr'>τῆς</span> <span class='ocrx_word' id='word_1_212' title='bbox 3648 1635 3786 1706; x_wconf 77' lang='grc' dir='ltr'><strong>τῆς.</strong></span> 
     </span>
    </p>
   </div>
   <div class='ocr_carea' id='block_1_32' title="bbox 2202 1728 3789 1801">
    <p class='ocr_par' dir='ltr' id='par_1_32' title="bbox 2202 1728 3789 1801">
     <span class='ocr_line' id='line_1_32' title="bbox 2202 1728 3789 1801; baseline 0 -18"><span class='ocrx_word' id='word_1_213' title='bbox 2202 1729 2310 1784; x_wconf 86' lang='grc' dir='ltr'>τοῦ</span> <span class='ocrx_word' id='word_1_214' title='bbox 2347 1730 2662 1797; x_wconf 71' lang='grc' dir='ltr'><strong>λατρεύειν</strong></span> <span class='ocrx_word' id='word_1_215' title='bbox 2696 1728 2908 1796; x_wconf 78' lang='grc' dir='ltr'>ξύλοις</span> <span class='ocrx_word' id='word_1_216' title='bbox 2943 1729 3044 1782; x_wconf 75' lang='grc' dir='ltr'>καί</span> <span class='ocrx_word' id='word_1_217' title='bbox 3076 1729 3290 1795; x_wconf 82' lang='grc' dir='ltr'>λίθοις.</span> <span class='ocrx_word' id='word_1_218' title='bbox 3331 1730 3409 1783; x_wconf 75' lang='lat' dir='ltr'><strong>Ob</strong></span> <span class='ocrx_word' id='word_1_219' title='bbox 3443 1729 3549 1801; x_wconf 79' lang='grc' dir='ltr'>μὴν</span> <span class='ocrx_word' id='word_1_220' title='bbox 3583 1730 3638 1783; x_wconf 80' lang='grc' dir='ltr'>δὲ</span> <span class='ocrx_word' id='word_1_221' title='bbox 3666 1729 3789 1784; x_wconf 68' lang='grc' dir='ltr'>οὐδὲ</span> 
     </span>
    </p>
   </div>
   <div class='ocr_carea' id='block_1_33' title="bbox 515 1797 2103 1892">
    <p class='ocr_par' dir='ltr' id='par_1_33' title="bbox 515 1797 2101 1884">
     <span class='ocr_line' id='line_1_33' title="bbox 515 1797 2101 1884; baseline 0.006 -17"><span class='ocrx_word' id='word_1_222' title='bbox 515 1816 638 1868; x_wconf 89' lang='lat' dir='ltr'><strong>dem</strong></span> <span class='ocrx_word' id='word_1_223' title='bbox 671 1830 700 1868; x_wconf 89' lang='lat' dir='ltr'><strong>a</strong></span> <span class='ocrx_word' id='word_1_224' title='bbox 736 1816 889 1870; x_wconf 84' lang='lat' dir='ltr'><strong>vobis</strong></span> <span class='ocrx_word' id='word_1_225' title='bbox 921 1816 987 1870; x_wconf 88' lang='lat' dir='ltr'><strong>ad</strong></span> <span class='ocrx_word' id='word_1_226' title='bbox 1034 1817 1243 1870; x_wconf 81' lang='lat' dir='ltr'><strong>exitum</strong></span> <span class='ocrx_word' id='word_1_227' title='bbox 1276 1817 1630 1884; x_wconf 83' lang='lat' dir='ltr'><strong>perducetur,</strong></span> <span class='ocrx_word' id='word_1_228' title='bbox 1681 1830 1742 1874; x_wconf 91' lang='lat' dir='ltr'><strong>ut</strong></span> <span class='ocrx_word' id='word_1_229' title='bbox 1801 1820 1948 1875; x_wconf 83' lang='lat' dir='ltr'><strong>sicut</strong></span> <span class='ocrx_word' id='word_1_230' title='bbox 1981 1797 2101 1876; x_wconf 71' lang='lat' dir='ltr'><strong>alia:</strong></span> 
     </span>
    </p>
   </div>
   <div class='ocr_carea' id='block_1_34' title="bbox 2205 1797 3791 1892">
    <p class='ocr_par' dir='ltr' id='par_1_34' title="bbox 2205 1797 3791 1892">
     <span class='ocr_line' id='line_1_34' title="bbox 2205 1797 3791 1892; baseline 0.003 -22"><span class='ocrx_word' id='word_1_231' title='bbox 2205 1819 2377 1871; x_wconf 78' lang='grc' dir='ltr'>ἐκεῖνο</span> <span class='ocrx_word' id='word_1_232' title='bbox 2409 1819 2561 1889; x_wconf 84' lang='grc' dir='ltr'>ὑμῶν</span> <span class='ocrx_word' id='word_1_233' title='bbox 2597 1820 2772 1890; x_wconf 82' lang='grc' dir='ltr'>πέρας</span> <span class='ocrx_word' id='word_1_234' title='bbox 2815 1818 3066 1890; x_wconf 78' lang='grc' dir='ltr'>λήψεται,</span> <span class='ocrx_word' id='word_1_235' title='bbox 3111 1819 3194 1872; x_wconf 80' lang='grc' dir='ltr'>ὅτι</span> <span class='ocrx_word' id='word_1_236' title='bbox 3229 1821 3361 1873; x_wconf 78' lang='grc' dir='ltr'>πᾶσι</span> <span class='ocrx_word' id='word_1_237' title='bbox 3392 1797 3791 1892; x_wconf 70' lang='grc' dir='ltr'>παραπλησίως</span> 
     </span>
    </p>
   </div>
   <div class='ocr_carea' id='block_1_35' title="bbox 515 1909 2100 1986">
    <p class='ocr_par' dir='ltr' id='par_1_35' title="bbox 515 1909 2100 1986">
     <span class='ocr_line' id='line_1_35' title="bbox 515 1909 2100 1986; baseline 0.008 -27"><span class='ocrx_word' id='word_1_238' title='bbox 515 1923 707 1963; x_wconf 81' lang='lat' dir='ltr'><strong>mnnes</strong></span> <span class='ocrx_word' id='word_1_239' title='bbox 734 1921 925 1978; x_wconf 80' lang='lat' dir='ltr'><strong>gentes</strong></span> <span class='ocrx_word' id='word_1_240' title='bbox 967 1909 1112 1979; x_wconf 88' lang='lat' dir='ltr'><strong>ligna</strong></span> <span class='ocrx_word' id='word_1_241' title='bbox 1143 1921 1196 1964; x_wconf 89' lang='lat' dir='ltr'><strong>et</strong></span> <span class='ocrx_word' id='word_1_242' title='bbox 1229 1911 1443 1980; x_wconf 78' lang='lat' dir='ltr'><strong>lapides</strong></span> <span class='ocrx_word' id='word_1_243' title='bbox 1484 1914 1619 1967; x_wconf 83' lang='lat' dir='ltr'><strong>deos</strong></span> <span class='ocrx_word' id='word_1_244' title='bbox 1653 1913 1925 1970; x_wconf 81' lang='lat' dir='ltr'><strong>facientes</strong></span> <span class='ocrx_word' id='word_1_245' title='bbox 1963 1915 2100 1986; x_wconf 87' lang='lat' dir='ltr'><strong>ipsis</strong></span> 
     </span>
    </p>
   </div>
   <div class='ocr_carea' id='block_1_36' title="bbox 516 1997 2142 2078">
    <p class='ocr_par' dir='ltr' id='par_1_36' title="bbox 516 1997 2142 2078">
     <span class='ocr_line' id='line_1_36' title="bbox 516 1997 2142 2078; baseline 0.009 -26"><span class='ocrx_word' id='word_1_246' title='bbox 516 1997 627 2054; x_wconf 85' lang='lat' dir='ltr'><strong>Deo</strong></span> <span class='ocrx_word' id='word_1_247' title='bbox 657 2002 993 2056; x_wconf 73' lang='lat' dir='ltr'><strong>conveniens</strong></span> <span class='ocrx_word' id='word_1_248' title='bbox 1033 2017 1234 2057; x_wconf 82' lang='lat' dir='ltr'><strong>munus</strong></span> <span class='ocrx_word' id='word_1_249' title='bbox 1275 2003 1542 2059; x_wconf 69' lang='lat' dir='ltr'><strong>offeratis.</strong></span> <span class='ocrx_word' id='word_1_250' title='bbox 1593 2003 1662 2058; x_wconf 86' lang='lat' dir='ltr'><strong>Et</strong></span> <span class='ocrx_word' id='word_1_251' title='bbox 1695 2006 1906 2062; x_wconf 88' lang='lat' dir='ltr'><strong>usitato</strong></span> <span class='ocrx_word' id='word_1_252' title='bbox 1945 2007 2142 2078; x_wconf 36' lang='lat' dir='ltr'><strong>jure?</strong></span> 
     </span>
    </p>
   </div>
   <div class='ocr_carea' id='block_1_37' title="bbox 510 2093 2098 2161">
    <p class='ocr_par' dir='ltr' id='par_1_37' title="bbox 510 2093 2098 2161">
     <span class='ocr_line' id='line_1_37' title="bbox 510 2093 2098 2161; baseline 0.006 -17"><span class='ocrx_word' id='word_1_253' title='bbox 510 2093 752 2161; x_wconf 83' lang='lat' dir='ltr'><strong>jurando</strong></span> <span class='ocrx_word' id='word_1_254' title='bbox 784 2109 977 2150; x_wconf 83' lang='lat' dir='ltr'><strong>rursus</strong></span> <span class='ocrx_word' id='word_1_255' title='bbox 1011 2110 1145 2149; x_wconf 88' lang='lat' dir='ltr'><strong>usus</strong></span> <span class='ocrx_word' id='word_1_256' title='bbox 1195 2103 1299 2150; x_wconf 80' lang='lat' dir='ltr'><strong>est.</strong></span> <span class='ocrx_word' id='word_1_257' title='bbox 1352 2095 1487 2149; x_wconf 90' lang='lat' dir='ltr'><strong>Nam</strong></span> <span class='ocrx_word' id='word_1_258' title='bbox 1528 2098 1829 2152; x_wconf 89' lang='lat' dir='ltr'><strong>secundum</strong></span> <span class='ocrx_word' id='word_1_259' title='bbox 1881 2099 2098 2154; x_wconf 85' lang='lat' dir='ltr'><strong>beatum</strong></span> 
     </span>
    </p>
   </div>
   <div class='ocr_carea' id='block_1_38' title="bbox 516 2183 2099 2260">
    <p class='ocr_par' dir='ltr' id='par_1_38' title="bbox 516 2183 2099 2260">
     <span class='ocr_line' id='line_1_38' title="bbox 516 2183 2099 2260; baseline 0.006 -24"><span class='ocrx_word' id='word_1_260' title='bbox 516 2183 842 2254; x_wconf 80' lang='lat' dir='ltr'><strong>Apostolum</strong></span> <span class='ocrx_word' id='word_1_261' title='bbox 870 2183 913 2247; x_wconf 84' lang='grc' dir='ltr'>ι,</span> <span class='ocrx_word' id='word_1_262' title='bbox 948 2201 1071 2240; x_wconf 89' lang='lat' dir='ltr'><strong>cum</strong></span> <span class='ocrx_word' id='word_1_263' title='bbox 1104 2187 1377 2241; x_wconf 86' lang='lat' dir='ltr'><strong>nominem</strong></span> <span class='ocrx_word' id='word_1_264' title='bbox 1405 2187 1602 2242; x_wconf 85' lang='lat' dir='ltr'><strong>habeat</strong></span> <span class='ocrx_word' id='word_1_265' title='bbox 1620 2203 1715 2258; x_wconf 90' lang='lat' dir='ltr'><strong>per</strong></span> <span class='ocrx_word' id='word_1_266' title='bbox 1741 2204 1902 2259; x_wconf 82' lang='lat' dir='ltr'><strong>quem</strong></span> <span class='ocrx_word' id='word_1_267' title='bbox 1930 2189 2099 2260; x_wconf 91' lang='lat' dir='ltr'><strong>juret,</strong></span> 
     </span>
    </p>
   </div>
   <div class='ocr_carea' id='block_1_39' title="bbox 515 2275 954 2344">
    <p class='ocr_par' dir='ltr' id='par_1_39' title="bbox 515 2275 954 2344">
     <span class='ocr_line' id='line_1_39' title="bbox 515 2275 954 2344; baseline 0.007 -15"><span class='ocrx_word' id='word_1_268' title='bbox 515 2275 803 2344; x_wconf 88' lang='lat' dir='ltr'><strong>majorem,</strong></span> <span class='ocrx_word' id='word_1_269' title='bbox 839 2279 914 2331; x_wconf 85' lang='lat' dir='ltr'><strong>ait</strong></span> <span class='ocrx_word' id='word_1_270' title='bbox 940 2296 954 2332; x_wconf 88' lang='lat'><strong>:</strong></span> 
     </span>
    </p>
   </div>
   <div class='ocr_carea' id='block_1_40' title="bbox 590 2367 2094 2441">
    <p class='ocr_par' dir='ltr' id='par_1_40' title="bbox 590 2367 2094 2441">
     <span class='ocr_line' id='line_1_40' title="bbox 590 2367 2094 2441; baseline 0.005 -20"><span class='ocrx_word' id='word_1_271' title='bbox 590 2367 756 2424; x_wconf 74' lang='lat' dir='ltr'><strong>Vens.</strong></span> <span class='ocrx_word' id='word_1_272' title='bbox 801 2369 891 2424; x_wconf 79' lang='lat'><strong>35.</strong></span> <span class='ocrx_word' id='word_1_273' title='bbox 935 2368 1247 2440; x_wconf 77' lang='lat' dir='ltr'><strong>Propterea,</strong></span> <span class='ocrx_word' id='word_1_274' title='bbox 1281 2371 1394 2425; x_wconf 81' lang='lat' dir='ltr'><strong>vivo</strong></span> <span class='ocrx_word' id='word_1_275' title='bbox 1422 2389 1537 2441; x_wconf 82' lang='lat' dir='ltr'><strong>ego,</strong></span> <span class='ocrx_word' id='word_1_276' title='bbox 1574 2371 1708 2427; x_wconf 87' lang='lat' dir='ltr'><strong>dicit</strong></span> <span class='ocrx_word' id='word_1_277' title='bbox 1743 2373 1955 2429; x_wconf 85' lang='lat' dir='ltr'><strong>Adouai</strong></span> <span class='ocrx_word' id='word_1_278' title='bbox 1989 2372 2094 2428; x_wconf 84' lang='lat' dir='ltr'><strong>Do-</strong></span> 
     </span>
    </p>
   </div>
   <div class='ocr_carea' id='block_1_41' title="bbox 514 2461 2102 2533">
    <p class='ocr_par' dir='ltr' id='par_1_41' title="bbox 514 2461 2102 2533">
     <span class='ocr_line' id='line_1_41' title="bbox 514 2461 2102 2533; baseline 0.001 -19"><span class='ocrx_word' id='word_1_279' title='bbox 514 2461 710 2524; x_wconf 83' lang='lat' dir='ltr'><strong>minus,</strong></span> <span class='ocrx_word' id='word_1_280' title='bbox 738 2461 784 2514; x_wconf 89' lang='lat' dir='ltr'><strong>si</strong></span> <span class='ocrx_word' id='word_1_281' title='bbox 817 2477 921 2514; x_wconf 85' lang='lat' dir='ltr'><strong>non</strong></span> <span class='ocrx_word' id='word_1_282' title='bbox 963 2477 1126 2514; x_wconf 83' lang='lat' dir='ltr'><strong>manu</strong></span> <span class='ocrx_word' id='word_1_283' title='bbox 1158 2462 1309 2531; x_wconf 75' lang='lat' dir='ltr'><strong>forti,</strong></span> <span class='ocrx_word' id='word_1_284' title='bbox 1341 2471 1392 2516; x_wconf 91' lang='lat' dir='ltr'><strong>et</strong></span> <span class='ocrx_word' id='word_1_285' title='bbox 1426 2462 1641 2518; x_wconf 76' lang='lat' dir='ltr'><strong>brachio</strong></span> <span class='ocrx_word' id='word_1_286' title='bbox 1671 2464 1897 2530; x_wconf 75' lang='lat' dir='ltr'><strong>excelso,</strong></span> <span class='ocrx_word' id='word_1_287' title='bbox 1934 2474 1984 2518; x_wconf 87' lang='lat' dir='ltr'><strong>et</strong></span> <span class='ocrx_word' id='word_1_288' title='bbox 2015 2464 2102 2533; x_wconf 75' lang='lat' dir='ltr'><strong>[u-</strong></span> 
     </span>
    </p>
   </div>
   <div class='ocr_carea' id='block_1_42' title="bbox 513 2551 2101 2625">
    <p class='ocr_par' dir='ltr' id='par_1_42' title="bbox 513 2551 2101 2625">
     <span class='ocr_line' id='line_1_42' title="bbox 513 2551 2101 2625; baseline 0.005 -23"><span class='ocrx_word' id='word_1_289' title='bbox 513 2567 634 2604; x_wconf 83' lang='lat' dir='ltr'><strong>rore</strong></span> <span class='ocrx_word' id='word_1_290' title='bbox 661 2551 831 2620; x_wconf 69' lang='lat' dir='ltr'><strong>effuso</strong></span> <span class='ocrx_word' id='word_1_291' title='bbox 880 2554 1110 2622; x_wconf 85' lang='lat' dir='ltr'><strong>regnabo</strong></span> <span class='ocrx_word' id='word_1_292' title='bbox 1148 2568 1305 2622; x_wconf 83' lang='lat' dir='ltr'><strong>super</strong></span> <span class='ocrx_word' id='word_1_293' title='bbox 1349 2571 1459 2608; x_wconf 80' lang='lat' dir='ltr'><strong>vos.</strong></span> <span class='ocrx_word' id='word_1_294' title='bbox 1510 2552 1628 2610; x_wconf 87' lang='lat' dir='ltr'><strong>Non</strong></span> <span class='ocrx_word' id='word_1_295' title='bbox 1679 2555 1916 2625; x_wconf 80' lang='lat' dir='ltr'><strong>amplius</strong></span> <span class='ocrx_word' id='word_1_296' title='bbox 1955 2556 2101 2610; x_wconf 87' lang='lat' dir='ltr'><strong>enim</strong></span> 
     </span>
    </p>
   </div>
   <div class='ocr_carea' id='block_1_43' title="bbox 514 2642 2104 2716">
    <p class='ocr_par' dir='ltr' id='par_1_43' title="bbox 514 2642 2104 2716">
     <span class='ocr_line' id='line_1_43' title="bbox 514 2642 2104 2716; baseline 0.004 -20"><span class='ocrx_word' id='word_1_297' title='bbox 514 2642 800 2706; x_wconf 87' lang='lat' dir='ltr'><strong>usitatam,</strong></span> <span class='ocrx_word' id='word_1_298' title='bbox 853 2642 1052 2713; x_wconf 86' lang='lat' dir='ltr'><strong>inquit,</strong></span> <span class='ocrx_word' id='word_1_299' title='bbox 1107 2644 1580 2716; x_wconf 85' lang='lat' dir='ltr'><strong>longanimitatem</strong></span> <span class='ocrx_word' id='word_1_300' title='bbox 1632 2645 1943 2711; x_wconf 87' lang='lat' dir='ltr'><strong>adhibebo,</strong></span> <span class='ocrx_word' id='word_1_301' title='bbox 2007 2645 2104 2702; x_wconf 87' lang='lat' dir='ltr'><strong>sed</strong></span> 
     </span>
    </p>
   </div>
   <div class='ocr_carea' id='block_1_44' title="bbox 514 2738 2106 2810">
    <p class='ocr_par' dir='ltr' id='par_1_44' title="bbox 514 2738 2106 2810">
     <span class='ocr_line' id='line_1_44' title="bbox 514 2738 2106 2810; baseline 0.003 -22"><span class='ocrx_word' id='word_1_302' title='bbox 514 2749 746 2803; x_wconf 84' lang='lat' dir='ltr'><strong>regnum</strong></span> <span class='ocrx_word' id='word_1_303' title='bbox 777 2750 960 2790; x_wconf 87' lang='lat' dir='ltr'><strong>meum</strong></span> <span class='ocrx_word' id='word_1_304' title='bbox 1005 2750 1296 2806; x_wconf 90' lang='lat' dir='ltr'><strong>meamque</strong></span> <span class='ocrx_word' id='word_1_305' title='bbox 1350 2745 1684 2809; x_wconf 82' lang='lat' dir='ltr'><strong>potestatem</strong></span> <span class='ocrx_word' id='word_1_306' title='bbox 1735 2755 1832 2810; x_wconf 87' lang='lat' dir='ltr'><strong>per</strong></span> <span class='ocrx_word' id='word_1_307' title='bbox 1866 2738 2106 2810; x_wconf 84' lang='lat' dir='ltr'><strong>castiga-</strong></span> 
     </span>
    </p>
   </div>
   <div class='ocr_carea' id='block_1_45' title="bbox 516 2824 2103 2899">
    <p class='ocr_par' dir='ltr' id='par_1_45' title="bbox 516 2824 2103 2899">
     <span class='ocr_line' id='line_1_45' title="bbox 516 2824 2103 2899; baseline 0.005 -21"><span class='ocrx_word' id='word_1_308' title='bbox 516 2824 724 2880; x_wconf 90' lang='lat' dir='ltr'><strong>tionem</strong></span> <span class='ocrx_word' id='word_1_309' title='bbox 758 2828 918 2896; x_wconf 88' lang='lat' dir='ltr'><strong>quasi</strong></span> <span class='ocrx_word' id='word_1_310' title='bbox 955 2827 1270 2884; x_wconf 89' lang='lat' dir='ltr'><strong>denudabo.</strong></span> <span class='ocrx_word' id='word_1_311' title='bbox 1300 2827 1436 2884; x_wconf 86' lang='lat' dir='ltr'><strong>Nam</strong></span> <span class='ocrx_word' id='word_1_312' title='bbox 1466 2843 1564 2899; x_wconf 91' lang='lat' dir='ltr'><strong>per</strong></span> <span class='ocrx_word' id='word_1_313' title='bbox 1593 2847 1613 2881; x_wconf 85' lang='grc' dir='ltr'><strong>ι</strong></span> <span class='ocrx_word' id='word_1_314' title='bbox 1649 2845 1874 2884; x_wconf 89' lang='lat' dir='ltr'><strong>manum</strong></span> <span class='ocrx_word' id='word_1_315' title='bbox 1907 2829 2103 2886; x_wconf 76' lang='lat' dir='ltr'><strong>fortem</strong></span> 
     </span>
    </p>
   </div>
   <div class='ocr_carea' id='block_1_46' title="bbox 515 2917 2106 2990">
    <p class='ocr_par' dir='ltr' id='par_1_46' title="bbox 515 2917 2106 2990">
     <span class='ocr_line' id='line_1_46' title="bbox 515 2917 2106 2990; baseline 0.003 -19"><span class='ocrx_word' id='word_1_316' title='bbox 515 2925 571 2971; x_wconf 90' lang='lat' dir='ltr'><strong>et</strong></span> <span class='ocrx_word' id='word_1_317' title='bbox 601 2917 886 2972; x_wconf 83' lang='lat' dir='ltr'><strong>brachium</strong></span> <span class='ocrx_word' id='word_1_318' title='bbox 929 2919 1237 2984; x_wconf 80' lang='lat' dir='ltr'><strong>excelsum,</strong></span> <span class='ocrx_word' id='word_1_319' title='bbox 1272 2939 1290 2970; x_wconf 74' lang='grc' dir='ltr'><strong>ι</strong></span> <span class='ocrx_word' id='word_1_320' title='bbox 1328 2926 1656 2990; x_wconf 83' lang='lat' dir='ltr'><strong>potestatem</strong></span> <span class='ocrx_word' id='word_1_321' title='bbox 1693 2919 1878 2988; x_wconf 81' lang='lat' dir='ltr'><strong>simul,</strong></span> <span class='ocrx_word' id='word_1_322' title='bbox 1903 2928 1959 2976; x_wconf 92' lang='lat' dir='ltr'><strong>et</strong></span> <span class='ocrx_word' id='word_1_323' title='bbox 1987 2921 2106 2976; x_wconf 87' lang='lat' dir='ltr'><strong>vin-</strong></span> 
     </span>
    </p>
   </div>
   <div class='ocr_carea' id='block_1_47' title="bbox 517 3007 2102 3070">
    <p class='ocr_par' dir='ltr' id='par_1_47' title="bbox 517 3007 2102 3070">
     <span class='ocr_line' id='line_1_47' title="bbox 517 3007 2102 3070; baseline 0.006 -9"><span class='ocrx_word' id='word_1_324' title='bbox 517 3007 737 3062; x_wconf 85' lang='lat' dir='ltr'><strong>dicandi</strong></span> <span class='ocrx_word' id='word_1_325' title='bbox 767 3009 1086 3066; x_wconf 81' lang='lat' dir='ltr'><strong>facultatem</strong></span> <span class='ocrx_word' id='word_1_326' title='bbox 1110 3011 1430 3067; x_wconf 89' lang='lat' dir='ltr'><strong>declaravit.</strong></span> <span class='ocrx_word' id='word_1_327' title='bbox 1458 3011 1666 3068; x_wconf 88' lang='lat' dir='ltr'><strong>Deinde</strong></span> <span class='ocrx_word' id='word_1_328' title='bbox 1689 3013 1855 3069; x_wconf 85' lang='lat' dir='ltr'><strong>etiam</strong></span> <span class='ocrx_word' id='word_1_329' title='bbox 1879 3012 2102 3070; x_wconf 88' lang='lat' dir='ltr'><strong>modum</strong></span> 
     </span>
    </p>
   </div>
   <div class='ocr_carea' id='block_1_48' title="bbox 519 3102 1117 3173">
    <p class='ocr_par' dir='ltr' id='par_1_48' title="bbox 519 3102 1117 3173">
     <span class='ocr_line' id='line_1_48' title="bbox 519 3102 1117 3173; baseline 0.002 -18"><span class='ocrx_word' id='word_1_330' title='bbox 519 3102 904 3173; x_wconf 78' lang='lat' dir='ltr'><strong>castigationis</strong></span> <span class='ocrx_word' id='word_1_331' title='bbox 935 3102 1117 3157; x_wconf 90' lang='lat' dir='ltr'><strong>docet.</strong></span> 
     </span>
    </p>
   </div>
   <div class='ocr_carea' id='block_1_49' title="bbox 595 3192 2100 3270">
    <p class='ocr_par' dir='ltr' id='par_1_49' title="bbox 595 3192 2100 3270">
     <span class='ocr_line' id='line_1_49' title="bbox 595 3192 2100 3270; baseline 0.005 -22"><span class='ocrx_word' id='word_1_332' title='bbox 595 3192 756 3250; x_wconf 70' lang='lat' dir='ltr'><strong>Vens.</strong></span> <span class='ocrx_word' id='word_1_333' title='bbox 789 3194 879 3248; x_wconf 74' lang='grc'><strong>54.</strong></span> <span class='ocrx_word' id='word_1_334' title='bbox 920 3193 989 3248; x_wconf 87' lang='lat' dir='ltr'><strong>Et</strong></span> <span class='ocrx_word' id='word_1_335' title='bbox 1023 3194 1248 3251; x_wconf 85' lang='lat' dir='ltr'><strong>educam</strong></span> <span class='ocrx_word' id='word_1_336' title='bbox 1287 3213 1374 3252; x_wconf 83' lang='lat' dir='ltr'><strong>vos</strong></span> <span class='ocrx_word' id='word_1_337' title='bbox 1408 3214 1436 3252; x_wconf 91' lang='lat' dir='ltr'><strong>e</strong></span> <span class='ocrx_word' id='word_1_338' title='bbox 1481 3198 1711 3267; x_wconf 82' lang='lat' dir='ltr'><strong>populis,</strong></span> <span class='ocrx_word' id='word_1_339' title='bbox 1748 3207 1798 3253; x_wconf 89' lang='lat' dir='ltr'><strong>et</strong></span> <span class='ocrx_word' id='word_1_340' title='bbox 1844 3201 2100 3270; x_wconf 80' lang='lat' dir='ltr'><strong>accipiam</strong></span> 
     </span>
    </p>
   </div>
   <div class='ocr_carea' id='block_1_50' title="bbox 518 3274 2099 3362">
    <p class='ocr_par' dir='ltr' id='par_1_50' title="bbox 518 3274 2099 3362">
     <span class='ocr_line' id='line_1_50' title="bbox 518 3274 2099 3362; baseline 0.003 -20"><span class='ocrx_word' id='word_1_341' title='bbox 518 3303 608 3343; x_wconf 68' lang='lat' dir='ltr'><strong>vos</strong></span> <span class='ocrx_word' id='word_1_342' title='bbox 659 3288 724 3341; x_wconf 90' lang='lat' dir='ltr'><strong>de</strong></span> <span class='ocrx_word' id='word_1_343' title='bbox 759 3274 1098 3359; x_wconf 81' lang='lat' dir='ltr'><strong>regionibus,</strong></span> <span class='ocrx_word' id='word_1_344' title='bbox 1151 3289 1206 3343; x_wconf 84' lang='lat' dir='ltr'><strong><em>in</em></strong></span> <span class='ocrx_word' id='word_1_345' title='bbox 1259 3291 1450 3359; x_wconf 87' lang='lat' dir='ltr'><strong>quibus</strong></span> <span class='ocrx_word' id='word_1_346' title='bbox 1512 3289 1845 3346; x_wconf 81' lang='lat' dir='ltr'><strong>disseminati</strong></span> <span class='ocrx_word' id='word_1_347' title='bbox 1897 3293 2099 3362; x_wconf 79' lang='lat' dir='ltr'><strong>fuistis,</strong></span> 
     </span>
    </p>
   </div>
   <div class='ocr_carea' id='block_1_51' title="bbox 518 3378 2100 3450">
    <p class='ocr_par' dir='ltr' id='par_1_51' title="bbox 518 3378 2100 3450">
     <span class='ocr_line' id='line_1_51' title="bbox 518 3378 2100 3450; baseline 0.004 -18"><span class='ocrx_word' id='word_1_348' title='bbox 518 3395 680 3434; x_wconf 83' lang='lat' dir='ltr'><strong>manu</strong></span> <span class='ocrx_word' id='word_1_349' title='bbox 710 3379 860 3449; x_wconf 78' lang='lat' dir='ltr'><strong>forti,</strong></span> <span class='ocrx_word' id='word_1_350' title='bbox 892 3389 946 3434; x_wconf 86' lang='lat' dir='ltr'><strong>et</strong></span> <span class='ocrx_word' id='word_1_351' title='bbox 981 3378 1199 3434; x_wconf 84' lang='lat' dir='ltr'><strong>brachio</strong></span> <span class='ocrx_word' id='word_1_352' title='bbox 1238 3381 1464 3444; x_wconf 72' lang='lat' dir='ltr'><strong>excelso,</strong></span> <span class='ocrx_word' id='word_1_353' title='bbox 1498 3391 1547 3436; x_wconf 85' lang='lat' dir='ltr'><strong>et</strong></span> <span class='ocrx_word' id='word_1_354' title='bbox 1599 3382 1780 3448; x_wconf 77' lang='lat' dir='ltr'><strong>furore</strong></span> <span class='ocrx_word' id='word_1_355' title='bbox 1827 3400 2100 3450; x_wconf 81' lang='lat' dir='ltr'><strong>succenso,</strong></span> 
     </span>
    </p>
   </div>
   <div class='ocr_carea' id='block_1_52' title="bbox 518 3469 2106 3548">
    <p class='ocr_par' dir='ltr' id='par_1_52' title="bbox 518 3469 2106 3548">
     <span class='ocr_line' id='line_1_52' title="bbox 518 3469 2106 3548; baseline 0.005 -24"><span class='ocrx_word' id='word_1_356' title='bbox 518 3469 764 3526; x_wconf 79' lang='lat' dir='ltr'><strong>Primum</strong></span> <span class='ocrx_word' id='word_1_357' title='bbox 799 3473 970 3535; x_wconf 88' lang='lat' dir='ltr'><strong>enim,</strong></span> <span class='ocrx_word' id='word_1_358' title='bbox 997 3473 1199 3542; x_wconf 88' lang='lat' dir='ltr'><strong>inquit,</strong></span> <span class='ocrx_word' id='word_1_359' title='bbox 1227 3472 1392 3544; x_wconf 72' lang='lat'><strong>833</strong></span> <span class='ocrx_word' id='word_1_360' title='bbox 1420 3489 1522 3529; x_wconf 87' lang='lat' dir='ltr'><strong>vos</strong></span> <span class='ocrx_word' id='word_1_361' title='bbox 1549 3489 1580 3528; x_wconf 89' lang='lat' dir='ltr'><strong>a</strong></span> <span class='ocrx_word' id='word_1_362' title='bbox 1613 3476 1947 3544; x_wconf 83' lang='lat' dir='ltr'><strong>captivitate,</strong></span> <span class='ocrx_word' id='word_1_363' title='bbox 1979 3493 2106 3548; x_wconf 73' lang='lat' dir='ltr'><strong>qua:</strong></span> 
     </span>
    </p>
   </div>
   <div class='ocr_carea' id='block_1_53' title="bbox 520 3563 2104 3636">
    <p class='ocr_par' dir='ltr' id='par_1_53' title="bbox 520 3563 2104 3636">
     <span class='ocr_line' id='line_1_53' title="bbox 520 3563 2104 3636; baseline 0.006 -19"><span class='ocrx_word' id='word_1_364' title='bbox 520 3579 669 3618; x_wconf 86' lang='lat' dir='ltr'><strong>nunc</strong></span> <span class='ocrx_word' id='word_1_365' title='bbox 705 3579 803 3617; x_wconf 83' lang='lat' dir='ltr'><strong>vos</strong></span> <span class='ocrx_word' id='word_1_366' title='bbox 839 3563 1071 3627; x_wconf 86' lang='lat' dir='ltr'><strong>detinet,</strong></span> <span class='ocrx_word' id='word_1_367' title='bbox 1114 3566 1168 3618; x_wconf 90' lang='lat' dir='ltr'><strong>in</strong></span> <span class='ocrx_word' id='word_1_368' title='bbox 1221 3565 1529 3621; x_wconf 89' lang='lat' dir='ltr'><strong>libertatem</strong></span> <span class='ocrx_word' id='word_1_369' title='bbox 1577 3567 1890 3636; x_wconf 83' lang='lat' dir='ltr'><strong>vindicabo,</strong></span> <span class='ocrx_word' id='word_1_370' title='bbox 1944 3578 2000 3626; x_wconf 91' lang='lat' dir='ltr'><strong>et</strong></span> <span class='ocrx_word' id='word_1_371' title='bbox 2047 3573 2104 3627; x_wconf 92' lang='lat' dir='ltr'><strong>in</strong></span> 
     </span>
    </p>
   </div>
   <div class='ocr_carea' id='block_1_54' title="bbox 519 3655 1363 3725">
    <p class='ocr_par' dir='ltr' id='par_1_54' title="bbox 519 3655 1363 3725">
     <span class='ocr_line' id='line_1_54' title="bbox 519 3655 1363 3725; baseline 0.007 -19"><span class='ocrx_word' id='word_1_372' title='bbox 519 3655 808 3725; x_wconf 74' lang='lat' dir='ltr'><strong>pristinam</strong></span> <span class='ocrx_word' id='word_1_373' title='bbox 846 3664 1046 3710; x_wconf 88' lang='lat' dir='ltr'><strong>terram</strong></span> <span class='ocrx_word' id='word_1_374' title='bbox 1080 3655 1363 3712; x_wconf 88' lang='lat' dir='ltr'><strong>reducam.</strong></span> 
     </span>
    </p>
   </div>
   <div class='ocr_carea' id='block_1_55' title="bbox 597 3746 2104 3809">
    <p class='ocr_par' dir='ltr' id='par_1_55' title="bbox 597 3746 2104 3809">
     <span class='ocr_line' id='line_1_55' title="bbox 597 3746 2104 3809; baseline 0.005 -9"><span class='ocrx_word' id='word_1_375' title='bbox 597 3746 756 3802; x_wconf 68' lang='lat' dir='ltr'><strong>Vsus.</strong></span> <span class='ocrx_word' id='word_1_376' title='bbox 789 3747 880 3809; x_wconf 77' lang='grc'><strong>55,</strong></span> <span class='ocrx_word' id='word_1_377' title='bbox 908 3747 998 3801; x_wconf 80' lang='grc'><strong>56.</strong></span> <span class='ocrx_word' id='word_1_378' title='bbox 1030 3747 1232 3803; x_wconf 84' lang='lat' dir='ltr'><strong>Deinde</strong></span> <span class='ocrx_word' id='word_1_379' title='bbox 1259 3749 1523 3804; x_wconf 80' lang='lat' dir='ltr'><strong>abducam</strong></span> <span class='ocrx_word' id='word_1_380' title='bbox 1553 3767 1643 3806; x_wconf 80' lang='lat' dir='ltr'><strong>vos</strong></span> <span class='ocrx_word' id='word_1_381' title='bbox 1675 3752 1732 3806; x_wconf 82' lang='lat' dir='ltr'><strong>in</strong></span> <span class='ocrx_word' id='word_1_382' title='bbox 1762 3752 2104 3808; x_wconf 74' lang='lat' dir='ltr'><strong>solitudinem</strong></span> 
     </span>
    </p>
   </div>
   <div class='ocr_carea' id='block_1_56' title="bbox 520 3839 2106 3912">
    <p class='ocr_par' dir='ltr' id='par_1_56' title="bbox 520 3839 2106 3912">
     <span class='ocr_line' id='line_1_56' title="bbox 520 3839 2106 3912; baseline 0.005 -19"><span class='ocrx_word' id='word_1_383' title='bbox 520 3839 873 3910; x_wconf 78' lang='lat' dir='ltr'><strong>populorum,</strong></span> <span class='ocrx_word' id='word_1_384' title='bbox 913 3842 1086 3910; x_wconf 82' lang='lat' dir='ltr'><strong>ibique</strong></span> <span class='ocrx_word' id='word_1_385' title='bbox 1112 3843 1322 3912; x_wconf 81' lang='lat' dir='ltr'><strong>judicio</strong></span> <span class='ocrx_word' id='word_1_386' title='bbox 1383 3842 1687 3912; x_wconf 84' lang='lat' dir='ltr'><strong>disceptabo</strong></span> <span class='ocrx_word' id='word_1_387' title='bbox 1734 3847 1995 3900; x_wconf 84' lang='lat' dir='ltr'><strong>vobiscum</strong></span> <span class='ocrx_word' id='word_1_388' title='bbox 2042 3849 2106 3902; x_wconf 85' lang='lat' dir='ltr'><strong>de</strong></span> 
     </span>
    </p>
   </div>
   <div class='ocr_carea' id='block_1_57' title="bbox 521 3931 2105 4009">
    <p class='ocr_par' dir='ltr' id='par_1_57' title="bbox 521 3931 2105 4009">
     <span class='ocr_line' id='line_1_57' title="bbox 521 3931 2105 4009; baseline 0.007 -25"><span class='ocrx_word' id='word_1_389' title='bbox 521 3931 658 4002; x_wconf 78' lang='lat' dir='ltr'><strong>[acie</strong></span> <span class='ocrx_word' id='word_1_390' title='bbox 692 3934 762 3985; x_wconf 91' lang='lat' dir='ltr'><strong>ad</strong></span> <span class='ocrx_word' id='word_1_391' title='bbox 809 3933 1025 4003; x_wconf 70' lang='lat' dir='ltr'><strong>ladem.</strong></span> <span class='ocrx_word' id='word_1_392' title='bbox 1064 3933 1528 4000; x_wconf 84' lang='lat' dir='ltr'><strong>Quemadmodum</strong></span> <span class='ocrx_word' id='word_1_393' title='bbox 1566 3937 1772 4006; x_wconf 87' lang='lat' dir='ltr'><strong>judicio</strong></span> <span class='ocrx_word' id='word_1_394' title='bbox 1811 3939 2105 4009; x_wconf 77' lang='lat' dir='ltr'><strong>disceptaui</strong></span> 
     </span>
    </p>
   </div>
   <div class='ocr_carea' id='block_1_58' title="bbox 521 4023 2107 4100">
    <p class='ocr_par' dir='ltr' id='par_1_58' title="bbox 521 4023 2107 4100">
     <span class='ocr_line' id='line_1_58' title="bbox 521 4023 2107 4100; baseline 0.006 -24"><span class='ocrx_word' id='word_1_395' title='bbox 521 4039 641 4076; x_wconf 88' lang='lat' dir='ltr'><strong>cum</strong></span> <span class='ocrx_word' id='word_1_396' title='bbox 669 4023 911 4094; x_wconf 83' lang='lat' dir='ltr'><strong>patribus</strong></span> <span class='ocrx_word' id='word_1_397' title='bbox 940 4027 1128 4080; x_wconf 81' lang='lat' dir='ltr'><strong>vestris</strong></span> <span class='ocrx_word' id='word_1_398' title='bbox 1159 4027 1214 4079; x_wconf 88' lang='lat' dir='ltr'><strong><em>in</em></strong></span> <span class='ocrx_word' id='word_1_399' title='bbox 1241 4027 1535 4083; x_wconf 86' lang='lat' dir='ltr'><strong>solitudine</strong></span> <span class='ocrx_word' id='word_1_400' title='bbox 1559 4026 1805 4100; x_wconf 63' lang='lat' dir='ltr'><strong>Egypli,</strong></span> <span class='ocrx_word' id='word_1_401' title='bbox 1845 4031 1924 4084; x_wconf 87' lang='lat' dir='ltr'><strong>ita</strong></span> <span class='ocrx_word' id='word_1_402' title='bbox 1952 4031 2107 4100; x_wconf 88' lang='lat' dir='ltr'><strong>judi-</strong></span> 
     </span>
    </p>
   </div>
   <div class='ocr_carea' id='block_1_59' title="bbox 519 4117 2103 4179">
    <p class='ocr_par' dir='ltr' id='par_1_59' title="bbox 519 4117 2103 4179">
     <span class='ocr_line' id='line_1_59' title="bbox 519 4117 2103 4179; baseline 0.005 -8"><span class='ocrx_word' id='word_1_403' title='bbox 519 4117 650 4171; x_wconf 84' lang='lat' dir='ltr'><strong>cabo</strong></span> <span class='ocrx_word' id='word_1_404' title='bbox 679 4134 790 4179; x_wconf 81' lang='lat' dir='ltr'><strong>vos,</strong></span> <span class='ocrx_word' id='word_1_405' title='bbox 817 4117 947 4172; x_wconf 86' lang='lat' dir='ltr'><strong>dicit</strong></span> <span class='ocrx_word' id='word_1_406' title='bbox 976 4118 1188 4173; x_wconf 84' lang='lat' dir='ltr'><strong>Adonai</strong></span> <span class='ocrx_word' id='word_1_407' title='bbox 1211 4117 1493 4174; x_wconf 85' lang='lat' dir='ltr'><strong>Dominus.</strong></span> <span class='ocrx_word' id='word_1_408' title='bbox 1518 4150 1587 4160; x_wconf 92' lang='lat'><strong>—-</strong></span> <span class='ocrx_word' id='word_1_409' title='bbox 1616 4120 1895 4176; x_wconf 82' lang='lat' dir='ltr'><strong>Desertum</strong></span> <span class='ocrx_word' id='word_1_410' title='bbox 1921 4131 2103 4178; x_wconf 89' lang='lat' dir='ltr'><strong>autem</strong></span> 
     </span>
    </p>
   </div>
   <div class='ocr_carea' id='block_1_60' title="bbox 519 4208 2107 4278">
    <p class='ocr_par' dir='ltr' id='par_1_60' title="bbox 519 4208 2107 4278">
     <span class='ocr_line' id='line_1_60' title="bbox 519 4208 2107 4278; baseline 0.003 -17"><span class='ocrx_word' id='word_1_411' title='bbox 519 4208 831 4276; x_wconf 84' lang='lat' dir='ltr'><strong>populorum</strong></span> <span class='ocrx_word' id='word_1_412' title='bbox 862 4219 1022 4262; x_wconf 87' lang='lat' dir='ltr'><strong>vocat</strong></span> <span class='ocrx_word' id='word_1_413' title='bbox 1059 4217 1251 4278; x_wconf 76' lang='lat' dir='ltr'><strong>gentes</strong></span> <span class='ocrx_word' id='word_1_414' title='bbox 1281 4210 1416 4265; x_wconf 85' lang='lat' dir='ltr'><strong>olim</strong></span> <span class='ocrx_word' id='word_1_415' title='bbox 1447 4225 1478 4264; x_wconf 89' lang='lat' dir='ltr'><strong>a</strong></span> <span class='ocrx_word' id='word_1_416' title='bbox 1522 4209 1635 4267; x_wconf 89' lang='lat' dir='ltr'><strong>Deo</strong></span> <span class='ocrx_word' id='word_1_417' title='bbox 1666 4210 2001 4268; x_wconf 81' lang='lat' dir='ltr'><strong>destitutas:</strong></span> <span class='ocrx_word' id='word_1_418' title='bbox 2051 4221 2107 4268; x_wconf 88' lang='lat' dir='ltr'><strong>et</strong></span> 
     </span>
    </p>
   </div>
   <div class='ocr_carea' id='block_1_61' title="bbox 519 4300 2105 4374">
    <p class='ocr_par' dir='ltr' id='par_1_61' title="bbox 519 4300 2105 4374">
     <span class='ocr_line' id='line_1_61' title="bbox 519 4300 2105 4374; baseline 0.005 -20"><span class='ocrx_word' id='word_1_419' title='bbox 519 4317 619 4372; x_wconf 84' lang='lat' dir='ltr'><strong>per</strong></span> <span class='ocrx_word' id='word_1_420' title='bbox 649 4301 753 4356; x_wconf 86' lang='lat' dir='ltr'><strong>hoc</strong></span> <span class='ocrx_word' id='word_1_421' title='bbox 797 4300 1269 4372; x_wconf 71' lang='lat' dir='ltr'><strong>praesigniﬁcavit,</strong></span> <span class='ocrx_word' id='word_1_422' title='bbox 1314 4303 1432 4358; x_wconf 82' lang='lat' dir='ltr'><strong>fore</strong></span> <span class='ocrx_word' id='word_1_423' title='bbox 1463 4311 1525 4356; x_wconf 92' lang='lat' dir='ltr'><strong>ut</strong></span> <span class='ocrx_word' id='word_1_424' title='bbox 1573 4304 1782 4373; x_wconf 83' lang='lat' dir='ltr'><strong>pietate</strong></span> <span class='ocrx_word' id='word_1_425' title='bbox 1824 4305 1878 4358; x_wconf 92' lang='lat' dir='ltr'><strong>in</strong></span> <span class='ocrx_word' id='word_1_426' title='bbox 1915 4314 2105 4374; x_wconf 83' lang='lat' dir='ltr'><strong>gentes</strong></span> 
     </span>
    </p>
   </div>
   <div class='ocr_carea' id='block_1_62' title="bbox 522 4393 2107 4463">
    <p class='ocr_par' dir='ltr' id='par_1_62' title="bbox 522 4393 2107 4463">
     <span class='ocr_line' id='line_1_62' title="bbox 522 4393 2107 4463; baseline 0.003 -15"><span class='ocrx_word' id='word_1_427' title='bbox 522 4395 837 4449; x_wconf 88' lang='lat' dir='ltr'><strong>introducta</strong></span> <span class='ocrx_word' id='word_1_428' title='bbox 894 4393 986 4448; x_wconf 89' lang='lat' dir='ltr'><strong>isti</strong></span> <span class='ocrx_word' id='word_1_429' title='bbox 1025 4408 1248 4463; x_wconf 90' lang='lat' dir='ltr'><strong>quoque</strong></span> <span class='ocrx_word' id='word_1_430' title='bbox 1295 4394 1366 4448; x_wconf 90' lang='lat' dir='ltr'><strong>ab</strong></span> <span class='ocrx_word' id='word_1_431' title='bbox 1419 4393 1692 4449; x_wconf 90' lang='lat' dir='ltr'><strong>idolorum</strong></span> <span class='ocrx_word' id='word_1_432' title='bbox 1736 4396 1888 4452; x_wconf 86' lang='lat' dir='ltr'><strong>cultu</strong></span> <span class='ocrx_word' id='word_1_433' title='bbox 1924 4398 2107 4454; x_wconf 85' lang='lat' dir='ltr'><strong>desci-</strong></span> 
     </span>
    </p>
   </div>
   <div class='ocr_carea' id='block_1_63' title="bbox 521 4475 2180 4556">
    <p class='ocr_par' dir='ltr' id='par_1_63' title="bbox 521 4475 2180 4556">
     <span class='ocr_line' id='line_1_63' title="bbox 521 4475 2180 4556; baseline 0.002 -16"><span class='ocrx_word' id='word_1_434' title='bbox 521 4493 701 4548; x_wconf 85' lang='lat' dir='ltr'><strong>scant,</strong></span> <span class='ocrx_word' id='word_1_435' title='bbox 735 4486 807 4540; x_wconf 93' lang='lat' dir='ltr'><strong>ob</strong></span> <span class='ocrx_word' id='word_1_436' title='bbox 849 4485 1120 4556; x_wconf 83' lang='lat' dir='ltr'><strong>gentium,</strong></span> <span class='ocrx_word' id='word_1_437' title='bbox 1177 4499 1302 4554; x_wconf 67' lang='lat' dir='ltr'><strong>quae</strong></span> <span class='ocrx_word' id='word_1_438' title='bbox 1334 4484 1516 4555; x_wconf 69' lang='lat' dir='ltr'><strong>impia:</strong></span> <span class='ocrx_word' id='word_1_439' title='bbox 1558 4485 1688 4540; x_wconf 89' lang='lat' dir='ltr'><strong>olim</strong></span> <span class='ocrx_word' id='word_1_440' title='bbox 1724 4485 1968 4555; x_wconf 81' lang='lat' dir='ltr'><strong>fuerant,</strong></span> <span class='ocrx_word' id='word_1_441' title='bbox 1998 4488 2102 4542; x_wconf 91' lang='lat' dir='ltr'><strong>im-</strong></span> <span class='ocrx_word' id='word_1_442' title='bbox 2133 4475 2180 4531; x_wconf 80' lang='grc' dir='ltr'><strong>Ι)</strong></span> 
     </span>
    </p>
   </div>
   <div class='ocr_carea' id='block_1_64' title="bbox 521 4573 2102 4650">
    <p class='ocr_par' dir='ltr' id='par_1_64' title="bbox 521 4573 2102 4650">
     <span class='ocr_line' id='line_1_64' title="bbox 521 4573 2102 4650; baseline 0.002 -18"><span class='ocrx_word' id='word_1_443' title='bbox 521 4577 886 4632; x_wconf 86' lang='lat' dir='ltr'><strong>mutationem</strong></span> <span class='ocrx_word' id='word_1_444' title='bbox 912 4575 1324 4630; x_wconf 85' lang='lat' dir='ltr'><strong>erubescentes.</strong></span> <span class='ocrx_word' id='word_1_445' title='bbox 1365 4573 1506 4630; x_wconf 82' lang='lat' dir='ltr'><strong>Illud</strong></span> <span class='ocrx_word' id='word_1_446' title='bbox 1547 4586 1756 4643; x_wconf 88' lang='lat' dir='ltr'><strong>autem,</strong></span> <span class='ocrx_word' id='word_1_447' title='bbox 1811 4597 1831 4632; x_wconf 83' lang='grc' dir='ltr'><strong>ι</strong></span> <span class='ocrx_word' id='word_1_448' title='bbox 1885 4580 2102 4650; x_wconf 86' lang='lat' dir='ltr'><strong>judicio</strong></span> 
     </span>
    </p>
   </div>
   <div class='ocr_carea' id='block_1_65' title="bbox 521 4665 2101 4745">
    <p class='ocr_par' dir='ltr' id='par_1_65' title="bbox 521 4665 2101 4745">
     <span class='ocr_line' id='line_1_65' title="bbox 521 4665 2101 4745; baseline 0.004 -21"><span class='ocrx_word' id='word_1_449' title='bbox 521 4669 846 4741; x_wconf 74' lang='lat' dir='ltr'><strong>disceptabo</strong></span> <span class='ocrx_word' id='word_1_450' title='bbox 889 4667 1172 4723; x_wconf 84' lang='lat' dir='ltr'><strong>vobiscum</strong></span> <span class='ocrx_word' id='word_1_451' title='bbox 1205 4666 1275 4722; x_wconf 88' lang='lat' dir='ltr'><strong>de</strong></span> <span class='ocrx_word' id='word_1_452' title='bbox 1306 4665 1446 4723; x_wconf 80' lang='lat' dir='ltr'><strong>facie</strong></span> <span class='ocrx_word' id='word_1_453' title='bbox 1482 4669 1551 4724; x_wconf 90' lang='lat' dir='ltr'><strong>ad</strong></span> <span class='ocrx_word' id='word_1_454' title='bbox 1601 4670 1819 4740; x_wconf 81' lang='lat' dir='ltr'><strong>faciem,</strong></span> <span class='ocrx_word' id='word_1_455' title='bbox 1857 4692 1876 4725; x_wconf 71' lang='grc' dir='ltr'><strong>ι</strong></span> <span class='ocrx_word' id='word_1_456' title='bbox 1913 4689 2101 4745; x_wconf 83' lang='lat' dir='ltr'><strong>repre-</strong></span> 
     </span>
    </p>
   </div>
   <div class='ocr_carea' id='block_1_66' title="bbox 519 4759 2100 4834">
    <p class='ocr_par' dir='ltr' id='par_1_66' title="bbox 519 4759 2100 4834">
     <span class='ocr_line' id='line_1_66' title="bbox 519 4759 2100 4834; baseline 0.003 -18"><span class='ocrx_word' id='word_1_457' title='bbox 519 4763 843 4818; x_wconf 88' lang='lat' dir='ltr'><strong>hensionem</strong></span> <span class='ocrx_word' id='word_1_458' title='bbox 879 4761 1026 4816; x_wconf 88' lang='lat' dir='ltr'><strong>illam</strong></span> <span class='ocrx_word' id='word_1_459' title='bbox 1051 4759 1315 4827; x_wconf 84' lang='lat' dir='ltr'><strong>declarat,</strong></span> <span class='ocrx_word' id='word_1_460' title='bbox 1342 4774 1464 4830; x_wconf 66' lang='lat' dir='ltr'><strong>quae</strong></span> <span class='ocrx_word' id='word_1_461' title='bbox 1494 4761 1660 4818; x_wconf 83' lang='lat' dir='ltr'><strong>rebus</strong></span> <span class='ocrx_word' id='word_1_462' title='bbox 1691 4764 1770 4816; x_wconf 86' lang='lat' dir='ltr'><strong>lit.</strong></span> <span class='ocrx_word' id='word_1_463' title='bbox 1802 4761 1938 4834; x_wconf 69' lang='lat' dir='ltr'><strong>Ipsa:</strong></span> <span class='ocrx_word' id='word_1_464' title='bbox 1955 4765 2100 4820; x_wconf 82' lang='lat' dir='ltr'><strong>enim</strong></span> 
     </span>
    </p>
   </div>
   <div class='ocr_carea' id='block_1_67' title="bbox 519 4851 2100 4923">
    <p class='ocr_par' dir='ltr' id='par_1_67' title="bbox 519 4851 2100 4923">
     <span class='ocr_line' id='line_1_67' title="bbox 519 4851 2100 4923; baseline 0.002 -15"><span class='ocrx_word' id='word_1_465' title='bbox 519 4870 628 4914; x_wconf 83' lang='lat' dir='ltr'><strong>res.</strong></span> <span class='ocrx_word' id='word_1_466' title='bbox 659 4854 857 4923; x_wconf 83' lang='lat' dir='ltr'><strong>inquit,</strong></span> <span class='ocrx_word' id='word_1_467' title='bbox 887 4860 1102 4908; x_wconf 86' lang='lat' dir='ltr'><strong>tantum</strong></span> <span class='ocrx_word' id='word_1_468' title='bbox 1139 4866 1250 4907; x_wconf 88' lang='lat' dir='ltr'><strong>non</strong></span> <span class='ocrx_word' id='word_1_469' title='bbox 1290 4851 1630 4919; x_wconf 86' lang='lat' dir='ltr'><strong>clamantes,</strong></span> <span class='ocrx_word' id='word_1_470' title='bbox 1681 4863 1922 4911; x_wconf 83' lang='lat' dir='ltr'><strong>vestram</strong></span> <span class='ocrx_word' id='word_1_471' title='bbox 1963 4871 2100 4912; x_wconf 84' lang='lat' dir='ltr'><strong>con-</strong></span> 
     </span>
    </p>
   </div>
   <div class='ocr_carea' id='block_1_68' title="bbox 520 4943 2099 5020">
    <p class='ocr_par' dir='ltr' id='par_1_68' title="bbox 520 4943 2099 5020">
     <span class='ocr_line' id='line_1_68' title="bbox 520 4943 2099 5020; baseline 0.004 -24"><span class='ocrx_word' id='word_1_472' title='bbox 520 4955 793 4998; x_wconf 81' lang='lat' dir='ltr'><strong>tnmacem</strong></span> <span class='ocrx_word' id='word_1_473' title='bbox 823 4953 879 4998; x_wconf 91' lang='lat' dir='ltr'><strong>et</strong></span> <span class='ocrx_word' id='word_1_474' title='bbox 908 4945 1156 5014; x_wconf 85' lang='lat' dir='ltr'><strong>iniquam</strong></span> <span class='ocrx_word' id='word_1_475' title='bbox 1185 4950 1421 4998; x_wconf 87' lang='lat' dir='ltr'><strong>mentem</strong></span> <span class='ocrx_word' id='word_1_476' title='bbox 1465 4943 1828 5014; x_wconf 81' lang='lat' dir='ltr'><strong>redarguunt.</strong></span> <span class='ocrx_word' id='word_1_477' title='bbox 1868 4949 2099 5020; x_wconf 48' lang='lat' dir='ltr'><strong>populo.</strong></span> 
     </span>
    </p>
   </div>
   <div class='ocr_carea' id='block_1_69' title="bbox 523 5035 2102 5111">
    <p class='ocr_par' dir='ltr' id='par_1_69' title="bbox 523 5035 2102 5111">
     <span class='ocr_line' id='line_1_69' title="bbox 523 5035 2102 5111; baseline 0.007 -26"><span class='ocrx_word' id='word_1_478' title='bbox 523 5048 644 5086; x_wconf 83' lang='lat' dir='ltr'><strong>rum</strong></span> <span class='ocrx_word' id='word_1_479' title='bbox 713 5035 1019 5105; x_wconf 85' lang='lat' dir='ltr'><strong>antiquitus</strong></span> <span class='ocrx_word' id='word_1_480' title='bbox 1068 5035 1460 5092; x_wconf 88' lang='lat' dir='ltr'><strong>destitutorum</strong></span> <span class='ocrx_word' id='word_1_481' title='bbox 1493 5038 1509 5056; x_wconf 80' lang='lat'>&#39;</span> <span class='ocrx_word' id='word_1_482' title='bbox 1564 5037 1936 5095; x_wconf 86' lang='lat' dir='ltr'><strong>obedientiam</strong></span> <span class='ocrx_word' id='word_1_483' title='bbox 1989 5057 2102 5111; x_wconf 63' lang='lat' dir='ltr'><strong>pra:</strong></span> 
     </span>
    </p>
   </div>
   <div class='ocr_carea' id='block_1_70' title="bbox 531 5120 2101 5194">
    <p class='ocr_par' dir='ltr' id='par_1_70' title="bbox 531 5120 2101 5194">
     <span class='ocr_line' id='line_1_70' title="bbox 531 5120 2101 5194; baseline 0.008 -21"><span class='ocrx_word' id='word_1_484' title='bbox 531 5120 881 5178; x_wconf 68' lang='lat' dir='ltr'><strong>seferentes.</strong></span> <span class='ocrx_word' id='word_1_485' title='bbox 948 5122 1038 5179; x_wconf 83' lang='lat' dir='ltr'><strong>Sic</strong></span> <span class='ocrx_word' id='word_1_486' title='bbox 1068 5125 1241 5194; x_wconf 88' lang='lat' dir='ltr'><strong>igitur</strong></span> <span class='ocrx_word' id='word_1_487' title='bbox 1299 5139 1425 5178; x_wconf 73' lang='lat' dir='ltr'><strong>cum</strong></span> <span class='ocrx_word' id='word_1_488' title='bbox 1484 5126 1739 5194; x_wconf 80' lang='lat' dir='ltr'><strong>patribus</strong></span> <span class='ocrx_word' id='word_1_489' title='bbox 1795 5130 1994 5185; x_wconf 85' lang='lat' dir='ltr'><strong>vestris</strong></span> <span class='ocrx_word' id='word_1_490' title='bbox 2045 5131 2101 5185; x_wconf 87' lang='lat' dir='ltr'><strong>in</strong></span> 
     </span>
    </p>
   </div>
   <div class='ocr_carea' id='block_1_71' title="bbox 522 5213 2098 5292">
    <p class='ocr_par' dir='ltr' id='par_1_71' title="bbox 522 5213 2098 5292">
     <span class='ocr_line' id='line_1_71' title="bbox 522 5213 2098 5292; baseline 0.005 -24"><span class='ocrx_word' id='word_1_491' title='bbox 522 5213 826 5269; x_wconf 81' lang='lat' dir='ltr'><strong>solitudine</strong></span> <span class='ocrx_word' id='word_1_492' title='bbox 845 5215 1056 5286; x_wconf 85' lang='lat' dir='ltr'><strong>judicio</strong></span> <span class='ocrx_word' id='word_1_493' title='bbox 1079 5218 1416 5288; x_wconf 87' lang='lat' dir='ltr'><strong>disceptans,</strong></span> <span class='ocrx_word' id='word_1_494' title='bbox 1443 5217 1696 5274; x_wconf 77' lang='lat' dir='ltr'><strong>funditus</strong></span> <span class='ocrx_word' id='word_1_495' title='bbox 1724 5235 1820 5276; x_wconf 89' lang='lat' dir='ltr'><strong>eos</strong></span> <span class='ocrx_word' id='word_1_496' title='bbox 1850 5221 2098 5292; x_wconf 89' lang='lat' dir='ltr'><strong>perdidi:</strong></span> 
     </span>
    </p>
   </div>
   <div class='ocr_carea' id='block_1_72' title="bbox 599 5370 1055 5439">
    <p class='ocr_par' dir='ltr' id='par_1_72' title="bbox 599 5370 1055 5439">
     <span class='ocr_line' id='line_1_72' title="bbox 599 5370 1055 5439; baseline -0.004 -12"><span class='ocrx_word' id='word_1_497' title='bbox 599 5370 616 5411; x_wconf 85' lang='grc'><strong>¹</strong></span> <span class='ocrx_word' id='word_1_498' title='bbox 652 5370 818 5428; x_wconf 84' lang='lat' dir='ltr'><strong>Hebr.</strong></span> <span class='ocrx_word' id='word_1_499' title='bbox 851 5388 927 5439; x_wconf 76' lang='lat' dir='ltr'><strong>v1,</strong></span> <span class='ocrx_word' id='word_1_500' title='bbox 967 5373 1055 5426; x_wconf 69' lang='lat'><strong>13.</strong></span> 
     </span>
    </p>
   </div>
   <div class='ocr_carea' id='block_1_73' title="bbox 2200 1908 3791 1983">
    <p class='ocr_par' dir='ltr' id='par_1_73' title="bbox 2200 1908 3791 1983">
     <span class='ocr_line' id='line_1_73' title="bbox 2200 1908 3791 1983; baseline 0.001 -20"><span class='ocrx_word' id='word_1_501' title='bbox 2200 1912 2313 1972; x_wconf 82' lang='grc' dir='ltr'>τοῖς</span> <span class='ocrx_word' id='word_1_502' title='bbox 2338 1908 2515 1963; x_wconf 70' lang='grc' dir='ltr'>ἔθνεσι</span> <span class='ocrx_word' id='word_1_503' title='bbox 2541 1911 2612 1965; x_wconf 84' lang='grc' dir='ltr'><strong>τὰ</strong></span> <span class='ocrx_word' id='word_1_504' title='bbox 2637 1909 2770 1975; x_wconf 85' lang='grc' dir='ltr'>ξύλα</span> <span class='ocrx_word' id='word_1_505' title='bbox 2797 1911 2892 1964; x_wconf 77' lang='grc' dir='ltr'><strong>καὶ</strong></span> <span class='ocrx_word' id='word_1_506' title='bbox 2921 1911 3048 1974; x_wconf 83' lang='grc' dir='ltr'>τοὺς</span> <span class='ocrx_word' id='word_1_507' title='bbox 3073 1911 3252 1975; x_wconf 82' lang='grc' dir='ltr'>λίθους</span> <span class='ocrx_word' id='word_1_508' title='bbox 3286 1911 3678 1976; x_wconf 82' lang='grc' dir='ltr'>θεοποιόῦντες,</span> <span class='ocrx_word' id='word_1_509' title='bbox 3711 1912 3791 1983; x_wconf 81' lang='grc' dir='ltr'>τῷ</span> 
     </span>
    </p>
   </div>
   <div class='ocr_carea' id='block_1_74' title="bbox 2202 2002 3792 2076">
    <p class='ocr_par' dir='ltr' id='par_1_74' title="bbox 2202 2002 3792 2076">
     <span class='ocr_line' id='line_1_74' title="bbox 2202 2002 3792 2076; baseline 0.002 -20"><span class='ocrx_word' id='word_1_510' title='bbox 2202 2002 2322 2073; x_wconf 87' lang='grc' dir='ltr'><strong>Θεῷ</strong></span> <span class='ocrx_word' id='word_1_511' title='bbox 2372 2002 2583 2072; x_wconf 82' lang='grc' dir='ltr'>πρέπον</span> <span class='ocrx_word' id='word_1_512' title='bbox 2648 2003 2833 2066; x_wconf 83' lang='grc' dir='ltr'>αὐτοῖς</span> <span class='ocrx_word' id='word_1_513' title='bbox 2891 2003 3214 2074; x_wconf 87' lang='grc' dir='ltr'>προσοίσετε</span> <span class='ocrx_word' id='word_1_514' title='bbox 3263 2003 3452 2074; x_wconf 82' lang='grc' dir='ltr'><strong>γέρας.</strong></span> <span class='ocrx_word' id='word_1_515' title='bbox 3510 2005 3792 2076; x_wconf 79' lang='grc' dir='ltr'>Κέχρηται</span> 
     </span>
    </p>
   </div>
   <div class='ocr_carea' id='block_1_75' title="bbox 2203 2092 3791 2165">
    <p class='ocr_par' dir='ltr' id='par_1_75' title="bbox 2203 2092 3791 2165">
     <span class='ocr_line' id='line_1_75' title="bbox 2203 2092 3791 2165; baseline -0.001 -18"><span class='ocrx_word' id='word_1_516' title='bbox 2203 2094 2368 2149; x_wconf 80' lang='grc' dir='ltr'>πάλιν</span> <span class='ocrx_word' id='word_1_517' title='bbox 2398 2094 2444 2129; x_wconf 66' lang='grc' dir='ltr'><strong>ιδ</strong></span> <span class='ocrx_word' id='word_1_518' title='bbox 2482 2093 2563 2164; x_wconf 81' lang='grc' dir='ltr'>τῷ</span> <span class='ocrx_word' id='word_1_519' title='bbox 2599 2093 2821 2163; x_wconf 81' lang='grc' dir='ltr'><strong>συνήθει</strong></span> <span class='ocrx_word' id='word_1_520' title='bbox 2851 2093 3000 2165; x_wconf 83' lang='grc' dir='ltr'><strong>ὅρκῳ</strong></span> <span class='ocrx_word' id='word_1_521' title='bbox 3021 2111 3032 2121; x_wconf 80' lang='lat'><strong><em>°</em></strong></span> <span class='ocrx_word' id='word_1_522' title='bbox 3079 2093 3224 2148; x_wconf 76' lang='grc' dir='ltr'>κατὰ</span> <span class='ocrx_word' id='word_1_523' title='bbox 3259 2093 3371 2164; x_wconf 82' lang='grc' dir='ltr'><strong>γὰρ</strong></span> <span class='ocrx_word' id='word_1_524' title='bbox 3400 2092 3491 2146; x_wconf 85' lang='grc' dir='ltr'>τὸν</span> <span class='ocrx_word' id='word_1_525' title='bbox 3523 2093 3791 2163; x_wconf 75' lang='grc' dir='ltr'>μακάριον</span> 
     </span>
    </p>
   </div>
   <div class='ocr_carea' id='block_1_76' title="bbox 2217 2184 3789 2257">
    <p class='ocr_par' dir='ltr' id='par_1_76' title="bbox 2217 2184 3789 2257">
     <span class='ocr_line' id='line_1_76' title="bbox 2217 2184 3789 2257; baseline -0.001 -18"><span class='ocrx_word' id='word_1_526' title='bbox 2217 2185 2564 2253; x_wconf 81' lang='grc' dir='ltr'>’Δπόστολον,</span> <span class='ocrx_word' id='word_1_527' title='bbox 2584 2186 2775 2257; x_wconf 79' lang='grc' dir='ltr'>ἐπειδὴ</span> <span class='ocrx_word' id='word_1_528' title='bbox 2799 2188 2917 2240; x_wconf 83' lang='grc' dir='ltr'>κατ’</span> <span class='ocrx_word' id='word_1_529' title='bbox 2942 2185 3154 2249; x_wconf 78' lang='grc' dir='ltr'>οὐδενὸς</span> <span class='ocrx_word' id='word_1_530' title='bbox 3172 2184 3282 2255; x_wconf 76' lang='grc' dir='ltr'>ἔχει</span> <span class='ocrx_word' id='word_1_531' title='bbox 3302 2185 3549 2255; x_wconf 75' lang='grc' dir='ltr'>μείζονος</span> <span class='ocrx_word' id='word_1_532' title='bbox 3571 2185 3789 2254; x_wconf 84' lang='grc' dir='ltr'>ὀμόσαι,</span> 
     </span>
    </p>
   </div>
   <div class='ocr_carea' id='block_1_77' title="bbox 2205 2279 2374 2348">
    <p class='ocr_par' dir='ltr' id='par_1_77' title="bbox 2205 2279 2374 2348">
     <span class='ocr_line' id='line_1_77' title="bbox 2205 2279 2374 2348; baseline -0.024 0"><span class='ocrx_word' id='word_1_533' title='bbox 2205 2279 2374 2348; x_wconf 78' lang='grc' dir='ltr'>φησί’</span> 
     </span>
    </p>
   </div>
   <div class='ocr_carea' id='block_1_78' title="bbox 2276 2367 3787 2438">
    <p class='ocr_par' dir='ltr' id='par_1_78' title="bbox 2276 2367 3787 2438">
     <span class='ocr_line' id='line_1_78' title="bbox 2276 2367 3787 2438; baseline -0.001 -15"><span class='ocrx_word' id='word_1_534' title='bbox 2276 2371 2376 2438; x_wconf 80' lang='grc' dir='ltr'>λγ’.</span> <span class='ocrx_word' id='word_1_535' title='bbox 2415 2371 2517 2424; x_wconf 84' lang='grc' dir='ltr'><strong>Διὰ</strong></span> <span class='ocrx_word' id='word_1_536' title='bbox 2549 2369 2746 2434; x_wconf 84' lang='grc' dir='ltr'>τοῦτο,</span> <span class='ocrx_word' id='word_1_537' title='bbox 2789 2367 2861 2430; x_wconf 80' lang='grc' dir='ltr'><em>ζῶ</em></span> <span class='ocrx_word' id='word_1_538' title='bbox 2901 2369 3036 2438; x_wconf 59' lang='grc' dir='ltr'><strong>ἐγὼ,</strong></span> <span class='ocrx_word' id='word_1_539' title='bbox 3071 2369 3233 2438; x_wconf 79' lang='grc' dir='ltr'>λέγει</span> <span class='ocrx_word' id='word_1_540' title='bbox 3270 2369 3518 2424; x_wconf 75' lang='grc' dir='ltr'>Ἀδωνιιῒ</span> <span class='ocrx_word' id='word_1_541' title='bbox 3554 2371 3787 2437; x_wconf 80' lang='grc' dir='ltr'>Κύριος,</span> 
     </span>
    </p>
   </div>
   <div class='ocr_carea' id='block_1_79' title="bbox 2204 2459 3788 2532">
    <p class='ocr_par' dir='ltr' id='par_1_79' title="bbox 2204 2459 3788 2532">
     <span class='ocr_line' id='line_1_79' title="bbox 2204 2459 3788 2532; baseline 0.001 -16"><span class='ocrx_word' id='word_1_542' title='bbox 2204 2465 2258 2517; x_wconf 84' lang='grc' dir='ltr'>εὶ</span> <span class='ocrx_word' id='word_1_543' title='bbox 2293 2461 2379 2532; x_wconf 80' lang='grc' dir='ltr'>μὴ</span> <span class='ocrx_word' id='word_1_544' title='bbox 2427 2461 2496 2514; x_wconf 80' lang='grc' dir='ltr'><strong>ἐν</strong></span> <span class='ocrx_word' id='word_1_545' title='bbox 2528 2462 2678 2532; x_wconf 76' lang='grc' dir='ltr'>χειρὶ</span> <span class='ocrx_word' id='word_1_546' title='bbox 2709 2459 2978 2530; x_wconf 79' lang='grc' dir='ltr'>κραταιᾷ,</span> <span class='ocrx_word' id='word_1_547' title='bbox 3018 2462 3116 2516; x_wconf 71' lang='grc' dir='ltr'><strong>καὶ</strong></span> <span class='ocrx_word' id='word_1_548' title='bbox 3145 2463 3217 2517; x_wconf 78' lang='grc' dir='ltr'><strong>ἐν</strong></span> <span class='ocrx_word' id='word_1_549' title='bbox 3238 2462 3522 2532; x_wconf 79' lang='grc' dir='ltr'>,βραχίονι</span> <span class='ocrx_word' id='word_1_550' title='bbox 3549 2459 3788 2530; x_wconf 64' lang='grc' dir='ltr'>ὑψηλῷ,</span> 
     </span>
    </p>
   </div>
   <div class='ocr_carea' id='block_1_80' title="bbox 2207 2552 3791 2624">
    <p class='ocr_par' dir='ltr' id='par_1_80' title="bbox 2207 2552 3791 2624">
     <span class='ocr_line' id='line_1_80' title="bbox 2207 2552 3791 2624; baseline 0 -16"><span class='ocrx_word' id='word_1_551' title='bbox 2207 2555 2305 2608; x_wconf 73' lang='grc' dir='ltr'><strong>καὶ</strong></span> <span class='ocrx_word' id='word_1_552' title='bbox 2342 2554 2414 2609; x_wconf 83' lang='grc' dir='ltr'><strong>ἐν</strong></span> <span class='ocrx_word' id='word_1_553' title='bbox 2435 2553 2598 2624; x_wconf 84' lang='grc' dir='ltr'>θυμῷ</span> <span class='ocrx_word' id='word_1_554' title='bbox 2619 2552 2928 2624; x_wconf 77' lang='grc' dir='ltr'>κεχυμένῳ</span> <span class='ocrx_word' id='word_1_555' title='bbox 2959 2553 3318 2618; x_wconf 79' lang='grc' dir='ltr'>,ϐασιλεύσω</span> <span class='ocrx_word' id='word_1_556' title='bbox 3343 2553 3436 2622; x_wconf 72' lang='grc' dir='ltr'><strong>ἐφ’</strong></span> <span class='ocrx_word' id='word_1_557' title='bbox 3458 2552 3634 2623; x_wconf 81' lang='grc' dir='ltr'>ὑμᾶς.</span> <span class='ocrx_word' id='word_1_558' title='bbox 3676 2557 3791 2608; x_wconf 86' lang='grc' dir='ltr'><strong>υύκ</strong></span> 
     </span>
    </p>
   </div>
   <div class='ocr_carea' id='block_1_81' title="bbox 2206 2646 3786 2720">
    <p class='ocr_par' dir='ltr' id='par_1_81' title="bbox 2206 2646 3786 2720">
     <span class='ocr_line' id='line_1_81' title="bbox 2206 2646 3786 2720; baseline 0.001 -20"><span class='ocrx_word' id='word_1_559' title='bbox 2206 2646 2288 2700; x_wconf 77' lang='grc' dir='ltr'>ἔτι</span> <span class='ocrx_word' id='word_1_560' title='bbox 2322 2647 2451 2718; x_wconf 80' lang='grc' dir='ltr'>γὰρ,</span> <span class='ocrx_word' id='word_1_561' title='bbox 2505 2647 2660 2718; x_wconf 79' lang='grc' dir='ltr'>φησὶ,</span> <span class='ocrx_word' id='word_1_562' title='bbox 2706 2649 2772 2718; x_wconf 80' lang='grc' dir='ltr'>τῇ</span> <span class='ocrx_word' id='word_1_563' title='bbox 2820 2646 3043 2719; x_wconf 79' lang='grc' dir='ltr'>συνήθει</span> <span class='ocrx_word' id='word_1_564' title='bbox 3097 2649 3371 2718; x_wconf 83' lang='grc' dir='ltr'>χρήσομαι</span> <span class='ocrx_word' id='word_1_565' title='bbox 3417 2647 3786 2720; x_wconf 77' lang='grc' dir='ltr'>μακροθυμίᾳ,</span> 
     </span>
    </p>
   </div>
   <div class='ocr_carea' id='block_1_82' title="bbox 2206 2739 3791 2812">
    <p class='ocr_par' dir='ltr' id='par_1_82' title="bbox 2206 2739 3791 2812">
     <span class='ocr_line' id='line_1_82' title="bbox 2206 2739 3791 2812; baseline 0.001 -20"><span class='ocrx_word' id='word_1_566' title='bbox 2206 2739 2345 2793; x_wconf 78' lang='grc' dir='ltr'>ἀλλὰ</span> <span class='ocrx_word' id='word_1_567' title='bbox 2369 2740 2470 2810; x_wconf 78' lang='grc' dir='ltr'>τὴν</span> <span class='ocrx_word' id='word_1_568' title='bbox 2500 2739 2780 2811; x_wconf 86' lang='grc' dir='ltr'>βασιλείαν</span> <span class='ocrx_word' id='word_1_569' title='bbox 2827 2756 2928 2811; x_wconf 89' lang='grc' dir='ltr'><strong>μου</strong></span> <span class='ocrx_word' id='word_1_570' title='bbox 2974 2741 3070 2793; x_wconf 64' lang='grc' dir='ltr'><strong>καὶ⁷</strong></span> <span class='ocrx_word' id='word_1_571' title='bbox 3109 2740 3206 2812; x_wconf 81' lang='grc' dir='ltr'>τὴν</span> <span class='ocrx_word' id='word_1_572' title='bbox 3240 2739 3488 2806; x_wconf 67' lang='grc' dir='ltr'>ἐξουσίαν</span> <span class='ocrx_word' id='word_1_573' title='bbox 3531 2741 3621 2795; x_wconf 78' lang='grc' dir='ltr'>διὰ</span> <span class='ocrx_word' id='word_1_574' title='bbox 3665 2758 3791 2796; x_wconf 84' lang='grc' dir='ltr'>παι-</span> 
     </span>
    </p>
   </div>
   <div class='ocr_carea' id='block_1_83' title="bbox 2206 2831 3791 2904">
    <p class='ocr_par' dir='ltr' id='par_1_83' title="bbox 2206 2831 3791 2904">
     <span class='ocr_line' id='line_1_83' title="bbox 2206 2831 3791 2904; baseline 0 -18"><span class='ocrx_word' id='word_1_575' title='bbox 2206 2831 2354 2896; x_wconf 84' lang='grc' dir='ltr'>δείας</span> <span class='ocrx_word' id='word_1_576' title='bbox 2383 2831 2658 2902; x_wconf 84' lang='grc' dir='ltr'>γυμνώσω</span> <span class='ocrx_word' id='word_1_577' title='bbox 2677 2850 2691 2863; x_wconf 89' lang='grc'><strong>·</strong></span> <span class='ocrx_word' id='word_1_578' title='bbox 2727 2832 2815 2886; x_wconf 80' lang='grc' dir='ltr'>διὰ</span> <span class='ocrx_word' id='word_1_579' title='bbox 2839 2832 2949 2904; x_wconf 80' lang='grc' dir='ltr'><strong>γὰρ</strong></span> <span class='ocrx_word' id='word_1_580' title='bbox 2990 2835 3091 2903; x_wconf 83' lang='grc' dir='ltr'>τῆς</span> <span class='ocrx_word' id='word_1_581' title='bbox 3130 2851 3149 2886; x_wconf 86' lang='grc' dir='ltr'><strong>ι</strong></span> <span class='ocrx_word' id='word_1_582' title='bbox 3179 2833 3360 2904; x_wconf 83' lang='grc' dir='ltr'>χειρὸς</span> <span class='ocrx_word' id='word_1_583' title='bbox 3391 2833 3490 2903; x_wconf 84' lang='grc' dir='ltr'>τῆς</span> <span class='ocrx_word' id='word_1_584' title='bbox 3526 2835 3791 2901; x_wconf 74' lang='grc' dir='ltr'>κραταιᾶς</span> 
     </span>
    </p>
   </div>
   <div class='ocr_carea' id='block_1_84' title="bbox 2207 2923 3788 2995">
    <p class='ocr_par' dir='ltr' id='par_1_84' title="bbox 2207 2923 3788 2995">
     <span class='ocr_line' id='line_1_84' title="bbox 2207 2923 3788 2995; baseline 0.001 -17"><span class='ocrx_word' id='word_1_585' title='bbox 2207 2925 2302 2978; x_wconf 74' lang='grc' dir='ltr'><strong>καὶ</strong></span> <span class='ocrx_word' id='word_1_586' title='bbox 2328 2923 2422 2977; x_wconf 82' lang='grc' dir='ltr'><strong>τού</strong></span> <span class='ocrx_word' id='word_1_587' title='bbox 2451 2923 2658 2995; x_wconf 78' lang='grc' dir='ltr'>ὑψηλοῦ</span> <span class='ocrx_word' id='word_1_588' title='bbox 2692 2923 2995 2995; x_wconf 85' lang='grc' dir='ltr'>βραχίονος,</span> <span class='ocrx_word' id='word_1_589' title='bbox 3029 2943 3049 2980; x_wconf 72' lang='lat' dir='ltr'><strong>s</strong></span> <span class='ocrx_word' id='word_1_590' title='bbox 3098 2923 3160 2977; x_wconf 84' lang='grc' dir='ltr'>τὸ</span> <span class='ocrx_word' id='word_1_591' title='bbox 3189 2924 3412 2978; x_wconf 83' lang='grc' dir='ltr'>δυνατὸν</span> <span class='ocrx_word' id='word_1_592' title='bbox 3440 2923 3575 2995; x_wconf 81' lang='grc' dir='ltr'>όμοῦ</span> <span class='ocrx_word' id='word_1_593' title='bbox 3612 2927 3704 2980; x_wconf 70' lang='grc' dir='ltr'>καὶ</span> <span class='ocrx_word' id='word_1_594' title='bbox 3728 2925 3788 2980; x_wconf 73' lang='grc' dir='ltr'><strong>τὸ</strong></span> 
     </span>
    </p>
   </div>
   <div class='ocr_carea' id='block_1_85' title="bbox 2207 3010 3788 3087">
    <p class='ocr_par' dir='ltr' id='par_1_85' title="bbox 2207 3010 3788 3087">
     <span class='ocr_line' id='line_1_85' title="bbox 2207 3010 3788 3087; baseline 0.002 -20"><span class='ocrx_word' id='word_1_595' title='bbox 2207 3015 2580 3086; x_wconf 78' lang='grc' dir='ltr'>τιμωρητικὸν</span> <span class='ocrx_word' id='word_1_596' title='bbox 2605 3015 2991 3086; x_wconf 85' lang='grc' dir='ltr'>παρεδήλωσεν</span> <span class='ocrx_word' id='word_1_597' title='bbox 3019 3032 3034 3048; x_wconf 80' lang='grc' dir='ltr'><strong><em>ο</em></strong></span> <span class='ocrx_word' id='word_1_598' title='bbox 3078 3010 3198 3071; x_wconf 72' lang='grc' dir='ltr'>εἶτα</span> <span class='ocrx_word' id='word_1_599' title='bbox 3223 3015 3431 3070; x_wconf 77' lang='grc' dir='ltr'>καὶτὸν</span> <span class='ocrx_word' id='word_1_600' title='bbox 3461 3017 3660 3087; x_wconf 79' lang='grc' dir='ltr'>τρόπον</span> <span class='ocrx_word' id='word_1_601' title='bbox 3688 3017 3788 3087; x_wconf 77' lang='grc' dir='ltr'>τῆς</span> 
     </span>
    </p>
   </div>
   <div class='ocr_carea' id='block_1_86' title="bbox 2209 3105 2750 3170">
    <p class='ocr_par' dir='ltr' id='par_1_86' title="bbox 2209 3105 2750 3170">
     <span class='ocr_line' id='line_1_86' title="bbox 2209 3105 2750 3170; baseline 0 -11"><span class='ocrx_word' id='word_1_602' title='bbox 2209 3105 2459 3170; x_wconf 77' lang='grc' dir='ltr'>παιδείας</span> <span class='ocrx_word' id='word_1_603' title='bbox 2487 3105 2750 3160; x_wconf 77' lang='grc' dir='ltr'>διδάσκει.</span> 
     </span>
    </p>
   </div>
   <div class='ocr_carea' id='block_1_87' title="bbox 2277 3195 3790 3268">
    <p class='ocr_par' dir='ltr' id='par_1_87' title="bbox 2277 3195 3790 3268">
     <span class='ocr_line' id='line_1_87' title="bbox 2277 3195 3790 3268; baseline -0.001 -16"><span class='ocrx_word' id='word_1_604' title='bbox 2277 3198 2372 3252; x_wconf 84' lang='grc' dir='ltr'>λδ’.</span> <span class='ocrx_word' id='word_1_605' title='bbox 2427 3197 2539 3253; x_wconf 72' lang='lat' dir='ltr'><strong>Kal</strong></span> <span class='ocrx_word' id='word_1_606' title='bbox 2583 3197 2779 3263; x_wconf 80' lang='grc' dir='ltr'><strong>ἐξάξω</strong></span> <span class='ocrx_word' id='word_1_607' title='bbox 2828 3196 2987 3268; x_wconf 79' lang='grc' dir='ltr'><strong>ὑμᾶς</strong></span> <span class='ocrx_word' id='word_1_608' title='bbox 3029 3197 3098 3252; x_wconf 74' lang='grc' dir='ltr'><strong>ἐκ</strong></span> <span class='ocrx_word' id='word_1_609' title='bbox 3141 3195 3260 3250; x_wconf 76' lang='grc' dir='ltr'><strong>τῶν</strong></span> <span class='ocrx_word' id='word_1_610' title='bbox 3306 3195 3493 3261; x_wconf 79' lang='grc' dir='ltr'>λαῶν,</span> <span class='ocrx_word' id='word_1_611' title='bbox 3524 3195 3624 3250; x_wconf 76' lang='grc' dir='ltr'><strong>καὶ</strong></span> <span class='ocrx_word' id='word_1_612' title='bbox 3667 3197 3790 3251; x_wconf 77' lang='lat' dir='ltr'><strong>sia-</strong></span> 
     </span>
    </p>
   </div>
   <div class='ocr_carea' id='block_1_88' title="bbox 2204 3281 3793 3360">
    <p class='ocr_par' dir='ltr' id='par_1_88' title="bbox 2204 3281 3793 3360">
     <span class='ocr_line' id='line_1_88' title="bbox 2204 3281 3793 3360; baseline -0.004 -16"><span class='ocrx_word' id='word_1_613' title='bbox 2204 3289 2452 3360; x_wconf 80' lang='grc' dir='ltr'>δέξομαι</span> <span class='ocrx_word' id='word_1_614' title='bbox 2479 3287 2634 3360; x_wconf 75' lang='grc' dir='ltr'>ὑμᾶς</span> <span class='ocrx_word' id='word_1_615' title='bbox 2651 3289 2723 3343; x_wconf 76' lang='grc' dir='ltr'><strong>ἐκ</strong></span> <span class='ocrx_word' id='word_1_616' title='bbox 2757 3287 2877 3343; x_wconf 81' lang='grc' dir='ltr'><strong>τῶν</strong></span> <span class='ocrx_word' id='word_1_617' title='bbox 2903 3287 3129 3359; x_wconf 74' lang='grc' dir='ltr'>χωρῶν,</span> <span class='ocrx_word' id='word_1_618' title='bbox 3153 3281 3241 3341; x_wconf 72' lang='grc' dir='ltr'><strong>ὧν</strong></span> <span class='ocrx_word' id='word_1_619' title='bbox 3258 3287 3302 3320; x_wconf 71' lang='grc' dir='ltr'><strong>δ’</strong></span> <span class='ocrx_word' id='word_1_620' title='bbox 3330 3285 3692 3355; x_wconf 78' lang='grc' dir='ltr'>διεσπάρητε</span> <span class='ocrx_word' id='word_1_621' title='bbox 3721 3286 3793 3339; x_wconf 77' lang='grc' dir='ltr'><strong>ἐν</strong></span> 
     </span>
    </p>
   </div>
   <div class='ocr_carea' id='block_1_89' title="bbox 2204 3375 3788 3463">
    <p class='ocr_par' dir='ltr' id='par_1_89' title="bbox 2204 3375 3788 3463">
     <span class='ocr_line' id='line_1_89' title="bbox 2204 3375 3788 3463; baseline -0.003 -26"><span class='ocrx_word' id='word_1_622' title='bbox 2204 3378 2430 3446; x_wconf 81' lang='grc' dir='ltr'>αὐτοῖς,</span> <span class='ocrx_word' id='word_1_623' title='bbox 2453 3380 2524 3433; x_wconf 72' lang='grc' dir='ltr'><strong>ἐν</strong></span> <span class='ocrx_word' id='word_1_624' title='bbox 2555 3378 2707 3448; x_wconf 79' lang='grc' dir='ltr'>χειρὶ</span> <span class='ocrx_word' id='word_1_625' title='bbox 2735 3378 3006 3448; x_wconf 64' lang='lat' dir='ltr'><strong>separaui,</strong></span> <span class='ocrx_word' id='word_1_626' title='bbox 3036 3379 3134 3433; x_wconf 75' lang='grc' dir='ltr'><strong>καὶ</strong></span> <span class='ocrx_word' id='word_1_627' title='bbox 3159 3379 3530 3449; x_wconf 73' lang='grc' dir='ltr'>ὲνβρακίονι</span> <span class='ocrx_word' id='word_1_628' title='bbox 3549 3375 3788 3463; x_wconf 63' lang='grc' dir='ltr'><strong>ὑψηλῷ,</strong></span> 
     </span>
    </p>
   </div>
   <div class='ocr_carea' id='block_1_90' title="bbox 2205 3469 3793 3542">
    <p class='ocr_par' dir='ltr' id='par_1_90' title="bbox 2205 3469 3793 3542">
     <span class='ocr_line' id='line_1_90' title="bbox 2205 3469 3793 3542; baseline -0.002 -17"><span class='ocrx_word' id='word_1_629' title='bbox 2205 3471 2305 3525; x_wconf 77' lang='grc' dir='ltr'><strong>καὶ</strong></span> <span class='ocrx_word' id='word_1_630' title='bbox 2324 3472 2395 3525; x_wconf 78' lang='grc' dir='ltr'><strong>ἐν</strong></span> <span class='ocrx_word' id='word_1_631' title='bbox 2422 3471 2588 3541; x_wconf 78' lang='grc' dir='ltr'>θυμῷ</span> <span class='ocrx_word' id='word_1_632' title='bbox 2607 3469 2974 3541; x_wconf 71' lang='lat' dir='ltr'><strong>uatch)”.</strong></span> <span class='ocrx_word' id='word_1_633' title='bbox 2990 3470 3213 3542; x_wconf 82' lang='grc' dir='ltr'>Πρῶτον</span> <span class='ocrx_word' id='word_1_634' title='bbox 3239 3471 3339 3541; x_wconf 82' lang='grc' dir='ltr'>μὲν</span> <span class='ocrx_word' id='word_1_635' title='bbox 3363 3471 3494 3541; x_wconf 80' lang='grc' dir='ltr'>γὰρ,</span> <span class='ocrx_word' id='word_1_636' title='bbox 3523 3469 3793 3540; x_wconf 54' lang='lat' dir='ltr'><strong>genuini);</strong></span> 
     </span>
    </p>
   </div>
   <div class='ocr_carea' id='block_1_91' title="bbox 2205 3561 3790 3635">
    <p class='ocr_par' dir='ltr' id='par_1_91' title="bbox 2205 3561 3790 3635">
     <span class='ocr_line' id='line_1_91' title="bbox 2205 3561 3790 3635; baseline -0.003 -17"><span class='ocrx_word' id='word_1_637' title='bbox 2205 3563 2301 3618; x_wconf 81' lang='grc' dir='ltr'>νῦν</span> <span class='ocrx_word' id='word_1_638' title='bbox 2325 3561 2660 3634; x_wconf 81' lang='grc' dir='ltr'>κατεχούσης</span> <span class='ocrx_word' id='word_1_639' title='bbox 2684 3562 3057 3635; x_wconf 74' lang='grc' dir='ltr'>αἰχμαλωσίας</span> <span class='ocrx_word' id='word_1_640' title='bbox 3083 3561 3453 3633; x_wconf 76' lang='grc' dir='ltr'>ἐλευθερώσω,</span> <span class='ocrx_word' id='word_1_641' title='bbox 3480 3561 3575 3616; x_wconf 78' lang='grc' dir='ltr'><strong>καὶ</strong></span> <span class='ocrx_word' id='word_1_642' title='bbox 3598 3564 3676 3626; x_wconf 84' lang='grc' dir='ltr'>εἰς</span> <span class='ocrx_word' id='word_1_643' title='bbox 3691 3562 3790 3629; x_wconf 74' lang='grc' dir='ltr'>τὴν</span> 
     </span>
    </p>
   </div>
   <div class='ocr_carea' id='block_1_92' title="bbox 2207 3654 2920 3726">
    <p class='ocr_par' dir='ltr' id='par_1_92' title="bbox 2207 3654 2920 3726">
     <span class='ocr_line' id='line_1_92' title="bbox 2207 3654 2920 3726; baseline 0 -18"><span class='ocrx_word' id='word_1_644' title='bbox 2207 3655 2482 3726; x_wconf 81' lang='grc' dir='ltr'>προτέραν</span> <span class='ocrx_word' id='word_1_645' title='bbox 2512 3654 2768 3720; x_wconf 78' lang='grc' dir='ltr'>ἐπανάξω</span> <span class='ocrx_word' id='word_1_646' title='bbox 2797 3656 2920 3725; x_wconf 84' lang='grc' dir='ltr'>γῆν.</span> 
     </span>
    </p>
   </div>
   <div class='ocr_carea' id='block_1_93' title="bbox 2279 3745 3792 3820">
    <p class='ocr_par' dir='ltr' id='par_1_93' title="bbox 2279 3745 3792 3820">
     <span class='ocr_line' id='line_1_93' title="bbox 2279 3745 3792 3820; baseline 0.001 -20"><span class='ocrx_word' id='word_1_647' title='bbox 2279 3747 2375 3812; x_wconf 83' lang='grc' dir='ltr'>λε’,</span> <span class='ocrx_word' id='word_1_648' title='bbox 2410 3745 2518 3812; x_wconf 83' lang='grc' dir='ltr'>λς’.</span> <span class='ocrx_word' id='word_1_649' title='bbox 2555 3749 2804 3803; x_wconf 77' lang='grc' dir='ltr'>Ἔπειτα</span> <span class='ocrx_word' id='word_1_650' title='bbox 2849 3747 3045 3812; x_wconf 76' lang='grc' dir='ltr'><strong><em>ἐξάξω</em></strong></span> <span class='ocrx_word' id='word_1_651' title='bbox 3097 3745 3252 3818; x_wconf 83' lang='grc' dir='ltr'><strong>ὑμᾶς</strong></span> <span class='ocrx_word' id='word_1_652' title='bbox 3289 3752 3378 3816; x_wconf 79' lang='grc' dir='ltr'>εις</span> <span class='ocrx_word' id='word_1_653' title='bbox 3419 3750 3537 3820; x_wconf 75' lang='grc' dir='ltr'><strong>τὴν</strong></span> <span class='ocrx_word' id='word_1_654' title='bbox 3567 3749 3792 3819; x_wconf 66' lang='grc' dir='ltr'><strong>ἔρημον</strong></span> 
     </span>
    </p>
   </div>
   <div class='ocr_carea' id='block_1_94' title="bbox 2205 3837 3793 3911">
    <p class='ocr_par' dir='ltr' id='par_1_94' title="bbox 2205 3837 3793 3911">
     <span class='ocr_line' id='line_1_94' title="bbox 2205 3837 3793 3911; baseline 0.002 -19"><span class='ocrx_word' id='word_1_655' title='bbox 2205 3837 2326 3892; x_wconf 81' lang='grc' dir='ltr'><strong>τῶν</strong></span> <span class='ocrx_word' id='word_1_656' title='bbox 2374 3838 2559 3900; x_wconf 77' lang='grc' dir='ltr'>λαῶν,</span> <span class='ocrx_word' id='word_1_657' title='bbox 2608 3839 2706 3894; x_wconf 76' lang='grc' dir='ltr'><strong>καὶ</strong></span> <span class='ocrx_word' id='word_1_658' title='bbox 2767 3839 3227 3911; x_wconf 80' lang='grc' dir='ltr'>διακριθήσομαι</span> <span class='ocrx_word' id='word_1_659' title='bbox 3269 3841 3419 3910; x_wconf 81' lang='grc' dir='ltr'>πρὸς</span> <span class='ocrx_word' id='word_1_660' title='bbox 3462 3841 3618 3911; x_wconf 79' lang='grc' dir='ltr'><strong>ὑμᾶς</strong></span> <span class='ocrx_word' id='word_1_661' title='bbox 3663 3840 3793 3896; x_wconf 70' lang='grc' dir='ltr'><strong>ἐκεῖ</strong></span> 
     </span>
    </p>
   </div>
   <div class='ocr_carea' id='block_1_95' title="bbox 2207 3929 3792 4003">
    <p class='ocr_par' dir='ltr' id='par_1_95' title="bbox 2207 3929 3792 4003">
     <span class='ocr_line' id='line_1_95' title="bbox 2207 3929 3792 4003; baseline 0.003 -21"><span class='ocrx_word' id='word_1_662' title='bbox 2207 3929 2532 3998; x_wconf 79' lang='grc' dir='ltr'>πρόσωπον</span> <span class='ocrx_word' id='word_1_663' title='bbox 2542 3929 2695 3984; x_wconf 81' lang='grc' dir='ltr'>κατὰ</span> <span class='ocrx_word' id='word_1_664' title='bbox 2721 3931 3065 3998; x_wconf 76' lang='grc' dir='ltr'>πρόσωπον.</span> <span class='ocrx_word' id='word_1_665' title='bbox 3098 3935 3208 3987; x_wconf 76' lang='grc' dir='ltr'><strong>Ὃν</strong></span> <span class='ocrx_word' id='word_1_666' title='bbox 3233 3937 3461 4002; x_wconf 73' lang='grc' dir='ltr'>τρόπον</span> <span class='ocrx_word' id='word_1_667' title='bbox 3486 3934 3792 4003; x_wconf 75' lang='grc' dir='ltr'>διεκρίθην</span> 
     </span>
    </p>
   </div>
   <div class='ocr_carea' id='block_1_96' title="bbox 2205 4022 3790 4095">
    <p class='ocr_par' dir='ltr' id='par_1_96' title="bbox 2205 4022 3790 4095">
     <span class='ocr_line' id='line_1_96' title="bbox 2205 4022 3790 4095; baseline 0.003 -20"><span class='ocrx_word' id='word_1_668' title='bbox 2205 4024 2358 4091; x_wconf 79' lang='grc' dir='ltr'>πρὸς</span> <span class='ocrx_word' id='word_1_669' title='bbox 2391 4022 2534 4089; x_wconf 87' lang='grc' dir='ltr'>τοὺς</span> <span class='ocrx_word' id='word_1_670' title='bbox 2590 4022 2851 4094; x_wconf 81' lang='grc' dir='ltr'>πατέρας</span> <span class='ocrx_word' id='word_1_671' title='bbox 2904 4024 3072 4094; x_wconf 80' lang='grc' dir='ltr'><strong>ὑμῶν</strong></span> <span class='ocrx_word' id='word_1_672' title='bbox 3120 4025 3190 4078; x_wconf 76' lang='grc' dir='ltr'><strong>ἐν</strong></span> <span class='ocrx_word' id='word_1_673' title='bbox 3223 4025 3298 4094; x_wconf 81' lang='grc' dir='ltr'>τῇ</span> <span class='ocrx_word' id='word_1_674' title='bbox 3326 4026 3524 4095; x_wconf 77' lang='grc' dir='ltr'>ἐρήμῳ</span> <span class='ocrx_word' id='word_1_675' title='bbox 3548 4025 3658 4094; x_wconf 83' lang='grc' dir='ltr'>τῆς</span> <span class='ocrx_word' id='word_1_676' title='bbox 3690 4027 3790 4080; x_wconf 80' lang='lat' dir='ltr'><strong>Al-</strong></span> 
     </span>
    </p>
   </div>
   <div class='ocr_carea' id='block_1_97' title="bbox 2207 4114 3791 4187">
    <p class='ocr_par' dir='ltr' id='par_1_97' title="bbox 2207 4114 3791 4187">
     <span class='ocr_line' id='line_1_97' title="bbox 2207 4114 3791 4187; baseline 0.004 -21"><span class='ocrx_word' id='word_1_677' title='bbox 2207 4116 2460 4184; x_wconf 76' lang='grc' dir='ltr'>τύπτου,</span> <span class='ocrx_word' id='word_1_678' title='bbox 2495 4115 2655 4170; x_wconf 81' lang='grc' dir='ltr'>οὕτω</span> <span class='ocrx_word' id='word_1_679' title='bbox 2688 4114 2868 4184; x_wconf 79' lang='grc' dir='ltr'><em>κρινῶ</em></span> <span class='ocrx_word' id='word_1_680' title='bbox 2890 4115 3062 4186; x_wconf 81' lang='grc' dir='ltr'>ὑμᾶς,</span> <span class='ocrx_word' id='word_1_681' title='bbox 3084 4117 3249 4187; x_wconf 79' lang='grc' dir='ltr'>λέγει</span> <span class='ocrx_word' id='word_1_682' title='bbox 3280 4118 3533 4172; x_wconf 80' lang='grc' dir='ltr'>Ἀδωναῒ</span> <span class='ocrx_word' id='word_1_683' title='bbox 3555 4119 3791 4186; x_wconf 81' lang='grc' dir='ltr'>Κύριος.</span> 
     </span>
    </p>
   </div>
   <div class='ocr_carea' id='block_1_98' title="bbox 2212 4207 3792 4280">
    <p class='ocr_par' dir='ltr' id='par_1_98' title="bbox 2212 4207 3792 4280">
     <span class='ocr_line' id='line_1_98' title="bbox 2212 4207 3792 4280; baseline 0 -18"><span class='ocrx_word' id='word_1_684' title='bbox 2212 4209 2479 4278; x_wconf 80' lang='grc' dir='ltr'>Ἔρημον</span> <span class='ocrx_word' id='word_1_685' title='bbox 2499 4209 2555 4261; x_wconf 86' lang='grc' dir='ltr'>δὲ</span> <span class='ocrx_word' id='word_1_686' title='bbox 2589 4207 2749 4262; x_wconf 83' lang='grc' dir='ltr'>καλεῖ</span> <span class='ocrx_word' id='word_1_687' title='bbox 2773 4207 2939 4262; x_wconf 82' lang='grc' dir='ltr'>λαῶν</span> <span class='ocrx_word' id='word_1_688' title='bbox 2978 4208 3049 4262; x_wconf 79' lang='grc' dir='ltr'><strong>τὰ</strong></span> <span class='ocrx_word' id='word_1_689' title='bbox 3103 4209 3227 4280; x_wconf 72' lang='grc' dir='ltr'>ἔθνη</span> <span class='ocrx_word' id='word_1_690' title='bbox 3263 4209 3432 4263; x_wconf 84' lang='grc' dir='ltr'>πάλαι</span> <span class='ocrx_word' id='word_1_691' title='bbox 3462 4209 3642 4280; x_wconf 73' lang='grc' dir='ltr'>ἔρημα</span> <span class='ocrx_word' id='word_1_692' title='bbox 3665 4209 3792 4262; x_wconf 81' lang='grc' dir='ltr'>ὄντα</span> 
     </span>
    </p>
   </div>
   <div class='ocr_carea' id='block_1_99' title="bbox 2207 4300 3792 4373">
    <p class='ocr_par' dir='ltr' id='par_1_99' title="bbox 2207 4300 3792 4373">
     <span class='ocr_line' id='line_1_99' title="bbox 2207 4300 3792 4373; baseline 0 -21"><span class='ocrx_word' id='word_1_693' title='bbox 2207 4301 2344 4354; x_wconf 84' lang='grc' dir='ltr'><strong>Θεοῦ</strong></span> <span class='ocrx_word' id='word_1_694' title='bbox 2366 4318 2378 4331; x_wconf 91' lang='grc'>·</span> <span class='ocrx_word' id='word_1_695' title='bbox 2406 4302 2756 4371; x_wconf 79' lang='grc' dir='ltr'>προεσήμανε</span> <span class='ocrx_word' id='word_1_696' title='bbox 2784 4300 2841 4352; x_wconf 81' lang='grc' dir='ltr'>δὲ</span> <span class='ocrx_word' id='word_1_697' title='bbox 2885 4300 2975 4354; x_wconf 86' lang='grc' dir='ltr'>διὰ</span> <span class='ocrx_word' id='word_1_698' title='bbox 3020 4300 3232 4364; x_wconf 63' lang='grc' dir='ltr'>τούτου,</span> <span class='ocrx_word' id='word_1_699' title='bbox 3265 4303 3346 4356; x_wconf 84' lang='grc' dir='ltr'>ὅτι</span> <span class='ocrx_word' id='word_1_700' title='bbox 3379 4304 3477 4373; x_wconf 78' lang='grc' dir='ltr'>τῆς</span> <span class='ocrx_word' id='word_1_701' title='bbox 3508 4300 3792 4365; x_wconf 76' lang='grc' dir='ltr'>εὐσεϐείας</span> 
     </span>
    </p>
   </div>
   <div class='ocr_carea' id='block_1_100' title="bbox 2208 4386 3790 4466">
    <p class='ocr_par' dir='ltr' id='par_1_100' title="bbox 2208 4386 3790 4466">
     <span class='ocr_line' id='line_1_100' title="bbox 2208 4386 3790 4466; baseline 0 -20"><span class='ocrx_word' id='word_1_702' title='bbox 2208 4395 2289 4457; x_wconf 88' lang='grc' dir='ltr'><strong>είς</strong></span> <span class='ocrx_word' id='word_1_703' title='bbox 2320 4394 2391 4447; x_wconf 83' lang='grc' dir='ltr'>τὰ</span> <span class='ocrx_word' id='word_1_704' title='bbox 2419 4393 2546 4466; x_wconf 75' lang='grc' dir='ltr'>ἔθνη</span> <span class='ocrx_word' id='word_1_705' title='bbox 2579 4393 2841 4463; x_wconf 78' lang='grc' dir='ltr'>ἀχθείσης</span> <span class='ocrx_word' id='word_1_706' title='bbox 2867 4395 2912 4426; x_wconf 76' lang='grc'>⁸⁸</span> <span class='ocrx_word' id='word_1_707' title='bbox 2975 4395 3069 4448; x_wconf 71' lang='grc' dir='ltr'><strong>καὶ</strong></span> <span class='ocrx_word' id='word_1_708' title='bbox 3115 4386 3263 4447; x_wconf 78' lang='grc' dir='ltr'>οὗτοι</span> <span class='ocrx_word' id='word_1_709' title='bbox 3291 4394 3391 4464; x_wconf 82' lang='grc' dir='ltr'>τῆς</span> <span class='ocrx_word' id='word_1_710' title='bbox 3427 4393 3535 4446; x_wconf 82' lang='grc' dir='ltr'>τῶν</span> <span class='ocrx_word' id='word_1_711' title='bbox 3559 4392 3790 4447; x_wconf 81' lang='grc' dir='ltr'>εἰδώλων</span> 
     </span>
    </p>
   </div>
   <div class='ocr_carea' id='block_1_101' title="bbox 2207 4483 3789 4556">
    <p class='ocr_par' dir='ltr' id='par_1_101' title="bbox 2207 4483 3789 4556">
     <span class='ocr_line' id='line_1_101' title="bbox 2207 4483 3789 4556; baseline -0.003 -16"><span class='ocrx_word' id='word_1_712' title='bbox 2207 4486 2606 4556; x_wconf 77' lang='grc' dir='ltr'>ἀτωστήσονται</span> <span class='ocrx_word' id='word_1_713' title='bbox 2657 4483 2977 4556; x_wconf 78' lang='grc' dir='ltr'>θεραπείας,</span> <span class='ocrx_word' id='word_1_714' title='bbox 3031 4485 3131 4556; x_wconf 80' lang='grc' dir='ltr'><strong>τήν</strong></span> <span class='ocrx_word' id='word_1_715' title='bbox 3161 4486 3272 4539; x_wconf 83' lang='grc' dir='ltr'>τῶν</span> <span class='ocrx_word' id='word_1_716' title='bbox 3305 4486 3473 4540; x_wconf 82' lang='grc' dir='ltr'>πάλαι</span> <span class='ocrx_word' id='word_1_717' title='bbox 3515 4485 3789 4539; x_wconf 77' lang='grc' dir='ltr'>δυσσεϐῶν</span> 
     </span>
    </p>
   </div>
   <div class='ocr_carea' id='block_1_102' title="bbox 2207 4563 3789 4646">
    <p class='ocr_par' dir='ltr' id='par_1_102' title="bbox 2207 4563 3789 4646">
     <span class='ocr_line' id='line_1_102' title="bbox 2207 4563 3789 4646; baseline 0 -18"><span class='ocrx_word' id='word_1_718' title='bbox 2207 4574 2380 4628; x_wconf 79' lang='grc' dir='ltr'>ἐθνῶν</span> <span class='ocrx_word' id='word_1_719' title='bbox 2423 4574 2723 4646; x_wconf 77' lang='grc' dir='ltr'>μεταϐολὴν</span> <span class='ocrx_word' id='word_1_720' title='bbox 2745 4575 3144 4646; x_wconf 74' lang='grc' dir='ltr'>αἰσχυνόμενοι.</span> <span class='ocrx_word' id='word_1_721' title='bbox 3165 4575 3239 4628; x_wconf 84' lang='grc' dir='ltr'><strong>Τὸ</strong></span> <span class='ocrx_word' id='word_1_722' title='bbox 3261 4563 3340 4642; x_wconf 76' lang='grc' dir='ltr'>δὲ,</span> <span class='ocrx_word' id='word_1_723' title='bbox 3376 4595 3394 4624; x_wconf 81' lang='grc' dir='ltr'><strong>ι</strong></span> <span class='ocrx_word' id='word_1_724' title='bbox 3429 4574 3789 4645; x_wconf 80' lang='grc' dir='ltr'>Διακριθήσο-</span> 
     </span>
    </p>
   </div>
   <div class='ocr_carea' id='block_1_103' title="bbox 2212 4665 3790 4738">
    <p class='ocr_par' dir='ltr' id='par_1_103' title="bbox 2212 4665 3790 4738">
     <span class='ocr_line' id='line_1_103' title="bbox 2212 4665 3790 4738; baseline -0.002 -18"><span class='ocrx_word' id='word_1_725' title='bbox 2212 4684 2314 4738; x_wconf 89' lang='grc' dir='ltr'><strong>μαι</strong></span> <span class='ocrx_word' id='word_1_726' title='bbox 2330 4666 2466 4738; x_wconf 83' lang='grc' dir='ltr'>πρὸς</span> <span class='ocrx_word' id='word_1_727' title='bbox 2490 4667 2634 4736; x_wconf 81' lang='grc' dir='ltr'>ὑμᾶς</span> <span class='ocrx_word' id='word_1_728' title='bbox 2671 4667 2962 4737; x_wconf 84' lang='grc' dir='ltr'>πρόσωπον</span> <span class='ocrx_word' id='word_1_729' title='bbox 2993 4667 3136 4720; x_wconf 83' lang='grc' dir='ltr'><strong>κατὰ</strong></span> <span class='ocrx_word' id='word_1_730' title='bbox 3176 4668 3491 4738; x_wconf 85' lang='grc' dir='ltr'>πρόσωπον,</span> <span class='ocrx_word' id='word_1_731' title='bbox 3528 4687 3547 4719; x_wconf 78' lang='lat' dir='ltr'><strong>s</strong></span> <span class='ocrx_word' id='word_1_732' title='bbox 3576 4667 3665 4720; x_wconf 86' lang='grc' dir='ltr'>τὸν</span> <span class='ocrx_word' id='word_1_733' title='bbox 3703 4665 3790 4717; x_wconf 83' lang='grc' dir='ltr'>διὰ</span> 
     </span>
    </p>
   </div>
   <div class='ocr_carea' id='block_1_104' title="bbox 2207 4752 3791 4830">
    <p class='ocr_par' dir='ltr' id='par_1_104' title="bbox 2207 4752 3791 4830">
     <span class='ocr_line' id='line_1_104' title="bbox 2207 4752 3791 4830; baseline -0.004 -20"><span class='ocrx_word' id='word_1_734' title='bbox 2207 4756 2320 4810; x_wconf 85' lang='grc' dir='ltr'><strong>τῶν</strong></span> <span class='ocrx_word' id='word_1_735' title='bbox 2346 4757 2688 4830; x_wconf 83' lang='grc' dir='ltr'>πραγμάτων</span> <span class='ocrx_word' id='word_1_736' title='bbox 2715 4757 3000 4828; x_wconf 81' lang='grc' dir='ltr'>γινόμενον</span> <span class='ocrx_word' id='word_1_737' title='bbox 3029 4757 3252 4827; x_wconf 73' lang='grc' dir='ltr'>ἔλεγχον</span> <span class='ocrx_word' id='word_1_738' title='bbox 3282 4755 3612 4827; x_wconf 77' lang='grc' dir='ltr'>παραδηλοί’</span> <span class='ocrx_word' id='word_1_739' title='bbox 3643 4752 3791 4809; x_wconf 78' lang='grc' dir='ltr'><strong>Αύτὰ</strong></span> 
     </span>
    </p>
   </div>
   <div class='ocr_carea' id='block_1_105' title="bbox 2210 4844 3791 4920">
    <p class='ocr_par' dir='ltr' id='par_1_105' title="bbox 2210 4844 3791 4920">
     <span class='ocr_line' id='line_1_105' title="bbox 2210 4844 3791 4920; baseline -0.004 -17"><span class='ocrx_word' id='word_1_740' title='bbox 2210 4849 2342 4920; x_wconf 85' lang='grc' dir='ltr'>γὰρ,</span> <span class='ocrx_word' id='word_1_741' title='bbox 2384 4849 2542 4920; x_wconf 77' lang='grc' dir='ltr'>φησὶ,</span> <span class='ocrx_word' id='word_1_742' title='bbox 2568 4848 2691 4901; x_wconf 84' lang='grc' dir='ltr'>τότε</span> <span class='ocrx_word' id='word_1_743' title='bbox 2721 4847 2792 4901; x_wconf 81' lang='grc' dir='ltr'><strong>τὰ</strong></span> <span class='ocrx_word' id='word_1_744' title='bbox 2833 4848 3133 4919; x_wconf 84' lang='grc' dir='ltr'>πράγματα</span> <span class='ocrx_word' id='word_1_745' title='bbox 3170 4848 3456 4919; x_wconf 80' lang='grc' dir='ltr'>μονονουχὶ</span> <span class='ocrx_word' id='word_1_746' title='bbox 3483 4847 3689 4916; x_wconf 85' lang='grc' dir='ltr'>βοῶντα</span> <span class='ocrx_word' id='word_1_747' title='bbox 3712 4844 3791 4897; x_wconf 82' lang='grc' dir='ltr'>δι-</span> 
     </span>
    </p>
   </div>
   <div class='ocr_carea' id='block_1_106' title="bbox 2210 4939 3787 5013">
    <p class='ocr_par' dir='ltr' id='par_1_106' title="bbox 2210 4939 3787 5013">
     <span class='ocr_line' id='line_1_106' title="bbox 2210 4939 3787 5013; baseline -0.004 -17"><span class='ocrx_word' id='word_1_748' title='bbox 2210 4942 2425 5013; x_wconf 83' lang='grc' dir='ltr'>ελέγχει</span> <span class='ocrx_word' id='word_1_749' title='bbox 2474 4942 2630 5012; x_wconf 82' lang='grc' dir='ltr'>ὑμῶν</span> <span class='ocrx_word' id='word_1_750' title='bbox 2675 4941 2776 5013; x_wconf 83' lang='grc' dir='ltr'><strong>τὴν</strong></span> <span class='ocrx_word' id='word_1_751' title='bbox 2830 4941 3034 5011; x_wconf 75' lang='grc' dir='ltr'>ἀπειθῆ</span> <span class='ocrx_word' id='word_1_752' title='bbox 3070 4941 3164 4996; x_wconf 72' lang='grc' dir='ltr'><strong>καὶ</strong></span> <span class='ocrx_word' id='word_1_753' title='bbox 3199 4941 3512 5013; x_wconf 84' lang='grc' dir='ltr'>παράνομον</span> <span class='ocrx_word' id='word_1_754' title='bbox 3545 4939 3787 5010; x_wconf 84' lang='grc' dir='ltr'>γνώμην,</span> 
     </span>
    </p>
   </div>
   <div class='ocr_carea' id='block_1_107' title="bbox 2211 5029 3792 5104">
    <p class='ocr_par' dir='ltr' id='par_1_107' title="bbox 2211 5029 3792 5104">
     <span class='ocr_line' id='line_1_107' title="bbox 2211 5029 3792 5104; baseline -0.003 -17"><span class='ocrx_word' id='word_1_755' title='bbox 2211 5035 2311 5104; x_wconf 74' lang='grc' dir='ltr'><strong>τὴν</strong></span> <span class='ocrx_word' id='word_1_756' title='bbox 2371 5033 2479 5086; x_wconf 81' lang='grc' dir='ltr'><strong>τῶν</strong></span> <span class='ocrx_word' id='word_1_757' title='bbox 2524 5033 2690 5087; x_wconf 85' lang='grc' dir='ltr'>πάλαι</span> <span class='ocrx_word' id='word_1_758' title='bbox 2750 5033 3130 5104; x_wconf 75' lang='grc' dir='ltr'>ἑστερημένων</span> <span class='ocrx_word' id='word_1_759' title='bbox 3191 5033 3236 5063; x_wconf 75' lang='grc'><strong>⁵⁸</strong></span> <span class='ocrx_word' id='word_1_760' title='bbox 3285 5032 3430 5085; x_wconf 80' lang='grc' dir='ltr'>λαῶν</span> <span class='ocrx_word' id='word_1_761' title='bbox 3482 5029 3792 5084; x_wconf 80' lang='grc' dir='ltr'>εὐπείθειαν</span> 
     </span>
    </p>
   </div>
   <div class='ocr_carea' id='block_1_108' title="bbox 2209 5122 3792 5194">
    <p class='ocr_par' dir='ltr' id='par_1_108' title="bbox 2209 5122 3792 5194">
     <span class='ocr_line' id='line_1_108' title="bbox 2209 5122 3792 5194; baseline -0.004 -12"><span class='ocrx_word' id='word_1_762' title='bbox 2209 5125 2494 5182; x_wconf 82' lang='grc' dir='ltr'>δεικνύντα</span> <span class='ocrx_word' id='word_1_763' title='bbox 2518 5141 2531 5151; x_wconf 93' lang='grc'><strong>·</strong></span> <span class='ocrx_word' id='word_1_764' title='bbox 2555 5122 2747 5194; x_wconf 83' lang='grc' dir='ltr'>ὥσπερ</span> <span class='ocrx_word' id='word_1_765' title='bbox 2788 5124 2970 5176; x_wconf 88' lang='grc' dir='ltr'>τοίνυν</span> <span class='ocrx_word' id='word_1_766' title='bbox 3027 5123 3164 5194; x_wconf 80' lang='grc' dir='ltr'>πρὸς</span> <span class='ocrx_word' id='word_1_767' title='bbox 3209 5125 3331 5185; x_wconf 78' lang='grc' dir='ltr'>τοὺς</span> <span class='ocrx_word' id='word_1_768' title='bbox 3363 5122 3663 5194; x_wconf 80' lang='grc' dir='ltr'>ὑμετέρους</span> <span class='ocrx_word' id='word_1_769' title='bbox 3692 5137 3792 5175; x_wconf 84' lang='grc' dir='ltr'>πα-</span> 
     </span>
    </p>
   </div>
   <div class='ocr_carea' id='block_1_109' title="bbox 2209 5215 3792 5294">
    <p class='ocr_par' dir='ltr' id='par_1_109' title="bbox 2209 5215 3792 5294">
     <span class='ocr_line' id='line_1_109' title="bbox 2209 5215 3792 5294; baseline -0.005 -18"><span class='ocrx_word' id='word_1_770' title='bbox 2209 5221 2376 5294; x_wconf 75' lang='grc' dir='ltr'>τέρας</span> <span class='ocrx_word' id='word_1_771' title='bbox 2407 5221 2466 5274; x_wconf 77' lang='grc' dir='ltr'>ὲν</span> <span class='ocrx_word' id='word_1_772' title='bbox 2488 5219 2556 5288; x_wconf 78' lang='grc' dir='ltr'>τῇ</span> <span class='ocrx_word' id='word_1_773' title='bbox 2588 5219 2780 5287; x_wconf 77' lang='grc' dir='ltr'>ἐρήμῳ</span> <span class='ocrx_word' id='word_1_774' title='bbox 2811 5216 3131 5289; x_wconf 78' lang='grc' dir='ltr'>διακριθεὶς,</span> <span class='ocrx_word' id='word_1_775' title='bbox 3187 5215 3394 5286; x_wconf 80' lang='grc' dir='ltr'>ὀλέθρῳ</span> <span class='ocrx_word' id='word_1_776' title='bbox 3428 5215 3628 5278; x_wconf 82' lang='grc' dir='ltr'>αὐτοὺς</span> <span class='ocrx_word' id='word_1_777' title='bbox 3653 5231 3792 5269; x_wconf 82' lang='grc' dir='ltr'>παν·</span> 
     </span>
    </p>
   </div>
   <div class='ocr_carea' id='block_1_110' title="bbox 1799 5529 2485 5599">
    <p class='ocr_par' dir='ltr' id='par_1_110' title="bbox 1799 5529 2485 5599">
     <span class='ocr_line' id='line_1_110' title="bbox 1799 5529 2485 5599; baseline 0.009 -14"><span class='ocrx_word' id='word_1_778' title='bbox 1799 5529 2035 5587; x_wconf 59' lang='grc' dir='ltr'>νΑιιιιΕ</span> <span class='ocrx_word' id='word_1_779' title='bbox 2075 5531 2485 5599; x_wconf 72' lang='lat' dir='ltr'><strong>LECTIONES.</strong></span> 
     </span>
    </p>
   </div>
   <div class='ocr_carea' id='block_1_111' title="bbox 591 5642 3798 5722">
    <p class='ocr_par' dir='ltr' id='par_1_111' title="bbox 591 5642 3798 5722">
     <span class='ocr_line' id='line_1_111' title="bbox 591 5642 3798 5722; baseline 0.002 -24"><span class='ocrx_word' id='word_1_780' title='bbox 591 5642 999 5722; x_wconf 37' lang='lat' dir='ltr'><strong>“‘flop.__Apud</strong></span> <span class='ocrx_word' id='word_1_781' title='bbox 1035 5642 1198 5722; x_wconf 45' lang='lat' dir='ltr'><strong>LXX,</strong></span> <span class='ocrx_word' id='word_1_782' title='bbox 1230 5644 1470 5722; x_wconf 33' lang='grc' dir='ltr'><strong>εεςηΖῶ</strong></span> <span class='ocrx_word' id='word_1_783' title='bbox 1503 5642 1634 5722; x_wconf 57' lang='lat' dir='ltr'><strong>trib.</strong></span> <span class='ocrx_word' id='word_1_784' title='bbox 1666 5643 2108 5722; x_wconf 57' lang='lat' dir='ltr'><strong>l_£yst_l_§bptoc_._</strong></span> <span class='ocrx_word' id='word_1_785' title='bbox 2131 5648 2566 5722; x_wconf 47' lang='lat' dir='ltr'><strong>_‘_’_ualT-_-¢oﬁzo.</strong></span> <span class='ocrx_word' id='word_1_786' title='bbox 2600 5652 2726 5708; x_wconf 71' lang='lat' dir='ltr'><strong>Haec</strong></span> <span class='ocrx_word' id='word_1_787' title='bbox 2739 5651 2894 5722; x_wconf 80' lang='lat' dir='ltr'><strong>juxta</strong></span> <span class='ocrx_word' id='word_1_788' title='bbox 2926 5651 3088 5708; x_wconf 80' lang='lat' dir='ltr'><strong>llebr.</strong></span> <span class='ocrx_word' id='word_1_789' title='bbox 3129 5656 3401 5722; x_wconf 87' lang='lat' dir='ltr'><strong>pertinent</strong></span> <span class='ocrx_word' id='word_1_790' title='bbox 3436 5651 3505 5706; x_wconf 88' lang='lat' dir='ltr'><strong>ad</strong></span> <span class='ocrx_word' id='word_1_791' title='bbox 3532 5666 3674 5708; x_wconf 87' lang='lat' dir='ltr'><strong>vers.</strong></span> <span class='ocrx_word' id='word_1_792' title='bbox 3703 5649 3798 5722; x_wconf 60' lang='lat'><strong>52.</strong></span> 
     </span>
    </p>
   </div>
   <div class='ocr_carea' id='block_1_112' title="bbox 521 5707 3796 5796">
    <p class='ocr_par' dir='ltr' id='par_1_112' title="bbox 521 5707 3796 5796">
     <span class='ocr_line' id='line_1_112' title="bbox 521 5707 3796 5796; baseline 0.004 -33"><span class='ocrx_word' id='word_1_793' title='bbox 521 5712 564 5740; x_wconf 83' lang='lat'><strong>“&#39;</strong></span> <span class='ocrx_word' id='word_1_794' title='bbox 595 5707 773 5796; x_wconf 47' lang='lat' dir='ltr'><strong>341w:</strong></span> <span class='ocrx_word' id='word_1_795' title='bbox 821 5713 861 5766; x_wconf 81' lang='grc' dir='ltr'>Β</span> <span class='ocrx_word' id='word_1_796' title='bbox 887 5707 1070 5796; x_wconf 45' lang='lat' dir='ltr'><strong>praem.</strong></span> <span class='ocrx_word' id='word_1_797' title='bbox 1119 5707 1229 5796; x_wconf 34' lang='grc' dir='ltr'><strong>δέ’,</strong></span> <span class='ocrx_word' id='word_1_798' title='bbox 1275 5707 1324 5796; x_wconf 60' lang='grc' dir='ltr'><strong><em>ξδ</em></strong></span> <span class='ocrx_word' id='word_1_799' title='bbox 1349 5707 1426 5796; x_wconf 55' lang='lat' dir='ltr'><strong>diu</strong></span> <span class='ocrx_word' id='word_1_800' title='bbox 1452 5747 1518 5754; x_wconf 89' lang='lat'><strong>——</strong></span> <span class='ocrx_word' id='word_1_801' title='bbox 1544 5707 1757 5778; x_wconf 63' lang='grc' dir='ltr'>ἀὺτοῖς-ξ</span> <span class='ocrx_word' id='word_1_802' title='bbox 1803 5707 1975 5772; x_wconf 65' lang='lat' dir='ltr'><strong>Aliter</strong></span> <span class='ocrx_word' id='word_1_803' title='bbox 2003 5707 2052 5770; x_wconf 67' lang='lat' dir='ltr'><strong>oi</strong></span> <span class='ocrx_word' id='word_1_804' title='bbox 2086 5717 2249 5773; x_wconf 72' lang='lat' dir='ltr'><strong>LXX.</strong></span> <span class='ocrx_word' id='word_1_805' title='bbox 2330 5719 2378 5751; x_wconf 86' lang='lat'><strong>&#39;°</strong></span> <span class='ocrx_word' id='word_1_806' title='bbox 2412 5707 2706 5794; x_wconf 78' lang='grc' dir='ltr'>καιομένῳ.</span> <span class='ocrx_word' id='word_1_807' title='bbox 2739 5707 2878 5779; x_wconf 58' lang='lat' dir='ltr'><strong>hcc.</strong></span> <span class='ocrx_word' id='word_1_808' title='bbox 2933 5707 3058 5780; x_wconf 75' lang='lat' dir='ltr'><strong>lect.</strong></span> <span class='ocrx_word' id='word_1_809' title='bbox 3109 5707 3413 5796; x_wconf 27' lang='lat' dir='ltr'><strong>{svzvuiuqn</strong></span> <span class='ocrx_word' id='word_1_810' title='bbox 3508 5725 3550 5755; x_wconf 81' lang='grc'><strong>⁸³</strong></span> <span class='ocrx_word' id='word_1_811' title='bbox 3580 5707 3712 5793; x_wconf 16' lang='grc' dir='ltr'>ίὰχθ.</span> <span class='ocrx_word' id='word_1_812' title='bbox 3755 5720 3796 5775; x_wconf 81' lang='grc' dir='ltr'><strong>Β</strong></span> 
     </span>
    </p>
   </div>
   <div class='ocr_carea' id='block_1_113' title="bbox 520 5783 1510 5857">
    <p class='ocr_par' dir='ltr' id='par_1_113' title="bbox 520 5783 1510 5857">
     <span class='ocr_line' id='line_1_113' title="bbox 520 5783 1510 5857; baseline 0.006 -26"><span class='ocrx_word' id='word_1_813' title='bbox 520 5783 794 5853; x_wconf 70' lang='grc' dir='ltr'>χυθείσής.</span> <span class='ocrx_word' id='word_1_814' title='bbox 893 5783 937 5815; x_wconf 72' lang='grc'><strong>⁸³</strong></span> <span class='ocrx_word' id='word_1_815' title='bbox 974 5789 1153 5857; x_wconf 80' lang='grc' dir='ltr'>ἑστερ.</span> <span class='ocrx_word' id='word_1_816' title='bbox 1197 5784 1236 5838; x_wconf 76' lang='grc' dir='ltr'><strong>ἢ</strong></span> <span class='ocrx_word' id='word_1_817' title='bbox 1271 5787 1510 5853; x_wconf 75' lang='grc' dir='ltr'>ἐρήμων.</span> 
     </span>
    </p>
   </div>
  </div>
