4116 6438
407 377 561 442 ’ἒθθ3

1472 368 1954 430 TIIEODORETI
1996 366 2333 426 EPISCOPI
2372 362 2734 424 CYRENSIS

3412 335 3418 338 ’
3527 363 3669 429 ιοοι

425 486 479 538 in
507 493 700 537 terram
729 480 972 541 Isractis,
1006 477 1058 530 in
1089 485 1279 529 terram
1299 475 1348 528 in
1368 490 1526 544 quam
1553 473 1746 526 sustuli
1770 488 1981 525 manum

2091 470 2179 522 ὅτι
2215 471 2327 540 ἐγὼ
2370 471 2604 536 Κύριος,
2645 467 2715 520 ἐν
2750 463 2829 530 τῷ
2875 465 3217 535 εἰσαγαγεῖν
3257 483 3336 535 με
3381 468 3539 538 ὑμᾶς
3578 475 3668 539 είς

424 589 616 637 meum,
644 582 699 624 ut
733 571 913 622 durem
946 584 1061 622 eam
1101 567 1337 634 patribus
1386 565 1591 617 vestris.
1632 562 1768 615 Illud
1807 573 1986 615 autem

422 651 823 731 sanctiﬁcabor,
851 658 1036 728 posuit
1070 671 1168 727 pro
1203 671 1268 708 eo
1297 655 1440 724 quod
1491 664 1577 707 est
1625 651 1986 724 gloriﬁcabor.

420 754 622 808 Omnes
654 753 797 804 enim
837 749 1083 802 videntes
1117 756 1168 800 et
1205 761 1322 799 mea
1352 745 1641 809 benelicia,
1677 753 1731 797 et
1772 751 1986 812 gratum

418 845 662 897 animum
705 847 972 901 vestrum,
1036 838 1325 891 utilitatem
1376 836 1598 888 multam
1655 834 1985 904 percipient,

417 947 606 988 eorum
650 945 790 1000 quos
816 929 918 997 ipsi
966 929 1098 982 deos
1152 935 1354 979 vocant
1398 925 1830 978 imbecillitatem
1871 937 1990 976 cer-

417 1032 632 1086 nentes,
663 1030 717 1075 et
744 1035 918 1074 meam
954 1034 1022 1071 ex
1065 1016 1348 1072 beneﬁciis
1383 1017 1438 1070 in
1466 1031 1563 1070 vos
1589 1015 1807 1070 collatis
1835 1021 1991 1084 pote-

408 1121 618 1168 statem
654 1110 1117 1180 contemplantes.
1142 1127 1151 1137 ·

487 1275 765 1332 νειιε.45.
825 1274 894 1326 Ει
950 1273 1358 1328 recordabimini
1411 1272 1486 1324 ibi
1534 1272 1739 1324 viarum
1787 1277 1989 1322 vestra-

402 1383 555 1430 rum,
583 1375 631 1418 et
660 1366 1025 1418 institutorum
1055 1375 1350 1416 vestrorum
1376 1363 1632 1422 omnium,
1668 1358 1856 1428 quibus
1883 1357 1990 1425 pol-

417 1459 518 1510 luti
550 1458 719 1511 estis:
768 1465 816 1509 et
847 1455 1149 1523 percutietis
1208 1453 1370 1520 facies
1405 1460 1604 1504 vestras
1635 1452 1691 1502 in
1745 1448 1987 1501 omnibus

416 1550 641 1602 malitiis
679 1547 864 1600 vestris
897 1561 1032 1614 quas
1059 1543 1284 1611 fecistis.
1321 1541 1544 1610 Agnitio
1582 1542 1728 1594 enim
1780 1537 1987 1607 peccati

419 1641 650 1710 pudoris
681 1645 764 1692 est
795 1637 1033 1690 initium.
1071 1634 1280 1688 Idcirco
1301 1633 1638 1688 conscientia
1673 1631 1989 1687 stimulante

416 1732 652 1784 frontem
701 1735 989 1798 percutere
1031 1726 1440 1781 consuevimus.
1495 1723 1642 1779 Idem
1683 1724 1848 1777 etiam
1899 1722 1989 1776 hic

2094 560 2210 635 τὴν
2247 560 2362 629 γῆν
2386 560 2492 612 τοῦ
2539 558 2805 626 Ἰσραὴλ,
2833 559 2919 622 εις
2947 557 3060 624 τὴν
3093 556 3210 625 γῆν
3233 561 3321 624 εὶς
3352 559 3434 626 ἢν
3471 561 3669 629 ἑπῆρα

2094 651 2209 720 τὴν
2243 652 2410 720 χεῖρά
2435 669 2574 720 μου,
2602 652 2708 705 τοῦ
2740 650 2949 704 δοῦναι
2981 651 3176 718 αὐτὴν
3210 651 3335 717 τοῖς
3367 654 3670 721 πατράσιν

2093 743 2277 811 ὑμῶν.
2312 744 2384 795 Τὸ
2424 744 2480 796 δὲ
2509 743 2949 812 ἁγιασθήσομαι
2992 743 3111 795 ἀντὶ
3152 742 3247 796 τοῦ
3281 743 3668 812 δοξασθήοό-⁵

2088 851 2194 902 μαι
2238 835 2514 888 τέθεικεν·
2554 835 2788 905 ὁρῶντες
2831 834 2938 903 γὰρ
2981 835 3215 897 ἅπαντες
3259 834 3480 896 καὶτὰς
3527 837 3668 905 ἐμὰς

2097 926 2434 994 εὐεργεσίας,
2462 927 2556 978 καὶ
2581 925 2679 995 τὴν
2701 925 2968 995 ὑμετέραν
2999 925 3436 995 εὐγνωμοσύνην,
3466 926 3671 996 πολλὴν

2091 1016 2356 1085 ὠφέλειαν
2386 1016 2793 1088 καρπώσονται,
2819 1016 2927 1068 τῶν
2969 1017 3066 1086 μὲν
3097 1017 3445 1086 καλουμένων
3483 1017 3666 1071 αὐτῶν

2093 1107 2230 1160 θεῶν
2262 1108 2544 1177 βλέποντες
2576 1108 2674 1176 τὴν
2703 1106 3006 1170 ἀσθένειαν,
3039 1107 3137 1176 τὴν
3173 1106 3230 1158 δὲ
3273 1107 3412 1176 ἐμὴν
3451 1107 3539 1159 διὰ
3566 1106 3669 1175 τῆς

2093 1199 2220 1269 περὶ
2249 1199 2393 1267 ὑμᾶς
2425 1197 2740 1267 εὐεργεσίας
2764 1196 2988 1266 δύναμιν
3013 1195 3360 1265 θεωροῦντες.

2168 1287 2278 1356 μγ’.
2329 1287 2436 1341 Καὶ
2475 1285 2906 1354 μνησθήσεσθε
2941 1283 3067 1337 ἐκεῖ
3105 1283 3226 1337 τῶν
3271 1283 3428 1338 ὁδῶν
3472 1283 3663 1354 ὑμῶν,

2091 1372 2193 1424 καὶ
2237 1371 2354 1424 τῶν
2403 1371 2889 1440 ἐπιτηδευμάτων
2937 1371 3104 1435 ὑμῶν
3153 1370 3412 1433 πάντων,
3463 1370 3532 1424 ἐν
3573 1367 3669 1438 οἷς

2089 1462 2404 1532 ἐμιάνθητε
2424 1463 2471 1493 ⁸⁸
2502 1462 2572 1515 ἐν
2607 1461 2832 1527 αὐτοῖς,
2873 1462 2970 1514 καί
3001 1462 3323 1528 aediﬁcas“
3361 1461 3433 1514 τὰ
3474 1463 3666 1528 πρόσ-

2089 1568 2220 1604 ωπα
2257 1551 2424 1616 ὑμῶν
2472 1551 2542 1602 ἐν
2580 1548 2804 1614 πάσαις
2830 1548 2964 1614 ταῖς
3013 1549 3251 1612 κακίαις
3281 1547 3448 1614 ὑμῶν
3470 1587 3484 1611 ,
3521 1548 3595 1610 ἃς
3615 1549 3662 1579 ⁸⁸

2089 1638 2432 1704 ἐποιήσατε.
2477 1638 2800 1705 Ἐπίγνωσις
2832 1637 2940 1706 γὰρ
2973 1637 3246 1707 ἁμαρτίας
3279 1636 3539 1706 αἰσχύνης
3563 1638 3664 1708 ἀρ-

2091 1732 2195 1799 χή’
2267 1729 2354 1782 διὰ
2383 1730 2428 1760 ⁸³
2482 1727 2641 1780 τοῦτο
2702 1727 2797 1780 τοῦ
2855 1728 3154 1790 συνειδότος
3224 1728 3538 1790 κεντοῦντος
3597 1727 3664 1781 τὰ

413 1819 768 1890 signiﬁcavit.
799 1816 937 1871 Cum
967 1816 1112 1870 enim
1155 1814 1522 1877 recesseritis,
1561 1814 1761 1882 inquit,
1805 1827 1834 1864 a
1875 1811 1982 1880 pri-

2093 1818 2318 1887 μέτωπα
2348 1816 2572 1870 τύπτειν
2600 1817 2904 1887 εἰώθαμενο
2934 1817 3092 1870 τοῦτο
3128 1818 3222 1870 καὶ
3267 1818 3500 1870 ἐνταῦθα
3532 1819 3665 1888 ἐσή-

414 1913 558 1966 stina
593 1909 903 1978 iniquitate,
936 1915 990 1962 et
1022 1921 1203 1959 meum
1234 1906 1441 1959 cultum
1476 1904 1713 1973 amplexi
1753 1902 1986 1964 fueritis,

411 2003 581 2073 836
619 2016 792 2055 meam
831 1998 1112 2053 consecuti
1158 1996 1575 2066 providentiam,
1630 1994 1987 2062 pristinorum

413 2096 686 2148 scelerum
732 2092 1028 2161 impiorum
1061 2087 1382 2158 percipietis
1437 2101 1683 2151 sensum,
1717 2094 1772 2139 et
1819 2083 1988 2138 facies

415 2185 761 2255 percutielis,
793 2181 1020 2254 quantis
1054 2179 1252 2250 polluti
1273 2179 1396 2234 sitis
1437 2176 1781 2232 facinoribus
1817 2174 1985 2230 ratio-

411 2276 688 2330 cinantes.

481 2452 654 2506 "Vens.
685 2450 775 2504 44.
809 2447 878 2501 Et
907 2446 1256 2516 cognoscetis,
1279 2461 1360 2498 me
1388 2459 1499 2498 esse
1532 2441 1838 2504 Dominum,
1867 2456 1986 2494 cum

397 2559 500 2614 ego
539 2541 615 2595 sic
666 2539 833 2607 fecero
879 2535 1045 2602 vobis,
1090 2543 1144 2586 ut
1180 2548 1366 2586 nomen
1399 2547 1570 2585 meum
1608 2547 1710 2583 non
1738 2529 1982 2592 violetur,

408 2646 516 2684 non
561 2624 848 2681 secundum
882 2623 993 2676 vias
1041 2629 1244 2674 vestras
1274 2618 1469 2684 malas,
1510 2634 1671 2688 neque
1700 2615 1986 2670 secundum

408 2723 656 2778 instituta
710 2727 885 2772 vestra
939 2723 1223 2784 corrupta,
1279 2711 1467 2765 domus
1535 2711 1799 2774 Israelis,
1855 2709 1985 2762 dicit

410 2811 621 2869 Λαοηαὶ
663 2809 942 2862 Dominus.
978 2804 1092 2860 Hac
1121 2811 1308 2860 autem
1341 2818 1499 2866 cura,
1525 2802 1729 2870 inquit,
1761 2815 1858 2855 vos
1900 2799 1986 2853 di-

408 2919 546 2976 gnos
602 2901 864 2964 censebo,
906 2898 1044 2952 alios
1099 2896 1266 2950 etiam
1327 2908 1523 2948 omnes
1584 2891 1834 2947 homines
1887 2907 1987 2960 per

409 3011 593 3052 meum
624 2993 681 3047 in
716 3007 838 3057 vos,
867 2987 1200 3044 beneﬁcium
1258 2983 1489 3040 studens
1546 2983 1613 3036 ad
1669 2997 1841 3036 meam
1891 2997 1987 3036 co-

2093 1926 2280 1978 μανεν.
2323 1909 2680 1971 Ἀποστάντες
2705 1910 2832 1980 γὰρ,
2866 1909 3021 1979 φησὶ,
3046 1909 3146 1977 τῆς
3176 1909 3446 1980 προτέρας
3485 1927 3660 1981 παρα.

2089 1997 2300 2065 νομίας,
2343 1998 2436 2049 καὶ
2481 1997 2580 2068 τὴν
2615 1996 2753 2067 ἐμὴν
2785 1998 3164 2066 ἀσπασάμενοι
3212 1996 3531 2068 θεραπείαν,
3569 2001 3665 2052 καὶ

2088 2087 2185 2156 τῆς
2222 2090 2350 2156 παρ’
2372 2086 2505 2156 ἐμοῦ
2537 2086 2877 2158 προμηθείας
2906 2089 3285 2157 τυγχάνοντες,
3325 2090 3382 2140 ὲν
3413 2092 3666 2161 αἰσθήσει

2089 2177 2381 2246 γενήσεσθε
2410 2177 2519 2230 τῶν
2549 2178 2832 2249 προτέρων
2856 2179 3237 2249 ἀσεϐημάτων,
3277 2183 3370 2235 καὶ
3399 2182 3466 2235 τὰ
3496 2184 3664 2254 πρόσ-

2087 2280 2212 2316 ωπα
2257 2263 2487 2333 τύψετε,
2533 2266 2742 2336 ὴλίκοις
2788 2268 3086 2340 ὲνεφύρητε
3135 2271 3326 2334 κακοῖς
3379 2269 3664 2342 λογιζόμε-

2085 2371 2189 2408 νοι.
3122 2400 3130 2408 .

2152 2450 2262 2521 μδῖ
2297 2451 2406 2505 Καὶ
2437 2448 2876 2519 ἐπιγνώσεσθε,
2907 2449 3004 2503 ὅτι
3042 2450 3160 2519 ἐγὼ
3197 2453 3434 2520 Κύριος,
3473 2451 3544 2504 ἐν
3583 2469 3666 2518 τῳ
3708 2520 3710 2522 τ

2087 2542 2340 2611 ποιῆσαι
2363 2559 2441 2611 με
2463 2542 2650 2608 οὕτως
2677 2542 2838 2611 ὑμῖν,
2862 2542 3028 2608 ὅπως
3049 2543 3094 2574 ⁶⁴
3122 2543 3188 2596 τό
3211 2542 3399 2612 ὄνομά
3420 2560 3538 2611 μου
3571 2543 3663 2611 μὴ

2081 2629 2422 2698 ,ΘεϐηλωόίῇἸ
2455 2633 2525 2684 οὐ
2547 2631 2594 2662 ⁵⁸
2630 2630 2779 2684 κατὰ
2805 2631 2910 2697 τὰς
2935 2631 3113 2696 ὀδοὺς
3131 2632 3300 2700 ὑμῶν
3334 2633 3441 2698 τὰς
3477 2646 3659 2700 πον-η·
3687 2669 3693 2673 -

2079 2721 2226 2788 ρὰς,
2276 2721 2418 2774 οὐδὲ
2464 2721 2616 2774 κατὰ
2663 2720 2735 2774 τὰ
2785 2721 3219 2790 ἐπιτηδεύματα
3262 2722 3431 2792 ὑμῶν
3466 2723 3537 2777 τὰ
3575 2722 3660 2776 διο

2087 2811 2444 2880 εφθαρμένα,
2477 2808 2942 2880 οἷκοςςἾσραὴλ,
2962 2813 3126 2884 λέγει
3167 2814 3406 2868 Ἀδωναῒ
3423 2817 3660 2884 Κύριος.

2087 2902 2302 2971 Ταύτης
2329 2902 2406 2964 δὲ,
2438 2902 2622 2971 φησὶν,
2655 2901 2872 2968 ἀξιώσω
2889 2904 2986 2973 τῆς
3021 2904 3347 2976 κηδεμονίας
3374 2908 3538 2977 ὑμᾶς,
3564 2911 3660 2961 καὶ

2084 2991 2209 3054 τοὺς
2239 2991 2430 3055 ἄλλους
2470 2991 2722 3054 ἅπαντας
2767 2992 3084 3062 ἀνθρώπους
3127 2995 3215 3048 διὰ
3262 2998 3360 3067 τῆς
3395 2999 3474 3060 είς
3516 2999 3663 3067 ὑμᾶς

410 3085 712 3157 gnitionem
745 3079 1039 3134 adducere.
1061 3074 1247 3144 Neque
1271 3073 1416 3129 enim
1446 3087 1541 3127 vos
1569 3071 1857 3125 clementia
1890 3077 1982 3123 aut

2088 3081 2402 3150 εὐεργεσίας
2432 3083 2513 3144 είς
2535 3082 2636 3152 τὴν
2662 3082 2801 3153 ἐμὴν
2831 3083 3126 3152 ἐπίγνωσιν
3165 3086 3358 3156 τρέψαι
3399 3087 3660 3158 βουλόμε-

402 3141 571 3234 ιῖιεηῑει
598 3173 750 3244 digni
783 3171 941 3234 estis,
978 3171 1032 3222 in
1063 3141 1248 3236 impiis
1275 3165 1542 3220 institutis
1573 3163 1812 3219 educati.
1842 3164 1976 3218 Cum

2088 3141 2513 3240 veg'°'obzs'7c‘zp
2542 3141 2707 3239 ὑμεῖς.
2741 3141 3148 3241 ᾧιλανθρωπίας
3185 3141 3345 3237 άξιοι,
3456 3175 3499 3206 ⁸⁸
3533 3141 3662 3241 city-

404 3269 576 3338 igitur
601 3261 981 3322 didicerimus,
1029 3272 1194 3327 quam
1253 3256 1481 3325 impium
1537 3255 1609 3310 sit
1639 3269 1836 3309 nomen
1869 3254 1977 3308 Do-

406 3358 540 3412 mini
589 3354 860 3425 polluere,
906 3362 1220 3409 caveamus,
1248 3362 1315 3401 ne
1370 3345 1660 3400 Dominum
1709 3345 1979 3401 conviciis

405 3445 851 3519 proscindamus.
907 3439 1011 3507 Qui
1075 3439 1220 3492 enim
1283 3438 1352 3491 ab
1398 3436 1515 3506 ipso
1572 3437 1793 3491 nomine
1856 3436 1978 3506 ejus

415 3536 629 3608 dignati
671 3540 824 3596 sunt,
857 3530 956 3586 sed
985 3529 1262 3599 indignam
1290 3526 1656 3597 appellatione
1683 3528 1786 3581 ista
1811 3528 1976 3582 vitam

407 3637 602 3698 agunt,
629 3624 699 3678 ad
748 3624 870 3693 ejus
900 3619 1300 3690 blasphemiam
1354 3618 1650 3673 stultorum
1696 3618 1977 3672 concitant

399 3717 644 3786 linguas.
677 3712 834 3779 Quod
865 3711 1032 3766 etiam
1061 3709 1127 3764 de
1152 3705 1357 3763 Judaeis
1387 3706 1604 3762 dicebat
1629 3707 1770 3762 Dens
1800 3724 1815 3762 :
1855 3725 1875 3758 ι
1912 3706 1978 3760 Et

348 3857 352 3860 .
396 3803 690 3877 polluistis
717 3816 917 3857 nomen
945 3814 1124 3854 meum
1151 3799 1205 3852 in
1230 3798 1506 3868 gentibus,
1540 3812 1669 3852 cum
1697 3798 1978 3854 diceretur

404 3893 588 3958 vobis,
617 3891 860 3960 Populus
888 3887 1105 3942 Domini
1138 3885 1252 3951 isti,
1279 3893 1333 3941 et
1360 3885 1430 3941 de
1459 3895 1602 3941 terra
1624 3887 1746 3956 ejus
1767 3888 1975 3957 egressi

406 3991 538 4041 sunt
569 3992 619 4036 ιι.
661 4001 680 4034 ι
715 3979 826 4035 Nos
857 3985 1038 4034 autem
1085 3977 1233 4032 idem
1276 3991 1496 4048 quoque
1519 3977 1666 4047 quod
1711 3977 1977 4034 Dominus

405 4083 708 4146 cognomen
751 4071 1132 4134 obtinuimus,
1180 4068 1450 4136 siquidem
1509 4083 1540 4122 a
1591 4067 1813 4125 Christe
1873 4084 1976 4125 no-

402 4167 698 4220 minamur.
755 4161 969 4216 idcireo
1031 4157 1188 4213 decet
1254 4174 1356 4214 nos
1411 4173 1605 4215 omnes
1671 4161 1974 4215 secundum

401 4255 762 4326 apostolicam
803 4253 978 4322 legem
1020 4269 1040 4302 ι
1075 4252 1190 4305 sive
1222 4249 1643 4316 manducemus,
1677 4252 1795 4305 sive
1822 4251 1976 4306 biba-

400 4361 548 4411 mus,
575 4347 692 4402 sive
719 4344 870 4398 aliud
897 4341 1030 4413 quid
1067 4340 1376 4408 faciamus,
1404 4341 1590 4394 omnia
1639 4341 1694 4395 in
1740 4341 1974 4412 gloriam

399 4436 496 4492 Dei
549 4436 758 4500 facere,
790 4442 844 4490 et
876 4435 998 4490 sine
1031 4432 1338 4488 oll‘ensione
1367 4445 1492 4486 esse
1531 4429 1734 4488 Iudaeis
1761 4442 1820 4489 et
1845 4449 1978 4505 gen-

399 4528 569 4592 tibus,
596 4536 652 4582 et
683 4525 944 4582 Ecclesiae
989 4523 1085 4578 Dei
1115 4533 1157 4591 °,
1194 4541 1212 4574 ›
1249 4523 1335 4577 cui
1363 4521 1540 4592 gloria
1571 4524 1642 4579 sit
1685 4524 1741 4579 in
1767 4527 1973 4581 saacula

399 4617 750 4672 saeculorum.
776 4613 973 4667 Amen.

497 4887 533 4916 ιι
572 4876 771 4935 Ezech.
803 4893 1000 4946 xxxvi,
1033 4877 1126 4933 20.
1167 4886 1193 4916 ο
1224 4878 1246 4934 ι
1275 4879 1401 4938 Cor.
1425 4897 1486 4951 ι,
1515 4883 1606 4952 3i,
1635 4885 1732 4940 32.

2086 3256 2344 3328 γνώμης.
2397 3259 2734 3328 παρανόμοις
2784 3261 3209 3330 ἐπιτηδεύμασιν
3264 3263 3656 3333 ἐντραφέντες·

2090 3349 2349 3419 μαθόντες
2382 3350 2584 3412 τοίνυν,
2607 3352 2754 3413 ὅπως
2787 3351 2906 3403 εστὶ
2934 3351 3212 3416 δυσσεϐὲς,
3243 3351 3305 3405 τὸ
3327 3352 3466 3406 θεῖον
3487 3353 3662 3424 ὄνομα

2086 3438 2382 3509 βεϐηλοῦν,
2446 3439 2707 3510 φύγωμεν
2757 3442 2819 3494 τὸ
2880 3441 3227 3513 βλασφημίαν
3277 3442 3355 3512 τῷ
3410 3445 3658 3518 Δεσπότῃ

2085 3532 2437 3600 προσάπτειν.
2465 3534 2528 3585 Οἱ
2556 3533 2666 3604 γὰρ
2688 3533 2786 3603 τῆς
2815 3534 2978 3588 αὐτοῦ
3013 3535 3385 3606 προσηγορίας
3420 3535 3659 3606 ἠξιωμέο

2083 3639 2183 3683 νοι,
2219 3622 2452 3687 ἀναξίως
2481 3623 2539 3676 δὲ
2571 3623 2776 3694 ταύτης
2809 3627 3236 3696 πολιτευόμενοι,
3281 3629 3362 3693 είς
3400 3631 3498 3700 τὴν
3532 3630 3657 3683 κατ’

2083 3713 2249 3767 αὐτοῦ
2303 3714 2652 3785 βλασφημίαν
2707 3716 2814 3770 τῶν
2859 3718 3102 3788 ἀνοήτων
3151 3720 3510 3789 παρακινοῦσι
3557 3721 3658 3784 τὰς

2080 3802 2326 3872 γλώττας
2346 3820 2359 3834 ·
2388 3803 2545 3857 τοῦτο
2569 3807 2662 3859 καὶ
2684 3807 2812 3877 περι
2838 3806 2945 3859 τῶν
2977 3807 3242 3862 Ἰουδαίων
3264 3812 3291 3863 ό
3317 3809 3450 3873 Θεὸς
3477 3811 3653 3879 ἔλεγεσ

2089 3911 2108 3944 ι
2151 3893 2259 3944 Καὶ
2287 3893 2330 3923 ⁸⁵
2371 3891 2745 3963 ὲὸεϐηλώσατε
2775 3894 2840 3947 τὸ
2872 3894 3045 3964 ὄνομά
3075 3911 3178 3965 μου
3207 3897 3265 3948 ὲν
3286 3901 3397 3960 τοῖς
3420 3896 3653 3962 ἔθνεσιν,

2082 3986 2140 4036 ὲν
2173 3984 2250 4054 τῷ
2280 3983 2535 4052 λέγεσθαι
2561 3986 2712 4054 ὑμῖν,
2748 3983 2890 4049 Λαδς
2919 3986 3127 4056 Κυρίου
3155 3979 3320 4051 οῦτοι,
3351 3987 3444 4040 καὶ
3472 3987 3536 4039 ὲκ
3552 3986 3655 4056 τῆς

2081 4074 2186 4144 γῆς
2208 4074 2373 4128 αὑτοῦ
2399 4073 2799 4145 ἐξεληλύθασιν.
2829 4094 2848 4127 ι
2887 4076 3079 4147 Ἡμεῖς
3099 4077 3159 4131 δὲ
3180 4077 3273 4132 καὶ
3292 4077 3462 4146 αὐτὴν
3490 4077 3653 4148 ἐσκή-

2081 4182 2259 4235 καμεν
2286 4163 2380 4216 τοῦ
2403 4164 2675 4218 Δεσπότου
2701 4165 2799 4237 τὴν
2833 4168 3206 4240 προσηγορίαν
3224 4185 3238 4198 ·
3276 4167 3384 4221 ἀπὸ
3414 4165 3652 4239 Χριστοῦ

2081 4256 2191 4326 γὰρ
2227 4254 2605 4325 ὀνομαζόμεθα
2623 4271 2640 4286 ·
2668 4255 2750 4309 διὸ
2787 4258 3054 4329 προσήκει
3081 4258 3287 4322 πάντας
3314 4259 3478 4330 ἡμᾶς,
3509 4257 3654 4312 κατὰ

2080 4345 2180 4414 τὴν
2225 4343 2587 4414 ἀποπολικὴν
2625 4343 2965 4414 νομοθεσίαν,
3017 4365 3036 4397 ι
3082 4346 3192 4400 εῐτε
3227 4346 3500 4417 ἐσθίομεν,
3539 4347 3652 4399 είτε

2083 4437 2332 4506 πίνομεν,
2383 4436 2492 4488 εἴτε
2525 4452 2578 4488 τι
2618 4435 2900 4507 ποιοῦμεν,
2945 4439 3125 4492 πάντα
3177 4438 3257 4500 εἰς
3305 4437 3461 4502 δόξαν
3512 4435 3651 4488 Θεοῦ

2079 4527 2254 4578 ποιεῖν
2273 4523 2342 4589 ⁸⁸,
2403 4523 2497 4576 καὶ
2549 4523 2930 4593 άπροσκόπους
2975 4521 3118 4578 εἶναι
3161 4524 3428 4588 Ἰουδαίοις
3451 4524 3494 4556 ⁶’
3553 4522 3650 4575 καὶ

2082 4613 2328 4683 Ἕλλησι,
2363 4613 2459 4665 καὶ
2495 4615 2561 4682 τῇ
2597 4613 2894 4686 Ἐκκλησία
2918 4613 3012 4668 τοῦ
3045 4614 3203 4683 Θεοῦ,
3231 4633 3250 4668 ι
3290 4609 3335 4685 ᾧ
3359 4615 3394 4686 ἡ
3421 4613 3545 4681 δόξα
3568 4613 3666 4680 εἰς¹

2081 4706 2207 4767 τοὺς
2231 4702 2432 4766 αἰῶνας
2474 4702 2581 4757 τῶν
2605 4701 2832 4759 αἰώνων.
2871 4705 3061 4776 ’Δμήν.

1685 5059 1700 5090 t
1715 5035 1905 5092 ΑΒΙῶ
1947 5033 2354 5092 LECTIONES.

470 5185 642 5258 “in.
674 5182 716 5236 Β
749 5184 1078 5258 ὲμιαίνεσθε,
1119 5188 1276 5256 juxta
1326 5204 1437 5244 rec.
1468 5190 1590 5244 lect.

399 5254 486 5307 ἐπ.
529 5253 649 5308 Des.
682 5253 824 5321 apud
869 5270 994 5317 Lxx,

1697 5190 1740 5221 οι
1771 5190 1897 5259 κόψ.
1939 5207 1994 5245 τ.

1355 5204 1437 5244 ec.
1468 5190 1590 5244 lect.
1697 5190 1740 5221 οι
1771 5190 1897 5259 κόψ.
1939 5207 1994 5245 τ.
2045 5206 2088 5242 π
2131 5229 2142 5242 .
2201 5191 2300 5258 ὐμ.
2339 5187 2501 5244 Hebr.
2569 5186 2793 5246 fastidio
2839 5189 2996 5247 eritis
3045 5191 3203 5248 vobis
3252 5192 3413 5263 ipsis.

1353 5259 1412 5310 it.
1449 5258 1641 5310 Grab..
1681 5259 1770 5310 ubi
1818 5260 1923 5310 lea.
1972 5252 2061 5310 aI:
2093 5207 2412 5310 Ξποιήσατε.
2489 5258 2534 5289 ⁸³
2571 5257 2658 5310 διὰ
2685 5277 2735 5310 τ.
2779 5259 2818 5310 Β
2854 5259 2953 5310 διό.
3033 5259 3080 5293 ⁸⁸
3101 5262 3193 5310 ὄπ.
3229 5290 3299 5301 -
3329 5260 3413 5310 Βεε

1048 5252 1242 5328 praeter
1282 5258 1412 5328 edit.
1449 5258 1641 5328 Gram,
1681 5259 1770 5312 ubi
1818 5252 1923 5328 leg.
1972 5252 2061 5321 αἷς
2093 5252 2198 5311 ἒπο

2201 5191 2300 5258 ὐμ.
2339 5189 2501 5244 Hebr.
2569 5189 2793 5246 fastidio
2839 5189 2996 5247 eritis
3045 5191 3203 5248 vobis
3252 5192 3413 5263 ipsis.
3513 5191 3558 5223 "
3579 5189 3649 5254 ἃς

2201 5259 2412 5332 ιήσατε.
2489 5258 2534 5289 ⁸³
2571 5257 2658 5332 stat
2685 5277 2735 5313 τ.
2779 5259 2818 5332 β
2854 5259 2953 5332 διό.
3033 5259 3080 5332 ff
3101 5262 3193 5332 δπ.
3229 5290 3299 5332 -έ
3329 5256 3644 5332 βεϐκλΗεὺζ.

400 5333 623 5426 ντιιυξειξ
655 5338 1114 5426 ποπξξςιηιξιδςτξῑι
1141 5325 2435 5426 .1233,eadem“:assistam!“ita-i2
2477 5328 2755 5426 satis!
2779 5328 2820 5380 Β
2849 5328 3006 5426 im
3035 5328 3202 5387 δειπ-
3360 5331 3418 5400 ἰ-
3451 5328 3491 5382 ⁸
3525 5325 3644 5383 “‘-

536 5394 630 5446 καὶ
661 5421 730 5433 -
766 5389 1114 5454 ὲξελέΑΙίιθιο
1141 5394 1286 5448 infra
1315 5389 1319 5390 ν
1345 5396 1382 5448 l.
1418 5411 1466 5450 c.
1541 5396 1586 5427 ⁸⁸
1608 5398 1799 5449 ποιεῖν.
1817 5389 1953 5452 ’1)85.
1990 5397 2044 5450 in
2082 5395 2140 5448 Β.
2215 5397 2259 5428 ⁵³
2299 5396 2452 5452 Ἰουδ.
2489 5395 2529 5448 Β
2567 5389 2757 5452 omam.
2781 5389 2898 5452 καί.
3260 5411 3266 5415 ·
