4116 6400
538 365 678 445 1009

1708 359 1800 438 1N"
1825 367 2270 440 Ezscursus
2302 379 2458 437 CAP.
2490 371 2651 438 xxi.

3605 446 3612 452 .
3637 373 3788 446 1010‘

525 478 784 542 iurat”,
813 480 977 549 λέγει
1019 482 1266 538 Ἀδωναῒ
1303 488 1535 555 Κύριος.
1573 488 1695 552 Σοῦ,
1728 491 1883 561 φησι,
1920 492 2104 544 στενά-

2221 507 2314 544 .em
2365 491 2678 546 necessario
2732 490 3179 560 interrogabant,
3223 491 3511 561 cupientes
3563 490 3773 543 doloris

527 571 711 635 ζοντος
742 571 1058 640 ἀναγκαίως
1090 575 1395 645 ἐρήσονται,
1452 578 1644 648 μαθεῖν
1678 579 1953 646 ἐθέλοντες
2004 583 2102 654 τὴν

525 658 621 712 τοῦ
656 658 866 726 πάθους
902 663 1081 718 αἰτίαν
1104 681 1118 695 ·
1144 665 1422 737 ἐρομένοις
1453 670 1632 722 τοίνυν
1670 671 1988 743 ἀπόκριναι,
2021 673 2104 726 ὅτι

527 751 608 803 Τὰ.
631 751 866 822 ἐσομένα
891 755 1219 828 προθεωρῶν
1239 759 1401 822 κακὰ,
1430 761 1523 814 καὶ
1544 761 1640 825 τὰς
1665 761 1908 833 χαλεπὰς
1935 765 2104 834 ἀγγε-

527 843 679 907 λίας,
728 845 824 898 καὶ
877 845 940 898 τὸ
1011 848 1260 904 ἐντεῦθεν
1305 853 1472 905 πᾶσιν
1524 854 1908 924 ἐπιγενόμενον
1964 856 2104 920 δέος,

529 932 734 996 στένω,
788 933 884 986 καὶ
916 933 1254 1008 ὀλοφύρομαι
1297 937 1408 992 τῶν
1441 940 1728 1009 ὁμοφύλων
1769 941 1866 1004 τὰς
1901 957 2106 1011 συμφο-

533 1022 652 1092 ράς.

600 1141 736 1204 η’·ιν.
790 1137 902 1190 Καὶ
944 1137 1179 1208 ἐγένετο
1209 1142 1393 1210 λόγος
1432 1143 1652 1211 Κυρίου
1680 1143 1830 1212 πρὸς
1862 1145 1963 1214 μὲ,
2007 1144 2106 1200 λέ-

532 1243 684 1293 γων·
745 1227 841 1279 Υιὲ
877 1228 1212 1296 ἀνθρώπου,
1261 1231 1726 1300 προφήτευσον.
1779 1235 1879 1292 καὶ
1930 1235 2102 1301 ἐρεῖς·

541 1315 682 1370 Τάδε
728 1317 892 1385 λέγει
943 1319 1182 1374 Ἀδωναῒ
1219 1324 1469 1390 Κύριος,
1512 1323 1700 1380 Εἰπὸν
1719 1325 1765 1359 ⁸⁵
1815 1327 2102 1395 ,ῥομφαίψ

547 1407 834 1476 Ῥομςραία
853 1410 1076 1473 όξὺνου
1097 1412 1165 1474 ⁸⁸,
1189 1413 1288 1466 καὶ
1319 1417 1634 1483 θυμώθητιο
1653 1417 1840 1481 Ὅπως
1865 1416 2109 1484 σφὰξης

533 1495 760 1566 σφάγια
796 1498 1041 1564 δεύνου,
1065 1501 1226 1567 ὅπως
1252 1501 1398 1570 γένῃ
1420 1507 1507 1571 εὶς
1529 1507 1876 1568 στίλόωσιν,
1905 1507 2108 1576 ἑτοίμη

532 1590 621 1652 εὶς
667 1589 1035 1656 παράλυσιν,
1085 1592 1292 1662 σφάζε,
1341 1594 1673 1661 ἐξουθέγει,
1722 1598 1952 1653 ἀπόθου
1986 1597 2108 1652 πᾶν

2206 595 2430 634 causam
2455 593 2776 651 agnoscere.
2798 577 3259 636 Percontantibus
3277 581 3448 650 igitur
3468 580 3770 650 responde:

2207 663 2347 732 Quia
2383 666 2568 720 futura
2603 666 2902 738 providens
2929 668 3091 735 mala,
3118 669 3495 740 molestosque
3523 668 3770 729 nuntios.

2207 761 2374 824 atque
2397 755 2527 810 hinc
2555 757 2815 813 omnibus
2841 757 3102 827 injectum
3139 766 3439 826 terrorem,
3469 760 3688 830 suspiro
3713 775 3775 810 ac

2205 845 2433 916 deploro
2465 845 2753 902 tribulium
2784 862 3036 905 meorum
3069 849 3432 906 calamitates.

2280 1142 2448 1201 Vens.
2474 1145 2632 1200 8-10.
2667 1144 2734 1200 Et
2757 1144 2957 1213 factum
2979 1155 3056 1199 cst
3081 1145 3292 1199 verbum
3325 1143 3538 1197 Domini
3571 1140 3639 1196 ad
3671 1160 3774 1206 me.

2207 1233 2386 1288 dicens
2418 1251 2436 1287 :
2458 1233 2571 1288 Fili
2617 1234 2869 1300 hominis,
2892 1233 3168 1303 propheta,
3191 1243 3239 1288 et
3275 1233 3414 1287 dices
3441 1249 3460 1288 :
3492 1233 3621 1287 Haec
3644 1233 3774 1288 dicit

2207 1322 2418 1378 Δάοηαί
2448 1323 2707 1379 Dominus
2737 1341 2758 1380 :
2785 1324 2885 1378 Dic
2912 1323 3112 1395 gladio,
3143 1323 3355 1394 gladius
3379 1340 3564 1378 acuere
3585 1335 3635 1378 et
3665 1326 3775 1377 ira-

2208 1428 2370 1466 scere.
2428 1410 2498 1466 Ut
2531 1412 2747 1483 jugules
2801 1413 3191 1482 jugulationes,
3245 1428 3452 1477 acuere,
3495 1420 3552 1466 ut
3596 1414 3672 1468 sis
3721 1414 3777 1466 in

2208 1503 2558 1573 splendorem,
2590 1513 2816 1574 paratus
2847 1504 2916 1558 ad
2949 1505 3387 1572 dissolutionem;
3406 1503 3624 1574 jugulo,
3684 1503 3778 1557 de-

2208 1596 2368 1664 spice,
2397 1596 2554 1666 rejice
2577 1612 2729 1651 omne
2759 1594 3241 1668 lignum.Gladium
3262 1611 3457 1651 rursus
3484 1611 3581 1666 per
3602 1603 3780 1651 trans—

535 1676 742 1740 ξύλον.
803 1681 1134 1750 Ῥομφαιαν
1177 1683 1340 1736 πάλιν
1380 1686 1658 1754 τροπικῶς
1694 1685 1794 1756 τὴν
1837 1686 2105 1757 τιμωρίαν

2221 1662 2473 1740 lationem
2543 1694 2706 1740 vocat
2763 1662 3115 1758 supplicium,
3173 1701 3270 1756 per
3335 1662 3666 1757 Babylonios
3727 1694 3783 1739 et

536 1767 689 1820 καλεῖ
714 1767 800 1822 διὰ
830 1769 938 1823 τῶν
985 1771 1364 1838 Βαϐυλωνίων,
1405 1775 1498 1826 καὶ
1541 1776 1837 1842 Ἰουδαίοις,
1871 1779 1964 1831 καὶ
1992 1780 2106 1841 τοῖς

535 1857 718 1922 ἄλλοις
745 1861 856 1923 τοῖς
886 1863 944 1913 ἐν
997 1861 1148 1931 μέσῳ
1188 1861 1397 1915 ἔθνεσιν
1426 1864 1830 1936 ἐπενεχθεῖσαν.
1864 1867 2020 1926 Δοκεῖ
2047 1865 2107 1919 δέ

540 1965 630 2015 μοι
668 1949 829 2013 αὐτος
879 1953 1205 2022 παρεγγυᾷν
1247 1953 1532 2022 θήγεσθαι,
1585 1956 1679 2008 καὶ
1733 1956 2104 2021 στιλϐοῧσθαι,

535 2041 630 2098 καὶ
676 2043 954 2108 σφάττειν.
999 2043 1094 2097 κα).
1139 2045 1246 2098 πᾶν
1293 2045 1449 2110 ξύλον
1489 2047 1785 2119 πρόρριζον
1834 2049 2104 2120 ἀνασπᾷν,

534 2129 801 2186 διδάσκων
833 2133 908 2196 ὡς
943 2133 1106 2186 αὐτοῦ
1144 2136 1558 2207 συγχωροῦντος
1589 2139 1762 2194 ταῦτα
1795 2141 2107 2211 γενήσεται,

535 2221 631 2274 καὶ
679 2225 741 2276 ού
789 2225 852 2293 τῇ
897 2224 991 2277 τοῦ
1026 2225 1366 2280 Βαϐυλωνίου
1397 2228 1644 2298 δυνάμει,
1678 2231 1813 2290 ἀλλὰ
1838 2235 1902 2302 τῇ
1943 2231 2109 2286 αὑτοῦ

537 2313 788 2383 ἐνεργείᾳ
817 2314 1021 2368 τούτων
1063 2315 1292 2370 ἕκαστον
1324 2320 1668 2376 ἐπιτελεῖται.
1717 2323 1966 2376 Τοιοῦτόν
1996 2325 2110 2379 ἐστι

538 2402 634 2454 καὶ
661 2401 722 2455 τὸ
754 2403 813 2456 ἐν
848 2403 926 2472 τῷ
954 2408 1361 2478 Δευτερονομίῳ
1383 2410 1474 2462 ὑπ’
1497 2412 1659 2465 αύτοῦ
1690 2412 1782 2466 τοῦ
1811 2413 1945 2466 Θεοῦ
1968 2416 2113 2485 εἰρη-

541 2489 724 2558 μένον,
764 2513 781 2543 ι
823 2493 942 2545 Ὀτι
979 2496 1268 2564 παροξυνῶ
1301 2499 1376 2562 ὡς
1405 2501 1692 2572 ἀστραπὴν
1714 2503 1813 2573 τὴν
1836 2505 2112 2575 μάχαιράν

543 2595 668 2648 μου,
695 2581 790 2633 καὶ
819 2581 1102 2649 ἀνθέξεται
1149 2587 1416 2657 κρίματος
1448 2593 1481 2660 ἡ
1516 2591 1636 2662 χείρ
1679 2610 1804 2662 μου,
1842 2597 1936 2648 καὶ
1966 2596 2112 2650 ἐκδι-

541 2670 717 2737 κήσω,
751 2671 844 2723 καὶ
872 2672 1240 2728 ἀνταποδώσω
1268 2677 1423 2748 δίκην
1454 2684 1566 2744 τοῖς
1599 2681 1831 2752 ἐχθροῖς,
1867 2686 1962 2738 καὶ
2001 2688 2114 2748 τοῖς

544 2767 762 2834 μισοῦσί
788 2787 855 2839 με
897 2773 1294 2835 ἀνταποδώσωο
1353 2774 1576 2844 μεθύσω
1609 2775 1676 2828 τὰ
1715 2775 1842 2845 βέλη
1876 2792 1977 2844 μου
2021 2776 2114 2840 ἀφ’

542 2855 793 2927 αίματος,
822 2861 918 2913 καὶ
946 2864 979 2931 ὴ
1009 2863 1255 2934 μάχαιρα
1281 2881 1382 2934 μου
1406 2865 1640 2933 φάγεται
1666 2863 1824 2936 κρέα.
1863 2883 1881 2916 ι
1926 2865 2037 2918 Καὶ
2058 2865 2116 2917 ἐν

543 2944 750 3010 τούτοις
777 2947 885 3018 γάρ
911 2949 1234 3018 μάχαιραν,
1279 2952 1373 3005 καὶ
1397 2951 1574 3018 βέλη,
1608 2952 1706 3022 τὴν
1739 2954 2117 3024 τιμωρητικὴν

545 3034 822 3106 ἐνέργειαν
852 3041 1282 3112 προσηγόρευσε,
1317 3043 1415 3106 τὰς
1443 3042 1598 3106 ἀξίας
1628 3041 1782 3105 δίκας
1823 3045 1973 3113 παρὰ
2009 3043 2116 3096 τῶν

545 3123 864 3202 ὑπευθύνων
891 3132 1369 3202 είσπραττὸμενος.
1405 3128 1536 3185 Εἶτα
1561 3131 1777 3200 ὲπάγει’

625 3202 712 3248 ια’.
744 3199 852 3250 Καὶ
911 3197 1134 3254 ἔδωκεν
1181 3197 1378 3268 ἀϋτὴν
1431 3197 1692 3270 ἑτοίμην(
1726 3201 1834 3256 τοῦ
1883 3201 2122 3270 κρατεῖν

551 3281 665 3349 τὴν
685 3285 730 3316 ⁸⁷
761 3285 927 3354 χεᾶιια
946 3289 1138 3357 αὐτῆς
1159 3291 1225 3355 ⁸⁸,
1255 3290 1618 3358 ὲξηκονήθη,
1643 3293 1910 3361 ῥομφαία
1950 3293 2123 3345 ἐστὶν

551 3370 752 3440 ἑτοίμη
781 3375 889 3428 τοῦ
915 3375 1127 3432 δοῦναι
1156 3379 1350 3448 αὐτὴν
1380 3383 1467 3446 εις
1494 3381 1697 3450 χεῖρας
1720 3381 2123 3435 ἀποκεντούν-

550 3479 686 3518 των.
721 3465 937 3539 Ταύτην
964 3468 1094 3540 γὰρ,
1131 3471 1287 3541 φησὶ,
1320 3490 1340 3522 ‹
1393 3473 1492 3543 τὴν
1527 3473 1799 3543 μάχαιραν
1829 3473 2068 3544 εὐτρεπῆ
2099 3491 2118 3525 s

551 3555 850 3627 γενομένην
901 3559 1200 3629 ἐνεχείρισε
1239 3564 1350 3625 τοῖς
1403 3563 1480 3624 είς
1528 3561 1589 3614 τὺ
1635 3562 1886 3625 κολάζειν
1933 3564 2123 3633 ἐπιτη-

549 3641 736 3706 δείοις·
800 3645 1054 3714 σημαίνει
1096 3647 1152 3701 δέ
1192 3649 1321 3712 τοὺς
1349 3649 1668 3713 Χαλδαίους.
1711 3650 1964 3704 Τοιοῦτόν
2008 3653 2125 3704 ἐστι

552 3734 646 3786 καὶ
667 3734 730 3788 τδ
760 3737 913 3806 παρὰ
955 3737 1034 3808 τῷ
1053 3738 1098 3771 ⁸⁸
1146 3739 1346 3810 Ἡσαΐᾳ
1374 3740 1479 3794 ὑπὸ
1506 3740 1600 3794 τοῦ
1640 3741 1776 3794 Θεοῦ
1833 3743 2126 3812 εἰρημένον

551 3826 631 3886 είς
655 3825 746 3877 τὸν
777 3826 1134 3893 Βαϐυλώνιον,
1164 3830 1270 3900 ἢκ
1317 3829 1450 3898 γοῦν
1490 3831 1772 3901 Ἀσσύριον
1793 3851 1816 3865 ο
1855 3851 1872 3884 ι
1907 3834 1998 3904 Μὴ
2042 3835 2127 3888 δοο

552 3910 880 3982 ξασθήσεται
915 3913 1071 3987 ἀξίνη
1119 3918 1249 3971 ἄνευ
1295 3917 1389 3970 τοῦ
1445 3917 1739 3979 κόπτοντος
1777 3920 1835 3971 ἐν
1879 3922 2048 3992 αὐτῇς
2089 3924 2122 3994 ἢ

551 4001 899 4073 ὑψωθήσεται
930 4007 1105 4075 πρίων
1139 4007 1267 4060 ἄνευ
1300 4007 1393 4060 τοῦ
1427 4007 1676 4071 ἕλκοντος
1707 4011 1907 4076 αύτόνς
1945 4013 2126 4065 ὡσαύ-

549 4111 656 4158 τως
693 4095 790 4148 ἐάν
843 4113 926 4160 τις
970 4098 1080 4170 ἄρῃ
1129 4099 1359 4170 ῥάϐδον,
1409 4099 1442 4170 ἢ
1497 4099 1670 4165 ξύλον.
1711 4121 1730 4153 ι
1784 4103 1894 4156 Καὶ
1943 4105 2124 4172 πάλιν,

557 4203 577 4235 ι
610 4187 750 4238 Οὐαὶ
800 4187 1125 4258 Ἀσσυρίοις,
1157 4192 1190 4260 ἡ
1222 4189 1416 4260 ῥάϐδος
1449 4190 1543 4244 τοῦ
1572 4190 1744 4261 θυμοῦ
1777 4209 1878 4262 μου
1907 4194 2004 4246 καὶ
2029 4193 2126 4264 τῆς

2210 1776 2418 1833 «Iudaeis
2467 1787 2524 1834 et
2559 1779 2682 1835 aliis
2716 1778 3025 1850 interiectis
3053 1779 3308 1849 gentibus
3352 1779 3588 1834 illatum.
3624 1777 3782 1833 Mihi-

2213 1884 2322 1939 que
2361 1869 2578 1924 videtur
2624 1871 2760 1941 ipse,
2805 1886 2930 1925 cum
2974 1870 3246 1941 praecipit,
3281 1885 3498 1934 acuere,
3546 1869 3781 1935 nitidum

2214 1958 2464 2026 reddere,
2511 1959 2788 2030 jugulare,
2819 1967 2877 2015 et
2909 1974 3073 2015 omne
3100 1960 3306 2029 lignum
3344 1959 3612 2014 radicitus
3635 1960 3781 2014 evel-

2215 2049 2352 2114 lere,
2385 2050 2606 2116 docere,
2643 2065 2746 2106 suo
2774 2051 3049 2121 permissu
3086 2050 3204 2106 haec
3237 2051 3352 2106 ﬁeri
3383 2069 3396 2104 :
3429 2061 3484 2106 et
3513 2066 3621 2105 non
3653 2062 3785 2120 pro-

2217 2138 2356 2209 pter’
2381 2139 2813 2211 Babyloniorum
2870 2139 3196 2211 potentiam,
3234 2139 3330 2196 sed
3372 2150 3595 2208 propter
3629 2153 3783 2194 suam

2215 2230 2502 2294 virtutem,
2524 2230 2638 2285 haec
2663 2231 2848 2286 omnia
2869 2230 3172 2302 perfectum
3208 2229 3296 2284 iri.
3317 2229 3448 2284 Tale
3481 2239 3568 2286 est
3596 2229 3784 2288 etiam.

2216 2319 2362 2388 quod
2406 2320 2462 2374 in
2489 2317 2915 2376 Deuteronomio
2963 2319 3033 2374 ab
3085 2320 3206 2390 ipso
3247 2319 3360 2374 Deo
3409 2319 3616 2374 dietum
3666 2328 3782 2375 est:

2223 2428 2241 2460 ι
2273 2408 2544 2475 Quoniam
2578 2425 2772 2464 acuam
2807 2419 2866 2466 ut
2889 2409 3077 2480 fulgur
3111 2408 3352 2480 gladium
3387 2416 3661 2472 meum,et
3695 2423 3786 2462 ar—

2218 2500 2382 2568 ripiet
2415 2500 2685 2569 judicium
2716 2514 2912 2554 manus
2939 2514 3080 2564 mea,
3106 2509 3162 2554 et
3190 2498 3452 2564 ulciscar,
3482 2506 3539 2553 et
3565 2495 3787 2552 reddam

2219 2590 2483 2646 ultionem
2517 2591 2791 2656 hostibus,
2825 2597 2879 2644 et
2911 2589 3238 2645 odientibus
3287 2604 3374 2643 me
3432 2589 3732 2644 retribuam
3771 2605 3784 2639 :

2222 2679 2513 2735 inebriabo
2545 2681 2776 2750 sagittas
2806 2694 2961 2734 meas
2984 2677 3146 2751 85.1
3176 2678 3464 2748 sanguine,
3501 2685 3554 2734 et
3579 2676 3791 2747 gladius

2221 2784 2380 2824 meus
2409 2768 2697 2823 devorabit
2723 2782 2920 2822 carnes
2950 2777 2999 2822 ιδ.
3035 2786 3054 2818 ι
3091 2767 3150 2822 In
3175 2767 3264 2822 his
3290 2766 3436 2822 enim
3472 2765 3654 2821 verbis
3684 2764 3793 2836 gla-

2222 2855 2372 2909 dium
2417 2871 2638 2926 quoque
2679 2863 2734 2911 et
2773 2856 2998 2926 sagittas
3029 2854 3294 2926 puniendi
3344 2853 3661 2908 facultatem
3694 2867 3791 2924 ap-

2225 2946 2467 3013 pellavit,
2497 2945 2713 3002 debitas
2748 2960 2778 3000 a
2803 2945 2913 3001 reis
2940 2943 3168 3016 exigens
3196 2957 3408 3015 pinnas.
3432 2941 3636 2998 Deinde
3665 2940 3796 2998 sub-

2218 3035 2341 3105 jicit
2381 3051 2395 3086 :

2296 3211 2462 3267 Vsns.
2489 3214 2578 3268 il.
2615 3213 2685 3268 Et
2721 3213 2865 3268 dedit
2888 3229 3007 3267 eum
3033 3220 3304 3282 paratum,
3337 3219 3394 3264 ut
3438 3217 3632 3266 teneret
3678 3225 3794 3262 mc-

2224 3322 2350 3359 num
2403 3305 2562 3374 ejus:
2591 3315 2845 3360 exacutus
2879 3313 2978 3370 est,
3026 3303 3238 3374 gladius
3294 3311 3518 3372 paratus
3564 3308 3666 3366 est,
3721 3299 3792 3354 ad

2224 3396 2459 3450 dandum
2505 3413 2622 3451 eum
2678 3399 2733 3450 in
2783 3412 2970 3451 manus
3009 3393 3382 3450 occidentium.
3436 3393 3594 3450 Hunc
3648 3392 3793 3446 enim

2232 3505 2251 3537 ι
2289 3496 2538 3556 paratum
2577 3486 2838 3558 gladium,
2881 3505 2899 3538 ι
2935 3486 3136 3556 inquit,
3168 3483 3449 3540 commisit
3481 3483 3574 3546 iis,
3606 3482 3699 3552 qui
3727 3482 3797 3536 ad

2227 3577 2564 3648 puniendum
2619 3576 2801 3632 idonei
2855 3583 3007 3643 sunt,
3055 3584 3112 3632 et
3158 3573 3444 3651 Chaldaeos
3501 3570 3796 3644 signiﬁcat.

2229 3667 2421 3724 Simile
2453 3675 2538 3724 est
2572 3668 2706 3723 illud
2751 3667 2921 3722 etiam
2962 3667 3106 3736 apud
3153 3665 3349 3721 Isaiam
3381 3679 3413 3718 a
3461 3663 3571 3719 Deo
3607 3663 3660 3717 in
3696 3660 3800 3716 Ba-

2229 3759 2510 3831 bylonium
2557 3758 2675 3814 sive
2703 3757 2988 3830 Assyrium
3031 3756 3241 3811 dictum
3275 3775 3289 3810 :
3329 3773 3348 3808 ι
3386 3753 3644 3824 Nunquid
3683 3752 3800 3822 glo-

2229 3848 2466 3902 riabitur
2515 3847 2729 3903 securis
2773 3847 2895 3902 sine
2937 3845 3184 3900 credente
3224 3858 3351 3899 cum
3383 3843 3485 3898 ea?
3528 3849 3623 3894 aut
3664 3856 3800 3896 num

2229 3939 2526 3993 extolletur
2557 3951 2708 3992 serra
2741 3936 2864 3992 sine
2897 3950 2964 3992 eo
2994 3936 3088 4006 qui
3132 3934 3303 3989 trahit
3335 3933 3496 3988 eam?
3526 3931 3802 3994 similiter,

2229 4026 2275 4081 si
2301 4027 2424 4094 quis
2443 4026 2703 4080 extulerit
2727 4025 2960 4095 virgam,
2980 4023 3067 4078 vel
3097 4022 3306 4092 lignum
3331 4030 3381 4074 ιι.
3418 4038 3437 4072 ι
3470 4021 3537 4074 Ει
3559 4033 3757 4074 rursus
3786 4038 3799 4073 :

2235 4134 2254 4167 ι
2293 4113 2385 4169 Vae
2423 4114 2689 4184 Assyriis,
2719 4114 2874 4185 virga
2920 4111 3128 4166 furoris
3173 4109 3283 4166 mei
3326 4117 3384 4164 et
3427 4108 3522 4163 ira:
3553 4121 3689 4162 meae
3720 4117 3805 4163 est

2230 4205 2287 4259 in
2333 4204 2590 4260 manibus
2633 4219 2822 4259 eorum
2855 4213 2902 4256 ι’.
2939 4221 2963 4255 s
3016 4200 3194 4268 Quam
3251 4200 3422 4271 igitur
3470 4198 3678 4268 virgam
3735 4197 3806 4251 ad

551 4275 720 4346 ὀργῆς
747 4293 849 4346 μου
879 4278 1026 4331 ἐστὶν
1054 4279 1113 4332 ἐν
1145 4281 1263 4343 ταῖς
1303 4280 1491 4351 χερσὶν
1515 4279 1714 4333 αὐτῶν.
1757 4299 1776 4333 s
1817 4281 1920 4334 Ἦν
1949 4283 2115 4336 τοίνυν

2234 4294 2615 4367 castigandum
2654 4293 2931 4358 idoneam,
2967 4300 3022 4347 et
3052 4290 3321 4358 securim,
3358 4297 3417 4345 et
3452 4302 3684 4353 serram,
3713 4286 3804 4342 in—

556 4366 748 4437 ράϐδον
782 4369 1154 4440 παιδευτικὴν,
1184 4371 1277 4424 καὶ
1307 4371 1517 4440 ἀξίνην,
1549 4371 1643 4424 καὶ
1670 4372 1886 4440 πρίονα,
1920 4373 2115 4446 ὄργανα

2234 4366 2550 4441 ειτυιιιθηιιι»
2583 4398 2706 4454 quae
2751 4383 2968 4454 plantas
3016 4379 3341 4437 destruendi
3380 4378 3492 4434 vim
3543 4376 3803 4441 habeant,

556 4456 734 4522 φυτῶν
783 4457 1160 4528 δαπανητικὰ,
1218 4463 1336 4515 ἐκεῖ
1390 4462 1852 4532 προσηγόρευσεν,
1898 4465 2130 4520 ἐνταῦθα

560 4550 830 4618 ῥομφαίαν
857 4551 1136 4623 ὠνόμασε,
1175 4551 1486 4623 θηγομένην
1514 4553 1632 4623 μὲν,
1667 4553 1763 4606 καὶ
1808 4553 2129 4625 στιλϐουμέο

555 4657 650 4711 νην
680 4642 787 4696 ὑπο
812 4646 912 4715 τῆς
939 4645 1051 4698 τῶν
1077 4643 1454 4714 κολαζομένων
1475 4645 1765 4716 τιμωρίας,
1795 4645 2047 4717 καθάπερ
2069 4648 2128 4701 δέ

553 4733 898 4804 τισιδημίοις
921 4738 1034 4800 τοῖς
1080 4735 1437 4799 Βαϐυλωνίοις
1485 4735 1951 4808 ἐγχειριζομένην.
1986 4739 2129 4792 Ταύ-

552 4841 652 4894 την
686 4825 743 4878 de
779 4826 878 4897 τὴν
913 4827 1186 4898 τιμωρίαν
1235 4828 1331 4882 καὶ
1369 4828 1489 4894 πῦρ
1535 4829 1645 4883 ἄνω
1699 4828 1957 4900 κέκληκε,
2011 4833 2130 4895 ταῖς

553 4912 775 4977 πολλαῖς
819 4916 1212 4986 προσηγορίαις
1258 4915 1594 4969 δεδίσσισθαι
1643 4915 1986 4987 βουλόμενος,
2035 4920 2129 4972 καὶ

553 5005 633 5066 είς
665 5005 1030 5076 μεταμέλειαν
1060 5008 1289 5075 ἀγαγεῖν
1317 5008 1445 5069 τοὺς
1473 5008 1538 5077 τῇ
1569 5006 1858 5078 δυσσεϐείᾳ
1891 5026 2124 5078 προστε-

552 5097 806 5164 τηκότας.
835 5097 1058 5162 Τούτοις
1083 5097 1278 5165 ἐπάγει
1297 5113 1312 5128 ·

636 5291 663 5329 ιν
702 5281 856 5335 Deut.
890 5294 1062 5348 xxx",
1090 5282 1296 5348 41,42.
1374 5291 1406 5332 ει
1447 5280 1552 5335 lsa.
1588 5296 1640 5344 Χ,
1687 5281 1770 5335 l5.
1860 5289 1878 5317 τ
1911 5273 2046 5329 Ibid.
2072 5277 2132 5331 5..

2234 4475 2310 4530 ibi
2337 4474 2658 4544 appellavit,
2688 4473 2777 4528 hic
2799 4471 3040 4544 gladium
3080 4468 3420 4540 nuncupavit
3453 4476 3695 4532 acutum,
3722 4465 3807 4519 ni-

2236 4565 2525 4634 tidumque
2580 4564 2788 4618 factum
2842 4571 3064 4634 propter
3098 4575 3314 4626 eorum,
3357 4558 3450 4627 qui
3505 4557 3808 4628 puniantur

2239 4656 2594 4726 supplicium,
2641 4654 2958 4725 Babyloniis
3006 4660 3190 4708 autem
3245 4649 3407 4721 quasi
3455 4644 3806 4702 carniﬁcibus

2238 4745 2568 4816 quibusdam
2596 4743 2883 4800 traditum.
2916 4742 3097 4812 Atque
3129 4741 3232 4795 hoc
3273 4737 3605 4809 supplicium
3641 4749 3804 4804 supra

2238 4849 2457 4906 quoque
2501 4835 2670 4905 ignem
2700 4831 2947 4898 vocavit;
2989 4829 3178 4884 multis
3221 4827 3542 4883 nominibus
3571 4841 3667 4881 eos
3711 4823 3809 4879 de-

2237 4933 2447 4981 terrere
2485 4935 2538 4980 et
2572 4923 2640 4978 ad
2681 4923 3060 4994 paenitentiam
3104 4918 3334 4989 cupiens
3379 4917 3674 4982 adducere,
3712 4916 3804 4987 qui

2235 5025 2366 5071 sunt
2402 5014 2666 5085 impietati
2692 5014 2915 5084 penitus
2945 5011 3172 5068 addicti.
3208 5007 3305 5068 His
3335 5008 3561 5080 subjicit
3593 5027 3606 5063 :

1906 5438 2140 5494 VARIA‘J
2177 5433 2596 5496 LECTIONES.

631 5595 678 5627 ⁸³⁵
709 5595 804 5651 καὶ
830 5596 1006 5651 ἔσται.
1045 5598 1122 5652 Ita
1157 5599 1203 5650 Δ
1227 5598 1347 5653 etB
1380 5597 1536 5667 juxta
1567 5599 1720 5651 Ales.
1771 5597 1842 5667 Ἡ
1865 5595 1978 5667 Ed.
2006 5597 2157 5667 prior
2198 5595 2326 5651 hab.
2354 5591 2526 5667 εἷπον.
2561 5596 2600 5648 Β
2625 5594 2792 5649 εἰπέ..

2892 5590 2939 5622 ⁸⁸
2967 5589 3048 5656 ὀξ.
3084 5607 3138 5645 κ.
3175 5589 3323 5656 θυμλ
3348 5579 3811 5656 Hebr._exacut1_i_s

553 5673 671 5746 ﬁt,
689 5644 811 5746 is;
832 5644 2848 5746 ἰίμίδεῇιέτῖεξεῑῑε-ειῑζ*βε-δ·πωθηξζεδςεχῑέ,ίέξξὴδῖίξίι“εξξεῖβξίαέ
2873 5644 3208 5746 some...
3245 5644 3324 5685 ·ιτ
3351 5651 3472 5719 τήν.
3506 5646 3636 5702 nes.
3662 5645 3717 5699 in
3750 5644 3808 5695 ιιι

558 5736 608 5766 ⁸³³
629 5736 764 5790 .Bcc.
799 5730 924 5792 lect.
963 5730 1047 5793 est
1077 5738 1262 5792 αὐτοῦ.
1341 5739 1384 5771 "
1413 5737 1508 5808 τῷ.
1545 5737 1617 5792 lta
1649 5738 1686 5788 Β
1713 5730 1822 5806 ἰιι-ο
1855 5730 1972 5801 τοῦ,
2012 5747 2068 5791 ut
2097 5730 2330 5792 habebat
2351 5737 2440 5792 cd.
2481 5737 2650 5804 prior.
2694 5730 2710 5735 ⁷
2731 5733 2776 5764 ⁹⁹
2809 5730 2849 5784 Β
2870 5730 2954 5800 ἦτ’
2988 5730 3102 5784 οὖν.
