4116 6418
394 437 524 512 1011

387 645 470 697 hic
508 644 682 714 factus
719 651 798 697 est
827 643 881 695 in
931 641 1151 710 populo,
1197 641 1251 694 in
1307 639 1548 693 omnibus
1595 636 1816 690 ducibus
1862 632 1946 689 ls-

389 732 572 795 raelis,
613 732 703 802 qui
742 747 904 800 prope
950 729 1259 784 habitabant
1291 729 1421 783 mihi
1456 731 1512 782 in
1553 727 1791 795 gladium
1821 723 1954 794 facti

383 831 507 876 sunt
535 838 653 875 cum
681 821 874 890 populo
902 837 1034 875 meo.
1065 820 1206 886 Quid
1237 820 1400 889 hujus
1435 821 1614 874 simile
1655 816 1955 874 bonitatis?

379 913 527 979 juste
551 911 714 983 842
755 911 934 983 punit,
957 921 1010 967 et
1046 912 1235 981 lugere
1269 911 1592 981 prophetam
1621 910 1797 979 jubet.
1832 907 1952 960 Non

381 1003 528 1055 enim
579 1002 757 1057 libens
811 1002 993 1072 punit,
1039 1002 1136 1059 sed
1193 1003 1380 1072 populi
1435 1001 1643 1056 scelere
1700 1005 1948 1060 coactus,

383 1091 738 1163 praecipitque
763 1093 1066 1162 prophetae,
1096 1103 1154 1146 ut
1184 1094 1345 1163 quasi
1391 1093 1594 1146 mulier
1622 1089 1947 1151 admiretur,

379 1181 509 1250 quia
547 1197 656 1236 non
693 1183 844 1239 solus
880 1185 1143 1253 populus,
1179 1183 1275 1238 sed
1303 1185 1471 1238 etiam
1504 1179 1628 1250 ejus
1667 1177 1950 1250 principes

381 1272 559 1341 gladio
590 1272 769 1327 necati
798 1271 929 1327 sint.
958 1272 1025 1326 Et
1067 1272 1216 1343 quod
1246 1271 1492 1326 omnium
1541 1269 1780 1324 maxime
1825 1280 1950 1322 mo-

383 1367 580 1417 lestum
621 1370 727 1429 est,
770 1378 791 1415 ι
821 1363 926 1429 Qui
953 1364 1279 1419 habitabant
1311 1378 1479 1433 prope
1516 1377 1621 1425 me,
1657 1360 1860 1430 inquit,
1892 1357 1949 1412 in

379 1451 621 1522 gladium
651 1453 783 1509 facti
825 1461 955 1508 sunt
987 1469 1111 1508 cum
1152 1454 1356 1524 populo
1389 1466 1529 1506 meo.
1571 1470 1590 1502 ι
1625 1448 1760 1504 Cum
1801 1448 1950 1503 enim

381 1546 696 1602 sacerdotes
751 1548 1024 1604 scelerum
1079 1547 1265 1618 populi
1312 1545 1614 1616 participes
1671 1543 1945 1607 fuissent,

384 1635 680 1706 participes
713 1652 932 1707 quoque
961 1636 1191 1692 fuerunt
1216 1633 1493 1706 supplicii.
1531 1630 1814 1702 Siquidem
1843 1631 1948 1685 hos

376 1737 534 1793 prope
563 1727 862 1781 habitantes
901 1726 1206 1780 nominavit
1237 1743 1252 1779 :
1285 1734 1345 1780 ut
1376 1722 1470 1795 qui
1511 1723 1666 1778 intus
1699 1724 1754 1776 in
1788 1734 1948 1777 sacro

382 1813 474 1868 Dei
500 1814 704 1884 templo
729 1813 1012 1885 degerent,
1051 1814 1367 1884 quibusque
1407 1809 1810 1866 sacriﬁciorum
1841 1808 1946 1864 mi-

381 1903 669 1960 nisterium
698 1903 1059 1960 commissum
1087 1913 1254 1960 esset.

445 2080 614 2140 Vsus.
643 2083 729 2140 15.
761 2081 971 2139 Idcirco
1016 2084 1210 2154 plaude
1249 2101 1411 2140 manu
1453 2094 1564 2152 tua,
1592 2085 1717 2156 quia
1742 2083 1951 2154 justi/i-

377 2180 528 2226 catus
570 2180 649 2227 est
690 2189 708 2227 :
743 2184 793 2228 et
832 2173 980 2244 quid,
1013 2175 1061 2228 si
1087 2175 1249 2229 etiam
1300 2175 1466 2229 tribus
1497 2175 1709 2244 repulsa
1752 2175 1957 2244 fuerit?

378 2278 482 2318 non
527 2264 650 2331 erit,
690 2263 821 2319 dicit
855 2266 1067 2321 Adonei
1109 2266 1393 2322 Dominus.
1432 2267 1688 2322 Manuum
1726 2269 1943 2337 plausu,

378 2353 575 2424 inquit,
625 2355 938 2426 signiﬁcato
994 2358 1329 2414 calamitatis
1379 2359 1848 2430 exsuperantiam,
1893 2365 1950 2413 et

377 2443 578 2500 mirare
623 2459 798 2516 paenae
845 2447 1185 2517 aequitatem.
1228 2447 1416 2519 Neque
1457 2451 1603 2505 enim
1653 2449 1949 2505 mediocris

375 2534 462 2602 iis,
496 2536 590 2606 qui
645 2538 819 2593 relicti
868 2538 1096 2606 fuerint,
1136 2544 1204 2596 ab
1257 2543 1359 2599 hoc
1409 2544 1685 2614 supplicio
1737 2545 1947 2600 utilitas

373 2627 654 2683 acciderit.
674 2627 1006 2701 Principium
1034 2633 1180 2688 enim
1207 2634 1310 2688 hoc
1339 2635 1513 2705 ipsius
1532 2635 1948 2703 justiﬁcationis

372 2719 756 2775 constituetur.
803 2719 935 2774 Nam
987 2724 1207 2778 tametsi
1245 2740 1393 2778 nunc
1428 2723 1631 2794 rejecta
1671 2725 1835 2780 fuerit
1877 2726 1948 2780 ab

373 2806 497 2861 aliis
526 2810 782 2880 gentibus
829 2819 1086 2881 separata
1117 2815 1298 2868 tribus
1336 2814 1414 2883 (ct
1465 2830 1560 2883 per
1589 2815 1694 2869 hoc
1729 2830 1944 2870 omnem

372 2883 656 2949 iudaicum
717 2898 978 2966 populum
1040 2901 1340 2971 signiﬁcat)
1392 2919 1406 2956 :
1453 2911 1694 2956 attamen
1750 2919 1945 2959 rursus

371 2984 494 3050 erit,
530 2993 586 3041 et
644 2987 713 3042 ad
760 2989 1053 3059 pristinum
1109 3000 1313 3047 statum
1372 2993 1742 3048 revocabitur.
1795 2993 1944 3051 Satis

370 3083 455 3129 est
482 3077 626 3132 enim
656 3078 727 3133 ad
755 3096 819 3136 ea
848 3083 1227 3137 conﬁrmanda
1273 3101 1397 3154 quae
1442 3085 1720 3152 dicuntur,
1762 3087 1943 3156 ipsum

371 3164 561 3222 herum
599 3179 653 3224 et
686 3169 977 3227 Dominum
1013 3175 1126 3228 haec
1157 3173 1363 3229 dicere.

440 3256 608 3314 Vens.
640 3260 728 3315 M.
758 3259 827 3316 Et
856 3273 932 3328 tu,
961 3264 1043 3334 ﬁli
1066 3266 1314 3328 hominis,
1339 3267 1648 3328 vaticinare.
1671 3277 1719 3323 et
1751 3267 1943 3336 plaude

371 3360 532 3401 manu
554 3367 712 3416 super
741 3371 988 3418 manum,
1012 3365 1062 3408 et
1084 3355 1299 3423 duplica
1328 3355 1586 3426 gladium,
1613 3359 1799 3411 tertius
1824 3358 1942 3428 gla-

369 3444 490 3499 dius
537 3444 935 3513 interfectorum
963 3449 976 3465 ‘
1010 3455 1110 3511 est,
1137 3446 1352 3516 gladius
1399 3449 1796 3518 interfectorum
1828 3467 1943 3504 ma-

369 3550 523 3604 gnus.
564 3531 802 3589 Tertium
837 3534 1076 3605 gladium
1127 3546 1287 3591 vocat
1329 3553 1452 3593 cum
1483 3541 1817 3605 exercitum,
1844 3541 1938 3612 qui

371 3637 517 3677 nono
555 3623 706 3693 regni
760 3623 1004 3678 Sedet-ire
1058 3639 1204 3678 anno
1250 3636 1442 3681 contra
1504 3629 1940 3698 Hierosolymam

378 3713 660 3779 profectus
695 3722 781 3769 est
813 3734 826 3768 ε
853 3731 1050 3770 verum
1075 3734 1305 3774 numero
1339 3721 1558 3790 quidem
1593 3722 1684 3776 ille
1711 3734 1940 3792 quartus

368 3811 473 3859 cst.
520 3803 684 3877 843
739 3806 842 3861 Sed
888 3809 1015 3878 quia
1060 3824 1147 3872 ea,
1201 3825 1324 3879 qua:
1359 3819 1624 3882 regnante
1679 3809 1941 3867 Jechonia

370 3904 625 3964 suscepta
656 3905 740 3951 est
767 3899 1070 3968 expeditio,
1106 3900 1393 3956 incruenta
1434 3902 1564 3969 fuit;
1609 3905 1752 3960 ultro
1792 3906 1939 3960 enim

369 3998 630 4052 egressus
657 3995 741 4041 est
767 4002 858 4040 rex
893 3988 958 4052 ad
983 3987 1587 4048 Nabuchodonosorem
1613 4009 1740 4048 cum
1769 4003 1942 4049 matre

371 4083 425 4129 et
462 4091 636 4132 uxore
667 4087 723 4132 et
769 4079 1139 4150 principibus,
1166 4089 1220 4136 et
1265 4083 1339 4137 ita
1370 4089 1623 4154 capti-vus
1668 4084 1940 4143 abductus

369 4172 456 4221 est
511 4165 840 4238 Babylonem
880 4189 894 4225 :
929 4173 1123 4227 merito
1185 4175 1398 4227 tertium
1451 4183 1613 4229 vocat
1672 4175 1937 4246 gladium,

372 4256 523 4311 illum
563 4259 657 4328 qui
702 4270 969 4332 regnante
1010 4263 1236 4319 Sedecia
1286 4265 1458 4328 venit,
1499 4279 1836 4335 congressus
1887 4274 1943 4322 et

373 4350 581 4418 proelia,
622 4367 734 4407 non
782 4355 1107 4424 simpliciter
1140 4356 1371 4410 hostiles
1407 4372 1707 4414 numerans
1753 4359 1942 4413 incur-

372 4457 490 4496 sus.
545 4441 760 4499 Idcirco
803 4445 971 4512 etiam
1021 4447 1201 4500 dicit:
1243 4465 1262 4498 ι
1307 4447 1529 4502 Tertius
1583 4449 1802 4518 gladius
1850 4465 1942 4505 oc-

1337 437 1822 501 TIIEODORETI
1860 428 2199 494 EPISCOPI
2239 427 2598 493 CYRENSIS

457 554 625 610 Vsus.
659 552 746 608 12.
790 550 1070 616 Exclama,
1111 559 1156 604 et
1191 549 1362 614 ulula,
1410 549 1492 618 ﬁli
1541 547 1790 610 homini},
1830 544 1955 613 quia
1983 545 2030 601 Α

3488 419 3623 491 1012

2131 542 2217 611 ιβ’.
2280 543 2592 612 Ἀνάκραγε
2621 541 2720 596 καί
2757 539 3092 604 ὀλόλυξον,
3147 537 3240 592 υίὲ
3285 536 3620 604 ἀνθρωπο-υ,

2055 629 2143 683 ὅτι
2187 629 2422 700 ἐγένετο
2464 631 2534 684 ἐν
2565 627 2644 697 τῷ
2679 629 2805 696 λαῷ
2851 629 3002 696 αὕτη
3029 627 3099 682 ἐν
3143 623 3296 681 πᾶσι
3332 623 3456 690 τοῖς
3507 625 3620 692 ἄρα

2053 722 2406 792 ηγουμένοις
2436 723 2541 778 τοῦ
2575 721 2841 792 Ἰσραὴλ,
2861 723 2915 775 ol
2935 722 2979 754 ⁹¹
2997 716 3429 787 παροικοῦντές
3452 731 3553 783 μοι
3576 715 3622 746 ⁸³

2053 815 2140 879 είς
2165 813 2468 882 ῥομφαίαν
2492 813 2769 884 ἐγένοντο
2795 812 2917 866 σὺν
2937 809 3019 876 τῷ
3059 808 3189 874 λαῷ
3226 825 3366 878 μου.
3402 805 3467 858 Τί
3495 804 3622 857 ταύ-

2052 920 2152 973 της
2185 903 2482 974 ἐφάμιλλον
2513 904 2848 974 ἀγαθότητος
2870 903 2953 970 ⁹³;,
2984 900 3200 964 κολάζει
3243 897 3496 962 δικαίως,
3529 895 3623 948 καὶ

2054 992 2271 1066 θρηνεῖν
2299 983 2375 1066 τῷ
2395 996 2442 1028 ⁸⁸
2475 996 2726 1067 προφήτῃ
2758 993 3190 1067 παρακελεύεται
3210 1008 3223 1022 ’
3255 991 3316 1044 ού
3350 989 3458 1057 γὰρ
3483 987 3623 1040 ἑκὼν

2047 1083 2290 1151 κολάζει,
2321 1085 2437 1138 ἀλλ’
2469 1086 2574 1138 ὑπὸ
2600 1086 2701 1155 τῆς
2733 1083 2827 1138 τοῦ
2851 1083 2980 1137 λαοῦ
3011 1080 3355 1154 παρανομίας
3379 1080 3622 1146 ἀναγκα-

2053 1171 2297 1245 ξάμενος.
2351 1176 2572 1243 γυναικὶ
2621 1174 2678 1227 δέ
2733 1171 3130 1245 παραπλησίως
3186 1167 3488 1238 θαυμάζειν
3544 1165 3622 1234 τῷ

2052 1265 2306 1337 προφήτῃ
2352 1266 2662 1335 παρεγγυᾷ,
2695 1265 2776 1318 ὅτι
2810 1266 2907 1334 οὐχ
2938 1264 2966 1317 ὁ
2993 1261 3120 1324 λαδς
3157 1261 3336 1331 μόνος,
3363 1256 3500 1311 ἀλλά
3529 1256 3622 1309 καὶ

2050 1355 2098 1407 οἱ
2128 1354 2318 1408 τούτου
2355 1355 2611 1425 ἄρχοντες
2641 1355 3018 1426 παρεδόθησαν
3046 1355 3110 1423 τῇ
3145 1348 3412 1420 ῥομφαίᾳ,
3445 1344 3623 1400 καὶτὸ

2052 1443 2270 1497 πάντων
2294 1444 2683 1516 ἀνιαρώτατον,
2720 1461 2739 1495 ι
2777 1446 2839 1497 Oi
2869 1439 3258 1514 παροικοῦντες
3291 1455 3400 1509 μοι,
3434 1434 3618 1505 φησὶν,

2049 1533 2130 1596 είς
2155 1533 2428 1603 ῥομφαίαν
2461 1535 2710 1602 ἐγένοντο
2734 1533 2830 1588 σὺν
2862 1533 2938 1604 τῷ
2967 1532 3083 1602 λαῷ
3115 1547 3237 1602 μου.
3281 1547 3300 1580 ι
3346 1523 3622 1593 Κοινωνή-

2051 1638 2244 1688 σαντες
2274 1625 2382 1696 γάρ
2408 1626 2487 1697 τῷ
2515 1624 2630 1695 λαῷ
2658 1625 2758 1696 τῆς
2789 1623 3132 1695 παρανομίας
3160 1621 3210 1674 oi
3249 1619 3434 1689 ἱερεῖς,
3481 1618 3621 1669 ἐκοιο

2048 1712 2293 1786 νὼνησαν
2331 1717 2426 1771 καὶ
2469 1717 2568 1787 τῆς
2615 1717 2904 1788 τιμωρίας.
2949 1715 3185 1777 Τούτους
3223 1712 3330 1781 γὰρ
3373 1707 3621 1778 ὠνόμασε

2049 1807 2506 1873 παροικοῦντας,
2541 1807 2578 1862 ἅ.
2605 1825 2664 1861 τε
2698 1807 2764 1878 δὴ
2805 1807 2951 1860 ἔνδον
2985 1806 3043 1858 ὲν
3085 1803 3164 1874 τῷ
3207 1800 3335 1868 θείῳ
3381 1797 3488 1868 νεῷ
3515 1796 3627 1850 διάη

1980 1877 2028 1934 Β
2054 1915 2270 1966 γοντας,
2305 1899 2400 1952 καὶ
2433 1898 2532 1964 τὰς
2567 1877 2847 1972 ἱερατικὰς
2878 1893 3216 1966 λειτουργίας
3255 1887 3622 1958 πεπιστευμέ-

2052 2006 2196 2053 νους.

2125 2083 2211 2146 ιγ’.
2237 2077 2283 2110 ⁸⁸
2311 2077 2414 2132 Διά
2440 2077 2618 2132 τοῦτο
2640 2077 2940 2145 κρότησον
2957 2072 3058 2127 ἐπὶ
3081 2071 3196 2140 τὴν
3215 2067 3387 2140 χεῖρά
3411 2082 3528 2121 σου
3549 2067 3618 2130 ’⁸,

2051 2169 2142 2224 ὅτι
2188 2169 2578 2236 δεδικαίωται,
2617 2169 2716 2222 καὶ
2760 2169 2838 2234 τί,
2883 2167 2935 2220 ει
2980 2165 3076 2219 καὶ
3113 2161 3277 2233 φυλὴ
3327 2155 3618 2226 ἀπωσθῇἱ

2050 2264 2163 2317 οὐκ
2188 2262 2379 2328 ἔσται,
2410 2261 2574 2331 λέγει
2617 2259 2858 2314 Ἄδων-ατ
2880 2259 3113 2328 Κύριος.
3143 2254 3244 2308 Διὰ
3275 2252 3368 2306 τοῦ
3399 2251 3614 2321 κρότου,

2051 2352 2204 2423 φησὶ,
2237 2351 2345 2406 τῶν
2374 2352 2574 2423 χειρῶν
2608 2352 2847 2421 σήμανον
2871 2350 2968 2419 τῆς
3003 2348 3286 2418 συμφορᾶς
3319 2345 3418 2415 τὴν
3447 2345 3614 2412 ὑπερ-

2050 2443 2249 2515 ϐολὴν,
2315 2443 2411 2496 καὶ
2467 2441 2743 2513 θαύμασον
2794 2441 2892 2511 τῆς
2946 2437 3216 2510 τιμωρίας
3265 2436 3324 2488 ea
3385 2433 3608 2486 δίκαιον.

2049 2533 2186 2586 Οὔτε
2219 2532 2328 2604 γὰρ
2365 2533 2537 2603 μικρὰ
2564 2532 2650 2586 διὰ
2683 2533 2781 2602 τῆς
2820 2530 3088 2601 τιμωρίας
3126 2529 3239 2590 τοῖς
3277 2523 3615 2592 ὑπολειφθεῖ-

2050 2639 2134 2677 σιν
2160 2625 2193 2694 ἡ
2224 2623 2462 2691 ὠφέλεια
2495 2623 2818 2692 γενήσεται·
2877 2619 3018 2690 ἀρχὴ
3055 2617 3163 2688 γὰρ
3198 2617 3365 2685 αὐτῆς
3395 2613 3615 2666 δικαιώ-

2049 2729 2184 2776 σεως
2216 2713 2356 2782 αὕτη
2383 2710 2853 2782 κατασταθήσεται
2873 2727 2888 2741 ⁸
2920 2711 2969 2762 εἰ
3005 2709 3111 2780 γὰρ
3142 2707 3236 2760 καὶ¹
3263 2704 3357 2758 νῦν
3389 2700 3620 2770 ἀπωσσῇ

2046 2807 2080 2876 ἡ
2113 2805 2222 2858 τῶν
2254 2804 2429 2857 ἄλλων
2479 2803 2649 2857 ἐθνῶν
2699 2800 3080 2873 κεχωρισμένη
3129 2798 3269 2868 φυλὴ
3323 2795 3520 2866 (πάντα
3559 2792 3620 2844 δὲ

2044 2898 2135 2949 τὸν
2167 2895 2451 2950 Ἰουδαϊκὸν
2475 2894 2563 2948 διὰ
2591 2893 2780 2946 τούτου
2811 2891 3066 2963 σημαίνει
3099 2889 3286 2958 λαὸν),
3318 2886 3433 2940 ἀλλ’
3466 2885 3618 2936 ἔσται

2045 2987 2226 3053 πάλιν,
2276 2987 2372 3040 καὶ
2421 2985 2776 3054 ἀνακλήσεως
2827 2981 3109 3046 τεύξεται·
3175 2980 3336 3049 ἀρκεῖ
3381 2977 3491 3044 γὰρ
3539 2975 3616 3037 είς

2047 3079 2335 3150 βεϐαίωσιν
2367 3077 2476 3130 τῶν
2514 3076 2820 3147 λεγομένων
2844 3074 2904 3126 τὸ
2934 3073 3092 3127 αὑτὸν
3121 3070 3295 3123 ταῦτα
3319 3067 3496 3135 λέγειν
3525 3063 3624 3117 τὸν

1971 3193 2019 3252 c
2046 3171 2322 3239 Δεσπότην
2349 3168 2445 3221 καὶ
2469 3167 2692 3236 Κύριον.

2121 3261 2199 3314 ιδ’.
2230 3260 2335 3314 Καὶ
2382 3259 2484 3322 σὺ,
2524 3257 2618 3312 υἱὲ
2662 3255 2998 3323 ἀνθρώπου,
3049 3251 3474 3321 προφήτευσον
3517 3243 3615 3298 καὶ

2048 3350 2351 3417 κρότησον
2405 3345 2572 3416 χεῖρα
2617 3345 2715 3397 ἐπὶ
2782 3341 2948 3412 χεῖρα
2971 3380 2986 3404 ,
3045 3340 3143 3393 καὶ
3211 3335 3624 3390 διπλασίασον

2039 3439 2367 3510 ῥομφαίαν,
2418 3437 2458 3505 ἡ
2513 3436 2680 3505 τρίτη
2718 3433 2986 3502 ῥομφαία
3035 3425 3407 3498 τραυματιῶν
3461 3424 3616 3487 ἐστι,

2039 3530 2304 3599 ῥομφαία
2331 3525 2703 3595 τραυματιῶν
2746 3523 2785 3589 ἠ
2831 3519 3078 3590 μεγάλη.
3117 3518 3318 3589 Τρίτην
3345 3512 3620 3586 ῥομφαίαν

2047 3618 2202 3672 καλεί
2230 3617 2328 3683 τὴν
2355 3618 2412 3668 ἐν
2441 3615 2518 3684 τῷ
2544 3613 2749 3682 ὲννάτῳ
2774 3612 2884 3664 ἔτει
2911 3612 3011 3680 τῆς
3052 3607 3325 3678 βασιλείας
3368 3603 3618 3658 Σεδεκίου

2047 3707 2348 3778 γενομένην
2390 3705 2532 3758 κατὰ
2579 3704 2678 3774 τῆς
2719 3699 3076 3773 Ἰερουσαλὴμ
3121 3697 3442 3767 στρατείαν·
3484 3693 3620 3747 ἀλλά

2046 3801 2125 3871 τῷ
2159 3801 2255 3870 μὲν
2286 3796 2504 3869 ἀριθμῷ
2551 3797 2785 3866 τετάρτη
2828 3793 3003 3848 ἐστίν·
3037 3790 3226 3859 ἐπειδὴ
3271 3789 3328 3840 δὲ
3375 3787 3469 3857 ηθτ
3525 3785 3620 3837 ἐπὶ

2060 3889 2308 3960 Ἰεχονίου
2343 3887 2608 3958 γενομένη
2646 3885 2916 3956 ἀναιμωτὶ
2955 3881 3244 3951 ἐγεγένητο
3293 3877 3619 3950 (αὐτόματος

2048 3981 2160 4052 γάρ
2185 3979 2407 4049 ἐξῆλθεν
2463 3981 2492 4031 ὁ
2545 3977 2796 4048 βασιλεὺς
2848 3975 2983 4046 πρὸς
3014 3974 3104 4026 τὸν
3151 3968 3618 4039 Ναϐουχοδονόσορ

2050 4074 2146 4128 σὺν
2192 4073 2262 4143 τῇ
2311 4070 2499 4142 μητρὶ,
2553 4070 2646 4122 καὶ
2689 4069 2756 4138 τῇ
2800 4065 3040 4136 γυναικὶ,
3081 4063 3176 4116 καὶ
3223 4064 3332 4122 τοῖς
3366 4059 3616 4130 ἄρχουσι,

2050 4165 2142 4219 καὶ
2168 4146 2341 4227 οὕτως
2365 4160 2589 4232 ἀπήχθη
2626 4159 2962 4230 δορυάλωτος
2988 4157 3068 4220 είς
3101 4152 3440 4221 Βαϐυλῶνα),
3471 4147 3618 4203 sino.

2047 4273 2154 4319 τως
2177 4255 2365 4326 τρίτην
2393 4252 2546 4306 καλεῖ
2573 4249 2844 4322 ῥομφαίαν
2873 4248 2971 4319 τὴν
2997 4247 3089 4300 ἐπὶ
3118 4242 3364 4300 Σεδεκίου
3395 4237 3620 4309 γενομέ-

2047 4364 2146 4416 νην
2167 4348 2234 4409 ⁹⁸,
2257 4345 2355 4408 τὰς
2383 4341 2703 4414 συμπλοκὰς
2730 4340 2854 4413 ἁριθ
2864 4339 3000 4410 μῶν,
3026 4336 3243 4399 καὶτὰς
3264 4330 3616 4403 παρατάξεις,

2048 4439 2160 4494 ἀλλ’
2206 4438 2303 4508 οὐχ
2335 4435 2520 4499 ἁπλῶς
2566 4433 2668 4496 τὰς
2711 4431 2963 4501 ὲφόδους’
3003 4429 3082 4482 διὸ
3125 4428 3219 4482 καὶ
3257 4425 3430 4492 λέγει’
3489 4441 3507 4473 ι
3532 4420 3618 4508 ῨἮ

371 4533 611 4588 cisorum
643 4542 730 4590 est
758 4550 1011 4606 magnus.
1049 4556 1068 4589 ι
1101 4538 1303 4593 Deinde
1333 4539 1511 4603 docet,
1543 4553 1640 4594 cur
1679 4540 1941 4610 jubeatur

2047 4531 2200 4603 τρίτη
2243 4507 2487 4600 ῥομφαία
2516 4523 2866 4595 τραυματιῶν
2910 4523 3058 4574 ἐστιν
3092 4521 3131 4590 ἡ
3170 4516 3401 4589 μεγάλη.
3432 4533 3450 4567 ι
3486 4507 3619 4610 ξὶῖτα

372 4623 625 4680 manibus
659 4624 939 4695 plaudere.

438 4801 610 4858 Vsus.
643 4803 728 4859 15.
756 4801 825 4860 Et
856 4805 1217 4878 obstupescere
1245 4809 1409 4876 facies
1433 4825 1543 4873 eos,
1573 4817 1626 4861 ut
1655 4808 1942 4880 frangatur

370 4909 460 4946 cor
487 4910 702 4962 eorum,
732 4907 781 4951 et
816 4899 1235 4967 multiplicantur
1274 4907 1588 4970 (egrotantes
1634 4915 1789 4967 super
1819 4916 1936 4954 ont-

371 4997 485 5036 nem
513 4995 722 5053 portam
741 5003 923 5042 eorum
947 5004 965 5041 :
992 4990 1178 5042 traditi
1206 5003 1327 5044 sunt
1359 4990 1413 5045 in
1427 4990 1790 5060 jugulationes
1821 4991 1940 5061 gla-

369 5072 466 5128 dii.
495 5073 561 5128 Et
590 5074 710 5148 fac,
741 5077 951 5146 inquit,
992 5086 1048 5135 et
1090 5079 1180 5134 dic
1213 5081 1397 5135 onmia
1418 5121 1432 5144 ,
1473 5095 1594 5149 qua:
1622 5080 1703 5135 eis
1737 5087 1942 5150 queant

373 5171 636 5220 terrorem
663 5165 893 5236 injicere
917 5186 930 5222 :
961 5175 1021 5223 ut
1048 5183 1236 5224 eorum
1266 5169 1432 5225 corda
1460 5169 1807 5239 frangantur,
1835 5171 1937 5224 hoc

2045 4621 2306 4684 διδάσκει,
2330 4618 2382 4671 τί
2404 4620 2448 4651 ⁹⁹
2477 4617 2674 4687 δήποτε
2706 4612 2852 4686 αὐτῷ
2881 4610 3315 4684 παρακελεύεται
3354 4605 3618 4677 κροτῆσαι

2043 4713 2144 4776 τὰς
2177 4714 2385 4782 χεῖρας.

2119 4811 2200 4857 ιε’.
2239 4801 2378 4857 Kal‘
2428 4797 2750 4865 ἐκστήσεις
2802 4793 3022 4859 αὐτοὺς
3048 4834 3063 4860 ,
3111 4793 3270 4856 ὅπως
3299 4785 3568 4860 θραυσθῇ
3596 4785 3617 4815 ¹

2046 4897 2086 4964 ή
2141 4893 2354 4961 καρδία
2406 4889 2640 4946 αὐτῶν-³
2665 4927 2681 4950 ,
2729 4887 2827 4941 καὶ
2873 4880 3303 4952 πληθυνθῶσιν
3335 4882 3390 4934 οἱ
3437 4878 3616 4932 ἀσθε-

2045 4986 2294 5049 νοῦντες
2325 4982 2423 5037 ἐπὶ
2471 4979 2679 5037 πᾶσαν
2714 4979 2919 5044 πύλην
2959 4973 3157 5028 αὐτῶν
3188 4989 3204 5004 ·
3256 4967 3617 5038 παραδέδον-

2048 5095 2141 5132 ται
2199 5077 2286 5141 εὶς
2347 5071 2572 5142 σφάγια
2613 5068 2937 5138 ῥομφαίας.
2999 5065 3110 5118 Καὶ
3155 5063 3396 5134 πρᾶττε,
3446 5057 3614 5128 φησὶ,

2049 5167 2142 5220 καὶ
2164 5163 2369 5234 λέγετὰ
2389 5159 2690 5224 δεδίξασθαι
2719 5158 2914 5220 αὐτοὺς
2938 5153 3234 5226 δυνάμενα,
3275 5152 3421 5214 ὅπως
3452 5149 3617 5220 θραυ-

1728 5346 1961 5404 νΑῐιιΑῑ
2001 5342 2404 5405 LECTIONES.

439 5460 485 5493 "
521 5460 570 5513 οἱ
598 5489 670 5538 -_-
704 5459 1008 5538 Xatjn__ugu._
1036 5463 1206 5518 Aliter
1243 5467 1291 5538 οἱ
1324 5479 1427 5519 Lxx
1470 5473 1530 5538 et
1567 5463 1734 5538 Hebr.
1808 5468 1854 5499 ³³
1906 5485 2013 5538 μοι.
2047 5463 2362 5538 Des.__apud
2413 5457 2602 5515 Montl.
2649 5456 2700 5511 in
2741 5452 2979 5538 _llexap|.
3012 5429 3618 5538 ad.ll:‘l;;_’_'fiﬁqok_9

376 5543 558 5605 μῖξαι·
603 5530 723 5605 τῆςο
795 5530 800 5531 ⁷
830 5530 942 5605 "13
963 5531 1053 5605 τὸν
1081 5537 1388 5605 aperim-

1568 5516 1778 5608 illi;
1811 5516 2492 5608 xeiprdnaooillaatciﬁnem
2547 5527 2780 5608 ιιι-φοοδ.
2819 5516 3403 5608 ver'sztfacgiun'tjuila
3445 5516 3614 5608 Hebr:

373 5587 416 5629 ’³⁸
435 5599 528 5674 ,ὅτι
555 5631 633 5674 -Ῑ
653 5587 828 5674 ἔσται.
855 5599 1042 5674 _Hebr.
1072 5587 1223 5674 Ναιιί
1252 5587 1573 5674 {est'ploratio
1601 5587 1707 5659 erit
1733 5624 1745 5658 :
1782 5587 2177 5674 ei'ﬁ'idédddi?
2201 5587 2345 5674 anne
2387 5587 2563 5674 etiam
2590 5597 2753 5674 virga;
2796 5591 3134 5674 repudiaritis
3169 5588 3403 5674 lum‘niﬁ
3440 5587 3615 5674 ξίῇίξξι)

372 5667 513 5721 erit?
570 5670 633 5743 :7
745 5670 821 5726 Ex
855 5669 898 5726 Β
927 5672 1106 5742 suppl.
1183 5672 1229 5704 "
1259 5673 1299 5724 Β
1345 5667 1739 5743 γεγενημένην.

1837 5657 2203 5729 "nl—fliam.
2284 5672 2299 5703 ¹
2323 5670 2418 5724 καὶ
2451 5671 2602 5720 exat.
2635 5657 2756 5721 αὗτ.
2791 5657 2871 5718 Ad
2902 5677 3043 5717 vers.
3095 5657 3258 5729 prato.
3296 5657 3410 5712 hate
3439 5657 3613 5729 perti-

377 5745 523 5815 nent.
549 5724 726 5815 ileb'r.
751 5724 1236 5815 feipcneir'aturus
1267 5744 1321 5797 in
1356 5724 1499 5797 illos.
1729 5724 1995 5802 ilicctcvli.
2029 5724 2069 5799 Ῑ.
2107 5724 2263 5798 πω
2293 5742 2341 5796 Δ
2368 5749 2420 5796 ct
2458 5739 2497 5791 Β
2531 5737 2685 5793 deest
2713 5737 2808 5807 μή,
2834 5732 2978 5804 quod
3023 5724 3113 5785 alii
3142 5727 3370 5784 addunt.
3441 5724 3468 5758 ³
3491 5724 3616 5780 αὐτ.

373 5800 562 5862 Exstat
589 5815 797 5865 tantum
821 5800 876 5866 in
910 5809 1119 5880 Compl.
