  <div class='ocr_page' id='page_1' title='image "/cluster/home/n/w/nwhite01/storage/ocr_20150623/81:no.2/coo.31924054869825/522.png"; bbox 0 0 4116 6410; ppageno 0'>
   <div class='ocr_carea' id='block_1_1' title="bbox 382 346 524 416">
    <p class='ocr_par' dir='ltr' id='par_1_1' title="bbox 382 346 524 416">
     <span class='ocr_line' id='line_1_1' title="bbox 382 346 524 416; baseline 0 -2"><span class='ocrx_word' id='word_1_1' title='bbox 382 346 524 416; x_wconf 73' lang='lat' dir='ltr'><strong>mas</strong></span> 
     </span>
    </p>
   </div>
   <div class='ocr_carea' id='block_1_2' title="bbox 1521 348 2509 411">
    <p class='ocr_par' dir='ltr' id='par_1_2' title="bbox 1521 348 2509 411">
     <span class='ocr_line' id='line_1_2' title="bbox 1521 348 2509 411; baseline -0.002 0"><span class='ocrx_word' id='word_1_2' title='bbox 1521 348 1607 411; x_wconf 69' lang='grc' dir='ltr'>ἸΝ</span> <span class='ocrx_word' id='word_1_3' title='bbox 1644 348 2085 411; x_wconf 82' lang='lat' dir='ltr'><strong>EZECHIELIS</strong></span> <span class='ocrx_word' id='word_1_4' title='bbox 2111 351 2275 411; x_wconf 75' lang='lat' dir='ltr'><strong>CAP.</strong></span> <span class='ocrx_word' id='word_1_5' title='bbox 2318 351 2509 411; x_wconf 70' lang='lat' dir='ltr'><strong>XXII.</strong></span> 
     </span>
    </p>
   </div>
   <div class='ocr_carea' id='block_1_3' title="bbox 3496 349 3631 415">
    <p class='ocr_par' dir='ltr' id='par_1_3' title="bbox 3496 349 3631 415">
     <span class='ocr_line' id='line_1_3' title="bbox 3496 349 3631 415; baseline 0.03 -4"><span class='ocrx_word' id='word_1_6' title='bbox 3496 349 3631 415; x_wconf 79' lang='lat'><strong>1030</strong></span> 
     </span>
    </p>
   </div>
   <div class='ocr_carea' id='block_1_4' title="bbox 446 451 1965 533">
    <p class='ocr_par' dir='ltr' id='par_1_4' title="bbox 446 451 1956 530">
     <span class='ocr_line' id='line_1_4' title="bbox 446 451 1956 530; baseline 0 -17"><span class='ocrx_word' id='word_1_7' title='bbox 446 460 544 514; x_wconf 79' lang='grc' dir='ltr'>κε’.</span> <span class='ocrx_word' id='word_1_8' title='bbox 570 451 677 526; x_wconf 83' lang='grc' dir='ltr'>Ἦς</span> <span class='ocrx_word' id='word_1_9' title='bbox 688 458 819 515; x_wconf 75' lang='grc' dir='ltr'><strong>⁸⁸-οί</strong></span> <span class='ocrx_word' id='word_1_10' title='bbox 864 459 1269 530; x_wconf 66' lang='grc' dir='ltr'><strong>ἀφηγούμενοι</strong></span> <span class='ocrx_word' id='word_1_11' title='bbox 1307 459 1376 513; x_wconf 81' lang='grc' dir='ltr'>ἐν</span> <span class='ocrx_word' id='word_1_12' title='bbox 1416 460 1585 529; x_wconf 80' lang='grc' dir='ltr'>μέσῳ</span> <span class='ocrx_word' id='word_1_13' title='bbox 1616 461 1803 529; x_wconf 83' lang='grc' dir='ltr'>αὐτῆς</span> <span class='ocrx_word' id='word_1_14' title='bbox 1828 502 1844 524; x_wconf 85' lang='grc'><strong>,</strong></span> <span class='ocrx_word' id='word_1_15' title='bbox 1874 463 1956 528; x_wconf 85' lang='grc' dir='ltr'><strong>ὡς</strong></span> 
     </span>
    </p>
   </div>
   <div class='ocr_carea' id='block_1_5' title="bbox 2067 451 3630 533">
    <p class='ocr_par' dir='ltr' id='par_1_5' title="bbox 2131 461 3630 533">
     <span class='ocr_line' id='line_1_5' title="bbox 2131 461 3630 533; baseline 0.001 -17"><span class='ocrx_word' id='word_1_16' title='bbox 2131 461 2297 518; x_wconf 68' lang='lat' dir='ltr'><strong>Vens.</strong></span> <span class='ocrx_word' id='word_1_17' title='bbox 2318 464 2410 517; x_wconf 77' lang='grc'>9-5.</span> <span class='ocrx_word' id='word_1_18' title='bbox 2432 462 2603 532; x_wconf 80' lang='lat' dir='ltr'><strong>Cujus</strong></span> <span class='ocrx_word' id='word_1_19' title='bbox 2621 462 2775 517; x_wconf 75' lang='lat' dir='ltr'><strong>duces</strong></span> <span class='ocrx_word' id='word_1_20' title='bbox 2802 464 2853 517; x_wconf 81' lang='lat' dir='ltr'><strong>iu</strong></span> <span class='ocrx_word' id='word_1_21' title='bbox 2884 463 3051 517; x_wconf 81' lang='lat' dir='ltr'><strong>medio</strong></span> <span class='ocrx_word' id='word_1_22' title='bbox 3070 462 3211 533; x_wconf 86' lang='lat' dir='ltr'><strong>ejus,</strong></span> <span class='ocrx_word' id='word_1_23' title='bbox 3246 472 3496 533; x_wconf 83' lang='lat' dir='ltr'><strong>tanquam</strong></span> <span class='ocrx_word' id='word_1_24' title='bbox 3527 466 3630 518; x_wconf 83' lang='lat' dir='ltr'><strong>leo-</strong></span> 
     </span>
    </p>
   </div>
   <div class='ocr_carea' id='block_1_6' title="bbox 374 550 1958 621">
    <p class='ocr_par' dir='ltr' id='par_1_6' title="bbox 374 550 1958 621">
     <span class='ocr_line' id='line_1_6' title="bbox 374 550 1958 621; baseline -0.001 -15"><span class='ocrx_word' id='word_1_25' title='bbox 374 551 622 617; x_wconf 69' lang='grc' dir='ltr'>λέοντες</span> <span class='ocrx_word' id='word_1_26' title='bbox 648 550 997 620; x_wconf 80' lang='grc' dir='ltr'>ὠρυόμενοι,</span> <span class='ocrx_word' id='word_1_27' title='bbox 1039 551 1399 620; x_wconf 80' lang='grc' dir='ltr'>ἁρπάζοντες</span> <span class='ocrx_word' id='word_1_28' title='bbox 1436 551 1808 621; x_wconf 77' lang='grc' dir='ltr'>ἁρπάγματα,</span> <span class='ocrx_word' id='word_1_29' title='bbox 1844 557 1958 621; x_wconf 64' lang='grc' dir='ltr'><strong>ψυ-</strong></span> 
     </span>
    </p>
   </div>
   <div class='ocr_carea' id='block_1_7' title="bbox 376 642 1961 710">
    <p class='ocr_par' dir='ltr' id='par_1_7' title="bbox 376 642 1961 710">
     <span class='ocr_line' id='line_1_7' title="bbox 376 642 1961 710; baseline 0.001 -16"><span class='ocrx_word' id='word_1_30' title='bbox 376 642 486 710; x_wconf 81' lang='grc' dir='ltr'><strong>χάς</strong></span> <span class='ocrx_word' id='word_1_31' title='bbox 519 642 942 709; x_wconf 80' lang='grc' dir='ltr'><strong>κατεσθίοντες</strong></span> <span class='ocrx_word' id='word_1_32' title='bbox 966 642 1037 696; x_wconf 83' lang='grc' dir='ltr'>ἐν</span> <span class='ocrx_word' id='word_1_33' title='bbox 1064 642 1412 710; x_wconf 79' lang='grc' dir='ltr'><strong>δυναστείᾳ,</strong></span> <span class='ocrx_word' id='word_1_34' title='bbox 1451 642 1722 696; x_wconf 74' lang='grc' dir='ltr'>πλοῦτον</span> <span class='ocrx_word' id='word_1_35' title='bbox 1756 643 1853 696; x_wconf 77' lang='grc' dir='ltr'><strong>καί</strong></span> <span class='ocrx_word' id='word_1_36' title='bbox 1878 660 1961 696; x_wconf 82' lang='grc' dir='ltr'>τι-</span> 
     </span>
    </p>
   </div>
   <div class='ocr_carea' id='block_1_8' title="bbox 372 730 1958 802">
    <p class='ocr_par' dir='ltr' id='par_1_8' title="bbox 372 730 1958 802">
     <span class='ocr_line' id='line_1_8' title="bbox 372 730 1958 802; baseline 0.003 -19"><span class='ocrx_word' id='word_1_37' title='bbox 372 731 494 800; x_wconf 77' lang='grc' dir='ltr'>μὰς</span> <span class='ocrx_word' id='word_1_38' title='bbox 544 730 957 800; x_wconf 70' lang='grc' dir='ltr'>λαμϐάνοντες</span> <span class='ocrx_word' id='word_1_39' title='bbox 979 770 994 795; x_wconf 86' lang='grc'><strong>,</strong></span> <span class='ocrx_word' id='word_1_40' title='bbox 1029 733 1136 798; x_wconf 80' lang='grc' dir='ltr'>τὰς</span> <span class='ocrx_word' id='word_1_41' title='bbox 1171 733 1216 765; x_wconf 80' lang='grc'><strong>⁸⁸</strong></span> <span class='ocrx_word' id='word_1_42' title='bbox 1238 732 1431 802; x_wconf 78' lang='grc' dir='ltr'>χήρας</span> <span class='ocrx_word' id='word_1_43' title='bbox 1467 731 1656 800; x_wconf 80' lang='grc' dir='ltr'>αὐτῆς</span> <span class='ocrx_word' id='word_1_44' title='bbox 1693 732 1958 800; x_wconf 76' lang='grc' dir='ltr'><strong>ἐπλήθυ-</strong></span> 
     </span>
    </p>
   </div>
   <div class='ocr_carea' id='block_1_9' title="bbox 375 822 1956 895">
    <p class='ocr_par' dir='ltr' id='par_1_9' title="bbox 375 822 1956 895">
     <span class='ocr_line' id='line_1_9' title="bbox 375 822 1956 895; baseline 0.003 -20"><span class='ocrx_word' id='word_1_45' title='bbox 375 839 493 875; x_wconf 76' lang='grc' dir='ltr'><strong>ναν</strong></span> <span class='ocrx_word' id='word_1_46' title='bbox 520 822 590 875; x_wconf 81' lang='grc' dir='ltr'>ἐν</span> <span class='ocrx_word' id='word_1_47' title='bbox 603 822 770 892; x_wconf 84' lang='grc' dir='ltr'><strong>μέσῳ</strong></span> <span class='ocrx_word' id='word_1_48' title='bbox 790 822 1001 890; x_wconf 81' lang='grc' dir='ltr'>αὐτῆς.</span> <span class='ocrx_word' id='word_1_49' title='bbox 1023 825 1144 876; x_wconf 83' lang='grc' dir='ltr'><strong>Τῶν</strong></span> <span class='ocrx_word' id='word_1_50' title='bbox 1162 824 1269 895; x_wconf 83' lang='grc' dir='ltr'>γὰρ</span> <span class='ocrx_word' id='word_1_51' title='bbox 1292 823 1502 895; x_wconf 84' lang='grc' dir='ltr'>ἀνδρῶν</span> <span class='ocrx_word' id='word_1_52' title='bbox 1528 824 1956 895; x_wconf 78' lang='grc' dir='ltr'><strong>ἀναιρουμένων.</strong></span> 
     </span>
    </p>
   </div>
   <div class='ocr_carea' id='block_1_10' title="bbox 376 913 1960 986">
    <p class='ocr_par' dir='ltr' id='par_1_10' title="bbox 376 913 1960 986">
     <span class='ocr_line' id='line_1_10' title="bbox 376 913 1960 986; baseline 0.001 -20"><span class='ocrx_word' id='word_1_53' title='bbox 376 913 537 983; x_wconf 78' lang='grc' dir='ltr'>δῆλον</span> <span class='ocrx_word' id='word_1_54' title='bbox 564 914 646 967; x_wconf 84' lang='grc' dir='ltr'><strong>ὄτι</strong></span> <span class='ocrx_word' id='word_1_55' title='bbox 673 916 707 984; x_wconf 79' lang='grc' dir='ltr'>ἡ</span> <span class='ocrx_word' id='word_1_56' title='bbox 742 914 938 986; x_wconf 88' lang='grc' dir='ltr'>χηρεία</span> <span class='ocrx_word' id='word_1_57' title='bbox 970 914 1156 984; x_wconf 79' lang='grc' dir='ltr'>χώραν</span> <span class='ocrx_word' id='word_1_58' title='bbox 1195 915 1504 984; x_wconf 87' lang='grc' dir='ltr'>ἐλάμϐανεν</span> <span class='ocrx_word' id='word_1_59' title='bbox 1536 933 1549 946; x_wconf 88' lang='grc'>·</span> <span class='ocrx_word' id='word_1_60' title='bbox 1591 915 1840 968; x_wconf 77' lang='grc' dir='ltr'>ἐντεῦθεν</span> <span class='ocrx_word' id='word_1_61' title='bbox 1867 916 1960 969; x_wconf 75' lang='grc' dir='ltr'><strong>ἐπὶ</strong></span> 
     </span>
    </p>
   </div>
   <div class='ocr_carea' id='block_1_11' title="bbox 377 1003 1781 1074">
    <p class='ocr_par' dir='ltr' id='par_1_11' title="bbox 377 1003 1781 1074">
     <span class='ocr_line' id='line_1_11' title="bbox 377 1003 1781 1074; baseline -0.001 -16"><span class='ocrx_word' id='word_1_62' title='bbox 377 1004 503 1066; x_wconf 83' lang='grc' dir='ltr'>τοὺς</span> <span class='ocrx_word' id='word_1_63' title='bbox 539 1005 717 1074; x_wconf 78' lang='grc' dir='ltr'>ἱερέας</span> <span class='ocrx_word' id='word_1_64' title='bbox 752 1004 842 1056; x_wconf 72' lang='grc' dir='ltr'>τὸν</span> <span class='ocrx_word' id='word_1_65' title='bbox 873 1004 1243 1073; x_wconf 78' lang='grc' dir='ltr'><strong>κατηγορικὸν</strong></span> <span class='ocrx_word' id='word_1_66' title='bbox 1274 1003 1573 1073; x_wconf 51' lang='grc' dir='ltr'>μεταφέρει</span> <span class='ocrx_word' id='word_1_67' title='bbox 1602 1003 1781 1071; x_wconf 79' lang='grc' dir='ltr'>λόγον.</span> 
     </span>
    </p>
   </div>
   <div class='ocr_carea' id='block_1_12' title="bbox 394 1092 1961 1161">
    <p class='ocr_par' dir='ltr' id='par_1_12' title="bbox 394 1092 1961 1161">
     <span class='ocr_line' id='line_1_12' title="bbox 394 1092 1961 1161; baseline -0.001 -14"><span class='ocrx_word' id='word_1_68' title='bbox 394 1134 399 1139; x_wconf 76' lang='lat'><strong>.</strong></span> <span class='ocrx_word' id='word_1_69' title='bbox 438 1099 563 1158; x_wconf 67' lang='grc' dir='ltr'>-κςδ,</span> <span class='ocrx_word' id='word_1_70' title='bbox 608 1094 714 1147; x_wconf 74' lang='grc' dir='ltr'><strong>Καὶ</strong></span> <span class='ocrx_word' id='word_1_71' title='bbox 754 1096 809 1147; x_wconf 78' lang='lat' dir='ltr'><strong>oi</strong></span> <span class='ocrx_word' id='word_1_72' title='bbox 851 1093 1027 1161; x_wconf 78' lang='grc' dir='ltr'><strong>ἱερεῖς</strong></span> <span class='ocrx_word' id='word_1_73' title='bbox 1070 1092 1260 1160; x_wconf 84' lang='grc' dir='ltr'>αὐτῆς</span> <span class='ocrx_word' id='word_1_74' title='bbox 1297 1092 1602 1160; x_wconf 77' lang='grc' dir='ltr'><strong>ἠθέτησαν</strong></span> <span class='ocrx_word' id='word_1_75' title='bbox 1637 1094 1742 1145; x_wconf 77' lang='grc' dir='ltr'><strong>τὸν</strong></span> <span class='ocrx_word' id='word_1_76' title='bbox 1773 1093 1961 1161; x_wconf 80' lang='grc' dir='ltr'>νόμον</span> 
     </span>
    </p>
   </div>
   <div class='ocr_carea' id='block_1_13' title="bbox 375 1184 1959 1256">
    <p class='ocr_par' dir='ltr' id='par_1_13' title="bbox 375 1184 1959 1256">
     <span class='ocr_line' id='line_1_13' title="bbox 375 1184 1959 1256; baseline -0.003 -17"><span class='ocrx_word' id='word_1_77' title='bbox 375 1204 516 1255; x_wconf 78' lang='grc' dir='ltr'>μου.</span> <span class='ocrx_word' id='word_1_78' title='bbox 544 1185 792 1256; x_wconf 80' lang='grc' dir='ltr'>Μεγίστη</span> <span class='ocrx_word' id='word_1_79' title='bbox 812 1186 867 1238; x_wconf 81' lang='grc' dir='ltr'>δὲ</span> <span class='ocrx_word' id='word_1_80' title='bbox 899 1185 1038 1254; x_wconf 73' lang='grc' dir='ltr'>αὕτη</span> <span class='ocrx_word' id='word_1_81' title='bbox 1067 1186 1383 1256; x_wconf 74' lang='grc' dir='ltr'>παρανομία</span> <span class='ocrx_word' id='word_1_82' title='bbox 1402 1201 1415 1214; x_wconf 91' lang='grc'><strong>·</strong></span> <span class='ocrx_word' id='word_1_83' title='bbox 1439 1185 1533 1249; x_wconf 82' lang='grc' dir='ltr'><strong>οὒς</strong></span> <span class='ocrx_word' id='word_1_84' title='bbox 1569 1184 1676 1255; x_wconf 81' lang='grc' dir='ltr'>γὰρ</span> <span class='ocrx_word' id='word_1_85' title='bbox 1706 1186 1959 1253; x_wconf 73' lang='grc' dir='ltr'>ποδηγεῖν</span> 
     </span>
    </p>
   </div>
   <div class='ocr_carea' id='block_1_14' title="bbox 383 1258 1958 1345">
    <p class='ocr_par' dir='ltr' id='par_1_14' title="bbox 383 1258 1958 1345">
     <span class='ocr_line' id='line_1_14' title="bbox 383 1258 1958 1345; baseline 0.001 -18"><span class='ocrx_word' id='word_1_86' title='bbox 383 1276 506 1338; x_wconf 78' lang='grc' dir='ltr'>τοὺς</span> <span class='ocrx_word' id='word_1_87' title='bbox 550 1274 744 1337; x_wconf 79' lang='grc' dir='ltr'>ἄλλους</span> <span class='ocrx_word' id='word_1_88' title='bbox 792 1276 980 1345; x_wconf 79' lang='grc' dir='ltr'>ἐχρῆν,</span> <span class='ocrx_word' id='word_1_89' title='bbox 1016 1269 1163 1328; x_wconf 74' lang='grc' dir='ltr'>οὗτοι</span> <span class='ocrx_word' id='word_1_90' title='bbox 1219 1258 1487 1328; x_wconf 80' lang='grc' dir='ltr'>διετέλουν</span> <span class='ocrx_word' id='word_1_91' title='bbox 1539 1274 1958 1344; x_wconf 77' lang='grc' dir='ltr'>τυφλώττοντες.</span> 
     </span>
    </p>
   </div>
   <div class='ocr_carea' id='block_1_15' title="bbox 393 1362 1956 1436">
    <p class='ocr_par' dir='ltr' id='par_1_15' title="bbox 393 1362 1956 1436">
     <span class='ocr_line' id='line_1_15' title="bbox 393 1362 1956 1436; baseline 0 -19"><span class='ocrx_word' id='word_1_92' title='bbox 393 1385 409 1417; x_wconf 83' lang='grc' dir='ltr'><strong>ι</strong></span> <span class='ocrx_word' id='word_1_93' title='bbox 434 1366 540 1418; x_wconf 73' lang='grc' dir='ltr'>Καὶ</span> <span class='ocrx_word' id='word_1_94' title='bbox 576 1363 865 1434; x_wconf 82' lang='grc' dir='ltr'>ἐϐεϐήλουν</span> <span class='ocrx_word' id='word_1_95' title='bbox 895 1365 965 1418; x_wconf 74' lang='grc' dir='ltr'>τὰ</span> <span class='ocrx_word' id='word_1_96' title='bbox 997 1362 1129 1433; x_wconf 81' lang='grc' dir='ltr'>ἆγιά</span> <span class='ocrx_word' id='word_1_97' title='bbox 1164 1381 1285 1435; x_wconf 86' lang='grc' dir='ltr'>μου.</span> <span class='ocrx_word' id='word_1_98' title='bbox 1309 1383 1333 1416; x_wconf 66' lang='grc' dir='ltr'><em>θ</em></span> <span class='ocrx_word' id='word_1_99' title='bbox 1371 1366 1735 1435; x_wconf 80' lang='grc' dir='ltr'>Παρανόμως,</span> <span class='ocrx_word' id='word_1_100' title='bbox 1771 1366 1956 1436; x_wconf 78' lang='grc' dir='ltr'>φησὶν,</span> 
     </span>
    </p>
   </div>
   <div class='ocr_carea' id='block_1_16' title="bbox 372 1451 1962 1526">
    <p class='ocr_par' dir='ltr' id='par_1_16' title="bbox 372 1451 1962 1526">
     <span class='ocr_line' id='line_1_16' title="bbox 372 1451 1962 1526; baseline -0.001 -15"><span class='ocrx_word' id='word_1_101' title='bbox 372 1457 672 1511; x_wconf 44' lang='grc' dir='ltr'>,ἐπετέλουν</span> <span class='ocrx_word' id='word_1_102' title='bbox 696 1455 801 1519; x_wconf 82' lang='grc' dir='ltr'>-τάς</span> <span class='ocrx_word' id='word_1_103' title='bbox 824 1454 1200 1525; x_wconf 60' lang='grc' dir='ltr'>λειτουργίαςτ</span> <span class='ocrx_word' id='word_1_104' title='bbox 1234 1451 1351 1508; x_wconf 76' lang='grc' dir='ltr'>εἶτα</span> <span class='ocrx_word' id='word_1_105' title='bbox 1385 1456 1484 1526; x_wconf 83' lang='grc' dir='ltr'><strong>τῆς</strong></span> <span class='ocrx_word' id='word_1_106' title='bbox 1513 1456 1861 1526; x_wconf 73' lang='grc' dir='ltr'><strong>παρανομίας</strong></span> <span class='ocrx_word' id='word_1_107' title='bbox 1892 1454 1962 1509; x_wconf 87' lang='grc' dir='ltr'><strong>τά</strong></span> 
     </span>
    </p>
   </div>
   <div class='ocr_carea' id='block_1_17' title="bbox 385 1546 1958 1619">
    <p class='ocr_par' dir='ltr' id='par_1_17' title="bbox 385 1546 1958 1619">
     <span class='ocr_line' id='line_1_17' title="bbox 385 1546 1958 1619; baseline -0.001 -18"><span class='ocrx_word' id='word_1_108' title='bbox 385 1548 518 1619; x_wconf 82' lang='grc' dir='ltr'>εἴδη.</span> <span class='ocrx_word' id='word_1_109' title='bbox 560 1566 579 1599; x_wconf 84' lang='grc' dir='ltr'><strong>ι</strong></span> <span class='ocrx_word' id='word_1_110' title='bbox 632 1546 929 1617; x_wconf 83' lang='grc' dir='ltr'>Ἀναμέσον</span> <span class='ocrx_word' id='word_1_111' title='bbox 957 1547 1111 1614; x_wconf 82' lang='grc' dir='ltr'>ἁγίου</span> <span class='ocrx_word' id='word_1_112' title='bbox 1148 1547 1242 1600; x_wconf 73' lang='grc' dir='ltr'>καὶ</span> <span class='ocrx_word' id='word_1_113' title='bbox 1270 1546 1499 1617; x_wconf 83' lang='grc' dir='ltr'>βεϐήλου</span> <span class='ocrx_word' id='word_1_114' title='bbox 1545 1547 1607 1599; x_wconf 80' lang='grc' dir='ltr'><strong>οὐ</strong></span> <span class='ocrx_word' id='word_1_115' title='bbox 1633 1546 1958 1612; x_wconf 80' lang='grc' dir='ltr'><strong>διέστελλον,</strong></span> 
     </span>
    </p>
   </div>
   <div class='ocr_carea' id='block_1_18' title="bbox 383 1637 1955 1709">
    <p class='ocr_par' dir='ltr' id='par_1_18' title="bbox 383 1637 1955 1709">
     <span class='ocr_line' id='line_1_18' title="bbox 383 1637 1955 1709; baseline -0.003 -16"><span class='ocrx_word' id='word_1_116' title='bbox 383 1640 478 1693; x_wconf 81' lang='grc' dir='ltr'><strong>καὶ</strong></span> <span class='ocrx_word' id='word_1_117' title='bbox 502 1639 775 1709; x_wconf 85' lang='grc' dir='ltr'>ἀναμέσον</span> <span class='ocrx_word' id='word_1_118' title='bbox 794 1637 1039 1707; x_wconf 75' lang='grc' dir='ltr'>καθαροῦ</span> <span class='ocrx_word' id='word_1_119' title='bbox 1061 1639 1156 1691; x_wconf 72' lang='grc' dir='ltr'>καὶ</span> <span class='ocrx_word' id='word_1_120' title='bbox 1177 1638 1491 1709; x_wconf 81' lang='grc' dir='ltr'>ἀκαθάρτου</span> <span class='ocrx_word' id='word_1_121' title='bbox 1523 1639 1584 1691; x_wconf 80' lang='grc' dir='ltr'>οὐ</span> <span class='ocrx_word' id='word_1_122' title='bbox 1603 1637 1921 1692; x_wconf 85' lang='grc' dir='ltr'>διέστελλον.</span> <span class='ocrx_word' id='word_1_123' title='bbox 1936 1656 1955 1689; x_wconf 76' lang='grc' dir='ltr'><strong>ι</strong></span> 
     </span>
    </p>
   </div>
   <div class='ocr_carea' id='block_1_19' title="bbox 384 1728 1957 1799">
    <p class='ocr_par' dir='ltr' id='par_1_19' title="bbox 384 1728 1957 1799">
     <span class='ocr_line' id='line_1_19' title="bbox 384 1728 1957 1799; baseline -0.001 -16"><span class='ocrx_word' id='word_1_124' title='bbox 384 1730 459 1783; x_wconf 62' lang='lat' dir='ltr'><strong>Ut)</strong></span> <span class='ocrx_word' id='word_1_125' title='bbox 485 1729 776 1799; x_wconf 79' lang='grc' dir='ltr'>διέκρινον,</span> <span class='ocrx_word' id='word_1_126' title='bbox 812 1730 966 1798; x_wconf 64' lang='grc' dir='ltr'>φησι,</span> <span class='ocrx_word' id='word_1_127' title='bbox 998 1730 1093 1782; x_wconf 60' lang='lat' dir='ltr'><strong>xuii</strong></span> <span class='ocrx_word' id='word_1_128' title='bbox 1122 1728 1419 1791; x_wconf 79' lang='grc' dir='ltr'>ἐδίδασκον,</span> <span class='ocrx_word' id='word_1_129' title='bbox 1450 1729 1505 1781; x_wconf 90' lang='grc' dir='ltr'><strong>τί</strong></span> <span class='ocrx_word' id='word_1_130' title='bbox 1538 1729 1636 1799; x_wconf 85' lang='grc' dir='ltr'><strong>μὲν</strong></span> <span class='ocrx_word' id='word_1_131' title='bbox 1680 1728 1834 1796; x_wconf 75' lang='grc' dir='ltr'>ἅγιον</span> <span class='ocrx_word' id='word_1_132' title='bbox 1863 1729 1957 1782; x_wconf 73' lang='grc' dir='ltr'><strong>καὶ</strong></span> 
     </span>
    </p>
   </div>
   <div class='ocr_carea' id='block_1_20' title="bbox 2058 554 3635 625">
    <p class='ocr_par' dir='ltr' id='par_1_20' title="bbox 2058 554 3635 625">
     <span class='ocr_line' id='line_1_20' title="bbox 2058 554 3635 625; baseline 0 -18"><span class='ocrx_word' id='word_1_133' title='bbox 2058 570 2147 608; x_wconf 87' lang='lat' dir='ltr'><strong>nes</strong></span> <span class='ocrx_word' id='word_1_134' title='bbox 2180 556 2467 624; x_wconf 76' lang='lat' dir='ltr'><strong><em>rugientes,</em></strong></span> <span class='ocrx_word' id='word_1_135' title='bbox 2506 555 2768 624; x_wconf 81' lang='lat' dir='ltr'><strong>rapientes</strong></span> <span class='ocrx_word' id='word_1_136' title='bbox 2808 556 3049 625; x_wconf 85' lang='lat' dir='ltr'><strong>rapinas,</strong></span> <span class='ocrx_word' id='word_1_137' title='bbox 3087 556 3294 609; x_wconf 80' lang='lat' dir='ltr'><strong>animus</strong></span> <span class='ocrx_word' id='word_1_138' title='bbox 3324 554 3635 609; x_wconf 80' lang='lat' dir='ltr'><strong>devorantes</strong></span> 
     </span>
    </p>
   </div>
   <div class='ocr_carea' id='block_1_21' title="bbox 2056 641 3631 711">
    <p class='ocr_par' dir='ltr' id='par_1_21' title="bbox 2056 641 3631 711">
     <span class='ocr_line' id='line_1_21' title="bbox 2056 641 3631 711; baseline 0.001 -16"><span class='ocrx_word' id='word_1_139' title='bbox 2056 643 2112 695; x_wconf 81' lang='lat' dir='ltr'><strong>in</strong></span> <span class='ocrx_word' id='word_1_140' title='bbox 2142 647 2405 711; x_wconf 78' lang='lat' dir='ltr'><strong>potentia,</strong></span> <span class='ocrx_word' id='word_1_141' title='bbox 2440 642 2657 696; x_wconf 81' lang='lat' dir='ltr'><strong>divitias</strong></span> <span class='ocrx_word' id='word_1_142' title='bbox 2699 651 2748 696; x_wconf 80' lang='lat' dir='ltr'><strong>et</strong></span> <span class='ocrx_word' id='word_1_143' title='bbox 2792 642 3014 697; x_wconf 81' lang='lat' dir='ltr'><strong>honores</strong></span> <span class='ocrx_word' id='word_1_144' title='bbox 3063 643 3394 710; x_wconf 66' lang='lat' dir='ltr'><strong>accipientes,</strong></span> <span class='ocrx_word' id='word_1_145' title='bbox 3444 641 3631 697; x_wconf 77' lang='lat' dir='ltr'><strong>viduas</strong></span> 
     </span>
    </p>
   </div>
   <div class='ocr_carea' id='block_1_22' title="bbox 2056 730 3632 802">
    <p class='ocr_par' dir='ltr' id='par_1_22' title="bbox 2056 730 3632 802">
     <span class='ocr_line' id='line_1_22' title="bbox 2056 730 3632 802; baseline 0.001 -18"><span class='ocrx_word' id='word_1_146' title='bbox 2056 731 2168 799; x_wconf 86' lang='lat' dir='ltr'><strong>ejus</strong></span> <span class='ocrx_word' id='word_1_147' title='bbox 2192 730 2619 801; x_wconf 73' lang='lat' dir='ltr'><strong>multiplicarunt</strong></span> <span class='ocrx_word' id='word_1_148' title='bbox 2658 734 2714 787; x_wconf 83' lang='lat' dir='ltr'><strong>in</strong></span> <span class='ocrx_word' id='word_1_149' title='bbox 2749 733 2920 787; x_wconf 85' lang='lat' dir='ltr'><strong>medio</strong></span> <span class='ocrx_word' id='word_1_150' title='bbox 2950 730 3253 802; x_wconf 84' lang='lat' dir='ltr'><strong>ejus.Viris</strong></span> <span class='ocrx_word' id='word_1_151' title='bbox 3276 732 3422 787; x_wconf 90' lang='lat' dir='ltr'><strong>enim</strong></span> <span class='ocrx_word' id='word_1_152' title='bbox 3459 732 3632 787; x_wconf 85' lang='lat' dir='ltr'><strong>inter-</strong></span> 
     </span>
    </p>
   </div>
   <div class='ocr_carea' id='block_1_23' title="bbox 2058 820 3630 893">
    <p class='ocr_par' dir='ltr' id='par_1_23' title="bbox 2058 820 3630 893">
     <span class='ocr_line' id='line_1_23' title="bbox 2058 820 3630 893; baseline 0.001 -18"><span class='ocrx_word' id='word_1_153' title='bbox 2058 820 2236 887; x_wconf 80' lang='lat' dir='ltr'><strong>fectis,</strong></span> <span class='ocrx_word' id='word_1_154' title='bbox 2271 824 2621 893; x_wconf 77' lang='lat' dir='ltr'><strong>perSpieuum</strong></span> <span class='ocrx_word' id='word_1_155' title='bbox 2643 832 2727 879; x_wconf 88' lang='lat' dir='ltr'><strong>est</strong></span> <span class='ocrx_word' id='word_1_156' title='bbox 2753 823 3007 877; x_wconf 85' lang='lat' dir='ltr'><strong>viduitati</strong></span> <span class='ocrx_word' id='word_1_157' title='bbox 3038 824 3217 879; x_wconf 88' lang='lat' dir='ltr'><strong>locum</strong></span> <span class='ocrx_word' id='word_1_158' title='bbox 3254 823 3442 877; x_wconf 90' lang='lat' dir='ltr'><strong>datum</strong></span> <span class='ocrx_word' id='word_1_159' title='bbox 3485 838 3630 878; x_wconf 87' lang='lat' dir='ltr'><strong>esse.</strong></span> 
     </span>
    </p>
   </div>
   <div class='ocr_carea' id='block_1_24' title="bbox 2059 900 3633 971">
    <p class='ocr_par' dir='ltr' id='par_1_24' title="bbox 2059 900 3633 971">
     <span class='ocr_line' id='line_1_24' title="bbox 2059 900 3633 971; baseline -0.001 -6"><span class='ocrx_word' id='word_1_160' title='bbox 2059 912 2197 966; x_wconf 89' lang='lat' dir='ltr'><strong>Hinc</strong></span> <span class='ocrx_word' id='word_1_161' title='bbox 2235 914 2290 967; x_wconf 89' lang='lat' dir='ltr'><strong>in</strong></span> <span class='ocrx_word' id='word_1_162' title='bbox 2344 916 2663 971; x_wconf 76' lang='lat' dir='ltr'><strong>sacerdotes</strong></span> <span class='ocrx_word' id='word_1_163' title='bbox 2725 900 3128 969; x_wconf 62' lang='lat' dir='ltr'><strong>accusatoriam</strong></span> <span class='ocrx_word' id='word_1_164' title='bbox 3188 911 3453 969; x_wconf 67' lang='lat' dir='ltr'><strong>transfert</strong></span> <span class='ocrx_word' id='word_1_165' title='bbox 3505 929 3633 967; x_wconf 80' lang='lat' dir='ltr'><strong>orn-</strong></span> 
     </span>
    </p>
   </div>
   <div class='ocr_carea' id='block_1_25' title="bbox 2059 1005 2282 1059">
    <p class='ocr_par' dir='ltr' id='par_1_25' title="bbox 2059 1005 2282 1059">
     <span class='ocr_line' id='line_1_25' title="bbox 2059 1005 2282 1059; baseline -0.009 0"><span class='ocrx_word' id='word_1_166' title='bbox 2059 1005 2282 1059; x_wconf 88' lang='lat' dir='ltr'><strong>tionem.</strong></span> 
     </span>
    </p>
   </div>
   <div class='ocr_carea' id='block_1_26' title="bbox 2128 1091 3631 1164">
    <p class='ocr_par' dir='ltr' id='par_1_26' title="bbox 2128 1091 3631 1164">
     <span class='ocr_line' id='line_1_26' title="bbox 2128 1091 3631 1164; baseline -0.001 -17"><span class='ocrx_word' id='word_1_167' title='bbox 2128 1092 2414 1148; x_wconf 60' lang='lat'><strong>“5115.26.</strong></span> <span class='ocrx_word' id='word_1_168' title='bbox 2468 1091 2535 1146; x_wconf 86' lang='lat' dir='ltr'><strong>Et</strong></span> <span class='ocrx_word' id='word_1_169' title='bbox 2585 1094 2882 1149; x_wconf 82' lang='lat' dir='ltr'><strong>sacerdotes</strong></span> <span class='ocrx_word' id='word_1_170' title='bbox 2947 1094 3060 1162; x_wconf 80' lang='lat' dir='ltr'><strong>ejus</strong></span> <span class='ocrx_word' id='word_1_171' title='bbox 3120 1105 3415 1162; x_wconf 82' lang='lat' dir='ltr'><strong>spreverunt</strong></span> <span class='ocrx_word' id='word_1_172' title='bbox 3469 1094 3631 1164; x_wconf 83' lang='lat' dir='ltr'><strong><em>legem</em></strong></span> 
     </span>
    </p>
   </div>
   <div class='ocr_carea' id='block_1_27' title="bbox 2059 1184 3632 1251">
    <p class='ocr_par' dir='ltr' id='par_1_27' title="bbox 2059 1184 3632 1251">
     <span class='ocr_line' id='line_1_27' title="bbox 2059 1184 3632 1251; baseline 0.002 -15"><span class='ocrx_word' id='word_1_173' title='bbox 2059 1199 2250 1239; x_wconf 76' lang='lat' dir='ltr'><strong>meam.</strong></span> <span class='ocrx_word' id='word_1_174' title='bbox 2284 1184 2579 1238; x_wconf 79' lang='lat' dir='ltr'><strong>Maximum</strong></span> <span class='ocrx_word' id='word_1_175' title='bbox 2613 1195 2793 1239; x_wconf 86' lang='lat' dir='ltr'><strong>autem</strong></span> <span class='ocrx_word' id='word_1_176' title='bbox 2829 1187 2932 1240; x_wconf 87' lang='lat' dir='ltr'><strong>ltoc</strong></span> <span class='ocrx_word' id='word_1_177' title='bbox 2957 1193 3042 1240; x_wconf 87' lang='lat' dir='ltr'><strong>est</strong></span> <span class='ocrx_word' id='word_1_178' title='bbox 3070 1185 3271 1240; x_wconf 83' lang='lat' dir='ltr'><strong>scelus.</strong></span> <span class='ocrx_word' id='word_1_179' title='bbox 3306 1185 3460 1251; x_wconf 80' lang='lat' dir='ltr'><strong>Quos</strong></span> <span class='ocrx_word' id='word_1_180' title='bbox 3485 1187 3632 1240; x_wconf 87' lang='lat' dir='ltr'><strong>enim</strong></span> 
     </span>
    </p>
   </div>
   <div class='ocr_carea' id='block_1_28' title="bbox 2061 1273 3632 1345">
    <p class='ocr_par' dir='ltr' id='par_1_28' title="bbox 2061 1273 3632 1345">
     <span class='ocr_line' id='line_1_28' title="bbox 2061 1273 3632 1345; baseline 0.003 -19"><span class='ocrx_word' id='word_1_181' title='bbox 2061 1273 2187 1328; x_wconf 88' lang='lat' dir='ltr'><strong>aliis</strong></span> <span class='ocrx_word' id='word_1_182' title='bbox 2231 1273 2404 1329; x_wconf 86' lang='lat' dir='ltr'><strong>duces</strong></span> <span class='ocrx_word' id='word_1_183' title='bbox 2438 1290 2560 1330; x_wconf 90' lang='lat' dir='ltr'><strong>esse</strong></span> <span class='ocrx_word' id='word_1_184' title='bbox 2590 1277 2859 1345; x_wconf 83' lang='lat' dir='ltr'><strong>oportuit,</strong></span> <span class='ocrx_word' id='word_1_185' title='bbox 2893 1276 2934 1330; x_wconf 90' lang='lat' dir='ltr'><strong>ii</strong></span> <span class='ocrx_word' id='word_1_186' title='bbox 2968 1276 3097 1329; x_wconf 70' lang='grc' dir='ltr'>ειερί</span> <span class='ocrx_word' id='word_1_187' title='bbox 3135 1275 3333 1344; x_wconf 80' lang='lat' dir='ltr'><strong>degere</strong></span> <span class='ocrx_word' id='word_1_188' title='bbox 3374 1290 3632 1343; x_wconf 85' lang='lat' dir='ltr'><strong>persevc-</strong></span> 
     </span>
    </p>
   </div>
   <div class='ocr_carea' id='block_1_29' title="bbox 2060 1364 3635 1437">
    <p class='ocr_par' dir='ltr' id='par_1_29' title="bbox 2060 1364 3635 1437">
     <span class='ocr_line' id='line_1_29' title="bbox 2060 1364 3635 1437; baseline 0.001 -18"><span class='ocrx_word' id='word_1_189' title='bbox 2060 1368 2274 1420; x_wconf 83' lang='lat' dir='ltr'><strong>rabant.</strong></span> <span class='ocrx_word' id='word_1_190' title='bbox 2324 1386 2341 1419; x_wconf 83' lang='grc' dir='ltr'><strong>ι</strong></span> <span class='ocrx_word' id='word_1_191' title='bbox 2380 1366 2446 1421; x_wconf 89' lang='grc' dir='ltr'>Ει</span> <span class='ocrx_word' id='word_1_192' title='bbox 2464 1365 2838 1437; x_wconf 77' lang='lat' dir='ltr'><strong>profanabant</strong></span> <span class='ocrx_word' id='word_1_193' title='bbox 2863 1374 3055 1421; x_wconf 83' lang='lat' dir='ltr'><strong>sancta</strong></span> <span class='ocrx_word' id='word_1_194' title='bbox 3079 1380 3220 1419; x_wconf 83' lang='lat' dir='ltr'><strong>mea.</strong></span> <span class='ocrx_word' id='word_1_195' title='bbox 3257 1385 3275 1416; x_wconf 74' lang='grc' dir='ltr'><strong>ι</strong></span> <span class='ocrx_word' id='word_1_196' title='bbox 3312 1364 3464 1419; x_wconf 86' lang='lat' dir='ltr'><strong>Haud</strong></span> <span class='ocrx_word' id='word_1_197' title='bbox 3503 1368 3635 1432; x_wconf 82' lang='lat' dir='ltr'><strong>rite,</strong></span> 
     </span>
    </p>
   </div>
   <div class='ocr_carea' id='block_1_30' title="bbox 2063 1456 3637 1527">
    <p class='ocr_par' dir='ltr' id='par_1_30' title="bbox 2063 1456 3637 1527">
     <span class='ocr_line' id='line_1_30' title="bbox 2063 1456 3637 1527; baseline 0.002 -19"><span class='ocrx_word' id='word_1_198' title='bbox 2063 1456 2263 1524; x_wconf 83' lang='lat' dir='ltr'><strong>inquit,</strong></span> <span class='ocrx_word' id='word_1_199' title='bbox 2297 1457 2652 1526; x_wconf 61' lang='lat' dir='ltr'><strong>pcr‘iiciebant</strong></span> <span class='ocrx_word' id='word_1_200' title='bbox 2699 1472 2822 1527; x_wconf 66' lang='lat' dir='ltr'><strong>qua:</strong></span> <span class='ocrx_word' id='word_1_201' title='bbox 2875 1457 2941 1510; x_wconf 84' lang='lat' dir='ltr'><strong>ad</strong></span> <span class='ocrx_word' id='word_1_202' title='bbox 3006 1470 3200 1510; x_wconf 89' lang='lat' dir='ltr'><strong>eorum</strong></span> <span class='ocrx_word' id='word_1_203' title='bbox 3265 1456 3637 1512; x_wconf 76' lang='lat' dir='ltr'><strong>ministerium</strong></span> 
     </span>
    </p>
   </div>
   <div class='ocr_carea' id='block_1_31' title="bbox 2062 1537 3638 1615">
    <p class='ocr_par' dir='ltr' id='par_1_31' title="bbox 2062 1537 3638 1615">
     <span class='ocr_line' id='line_1_31' title="bbox 2062 1537 3638 1615; baseline 0 -16"><span class='ocrx_word' id='word_1_204' title='bbox 2062 1547 2427 1615; x_wconf 79' lang='lat' dir='ltr'><strong>pertinerent.</strong></span> <span class='ocrx_word' id='word_1_205' title='bbox 2461 1537 2907 1601; x_wconf 56' lang='lat' dir='ltr'><strong>Tum&#39;scelerum</strong></span> <span class='ocrx_word' id='word_1_206' title='bbox 2946 1558 3147 1613; x_wconf 88' lang='lat' dir='ltr'><strong>genera</strong></span> <span class='ocrx_word' id='word_1_207' title='bbox 3187 1552 3462 1599; x_wconf 86' lang='lat' dir='ltr'><strong>recenset.</strong></span> <span class='ocrx_word' id='word_1_208' title='bbox 3495 1563 3514 1597; x_wconf 79' lang='grc' dir='ltr'><strong>ι</strong></span> <span class='ocrx_word' id='word_1_209' title='bbox 3549 1546 3638 1599; x_wconf 89' lang='lat' dir='ltr'><strong>ln-</strong></span> 
     </span>
    </p>
   </div>
   <div class='ocr_carea' id='block_1_32' title="bbox 2064 1630 3635 1703">
    <p class='ocr_par' dir='ltr' id='par_1_32' title="bbox 2064 1630 3635 1703">
     <span class='ocr_line' id='line_1_32' title="bbox 2064 1630 3635 1703; baseline 0.001 -17"><span class='ocrx_word' id='word_1_210' title='bbox 2064 1642 2148 1686; x_wconf 90' lang='lat' dir='ltr'><strong>ter</strong></span> <span class='ocrx_word' id='word_1_211' title='bbox 2188 1640 2438 1687; x_wconf 87' lang='lat' dir='ltr'><strong>sanctum</strong></span> <span class='ocrx_word' id='word_1_212' title='bbox 2473 1640 2528 1688; x_wconf 91' lang='lat' dir='ltr'><strong>et</strong></span> <span class='ocrx_word' id='word_1_213' title='bbox 2567 1632 2859 1703; x_wconf 79' lang='lat' dir='ltr'><strong>profanum</strong></span> <span class='ocrx_word' id='word_1_214' title='bbox 2920 1645 3031 1685; x_wconf 84' lang='lat' dir='ltr'><strong>non</strong></span> <span class='ocrx_word' id='word_1_215' title='bbox 3095 1630 3532 1702; x_wconf 83' lang='lat' dir='ltr'><strong>distinguebant,</strong></span> <span class='ocrx_word' id='word_1_216' title='bbox 3581 1643 3635 1689; x_wconf 77' lang='lat' dir='ltr'><strong>et</strong></span> 
     </span>
    </p>
   </div>
   <div class='ocr_carea' id='block_1_33' title="bbox 2064 1722 3632 1793">
    <p class='ocr_par' dir='ltr' id='par_1_33' title="bbox 2064 1722 3632 1793">
     <span class='ocr_line' id='line_1_33' title="bbox 2064 1722 3632 1793; baseline -0.001 -16"><span class='ocrx_word' id='word_1_217' title='bbox 2064 1723 2208 1778; x_wconf 85' lang='lat' dir='ltr'><strong>inter</strong></span> <span class='ocrx_word' id='word_1_218' title='bbox 2264 1739 2462 1793; x_wconf 90' lang='lat' dir='ltr'><strong>purum</strong></span> <span class='ocrx_word' id='word_1_219' title='bbox 2516 1733 2572 1778; x_wconf 90' lang='lat' dir='ltr'><strong>et</strong></span> <span class='ocrx_word' id='word_1_220' title='bbox 2633 1726 2904 1793; x_wconf 88' lang='lat' dir='ltr'><strong>impurum</strong></span> <span class='ocrx_word' id='word_1_221' title='bbox 2964 1738 3078 1779; x_wconf 89' lang='lat' dir='ltr'><strong>non</strong></span> <span class='ocrx_word' id='word_1_222' title='bbox 3134 1722 3573 1792; x_wconf 70' lang='lat' dir='ltr'><strong>distinguebant.</strong></span> <span class='ocrx_word' id='word_1_223' title='bbox 3611 1742 3632 1775; x_wconf 75' lang='grc' dir='ltr'><strong>ι</strong></span> 
     </span>
    </p>
   </div>
   <div class='ocr_carea' id='block_1_34' title="bbox 385 1812 1965 1891">
    <p class='ocr_par' dir='ltr' id='par_1_34' title="bbox 385 1816 1963 1889">
     <span class='ocr_line' id='line_1_34' title="bbox 385 1816 1963 1889; baseline -0.002 -16"><span class='ocrx_word' id='word_1_224' title='bbox 385 1819 554 1885; x_wconf 72' lang='grc' dir='ltr'>θεῖον,</span> <span class='ocrx_word' id='word_1_225' title='bbox 581 1818 713 1872; x_wconf 85' lang='grc' dir='ltr'>τίδὲ</span> <span class='ocrx_word' id='word_1_226' title='bbox 754 1817 978 1888; x_wconf 82' lang='grc' dir='ltr'>βέϐηλον</span> <span class='ocrx_word' id='word_1_227' title='bbox 1011 1818 1106 1872; x_wconf 77' lang='grc' dir='ltr'>καὶ</span> <span class='ocrx_word' id='word_1_228' title='bbox 1125 1816 1467 1888; x_wconf 83' lang='grc' dir='ltr'>ἀνθρώπειον</span> <span class='ocrx_word' id='word_1_229' title='bbox 1494 1819 1559 1848; x_wconf 78' lang='grc'><strong>⁵⁷·</strong></span> <span class='ocrx_word' id='word_1_230' title='bbox 1594 1817 1821 1889; x_wconf 88' lang='grc' dir='ltr'>βέϐηλον</span> <span class='ocrx_word' id='word_1_231' title='bbox 1853 1817 1963 1887; x_wconf 87' lang='grc' dir='ltr'>γὰρ</span> 
     </span>
    </p>
   </div>
   <div class='ocr_carea' id='block_1_35' title="bbox 2067 1812 3636 1891">
    <p class='ocr_par' dir='ltr' id='par_1_35' title="bbox 2067 1812 3636 1884">
     <span class='ocr_line' id='line_1_35' title="bbox 2067 1812 3636 1884; baseline -0.001 -17"><span class='ocrx_word' id='word_1_232' title='bbox 2067 1813 2181 1867; x_wconf 79' lang='lat' dir='ltr'><strong>Non</strong></span> <span class='ocrx_word' id='word_1_233' title='bbox 2211 1812 2644 1884; x_wconf 79' lang='lat' dir='ltr'><strong>distinguebant,</strong></span> <span class='ocrx_word' id='word_1_234' title='bbox 2676 1813 2881 1883; x_wconf 81' lang='lat' dir='ltr'><strong>inquit,</strong></span> <span class='ocrx_word' id='word_1_235' title='bbox 2927 1828 3104 1882; x_wconf 87' lang='lat' dir='ltr'><strong>neque</strong></span> <span class='ocrx_word' id='word_1_236' title='bbox 3146 1813 3447 1876; x_wconf 82' lang='lat' dir='ltr'><strong>docebant,</strong></span> <span class='ocrx_word' id='word_1_237' title='bbox 3497 1813 3636 1883; x_wconf 87' lang='lat' dir='ltr'><strong>quid</strong></span> 
     </span>
    </p>
   </div>
   <div class='ocr_carea' id='block_1_36' title="bbox 383 1906 1966 1975">
    <p class='ocr_par' dir='ltr' id='par_1_36' title="bbox 383 1906 1966 1975">
     <span class='ocr_line' id='line_1_36' title="bbox 383 1906 1966 1975; baseline 0 -15"><span class='ocrx_word' id='word_1_238' title='bbox 383 1908 617 1962; x_wconf 71' lang='grc' dir='ltr'>ἐνταῦθα</span> <span class='ocrx_word' id='word_1_239' title='bbox 650 1909 711 1961; x_wconf 79' lang='grc' dir='ltr'><strong>οὐ</strong></span> <span class='ocrx_word' id='word_1_240' title='bbox 762 1908 825 1960; x_wconf 81' lang='grc' dir='ltr'><strong>τὸ</strong></span> <span class='ocrx_word' id='word_1_241' title='bbox 875 1907 1069 1975; x_wconf 82' lang='grc' dir='ltr'>ἐναγὲς</span> <span class='ocrx_word' id='word_1_242' title='bbox 1090 1907 1135 1940; x_wconf 80' lang='grc'><strong>⁸⁸</strong></span> <span class='ocrx_word' id='word_1_243' title='bbox 1168 1907 1363 1973; x_wconf 80' lang='grc' dir='ltr'>καλεῖ,</span> <span class='ocrx_word' id='word_1_244' title='bbox 1391 1906 1526 1961; x_wconf 84' lang='grc' dir='ltr'><strong>ἀλλά</strong></span> <span class='ocrx_word' id='word_1_245' title='bbox 1562 1908 1623 1961; x_wconf 69' lang='grc' dir='ltr'>τὸ</span> <span class='ocrx_word' id='word_1_246' title='bbox 1660 1908 1839 1962; x_wconf 80' lang='grc' dir='ltr'>κοινὸν</span> <span class='ocrx_word' id='word_1_247' title='bbox 1872 1908 1966 1961; x_wconf 79' lang='grc' dir='ltr'>καὶ</span> 
     </span>
    </p>
   </div>
   <div class='ocr_carea' id='block_1_37' title="bbox 381 1997 1964 2071">
    <p class='ocr_par' dir='ltr' id='par_1_37' title="bbox 381 1997 1964 2071">
     <span class='ocr_line' id='line_1_37' title="bbox 381 1997 1964 2071; baseline -0.004 -16"><span class='ocrx_word' id='word_1_248' title='bbox 381 2000 491 2056; x_wconf 83' lang='grc' dir='ltr'><strong>τῶν</strong></span> <span class='ocrx_word' id='word_1_249' title='bbox 532 2000 692 2054; x_wconf 89' lang='grc' dir='ltr'>θείων</span> <span class='ocrx_word' id='word_1_250' title='bbox 725 1999 1153 2071; x_wconf 82' lang='grc' dir='ltr'>κεχωρισμένον.</span> <span class='ocrx_word' id='word_1_251' title='bbox 1187 1998 1445 2069; x_wconf 77' lang='grc' dir='ltr'>Καθαρδν</span> <span class='ocrx_word' id='word_1_252' title='bbox 1494 2000 1588 2051; x_wconf 72' lang='grc' dir='ltr'><strong>καὶ</strong></span> <span class='ocrx_word' id='word_1_253' title='bbox 1632 1997 1964 2070; x_wconf 80' lang='grc' dir='ltr'>ἀκάθαρτον,</span> 
     </span>
    </p>
   </div>
   <div class='ocr_carea' id='block_1_38' title="bbox 382 2088 1969 2161">
    <p class='ocr_par' dir='ltr' id='par_1_38' title="bbox 382 2088 1969 2161">
     <span class='ocr_line' id='line_1_38' title="bbox 382 2088 1969 2161; baseline -0.003 -17"><span class='ocrx_word' id='word_1_254' title='bbox 382 2090 451 2144; x_wconf 81' lang='grc' dir='ltr'>τὰ</span> <span class='ocrx_word' id='word_1_255' title='bbox 478 2088 620 2144; x_wconf 89' lang='grc' dir='ltr'><strong>κατά</strong></span> <span class='ocrx_word' id='word_1_256' title='bbox 659 2089 752 2143; x_wconf 81' lang='grc' dir='ltr'><strong>τὸν</strong></span> <span class='ocrx_word' id='word_1_257' title='bbox 777 2090 941 2157; x_wconf 86' lang='grc' dir='ltr'>νόμον</span> <span class='ocrx_word' id='word_1_258' title='bbox 988 2088 1374 2161; x_wconf 69' lang='grc' dir='ltr'>κεχωρισμένα</span> <span class='ocrx_word' id='word_1_259' title='bbox 1389 2089 1458 2155; x_wconf 76' lang='grc'><strong>⁸⁸,</strong></span> <span class='ocrx_word' id='word_1_260' title='bbox 1480 2092 1573 2142; x_wconf 75' lang='grc' dir='ltr'><strong>καὶ</strong></span> <span class='ocrx_word' id='word_1_261' title='bbox 1609 2088 1678 2140; x_wconf 84' lang='grc' dir='ltr'>τὰ</span> <span class='ocrx_word' id='word_1_262' title='bbox 1711 2088 1853 2142; x_wconf 76' lang='grc' dir='ltr'>κατὰ</span> <span class='ocrx_word' id='word_1_263' title='bbox 1884 2088 1969 2140; x_wconf 91' lang='grc' dir='ltr'>νό-</span> 
     </span>
    </p>
   </div>
   <div class='ocr_carea' id='block_1_39' title="bbox 378 2175 1967 2249">
    <p class='ocr_par' dir='ltr' id='par_1_39' title="bbox 378 2175 1967 2249">
     <span class='ocr_line' id='line_1_39' title="bbox 378 2175 1967 2249; baseline -0.003 -17"><span class='ocrx_word' id='word_1_264' title='bbox 378 2196 486 2249; x_wconf 84' lang='grc' dir='ltr'><strong>μον</strong></span> <span class='ocrx_word' id='word_1_265' title='bbox 529 2175 596 2233; x_wconf 83' lang='grc' dir='ltr'><strong>αὖ</strong></span> <span class='ocrx_word' id='word_1_266' title='bbox 643 2177 807 2232; x_wconf 86' lang='grc' dir='ltr'>πάλιν</span> <span class='ocrx_word' id='word_1_267' title='bbox 852 2177 1286 2249; x_wconf 81' lang='grc' dir='ltr'>ἀπηγορευμένα</span> <span class='ocrx_word' id='word_1_268' title='bbox 1315 2217 1329 2240; x_wconf 89' lang='grc'><strong>,</strong></span> <span class='ocrx_word' id='word_1_269' title='bbox 1361 2178 1423 2231; x_wconf 81' lang='grc' dir='ltr'>οὐ</span> <span class='ocrx_word' id='word_1_270' title='bbox 1482 2178 1612 2247; x_wconf 82' lang='grc' dir='ltr'>περὶ</span> <span class='ocrx_word' id='word_1_271' title='bbox 1660 2176 1967 2247; x_wconf 79' lang='grc' dir='ltr'>βρωμάτων</span> 
     </span>
    </p>
   </div>
   <div class='ocr_carea' id='block_1_40' title="bbox 384 2265 1968 2340">
    <p class='ocr_par' dir='ltr' id='par_1_40' title="bbox 384 2265 1968 2340">
     <span class='ocr_line' id='line_1_40' title="bbox 384 2265 1968 2340; baseline -0.004 -16"><span class='ocrx_word' id='word_1_272' title='bbox 384 2270 545 2339; x_wconf 87' lang='grc' dir='ltr'>μόνον</span> <span class='ocrx_word' id='word_1_273' title='bbox 578 2269 675 2324; x_wconf 74' lang='grc' dir='ltr'>καὶ</span> <span class='ocrx_word' id='word_1_274' title='bbox 719 2268 996 2339; x_wconf 79' lang='grc' dir='ltr'>θυμάτων,</span> <span class='ocrx_word' id='word_1_275' title='bbox 1038 2268 1177 2322; x_wconf 81' lang='grc' dir='ltr'>ἀλλὰ</span> <span class='ocrx_word' id='word_1_276' title='bbox 1232 2268 1325 2322; x_wconf 73' lang='grc' dir='ltr'><strong>καὶ</strong></span> <span class='ocrx_word' id='word_1_277' title='bbox 1357 2268 1485 2340; x_wconf 72' lang='grc' dir='ltr'>περὶ</span> <span class='ocrx_word' id='word_1_278' title='bbox 1516 2267 1847 2335; x_wconf 73' lang='grc' dir='ltr'>ἐνδυμάτων,</span> <span class='ocrx_word' id='word_1_279' title='bbox 1872 2265 1968 2319; x_wconf 75' lang='grc' dir='ltr'>καὶ</span> 
     </span>
    </p>
   </div>
   <div class='ocr_carea' id='block_1_41' title="bbox 382 2357 1967 2430">
    <p class='ocr_par' dir='ltr' id='par_1_41' title="bbox 382 2357 1967 2430">
     <span class='ocr_line' id='line_1_41' title="bbox 382 2357 1967 2430; baseline -0.001 -18"><span class='ocrx_word' id='word_1_280' title='bbox 382 2359 491 2414; x_wconf 79' lang='grc' dir='ltr'><strong>τῶν</strong></span> <span class='ocrx_word' id='word_1_281' title='bbox 524 2360 700 2415; x_wconf 77' lang='grc' dir='ltr'>ἄλλων</span> <span class='ocrx_word' id='word_1_282' title='bbox 724 2360 834 2415; x_wconf 88' lang='grc' dir='ltr'><strong>τῶν</strong></span> <span class='ocrx_word' id='word_1_283' title='bbox 882 2376 945 2413; x_wconf 85' lang='grc' dir='ltr'><strong>τε</strong></span> <span class='ocrx_word' id='word_1_284' title='bbox 979 2359 1123 2413; x_wconf 87' lang='grc' dir='ltr'><strong>κατά</strong></span> <span class='ocrx_word' id='word_1_285' title='bbox 1165 2358 1414 2430; x_wconf 77' lang='grc' dir='ltr'>γνώμην,</span> <span class='ocrx_word' id='word_1_286' title='bbox 1441 2359 1535 2412; x_wconf 74' lang='grc' dir='ltr'><strong>καὶ</strong></span> <span class='ocrx_word' id='word_1_287' title='bbox 1570 2358 1718 2430; x_wconf 84' lang='grc' dir='ltr'><strong>παρά</strong></span> <span class='ocrx_word' id='word_1_288' title='bbox 1741 2357 1967 2429; x_wconf 85' lang='grc' dir='ltr'>γνώμην</span> 
     </span>
    </p>
   </div>
   <div class='ocr_carea' id='block_1_42' title="bbox 384 2449 1965 2522">
    <p class='ocr_par' dir='ltr' id='par_1_42' title="bbox 384 2449 1965 2522">
     <span class='ocr_line' id='line_1_42' title="bbox 384 2449 1965 2522; baseline 0 -19"><span class='ocrx_word' id='word_1_289' title='bbox 384 2449 833 2521; x_wconf 83' lang='grc' dir='ltr'>συμϐαινόντων,</span> <span class='ocrx_word' id='word_1_290' title='bbox 867 2450 1193 2522; x_wconf 77' lang='grc' dir='ltr'>γονορῤοίας</span> <span class='ocrx_word' id='word_1_291' title='bbox 1236 2466 1297 2502; x_wconf 91' lang='grc' dir='ltr'><strong>τε</strong></span> <span class='ocrx_word' id='word_1_292' title='bbox 1349 2450 1445 2502; x_wconf 82' lang='grc' dir='ltr'><strong>καὶ</strong></span> <span class='ocrx_word' id='word_1_293' title='bbox 1496 2449 1965 2520; x_wconf 85' lang='grc' dir='ltr'>ἀποκαθημένης,</span> 
     </span>
    </p>
   </div>
   <div class='ocr_carea' id='block_1_43' title="bbox 382 2538 1964 2612">
    <p class='ocr_par' dir='ltr' id='par_1_43' title="bbox 382 2538 1964 2612">
     <span class='ocr_line' id='line_1_43' title="bbox 382 2538 1964 2612; baseline -0.001 -18"><span class='ocrx_word' id='word_1_294' title='bbox 382 2541 480 2594; x_wconf 81' lang='grc' dir='ltr'>καὶ</span> <span class='ocrx_word' id='word_1_295' title='bbox 511 2541 659 2611; x_wconf 84' lang='grc' dir='ltr'>άφῆς</span> <span class='ocrx_word' id='word_1_296' title='bbox 690 2540 918 2612; x_wconf 83' lang='grc' dir='ltr'>λέπρας.</span> <span class='ocrx_word' id='word_1_297' title='bbox 952 2541 1050 2595; x_wconf 77' lang='grc' dir='ltr'>καὶ</span> <span class='ocrx_word' id='word_1_298' title='bbox 1078 2541 1224 2611; x_wconf 75' lang='grc' dir='ltr'>ἁφῆς</span> <span class='ocrx_word' id='word_1_299' title='bbox 1252 2540 1474 2611; x_wconf 82' lang='grc' dir='ltr'>νεκροῦ,</span> <span class='ocrx_word' id='word_1_300' title='bbox 1498 2541 1593 2594; x_wconf 71' lang='grc' dir='ltr'>καὶ</span> <span class='ocrx_word' id='word_1_301' title='bbox 1624 2538 1964 2611; x_wconf 81' lang='grc' dir='ltr'>θνησιμαίου,</span> 
     </span>
    </p>
   </div>
   <div class='ocr_carea' id='block_1_44' title="bbox 385 2630 1962 2703">
    <p class='ocr_par' dir='ltr' id='par_1_44' title="bbox 385 2630 1962 2703">
     <span class='ocr_line' id='line_1_44' title="bbox 385 2630 1962 2703; baseline -0.001 -19"><span class='ocrx_word' id='word_1_302' title='bbox 385 2631 483 2686; x_wconf 71' lang='grc' dir='ltr'><strong>καὶ</strong></span> <span class='ocrx_word' id='word_1_303' title='bbox 510 2630 870 2703; x_wconf 86' lang='grc' dir='ltr'>θηριαλώτου,</span> <span class='ocrx_word' id='word_1_304' title='bbox 902 2632 997 2685; x_wconf 75' lang='grc' dir='ltr'>καὶ</span> <span class='ocrx_word' id='word_1_305' title='bbox 1026 2631 1095 2685; x_wconf 89' lang='grc' dir='ltr'><strong>τά</strong></span> <span class='ocrx_word' id='word_1_306' title='bbox 1117 2631 1251 2685; x_wconf 84' lang='grc' dir='ltr'>ἀλλα</span> <span class='ocrx_word' id='word_1_307' title='bbox 1277 2633 1377 2685; x_wconf 84' lang='grc' dir='ltr'><strong>ὅσα</strong></span> <span class='ocrx_word' id='word_1_308' title='bbox 1406 2634 1434 2684; x_wconf 90' lang='grc' dir='ltr'><strong>ό</strong></span> <span class='ocrx_word' id='word_1_309' title='bbox 1454 2631 1616 2696; x_wconf 87' lang='grc' dir='ltr'>νόμος</span> <span class='ocrx_word' id='word_1_310' title='bbox 1634 2630 1962 2703; x_wconf 74' lang='grc' dir='ltr'>διαγορεύει.</span> 
     </span>
    </p>
   </div>
   <div class='ocr_carea' id='block_1_45' title="bbox 361 2720 1966 2793">
    <p class='ocr_par' dir='ltr' id='par_1_45' title="bbox 361 2720 1966 2793">
     <span class='ocr_line' id='line_1_45' title="bbox 361 2720 1966 2793; baseline 0.001 -20"><span class='ocrx_word' id='word_1_311' title='bbox 361 2720 607 2793; x_wconf 37' lang='grc' dir='ltr'>,Τούτοις</span> <span class='ocrx_word' id='word_1_312' title='bbox 637 2720 986 2792; x_wconf 83' lang='grc' dir='ltr'>προστίθησι,</span> <span class='ocrx_word' id='word_1_313' title='bbox 1023 2739 1042 2772; x_wconf 77' lang='grc' dir='ltr'><strong>ι</strong></span> <span class='ocrx_word' id='word_1_314' title='bbox 1096 2724 1212 2776; x_wconf 77' lang='grc' dir='ltr'><strong>Καὶ</strong></span> <span class='ocrx_word' id='word_1_315' title='bbox 1238 2721 1346 2776; x_wconf 85' lang='grc' dir='ltr'><strong>ἀπὸ</strong></span> <span class='ocrx_word' id='word_1_316' title='bbox 1385 2722 1491 2774; x_wconf 87' lang='grc' dir='ltr'><strong>τῶν</strong></span> <span class='ocrx_word' id='word_1_317' title='bbox 1543 2721 1829 2776; x_wconf 87' lang='grc' dir='ltr'>σαϐϐάτων</span> <span class='ocrx_word' id='word_1_318' title='bbox 1866 2739 1966 2793; x_wconf 89' lang='grc' dir='ltr'><strong>μου</strong></span> 
     </span>
    </p>
   </div>
   <div class='ocr_carea' id='block_1_46' title="bbox 386 2812 1967 2885">
    <p class='ocr_par' dir='ltr' id='par_1_46' title="bbox 386 2812 1967 2885">
     <span class='ocr_line' id='line_1_46' title="bbox 386 2812 1967 2885; baseline -0.001 -19"><span class='ocrx_word' id='word_1_319' title='bbox 386 2812 810 2884; x_wconf 27' lang='grc' dir='ltr'>νπανρεκάλυπτον</span> <span class='ocrx_word' id='word_1_320' title='bbox 851 2815 978 2876; x_wconf 81' lang='grc' dir='ltr'>τοὺς</span> <span class='ocrx_word' id='word_1_321' title='bbox 1028 2814 1344 2885; x_wconf 69' lang='grc' dir='ltr'>ὀφθαλμοὺς</span> <span class='ocrx_word' id='word_1_322' title='bbox 1389 2813 1592 2878; x_wconf 80' lang='grc' dir='ltr'>αὐτῶν,</span> <span class='ocrx_word' id='word_1_323' title='bbox 1618 2815 1715 2867; x_wconf 80' lang='grc' dir='ltr'><strong>καὶ</strong></span> <span class='ocrx_word' id='word_1_324' title='bbox 1770 2813 1967 2884; x_wconf 79' lang='grc' dir='ltr'>ἐϐεϐή-</span> 
     </span>
    </p>
   </div>
   <div class='ocr_carea' id='block_1_47' title="bbox 387 2902 1969 2975">
    <p class='ocr_par' dir='ltr' id='par_1_47' title="bbox 387 2902 1969 2975">
     <span class='ocr_line' id='line_1_47' title="bbox 387 2902 1969 2975; baseline 0.001 -20"><span class='ocrx_word' id='word_1_325' title='bbox 387 2902 580 2955; x_wconf 81' lang='grc' dir='ltr'>λουν⁷⁰</span> <span class='ocrx_word' id='word_1_326' title='bbox 625 2920 693 2973; x_wconf 89' lang='grc' dir='ltr'><strong>με</strong></span> <span class='ocrx_word' id='word_1_327' title='bbox 728 2904 787 2956; x_wconf 80' lang='grc' dir='ltr'><strong>ἐν</strong></span> <span class='ocrx_word' id='word_1_328' title='bbox 840 2903 992 2973; x_wconf 84' lang='grc' dir='ltr'>μέσῳ</span> <span class='ocrx_word' id='word_1_329' title='bbox 1043 2902 1244 2957; x_wconf 81' lang='grc' dir='ltr'>αὐτῶν.</span> <span class='ocrx_word' id='word_1_330' title='bbox 1283 2922 1301 2955; x_wconf 77' lang='lat' dir='ltr'><strong>s</strong></span> <span class='ocrx_word' id='word_1_331' title='bbox 1356 2902 1625 2973; x_wconf 86' lang='grc' dir='ltr'>Ὀρῶντες</span> <span class='ocrx_word' id='word_1_332' title='bbox 1671 2903 1779 2973; x_wconf 80' lang='grc' dir='ltr'>γὰρ</span> <span class='ocrx_word' id='word_1_333' title='bbox 1818 2905 1969 2975; x_wconf 83' lang='grc' dir='ltr'>ὑϐρι-</span> 
     </span>
    </p>
   </div>
   <div class='ocr_carea' id='block_1_48' title="bbox 389 2990 1971 3066">
    <p class='ocr_par' dir='ltr' id='par_1_48' title="bbox 389 2990 1971 3066">
     <span class='ocr_line' id='line_1_48' title="bbox 389 2990 1971 3066; baseline 0.002 -21"><span class='ocrx_word' id='word_1_334' title='bbox 389 2990 623 3062; x_wconf 81' lang='grc' dir='ltr'>ζομένην</span> <span class='ocrx_word' id='word_1_335' title='bbox 670 2992 966 3063; x_wconf 65' lang='grc' dir='ltr'>προφανῶς</span> <span class='ocrx_word' id='word_1_336' title='bbox 1016 2993 1114 3063; x_wconf 73' lang='grc' dir='ltr'><strong>τὴν</strong></span> <span class='ocrx_word' id='word_1_337' title='bbox 1149 2993 1259 3047; x_wconf 84' lang='grc' dir='ltr'><strong>τῶν</strong></span> <span class='ocrx_word' id='word_1_338' title='bbox 1292 2993 1579 3047; x_wconf 86' lang='grc' dir='ltr'>σαϐϐάτων</span> <span class='ocrx_word' id='word_1_339' title='bbox 1617 2994 1850 3066; x_wconf 75' lang='grc' dir='ltr'>ἡμέραν,</span> <span class='ocrx_word' id='word_1_340' title='bbox 1876 2996 1971 3048; x_wconf 76' lang='grc' dir='ltr'>καὶ</span> 
     </span>
    </p>
   </div>
   <div class='ocr_carea' id='block_1_49' title="bbox 388 3085 1968 3158">
    <p class='ocr_par' dir='ltr' id='par_1_49' title="bbox 388 3085 1968 3158">
     <span class='ocr_line' id='line_1_49' title="bbox 388 3085 1968 3158; baseline 0.002 -21"><span class='ocrx_word' id='word_1_341' title='bbox 388 3085 647 3155; x_wconf 75' lang='grc' dir='ltr'>ἐργασίαν</span> <span class='ocrx_word' id='word_1_342' title='bbox 725 3086 1043 3155; x_wconf 85' lang='grc' dir='ltr'>παράνομον</span> <span class='ocrx_word' id='word_1_343' title='bbox 1114 3085 1541 3156; x_wconf 83' lang='grc' dir='ltr'>ἐπιτελουμένην</span> <span class='ocrx_word' id='word_1_344' title='bbox 1589 3087 1647 3138; x_wconf 87' lang='grc' dir='ltr'><strong>ἐν</strong></span> <span class='ocrx_word' id='word_1_345' title='bbox 1689 3088 1755 3156; x_wconf 78' lang='grc' dir='ltr'>τῇ</span> <span class='ocrx_word' id='word_1_346' title='bbox 1823 3087 1968 3158; x_wconf 77' lang='grc' dir='ltr'>ἀργῇ</span> 
     </span>
    </p>
   </div>
   <div class='ocr_carea' id='block_1_50' title="bbox 2066 1902 3641 1974">
    <p class='ocr_par' dir='ltr' id='par_1_50' title="bbox 2066 1902 3641 1974">
     <span class='ocr_line' id='line_1_50' title="bbox 2066 1902 3641 1974; baseline -0.001 -15"><span class='ocrx_word' id='word_1_347' title='bbox 2066 1912 2321 1959; x_wconf 90' lang='lat' dir='ltr'><strong>sanctum</strong></span> <span class='ocrx_word' id='word_1_348' title='bbox 2357 1912 2412 1956; x_wconf 91' lang='lat' dir='ltr'><strong>et</strong></span> <span class='ocrx_word' id='word_1_349' title='bbox 2457 1903 2705 1958; x_wconf 90' lang='lat' dir='ltr'><strong>divinum</strong></span> <span class='ocrx_word' id='word_1_350' title='bbox 2738 1911 2909 1966; x_wconf 87' lang='lat' dir='ltr'><strong>esset,</strong></span> <span class='ocrx_word' id='word_1_351' title='bbox 2950 1903 3195 1974; x_wconf 84' lang='lat' dir='ltr'><strong>quidque</strong></span> <span class='ocrx_word' id='word_1_352' title='bbox 3240 1902 3532 1973; x_wconf 80' lang='lat' dir='ltr'><strong>profanum</strong></span> <span class='ocrx_word' id='word_1_353' title='bbox 3583 1914 3641 1958; x_wconf 93' lang='lat' dir='ltr'><strong>et</strong></span> 
     </span>
    </p>
   </div>
   <div class='ocr_carea' id='block_1_51' title="bbox 2065 1992 3637 2063">
    <p class='ocr_par' dir='ltr' id='par_1_51' title="bbox 2065 1992 3637 2063">
     <span class='ocr_line' id='line_1_51' title="bbox 2065 1992 3637 2063; baseline -0.001 -15"><span class='ocrx_word' id='word_1_354' title='bbox 2065 1994 2389 2048; x_wconf 87' lang='lat' dir='ltr'><strong>humanum.</strong></span> <span class='ocrx_word' id='word_1_355' title='bbox 2429 1992 2725 2062; x_wconf 81' lang='lat' dir='ltr'><strong>Profanum</strong></span> <span class='ocrx_word' id='word_1_356' title='bbox 2754 1992 2902 2048; x_wconf 85' lang='lat' dir='ltr'><strong>enim</strong></span> <span class='ocrx_word' id='word_1_357' title='bbox 2936 1994 3041 2047; x_wconf 91' lang='lat' dir='ltr'><strong>hoc</strong></span> <span class='ocrx_word' id='word_1_358' title='bbox 3070 1994 3213 2058; x_wconf 88' lang='lat' dir='ltr'><strong>loco,</strong></span> <span class='ocrx_word' id='word_1_359' title='bbox 3249 2009 3359 2047; x_wconf 84' lang='lat' dir='ltr'><strong>non</strong></span> <span class='ocrx_word' id='word_1_360' title='bbox 3406 1993 3637 2063; x_wconf 90' lang='lat' dir='ltr'><strong>impium</strong></span> 
     </span>
    </p>
   </div>
   <div class='ocr_carea' id='block_1_52' title="bbox 2064 2082 3642 2156">
    <p class='ocr_par' dir='ltr' id='par_1_52' title="bbox 2064 2082 3642 2156">
     <span class='ocr_line' id='line_1_52' title="bbox 2064 2082 3642 2156; baseline 0 -17"><span class='ocrx_word' id='word_1_361' title='bbox 2064 2085 2234 2156; x_wconf 87' lang='lat'><strong>858</strong></span> <span class='ocrx_word' id='word_1_362' title='bbox 2264 2092 2445 2150; x_wconf 87' lang='lat' dir='ltr'><strong>vocat,</strong></span> <span class='ocrx_word' id='word_1_363' title='bbox 2472 2084 2566 2140; x_wconf 89' lang='lat' dir='ltr'><strong>sed</strong></span> <span class='ocrx_word' id='word_1_364' title='bbox 2610 2084 2662 2139; x_wconf 92' lang='lat' dir='ltr'><strong>id</strong></span> <span class='ocrx_word' id='word_1_365' title='bbox 2698 2082 2846 2154; x_wconf 89' lang='lat' dir='ltr'><strong>quod</strong></span> <span class='ocrx_word' id='word_1_366' title='bbox 2877 2098 3168 2139; x_wconf 84' lang='lat' dir='ltr'><strong>commune</strong></span> <span class='ocrx_word' id='word_1_367' title='bbox 3192 2093 3299 2151; x_wconf 89' lang='lat' dir='ltr'><strong>est,</strong></span> <span class='ocrx_word' id='word_1_368' title='bbox 3330 2093 3386 2140; x_wconf 92' lang='lat' dir='ltr'><strong>et</strong></span> <span class='ocrx_word' id='word_1_369' title='bbox 3411 2100 3442 2138; x_wconf 89' lang='lat' dir='ltr'><strong>a</strong></span> <span class='ocrx_word' id='word_1_370' title='bbox 3472 2085 3642 2139; x_wconf 86' lang='lat' dir='ltr'><strong>rebus</strong></span> 
     </span>
    </p>
   </div>
   <div class='ocr_carea' id='block_1_53' title="bbox 2065 2174 3640 2245">
    <p class='ocr_par' dir='ltr' id='par_1_53' title="bbox 2065 2174 3640 2245">
     <span class='ocr_line' id='line_1_53' title="bbox 2065 2174 3640 2245; baseline -0.002 -15"><span class='ocrx_word' id='word_1_371' title='bbox 2065 2176 2266 2233; x_wconf 75' lang='lat' dir='ltr'><strong>divinis</strong></span> <span class='ocrx_word' id='word_1_372' title='bbox 2314 2177 2637 2232; x_wconf 84' lang='lat' dir='ltr'><strong>distinctum</strong></span> <span class='ocrx_word' id='word_1_373' title='bbox 2672 2192 2685 2228; x_wconf 87' lang='lat'><strong>:</strong></span> <span class='ocrx_word' id='word_1_374' title='bbox 2716 2190 2914 2245; x_wconf 88' lang='lat' dir='ltr'><strong>purum</strong></span> <span class='ocrx_word' id='word_1_375' title='bbox 2965 2183 3019 2230; x_wconf 90' lang='lat' dir='ltr'><strong>et</strong></span> <span class='ocrx_word' id='word_1_376' title='bbox 3049 2174 3355 2244; x_wconf 85' lang='lat' dir='ltr'><strong>impurum,</strong></span> <span class='ocrx_word' id='word_1_377' title='bbox 3397 2190 3519 2245; x_wconf 73' lang='lat' dir='ltr'><strong>qua:</strong></span> <span class='ocrx_word' id='word_1_378' title='bbox 3553 2190 3640 2229; x_wconf 87' lang='lat' dir='ltr'><strong>se-</strong></span> 
     </span>
    </p>
   </div>
   <div class='ocr_carea' id='block_1_54' title="bbox 2065 2269 3639 2338">
    <p class='ocr_par' dir='ltr' id='par_1_54' title="bbox 2065 2269 3639 2338">
     <span class='ocr_line' id='line_1_54' title="bbox 2065 2269 3639 2338; baseline -0.003 -14"><span class='ocrx_word' id='word_1_379' title='bbox 2065 2269 2302 2324; x_wconf 86' lang='lat' dir='ltr'><strong>cundum</strong></span> <span class='ocrx_word' id='word_1_380' title='bbox 2333 2270 2504 2338; x_wconf 80' lang='lat' dir='ltr'><strong>legem</strong></span> <span class='ocrx_word' id='word_1_381' title='bbox 2539 2276 2792 2338; x_wconf 87' lang='lat' dir='ltr'><strong>separata</strong></span> <span class='ocrx_word' id='word_1_382' title='bbox 2818 2275 2975 2334; x_wconf 91' lang='lat' dir='ltr'><strong>sunt,</strong></span> <span class='ocrx_word' id='word_1_383' title='bbox 3004 2275 3057 2321; x_wconf 93' lang='lat' dir='ltr'><strong>et</strong></span> <span class='ocrx_word' id='word_1_384' title='bbox 3083 2281 3205 2336; x_wconf 67' lang='lat' dir='ltr'><strong>qua:</strong></span> <span class='ocrx_word' id='word_1_385' title='bbox 3228 2282 3421 2323; x_wconf 83' lang='lat' dir='ltr'><strong>rursus</strong></span> <span class='ocrx_word' id='word_1_386' title='bbox 3448 2282 3639 2321; x_wconf 89' lang='lat' dir='ltr'><strong>secun-</strong></span> 
     </span>
    </p>
   </div>
   <div class='ocr_carea' id='block_1_55' title="bbox 2065 2357 3639 2430">
    <p class='ocr_par' dir='ltr' id='par_1_55' title="bbox 2065 2357 3639 2430">
     <span class='ocr_line' id='line_1_55' title="bbox 2065 2357 3639 2430; baseline -0.003 -13"><span class='ocrx_word' id='word_1_387' title='bbox 2065 2362 2194 2417; x_wconf 88' lang='lat' dir='ltr'><strong>dum</strong></span> <span class='ocrx_word' id='word_1_388' title='bbox 2222 2361 2392 2430; x_wconf 85' lang='lat' dir='ltr'><strong>legent</strong></span> <span class='ocrx_word' id='word_1_389' title='bbox 2424 2368 2553 2415; x_wconf 90' lang='lat' dir='ltr'><strong>sunt</strong></span> <span class='ocrx_word' id='word_1_390' title='bbox 2573 2358 2884 2413; x_wconf 86' lang='lat' dir='ltr'><strong>interdicta.</strong></span> <span class='ocrx_word' id='word_1_391' title='bbox 2913 2357 3099 2428; x_wconf 86' lang='lat' dir='ltr'><strong>Neque</strong></span> <span class='ocrx_word' id='word_1_392' title='bbox 3130 2358 3196 2413; x_wconf 86' lang='lat' dir='ltr'><strong>de</strong></span> <span class='ocrx_word' id='word_1_393' title='bbox 3231 2358 3371 2414; x_wconf 88' lang='lat' dir='ltr'><strong>cibis</strong></span> <span class='ocrx_word' id='word_1_394' title='bbox 3427 2366 3639 2413; x_wconf 89' lang='lat' dir='ltr'><strong>tantum</strong></span> 
     </span>
    </p>
   </div>
   <div class='ocr_carea' id='block_1_56' title="bbox 2066 2446 3641 2518">
    <p class='ocr_par' dir='ltr' id='par_1_56' title="bbox 2066 2446 3641 2518">
     <span class='ocr_line' id='line_1_56' title="bbox 2066 2446 3641 2518; baseline -0.003 -11"><span class='ocrx_word' id='word_1_395' title='bbox 2066 2449 2416 2507; x_wconf 83' lang='lat' dir='ltr'><strong>etsaeriliciis</strong></span> <span class='ocrx_word' id='word_1_396' title='bbox 2430 2449 2692 2518; x_wconf 85' lang='lat' dir='ltr'><strong>loquitur,</strong></span> <span class='ocrx_word' id='word_1_397' title='bbox 2711 2449 2805 2505; x_wconf 87' lang='lat' dir='ltr'><strong>sed</strong></span> <span class='ocrx_word' id='word_1_398' title='bbox 2823 2448 2987 2503; x_wconf 86' lang='lat' dir='ltr'><strong>etiam</strong></span> <span class='ocrx_word' id='word_1_399' title='bbox 3003 2446 3433 2513; x_wconf 88' lang='lat' dir='ltr'><strong>deindumentis,</strong></span> <span class='ocrx_word' id='word_1_400' title='bbox 3449 2456 3502 2503; x_wconf 91' lang='lat' dir='ltr'><strong>et</strong></span> <span class='ocrx_word' id='word_1_401' title='bbox 3516 2448 3641 2502; x_wconf 87' lang='lat' dir='ltr'><strong>aliis</strong></span> 
     </span>
    </p>
   </div>
   <div class='ocr_carea' id='block_1_57' title="bbox 2065 2539 3641 2613">
    <p class='ocr_par' dir='ltr' id='par_1_57' title="bbox 2065 2539 3641 2613">
     <span class='ocr_line' id='line_1_57' title="bbox 2065 2539 3641 2613; baseline -0.001 -18"><span class='ocrx_word' id='word_1_402' title='bbox 2065 2558 2187 2613; x_wconf 64' lang='lat' dir='ltr'><strong>qua</strong></span> <span class='ocrx_word' id='word_1_403' title='bbox 2208 2550 2324 2597; x_wconf 89' lang='lat' dir='ltr'><strong>tum</strong></span> <span class='ocrx_word' id='word_1_404' title='bbox 2359 2543 2667 2609; x_wconf 77' lang='lat' dir='ltr'><strong>voluntate,</strong></span> <span class='ocrx_word' id='word_1_405' title='bbox 2706 2548 2824 2596; x_wconf 89' lang='lat' dir='ltr'><strong>tum</strong></span> <span class='ocrx_word' id='word_1_406' title='bbox 2872 2548 3070 2611; x_wconf 61' lang='lat' dir='ltr'><strong>praeter</strong></span> <span class='ocrx_word' id='word_1_407' title='bbox 3109 2539 3449 2595; x_wconf 81' lang='lat' dir='ltr'><strong>voluntatem</strong></span> <span class='ocrx_word' id='word_1_408' title='bbox 3487 2545 3641 2594; x_wconf 88' lang='lat' dir='ltr'><strong>acet-</strong></span> 
     </span>
    </p>
   </div>
   <div class='ocr_carea' id='block_1_58' title="bbox 2066 2630 3642 2699">
    <p class='ocr_par' dir='ltr' id='par_1_58' title="bbox 2066 2630 3642 2699">
     <span class='ocr_line' id='line_1_58' title="bbox 2066 2630 3642 2699; baseline -0.004 -9"><span class='ocrx_word' id='word_1_409' title='bbox 2066 2635 2222 2699; x_wconf 88' lang='lat' dir='ltr'><strong>dunt,</strong></span> <span class='ocrx_word' id='word_1_410' title='bbox 2254 2635 2402 2690; x_wconf 82' lang='lat' dir='ltr'><strong>ﬂuxu</strong></span> <span class='ocrx_word' id='word_1_411' title='bbox 2439 2634 2673 2691; x_wconf 88' lang='lat' dir='ltr'><strong>seminis</strong></span> <span class='ocrx_word' id='word_1_412' title='bbox 2701 2640 2755 2688; x_wconf 83' lang='lat' dir='ltr'><strong>et</strong></span> <span class='ocrx_word' id='word_1_413' title='bbox 2784 2639 3071 2688; x_wconf 88' lang='lat' dir='ltr'><strong>menstruo</strong></span> <span class='ocrx_word' id='word_1_414' title='bbox 3103 2630 3409 2694; x_wconf 86' lang='lat' dir='ltr'><strong>laborante,</strong></span> <span class='ocrx_word' id='word_1_415' title='bbox 3436 2637 3490 2685; x_wconf 90' lang='lat' dir='ltr'><strong>et</strong></span> <span class='ocrx_word' id='word_1_416' title='bbox 3510 2645 3642 2684; x_wconf 88' lang='lat' dir='ltr'><strong>con-</strong></span> 
     </span>
    </p>
   </div>
   <div class='ocr_carea' id='block_1_59' title="bbox 2067 2715 3643 2796">
    <p class='ocr_par' dir='ltr' id='par_1_59' title="bbox 2067 2715 3643 2796">
     <span class='ocr_line' id='line_1_59' title="bbox 2067 2715 3643 2796; baseline -0.003 -16"><span class='ocrx_word' id='word_1_417' title='bbox 2067 2734 2217 2781; x_wconf 87' lang='lat' dir='ltr'><strong>tactu</strong></span> <span class='ocrx_word' id='word_1_418' title='bbox 2242 2726 2425 2796; x_wconf 62' lang='lat' dir='ltr'><strong>lepraa,</strong></span> <span class='ocrx_word' id='word_1_419' title='bbox 2456 2733 2513 2781; x_wconf 87' lang='lat' dir='ltr'><strong>et</strong></span> <span class='ocrx_word' id='word_1_420' title='bbox 2541 2732 2802 2780; x_wconf 90' lang='lat' dir='ltr'><strong>contactu</strong></span> <span class='ocrx_word' id='word_1_421' title='bbox 2834 2715 3147 2786; x_wconf 82' lang='lat' dir='ltr'><strong>cadaveris,</strong></span> <span class='ocrx_word' id='word_1_422' title='bbox 3174 2728 3229 2775; x_wconf 91' lang='lat' dir='ltr'><strong>et</strong></span> <span class='ocrx_word' id='word_1_423' title='bbox 3257 2720 3564 2785; x_wconf 84' lang='lat' dir='ltr'><strong>ntorticini,</strong></span> <span class='ocrx_word' id='word_1_424' title='bbox 3587 2729 3643 2775; x_wconf 87' lang='lat' dir='ltr'><strong>et</strong></span> 
     </span>
    </p>
   </div>
   <div class='ocr_carea' id='block_1_60' title="bbox 2068 2814 3643 2888">
    <p class='ocr_par' dir='ltr' id='par_1_60' title="bbox 2068 2814 3643 2888">
     <span class='ocr_line' id='line_1_60' title="bbox 2068 2814 3643 2888; baseline -0.004 -16"><span class='ocrx_word' id='word_1_425' title='bbox 2068 2832 2099 2871; x_wconf 93' lang='lat' dir='ltr'><strong>a</strong></span> <span class='ocrx_word' id='word_1_426' title='bbox 2130 2816 2246 2872; x_wconf 78' lang='lat' dir='ltr'><strong>fera</strong></span> <span class='ocrx_word' id='word_1_427' title='bbox 2293 2817 2465 2888; x_wconf 86' lang='lat' dir='ltr'><strong>capti,</strong></span> <span class='ocrx_word' id='word_1_428' title='bbox 2506 2826 2562 2872; x_wconf 91' lang='lat' dir='ltr'><strong>et</strong></span> <span class='ocrx_word' id='word_1_429' title='bbox 2592 2816 2662 2871; x_wconf 92' lang='lat' dir='ltr'><strong>de</strong></span> <span class='ocrx_word' id='word_1_430' title='bbox 2703 2815 2832 2872; x_wconf 86' lang='lat' dir='ltr'><strong>aliis</strong></span> <span class='ocrx_word' id='word_1_431' title='bbox 2862 2814 3148 2879; x_wconf 72' lang='lat' dir='ltr'><strong>clunibus,</strong></span> <span class='ocrx_word' id='word_1_432' title='bbox 3182 2828 3526 2883; x_wconf 63' lang='lat' dir='ltr'><strong>quaecunque</strong></span> <span class='ocrx_word' id='word_1_433' title='bbox 3557 2814 3643 2867; x_wconf 74' lang='lat' dir='ltr'><strong>lex</strong></span> 
     </span>
    </p>
   </div>
   <div class='ocr_carea' id='block_1_61' title="bbox 2069 2903 3646 2979">
    <p class='ocr_par' dir='ltr' id='par_1_61' title="bbox 2069 2903 3646 2979">
     <span class='ocr_line' id='line_1_61' title="bbox 2069 2903 3646 2979; baseline 0 -20"><span class='ocrx_word' id='word_1_434' title='bbox 2069 2908 2344 2979; x_wconf 86' lang='lat' dir='ltr'><strong>prohibet.</strong></span> <span class='ocrx_word' id='word_1_435' title='bbox 2365 2908 2446 2961; x_wconf 82' lang='lat' dir='ltr'><strong>Ad</strong></span> <span class='ocrx_word' id='word_1_436' title='bbox 2472 2909 2586 2961; x_wconf 69' lang='lat' dir='ltr'><strong>haec</strong></span> <span class='ocrx_word' id='word_1_437' title='bbox 2607 2904 2761 2961; x_wconf 82' lang='lat' dir='ltr'><strong>addit</strong></span> <span class='ocrx_word' id='word_1_438' title='bbox 2790 2924 2803 2960; x_wconf 91' lang='lat'><strong>:</strong></span> <span class='ocrx_word' id='word_1_439' title='bbox 2832 2924 2851 2958; x_wconf 80' lang='grc' dir='ltr'><strong>ι</strong></span> <span class='ocrx_word' id='word_1_440' title='bbox 2879 2904 2942 2959; x_wconf 83' lang='lat' dir='ltr'><strong>Et</strong></span> <span class='ocrx_word' id='word_1_441' title='bbox 2959 2920 2988 2958; x_wconf 89' lang='lat' dir='ltr'><strong>a</strong></span> <span class='ocrx_word' id='word_1_442' title='bbox 3011 2903 3260 2959; x_wconf 85' lang='lat' dir='ltr'><strong>sabbatis</strong></span> <span class='ocrx_word' id='word_1_443' title='bbox 3283 2903 3421 2958; x_wconf 90' lang='lat' dir='ltr'><strong>meis</strong></span> <span class='ocrx_word' id='word_1_444' title='bbox 3446 2918 3646 2973; x_wconf 85' lang='lat' dir='ltr'><strong>coope-</strong></span> 
     </span>
    </p>
   </div>
   <div class='ocr_carea' id='block_1_62' title="bbox 2069 2995 3647 3066">
    <p class='ocr_par' dir='ltr' id='par_1_62' title="bbox 2069 2995 3647 3066">
     <span class='ocr_line' id='line_1_62' title="bbox 2069 2995 3647 3066; baseline -0.003 -11"><span class='ocrx_word' id='word_1_445' title='bbox 2069 2999 2289 3055; x_wconf 87' lang='lat' dir='ltr'><strong>riebant</strong></span> <span class='ocrx_word' id='word_1_446' title='bbox 2337 2999 2535 3053; x_wconf 90' lang='lat' dir='ltr'><strong>oculos</strong></span> <span class='ocrx_word' id='word_1_447' title='bbox 2566 3013 2718 3063; x_wconf 87' lang='lat' dir='ltr'><strong>suos,</strong></span> <span class='ocrx_word' id='word_1_448' title='bbox 2753 3007 2805 3052; x_wconf 91' lang='lat' dir='ltr'><strong>et</strong></span> <span class='ocrx_word' id='word_1_449' title='bbox 2836 2995 3205 3066; x_wconf 81' lang='lat' dir='ltr'><strong>profanabant</strong></span> <span class='ocrx_word' id='word_1_450' title='bbox 3247 3011 3335 3051; x_wconf 90' lang='lat' dir='ltr'><strong>me</strong></span> <span class='ocrx_word' id='word_1_451' title='bbox 3366 2995 3422 3050; x_wconf 91' lang='lat' dir='ltr'><strong>in</strong></span> <span class='ocrx_word' id='word_1_452' title='bbox 3464 2996 3647 3051; x_wconf 89' lang='lat' dir='ltr'><strong>medio</strong></span> 
     </span>
    </p>
   </div>
   <div class='ocr_carea' id='block_1_63' title="bbox 2071 3086 3644 3163">
    <p class='ocr_par' dir='ltr' id='par_1_63' title="bbox 2071 3086 3644 3163">
     <span class='ocr_line' id='line_1_63' title="bbox 2071 3086 3644 3163; baseline -0.003 -16"><span class='ocrx_word' id='word_1_453' title='bbox 2071 3094 2319 3163; x_wconf 86' lang='lat' dir='ltr'><strong>ipsorum</strong></span> <span class='ocrx_word' id='word_1_454' title='bbox 2359 3109 2381 3145; x_wconf 70' lang='grc' dir='ltr'><strong>ι</strong></span> <span class='ocrx_word' id='word_1_455' title='bbox 2435 3088 2703 3145; x_wconf 81' lang='lat' dir='ltr'><strong>Videntes</strong></span> <span class='ocrx_word' id='word_1_456' title='bbox 2754 3088 2896 3143; x_wconf 88' lang='lat' dir='ltr'><strong>enim</strong></span> <span class='ocrx_word' id='word_1_457' title='bbox 2946 3087 3226 3158; x_wconf 88' lang='lat' dir='ltr'><strong>propalam</strong></span> <span class='ocrx_word' id='word_1_458' title='bbox 3279 3086 3644 3142; x_wconf 88' lang='lat' dir='ltr'><strong>Sabbatorum</strong></span> 
     </span>
    </p>
   </div>
   <div class='ocr_carea' id='block_1_64' title="bbox 388 3174 1965 3249">
    <p class='ocr_par' dir='ltr' id='par_1_64' title="bbox 388 3174 1965 3249">
     <span class='ocr_line' id='line_1_64' title="bbox 388 3174 1965 3249; baseline 0.003 -21"><span class='ocrx_word' id='word_1_459' title='bbox 388 3176 593 3246; x_wconf 71' lang='grc' dir='ltr'>ἡμέρα,</span> <span class='ocrx_word' id='word_1_460' title='bbox 613 3174 855 3244; x_wconf 83' lang='grc' dir='ltr'>ἐλέγχειν</span> <span class='ocrx_word' id='word_1_461' title='bbox 887 3176 988 3228; x_wconf 76' lang='grc' dir='ltr'><strong>οὐκ</strong></span> <span class='ocrx_word' id='word_1_462' title='bbox 1008 3174 1197 3245; x_wconf 72' lang='grc' dir='ltr'>ηοελον</span> <span class='ocrx_word' id='word_1_463' title='bbox 1223 3176 1350 3240; x_wconf 80' lang='grc' dir='ltr'>τοὺς</span> <span class='ocrx_word' id='word_1_464' title='bbox 1369 3179 1709 3249; x_wconf 83' lang='grc' dir='ltr'>παρανομεῖν</span> <span class='ocrx_word' id='word_1_465' title='bbox 1730 3176 1965 3248; x_wconf 81' lang='grc' dir='ltr'>τολμῶν-</span> 
     </span>
    </p>
   </div>
   <div class='ocr_carea' id='block_1_65' title="bbox 2067 3174 3643 3249">
    <p class='ocr_par' dir='ltr' id='par_1_65' title="bbox 2074 3177 3643 3248">
     <span class='ocr_line' id='line_1_65' title="bbox 2074 3177 3643 3248; baseline -0.002 -13"><span class='ocrx_word' id='word_1_466' title='bbox 2074 3183 2219 3237; x_wconf 71' lang='lat' dir='ltr'><strong>tliem</strong></span> <span class='ocrx_word' id='word_1_467' title='bbox 2247 3179 2583 3237; x_wconf 86' lang='lat' dir='ltr'><strong>contumelia</strong></span> <span class='ocrx_word' id='word_1_468' title='bbox 2604 3177 2766 3241; x_wconf 79' lang='lat' dir='ltr'><strong>allici,</strong></span> <span class='ocrx_word' id='word_1_469' title='bbox 2786 3185 2844 3233; x_wconf 90' lang='lat' dir='ltr'><strong>et</strong></span> <span class='ocrx_word' id='word_1_470' title='bbox 2869 3193 3008 3248; x_wconf 90' lang='lat' dir='ltr'><strong>opus</strong></span> <span class='ocrx_word' id='word_1_471' title='bbox 3031 3178 3148 3247; x_wconf 91' lang='lat' dir='ltr'><strong>lege</strong></span> <span class='ocrx_word' id='word_1_472' title='bbox 3179 3193 3289 3232; x_wconf 90' lang='lat' dir='ltr'><strong>non</strong></span> <span class='ocrx_word' id='word_1_473' title='bbox 3313 3178 3643 3248; x_wconf 86' lang='lat' dir='ltr'><strong>permissum</strong></span> 
     </span>
    </p>
   </div>
   <div class='ocr_carea' id='block_1_66' title="bbox 391 3265 1972 3337">
    <p class='ocr_par' dir='ltr' id='par_1_66' title="bbox 391 3265 1972 3337">
     <span class='ocr_line' id='line_1_66' title="bbox 391 3265 1972 3337; baseline 0.001 -18"><span class='ocrx_word' id='word_1_474' title='bbox 391 3282 514 3329; x_wconf 81' lang='grc' dir='ltr'>τας,</span> <span class='ocrx_word' id='word_1_475' title='bbox 544 3266 657 3318; x_wconf 76' lang='grc' dir='ltr'>ἀλλ’</span> <span class='ocrx_word' id='word_1_476' title='bbox 686 3266 847 3318; x_wconf 78' lang='grc' dir='ltr'>οἱονεὶ</span> <span class='ocrx_word' id='word_1_477' title='bbox 888 3267 1123 3336; x_wconf 83' lang='grc' dir='ltr'>μύοντες</span> <span class='ocrx_word' id='word_1_478' title='bbox 1170 3267 1299 3331; x_wconf 75' lang='grc' dir='ltr'>τοὺς</span> <span class='ocrx_word' id='word_1_479' title='bbox 1350 3265 1684 3337; x_wconf 82' lang='grc' dir='ltr'>ὀφθαλμοὺς,</span> <span class='ocrx_word' id='word_1_480' title='bbox 1730 3267 1830 3320; x_wconf 81' lang='grc' dir='ltr'><strong>οὐκ</strong></span> <span class='ocrx_word' id='word_1_481' title='bbox 1858 3267 1972 3321; x_wconf 89' lang='grc' dir='ltr'>ἐδό-</span> 
     </span>
    </p>
   </div>
   <div class='ocr_carea' id='block_1_67' title="bbox 394 3356 1971 3430">
    <p class='ocr_par' dir='ltr' id='par_1_67' title="bbox 394 3356 1971 3430">
     <span class='ocr_line' id='line_1_67' title="bbox 394 3356 1971 3430; baseline 0.001 -19"><span class='ocrx_word' id='word_1_482' title='bbox 394 3374 528 3411; x_wconf 87' lang='grc' dir='ltr'>κουν</span> <span class='ocrx_word' id='word_1_483' title='bbox 574 3358 729 3428; x_wconf 78' lang='grc' dir='ltr'>ὸρᾷν,</span> <span class='ocrx_word' id='word_1_484' title='bbox 780 3356 818 3411; x_wconf 78' lang='grc' dir='ltr'><strong>ὃ.</strong></span> <span class='ocrx_word' id='word_1_485' title='bbox 868 3357 1144 3411; x_wconf 85' lang='grc' dir='ltr'>διετέλουν</span> <span class='ocrx_word' id='word_1_486' title='bbox 1205 3358 1461 3430; x_wconf 81' lang='grc' dir='ltr'>ὁρῶντες.</span> <span class='ocrx_word' id='word_1_487' title='bbox 1523 3359 1691 3414; x_wconf 86' lang='grc' dir='ltr'>Πάλιν</span> <span class='ocrx_word' id='word_1_488' title='bbox 1724 3359 1817 3413; x_wconf 81' lang='grc' dir='ltr'>ἐπὶ</span> <span class='ocrx_word' id='word_1_489' title='bbox 1847 3360 1971 3425; x_wconf 79' lang='grc' dir='ltr'>τοὺς</span> 
     </span>
    </p>
   </div>
   <div class='ocr_carea' id='block_1_68' title="bbox 393 3446 1235 3520">
    <p class='ocr_par' dir='ltr' id='par_1_68' title="bbox 393 3446 1235 3520">
     <span class='ocr_line' id='line_1_68' title="bbox 393 3446 1235 3520; baseline 0.002 -20"><span class='ocrx_word' id='word_1_490' title='bbox 393 3448 656 3519; x_wconf 77' lang='grc' dir='ltr'>ἄρχοντας</span> <span class='ocrx_word' id='word_1_491' title='bbox 679 3446 1012 3513; x_wconf 84' lang='grc' dir='ltr'>ἐπανελθὼν,</span> <span class='ocrx_word' id='word_1_492' title='bbox 1049 3449 1235 3520; x_wconf 86' lang='grc' dir='ltr'>φησίν·</span> 
     </span>
    </p>
   </div>
   <div class='ocr_carea' id='block_1_69' title="bbox 463 3623 1973 3697">
    <p class='ocr_par' dir='ltr' id='par_1_69' title="bbox 463 3623 1973 3697">
     <span class='ocr_line' id='line_1_69' title="bbox 463 3623 1973 3697; baseline 0.001 -18"><span class='ocrx_word' id='word_1_493' title='bbox 463 3627 567 3690; x_wconf 77' lang='grc' dir='ltr'>κζ’.</span> <span class='ocrx_word' id='word_1_494' title='bbox 602 3627 668 3680; x_wconf 74' lang='grc' dir='ltr'><strong>οι</strong></span> <span class='ocrx_word' id='word_1_495' title='bbox 718 3624 1009 3693; x_wconf 73' lang='grc' dir='ltr'>ἄρχοντες</span> <span class='ocrx_word' id='word_1_496' title='bbox 1074 3623 1267 3694; x_wconf 85' lang='grc' dir='ltr'>αὐτῆς</span> <span class='ocrx_word' id='word_1_497' title='bbox 1310 3626 1381 3680; x_wconf 81' lang='grc' dir='ltr'>ἐν</span> <span class='ocrx_word' id='word_1_498' title='bbox 1433 3626 1602 3696; x_wconf 80' lang='grc' dir='ltr'>μέσῳ</span> <span class='ocrx_word' id='word_1_499' title='bbox 1648 3626 1857 3697; x_wconf 82' lang='grc' dir='ltr'>αὐτῆς,</span> <span class='ocrx_word' id='word_1_500' title='bbox 1891 3628 1973 3695; x_wconf 85' lang='grc' dir='ltr'>ὥς</span> 
     </span>
    </p>
   </div>
   <div class='ocr_carea' id='block_1_70' title="bbox 392 3713 1970 3788">
    <p class='ocr_par' dir='ltr' id='par_1_70' title="bbox 392 3713 1970 3788">
     <span class='ocr_line' id='line_1_70' title="bbox 392 3713 1970 3788; baseline 0.003 -20"><span class='ocrx_word' id='word_1_501' title='bbox 392 3715 567 3769; x_wconf 61' lang='grc' dir='ltr'>λύκοι</span> <span class='ocrx_word' id='word_1_502' title='bbox 607 3714 969 3782; x_wconf 78' lang='grc' dir='ltr'>ἁρπάζοντες</span> <span class='ocrx_word' id='word_1_503' title='bbox 1009 3713 1383 3785; x_wconf 77' lang='grc' dir='ltr'>ἁρπάγματα,</span> <span class='ocrx_word' id='word_1_504' title='bbox 1416 3715 1525 3771; x_wconf 84' lang='grc' dir='ltr'>τοῦ</span> <span class='ocrx_word' id='word_1_505' title='bbox 1560 3718 1763 3787; x_wconf 78' lang='grc' dir='ltr'>ἐκχέαι</span> <span class='ocrx_word' id='word_1_506' title='bbox 1807 3714 1970 3788; x_wconf 74' lang='grc' dir='ltr'>αἷμα,</span> 
     </span>
    </p>
   </div>
   <div class='ocr_carea' id='block_1_71' title="bbox 393 3802 1973 3877">
    <p class='ocr_par' dir='ltr' id='par_1_71' title="bbox 393 3802 1973 3877">
     <span class='ocr_line' id='line_1_71' title="bbox 393 3802 1973 3877; baseline 0.002 -16"><span class='ocrx_word' id='word_1_507' title='bbox 393 3806 500 3861; x_wconf 82' lang='grc' dir='ltr'>τοῦ</span> <span class='ocrx_word' id='word_1_508' title='bbox 559 3802 856 3860; x_wconf 69' lang='grc' dir='ltr'>ἀπολέσαι</span> <span class='ocrx_word' id='word_1_509' title='bbox 902 3806 1127 3875; x_wconf 69' lang='grc' dir='ltr'>ψυχὰς,</span> <span class='ocrx_word' id='word_1_510' title='bbox 1174 3806 1332 3874; x_wconf 82' lang='grc' dir='ltr'>ὅπως</span> <span class='ocrx_word' id='word_1_511' title='bbox 1383 3809 1708 3877; x_wconf 69' lang='grc' dir='ltr'>πλεονεξίᾳ</span> <span class='ocrx_word' id='word_1_512' title='bbox 1754 3813 1973 3864; x_wconf 74' lang='grc' dir='ltr'><strong>πλεον-</strong></span> 
     </span>
    </p>
   </div>
   <div class='ocr_carea' id='block_1_72' title="bbox 397 3893 1973 3973">
    <p class='ocr_par' dir='ltr' id='par_1_72' title="bbox 397 3893 1973 3973">
     <span class='ocr_line' id='line_1_72' title="bbox 397 3893 1973 3973; baseline 0.001 -20"><span class='ocrx_word' id='word_1_513' title='bbox 397 3896 670 3953; x_wconf 73' lang='grc' dir='ltr'>εκτῶσιν.</span> <span class='ocrx_word' id='word_1_514' title='bbox 705 3898 1004 3970; x_wconf 78' lang='grc' dir='ltr'>’Δφορμὴν,</span> <span class='ocrx_word' id='word_1_515' title='bbox 1038 3900 1194 3969; x_wconf 83' lang='grc' dir='ltr'>φησὶ,</span> <span class='ocrx_word' id='word_1_516' title='bbox 1216 3898 1442 3969; x_wconf 86' lang='grc' dir='ltr'>κέρδους</span> <span class='ocrx_word' id='word_1_517' title='bbox 1488 3893 1771 3954; x_wconf 80' lang='grc' dir='ltr'>ἐποιοῦντο</span> <span class='ocrx_word' id='word_1_518' title='bbox 1795 3902 1844 3953; x_wconf 77' lang='grc' dir='ltr'><strong>οἱ</strong></span> <span class='ocrx_word' id='word_1_519' title='bbox 1876 3900 1973 3973; x_wconf 82' lang='grc' dir='ltr'><strong>ἄρ-</strong></span> 
     </span>
    </p>
   </div>
   <div class='ocr_carea' id='block_1_73' title="bbox 394 3990 1973 4061">
    <p class='ocr_par' dir='ltr' id='par_1_73' title="bbox 394 3990 1973 4061">
     <span class='ocr_line' id='line_1_73' title="bbox 394 3990 1973 4061; baseline 0.003 -19"><span class='ocrx_word' id='word_1_520' title='bbox 394 4007 511 4061; x_wconf 86' lang='grc' dir='ltr'>χειν</span> <span class='ocrx_word' id='word_1_521' title='bbox 542 3990 800 4060; x_wconf 85' lang='grc' dir='ltr'>λαχόντες</span> <span class='ocrx_word' id='word_1_522' title='bbox 843 3992 943 4053; x_wconf 82' lang='grc' dir='ltr'><strong>τὰς</strong></span> <span class='ocrx_word' id='word_1_523' title='bbox 970 3990 1192 4055; x_wconf 86' lang='grc' dir='ltr'>ἀδίκους</span> <span class='ocrx_word' id='word_1_524' title='bbox 1227 3990 1466 4060; x_wconf 82' lang='grc' dir='ltr'>σφαγὰς,</span> <span class='ocrx_word' id='word_1_525' title='bbox 1497 3990 1593 4044; x_wconf 81' lang='grc' dir='ltr'>καὶ</span> <span class='ocrx_word' id='word_1_526' title='bbox 1623 3990 1717 4055; x_wconf 87' lang='grc' dir='ltr'><strong>οὒς</strong></span> <span class='ocrx_word' id='word_1_527' title='bbox 1731 3992 1839 4046; x_wconf 76' lang='grc' dir='ltr'>ἔδει</span> <span class='ocrx_word' id='word_1_528' title='bbox 1862 3992 1973 4047; x_wconf 87' lang='grc' dir='ltr'>τῶν</span> 
     </span>
    </p>
   </div>
   <div class='ocr_carea' id='block_1_74' title="bbox 394 4075 1972 4153">
    <p class='ocr_par' dir='ltr' id='par_1_74' title="bbox 394 4075 1972 4153">
     <span class='ocr_line' id='line_1_74' title="bbox 394 4075 1972 4153; baseline 0.001 -18"><span class='ocrx_word' id='word_1_529' title='bbox 394 4080 766 4151; x_wconf 84' lang='grc' dir='ltr'>ἀδικουμένων</span> <span class='ocrx_word' id='word_1_530' title='bbox 803 4076 941 4135; x_wconf 73' lang='grc' dir='ltr'>εἶναι</span> <span class='ocrx_word' id='word_1_531' title='bbox 987 4082 1331 4153; x_wconf 84' lang='grc' dir='ltr'>προμάχους,</span> <span class='ocrx_word' id='word_1_532' title='bbox 1379 4075 1527 4136; x_wconf 72' lang='grc' dir='ltr'>οὗτοι</span> <span class='ocrx_word' id='word_1_533' title='bbox 1571 4080 1673 4152; x_wconf 81' lang='grc' dir='ltr'>τῆς</span> <span class='ocrx_word' id='word_1_534' title='bbox 1714 4082 1822 4136; x_wconf 84' lang='grc' dir='ltr'><strong>τῶν</strong></span> <span class='ocrx_word' id='word_1_535' title='bbox 1854 4083 1972 4137; x_wconf 88' lang='grc' dir='ltr'>ἀδι-</span> 
     </span>
    </p>
   </div>
   <div class='ocr_carea' id='block_1_75' title="bbox 395 4172 1976 4260">
    <p class='ocr_par' dir='ltr' id='par_1_75' title="bbox 395 4172 1976 4260">
     <span class='ocr_line' id='line_1_75' title="bbox 395 4172 1976 4260; baseline 0.002 -36"><span class='ocrx_word' id='word_1_536' title='bbox 395 4172 635 4229; x_wconf 80' lang='grc' dir='ltr'>κούντων</span> <span class='ocrx_word' id='word_1_537' title='bbox 664 4173 916 4243; x_wconf 86' lang='grc' dir='ltr'>ἐγένοντο</span> <span class='ocrx_word' id='word_1_538' title='bbox 940 4174 1161 4245; x_wconf 85' lang='grc' dir='ltr'>μοίρας.</span> <span class='ocrx_word' id='word_1_539' title='bbox 1197 4172 1481 4228; x_wconf 81' lang='grc' dir='ltr'>Ἐντεῦθεν</span> <span class='ocrx_word' id='word_1_540' title='bbox 1508 4174 1600 4226; x_wconf 73' lang='grc' dir='ltr'><strong>ἐπὶ</strong></span> <span class='ocrx_word' id='word_1_541' title='bbox 1627 4174 1752 4237; x_wconf 81' lang='grc' dir='ltr'>τοὺς</span> <span class='ocrx_word' id='word_1_542' title='bbox 1770 4176 1976 4260; x_wconf 80' lang='grc' dir='ltr'>προφή-</span> 
     </span>
    </p>
   </div>
   <div class='ocr_carea' id='block_1_76' title="bbox 394 4261 1123 4334">
    <p class='ocr_par' dir='ltr' id='par_1_76' title="bbox 394 4261 1123 4334">
     <span class='ocr_line' id='line_1_76' title="bbox 394 4261 1123 4334; baseline 0.001 -19"><span class='ocrx_word' id='word_1_543' title='bbox 394 4278 493 4326; x_wconf 87' lang='grc' dir='ltr'><strong>τας</strong></span> <span class='ocrx_word' id='word_1_544' title='bbox 526 4261 866 4334; x_wconf 86' lang='grc' dir='ltr'>μεταϐαίνει,</span> <span class='ocrx_word' id='word_1_545' title='bbox 908 4263 1083 4333; x_wconf 85' lang='grc' dir='ltr'>λέγων</span> <span class='ocrx_word' id='word_1_546' title='bbox 1108 4281 1123 4294; x_wconf 79' lang='grc' dir='ltr'><strong>ο</strong></span> 
     </span>
    </p>
   </div>
   <div class='ocr_carea' id='block_1_77' title="bbox 466 4353 1969 4426">
    <p class='ocr_par' dir='ltr' id='par_1_77' title="bbox 466 4353 1969 4426">
     <span class='ocr_line' id='line_1_77' title="bbox 466 4353 1969 4426; baseline 0.002 -17"><span class='ocrx_word' id='word_1_547' title='bbox 466 4353 576 4425; x_wconf 85' lang='grc' dir='ltr'>κη’.</span> <span class='ocrx_word' id='word_1_548' title='bbox 601 4357 712 4410; x_wconf 82' lang='grc' dir='ltr'>Καί</span> <span class='ocrx_word' id='word_1_549' title='bbox 741 4358 794 4410; x_wconf 82' lang='lat' dir='ltr'><strong>oi</strong></span> <span class='ocrx_word' id='word_1_550' title='bbox 816 4355 1115 4426; x_wconf 67' lang='grc' dir='ltr'>εῳοςρῆται</span> <span class='ocrx_word' id='word_1_551' title='bbox 1145 4353 1338 4425; x_wconf 82' lang='grc' dir='ltr'>αὐτῆς</span> <span class='ocrx_word' id='word_1_552' title='bbox 1355 4356 1707 4425; x_wconf 72' lang='grc' dir='ltr'>ἀλείφοντες</span> <span class='ocrx_word' id='word_1_553' title='bbox 1726 4357 1969 4423; x_wconf 79' lang='grc' dir='ltr'>αὐτούς.</span> 
     </span>
    </p>
   </div>
   <div class='ocr_carea' id='block_1_78' title="bbox 394 4445 1974 4518">
    <p class='ocr_par' dir='ltr' id='par_1_78' title="bbox 394 4445 1974 4518">
     <span class='ocr_line' id='line_1_78' title="bbox 394 4445 1974 4518; baseline 0.001 -19"><span class='ocrx_word' id='word_1_554' title='bbox 394 4445 567 4499; x_wconf 82' lang='grc' dir='ltr'>Τοῦτο</span> <span class='ocrx_word' id='word_1_555' title='bbox 614 4446 711 4500; x_wconf 82' lang='grc' dir='ltr'>καὶ</span> <span class='ocrx_word' id='word_1_556' title='bbox 742 4446 856 4500; x_wconf 79' lang='grc' dir='ltr'><strong>ἀνω</strong></span> <span class='ocrx_word' id='word_1_557' title='bbox 888 4446 1012 4518; x_wconf 72' lang='grc' dir='ltr'>ἔφη,</span> <span class='ocrx_word' id='word_1_558' title='bbox 1060 4446 1154 4501; x_wconf 79' lang='grc' dir='ltr'><strong>τὸν</strong></span> <span class='ocrx_word' id='word_1_559' title='bbox 1191 4447 1378 4509; x_wconf 86' lang='grc' dir='ltr'>κακῶς</span> <span class='ocrx_word' id='word_1_560' title='bbox 1410 4445 1838 4518; x_wconf 73' lang='grc' dir='ltr'>οἰκοδομηθέντα</span> <span class='ocrx_word' id='word_1_561' title='bbox 1866 4449 1974 4501; x_wconf 85' lang='grc' dir='ltr'>τοῖ-</span> 
     </span>
    </p>
   </div>
   <div class='ocr_carea' id='block_1_79' title="bbox 2071 3268 3647 3348">
    <p class='ocr_par' dir='ltr' id='par_1_79' title="bbox 2071 3268 3647 3348">
     <span class='ocr_line' id='line_1_79' title="bbox 2071 3268 3647 3348; baseline -0.002 -22"><span class='ocrx_word' id='word_1_562' title='bbox 2071 3272 2276 3348; x_wconf 80' lang='lat' dir='ltr'><strong>quietis</strong></span> <span class='ocrx_word' id='word_1_563' title='bbox 2320 3271 2412 3326; x_wconf 91' lang='lat' dir='ltr'><strong>die</strong></span> <span class='ocrx_word' id='word_1_564' title='bbox 2459 3268 2681 3340; x_wconf 83' lang='lat' dir='ltr'><strong>perﬁci,</strong></span> <span class='ocrx_word' id='word_1_565' title='bbox 2727 3281 2959 3338; x_wconf 79' lang='lat' dir='ltr'><strong>arguere</strong></span> <span class='ocrx_word' id='word_1_566' title='bbox 2990 3268 3256 3322; x_wconf 88' lang='lat' dir='ltr'><strong>nolebant</strong></span> <span class='ocrx_word' id='word_1_567' title='bbox 3292 3282 3389 3322; x_wconf 87' lang='lat' dir='ltr'><strong>eos</strong></span> <span class='ocrx_word' id='word_1_568' title='bbox 3421 3268 3514 3337; x_wconf 93' lang='lat' dir='ltr'><strong>qui</strong></span> <span class='ocrx_word' id='word_1_569' title='bbox 3549 3268 3647 3323; x_wconf 83' lang='lat' dir='ltr'><strong>de-</strong></span> 
     </span>
    </p>
   </div>
   <div class='ocr_carea' id='block_1_80' title="bbox 2072 3357 3643 3433">
    <p class='ocr_par' dir='ltr' id='par_1_80' title="bbox 2072 3357 3643 3433">
     <span class='ocr_line' id='line_1_80' title="bbox 2072 3357 3643 3433; baseline -0.003 -16"><span class='ocrx_word' id='word_1_570' title='bbox 2072 3364 2329 3433; x_wconf 83' lang='lat' dir='ltr'><strong>linquere</strong></span> <span class='ocrx_word' id='word_1_571' title='bbox 2360 3359 2671 3422; x_wconf 86' lang='lat' dir='ltr'><strong>audebant,</strong></span> <span class='ocrx_word' id='word_1_572' title='bbox 2712 3358 2808 3413; x_wconf 87' lang='lat' dir='ltr'><strong>sed</strong></span> <span class='ocrx_word' id='word_1_573' title='bbox 2840 3357 3005 3414; x_wconf 87' lang='lat' dir='ltr'><strong>veluti</strong></span> <span class='ocrx_word' id='word_1_574' title='bbox 3045 3358 3405 3413; x_wconf 72' lang='lat' dir='ltr'><strong>conniven‘es</strong></span> <span class='ocrx_word' id='word_1_575' title='bbox 3442 3358 3643 3424; x_wconf 88' lang='lat' dir='ltr'><strong>oculis,</strong></span> 
     </span>
    </p>
   </div>
   <div class='ocr_carea' id='block_1_81' title="bbox 2071 3449 3643 3519">
    <p class='ocr_par' dir='ltr' id='par_1_81' title="bbox 2071 3449 3643 3519">
     <span class='ocr_line' id='line_1_81' title="bbox 2071 3449 3643 3519; baseline -0.004 -10"><span class='ocrx_word' id='word_1_576' title='bbox 2071 3452 2498 3509; x_wconf 87' lang='lat' dir='ltr'><strong>dissimulabant</strong></span> <span class='ocrx_word' id='word_1_577' title='bbox 2549 3465 2614 3505; x_wconf 89' lang='lat' dir='ltr'><strong>ea</strong></span> <span class='ocrx_word' id='word_1_578' title='bbox 2660 3449 2866 3512; x_wconf 86' lang='lat' dir='ltr'><strong>videre,</strong></span> <span class='ocrx_word' id='word_1_579' title='bbox 2910 3463 3032 3519; x_wconf 65' lang='lat' dir='ltr'><strong>quae</strong></span> <span class='ocrx_word' id='word_1_580' title='bbox 3074 3449 3424 3504; x_wconf 83' lang='lat' dir='ltr'><strong>continenter</strong></span> <span class='ocrx_word' id='word_1_581' title='bbox 3452 3463 3643 3504; x_wconf 82' lang='lat' dir='ltr'><strong>cerne—</strong></span> 
     </span>
    </p>
   </div>
   <div class='ocr_carea' id='block_1_82' title="bbox 2071 3535 3481 3613">
    <p class='ocr_par' dir='ltr' id='par_1_82' title="bbox 2071 3535 3481 3613">
     <span class='ocr_line' id='line_1_82' title="bbox 2071 3535 3481 3613; baseline -0.001 -19"><span class='ocrx_word' id='word_1_582' title='bbox 2071 3538 2224 3595; x_wconf 89' lang='lat' dir='ltr'><strong>bant.</strong></span> <span class='ocrx_word' id='word_1_583' title='bbox 2255 3536 2472 3593; x_wconf 80' lang='lat' dir='ltr'><strong>Rursus</strong></span> <span class='ocrx_word' id='word_1_584' title='bbox 2499 3537 2568 3592; x_wconf 89' lang='lat' dir='ltr'><strong>ad</strong></span> <span class='ocrx_word' id='word_1_585' title='bbox 2609 3537 2888 3607; x_wconf 88' lang='lat' dir='ltr'><strong>principes</strong></span> <span class='ocrx_word' id='word_1_586' title='bbox 2925 3550 3176 3591; x_wconf 76' lang='lat' dir='ltr'><strong>reversus</strong></span> <span class='ocrx_word' id='word_1_587' title='bbox 3210 3535 3287 3590; x_wconf 91' lang='lat' dir='ltr'><strong>ait</strong></span> <span class='ocrx_word' id='word_1_588' title='bbox 3321 3555 3335 3592; x_wconf 90' lang='lat'><strong>:</strong></span> <span class='ocrx_word' id='word_1_589' title='bbox 3474 3602 3481 3613; x_wconf 30' lang='grc' dir='ltr'>ν</span> 
     </span>
    </p>
   </div>
   <div class='ocr_carea' id='block_1_83' title="bbox 2143 3626 3645 3698">
    <p class='ocr_par' dir='ltr' id='par_1_83' title="bbox 2143 3626 3645 3698">
     <span class='ocr_line' id='line_1_83' title="bbox 2143 3626 3645 3698; baseline -0.003 -12"><span class='ocrx_word' id='word_1_590' title='bbox 2143 3631 2312 3686; x_wconf 75' lang='lat' dir='ltr'><strong>Vsus.</strong></span> <span class='ocrx_word' id='word_1_591' title='bbox 2337 3629 2429 3685; x_wconf 77' lang='lat'><strong>27.</strong></span> <span class='ocrx_word' id='word_1_592' title='bbox 2460 3627 2734 3698; x_wconf 79' lang='lat' dir='ltr'><strong>Principes</strong></span> <span class='ocrx_word' id='word_1_593' title='bbox 2790 3628 2904 3697; x_wconf 84' lang='lat' dir='ltr'><strong>ejus</strong></span> <span class='ocrx_word' id='word_1_594' title='bbox 2933 3628 2987 3681; x_wconf 84' lang='lat' dir='ltr'><strong>in</strong></span> <span class='ocrx_word' id='word_1_595' title='bbox 3035 3626 3205 3682; x_wconf 86' lang='lat' dir='ltr'><strong>medio</strong></span> <span class='ocrx_word' id='word_1_596' title='bbox 3239 3627 3375 3696; x_wconf 86' lang='lat' dir='ltr'><strong>ejus,</strong></span> <span class='ocrx_word' id='word_1_597' title='bbox 3424 3639 3483 3682; x_wconf 84' lang='lat' dir='ltr'><strong>ut</strong></span> <span class='ocrx_word' id='word_1_598' title='bbox 3535 3630 3645 3698; x_wconf 82' lang='lat' dir='ltr'><strong>lupi</strong></span> 
     </span>
    </p>
   </div>
   <div class='ocr_carea' id='block_1_84' title="bbox 2073 3717 3644 3791">
    <p class='ocr_par' dir='ltr' id='par_1_84' title="bbox 2073 3717 3644 3791">
     <span class='ocr_line' id='line_1_84' title="bbox 2073 3717 3644 3791; baseline -0.001 -16"><span class='ocrx_word' id='word_1_599' title='bbox 2073 3722 2333 3791; x_wconf 79' lang='lat' dir='ltr'><strong>rapientes</strong></span> <span class='ocrx_word' id='word_1_600' title='bbox 2352 3723 2373 3744; x_wconf 80' lang='grc'><em>⁴</em></span> <span class='ocrx_word' id='word_1_601' title='bbox 2401 3721 2640 3789; x_wconf 77' lang='lat' dir='ltr'><strong>rapinas,</strong></span> <span class='ocrx_word' id='word_1_602' title='bbox 2670 3717 2739 3773; x_wconf 84' lang='lat' dir='ltr'><strong>ad</strong></span> <span class='ocrx_word' id='word_1_603' title='bbox 2772 3717 3148 3786; x_wconf 71' lang='lat' dir='ltr'><strong>effundendum</strong></span> <span class='ocrx_word' id='word_1_604' title='bbox 3190 3718 3520 3786; x_wconf 85' lang='lat' dir='ltr'><strong>sanguinem,</strong></span> <span class='ocrx_word' id='word_1_605' title='bbox 3573 3721 3644 3773; x_wconf 78' lang='lat' dir='ltr'><strong>ad</strong></span> 
     </span>
    </p>
   </div>
   <div class='ocr_carea' id='block_1_85' title="bbox 2071 3807 3647 3881">
    <p class='ocr_par' dir='ltr' id='par_1_85' title="bbox 2071 3807 3647 3881">
     <span class='ocr_line' id='line_1_85' title="bbox 2071 3807 3647 3881; baseline 0.001 -17"><span class='ocrx_word' id='word_1_606' title='bbox 2071 3811 2392 3881; x_wconf 85' lang='lat' dir='ltr'><strong>perdendum</strong></span> <span class='ocrx_word' id='word_1_607' title='bbox 2414 3812 2644 3876; x_wconf 82' lang='lat' dir='ltr'><strong>animus,</strong></span> <span class='ocrx_word' id='word_1_608' title='bbox 2675 3819 2732 3863; x_wconf 86' lang='lat' dir='ltr'><strong>ut</strong></span> <span class='ocrx_word' id='word_1_609' title='bbox 2767 3809 2997 3864; x_wconf 80' lang='lat' dir='ltr'><strong>auaritia</strong></span> <span class='ocrx_word' id='word_1_610' title='bbox 3021 3808 3141 3878; x_wconf 86' lang='lat' dir='ltr'><strong>plus</strong></span> <span class='ocrx_word' id='word_1_611' title='bbox 3166 3807 3437 3863; x_wconf 77' lang='lat' dir='ltr'><strong>haberent.</strong></span> <span class='ocrx_word' id='word_1_612' title='bbox 3475 3807 3647 3865; x_wconf 81' lang='lat' dir='ltr'><strong>Occa-</strong></span> 
     </span>
    </p>
   </div>
   <div class='ocr_carea' id='block_1_86' title="bbox 2073 3898 3645 3971">
    <p class='ocr_par' dir='ltr' id='par_1_86' title="bbox 2073 3898 3645 3971">
     <span class='ocr_line' id='line_1_86' title="bbox 2073 3898 3645 3971; baseline -0.003 -13"><span class='ocrx_word' id='word_1_613' title='bbox 2073 3902 2285 3958; x_wconf 86' lang='lat' dir='ltr'><strong>sionem</strong></span> <span class='ocrx_word' id='word_1_614' title='bbox 2341 3901 2508 3966; x_wconf 85' lang='lat' dir='ltr'><strong>lucri,</strong></span> <span class='ocrx_word' id='word_1_615' title='bbox 2537 3901 2740 3971; x_wconf 90' lang='lat' dir='ltr'><strong>inquit,</strong></span> <span class='ocrx_word' id='word_1_616' title='bbox 2795 3899 3075 3954; x_wconf 80' lang='lat' dir='ltr'><strong>faciebant</strong></span> <span class='ocrx_word' id='word_1_617' title='bbox 3116 3898 3407 3968; x_wconf 88' lang='lat' dir='ltr'><strong>imperium</strong></span> <span class='ocrx_word' id='word_1_618' title='bbox 3459 3902 3645 3955; x_wconf 86' lang='lat' dir='ltr'><strong>sortiti</strong></span> 
     </span>
    </p>
   </div>
   <div class='ocr_carea' id='block_1_87' title="bbox 2072 3987 3647 4061">
    <p class='ocr_par' dir='ltr' id='par_1_87' title="bbox 2072 3987 3647 4061">
     <span class='ocr_line' id='line_1_87' title="bbox 2072 3987 3647 4061; baseline -0.002 -14"><span class='ocrx_word' id='word_1_619' title='bbox 2072 3991 2306 4061; x_wconf 88' lang='lat' dir='ltr'><strong>injustas</strong></span> <span class='ocrx_word' id='word_1_620' title='bbox 2344 3989 2543 4055; x_wconf 61' lang='lat' dir='ltr'><strong>caedes,</strong></span> <span class='ocrx_word' id='word_1_621' title='bbox 2591 3996 2646 4044; x_wconf 90' lang='lat' dir='ltr'><strong>et</strong></span> <span class='ocrx_word' id='word_1_622' title='bbox 2681 4003 2824 4058; x_wconf 86' lang='lat' dir='ltr'><strong>quos</strong></span> <span class='ocrx_word' id='word_1_623' title='bbox 2870 3987 3162 4058; x_wconf 87' lang='lat' dir='ltr'><strong>oportebat</strong></span> <span class='ocrx_word' id='word_1_624' title='bbox 3210 4002 3400 4043; x_wconf 88' lang='lat' dir='ltr'><strong>eorum</strong></span> <span class='ocrx_word' id='word_1_625' title='bbox 3443 3989 3647 4059; x_wconf 84' lang='lat' dir='ltr'><strong>quibus</strong></span> 
     </span>
    </p>
   </div>
   <div class='ocr_carea' id='block_1_88' title="bbox 2073 4077 3648 4150">
    <p class='ocr_par' dir='ltr' id='par_1_88' title="bbox 2073 4077 3648 4150">
     <span class='ocr_line' id='line_1_88' title="bbox 2073 4077 3648 4150; baseline -0.002 -13"><span class='ocrx_word' id='word_1_626' title='bbox 2073 4080 2228 4137; x_wconf 82' lang='lat' dir='ltr'><strong>ﬁeret</strong></span> <span class='ocrx_word' id='word_1_627' title='bbox 2252 4080 2455 4150; x_wconf 88' lang='lat' dir='ltr'><strong>injuria</strong></span> <span class='ocrx_word' id='word_1_628' title='bbox 2486 4085 2926 4149; x_wconf 74' lang='lat' dir='ltr'><strong>propugnatores</strong></span> <span class='ocrx_word' id='word_1_629' title='bbox 2956 4093 3099 4143; x_wconf 88' lang='lat' dir='ltr'><strong>esse,</strong></span> <span class='ocrx_word' id='word_1_630' title='bbox 3136 4077 3174 4131; x_wconf 88' lang='lat' dir='ltr'><strong>ii</strong></span> <span class='ocrx_word' id='word_1_631' title='bbox 3214 4092 3409 4132; x_wconf 89' lang='lat' dir='ltr'><strong>eorum</strong></span> <span class='ocrx_word' id='word_1_632' title='bbox 3444 4080 3537 4148; x_wconf 89' lang='lat' dir='ltr'><strong>qui</strong></span> <span class='ocrx_word' id='word_1_633' title='bbox 3565 4081 3648 4134; x_wconf 79' lang='lat' dir='ltr'><strong>in-</strong></span> 
     </span>
    </p>
   </div>
   <div class='ocr_carea' id='block_1_89' title="bbox 2068 4164 3648 4240">
    <p class='ocr_par' dir='ltr' id='par_1_89' title="bbox 2068 4164 3648 4240">
     <span class='ocr_line' id='line_1_89' title="bbox 2068 4164 3648 4240; baseline 0.001 -15"><span class='ocrx_word' id='word_1_634' title='bbox 2068 4170 2272 4240; x_wconf 88' lang='lat' dir='ltr'><strong>juriam</strong></span> <span class='ocrx_word' id='word_1_635' title='bbox 2306 4168 2588 4224; x_wconf 79' lang='lat' dir='ltr'><strong>faciebant</strong></span> <span class='ocrx_word' id='word_1_636' title='bbox 2617 4175 2805 4238; x_wconf 91' lang='lat' dir='ltr'><strong>partes</strong></span> <span class='ocrx_word' id='word_1_637' title='bbox 2841 4166 3237 4236; x_wconf 86' lang='lat' dir='ltr'><strong>sequebantur.</strong></span> <span class='ocrx_word' id='word_1_638' title='bbox 3273 4164 3413 4223; x_wconf 87' lang='lat' dir='ltr'><strong>Hinc</strong></span> <span class='ocrx_word' id='word_1_639' title='bbox 3438 4168 3505 4222; x_wconf 90' lang='lat' dir='ltr'><strong>ad</strong></span> <span class='ocrx_word' id='word_1_640' title='bbox 3524 4185 3648 4240; x_wconf 84' lang='lat' dir='ltr'><strong>pro-</strong></span> 
     </span>
    </p>
   </div>
   <div class='ocr_carea' id='block_1_90' title="bbox 2072 4256 3077 4331">
    <p class='ocr_par' dir='ltr' id='par_1_90' title="bbox 2072 4256 3077 4331">
     <span class='ocr_line' id='line_1_90' title="bbox 2072 4256 3077 4331; baseline -0.006 -15"><span class='ocrx_word' id='word_1_641' title='bbox 2072 4262 2268 4331; x_wconf 84' lang='lat' dir='ltr'><strong>phetas</strong></span> <span class='ocrx_word' id='word_1_642' title='bbox 2293 4260 2620 4330; x_wconf 76' lang='lat' dir='ltr'><strong>digreditur,</strong></span> <span class='ocrx_word' id='word_1_643' title='bbox 2651 4257 2767 4311; x_wconf 68' lang='lat' dir='ltr'><strong>haec</strong></span> <span class='ocrx_word' id='word_1_644' title='bbox 2795 4256 3033 4327; x_wconf 89' lang='lat' dir='ltr'><strong>loquens</strong></span> <span class='ocrx_word' id='word_1_645' title='bbox 3063 4274 3077 4310; x_wconf 92' lang='lat'><strong>:</strong></span> 
     </span>
    </p>
   </div>
   <div class='ocr_carea' id='block_1_91' title="bbox 2142 4344 3648 4418">
    <p class='ocr_par' dir='ltr' id='par_1_91' title="bbox 2142 4344 3648 4418">
     <span class='ocr_line' id='line_1_91' title="bbox 2142 4344 3648 4418; baseline 0.003 -17"><span class='ocrx_word' id='word_1_646' title='bbox 2142 4346 2311 4404; x_wconf 72' lang='lat' dir='ltr'><strong>Vsus.</strong></span> <span class='ocrx_word' id='word_1_647' title='bbox 2339 4347 2433 4402; x_wconf 73' lang='lat'><strong>28.</strong></span> <span class='ocrx_word' id='word_1_648' title='bbox 2482 4345 2550 4403; x_wconf 82' lang='lat' dir='ltr'><strong>Et</strong></span> <span class='ocrx_word' id='word_1_649' title='bbox 2583 4344 2848 4416; x_wconf 70' lang='lat' dir='ltr'><strong>propheta:</strong></span> <span class='ocrx_word' id='word_1_650' title='bbox 2886 4346 3001 4416; x_wconf 85' lang='lat' dir='ltr'><strong>ejus</strong></span> <span class='ocrx_word' id='word_1_651' title='bbox 3032 4357 3281 4418; x_wconf 81' lang='lat' dir='ltr'><strong>ungentes</strong></span> <span class='ocrx_word' id='word_1_652' title='bbox 3340 4349 3483 4406; x_wconf 83' lang='lat' dir='ltr'><strong>illos.</strong></span> <span class='ocrx_word' id='word_1_653' title='bbox 3533 4350 3648 4406; x_wconf 83' lang='lat' dir='ltr'><strong>lloc</strong></span> 
     </span>
    </p>
   </div>
   <div class='ocr_carea' id='block_1_92' title="bbox 2074 4436 3645 4511">
    <p class='ocr_par' dir='ltr' id='par_1_92' title="bbox 2074 4436 3645 4511">
     <span class='ocr_line' id='line_1_92' title="bbox 2074 4436 3645 4511; baseline 0.001 -16"><span class='ocrx_word' id='word_1_654' title='bbox 2074 4439 2203 4496; x_wconf 88' lang='lat' dir='ltr'><strong>item</strong></span> <span class='ocrx_word' id='word_1_655' title='bbox 2239 4454 2406 4509; x_wconf 88' lang='lat' dir='ltr'><strong>supra</strong></span> <span class='ocrx_word' id='word_1_656' title='bbox 2429 4437 2591 4503; x_wconf 77' lang='lat' dir='ltr'><strong>dixit,</strong></span> <span class='ocrx_word' id='word_1_657' title='bbox 2631 4453 2758 4493; x_wconf 87' lang='lat' dir='ltr'><strong>cum</strong></span> <span class='ocrx_word' id='word_1_658' title='bbox 2784 4436 3027 4504; x_wconf 83' lang='lat' dir='ltr'><strong>doceret,</strong></span> <span class='ocrx_word' id='word_1_659' title='bbox 3059 4453 3277 4494; x_wconf 86' lang='lat' dir='ltr'><strong>murum</strong></span> <span class='ocrx_word' id='word_1_660' title='bbox 3309 4441 3453 4497; x_wconf 92' lang='lat' dir='ltr'><strong>male</strong></span> <span class='ocrx_word' id='word_1_661' title='bbox 3475 4457 3505 4494; x_wconf 91' lang='lat' dir='ltr'><strong>a</strong></span> <span class='ocrx_word' id='word_1_662' title='bbox 3545 4457 3645 4511; x_wconf 88' lang='lat' dir='ltr'><strong>po-</strong></span> 
     </span>
    </p>
   </div>
   <div class='ocr_carea' id='block_1_93' title="bbox 397 4510 1965 4609">
    <p class='ocr_par' dir='ltr' id='par_1_93' title="bbox 397 4510 1965 4609">
     <span class='ocr_line' id='line_1_93' title="bbox 397 4510 1965 4609; baseline 0.002 -20"><span class='ocrx_word' id='word_1_663' title='bbox 397 4532 488 4606; x_wconf 78' lang='grc' dir='ltr'><strong>χον</strong></span> <span class='ocrx_word' id='word_1_664' title='bbox 511 4537 616 4590; x_wconf 79' lang='grc' dir='ltr'>ὑπὸ</span> <span class='ocrx_word' id='word_1_665' title='bbox 630 4537 724 4590; x_wconf 83' lang='grc' dir='ltr'>τοῦ</span> <span class='ocrx_word' id='word_1_666' title='bbox 743 4537 875 4592; x_wconf 79' lang='grc' dir='ltr'>λαοῦ</span> <span class='ocrx_word' id='word_1_667' title='bbox 893 4510 1084 4593; x_wconf 73' lang='grc' dir='ltr'>κάκιον</span> <span class='ocrx_word' id='word_1_668' title='bbox 1108 4538 1212 4592; x_wconf 79' lang='grc' dir='ltr'>ὑπὸ</span> <span class='ocrx_word' id='word_1_669' title='bbox 1235 4538 1345 4592; x_wconf 83' lang='grc' dir='ltr'>τῶν</span> <span class='ocrx_word' id='word_1_670' title='bbox 1356 4510 1815 4609; x_wconf 71' lang='grc' dir='ltr'>ψευδοπροςρητῶν</span> <span class='ocrx_word' id='word_1_671' title='bbox 1828 4538 1921 4592; x_wconf 83' lang='grc' dir='ltr'><strong>ἀλε</strong></span> <span class='ocrx_word' id='word_1_672' title='bbox 1929 4556 1965 4593; x_wconf 92' lang='grc' dir='ltr'>ι-</span> 
     </span>
    </p>
   </div>
   <div class='ocr_carea' id='block_1_94' title="bbox 2067 4510 3648 4609">
    <p class='ocr_par' dir='ltr' id='par_1_94' title="bbox 2077 4510 3648 4605">
     <span class='ocr_line' id='line_1_94' title="bbox 2077 4510 3648 4605; baseline 0 -18"><span class='ocrx_word' id='word_1_673' title='bbox 2077 4533 2208 4605; x_wconf 91' lang='lat' dir='ltr'><strong>pulo</strong></span> <span class='ocrx_word' id='word_1_674' title='bbox 2242 4538 2626 4587; x_wconf 82' lang='lat' dir='ltr'><strong>constructum</strong></span> <span class='ocrx_word' id='word_1_675' title='bbox 2680 4528 2839 4601; x_wconf 84' lang='lat' dir='ltr'><strong>pejus</strong></span> <span class='ocrx_word' id='word_1_676' title='bbox 2888 4544 2920 4584; x_wconf 91' lang='lat' dir='ltr'><strong>a</strong></span> <span class='ocrx_word' id='word_1_677' title='bbox 2975 4528 3132 4586; x_wconf 78' lang='lat' dir='ltr'><strong>falsis</strong></span> <span class='ocrx_word' id='word_1_678' title='bbox 3162 4531 3445 4603; x_wconf 82' lang='lat' dir='ltr'><strong>prophetis</strong></span> <span class='ocrx_word' id='word_1_679' title='bbox 3484 4510 3648 4587; x_wconf 84' lang='lat' dir='ltr'><strong>inun-</strong></span> 
     </span>
    </p>
   </div>
   <div class='ocr_carea' id='block_1_95' title="bbox 397 4624 1968 4698">
    <p class='ocr_par' dir='ltr' id='par_1_95' title="bbox 397 4624 1968 4698">
     <span class='ocr_line' id='line_1_95' title="bbox 397 4624 1968 4698; baseline 0.003 -19"><span class='ocrx_word' id='word_1_680' title='bbox 397 4624 679 4693; x_wconf 77' lang='grc' dir='ltr'>φθέντατο·</span> <span class='ocrx_word' id='word_1_681' title='bbox 724 4627 944 4694; x_wconf 83' lang='grc' dir='ltr'>διδάξας</span> <span class='ocrx_word' id='word_1_682' title='bbox 968 4643 982 4658; x_wconf 72' lang='grc' dir='ltr'><strong><em>ο</em></strong></span> <span class='ocrx_word' id='word_1_683' title='bbox 1010 4627 1316 4692; x_wconf 87' lang='grc' dir='ltr'>ἐϐεϐαίουν,</span> <span class='ocrx_word' id='word_1_684' title='bbox 1340 4628 1528 4698; x_wconf 68' lang='grc' dir='ltr'>φησιν,</span> <span class='ocrx_word' id='word_1_685' title='bbox 1564 4629 1615 4681; x_wconf 83' lang='grc' dir='ltr'>οἱ</span> <span class='ocrx_word' id='word_1_686' title='bbox 1645 4628 1968 4696; x_wconf 81' lang='grc' dir='ltr'>καλούμενοι</span> 
     </span>
    </p>
   </div>
   <div class='ocr_carea' id='block_1_96' title="bbox 395 4715 1970 4790">
    <p class='ocr_par' dir='ltr' id='par_1_96' title="bbox 395 4715 1970 4790">
     <span class='ocr_line' id='line_1_96' title="bbox 395 4715 1970 4790; baseline 0.004 -25"><span class='ocrx_word' id='word_1_687' title='bbox 395 4715 691 4785; x_wconf 81' lang='grc' dir='ltr'>προφῆται,</span> <span class='ocrx_word' id='word_1_688' title='bbox 707 4716 776 4771; x_wconf 83' lang='grc' dir='ltr'>τὰ</span> <span class='ocrx_word' id='word_1_689' title='bbox 800 4717 988 4781; x_wconf 85' lang='grc' dir='ltr'>κακῶς</span> <span class='ocrx_word' id='word_1_690' title='bbox 1018 4717 1125 4770; x_wconf 79' lang='grc' dir='ltr'><strong>ὑπὸ</strong></span> <span class='ocrx_word' id='word_1_691' title='bbox 1143 4717 1253 4771; x_wconf 84' lang='grc' dir='ltr'><strong>τῶν</strong></span> <span class='ocrx_word' id='word_1_692' title='bbox 1283 4717 1561 4790; x_wconf 84' lang='grc' dir='ltr'>ἀρχόντων</span> <span class='ocrx_word' id='word_1_693' title='bbox 1581 4719 1970 4787; x_wconf 87' lang='grc' dir='ltr'>γινόμενα,κο-</span> 
     </span>
    </p>
   </div>
   <div class='ocr_carea' id='block_1_97' title="bbox 390 4802 1970 4882">
    <p class='ocr_par' dir='ltr' id='par_1_97' title="bbox 390 4802 1970 4882">
     <span class='ocr_line' id='line_1_97' title="bbox 390 4802 1970 4882; baseline 0.005 -26"><span class='ocrx_word' id='word_1_694' title='bbox 390 4802 735 4872; x_wconf 81' lang='grc' dir='ltr'>λακευτικοϊς</span> <span class='ocrx_word' id='word_1_695' title='bbox 760 4808 1088 4879; x_wconf 83' lang='grc' dir='ltr'>κεχρημένοι</span> <span class='ocrx_word' id='word_1_696' title='bbox 1125 4808 1324 4877; x_wconf 88' lang='grc' dir='ltr'>λόγοις,</span> <span class='ocrx_word' id='word_1_697' title='bbox 1346 4809 1441 4863; x_wconf 77' lang='grc' dir='ltr'><strong>καὶ</strong></span> <span class='ocrx_word' id='word_1_698' title='bbox 1472 4810 1570 4873; x_wconf 83' lang='grc' dir='ltr'>τὰς</span> <span class='ocrx_word' id='word_1_699' title='bbox 1606 4809 1779 4882; x_wconf 78' lang='grc' dir='ltr'>ἀρχὰς</span> <span class='ocrx_word' id='word_1_700' title='bbox 1804 4809 1970 4881; x_wconf 82' lang='grc' dir='ltr'>θερα-·</span> 
     </span>
    </p>
   </div>
   <div class='ocr_carea' id='block_1_98' title="bbox 389 4896 1969 4973">
    <p class='ocr_par' dir='ltr' id='par_1_98' title="bbox 389 4896 1969 4973">
     <span class='ocr_line' id='line_1_98' title="bbox 389 4896 1969 4973; baseline 0.004 -25"><span class='ocrx_word' id='word_1_701' title='bbox 389 4896 578 4950; x_wconf 86' lang='grc' dir='ltr'>πεύειν</span> <span class='ocrx_word' id='word_1_702' title='bbox 617 4898 1010 4969; x_wconf 85' lang='grc' dir='ltr'>δεδιδαγμένοι.</span> <span class='ocrx_word' id='word_1_703' title='bbox 1050 4896 1186 4955; x_wconf 72' lang='grc' dir='ltr'>Εἶτα</span> <span class='ocrx_word' id='word_1_704' title='bbox 1231 4901 1330 4971; x_wconf 80' lang='grc' dir='ltr'><strong>τὴν</strong></span> <span class='ocrx_word' id='word_1_705' title='bbox 1359 4896 1567 4954; x_wconf 81' lang='grc' dir='ltr'>τούτων</span> <span class='ocrx_word' id='word_1_706' title='bbox 1591 4900 1860 4973; x_wconf 85' lang='grc' dir='ltr'>τιμωρίαν</span> <span class='ocrx_word' id='word_1_707' title='bbox 1891 4900 1969 4954; x_wconf 90' lang='grc' dir='ltr'>δι-</span> 
     </span>
    </p>
   </div>
   <div class='ocr_carea' id='block_1_99' title="bbox 386 4985 1970 5063">
    <p class='ocr_par' dir='ltr' id='par_1_99' title="bbox 386 4985 1970 5063">
     <span class='ocr_line' id='line_1_99' title="bbox 386 4985 1970 5063; baseline 0.005 -26"><span class='ocrx_word' id='word_1_708' title='bbox 386 4985 582 5039; x_wconf 85' lang='grc' dir='ltr'>δάσκει</span> <span class='ocrx_word' id='word_1_709' title='bbox 602 5002 613 5014; x_wconf 94' lang='grc'><strong>·</strong></span> <span class='ocrx_word' id='word_1_710' title='bbox 629 5005 649 5039; x_wconf 78' lang='grc' dir='ltr'><strong>ι</strong></span> <span class='ocrx_word' id='word_1_711' title='bbox 684 4988 987 5044; x_wconf 85' lang='grc' dir='ltr'>Πεσοῦνται</span> <span class='ocrx_word' id='word_1_712' title='bbox 1007 4990 1302 5063; x_wconf 75' lang='grc' dir='ltr'>¹¹όρῶντες</span> <span class='ocrx_word' id='word_1_713' title='bbox 1322 4990 1548 5061; x_wconf 83' lang='grc' dir='ltr'>μάταια,</span> <span class='ocrx_word' id='word_1_714' title='bbox 1581 4992 1970 5061; x_wconf 85' lang='grc' dir='ltr'>μαντευόμενοι</span> 
     </span>
    </p>
   </div>
   <div class='ocr_carea' id='block_1_100' title="bbox 2074 4620 3649 4691">
    <p class='ocr_par' dir='ltr' id='par_1_100' title="bbox 2074 4620 3649 4691">
     <span class='ocr_line' id='line_1_100' title="bbox 2074 4620 3649 4691; baseline -0.001 -12"><span class='ocrx_word' id='word_1_715' title='bbox 2074 4632 2224 4679; x_wconf 91' lang='lat' dir='ltr'><strong>ctum</strong></span> <span class='ocrx_word' id='word_1_716' title='bbox 2276 4637 2420 4678; x_wconf 88' lang='lat' dir='ltr'><strong>esse.</strong></span> <span class='ocrx_word' id='word_1_717' title='bbox 2459 4620 2907 4688; x_wconf 84' lang='lat' dir='ltr'><strong>Conﬁrmabant,</strong></span> <span class='ocrx_word' id='word_1_718' title='bbox 2954 4621 3162 4691; x_wconf 91' lang='lat' dir='ltr'><strong>inquit,</strong></span> <span class='ocrx_word' id='word_1_719' title='bbox 3219 4620 3315 4691; x_wconf 91' lang='lat' dir='ltr'><strong>qui</strong></span> <span class='ocrx_word' id='word_1_720' title='bbox 3370 4621 3649 4691; x_wconf 81' lang='lat' dir='ltr'><strong>prophetae</strong></span> 
     </span>
    </p>
   </div>
   <div class='ocr_carea' id='block_1_101' title="bbox 2074 4711 3649 4782">
    <p class='ocr_par' dir='ltr' id='par_1_101' title="bbox 2074 4711 3649 4782">
     <span class='ocr_line' id='line_1_101' title="bbox 2074 4711 3649 4782; baseline -0.003 -12"><span class='ocrx_word' id='word_1_721' title='bbox 2074 4714 2436 4777; x_wconf 85' lang='lat' dir='ltr'><strong>vocabantur,</strong></span> <span class='ocrx_word' id='word_1_722' title='bbox 2477 4726 2542 4766; x_wconf 84' lang='lat' dir='ltr'><strong>ea</strong></span> <span class='ocrx_word' id='word_1_723' title='bbox 2587 4726 2711 4782; x_wconf 74' lang='lat' dir='ltr'><strong>quae</strong></span> <span class='ocrx_word' id='word_1_724' title='bbox 2757 4725 2788 4765; x_wconf 90' lang='lat' dir='ltr'><strong>a</strong></span> <span class='ocrx_word' id='word_1_725' title='bbox 2828 4711 3176 4782; x_wconf 88' lang='lat' dir='ltr'><strong>principibus</strong></span> <span class='ocrx_word' id='word_1_726' title='bbox 3219 4725 3504 4781; x_wconf 81' lang='lat' dir='ltr'><strong>perperam</strong></span> <span class='ocrx_word' id='word_1_727' title='bbox 3552 4711 3649 4766; x_wconf 81' lang='lat' dir='ltr'><strong>ﬁc-</strong></span> 
     </span>
    </p>
   </div>
   <div class='ocr_carea' id='block_1_102' title="bbox 2072 4800 3647 4871">
    <p class='ocr_par' dir='ltr' id='par_1_102' title="bbox 2072 4800 3647 4871">
     <span class='ocr_line' id='line_1_102' title="bbox 2072 4800 3647 4871; baseline -0.002 -9"><span class='ocrx_word' id='word_1_728' title='bbox 2072 4805 2229 4871; x_wconf 89' lang='lat' dir='ltr'><strong>bant,</strong></span> <span class='ocrx_word' id='word_1_729' title='bbox 2248 4803 2575 4858; x_wconf 88' lang='lat' dir='ltr'><strong>adulatoriis</strong></span> <span class='ocrx_word' id='word_1_730' title='bbox 2593 4801 2773 4858; x_wconf 88' lang='lat' dir='ltr'><strong>verbis</strong></span> <span class='ocrx_word' id='word_1_731' title='bbox 2788 4802 2894 4867; x_wconf 92' lang='lat' dir='ltr'><strong>usi,</strong></span> <span class='ocrx_word' id='word_1_732' title='bbox 2909 4810 2965 4856; x_wconf 90' lang='lat' dir='ltr'><strong>et</strong></span> <span class='ocrx_word' id='word_1_733' title='bbox 2983 4800 3150 4871; x_wconf 79' lang='lat'><strong>859</strong></span> <span class='ocrx_word' id='word_1_734' title='bbox 3163 4800 3291 4855; x_wconf 90' lang='lat' dir='ltr'><strong>nodi</strong></span> <span class='ocrx_word' id='word_1_735' title='bbox 3306 4800 3647 4870; x_wconf 83' lang='lat' dir='ltr'><strong>principibus</strong></span> 
     </span>
    </p>
   </div>
   <div class='ocr_carea' id='block_1_103' title="bbox 2075 4889 3642 4966">
    <p class='ocr_par' dir='ltr' id='par_1_103' title="bbox 2075 4889 3642 4966">
     <span class='ocr_line' id='line_1_103' title="bbox 2075 4889 3642 4966; baseline -0.003 -15"><span class='ocrx_word' id='word_1_736' title='bbox 2075 4894 2305 4966; x_wconf 90' lang='lat' dir='ltr'><strong>obsequi</strong></span> <span class='ocrx_word' id='word_1_737' title='bbox 2328 4892 2532 4948; x_wconf 90' lang='lat' dir='ltr'><strong>edocti.</strong></span> <span class='ocrx_word' id='word_1_738' title='bbox 2562 4890 2770 4947; x_wconf 87' lang='lat' dir='ltr'><strong>Deinde</strong></span> <span class='ocrx_word' id='word_1_739' title='bbox 2805 4890 3001 4945; x_wconf 89' lang='lat' dir='ltr'><strong>borum</strong></span> <span class='ocrx_word' id='word_1_740' title='bbox 3037 4890 3200 4943; x_wconf 85' lang='lat' dir='ltr'><strong>docet</strong></span> <span class='ocrx_word' id='word_1_741' title='bbox 3255 4889 3584 4959; x_wconf 84' lang='lat' dir='ltr'><strong>supplicium</strong></span> <span class='ocrx_word' id='word_1_742' title='bbox 3628 4909 3642 4946; x_wconf 91' lang='lat'><strong>:</strong></span> 
     </span>
    </p>
   </div>
   <div class='ocr_carea' id='block_1_104' title="bbox 2083 4981 3642 5048">
    <p class='ocr_par' dir='ltr' id='par_1_104' title="bbox 2083 4981 3642 5048">
     <span class='ocr_line' id='line_1_104' title="bbox 2083 4981 3642 5048; baseline -0.002 -7"><span class='ocrx_word' id='word_1_743' title='bbox 2083 5007 2103 5041; x_wconf 77' lang='grc' dir='ltr'><strong>ι</strong></span> <span class='ocrx_word' id='word_1_744' title='bbox 2162 4986 2373 5043; x_wconf 89' lang='lat' dir='ltr'><strong>Cadent</strong></span> <span class='ocrx_word' id='word_1_745' title='bbox 2433 4983 2682 5039; x_wconf 86' lang='lat' dir='ltr'><strong>videntes</strong></span> <span class='ocrx_word' id='word_1_746' title='bbox 2739 4996 2901 5048; x_wconf 89' lang='lat' dir='ltr'><strong>vana,</strong></span> <span class='ocrx_word' id='word_1_747' title='bbox 2966 4981 3282 5038; x_wconf 80' lang='lat' dir='ltr'><strong>divinantes</strong></span> <span class='ocrx_word' id='word_1_748' title='bbox 3336 4982 3642 5047; x_wconf 84' lang='lat' dir='ltr'><strong>mendacia,</strong></span> 
     </span>
    </p>
   </div>
   <div class='ocr_carea' id='block_1_105' title="bbox 385 5072 1965 5153">
    <p class='ocr_par' dir='ltr' id='par_1_105' title="bbox 385 5075 1961 5153">
     <span class='ocr_line' id='line_1_105' title="bbox 385 5075 1961 5153; baseline -0.002 -18"><span class='ocrx_word' id='word_1_749' title='bbox 385 5075 579 5147; x_wconf 71' lang='grc' dir='ltr'>ψευδῆ,</span> <span class='ocrx_word' id='word_1_750' title='bbox 613 5076 869 5148; x_wconf 79' lang='grc' dir='ltr'>λέγοντες</span> <span class='ocrx_word' id='word_1_751' title='bbox 889 5119 904 5144; x_wconf 89' lang='grc'><strong>,</strong></span> <span class='ocrx_word' id='word_1_752' title='bbox 947 5081 1087 5140; x_wconf 75' lang='grc' dir='ltr'>Τάδε</span> <span class='ocrx_word' id='word_1_753' title='bbox 1130 5080 1280 5150; x_wconf 85' lang='grc' dir='ltr'>λέγει</span> <span class='ocrx_word' id='word_1_754' title='bbox 1328 5079 1557 5134; x_wconf 82' lang='grc' dir='ltr'>Ἀδωναῖ</span> <span class='ocrx_word' id='word_1_755' title='bbox 1602 5081 1843 5153; x_wconf 82' lang='grc' dir='ltr'>Κύριος,</span> <span class='ocrx_word' id='word_1_756' title='bbox 1866 5080 1961 5134; x_wconf 79' lang='grc' dir='ltr'>καὶ</span> 
     </span>
    </p>
   </div>
   <div class='ocr_carea' id='block_1_106' title="bbox 2067 5072 3645 5153">
    <p class='ocr_par' dir='ltr' id='par_1_106' title="bbox 2067 5072 3645 5141">
     <span class='ocr_line' id='line_1_106' title="bbox 2067 5072 3645 5141; baseline 0.002 -10"><span class='ocrx_word' id='word_1_757' title='bbox 2067 5076 2312 5132; x_wconf 87' lang='lat' dir='ltr'><strong>dicentes</strong></span> <span class='ocrx_word' id='word_1_758' title='bbox 2341 5092 2354 5130; x_wconf 88' lang='lat'><strong>:</strong></span> <span class='ocrx_word' id='word_1_759' title='bbox 2385 5072 2514 5130; x_wconf 79' lang='lat' dir='ltr'><strong>Haec</strong></span> <span class='ocrx_word' id='word_1_760' title='bbox 2545 5073 2681 5128; x_wconf 91' lang='lat' dir='ltr'><strong>dicit</strong></span> <span class='ocrx_word' id='word_1_761' title='bbox 2716 5072 2927 5129; x_wconf 85' lang='lat' dir='ltr'><strong>Adonai</strong></span> <span class='ocrx_word' id='word_1_762' title='bbox 2977 5073 3270 5141; x_wconf 88' lang='lat' dir='ltr'><strong>Dominus,</strong></span> <span class='ocrx_word' id='word_1_763' title='bbox 3292 5082 3349 5132; x_wconf 89' lang='lat' dir='ltr'><strong>et</strong></span> <span class='ocrx_word' id='word_1_764' title='bbox 3379 5074 3645 5134; x_wconf 87' lang='lat' dir='ltr'><strong>Dominus</strong></span> 
     </span>
    </p>
   </div>
   <div class='ocr_carea' id='block_1_107' title="bbox 461 5187 804 5259">
    <p class='ocr_par' dir='ltr' id='par_1_107' title="bbox 461 5187 804 5259">
     <span class='ocr_line' id='line_1_107' title="bbox 461 5187 804 5259; baseline 0.009 -18"><span class='ocrx_word' id='word_1_765' title='bbox 461 5197 485 5227; x_wconf 77' lang='grc' dir='ltr'><strong>ε</strong></span> <span class='ocrx_word' id='word_1_766' title='bbox 520 5187 655 5259; x_wconf 81' lang='lat' dir='ltr'><strong>Cap.</strong></span> <span class='ocrx_word' id='word_1_767' title='bbox 683 5204 804 5245; x_wconf 80' lang='lat' dir='ltr'><strong>xm.</strong></span> 
     </span>
    </p>
   </div>
   <div class='ocr_carea' id='block_1_108' title="bbox 1653 5252 2335 5312">
    <p class='ocr_par' dir='ltr' id='par_1_108' title="bbox 1653 5252 2335 5312">
     <span class='ocr_line' id='line_1_108' title="bbox 1653 5252 2335 5312; baseline 0 -2"><span class='ocrx_word' id='word_1_768' title='bbox 1653 5253 1892 5311; x_wconf 64' lang='lat' dir='ltr'><strong>VARIE</strong></span> <span class='ocrx_word' id='word_1_769' title='bbox 1930 5252 2335 5312; x_wconf 80' lang='lat' dir='ltr'><strong>LECTIONES.</strong></span> 
     </span>
    </p>
   </div>
   <div class='ocr_carea' id='block_1_109' title="bbox 457 5370 3642 5454">
    <p class='ocr_par' dir='ltr' id='par_1_109' title="bbox 457 5370 3642 5454">
     <span class='ocr_line' id='line_1_109' title="bbox 457 5370 3642 5454; baseline 0.001 -26"><span class='ocrx_word' id='word_1_770' title='bbox 457 5370 751 5454; x_wconf 51' lang='lat' dir='ltr'><strong>31mg:</strong></span> <span class='ocrx_word' id='word_1_771' title='bbox 783 5374 1149 5454; x_wconf 62' lang='grc' dir='ltr'>μέσῳαὺτῆς.</span> <span class='ocrx_word' id='word_1_772' title='bbox 1176 5373 1339 5454; x_wconf 40' lang='lat' dir='ltr'><strong>Heln:</strong></span> <span class='ocrx_word' id='word_1_773' title='bbox 1370 5372 1695 5454; x_wconf 64' lang='lat' dir='ltr'><strong>anjuratio</strong></span> <span class='ocrx_word' id='word_1_774' title='bbox 1728 5372 2123 5454; x_wconf 77' lang='lat' dir='ltr'><strong>prophetarum</strong></span> <span class='ocrx_word' id='word_1_775' title='bbox 2147 5371 2277 5454; x_wconf 82' lang='lat' dir='ltr'><strong>eju_s_</strong></span> <span class='ocrx_word' id='word_1_776' title='bbox 2296 5381 2383 5454; x_wconf 64' lang='lat' dir='ltr'><strong>est</strong></span> <span class='ocrx_word' id='word_1_777' title='bbox 2423 5374 2479 5429; x_wconf 92' lang='lat' dir='ltr'><strong>in</strong></span> <span class='ocrx_word' id='word_1_778' title='bbox 2518 5372 2697 5430; x_wconf 86' lang='lat' dir='ltr'><strong>medio</strong></span> <span class='ocrx_word' id='word_1_779' title='bbox 2740 5371 2886 5454; x_wconf 71' lang='lat' dir='ltr'><strong>ejus.</strong></span> <span class='ocrx_word' id='word_1_780' title='bbox 2937 5371 3205 5454; x_wconf 57' lang='lat' dir='ltr'><strong>“_f&amp;_;_—</strong></span> <span class='ocrx_word' id='word_1_781' title='bbox 3228 5373 3642 5454; x_wconf 59' lang='lat' dir='ltr'><strong>cur._Aliter_ol</strong></span> 
     </span>
    </p>
   </div>
   <div class='ocr_carea' id='block_1_110' title="bbox 384 5441 2135 5567">
    <p class='ocr_par' dir='ltr' id='par_1_110' title="bbox 384 5441 2135 5567">
     <span class='ocr_line' id='line_1_110' title="bbox 384 5441 2135 5509; baseline 0.001 -13"><span class='ocrx_word' id='word_1_782' title='bbox 384 5441 549 5497; x_wconf 80' lang='lat' dir='ltr'><strong>LXX.</strong></span> <span class='ocrx_word' id='word_1_783' title='bbox 625 5444 754 5499; x_wconf 81' lang='lat' dir='ltr'><strong>&quot;.B</strong></span> <span class='ocrx_word' id='word_1_784' title='bbox 785 5441 917 5500; x_wconf 75' lang='grc' dir='ltr'>ἀνθ’</span> <span class='ocrx_word' id='word_1_785' title='bbox 945 5441 1148 5501; x_wconf 85' lang='grc' dir='ltr'>’πινον.</span> <span class='ocrx_word' id='word_1_786' title='bbox 1229 5444 1276 5476; x_wconf 78' lang='grc'>⁸⁸</span> <span class='ocrx_word' id='word_1_787' title='bbox 1309 5444 1362 5498; x_wconf 89' lang='lat' dir='ltr'><strong>in</strong></span> <span class='ocrx_word' id='word_1_788' title='bbox 1408 5443 1450 5496; x_wconf 91' lang='lat' dir='ltr'><strong>B</strong></span> <span class='ocrx_word' id='word_1_789' title='bbox 1489 5441 1758 5498; x_wconf 79' lang='lat' dir='ltr'><strong>mutatum</strong></span> <span class='ocrx_word' id='word_1_790' title='bbox 1811 5441 1867 5496; x_wconf 81' lang='lat' dir='ltr'><strong>in</strong></span> <span class='ocrx_word' id='word_1_791' title='bbox 1913 5443 2135 5509; x_wconf 83' lang='grc' dir='ltr'>ἀναγές.</span> 
     </span>
     <span class='ocr_line' id='line_1_111' title="bbox 385 5462 2135 5567; baseline -0.001 0"><span class='ocrx_word' id='word_1_792' title='bbox 385 5511 512 5567; x_wconf 83' lang='lat' dir='ltr'><strong>hab.</strong></span> <span class='ocrx_word' id='word_1_793' title='bbox 542 5514 677 5567; x_wconf 72' lang='lat' dir='ltr'><strong>net.)</strong></span> <span class='ocrx_word' id='word_1_794' title='bbox 718 5462 1153 5567; x_wconf 50' lang='grc' dir='ltr'>Βὲϐεϐῗλούατιν</span> <span class='ocrx_word' id='word_1_795' title='bbox 1196 5512 1349 5567; x_wconf 83' lang='lat' dir='ltr'><strong>iuxta</strong></span> <span class='ocrx_word' id='word_1_796' title='bbox 1384 5526 1500 5567; x_wconf 88' lang='lat' dir='ltr'><strong>rec.</strong></span> <span class='ocrx_word' id='word_1_797' title='bbox 1535 5512 1660 5567; x_wconf 89' lang='lat' dir='ltr'><strong>lect.</strong></span> <span class='ocrx_word' id='word_1_798' title='bbox 1717 5512 1784 5544; x_wconf 68' lang='grc' dir='ltr'><strong>’θ’</strong></span> <span class='ocrx_word' id='word_1_799' title='bbox 1811 5512 1852 5566; x_wconf 82' lang='grc' dir='ltr'>Β</span> <span class='ocrx_word' id='word_1_800' title='bbox 1881 5511 2135 5567; x_wconf 63' lang='grc' dir='ltr'>ἁλειφέντι</span> 
     </span>
    </p>
   </div>
   <div class='ocr_carea' id='block_1_111' title="bbox 385 5511 1660 5604">
    <p class='ocr_par' dir='ltr' id='par_1_111' title="bbox 385 5511 1660 5604">
     <span class='ocr_line' id='line_1_112' title="bbox 385 5511 1660 5604; baseline -0.001 -37"><span class='ocrx_word' id='word_1_801' title='bbox 385 5511 512 5567; x_wconf 83' lang='lat' dir='ltr'><strong>hab.</strong></span> <span class='ocrx_word' id='word_1_802' title='bbox 542 5514 677 5604; x_wconf 81' lang='grc' dir='ltr'>μοι.)</span> <span class='ocrx_word' id='word_1_803' title='bbox 718 5511 1153 5586; x_wconf 84' lang='grc' dir='ltr'>Βὲϐεϐηλούμην</span> <span class='ocrx_word' id='word_1_804' title='bbox 1190 5512 1349 5583; x_wconf 82' lang='lat' dir='ltr'><strong>juxta</strong></span> <span class='ocrx_word' id='word_1_805' title='bbox 1384 5526 1500 5569; x_wconf 90' lang='lat' dir='ltr'><strong>rec.</strong></span> <span class='ocrx_word' id='word_1_806' title='bbox 1535 5512 1660 5568; x_wconf 90' lang='lat' dir='ltr'><strong>lect.</strong></span> 
     </span>
    </p>
   </div>
   <div class='ocr_carea' id='block_1_112' title="bbox 2233 5443 3645 5583">
    <p class='ocr_par' dir='ltr' id='par_1_112' title="bbox 2233 5443 3645 5583">
     <span class='ocr_line' id='line_1_113' title="bbox 2233 5443 3645 5515; baseline 0.004 -19"><span class='ocrx_word' id='word_1_807' title='bbox 2233 5444 2278 5476; x_wconf 83' lang='grc'><strong><em>⁶⁹</em></strong></span> <span class='ocrx_word' id='word_1_808' title='bbox 2322 5443 2365 5496; x_wconf 89' lang='grc' dir='ltr'><strong>Β</strong></span> <span class='ocrx_word' id='word_1_809' title='bbox 2405 5443 2896 5515; x_wconf 87' lang='grc' dir='ltr'>συγκεχωρημένα.</span> <span class='ocrx_word' id='word_1_810' title='bbox 2981 5443 3028 5475; x_wconf 77' lang='grc'><strong>⁷⁸</strong></span> <span class='ocrx_word' id='word_1_811' title='bbox 3067 5443 3150 5500; x_wconf 84' lang='grc' dir='ltr'><strong>ἐϐ.</strong></span> <span class='ocrx_word' id='word_1_812' title='bbox 3190 5461 3282 5513; x_wconf 86' lang='grc' dir='ltr'><strong>με.</strong></span> <span class='ocrx_word' id='word_1_813' title='bbox 3316 5443 3391 5514; x_wconf 86' lang='grc' dir='ltr'><strong>(Ε</strong></span> <span class='ocrx_word' id='word_1_814' title='bbox 3436 5481 3452 5496; x_wconf 95' lang='grc'><strong>.</strong></span> <span class='ocrx_word' id='word_1_815' title='bbox 3493 5447 3645 5515; x_wconf 81' lang='lat' dir='ltr'><strong>prior</strong></span> 
     </span>
     <span class='ocr_line' id='line_1_114' title="bbox 2241 5459 3627 5583; baseline 0.004 -17"><span class='ocrx_word' id='word_1_816' title='bbox 2241 5513 2285 5546; x_wconf 63' lang='grc' dir='ltr'>τί</span> <span class='ocrx_word' id='word_1_817' title='bbox 2310 5529 2435 5566; x_wconf 85' lang='grc' dir='ltr'>πεσ.</span> <span class='ocrx_word' id='word_1_818' title='bbox 2466 5513 2629 5568; x_wconf 84' lang='lat' dir='ltr'><strong>Hebr.</strong></span> <span class='ocrx_word' id='word_1_819' title='bbox 2666 5520 2916 5569; x_wconf 87' lang='lat' dir='ltr'><strong>cemento</strong></span> <span class='ocrx_word' id='word_1_820' title='bbox 2938 5512 3244 5582; x_wconf 87' lang='lat' dir='ltr'><strong>(obducunt</strong></span> <span class='ocrx_word' id='word_1_821' title='bbox 3269 5459 3438 5583; x_wconf 51' lang='lat' dir='ltr'><strong>illusi).</strong></span> <span class='ocrx_word' id='word_1_822' title='bbox 3522 5566 3527 5569; x_wconf 95' lang='lat'>_</span> <span class='ocrx_word' id='word_1_823' title='bbox 3622 5568 3627 5571; x_wconf 94' lang='lat'>_</span> 
     </span>
    </p>
   </div>
   <div class='ocr_carea' id='block_1_113' title="bbox 1717 5511 3392 5582">
    <p class='ocr_par' dir='ltr' id='par_1_113' title="bbox 1717 5511 3392 5582">
     <span class='ocr_line' id='line_1_115' title="bbox 1717 5511 3392 5582; baseline -0.002 -16"><span class='ocrx_word' id='word_1_824' title='bbox 1717 5512 1784 5544; x_wconf 79' lang='grc'><strong>⁷⁰⁶</strong></span> <span class='ocrx_word' id='word_1_825' title='bbox 1811 5512 1852 5566; x_wconf 82' lang='grc' dir='ltr'><strong><em>Β</em></strong></span> <span class='ocrx_word' id='word_1_826' title='bbox 1881 5511 2184 5581; x_wconf 82' lang='grc' dir='ltr'>ἁλειφέντα.</span> <span class='ocrx_word' id='word_1_827' title='bbox 2241 5513 2285 5546; x_wconf 64' lang='grc' dir='ltr'>τί</span> <span class='ocrx_word' id='word_1_828' title='bbox 2310 5529 2435 5566; x_wconf 84' lang='grc' dir='ltr'>πεσ.</span> <span class='ocrx_word' id='word_1_829' title='bbox 2466 5511 2629 5568; x_wconf 68' lang='lat' dir='ltr'><strong>Hebr.</strong></span> <span class='ocrx_word' id='word_1_830' title='bbox 2666 5511 2916 5569; x_wconf 81' lang='lat' dir='ltr'><strong>cemento</strong></span> <span class='ocrx_word' id='word_1_831' title='bbox 2938 5511 3244 5582; x_wconf 86' lang='lat' dir='ltr'><strong>(obducunt</strong></span> <span class='ocrx_word' id='word_1_832' title='bbox 3269 5511 3392 5567; x_wconf 78' lang='lat' dir='ltr'><strong>illos</strong></span> 
     </span>
    </p>
   </div>
  </div>
