4116 6412
464 374 594 440 1031

1447 369 1924 432 TIIEODORETI
1958 364 2296 426 EPISCOPI
2314 363 2678 424 CYRENSIS

3586 351 3721 417 una

462 501 572 539 non
601 494 684 539 est
715 482 955 536 loculus.
989 500 1007 532 ι
1034 480 1323 535 lmitantes
1343 482 1485 535 enim
1511 495 1672 534 veros
1712 478 2024 548 praplietas,

2131 473 2336 540 Κύριος
2361 472 2420 524 οὐ
2453 471 2740 540 λελάληκε.
2785 487 2804 520 ι
2847 465 3190 535 Μιμούμενοι
3219 464 3328 534 γάρ
3352 463 3478 526 τοὺς
3499 463 3720 532 ἀληθεῖς

468 575 563 629 Dei
607 587 857 643 persona:
909 569 1044 624 falsa
1102 585 1199 624 sua
1249 570 1470 624 oracula
1524 571 1933 638 ascripserunt,
1982 576 2038 620 ct

463 666 712 721 veritatis
743 663 878 717 fonti
899 662 1268 719 attribuerunt
1305 662 1672 718 mendacium.
1702 659 1827 715 Haec
1854 668 2034 714 autem

460 758 742 819 dicebant,
771 754 952 825 inquit
981 768 996 804 :

527 927 694 985 Vens.
730 929 822 984 29.
865 927 1129 996 Populum
1162 939 1321 985 terra
1351 935 1702 1003 opprimente;
1731 931 2028 1001 injustitia,

453 1030 502 1074 et
532 1021 836 1089 diripientes
867 1026 1104 1092 rapinas,
1144 1025 1520 1087 mendicum,“
1550 1041 1827 1094 pauperem
1857 1025 2036 1093 oppri-

456 1123 676 1174 mentes,
711 1124 761 1167 et
786 1114 856 1166 ad
889 1113 1144 1168 advenam
1180 1133 1283 1170 non
1313 1128 1627 1171 revertentes
1655 1134 1773 1170 cum
1810 1117 2031 1187 judicio.

459 1201 780 1266 Mendacio,
839 1205 1044 1273 inquit,
1103 1207 1422 1270 utebantur,
1478 1216 1532 1262 et
1581 1207 1647 1261 ad
1699 1208 2033 1262 voluntatem

455 1293 767 1363 principum
800 1293 1144 1359 divinabam,
1174 1298 1525 1350 securitatem
1550 1308 1741 1351 contra
1769 1312 2035 1368 pauperes

454 1385 706 1440 nancisci
732 1387 1040 1451 studentes,
1071 1394 1125 1441 et
1152 1388 1501 1443 occasionem
1525 1389 1663 1443 lucri
1687 1390 2060 1444 mendacium.

456 1475 744 1531 facientes.

535 1646 703 1700 Vens.
741 1644 831 1698 30.
869 1643 936 1698 Et
975 1644 1272 1713 quaerebam
1295 1660 1362 1699 ex
1393 1645 1523 1711 ipsi:
1555 1647 1724 1700 virum
1756 1658 1890 1702 recte
1921 1664 2034 1701 am-

2141 566 2447 634 προφήτας,
2471 562 2548 633 τῷ
2578 561 2672 615 τοῦ
2698 560 2836 615 Θεοῦ
2864 559 3140 630 προσώπῳ
3168 557 3266 620 τὰς
3289 555 3508 625 ψευδεῖς
3535 555 3718 609 αὐτῶν

2138 653 2548 727 χρησμολογίας
2601 652 3003 722 περιετίθεσαν,
3034 651 3128 704 xai.
3176 651 3244 720 τῇ
3279 651 3431 719 πηγῇ
3454 651 3552 719 τῆς
3583 649 3716 718 ἀλη,

2139 747 2289 810 θείας
2328 747 2634 817 περιῆπτον
2671 746 2732 800 τὸ
2779 744 2998 814 ψεῦδος.
3037 741 3226 795 Ταῦτα
3257 741 3336 807 δὲ,
3375 743 3564 813 φησὶν,
3599 741 3717 794 ἕλε-

2138 853 2252 904 γον·

2208 927 2312 980 xO'.
2350 927 2461 982 Τὸν
2491 927 2646 981 λαὸν
2672 923 2780 995 τῆς
2810 925 2923 996 τῆς
2958 924 3330 991 ἐκπιέζοντες
3371 924 3590 991 ἀδικίᾳ.
3618 923 3714 977 καὶ

2135 1018 2563 1086 διαρπάζοντες
2611 1018 2984 1088 ἁρπάγματα,
3042 1017 3284 1087 πτωχὸν
3332 1016 3433 1069 καί
3486 1016 3718 1081 πένητα

2135 1111 2798 1176 καταδυναστεύοντες,
2835 1111 2932 1163 καί
2983 1110 3131 1176 πρὸς
3185 1107 3294 1161 τὸν
3327 1107 3716 1175 προσήλυτον

2135 1205 2247 1256 οὐκ
2296 1201 2807 1270 ἀναστρεφόμενοι
2840 1199 2991 1270 μετὰ
3021 1201 3321 1268 κρίματος.
3357 1199 3435 1269 Τῇ
3467 1198 3715 1267 ψευδολο-

2134 1293 2251 1364 γίᾳ,
2287 1294 2472 1364 φησιν,
2499 1293 2760 1362 ἐχρῶντο,
2801 1292 2891 1345 καὶ
2937 1291 3075 1362 πρὸς
3107 1291 3267 1360 χάριν
3311 1292 3424 1352 τοῖς
3457 1289 3714 1359 ἄρχουσιν

2133 1383 2524 1455 ἐμαντεύοντο.
2568 1383 2750 1436 ἄδειαν
2785 1382 3086 1453 λαμϐάνειν
3115 1381 3255 1434 κατά
3301 1381 3410 1433 τῶν
3463 1381 3712 1448 πενήτων

2133 1477 2430 1540 ἐθέλοντες,
2466 1475 2560 1530 καὶ
2611 1475 2868 1546 ἀφορμὴν
2913 1474 3138 1546 κέρδους
3183 1472 3246 1526 τὸ
3290 1471 3484 1542 ψεῦδος
3534 1468 3712 1524 ποιού-

2137 1586 2310 1640 μενοι.

2206 1661 2270 1714 λ’.
2304 1658 2414 1714 Καὶ
2443 1657 2690 1726 ἐζήτουν
2712 1658 2781 1722 ἐξ
2818 1654 3018 1712 αὐτῶν
3053 1655 3242 1724 ἄνδρα
3268 1656 3712 1725 ἀναστρεφόμε-

450 1737 740 1797 butantem,
764 1743 815 1786 et
839 1744 1061 1787 stantem
1085 1735 1138 1787 in
1166 1736 1504 1790 intercisione
1528 1739 1664 1805 sepia
1693 1748 1814 1792 ante
1845 1739 2028 1808 faciem

2135 1753 2305 1806 νον-ἠ
2319 1752 2523 1819 ὀρθῶς,
2547 1751 2643 1804 καί
2676 1748 2904 1804 ἑστῶτα
2923 1749 2994 1802 ἐν
3005 1747 3266 1816 διακοπῇ
3295 1747 3569 1817 φραγμοῦ
3594 1747 3707 1814 πρὸ

455 1845 623 1882 meum
655 1838 884 1895 tempore
907 1835 1081 1885 terra.
1111 1841 1173 1879 ne
1201 1828 1411 1895 penitus
1439 1827 1664 1882 dolerem
1684 1845 1824 1892 eam,
1856 1840 2028 1885 etnon

2135 1813 2462 1911 προσώπου
2480 1813 2495 1817 ⁷
2502 1859 2623 1911 μου
2654 1841 2724 1894 ἐν·
2754 1840 2802 1873 ’⁸
2839 1837 3021 1907 καιρῷ
3071 1837 3182 1903 τῆς
3378 1813 3484 1890 toi}
3511 1836 3598 1905 μὴ
3622 1813 3710 1901 είς

449 1921 645 1975 inveni.
684 1919 813 1974 llaec
840 1920 1003 1973 ctiam
1049 1933 1146 1987 per
1194 1919 1491 1974 Jeremiam
1523 1921 1708 1985 docet,
1740 1936 1864 1976 cum
1909 1925 1984 1977 ait
2014 1941 2030 1978 :

458 2032 478 2065 ι
507 2012 758 2066 Transite
784 2027 880 2081 per
900 2013 1017 2064 vias
1047 2008 1461 2083 Hierosolyma,
1495 2020 1550 2066 et
1569 2012 1771 2079 videte,
1795 2024 1849 2068 et
1878 2029 2029 2084 quae-

453 2104 586 2157 retis
622 2103 678 2157 in
710 2101 906 2171 plateis
930 2102 1072 2170 ejus,
1099 2103 1144 2154 si
1175 2103 1501 2158 inveneritis
1535 2118 1702 2156 unum
1738 2089 2029 2160 facientem

445 2192 756 2264 judicium,
796 2201 852 2246 et
889 2201 1225 2262 quaerentem
1266 2191 1466 2258 ﬁdem,
1517 2202 1572 2249 et
1612 2197 1891 2265 propitius
1935 2213 2030 2251 ero

452 2286 502 2340 ci
537 2281 584 2338 ί.
631 2303 650 2335 ι
682 2281 920 2337 Proinde
950 2283 1039 2338 hic
1079 2299 1302 2353 quoque
1341 2285 1436 2348 ait,
1467 2300 1535 2339 ex
1571 2287 1933 2355 principibus,
1964 2304 2030 2342 ex

451 2375 862 2436 sacerdotibus,
893 2383 951 2428 et
987 2391 1052 2429 ex
1098 2376 1223 2431 aliis
1267 2377 1546 2440 omnibus,
1588 2382 1898 2447 quaerebam
1946 2379 2029 2433 vel

454 2469 677 2523 unicum
726 2468 931 2534 virum,
981 2467 1075 2535 qui
1133 2477 1319 2536 posset
1365 2468 1422 2523 in
1471 2468 1832 2525 intercisione
1881 2471 2028 2540 sepis

450 2570 621 2625 stare,
659 2559 763 2615 hoc
792 2568 897 2620 est,
927 2560 1076 2615 illata
1105 2561 1376 2630 supplicia
1397 2561 1614 2630 justitia
1644 2578 1745 2616 sua
1773 2563 2030 2617 cohibere

452 2651 746 2710 valentem.
780 2659 834 2703 et
871 2652 964 2722 qui
999 2665 1122 2704 eam
1172 2651 1583 2708 intercisionem
1607 2692 1622 2714 ,
1655 2669 1776 2724 quae
1807 2665 2030 2725 propter

451 2739 798 2808 iniquitatem
855 2739 996 2794 facta
1045 2738 1246 2806 fuerat,
1295 2753 1349 2798 et
1401 2757 1689 2812 poenarum
1741 2745 2025 2800 introitum

449 2829 616 2900 3,60
646 2829 908 2884 obturare
940 2840 1107 2904 atque
1138 2831 1428 2887 obstruere
1466 2844 1676 2902 posset,
1713 2850 1893 2904 neque
1942 2836 2029 2888 in-

453 2922 600 2975 veni.
635 2919 874 2985 Idcirco,

2133 1933 2309 1999 τέλος
2332 1933 2646 2000 ἐξαλεῖψαι
2678 1930 2895 1999 αὐτὴν,
2914 1929 3012 1982 καί
3039 1931 3153 1997 οὐχ
3176 1924 3375 1996 εὗρον.
3399 1927 3584 1980 Ταῦτα
3615 1928 3708 1979 καὶ

2132 2024 2221 2079 διὰ
2276 2024 2539 2096 Ἰερεμίου
2577 2023 2860 2086 διδάσκει,
2889 2020 3098 2088 λέγων’
3138 2039 3156 2072 ι
3205 2020 3435 2072 διέλθετε
3480 2022 3560 2082 εις
3608 2019 3706 2083 τὰς

2131 2105 2338 2176 διόδους
2395 2111 2774 2182 Ἰερουσαλὴμ,
2812 2110 2910 2164 xai.
2946 2109 3107 2174 ἴδετε,
3143 2111 3238 2162 καὶ
3286 2107 3616 2178 ζητήσετετδ
3649 2109 3708 2160 ὲν

2130 2206 2252 2267 ταῖς
2304 2203 2588 2266 πλατείαις
2638 2203 2828 2272 αὐτῆς,
2869 2201 2966 2254 ὲάν
3008 2201 3276 2272 εύρὴσητε
3313 2201 3410 2253 Eva
3450 2199 3705 2254 ποιοῦντα

2132 2298 2328 2366 κρῖμα,
2363 2295 2454 2347 καὶ
2482 2292 2751 2363 ζητοῦντα
2772 2292 3081 2354 nlo-smmi.
3109 2291 3267 2354 ἵλεως
3289 2290 3483 2358 ἔσομαι
3510 2293 3698 2363 αὐτῇ..

2135 2388 2248 2441 Καὶ
2275 2385 2512 2440 ἐνταῦθα
2538 2385 2719 2440 τοίνυν
2749 2385 2933 2454 φησὶν,
2961 2385 3041 2438 ὅτι
3072 2383 3136 2437 ἐκ
3172 2400 3231 2437 τε
3273 2383 3385 2436 τῶν
3427 2383 3705 2454 ἀρχόντων

2131 2478 2194 2530 ἐκ
2219 2494 2277 2530 τε
2309 2477 2415 2529 τῶν
2440 2475 2650 2547 ἱερέων,
2686 2475 2780 2528 καὶ
2801 2471 2989 2529 ἐκτῶν
3023 2474 3196 2528 ἀλλων
3228 2476 3483 2529 ἁπάντων
3510 2474 3707 2545 ἐπεζή-

2128 2585 2255 2620 τουν
2301 2567 2396 2620 ἕνα
2447 2566 2578 2636 γοῦν
2610 2567 2801 2637 ἄνδρα,
2860 2567 3052 2637 στῆναι
3082 2569 3140 2620 ἐν
3181 2567 3410 2637 διακοπῇ
3447 2565 3701 2636 φραγμοῦ

2129 2659 2426 2730 δυνάμενον
2451 2702 2466 2724 ,
2509 2660 2786 2714 τουτέστιν
2813 2701 2828 2726 ,
2861 2661 3108 2729 ἐπισχεῖν
3153 2658 3254 2723 τὰς
3306 2660 3706 2730 ἐπιφερομένας

2129 2747 2396 2815 τιμωρίας
2425 2746 2512 2799 διὰ
2540 2746 2888 2816 δικαιοσύνης
2918 2748 3190 2817 ἰσχύοντα,
3227 2747 3321 2800 καὶ
3350 2749 3449 2817 τὴν
3481 2764 3706 2817 γεγενη-

2132 2833 2300 2904 μένην
2335 2835 2400 2888 ἐκ
2427 2834 2528 2906 τῆς
2550 2837 2896 2906 παρανομίας
2919 2836 3205 2908 διακοπὴν,
3225 2837 3320 2890 καὶ
3349 2837 3579 2908 πάροδον
3606 2837 3704 2906 τῆς

2127 2923 2400 2995 τιμωρίας
2427 2927 2742 2997 ἀποφράξαι
2764 2929 2860 2981 καὶ
2896 2929 3239 2999 ἀποτειχίσαι
3271 2929 3590 3000 δυνάμενον,
3609 2929 3703 2982 καὶ

2127 3017 2224 3088 οὐχ
2245 3011 2423 3089 εὗρον.
2457 3019 2548 3072 Διό
2575 3036 2770 3088 φησιν’

521 3092 688 3151 Vsus.
728 3096 816 3151 51.
858 3095 1044 3166 Effudi
1067 3138 1082 3164 ,
1127 3096 1327 3166 inquit,
1383 3097 1621 3166 furorem
1656 3117 1826 3154 meum
1870 3119 2026 3172 super

2198 3108 2300 3162 λα’.
2340 3109 2584 3179 Ἐξέχεα
2614 3113 2722 3166 τὸν
2750 3114 2941 3182 θυμόν
2963 3131 3082 3182 μου
3110 3111 3202 3165 ἐπ’
3230 3111 3425 3178 αὐτὴν·
3457 3111 3526 3164 ἐν
3558 3111 3700 3180 πυρί

447 3201 567 3240 eam
599 3227 614 3250 ,
683 3188 741 3240 in
825 3189 997 3258 rigore
1075 3189 1172 3242 ira:
1246 3203 1410 3253 mea",
1473 3188 1542 3242 ad
1617 3193 2027 3247 consumendum

2132 3198 2313 3269 ὀργῆς
2341 3219 2480 3272 μου,
2516 3203 2624 3258 τοῦ
2670 3206 3038 3259 συντελέσαι
3072 3205 3312 3270 αὐτούς.
3351 3205 3460 3258 Καὶ
3489 3202 3702 3265 δεικνὺς

450 3295 562 3332 eos.
599 3276 863 3346 Justaque
901 3278 1208 3333 ostendens
1238 3293 1363 3334 esse
1402 3281 1696 3350 supplicia,
1747 3284 2025 3352 subjecit:

463 3369 589 3422 Viae
613 3369 848 3436 ipsorum
894 3369 949 3422 in
981 3369 1161 3438 capita
1215 3368 1435 3423 deorum
1479 3375 1500 3394 "
1529 3371 1670 3435 dedi,
1710 3374 1844 3427 dicit
1883 3375 2029 3430 Ado-

451 3460 562 3513 ικαὶ·
575 3458 855 3514 Dominus.
886 3458 1023 3514 Cum
1050 3459 1198 3513 enim
1220 3474 1388 3528 prave
1422 3469 1586 3531 atque
1617 3463 1801 3532 inique
1831 3467 2028 3520 ambu-

457 3552 643 3613 larint,
676 3560 1072 3618 congruentem
1100 3551 1202 3604 viae
1228 3566 1343 3606 sua:
1378 3551 1617 3607 fructum
1659 3564 1832 3610 nactae
1869 3566 2019 3612 sunt.

455 3640 596 3694 llinc
637 3641 844 3710 percipi
902 3647 1086 3708 potest
1133 3655 1242 3694 non
1287 3643 1468 3696 solum
1516 3643 1717 3699 divina:
1764 3647 2027 3704 bonitatis

453 3731 869 3801 cx'superantia,
903 3731 999 3784 sed
1029 3731 1197 3785 etiam
1231 3730 1545 3788 Iudaeorum
1584 3735 1857 3807 impietas.
1891 3738 2026 3794 Nam

453 3821 522 3876 de
563 3820 819 3876 Sodomis
863 3821 1142 3891 pollicitus
1176 3820 1303 3890 fuit,
1354 3823 1403 3880 si
1446 3826 1690 3896 quinque
1717 3828 1905 3897 justos
1945 3831 2029 3886 in-

454 3913 688 3978 veniret,
720 3927 937 3966 omnem
967 3927 1027 3967 se
1057 3913 1251 3968 urbem
1288 3929 1319 3968 a
1347 3917 1614 3987 supplicio
1639 3919 1860 3974 illaesam
1894 3935 2029 3978 con-

453 4017 798 4061 servaturum
829 4017 953 4062 esse
979 4021 992 4057 :
1030 4003 1123 4058 hic
1146 4020 1276 4061 vero
1303 4020 1428 4060 eum
1460 4023 1632 4063 unum
1658 4013 2023 4082 quaesivisset,

453 4112 564 4152 non
618 4096 849 4150 invenit.
889 4095 1256 4162 Quamobrem
1306 4097 1548 4155 inimicis
1599 4117 1719 4160 eam
1768 4105 2024 4162 traditam

453 4187 666 4243 curavit
705 4185 1080 4240 evertendam.
1127 4186 1290 4243 Decet
1336 4187 1504 4259 igitur
1532 4206 1656 4256 nos,
1701 4195 1903 4262 quibus
1933 4211 2029 4251 ex-

451 4279 723 4349 ploratum
753 4283 857 4339 est,
899 4275 1139 4330 divinam
1171 4279 1604 4336 misericordiam
1648 4299 1772 4339 cum
1812 4285 2026 4355 judicio

451 4365 803 4436 conjunctam
840 4381 985 4429 esse,
1025 4384 1045 4417 ι
1101 4365 1535 4423 Misericordiam
1584 4371 1732 4426 enim
1768 4381 1822 4428 et
1869 4376 2022 4444 judi-

2127 3292 2230 3362 τῆς
2271 3294 2539 3366 τιμωρίας
2567 3295 2628 3347 τὸ
2671 3295 2900 3359 δίκαιον,
2931 3297 3179 3365 ἐπήγαγε
3199 3311 3213 3326 ·
3246 3299 3356 3359 Τὰς
3383 3294 3562 3361 ὀδοὺς
3596 3296 3699 3348 αὑ-

2126 3384 2246 3438 τῶν
2270 3389 2356 3452 είς
2393 3387 2660 3456 κεφαλὰς
2720 3387 2919 3442 αὐτῶν
2969 3388 3218 3453 δέδωκα,
3253 3389 3411 3457 λέγει
3457 3385 3704 3440 ’Λδωνατ

2125 3476 2364 3543 Κύριος.
2394 3477 2598 3541 Κακῶς
2630 3478 2760 3548 γάρ,
2791 3480 2950 3549 φησι.
2970 3479 3065 3532 xa‘t
3086 3479 3419 3549 παρανόμως
3446 3477 3701 3531 ὁδεύσανο

2126 3583 2240 3630 τες,
2270 3568 2565 3622 ἀκόλουθον
2590 3563 2753 3641 εὖρον
2790 3571 2890 3642 τῆς
2925 3572 3130 3635 οίκείας
3151 3570 3274 3625 ὁδοῦ
3303 3571 3362 3624 τὸ
3389 3570 3541 3633 τέλος
3569 3588 3582 3602 ·
3615 3570 3700 3622 ὲν-

2127 3658 2317 3712 τεῦθεν
2341 3659 2457 3712 ἐστι
2493 3661 2690 3729 μαθεῖν
2735 3664 2794 3716 οὐ
2855 3662 3016 3732 μόνον
3047 3662 3148 3732 τῆς
3181 3662 3331 3725 Θείας
3364 3661 3702 3734 ἀγαθότητος

2125 3751 2226 3822 τὴν
2259 3751 2573 3822 ὑπερϐολὴν
2597 3792 2611 3816 ,
2641 3753 2775 3807 ἀλλά
2805 3755 2900 3806 καὶ
2931 3754 3031 3823 τὴν
3076 3753 3347 3807 Ἰουδαίων
3398 3752 3657 3806 ἀσέϐειαν
3681 3765 3696 3780 ·

2127 3843 2220 3898 ἐπὶ
2253 3843 2352 3912 μὲν
2381 3842 2488 3914 γὰρ
2532 3844 2779 3914 Σοδόμων
2811 3843 3101 3915 ὑπέσχετο,
3146 3845 3193 3896 εἰ
3226 3843 3389 3896 πέντε
3441 3841 3592 3912 εὖροι
3625 3841 3702 3894 δι⁹

2128 3934 2356 3997 καίους,
2387 3936 2568 3988 πᾶσαν
2589 3935 2688 4004 τὴν
2741 3935 2896 3988 πόλιν
2949 3935 3226 4004 ἀνέπαφον
3279 3934 3379 4004 τῆς
3430 3931 3699 4004 τιμωρίας

2128 4025 2382 4095 φυλάξειν
2400 4043 2413 4057 ο
2439 4025 2675 4080 ἐνταῦθα
2701 4025 2758 4078 δὲ
2787 4027 2883 4079 ἕνα
2917 4024 3156 4097 ζητήσας
3178 4026 3276 4094 οὐχ
3306 4019 3454 4094 εὗρε.
3487 4023 3581 4075 Διὸ
3607 4025 3699 4075 καὶ

2127 4119 2238 4180 τοῖς
2269 4117 2560 4187 δυσμενέσι
2595 4117 2871 4186 παραδοὺς
2903 4117 3071 4188 αὐτὴν
3117 4117 3418 4170 ἀνάστατον
3447 4113 3698 4182 γενέσθαι

2127 4209 2428 4279 πεποίηκε·
2465 4210 2732 4280 προσήκει
2764 4208 2941 4262 τοίνυν
2969 4207 3362 4279 ήμᾶς,είδότας
3395 4206 3470 4269 ὡς
3502 4208 3531 4259 ὁ
3555 4205 3699 4268 θεῖος

2128 4298 2276 4364 ἔλεος
2302 4301 2366 4370 τῇ
2398 4300 2576 4370 κρίσει
2604 4299 2951 4363 συνέζευκται
2993 4319 3011 4351 ‹
3039 4299 3227 4353 Ἔλεον
3259 4298 3388 4368 γὰρ,
3417 4299 3572 4368 φησὶ,
3604 4297 3698 4350 καὶ

2133 4389 2316 4461 κρίσιν
2358 4389 2560 4462 ᾄσομαι
2611 4407 2694 4443 σοι
2723 4389 2894 4460 Κύριε
2919 4409 2965 4453 ι,
3003 4391 3078 4460 μὴ
3111 4391 3388 4459 ἐπιμένειν
3439 4391 3552 4452 τοῖς
3600 4391 3698 4459 τῆς

450 4457 618 4521 cium,
667 4455 869 4526 inquit,
917 4455 1160 4512 cantabo
1199 4456 1320 4522 tibi,
1383 4457 1634 4524 Domine,
1693 4463 1756 4528 ⁸,
1795 4483 1814 4517 ι
1879 4465 2022 4521 haud

2130 4455 2403 4552 ἁμαρτία-ς
2439 4455 2884 4551 ἐπιτηδεύμασιν,
2919 4455 3052 4551 μηδὲ
3067 4455 3179 4551 ’τῆς
3207 4455 3302 4533 τοῦ
3330 4477 3465 4532 Θεοῦ
3493 4455 3698 4549 paxpa-

449 4546 781 4624 commorari
825 4547 880 4599 in
932 4546 1203 4603 institutis
1239 4558 1624 4618 peccatorum,
1661 4568 1840 4623 neque
1870 4556 1899 4597 ιι
1934 4556 2028 4612 Dei

451 4636 923 4706 longanimitatem
949 4643 1321 4700 contemnere,
1356 4654 1535 4712 neque
1562 4643 1808 4701 thesauri
1848 4647 2026 4702 instar

449 4727 767 4798 nobisipsis
792 4727 929 4782 iram
965 4742 1235 4798 reponere
1273 4729 1330 4784 in
1365 4730 1456 4786 die
1491 4732 1606 4799 irae,
1637 4743 1693 4790 et
1732 4738 2024 4800 revelatio-

452 4821 560 4890 nis,
595 4831 649 4878 et
674 4823 808 4893 justi
833 4823 1030 4894 judicii
1059 4822 1178 4887 Dei,
1226 4823 1320 4895 qui
1350 4825 1542 4886 reddet
1583 4828 1916 4902 unicuique“
1931 4848 2022 4896 se-

450 4915 688 4970 cundum
711 4931 874 4987 opera
902 4915 1026 4987 ejus
1055 4933 1068 4970 :
1097 4915 1202 4987 ipsi
1233 4917 1406 4988 gloria
1451 4918 1508 4978 in
1549 4922 1750 4978 sacula
1792 4925 2021 4987 saeculo-

452 5019 598 5062 rum.
643 5008 842 5062 Amen.

495 5184 515 5222 ί
546 5181 750 5240 Jerem.
777 5203 830 5256 v,
871 5191 919 5246 1.
1003 5193 1031 5232 ⁸
1070 5192 1214 5249 Psal.
1250 5209 1303 5260 c,
1337 5196 1391 5250 Ι.
1468 5196 1497 5237 ιι
1562 5194 1721 5254 Rom.
1764 5211 1827 5264 ιι,
1862 5197 1984 5255 ὁρᾶ.

2128 4576 2192 4639 Ou
2198 4575 2330 4648 μίας
2356 4577 2744 4646 καταφρονεῖν,
2765 4574 2901 4644 μηδὲ
2922 4572 3274 4643 θησαυρίζειν
3297 4573 3510 4635 ἑαυτοῖς
3531 4569 3696 4642 ὀργὴν

2125 4652 2185 4722 ἐν
2211 4669 2394 4740 ἡμέρᾳ
2423 4667 2614 4738 ὀργῆς,
2649 4666 2745 4722 καὶ
2792 4664 3189 4734 ἀποκαλύψεως
3213 4707 3226 4731 ,
3264 4667 3359 4718 καὶ
3397 4663 3697 4733 δικαιοκριαο

2127 4759 2250 4821 σίας
2298 4757 2392 4816 τοῦ
2425 4757 2582 4820 Θεοῦ,
2618 4757 2678 4822 ὃς
2705 4755 2976 4810 ἀποδώσει
3013 4757 3230 4825 ἑκάστῳ
3261 4755 3401 4817 κατὰ
3445 4754 3514 4808 τὰ
3559 4753 3696 4824 ἔργα

2125 4845 2290 4904 αὐτοῦ
2316 4863 2330 4878 ·
2361 4846 2509 4917 αὐτῷ
2558 4848 2592 4918 ἡ
2625 4846 2752 4912 δόξα
2785 4848 2866 4911 είς
2894 4849 3020 4910 τοὺς
3064 4847 3268 4909 αἰῶνας
3304 4845 3412 4900 τῶν
3457 4843 3690 4899 αἰώνων.

2141 4939 2198 4992 Ἀ
2207 4938 2333 5010 μήν.

1699 5343 1938 5408 ἾΔΒΙιΕ
1986 5343 2394 5406 ιεετιοΝεδ.

547 5448 600 5527 ’,⁸
621 5449 868 5527 ἀνα-,ὀρθἐ
893 5449 1058 5527 Hebr.
1091 5451 1185 5523 qui
1219 5451 1517 5514 abduceret
1561 5467 1766 5524 sepem.
1822 5453 1870 5484 "
1895 5453 1952 5506 tv
1987 5469 2024 5507 x

2158 5454 2281 5524 τῆς.
2313 5453 2479 5509 Hebr.
2515 5468 2614 5524 pro
2655 5460 2800 5509 terra
2839 5455 2942 5510 ista
2971 5453 3106 5522 Alii,
3153 5453 3211 5506 ἓν
3242 5453 3320 5524 τῷ
3365 5455 3544 5527 καιρῷ
3596 5452 3697 5525 τῆς

454 5517 642 5591 ὀργῆς.
699 5520 748 5553 ’⁸
772 5517 812 5573 Β
837 5517 1129 5592 ζητήσατεξ
