4116 6400
429 277 560 342 ίὶῖᾶῖ
1516 271 1594 328 IN’
1631 264 2072 328 EZECIIIELIS
2102 263 2259 322 CAP.
2293 264 2512 323 XXIII.
3549 251 3686 317 itm:

956 414 3597 444 WWW

1789 576 2177 663 ΤΟΜΟΣ
2252 572 2331 660 Θ
2349 567 2396 661 ’.

1626 850 1981 1016 ΗΒΕίῖ
2058 919 2504 1014 NONUS.

929 1272 1326 1330 ΚΕΦΑΛΑΙΟΝ
1385 1268 1512 1327 ΚΡ.

2670 1258 2899 1319 CAPUT
2942 1260 3130 1319 XXIII.

499 1378 647 1444 (ι’-γ’.
687 1369 794 1426 Kal
826 1368 1063 1438 ἐγένετο
1110 1367 1292 1435 ,λόγος
1332 1363 1554 1430 Κυρίου
1586 1361 1736 1430 πρὸς
1762 1360 1862 1430 μὲ,
1904 1359 2003 1414 λέ-

427 1484 573 1539 γων·
643 1461 739 1518 Υίὲ
797 1458 1150 1530 ἀνθρώπου,
1181 1455 1291 1509 δύο
1341 1450 1624 1524 γυναῖκες
1677 1449 1871 1522 ἦσαν,
1899 1452 2003 1504 θυ-

424 1558 670 1630 γατέρες
703 1552 932 1625 μητρὸς
963 1548 1127 1620 μιᾶς.
1161 1548 1269 1601 Καὶ
1303 1546 1757 1613 ὲξεπόρνευσαν
1807 1542 1878 1596 ἐν
1908 1542 2008 1595 Al-

431 1653 648 1721 γύπτῳ.
689 1648 778 1699 Ἐν
839 1643 937 1715 μὲν
999 1643 1114 1704 τοῖς
1165 1636 1604 1711 ἠρμηνευμένοις
1658 1635 1875 1689 ἅπαντα
1915 1631 2007 1686 τὸν

427 1741 555 1794 λαὸν
600 1739 727 1809 μίαν
757 1734 1008 1805 ὠνόμασε
1060 1731 1268 1803 πόρνην
1288 1745 1301 1758 °
1330 1724 1411 1794 εἷς
1442 1729 1550 1801 γὰρ
1579 1728 1673 1781 καὶ⁵
1703 1726 1803 1798 τὴν
1832 1724 2007 1797 ἀρχὴν

428 1828 558 1892 λαὸς
605 1828 974 1899 ἐχρημάτισεν
1003 1841 1016 1854 ·
1063 1821 1252 1892 ἐπειδὴ
1298 1818 1355 1873 δὲ
1406 1819 1500 1873 ἐπὶ
1553 1817 1650 1872 τοῦ
1688 1815 1926 1886 Ῥοϐοάμ
1970 1817 2003 1886 ή

426 1921 693 1994 διαίρεσις
741 1918 980 1988 ἐγένετο,
1008 1915 1103 1969 καὶ
1149 1915 1196 1967 οἱ
1249 1913 1348 1981 μὲν
1391 1911 1632 1983 Ἐφραῒμ
1667 1911 1761 1964 καὶ
1789 1906 2008 1980 Ἰσραὴλ

424 2013 771 2082 ὠνομάζοντο
796 2053 809 2075 ,
842 2010 891 2062 οἱ
954 2008 1010 2061 δὲ
1048 2006 1268 2070 Ἰούδας,
1319 2004 1547 2067 εἰκότως
1579 2002 1674 2057 καὶ
1701 2000 1782 2073 τῷ
1829 2018 2008 2070 παρα-

426 2101 626 2171 ϐολικῷ
657 2100 750 2154 καὶ
782 2096 1025 2168 τροπικῷ
1056 2095 1186 2149 εἴδει
1232 2094 1373 2148 κατά
1409 2094 1671 2164 διαίρεσιν
1696 2092 1963 2163 κέχρηται
1988 2107 2004 2124 ·

425 2193 581 2247 καλεῖ
602 2192 659 2245 δὲ
692 2190 889 2249 αὐτοὺς
918 2184 1027 2240 ἀπὸ
1045 2185 1155 2238 τῶν
1188 2184 1596 2254 μητροπόλεων,
1615 2181 1712 2246 τὰς
1746 2181 1845 2251 μὲν
1874 2181 2006 2235 δέκα

427 2283 603 2354 φυλὰς
638 2281 746 2335 ἀπὸ
783 2278 1117 2350 Σαμαρείας,
1138 2276 1228 2329 τὸν
1254 2276 1312 2329 δὲ
1350 2274 1548 2328 Ἰούδαν
1572 2275 1667 2328 καὶ
1691 2273 1783 2327 τὸν
1820 2273 2009 2326 Βενια-

432 2375 523 2444 μὶν
540 2372 645 2425 ἀπὺ
665 2370 762 2440 τῆς
777 2366 1135 2438 Ἰερουσαλήμ
1153 2380 1167 2395 ο
1193 2364 1341 2432 λέγει
1355 2363 1411 2416 δὲ
1433 2363 1604 2424 αὐτὰς
1622 2360 1827 2433 μητρὸς
1856 2363 2004 2431 μιᾶς,

431 2466 497 2520 οὖ
552 2462 708 2533 μόνον
740 2460 827 2514 διὰ
871 2460 970 2531 τὴν
1010 2458 1137 2528 μίαν
1179 2456 1337 2527 ῥίζαν
1390 2454 1483 2508 τοῦ
1524 2455 1736 2524 γένους,
1768 2452 1882 2506 ἀλλ’
1924 2453 2006 2506 ὅτι

433 2555 528 2606 κα⁸ι
578 2551 718 2604 κατά
750 2551 845 2622 τὴν
874 2549 1154 2609 ἀσέϐειαν,
1192 2547 1321 2618 μίαν
1352 2546 1509 2617 ἔσχον
1546 2545 1758 2617 μητέρα
1787 2546 1885 2616 τὴν
1914 2543 2007 2597 Αἴ-

2177 1356 2344 1412 Vuus.
2385 1356 2504 1411 1-5.
2548 1354 2616 1408 Et
2645 1356 2846 1425 factum
2878 1364 2955 1411 est
2986 1355 3197 1410 verbum
3238 1355 3455 1410 Domini
3481 1356 3549 1410 ad
3582 1366 3681 1412 me.

2107 1450 2284 1505 dicens
2312 1447 2473 1504 :.Fili
2501 1448 2753 1512 hominis,
2789 1450 2908 1505 dua:
2933 1448 3181 1504 mulieres
3211 1457 3387 1513 erant,
3421 1449 3551 1519 ﬁlia:
3580 1467 3688 1503 ma-

2111 1545 2209 1598 tris
2257 1543 2438 1597 unius.
2484 1540 2555 1595 Et
2609 1541 2889 1611 fornicata
2932 1550 3057 1597 sunt
3103 1543 3157 1596 in
3215 1540 3471 1613 Egypto.
3516 1541 3575 1596 In
3614 1537 3688 1597 iis

2109 1651 2230 1706 quae
2270 1635 2625 1704 interpretati
2656 1650 2881 1699 sumus,
2933 1650 3153 1692 omnem
3205 1637 3467 1706 populum
3520 1650 3685 1690 unam

2109 1728 2455 1782 meretricem
2492 1730 2853 1797 nuncupavit.
2885 1725 3039 1783 Unus
3072 1729 3220 1782 enim
3250 1726 3487 1799 pepulus
3519 1727 3687 1780 etiam

2110 1830 2141 1871 a
2188 1812 2461 1888 principio
2492 1824 2720 1871 vocatus
2761 1816 2862 1872 fuit
2892 1837 2905 1873 :
2952 1833 3076 1871 cum
3111 1832 3241 1872 vero
3278 1827 3539 1886 regnante
3578 1808 3694 1871 Ro-

2109 1912 2307 1966 boamo
2346 1908 2490 1964 facta
2521 1918 2667 1964 esset
2698 1908 2924 1971 divisio,
2949 1916 3004 1963 et
3042 1908 3096 1963 hi
3128 1901 3392 1978 Ephraim
3430 1917 3485 1963 et
3522 1907 3688 1963 Israel

2108 1998 2270 2074 861
2308 2001 2749 2066 nominarentur,
2800 2001 2855 2056 hi
2888 2018 3018 2057 vero
3046 2001 3208 2065 Iuda,
3235 2003 3360 2071 jure
3389 2004 3556 2058 etiam
3585 2018 3682 2074 ραν

2109 2095 2357 2148 rabolica
2389 2100 2442 2149 et
2491 2093 2704 2165 tropica
2745 2092 2983 2149 formula
3022 2094 3323 2150 secundum
3360 2096 3685 2151 divisionem

2108 2204 2246 2244 usus
2288 2194 2407 2253 est;
2464 2196 2734 2256 vocatque
2780 2185 2934 2256 ipsos
2981 2200 3011 2240 a
3044 2187 3463 2257 metmpolibus,
3498 2187 3686 2242 decem

2109 2278 2330 2349 quidem
2363 2278 2543 2333 tribus
2577 2293 2606 2332 a
2638 2276 2906 2340 Samaria,
2947 2274 3143 2331 ludam
3182 2287 3364 2333 autem
3405 2288 3459 2334 et
3486 2278 3690 2347 Benja-

2108 2370 2224 2425 min
2265 2370 2332 2426 ab
2367 2369 2801 2441 Hierosolyma:
2854 2371 3163 2440 asseritque
3206 2386 3302 2427 eas
3352 2370 3521 2426 unius
3550 2371 3688 2425 fuis-

2109 2480 2170 2521 se
2208 2465 2424 2529 matris,
2457 2479 2567 2519 non
2606 2464 2784 2519 solum
2824 2471 3049 2534 prepter
3081 2479 3247 2518 unam
3298 2466 3520 2536 generis
3553 2466 3688 2521 stir~

2112 2573 2256 2626 pem,
2295 2558 2391 2613 sed
2442 2557 2604 2614 etiam
2654 2557 2783 2627 quia
2844 2558 3149 2611 secundum
3204 2558 3538 2626 impietatem
3592 2561 3688 2612 lia-

433 2657 637 2710 γυπτον
662 2657 673 2669 ·
707 2641 799 2695 καὶ
824 2641 935 2712 γὰρ
963 2640 1221 2709 ἀνωτέρω
1250 2636 1529 2708 τροπικῶς
1557 2636 1655 2707 τὴν
1680 2637 1778 2707 μὲν
1801 2634 2005 2708 μητέρα

2113 2622 2352 2701 liuerunt
2390 2662 2554 2702 unam
2587 2622 2838 2709 matrem,
2874 2644 3197 2718 IEgyptum.
3246 2622 3460 2701 Etenim
3496 2647 3551 2702 in
3586 2664 3683 2704 su-

432 2732 610 2787 αὐτῶν
642 2734 948 2796 Χετταιάν,
997 2728 1339 2801 Ἀμοῤῥαῒον
1380 2729 1436 2782 δὲ
1474 2729 1567 2783 τὸν
1597 2729 1811 2799 πατέρα
1838 2742 2011 2798 προσ-

429 2825 746 2895 ηγόρευσεν.
775 2818 946 2877 Αὖται
979 2824 1182 2889 τοίνυν,
1209 2823 1375 2893 φησὶν
1405 2824 1474 2887 ⁷³,
1507 2822 1907 2894 ὲξεπόρνευσαν
1954 2825 2014 2877 ὲν

427 2916 688 2985 Αἰγύπτῳ
711 2931 725 2944 ⁸
755 2910 875 2969 εἶτα
922 2915 1018 2967 καὶ
1049 2913 1140 2967 τὸν
1173 2912 1367 2984 χρόνον
1417 2911 1586 2982 δηλοῖ.
1612 2931 1630 2963 ι
1678 2913 1766 2966 Ἐν
1797 2914 1864 2983 τῇ
1897 2912 2009 2966 νεό-

426 3023 547 3078 τητι
598 3007 778 3061 αὐτῶν
811 3008 1175 3078 ἐπόρνευσαν·
1208 3006 1327 3058 ἐκεῖ
1370 3004 1564 3057 ἔπεσον
1596 3005 1644 3056 οἱ
1677 3003 1873 3075 μαστοὶ
1918 3006 2011 3058 αὐ·-

427 3100 558 3163 τῶν,
583 3102 676 3152 καὶ
713 3101 832 3153 ἐκεῖ
874 3096 1437 3170 διεπαροενεύθησαν.
1481 3114 1500 3148 ι
1529 3096 1591 3149 Ol
1626 3096 1724 3165 μὲν
1765 3094 1873 3167 γὰρ
1906 3113 2007 3149 πα-

426 3192 585 3262 τέρες
610 3192 810 3251 αὐτῶν,
848 3190 1099 3261 Ἀϐραὰμ
1121 3228 1137 3252 ,
1168 3188 1264 3241 καί¹
1302 3188 1486 3240 Ἰσαὰκ
1507 3232 1522 3252 ,
1558 3186 1654 3240 καὶ
1700 3186 1917 3250 Ἰακὼϐ,
1951 3188 2009 3239 ὲν

431 3282 686 3353 εὐσεϐείᾳ
729 3281 1048 3351 διέλαμψαν,
1086 3280 1182 3333 καὶ⁵
1226 3279 1320 3333 τοῦ
1366 3277 1561 3333 Ἰακὼϐ
1589 3277 1644 3331 δὲ
1680 3278 1729 3330 οἱ
1754 3277 1801 3309 ⁷⁸
1824 3277 2007 3341 παῖδες

431 3375 709 3445 διέμειναν
746 3374 1187 3441 εἰδωλολατρείας
1228 3372 1500 3442 ἀμύητοι·
1524 3371 1574 3423 οἱ
1600 3370 1658 3423 δὲ
1692 3369 1752 3434 ἐξ
1784 3369 2007 3422 ἐκείνων

430 3468 630 3537 φύντες
661 3468 725 3519 ἐκ
752 3469 851 3535 τῆς
886 3466 943 3519 ὲν
976 3465 1237 3534 Αἰγύπτῳ
1259 3462 1537 3532 διαγωγῆς
1571 3460 1879 3532 μετέμαθον
1906 3461 2006 3531 τὴν

427 3557 683 3612 ἀσέϐειαν
717 3572 730 3585 ⁸
763 3557 992 3627 νεότητα
1030 3557 1089 3610 δὲ
1125 3555 1305 3609 αὐτῶν
1350 3553 1506 3607 καλεῖ
1535 3553 1635 3620 τῆς
1682 3553 1763 3615 είς
1802 3550 2005 3621 πλῆθος

427 3649 721 3712 ἐπιδόσεως
774 3648 874 3718 τὴν
919 3648 1097 3718 ἀρχήν
1139 3663 1154 3677 ·
1185 3644 1483 3717 διαφθορὰν
1521 3643 1577 3697 δὲ
1631 3644 1726 3696 καὶ
1784 3641 2004 3713 μαστῶν

427 3739 663 3802 πτῶσιν,
686 3738 793 3791 τῶν
812 3737 1089 3790 δυσσεϐὡν
1116 3736 1402 3806 δογμάτων
1423 3734 1522 3807 τὴν
1539 3734 1796 3806 μάθησιν.
1817 3732 2001 3786 Καθά-

426 3848 531 3901 περ
555 3830 665 3903 γὰρ
694 3829 982 3883 ἀκολουθεῖ
1016 3831 1084 3901 τῇ
1114 3829 1210 3898 τῆς
1243 3828 1544 3899 παρθενίας
1572 3826 1865 3898 ἀφαιρέσει
1894 3823 2003 3877 τῶν

428 3922 649 3993 μαστῶν
682 3923 714 3993 ή
769 3920 1066 3992 χαυνότης·
1107 3918 1248 3972 οὕτω
1281 3922 1347 3990 τῇ
1390 3920 1456 3972 ὲκ
1505 3915 1642 3971 Θεοῦ
1703 3916 2001 3970 ἀποστάσει
2027 3957 2069 4014 C

424 4014 617 4068 ἕπεται
651 4012 745 4066 τοῦ
771 4016 829 4065 ὲν
849 4014 983 4083 ἡμῖν
1010 4010 1340 4083 ἡγεμονικοῦ
1384 4011 1417 4080 ἡ
1454 4008 1809 4071 κατάπτωσις
1832 4022 1847 4037 °
1877 4006 2001 4060 τού-

422 4120 516 4160 του
557 4105 665 4175 γὰρ
689 4104 850 4156 οἱονεὶ
884 4103 1217 4173 καλύμματα
1260 4101 1356 4154 καὶ
1392 4099 1755 4171 προϐλήματα
1788 4100 1925 4151 εἰσιν
1949 4096 2000 4150 οἱ

428 4195 641 4266 μαστοί.
679 4192 811 4249 Εἶτα
864 4194 1050 4265 ἐπειδὴ
1104 4192 1492 4264 παραϐολικῶς
1523 4193 1788 4260 γυναῖκας
1830 4189 2000 4253 αὑτὰς

424 4288 692 4357 ὠνόμασε,
722 4286 817 4340 καὶ
871 4287 1110 4356 ὀνόματα
1162 4286 1351 4348 αὐταῖς
1396 4283 1673 4352 ἐπιτίθησι
1719 4281 1998 4351 γυναικῶν

424 4392 585 4430 τινων
627 4376 965 4445 Αἰγυπτίων,
998 4378 1283 4447 ἐπισήμων
1314 4377 1373 4431 ὲν
1401 4374 1668 4445 ἀκολασίᾳ
1697 4373 1999 4443 γεγενημέ-

430 4486 556 4535 νων,
583 4471 713 4541 φησὶ
741 4470 799 4522 δέ
815 4485 832 4502 ·

493 4734 553 4788 δ’.
584 4735 691 4789 Kal
725 4736 797 4791 τὰ
829 4735 1091 4804 ὀνόματα
1120 4733 1318 4788 αὐτῶν
1349 4734 1569 4787 Ὀολλὰ
1617 4734 1638 4765 ⁷
1664 4733 1703 4803 ἠ
1727 4733 1991 4802 πρεσϐυ-

421 4826 580 4894 τέρα,
620 4828 719 4881 καὶ
784 4830 1012 4881 Ὀολισά
1065 4820 1323 4894 νεωτέρα
1351 4828 1389 4895 ή
1423 4827 1473 4858 ⁷⁸
1504 4826 1745 4896 ἀδελφὴ
1778 4824 1993 4894 αὐτῆς.

417 4920 838 4990 Αίνιγματωδῶς
864 4920 932 4974 τὰ
954 4919 1197 4990 πρότερα
1227 4917 1419 4981 εἰπὼν,
1451 4917 1545 4971 ἐπὶ
1579 4919 1641 4972 τὸ
1665 4919 1997 4990 σαφέστερον

416 5012 593 5081 ἧγαγε
639 5011 729 5063 τὸν
764 5009 951 5078 λόγον,
988 5011 1085 5063 καὶ
1118 5010 1227 5062 τῶν
1273 5008 1508 5079 ἑταιρῶν
1550 5009 1774 5062 ἐκείνων
1807 5025 1998 5076 γυναι-

415 5101 528 5155 κῶν
562 5102 936 5172 ἐμνημόνευσε
956 5140 971 5165 ,
1003 5102 1102 5171 τὴν
1144 5100 1483 5170 κατηγορίαν
1512 5099 1716 5165 αὔξων,
1741 5098 1995 5169 αἴσθησιν

416 5197 601 5259 αὐτοῖς
629 5197 727 5265 τῆς
756 5195 1013 5260 ἀσεϐείας
1032 5195 1122 5250 διὰ
1148 5197 1242 5250 τοῦ
1279 5196 1724 5268 παραδείγματος
1756 5193 1992 5249 ἐνθεῖναι

417 5287 759 5358 βουλόμενος.
787 5284 922 5343 Εἶτα
977 5290 1076 5361 τὴν
1130 5291 1211 5353 είς
1253 5289 1452 5352 αὐτοὺς
1484 5287 1613 5360 παρ’
1642 5284 1807 5341 αὑτοῦ
1840 5302 1989 5356 γενο-

2114 2735 2428 2809 perioribus
2487 2754 2585 2810 per
2649 2738 3069 2795 translationem
3139 2746 3370 2794 matrem
3438 2740 3687 2811 ipsorum

2115 2828 2425 2893 (Ihettwam,
2475 2836 2530 2885 et
2550 2828 2917 2884 Anton/neum
2952 2840 3162 2900 patrem
3216 2830 3534 2898 appellavit.
3595 2831 3689 2885 ll.e

2114 2918 2277 2991 igitur
2321 2918 2606 2974 fornicata;
2640 2928 2787 2983 sunt,
2834 2920 3031 2989 inquit,
3080 2920 3133 2975 in
3174 2918 3428 2992 Egypto.
3477 2922 3687 2977 Deinde

2112 3012 2280 3067 etiam
2307 3018 2524 3082 tempus
2557 3011 2798 3067 declarat
2837 3029 2851 3065 :
2886 3029 2904 3062 ι
2944 3011 3004 3066 In
3038 3011 3413 3069 adolescentia
3439 3030 3537 3070 sua
3571 3014 3685 3069 fora

2112 3101 2310 3154 nicatze
2338 3106 2508 3155 sunt:
2560 3097 2635 3155 ibi
2681 3097 3009 3155 ceciderunt
3041 3100 3211 3156 ubera
3249 3117 3462 3167 earum,
3499 3103 3688 3174 ibique

2111 3190 2471 3263 devirginatae
2514 3199 2661 3247 sunt.
2705 3211 2723 3240 ι
2761 3187 2955 3247 Patres
3002 3192 3148 3248 enim
3193 3196 3462 3263 ipsorum,
3509 3196 3685 3251 Abra-

2110 3281 2261 3345 ham,
2301 3288 2357 3337 et
2386 3280 2558 3345 Isaac,
2585 3292 2636 3335 et
2675 3276 2885 3347 Jacob,
2923 3280 3125 3351 pietate
3173 3283 3591 3352 splenduerunt,
3633 3297 3687 3341 et

2107 3368 2298 3427 Jacobi
2331 3371 2424 3426 ﬁlii
2463 3373 2537 3426 ita
2570 3372 2591 3393 θ
2632 3379 3075 3443 permanserunt,
3102 3382 3160 3428 ut
3195 3372 3521 3431 idololatriae
3565 3393 3684 3448 my-

2109 3462 2296 3518 steriis
2347 3462 2573 3517 minime
2619 3462 2981 3519 initiarentur
3025 3479 3039 3515 :
3076 3480 3262 3520 verum
3309 3467 3402 3537 qui
3452 3485 3519 3522 ex
3574 3470 3684 3523 ill.s

2109 3552 2385 3623 procreati
2429 3560 2582 3617 sunt,
2640 3568 2762 3608 cum
2819 3555 2871 3607 in
2910 3550 3147 3625 [Egypto
3181 3568 3681 3624 commorarentur,

2106 3642 2442 3712 impietatem
2507 3642 2841 3699 didicerunt.
2892 3643 2957 3698 Et
3014 3646 3444 3703 adolescentiam
3492 3665 3680 3706 eorum

2107 3742 2267 3789 vocat
2314 3734 2533 3789 initium
2578 3735 2725 3812 unde
2768 3743 2920 3790 tanta
2955 3738 3130 3792 crevit
3180 3739 3523 3796 multitudo:
3560 3757 3684 3796 cor-

2105 3827 2417 3896 ruptionem
2446 3842 2577 3883 vero
2614 3835 2669 3883 et
2698 3842 3061 3884 mammarum
3096 3830 3335 3901 lapsum,
3384 3833 3681 3905 impiorum

2106 3917 2421 3987 dogmatum
2460 3918 2793 3973 doctrinam.
2841 3920 3320 3987 Quemadmodum
3366 3927 3514 3979 enim
3563 3926 3683 3981 vio-

2105 4007 2272 4061 latam
2320 4008 2693 4078 virginitatem
2741 4026 3101 4066 mammarum
3145 4014 3343 4070 laxitas
3390 4020 3680 4090 consequi-

2107 4105 2239 4152 tur:
2282 4097 2359 4152 ita
2392 4112 2516 4152 cum
2553 4098 2677 4168 quis
2732 4113 2762 4151 a
2793 4098 2904 4155 Deo
2942 4101 3225 4167 defecerit,
3263 4104 3512 4174 sequitur
3559 4109 3680 4178 ejus

2105 4190 2301 4260 partis,
2349 4204 2470 4260 quae
2509 4190 2565 4244 in
2607 4190 2768 4246 nobis
2802 4192 3171 4261 principatum
3210 4196 3441 4264 obtinet,
3492 4214 3678 4267 casus,

2105 4282 2266 4352 cujus
2284 4281 2452 4336 veluti
2473 4289 2787 4353 tegumenta
2816 4290 2867 4337 et
2898 4282 3221 4340 indumenta
3251 4297 3381 4343 sunt
3402 4306 3677 4351 mammae.

2107 4371 2243 4426 Tum
2277 4371 2408 4442 quia
2446 4387 2542 4442 per
2571 4372 2988 4429 similitudinem
3025 4376 3284 4433 mulieres
3318 4380 3468 4449 ipsas
3500 4386 3678 4445 nomi-

2103 4460 2277 4526 navit,
2328 4461 2620 4515 mulierum
2667 4478 2885 4533 quoque
2915 4466 3281 4535 quarumdam
3334 4469 3391 4524 in
3437 4471 3678 4546 Egypto

2107 4551 2179 4606 ob
2205 4551 2686 4621 intemperantiam
2734 4555 3037 4628 insignium
3083 4559 3218 4630 ipsis
3247 4563 3473 4617 nomina
3503 4566 3680 4637 impo—

2108 4643 2209 4706 nit,
2233 4642 2419 4713 aitque
2452 4662 2465 4698 :

2176 4733 2345 4790 Vens.
2395 4735 2451 4791 ό.
2502 4735 2571 4790 Et
2605 4739 2820 4793 nomina
2848 4754 3031 4794 earum
3074 4738 3232 4799 Oolla
3269 4746 3462 4814 senior,
3491 4758 3539 4803 et
3571 4746 3681 4805 Oo-

2100 4826 2209 4880 Iiba
2230 4827 2418 4896 junior
2445 4845 2598 4882 soror
2642 4830 2777 4899 ejus.
2825 4830 2960 4887 Cum
3004 4837 3288 4904 superiora
3334 4841 3679 4911 aanigmatice

2100 4919 2352 4986 dixisset,
2406 4920 2472 4975 ad
2519 4920 2572 4975 id
2615 4922 2950 4993 862-(ιυοι1
3003 4929 3242 4995 apertius
3282 4940 3363 4985 εει
3398 4936 3681 4991 transtulit

2098 5012 2431 5077 orationem,
2465 5020 2521 5067 et
2568 5016 2915 5071 meretricum
2956 5017 3174 5073 illarum
3208 5024 3500 5080 mulierum
3533 5044 3686 5083 men-

2099 5105 2304 5158 tioncm
2337 5105 2484 5170 fecit,
2509 5107 2920 5163 accusationem
2946 5111 3314 5180 ampliﬁcans,
3340 5115 3469 5172 dum
3502 5121 3675 5193 cupit,

2101 5193 2400 5264 impietatis
2439 5210 2661 5251 sensum
2690 5197 2825 5268 ipsis
2864 5214 2961 5268 per
2999 5206 3309 5276 exemplum
3337 5208 3672 5280 ingenerari.

2102 5286 2305 5343 Deinde
2333 5288 2657 5344 beneﬁcium
2700 5304 2732 5345 a
2771 5307 2831 5348 se
2869 5292 2928 5349 in
2960 5308 3060 5353 eos
3088 5296 3398 5366 proiectum
3428 5317 3674 5359 comme-

2184 5386 2213 5411 /

1697 5464 1932 5522 VARIIE
1964 5465 2363 5524 LECTIONES.

480 5607 625 5664 "Ex
656 5608 699 5661 B
728 5609 910 5682 suppl.
981 5606 1029 5682 τέ
1062 5606 1133 5659 οἱ.
1162 5604 1224 5682 In
1266 5600 1709 5682 Bponitupa‘nte
1739 5599 1853 5655 τοῦ.
1933 5600 1976 5631 ⁷⁷
2016 5599 2225 5663 Ὀόλλα.
2267 5610 2322 5657 et
2361 5600 2557 5657 deinde
2599 5601 2828 5657 Ὀολίϐα.
2904 5605 2976 5661 Ita
3019 5623 3254 5679 semper.
3329 5607 3373 5640 "
3400 5624 3555 5664 νεωτ.
3604 5607 3666 5682 ἡ.

422 5681 613 5735 Exstat
648 5669 861 5733 tantum
900 5678 955 5731 in
980 5674 1196 5744 Compl.
1227 5684 1280 5727 et
1303 5673 1420 5726 des.
1449 5673 1500 5725 in
1529 5669 1692 5727 Hebr.

682 5770 958 5830 PATROL.
993 5768 1108 5829 Gn.
1142 5764 1405 5827 LXXXI.

3346 5764 3419 5826 33
