4116 6434
441 294 584 362 1635

1371 289 1860 353 THEODORETI
1892 285 2232 353 EPISCOPI
2271 286 2636 355 CYRENSIS

3567 288 3714 354 103B

437 416 636 465 morat.
673 427 691 461 ι
728 406 794 463 Et
830 406 1054 463 fuerunt
1101 406 1258 472 mihi,
1288 414 1343 462 et
1387 414 1724 478 pepererunt
1776 405 1918 460 ﬁlios
1958 411 2014 460 et

2124 404 2294 477 μένην
2334 406 2656 478 εὐεργεσίαν
2697 403 2939 474 διέξεισι.
2987 425 3007 458 ι
3047 405 3160 461 Καὶ
3192 405 3445 476 ἒγενοντό
3472 423 3587 478 μοι,
3617 399 3715 463 καὶ

441 500 602 566 ﬁlias,
631 507 688 556 et
720 499 942 555 nomina
985 512 1199 564 earum,
1233 498 1483 553 Samaria
1512 496 1691 563 Oolla,
1726 504 1782 554 et
1825 496 2019 552 Hicro-

440 593 650 663 solyma
697 589 911 646 Ooliba.
950 608 969 642 ι
1008 586 1481 644 Consuetudinem
1533 594 1718 643 autem
1754 593 1808 642 et
1841 587 2021 642 socie-

438 690 606 739 tatem
656 690 817 737 vocat
866 695 1055 736 eorum
1109 696 1208 751 per
1267 681 1442 752 legem
1492 694 1874 736 consensum:
1929 680 2021 734 ille

440 777 585 833 enim
622 776 771 846 leges
803 773 1035 839 ferebat,
1060 772 1166 843 ipsi
1195 787 1255 828 se
1281 772 1430 844 leges
1458 772 1602 827 latas
1627 772 2020 827 observaturos

438 884 561 925 esse
594 865 1018 940 pollicebantur.
1070 863 1210 919 illud
1255 878 1408 933 vero,
1449 883 1471 917 ς
1520 872 1856 936 pepererunt
1886 863 2019 919 milii

441 959 582 1014 ﬁlios
601 967 654 1014 et
674 958 836 1025 ﬁlias,
864 976 882 1009 ι
912 957 1178 1023 declarat,
1198 971 1298 1012 eos
1315 958 1380 1012 ad
1396 957 1670 1028 quoddam
1690 966 1906 1029 tempus
1919 957 2022 1014 sub

441 1054 558 1123 lege
575 1050 841 1124 degentes
864 1051 1070 1121 pietate
1086 1050 1228 1106 ﬁlios
1250 1050 1537 1106 imbuisse.
1557 1049 1836 1106 Hactenus
1855 1050 2024 1121 igitur

439 1142 808 1198 communiter
860 1150 1125 1213 utrosque
1181 1142 1507 1199 accusavit:
1577 1141 1838 1212 deinceps
1887 1156 2022 1198 vero

442 1234 582 1289 facta
618 1234 859 1288 tribuum
897 1233 1189 1299 divisione,
1237 1231 1541 1288 Samariam
1584 1232 1738 1303 prius
1773 1242 2021 1298 accusat,

439 1340 602 1397 quam
625 1323 836 1380 Oollam
865 1325 1169 1381 nominavit
1195 1343 1209 1380 :
1237 1326 1439 1381 etenim
1465 1325 1617 1395 prior
1644 1325 1698 1379 in
1725 1325 2023 1380 vitulorum

437 1419 772 1490 impietatem
803 1418 1041 1489 collapsa
1074 1426 1176 1486 est,
1213 1417 1270 1473 in
1315 1417 1453 1474 duas
1497 1424 1688 1490 partes
1718 1433 1892 1490 regno
1934 1418 2019 1475 di-

441 1526 586 1567 νιεο.

510 1773 676 1831 Vens.
715 1775 769 1830 5.
813 1774 879 1829 Et
910 1774 1173 1845 fornicata
1205 1786 1306 1840 est,
1339 1776 1539 1845 inquit,
1568 1776 1725 1833 Oolla
1770 1794 1801 1831 a
1832 1794 1932 1845 me,
1966 1789 2016 1833 et
2054 1754 2098 1814 Β

440 1864 693 1934 adjuncta
722 1875 800 1920 est
850 1864 919 1918 ad
965 1876 1227 1920 amatores
1260 1882 1404 1921 suos.
1456 1865 1739 1937 Tanquam
1789 1867 1856 1922 de
1891 1883 2014 1923 mtt-

446 1960 583 2016 liere
616 1958 849 2029 loquens
880 1966 1187 2013 amatorum
1214 1959 1400 2029 posuit
1425 1975 1628 2016 nomen
1662 1977 1678 2028 ;
1711 1960 1895 2015 innuit
1920 1975 2018 2016 au-

438 2059 546 2107 tem
581 2050 966 2122 signiﬁcatque
1005 2048 1306 2119 daemonas,
1359 2062 1500 2122 quos
1534 2052 1714 2108 colere
1758 2067 2016 2125 perseve-

438 2144 618 2200 ravit:
653 2152 768 2198 tum
804 2145 968 2198 etiam
1008 2143 1302 2215 impietatis
1335 2156 1540 2217 genera
1579 2146 1767 2202 docet.

510 2318 578 2372 Et
623 2319 894 2389 Assyrios,
942 2319 1142 2391 inquit,
1186 2320 1666 2391 appropinquantes
1723 2324 1788 2377 ei.
1822 2321 2013 2394 (Vens.

437 2416 505 2479 ti,
553 2411 632 2481 7.)
696 2411 921 2468 Vestitos
964 2412 1321 2484 hyacinthinis
1381 2415 1665 2483 principes,
1730 2424 1779 2470 et
1835 2415 2016 2482 duces,

429 2507 647 2575 juvenes
667 2505 859 2560 electos
899 2521 1100 2571 omnes,
1141 2507 1336 2576 equites
1379 2515 1545 2561 rectos
1579 2508 1744 2578 equis.
1782 2507 1850 2562 Et
1874 2509 2019 2563 dedit

438 2596 843 2663 fornicatione»:
896 2600 1048 2650 suam
1092 2612 1250 2666 super
1274 2613 1384 2663 eos,
1433 2613 1589 2669 super
1630 2598 1822 2655 electos
1876 2599 2019 2670 ﬁlios

436 2688 778 2759 Assyriorum
811 2700 1011 2753 omnes,
1048 2688 1118 2743 ad
1159 2706 1288 2761 quos
1321 2692 1561 2759 apposita
1595 2700 1695 2755 est,
1743 2693 1797 2747 in
1845 2694 2020 2748 omni-

437 2783 533 2836 bus
561 2780 836 2835 desideriis
873 2782 986 2836 suis
1018 2781 1376 2851 polluebatur.
1429 2783 1593 2855 863
1642 2785 1746 2839 Per
1787 2786 2019 2857 aenigma

442 2892 462 2925 ι
489 2873 724 2943 juvenes
772 2872 981 2928 electos
1032 2873 1255 2929 indutos
1311 2875 1685 2946 hyacinthinis
1738 2894 1757 2929 ο
1816 2878 2020 2934 ‘idola

440 2972 620 3030 vocat,
668 2964 742 3017 ita
789 2965 860 3018 ab
904 2962 1041 3034 ipsis
1074 2965 1222 3035 picta
1253 2974 1307 3020 et
1340 2965 1588 3036 ﬁgurata.
1631 2964 1843 3022 Etenim
1890 2983 2022 3024 con-

2120 496 2306 551 ἐτεκον
2340 499 2491 562 υἱοὺς
2536 498 2629 552 καὶ
2660 497 2989 570 θυγατέρας,
3012 498 3109 553 καὶ⁵
3138 499 3208 553 τὰ
3239 498 3485 569 ὀνόματα
3529 500 3712 554 αὐτῶν

2120 587 2407 658 Σαμάρεια
2441 590 2472 659 ἡ
2521 588 2746 657 Ὀολλά,
2777 590 2874 643 καὶ
2927 589 3286 661 Ἰερουσαλὴμ
3325 591 3359 662 ἡ
3416 590 3653 647 Ὀολιδά.
3685 609 3706 645 ι
3782 586 3785 589 ’

2119 678 2428 748 Συνάφειαν
2458 679 2515 732 δὲ
2548 680 2642 733 καὶ
2680 680 2968 736 κοινωνίαν
2994 680 3153 734 καλεῖ
3185 680 3283 752 τὴν
3298 680 3387 735 διὰ
3413 680 3511 735 τοῦ
3542 682 3709 753 νόμου

2121 771 2498 842 γεγενημένην
2550 773 2738 836 αὐτοῖς
2792 772 3119 844 συμφωνίαν
3140 789 3152 800 ·
3181 775 3209 826 ὁ
3237 772 3338 844 μὲν
3365 774 3475 845 γάρ
3522 775 3710 845 ἐνομο-

2121 861 2288 927 θέτει,
2321 865 2369 917 oi
2415 862 2473 917 δὲ
2522 864 2838 936 ὡμολόγουν
2875 865 2976 937 τὴν
3005 865 3333 937 νομοθεσίαν
3373 866 3665 936 φυλάττειν
3690 883 3706 898 ·

2120 952 2182 1006 τὺ
2207 951 2285 1018 δὲ,
2325 970 2344 1005 ι
2392 952 2577 1009 έτεκὸν
2619 972 2710 1027 μοι
2758 955 2908 1019 υἱοὺς
2943 956 3040 1009 καὶ
3088 955 3432 1028 θυγατέρας,
3473 976 3490 1010 ι
3537 956 3706 1027 δηλοῖ,

2121 1045 2202 1098 ὅτι
2226 1045 2332 1099 ὑπὸ
2355 1045 2434 1117 τῷ
2467 1047 2618 1119 νόμῳ
2651 1047 2935 1112 τελοῦντες
2962 1049 3082 1119 μετ’
3108 1048 3397 1113 εὐσεϐείας
3424 1049 3561 1113 τέως
3585 1052 3711 1114 τοὺς

2124 1141 2320 1204 παῖδας
2373 1141 2693 1213 ἀνέτρεφον.
2743 1140 2923 1212 Μέχρι
2980 1140 3081 1212 μὲν
3128 1134 3223 1194 οὗν
3274 1140 3481 1194 τούτων
3524 1141 3711 1203 κοινὴν

2125 1232 2455 1305 ἀμφοτέρων
2511 1236 2749 1287 ἐποιεῖτο
2791 1231 3168 1304 κατηγορίαν⁴
3201 1230 3454 1286 ἐντεῦθεν
3493 1232 3552 1286 δὲ
3596 1232 3710 1286 λοιο

2124 1325 2248 1392 πὸν,
2289 1325 2393 1396 τῆς
2427 1323 2537 1378 τῶν
2573 1323 2756 1395 φυλῶν
2785 1322 3107 1394 διαιρέσεως
3134 1323 3456 1395 γενομένης,
3487 1321 3714 1395 πρώτην

2126 1414 2360 1471 ποιεῖται
2419 1415 2521 1486 τῆς
2578 1414 2894 1487 Σαμαρείας
2949 1412 3308 1486 κατηγορίαν,
3358 1415 3424 1484 ἢν
3487 1413 3713 1468 Ὀολλάν

2124 1508 2376 1580 ὠνόμασε
2399 1524 2413 1539 ·
2458 1507 2554 1562 καὶ
2600 1508 2710 1580 γὰρ
2760 1505 3006 1580 προτέρα
3049 1506 3127 1569 είς
3156 1506 3254 1576 τὴν
3283 1505 3393 1561 τῶν
3425 1506 3712 1577 δαμάλεων

2125 1601 2414 1670 ἐξώκειλεν
2465 1600 2744 1669 ἀσέϐειαν,
2785 1598 2915 1674 διχῆ
2942 1599 3042 1672 τῆς
3088 1598 3369 1671 βασιλείας
3422 1597 3714 1670 διαιρεθεί-

2129 1711 2250 1767 σης-

2194 1790 2256 1839 ε’.
2285 1785 2394 1841 Καὶ
2426 1784 2852 1853 ἐξεπόρνευσε,
2878 1780 3066 1854 φησιν,
3088 1778 3127 1849 ’ἡ
3161 1781 3377 1836 Ὀολλὰ
3409 1781 3512 1836 ἀπ’
3540 1779 3710 1851 ἐμοῦ,

2119 1875 2218 1930 καὶ
2260 1876 2504 1931 ἐπέθετο
2565 1875 2662 1930 ἐπὶ
2718 1875 2864 1941 τοὺς
2918 1873 3180 1944 ἐραστὰς
3227 1872 3441 1941 αὐτῆς.
3485 1871 3576 1938 Ὠς
3617 1874 3714 1926 ἐπὶ

2119 1968 2380 2037 γυναικὸς
2425 1967 2483 2021 δὲ
2527 1965 2590 2021 τδ
2639 1964 2748 2020 τῶν
2804 1965 3056 2038 ἐραστῶν
3099 1965 3272 2036 ὄνομα
3319 1964 3600 2019 τέθεικεν·
3635 1964 3715 2018 αἰ-

2120 2060 2357 2115 νίττεται
2408 2054 2465 2114 δὲ
2526 2061 2621 2114 καὶ
2654 2058 2958 2131 παραδηλοί
3009 2059 3137 2122 τοὺς
3171 2056 3453 2129 δαίμονας,
3485 2052 3565 2122 οἷς
3610 2057 3712 2112 λα·-

2121 2151 2394 2223 τρεύουσα
2418 2152 2738 2208 διετέλεσεν.
2765 2147 2899 2206 Εἶτα
2932 2151 3027 2206 καὶ
3048 2154 3117 2206 τά
3150 2151 3264 2223 εἴδη
3301 2152 3403 2222 τῆς
3451 2149 3710 2213 ἀσεϐείας

2121 2245 2388 2301 διδάσκει.

2194 2336 2303 2390 Καὶ
2343 2337 2387 2369 ⁷³
2416 2338 2558 2404 τοὺς
2592 2336 2962 2405 Ἀσσυρίους,
2991 2336 3148 2407 φησὶ,
3197 2334 3332 2402 τοὺς
3374 2333 3715 2406 ἐγγίζοντα(-

2119 2425 2294 2498 αὺτῇ.
2334 2428 2434 2499 (ς’,
2487 2428 2575 2500 ζ’.)
2623 2426 3053 2492 Ἕνδεδυκότας
3099 2428 3423 2482 ὐιικίνθινα
3460 2423 3715 2495 ’ἡγουμέ-

2119 2538 2289 2588 νους,
2318 2520 2417 2575 καὶ
2450 2520 2846 2591 στρατηγοὺς,
2888 2519 3257 2585 νεανίσκους
3283 2518 3329 2550 ⁸ο
3353 2515 3715 2581 ἐπιλέκτους

2121 2615 2374 2681 πάντας,
2400 2611 2839 2683 ίππαζυμένους
2867 2612 2959 2682 ἐφ’
2987 2612 3208 2666 ἵππων.
3258 2610 3368 2666 Καὶ
3388 2609 3572 2664 ἔδωκε
3600 2606 3715 2674 τὴν

2121 2709 2408 2778 πορνείαν
2439 2706 2631 2777 αὐτῆς
2664 2692 3019 2771 ἐπάὐτοὺς,
3044 2703 3146 2758 ἐπὶ
3178 2703 3320 2770 τοὺς
3351 2700 3716 2766 ἐπιλέκτους

2120 2799 2289 2867 υἱοὺς
2331 2800 2667 2868 Ἀσσυρίων
2705 2798 2938 2865 πάντας
2967 2797 3060 2867 ἐφ’
3091 2795 3200 2862 οὓς
3256 2793 3501 2849 ἐπέθετο
3523 2793 3566 2824 ⁸¹
3592 2832 3608 2860 ,
3642 2791 3714 2844 ἐν

2122 2896 2276 2952 πᾶσι
2309 2896 2433 2962 τοῖς
2471 2893 2890 2964 ἐνθυμήμασιν
2918 2892 3112 2962 αὐτῆς
3134 2893 3179 2925 ³²
3203 2892 3523 2963 ἐμιαίνετο.
3549 2889 3714 2959 Λέγει

2127 2986 2226 3057 μὲν
2244 2983 2667 3056 αἰνιγματωδῶς
2698 3004 2716 3035 ι
2743 2984 3063 3048 νεανίσκους
3091 2983 3413 3046 ἐπιλέκτους
3435 2980 3713 3035 ἐνδεδυκό-

439 3062 733 3112 sueverant
761 3070 952 3112 omnes
996 3058 1306 3126 antiquitus
1343 3058 1608 3126 impietati
1631 3058 1821 3125 dediti,
1852 3061 2022 3116 vesti-

2124 3096 2223 3143 τας
2246 3077 2555 3142 ὑακίνθινα,
2588 3096 2606 3128 ι
2644 3075 2713 3130 τὰ
2747 3075 2923 3139 οὕτως
2962 3076 3055 3130 ὑπ’
3084 3076 3268 3130 αὐτῶν
3294 3074 3624 3145 γραφόμενά
3650 3090 3713 3126 τε

438 3159 531 3206 tus
569 3153 622 3204 in
657 3165 757 3203 sua
792 3148 1077 3217 republica
1128 3149 1363 3204 usitatos
1407 3149 1513 3204 diis
1544 3151 1662 3205 Suis
1712 3151 2017 3222 imponere.

441 3240 723 3312 Siquidem
752 3239 926 3295 Graeci
965 3250 1019 3295 et
1054 3238 1285 3295 Romani
1314 3238 1537 3296 Martem
1558 3241 1860 3297 secundum
1893 3260 2015 3314 pro-

440 3337 615 3407 priam
642 3334 728 3390 sui
772 3332 1005 3388 vestitus
1055 3341 1271 3387 armant
1315 3332 1566 3404 ﬁguram,
1609 3331 1793 3391 Persae
1831 3346 2016 3392 autem

441 3427 743 3485 secundum
775 3440 954 3490 suam,
989 3434 1043 3480 et
1068 3425 1230 3480 aliter
1263 3424 1403 3491 Indi,
1436 3426 1594 3482 aliter
1617 3423 1932 3500 Ethiopes,
1969 3440 2023 3484 et

442 3524 696 3580 similiter
719 3536 1063 3592 unaquaeque
1095 3536 1309 3587 earum,
1344 3536 1465 3593 qua:
1504 3521 1885 3590 nominantur,
1922 3538 2022 3579 na-

2120 3170 2217 3227 καὶ
2270 3168 2726 3241 σχηματιζόμενα
2782 3167 2980 3222 εἴδωλα
3024 3185 3039 3200 °
3090 3166 3188 3222 καὶ
3256 3168 3368 3239 γὰρ
3425 3165 3715 3220 εἱώθεισαν

2121 3262 2367 3324 ἅπαντες
2396 3261 2445 3313 οἱ
2495 3260 2665 3314 πάλαι
2703 3259 3030 3323 ἀσεϐοῦντες
3061 3257 3131 3312 τὰ
3163 3257 3555 3325 πολιτευόμενα
3579 3255 3715 3326 παρ’

2119 3354 2304 3416 αὐτοῖς
2372 3351 2632 3423 σχήματα
2682 3353 2797 3415 τοῖς
2870 3350 3083 3404 ἑαυτῶν
3149 3348 3490 3420 περιτιθέναι
3547 3347 3711 3410 θεοῖς.

2122 3443 2389 3514 Ἕλληνες
2424 3443 2524 3515 μὲν
2554 3443 2685 3515 γὰρ,
2720 3443 2815 3496 καὶ
2850 3444 3138 3513 Ῥωμαῖοι,
3167 3440 3259 3495 τὸν
3290 3440 3473 3511 ’Ἄρηα
3493 3439 3539 3471 ⁸³
3571 3438 3715 3493 κατά

2125 3536 2188 3589 τὸ
2264 3536 2396 3589 tam
2447 3535 2629 3590 αὐτῶν
2674 3535 2775 3605 τῆς
2822 3516 3030 3605 σκευῆς
3077 3532 3426 3598 ὲξοπλίζουσι
3476 3532 3663 3601 σχῆμα
3697 3545 3712 3560 ’

441 3618 541 3673 tio.
593 3616 844 3671 Attamen
873 3613 1224 3685 docet,ipsos
1258 3614 1469 3685 priores
1500 3614 1607 3670 sibi
1636 3616 1843 3670 auxilio
1862 3618 2023 3688 Assy-

2128 3622 2338 3695 Πέρσαι
2367 3622 2424 3676 δὲ
2472 3622 2616 3677 κατά
2642 3622 2703 3675 τὸ
2733 3622 2995 3693 σφέτερον
3021 3639 3034 3653 ’
3076 3622 3172 3675 καὶ
3211 3622 3389 3685 ἄλλως
3430 3620 3581 3675 Ἰνδοὶ
3616 3621 3718 3675 ’καὶ

440 3709 557 3764 rios
586 3706 970 3771 accersivisse,
999 3706 1246 3776 neglecta
1283 3706 1377 3761 Dei
1417 3705 1703 3762 societate.
1738 3706 2022 3763 Accersito

2130 3714 2335 3785 ἑτέρως
2357 3712 2638 3777 Αἰθίοπες,
2683 3712 2948 3778 ὡσαύτως
2974 3714 3031 3768 δὲ
3079 3712 3175 3768 καὶ
3201 3713 3435 3768 ἕκαστον
3461 3712 3570 3766 τῶν
3599 3712 3718 3766 ὀνο-

443 3798 589 3853 cnim
624 3796 763 3851 Pliul
802 3796 943 3867 (erat
972 3794 1061 3850 hic
1091 3811 1184 3850 rex
1215 3793 1615 3868 Assyriorum),
1649 3795 1715 3850 ad
1752 3796 2018 3850 auxilium

2132 3804 2457 3876 μαζομένων
2492 3803 2686 3859 ἐθνῶν.
2711 3804 2981 3858 -Διδάσκει
3013 3806 3068 3858 δὲ
3100 3806 3282 3875 ὅμως,
3311 3805 3409 3857 καὶ
3446 3805 3529 3858 ὅτι
3562 3803 3716 3858 αὐτοὶ

442 3898 635 3948 contra
692 3888 882 3962 Syros,
923 3888 1195 3942 tributum
1245 3894 1299 3942 et
1339 3884 1573 3958 vectigal
1624 3886 1729 3958 ipsi
1779 3888 2019 3958 pendere

2126 3894 2383 3969 πρότεροι
2432 3896 2558 3957 τοὺς
2599 3895 2921 3967 Ἀσσυρίους
2973 3896 3243 3950 ἐκάλεσαν
3303 3895 3385 3959 εἰς
3442 3894 3714 3966 βοήθειαν,

442 3981 668 4055 polliciti
724 3987 873 4037 sunt.
917 3980 1192 4051 Deinceps
1238 3977 1632 4035 commercium
1681 3980 2018 4049 impietatem

2129 3987 2226 4058 τῆς
2248 3986 2342 4040 τοῦ
2379 3986 2514 4041 Θεοῦ
2539 3987 2860 4058 συμμαχίας
2897 3988 3419 4059 καταφρονήσαντες
3442 4002 3457 4015 °
3491 3985 3582 4041 τὸν
3607 3984 3717 4054 γὰρ

441 4075 763 4132 introduxit.
797 4074 936 4130 Tum
978 4067 1209 4144 subiicit
1241 4089 1260 4128 :

2131 4081 2272 4135 Φοὺλ
2293 4082 2362 4147 ⁸⁵,
2393 4082 2648 4153 βασιλεὺς
2683 4081 2741 4136 δὲ
2794 4076 2949 4145 οὗτος
2992 4077 3062 4153 ἦν
3103 4081 3444 4152 Ἀσσυρίων,
3477 4080 3557 4144 εἰς
3595 4079 3716 4131 ὲπι-

440 4170 669 4242 κουρίαν
700 4168 841 4223 κατά
872 4165 981 4222 τῶν
1014 4165 1203 4239 Σύρων
1254 4163 1740 4237 παρακαλέσαντες
1764 4207 1779 4232 ,
1842 4166 2050 4240 δασμὸν
2085 4171 2234 4245 αὐτῷ
2275 4174 2369 4227 καὶ
2445 4172 2611 4247 φόρον
2659 4172 2846 4246 φέρειν
2899 4173 3203 4246 ὑπέσχοντο
3235 4189 3250 4204 ο
3302 4170 3550 4227 ἐντεῦθεν
3612 4169 3718 4227 λοι-

443 4269 544 4325 πὸν
588 4268 623 4339 ἡ
671 4261 922 4337 ἐπιμιξία
964 4262 1232 4334 εἰσήγαγε
1281 4257 1381 4332 τὴν
1426 4259 1705 4315 ἀσέόειαν.
1749 4258 1884 4314 Εἶτα
1927 4261 2164 4334 ἐπάγει·
2297 4256 2306 4265 ’

512 4354 681 4413 Vens.
720 4355 773 4409 8.
820 4351 883 4407 Et
916 4351 1321 4422 fornicationem
1358 4366 1511 4404 suam
1538 4365 1603 4404 ea:
1641 4347 1875 4421 ngypto
1915 4370 2021 4407 non

2192 4354 2263 4425 η’.
2305 4356 2413 4411 Καὶ
2441 4355 2556 4426 τὴν
2583 4357 2875 4426 πορνείαν
2912 4355 3107 4425 αὐτῆς
3142 4355 3260 4426 τὴν
3301 4355 3371 4421 ἐξ
3412 4356 3717 4426 Αἰγύπτου

441 4444 738 4519 dereliquit,
774 4445 900 4516 quia
933 4460 1051 4498 cum
1100 4458 1163 4497 ea
1206 4440 1538 4496 dormiebant
1575 4441 1633 4495 in
1668 4441 2026 4498 adolescentia

440 4540 575 4610 ejus,
612 4546 660 4593 et
682 4534 792 4606 ipsi
820 4534 1276 4604 devirginaverunt
1311 4547 1451 4599 eam,
1487 4542 1536 4587 et
1574 4532 1874 4602 e/I'uderunt
1911 4535 2026 4605 for-

444 4632 757 4686 nicationem
786 4644 938 4682 suam
976 4640 1130 4695 super
1168 4640 1306 4679 eam.
1343 4624 1632 4695 Copulata,
1665 4624 1866 4697 inquit,
1895 4641 2019 4682 cum

445 4722 709 4795 Assyriis,
737 4732 1041 4789 eorumque
1068 4715 1465 4788 superstitione
1495 4714 1738 4786 perfusa,
1774 4734 1842 4774 ne
1858 4718 2029 4791 [Egy-

448 4818 653 4890 ptiacas
685 4814 905 4887 quidem
940 4811 1271 4883 disciplinas
1307 4809 1564 4889 neglexit,
1614 4811 1725 4867 imo
1752 4811 1876 4868 illas
1911 4822 2030 4867 stu-

444 4907 757 4965 diosissime
789 4904 1124 4973 observavit.
1181 4904 1258 4958 Ita
1310 4902 1556 4959 narratis
1596 4903 1897 4975 impietatis
1930 4921 2027 4977 ge-

448 5000 690 5067 neribus,
718 4984 1031 5071 aequitatem
1064 4997 1229 5053 etiam
1261 4994 1512 5069 supplicii
1548 4997 1810 5054 ostendit.

519 5254 681 5311 Vnus.
723 5255 777 5311 9.
820 5252 1108 5321 Propterea
1142 5250 1343 5307 tradidi
1372 5268 1490 5307 eam
1536 5254 1591 5308 in
1636 5270 1826 5307 manus
1869 5270 2024 5308 ama-

450 5362 620 5407 torum
648 5366 884 5416 suorum,
910 5346 964 5402 in
1000 5361 1189 5400 manus
1228 5347 1464 5415 ﬁliorum
1494 5349 1868 5417 Assyriorum,
1905 5332 2033 5402 cum;

2132 4453 2244 4502 οὐκ
2280 4448 2691 4517 ἐγκατέλιπεν,
2740 4447 2831 4502 ὅτι
2872 4448 3000 4518 μετ’
3045 4448 3240 4517 αὐτῆς
3283 4447 3609 4518 ἐκοιμῶντο
3650 4448 3719 4502 ἐν

2131 4538 2368 4607 νεότητι
2398 4540 2610 4610 αὐτῆς,
2635 4539 2734 4595 καὶ
2759 4540 2928 4596 αὐτοὶ
2955 4539 3472 4610 διεπαρθένευσαν
3501 4540 3715 4608 αὐτὴν,

2134 4632 2235 4686 καί
2261 4631 2512 4702 ἐξέχεαν
2536 4633 2650 4702 τὴν
2674 4634 2964 4703 πορνείαν
2991 4630 3192 4688 αὐτῶν
3214 4633 3308 4686 ἐπ’
3338 4635 3552 4699 αὐτήν.
3585 4634 3715 4685 Συν-

2135 4722 2387 4792 αφθεῖσα,
2419 4724 2573 4795 φησὶ,
2606 4727 2719 4790 τοῖς
2760 4725 3088 4797 Ἀσσυρίοις,
3116 4725 3211 4779 καὶ
3237 4723 3337 4797 τὴν
3369 4725 3577 4779 τούτων
3607 4726 3717 4779 δει-

2136 4813 2475 4887 σιδαιμονίαν
2526 4816 2914 4888 ὲκμαξαμένη,
2971 4817 3093 4871 οὐδὲ
3160 4817 3269 4871 τῶν
3325 4815 3718 4887 Αἰγυπτιακῶν

2133 4903 2377 4975 ἠμέλησε
2431 4905 2793 4977 μαθημάτων,
2841 4906 2978 4961 άλλά
3025 4908 3255 4961 κάκεῖνα
3284 4906 3407 4961 λίαν
3439 4906 3720 4979 ἐπιμελῶς

2135 4995 2479 5067 φυλάττουσα
2538 4996 2861 5055 διετέλεσεν.
2938 4996 3097 5052 Οὕτω
3154 4998 3559 5068 διηγησάμενος
3620 4998 3720 5069 τῆς

2132 5084 2387 5149 ἀσεϐείας
2417 5084 2487 5141 τὰ
2511 5086 2648 5157 εἴδη,
2686 5088 2782 5141 καὶ
2808 5090 2906 5160 τῆς
2932 5086 3202 5158 τιμωρίας
3233 5087 3294 5141 τὸ
3331 5087 3541 5143 δίκαιον
3583 5088 3718 5142 ὐπο-

2133 5177 2399 5235 δείκνυσι.

2207 5264 2273 5319 θ’.
2315 5267 2419 5322 Διὰ
2446 5269 2623 5323 τοῦτο
2658 5266 2973 5339 παρέδωκα
3010 5266 3208 5337 αὐτὴν
3234 5269 3323 5335 είς
3353 5267 3557 5339 χεῖρας
3585 5268 3722 5336 ἐρα-

2134 5356 2299 5411 στῶν
2321 5358 2531 5428 αὺτῆς,
2558 5361 2645 5427 εἰς
2666 5359 2870 5430 χεῖρας
2890 5356 3038 5414 υἱῶν
3069 5360 3407 5430 Ἀσσυρίων
3430 5361 3522 5431 ἐφ’
3549 5361 3656 5428 οὓς
3671 5362 3724 5393 ⁸⁸

1718 5458 1957 5515 VAltLE
1997 5462 2406 5527 LECTIONES.

517 5600 563 5633 "
588 5597 930 5682 Καί-ἐιῗίχν
960 5597 1073 5682 έπίτ
1128 5597 1197 5682 .°°,
1237 5597 1385 5682 Υέοξν·
1412 5593 1809 5682 7,‘FFE;1_'E“
1835 5596 1924 5649 θδ·
1955 5596 2172 5682 GMP!-
2218 5606 2516 5682 cuiﬁialn
2551 5610 2887 5682 respondent
2930 5612 3201 5670 lectiones
3229 5629 3376 5670 vers.
3422 5614 3475 5668 7-
3548 5614 3590 5646 "
3632 5613 3719 5681 ἐφ’

450 5666 2232 5763 ξξδςοξπ.“ζίερνίΔιςιυρᾷμὲᾞᾶὶιὲιία[ιππῐιὲιορὲἳξηιώξςηθξξιίίὴιη
2327 5676 2506 5734 "eve.
2536 5666 2661 5734 αὐτῖ
2706 5679 2871 5739 Hebr.
2903 5666 3491 5763 idolis-eorumf'tB
3525 5666 3700 5757 Ἀρέα

449 5740 499 5773 οι
527 5731 638 5794 Ed.
676 5740 828 5811 prior
861 5731 986 5795 hab'.
1020 5734 1241 5805 ’Υφούλ.
1277 5737 1323 5773 ⁸⁸
1352 5734 1465 5800 οὓς.
1501 5731 1599 5790 Ed.
1630 5731 1781 5805 prior
1816 5731 2077 5804 balneis.
