4116 6442
400 371 532 440 103ῗ

1491 425 1498 430 .
1539 365 1621 428 ΙΝ
1651 362 2094 428 EZECHIELIS
2117 367 2274 428 CAP.
2295 365 2520 429 XXIII.

3517 369 3654 436 1038

393 479 716 538 ἐπετίθετο.
757 475 978 548 Ἐπειδὴ
1004 475 1114 548 γὰρ
1137 474 1245 532 τῶν
1281 474 1382 546 μὲν
1408 475 1558 549 ἐμῶν
1583 478 1682 531 οὐκ
1722 477 1968 548 ἠνείχετο

2099 474 2256 530 uibus
2299 477 2580 546 conjuncta
2625 486 2725 532 est.
2761 477 2897 532 Cum
2945 477 3092 533 enim
3139 491 3291 534 meas
3343 477 3490 550 leges
3541 495 3650 534 non

394 575 576 646 νόμων
595 612 611 634 ,
643 570 768 640 ἐμοὶ⁸
797 569 854 623 δὲ
881 569 1218 641 ἀνακειμένη
1250 568 1455 639 ἐτέρων
1487 569 1724 642 ἠράσθη,
1752 569 1852 633 τῆς
1877 567 1978 638 μὲν

394 669 536 737 ὲμῆς
567 662 738 734 αὐτὴν
765 660 1060 733 ὲγὺμνωσα
1087 661 1361 733 προνοίας,
1393 662 1688 734 παρέδωκα
1711 662 1768 716 δὲ
1808 662 1978 733 αὐτὴν

393 755 646 818 ἐκείνοις,
676 752 772 817 οὓς
805 753 904 824 τῆς
931 753 1073 823 ὲμῆς
1099 752 1383 823 προείλετο
1421 753 1729 816 κοινωνίας.

469 852 518 901 ι’.
568 845 771 910 Αὐτοὶ,
831 845 1030 916 φησὶν,
1071 843 1480 913 ἀπεκάλυψαν
1517 844 1634 912 τὴν
1674 843 1981 912 αἰσχύνην

394 936 604 1006 αὐτῆς,
631 937 805 1002 υίοὺς
831 937 928 990 καί
960 935 1288 1005 θυγατέρας
1314 935 1512 990 αὐτῶν
1527 937 1572 968 ⁸⁸
1602 936 1844 999 ἔλαϐον,
1877 934 1976 988 καί

395 1029 591 1097 αὐτὴν
624 1028 694 1081 ἐν
725 1027 994 1096 ῥομφαίᾳ
1030 1027 1413 1091 ἀπέκτειναν,
1456 1026 1555 1080 καί
1588 1026 1828 1096 ἐγένετο
1871 1024 1980 1080 λά-

397 1125 562 1190 λημα
575 1120 620 1151 ⁸⁷
648 1122 736 1184 εις
760 1117 1073 1187 γυναῖκας,
1105 1117 1204 1172 καί
1222 1117 1565 1185 ἐκδικήσεις
1589 1118 1888 1185 ἐποίησαν
1911 1117 1981 1169 ἐν

399 1210 553 1278 αὐτῇ
585 1212 674 1276 είς
691 1211 797 1275 τὰς
821 1207 1151 1278 θυγατέρας
1187 1207 1257 1262 ⁸⁸.
1300 1206 1479 1272 Οὕτω,
1512 1208 1696 1278 φησὶν,
1723 1207 1815 1259 ὑπ’
1843 1206 1977 1276 ἐμοῦ

401 1301 690 1374 προεθεῖσα
715 1303 782 1372 τῇ
813 1299 980 1372 πείρᾳ
1012 1299 1320 1372 μεμάθηκε,
1353 1299 1438 1363 τίς
1466 1299 1567 1372 μὲν
1587 1301 1621 1370 ἡ
1647 1299 1756 1370 ἐμὴ
1789 1316 1981 1352 κοινω-

402 1394 508 1455 via,
538 1392 618 1456 τίς
643 1391 700 1444 δὲ
721 1393 754 1462 ἡ
775 1389 883 1443 τῶν
909 1390 1156 1462 ἐραστῶν
1181 1390 1352 1460 αὐτῆς
1377 1390 1635 1462 πονηρία.
1658 1391 1979 1462 Παραυτίκα

401 1485 508 1556 γάρ
551 1484 864 1556 ὑποχείριον
892 1483 1064 1553 αὐτὴν
1093 1483 1373 1548 λαϐόντες,
1423 1483 1642 1554 πρῶτον
1677 1483 1774 1554 μὲν
1806 1483 1979 1553 αὐτῆς

399 1577 464 1646 τῇ
492 1573 735 1644 τιμωρία
759 1574 858 1642 τὴν
887 1572 1146 1642 πορνείαν
1179 1572 1526 1643 ἐγύμνωσαν,
1557 1573 1746 1627 ἔπειτα
1777 1573 1834 1626 δὲ
1859 1572 1980 1626 λίαν

399 1664 566 1734 ὠμῶς
600 1663 692 1716 καὶ
739 1661 982 1732 ἀνηλεῶς
1023 1660 1371 1733 κατέσφαξαν
1395 1678 1410 1691 ·
1459 1662 1586 1726 τοὺς
1615 1661 1672 1715 δὲ
1699 1662 1846 1726 υἱοὺς
1881 1661 1978 1715 ab-

2080 568 2395 634 retinuerit,
2445 569 2541 624 sed
2593 570 2722 625 mihi
2781 568 3036 625 dedicata
3071 571 3209 627 alios
3255 572 3475 637 amarit,
3531 588 3649 628 mea

2079 658 2255 728 ipsam
2291 659 2636 730 providentia
2685 660 2934 727 destitui,
2986 661 3298 735 tradidique
3345 678 3465 720 eam
3507 664 3652 725 illis.

2079 765 2220 820 quos
2245 766 2378 806 mete
2404 753 2643 822 praetulit
2673 753 2962 808 societati»

2152 839 2319 897 Vens.
2375 841 2461 896 i0.
2514 841 2666 912 Ipsi,
2726 843 2942 912 inquit,
2985 843 3153 916 864
3187 845 3652 910 discooperuerun:

2082 933 2428 1002 ignominiam
2455 933 2593 1002 ejus,
2627 934 2768 1003 ﬁlios
2795 947 2844 990 et
2869 935 3013 1004 ﬁlias
3037 937 3269 1004 ipsorum
3300 937 3654 1000 abstulerunt,

2080 1033 2127 1077 et
2153 1024 2326 1093 ipsam
2354 1025 2533 1095 gladio
2564 1027 2910 1080 occiderunt:
2952 1035 3002 1082 et
3046 1028 3374 1083 sermonibus
3419 1030 3657 1098 exposita

2079 1126 2156 1171 est
2187 1118 2326 1171 inter
2365 1117 2632 1184 mulieres,
2667 1126 2719 1172 et
2765 1117 2993 1172 ultiones
3038 1119 3270 1188 fecerunt
3309 1122 3366 1174 in
3410 1138 3472 1174 ea
3523 1121 3659 1174 inter

2081 1209 2245 1279 ﬁlias.
2273 1208 2374 1275 Ita,
2405 1209 2608 1280 inquit,
2643 1224 2673 1262 a
2709 1224 2795 1264 me
2820 1211 3064 1280 projects
3089 1209 3280 1265 didicit
3300 1212 3655 1282 experientia,

2082 1313 2331 1370 quamam
2360 1314 2481 1355 mea
2505 1299 2576 1354 sit
2605 1301 2862 1361 societas,
2881 1309 2933 1355 et
2965 1315 3087 1371 quae
3105 1309 3410 1356 amatorum
3432 1317 3657 1358 suorum

2083 1391 2426 1462 improbitas.
2467 1387 2669 1446 Statim
2715 1392 2884 1456 enim,
2925 1406 2985 1449 ut
3019 1393 3192 1464 ipsam
3243 1393 3297 1448 in
3337 1393 3658 1449 servitutem

2083 1484 2445 1554 redegerunt,
2493 1485 2734 1555 primum
2785 1485 3074 1556 suppliciis
3117 1487 3266 1558 illius
3313 1485 3662 1542 denudarunt

2083 1574 2503 1632 fornicationem
2533 1593 2548 1632 :
2579 1575 2779 1632 deinde
2819 1577 3205 1634 crudelissime
3234 1585 3288 1634 et
3319 1577 3526 1648 absque
3551 1577 3658 1630 ulla

2085 1666 2466 1723 misericordia
2503 1682 2624 1722 eam
2668 1667 3087 1733 interfecerunt,
3118 1670 3371 1739 ﬁliosque
3402 1669 3577 1740 ipsius
3606 1679 3660 1723 et

399 1757 519 1826 τῆς,
546 1755 640 1808 καὶ
660 1754 756 1818 τάς
779 1753 1082 1822 θυγατέρας
1106 1747 1478 1824 δορυαλώτους
1501 1754 1807 1825 ἀπήγαγον,
1834 1756 1983 1807 πᾶσα

2099 1758 2228 1814 ﬁlias
2263 1760 2406 1814 bello
2434 1768 2624 1832 captos
2648 1761 2992 1818 abduxerunt
3017 1781 3032 1819 :
3065 1773 3120 1818 et
3150 1763 3331 1819 omnis
3361 1764 3558 1819 civitas
3597 1779 3659 1819 ea

399 1845 457 1898 δὲ
479 1843 630 1906 πόλις
653 1843 724 1895 τὰ
752 1843 874 1896 κατ’
896 1842 1066 1913 αὐτὴν
1096 1843 1334 1914 θρυλλετ.
1361 1844 1670 1910 Γυναῖκας
1689 1844 1797 1915 γὰρ
1819 1845 1982 1897 πάλιν

2099 1849 2385 1920 livulgavit
2423 1828 2548 1921 qua:
2599 1852 2678 1906 illi
2724 1853 3064 1910 acciderunt.
3099 1853 3351 1910 Mulieres
3381 1855 3528 1911 enim
3565 1871 3663 1925 per

399 1935 675 2008 τροπικῶς
703 1935 803 1997 τὰς
832 1935 1016 1998 πόλεις
1055 1935 1326 2006 ὠνόμασε.
1375 1937 1450 1989 Οὐ
1488 1938 1648 2007 μόνον
1689 1937 1746 1990 δὲ
1777 1939 1856 2000 είς
1882 1938 1982 1990 αὑο·

400 2030 501 2098 τὴν
529 2026 733 2094 ταύτην
761 2025 968 2090 ἔδειξαν
996 2025 1094 2098 τὴν
1125 2027 1414 2098 ὠμότητα*
1452 2028 1588 2083 ἀλλὰ
1619 2028 1714 2082 καὶ
1745 2029 1826 2093 είς
1854 2027 1985 2083 ταύ-

401 2137 494 2188 της
513 2119 557 2152 ”
593 2119 934 2190 Θυγατέρας’
974 2119 1122 2189 λέγει
1153 2119 1209 2173 δὲ
1238 2121 1336 2184 τάς
1369 2120 1642 2192 ὑπηκόους
1674 2121 1858 2185 πόλεις
1891 2121 1985 2176 καὶ

401 2212 612 2282 κώμας.
652 2211 837 2266 Ταῦτα
870 2212 926 2264 δὲ
957 2211 1256 2282 ὑπέμειναν
1285 2214 1339 2266 αί
1367 2211 1498 2266 δέκα
1525 2212 1724 2282 φυλαί·
1770 2212 1986 2285 πρῶτον

405 2305 502 2374 μὲν
534 2303 639 2356 ὑπὸ
667 2302 1138 2376 Θεγλαθιραλάσαρ
1164 2321 1178 2335 ·
1215 2303 1408 2363 ἔπειτα
1435 2304 1492 2357 δὲ
1519 2305 1624 2358 ὑπὸ
1641 2303 1737 2358 τοῦ
1770 2302 1988 2375 Σαλμα-

403 2397 578 2467 νάσαρ
605 2414 617 2427 ·
664 2397 961 2469 Ἀσσυρίων
987 2397 1043 2450 δὲ
1073 2390 1218 2452 οὗτοι
1251 2398 1509 2469 βασιλεῖς.
1547 2397 1706 2453 Οὕτω
1727 2399 1990 2470 διηγησὰ-

412 2505 571 2558 μενος
599 2487 667 2542 τὰ
693 2489 832 2543 κατά
861 2489 960 2560 τήν
994 2489 1329 2560 Σαμάρειαν,
1365 2490 1458 2542 ἐπὶ
1499 2490 1598 2561 τὴν
1629 2490 1989 2563 Ἰερουσαλήμ

417 2579 708 2650 μεταφέρει
736 2579 824 2633 τὸν
846 2579 1025 2647 λόγον,
1058 2579 1151 2633 καί
1178 2597 1346 2651 φησι·

485 2671 573 2736 ια’,
600 2672 682 2742 ιβ’.
725 2672 830 2727 Kal
854 2670 1015 2728 εἶδεν
1043 2673 1081 2740 ὴ
1111 2673 1346 2744 ἀδελφὴ
1373 2672 1564 2742 αὐτῆς
1588 2675 1625 2742 ἠ
1654 2674 1700 2708 ⁹⁰
1733 2673 1988 2742 Ὀολιϐὰ,

412 2763 506 2816 καὶ
537 2762 824 2833 διέφθειρε
852 2763 966 2832 τὴν
986 2765 1262 2820 ἐπίθεσιν
1297 2766 1342 2798 ’⁸
1368 2766 1559 2834 αὐτῆς
1609 2769 1762 2837 ὑπὲρ
1797 2769 1994 2838 αὐτὴν

413 2857 462 2925 (ὁ
483 2855 537 2908 δὲ
572 2855 799 2921 Ἀκύλας
819 2858 918 2927 τὴν
940 2858 1234 2922 ἐπίθεσιν,
1251 2857 1612 2927 ἐπιπόθησιν
1633 2862 1993 2933 ἡρμήνευσε),

410 2948 507 3002 καὶ
561 2947 674 3016 τὴν
710 2950 998 3019 πορνείαν
1030 2948 1220 3017 αὐτῆς
1247 2950 1400 3019 ὑπὲρ
1427 2953 1542 3020 τὴν
1571 2954 1858 3021 πορνείαν
1886 2952 1998 3022 τῆς

410 3039 682 3110 ἀδελφῆς
724 3040 918 3109 αὐτῆς
969 3039 1395 3106 ἐπλήθυνεν-⁸⁸.
1459 3043 1590 3096 Ἐπί
1636 3043 1778 3110 τοὺς
1826 3044 1998 3110 υἱοὺς

2084 1943 2504 1999 translationem
2540 1961 2736 2002 rursus
2777 1947 3028 2003 civitates
3079 1950 3433 2018 nuncupavit.
3476 1947 3662 2018 Neque

2086 2033 2140 2086 in
2178 2033 2351 2102 ipsam
2391 2035 2570 2088 solum
2615 2035 3002 2090 crudelitatem
3057 2035 3201 2091 hanc
3253 2037 3660 2101 adhibuerunt,

2086 2125 2183 2182 sed
2214 2127 2376 2182 etiam
2406 2128 2462 2182 in
2491 2128 2640 2183 illius
2673 2127 2818 2185 ﬁlias
2847 2147 2859 2182 :
2889 2129 3138 2200 intelligit
3175 2139 3353 2185 autem
3383 2128 3664 2197 subjectos

2086 2216 2162 2271 illi
2223 2218 2386 2273 urbes
2427 2227 2480 2274 et
2514 2233 2703 2289 pagos.
2738 2217 2865 2274 Haec
2901 2226 3084 2275 autem
3127 2220 3440 2276 sustinuere
3477 2220 3662 2275 decem

2087 2307 2285 2374 tribus,
2320 2309 2552 2377 primum
2589 2327 2616 2362 a
2649 2309 3228 2383 Theglathphalasare,
3263 2311 3460 2366 deinde
3483 2326 3512 2365 a
3544 2311 3667 2367 Sal-

2089 2415 2400 2463 manasare,
2431 2403 2523 2472 qui
2554 2401 2776 2458 fuerunt
2802 2419 2960 2474 reges
3001 2402 3376 2475 Assyriorum.
3410 2401 3487 2456 Ita
3537 2419 3664 2458 nar-

2089 2495 2247 2561 ratis,
2279 2510 2402 2564 quaa
2450 2495 2518 2550 ad
2563 2499 2579 2517 ‘
2624 2493 2928 2550 Samariam
2974 2498 3269 2567 pertinent,
3309 2496 3376 2550 ad
3413 2494 3670 2552 Hieroso-

2091 2583 2290 2655 lymam
2322 2587 2624 2640 orationem
2659 2585 3026 2652 transferens,
3060 2588 3136 2642 ait
3164 2609 3176 2643 :

2163 2673 2331 2731 Vens.
2377 2676 2478 2744 Η,
2529 2677 2615 2731 12.
2669 2676 2738 2730 Et
2790 2678 2915 2734 vidit
2970 2694 3122 2733 soror
3179 2679 3295 2750 ejus
3351 2679 3562 2743 Ooliba,
3619 2691 3670 2733 et

2094 2769 2335 2836 corrupit
2370 2785 2675 2839 aggressum
2714 2786 2867 2823 suum
2900 2787 3057 2841 super
3120 2787 3234 2825 eam
3278 2771 3494 2842 (Aquila
3540 2788 3672 2827 vero

2097 2875 2402 2930 aggressum
2439 2860 2833 2931 interpretatus
2878 2870 2963 2918 est
3017 2861 3381 2931 desiderium),
3420 2873 3470 2918 et
3501 2863 3675 2934 forni-

2097 2951 2357 3005 cationem
2409 2967 2562 3006 suam
2613 2968 2770 3023 super
2830 2953 3236 3023 fornicationem
3296 2955 3496 3009 sororis
3565 2972 3676 3010 sua:

2101 3042 2497 3112 multiplicauit.
2552 3041 2635 3097 Ad
2695 3043 2836 3113 ﬁlios
2887 3044 3232 3113 Assyriorum
3273 3044 3526 3114 adjuncta
3574 3056 3675 3109 est,

409 3133 528 3186 τῶν
560 3133 887 3202 Ἀσσυρίων
907 3131 1169 3189 ἐπέθετο.
1204 3132 1576 3202 ἡγουμένους
1609 3133 1704 3186 καὶ
1741 3149 1995 3201 στρατη-

2101 3133 2260 3189 duces
2298 3144 2349 3188 et
2378 3135 2656 3205 prazfectos
2701 3137 2790 3207 qui
2828 3145 2983 3191 erant
3017 3151 3176 3205 prope
3199 3153 3336 3200 eam,
3383 3147 3431 3192 et
3461 3137 3677 3192 indutos

413 3226 558 3296 γοὺς
613 3225 756 3290 τοὺς
789 3225 970 3294 ἐγγὺς
1039 3223 1249 3293 αὐτῆς,
1298 3224 1400 3278 καὶ
1439 3224 1835 3291 ἐνδεδυκότας
1896 3227 1996 3282 εὑ-

415 3315 681 3385 πάρυςεα,
710 3315 908 3380 ἱππεῖς
959 3314 1391 3385 ἱππαζομένους
1416 3315 1508 3385 ἐφ’
1531 3317 1749 3378 ἵππων,
1805 3316 2002 3370 νεανίο

418 3423 606 3472 σκους
641 3405 1000 3472 ἐπιλέκτους
1039 3408 1291 3474 πάντας.
1352 3407 1560 3472 Ταὺτὰ,
1616 3409 1772 3477 φησὶ,
1827 3409 1921 3461 xa‘t
1964 3408 1998 3478 ἡ

429 3495 786 3568 Ἰερουσαλήμ
810 3499 874 3566 τῇ
910 3497 1192 3568 Σαμαρείᾳ
1225 3496 1458 3567 δέδρακε
1482 3513 1497 3528 ·
1554 3496 1643 3550 καὶ
1671 3496 1874 3568 ὁμοίως
1902 3495 2000 3560 τὰς

417 3588 556 3660 ’πρὸς
585 3588 685 3658 ἐμὲ
722 3587 993 3658 συνθήκας
1029 3589 1344 3658 πατήσασα,
1395 3589 1522 3651 τοὺς
1560 3586 1748 3658 Σύρων
1766 3589 1814 3619 ’³
1846 3586 2000 3650 θεοὺς

417 3681 790 3752 προτετίμηκε
813 3695 827 3711 ’
865 3683 931 3751 τῇ
960 3681 1071 3751 γὰρ
1095 3680 1304 3734 τούτων
1331 3681 1622 3751 συμμαχία
1653 3679 1998 3752 θαρρήσασα,

419 3773 642 3845 καὶτῆς
688 3774 828 3846 ἐμῆς
869 3774 1187 3846 ἐπικουρίας
1231 3774 1720 3845 καταφρονήσασα.
1766 3772 1864 3827 Διά
1894 3773 2003 3844 γὰρ

418 3866 529 3920 τῶν
557 3867 842 3937 ἡγεμόνων
871 3867 967 3919 καὶ
994 3865 1317 3938 στρατηγῶν
1359 3866 1460 3937 τὴν
1490 3865 1790 3938 γενομένην
1819 3867 2003 3930 αὐτοῖς

408 3948 741 4029 ’συμμαχίαν
770 3957 1010 4028 ᾐνίξατο.

493 4053 582 4115 ιγ’.
634 4047 742 4102 Καὶ
775 4043 959 4111 εἶδον,
991 4046 1177 4117 φησὶν,
1208 4045 1342 4117 ἐγὼ,
1383 4045 1474 4101 ὅτι
1507 4046 1823 4115 μεμίανται
1867 4048 2006 4115 ὁδὸς

415 4137 528 4207 μία
558 4137 679 4191 τῶν
713 4137 844 4192 δύο.
875 4135 1262 4208 Παραπλήσια,
1292 4137 1477 4207 φησὶν,
1511 4135 1713 4203 αὐτῶν,
1752 4137 1846 4190 καὶ
1873 4138 2006 4206 ὲφά-

425 4228 591 4300 μιλλα
619 4227 689 4280 τὰ
721 4228 1149 4299 ἐπιτηδεύματα.

497 4317 686 4382 ιδ’-ις’.
727 4317 836 4372 Καὶ
865 4316 1192 4386 προσέθετο
1219 4316 1318 4370 ἐπὶ
1347 4315 1462 4386 τήν
1487 4319 1774 4386 πορνείαν
1792 4317 2004 4387 αὐτῆς,

427 4411 528 4464 καὶ
550 4402 710 4465 elder
731 4409 955 4478 ἄνδρας
979 4409 1502 4480 ἐζωγραφημένους
1525 4411 1625 4464 ἐπὶ
1644 4411 1751 4466 τοῦ
1781 4412 1870 4464 τοί
1871 4428 2006 4480 κου,

429 4503 666 4564 εικδνας
683 4500 992 4560 Χαλδαίων
1011 4499 1532 4570 ἐζωγραφημένους
1548 4502 1616 4555 έν
1633 4501 1942 4571 χρώμασιν
1963 4501 2010 4532 ⁸⁸
2042 4535 2088 4591 D

429 4590 502 4644 έν
533 4590 788 4659 γραφίδι.
824 4589 1266 4660 Διεζωσμένους
1312 4592 1732 4661 ποικίλματα⁹⁵
1772 4592 1872 4646 ἐπὶ
1903 4592 2011 4658 τὰς

433 4681 668 4750 ὀσφύας
685 4663 931 4748 καῠτῶν,
973 4684 1072 4735 καὶ
1112 4680 1302 4749 τιᾶραι
1343 4681 1574 4746 βαπταί
1613 4682 1714 4737 ἐπὶ
1750 4681 1870 4736 τῶν
1914 4700 2014 4737 κε·

427 4771 637 4843 φαλῶν
674 4772 873 4827 αὐτῶν
907 4787 920 4803 ο
969 4771 1110 4841 ὄψις
1147 4774 1368 4842 τρισσαὶ,
1387 4774 1433 4805 os
1471 4773 1734 4842 πάντων,
1777 4775 1952 4843 ὁμοία
1969 4775 2014 4806 ,τ

427 4863 574 4920 υίῶν
607 4863 968 4930 Βαϐυλῶνος
986 4865 1033 4896 ⁸⁸
1080 4865 1393 4920 Χαλδαίων
1423 4865 1539 4933 γῆς
1579 4866 1864 4936 πατρίδος
1904 4868 2014 4920 αὺ-

427 4957 566 5013 τῶν.
593 4958 702 5011 Καὶ
733 4955 977 5010 ἐπέθετο
999 4957 1091 5009 ἐπ’
1124 4956 1346 5023 αὐτοὺς
1369 4955 1443 5026 τῇ
1466 4956 1670 5025 ὁράσει
1692 4955 2018 5026 ὀφθαλμῶν

429 5049 650 5104 αὐτῶν.
693 5048 894 5112 Καλῶς
923 5050 1017 5102 καί
1059 5049 1181 5102 λίαν
1215 5049 1487 5120 ἁρμοδίως
1533 5049 1593 5102 τὸ
1639 5050 1747 5102 τῶν
1782 5049 2018 5104 εἰδώλων

426 5142 655 5212 ἀδρανὲς
687 5140 1048 5212 ὲκωμῲδησε,
1087 5141 1330 5207 διδάξας,
1364 5141 1516 5194 οὐδὲν
1572 5141 1759 5212 ἕτερον
1807 5141 1935 5194 ὄντα
1982 5140 2015 5209 ἦ

427 5231 720 5300 χριῖιματα,
756 5235 852 5285 καὶ
879 5232 1156 5303 σχήματα,
1204 5231 1300 5285 καὶ
1341 5231 1537 5301 τέχνης
1574 5230 2013 5300 ἀποτελέσματα.

430 5322 472 5372 Τ
475 5321 504 5374 ὸ
543 5321 594 5374 δὲ
635 5341 654 5374 ι
678 5322 801 5394 ὖψις
835 5324 1055 5377 πάντων
1083 5323 1278 5394 τρισσὴ
1309 5341 1326 5373 ι
1370 5323 1432 5376 τὸ
1463 5322 1810 5393 πολύμορφον
1838 5323 2018 5378 αὐτῶν

2105 3228 2374 3297 speciosis,
2405 3229 2604 3296 equites
2633 3229 2928 3299 equitantes
2967 3230 3020 3282 in
3046 3231 3214 3299 equis,
3247 3230 3464 3299 juvenes
3489 3232 3677 3286 electos

2107 3334 2304 3372 omnes.
2339 3317 2560 3383 Eadem,
2596 3319 2794 3389 inquit,
2832 3317 3210 3391 Hierosolyma
3230 3321 3526 3381 commisit,
3559 3337 3681 3390 qua:

2107 3406 2358 3463 Samaria
2393 3426 2408 3464 :
2441 3409 2695 3464 similiter
2723 3409 2924 3464 violato
2955 3407 3176 3473 findere,
3196 3407 3359 3480 865
3389 3407 3536 3479 quod
3566 3426 3681 3465 nie-

2105 3515 2230 3555 cum
2268 3501 2486 3563 inierat,
2517 3498 2784 3569 Syrorum
2827 3501 2959 3554 deos
2987 3499 3119 3554 mihi
3163 3500 3497 3570 anteposuit,
3539 3515 3675 3569 quo-

2109 3605 2230 3644 rum
2265 3590 2525 3646 societate
2557 3590 2693 3644 freta
2741 3603 2899 3660 opem
2943 3604 3117 3643 meam
3150 3589 3503 3660 contempsit.
3544 3587 3680 3642 Nam

2111 3697 2208 3752 per
2241 3683 2412 3737 duces
2437 3690 2491 3737 et
2529 3679 2819 3751 praefectos
2851 3681 3042 3734 initam
3085 3667 3210 3734 cum
3239 3679 3350 3735 illis
3383 3679 3562 3734 innuit
3593 3695 3686 3734 so-

2108 3773 2387 3830 cietotem.

2185 4036 2352 4093 Vens.
2390 4039 2476 4092 13.
2525 4035 2591 4089 Et
2645 4036 2786 4102 uidi,
2826 4036 3041 4106 inquit,
3085 4053 3177 4106 ego
3207 4036 3345 4106 quod
3384 4035 3589 4104 polluta
3620 4035 3688 4086 sit

2113 4130 2197 4182 via
2237 4147 2344 4184 una
2383 4129 2630 4182 duarum.
2681 4131 2887 4194 Paria',
2945 4130 3166 4200 inquit,
3219 4137 3272 4182 et
3309 4129 3512 4184 similia
3561 4138 3687 4182 sunt

2113 4236 2305 4275 earum
2337 4222 2608 4276 instituta.

2188 4311 2358 4368 Vens.
2401 4311 2584 4366 14-16.
2627 4310 2694 4364 Et
2735 4310 2939 4364 addidit
2972 4309 3041 4364 ad
3067 4309 3470 4387 fornicationem
3497 4325 3650 4363 suam
3676 4349 3690 4371 ,

2118 4415 2168 4460 et
2193 4404 2324 4459 vidit
2363 4405 2502 4459 viros
2533 4403 2768 4473 depictos
2795 4404 2852 4457 in
2879 4404 3099 4472 pariete,
3127 4402 3383 4473 imagines
3414 4401 3685 4456 Chaldaeo-

2119 4514 2256 4560 rum,
2283 4497 2514 4566 depictos
2549 4495 2818 4550 coloribus
2856 4538 2870 4561 ,
2910 4496 3068 4566 stylo.
3100 4495 3398 4560 Accinctos,
3424 4496 3692 4565 variegata

2117 4599 2253 4644 veste
2275 4604 2432 4658 super
2455 4586 2660 4641 lumbos
2688 4601 2869 4640 eorum
2894 4625 2907 4651 ,
2951 4598 3000 4639 et
3029 4587 3181 4639 tiara:
3215 4585 3392 4639 tincta:
3418 4599 3574 4652 super
3601 4601 3695 4638 ca-

2117 4681 2232 4750 pita
2263 4695 2444 4734 eorum
2473 4695 2491 4732 :
2537 4692 2776 4749 aspectus
2809 4678 3001 4746 triplex
3027 4680 3261 4734 omnium
3281 4717 3296 4742 ,
3328 4677 3518 4732 similis
3553 4678 3698 4746 [ilio-

2120 4788 2236 4828 rum
2271 4771 2597 4839 Babylonis,
2633 4769 3010 4826 Chaldaeorum
3051 4779 3204 4824 terra:
3250 4770 3442 4838 patria
3494 4785 3696 4823 eorum.

2122 4862 2191 4917 Et
2239 4863 2494 4933 adjuncta
2522 4873 2600 4918 est
2631 4865 2700 4917 ad
2741 4865 2883 4934 ipsos
2918 4864 3116 4918 visione
3146 4863 3420 4916 oculorum
3457 4878 3697 4917 suorum.

2120 4954 2289 5011 Recte
2325 4964 2380 5010 et
2421 4954 2715 5008 admodum
2749 4960 3116 5023 congruenter
3150 4952 3424 5008 idolorum
3454 4949 3702 5006 imbecil-

2118 5046 2328 5101 litatem
2357 5045 2731 5116 reprehendit,
2761 5045 2901 5099 nihil
2933 5044 3081 5098 aliud
3114 5059 3237 5100 esse
3269 5043 3500 5107 docens,
3532 5059 3700 5114 quam

2119 5139 2370 5202 colores,
2409 5145 2464 5193 et
2497 5141 2700 5207 ﬁguras
2721 5176 2736 5200 ,
2778 5144 2832 5192 et
2860 5137 3001 5192 artis
3028 5137 3272 5208 optﬁcia.
3308 5135 3445 5191 Illud
3483 5147 3664 5192 autem
3688 5178 3701 5195 .

2128 5250 2147 5282 ι
2186 5237 2448 5300 aspectus
2515 5229 2765 5285 omnium
2822 5228 3058 5298 triplex,
3113 5247 3132 5280 ι
3189 5229 3392 5284 multas
3453 5228 3702 5297 ipsorum

2125 5321 2337 5377 formas
2388 5319 2679 5393 signiﬁcat.
2738 5317 3104 5391 Symmachus
3155 5335 3324 5386 vero,
3387 5337 3407 5371 ι
3444 5325 3705 5388 aspectus

1707 5463 1945 5519 VARI/[3'
1986 5462 2392 5521 LECTIONES.

489 5604 540 5638 ⁸⁸
572 5604 831 5676 Βάὐτῆς,
861 5605 1018 5673 juxta
1041 5622 1156 5676 rec.
1177 5605 1308 5660 lect.
1381 5606 1576 5676 “0.61)..
1606 5607 1764 5662 Hebr.
1797 5622 2020 5664 nomen.

2102 5609 2148 5640 ”
2176 5611 2255 5674 εἰς
2284 5623 2334 5660 τ.
2370 5607 2495 5676 Θυγ.
2548 5605 2670 5662 Des.
2710 5606 2763 5660 in
2815 5604 3119 5676 Compl._'_c_t_
3147 5599 3412 5676 injicit;
3476 5591 3699 5676 δίτςιρτ.

433 5676 472 5728 Β
523 5690 711 5746 ριἐειιι·
955 5677 1000 5709 ⁹⁰
1024 5678 1079 5746 ἠ.
1131 5675 1257 5746 Dies.
1326 5677 1380 5729 in
1425 5675 1485 5728 Β.
1554 5678 1597 5709 ³⁸
1643 5695 1693 5731 τ.
1730 5680 1818 5730 ὲπ.
1853 5663 2017 5733 Hebr.
2059 5663 2324 5733 amorem.
2395 5663 2460 5710 η’
2492 5676 2615 5728 ἐπὶ..
2651 5676 2773 5730 Des.
2814 5663 3150 5746 apud'LXX.
3222 5667 3450 5746 91235;).
3580 5663 3704 5746 Ἁσ-

431 5733 662 5816 ευρίων.
745 5745 790 5818 ⁸-⁵
823 5733 1115 5818 ὶνᾼχρὼμ.
1164 5745 1284 5818 Des.
1332 5747 1472 5818 apud
1515 5746 1678 5810 LXX,
1737 5756 1792 5802 et
1839 5747 2114 5818 duplicem
2150 5749 2328 5818 prodit
2374 5733 2900 5818 interpretationem.
2977 5745 3024 5818 ’ξ
3063 5761 3212 5797 ποικ.
3246 5733 3411 5794 Hebr.
3456 5733 3703 5804 cingulo.

433 5825 482 5857 τοι
516 5814 523 5816 ἡ
559 5831 648 5888 τρ.
677 5815 839 5870 Hebr.
879 5814 1108 5873 ducum.
1165 5817 1209 5850 "
1240 5814 1383 5874 nec.
1415 5817 1542 5874 lect.
1570 5827 1654 5874 est
1679 5814 1954 5890 ὁμοίωμα.
2024 5819 2070 5853 ’⁸
2104 5814 2237 5874 Βαὸ.
2275 5816 2463 5874 Exstat
2487 5814 2696 5872 tantum
2734 5817 2788 5872 iu
2827 5814 3037 5884 Compl.
