4116 6406
475 348 495 414 i
508 349 613 413 039

1414 343 1899 405 THEODORETI
1926 342 2267 405 EPISCOPI
2296 345 2664 409 CYRENSIS

3587 346 3722 418 1040

474 463 789 534 praedonum
818 458 1062 517 omnium
1086 498 1101 526 ,
1137 476 1154 510 ι
1199 455 1592 526 interpretatus
1628 464 1732 511 est.
1767 453 1914 520 llos,
1959 455 2037 509 in-

2154 458 2441 528 σημαίνει·
2484 461 2512 514 ὁ
2556 460 2619 515 δὲ
2653 454 2965 530 Σύμμαχος,
3005 456 3169 531 ιδψις
3220 461 3529 517 σκυλευτῶν
3593 466 3724 520 πάν-

475 555 631 625 quit,
689 568 814 609 cum
877 548 1294 620 conspexisset,
1346 546 1593 617 nihilque
1648 546 1796 603 aliud
1851 560 2049 605 cerne-

478 655 590 713 ret,
626 659 790 716 quam
827 643 1056 713 picturae
1089 640 1226 693 artis
1271 637 1537 706 imagines
1561 680 1575 704 ,
1619 652 1810 692 eorum
1845 635 2049 690 amavit

472 736 953 794 consuetudinem.
1010 732 1074 786 Et
1117 732 1322 801 ubique
1372 730 1649 785 idolorum
1703 730 1885 784 innuit
1923 728 2047 783 cul-

471 836 609 883 tum.

540 922 607 975 Et
639 920 820 988 misit,
853 920 1066 990 inquit,
1110 920 1324 975 nuntios
1359 920 1428 973 ad
1459 936 1545 974 eos
1569 921 1625 974 iu
1656 928 1853 973 terram
1885 918 2049 975 Chal-

467 1013 724 1068 dworum.
756 1010 946 1084 (Vatis.
976 1012 1088 1083 l7.)
1122 1011 1189 1065 Et
1220 1022 1464 1066 venerunt
1496 1011 1565 1065 ad
1594 1027 1711 1066 eam
1737 1010 1838 1080 ﬁlii
1869 1010 2045 1079 Baby-

468 1105 602 1160 lonis
636 1146 651 1171 ,
703 1104 785 1158 ad
824 1105 995 1159 cubile
1036 1104 1441 1169 divertentium,
1494 1112 1543 1157 et
1572 1103 1898 1171 ’polluerunt
1931 1119 2049 1156 eam

467 1196 821 1268 fornicatione
868 1211 967 1249 sua
989 1233 1004 1259 ,
1050 1204 1099 1248 et
1161 1193 1366 1263 polluta
1410 1203 1489 1248 est
1522 1194 1579 1248 iu
1610 1193 1722 1247 illis
1745 1232 1759 1256 ,
1791 1201 1840 1246 et
1881 1208 2050 1246 reces-

468 1288 539 1341 sit
572 1286 743 1357 866
768 1286 948 1339 anima
977 1284 1091 1354 ejus
1118 1285 1180 1337 ab
1205 1284 1302 1338 eis.
1333 1282 1456 1354 Ipsa
1490 1284 1659 1346 enim,
1691 1282 1890 1351 inquit,
1923 1295 2047 1335 cum

473 1376 597 1437 illos
627 1386 688 1432 ut
740 1377 845 1433 sibi
883 1391 1038 1446 opem
1077 1376 1281 1430 ferrent
1311 1376 1736 1440 accersivisset,
1777 1383 1914 1429 elex
1959 1389 2052 1429 eo-

474 1485 599 1526 rum
657 1469 993 1525 commercio
1026 1469 1397 1524 contraxisset
1441 1468 1815 1539 impietatem,
1856 1482 2053 1524 rursus

474 1563 544 1618 ab
580 1562 691 1617 illis
721 1560 919 1616 defecit
949 1579 962 1614 :
998 1559 1362 1616 defectionem
1393 1568 1581 1616 autem
1608 1560 1697 1616 hic
1728 1576 1843 1615 non
1881 1576 1910 1615 ιι
1944 1559 2052 1615 dae-

475 1653 729 1710 monibus
760 1653 854 1720 ait,
879 1651 974 1707 sed
1004 1653 1075 1706 ab
1102 1652 1240 1722 ipsis
1272 1651 1610 1722 Babyloniis.
1634 1650 1843 1706 Joacim
1877 1653 2071 1719 enim;

472 1753 528 1801 et
556 1743 868 1812 Jechonias,
900 1752 954 1799 et
979 1742 1259 1811 Sedecias,
1302 1744 1511 1799 lmdera
1537 1783 1553 1809 ,
1576 1759 1699 1816 qua
1721 1759 1847 1799 cum
1873 1744 2051 1816 Baby-
2084 1793 2125 1852 Β

474 1835 638 1892 loniis
665 1844 1072 1907 percusserant,
1105 1834 1407 1890 violarunt.

544 2011 715 2070 Vens.
759 2013 844 2067 18.
897 2011 965 2065 Ει
1015 2011 1261 2066 reuelauit
1295 2009 1704 2079 fornicationem
1749 2025 1901 2064 suam
1931 2049 1946 2075 ,
1998 2018 2049 2064 et

474 2104 829 2174 discooperuit
864 2103 1240 2173 turpitudinem
1281 2117 1469 2167 suam,
1521 2109 1571 2156 et
1610 2103 1823 2156 recessit
1868 2102 2050 2155 anima

477 2212 592 2251 mea
636 2196 700 2250 ab
752 2212 854 2263 ea,
882 2193 1332 2267 quemadmodum
1371 2193 1587 2249 recessit
1627 2195 1809 2248 animo
1858 2210 1973 2246 mea
2017 2210 2049 2247 a

475 2305 655 2344 sorore
691 2288 830 2361 ejus.
863 2287 1173 2358 Conspecta
1201 2326 1216 2353 ,
1271 2287 1489 2357 inquit,
1536 2285 1837 2355 impietatis
1875 2287 2049 2356 ipsius

474 2381 863 2451 exsuperantia
885 2395 1054 2445 ,mea
1094 2379 1437 2449 providentia
1477 2378 1624 2433 illam
1655 2379 1866 2433 orbavi.
1902 2377 2050 2432 Rur-

476 2488 574 2529 sus
612 2473 759 2529 enim
808 2472 1111 2547 secundum
1154 2473 1433 2543 allegoria:
1476 2471 1717 2540 speciem
1743 2509 1760 2537 ,
1808 2458 2051 2525 anim/am

476 2564 708 2636 posuit:
767 2579 874 2618 non
915 2562 1043 2632 quia
1097 2561 1154 2617 in
1208 2562 1448 2616 animam
1500 2569 1556 2616 et
1605 2574 1810 2631 corpus
1832 2558 2046 2614 Numen

477 2660 715 2717 divisum
747 2658 847 2722 sit,
890 2654 1036 2726 quod
1065 2661 1119 2709 et
1146 2655 1395 2725 corporis
1429 2662 1482 2709 et
1510 2652 1931 2722 compositionis
1963 2668 2052 2707 ex-

477 2768 604 2824 pers
637 2759 721 2805 est
746 2789 762 2816 ,
789 2747 883 2805 sed
915 2748 1043 2818 quia
1071 2746 1394 2802 humanitus
1433 2752 1488 2801 et
1518 2746 1722 2801 usitato
1764 2745 2050 2799 hominum

479 2858 633 2898 more
667 2840 929 2912 loquitur,
948 2837 1232 2894 hominum
1262 2852 1387 2894 sese
1413 2836 1840 2892 accommodans
1878 2835 2052 2890 imbe-

478 2936 716 2991 cillitati.
760 2931 1039 2987 llactenus
1085 2930 1251 3001 igitur
1294 2943 1419 2985 cum
1469 2928 1734 2998 propheta
1776 2927 1931 2983 visus
1967 2933 2052 2983 est

477 3031 646 3088 verba
696 3026 878 3082 facere
921 3045 934 3080 :
990 3024 1252 3093 deinceps
1297 3036 1429 3077 vero
1448 3061 1469 3099 η,
1515 3019 1680 3090 quasi
1727 3019 2051 3075 recordatus

2147 540 2259 602 των
2280 549 2329 583 ⁸ο
2360 569 2377 600 ι
2413 552 2779 624 ἡρμήνευσεν.
2797 534 3242 623 Τούτουςῖφησὶ,
3260 554 3597 627 θεασαμένη,
3632 556 3725 611 καὶ

2147 640 2297 695 οὐδὲν
2330 642 2515 714 ἕτερον
2547 644 2730 714 ὁρῶσα
2777 644 2811 715 ἢ
2861 645 3142 715 γραφικῆς
3172 645 3368 718 τέχνης
3403 646 3719 718 ἰνδάλματα.

2146 736 2246 805 τῆς
2274 734 2476 788 τούτων
2505 736 2721 807 ἠράσθη
2756 737 3041 803 συνουσίας
3070 757 3081 771 ο
3132 739 3405 810 πανταχοῦ
3440 740 3497 793 δὲ
3521 740 3619 812 τὴν
3650 744 3721 794 εί·
3780 739 3789 745 ’

2148 825 2544 896 δωλολατρείαν
2564 828 2881 885 αἰνίττεται.

2208 921 2314 973 Kai
2333 920 2769 984 ἐξαπέστειλεν
2796 921 3112 992 ἀγγέλους,
3140 925 3297 995 φησι,
3328 924 3476 992 πρὸς
3502 927 3715 994 αὐτοὺς

2150 1013 2237 1078 είς
2265 1011 2713 1082 γῆνΧαλδαίων.
2743 1012 2826 1078 ιζ’.
2850 1014 2961 1068 Καὶ
2985 1009 3177 1083 ἦλθον
3207 1015 3358 1084 πρὸς
3382 1017 3578 1086 αὐτὴν
3607 1017 3724 1074 υἱοὶ

2150 1104 2510 1170 Βαϐυλῶνος
2537 1108 2625 1171 εἰς
2650 1107 2862 1172 κοίτην
2882 1107 3328 1174 καταλυόντων,
3350 1109 3449 1163 καὶ
3475 1104 3724 1180 ἐμίαναν

2150 1194 2346 1262 αὐτὴν
2360 1195 2429 1247 ἐν
2443 1194 2517 1263 τῇ
2545 1196 2789 1264 πορνείᾳ
2808 1195 3025 1249 αὐτῶν·
3044 1196 3400 1266 καὶέμιάνθη
3419 1200 3723 1267 ἑναὺτοῒς,

2150 1285 2249 1339 καὶ
2279 1285 2517 1353 ἀπέστη
2559 1287 2597 1353 ἠ
2627 1285 2802 1354 ψυχὴ
2832 1285 3025 1355 αὐτῆς
3050 1287 3151 1341 ἀπ’
3182 1288 3396 1342 αὐτῶν.
3417 1286 3562 1362 Αὕτη
3595 1293 3721 1361 γὰρ,

2151 1377 2337 1448 φησιν,
2367 1378 2446 1440 είς
2464 1376 2785 1447 ἐπικουρίαν
2800 1377 2994 1441 αὐτοὺς
3009 1394 3215 1447 μεταπε
3224 1381 3477 1452 μψαμένη
3490 1424 3503 1447 ,
3531 1383 3625 1435 καὶ
3638 1383 3724 1438 διὰ

2151 1469 2250 1540 τῆς
2280 1469 2416 1540 πρὸς
2447 1468 2645 1531 αὐτοὺς
2691 1467 2972 1538 ἐπιμιξίας
3000 1467 3099 1539 τὴν
3127 1468 3379 1524 ἀσέϐειαν
3432 1472 3723 1543 δεξαμένη,

2153 1561 2314 1615 πάλιν
2334 1560 2513 1613 αὐτῶν
2527 1559 2759 1630 ἀπέστη·
2783 1560 3082 1614 ἀπόστασιν
3098 1560 3153 1614 δὲ
3174 1562 3407 1616 ἐνταῦθα
3426 1565 3484 1617 οὐ
3510 1565 3608 1635 τὴν
3622 1564 3725 1619 ἀπὸ

2151 1652 2260 1709 τῶν
2286 1653 2554 1724 δαιμόνων
2578 1653 2746 1721 λέγει,
2779 1653 2914 1707 ἀλλά
2942 1654 3043 1724 τὴν
3076 1655 3170 1707 ἀπ’
3202 1655 3381 1710 αὐτῶν
3409 1658 3517 1710 τῶν
3556 1658 3725 1711 Βαϐυ-

2152 1746 2359 1800 λωνίων
2386 1763 2399 1778 ·
2440 1748 2536 1799 καὶ
2565 1745 2673 1818 γὰρ
2707 1746 2981 1818 Ἰωακεὶμ,
3009 1749 3107 1801 καὶ
3141 1748 3411 1818 Ἰεχονίας,
3445 1752 3540 1804 καὶ
3573 1754 3725 1806 Σεδε-

2153 1835 2278 1898 κίας
2321 1835 2419 1900 τὰς
2466 1837 2765 1907 γενομένας
2794 1838 2975 1902 αὐτοῖς
3020 1837 3154 1910 πρὸς
3187 1840 3313 1904 τοὺς
3355 1840 3724 1909 Βαϐυλωνίους

2156 1926 2431 1997 συνθήκας
2465 1927 2805 1999 παρέϐησαν.

2226 2025 2316 2089 ιη’.
2365 2019 2476 2072 Καὶ
2523 2019 2880 2090 ἀπεκάλυψε
2907 2023 3021 2091 τὴν
3065 2026 3352 2092 πορνείαν
3385 2028 3594 2095 αὐτῆς,
3628 2027 3725 2082 καί

2152 2109 2512 2180 ἀποκάλυψις
2530 2111 2646 2180 τὴν
2665 2112 3113 2184 ἀσχημοσύνην
3134 2116 3343 2186 αὐτῆς,
3376 2119 3470 2172 καὶ
3497 2120 3728 2190 ἀπέστη

2154 2203 2194 2270 ἠ
2215 2201 2524 2272 grumi-you
2547 2203 2649 2257 ἀπ’
2672 2203 2881 2271 αὐτῆς,
2907 2205 2980 2259 ὂν
3003 2209 3223 2275 τρόπον
3242 2208 3473 2277 ἀπέστη
3497 2210 3532 2277 ή
3559 2208 3726 2281 ψυχή

2149 2311 2270 2364 μου
2315 2295 2435 2350 ἀπὸ
2477 2295 2588 2365 τῆς
2614 2295 2885 2366 ἀδελφῆς
2925 2298 3134 2367 αὐτῆς.
3174 2300 3540 2371 Θεασάμενος,
3574 2304 3727 2372 φησι,

2153 2387 2255 2458 τὴν
2284 2389 2383 2458 τῆς
2410 2387 2669 2452 ἀσεὸείας
2696 2390 2869 2460 αὐτῆς
2897 2391 3221 2463 ὑπερϐολὴν,
3265 2394 3364 2464 τῆς
3394 2394 3533 2466 ἐμῆς
3565 2396 3729 2465 αὐτὴν

2154 2482 2414 2552 προνοίας
2441 2483 2737 2553 ὲγύμνωσα
2765 2500 2778 2514 ·
2838 2483 3001 2536 πάλιν
3034 2483 3142 2554 γὰρ
3173 2484 3315 2538 κατά
3345 2486 3404 2540 τὸ
3447 2487 3544 2556 τῆς
3569 2487 3730 2555 ἀλλη-

2155 2572 2351 2644 γορίας
2391 2568 2529 2636 εἶδος
2579 2573 2678 2644 τὴν
2726 2573 2905 2645 ψυχὴν
2943 2575 3185 2629 τέθεικεν
3213 2592 3227 2605 ·
3279 2578 3380 2631 οὐκ
3431 2578 3617 2651 ἐπειδὴ
3653 2581 3730 2642 εἱς

2156 2658 2336 2731 ψυχὴν
2369 2660 2464 2713 καὶ
2493 2660 2651 2728 σῶμα
2686 2661 2747 2715 τὸ
2784 2663 2941 2717 Θεῖον
2961 2664 3213 2736 διῄρηται
3238 2681 3254 2697 ·
3302 2665 3590 2738 ἀσώματον
3622 2669 3731 2740 γὰρ

2156 2751 2253 2803 καὶ
2274 2749 2565 2805 ἀσύνθετον
2589 2768 2603 2783 °
2631 2752 2986 2826 ἀνθρωπίνως
3010 2756 3067 2809 δὲ
3088 2758 3312 2821 καὶτοῖς
3332 2758 3691 2829 ἀνθρωπίνοις
3712 2760 3730 2790 ¹

2158 2844 2402 2914 συνήθως
2446 2848 2682 2900 ποιεῖται
2726 2844 2825 2918 τὴν
2870 2847 3131 2913 διάλεξιν,
3184 2852 3247 2921 τῇ
3289 2849 3398 2903 τῶν
3426 2850 3731 2922 ἀνθρώπων

2156 2935 2410 3009 ἀσθενείᾳ
2433 2938 2896 3006 συγκαταΰαίνων.
2923 2940 3099 3012 Μέχρι
3128 2940 3225 3010 μὲν
3249 2936 3343 2995 οὖν
3367 2941 3570 2995 τούτων
3593 2942 3733 3013 πρὸς

2155 3026 2249 3079 τὸν
2282 3030 2570 3099 προφήτην
2602 3029 2774 3083 ἐδόκει
2812 3031 3082 3084 ποιεῖσθαι
3118 3033 3245 3095 τοὺς
3272 3032 3465 3101 λόγους
3486 3049 3500 3064 ·
3548 3033 3730 3087 ἐντεῦ-

478 3125 631 3181 illius
676 3135 773 3192 per
816 3117 1189 3174 narrationem
1234 3129 1429 3170 eorum
1467 3128 1589 3185 qua:
1624 3113 1743 3183 ipsa
1776 3126 1911 3168 ausa
1946 3119 2050 3179 est,

2158 3114 2250 3168 θεν
2286 3116 2341 3168 δὲ
2374 3117 2576 3185 λοιπὸν,
2610 3119 2799 3192 ὥσπερ
2828 3122 2907 3183 είς
2940 3122 3161 3197 μνήμην
3186 3123 3355 3178 ἐλθὼν
3381 3122 3467 3178 διὰ
3488 3124 3588 3195 τῆς
3648 3124 3730 3178 δι-

476 3219 546 3273 ad
576 3230 695 3271 eam
726 3210 993 3269 transfert
1019 3208 1348 3265 orationem.

547 3391 715 3446 Vatis.
749 3389 835 3445 19.
868 3387 935 3442 Et
962 3384 1330 3455 multiplicasti
1351 3424 1368 3452 ,
1392 3382 1603 3452 inquit,
1643 3381 2052 3451 fornicationem

479 3497 648 3547 luant,
681 3471 743 3536 ut
765 3479 1119 3535 recordareris
1141 3476 1348 3531 dierum
1375 3473 1742 3529 adolescentia:
1774 3483 1902 3539 tute,
1930 3475 2052 3546 qui-

481 3579 574 3631 bus
609 3575 876 3644 fornicata
899 3588 952 3625 es
981 3571 1037 3624 in
1089 3567 1346 3639 sEgypto.
1387 3566 1682 3634 Oblivioni,
1715 3567 1913 3637 inquit,
1948 3573 2057 3622 tra-

480 3666 747 3731 dideram,
774 3677 897 3731 quae
925 3671 982 3715 tu
1018 3660 1071 3714 in
1105 3657 1345 3728 Egypto
1380 3657 1669 3732 deliquisti
1708 3676 1723 3713 :
1759 3673 1952 3713 verum
1993 3666 2055 3712 tu

480 3769 669 3813 eorum
692 3752 1010 3808 memoriam
1040 3749 1442 3820 posterioribus
1464 3750 1576 3804 tuis
1603 3749 1868 3806 institutis
1893 3765 2053 3805 revo-

481 3847 640 3901 casti.
665 3842 875 3905 Saapius
902 3840 1045 3896 enim
1080 3838 1434 3908 pristinorum
1466 3843 1824 3907 peccatorum
1849 3850 2056 3892 memo-

481 3939 617 3993 riam
653 3935 875 3990 refricat
910 3929 1280 4001 improbitatis
1313 3928 1645 3984 similitudo.
1693 3926 1900 3983 Deinde
1931 3943 2056 3981 rur-

480 4046 576 4084 sus
604 4042 705 4098 per
744 4023 1060 4097 allegoriam
1099 4028 1156 4076 et
1195 4020 1610 4076 translationem
1642 4020 1913 4074 idolorum
1945 4018 2057 4074 cul-

479 4132 594 4176 ιιιιιι
629 4126 873 4174 accusat.

553 4213 716 4267 Vens.
746 4212 836 4273 20,
862 4210 952 4263 2i.
984 4206 1055 4263 Et
1077 4207 1240 4279 867
1262 4205 1520 4277 adjuncta
1563 4221 1617 4260 es
1651 4203 1719 4258 ad
1748 4189 2053 4269 Cliatda'os,

477 4321 699 4378 quorum
712 4314 894 4359 carnes
908 4310 966 4354 ut
981 4315 1164 4355 carnes
1179 4300 1452 4353 asinorum
1463 4302 1531 4358 ,ἐι
1544 4296 1790 4365 pudenda
1803 4311 2054 4366 equorum

478 4397 716 4466 pudenda
758 4410 961 4455 eorum.
1003 4390 1065 4444 Et
1102 4391 1334 4444 visitasti
1372 4389 1710 4459 iniquitatem
1749 4388 2054 4443 adolescen-

2154 3208 2407 3279 ηγήσεως
2437 3208 2545 3261 τῶν
2585 3210 2867 3280 ὑπἀὐτῆς
2886 3211 3322 3284 τετολμημένων,
3376 3215 3513 3287 πρὸς
3559 3216 3731 3287 αὐτὴν

2158 3298 2454 3369 μεταφέρει
2483 3298 2573 3352 τὸν
2605 3299 2785 3369 λόγον.

2228 3388 2313 3445 ιθ’,
2354 3390 2464 3443 Καὶ
2503 3389 2853 3457 ὲπλήθυνας
2878 3394 2922 3457 ⁸,
2958 3393 3239 3464 φησὶ,τήν
3253 3394 3540 3462 πορνείαν
3586 3410 3725 3458 σου,

2153 3481 2261 3536 τοῦ
2316 3478 2660 3550 ἀναμνῆσαι
2701 3482 2928 3551 ’ἡμέρας
2974 3463 3261 3552 νεότητός
3310 3500 3462 3550 σου,
3516 3487 3586 3540 ἐν
3633 3483 3731 3552 αἶς

2154 3573 2526 3640 ἐπόρνευσας
2543 3573 2914 3642 ἐνΑἰγύπτῳ.
2941 3574 3115 3650 Λήθῃ,
3131 3579 3317 3648 φησιν,
3336 3575 3732 3649 παρεδεδώκειν

2152 3662 2251 3726 τὰς
2284 3663 2343 3716 ὲν
2373 3661 2633 3732 Αἰγύπτῳ
2668 3681 2763 3717 σου
2795 3664 3174 3736 πλημμελείας
3197 3682 3212 3697 ·
3243 3666 3377 3719 ἀλλά
3407 3669 3609 3720 τούτων
3628 3667 3729 3738 τὴν

2156 3756 2379 3826 μνήμην
2426 3754 2514 3808 διὰ
2553 3753 2662 3809 τῶν
2701 3756 2973 3828 δευτέρων
3023 3758 3470 3829 ἐπιτηδευμάτων
3498 3758 3730 3829 ἀνθῆσαι

2154 3845 2482 3916 πεποίηκας.
2514 3841 2636 3899 Οἵδε
2676 3847 2785 3919 γὰρ
2821 3846 3079 3913 πολλάκις
3111 3850 3392 3922 προτέρων
3416 3850 3729 3922 ἀναμιμνήο

2156 3953 2307 3990 σκειν
2354 3938 2767 4008 ἁμαρτημάτων
2816 3940 2849 4009 ή
2895 3938 2995 4008 τῆς
3042 3940 3387 4010 παρανομίας
3445 3941 3727 4012 ταυτότης.

2156 4024 2289 4082 Εῐτα
2317 4028 2479 4082 πάλιν
2507 4029 2883 4101 ἀλληγορικῶς
2907 4032 3003 4084 καὶ
3025 4030 3303 4102 τροπικῶς
3328 4030 3424 4104 τὴν
3450 4032 3547 4103 τῆς
3581 4034 3730 4088 εἰδω-

2154 4121 2473 4191 λολατρείας
2502 4124 2740 4175 ποιεῖται
2775 4124 3130 4195 κατηγορίαν.
3322 4144 3329 4149 '

2224 4219 2294 4279 κ’,
2321 4219 2427 4268 κα’.
2481 4213 2592 4268 Καὶ
2628 4213 2883 4268 ἐπέθου³
2930 4214 3028 4268 ἐπὶ
3062 4214 3205 4280 τοὺς
3246 4213 3602 4282 Χαλδαίους,
3645 4198 3751 4268 ὤν’

2155 4309 2235 4373 ὡς
2281 4306 2507 4376 σάρκες
2541 4306 2697 4361 ὄνων
2734 4310 2793 4360 at
2836 4309 3059 4376 σάρκες
3108 4307 3326 4372 αὐτῶν,
3364 4308 3461 4363 καὶ
3504 4306 3732 4361 αἰδοῖαι

2157 4400 2357 4453 ἵππων
2378 4399 2451 4454 τὰ
2478 4399 2671 4454 αἰδοῖα
2698 4399 2915 4457 αὐτῶν.
2952 4404 3060 4458 Καὶ
3089 4405 3407 4475 ἐπεσκέψω
3453 4404 3567 4473 τὴν
3596 4406 3731 4460 ἀνο-

481 4491 566 4542 tice
586 4499 710 4550 tute,
726 4501 843 4557 qua
858 4484 1089 4554 faciebas
1117 4483 1171 4535 in
1195 4481 1429 4552 [Egyplo
1453 4482 1504 4535 in
1522 4480 1810 4535 diversorio
1839 4490 1947 4548 tuo,
1968 4481 2054 4535 ubi

2156 4492 2303 4560 μίαν
2329 4491 2441 4559 τῆς
2471 4494 2752 4560 νεότητός
2784 4508 2921 4559 σου,
2955 4493 2994 4549 d
3013 4496 3234 4563 ἐποίεις
3267 4499 3336 4553 ἐν
3368 4500 3640 4568 Αἰγύπτῳ
3665 4498 3733 4550 ἐν

480 4581 641 4635 ubera
655 4577 1024 4632 adolescentia:
1049 4584 1152 4628 ture
1174 4572 1495 4627 ceciderunt.
1516 4570 1581 4626 Et
1603 4587 1727 4627 cum
1756 4572 2053 4638 Chaldaeis,

481 4673 679 4742 inquit,
712 4669 1008 4739 conjuncta
1029 4706 1042 4728 ,
1076 4681 1145 4720 ne
1175 4662 1503 4734 Egyptiaca
1537 4664 1760 4734 quidem
1798 4665 2054 4720 instituta

482 4763 818 4834 negligentis,
849 4761 945 4815 sed
976 4767 1031 4813 et
1064 4759 1259 4812 horum
1295 4763 1349 4810 et
1382 4754 1607 4809 illorum
1639 4756 1773 4811 deos
1810 4758 2052 4813 colebas.

485 4854 704 4909 Multam
739 4857 919 4906 autem
950 4849 1194 4917 ipsorum
1229 4844 1568 4915 impietatem
1589 4882 1604 4907 ,
1649 4845 2058 4916 multorumque

484 4947 714 4999 deorum
772 4940 1277 5012 superstitionem,
1343 4933 1612 5004 pudendis
1674 4949 1940 5006 equorum
2000 4942 2057 4991 et

485 5035 765 5089 asinorum
810 5032 1199 5099 compararit:
1245 5029 1689 5098 quandoquidem
1738 5029 2054 5096 fornicatio-

487 5141 598 5177 nem
633 5136 853 5191 quoque
878 5120 1147 5174 idolorum
1183 5119 1390 5176 cultum
1423 5128 1599 5177 vocat.
1625 5120 1836 5176 Animae
1863 5123 2008 5176 enim
2037 5164 2052 5189 ,

488 5230 605 5284 quae
635 5213 748 5287 Deo
781 5211 1089 5280 conjuncta:
1114 5221 1167 5267 et
1195 5212 1460 5268 dedicatae
1487 5222 1650 5277 sunt,
1683 5227 1808 5267 cum
1853 5213 2056 5269 deinde

488 5323 552 5361 eo
583 5307 771 5365 relicto
803 5303 1110 5359 daemonum
1131 5306 1589 5361 consuetudinem
1624 5306 2051 5376 amplectuntur,

490 5398 683 5454 merito
715 5395 976 5450 adultera:
1014 5407 1424 5466 nuncupantur.

2160 4581 2241 4648 τῷ
2258 4583 2628 4651 καταλύματι
2656 4597 2794 4646 σου,
2823 4581 2895 4640 οὗ
2922 4588 3142 4655 μαστοὶ
3175 4587 3285 4657 τῆς
3312 4589 3590 4657 νεότητός
3616 4606 3730 4645 σου

2160 4672 2442 4728 ἔπεσονδ.
2499 4674 2611 4727 Καὶ
2654 4678 2770 4739 τοῖς
2812 4678 3135 4747 Χαλδαίοις,
3187 4683 3356 4752 φησι,
3406 4683 3729 4754 μιγνυμένη.

2160 4762 2281 4815 οὐδὲ
2309 4761 2418 4816 τῶν
2442 4763 2831 4831 Αἰγυπτιακῶν
2848 4768 3296 4839 ἐπιτηδευμάτων
3315 4771 3538 4842 ἠμέλεις
3561 4790 3575 4804 ⁸
3602 4771 3733 4826 άλλά

2160 4855 2401 4917 καὶτοὺς
2426 4854 2651 4923 τούτων,
2674 4859 2768 4910 καὶ
2796 4860 2924 4921 τοὺς
2946 4860 3169 4915 ἐκείνων
3200 4862 3355 4928 θεοὺς
3381 4862 3730 4936 ἐθεράπευες.

2162 4942 2272 5012 Τὴν
2303 4943 2360 4996 δὲ
2406 4944 2605 5016 πολλὴν
2636 4946 2815 5000 αὐτῶν
2845 4947 3035 5002 ἁθεῖαν
3066 4967 3125 5003 τε
3166 4954 3261 5006 καὶ
3312 4954 3602 5008 πολυθεΐαν
3646 4955 3732 5008 αἰ-

2160 5033 2323 5096 δοίοις
2353 5034 2536 5087 ἵππων
2574 5036 2668 5090 καὶ
2694 5036 2832 5090 δνων
2858 5039 3157 5093 ἀπείκασεν
3181 5058 3196 5073 ·
3238 5043 3422 5115 ἐπειδὴ
3464 5046 3555 5098 καὶ
3597 5061 3735 5114 πορ-

2161 5126 2332 5179 νείαν
2348 5126 2446 5196 τὴν
2466 5127 2909 5199 είδωλολατρείαν
2943 5130 3098 5185 καλεῖ
3117 5151 3132 5165 ο
3164 5134 3219 5186 ai
3247 5135 3355 5205 γὰρ
3383 5134 3500 5206 Θεῷ
3527 5153 3735 5207 συνημ-

2167 5217 2322 5288 μέναι
2348 5220 2443 5273 καὶ
2473 5221 2831 5292 ἀνακείμεναι
2863 5223 3055 5294 ψυχαὶ,
3100 5222 3220 5279 εἶτα
3242 5226 3431 5282 τοῦτον
3470 5231 3737 5301 καταλιμ-

2162 5309 2453 5374 πάνουσαι,
2497 5312 2592 5365 καὶ
2621 5313 2716 5384 τὴν
2748 5314 2858 5368 τῶν
2892 5316 3163 5387 δαιμόνων
3208 5319 3584 5391 ἀσπαζόμεναι
3618 5338 3740 5377 συν-

2165 5401 2370 5466 ουσίαν,
2403 5403 2627 5483 εἰκότως
2659 5407 2999 5480 μοιχεύτριαι
3032 5410 3456 5481 χρηματίζουσι.

1762 5514 1996 5570 VAiil/E
2035 5513 2437 5572 LECTIONES.

556 5641 601 5674 υ

711 5641 1883 5734 ςξιῇο-τεθΔιιξρςιιξᾷυεβει,ητμὲ-Ῑὲᾷιιθηις.
1908 5650 1961 5734 in
1986 5652 2091 5710 Ηεχ
2103 5643 2257 5734 ειτηερ
2263 5657 2394 5734 iis".
2415 5657 2667 5734 Synttnac
2675 5661 2742 5713 ho
2768 5662 2962 5734 tribuit
2982 5664 3511 5734 interpretationem.
3532 5668 3740 5724 scilicet

492 5710 651 5797 tibia“
672 5714 969 5797 τριστατῶν
1000 5713 1255 5797 πάντωντ
1281 5710 1746 5797 ξξνΒγάνθρὼποις.
1812 5721 1976 5797 ξὲπλ.
2011 5743 2062 5779 κ.
2095 5710 2155 5780 τί
2177 5727 2224 5778 λ.
2251 5728 2411 5780 Hebr.

494 5776 561 5833 Et
619 5776 862 5854 ﬂagravit
911 5798 1096 5839 atnorc
1149 5781 1481 5836 amasioruin
1525 5776 1756 5842 suorum
1818 5776 2146 5866 (priorum).-
2180 5776 3006 5862 ίάίδ.
3049 5776 3451 5865 οὲἐῗίῖηὲιέἰῗζ
