4116 6396
434 412 562 477 1041

1572 423 1653 483 ΙΝ
1694 425 2139 486 EZECIIIELIS
2172 430 2331 489 CAP.
2363 431 2587 491 XXIII.

3567 423 3700 486 10l2

501 525 714 595 κβ’-κδ¹.
757 526 859 581 Διὰ
881 528 1057 583 τοῦτο
1088 530 1258 585 rdiis“
1286 532 1447 603 λέγει
1485 534 1734 589 Ἀδωναῒ
1763 536 1975 603 Κύριος
1995 554 2008 567 ·

2186 540 2352 600 Vens.
2384 541 2577 597 εει-ει.
2625 543 2912 610 Propterea
2943 540 3053 594 lucc
3095 537 3224 591 dicit
3267 535 3476 590 Δάοιιαὶ
3522 533 3704 587 Domi-

441 616 587 671 Ἰδοὺ
614 616 730 687 ἐγὼ
750 617 1028 689 egere/pm
1051 620 1192 686 τοὺς
1224 621 1482 691 ἐραστάς
1515 640 1631 679 σου
1660 625 1758 680 ἐπὶ
1785 626 1881 689 σὲ,
1912 627 2014 694 ἀφ’

423 706 514 765 ὧν
555 712 793 781 ἀπέστη
838 714 877 781 ἡ
916 715 1086 784 ψυχή
1121 730 1239 772 σου
1276 718 1378 772 ἀπ’
1417 718 1636 781 αὐτῶν,
1680 719 1776 773 καὶ
1814 720 2015 786 ἐπάξω

424 802 653 870 αὐτοὺς
681 804 780 857 ἐπὶ
808 803 884 858 σὲ
907 808 1223 861 κυκλόθεν.
1256 808 1408 875 Τοὺς
1433 810 1603 877 υἱοὺς
1634 812 2010 878 Βαϐυλῶνος,

426 898 527 951 καὶ
551 896 783 963 πάντας
815 897 955 963 τοὺς
990 898 1346 966 Χαλδαίους,
1381 902 1679 971 Φακοὺμτ,
1715 904 1811 957 καὶ
1836 904 2012 969 Σοὺδ,

428 988 526 1042 καὶ
553 988 735 1051 Κοὺδ,
772 989 869 1042 καί
902 988 1135 1056 πάντας
1175 991 1345 1058 υἱοὺς
1385 993 1714 1062 Ἀσσιφίων
1747 994 1873 1063 μετ’
1907 996 2015 1049 αὑ-

428 1077 582 1146 τῶν,
638 1080 1002 1147 νεανίσκους
1049 1081 1441 1149 ἐπιλέκτους,
1493 1085 1867 1154 ἡγουμένους
1911 1086 2012 1140 καί

428 1173 804 1240 στρατηγούς
822 1188 834 1201 ο
864 1172 1096 1238 πάντας
1118 1174 1438 1242 τριστάτας
1454 1177 1475 1208 ⁸
1496 1177 1595 1230 καὶ
1613 1177 2010 1246 ὀνομαστοὺς,

430 1263 792 1329 ὶππεύοντας
826 1263 918 1331 ἐφ’
946 1264 1166 1318 ἵππων.
1194 1265 1306 1319 Kal
1337 1266 1597 1334 ἥξουσιν
1624 1268 1723 1322 ἐπὶ
1758 1268 1834 1323 σὲ
1864 1269 2014 1323 πάνυ·

432 1371 528 1420 τες
553 1354 672 1408 ἀπὸ
697 1354 924 1423 βορῥᾲ⁹
951 1356 1081 1424 μεθ’
1108 1358 1151 1405 ιο
1173 1356 1399 1423 ὅπλων,
1448 1360 1547 1414 καὶ
1581 1360 1878 1428 ἁρμάτων,
1913 1360 2014 1415 καὶ

429 1444 678 1513 τροχῶν,
726 1445 822 1498 καί
868 1447 1144 1514 πλήθους
1178 1448 1345 1503 λαῶν
1374 1468 1388 1483 ο
1443 1451 1539 1504 καὶ
1573 1451 1862 1519 θώρακας,
1914 1451 2013 1506 καὶ

428 1536 715 1601 ἀσπίδας,
742 1536 841 1590 καὶ
863 1541 1330 1608 περικεφαλαίας
1349 1542 1771 1612 περιθήσονται
1795 1543 1892 1597 ἐπὶ
1913 1543 2012 1608 σὲ,

430 1629 528 1681 καὶ
552 1628 869 1693 ,ϐαλοῦσιν
890 1629 990 1683 ἐπὶ
1029 1631 1105 1684 σὲ
1137 1632 1483 1700 φυλακὴνίί
1517 1634 1740 1698 κύκλῳ.
1795 1635 1871 1686 Δι’
1916 1635 2014 1687 αὐ-

428 1722 557 1786 τῶν,
592 1724 746 1793 φησὶ.
792 1723 1013 1794 μαθήση
1044 1726 1155 1780 τῶν
1192 1728 1557 1799 πραγμάτων,
1602 1728 1686 1791 τίς
1733 1728 1832 1799 μὲν
1879 1726 2011 1797 ἐγὼ,

431 1814 574 1874 τίνες
601 1814 656 1867 δὲ
686 1816 737 1867 οἱ
765 1816 992 1885 ἐρασταί
1018 1835 1113 1870 σου
1133 1835 1147 1849 ο
1174 1818 1284 1887 ἐγὼ
1316 1820 1413 1890 μὲν
1442 1820 1551 1891 γὰρ
1579 1818 2013 1891 καταφρονηθεὶς

433 1904 538 1957 ὑπὸ
568 1906 659 1958 σοῦ
694 1907 1062 1978 μακροθυμῶν
1088 1910 1362 1964 διετέλεσα
1386 1930 1399 1941 ·
1437 1904 1582 1963 οὗτοι
1612 1911 1669 1963 δὲ
1699 1910 2017 1980 παραυτίκα

431 1997 529 2068 τὴν
563 1996 662 2068 σὴν
692 1998 993 2052 ἀπόστασιν
1024 2000 1313 2069 μαθόντες,
1349 2002 1490 2071 μετὰ
1517 2001 1868 2070 παντοδαπῆς
1893 2001 2019 2069 ἀφί-

432 2088 614 2153 ξονται
662 2090 984 2156 πανοπλίας,
1037 2092 1226 2156 ἵπποις
1279 2094 1372 2149 καὶ
1412 2093 1621 2164 ἅρμασι
1665 2093 2017 2163 κεχρημένοι,

431 2181 526 2236 καὶ
557 2181 686 2245 τοὺς
733 2182 1010 2252 ὑπηκόους
1041 2172 1299 2247 ἅπαντας
1334 2184 1687 2254 ἐπαγόμενοι,
1727 2185 1822 2237 καὶ
1853 2201 2020 2256 χαρα-

431 2271 655 2343 κώμασι
688 2273 790 2338 τὰς
823 2273 921 2337 σὰς
952 2274 1391 2345 ἀποτειχίσουσιν
1417 2277 1676 2340 εἰσόδους.
1716 2275 1886 2328 Τοῦτο
1913 2277 2020 2346 γὰρ

431 2366 710 2436 ἐσήμηνεν
753 2364 992 2437 εἰρηκώς
1024 2382 1038 2397 ’
1110 2384 1129 2418 ι
1161 2366 1483 2421 Βαλοῦσινη
1527 2369 1621 2421 ἐπὶ
1664 2369 1722 2421 σὲ
1774 2368 2018 2439 φυλακὴν

436 2458 641 2530 κύκλῳ.
673 2478 693 2511 s
725 2456 858 2513 Εἶτα
883 2459 1136 2531 ἐπιφέρει
1160 2476 1175 2490 ο

508 2548 621 2602 Καὶ
664 2548 833 2603 δώσω
876 2549 992 2618 πρὸ
1032 2552 1356 2619 προσώπου
1403 2550 1604 2604 αὐτῶν
1654 2550 1866 2619 κρῖμα,
1921 2551 2018 2604 καί

440 2640 830 2708 ἐκδικήσουσί
852 2656 925 2696 σε
950 2642 1020 2696 ἐν
1044 2642 1170 2709 τοῖς
1190 2645 1475 2712 κρίμασιν
1494 2642 1712 2699 αὐτῶν.
1740 2641 1885 2712 (κε’.)
1910 2642 2021 2697 Καὶ

436 2732 606 2787 δώσω
631 2735 739 2788 τὸν
775 2733 963 2803 ζῆλόν
978 2754 1098 2806 μου
1122 2735 1192 2789 ἐν
1223 2735 1348 2799 σοὶ,
1379 2734 1479 2789 καὶ
1510 2733 1840 2799 ποιήσουσι
1872 2731 2023 2801 μετὰ

433 2825 551 2879 σοῦ
578 2825 650 2879 ἐν
688 2825 838 2897 ὀργῇ
865 2827 1056 2895 θυμοῦ
1079 2844 1201 2896 μου
1229 2827 1297 2881 ¹³.
1353 2825 1575 2895 Ἐπειδὴ
1620 2824 1730 2894 γὰρ
1777 2824 2021 2887 ἐκείνους

433 2918 530 2989 τῆς
558 2919 701 2990 ὲμῆς
729 2919 1109 2991 προετίμησας
1153 2918 1519 2991 προμηθείας,
1562 2916 1628 2969 δι’
1655 2915 1838 2968 αὐτῶν
1878 2914 2022 2967 ὲκεί-

433 3027 538 3064 νων
564 3010 846 3082 πράξομαί
874 3029 932 3065 σε
971 3012 1127 3076 δίκας
1161 3011 1260 3081 τῆς
1286 3012 1366 3074 εἰς
1393 3009 1496 3080 ἐμὲ
1526 3006 1896 3078 παρανομίας,
1928 3006 2025 3059 καὶ

434 3102 546 3164 τοῖς
575 3100 802 3156 ἐκείνων
838 3118 899 3155 σε
933 3101 1243 3172 παραδώσω
1289 3098 1694 3169 κολαστηρίοις.
1745 3097 2023 3166 Διηγεῖται

436 3191 492 3243 δὲ
524 3192 743 3262 καὶτῆς
770 3193 1041 3264 τιμωρίας
1077 3194 1144 3246 τὰ
1172 3192 1309 3262 εἴδη.

516 3285 665 3348 Τοὺς
681 3284 995 3354 μυκτῆράς
1028 3299 1167 3349 σου,
1187 3286 1285 3339 καὶ
1310 3286 1383 3339 τὰ
1410 3279 1532 3339 ὦτά
1559 3299 1677 3338 σου
1707 3280 2026 3351 ἀφελοῦσι,

441 3373 540 3428 καὶ
583 3374 726 3441 τοὺς
785 3376 1190 3441 καταλοίπους
1229 3388 1346 3429 σου
1396 3375 1467 3428 ἐν
1516 3373 1786 3443 ῥομφαίᾳ
1849 3385 2030 3424 κατα-

441 3466 738 3522 ϐαλοῦσιν
760 3485 774 3498 ·
826 3468 999 3523 αὐτοὶ
1037 3468 1181 3531 τοὺς
1217 3467 1388 3533 υἱούς
1421 3484 1540 3522 σου
1574 3466 1673 3520 καὶ
1708 3468 1815 3531 τὰς
1850 3468 2030 3535 θυγα-

438 3555 617 3625 τέρας
652 3570 771 3611 σου
794 3556 1118 3626 λήψονται,
1152 3556 1252 3610 καὶ
1284 3556 1428 3627 τοὺς
1467 3556 1879 3619 καταλοίπους
1908 3568 2031 3607 σου

438 3649 843 3720 καταφάγεται
878 3650 1019 3718 πῦρ.
1060 3650 1228 3721 (κς⁹.)
1280 3648 1392 3704 Καὶ
1426 3648 1765 3703 ἐχδύσουσί
1811 3663 1884 3701 σε
1926 3645 2034 3699 τὸν

439 3741 758 3809 ἱματισμόν
788 3755 926 3807 σου,
960 3741 1059 3795 καὶ
1094 3740 1397 3810 λήψονται
1422 3738 1495 3794 τὰ
1523 3740 1715 3805 σκεύη
1748 3737 1859 3805 τῆς
1891 3753 2033 3790 καυ-

442 3831 678 3901 χήσεώς
718 3847 857 3887 σου.
916 3833 1057 3898 Τοὺς
1110 3832 1211 3905 μὲν
1268 3833 1414 3905 γὰρ,
1464 3832 1619 3903 φησὶ,
1660 3828 2032 3901 δορυαλώτους

441 3922 752 3986 ἀποίσουσι,
794 3921 923 3985 τοὺς
955 3921 1014 3975 δὲ
1039 3923 1097 3975 ὲν
1121 3925 1188 3993 τῇ
1220 3921 1528 3994 παρατάξει
1556 3919 2030 3984 κατακοντίσουσι,

442 4016 567 4078 τοὺς
600 4013 658 4067 δὲ
701 4012 1201 4085 ἁκροτηριάσουσιν
1243 4012 1453 4083 ἀπηνίᾳ
1492 4011 1586 4064 xui.
1618 4010 1864 4081 ὠμότητι
1889 4007 2026 4079 χρώ-

446 4121 598 4177 μενοι
626 4121 642 4137 ο
690 4105 759 4158 τὰ
791 4105 850 4159 δὲ
894 4104 1246 4176 προσήκοντά
1277 4122 1361 4159 σοι
1390 4102 1571 4156 πάντα
1601 4101 1904 4171 ληῖσονται,
1938 4098 2034 4151 καὶ

444 4197 580 4266 πυρὶ
604 4195 675 4250 τὰ
704 4196 933 4251 πλεῖστά
961 4214 1052 4251 σου
1099 4195 1506 4269 παραδώσουσι.
1556 4193 1808 4247 Δείκνυσι
1850 4189 1907 4243 δὲ
1944 4190 2035 4243 καὶ

442 4288 544 4358 τὴν
568 4289 633 4341 ὲκ
659 4290 757 4358 τῆς
786 4287 1055 4360 τιμωρίας
1085 4287 1352 4358 ἐσομένην
1386 4286 1676 4357 ὠφέλειαν.

516 4377 618 4445 κζ’.
656 4381 771 4434 Καὶ
807 4381 1171 4451 ἀποστρέψω
1205 4383 1313 4447 τὰς
1344 4379 1624 4443 ἀσεϐείας
1653 4389 1770 4429 σου
1801 4374 1870 4428 ἐκ
1894 4372 2031 4437 σοῦ,

451 4469 549 4524 καὶ
579 4471 694 4540 τὴν
715 4474 1003 4541 πορνείαν
1031 4490 1147 4528 σου
1176 4473 1291 4542 τὴν
1315 4474 1383 4527 ἐκ
1418 4470 1530 4542 γῆς
1552 4468 1856 4538 Αἰγύπτου
1884 4468 1957 4520 οὐ
1989 4465 2032 4497 ’⁸

2118 648 2265 686 nus:
2299 630 2437 686 Ecce
2486 649 2578 703 ego
2628 633 2802 686 excito
2846 639 3117 685 amatores
3157 636 3275 682 tuos
3323 635 3511 680 contra
3543 633 3625 690 te,
3671 642 3703 677 a

2114 721 2304 791 quibus
2334 721 2523 790 defecit
2549 724 2729 775 anima
2766 731 2896 783 tua,
2941 728 2991 773 et
3032 718 3300 773 adducam
3334 732 3420 770 eos
3459 714 3527 768 ad
3565 713 3695 768 tein

2115 812 2380 877 circuitu;
2433 813 2574 880 ﬁlios
2598 811 2915 881 Babylonis,
2948 819 2995 864 et
3025 824 3201 864 omnes
3228 806 3528 869 Chalda'os,
3562 802 3706 857 Pha-

2116 920 2257 968 cum,
2299 914 2350 958 et
2399 902 2511 957 Sud
2536 942 2551 967 ,
2595 913 2642 957 et
2674 901 2790 957 Cud
2817 943 2832 967 ,
2874 912 2922 957 et
2964 918 3142 956 omnes
3181 900 3324 969 ﬁlias
3362 897 3706 966 Assyriorum

2115 1012 2235 1049 cum
2267 998 2394 1065 ipsis
2413 1013 2431 1050 :
2453 998 2670 1065 juvenes
2692 997 2907 1061 electos,
2937 996 3096 1049 duces
3119 1001 3169 1048 et
3193 992 3499 1063 prtefectos.
3526 1005 3704 1044 omnes

2117 1089 2287 1156 regios
2318 1087 2575 1141 satellites
2599 1128 2614 1152 ,
2667 1096 2715 1139 et
2753 1086 2902 1154 fama
2933 1084 3192 1146 illustres,
3229 1091 3398 1137 rectos
3429 1082 3597 1151 equis.
3636 1078 3707 1131 Et

2117 1180 2314 1232 venient
2350 1187 2535 1232 contra
2564 1188 2608 1232 te
2633 1194 2810 1231 omnes
2842 1175 2907 1228 ab
2942 1175 3191 1244 aquilone
3252 1189 3369 1227 cum
3405 1173 3569 1225 armis
3599 1211 3612 1235 ,
3652 1178 3707 1225 et

2116 1269 2405 1333 curribus,
2454 1277 2503 1324 et
2534 1268 2707 1335 rotis,
2755 1275 2804 1321 et
2859 1264 3201 1318 multitudine
3258 1263 3613 1332 populorum,
3658 1271 3708 1315 et

2115 1359 2364 1413 thoracas
2387 1400 2401 1423 ,
2449 1368 2499 1413 et
2547 1359 2753 1429 clypeos
2776 1401 2791 1421 ,
2838 1366 2887 1411 et
2918 1355 3098 1426 galeas
3131 1354 3523 1421 circumpenent
3553 1367 3708 1420 super

2115 1461 2164 1506 te
2198 1492 2213 1517 ,
2259 1461 2308 1506 et
2326 1452 2529 1520 jacient
2565 1466 2722 1519 super
2755 1459 2802 1503 te
2846 1448 3142 1502 custodiam
3190 1446 3245 1498 in
3287 1444 3535 1497 circuitu.
3579 1445 3596 1464 θ
3628 1441 3705 1495 Ex

2114 1543 2252 1613 ipsis
2278 1583 2293 1607 ,
2322 1544 2539 1613 inquit,
2585 1544 2753 1598 rebus
2780 1541 3053 1611 percipies
3074 1579 3088 1604 ,
3133 1537 3390 1608 quisnam
3434 1552 3535 1606 ego
3571 1535 3708 1599 sim,

2113 1644 2169 1689 et
2194 1635 2420 1703 quinam
2454 1643 2732 1689 amatores
2763 1633 2841 1688 tui
2870 1633 3000 1688 sint.
3041 1629 3152 1701 Ego
3184 1628 3330 1685 enim
3365 1643 3395 1681 a
3442 1637 3495 1683 te
3527 1627 3714 1696 negle-

2115 1737 2238 1783 ctus
2266 1726 2732 1798 longanimitatem
2767 1724 2997 1780 adhibui
3022 1740 3038 1779 :
3066 1723 3154 1779 isti
3192 1729 3402 1786 autem,
3431 1719 3603 1790 868
3636 1717 3712 1772 si-

2121 1819 2237 1873 mul
2277 1824 2442 1888 atque
2470 1824 2621 1872 tuam
2650 1818 3015 1874 defectionem
3046 1812 3365 1876 didicerint,
3392 1826 3516 1866 cum
3560 1809 3712 1864 omni

2128 1924 2408 1963 armorum
2456 1916 2721 1979 apparatu
2776 1907 3109 1970 advenient,
3163 1905 3321 1974 equis
3360 1909 3413 1956 et
3453 1900 3713 1955 curribus

2129 2000 2431 2065 instructi,
2483 1999 2875 2068 subiectosque
2936 1998 3038 2051 sibi
3085 2010 3281 2049 oinnes
3335 1992 3710 2055 adducentes,

2126 2090 2400 2159 vallisque
2453 2096 2510 2144 et
2563 2088 2856 2160 aggeribus
2907 2096 3031 2141 tuos
3083 2087 3267 2140 aditus
3318 2082 3711 2140 intercludent.

2129 2183 2244 2239 Hoc
2273 2184 2421 2239 enim
2449 2183 2783 2254 signiﬁcavit
2811 2225 2825 2248 ,
2855 2196 2981 2235 cum
3021 2180 3159 2233 dixit
3188 2196 3201 2233 :
3245 2196 3263 2229 ι
3302 2176 3519 2232 Jacient
3548 2191 3715 2247 super

2128 2285 2181 2332 te
2210 2278 2524 2334 custodiam
2553 2277 2609 2331 in
2638 2276 2902 2331 circuitu.
2941 2292 2959 2325 ι
3001 2271 3204 2329 Deinde
3238 2271 3429 2342 adjicit
3457 2287 3470 2324 :

2201 2542 2271 2597 Et
2298 2542 2436 2598 dabo
2462 2552 2585 2597 ante
2613 2543 2805 2611 faciem
2836 2543 3072 2612 ipsorum
3110 2538 3409 2603 iudicium,
3459 2546 3507 2591 et
3540 2534 3714 2590 vindi-

2129 2634 2325 2689 cabunt
2376 2645 2424 2689 te
2457 2634 2684 2704 judiciis
2706 2635 2839 2690 suis.
2877 2630 3069 2704 (Vens.
3104 2630 3220 2701 εει.)
3255 2627 3323 2683 Ει
3364 2626 3500 2681 dabo
3545 2627 3716 2681 zelum

2130 2744 2305 2781 meum
2348 2727 2404 2781 in
2453 2738 2504 2781 te
2531 2769 2546 2795 ,
2597 2735 2646 2780 et
2682 2726 2881 2794 facient
2925 2733 3092 2777 tecum
3138 2724 3191 2775 in
3234 2713 3318 2774 ira
3356 2720 3555 2789 furoris
3594 2718 3714 2774 mei.

2131 2818 2273 2884 Quia
2316 2819 2462 2873 enim
2505 2818 2630 2873 illos
2674 2832 2808 2872 mea:
2856 2814 3215 2886 providentiae
3252 2811 3539 2883 praetulisti
3567 2852 3581 2875 ,
3624 2825 3720 2879 per

2130 2910 2353 2966 eosdem
2403 2910 2528 2964 illos
2578 2908 2770 2964 eorum
2825 2923 2947 2978 quae
2990 2907 3044 2961 in
3102 2921 3189 2961 me
3241 2903 3519 2974 deliquisti
3575 2917 3605 2955 a
3665 2911 3719 2956 te

2135 3017 2326 3072 [uenas
2384 3003 2645 3073 exigam,
2698 3001 3060 3071 ipsorumque
3117 3005 3169 3053 te
3220 2996 3432 3051 tradam
3471 2995 3717 3066 judiciis.

2135 3093 2550 3165 Suppliciorum
2579 3101 2761 3146 autem
2790 3105 2992 3163 genera
3032 3095 3321 3144 recenset.
3454 3083 3459 3088 ’

2208 3273 2381 3329 Nares
2418 3282 2539 3327 tuas
2590 3282 2639 3327 et
2692 3288 2847 3327 aures
2884 3280 3003 3325 tuas
3044 3269 3328 3340 auferent,
3388 3279 3438 3323 et
3484 3267 3717 3338 reliquos

2134 3379 2253 3423 tuos
2282 3366 2463 3438 gladio
2492 3363 2783 3435 dejicient:
2824 3364 2927 3434 ipsi
2969 3363 3111 3433 ﬁlios
3148 3374 3267 3417 tuos
3316 3372 3367 3416 et
3416 3362 3560 3431 ﬁlias
3597 3373 3718 3416 tuas

2133 3463 2336 3530 capient
2367 3503 2381 3526 ,
2412 3469 2461 3514 et
2491 3459 2720 3528 reliquos
2749 3468 2865 3512 tuos
2893 3456 3165 3511 devorabit
3196 3457 3353 3526 ignis.
3380 3453 3575 3524 (Vens.
3598 3453 3716 3521 25.)

2134 3553 2205 3609 Et
2236 3562 2426 3608 exuent
2455 3553 2822 3607 vestimentum
2845 3560 3015 3616 tuum,
3046 3558 3096 3604 et
3126 3549 3333 3618 capient
3360 3564 3486 3602 vasa
3516 3547 3719 3617 gloria-

2137 3650 2295 3701 tionis
2329 3655 2452 3700 tuae.
2504 3644 2658 3700 Alios
2692 3645 2838 3699 enim
2876 3643 3020 3698 bello
3055 3650 3250 3713 captos
3281 3641 3557 3696 abducent
3581 3682 3595 3703 ,
3631 3641 3718 3693 in-

2134 3740 2277 3811 quit,
2312 3739 2449 3794 alios
2483 3737 2537 3791 in
2568 3737 2759 3807 praelio
2782 3735 2985 3806 jaculis
3008 3733 3348 3797 confodient,
3378 3733 3502 3787 aliis
3537 3739 3719 3786 extre.

2136 3846 2254 3886 mas
2284 3839 2470 3901 partes
2505 3844 2727 3886 summo
2751 3814 2880 3883 odio
2905 3836 2959 3882 et
2986 3826 3310 3881 crudelitate
3336 3824 3719 3894 amputabant,

2135 3930 2188 3977 et
2211 3922 2396 3977 omnia
2422 3936 2544 3991 qua:
2574 3921 2641 3975 ad
2673 3927 2725 3974 te
2752 3919 3025 3988 pertinent
3064 3916 3478 3987 praedabuntur,
3508 3923 3564 3970 et
3591 3915 3718 3984 igne

2137 4012 2406 4084 plurimas
2426 4028 2517 4068 res
2539 4020 2662 4067 tuas
2687 4015 3038 4066 consument.
3075 4007 3334 4063 Ostendit
3375 4022 3505 4063 vero
3551 4005 3718 4061 etiam

2134 4120 2205 4162 ex
2231 4104 2562 4161 crudelitate
2600 4102 2842 4157 futuram
2876 4101 3194 4157 utilitatem.

2207 4376 2376 4432 Vsus.
2420 4375 2512 4430 27.
2561 4371 2626 4426 Et
2675 4378 2914 4426 avertam
2962 4367 3252 4437 impietate:
3295 4376 3414 4422 tuas
3464 4382 3497 4419 a
3545 4373 3630 4433 te,
3665 4373 3713 4416 et

2137 4466 2505 4538 fornicationis
2537 4474 2641 4518 tute
2669 4464 2733 4517 de
2768 4470 2910 4515 terra
2946 4458 3170 4530 /Egypti
3204 4475 3310 4514 non
3358 4452 3720 4512 recordaberis

453 4560 534 4630 μὴ
576 4564 857 4634 μνησθῇς
896 4566 1006 4622 ἔτι.
1073 4567 1161 4620 Ἐν
1208 4566 1318 4638 γὰρ
1360 4566 1590 4627 ἐκείνοις
1622 4560 1890 4632 γενομένη
1921 4562 2022 4624 τοῖς

2144 4562 2399 4630 amplius.
2440 4560 2495 4613 In
2535 4558 2645 4612 illis
2675 4556 2821 4611 enim
2858 4554 3018 4608 malis
3057 4567 3183 4606 curn
3227 4551 3539 4606 versaberis
3569 4592 3584 4616 ,
3627 4556 3721 4603 tua

452 4657 661 4721 κακοῖς,
696 4659 754 4709 ὲν
787 4657 1039 4728 αἰσθήσει
1064 4659 1271 4730 γενήσῃ
1297 4658 1397 4727 τῆς
1429 4656 1633 4718 οἰκείας
1663 4651 2031 4725 παρανομίας,

450 4748 543 4801 καὶ
569 4748 799 4821 βδελύξῃ
828 4748 948 4802 λίαν
975 4751 1160 4804 ἐκεῖνα
1188 4749 1257 4804 τὰ
1279 4749 1379 4821 τῆς
1408 4747 1694 4820 συμφορᾶς
1722 4762 1804 4799 σοι
1830 4742 2033 4814 ταύτης

449 4840 716 4911 γενόμενα
742 4842 1002 4914 πρόξενα.

532 4929 640 5001 κη’,
679 4931 780 4987 κθ’.
847 4935 1005 4986 Διότι
1058 4930 1202 4986 τάδε
1262 4930 1426 5000 λέγει
1498 4927 1739 4984 Ἀδωναῒ
1782 4925 1997 4993 Κύριος
2020 4939 2034 4954 ο

461 5020 607 5076 Ἰδοὺ
665 5023 780 5093 ἐγὼ
829 5024 1202 5094 παραδίδωμι
1257 5039 1332 5078 σε
1393 5024 1480 5091 είς
1525 5021 1730 5092 χεῖρας
1802 5012 1891 5072 ὧν
1945 5035 2041 5087 ,ιιι-

448 5114 602 5182 σεῖς,
645 5116 747 5186 ἀφ’
788 5112 876 5172 ὧν
924 5117 1177 5186 ἀπέστη¹
1208 5118 1247 5187 ἠ
1281 5115 1453 5186 ψυχή
1509 5129 1627 5170 σου
1670 5112 1771 5167 ἀπ’
1812 5110 2032 5165 αὐτῶν.

451 5207 555 5259 κθ⁹.
601 5209 712 5262 Kal
760 5207 1134 5276 ποιήσουσιν
1179 5208 1249 5261 ἐν
1300 5207 1400 5261 σοὶ
1456 5206 1527 5260 ἐν
1553 5205 1743 5274 μίσει,
1790 5199 1889 5254 καί
1924 5197 2037 5265 λή-

453 5300 673 5365 ⁴ψονται
683 5299 916 5367 πάντας
941 5299 1081 5367 τοὺς
1105 5301 1335 5367 πόνους
1356 5312 1474 5353 σου
1497 5295 1595 5352 καί
1613 5294 1757 5360 τοὺς
1769 5293 2037 5363 μόχθους

2140 4655 2347 4713 scelera
2381 4651 2606 4713 senties,
2638 4657 2691 4703 et
2723 4647 3017 4705 admodum
3049 4661 3110 4700 ea
3144 4642 3573 4707 abominaberis,
3601 4655 3723 4712 quae

2139 4746 2512 4803 calamitatem
2552 4743 2715 4796 istam
2751 4738 2849 4794 tibi
2885 4736 3258 4792 conciliarint.

2217 4917 2386 4972 Vnus.
2416 4914 2510 4975 28.
2544 4913 2635 4968 ‘29.
2678 4911 2817 4975 Quia
2850 4908 2960 4963 luec
2996 4906 3126 4963 dicit
3169 4905 3380 4961 Adonei
3427 4905 3721 4960 Dominus:

2148 5011 2283 5068 Ecce
2322 5024 2420 5079 ego
2449 5003 2606 5060 trado
2638 5013 2687 5057 te
2729 5002 2783 5054 in
2832 5016 3022 5055 manus
3054 5015 3238 5053 eorum
3279 5014 3409 5067 quos
3446 4997 3608 5052 odisti
3633 5038 3647 5063 ,
3690 5014 3724 5051 a

2144 5102 2332 5175 quibus
2366 5095 2741 5169 869defccit
2773 5093 2954 5146 anima
2982 5100 3097 5145 tua.
3136 5088 3203 5145 Et
3233 5089 3429 5160 facient
3460 5100 3629 5145 tecum
3660 5106 3727 5144 ea:

2146 5194 2292 5257 odio,
2327 5200 2377 5246 et
2405 5190 2613 5259 capient
2642 5201 2818 5240 omnes
2860 5184 3066 5237 labores
3093 5194 3210 5236 tuos
3240 5193 3289 5237 et
3317 5181 3722 5252 defatigationes

2143 5300 2311 5342 tuas:
2371 5292 2421 5337 et
2476 5282 2580 5336 eris
2616 5281 2761 5333 nuda
2805 5285 2855 5331 et
2888 5275 3278 5347 ignominiosa,
3317 5285 3365 5329 et
3409 5272 3726 5349 revelabitur

1741 5468 1986 5529 νΑιιιΑε
2026 5461 2435 5522 LECTIONES.

496 5626 518 5656 ⁸
542 5625 692 5679 τάδε.
712 5624 872 5683 Deest
903 5627 1138 5689 Ὀολιϐἁ,
1158 5626 1302 5696 quod
1325 5626 1581 5697 praecedit
1597 5627 1737 5696 apud
1768 5625 1909 5681 LXX
1926 5640 1972 5681 et
1995 5629 2047 5684 in
2072 5629 2237 5685 Hebr.
2279 5628 2298 5657 "
2322 5629 2535 5697 Φακ.-
2551 5620 2716 5697 Κούδ.
2735 5621 2909 5697 Aliter
2922 5619 2968 5672 οἱ
2984 5614 3162 5697 ξλΧΧλ
3181 5615 3201 5646 ⁸
3222 5628 3396 5697 τρεστ.
3419 5610 3491 5697 If?
3510 5608 3721 5697 ϐοξιίιεξ

458 5697 562 5770 tu.
586 5678 870 5766 ίτρισσάδξ
904 5678 2236 5770 amittas;iraeadem;1.71m:
2294 5678 2349 5770 εοί
2370 5678 2487 5770 μεθῇ
2529 5723 2599 5734 -
2627 5691 2948 5770 axz-«puta
2981 5687 3092 5741 fere
3125 5678 3334 5770 Cm!le-

3446 5680 3482 5709 “
3515 5678 3634 5748 φυλ.
3664 5678 3725 5732 In

462 5765 501 5818 Β
534 5748 1289 5842 potiiiqi-‘_:_iitié”éi§{'cgiff?
1317 5767 1367 5842 B_
1388 5748 2121 5842 xsiiaafai~§fii103u@on
2132 5748 2264 5825 lies.
2298 5748 2552 5823 in'llebr.
2635 5764 2677 5795 “
2709 5748 2795 5817 οὑξ
2824 5761 2945 5816 Des.
2969 5774 3029 5814 ea
3051 5748 3329 5827 quaeapnd
3364 5748 3497 5805 LXX
3536 5762 3723 5818 prmum.

462 5839 554 5890 καὶ
578 5840 636 5891 οὐ
669 5838 745 5910 μὴ
772 5838 913 5912 ἄρῃς
936 5840 1059 5904 τοὺς
1093 5838 1404 5911 ὀφθαλμούς
1432 5855 1524 5893 σου
1557 5837 1642 5893 ἐπ’
1682 5837 1898 5905 αὐτοὺς,
1956 5837 2049 5896 καὶ
2098 5842 2395 5910 Αἰγύπτου.
3534 5840 3537 5843 ’
