4116 6414
413 448 416 452 ·
439 423 573 490 1043

1411 393 1901 490 THEODORETI
1931 425 2272 490 EPISCOPI
2301 425 2665 486 CYRENSIS

3553 422 3690 489 1044

434 541 726 614 ignominia
754 542 1123 613 fornicationis
1155 550 1258 598 tua:
1287 550 1335 596 et
1366 543 1652 612 impietatis
1685 554 1809 600 tute.
1833 546 1998 600 Amo-

2109 555 2238 607 o'ov,
2262 541 2357 595 καὶ
2380 541 2495 612 ἔσῃ
2523 541 2720 610 γυμνὴ
2743 536 2840 593 καί
2858 538 3321 609 ἀσχημονοῦσα·
3341 540 3440 595 καί
3465 537 3690 593 ἀποκα-

434 649 526 698 re,
569 635 768 704 inquit,
813 633 1192 690 Chaldaeorum
1225 643 1387 706 capta
1427 651 1624 692 rursus
1658 653 1755 694 eos
1799 637 1999 693 odisti:

433 742 622 781 verum
651 741 752 796 ego
791 726 911 782 istis
950 734 1004 781 te
1036 725 1249 782 tradam
1276 767 1290 793 ,
1327 743 1425 798 per
1457 744 1599 798 quos
1645 745 1676 783 a
1721 740 1773 786 te
1813 746 2004 800 poenas

432 817 642 886 exigam
697 825 751 870 et
800 817 1109 886 supplicia,
1165 817 1372 888 quibus
1437 827 1606 873 totam
1663 821 2001 891 impietatem

436 914 582 960 tuam
625 906 827 960 nudam
880 909 1158 965 indicabo.
1194 910 1418 966 Discent
1449 911 1596 966 enim
1633 912 1710 976 ii,
1750 913 1844 983 qui
1883 922 2005 969 tuas

433 1001 823 1070 conspexerint
885 1001 1267 1068 calamitates,
1321 1016 1510 1057 earum
1575 1018 1800 1058 causam
1854 1013 2002 1060 tuam

437 1089 608 1147 fuisse
637 1092 1003 1164 iniquitatem.
1037 1092 1248 1150 ldcirco
1277 1095 1475 1152 merito
1508 1095 1744 1173 subjecit
1779 1113 1792 1150 :

511 1347 682 1404 Vens.
715 1349 804 1405 30.
857 1348 1168 1405 Fornicatio
1244 1361 1338 1407 tua
1389 1353 1511 1422 fecit
1553 1354 1652 1408 tibi
1687 1355 1832 1418 lucc.
1885 1373 2002 1410 cum

437 1440 738 1496 ambulares
765 1451 881 1511 post
910 1452 1086 1513 gentes
1107 1484 1123 1510 ,
1158 1453 1207 1499 et
1245 1445 1559 1514 poliuereris
1591 1447 2002 1517 cogitationibus

436 1548 636 1586 carum.
673 1529 874 1588 Secuta
897 1548 980 1596 es,
1016 1535 1034 1556 ⁶
1062 1533 1272 1603 inquit,
1299 1535 1540 1604 gentium
1579 1535 1852 1599 instituta.
1885 1554 2006 1608 qua:

437 1623 556 1678 suis
601 1623 802 1679 innixae
849 1623 1160 1681 rationibus
1216 1625 1554 1696 impietatem
1593 1630 2003 1700 excogitarunt.

404 1715 555 1771 ’Nnn
590 1719 766 1774 solum
801 1729 980 1774 autem
1010 1720 1263 1788 aliarum,
1300 1724 1396 1791 ait,
1426 1727 1674 1795 gentium
1708 1727 1918 1782 imitata
1945 1744 2006 1785 es

437 1809 794 1880 impietatem,
825 1811 921 1869 sed
948 1814 1116 1869 etiam
1144 1830 1162 1871 :

511 1985 672 2044 Vnus.
707 1989 797 2044 3|.
853 1988 921 2045 In
948 1992 1034 2046 uia
1071 1993 1271 2048 sororis
1301 2003 1408 2050 tum
1439 1995 1725 2051 ambulasti
1746 2037 1760 2063 ,
1791 2008 1842 2054 et
1869 1999 2006 2055 dabo

435 2096 528 2149 ego
555 2080 775 2136 calicem
805 2081 916 2152 ejus
947 2083 1002 2138 in
1034 2100 1220 2140 manus
1267 2097 1407 2142 tuas.
1443 2087 1798 2160 Quacumque
1837 2092 2008 2147 susti-

437 2172 585 2234 nuit,
631 2173 844 2244 inquit,
887 2174 1135 2231 Samaria
1159 2218 1174 2239 ,
1213 2177 1404 2234 eadem
1439 2188 1496 2234 tu
1522 2195 1741 2251 quoque
1767 2182 2004 2240 subibis.

436 2265 672 2319 Calicem
736 2267 880 2322 enim
935 2270 1264 2340 supplicium
1314 2275 1571 2338 vocavit,
1626 2283 1814 2344 utpote
1861 2275 2008 2348 quod

438 2355 786 2426 gravedinem
817 2369 872 2413 et
896 2359 1216 2416 ebrietatem
1259 2361 1575 2418 bibentibus
1607 2364 1794 2420 infert.

510 2532 676 2590 Vens.
713 2533 906 2590 52-54.
953 2534 1080 2590 Ilwc
1118 2536 1244 2590 dicit
1273 2536 1481 2592 Adonai
1527 2537 1826 2596 Dominus:
1862 2539 2006 2598 Cali-

437 2643 546 2680 cem
569 2627 768 2680 sororis
787 2637 895 2681 tua!
921 2625 1081 2681 bibito
1112 2629 1428 2698 profundum
1454 2639 1502 2684 et
1530 2631 1718 2698 totum,
1750 2642 1801 2688 et
1826 2635 1926 2688 erit
1955 2636 2010 2688 in

437 2719 605 2773 risum
650 2728 700 2773 et
733 2717 1198 2775 subsannationem
1233 2722 1607 2778 abundantem.
1662 2723 1732 2779 Ut
1767 2727 2010 2795 perﬁciat

438 2810 762 2872 ebrietatem,
786 2819 835 2865 et
858 2811 1209 2867 dissolutione
1246 2812 1524 2882 repteberis
1547 2855 1562 2880 ,
1600 2813 1822 2869 calicem
1843 2816 2013 2883 perdi-

441 2906 600 2959 tionis
639 2913 688 2959 et
733 2903 1037 2971 delationis,
1084 2893 1304 2959 calicem
1344 2905 1543 2959 sororis
1581 2913 1686 2959 tuae
1722 2905 2007 2962 Samariw.

443 2995 510 3050 Et
537 2995 676 3052 bibes
710 3013 858 3058 eum,
894 3005 945 3050 et
977 2996 1254 3052 exhauries
1291 2996 1448 3066 faeces
1475 3035 1491 3062 ,
1538 3005 1590 3051 et
1637 3006 1804 3053 testas
1845 2999 2010 3066 ipsius

439 3089 606 3159 870
641 3088 938 3152 devorabis,
982 3098 1032 3144 et
1064 3087 1225 3143 ubera
1260 3096 1352 3142 tua
1390 3087 1728 3144 ditacerabis.
1776 3089 2013 3145 Profun-

440 3179 568 3234 dum
598 3181 823 3236 calicem
847 3183 1061 3236 vocavit
1083 3181 1153 3236 ob
1177 3180 1508 3236 calamitatis
1538 3181 2007 3252 magnitudinem:

443 3273 610 3325 latum
640 3280 822 3328 autem
845 3312 859 3336 .
897 3281 1124 3344 propter
1155 3272 1497 3342 septuaginta
1547 3287 1816 3328 annorum
1869 3283 2010 3330 tem-

319 3376 326 3384 '
441 3381 562 3434 pus.
599 3364 896 3423 Deletionis
941 3381 1068 3421 vero
1097 3365 1325 3420 calicem
1371 3365 1752 3436 nuncupavit,
1789 3374 2013 3436 propter

442 3455 797 3511 solitudinem
825 3494 840 3518 ,
887 3469 1010 3525 qua:
1059 3454 1254 3510 urbem
1299 3465 1668 3525 occupaverat
1713 3475 1725 3510 :
1773 3464 1827 3511 et
1877 3456 2012 3512 illud

446 3563 466 3596 ι
502 3546 792 3602 exhauries
824 3545 982 3602 faeces
1007 3565 1026 3598 ι
1066 3546 1352 3616 apposuit,
1381 3547 1507 3615 quia
1538 3556 1839 3603 extremam
1890 3561 2014 3615 per-

444 3637 567 3694 tulit
609 3637 1002 3694 obsidionem:
1038 3646 1318 3711 testasque
1363 3641 1539 3711 ipsam
1582 3640 1970 3695 devoraturam
1997 3676 2012 3702 ,

443 3730 624 3795 dixit,
657 3739 881 3801 propter
910 3742 1193 3798 extrema,
1251 3733 1305 3786 in
1349 3748 1469 3804 quae
1504 3733 1699 3787 incidit
1727 3732 1911 3799 mala;
1959 3739 2015 3787 et

444 3821 616 3876 ubera
655 3822 1077 3878 dilaceraturam
1123 3833 1346 3894 propter
1383 3825 1764 3896 paenitentiam
1791 3863 1808 3890 ,
1849 3838 2012 3894 quam

446 3912 690 3982 paritura
733 3921 942 3970 essent.
987 3933 1006 3966 ι
1040 3914 1102 3971 Ει
1133 3917 1478 3972 celebritates
1508 3926 1631 3972 tuas
1657 3956 1672 3980 ,
1712 3915 1927 3986 inquit,
1961 3926 2016 3972 et

443 4007 760 4064 neomcnias
801 4018 926 4064 tuas
963 4017 1208 4064 avertam
1235 4052 1252 4078 ,
1300 4009 1430 4080 quia
1463 4025 1564 4082 ego
1602 4010 1820 4065 loculus
1845 4023 1966 4064 sum
1995 4048 2010 4072 ,

443 4095 576 4151 dicit
619 4097 832 4153 Adonai
882 4099 1167 4157 Dominus.
1198 4119 1216 4154 ι
1269 4099 1498 4156 Omnem
1545 4101 1824 4172 publicum
1879 4115 2012 4155 con-

443 4195 665 4244 ventum
708 4197 903 4253 tuum,
950 4206 1284 4263 omnemque
1331 4193 1572 4248 laetitiam
1625 4193 2011 4261 exstinguam,

441 4290 496 4336 et
538 4281 815 4352 imponam
850 4283 1032 4338 verbis
1066 4283 1228 4338 ﬁnem
1274 4303 1288 4338 :
1344 4299 1508 4341 verus
1555 4284 1699 4339 enim
1750 4299 1912 4349 sum,
1961 4292 2017 4339 et

444 4373 710 4430 mendacii
740 4389 941 4445 expers
964 4374 1248 4432 Dominus.

2103 633 2482 700 λυφθήσεται
2534 633 2572 701 ἡ
2625 632 3030 701 ἀσχημοσύνη
3081 630 3190 700 τῆς
3237 634 3523 701 πορνείας
3571 648 3688 687 σου

2105 725 2202 778 καὶ
2230 723 2342 794 τῆς
2363 723 2644 790 ἀσεϐείας
2663 739 2812 778 σου.
2846 723 3200 795 Ἐρασθεῖσα,
3229 724 3384 793 φησι,
3414 723 3522 778 τῶν
3544 726 3688 778 Χαλ-

2104 815 2290 880 δαίων,
2324 815 2488 870 πάλιν
2519 815 2718 878 αὐτοὺς
2749 813 3042 884 ἐμίσησας,
3087 813 3204 867 ἀλλ’
3229 813 3343 882 ἐγὼ
3369 815 3587 880 τούτοις
3620 834 3681 870 σε

2106 905 2437 978 παραδώσω,
2465 906 2564 959 καὶ
2593 905 2682 959 διά
2709 905 2921 959 τούτων
2951 906 3009 958 σὲ
3031 905 3187 970 δίκας
3215 906 3316 976 τῆς
3354 907 3622 979 τιμωρίας
3645 908 3686 939 ιι

2106 999 2509 1071 είσπράξομαι,
2547 999 2644 1052 καὶ
2679 997 2768 1051 διὰ
2808 999 2908 1069 τῆς
2951 998 3226 1070 τιμωρίας
3277 1000 3493 1071 γυμνὴν
3543 999 3686 1053 ἄπα-

2106 1105 2207 1143 σαν
2250 1087 2521 1154 ὑποδείξω
2568 1105 2662 1141 σου
2712 1086 2811 1158 τὴν
2853 1087 3112 1142 ἀσέϐειαν
3140 1103 3155 1118 ·
3198 1087 3536 1159 μαθήσονται
3576 1089 3686 1158 γὰρ

2104 1179 2154 1232 oi
2184 1177 2284 1242 τὰς
2329 1178 2430 1242 σὰς
2473 1176 2735 1250 θεώμενοι
2783 1177 3092 1249 συμφορὰς,
3129 1179 3312 1233 αἰτίαν
3346 1179 3553 1235 τούτων
3586 1181 3686 1252 τὴν

2105 1268 2206 1340 σὴν
2233 1269 2530 1341 γενομένην
2570 1269 2932 1342 παρανομίαν.
2970 1269 3061 1322 Διδ
3089 1269 3314 1334 εἰκότως
3341 1271 3642 1343 ἐπήγαγεν·

2179 1353 2241 1417 λ’.
2291 1360 2363 1413 Ἦ
2403 1360 2662 1428 πορνεία
2727 1375 2845 1414 σου
2867 1376 2880 1390 ·
2912 1359 3167 1428 ἐποίησέ
3229 1374 3331 1416 σοι
3382 1361 3570 1416 ταῦτα
3620 1362 3691 1416 ἐν

2105 1447 2188 1517 τῷ
2234 1448 2670 1518 ἐκπορεύεσθαι
2709 1452 2750 1482 ⁸⁸
2792 1467 2867 1505 σε
2913 1451 3106 1505 ὀπίσω
3151 1450 3272 1505 τῶν
3335 1451 3546 1516 ἐθνῶν,
3589 1455 3686 1507 καί

2104 1539 2376 1610 ἐμίαινον
2406 1542 2475 1596 ἐν
2503 1542 2630 1609 τοῖς
2645 1542 3067 1612 ἐνθυμήμασιν
3094 1542 3312 1598 αὐτῶν.
3353 1544 3686 1617 Ἦκολούθη-

2109 1649 2230 1698 σας,
2281 1634 2439 1705 φησὶ,
2474 1635 2587 1697 τοῖς
2635 1633 2744 1687 τῶν
2775 1633 2945 1688 ἐθνῶν
2979 1633 3433 1706 ἐπιτηδεύμασιν,
3480 1636 3518 1691 ἃ
3574 1640 3689 1701 τοῖς

2105 1723 2328 1789 οἰκείοις
2357 1724 2620 1796 χρώμενα
2638 1725 2920 1796 λογισμοῖς
2954 1727 3221 1798 ἐπενόησε
3251 1727 3352 1800 τὴν
3391 1729 3649 1782 ἀσέϐειαν
3669 1745 3686 1762 ο

2105 1815 2169 1870 οὐ
2226 1816 2384 1886 μόνον
2417 1817 2495 1880 δέ,
2530 1817 2686 1888 φησὶ,
2727 1818 2836 1872 τῶν
2861 1819 3036 1874 ἀλλων
3079 1817 3248 1875 ἐθνῶν
3287 1821 3556 1904 ἐμιμήσω,
3590 1822 3689 1895 τὴν

2046 1895 2086 1950 Β
2116 1907 2394 1973 ἀσέϐειαν,
2421 1907 2560 1962 ἀλλὰ
2585 1909 2699 1962 καί·
3477 1947 3486 1955 -

2180 1995 2282 2050 λα’.
2329 1998 2433 2052 Ἐν
2462 1996 2538 2066 τῇ
2579 1997 2698 2064 ὀδῷ
2721 1999 2834 2069 τῆς
2863 1999 3136 2071 ἀδελφῆς
3184 2015 3303 2056 σου
3337 2003 3688 2072 ἐπορεύθης,

2107 2088 2206 2142 καί
2235 2088 2408 2144 δώσω
2451 2089 2567 2161 ἐγὼ
2615 2089 2684 2145 τὸ
2727 2091 3016 2161 ποτήριον
3069 2092 3263 2162 αὐτῆς
3308 2095 3396 2160 είς
3427 2094 3538 2161 τὰς
3573 2095 3692 2164 χεῖ-

2100 2182 2218 2250 ράς
2259 2197 2397 2238 σου.
2438 2183 2506 2256 ῘΔ
2551 2182 2813 2249 πέπονθε,
2855 2183 3042 2255 φησὶν,
3080 2187 3114 2256 ἡ
3149 2185 3458 2256 Σαμάρεια,
3517 2187 3688 2240 ταῦτα

2108 2272 2205 2325 καὶ
2237 2273 2301 2326 σὺ
2332 2272 2498 2345 πείσῃ
2525 2291 2538 2304 ·
2582 2274 2844 2345 ποτήριον
2901 2273 3011 2346 γὰρ
3038 2275 3138 2347 τὴν
3175 2275 3446 2346 τιμωρίαν
3496 2277 3686 2330 ἐκάλε-

2111 2379 2241 2428 σεν,
2273 2361 2349 2426 ώς
2395 2361 2566 2434 κάρον
2615 2363 2709 2418 καὶ
2765 2361 2938 2434 μέθην
2988 2365 3103 2426 τοῖς
3142 2363 3386 2417 πίνουσιν
3431 2363 3689 2434 ἐμποιοῦ-

2110 2470 2230 2508 σαν.

2182 2541 2401 2612 λβ’-λδ’.
2428 2540 2577 2596 Τάδε
2591 2541 2753 2610 λέγει
2782 2541 3023 2596 Ἀδωναῒ
3039 2542 3276 2609 Κύριος,
3310 2541 3380 2597 Τὸ
3403 2541 3689 2611 ποτήριον

2109 2632 2219 2703 τῆς
2250 2632 2521 2702 ἀδελφῆς
2548 2648 2666 2688 σου
2698 2633 2906 2687 πίεσαι
2939 2633 3006 2687 τὸ
3028 2633 3213 2700 βαθὺ,
3239 2635 3337 2687 καὶ
3362 2636 3428 2688 τὸ
3455 2634 3681 2696 πλατὺ,

2109 2723 2209 2776 καὶ
2243 2722 2477 2778 ἕσται¹⁷
2507 2726 2597 2788 εις
2619 2722 2847 2793 γέλωτα
2881 2723 2981 2777 καὶ
3013 2725 3156 2790 sicul
3181 2723 3605 2794 μυκτηρισμὸν
3623 2724 3691 2777 τὸ

2119 2810 2468 2874 πλεονάζον.
2511 2814 2620 2869 Τοῦ
2641 2815 3008 2870 συντελέσαι
3019 2815 3218 2886 μέθην
3257 2816 3324 2878 ⁸⁸,
3363 2816 3462 2869 καὶ
3511 2816 3689 2870 ἐκλύ-

2108 2921 2264 2972 σεως
2282 2906 2638 2976 πλησθήσῃ,
2680 2907 2970 2976 ποτήριον
2999 2908 3295 2978 άφανείας
3319 2908 3420 2964 καὶ
3456 2909 3503 2942 ⁸⁸
3538 2909 3691 2978 ἀφα-

2109 2997 2353 3067 νισμοῦ.
2381 2996 2673 3066 ποτήριον
2687 2998 2960 3067 ἀδελφῆς
2972 3015 3090 3054 σου
3125 3001 3480 3070 Σαμαρείας.
3499 3000 3616 3056 Καὶ
3640 3001 3685 3032 ²¹

2110 3087 2220 3157 ετιῇ
2250 3090 2418 3157 αὐτὸ,
2465 3091 2564 3145 καὶ
2587 3091 3018 3168 ἐκστρατγιεῒς,
3052 3091 3152 3146 καὶ
3179 3093 3254 3146 τὰ
3291 3091 3557 3162 ὄστρακα
3583 3095 3688 3148 αὐ-

2111 3181 2218 3235 τοῦ
2252 3181 2660 3250 κατατρώξεις,
2689 3184 2786 3241 καὶ
2812 3183 2964 3251 τοὺς
2987 3185 3263 3254 μαστούς
3299 3198 3416 3240 σου
3460 3199 3691 3238 κατατι-

2114 3272 2262 3340 λεῖς.
2293 3273 2438 3328 Βαθὺ
2462 3274 2522 3328 τὸ
2551 3276 2809 3346 ποτήριον
2833 3277 3082 3344 ἐκάλεσε,
3118 3276 3206 3330 διὰ
3235 3277 3297 3331 τὸ
3326 3277 3559 3348 μέγεθος
3584 3276 3689 3346 τῆς

2118 3363 2404 3433 συμφορᾶς
2430 3378 2445 3394 ⁸
2498 3362 2673 3417 πλατὺ
2723 3365 2825 3430 δὲ,
2873 3365 2962 3421 διὰ
3013 3364 3107 3419 τὸν
3155 3365 3266 3422 τῶν
3318 3366 3692 3438 ἐϐδομήκοντα

2115 3452 2254 3507 ἐτῶν
2295 3453 2490 3524 χρόνον
2515 3468 2530 3484 ⁸
2572 3452 2886 3525 ἀφανισμοῦ
2919 3454 2975 3510 δὲ
3005 3455 3263 3526 ποτήριον
3296 3455 3570 3526 ώνόμασε,
3603 3453 3692 3507 διὰ

2114 3543 2212 3612 τὴν
2242 3542 2540 3615 γενομένην
2560 3531 2800 3616 ἐρημίαν
2836 3547 2902 3616 τῇ
2945 3544 3098 3598 πόλει
3125 3562 3140 3576 ·
3173 3545 3235 3598 τὸ
3253 3545 3312 3599 δὲ
3363 3565 3381 3596 ι
3410 3547 3691 3616 ἐκστρατ-

2115 3635 2254 3702 γιεϊς
2292 3653 2310 3686 ι
2357 3634 2775 3705 προστέθεικεν,
2802 3635 2992 3707 ἐπειδὴ
3029 3635 3352 3690 τελευταίαν
3375 3638 3420 3668 ¹¹
3451 3636 3550 3707 τὴν
3590 3653 3691 3690 πο-

2114 3723 2360 3795 λιορκίαν
2411 3723 2695 3794 ὑπέμεινε,
2736 3725 2830 3779 καὶ
2876 3727 2944 3780 τὰ
2989 3725 3234 3797 ὄστρακα
3271 3726 3330 3780 δὲ
3366 3726 3536 3798 αὐτὴν
3583 3725 3690 3796 ἔφη

2115 3813 2508 3884 κατατρώξειν,
2525 3814 2613 3868 διὰ
2649 3815 2709 3868 τὸ
2735 3815 2988 3886 ἐσχάτοις
3016 3817 3432 3888 περιπεσεῖσθαι
3460 3821 3688 3882 κακοῖς⁸

2115 3906 2240 3970 τοὺς
2284 3905 2343 3960 δὲ
2379 3908 2622 3976 μαστοὺς
2655 3907 2986 3973 κατατιλείν,
3019 3907 3105 3962 διὰ
3135 3908 3233 3981 τὴν
3261 3911 3327 3964 ἐκ
3366 3910 3477 3963 τῶν
3505 3909 3693 3964 κακῶν
3756 3927 3770 3939 η

2114 4000 2415 4072 γενομένην
2464 4002 2853 4073 μεταμέλειαν.
2919 4004 3072 4058 «Καὶ
3094 4004 3139 4037 ³³
3188 4004 3289 4068 τὰς
3325 4004 3521 4077 ἐορτάς
3565 4022 3690 4067 σου,

2115 4091 2270 4160 φησὶ,
2322 4093 2418 4146 καὶ
2470 4093 2769 4164 νουμηνίας
2785 4093 2831 4125 ³⁸
2881 4111 2976 4148 σου
3025 4095 3377 4166 ἀποστρέψω,
3415 4095 3551 4150 διότι
3583 4094 3693 4163 ἐγὼ

2114 4179 2407 4252 λελάληκα,
2446 4180 2596 4251 λέγει
2637 4182 2862 4238 ’Δδωναῒ
2896 4183 3117 4254 Κύριος.
3143 4202 3163 4237 s
3205 4184 3393 4238 Πᾶσάν
3442 4202 3538 4238 σου
3591 4201 3693 4237 πα-

2115 4273 2362 4344 νήγυριν,
2399 4273 2493 4327 καὶ
2545 4275 2727 4328 πᾶσαν
2771 4275 3036 4346 θυμηδίαν
3070 4276 3414 4343 κατασϐέσω,
3443 4278 3539 4330 καὶ¹
3573 4279 3692 4329 ἐπι-

2117 4362 2269 4434 θήσω
2305 4365 2419 4427 τοῖς
2460 4363 2644 4434 λόγοις
2701 4365 2763 4418 τὸ
2806 4366 2990 4430 τέλος
3018 4367 3226 4439 ἀληθὴς
3273 4368 3383 4439 γάρ
3428 4370 3566 4439 είμι,
3598 4368 3693 4422 καὶ

2117 4453 2352 4525 ἀψευδὴς
2381 4455 2678 4526 Δεσπότης.

518 4549 682 4608 Vens.
719 4549 812 4606 55.
843 4549 1127 4618 Propterea
1159 4529 1269 4604 huic
1306 4550 1439 4604 dicit
1474 4549 1680 4605 Ad‘onai
1711 4551 2008 4606 Dominus:

2185 4547 2283 4602 λε’.
2335 4545 2440 4599 Διὰ
2498 4546 2675 4602 τοῦτο
2727 4546 2869 4602 τάδε
2927 4549 3092 4619 λέγει
3136 4548 3378 4604 Ἀδωναῒ
3437 4549 3688 4618 Κύριος,

444 4640 523 4698 Eo
552 4643 688 4712 quod
722 4643 885 4697 oblita
913 4659 968 4697 es
992 4643 1092 4696 mei
1120 4682 1135 4706 ,
1182 4650 1231 4695 et
1269 4643 1538 4713 projecisti
1566 4659 1645 4699 me
1673 4653 1790 4712 post
1820 4660 2008 4714 corpus

2129 4640 2272 4697 ‘Arﬂ'
2294 4634 2383 4695 ὧν
2404 4640 2704 4696 ἐπελάθου
2720 4659 2862 4710 μου,
2891 4643 2989 4697 καί
3024 4641 3364 4712 ἀπέρῤιψάς
3383 4659 3461 4712 με
3501 4643 3693 4696 ὀπίσω

445 4745 623 4799 ιιιιιηι,
653 4743 702 4788 et
731 4743 788 4787 tu
816 4750 940 4798 cape
962 4732 1282 4802 impietatem
1310 4744 1456 4789 tuam
1475 4775 1490 4801 ,
1535 4743 1584 4789 et
1608 4735 2008 4805 fornicationem

2116 4731 2225 4786 τοῦ
2262 4731 2536 4799 σώματός
2563 4732 2608 4763 ³⁸
2644 4747 2784 4797 σου,
2810 4732 2909 4786 καί
2933 4732 3014 4787 σὺ
3051 4732 3200 4788 λάϐε
3243 4732 3358 4800 τὴν
3412 4731 3694 4788 ἀσέϐειάν

446 4835 612 4880 tuam.
640 4825 777 4890 Quia
803 4825 978 4880 cultui
1004 4840 1128 4880 meo
1159 4825 1410 4894 corporis
1441 4824 1749 4894 voluptates
1784 4836 2008 4895 antepo-

2117 4838 2256 4887 σου,
2297 4823 2395 4876 καὶ
2443 4821 2560 4890 τὴν
2608 4824 2897 4891 πορνείαν
2943 4837 3082 4879 σου.
3132 4825 3353 4895 Ἐπειδὴ
3391 4823 3693 4897 προετίμη-

443 4916 624 4981 suisti,
665 4920 907 4989 suscipe,
935 4917 1134 4988 inquit,
1177 4917 1610 4984 intemperantiae
1639 4918 1884 4986 praemia.
1911 4917 2008 4972 Per

2122 4931 2219 4976 σας
2251 4914 2351 4984 τῆς
2383 4912 2523 4984 ἐμῆς
2558 4912 2858 4984 θεραπείας
2899 4914 3000 4980 τὰς
3038 4915 3130 4970 τοῦ
3178 4915 3430 4987 σώματος
3478 4915 3690 4987 ἡδονὰς,

446 5006 558 5062 ιιιεο
587 5015 768 5062 autem
794 5010 997 5074 innuit,
1023 5009 1439 5063 fittulantentum
1476 5007 1773 5076 impietatis
1803 5011 2008 5062 scelera

2120 5004 2290 5070 δέξαι,
2339 5006 2495 5075 φησὶ,
2540 5005 2638 5076 τῆς
2675 5007 2972 5072 ἀκολασίας
3018 5007 3088 5062 τὰ
3131 5009 3411 5080 ἐπίχειρα.
3451 5009 3693 5062 Αίνίττε-

445 5097 616 5154 fuisse
643 5119 656 5155 :
695 5102 1054 5157 inservientes
1088 5099 1238 5156 enim
1268 5099 1642 5168 voluptatibus
1661 5100 1713 5156 in
1743 5099 2008 5155 idolorum

2121 5116 2212 5152 ται
2234 5099 2292 5152 δὲ
2324 5099 2414 5154 διὰ
2438 5099 2665 5167 τούτων,
2695 5101 2770 5167 ὡς
2796 5103 3080 5175 ὑποϐάθρα
3111 5105 3213 5175 τῆς
3241 5105 3497 5168 ἀσεϐείας
3521 5107 3555 5176 ἠ
3591 5121 3694 5157 πα-

445 5191 681 5262 prolapsi
710 5203 840 5249 sunt
870 5193 1102 5249 cultum.

2121 5189 2356 5260 ρανομία
2407 5191 2732 5262 γεγένηται·
2768 5195 2890 5257 ταῖς
2934 5193 3044 5266 γὰρ
3087 5196 3306 5266 ἡδοναῖς
3354 5195 3695 5259 δουλεύοντες

2117 5282 2196 5344 εἰς
2222 5282 2320 5354 τὴν
2353 5283 2463 5338 τῶν
2493 5282 2727 5342 εἰδώλων
2755 5284 3011 5358 λατρείαν
3039 5287 3483 5361 ἐξεκυλίσθησαν.

1721 5452 1954 5509 VARI/8
1984 5455 2389 5520 LECTIONES.

545 5588 587 5666 3'
613 5604 728 5669 τψτ
754 5589 794 5643 Β
819 5588 1103 5676 ἀέξεσξίαςει
1154 5589 1198 5621 ³⁸
1218 5586 1268 5670 ,Β
1289 5587 1670 5676 ξξιποργξῦσακ
1700 5591 1992 5676 juxtanrec.
2017 5597 2153 5676 lect.
2175 5597 2361 5676 Hebr.‘
2382 5603 2510 5670 quia
2553 5602 2755 5676 polluta
2784 5621 2844 5659 es
2864 5605 3120 5676 periidola
3155 5620 3369 5676 eorum.
3449 5604 3691 5676 "litat.

446 5653 607 5744 ῌεὺζ.
633 5653 776 5744 teris;
855 5660 1028 5744 ’ἑξείςὶ
1067 5659 1187 5714 Des.
1216 5658 1270 5712 in
1302 5659 1358 5712 Β.
1409 5653 1503 5744 ,1⁸³
1525 5678 1581 5744 ξ.
1620 5653 1764 5744 συντ.
1795 5664 2030 5744 μεθ-Λᾶ
2058 5683 2207 5744 ve_r_s._
2229 5653 2300 5724 5'2
3159 5653 3243 5706 *ἶδ
3413 5653 3540 5728 καί..

445 5729 586 5817 Ἧι
633 5727 792 5817 Lagi.
871 5730 912 5760 ἰ
945 5733 1131 5817 ξαιῄ-
1163 5745 1366 5817 τεαῖς.
1409 5728 1490 5817 lla-
1525 5727 1881 5817 fereﬂoqipl.
1913 5735 2068 5805 juxta
2115 5737 2282 5795 Hebr.
2358 5746 2402 5774 υ
2441 5727 3188 5802 δ’τελέυέαιᾶῗλῖέιοὶῐ-
3214 5727 3445 5817 dixicap.
3477 5744 3601 5802 Des.
3619 5727 3692 5803 in

449 5798 608 5855 llebr.
697 5800 916 5870 "voup.
945 5800 982 5856 B
1012 5815 1199 5872 prtem.
1237 5798 1358 5860 τὰς.
1445 5799 1490 5830 ’⁸
1517 5817 1562 5854 τ.
1599 5798 1932 5872 σώμᾞὲῡνῖ
1949 5817 2069 5878 post
2105 5818 2314 5882 tergum
2351 5819 2526 5868 tuum.
