4116 6420
433 425 572 492 Μίὸ
1557 428 1639 490 IN
1670 428 2015 491 EZECHIEI

2152 432 2312 492 CAP.
2341 434 2546 492 XXIII
3564 428 3697 491 1046

502 531 610 598 λς’.
642 530 755 586 Καὶ
786 528 918 586 εἶπε
957 535 1176 604 Κύριος
1217 533 1367 603 πρὸς
1391 532 1492 605 μὲ,
1538 535 1634 589 Υἱὲ
1683 537 2015 607 ἀνθρώπου,

2194 539 2365 597 Vens.
2405 543 2509 608 36,
2560 543 2648 598 '57.
2714 543 2777 597 Et
2821 542 2956 596 diuit
2996 541 3256 603 Dominus
3298 537 3370 592 ad
3414 555 3492 592 me
3527 552 3545 589 :
3589 537 3699 595 Fili

431 626 482 677 si
498 623 543 655 “
572 622 796 692 κρινεῖς
827 623 943 691 τὴν
980 624 1242 681 Ὀολλὰν
1281 626 1381 680 καὶ
1427 627 1541 696 τὴν
1580 629 1873 693 Ὄολιϐὰν,
1918 629 2015 683 καί

2118 630 2370 698 hominis,
2391 649 2516 686 num
2529 632 2803 704 judicabis
2825 630 3039 687 Oollam
3061 638 3111 685 et
3136 628 3401 691 Oolibam,
3426 636 3475 682 et
3494 643 3697 681 annun-

366 777 371 781 ,
430 714 782 787 array-73.13%;
822 717 865 748 ⁸⁷
897 716 1107 784 αὐταῖς
1151 716 1260 785 τὰς
1298 718 1552 789 ἀνομίας
1596 718 1795 774 αὐτῶν
1823 736 1849 786 ;
1886 719 2015 773 Ὀτι

2119 723 2278 778 tiabis
2317 723 2392 778 eis
2423 724 2624 779 scelera
2652 726 2883 780 eorum?
2914 723 3056 790 Quia
3086 719 3414 775 adulterium
3450 722 3699 795 commit-

1557 428 1639 490 ῘΝ
1670 428 2116 491 EZECHIELIS
2152 432 2313 497 CAP.
2341 434 2546 495 XXIII

431 803 781 876 byctzérro,
817 806 916 860 καὶ
947 802 1091 877 alita
1128 806 1197 861 ὲν
1245 808 1376 876 ταῖς
1397 808 1610 878 χερσὶν
1657 808 1877 872 αὐτῶν.
1913 810 2014 864 καὶ

432 896 504 950 ἐν
544 895 672 962 τοῖς
705 896 1126 968 ἐνθυμήμασιν
1157 898 1357 955 αὐτῶν
1401 899 1750 971 ἐμοιχῶντο,
1799 901 1898 955 καὶ
1944 902 2018 958 τὰ

433 986 617 1042 τέκνα
644 988 862 1055 αὐτῶν,
883 989 922 1043 d
956 988 1300 1060 ἐγέννησαν
1324 1008 1449 1061 μοι,
1479 990 1692 1061 διῆγον
1722 993 1876 1047 αὐτὰ
1901 995 2013 1049 αὐ-

434 1077 562 1142 τοῖς
591 1075 689 1132 διὰ
717 1077 910 1147 πυρός
932 1078 1003 1133 ".
1031 1079 1107 1133 Τὸ
1143 1082 1197 1135 εί
1225 1079 1450 1151 κρινεῖς
1475 1096 1495 1147 ;
1544 1082 1594 1133 οι
1646 1082 1797 1136 ἄλλοι
1838 1083 2011 1154 ἐρμη-

437 1168 623 1222 νευταὶ
651 1168 883 1241 κρίθητι
909 1171 1270 1243 ὴρμήνευσαν
1290 1189 1303 1205 ο
1330 1172 1393 1226 τὸ
1417 1172 1571 1244 ἐμὸν,
1605 1175 1790 1244 φησιν,
1812 1172 2011 1227 ἀναλα-

439 1257 547 1311 ϐὼν
582 1259 898 1328 πρόσωπον,
921 1256 966 1316 ὧ
993 1263 1269 1333 προφῆτα,
1300 1263 1525 1336 ποίησαι
1545 1263 1643 1336 τὴν
1672 1262 1856 1336 κρίσιν
1878 1264 2016 1336 πρὸς

443 1349 538 1421 τὴν
566 1348 882 1422 Σαμάρειαν
916 1354 1012 1407 καὶ
1039 1353 1139 1424 τὴν
1183 1354 1566 1427 Ἰερουσαλὴμ,
1611 1358 1709 1410 καὶ
1745 1356 2019 1425 διέλεγξον

442 1442 619 1496 αὐτῶν
655 1445 757 1507 τὰς
796 1445 1163 1517 παρανομίας,
1193 1446 1340 1511 ὅπως
1388 1450 1485 1518 μὲν
1527 1447 1629 1519 ἐμὲ
1674 1435 2021 1521 καταλιμπα-

441 1548 627 1586 νουσαι
676 1537 791 1598 τοῖς
848 1533 1090 1599 εἰδώλοις
1131 1536 1461 1606 ἐμίγνυντοο
1511 1538 1662 1601 ὅπως
1696 1537 1753 1591 δὲ
1800 1538 1870 1593 τὰ
1924 1538 2016 1592 ὑπ’

439 1622 574 1692 ἐμοῦ
623 1623 807 1689 αὐτοῖς
864 1624 1219 1697 παρεχόμενα
1283 1628 1453 1682 τέκνα
1481 1666 1497 1694 ,
1548 1627 1738 1683 θυσίαν
1789 1629 2018 1694 ἐκείνοις

440 1713 798 1784 προσέφερον,
831 1714 939 1769 τῶν
977 1715 1127 1789 ἐμῶν
1168 1716 1350 1789 νόμων
1388 1718 1879 1789 καταφρονοῦντες,
1923 1719 2021 1774 καὶ

438 1809 509 1861 τὰ
537 1807 792 1862 Σάϐϐατα
821 1826 922 1880 μου
952 1808 1329 1880 βεϐηλοῦντες.
1367 1809 1540 1864 Τοῦτο
1570 1811 1678 1884 γὰρ
1704 1811 1982 1884 ἐπήγαγεν
2002 1829 2017 1845 ·

2119 814 2294 869 tebant
2320 856 2334 880 ,
2385 823 2433 869 et
2461 816 2679 886 sanguis
2709 816 2763 871 in
2788 814 3261 870 manibuslearum
3281 853 3298 879 ,
3328 820 3378 866 et
3407 812 3463 864 in
3495 810 3700 880 cogita-

2121 905 2348 961 tionibus
2376 908 2487 961 suis
2513 906 2837 962 adulterium
2862 904 3280 969 committebant,
3310 911 3359 958 et
3387 902 3526 974 ﬁlios
3549 918 3695 969 suos,

2116 1015 2246 1070 quos
2279 1008 2569 1071 genuerunt
2612 1000 2742 1054 mihi
2768 1042 2782 1066 ,
2818 998 2927 1053 illis
2972 997 3325 1052 traduxerunt
3365 1012 3457 1066 per;
3501 996 3695 1065 ignem.

2116 1089 2280 1157 lllud,
2316 1108 2441 1146 num
2457 1091 2725 1160 judicabis
2746 1094 2771 1146 .’
2803 1091 2897 1144 alii
2920 1091 3251 1163 interpretes
3278 1090 3656 1156 exposuerunt
3680 1125 3696 1149 ,

2111 1181 2406 1253 judicator.
2438 1182 2587 1248 Mea,
2627 1183 2789 1252 8'71
2816 1181 3027 1250 inquit,
3073 1188 3324 1249 suscepta
3350 1192 3584 1247 persona
3606 1215 3622 1239 ,
3665 1191 3699 1228 υ

2120 1274 2406 1345 propheta,
2440 1272 2812 1343 iacjudicium
2837 1273 2904 1327 de
2935 1271 3178 1326 Samaria
3201 1278 3256 1326 et
3282 1268 3695 1338 Hierosolyma,

2123 1378 2426 1434 earumque
2468 1364 2682 1421 scelera
2732 1362 3054 1433 redarguito
3100 1378 3114 1415 :
3166 1358 3445 1430 quomodo
3483 1356 3698 1411 scilicet

2124 1469 2212 1510 me
2256 1455 2449 1527 relicto
2495 1469 2622 1509 cum
2665 1455 2681 1475 ‘
2734 1453 2900 1509 idolis
2939 1450 3220 1508 commisti
3269 1448 3401 1514 sint,
3446 1445 3699 1514 ﬁliosque

2114 1546 2210 1616 qui
2241 1561 2273 1601 a
2302 1562 2392 1601 me
2429 1547 2540 1602 illis
2566 1545 3022 1603 concedebantur
3045 1585 3060 1608 ,
3109 1544 3164 1597 in
3199 1539 3536 1598 sacriﬁcium
3590 1536 3700 1592 illis

2118 1637 2419 1695 obtulerint
2453 1639 2600 1709 leges
2639 1652 2791 1694 meas
2829 1643 3191 1710 aspernantes
3218 1675 3233 1702 ,
3284 1646 3515 1703 meaque
3560 1629 3698 1684 Sab-

2122 1731 2248 1787 bata
2278 1730 2655 1802 profanantes.
2696 1727 2814 1785 Hoc
2846 1730 2993 1785 enim
3029 1725 3264 1798 subjecit
3292 1746 3306 1782 :

483 1898 612 1969 ’λη’.
660 1899 814 1968 Ἕως
853 1900 950 1954 καί
1000 1900 1190 1957 ταῦτα
1224 1900 1528 1970 ἐποίησάν
1560 1919 1664 1973 μοι
1682 1944 1698 1970 ,
1747 1903 2015 1972 ἐμίαινον

2189 1906 2363 1965 Vsus.
2388 1905 2479 1964 58.
2508 1903 2700 1974 Quoad
2728 1912 2777 1959 et
2808 1903 2910 1958 ista
2942 1902 3177 1971 fecerunt
3201 1899 3332 1953 mihi
3355 1941 3369 1965 ,
3392 1895 3696 1966 polluebant

439 1989 513 2044 τὰ
539 1988 678 2062 ἅγιά
692 2008 815 2061 μου
850 1992 921 2046 ἐν
944 1990 1020 2062 τῇ
1042 1991 1234 2062 ἡμέρᾳ
1253 1992 1480 2062 ἐκείνῃ,
1511 1993 1610 2047 καί
1641 1993 1717 2047 τὰ
1745 1992 2021 2048 Σάϐϐατά

432 2101 553 2153 μου
618 2082 969 2154 ἐϐεσήλουν.
1015 2080 1153 2139 Εἶτα
1210 2085 1451 2141 διδάσκει
1492 2084 1595 2156 τῆς
1663 2083 2021 2159 βεϐηλώσεως

435 2176 659 2248 τρόπον.

506 2269 605 2325 λοι.
635 2268 746 2324 Καὶ
785 2268 856 2323 ἐν
885 2266 966 2334 τῷ
1011 2267 1263 2338 σφάζειν
1312 2269 1536 2338 αὐτοὺς
1585 2269 1662 2325 τὰ
1702 2269 1888 2325 τέκνα
1914 2270 2020 2327 αὖ·

439 2361 553 2416 τῶν
594 2361 720 2429 τοῖς
754 2359 1013 2428 εἰδώλοις
1073 2359 1293 2428 αὐτῶν,
1339 2360 1440 2415 καὶ
1466 2363 1510 2394 ¹⁹
1563 2361 2019 2432 εἰσπορεύεσθαι

439 2452 662 2521 αὐτοὺς
683 2455 770 2520 εις
802 2453 872 2508 τὰ
903 2451 1041 2522 ἅγιά
1078 2470 1199 2523 μου
1228 2452 1299 2507 ἐν
1322 2452 1399 2523 τῇ
1437 2452 1627 2523 ἡμέρᾳ
1662 2453 1864 2523 ἐκείνῃ
1890 2452 2017 2507 ἐϐε-

445 2545 673 2611 σήιιουν
700 2545 866 2600 αὐτά.
897 2544 1076 2616 Πολλὴ
1111 2544 1228 2617 δὲὴ
1261 2545 1361 2615 τῆς
1408 2545 1665 2610 ἀσεϐείας
1706 2544 2012 2616 ὑπερϐολή.

446 2634 664 2705 ῐῐρῶτον
693 2634 790 2704 μὲν
814 2633 924 2706 γὰρ
947 2634 1127 2688 αὐτῶν
1155 2635 1218 2690 τὸ
1244 2637 1472 2707 σφάζειν
1506 2638 1633 2701 τοὺς
1661 2635 1860 2700 παῖδας
1889 2636 2017 2707 ὄρος

442 2728 671 2795 ἔσχατος
695 2725 953 2790 ἀσεϐείας
978 2743 991 2755 ·
1017 2727 1080 2780 τδ
1111 2726 1168 2780 δὲ
1194 2728 1420 2791 καὶτοῖς
1445 2727 1661 2799 δαίμοσι
1690 2726 1760 2781 τὰ
1790 2725 2015 2781 τοιαῦτα

440 2804 765 2889 προσφέρειν
790 2816 1021 2886 σφάγια,
1070 2817 1232 2872 πάλιν
1273 2818 1524 2881 ἐπίτασις
1570 2817 1666 2870 τοῦ
1703 2815 1880 2871 κακοῦ
1903 2833 1917 2846 θ
1951 2817 2015 2871 τό

435 2905 491 2958 δὲ
516 2906 610 2959 καὶ
635 2906 694 2959 ἐν
719 2904 983 2977 Σαϐϐάτῳ
1027 2904 1201 2961 ταῦτα
1226 2906 1456 2978 τολμᾷν,
1490 2909 1548 2960 ἐν
1570 2900 1614 2976 ᾧ
1653 2906 1748 2960 καὶ⁵
1776 2908 1809 2979 ἡ
1842 2908 2012 2977 ἀναγ-

435 2997 565 3052 καία
595 2997 862 3070 ἀπείρητο
886 2999 1142 3070 ἐργασία,
1176 2999 1400 3071 μείζονα
1432 2999 1612 3072 πολλῴ
1645 2999 1885 3055 δείκνυσι
1912 3006 2012 3073 τὴν

2119 2008 2310 2058 saneta
2358 2014 2475 2053 mea
2507 1996 2592 2052 die
2626 1995 2752 2063 illo,
2791 2004 2840 2049 ct
2878 1992 3114 2049 Sabbata
3147 2008 3263 2045 mea
3306 1987 3691 2060 profanabant.

2120 2093 2259 2152 Tum
2290 2092 2454 2150 docet
2480 2087 2884 2163 prolanationis
2918 2084 3163 2141 modum.

2189 2265 2361 2324 Vnus.
2390 2264 2479 2323 59.
2517 2261 2585 2319 Et
2616 2278 2735 2317 cum
2757 2260 3068 2332 jugularent
3108 2258 3211 2328 ipsi
3247 2256 3390 2328 ﬁlios
3423 2272 3547 2310 suos
3579 2253 3697 2308 ido-

2119 2359 2189 2416 lis
2218 2359 2353 2425 suis,
2375 2366 2425 2413 et
2453 2373 2569 2410 cum
2598 2354 2997 2427 ingrederentur
3013 2351 3116 2420 ipsi
3143 2350 3198 2403 in
3226 2356 3414 2404 sancta
3444 2364 3561 2402 mea
3612 2347 3697 2400 die

2117 2448 2594 2522 illo,profanabant
2617 2464 2702 2503 ea.
2733 2445 2902 2501 Multa
2926 2450 3110 2499 autem
3145 2440 3445 2512 impietatis
3473 2447 3560 2495 est
3599 2454 3697 2494 ex-

2117 2543 2458 2616 superantia.
2491 2536 2740 2598 Primum
2765 2539 2913 2595 enim
2937 2579 2953 2605 ,
2990 2534 3137 2607 quod
3172 2534 3279 2606 ipsi
3311 2534 3456 2589 ﬁlios
3483 2530 3697 2602 jugula-

2117 2636 2249 2704 rint,
2270 2642 2553 2691 extremus
2579 2639 2662 2688 est
2694 2628 2994 2701 impietatis
3020 2625 3292 2682 terminus
3318 2644 3331 2679 :
3375 2623 3527 2704 quod
3558 2637 3691 2677 vero

2115 2698 2280 2784 etiam
2315 2723 2661 2782 daemonibus
2698 2698 2837 2777 tales
2869 2720 3125 2776 victimas
3152 2698 3477 2781 obtulerint,
3500 2729 3697 2769 rursus

2115 2819 2343 2877 sceleris
2366 2827 2452 2874 est
2487 2814 2869 2887 ampliﬁcatio.
2920 2812 2991 2866 At
3041 2809 3188 2883 quod
3243 2819 3298 2867 et
3345 2808 3402 2863 in
3450 2806 3698 2861 sabbato

2115 2914 2232 2969 haec
2276 2910 2398 2967 ausi
2448 2908 2696 2977 fuerint,
2756 2922 2868 2978 quo
2905 2907 3070 2962 etiam
3119 2917 3261 2973 opus
3314 2899 3697 2956 necessarium

2116 3003 2292 3057 fuerat
2345 2996 2750 3063 interdictum,
2804 2994 2982 3049 multo
3035 2991 3305 3061 majorem
3359 2986 3718 3059 impietatem-

436 3089 694 3144 ἀσέϐειαν
719 3107 733 3123 ·
768 3091 830 3144 τὸ
858 3091 916 3145 δέ
961 3091 1058 3146 καὶ
1111 3091 1250 3163 μετὰ
1296 3092 1394 3165 τὴν
1445 3092 1703 3165 τοιαύτην
1745 3094 2010 3167 ἐργασίαν

2116 3094 2479 3149 demonstrat.
2509 3088 2616 3145 Sed
2641 3086 2789 3160 quod
2823 3092 2951 3157 post
2981 3081 3253 3154 ejusmodi
3285 3080 3503 3136 facinus
3530 3078 3696 3133 etiam

437 3183 548 3237 τῶν
598 3184 758 3239 θείων
799 3183 1102 3239 ἐπιϐαίνειν
1160 3184 1451 3258 προθύρων
1483 3226 1498 3252 ,
1540 3168 1701 3250 ποίας
1748 3187 2009 3253 ἀσεϐείας

2116 3185 2299 3241 divina
2346 3181 2618 3238 vestibula
2666 3176 3117 3240 conscenderint,
3160 3174 3286 3236 hac,
3315 3186 3527 3242 quaeso,
3555 3184 3705 3241 quaa—

441 3274 748 3347 ὑπερϐολὴν
778 3274 1094 3329 καταλείπει
1120 3293 1136 3342 ;
1174 3276 1270 3330 Διὸ
1305 3276 1402 3330 καὶ
1425 3277 1734 3332 τελευταῖον
1765 3279 1898 3332 αὐτὸ
1926 3279 2011 3332 τέ-

2116 3292 2241 3333 nam
2283 3275 2459 3346 major
2502 3272 2762 3344 impietas
2810 3284 2935 3325 esse
2984 3266 3203 3338 possit?
3256 3264 3470 3319 Idcirco
3529 3260 3696 3317 etiam

443 3372 642 3433 θεικεν,
696 3367 789 3423 καὶ
841 3369 1194 3439 προστέθεικε
1240 3369 1439 3424 πάλιν·
1485 3388 1503 3422 ι
1533 3371 1643 3425 Καὶ
1693 3370 1801 3429 ἰδοὺ
1846 3369 2015 3437 οὕτως

2117 3382 2368 3428 extremo
2400 3369 2521 3423 loco
2552 3370 2655 3421 hoc
2687 3364 2893 3436 posuit,
2926 3378 2992 3417 ac
3021 3376 3222 3418 rursus
3252 3358 3454 3431 adjecit
3504 3376 3517 3412 :
3574 3375 3593 3408 ι
3631 3354 3696 3409 Et

438 3460 663 3515 ἐποίουν
701 3461 761 3513 ἐν
789 3458 943 3530 μέσῳ
974 3458 1066 3512 τοῦ
1096 3458 1245 3515 οἴκου
1273 3477 1397 3531 μου.
1427 3479 1446 3512 ι
1478 3460 1714 3531 Ταύτην,
1735 3461 1891 3533 φησὶ,
1917 3463 2015 3533 τὴν

2116 3478 2244 3519 ecce
2285 3462 2368 3517 sic
2415 3460 2692 3516 faciebant
2740 3458 2795 3512 in
2835 3457 3018 3512 medio
3058 3455 3257 3511 domus
3299 3467 3452 3507 mem.
3500 3471 3519 3503 ι
3559 3448 3693 3511 Hoc,

437 3548 705 3605 ἀσέϐειαν
725 3547 887 3620 ἐντῷ
909 3550 1273 3622 ὰιριερωμένῳ
1294 3551 1339 3583 ³⁸³
1393 3550 1794 3622 τετολμήκασιν
1828 3552 1979 3625 οίκιρ.

2118 3554 2333 3623 inquit,
2380 3551 2608 3624 impium
2662 3548 2883 3605 facinus
2930 3546 2988 3602 in
3037 3544 3203 3602 domo
3254 3542 3388 3600 mihi
3440 3542 3694 3597 dedicata

2116 3646 2237 3700 ausi
2276 3651 2428 3699 sunt.

508 3728 582 3801 μ’.
596 3727 993 3798 Κώυέπεμθτον
1006 3726 1130 3794 τοῖς
1141 3726 1397 3798 ἀνδράσι
1412 3727 1535 3794 τοῖς
1548 3727 1893 3800 ἐρχομένοις
1903 3746 2013 3798 μα-

2190 3734 2359 3791 Vstts.
2394 3734 2488 3800 40,
2522 3733 2611 3788 41.
2637 3731 2705 3787 Ει
2730 3730 3008 3786 mittebant
3036 3730 3162 3785 viris
3190 3728 3511 3784 venientibus
3544 3726 3695 3798 longe

434 3823 650 3892 κρόθεν
667 3839 681 3854 ·
702 3817 793 3889 οἷς
808 3819 1578 3893 ἀγγέλους-ἐξαπέστελλωο
1600 3823 1750 3892 πρὸς
1770 3821 2015 3889 αὐτοὺς,

2117 3829 2370 3884 remotis:
2411 3827 2480 3881 ad
2521 3843 2651 3895 quos
2688 3825 2904 3879 nuntios
2941 3822 3261 3887 mittebant,
3310 3832 3365 3876 et
3420 3819 3580 3876 simul
3633 3834 3696 3871 ac

434 3918 533 3973 καὶ
570 3917 693 3987 ἅμα
729 3915 812 3984 τῷ
851 3916 1138 3986 ἔρχεσθαι
1159 3916 1381 3987 αὐτοὺς
1416 3918 1599 3985 εὐθὺς
1646 3919 1886 3982 elatior),
1919 3916 2015 3971 καί

2117 3922 2383 3977 ueniebant
2417 3921 2559 3990 ipsi,
2606 3916 2791 3973 statim
2828 3916 3094 3971 lavabaris
3119 3955 3135 3981 ,
3186 3923 3238 3968 et
3287 3912 3465 3968 stibio.
3490 3912 3693 3966 linebas

433 4011 729 4072 ἑστιϐιζου
754 4010 899 4078 τοὺς
923 4011 1272 4083 ὀφθαλμούς
1318 3993 1458 4079 σοὺ,
1483 4011 1580 4065 καὶ
1610 4011 1876 4083 ἐκόσμου
1921 4012 2015 4065 κό-

2116 4013 2293 4069 oculos
2325 4021 2465 4076 tuos,
2491 4020 2540 4066 et
2575 4010 2856 4065 ornabaris
2884 4016 3099 4063 ornatu.
3124 4005 3195 4061 Et
3218 4005 3446 4061 sedebas
3469 4005 3526 4058 in
3560 4003 3694 4058 lecto

444 4119 601 4173 σμφ.
641 4103 750 4159 Καὶ
769 4102 986 4161 ἐκάθου
1009 4102 1104 4156 ἐπὶ
1125 4102 1340 4171 κλίνης
1362 4099 1764 4171 ἐστρωμένης,
1784 4101 1881 4153 καὶ
1891 4098 2015 4167 τρά-

2116 4115 2315 4172 strato,
2345 4114 2393 4159 et
2426 4120 2608 4158 mensa
2635 4112 2831 4158 ornata
2857 4110 2979 4156 ante
3003 4101 3200 4169 ipsum.
3229 4098 3427 4154 Omnia
3457 4112 3579 4167 quae
3608 4096 3694 4153 di-

433 4194 579 4257 πεζα
614 4192 1035 4265 κεκοσμημένη
1055 4192 1617 4266 ἔμπροσθεναῠτῆς.
1640 4192 1825 4246 Πάντα
1838 4193 1906 4244 τὰ
1934 4192 2015 4243 εί-

2116 4209 2204 4252 cta
2261 4204 2428 4263 sunt,
2464 4203 2728 4265 tanquam
2782 4193 2850 4249 de
2903 4193 3138 4247 muliere
3184 4190 3353 4260 872
3399 4187 3697 4244 meretrice

437 4304 504 4358 ρη
512 4287 648 4356 μένα
662 4285 741 4351 ὡς
756 4287 848 4339 ἐπὶ
859 4288 1116 4356 γυναικὸς
1132 4287 1355 4358 ἐταίρας
1375 4284 1656 4357 διέγραψε·
1685 4284 1941 4355 σημαίνει
1957 4282 2013 4337 δὲ

2116 4288 2428 4359 descripsit,
2456 4286 2841 4357 signiﬁcatque
2871 4284 3066 4338 initam
3100 4282 3170 4337 ab
3200 4282 3341 4352 ipsis
3366 4296 3491 4336 cum
3525 4280 3692 4350 Assy-

433 4377 535 4447 τήν
546 4393 604 4433 τε
628 4376 928 4448 γενομένην
946 4376 1082 4447 πρὸς
1099 4375 1564 4447 τοὺςἋσσυρίους
1586 4375 1684 4429 καὶ
1709 4373 2015 4437 Χαλδαίους

2116 4379 2212 4435 riis
2243 4386 2298 4433 et
2329 4375 2605 4433 Chaldaeis
2647 4374 2970 4432 societatem
2995 4414 3010 4439 ,
3058 4378 3115 4428 et
3160 4371 3292 4427 inde
3338 4371 3687 4440 desumptam

437 4467 617 4531 αὐτοῖς
663 4469 982 4539 συμμαχίαν
1017 4509 1033 4534 ,
1073 4470 1166 4523 καὶ
1206 4469 1305 4540 τὴν
1346 4468 1556 4522 ἐκεῖθεν
1598 4466 2015 4537 ἐπεισαχθεῖσαν

2116 4471 2471 4541 impietatem.
2523 4466 2779 4523 Declarat
2830 4466 3063 4536 insuper
3117 4464 3361 4519 lascivos
3416 4470 3686 4523 ornatus.

436 4556 706 4614 ἀσέϐειαν.
721 4561 1029 4632 Παραδηλοί
1043 4560 1098 4614 δέ
1121 4562 1351 4625 καὶτοὺς
1377 4563 1435 4615 ἐν
1453 4562 1573 4624 ταῖς
1604 4560 1709 4614 τῶν
1742 4560 2013 4631 δαιμόνων

2116 4578 2253 4633 quos
2280 4561 2335 4615 in
2360 4560 2666 4616 daemonum
2698 4558 3113 4614 celebritalihus
3133 4555 3487 4621 adhibebant,
3513 4564 3689 4610 restes

434 4646 646 4718 ἑορταῖς
671 4623 1112 4722 καλλωπισμοὺς,
1142 4623 1347 4721 χλιδᾶς,
1376 4651 1468 4704 καὶ
1513 4650 1745 4723 ἱματίων
1784 4623 2008 4704 ἐναλλα-

2116 4653 2382 4708 delieatas
2424 4661 2478 4707 et
2527 4651 2761 4706 vestium
2812 4649 3184 4716 mutationes,
3237 4657 3292 4704 et
3318 4647 3424 4702 alia
3457 4645 3643 4700 omnia
3671 4685 3686 4700 .

436 4736 553 4803 τὰς,
587 4739 680 4794 καὶ
704 4741 751 4795 τ’
779 4740 916 4796 ἄλλα
952 4742 1129 4796 πάντα
1157 4743 1256 4796 ὅσα
1288 4744 1345 4798 ἐν
1378 4744 1499 4807 ταῖς
1525 4740 1802 4806 τοιαύταις
1831 4743 2007 4795 ποιεῖν

2116 4759 2449 4817 quascunque
2479 4743 2533 4797 in
2564 4742 2880 4812 hujusmodi
2919 4742 3156 4813 publicis
3195 4738 3564 4796 conventibus
3603 4736 3687 4792 fa-

430 4827 715 4886 είώθεισαν
742 4831 1103 4903 πανηγύρεσι.
1131 4832 1302 4889 Τοῦτο
1350 4834 1407 4887 δὲ
1472 4832 1728 4905 σημαίνει
1790 4834 1886 4887 καὶ
1937 4833 2007 4889 τὰ

2116 4852 2234 4896 cere
2302 4844 2728 4892 consueverant.
2797 4833 2956 4903 Quod
3036 4850 3099 4890 ea
3167 4848 3390 4904 quoque
3476 4830 3688 4905 signiﬁ-

430 4921 832 4994 ἐπιφερόμενα·
884 4942 902 4974 ι
923 4924 1032 4977 Καὶ
1059 4924 1122 4979 τὸ
1160 4924 1416 4996 θυμίαμά
1442 4943 1566 4998 μου,
1602 4926 1696 4980 καὶ
1728 4926 1791 4980 τδ
1826 4925 2008 4985 ἔλαιόν

2116 4939 2240 4986 cant
2288 4943 2411 4998 qua:
2451 4934 2776 4998 sequuntur.
2823 4945 2843 4978 ι
2904 4926 2969 4980 Ει
3011 4926 3306 4999 thymiama
3348 4934 3530 4980 meum
3560 4963 3577 4990 ,
3633 4933 3690 4980 et

432 5030 533 5083 μου
560 5014 743 5087 ἐτίοης
780 5015 1091 5088 ἔμπροσθεν
1123 5017 1379 5073 αὐτῶνθι.
1436 5018 1694 5073 Τουτέστι
1719 5058 1736 5086 ,
1769 5018 1878 5073 τῶν
1928 5019 2009 5073 el-

426 5104 630 5162 ϐώλων.

501 5194 610 5266 μβν.
642 5197 811 5253 Kal"
848 5199 1256 5268 ηὐφραίνοντο
1295 5201 1367 5255 ἐν
1408 5200 1630 5267 αὐτοῖς.
1684 5200 2003 5272 Εὐφροσύνη

429 5287 538 5359 γὰρ
567 5289 677 5344 τῶν
714 5290 987 5361 δαιμόνων
1013 5293 1047 5364 η
1078 5290 1190 5347 τῶν
1219 5292 1523 5366 ἀνθρώπων
1553 5294 1816 5350 ἀπώλεια.
1838 5294 2003 5366 Πρὸς

428 5376 485 5431 δὲ
515 5378 727 5445 τούτοις
776 5382 983 5454 φησιν’
1040 5402 1060 5435 ι
1092 5384 1205 5438 Καὶ
1224 5384 1270 5416 ³³
1347 5384 1532 5457 φωνὴν
1579 5384 1852 5456 ἁρμονίας
1904 5386 2000 5439 ἀν-

2109 5020 2288 5075 oleum
2319 5035 2499 5077 meum
2549 5020 2792 5091 ponebas
2838 5026 2966 5075 ante
3000 5034 3116 5076 eos.
3151 5036 3181 5073 Ir
3231 5016 3349 5074 Hoc
3403 5025 3522 5088 est,
3559 5024 3688 5074 ante

2111 5109 2280 5169 idola.

2183 5199 2350 5259 Vens.
2383 5202 2472 5257 42.
2530 5202 2599 5258 Et
2656 5202 2974 5259 (tutabantur
3013 5202 3068 5259 in
3100 5204 3198 5259 eis.
3249 5202 3534 5275 Siquidem
3571 5203 3685 5260 da:-

2108 5309 2333 5348 monum
2392 5295 2577 5349 laetitia
2623 5302 2707 5351 est
2751 5294 3036 5349 hominum
3085 5295 3365 5352 interitus.
3415 5295 3682 5352 Praeterea

2106 5385 2183 5441 ait
2215 5406 2229 5441 :
2272 5404 2292 5438 ι
2324 5385 2389 5441 Et
2421 5401 2606 5443 vocem
2639 5386 2940 5443 harmoniae
2967 5389 3299 5445 resonabant
3336 5387 3401 5444 ad
3431 5389 3579 5444 viros
3617 5403 3681 5443 ex

1701 5539 1934 5596 vanus
1966 5502 2387 5599 LEC'I‘IONES.

498 5629 642 5711 ’λεὶ
674 5608 1077 5711 Rec._leel._ou.
1155 5635 1268 5711 "_B
1298 5636 1647 5711 ιζπαγγελείς.
1681 5707 1691 5711 _
1723 5639 1768 5671 ³⁸
1789 5639 1838 5695 δ.
1858 5657 2001 5711 stop.

2116 5640 2191 5697 br.
2229 5658 2325 5711 pro
2352 5641 2496 5711 cibo.

425 5699 575 5778 addit
600 5714 714 5771 μοι.
789 5704 832 5778 ξι
858 5704 934 5778 ἐτ’.
962 5707 1132 5778 ξμπρ.
1160 5706 1286 5778 αὐτ.
1319 5702 1394 5761 Ita
1427 5699 1640 5778 Compl.
1673 5707 1826 5776 juxta
1858 5699 2023 5766 Hebr.

2572 5645 2615 5674 "
2651 5643 2743 5695 nat
2768 5668 2836 5681 —-
2864 5643 3022 5698 αὑτά.
3055 5641 3130 5697 Ita
3160 5639 3373 5709 Compl.
3451 5638 3618 5709 "cup.
3642 5637 3680 5691 Β

2116 5711 2164 5743 ³⁸
2193 5706 2288 5764 καὶ
2318 5741 2387 5752 --
2424 5710 2544 5765 αὐτ.
2604 5711 2683 5764 Ad
2729 5710 2888 5766 ﬁnem
2956 5728 3098 5767 vers.
3134 5712 3195 5765 41
3246 5706 3347 5765 ista
3384 5706 3679 5777 pertinent.

425 5769 561 5853 des.‘
581 5769 761 5829 autem
798 5774 854 5830 in
886 5769 1051 5831 lleh'r.
1081 5769 1093 5778 ’
1129 5776 1174 5808 ³³
1205 5777 1300 5831 καὶ
1325 5808 1391 5821 ιι-
1422 5769 1612 5852 ἁνεκρ.
1654 5769 1811 5834 Hebr.
1857 5780 1966 5835 Vox
2015 5780 2382 5836 multitudinis
2434 5782 2744 5852 tranquilla
2776 5781 3143 5853 (audiebatur)
3173 5778 3312 5852 apud
3350 5769 3467 5833 eam
3505 5776 3675 5849 (men-

426 5840 590 5911 sam).
