4116 6424
440 455 573 519 134⁷1

1403 456 1891 521 ΤΗΕΟΒΟΒΕΊΙ
1923 462 2261 525 EPISCOPI
2303 464 2667 525 CYRENSIS

3550 463 3690 529 1048

434 574 789 632 multitudine
839 575 1123 630 hominum
1168 575 1451 631 venientes
1484 576 1671 633 ebrios
1712 594 1780 635 ex
1816 578 2008 635 deser—

2113 580 2398 653 εκρούοντο
2412 581 2544 653 πρὸς
2569 580 2614 612 ⁸⁸
2637 577 2831 650 ἄνδρας
2856 577 2919 630 ὲκ
2952 574 3185 647 πλήθους
3220 575 3452 646 ἥκοντας
3479 576 3690 649 ἀνθρώ.

433 680 509 727 to.
544 693 562 724 ι
599 672 741 739 Quid
771 672 918 727 enim
949 671 1222 733 desertius
1253 679 1337 728 est
1369 672 1436 729 iis
1466 673 1563 743 qui
1599 672 1835 729 adorant
1891 675 2011 730 ido—

433 766 523 819 la?
551 765 630 819 Ex
662 764 776 820 illis
803 764 953 820 enim
992 765 1228 819 desertis
1248 808 1262 832 ,
1300 764 1481 835 inquit
1507 806 1522 831 ,
1548 765 1750 821 animis
1773 807 1788 832 ,
1820 765 2014 835 impie—

434 859 563 913 tatis
610 858 712 913 tibi
762 857 1096 913 documenta
1146 856 1520 912 aﬂ'erehantur
1554 899 1569 924 ,
1609 873 1733 929 quae
1781 859 2013 913 musicis

430 950 653 1020 organis
675 951 1015 1020 excipiebas,
1040 950 1344 1021 jucundum
1371 967 1567 1009 sonum
1598 952 2010 1008 resonantibus.

436 1060 454 1092 ι
497 1042 562 1096 Et
590 1045 607 1064 ⁶
644 1043 813 1099 dabas
845 1042 981 1113 ipsis
1017 1044 1263 1099 armillas
1309 1044 1364 1099 in
1396 1045 1650 1102 manibus
1678 1059 1906 1110 eorum,
1958 1052 2013 1101 et

430 1150 697 1189 coronam
729 1134 1080 1206 gloriationis
1106 1135 1159 1189 in
1200 1137 1381 1207 capite
1403 1151 1618 1192 eorum.
1640 1157 1659 1190 ι
1692 1135 1839 1191 Nihil
1864 1136 2010 1191 enim

431 1229 499 1281 ah
537 1227 702 1282 idolis
735 1228 1036 1298 accipiunt,
1072 1229 1167 1299 qui
1208 1244 1304 1285 eos
1335 1230 1437 1284 sibi
1471 1230 1731 1286 colendos
1760 1231 2010 1302 eligunt,

434 1320 543 1373 imo
598 1319 741 1376 dona
802 1322 907 1377 εἰιιὶ
961 1339 994 1377 a
1050 1324 1157 1379 Deo
1220 1340 1485 1381 concessa
1533 1324 1673 1392 ipsis
1728 1325 2007 1384 oderunt.

432 1414 615 1468 innuis
645 1415 864 1485 generis
897 1425 1094 1470 ornatu
1129 1432 1223 1472 eos
1257 1418 1617 1474 instruentes.

505 1668 672 1725 Vnus.
705 1673 794 1726 45.
860 1671 929 1726 Et
980 1673 1094 1727 dixi
1126 1692 1144 1729 :
1182 1673 1370 1730 Nonne
1409 1677 1461 1730 in
1503 1677 1583 1731 Itis
1641 1679 1963 1734 ma’chantur
1990 1722 2007 1748 ,

430 1771 480 1813 et
536 1779 691 1831 opera
742 1765 1041 1819 meretricia
1116 1766 1247 1832 lucc,
1292 1777 1342 1821 et
1397 1769 1512 1835 ipsa
1559 1769 1826 1837 fornicata
1886 1774 2011 1828 est?

434 1852 689 1907 Dicebam
717 1855 862 1909 enim
895 1897 909 1923 ,
942 1856 1123 1928 inquit
1150 1897 1164 1923 ,
1204 1866 1364 1914 utens
1389 1861 1673 1932 prophetis
1709 1870 1770 1917 ut
1803 1863 2011 1919 instru-

2119 690 2236 727 πων
2260 673 2584 746 οἰνωμένους
2629 671 2694 723 ὲκ
2728 670 2826 742 τῆς
2859 668 3086 739 ἐρήμου.
3116 686 3133 718 ι
3176 666 3241 719 Τί
3286 665 3394 737 γὰρ
3426 668 3691 737 ἐρημότε-

2116 783 2211 838 ρον
2269 767 2377 820 τῶν
2431 768 2499 821 τὰ
2544 765 2735 821 εἴδωλα
2782 763 3273 837 προσκυνούντων;
3310 765 3402 830 Ἐξ
3447 766 3692 833 ἐκείνων,

2116 859 2272 928 φησὶ,
2315 857 2423 911 τῶν
2458 859 2677 929 ἐρήμων
2717 855 2906 928 ψυχῶν
2938 856 3037 919 τάς
3081 855 3181 927 τῆς
3215 855 3694 929 ἀσεϐείας-ἐκομί-

2116 948 2239 1015 ζετό
2282 966 2363 1003 σοι
2407 948 2735 1021 διδάγματα.
2768 948 2861 1002 καὶ
2897 946 3083 1017 ὲδέχου
3125 946 3262 1000 αὐτά
3313 949 3370 1001 ἐν
3411 953 3690 1020 μουσικοῖς

2115 1040 2369 1111 ὀργάνοις
2411 1040 2870 1112 άνακρουομένοις
2889 1040 2932 1071 ³⁸
2977 1039 3073 1111 τὴν
3114 1040 3298 1110 ἡδεῖαν
3342 1042 3500 1112 ἡχήν.
3538 1061 3555 1092 ι
3586 1041 3695 1094 Καὶ

2113 1129 2317 1195 ἐδίδους
2353 1132 2533 1193 αὐτοῖς
2555 1131 2599 1162 ⁸⁸
2631 1131 2820 1201 ψέλλια
2848 1130 2940 1183 ἐπὶ
2979 1130 3076 1195 τὰς
3107 1133 3295 1201 χεῖρας
3352 1130 3565 1197 αὐτῶν,
3597 1133 3692 1185 καὶ

2115 1224 2379 1294 στέφανον
2408 1224 2728 1295 καυχήσεως
2751 1223 2843 1276 ἐπὶ
2868 1222 2965 1286 τάς
2992 1222 3233 1293 κεφαλὰς
3248 1222 3448 1278 αὐτῶν.
3484 1242 3501 1275 ι
3527 1222 3692 1276 Οὐδὲν

2112 1315 2221 1385 γάρ
2254 1314 2405 1385 παρὰ
2439 1314 2549 1368 τῶν
2582 1312 2816 1368 εἰδώλων
2845 1311 3213 1383 λαμϐάνουσιν
3251 1314 3300 1365 οἱ
3343 1312 3555 1378 τούτοις
3600 1311 3695 1366 λα-

2112 1404 2326 1475 τρεύειν
2371 1402 2709 1476 αἱρούμενοι,
2743 1401 2881 1456 ἀλλὰ
2908 1402 2979 1456 τὰ
3016 1402 3270 1456 θεόσδοτα
3297 1402 3446 1474 δῶρα
3481 1400 3693 1465 τούτοις

2112 1495 2486 1567 προσφέρουσι
2512 1536 2529 1563 ,
2587 1493 2931 1550 παντοδαπὸν
2980 1494 3165 1556 αὐτοῖς
3225 1493 3429 1563 κόσμον
3478 1510 3693 1565 περιτιο

2112 1587 2315 1650 θέντες.

2186 1686 2294 1749 μγ’.
2325 1678 2433 1733 Kal
2464 1672 2658 1742 εἷπον,
2705 1678 2827 1730 οὐκ
2848 1676 2891 1707 ³⁷
2925 1676 2995 1732 ἐν
3040 1676 3272 1741 τούτοις
3301 1674 3690 1743 μοιχεύουσι,

2111 1769 2208 1823 καὶ
2234 1767 2378 1839 ἔργα
2411 1770 2642 1837 πόρνης
2670 1766 2876 1833 ταῦτα,
2905 1765 2999 1819 καὶ
3038 1765 3189 1833 αὐτὴ
3213 1764 3692 1833 ἐξεπόρνευσεν;

2116 1862 2343 1931 Ἔλεγον
2384 1861 2493 1932 γάρ
2516 1900 2532 1926 ,
2569 1858 2765 1931 φησὶν,
2798 1858 3050 1930 ὀργάνοις
3086 1858 3368 1929 χρώμενος
3406 1858 3516 1918 τοῖς
3551 1871 3682 1927 προ-

431 1944 1005 2011 mentis,adulterium
1041 1960 1285 2005 vestrum
1335 1952 1389 2005 in
1430 1952 1594 2008 rebus
1623 1953 1881 2010 inanimis
1912 1969 2009 2009 au-

2117 1956 2335 2026 φήταις,
2371 1954 2454 2007 ὅτι
2484 1954 2542 2005 ὲν
2575 1953 2686 2016 τοῖς
2727 1949 2955 2022 ἀψύχοις
2984 1951 3018 2020 ή
3054 1950 3269 2020 μοιχεία
3300 1947 3451 2018 ὑμῶν
3487 1947 3689 2016 τολμᾶ-

427 2036 618 2091 dacter
639 2038 931 2107 committi,
963 2048 1018 2095 et
1044 2044 1351 2099 meretricia
1377 2045 1649 2101 esse'talia
1667 2047 1832 2117 873
1853 2047 2005 2103 insti-

429 2137 543 2183 tuta
581 2138 785 2184 vestra.

500 2216 668 2275 Vens.
704 2220 792 2275 44.
834 2219 901 2274 Et
920 2223 1021 2290 ipsi
1041 2224 1468 2295 ingrediebantur
1493 2230 1563 2282 ad
1588 2246 1725 2296 eam,
1754 2232 2008 2301 quemad-

430 2310 646 2367 modum
689 2314 1059 2383 ingrediuntur
1104 2315 1173 2370 ad
1228 2319 1499 2375 mulierem
1548 2325 1896 2388 meretricem,
1933 2326 2023 2379 ita.

428 2404 859 2475 ingrediebantur
906 2408 973 2460 ad
1009 2406 1223 2464 Oollam
1267 2420 1316 2467 et
1359 2413 1429 2466 ad
1475 2413 1721 2471 Oolibam
1765 2420 2010 2475 mulieres

430 2498 662 2569 iniquas,
694 2507 751 2553 ut
781 2499 1014 2568 facerent
1043 2503 1395 2574 iniquitatem.
1430 2505 1736 2565 Licentiam
1769 2513 1916 2567 enim
1944 2513 2012 2569 de

431 2588 642 2657 reliquo
689 2590 837 2644 nacti
900 2606 964 2645 ex
1021 2607 1214 2647 earum
1269 2595 1558 2665 iniquitate
1613 2605 1875 2673 tanquam
1942 2602 2010 2658 ad

431 2679 689 2735 mulieres
735 2682 1054 2737 meretrices
1112 2684 1482 2756 omnibusque
1531 2689 1879 2757 prostitutas,
1934 2690 2011 2745 ita

430 2770 499 2827 ad
552 2769 856 2826 Samariam
888 2781 942 2827 et
984 2772 1417 2846 Hierosolymam
1453 2778 1685 2848 ingressi
1731 2789 1860 2835 sunt
1892 2789 2009 2836 tum

430 2860 741 2916 animarum
786 2878 1079 2920 eversores
1131 2865 1441 2934 daemones,
1496 2876 1611 2924 tum
1670 2871 1763 2941 qui
1816 2887 2007 2928 eorum

338 3008 343 3013 ,
430 2951 638 3007 cultum
677 2952 859 3008 edocti
904 2953 1079 3020 fuere,
1111 2955 1377 3013 Clialdmi.
1432 2956 1702 3031 Deinceps
1738 2960 1904 3033 igitur
1942 2963 2011 3019 ad

434 3044 533 3099 hos
570 3043 831 3100 transfert
865 3045 1195 3113 orationem,
1221 3058 1277 3103 et
1305 3048 1422 3107 ait:

499 3221 665 3280 Vens.
706 3224 798 3280 45.
830 3224 898 3280 Et
928 3226 1027 3281 uiri
1039 3226 1182 3297 justi
1202 3226 1276 3286 hi.
1334 3227 1482 3284 Justi
1513 3231 1812 3303 epithetum
1841 3248 2011 3304 appo-

430 3317 565 3380 suit,
626 3332 736 3372 non
805 3333 996 3373 eorum
1040 3318 1272 3389 iustitia;
1303 3320 1597 3391 perhibens
1635 3324 2008 3382 testimonium

431 3412 609 3477 (erant
634 3410 779 3465 enim
822 3410 1193 3480 injustissimi,
1221 3411 1574 3484 iniquissimi,
1617 3422 1672 3472 et
1715 3415 2009 3475 admodum

432 3500 626 3572 impii),
657 3501 749 3556 sed
777 3517 844 3557 ex
875 3503 1286 3574 comparatione
1312 3505 1627 3577 'impiorum
1670 3508 1832 3566 istius
1871 3510 2012 3565 faci-

432 3606 651 3657 norum,
686 3592 946 3662 apposuit
985 3593 1169 3663 justi;
1201 3596 1307 3653 hoc
1358 3604 1463 3665 est,
1499 3599 1548 3655 si
1594 3607 1777 3656 tecum
1824 3601 2012 3659 confe-

431 3691 646 3747 rantur,
666 3682 719 3738 hi
739 3683 874 3753 justi
898 3692 1046 3741 sunt.
1065 3684 1221 3752 Quod
1243 3688 1408 3743 etiam
1434 3690 1686 3761 superius
1706 3691 1859 3759 fecit,
1883 3709 2010 3751 cum

432 3775 498 3830 de
527 3773 907 3848 Hierosolyma
939 3778 1257 3849 loqueretur
1285 3798 1300 3836 :
1327 3781 1468 3837 dixit
1508 3783 1701 3841 enim:
1741 3803 1760 3838 ι
1805 3784 1871 3839 Ει
1918 3785 2012 3856 ju-

425 3866 681 3921 stiiicasti
716 3884 938 3925 sorores
966 3878 1090 3927 tuas
1119 3871 1173 3927 in
1215 3874 1458 3943 peccatis
1492 3875 1622 3942 tuis,
1650 3883 1704 3931 et
1736 3876 1790 3932 in
1829 3878 2011 3935 omni-

430 3960 535 4013 lius
562 3958 945 4029 iniquitatibus
967 3962 1255 4034 tuis,quas
1286 3963 1465 4022 fecisti
1499 3968 1540 4020 ί.
1580 3985 1599 4020 ι
1640 3967 1702 4021 Et
1728 3968 1816 4023 hic
1838 3969 2005 4025 item:

436 4069 453 4100 ι
496 4048 762 4121 Virijusti
793 4052 871 4117 hi,
907 4071 927 4105 ι
962 4055 1056 4121 ait,
1093 4054 1149 4110 id
1174 4065 1280 4121 est,
1311 4056 1575 4129 iustiores
1609 4067 1661 4114 te
1692 4068 1839 4115 sunt.
1890 4080 1908 4113 ι
1945 4060 2011 4116 Ει

432 4142 774 4203 ulciscentur
798 4159 893 4201 eas
933 4145 1144 4203 ultione
1174 4148 1573 4215 adulterarum,
1606 4158 1659 4206 et
1677 4150 1888 4221 judicio
1926 4152 2010 4208 ef-

431 4233 776 4293 fundenlium
827 4237 1191 4308 sanguinem:
1243 4242 1371 4311 quia
1425 4242 1687 4300 adulteras
1743 4255 1903 4311 sunt,
1956 4254 2012 4301 et

431 4325 656 4395 sanguis
683 4325 737 4380 in
766 4327 1020 4385 manibus
1053 4344 1262 4385 earum.
1297 4351 1316 4384 ι
1354 4331 1666 4402 Homicidii,
1712 4335 1911 4405 inquit,
1956 4344 2011 4392 et

431 4415 684 4473 adulterii
729 4434 919 4488 pcenas
960 4420 1131 4486 luent,
1169 4436 1299 4477 suos
1336 4432 1613 4481 amatores
1637 4426 1860 4495 judices
1894 4443 2014 4483 sor-

430 4508 565 4575 titas,
603 4515 657 4563 et
694 4524 759 4564 ea
798 4512 1095 4578 patientur,
1142 4530 1264 4583 quae
1325 4516 1586 4573 adulterae
1644 4520 1903 4576 mulieres
1957 4529 2012 4578 et

2111 2063 2224 2113 ται,
2254 2044 2347 2099 καὶ
2379 2043 2610 2114 πορνικά
2640 2043 2768 2112 ὑμῖν
2806 2041 2873 2094 τά
2907 2038 3132 2093 τοιαῦτα
3165 2036 3596 2110 ἐπιτηδεύματα.

2188 2219 2289 2291 μδ¹.
2315 2216 2427 2273 Kal
2468 2213 2637 2269 αὐτοὶ
2678 2212 3134 2281 εἰσεπορεύοντο
3171 2210 3321 2278 πρὸς
3351 2207 3567 2291 αὐτὴν,
3619 2206 3690 2261 δν

2113 2311 2336 2380 τρόπον
2360 2307 2818 2377 εἰσπορεύονται
2845 2303 2996 2373 πρὸς
3025 2301 3281 2373 γυναῖκα
3308 2300 3560 2368 πόρνην,
3591 2298 3693 2352 οῦ-

2111 2418 2223 2467 τως
2246 2398 2702 2467 εἰσεπορεύοντο
2739 2393 2890 2463 πρὸς
2931 2392 3191 2446 Ὀολλὰν
3222 2391 3319 2443 καὶ
3367 2388 3518 2456 πρὸς
3568 2388 3686 2440 Ὀο-

2111 2492 2307 2556 λιϐὰν,
2333 2489 2440 2556 τὰς
2489 2487 2780 2558 γυναῖκας
2828 2485 2935 2551 τὰς
2979 2484 3241 2553 ἀνόμους
3258 2482 3324 2545 ³⁸,
3370 2480 3477 2533 τοῦ
3519 2476 3693 2539 ποιῆν

2112 2600 2215 2639 σαι
2243 2582 2517 2652 ἀνομίαν.
2554 2579 2770 2633 Ἀδειαν
2804 2577 2912 2649 γὰρ
2964 2573 3148 2628 λοιπὸν
3191 2571 3444 2633 λαϐόντες
3490 2571 3555 2623 ἐκ
3596 2571 3692 2639 τῆς

2111 2676 2314 2731 τούτων
2345 2671 2712 2745 παρανομίας,
2745 2670 2821 2733 ὡς
2853 2668 2988 2740 πρὸς
3031 2668 3297 2735 γυναῖκας
3342 2662 3561 2733 ἑταίρας
3599 2661 3693 2715 καὶ

2113 2771 2248 2824 πᾶσι
2279 2765 2664 2838 προκειμένας,
2690 2762 2831 2815 οὕτω
2855 2759 2990 2830 πρὸς
3014 2758 3110 2828 τὴν
3140 2757 3450 2827 Σαμάρειαν
3482 2753 3576 2807 καὶ
3594 2752 3693 2823 τὴν

2124 2856 2477 2930 Ἰερουσαλὴμ
2505 2854 2764 2919 εἰσίεσαν,
2800 2851 2893 2905 καὶ⁴
2929 2851 2980 2903 οἱ
3018 2848 3126 2902 τῶν
3164 2846 3352 2919 ψυχῶν
3396 2844 3693 2915 ἀλάστορες

2110 2950 2383 3020 δαίμονες,
2435 2947 2530 2999 καὶ
2576 2946 2626 2998 cl.
2656 2942 2754 3014 τὴν
2783 2940 2988 2994 τούτων
3017 2938 3277 3011 λατρείαν
3320 2933 3693 3004 δεδιδαγμένοι

2111 3042 2388 3097 Χαλδαῖοι.
2416 3036 2731 3106 Μεταφέρει
2762 3031 2895 3106 γοῦν
2923 3030 3111 3085 λοιπὸν
3183 3026 3320 3100 πρὸς
3355 3026 3576 3089 τούτους
3598 3025 3693 3075 τὶν

2110 3136 2292 3207 λόγον,
2316 3133 2409 3188 καί
2438 3147 2597 3203 φησι·

2190 3233 2292 3300 με’.
2319 3225 2427 3281 Kal
2466 3222 2681 3291 ἄνδρες
2707 3220 2924 3276 δίκαιοι
2965 3210 3149 3271 οὗτοι.
3179 3213 3253 3267 Τὸ
3291 3211 3506 3265 δίκαιοι
3520 3206 3573 3300 ,³⁸
3609 3206 3695 3259 τέ-

2112 3297 2312 3384 θεικεν,
2332 3317 2390 3372 οὒ
2421 3311 2767 3382 δικαιοσύνην
2792 3309 2974 3371 αὐτοῖς
3004 3301 3328 3379 μαρτυρῶνο
3377 3297 3694 3386 άδικὼτατοι

2110 3415 2219 3485 γὰρ
2271 3408 2367 3464 καὶ
2407 3403 2861 3479 παρανομώτατοι
2890 3441 2904 3465 ,
2946 3400 3043 3457 καὶ
3090 3397 3212 3450 λίαν
3263 3394 3520 3485 ὑπῆρχον⁸
3569 3389 3695 3485 δυσ-

2113 3478 2426 3558 σεδέστατοι
2449 3515 2464 3531 ο
2492 3478 2614 3550 ἀλλ’
2643 3498 2707 3549 ὲκ
2743 3490 3099 3563 παραθέσεως
3133 3486 3242 3541 τῶν
3271 3482 3475 3553 ταύτης
3496 3478 3690 3549 ἀσεϐη-

2115 3598 2299 3668 μάτων
2360 3592 2423 3647 τὺ
2476 3590 2693 3644 δίκαιοι
2726 3584 2990 3646 τέθεικεν,
3041 3580 3164 3635 ἀντὶ
3214 3576 3331 3644 τοῦ,
3377 3575 3475 3668 σοι
3552 3587 3696 3668 παρ-

2111 3664 2489 3756 εξεταζόμενοι
2520 3680 2719 3735 δίκαιοι
2741 3677 3065 3746 ὑπάρχουσι.
3101 3669 3276 3725 Τοῦτο
3303 3666 3400 3722 καὶ
3440 3664 3696 3734 ἀνωτέρω

2112 3777 2380 3848 πεποίηκε
2421 3773 2556 3846 πρὸς
2588 3771 2686 3843 τὴν
2724 3766 3085 3838 Ἰερουσαλὴμ
3129 3760 3543 3831 διαλεγόμενοςο
3584 3756 3689 3827 ἔφη

2111 3871 2247 3944 γὰρ,
2293 3868 2443 3923 «Καὶ
2492 3863 2818 3926 ὲδικαῐωσας
2861 3859 2959 3924 τὰς
3024 3855 3261 3926 ἀδελφάς
3317 3868 3422 3944 σου⁸
3471 3851 3528 3903 ὲν
3571 3849 3694 3910 ταῖς

2112 3941 2408 4032 ἁμαρτίαις
2445 3972 2561 4020 σου,
2599 3953 2692 4007 καὶ
2724 3954 2782 4006 έν
2826 3951 3031 4012 πάσαις
3088 3948 3212 4010 ταῖς
3259 3941 3517 4032 ἀνομίαις
3573 3954 3690 4032 σου,

2111 4026 2199 4114 αῖς
2234 4026 2535 4118 lucique.
2567 4064 2587 4097 ι
2643 4042 2755 4099 Καὶ
2809 4037 3042 4094 ἐνταῦθά
3135 4049 3300 4106 φησιν
3335 4071 3350 4096 ,
3412 4048 3431 4081 ι
3468 4026 3693 4098 Ἄνδρες

2111 4144 2311 4198 δίκαιοι
2371 4132 2604 4202 οὗτοι,ι
2665 4133 2969 4196 τουτέστιν,
3033 4127 3175 4201 ὑπὲρ
3241 4125 3321 4179 σέ.
3385 4121 3543 4176 «Καὶ
3602 4119 3694 4171 ὲκ-

2112 4234 2427 4305 δικήσουσιν
2476 4227 2647 4291 αὐτάς
2694 4226 2972 4296 ἐκδικήσει
3015 4218 3338 4293 μοιχαλίδων
3364 4254 3379 4281 ,
3428 4213 3535 4305 καὶ
3579 4206 3694 4305 κρί-

2115 4345 2199 4383 σει
2221 4300 2525 4396 έκχεουσῶν
2546 4316 2706 4391 αἷμα,
2728 4319 2811 4372 ὅτι
2848 4313 3151 4387 μοιχαλίδες
3185 4310 3316 4408 εἰσὶ,
3350 4305 3443 4408 καὶ
3470 4300 3691 4408 αἷμαοὲν

2114 4418 2233 4480 ταῖς
2264 4414 2454 4486 χερσὶν
2477 4409 2710 4466 αὐτῶν.»
2745 4405 3103 4474 Μιαιφονίας,
3126 4399 3281 4472 φησι,
3315 4398 3410 4452 καὶ
3447 4398 3691 4486 μοιχείας

2113 4481 2344 4563 τίσουὀί⁷
2364 4504 2539 4567 δίκας,
2572 4501 2698 4565 τοὺς
2720 4496 2956 4570 ἐραστὰς
2988 4492 3167 4548 αὑτῶν
3202 4488 3580 4561 λαμϐάνουσαι
3613 4481 3691 4535 δι-

429 4600 720 4656 liomicidaa
744 4599 870 4671 jure
901 4603 1213 4673 perferunt.
1254 4605 1329 4660 Ita
1358 4609 1605 4664 absoluta
1658 4612 2000 4683 acnigmatica

2114 4595 2323 4660 καστὰς
2346 4634 2361 4660 ,
2395 4593 2490 4648 καὶ
2528 4591 2701 4647 ταῦτα
2736 4587 3038 4650 πείσονται,
3072 4585 3215 4652 ἅπερ
3246 4580 3303 4635 αἱ
3351 4580 3690 4683 μοιχεύτριαι

429 4691 783 4754 iiarratione;
802 4700 994 4747 contra
1021 4695 1171 4767 ipsas
1202 4698 1529 4757 sententiam
1557 4704 1898 4773 pronuntiat.

497 4864 662 4921 Vens.
693 4865 784 4931 46,
817 4866 906 4921 47.
936 4866 1066 4924 Hac
1091 4869 1221 4925 dicit
1241 4870 1453 4935 Adanai
1492 4872 1749 4933 Dominus
1778 4875 2011 4934 :Adduc

429 4956 495 5015 ad
532 4973 626 5017 eas
656 4958 1043 5024 multitudines,
1080 4970 1131 5014 et
1168 4961 1239 5015 da
1274 4963 1330 5016 in
1382 4964 1511 5033 ipsis
1557 4966 2007 5035 perturbationem

429 5058 475 5100 ct
500 5047 869 5115 direptionem.
903 5049 1070 5122 874
1104 5051 1170 5105 Et
1196 5053 1496 5123 lapidentur
1525 5058 1791 5126 lapidibus
1827 5058 2007 5112 turba-

430 5142 575 5211 rum,
596 5146 645 5191 et
671 5138 979 5205 confodiant
1015 5157 1106 5196 eas
1135 5142 1333 5213 gladiis
1383 5150 1492 5203 suis
1518 5162 1537 5210 ,'
1567 5149 1707 5217 ﬁlius
1748 5165 1933 5211 earum
1957 5159 2006 5205 et

510 5321 528 5360 ί
575 5317 779 5377 Erech.
815 5336 931 5388 xw,
958 5323 1051 5386 51.

2117 4691 2377 4761 γυναῖκες
2409 4686 2503 4740 καὶ
2537 4680 2853 4753 ἀνδροφόνοι
2878 4694 2891 4707 ⁸
2923 4677 3068 4732 οὕτω
3094 4671 3393 4745 πληρώσας
3422 4669 3481 4723 τὸ
3519 4667 3689 4761 αἰνιγ-

2118 4758 2364 4850 ματῶδες
2396 4776 2664 4846 διήγημα,
2711 4772 2810 4842 τὴν
2842 4771 2963 4826 κατ’
2998 4768 3186 4822 αὐτῶν
3215 4764 3394 4835 ψῆφον
3424 4758 3667 4829 ἐκφέρει.

2188 4876 2307 4943 pg".
2376 4866 2527 4922 Τάδε
2577 4865 2742 4935 λέγει
2801 4860 3041 4917 Ἀδωνατ
3085 4859 3297 4927 Κύριος
3334 4870 3349 4885 °
3415 4850 3693 4943 Ἆνάγαγνε

2111 4963 2204 5017 ἐπ’
2244 4961 2431 5028 αὐτὰς
2474 4960 2675 5030 πλήθη
2700 4958 2769 5023 ⁸⁸,
2797 4957 2895 5010 καὶ
2932 4954 3036 5021 δὸς
3065 4954 3135 5007 ἐν
3180 4948 3387 5013 αὑταῖς
3424 4942 3692 5011 ταραχὴν

2109 5056 2208 5111 καὶ
2237 5054 2587 5126 διαρπαγήν.
2602 5050 2708 5124 μζ’.
2729 5049 2839 5106 Kal
2863 5043 3426 5114 λιθοϐοληθήτωσαν
3443 5038 3485 5070 ⁸³
3502 5037 3691 5100 λίθοις

2118 5152 2339 5223 ὄχλων,
2403 5150 2500 5204 καὶ
2594 5142 3139 5202 κατακεντείτωσαν
3202 5136 3389 5200 αὑτὰς
3442 5132 3512 5185 ἐν
3566 5127 3690 5194 τοῖς

1695 5481 1786 5537 VA
1796 5481 1939 5545 ΒΙΑΣ
1997 5482 2407 5545 LECTIONES.

505 5671 550 5703 “
579 5666 927 5741 “aris-Apud
975 5664 1115 5741 LXX

1191 5683 1377 5735 pnem.
1431 5669 1558 5734 καὶ,
1604 5677 1874 5723 commate
1923 5667 1989 5720 ad
2041 5665 2400 5735 ἀνεκρούοντο
2443 5663 2643 5734 posito.
2723 5662 2769 5735 ἐξ
2804 5657 3312 5735 Βὰνακρουομένη.

3408 5658 3451 5689 ⁸⁸
3484 5657 3607 5709 αὐτ.
3645 5655 3687 5715 Β

435 5741 586 5812 φησι·
738 5727 856 5829 οξιίε
886 5767 950 5829 -ς
983 5735 1129 5829 έὲξπ·
1164 5727 1325 5793 θείη-ο
1360 5739 1427 5829 σιξ
1460 5755 1523 5829 εδ
1546 5727 1671 5829 ius
2014 5737 2070 5829 ie
2090 5727 3686 5829 εάιίιιευβτέίη,[τινεςςξξξξξιηξεοτὶεξυίίςειιξξξιτιπξξοτιίιιιξ

436 5796 572 5872 suis,
596 5810 758 5867 etiam
786 5808 816 5859 h
837 5807 939 5859 re?
1015 5796 1060 5838 5‘
1088 5825 1139 5860 τ.
1170 5826 1295 5888 γυν..
1321 5826 1371 5888 ἰτε
1399 5796 1662 5888 anniti)
1692 5808 1926 5888 Coum},
1971 5808 2063 5888 sed
2108 5822 2170 5861 ex
2221 5796 2444 5888 gemina
2485 5803 2986 5888 _interpre.tatione.'
3018 5808 3077 5853 ut
3148 5798 3381 5855 videtur.
3444 5799 3489 5829 ⁸⁹
3533 5798 3568 5849 Β
3601 5796 3682 5856 δί-

434 5899 608 5943 καιον.
688 5879 732 5910 ’⁸⁸
767 5877 853 5932 πλ.
890 5872 1206 5953 Αῐὶἰ,ὄχλον’.
1282 5878 1327 5912 ⁸¹
1358 5879 1467 5937 λιθ.
1495 5872 1568 5933 ita
1605 5872 1979 5952 Compl.VRcc.
2022 5878 2148 5931 lect.
2190 5872 2310 5932 cst:
2364 5872 2707 5946 λιθοὸόλησον
2740 5872 2825 5926 ἐπ’
2859 5872 3045 5935 αὑτάς.
