4116 6476
474 475 609 543 1949

1601 488 1686 549 ΙΝ
1731 489 2177 549 EZECHIELIS
2209 489 2366 552 CAP.
2400 491 2606 556 XXIV.

3586 491 3721 562 1050

477 594 728 663 ξίφεσιν
785 591 1022 647 αὐτ-ὤν’
1072 594 1241 662 υἱοὺς
1296 596 1496 651 αὐτῶν
1538 599 1639 652 καὶ
1717 600 2044 671 θυγατέμις

2152 601 2292 670 ﬁlias
2342 604 2690 673 interﬁcient,
2730 615 2778 659 et
2828 606 3012 659 domos
3046 621 3230 660 earum
3273 606 3552 661 incendent
3581 609 3720 681 igne.

471 683 910 747 ἁποκτενοῦσι,
945 684 1044 738 καὶ
1068 684 1207 752 τοὺς
1233 687 1438 754 οἴκους
1471 689 1670 744 αὐτῶν
1713 688 2057 758 ἐμπρήσου-

468 791 575 829 σιν
607 775 677 829 ἐν
704 776 869 843 πυρί.
894 771 1027 831 Εἶτα
1051 778 1150 848 τὴν
1176 777 1423 833 ἐντεῦθεν
1453 779 1724 851 ἐσομένην
1751 779 2056 833 ἐπιδείκνυ-

471 885 557 921 σιν
588 865 877 933 ὠφέλειαν.

544 966 656 1031 μη’.
693 960 806 1014 Καὶ
847 960 1210 1031 άποστρέψω
1238 962 1521 1019 ἀσέϐειαν
1551 965 1619 1020 ὲκ
1650 963 1760 1033 τῆς
1788 963 1923 1035 τῆς,
1952 965 2052 1020 καὶ

476 1049 977 1117 παιδευθήσονται
1016 1050 1207 1106 πᾶσαι
1248 1055 1307 1106 αἱ
1338 1055 1636 1122 γυναῖκες,
1695 1055 1796 1109 καὶ
1854 1058 1925 1110 οὐ
1965 1055 2051 1125 μὴ

473 1137 803 1206 ποιήσουσι
828 1141 981 1195 κατὰ
1008 1141 1116 1209 τὰς
1144 1143 1414 1211 ἀσεϐείας
1433 1145 1650 1201 αὐτῶν.
1670 1146 1886 1201 Τούτων
1920 1147 2049 1219 γὰρ,

474 1230 628 1302 φησὶ,
680 1231 854 1285 ταῦτα
885 1233 1290 1304 ὑπομενουσῶν,
1333 1237 1426 1290 καὶ
1474 1236 1663 1303 λίθοις,
1704 1238 1798 1291 καὶ
1846 1236 2047 1307 ξίφεσι,

473 1321 568 1376 καὶ
592 1320 728 1392 πυρὶ
755 1323 1219 1395 παραδιδομένων,
1256 1328 1406 1381 πᾶσα
1436 1328 1590 1391 πόλις
1621 1328 1892 1397 ὠφέλειαν
1916 1345 2053 1400 καρ-

476 1410 735 1480 πώσεται,
756 1412 1123 1484 μανθάνουσα,
1143 1409 1231 1470 οἷα
1258 1417 1355 1488 τῆς
1381 1417 1633 1482 ἀσεϐείας
1676 1418 1745 1472 τὰ
1772 1420 2047 1491 ἐπίχειρα.

475 1501 743 1565 Γυναῖκας
773 1501 832 1556 δὲ
868 1503 1030 1557 πάλιν
1060 1504 1295 1559 ἐνταῦθα
1332 1507 1432 1572 τὰς
1472 1507 1657 1572 πόλεις
1689 1509 1964 1580 ὠνόμασε.

542 1592 652 1663 μθ’.
689 1593 801 1648 Καὶ
819 1592 1138 1662 δοθήσεται
1166 1597 1204 1668 ἡ
1242 1597 1484 1653 ἀσέϐεια
1525 1599 1693 1671 ὑμῶν
1730 1602 1825 1672 ἐφ’
1860 1601 2036 1672 ὖμᾶς.

472 1682 572 1737 καὶ
623 1682 832 1751 πάσας
882 1684 989 1751 τὰς
1032 1686 1321 1755 ἁμαρτίας
1367 1688 1486 1743 τῶν
1521 1691 1981 1763 ἑπιθυμημάτων
2002 1695 2049 1728 δ’

469 1773 764 1844 λήψεσθε,
818 1777 916 1830 καὶ
945 1777 1253 1846 γνώσεσθε
1294 1779 1382 1835 ὅτι
1405 1782 1451 1815 ⁴³
1494 1780 1610 1854 ἐγώ
1641 1785 1880 1856 Κύριος.
1909 1787 2049 1852 Τοὺς

469 1866 570 1936 τῆς
599 1866 854 1931 ἀσεϐείας
887 1868 1059 1938 ὑμῶν,
1106 1871 1261 1941 φησὶ,
1305 1874 1584 1943 κομιεῖσθε
1626 1877 1908 1948 καρπούς·
1970 1880 2033 1933 οὐ

2156 691 2362 750 Deinde
2396 696 2636 751 ostendit
2663 698 2948 753 utilitatem
2978 698 3105 753 inde
3145 698 3404 753 futuram.

2225 954 2387 1009 Vens.
2420 953 2510 1007 48.
2546 952 2612 1007 Et
2645 964 2877 1009 avertam
2907 956 3225 1024 impietatem
3254 956 3317 1011 de
3346 966 3510 1021 terra,
3536 966 3585 1012 et
3612 974 3728 1012 eru-

2153 1047 2363 1099 dientur
2392 1063 2570 1101 omnes
2596 1046 2863 1113 mulieres,
2894 1056 2943 1101 et
2970 1065 3072 1102 non
3094 1049 3288 1118 facient
3312 1050 3600 1104 secundum
3627 1051 3727 1104 im-

2152 1137 2372 1206 pietates
2405 1153 2610 1191 earum.
2645 1136 2742 1193 His
2768 1139 2916 1192 enim
2950 1139 3088 1206 haec,
3119 1140 3136 1161 ‘
3170 1140 3367 1211 inquit,
3402 1142 3727 1197 sustinenti-

2152 1230 2277 1295 bus,
2321 1230 2711 1299 lapidibusque
2758 1238 2813 1285 et
2842 1221 3040 1301 gladiis
3091 1240 3145 1287 et
3192 1232 3315 1302 igne
3357 1236 3724 1304 consumptis,

2152 1320 2334 1376 omnis
2363 1322 2559 1376 civitas
2616 1321 2887 1392 percipiet
2920 1323 3237 1389 utilitatem,
3286 1325 3508 1381 discens
3543 1325 3725 1394 qualia

2151 1413 2264 1469 sint
2294 1413 2597 1483 impietatis
2632 1413 2881 1484 praemia.
2914 1416 3092 1486 Atque
3132 1416 3222 1471 hic
3246 1433 3440 1473 rursus
3472 1418 3728 1473 mulieres

2151 1505 2492 1575 nuncupavit
2521 1505 2794 1561 civitates.

2225 1595 2389 1652 Vens.
2412 1596 2503 1651 49.
2537 1595 2606 1650 Et
2635 1595 2852 1651 dabitur
2882 1596 3126 1667 impietas
3154 1607 3325 1652 vestra
3356 1613 3511 1667 super
3543 1615 3652 1661 vos,
3678 1609 3727 1652 et

2152 1689 2329 1742 omnia
2387 1698 2604 1756 peccata
2655 1689 3037 1758 cogitationum
3083 1689 3375 1759 accipietis,
3434 1697 3486 1743 et
3533 1705 3729 1757 cogno-

2151 1779 2306 1833 scetis
2370 1795 2451 1833 me
2541 1794 2654 1832 esse
2741 1777 3051 1833 Dominum.
3140 1779 3447 1850 Impietatis
3532 1788 3729 1835 vestra:

2155 1870 2413 1936 fructus,
2509 1869 2741 1942 inquit,
2818 1870 3029 1926 feretis.
3113 1868 3233 1925 Non
3319 1872 3466 1927 enim
3553 1872 3727 1927 coacti

471 1958 580 2028 γὰρ
606 1957 820 2032 ἀνάγκῃ
843 1958 1050 2031 ταύτην
1072 1962 1346 2029 ἐδέξασθε,
1369 1965 1507 2019 ἀλλὰ
1528 1947 1724 2041 γνώμη
1745 1970 1839 2023 καὶ
1856 1970 2007 2042 πόθῳ
2023 1984 2039 2003 ⁸

2153 1964 2326 2033 ipsam
2415 1962 2776 2032 suscepistis,
2831 1961 2926 2018 sed
2991 1962 3274 2017 voluntate
3352 1972 3516 2032 atque
3574 1966 3727 2032 cupi-

468 2050 533 2100 ἐκ
560 2048 617 2101 δὲ
664 2050 762 2121 τῆς
816 2052 1088 2123 τιμωρίας
1130 2053 1396 2124 ὠφέλειαν
1433 2059 1704 2132 μεγίστην
1739 2064 2041 2134 τρυγήσετε

467 2138 567 2205 τὴν
604 2136 705 2207 τῆς
735 2139 875 2210 ἐμῆς
903 2141 1223 2210 δεσποτείας
1263 2147 1576 2218 ἐπίγνωσιν.
1613 2147 1723 2216 ’Ἧς
1744 2154 2039 2210 ἀπολαύειν

467 2229 500 2296 ἡ
509 2228 615 2296 μᾶς
640 2228 876 2296 γένοιτο,
898 2231 972 2304 μὴ
990 2235 1054 2305 τῇ
1078 2235 1243 2308 πείρᾳ
1262 2237 1371 2293 τῶν
1388 2239 1575 2295 κακῶν
1587 2241 2032 2315 διδασκομένους,

470 2318 606 2371 ἀλλά
624 2319 733 2374 τῶν
773 2320 931 2374 θείων
952 2323 1279 2395 εὐεργεσιῶν
1318 2330 1758 2402 αἰσθανομένους,
1807 2335 1903 2388 καὶ
1948 2335 2048 2407 τὴν

473 2408 762 2500 ἀγνώμονα
779 2411 1004 2483 γνώμην
1032 2419 1490 2488 μυσαττομένους,
1506 2421 1601 2476 κα)⁸
1626 2426 1690 2495 τῇ
1716 2423 1834 2495 θείᾳ
1858 2426 2047 2500 μνήμῃ

476 2498 598 2551 καθ’
650 2500 883 2573 ἑκάστην
926 2503 1359 2577 ἀνανεουμένους
1397 2511 1609 2582 ἡμέραν
1636 2552 1651 2575 ,
1696 2516 1791 2569 καὶ
1840 2517 1906 2586 τῇ
1951 2498 2044 2570 τού

478 2592 742 2659 παναγίου
760 2594 896 2647 Πνεύ
903 2613 1073 2667 ματος
1093 2600 1341 2672 ἐνεργείᾳ
1360 2607 1439 2667 εἰς
1454 2603 1553 2674 τὴν
1566 2603 1660 2659 τοῦ
1675 2605 1807 2659 Θεοῦ
1826 2608 2046 2679 ἀγάπην

478 2684 979 2756 πυρπολουμένους,
1012 2689 1108 2742 καὶ
1142 2691 1236 2745 τοῦ
1272 2693 1477 2763 Κυρίου
1509 2694 1665 2765 ἡμῶν
1712 2698 1884 2768 Ἰησοῦ
1913 2700 2050 2771 Χρι-

474 2772 598 2825 στοῦ
630 2774 728 2844 τὴν
762 2776 1084 2846 ἐπιφάνειαν
1128 2780 1518 2853 ἀναμένοντας,
1552 2785 1675 2856 μεθ’
1708 2785 1767 2841 οὗ
1816 2788 1895 2860 τῷ
1937 2791 2050 2843 Πα-

469 2863 790 2934 τρὶήδόξα,
835 2868 932 2921 σὺν
973 2868 1051 2940 τῷ
1081 2870 1222 2942 ἁγίῳ
1280 2873 1579 2947 Πνεύματι,
1651 2877 1748 2932 νῦν
1794 2879 1891 2934 καὶ
1938 2880 2048 2946 ἀεὶ,

472 2951 565 3004 καὶ
591 2954 668 3018 εἰς
689 2957 816 3021 τοὺς
852 2958 1055 3022 αἰῶνας
1082 2959 1191 3014 τῶν
1214 2962 1448 3017 αἰώνων.
1491 2965 1684 3037 Ἀμήν.

2150 2055 2343 2111 ditate.
2361 2054 2560 2109 Verum
2593 2069 2657 2109 ex
2691 2055 2810 2124 ipso
2836 2054 3107 2125 supplicio
3134 2054 3428 2109 maximam
3457 2056 3727 2126 colligetis

2153 2149 2470 2211 utilitatem,
2517 2162 2625 2216 qua
2676 2162 2763 2203 me
2819 2147 3108 2202 Dominum
3159 2147 3492 2217 agnoscetis.
3550 2146 3725 2214 Quam

2154 2241 2364 2296 utinam
2401 2237 2735 2313 agnitionem
2781 2253 2885 2293 nos
2927 2252 3355 2307 consequamur,
3411 2253 3521 2293 non
3554 2239 3727 2293 malo-

2155 2345 2277 2385 rum
2308 2328 2646 2399 experientia
2689 2328 2861 2393 docti,
2914 2327 3010 2384 sed
3054 2326 3241 2382 divina
3277 2314 3547 2382 beneﬁcia
3594 2343 3721 2383 sen—

2153 2424 2376 2487 tientes,
2405 2430 2460 2476 et
2487 2422 2759 2491 ingratum
2789 2420 3034 2475 animum
3083 2420 3489 2486 abominantes,
3529 2427 3582 2476 et
3628 2420 3723 2475 Dei

2153 2529 2428 2570 memores
2466 2515 2519 2568 in
2556 2514 2805 2585 singulos
2835 2514 2955 2569 dies
2990 2515 3260 2581 renovati,
3292 2523 3349 2570 et
3384 2512 3724 2569 sanctissimi

2152 2606 2393 2680 Spiritus
2420 2611 2624 2665 virtute
2687 2612 2742 2666 in
2776 2611 2871 2666 Dei
2905 2611 3231 2667 charitatem
3282 2610 3624 2675 inﬂammati,
3669 2617 3723 2664 et

2154 2700 2371 2756 Domini
2407 2704 2581 2758 nostri
2604 2702 2738 2759 Jesu
2762 2703 2969 2759 Christi
2999 2703 3294 2759 adventum
3320 2710 3720 2772 exspectantes,

2151 2808 2275 2847 cum
2301 2809 2412 2864 quo
2441 2793 2591 2848 Patri
2626 2794 2697 2850 sit
2724 2795 2918 2865 gloria,
2951 2810 3073 2848 cum
3102 2803 3292 2850 sancto
3321 2793 3553 2863 Spiritu,
3578 2806 3724 2848 nunc

2152 2898 2205 2946 et
2233 2905 2473 2961 semper,
2507 2898 2560 2945 et
2592 2890 2647 2945 in
2676 2890 2875 2946 sazcula
2902 2889 3250 2947 saeculorum.
3282 2888 3477 2943 Amen.

1746 3147 1982 3205 VARIA'J
2021 3147 2426 3207 LECTIONES.

535 3258 581 3285 ι’
605 3256 749 3312 ἐπιθ.
774 3258 902 3314 Rcc.
929 3260 1051 3318 lect.
1086 3262 1488 3335 ἐνθυμημάτων
1510 3264 1682 3337 ὑμῶν.
1723 3264 1883 3320 Hebr.
1920 3265 2189 3321 idolorum
2230 3274 2560 3320 vestrorum.
2637 3263 2682 3296 ⁸³
2704 3263 2745 3318 Β
2772 3261 3103 3334 διότιάυιιιι
3136 3275 3247 3315 rec.
3282 3257 3407 3313 ἰθεί-

1316 3462 1769 3474 ———_—.—_—-—

1828 3616 2210 3703 ΤΟΜΟΣ
2281 3618 2321 3700 Ι
2341 3619 2386 3697 ’.

1585 3968 1936 4057 LIBER
2034 3960 2611 4058 DECIMUSJ

970 4303 1366 4359 ΚΕΦΑΛΑΙυΝ
1397 4307 1534 4359 KA'.

540 4387 608 4453 a',
636 4388 699 4461 β’.
722 4389 831 4444 Kal
859 4391 1096 4460 ἐγένετο
1129 4397 1310 4467 λόγος
1329 4398 1552 4466 Κυρίου
1576 4398 1719 4469 πρὸς
1745 4399 1824 4469 μὲ
1857 4399 1928 4453 ἐν
1960 4398 2040 4467 τῷ

467 4479 587 4534 ἔτει
613 4481 695 4547 τῷ
724 4482 976 4550 ἐννάτῳ,
1010 4484 1081 4538 ἐν
1116 4485 1198 4551 τῷ
1237 4488 1382 4557 μηνί
1419 4485 1500 4553 τῷ
1544 4487 1789 4557 δεκάτῳ,
1819 4489 2039 4561 δεκάτῃ

465 4570 572 4624 τοῦ
589 4572 805 4641 μηνὸς,
840 4573 1055 4645 λέγων·
1092 4578 1189 4631 Υἱὲ
1234 4578 1567 4649 ἀνθρώπου,
1594 4579 1832 4650 γράψον
1861 4598 2041 4637 σεαυ-

468 4659 547 4725 τῷ
582 4662 649 4716 τὸ
706 4663 893 4734 ὄνομα
926 4665 973 4698 ⁸³
1011 4666 1123 4736 τῆς
1164 4670 1391 4739 ἡμέρας
1413 4674 1653 4742 ταύτης,
1690 4672 1788 4743 ἀφ’
1810 4669 1888 4744 ἧς
1928 4674 2040 4729 ἀπ-

467 4754 748 4818 ηρείσατο
797 4758 831 4810 ό
855 4757 1157 4825 ,βασιλεὺς
1207 4760 1569 4830 Βαϐυλῶνος
1619 4763 1718 4817 ἐπὶ
1757 4764 2041 4833 Ἰερουσα-

463 4842 590 4912 λὴμ
637 4845 756 4898 ἀπὸ
808 4846 919 4915 τῆς
968 4848 1195 4918 ἡμέρας
1246 4849 1361 4920 τῆς
1417 4851 1704 4923 σήμερον.
1771 4853 2039 4921 Ἐδίδαξεν
2085 4906 2101 4922 ,

464 4938 613 5005 ἡμᾶς
656 4939 747 4993 τὸν
787 4941 998 5011 χρόνον,
1045 4942 1170 4997 καθ’
1194 4942 1254 4997 δν
1299 4946 1366 5015 τῇ
1395 4945 1442 4977 ’⁸³
1481 4946 1836 5019 Ἰερουσαλὴμ
1867 4948 1896 5001 ό
1933 4947 2040 5002 Βα-

462 5028 724 5094 ϐυλώνιος
756 5032 1213 5104 ἐπεστράτευσεν.
1260 5035 1500 5090 Ἐκείνου
1525 5036 1581 5090 δὲ
1631 5038 1730 5107 τὴν
1761 5037 1916 5092 πόλιν
1942 5055 2040 5092 που

461 5122 831 5194 λιορκοῦντος,
877 5127 906 5179 ὁ
940 5128 1227 5199 προφήτης
1254 5130 1367 5191 τοῖς
1405 5129 1506 5200 ἤδη
1557 5128 1916 5198 δορυαλώτοις
1948 5145 2038 5197 γε·

460 5214 787 5286 γενημένοις
838 5219 1210 5290 προσημαίνει
1267 5219 1338 5273 τὰ
1386 5220 1810 5292 καταληψόμενα
1867 5221 2035 5274 κακά.

461 5302 555 5355 Διὸ
606 5304 699 5357 καὶ
744 5305 806 5359 τὸ
849 5307 1082 5377 ἀψευδὲς
1114 5309 1215 5379 τῆς
1250 5309 1590 5380 προφητείας
1640 5309 1960 5375 ὑποδεικνὺς
2010 5312 2041 5365 ὀ

459 5393 760 5465 Δεσπότης,
793 5397 1238 5469 ἐπισημήνασθαι
1277 5399 1487 5454 κελεύει
1512 5400 1611 5469 τὴν
1649 5402 1881 5472 ἡμέραν,
1913 5400 2037 5455 καθ’

460 5484 526 5551 ἣν
577 5484 606 5536 ὀ
656 5486 917 5558 πολέμιος
968 5492 1034 5560 τῇ
1087 5489 1237 5543 πόλει
1286 5490 1647 5560 προσϐάλλειν
1684 5492 1907 5563 ἤρξατο,
1951 5490 2038 5545 ἵνα

458 5573 554 5627 καί
585 5574 650 5628 ἐκ
676 5575 772 5629 τοῦ
805 5577 997 5647 χρόνου
1027 5579 1072 5612 ⁴ι⁶
1104 5581 1199 5634 καὶ
1247 5580 1311 5631 ἐκ
1362 5578 1455 5631 τοῦ
1487 5578 1675 5643 τέλους
1704 5579 1813 5633 τῶν
1859 5597 2037 5651 πραγ-

2701 4296 2931 4355 CAPUT
2965 4296 3157 4354 XXIV.

2209 4394 2373 4468 875
2398 4390 2561 4449 Vens.
2579 4391 2698 4458 1:2.
2714 4390 2782 4446 Et
2798 4391 2999 4462 factum
3013 4399 3091 4445 est
3105 4387 3314 4444 verbum
3330 4389 3536 4443 Domini
3548 4388 3616 4442 ad
3638 4405 3718 4443 me

2141 4506 2281 4545 anno
2309 4504 2468 4552 nono,
2485 4501 2658 4541 mense
2673 4483 2895 4549 decimo,
2910 4483 3113 4537 decimo
3126 4480 3254 4551 (die)
3274 4482 3488 4545 mensis,
3506 4480 3683 4535 dicens
3697 4496 3717 4534 :

2140 4579 2252 4635 Fili
2276 4579 2523 4643 hominis,
2560 4575 2729 4631 scribe
2756 4575 2852 4629 tibi
2888 4575 2991 4644 ipsi
3009 4589 3195 4628 nomen
3212 4571 3316 4627 diei
3344 4572 3717 4641 hujus,ea:quo

2140 4673 2485 4742 conﬁrmatus
2530 4678 2607 4723 est
2658 4681 2748 4722 rea;
2801 4665 3088 4737 Babylonis
3126 4680 3281 4734 super
3319 4663 3713 4739 Hierosolyma,

2139 4765 2261 4819 inde
2283 4780 2316 4818 α
2340 4763 2426 4817 die
2446 4761 2716 4816 hodierno.
2742 4759 2936 4815 Docuit
2958 4773 3079 4822 nos,
3122 4772 3232 4828 quo
3255 4765 3496 4827 tempore
3522 4762 3716 4809 contra

2140 4852 2574 4923 Hierosolymam
2609 4849 2943 4920 Babylonius
2975 4862 3099 4901 cum
3131 4833 3374 4900 exercitu
3404 4844 3475 4899 sit
3526 4840 3713 4912 proie-

2142 4954 2288 5001 ctus.
2319 4944 2418 4999 Illo
2444 4949 2627 4997 autem
2659 4941 2851 4995 urbem
2882 4938 3193 5002 obsidente,
3218 4935 3484 5006 propheta
3519 4934 3588 4990 iis
3618 4934 3715 5005 qui

2135 5031 2251 5102 jam
2284 5030 2432 5086 bello
2469 5030 2612 5099 capti
2645 5028 2864 5083 fuerant
2905 5024 3278 5097 impendentia
3327 5025 3472 5079 mala
3520 5025 3711 5096 praesi-

2141 5122 2385 5194 gnitlcat.
2411 5120 2623 5175 ldeirco
2656 5116 2954 5188 prophetia:
2978 5130 3199 5186 quoque
3227 5115 3512 5170 veritatem
3530 5122 3716 5171 osten-

2139 5215 2278 5270 dens
2330 5212 2622 5275 Dominus,
2673 5208 2926 5263 annotari
2964 5206 3121 5277 jubet
3159 5206 3327 5272 diem,
3378 5221 3489 5277 quo
3536 5205 3713 5263 hostis

2139 5304 2361 5376 aggredi
2382 5303 2549 5374 coepit
2574 5302 2786 5367 urbem,
2820 5307 2878 5354 ut
2912 5310 3026 5354 tum
3066 5314 3134 5354 ex
3170 5307 3447 5369 tempore,
3480 5306 3597 5353 tum
3643 5313 3712 5354 ex

2137 5407 2336 5453 eventu
2372 5411 2585 5459 rerum,
2615 5392 2830 5447 discant
2862 5401 2915 5445 et
2945 5391 2980 5445 ii
3010 5392 3100 5461 qui
3135 5391 3248 5460 jam
3300 5391 3355 5445 in
3388 5390 3709 5446 servitutem

2139 5488 2346 5545 redacti
2370 5493 2523 5553 sunt,
2562 5495 2618 5541 et
2658 5486 2692 5540 ii
2729 5485 2826 5555 qui
2860 5483 3280 5549 obsidebantur,
3312 5483 3382 5537 ab
3408 5481 3566 5535 initio
3595 5479 3709 5534 haec

2139 5578 2206 5635 de
2238 5579 2375 5650 ipsis
2403 5578 2572 5634 Deum
2598 5577 2918 5646 praedixisse
2946 5594 2959 5631 :
2994 5585 3047 5630 et
3068 5590 3175 5629 non
3212 5582 3433 5644 propter
3463 5570 3702 5625 hostium

1766 5762 2430 5821 VARIAE’LECTIONES.

534 5872 579 5913 ’λδ
606 5874 668 5933 τὸ
697 5876 774 5931 ὃν.
799 5876 927 5935 Περ.
959 5878 1084 5938 lect.
1108 5882 1186 5947 εἰς
1215 5882 1448 5957 ἡμέραν,
1486 5883 1605 5939 ἀπό.

1707 5886 1750 5918 διδ
1781 5888 1863 5959 τῇ.
1899 5884 1995 5940 Εει.
2025 5886 2173 5955 prior
2216 5888 2335 5942 hah.
2404 5886 2521 5956 τῆςο

2620 5886 2663 5921 νδ
2687 5887 2779 5939 καὶ
2804 5886 2866 5937 ἐκ
2893 5900 2943 5937 τ.
2973 5898 3026 5951 χ.
3063 5880 3134 5936 Bx
3172 5879 3208 5933 [Ξ
3233 5877 3415 5946 suppl.
