4116 6418
453 425 588 494 1051

1474 437 1965 498 TIIEODORETI
1998 439 2340 504 EPISCOPI
2366 443 2726 508 CYBENSIS

3587 447 3724 513 1052

449 547 710 600 virtutem
751 561 811 602 se
859 548 1033 601 victos
1083 563 1225 615 esse,
1269 549 1367 604 sed
1410 565 1640 605 suorum
1679 561 2028 621 peccatorum

2143 552 2328 622 μάτων
2394 556 2628 626 μάθωσι,
2671 559 2764 611 καὶ
2807 560 2854 612 oi
2891 559 3014 629 ,ήδη
3046 559 3386 629 αἰχμάλωτοι·
3416 560 3718 631 γενόμενοι,

453 651 648 706 pmnas
685 638 1023 708 persolvere.

2139 644 2236 697 καὶ
2259 645 2308 698 οἱ
2339 646 2812 719 πολιορκούμενοι,
2844 651 2918 713 ὼς
2955 649 3161 704 ἄνωθεν
3186 649 3362 704 ταῦτα
3388 651 3516 720 περὶ
3541 651 3721 705 αὐτῶν

451 735 716 804 προεῖπεν
769 735 798 786 ὁ
842 733 994 801 Θεὸς,
1033 733 1128 786 καὶ
1156 733 1238 788 ὅτι
1267 735 1328 789 οὐ
1359 735 1448 790 διὰ
1481 737 1581 808 τὴν
1613 739 1721 793 τῶν
1776 739 2052 809 πολεμίων
2092 741 2406 814 ἡττήθησαν
2478 745 2651 815 ἰσχὺν,
2713 746 2850 801 ἀλλὰ
2891 746 3000 800 τῶν
3047 745 3264 800 οίκείων
3309 747 3722 818 ἁμαρτημάτων

448 835 684 897 τίνοντες
713 833 889 898 δίκας.

520 927 687 984 Vens.
716 930 769 984 ’5.
809 928 871 982 Et
902 929 989 983 dic
1020 929 1089 984 ad
1131 931 1348 986 domum
1400 942 1822 1003 exasperantem,
1868 946 2032 999 para-

449 1021 647 1076 bolam.
677 1021 814 1077 Post
849 1033 1178 1079 annotatum
1215 1033 1454 1097 tempus,
1492 1041 1588 1096 per
1615 1024 2030 1080 similitudinem

447 1124 504 1168 et
538 1115 778 1187 mnigma
809 1118 1035 1187 jubetur
1066 1120 1357 1190 propheta,
1389 1121 1406 1141 ⁶
1451 1135 1574 1192 qua:
1609 1119 1819 1173 civitati
1861 1134 2031 1174 even-

449 1218 568 1262 tura
604 1210 713 1264 sint
741 1209 994 1276 edocere,
1039 1220 1097 1264 ut
1131 1224 1352 1283 propter
1389 1228 1583 1268 eorum
1620 1228 1741 1282 qua:
1773 1212 2032 1267 dicuntur

447 1299 866 1365 obscuritatem,
897 1301 1274 1358 studiosiores
1307 1303 1374 1357 ad
1400 1301 1855 1374 interrogandum
1901 1301 2030 1356 facti

451 1389 754 1457 auditores,
782 1391 1120 1460 exploratius
1152 1393 1373 1448 oracula
1401 1392 1587 1448 divina
1617 1392 1947 1463 percipiant.

527 1564 595 1618 Et
637 1567 780 1622 dites
834 1569 904 1622 ad
945 1585 1078 1624 eos:
1130 1569 1256 1624 Πανί
1290 1571 1420 1625 dicit
1470 1571 1682 1626 Adouai
1730 1571 2034 1628 Dominus:

452 1655 644 1720 (Vens.
684 1660 742 1720 4,
783 1660 864 1729 5.)
896 1661 1085 1717 Statue
1153 1666 1392 1728 lebetem.
1457 1675 1656 1732 statue,
1727 1665 1939 1735 eiunde
1979 1668 2033 1721 in

450 1747 619 1812 ipsum
658 1749 827 1822 876
871 1769 1087 1822 aquam,
1121 1764 1172 1810 et
1207 1756 1436 1812 immitte
1485 1760 1539 1812 in
1566 1776 1684 1812 eum
1744 1759 2032 1815 divisiones

450 1841 504 1894 in
533 1839 666 1896 duas
715 1854 916 1909 partes,
949 1863 1155 1902 omnem
1188 1849 1499 1904 divisionem
1553 1855 1779 1917 bonam,
1820 1871 1942 1908 crus
1984 1865 2032 1909 et

450 1931 750 2003 humerum,
787 1939 1039 1994 carnibus
1064 1942 1332 2009 separatis
1369 1946 1434 1995 ab
1466 1943 1699 2000 ossibus.
1742 1943 1826 1998 Ea:
1851 1945 2032 2000 electis

448 2028 720 2092 pecoribus
751 2034 1060 2101 assumptis,
1083 2042 1133 2088 et
1179 2035 1436 2090 succende
1479 2053 1604 2090 ossa
1644 2037 1738 2090 sub
1792 2039 1888 2095 eis.
1939 2038 2037 2093 Le-

453 2117 618 2172 betem
664 2122 906 2190 appellat
943 2123 1172 2191 urbem;
1219 2141 1414 2195 aquam
1451 2127 1696 2196 effusam,
1726 2129 1905 2184 omnis
1945 2145 2040 2200 ge-

451 2211 600 2266 neris
630 2213 1014 2280 calamitates;
1074 2216 1362 2274 divisiones
1422 2228 1606 2274 autem
1661 2223 1928 2291 partium',
1983 2232 2039 2279 et

451 2321 616 2358 crura
651 2313 704 2360 et
737 2305 981 2362 humeros
1015 2323 1080 2362 ea:
1114 2309 1296 2366 electis
1346 2313 1646 2380 pecoribus,
1697 2315 2037 2371 abundantia

452 2412 636 2452 rerum
664 2414 728 2454 ac
753 2400 962 2457 divitiis
994 2408 1048 2456 et
1080 2402 1279 2474 opibus
1330 2404 1614 2462 aﬂluentcs
1649 2407 1931 2478 principes
1983 2417 2038 2463 et

451 2491 624 2547 duces
654 2507 719 2547 ac
773 2493 1114 2560 sacerdotes,
1155 2495 1351 2552 iisdem
1405 2499 1570 2553 simul
1631 2501 2039 2557 calamitatibus

453 2583 684 2640 alfectos
711 2604 724 2640 :
749 2603 873 2640 ossa
897 2602 1028 2642 vero
1059 2605 1335 2656 succensa,
1365 2599 1694 2662 paupertate
1715 2609 2034 2664 oppressos.

453 2675 668 2744 priores
702 2674 834 2731 fami
883 2677 1145 2734 traditos.
1204 2679 1388 2749 Ignem
1442 2691 1624 2737 autem
1676 2683 2036 2756 Babylonium

454 2774 642 2828 vocat.
698 2767 931 2838 ejusque
981 2770 1156 2825 aciem
1219 2772 1567 2827 instructam.
1634 2771 1732 2829 His
1803 2774 2035 2844 adjicit:

461 2879 481 2913 ‹
529 2860 810 2922 Eﬂ'erbuit.
842 2863 1119 2930 etierbuit,
1149 2874 1202 2920 et
1242 2874 1401 2921 cocta
1435 2876 1566 2922 Sunt
1598 2882 1725 2922 ossa
1775 2869 1949 2939 ipsius
1982 2869 2036 2923 in

456 2953 639 3010 medio
669 2956 812 3025 ejus.
852 2975 874 3012 ι
904 2955 1034 3028 Igne
1063 2959 1210 3013 enim
1241 2958 1469 3028 injecto,
1513 2959 1714 3030 inquit,
1751 2976 1880 3017 ossa
1913 2977 2040 3017 suc-

455 3060 622 3101 censa
663 3057 995 3118 consumpta
1042 3056 1194 3104 sunt.
1249 3049 1436 3106 Famis
1487 3051 1632 3106 enim
1689 3055 2040 3125 consumptio

455 3137 582 3204 fuit,
630 3141 836 3210 quique
871 3141 1188 3211 ell'ugerunt
1235 3140 1400 3196 famis
1436 3143 1732 3214 impetum,
1784 3146 1850 3200 ad
1883 3162 2037 3202 sum-

456 3247 602 3284 mum
635 3235 902 3287 malorum
936 3249 1259 3304 pervenere,
1288 3236 1634 3293 sustinentes
1667 3236 2036 3294 obsidentium

454 3326 915 3395 oppuguauones.

530 3584 690 3640 Vens.
722 3585 774 3639 6.
806 3582 1091 3652 Propterea
1125 3585 1234 3639 Itwc
1257 3584 1389 3638 dicit
1417 3585 1628 3638 Adonai
1660 3585 1960 3640 Dominus:
1993 3585 2038 3644 0

455 3677 640 3730 civitas
669 3678 1008 3746 sanguinum,
1043 3677 1200 3742 let-es,
1235 3680 1294 3732 in
1335 3695 1438 3748 quo
1489 3687 1567 3733 est
1606 3679 1811 3750 rubigo,
1859 3690 1909 3733 et
1946 3697 2038 3734 ru-

455 3768 575 3838 bigo
607 3785 709 3821 non
734 3786 943 3839 egressa
964 3779 1040 3825 est
1067 3786 1132 3825 ea:
1172 3787 1234 3824 ea
1259 3811 1274 3838 ,
1317 3771 1651 3825 membratim
1665 3789 1780 3825 eam
1794 3772 2038 3842 protulit,

457 3877 559 3913 non
579 3861 764 3915 cecidit
795 3879 954 3930 super
983 3879 1099 3917 eam
1131 3880 1270 3918 sors.
1300 3861 1496 3919 Docuit
1515 3865 1602 3919 hic
1621 3881 1742 3924 nos.
1778 3880 1836 3920 se
1875 3865 2039 3919 etiam

455 3967 626 4021 supra
679 3952 892 4008 lebetem
954 3955 1143 4009 urbem
1212 3954 1580 4010 nominasse:
1653 3954 2042 4024 rubiginemque

457 4042 640 4099 lebetis
677 4057 964 4114 peccatum
1028 4056 1210 4102 vocat.
1245 4045 1311 4101 Et
1342 4048 1581 4104 maxima
1617 4059 1701 4103 est
1732 4048 2036 4114 accusatio,

455 4136 602 4206 quod
636 4154 703 4192 ne
734 4146 920 4194 tantus
957 4139 1180 4209 quidem
1225 4141 1604 4194 calamitatum
1660 4141 1802 4212 ignis
1849 4142 2040 4197 lebetis

455 4229 766 4298 rubiginem
801 4233 1232 4302 consumpserit.
1271 4231 1410 4288 Illud
1452 4242 1657 4300 autem,
1700 4252 1718 4285 ι
1765 4234 2037 4288 membra-

456 4321 552 4376 tim
586 4336 706 4378 eam
735 4323 983 4392 protulit,
1027 4339 1138 4379 non
1194 4323 1395 4379 cecidit
1445 4340 1612 4395 super
1662 4340 1784 4379 eam
1827 4340 1972 4386 sors,
2015 4343 2034 4377 ι

453 4416 724 4483 declarat,
793 4417 1064 4472 neminem
1118 4417 1304 4473 illatas
1362 4417 1620 4488 effugisse
1670 4417 2037 4480 calamitates.

455 4524 636 4580 neque
685 4518 836 4566 sorte
883 4508 1130 4566 delectos
1177 4510 1352 4566 fuisse
1404 4511 1542 4564 alios
1593 4509 1662 4566 ad
1711 4509 2038 4580 perniciem,

453 4598 592 4655 alios
625 4599 693 4654 ad
742 4601 1008 4667 salutem,
1047 4602 1209 4657 sicuti
1246 4603 1301 4657 in
1333 4602 1500 4672 877
1535 4602 1869 4672 quibusdam
1922 4602 2041 4682 pri-

2205 938 2274 999 γ¹.
2303 931 2413 985 Καὶ
2437 933 2572 986 είπέ
2600 933 2699 988 ἐπὶ
2734 935 2842 989 τὸν
2879 931 3049 990 οἷκον
3078 936 3186 990 τὸν
3209 939 3718 1005 παραπικραίνον-

2142 1039 2232 1089 τα,
2267 1026 2643 1095 παραϐολήν.
2679 1029 2836 1082 Μετὰ
2883 1029 2944 1082 τὸ
2990 1029 3440 1101 ἐπισημήνασθαι
3469 1030 3557 1084 τὸν
3597 1035 3722 1102 χρό-

2136 1135 2249 1183 νον,
2301 1121 2700 1190 προστάττεται
2754 1123 2782 1175 6
2842 1123 3128 1193 προφήτης
3185 1124 3570 1195 παραϐολικῶς
3629 1125 3722 1178 καὶ

2135 1207 2560 1277 αἰνιγματωδῶς
2610 1208 2679 1262 τὰ
2739 1209 3132 1281 συμϐησόμενα
3172 1212 3237 1281 τῇ
3295 1208 3445 1262 πόλει
3492 1209 3717 1274 διδάξαι,

2135 1299 2227 1354 ἵνα
2256 1299 2345 1354 διὰ
2387 1300 2486 1372 τὴν
2520 1300 2792 1370 ἀσάφειαν
2841 1300 2949 1356 τῶν
2978 1300 3287 1372 λεγομένων
3315 1301 3720 1372 σπουδαιότεροι

2143 1391 2274 1464 περὶ
2316 1392 2418 1463 τὴν
2464 1393 2738 1464 ἐρώτησιν
2775 1394 2826 1446 oi
2871 1394 3137 1464 ἀκροαταὶ
3166 1395 3470 1464 γενόμενοι,
3503 1393 3723 1462 ἀκριϐέ-

2143 1499 2334 1552 στερον
2367 1482 2583 1554 μάθωσι
2619 1484 2688 1538 τὰ
2717 1484 2836 1538 θεῖα
2871 1484 3244 1556 θεσπίσματα.

2213 1573 2320 1628 Καὶ
2365 1575 2518 1644 ἐρεῖς
2551 1576 2704 1646 πρὸς
2753 1578 2978 1643 αὐτούς
3002 1593 3016 1608 ο
3078 1575 3225 1630 Τάδε
3271 1575 3432 1644 λέγει
3488 1574 3725 1629 Ἄδων-αἵ

2140 1671 2358 1739 Κύριος
2385 1687 2400 1702 ο
2433 1669 2516 1741 (δ’,
2543 1669 2604 1740 ε’)
2643 1670 3021 1738 Ἐπίστησον
3059 1669 3167 1723 τὸν
3198 1668 3440 1734 λέϐητα,
3475 1668 3722 1734 ἐπίστη-

2139 1777 2274 1823 σον,
2301 1762 2474 1830 ἕκχεε
2513 1761 2557 1792 ⁸⁷
2578 1763 2665 1828 είς
2695 1760 2884 1815 αὑτὸν
2910 1759 3086 1829 ὕδωρ,
3117 1759 3214 1814 καί
3257 1759 3478 1828 ἔμϐαλε
3503 1761 3591 1824 εις
3621 1760 3724 1811 αὑ-

2140 1853 2246 1908 τὸν
2269 1853 2736 1924 διχοτομήματα,
2784 1850 2909 1907 πᾶν
2929 1851 3300 1922 διχοτόμημα
3328 1851 3540 1916 καλὸν,
3580 1849 3721 1908 σκέ-

2139 1948 2250 2010 λος
2293 1945 2392 1998 καί
2435 1940 2599 2014 ὦμον
2646 1942 3149 2012 έκσεσαρκωμένα
3193 1944 3311 1997 ἀπὸ
3357 1941 3478 1995 τῶν
3505 1939 3718 1996 ὀστῶν.

2152 2038 2255 2103 Ἐξ
2291 2038 2623 2092 ἐπιλέκτων
2650 2036 2890 2104 κτηνῶν
2922 2036 3322 2106 είλημμένων,
3346 2035 3444 2090 καί
3474 2035 3729 2090 ὑπόκαιε

2139 2128 2213 2180 τὰ
2249 2125 2403 2181 ὀστᾶ
2439 2125 2721 2181 ὑποκάτω
2773 2125 2994 2180 αὐτῶν.
3035 2125 3270 2192 Λέϐητα
3326 2123 3724 2195 προσαγορεύει

2137 2220 2238 2292 τὴν
2267 2220 2420 2279 πόλιν
2455 2237 2469 2252 ο
2507 2219 2663 2289 ὕδωρ
2691 2219 2746 2272 δὲ
2771 2219 3142 2290 ἐκχεόμενον
3166 2218 3211 2252 ⁸⁸
3239 2219 3340 2282 τὰς
3378 2215 3724 2280 παντοδαπὰς

2141 2313 2429 2384 συμφοράς
2461 2329 2474 2343 ·
2508 2314 2602 2367 καὶ
2633 2311 3081 2382 διχοτομήματα
3120 2310 3198 2374 δὲ,
3249 2310 3344 2364 καὶ
3395 2307 3588 2376 σκέλη
3631 2310 3724 2360 καὶ

2137 2402 2336 2473 ὤμους
2388 2403 2458 2468 ἐξ
2507 2403 2841 2458 ἐπιλέκτων
2891 2401 3149 2470 κτηνῶν,
3202 2402 3330 2465 τοὺς
3370 2401 3427 2453 ἐν
3474 2398 3723 2470 εὐπερίᾳ,

2138 2494 2234 2547 καὶ
2273 2493 2509 2565 πλούτῳ,
2556 2495 2651 2547 καὶ¹
2695 2493 2928 2564 δυνάμει
2960 2493 3227 2564 ἄρχοντάς
3261 2509 3319 2546 τε
3354 2491 3448 2544 καὶ
3485 2490 3724 2561 ἡγουμέ-

2138 2603 2284 2649 νους,
2320 2585 2414 2638 καὶ
2445 2586 2648 2656 ἱερέας,
2679 2585 2822 2638 κατὰ
2856 2584 3051 2638 ταύτὸν
3101 2582 3571 2656 παραδεδομένους
3609 2583 3724 2644 ταῖς

2142 2680 2452 2749 συμφοραῖς
2476 2695 2489 2709 ·
2525 2677 2678 2734 ὀστᾶ
2709 2677 2766 2730 δέ
2798 2678 3232 2747 ὐποκαιόμενα,
3269 2677 3394 2739 τοὺς
3436 2674 3596 2745 πενίᾳ
3630 2691 3724 2725 συ-

2141 2767 2352 2833 ζῶντας
2386 2768 2688 2841 προτέρους
2718 2769 2795 2840 τῷ
2822 2767 2966 2840 λιμῷ
2997 2767 3404 2840 παραδοθέντας
3430 2784 3441 2795 ³
3476 2766 3595 2834 πῦρ
3643 2767 3724 2829 δέ,

2139 2861 2231 2916 τὸν
2272 2861 2611 2915 Βαϐυλώνιον
2645 2862 2739 2916 καὶ
2767 2861 2867 2933 τὴν
2891 2861 3080 2915 τούτου
3123 2859 3462 2931 παράταξιν.
3503 2856 3726 2920 Τούτοις

2141 2955 2339 3023 ἐπάγει
2371 2969 2384 2982 ·
2421 2971 2440 3005 ι
2488 2951 2768 3021 Ἐξέζεσεν
2798 2955 2866 3019 ⁸⁸,
2911 2951 3148 3016 ἐξέζεσε,
3182 2952 3276 3005 καί
3306 2968 3369 3020 γε
3396 2951 3602 3021 ἦψηται
3656 2948 3726 3002 τά

2139 3047 2273 3100 ὀστᾶ
2321 3047 2492 3116 αὐτῆς
2525 3047 2582 3100 ἐν
2616 3046 2764 3117 μέσῳ
2815 3045 3008 3116 αὐτῆς.
3052 3063 3069 3096 t
3109 3043 3215 3097 Τοῦ
3250 3045 3358 3114 γὰρ
3394 3042 3586 3114 πυρὸς,
3618 3058 3725 3111 φη-

2143 3137 2247 3203 σὶν,
2275 3137 2655 3208 ἐμϐληθέντος,
2689 3137 2760 3190 τά
2789 3154 2848 3190 τε
2882 3135 3256 3206 ὑποκαιόμενα
3299 3135 3434 3187 ὀστᾶ
3478 3133 3556 3204 τῷ
3593 3135 3726 3204 πυρὶ

2143 3229 2568 3301 ωτεδαπανήθη
2597 3245 2612 3260 ’
2673 3229 2769 3282 τοῦ
2805 3228 2916 3300 γὰρ
2959 3227 3118 3298 λιμοῦ
3172 3227 3462 3298 γεγένηται
3517 3242 3724 3296 παραν-

2063 3330 2106 3388 C
2139 3320 2356 3392 άλωμα,
2387 3321 2482 3374 καὶ
2515 3322 2562 3374 οἱ
2589 3321 2944 3389 διαφυγόντες
2964 3319 3063 3390 τὴν
3091 3317 3186 3372 τοῦ
3214 3317 3375 3390 λιμοῦ
3417 3315 3723 3388 προσϐολὴν

2142 3415 2201 3468 ἐν
2223 3414 2375 3484 ἀκμῇ
2404 3412 2728 3483 γεγένηνται
2758 3410 2867 3464 τῶν
2890 3410 3100 3476 κακῶν,
3117 3410 3219 3474 τὰς
3246 3408 3355 3463 τῶν
3385 3407 3725 3481 πολιορκούνο

2141 3522 2250 3558 των
2279 3505 2560 3575 δεχόμενοι
2594 3503 2924 3574 προσϐολάς.

2217 3603 2291 3660 ς’.
2320 3599 2425 3649 Διὰ
2473 3594 2650 3649 τοῦτο
2702 3593 2843 3648 τάδε
2883 3593 3047 3662 λέγει
3085 3591 3335 3646 Ἀδωναῒ
3361 3594 3615 3662 Κύριος·
3655 3587 3721 3647 Ὦ

2141 3689 2320 3754 πόλις
2351 3687 2634 3757 αἱμάτων,
2680 3689 2884 3754 λέϐης,
2909 3686 2980 3739 ἐν
3009 3683 3056 3750 ᾧ
3099 3686 3274 3738 ἐστιν
3324 3686 3413 3752 ίὸς
3437 3687 3508 3740 ἐν
3542 3683 3721 3751 αὐτῷ.

2142 3777 2240 3831 καὶ
2293 3780 2324 3830 ὀ
2383 3776 2472 3841 ὶὸς
2511 3777 2622 3828 οὐκ
2665 3773 2928 3842 ἐξῆλθεν
2968 3772 3038 3837 ἐξ
3079 3769 3290 3840 αὐτῆς,
3345 3770 3497 3825 κατὰ
3538 3769 3724 3839 μέλος

2143 3863 2333 3933 αὐτῆς
2362 3862 2691 3932 ἐξήνεγκεν
2709 3875 2724 3891 ⁶
2751 3863 2864 3916 οὐκ
2893 3860 3116 3915 ἔπεσεν
3141 3859 3234 3914 ἐπ’
3255 3858 3451 3925 αὐτὴν
3475 3857 3717 3926 κλῆρος.

2155 3954 2424 4020 Ἐδίδαξεν
2469 3954 2616 4024 ἡμᾶς
2668 3951 2920 4018 ἐνταῦθα,
2969 3952 3051 4004 ὅτι
3083 3951 3175 4003 καὶ
3224 3951 3336 4005 ἄνω
3367 3948 3590 4016 λέϐητα
3626 3950 3723 4018 τὴν

2145 4049 2300 4103 πόλιν
2330 4047 2637 4118 ὠνόμασεν,
2673 4046 2766 4099 id?
2801 4045 2858 4098 δέ
2893 4044 2999 4098 τοῦ
3043 4044 3298 4112 λέϐητος
3324 4041 3422 4113 τὴν
3447 4041 3724 4113 ἁμαρτίαν

2143 4140 2315 4196 καλεῖ.
2351 4141 2599 4210 Μεγίστη
2623 4139 2678 4192 δέ
2710 4137 3038 4208 κατηγορία,
3068 4137 3149 4190 ὅτι
3181 4135 3301 4188 οὐδὲ
3339 4132 3562 4188 τοσοῦτο
3611 4131 3720 4200 πῦρ

2142 4234 2254 4288 τῶν
2311 4232 2608 4305 συμφορῶν
2642 4231 2732 4284 τὸν
2764 4229 2859 4284 τοῦ
2902 4231 3125 4301 λέϐητος
3180 4229 3257 4283 ίὸν
3286 4227 3614 4298 ἐδαπάνησε.
3651 4227 3721 4279 Ta

2141 4326 2201 4380 δὲ
2242 4343 2261 4377 ι
2318 4324 2477 4386 Κατὰ
2528 4323 2688 4394 μέλος
2734 4321 3049 4392 ἐξήνεγκεν,
3093 4321 3194 4374 οὑκ
3227 4319 3420 4373 ἔπεσεν
3447 4318 3722 4388 ἐπάὺτὴ)

2144 4416 2366 4489 κλῆρος,
2405 4434 2424 4468 ι
2456 4415 2608 4484 δηλοῖ
2637 4414 2720 4466 ὃτι
2752 4412 2928 4476 οὐδεὶς
2957 4412 3058 4476 τὰς
3089 4409 3474 4480 ἐπενεχθείσας
3499 4409 3720 4478 διέφυγε

2145 4508 2449 4580 συμφορὰς,
2481 4507 2600 4573 οὐδὲ
2626 4503 3016 4575 ἐκληρώθησαν
3047 4504 3096 4556 oi
3147 4502 3246 4574 μὲν
3278 4503 3356 4565 είς
3386 4500 3628 4573 ὀλεθρον,
3674 4501 3718 4551 oi

2141 4601 2199 4656 δὲ
2227 4603 2305 4666 είς
2339 4599 2635 4670 σωτηρίαν,
2670 4596 2922 4664 καθάπερ
2957 4597 3014 4648 ἐν
3037 4597 3154 4658 ταῖς
3194 4594 3296 4665 ἠδη
3336 4593 3600 4665 πρότερον
3626 4607 3720 4660 γε·

458 4692 624 4747 stinis
652 4692 767 4761 jam
822 4709 925 4749 usu
957 4703 1187 4751 venerat
1220 4694 1668 4752 calamitatibus:
1704 4695 1801 4750 sed
1846 4709 2036 4750 omnes

2145 4693 2477 4765 γενημέναις
2532 4689 2869 4761 πολιορκίαις
2900 4688 3122 4757 συνέϐη,
3153 4685 3288 4739 ἀλλὰ
3318 4686 3519 4749 πάντες
3548 4684 3720 4748 ἁπαξ-

456 4784 690 4838 omnino
745 4787 943 4855 partim
991 4785 1162 4852 fame,
1216 4786 1414 4856 partim
1462 4795 1615 4855 peste
1653 4795 2037 4858 consumptos,

455 4890 667 4946 eosque
701 4879 796 4948 qui
847 4871 973 4935 Ιιειιο
994 4881 1328 4943 evasissent,
1377 4879 1460 4933 vel
1512 4880 1824 4949 praeliantcs
1864 4881 2040 4936 inter-

457 4963 666 5030 fectos,
715 4969 798 5022 vel
862 4976 1210 5039 expugnatos
1254 4968 1547 5026 obsidione
1600 4971 1656 5026 in
1715 4973 2038 5029 servitutem

458 5057 734 5113 redactos.
767 5060 1119 5130 Causamque
1145 5060 1412 5116 malorum
1453 5061 1682 5126 docens.

527 5148 692 5206 Vens.
731 5152 782 5205 7.
820 5152 959 5219 Quia
991 5155 1234 5224 sanguis,
1263 5153 1465 5226 inquit,
1493 5154 1606 5224 ejus
1640 5157 1695 5209 in
1728 5153 1900 5210 medio
1924 5154 2044 5223 ejus

457 5240 582 5310 fuit.
619 5241 742 5298 llzec
782 5253 964 5298 autem
1019 5247 1317 5309 sustinent.
1367 5246 1568 5317 inquit,
1601 5245 1816 5303 eximia:
1876 5245 2040 5300 caedis

457 5349 654 5403 patrias
686 5335 922 5390 luentes.

530 5423 700 5493 Super
721 5426 901 5481 lwuem
923 5438 1129 5495 petram
1157 5430 1309 5499 posui
1336 5430 1509 5495 illum,
1536 5447 1640 5484 natt
1670 5431 1833 5500 σθ’ηῶ
1867 5431 2038 5498 ipsum

459 5518 513 5572 in
564 5529 765 5574 terram
813 5530 869 5573 ut
919 5522 1143 5589 operiret
1186 5522 1360 5592 ipsum
1412 5533 1578 5578 terra.
1611 5523 1795 5591 (Vens.
1838 5524 1916 5584 8.)
1969 5522 2036 5578 Ut

2139 4788 2353 4853 απ).ὦς,
2377 4788 2428 4840 οἱ
2473 4787 2570 4856 μὲν
2616 4784 2780 4864 λιμῷ³
2813 4785 2860 4837 οί
2899 4783 2954 4836 δὲ
2987 4781 3160 4854 λοιμῷ
3212 4781 3594 4854 παρεδόθησαν
3619 4799 3632 4811 ·
3673 4783 3720 4833 οἱ

2141 4882 2200 4937 δὲ
2247 4878 2418 4935 ταῦτα
2449 4877 2755 4939 διαϐάντες,
2803 4875 2837 4947 ἦ
2897 4875 3262 4946 πολεμοῦντες
3295 4874 3655 4946 ἀνῃρέθησαν,
3690 4872 3720 4941 ἢ

2143 4969 2595 5042 πολιορκηθέντες
2633 4965 3198 5038 ἐξηνδραποδίσθησαν
3228 4982 3241 4995 '
3270 4965 3510 5020 διδάσκει
3542 4966 3599 5019 δέ
3633 4966 3724 5019 καὶ

2139 5065 2249 5120 τῶν
2281 5061 2466 5118 κακῶν
2498 5061 2595 5117 τὴν
2629 5059 2828 5112 αἰτίαν.

2224 5149 2290 5213 ζ’·
2325 5153 2442 5209 Ὅτι
2486 5149 2856 5223 αἷμα·αὐτῆς
2883 5151 2955 5205 ἐν
2998 5151 3169 5222 μέσῳ
3215 5151 3411 5222 αὐτῆς
3463 5151 3722 5224 ἐγένετο.

2142 5246 2330 5300 Ταῦτα
2379 5246 2454 5312 δὲ,
2488 5244 2674 5316 φησιν,
2706 5242 3039 5314 ὑπομένουσι
3069 5241 3170 5314 τῆς
3219 5242 3360 5311 ἄγαν
3413 5242 3726 5314 μιαιφονίας

2141 5339 2378 5401 τίνοντες
2402 5337 2580 5399 δίκας.

2225 5429 2352 5482 Ἐπί
2375 5427 2741 5496 λεωπετρίαν
2768 5425 2988 5496 τέταχα
3015 5425 3184 5484 αὐτὸ.
3216 5426 3328 5480 οὐκ
3351 5424 3652 5495 ὲκκέχυκα
3679 5425 3724 5456 ⁸⁸

2140 5524 2287 5579 αὐτὸ
2317 5519 2414 5575 ἐπὶ
2443 5520 2555 5590 τὴν
2573 5519 2711 5590 τήν,
2735 5519 2843 5575 τοῦ
2867 5519 3140 5588 καλύψαι
3165 5517 3355 5573 αὐτὸν
3381 5519 3496 5586 τὴν
3515 5520 3558 5550 ⁸³
3584 5515 3720 5587 γῆν.

1763 5677 1999 5733 ΥᾹΒΙᾹΞ
2024 5675 2437 5734 LECTIONES.

544 5815 585 5896 _"
614 5815 886 5896 lico-lcet.
914 5828 998 5877 est
1026 5820 1231 5893 ἔγχεον.
1276 5820 1321 5853 ⁸⁸
1349 5818 1389 5875 Β
1421 5818 1763 5890 ἐγχεόμενον.
1805 5822 1849 5859 δ’
1869 5822 1909 5878 Β
1939 5824 2144 5888 ἐςεσεν.
2187 5822 2233 5855 ⁵ο
2267 5819 2364 5875 Ed.
2402 5829 2552 5886 prior
2581 5815 2708 5872 hab.
2730 5814 3023 5885 ὲγκὲχυκα.
3061 5814 3108 5846 ⁸⁸
3141 5815 3266 5869 αὺτ.
3293 5815 3408 5885 τήν.
3432 5812 3562 5868 Hoc.
3592 5813 3712 5867 lect.

463 5884 548 5936 ἐπ’
585 5884 734 5938 αὑτό.
