4116 6474
434 464 574 528 1053

1565 464 1653 529 ΙΝ
1675 465 2119 525 EZECHIELIS
2148 467 2308 529 CAP.
2338 469 2520 528 XXIV

3551 456 3685 522 105i

428 579 522 651 (η’)
571 575 682 632 Τοῦ
724 573 1022 643 ἀναϐῆναι
1049 574 1241 644 θυμὸν
1267 576 1356 642 είς
1394 575 1731 645 ἐκδίκησιν,
1769 579 2002 646 ἐκδικη-

2107 579 2405 632 asccndcrel
2447 579 2598 648 furor
2629 580 2682 632 in
2731 577 3010 641 ultionem,
3044 574 3240 628 ultioni
3279 571 3439 626 dedi‘
3481 572 3688 640 sangui.

427 670 608 740 θῆναι
667 665 896 721 δέδωκα
949 665 1016 720 τὸ
1065 661 1209 737 αἷμα
1239 668 1452 735 αὐτῆς,
1504 669 1604 722 ἐπὶ
1635 670 2005 738 λεωπετρίαν

427 764 649 830 τέταχα
679 759 826 815 αὐτὸ
855 761 900 792 ³³
930 758 1038 814 τοῦ
1063 758 1150 829 μὴ
1199 762 1466 830 καλύψαι
1498 763 1666 819 αὑτό.
1726 764 1799 817 Ού
1835 779 2005 816 κατα-

426 849 674 919 καλύψω,
711 847 868 920 φησὶ,
898 847 999 909 τὰς
1029 848 1120 902 ὑπ’
1150 849 1330 903 αὐτῶν
1355 850 1718 922 τολμηθείσας
1766 868 2006 923 παρανο-

431 943 582 1016 μίας,
631 941 770 996 ἀλλὰ
812 939 1027 1012 γυμνάς
1079 939 1249 1005 αὐτὰς
1283 944 1633 1012 καταστήσω,
1690 944 1786 997 καὶ
1838 944 2004 997 πᾶσιν

429 1031 716 1098 ὑποδείξω,
746 1030 998 1103 καθάπερ
1019 1048 1073 1085 τι
1097 1025 1276 1101 ,αἷμα,
1302 1032 1402 1086 οὐκ
1430 1033 1525 1086 ἐπὶ
1554 1034 1656 1103 γῆς
1682 1034 2004 1105 ἐκχεόμενον

430 1123 525 1178 καὶ⁸
562 1122 1060 1194 καταποθούμενον,
1100 1122 1217 1176 ἀλλ’
1243 1123 1337 1178 ἐπὶ
1365 1123 1512 1186 λείας
1535 1123 1862 1195 βαλλόμενον
1908 1125 2005 1178 πέ-

430 1229 586 1283 τρας,
625 1213 720 1267 καὶ
767 1214 847 1276 είς
890 1212 952 1266 τὺ
1005 1212 1251 1283 διηνεκὲς
1289 1213 1707 1283 φυλαττόμενον,
1742 1215 1823 1279 εἰς
1871 1233 2004 1269 κατ-

431 1303 660 1376 ηγορίαν
688 1302 796 1358 τῶν
814 1303 1001 1375 ἐκχέαι
1031 1304 1191 1358 τοῦτο
1223 1305 1655 1378 τετολμηκότων.

505 1394 669 1464 θ’-ιβ’.
711 1394 814 1449 Διὰ
856 1395 1032 1448 τοῦτο
1079 1395 1219 1450 τάδε
1268 1396 1431 1468 λέγει
1482 1397 1720 1452 Ἁδωναϊ
1745 1397 1958 1466 Κύριος
1987 1413 2002 1429 ⁸

432 1482 506 1539 Ὦ
531 1485 574 1516 ³³
607 1484 786 1549 πόλις
813 1484 932 1538 τῶν
956 1486 1236 1555 αἱμάτων,
1279 1488 1381 1542 καί
1415 1505 1482 1558 γε
1525 1489 1639 1558 ἐγὼ
1687 1487 2006 1560 μεγαλυνῶ

432 1575 538 1630 τὸν
573 1575 766 1631 δαλόν
791 1576 857 1628 ⁸³.
889 1576 996 1631 Καὶ
1019 1579 1309 1646 πληθυνῶ
1332 1581 1377 1614 ⁸⁸
1416 1581 1487 1636 τὰ
1522 1581 1696 1647 ξύλα,
1726 1582 1825 1636 καὶ
1863 1583 2006 1638 ἀνα-

431 1667 637 1719 παύσω
675 1665 742 1719 τὸ
781 1666 922 1734 πῦρ,
954 1666 1114 1734 ὅπως
1144 1667 1298 1736 τακῇ
1327 1670 1399 1725 τὰ
1427 1672 1592 1740 κρέα,
1625 1671 1721 1725 καὶ
1751 1673 1797 1705 ⁵⁸
1829 1673 2004 1728 ἐλατ-

428 1756 588 1825 τωθῆ
617 1759 652 1810 δ
698 1755 902 1826 ζωμὸς,
947 1758 1049 1812 καὶ
1104 1760 1177 1814 τὰ
1214 1759 1366 1818 ὀστᾶ
1403 1763 1728 1833 συμφρυγῇ
1763 1766 1853 1820 ⁸⁸⁸.
1893 1766 2006 1821 Καὶ

430 1846 550 1917 στῇ
586 1846 684 1902 ἐπὶ
714 1847 859 1915 τοὺς
897 1848 1198 1918 ἄνθρακας
1240 1852 1610 1922 αὐτῆςλκενή
1640 1856 1683 1887 ⁵⁷
1719 1872 1730 1883 ·
1771 1855 2002 1926 ἐξήφθη

2112 686 2226 723 nem
2257 671 2391 737 ejus.
2410 688 2564 740 super
2593 671 2766 726 (mrem
2790 671 2996 740 petroni
3023 666 3140 722 dedi
3169 667 3360 735 ipsum,
3399 681 3458 719 ne
3489 664 3687 731 aperiat

2112 761 2305 831 ipsum.
2339 763 2453 817 Non
2503 764 2837 833 cooperiam,
2901 759 3119 831 inquit,
3153 773 3215 813 ea
3273 755 3539 818 facinora,
3570 770 3688 824 (ιιιςιε

2113 853 2213 925 ipsi
2263 855 2377 910 ausi
2436 864 2592 920 sunt,
2652 856 2745 912 sed
2786 856 2904 926 ipsa
2940 851 3263 914 denudabo,
3323 849 3688 916 omnibusque

2111 947 2428 1013 ostendam,
2477 949 2635 1017 quasi
2688 947 3010 1019 sanguinem
3055 961 3161 998 non
3191 944 3246 998 in
3301 950 3504 997 terram
3550 938 3687 994 emt-

2111 1054 2253 1105 sum,
2300 1048 2354 1094 et
2402 1039 2469 1093 ab
2496 1054 2559 1094 ea
2591 1040 2930 1109 absorptum,
2961 1038 3055 1094 sed
3105 1051 3272 1106 super
3308 1034 3493 1089 laevem
3547 1033 3684 1100 lapi-

2111 1130 2232 1186 dem
2282 1130 2566 1200 injectum,
2627 1131 2718 1198 qui
2765 1130 3106 1184 continenter
3144 1135 3424 1190 servatur,
3478 1133 3538 1179 ut
3593 1138 3686 1177 eos

2112 1233 2354 1286 accuset,
2397 1224 2487 1292 qui
2522 1221 2675 1277 illum
2723 1221 3002 1276 ell‘undere
3032 1219 3149 1274 ausi
3185 1225 3334 1273 sunt.

2183 1393 2346 1450 Vens.
2381 1393 2536 1448 9-12.
2586 1372 2873 1461 Propterea
2908 1391 3019 1445 hare
3070 1388 3204 1443 dicit
3243 1385 3450 1440 Adonai
3499 1382 3685 1438 Domi-

2113 1504 2210 1542 nus
2235 1504 2254 1541 :
2288 1486 2332 1542 Ο
2360 1488 2548 1541 civitas
2581 1485 2930 1556 sanguinum,
2959 1492 3008 1538 et
3041 1499 3133 1553 ego
3178 1477 3530 1551 magniﬁcabo
3577 1485 3684 1528 tor-

2111 1597 2240 1634 rem.
2273 1578 2339 1632 Et
2365 1578 2730 1648 multiplicabo
2782 1577 2947 1647 ligna,
2982 1584 3032 1630 et
3073 1573 3351 1628 incendam
3405 1571 3598 1641 ignem,
3627 1578 3682 1622 ut

2113 1670 2382 1725 tabescunt
2417 1686 2621 1736 carnes,
2667 1676 2715 1722 et
2741 1668 3014 1720 minuatur
3052 1664 3168 1734 jus,
3202 1673 3250 1717 et
3286 1677 3410 1717 ossa
3446 1669 3686 1714 ton-eau-

2114 1773 2220 1817 tur.
2257 1761 2321 1815 Et
2346 1771 2444 1816 stet
2471 1777 2629 1828 super
2655 1757 2905 1814 carbones
2937 1772 3061 1811 suos
3084 1755 3302 1809 inanis:
3343 1754 3556 1806 incensa
3579 1753 3683 1814 ’est,

2113 1863 2170 1907 ut
2199 1851 2560 1916 comburatur,
2599 1861 2647 1906 et
2692 1851 2928 1920 cale/iul,
2978 1857 3028 1904 et
3059 1855 3331 1900 torreatur
3358 1861 3430 1900 ws
3475 1843 3611 1913 ejus,
3635 1851 3684 1896 et

431 1940 591 2006 ὅπως
615 1939 994 2009 προσκαυθῇ,
1028 1941 1128 1994 καὶ
1158 1943 1480 2013 θερμανθῆ,
1509 1945 1607 1998 καὶ
1660 1945 1704 1978 ⁵⁸
1733 1946 2002 2017 ἐκφρυτῇ

2109 1945 2347 2014 liqueﬁat
2387 1944 2440 1998 in
2478 1943 2646 1997 medio
2675 1942 2788 2009 ejus
2824 1938 3164 1995 immunditia
3207 1937 3348 2007 ejus,
3387 1945 3437 1991 et
3472 1935 3684 2004 deﬁciat

429 2035 464 2088 ό
508 2033 737 2102 χαλκὸς
781 2032 992 2100 αὐτῆς,
1032 2034 1130 2089 καὶ
1182 2035 1340 2104 τακῇ
1391 2037 1460 2091 ἐν
1508 2037 1676 2106 μέσῳ
1725 2037 1908 2108 αὐτῆς
1965 2039 2004 2107 ἠ

428 2123 766 2192 ἀκαθαρσία
804 2123 1015 2192 αὐτῆς,
1044 2126 1138 2179 καί
1192 2127 1412 2196 ἐκλίπῃ
1441 2131 1474 2182 ό
1498 2130 1588 2194 ἰὸς
1631 2129 1843 2198 αὐτῆς.
1900 2135 2006 2185 Ta-

427 2211 687 2282 πεινωθῇ
710 2215 744 2267 ό
765 2213 857 2279 ioc
875 2212 1086 2283 αὐτῆς,
1115 2216 1212 2270 καὶ
1244 2218 1315 2270 οὐ
1335 2217 1422 2286 μὴ
1445 2217 1660 2289 ἐξέλθῃ
1689 2220 1758 2286 ἐξ
1794 2219 2002 2290 αὐτῆς.

433 2325 454 2358 ι
490 2305 816 2374 Μεγαλυνῶ,
850 2306 1007 2377 φησὶ,
1030 2306 1123 2360 τὸν
1148 2307 1329 2373 δαλὸν,
1379 2327 1397 2360 ι
1443 2310 1740 2376 τουτέστιν,
1783 2313 2006 2384 αύξήσω

431 2399 528 2470 τὴν
572 2399 745 2470 ἀρχὴν
798 2398 905 2451 τῶν
955 2398 1161 2452 κακῶν.
1201 2418 1220 2451 ι
1258 2399 1367 2454 Καὶ
1408 2401 1665 2471 πληθυνῶ
1696 2404 1764 2458 τὰ
1794 2403 1944 2470 ξύλα,
1980 2425 1998 2458 ι

431 2491 556 2544 ἀντὶ
603 2488 720 2552 τοῦ,
752 2489 953 2553 πολλὰς
1005 2489 1262 2561 ἀφορμάς
1319 2492 1563 2562 παρέξω,
1601 2494 1694 2548 καὶ
1749 2494 1880 2560 ὕλας
1925 2496 2004 2568 τῷ

435 2581 572 2650 πυρὶ
604 2581 710 2634 τῶν
762 2581 967 2646 κακῶν,
1014 2581 1101 2635 ἵνα
1129 2581 1286 2635 τοῦτο
1323 2583 1420 2654 μὲν
1451 2585 1764 2650 ἀνακαύσω,
1803 2607 1822 2639 ι
1852 2587 1921 2641 τὰ
1947 2587 2004 2641 δὲ

431 2668 670 2740 ἑψόμενα
701 2670 856 2740 κρέα,
901 2689 920 2721 ι
955 2671 1224 2733 τουτέστι,
1257 2673 1382 2736 τοὺς
1419 2675 1475 2726 ἐν
1503 2677 1568 2746 τῇ
1605 2674 1758 2730 πόλει
1787 2676 2002 2749 ἀνθρώ-

427 2777 583 2826 πους,
614 2761 991 2831 κατατακῆναι
1018 2764 1431 2833 παρασκευάσω
1463 2780 1476 2793 ·
1509 2766 1602 2819 καὶ
1642 2767 1691 2819 οἱ
1748 2767 1846 2837 μὲν
1897 2768 2003 2822 ὑπὸ

424 2848 584 2920 λιμοῦ
613 2849 991 2922 δαπανηθῶσι,
1024 2851 1182 2922 δίκην
1227 2853 1403 2907 ὀστῶν
1442 2858 1908 2934 συμφρυγόμενοι,
1951 2863 2000 2917 oi

419 2941 618 3006 ὃὲταῖς
645 2943 1019 3007 παντοδαπαῖς
1062 2944 1454 2999 κατακαυθῶσι
1489 2952 1818 3020 συμφοραῖς,
1867 2951 2000 3005 καθ-
2047 2950 2051 2954 ’

417 3032 564 3104 άπερ
609 3033 747 3106 κρέα
773 3033 1015 3106 ἑψόμενα
1043 3051 1056 3066 ⁸
1106 3038 1172 3106 τῇ
1200 3036 1253 3090 δὲ
1286 3037 1454 3109 πολλῇ
1490 3039 1584 3093 τοῦ
1625 3041 1795 3112 πυρὸς
1829 3059 2001 3113 προσ-

419 3123 550 3195 ϐολῇ
591 3124 686 3180 καὶ
743 3127 774 3180 ὁ
829 3125 1012 3196 ζωμὸς
1071 3126 1548 3201 δαπανηθήσηται,
1605 3132 1701 3186 καὶ
1732 3133 1779 3165 ⁸⁹
1812 3133 2001 3190 ἅπασα

419 3217 695 3287 ἀναγκαία
740 3218 902 3290 χρεία
951 3219 1046 3272 καὶ
1105 3221 1376 3292 πρόφασις
1437 3223 1798 3296 παραψυχῆς,
1857 3226 1998 3282 ὥστε

422 3308 611 3363 λοιπὸν
640 3310 801 3364 αὐτὸν
830 3312 950 3365 καθ’
981 3313 1168 3366 ἑαυτὸν
1198 3314 1288 3366 τὸν
1313 3315 1510 3386 χαλκὸν
1549 3315 1628 3387 τῷ
1659 3319 1795 3389 πυρὶ
1824 3337 1997 3390 προσ-

425 3400 715 3473 ομιλοῦντα
767 3404 1160 3475 κατατακῆναι,
1213 3407 1308 3461 καὶ
1342 3409 1439 3461 σὺν
1485 3407 1565 3479 τῷ
1597 3409 1660 3481 ίῷ
1688 3409 2003 3484 δαπανηθῆ-

423 3513 535 3552 ναι.
568 3495 690 3550 Τῶν
715 3497 824 3570 γὰρ
874 3497 1338 3571 ὑπερμαχούντων
1361 3501 1460 3572 τῆς
1500 3501 1708 3565 πόλεως
1737 3503 2002 3574 ἡττηθέν-

419 3603 550 3653 των,
606 3588 814 3644 ἁλοῦσα
854 3589 1040 3645 λοιπὸν
1091 3591 1394 3657 ἀνάστατος
1443 3592 1682 3662 ἐγένετο,
1728 3594 1823 3647 καὶ
1870 3596 2003 3668 πυρὶ

420 3679 692 3754 παρεδόθη
721 3698 735 3712 ·
793 3681 909 3736 ἀλλ’
934 3684 1086 3755 ὅμως
1109 3725 1126 3750 ,
1186 3685 1342 3754 φησὶ,
1395 3686 1490 3739 καὶ
1550 3685 1819 3740 τοσούτων
1862 3689 2000 3762 αὐτῇ

2109 2038 2294 2108 rubigo
2315 2039 2452 2105 ejus.
2483 2036 2816 2091 Humilietur
2845 2033 3030 2103 rubigo
3053 2031 3188 2102 ejus,
3223 2040 3271 2086 et
3311 2045 3413 2085 non
3435 2037 3584 2083 exeat
3621 2042 3685 2080 ea:

2107 2147 2190 2185 ea.
2215 2129 2384 2200 878
2415 2147 2433 2180 ‹
2471 2127 2853 2198 Magniﬁcabo,
2906 2125 3106 2195 inquit.
3150 2131 3378 2185 torrem,
3419 2138 3438 2172 ›
3485 2119 3540 2173 id
3577 2125 3682 2183 est,

2108 2221 2319 2292 augebo
2359 2221 2631 2275 malorum
2673 2217 3030 2291 principium,
3069 2235 3087 2270 ι
3133 2225 3188 2272 et
3233 2215 3380 2284 ligna
3414 2212 3684 2281 multiplis-

2106 2313 2266 2377 cabo,
2313 2332 2331 2366 ›
2376 2313 2479 2368 hoc
2507 2321 2613 2376 est,
2648 2311 2850 2366 multas
2881 2309 3208 2365 occasiones
3242 2304 3520 2377 praebebo,
3544 2303 3684 2356 mul-

2106 2411 2329 2474 tamque
2359 2405 2648 2459 materiam
2697 2404 2969 2458 malorum
3007 2401 3158 2472 igni,
3196 2410 3256 2454 ut
3291 2399 3439 2454 hunc
3490 2398 3680 2451 inccn-

2105 2496 2251 2562 dam,
2286 2506 2340 2552 et
2370 2517 2388 2549 ι
2419 2512 2616 2553 carnes
2666 2505 2877 2561 coclas,
2907 2513 2926 2546 ι
2983 2491 3238 2548 homines
3280 2488 3537 2545 videlicet
3587 2484 3679 2555 qui

2105 2598 2234 2644 sunt
2266 2589 2320 2644 in
2353 2591 2510 2656 urbe,
2545 2591 2827 2646 tabescere
2886 2589 3109 2651 faciam,
3152 2585 3227 2640 ita
3281 2590 3339 2637 ut
3397 2582 3487 2634 alii
3541 2579 3682 2633 iunio

2104 2681 2468 2745 conﬁciantur
2507 2681 2718 2738 ossium
2752 2680 2928 2736 instar
2955 2677 3148 2742 assati,
3183 2675 3277 2731 alii
3301 2673 3482 2729 omnis
3513 2685 3682 2740 gene-

2104 2772 2183 2828 ris
2219 2773 2652 2834 calamitatibus.
2680 2772 2846 2828 veluti
2881 2778 3051 2826 cocta:
3096 2782 3315 2832 carnes,
3348 2763 3684 2819 comburan-

2104 2877 2213 2930 tur,
2247 2866 2533 2936 multoque
2560 2865 2706 2937 ignis
2734 2865 2942 2935 impetu
2981 2860 3262 2930 etiamjus
3298 2860 3678 2915 consumatur,

2103 2975 2267 3015 omne
2315 2957 2567 3015 videlicet
2608 2956 2755 3027 quod
2798 2954 2865 3010 ad
2912 2950 3356 3024 refrigerandum
3412 2943 3705 3007 adliiberi,.
3789 2983 3793 2986 .

2102 3051 2335 3119 ejusque
2369 3048 2447 3104 rei
2478 3062 2646 3103 causa
2675 3062 2798 3103 esse
2832 3047 3026 3117 possit,
3081 3053 3140 3099 ut
3189 3043 3448 3109 deinceps
3501 3038 3679 3107 ipsum

2104 3160 2201 3214 per
2235 3158 2296 3197 se
2343 3157 2418 3198 aes
2474 3141 2582 3211 igni
2638 3140 3092 3210 apprOpinquans
3137 3133 3406 3204 quueliat,
3458 3137 3512 3186 et
3558 3144 3680 3184 cum

2103 3236 2360 3306 rubigine
2415 3233 2580 3290 simul
2611 3232 2957 3289 absumatur.
3004 3229 3180 3287 Victis
3234 3227 3381 3282 enim
3447 3224 3543 3288 iis,
3587 3222 3679 3290 qui

2105 3328 2427 3401 pugnabant
2459 3341 2558 3396 pro
2581 3325 2742 3390 urbe,
2769 3333 2932 3395 capta
2953 3321 3153 3380 deinde
3183 3321 3316 3376 urbs
3341 3333 3530 3373 eversa
3555 3314 3677 3375 fuit,

2101 3432 2156 3478 et
2193 3421 2448 3477 incendio
2472 3426 2823 3490 consumpta.
2863 3416 3274 3479 Verumtamen,
3301 3410 3557 3481 quamvis
3601 3417 3681 3462 tot

2101 3527 2221 3568 eam
2256 3511 2396 3566 mala
2429 3510 2831 3580 oppresserint,
2861 3523 2970 3563 non
2996 3514 3079 3560 est
3105 3520 3134 3558 a
3160 3503 3413 3572 rubigine
3435 3500 3680 3560 liberata,

2104 3603 2200 3659 scd
2228 3605 2281 3658 in
2312 3617 2380 3658 ea
2413 3592 2683 3658 remansit
2716 3600 2784 3656 ad
2832 3598 3174 3671 peccandum
3229 3593 3546 3666 propensio.
3593 3588 3682 3644 ld-

2101 3696 2259 3750 circo
2284 3694 2549 3765 subjicit:

420 3775 842 3843 προσπεσόντων
885 3776 1073 3833 κακῶν
1103 3776 1204 3832 οὐκ
1248 3778 1538 3851 ἀπηλλάγη
1587 3779 1682 3833 τοῦ
1733 3779 1838 3846 ἰοῦ,
1879 3781 1993 3835 ἀλλ’
2039 3784 2254 3858 ἔμεινεν
2303 3790 2361 3842 ὲν
2415 3787 2555 3860 αὐτῇ
2595 3787 2630 3858 ἡ
2681 3784 2810 3857 περὶ
2862 3783 2922 3836 τὸ
2988 3782 3325 3853 ἁμαρτάνειν
3378 3780 3539 3850 ῥοπή.
3592 3775 3683 3828 Διὸ

419 3864 614 3932 ἐπάγει
637 3881 651 3894 ο

490 3954 688 4021 Πολὺς
719 3956 752 4008 ὀ
795 3953 883 4022 ἰὸς
910 3955 1122 4024 αὐτῆς,
1151 3957 1741 4029 καταισχυνθήσεται
1772 3962 1817 3994 ⁶⁰
1847 3965 1880 4017 ό
1909 3962 1998 4030 nc

422 4046 633 4116 αὐτῆς.
677 4048 816 4119 (ιγ’.)
869 4049 971 4103 Ἐν
995 4047 1072 4118 τῇ
1101 4049 1446 4120 ἀκαθαρσίᾳ
1474 4065 1592 4108 σου
1621 4051 1762 4123 ζ’έμα
1799 4056 1864 4111 ⁸⁸.
1902 4057 1997 4120 Σὺ,

423 4135 614 4208 φησὶν,
659 4137 716 4190 ὲν
743 4139 808 4207 τῇ
841 4138 1161 4210 παρανομίᾳ
1197 4155 1291 4194 σου
1326 4140 1427 4212 τὴν
1473 4141 1623 4207 ζέσιν
1667 4142 1871 4215 ταύτην
1905 4145 2000 4198 καὶ

420 4228 515 4283 τοῦ
565 4228 740 4301 πυρὸς
797 4229 1003 4301 ὲξῆψας
1053 4229 1150 4303 τὴν
1199 4232 1374 4303 φλόγα
1402 4251 1416 4267 ·
1480 4235 1646 4290 πολὺν
1679 4237 1788 4308 γὰρ
1841 4237 2000 4308 ἔσχες

421 4320 834 4394 ἁμαρτημάτων
888 4322 985 4390 ἰὸν,
1029 4323 1088 4389 ὃς
1117 4324 1212 4379 ἐπὶ
1243 4325 1337 4381 τοῦ
1379 4327 1645 4399 παρόντος
1688 4331 2000 4402 γυμνωθεὶς

420 4413 683 4484 αἰσχύνης
705 4413 1230 4487 ἀναπλησθήσεται.‹
1251 4418 1376 4474 Ἀνθ
1411 4420 1456 4453 ⁸⁸
1473 4417 1548 4476 ὧν
1565 4422 1812 4494 ὲμιαίνου
1836 4423 1900 4477 σὺ
1926 4423 1993 4490 ⁸³,

420 4504 517 4558 καὶ
541 4505 640 4558 οὐκ
677 4505 990 4578 ὲκαθάρθης
1021 4507 1132 4562 ἀπὸ
1155 4509 1497 4582 ἀκαθαρσίας
1543 4530 1659 4579 σου,
1703 4515 1796 4568 καὶ
1821 4516 1882 4570 οὐ
1917 4516 1992 4590 μὴ

2178 3956 2352 4012 Multa
2406 3959 2589 4028 rubigo
2639 3973 2795 4023 ejus.
2847 3955 3204 4025 confundetur
3261 3955 3449 4026 rubigo
3511 3956 3680 4011 illius.

2110 4049 2294 4123 (Vsus.
2331 4049 2442 4120 i3.)
2477 4049 2542 4103 In
2568 4049 2909 4103 immunditia
2932 4058 3025 4102 tua
3047 4047 3286 4102 ebullitio
3317 4058 3417 4102 est.
3453 4047 3557 4113 Tu,
3599 4048 3682 4102 in-

2105 4141 2248 4211 quit,
2283 4139 2340 4194 in
2372 4139 2680 4196 sceleribus
2715 4140 2828 4195 tuis
2860 4138 3242 4193 ebullitionem
3291 4138 3433 4192 hanc
3459 4146 3511 4192 et
3543 4139 3682 4208 ignis

2105 4230 2382 4288 ﬂammam
2417 4229 2749 4286 incendisti:
2781 4229 3006 4284 multam
3037 4229 3184 4285 enim
3213 4230 3502 4286 obtinebas
3534 4231 3683 4285 rubi-

2103 4321 2288 4393 ginem
2358 4327 2736 4390 peccatorum,
2793 4333 2919 4390 qua:
2970 4318 3024 4373 in
3086 4317 3346 4389 praesenti
3409 4318 3679 4388 patefacta

2100 4411 2404 4484 ignominia
2444 4409 2828 4483 perfundetur.
2864 4427 2883 4462 ι
2920 4408 3027 4464 Pro
3061 4425 3130 4465 eo
3157 4410 3302 4480 quod
3346 4409 3679 4479 polluebaris

2101 4511 2182 4568 tu,
2215 4509 2270 4558 et
2302 4515 2412 4556 non
2437 4516 2497 4558 es
2517 4501 2816 4557 emundata
2850 4501 2919 4557 ab
2955 4501 3305 4557 immunditia
3338 4509 3454 4566 tua,
3488 4510 3542 4556 ct
3567 4517 3676 4556 non

419 4599 703 4670 καθαρθῇς
731 4600 829 4653 ούκ
870 4600 970 4666 ἔτι,
1006 4601 1112 4667 ἓως
1143 4596 1205 4658 οὗ
1257 4603 1522 4677 ἐμπλήσω
1554 4606 1643 4661 τὸν
1678 4607 1848 4677 θυμόν
1890 4626 1992 4680 μου

2105 4594 2209 4650 eris
2242 4592 2540 4650 emundata
2586 4592 2848 4662 amplius,
2902 4593 3081 4649 donec
3133 4593 3388 4665 impleam
3437 4592 3678 4649 furorem

422 4691 480 4742 tv
505 4690 609 4744 σοί.
639 4710 657 4744 ι
693 4691 786 4763 Μὴ
815 4691 1097 4765 βουληθεὶς
1138 4693 1186 4726 ⁸⁸
1217 4694 1326 4768 γὰρ
1357 4696 1446 4751 διὰ
1477 4698 1768 4768 μετανοίας
1803 4699 2000 4756 ἀκέσα-

424 4779 548 4835 σθαι
581 4799 677 4836 σου
709 4783 780 4836 τὰ
829 4783 1140 4856 τραύματα,
1190 4786 1249 4840 ού
1303 4785 1378 4858 μὴ
1421 4786 1591 4860 τύχῃς
1647 4788 1997 4862 συγγνώμης,

419 4871 540 4926 οὐδὲ
571 4873 646 4944 μὴ
691 4872 1014 4946 καθάρσεως
1047 4875 1383 4950 ἀπολαύσῃς,
1423 4878 1529 4942 ἕως
1575 4878 1641 4934 ἂν
1686 4881 1793 4952 δῷς
1823 4883 2000 4950 δίκας,

421 4963 562 5034 ὑπὲρ
599 4955 674 5018 ὧν
715 4964 1114 5036 παρηνόμησας
1142 4981 1155 4996 ’
1206 4961 1324 5021 εἶτα
1352 4967 1414 5021 τὸ
1446 4968 1676 5038 ἀψευδὲς
1707 4970 1816 5025 τῶν
1846 4973 2000 5045 εἰρη-

423 5052 602 5124 μένων
626 5053 866 5108 δείκνυσι
895 5057 962 5127 τῇ
995 5053 1091 5108 τοῦ
1116 5056 1409 5129 προσώπου
1438 5059 1703 5131 ποιότητι.

494 5229 574 5284 ιδ’.
613 5229 761 5302 Ἐγὼ
797 5231 1013 5301 Κύριος
1049 5233 1384 5304 λελάληκα.
1426 5234 1534 5288 Καὶ
1575 5234 1634 5288 τὸ
1664 5235 1992 5308 ἀναντίρρη-

2096 4701 2279 4743 meum
2310 4686 2367 4741 in
2398 4693 2471 4741 te.
2514 4704 2534 4739 ι
2570 4684 2709 4742 Cum
2759 4686 2904 4742 enim
2942 4697 3034 4742 tua
3077 4687 3306 4742 vulnera
3356 4685 3680 4756 poenitentia

2099 4781 2282 4836 sanari
2320 4779 2603 4845 nolueris,
2636 4781 2852 4834 veniam
2896 4780 3123 4836 minime
3155 4779 3548 4851 consequeris:
3585 4794 3682 4834 ne-

2099 4888 2206 4944 que
2242 4872 2370 4928 item
2406 4872 2459 4927 id
2485 4872 2767 4929 obtinebis
2799 4881 2858 4927 ut
2891 4871 3229 4938 emunderis,
3266 4872 3448 4943 quoad
3485 4886 3680 4944 poenas

2099 4962 2321 5019 dederis
2355 4977 2453 5034 pro
2483 4963 2552 5018 iis
2603 4963 2771 5035 879
2806 4977 2928 5034 quae
2961 4961 3264 5032 deliquisti.
3308 4960 3514 5016 Deinde
3551 4975 3680 5014 vera

2105 5068 2230 5108 esse
2291 5068 2412 5123 qua:
2441 5053 2587 5110 dicta
2619 5057 2637 5073 '
2683 5061 2835 5119 sunt,
2868 5053 3111 5108 ostendit
3152 5067 3216 5108 ex
3265 5066 3516 5122 persona:
3547 5065 3680 5122 qua-

2104 5145 2280 5200 litate.

2171 5235 2335 5292 Vens.
2385 5237 2474 5292 id.
2533 5235 2645 5308 Ego
2685 5237 2944 5292 Dominus
2987 5236 3194 5293 locutus
3241 5254 3379 5291 sum.
3413 5237 3681 5308 Quodque

1735 5413 1966 5469 VARUE
2001 5413 2403 5471 LECTIONES.

490 5502 538 5534 υ
594 5501 706 5556 τέτ.
765 5502 919 5559 αὐτό.

977 5505 1099 5574 (Ed.

1137 5509 1287 5577 prior
1310 5507 1439 5564 hab.
1481 5506 1687 5574 αὐτόν.)
1723 5505 1858 5577 Des.
1903 5508 2044 5576 apud
2080 5505 2244 5573 LXX,

2301 5507 2394 5578 qui
2425 5507 2587 5578 aliam
2646 5506 2700 5560 in
2736 5514 2888 5578 totoﬂ
2919 5505 3210 5578 boot-crs.
3250 5503 3454 5578 habent
3479 5502 3678 5578 distin-

417 5575 712 5650 ctionem;
754 5574 811 5650 _“
836 5569 929 5650 ᾯ.
970 5569 1018 5629 Α
1046 5569 1192 5641 οὐαὶ,
1222 5579 1379 5648 juxta
1414 5577 1591 5650 Hebr.
1661 5569 1708 5609 ⁸³
1735 5569 2103 5650 δαλόν-Βεθν.
2135 5569 2344 5650 pyram.
2383 5580 2428 5614 "
2459 5577 2621 5650 πληθ.
2651 5579 2811 5650 Hebr.
2830 5575 3140 5650 _b!u_l_tipli_ca
3163 5615 3193 5650 ,Α
3219 5584 3334 5650 etc._
3409 5572 3455 5605 “
3491 5571 3583 5624 καὶ
3609 5600 3679 5650 _—-

418 5641 828 5726 ξῳμοξςι,1ζερς.
857 5641 1451 5726 [accendirneutumn
1479 5647 1545 5679 "'
1643 5641 2149 5726 συμφρυγήσονταιξ
2171 5641 2189 5650 ⁷
2225 5651 2269 5726 '_7
2307 5641 2616 5726 κενήᾼὴέξ.
2651 5649 2792 5726 apud
2827 5645 2968 5700 LXX
2999 5641 3053 5700 et
3082 5647 3136 5726 in
3244 5644 3337 5725 qui

1124 5719 1169 5750 ⁸⁸
1206 5718 1388 5794 καὶς-
1418 5716 1493 5781 ἰὸς
1527 5716 1759 5794 αὐτηιια
1793 5716 2006 5794 (ῥοηιρι.
2100 5720 2146 5752 δ’
2172 5719 2281 5794 καί.
2317 5716 2438 5774 Des.
2467 5718 2479 5772 i

538 5712 1012 5786 _hnbe_t_é£eqbq0ﬁ.

3391 5649 3512 5712 post
3535 5641 3673 5712 “eo-

2100 5720 2146 5752 ⁸⁹
2172 5719 2281 5774 καί.
2317 5710 2438 5774 ι)οεῖ
2467 5718 2520 5772 in
2547 5716 2606 5772 Β.
2688 5710 2750 5786 ’έο
2772 5733 3035 5786 ίκαταισχ.
3076 5713 3238 5786 Hebr.
3265 5710 3404 5782 igne
3438 5710 3671 5779 (exibit).

421 5782 463 5814 ⁶¹
491 5780 654 5858 ζέμα.
697 5782 827 5858 Non
856 5780 1032 5858 'réai'is
1081 5789 1250 5858 liquet
1283 5789 1426 5843 sitne
1449 5780 1549 5842 vox
1587 5789 1793 5858 origine
1824 5780 2033 5858 (irz'n'ca,
2063 5804 2131 5844 an
2157 5791 2338 5858 potius
2366 5804 2562 5844 nomcn
2590 5785 2721 5842 illud
2769 5785 2943 5858 Ηεξιπ.⁸
2982 5780 3207 5858 simulo/1
3268 5780 3378 5852 quo
3429 5795 3562 5836 usus
3593 5791 3675 5834 cst

421 5855 704 5924 propheta.
786 5855 830 5889 ⁶¹
867 5857 984 5912 ἀνθ’
1017 5889 1081 5900 -ς-
1116 5855 1174 5914 ἐν
1211 5860 1310 5914 σοί.
1347 5860 1583 5916 Alitcroi
1617 5856 1776 5914 LXX.
1853 5857 1898 5888 ⁸³
1927 5858 2017 5930 ἐμ.
2048 5859 2132 5915 σύ.
2160 5855 2324 5916 Hebr.
2364 5857 2589 5932 purgavi
2626 5869 2698 5916 te.

2779 5857 2821 5889 ⁸⁵
2846 5858 2888 5914 Β
2922 5853 3262 5926 βουληθεῖσα.
