  <div class='ocr_page' id='page_1' title='image "/cluster/home/n/w/nwhite01/storage/ocr_20150623/81:no.2/coo.31924054869825/536.png"; bbox 0 0 4116 6408; ppageno 0'>
   <div class='ocr_carea' id='block_1_1' title="bbox 448 299 576 362">
    <p class='ocr_par' dir='ltr' id='par_1_1' title="bbox 448 299 576 362">
     <span class='ocr_line' id='line_1_1' title="bbox 448 299 576 362; baseline -0.016 -1"><span class='ocrx_word' id='word_1_1' title='bbox 448 299 576 362; x_wconf 76' lang='grc'>1057</span> 
     </span>
    </p>
   </div>
   <div class='ocr_carea' id='block_1_2' title="bbox 1542 292 2536 357">
    <p class='ocr_par' dir='ltr' id='par_1_2' title="bbox 1542 292 2536 357">
     <span class='ocr_line' id='line_1_2' title="bbox 1542 292 2536 357; baseline -0.001 -4"><span class='ocrx_word' id='word_1_2' title='bbox 1542 295 1622 357; x_wconf 72' lang='lat' dir='ltr'><strong>IN</strong></span> <span class='ocrx_word' id='word_1_3' title='bbox 1658 292 2107 355; x_wconf 82' lang='lat' dir='ltr'>EZECIIIELIS</span> <span class='ocrx_word' id='word_1_4' title='bbox 2138 293 2296 353; x_wconf 77' lang='lat' dir='ltr'><strong>CAP.</strong></span> <span class='ocrx_word' id='word_1_5' title='bbox 2332 294 2536 353; x_wconf 71' lang='lat' dir='ltr'><strong>XXIV.</strong></span> 
     </span>
    </p>
   </div>
   <div class='ocr_carea' id='block_1_3' title="bbox 3565 289 3703 357">
    <p class='ocr_par' dir='ltr' id='par_1_3' title="bbox 3565 289 3703 357">
     <span class='ocr_line' id='line_1_3' title="bbox 3565 289 3703 357; baseline 0.036 -5"><span class='ocrx_word' id='word_1_6' title='bbox 3565 289 3703 357; x_wconf 67' lang='lat'>1053</span> 
     </span>
    </p>
   </div>
   <div class='ocr_carea' id='block_1_4' title="bbox 442 402 2040 477">
    <p class='ocr_par' dir='ltr' id='par_1_4' title="bbox 442 402 2029 477">
     <span class='ocr_line' id='line_1_4' title="bbox 442 402 2029 477; baseline -0.006 -12"><span class='ocrx_word' id='word_1_7' title='bbox 442 428 583 473; x_wconf 79' lang='grc' dir='ltr'>τινος</span> <span class='ocrx_word' id='word_1_8' title='bbox 614 406 942 462; x_wconf 68' lang='grc' dir='ltr'>ἀπολαῦσαι.</span> <span class='ocrx_word' id='word_1_9' title='bbox 972 408 1157 461; x_wconf 81' lang='grc' dir='ltr'>Ἕοικε</span> <span class='ocrx_word' id='word_1_10' title='bbox 1212 404 1268 459; x_wconf 77' lang='grc' dir='ltr'>δὲ</span> <span class='ocrx_word' id='word_1_11' title='bbox 1320 407 1348 461; x_wconf 87' lang='grc' dir='ltr'>ὁ</span> <span class='ocrx_word' id='word_1_12' title='bbox 1406 406 1690 477; x_wconf 78' lang='grc' dir='ltr'>προφήτης</span> <span class='ocrx_word' id='word_1_13' title='bbox 1718 405 1813 460; x_wconf 72' lang='grc' dir='ltr'>καὶ</span> <span class='ocrx_word' id='word_1_14' title='bbox 1855 402 2029 466; x_wconf 74' lang='grc' dir='ltr'>Ναξι-</span> 
     </span>
    </p>
   </div>
   <div class='ocr_carea' id='block_1_5' title="bbox 2142 402 3703 477">
    <p class='ocr_par' dir='ltr' id='par_1_5' title="bbox 2142 402 3703 472">
     <span class='ocr_line' id='line_1_5' title="bbox 2142 402 3703 472; baseline -0.001 -15"><span class='ocrx_word' id='word_1_15' title='bbox 2142 418 2239 457; x_wconf 90' lang='lat' dir='ltr'>non</span> <span class='ocrx_word' id='word_1_16' title='bbox 2280 404 2490 466; x_wconf 90' lang='lat' dir='ltr'><strong>vinum,</strong></span> <span class='ocrx_word' id='word_1_17' title='bbox 2534 402 2631 456; x_wconf 76' lang='lat' dir='ltr'><strong>SCtl</strong></span> <span class='ocrx_word' id='word_1_18' title='bbox 2681 416 2879 471; x_wconf 86' lang='lat' dir='ltr'><strong>aquam</strong></span> <span class='ocrx_word' id='word_1_19' title='bbox 2919 402 3107 458; x_wconf 79' lang='lat' dir='ltr'>bibere</span> <span class='ocrx_word' id='word_1_20' title='bbox 3155 403 3346 472; x_wconf 81' lang='lat' dir='ltr'>jussus</span> <span class='ocrx_word' id='word_1_21' title='bbox 3390 402 3609 456; x_wconf 84' lang='lat' dir='ltr'><strong>fuerat:</strong></span> <span class='ocrx_word' id='word_1_22' title='bbox 3646 414 3703 456; x_wconf 61' lang='lat' dir='ltr'><strong>et.</strong></span> 
     </span>
    </p>
   </div>
   <div class='ocr_carea' id='block_1_6' title="bbox 443 494 2021 572">
    <p class='ocr_par' dir='ltr' id='par_1_6' title="bbox 443 494 2021 572">
     <span class='ocr_line' id='line_1_6' title="bbox 443 494 2021 572; baseline -0.004 -17"><span class='ocrx_word' id='word_1_23' title='bbox 443 504 593 572; x_wconf 83' lang='grc' dir='ltr'>ραῖος</span> <span class='ocrx_word' id='word_1_24' title='bbox 644 494 786 551; x_wconf 80' lang='grc' dir='ltr'>εἶναι</span> <span class='ocrx_word' id='word_1_25' title='bbox 811 515 824 528; x_wconf 92' lang='grc'><strong>·</strong></span> <span class='ocrx_word' id='word_1_26' title='bbox 859 516 877 549; x_wconf 78' lang='grc' dir='ltr'>ι</span> <span class='ocrx_word' id='word_1_27' title='bbox 922 499 1113 552; x_wconf 81' lang='grc' dir='ltr'>Ἔσται</span> <span class='ocrx_word' id='word_1_28' title='bbox 1175 498 1303 569; x_wconf 85' lang='grc' dir='ltr'>γὰρ,</span> <span class='ocrx_word' id='word_1_29' title='bbox 1363 496 1516 567; x_wconf 72' lang='grc' dir='ltr'>φησὶ,</span> <span class='ocrx_word' id='word_1_30' title='bbox 1547 495 1608 549; x_wconf 79' lang='grc' dir='ltr'>τὸ</span> <span class='ocrx_word' id='word_1_31' title='bbox 1640 495 1894 568; x_wconf 85' lang='grc' dir='ltr'>τρίχωμά</span> <span class='ocrx_word' id='word_1_32' title='bbox 1928 511 2021 548; x_wconf 88' lang='grc' dir='ltr'>σου</span> 
     </span>
    </p>
   </div>
   <div class='ocr_carea' id='block_1_7' title="bbox 2132 493 3527 567">
    <p class='ocr_par' dir='ltr' id='par_1_7' title="bbox 2132 493 3527 567">
     <span class='ocr_line' id='line_1_7' title="bbox 2132 493 3527 567; baseline 0 -17"><span class='ocrx_word' id='word_1_33' title='bbox 2132 496 2326 550; x_wconf 87' lang='lat' dir='ltr'><strong>horum</strong></span> <span class='ocrx_word' id='word_1_34' title='bbox 2361 506 2656 566; x_wconf 85' lang='lat' dir='ltr'><strong><em>utrumque</em></strong></span> <span class='ocrx_word' id='word_1_35' title='bbox 2680 493 3052 550; x_wconf 75' lang='lat' dir='ltr'><strong>Naziraeorum</strong></span> <span class='ocrx_word' id='word_1_36' title='bbox 3079 498 3362 567; x_wconf 84' lang='lat' dir='ltr'><strong>proprium</strong></span> <span class='ocrx_word' id='word_1_37' title='bbox 3388 503 3527 550; x_wconf 83' lang='lat' dir='ltr'><strong>erat.</strong></span> 
     </span>
    </p>
   </div>
   <div class='ocr_carea' id='block_1_8' title="bbox 441 585 3708 666">
    <p class='ocr_par' dir='ltr' id='par_1_8' title="bbox 441 585 3708 666">
     <span class='ocr_line' id='line_1_8' title="bbox 441 585 3708 666; baseline -0.003 -18"><span class='ocrx_word' id='word_1_38' title='bbox 441 593 935 666; x_wconf 78' lang='grc' dir='ltr'>συμπεπλεγμένον</span> <span class='ocrx_word' id='word_1_39' title='bbox 989 594 1081 646; x_wconf 75' lang='grc' dir='ltr'>ἐπὶ</span> <span class='ocrx_word' id='word_1_40' title='bbox 1118 592 1197 646; x_wconf 87' lang='grc' dir='ltr'>σέ.</span> <span class='ocrx_word' id='word_1_41' title='bbox 1238 610 1256 644; x_wconf 72' lang='grc' dir='ltr'>ι</span> <span class='ocrx_word' id='word_1_42' title='bbox 1301 592 1413 645; x_wconf 75' lang='grc' dir='ltr'>Καὶ</span> <span class='ocrx_word' id='word_1_43' title='bbox 1463 590 1576 645; x_wconf 79' lang='grc' dir='ltr'>ἄνω</span> <span class='ocrx_word' id='word_1_44' title='bbox 1617 591 1676 645; x_wconf 75' lang='grc' dir='ltr'>δὲ</span> <span class='ocrx_word' id='word_1_45' title='bbox 1720 592 1821 645; x_wconf 76' lang='grc' dir='ltr'>οὐκ</span> <span class='ocrx_word' id='word_1_46' title='bbox 1867 586 2030 656; x_wconf 79' lang='grc' dir='ltr'>οἶνον,</span> <span class='ocrx_word' id='word_1_47' title='bbox 2069 590 2182 644; x_wconf 81' lang='grc' dir='ltr'>ἀλλ’</span> <span class='ocrx_word' id='word_1_48' title='bbox 2221 592 2364 665; x_wconf 74' lang='grc' dir='ltr'>ὕδωρ</span> <span class='ocrx_word' id='word_1_49' title='bbox 2420 592 2594 646; x_wconf 79' lang='grc' dir='ltr'>πίνειν</span> <span class='ocrx_word' id='word_1_50' title='bbox 2642 591 2991 664; x_wconf 79' lang='grc' dir='ltr'>προσετάχθη</span> <span class='ocrx_word' id='word_1_51' title='bbox 3019 608 3031 621; x_wconf 91' lang='grc'><strong>·</strong></span> <span class='ocrx_word' id='word_1_52' title='bbox 3109 592 3396 662; x_wconf 78' lang='grc' dir='ltr'>ἀμφότερα</span> <span class='ocrx_word' id='word_1_53' title='bbox 3462 589 3519 642; x_wconf 83' lang='grc' dir='ltr'>δὲ</span> <span class='ocrx_word' id='word_1_54' title='bbox 3597 585 3708 640; x_wconf 81' lang='grc' dir='ltr'>τῶν</span> 
     </span>
    </p>
   </div>
   <div class='ocr_carea' id='block_1_9' title="bbox 437 687 920 761">
    <p class='ocr_par' dir='ltr' id='par_1_9' title="bbox 437 687 920 761">
     <span class='ocr_line' id='line_1_9' title="bbox 437 687 920 761; baseline 0.002 -19"><span class='ocrx_word' id='word_1_55' title='bbox 437 687 759 761; x_wconf 78' lang='grc' dir='ltr'>Ναζιραίων</span> <span class='ocrx_word' id='word_1_56' title='bbox 794 690 920 743; x_wconf 80' lang='grc' dir='ltr'>ἴδια.</span> 
     </span>
    </p>
   </div>
   <div class='ocr_carea' id='block_1_10' title="bbox 515 778 2029 851">
    <p class='ocr_par' dir='ltr' id='par_1_10' title="bbox 515 778 2029 851">
     <span class='ocr_line' id='line_1_10' title="bbox 515 778 2029 851; baseline -0.001 -16"><span class='ocrx_word' id='word_1_57' title='bbox 515 789 606 851; x_wconf 88' lang='grc' dir='ltr'>ιη’.</span> <span class='ocrx_word' id='word_1_58' title='bbox 652 781 764 835; x_wconf 82' lang='lat' dir='ltr'><strong><em>Kal</em></strong></span> <span class='ocrx_word' id='word_1_59' title='bbox 805 780 1085 847; x_wconf 76' lang='grc' dir='ltr'>ἐλάλησα</span> <span class='ocrx_word' id='word_1_60' title='bbox 1118 778 1268 849; x_wconf 85' lang='grc' dir='ltr'>πρὸς</span> <span class='ocrx_word' id='word_1_61' title='bbox 1322 778 1429 833; x_wconf 76' lang='grc' dir='ltr'>τὸν</span> <span class='ocrx_word' id='word_1_62' title='bbox 1471 778 1626 834; x_wconf 83' lang='grc' dir='ltr'>λαὸν</span> <span class='ocrx_word' id='word_1_63' title='bbox 1649 779 1714 833; x_wconf 82' lang='grc' dir='ltr'>τὸ</span> <span class='ocrx_word' id='word_1_64' title='bbox 1748 779 1919 849; x_wconf 78' lang='grc' dir='ltr'>πρωῒ,</span> <span class='ocrx_word' id='word_1_65' title='bbox 1956 779 2029 834; x_wconf 82' lang='grc' dir='ltr'>ὃν</span> 
     </span>
    </p>
   </div>
   <div class='ocr_carea' id='block_1_11' title="bbox 438 870 2025 944">
    <p class='ocr_par' dir='ltr' id='par_1_11' title="bbox 438 870 2025 944">
     <span class='ocr_line' id='line_1_11' title="bbox 438 870 2025 944; baseline -0.004 -15"><span class='ocrx_word' id='word_1_66' title='bbox 438 875 666 944; x_wconf 76' lang='grc' dir='ltr'>τρόπον</span> <span class='ocrx_word' id='word_1_67' title='bbox 697 871 1042 924; x_wconf 82' lang='grc' dir='ltr'>ἐνετείλατό</span> <span class='ocrx_word' id='word_1_68' title='bbox 1078 888 1180 939; x_wconf 86' lang='grc' dir='ltr'>μοι</span> <span class='ocrx_word' id='word_1_69' title='bbox 1212 887 1224 901; x_wconf 85' lang='grc'><em>’</em></span> <span class='ocrx_word' id='word_1_70' title='bbox 1278 871 1375 925; x_wconf 75' lang='grc' dir='ltr'>καὶ</span> <span class='ocrx_word' id='word_1_71' title='bbox 1428 871 1729 926; x_wconf 76' lang='grc' dir='ltr'>ἀπέθανεν</span> <span class='ocrx_word' id='word_1_72' title='bbox 1779 873 1817 941; x_wconf 78' lang='grc' dir='ltr'><strong><em>ή</em></strong></span> <span class='ocrx_word' id='word_1_73' title='bbox 1869 870 2025 941; x_wconf 82' lang='grc' dir='ltr'>γυνή</span> 
     </span>
    </p>
   </div>
   <div class='ocr_carea' id='block_1_12' title="bbox 438 964 2029 1038">
    <p class='ocr_par' dir='ltr' id='par_1_12' title="bbox 438 964 2029 1038">
     <span class='ocr_line' id='line_1_12' title="bbox 438 964 2029 1038; baseline -0.003 -17"><span class='ocrx_word' id='word_1_74' title='bbox 438 985 555 1038; x_wconf 84' lang='grc' dir='ltr'>μου</span> <span class='ocrx_word' id='word_1_75' title='bbox 593 965 880 1032; x_wconf 80' lang='grc' dir='ltr'>ἑσπέρας,</span> <span class='ocrx_word' id='word_1_76' title='bbox 943 964 1041 1018; x_wconf 77' lang='grc' dir='ltr'>καὶ</span> <span class='ocrx_word' id='word_1_77' title='bbox 1083 965 1342 1031; x_wconf 82' lang='grc' dir='ltr'>ἐποίησα</span> <span class='ocrx_word' id='word_1_78' title='bbox 1380 965 1447 1017; x_wconf 87' lang='grc' dir='ltr'>τὸ</span> <span class='ocrx_word' id='word_1_79' title='bbox 1477 966 1628 1032; x_wconf 57' lang='grc' dir='ltr'>πίωῒ</span> <span class='ocrx_word' id='word_1_80' title='bbox 1683 964 1756 1018; x_wconf 77' lang='grc' dir='ltr'>ὃν</span> <span class='ocrx_word' id='word_1_81' title='bbox 1806 965 2029 1032; x_wconf 83' lang='grc' dir='ltr'>τρόπον</span> 
     </span>
    </p>
   </div>
   <div class='ocr_carea' id='block_1_13' title="bbox 442 1055 2029 1126">
    <p class='ocr_par' dir='ltr' id='par_1_13' title="bbox 442 1055 2029 1126">
     <span class='ocr_line' id='line_1_13' title="bbox 442 1055 2029 1126; baseline -0.003 -12"><span class='ocrx_word' id='word_1_82' title='bbox 442 1057 703 1126; x_wconf 78' lang='grc' dir='ltr'>ἐπετάγη</span> <span class='ocrx_word' id='word_1_83' title='bbox 740 1073 863 1126; x_wconf 77' lang='grc' dir='ltr'>μοι.</span> <span class='ocrx_word' id='word_1_84' title='bbox 889 1056 1071 1108; x_wconf 90' lang='grc' dir='ltr'>Τύπον</span> <span class='ocrx_word' id='word_1_85' title='bbox 1115 1056 1172 1110; x_wconf 81' lang='grc' dir='ltr'>δέ</span> <span class='ocrx_word' id='word_1_86' title='bbox 1202 1073 1326 1110; x_wconf 86' lang='grc' dir='ltr'>τινα</span> <span class='ocrx_word' id='word_1_87' title='bbox 1355 1055 1448 1109; x_wconf 79' lang='grc' dir='ltr'>τοῦ</span> <span class='ocrx_word' id='word_1_88' title='bbox 1487 1056 1622 1110; x_wconf 84' lang='grc' dir='ltr'>Θεοῦ</span> <span class='ocrx_word' id='word_1_89' title='bbox 1659 1056 1765 1110; x_wconf 83' lang='grc' dir='ltr'>τῶν</span> <span class='ocrx_word' id='word_1_90' title='bbox 1811 1056 1947 1109; x_wconf 76' lang='grc' dir='ltr'>ὅλων</span> <span class='ocrx_word' id='word_1_91' title='bbox 2000 1057 2029 1109; x_wconf 88' lang='grc' dir='ltr'>ὁ</span> 
     </span>
    </p>
   </div>
   <div class='ocr_carea' id='block_1_14' title="bbox 446 1148 2027 1225">
    <p class='ocr_par' dir='ltr' id='par_1_14' title="bbox 446 1148 2027 1225">
     <span class='ocr_line' id='line_1_14' title="bbox 446 1148 2027 1225; baseline -0.003 -20"><span class='ocrx_word' id='word_1_92' title='bbox 446 1152 735 1225; x_wconf 74' lang='grc' dir='ltr'>προφήτης</span> <span class='ocrx_word' id='word_1_93' title='bbox 790 1148 1007 1219; x_wconf 79' lang='grc' dir='ltr'>πληροῖ.</span> <span class='ocrx_word' id='word_1_94' title='bbox 1054 1148 1273 1218; x_wconf 75' lang='grc' dir='ltr'>Ἐπειδὴ</span> <span class='ocrx_word' id='word_1_95' title='bbox 1303 1149 1409 1221; x_wconf 83' lang='grc' dir='ltr'>γάρ</span> <span class='ocrx_word' id='word_1_96' title='bbox 1441 1150 1469 1200; x_wconf 90' lang='grc' dir='ltr'>ὁ</span> <span class='ocrx_word' id='word_1_97' title='bbox 1524 1148 1865 1219; x_wconf 79' lang='grc' dir='ltr'>’ῐσραηλίτης</span> <span class='ocrx_word' id='word_1_98' title='bbox 1900 1148 2027 1211; x_wconf 70' lang='grc' dir='ltr'>λαὸς</span> 
     </span>
    </p>
   </div>
   <div class='ocr_carea' id='block_1_15' title="bbox 446 1238 2029 1315">
    <p class='ocr_par' dir='ltr' id='par_1_15' title="bbox 446 1238 2029 1315">
     <span class='ocr_line' id='line_1_15' title="bbox 446 1238 2029 1315; baseline -0.005 -17"><span class='ocrx_word' id='word_1_99' title='bbox 446 1246 503 1298; x_wconf 84' lang='grc' dir='ltr'>ὲν</span> <span class='ocrx_word' id='word_1_100' title='bbox 544 1242 694 1308; x_wconf 81' lang='grc' dir='ltr'>τάξει</span> <span class='ocrx_word' id='word_1_101' title='bbox 754 1239 974 1315; x_wconf 80' lang='grc' dir='ltr'>νύμφης</span> <span class='ocrx_word' id='word_1_102' title='bbox 1021 1239 1100 1309; x_wconf 84' lang='grc' dir='ltr'>τῷ</span> <span class='ocrx_word' id='word_1_103' title='bbox 1137 1241 1380 1311; x_wconf 78' lang='grc' dir='ltr'>Δεσπότῃ</span> <span class='ocrx_word' id='word_1_104' title='bbox 1414 1240 1675 1310; x_wconf 78' lang='grc' dir='ltr'>συνῆπτο,</span> <span class='ocrx_word' id='word_1_105' title='bbox 1736 1239 1929 1309; x_wconf 78' lang='grc' dir='ltr'>ἔμελλε</span> <span class='ocrx_word' id='word_1_106' title='bbox 1970 1238 2029 1291; x_wconf 83' lang='grc' dir='ltr'>δὲ</span> 
     </span>
    </p>
   </div>
   <div class='ocr_carea' id='block_1_16' title="bbox 449 1330 2030 1403">
    <p class='ocr_par' dir='ltr' id='par_1_16' title="bbox 449 1330 2030 1403">
     <span class='ocr_line' id='line_1_16' title="bbox 449 1330 2030 1403; baseline -0.004 -15"><span class='ocrx_word' id='word_1_107' title='bbox 449 1334 618 1397; x_wconf 77' lang='grc' dir='ltr'>οὕτως</span> <span class='ocrx_word' id='word_1_108' title='bbox 657 1331 1049 1403; x_wconf 80' lang='grc' dir='ltr'>παραδίδοσθαι</span> <span class='ocrx_word' id='word_1_109' title='bbox 1093 1330 1513 1401; x_wconf 79' lang='grc' dir='ltr'>ἀνδραποδισμῷ</span> <span class='ocrx_word' id='word_1_110' title='bbox 1564 1332 1658 1384; x_wconf 74' lang='grc' dir='ltr'>καὶ</span> <span class='ocrx_word' id='word_1_111' title='bbox 1700 1333 1904 1401; x_wconf 76' lang='grc' dir='ltr'>σφαγῇ,</span> <span class='ocrx_word' id='word_1_112' title='bbox 1936 1330 2030 1383; x_wconf 71' lang='grc' dir='ltr'>καὶ</span> 
     </span>
    </p>
   </div>
   <div class='ocr_carea' id='block_1_17' title="bbox 451 1421 2028 1494">
    <p class='ocr_par' dir='ltr' id='par_1_17' title="bbox 451 1421 2028 1494">
     <span class='ocr_line' id='line_1_17' title="bbox 451 1421 2028 1494; baseline -0.002 -15"><span class='ocrx_word' id='word_1_113' title='bbox 451 1425 478 1479; x_wconf 73' lang='grc' dir='ltr'>ὁ</span> <span class='ocrx_word' id='word_1_114' title='bbox 512 1426 652 1488; x_wconf 89' lang='grc' dir='ltr'>θεῖος</span> <span class='ocrx_word' id='word_1_115' title='bbox 677 1422 815 1487; x_wconf 85' lang='grc' dir='ltr'>νεὼς</span> <span class='ocrx_word' id='word_1_116' title='bbox 836 1421 1235 1494; x_wconf 84' lang='grc' dir='ltr'>ἐμπίπρασθαι.</span> <span class='ocrx_word' id='word_1_117' title='bbox 1273 1422 1440 1475; x_wconf 84' lang='grc' dir='ltr'>τύπον</span> <span class='ocrx_word' id='word_1_118' title='bbox 1470 1421 1594 1475; x_wconf 79' lang='grc' dir='ltr'>τινά</span> <span class='ocrx_word' id='word_1_119' title='bbox 1618 1423 1725 1476; x_wconf 85' lang='grc' dir='ltr'>τῶν</span> <span class='ocrx_word' id='word_1_120' title='bbox 1755 1423 2028 1492; x_wconf 81' lang='grc' dir='ltr'>ἐσομένων</span> 
     </span>
    </p>
   </div>
   <div class='ocr_carea' id='block_1_18' title="bbox 450 1512 2032 1585">
    <p class='ocr_par' dir='ltr' id='par_1_18' title="bbox 450 1512 2032 1585">
     <span class='ocr_line' id='line_1_18' title="bbox 450 1512 2032 1585; baseline -0.003 -14"><span class='ocrx_word' id='word_1_121' title='bbox 450 1517 632 1571; x_wconf 88' lang='grc' dir='ltr'>δίδωσι</span> <span class='ocrx_word' id='word_1_122' title='bbox 659 1515 752 1568; x_wconf 78' lang='grc' dir='ltr'>τὸν</span> <span class='ocrx_word' id='word_1_123' title='bbox 784 1514 1095 1585; x_wconf 79' lang='grc' dir='ltr'>προφήτην,</span> <span class='ocrx_word' id='word_1_124' title='bbox 1146 1513 1241 1566; x_wconf 76' lang='grc' dir='ltr'>καὶ</span> <span class='ocrx_word' id='word_1_125' title='bbox 1282 1512 1388 1582; x_wconf 71' lang='grc' dir='ltr'>τῆς</span> <span class='ocrx_word' id='word_1_126' title='bbox 1415 1513 1672 1582; x_wconf 81' lang='grc' dir='ltr'>γυναικὸς</span> <span class='ocrx_word' id='word_1_127' title='bbox 1703 1513 2032 1581; x_wconf 72' lang='grc' dir='ltr'>ἐξαπιναίως</span> 
     </span>
    </p>
   </div>
   <div class='ocr_carea' id='block_1_19' title="bbox 449 1604 2031 1677">
    <p class='ocr_par' dir='ltr' id='par_1_19' title="bbox 449 1604 2031 1677">
     <span class='ocr_line' id='line_1_19' title="bbox 449 1604 2031 1677; baseline -0.003 -16"><span class='ocrx_word' id='word_1_128' title='bbox 449 1607 737 1676; x_wconf 80' lang='grc' dir='ltr'>θανούσης,</span> <span class='ocrx_word' id='word_1_129' title='bbox 785 1606 1079 1677; x_wconf 79' lang='grc' dir='ltr'>παρεγγυᾷ</span> <span class='ocrx_word' id='word_1_130' title='bbox 1132 1605 1269 1676; x_wconf 86' lang='grc' dir='ltr'>μήτε</span> <span class='ocrx_word' id='word_1_131' title='bbox 1312 1604 1604 1675; x_wconf 82' lang='grc' dir='ltr'>θρηνῆσαι,</span> <span class='ocrx_word' id='word_1_132' title='bbox 1658 1607 1793 1676; x_wconf 85' lang='grc' dir='ltr'>μήτε</span> <span class='ocrx_word' id='word_1_133' title='bbox 1828 1604 2031 1675; x_wconf 75' lang='grc' dir='ltr'>δακρύ-</span> 
     </span>
    </p>
   </div>
   <div class='ocr_carea' id='block_1_20' title="bbox 452 1695 2032 1770">
    <p class='ocr_par' dir='ltr' id='par_1_20' title="bbox 452 1695 2032 1770">
     <span class='ocr_line' id='line_1_20' title="bbox 452 1695 2032 1770; baseline -0.003 -16"><span class='ocrx_word' id='word_1_134' title='bbox 452 1717 565 1767; x_wconf 89' lang='grc' dir='ltr'>σαι,</span> <span class='ocrx_word' id='word_1_135' title='bbox 604 1698 678 1770; x_wconf 87' lang='grc' dir='ltr'>μὴ</span> <span class='ocrx_word' id='word_1_136' title='bbox 720 1696 982 1767; x_wconf 81' lang='grc' dir='ltr'>πένθιμον</span> <span class='ocrx_word' id='word_1_137' title='bbox 1015 1698 1199 1766; x_wconf 82' lang='grc' dir='ltr'>σχῆμα</span> <span class='ocrx_word' id='word_1_138' title='bbox 1229 1695 1435 1761; x_wconf 80' lang='grc' dir='ltr'>λαϐεῖν,</span> <span class='ocrx_word' id='word_1_139' title='bbox 1461 1695 1537 1766; x_wconf 83' lang='grc' dir='ltr'>μὴ</span> <span class='ocrx_word' id='word_1_140' title='bbox 1575 1696 2032 1766; x_wconf 76' lang='grc' dir='ltr'>παραμυθητικῆς</span> 
     </span>
    </p>
   </div>
   <div class='ocr_carea' id='block_1_21' title="bbox 450 1785 2029 1860">
    <p class='ocr_par' dir='ltr' id='par_1_21' title="bbox 450 1785 2029 1860">
     <span class='ocr_line' id='line_1_21' title="bbox 450 1785 2029 1860; baseline -0.006 -13"><span class='ocrx_word' id='word_1_141' title='bbox 450 1790 758 1848; x_wconf 77' lang='grc' dir='ltr'>ἀπολαῦσαι</span> <span class='ocrx_word' id='word_1_142' title='bbox 786 1786 1088 1860; x_wconf 74' lang='grc' dir='ltr'>τραπέζης,</span> <span class='ocrx_word' id='word_1_143' title='bbox 1133 1785 1267 1842; x_wconf 80' lang='grc' dir='ltr'>ἀλλὰ</span> <span class='ocrx_word' id='word_1_144' title='bbox 1308 1789 1433 1857; x_wconf 85' lang='grc' dir='ltr'>σιγῇ</span> <span class='ocrx_word' id='word_1_145' title='bbox 1482 1786 1754 1852; x_wconf 76' lang='grc' dir='ltr'>στενάξαι,</span> <span class='ocrx_word' id='word_1_146' title='bbox 1793 1785 2029 1849; x_wconf 84' lang='grc' dir='ltr'>δεικνὺς,</span> 
     </span>
    </p>
   </div>
   <div class='ocr_carea' id='block_1_22' title="bbox 2203 770 3707 842">
    <p class='ocr_par' dir='ltr' id='par_1_22' title="bbox 2203 770 3707 842">
     <span class='ocr_line' id='line_1_22' title="bbox 2203 770 3707 842; baseline 0.001 -18"><span class='ocrx_word' id='word_1_147' title='bbox 2203 772 2368 829; x_wconf 69' lang='lat' dir='ltr'><strong>Vens.</strong></span> <span class='ocrx_word' id='word_1_148' title='bbox 2432 773 2523 826; x_wconf 67' lang='grc'>18.</span> <span class='ocrx_word' id='word_1_149' title='bbox 2578 771 2644 825; x_wconf 88' lang='lat' dir='ltr'><strong>Et</strong></span> <span class='ocrx_word' id='word_1_150' title='bbox 2690 772 2895 826; x_wconf 85' lang='lat' dir='ltr'><strong>locutus</strong></span> <span class='ocrx_word' id='word_1_151' title='bbox 2954 788 3069 825; x_wconf 85' lang='lat' dir='ltr'><strong><em>sum</em></strong></span> <span class='ocrx_word' id='word_1_152' title='bbox 3112 770 3181 823; x_wconf 90' lang='lat' dir='ltr'>ad</span> <span class='ocrx_word' id='word_1_153' title='bbox 3234 772 3397 842; x_wconf 76' lang='lat'>881</span> <span class='ocrx_word' id='word_1_154' title='bbox 3455 775 3707 842; x_wconf 79' lang='lat' dir='ltr'>populum</span> 
     </span>
    </p>
   </div>
   <div class='ocr_carea' id='block_1_23' title="bbox 2132 856 3707 933">
    <p class='ocr_par' dir='ltr' id='par_1_23' title="bbox 2132 856 3707 933">
     <span class='ocr_line' id='line_1_23' title="bbox 2132 856 3707 933; baseline -0.001 -15"><span class='ocrx_word' id='word_1_155' title='bbox 2132 880 2306 924; x_wconf 83' lang='lat' dir='ltr'><strong>mane.</strong></span> <span class='ocrx_word' id='word_1_156' title='bbox 2356 856 2799 933; x_wconf 78' lang='lat' dir='ltr'>quemadmodum</span> <span class='ocrx_word' id='word_1_157' title='bbox 2834 862 3179 915; x_wconf 76' lang='lat' dir='ltr'>mandaverat</span> <span class='ocrx_word' id='word_1_158' title='bbox 3212 864 3377 915; x_wconf 80' lang='lat' dir='ltr'><strong>mihi:</strong></span> <span class='ocrx_word' id='word_1_159' title='bbox 3410 874 3457 915; x_wconf 86' lang='lat' dir='ltr'>et</span> <span class='ocrx_word' id='word_1_160' title='bbox 3492 875 3707 918; x_wconf 84' lang='lat' dir='ltr'><strong><em>mortua</em></strong></span> 
     </span>
    </p>
   </div>
   <div class='ocr_carea' id='block_1_24' title="bbox 2128 953 3704 1023">
    <p class='ocr_par' dir='ltr' id='par_1_24' title="bbox 2128 953 3704 1023">
     <span class='ocr_line' id='line_1_24' title="bbox 2128 953 3704 1023; baseline 0.001 -15"><span class='ocrx_word' id='word_1_161' title='bbox 2128 965 2205 1008; x_wconf 80' lang='lat' dir='ltr'>est</span> <span class='ocrx_word' id='word_1_162' title='bbox 2235 970 2371 1008; x_wconf 75' lang='lat' dir='ltr'><strong>uxor</strong></span> <span class='ocrx_word' id='word_1_163' title='bbox 2420 970 2536 1007; x_wconf 89' lang='lat' dir='ltr'><strong><em>mea</em></strong></span> <span class='ocrx_word' id='word_1_164' title='bbox 2578 954 2795 1021; x_wconf 81' lang='lat' dir='ltr'><strong>vesperi,</strong></span> <span class='ocrx_word' id='word_1_165' title='bbox 2826 962 2874 1006; x_wconf 87' lang='lat' dir='ltr'>et</span> <span class='ocrx_word' id='word_1_166' title='bbox 2920 953 3020 1020; x_wconf 76' lang='lat' dir='ltr'><strong>feci</strong></span> <span class='ocrx_word' id='word_1_167' title='bbox 3052 969 3204 1007; x_wconf 86' lang='lat' dir='ltr'><strong><em>mane</em></strong></span> <span class='ocrx_word' id='word_1_168' title='bbox 3261 954 3704 1023; x_wconf 82' lang='lat' dir='ltr'>quemadmodum</span> 
     </span>
    </p>
   </div>
   <div class='ocr_carea' id='block_1_25' title="bbox 2130 1041 3705 1115">
    <p class='ocr_par' dir='ltr' id='par_1_25' title="bbox 2130 1041 3705 1115">
     <span class='ocr_line' id='line_1_25' title="bbox 2130 1041 3705 1115; baseline 0.002 -16"><span class='ocrx_word' id='word_1_169' title='bbox 2130 1048 2448 1115; x_wconf 86' lang='lat' dir='ltr'><strong>imperatum</strong></span> <span class='ocrx_word' id='word_1_170' title='bbox 2482 1043 2658 1114; x_wconf 75' lang='lat' dir='ltr'><strong>fuerat</strong></span> <span class='ocrx_word' id='word_1_171' title='bbox 2692 1043 2839 1096; x_wconf 80' lang='lat' dir='ltr'><strong>mihi.</strong></span> <span class='ocrx_word' id='word_1_172' title='bbox 2879 1041 3090 1113; x_wconf 86' lang='lat' dir='ltr'><strong>Typum</strong></span> <span class='ocrx_word' id='word_1_173' title='bbox 3130 1045 3419 1112; x_wconf 85' lang='lat' dir='ltr'><strong><em>quemdam</em></strong></span> <span class='ocrx_word' id='word_1_174' title='bbox 3462 1049 3705 1102; x_wconf 85' lang='lat' dir='ltr'><strong>auctoris</strong></span> 
     </span>
    </p>
   </div>
   <div class='ocr_carea' id='block_1_26' title="bbox 2130 1134 3708 1208">
    <p class='ocr_par' dir='ltr' id='par_1_26' title="bbox 2130 1134 3708 1208">
     <span class='ocr_line' id='line_1_26' title="bbox 2130 1134 3708 1208; baseline 0.001 -16"><span class='ocrx_word' id='word_1_175' title='bbox 2130 1139 2372 1193; x_wconf 89' lang='lat' dir='ltr'><strong>omnium</strong></span> <span class='ocrx_word' id='word_1_176' title='bbox 2422 1152 2607 1191; x_wconf 87' lang='lat' dir='ltr'><strong>rerum</strong></span> <span class='ocrx_word' id='word_1_177' title='bbox 2664 1134 2755 1189; x_wconf 92' lang='lat' dir='ltr'>Dei</span> <span class='ocrx_word' id='word_1_178' title='bbox 2805 1135 3042 1203; x_wconf 80' lang='lat' dir='ltr'><strong>perfecte</strong></span> <span class='ocrx_word' id='word_1_179' title='bbox 3101 1135 3359 1205; x_wconf 77' lang='lat' dir='ltr'>exprimit</span> <span class='ocrx_word' id='word_1_180' title='bbox 3419 1140 3708 1208; x_wconf 75' lang='lat' dir='ltr'>propheta.</span> 
     </span>
    </p>
   </div>
   <div class='ocr_carea' id='block_1_27' title="bbox 2129 1226 3711 1298">
    <p class='ocr_par' dir='ltr' id='par_1_27' title="bbox 2129 1226 3711 1298">
     <span class='ocr_line' id='line_1_27' title="bbox 2129 1226 3711 1298; baseline 0 -13"><span class='ocrx_word' id='word_1_181' title='bbox 2129 1232 2265 1285; x_wconf 83' lang='lat' dir='ltr'><strong><em>Cum</em></strong></span> <span class='ocrx_word' id='word_1_182' title='bbox 2302 1230 2448 1285; x_wconf 90' lang='lat' dir='ltr'><strong>enim</strong></span> <span class='ocrx_word' id='word_1_183' title='bbox 2482 1228 2717 1298; x_wconf 89' lang='lat' dir='ltr'><strong>popultts</strong></span> <span class='ocrx_word' id='word_1_184' title='bbox 2750 1226 3084 1281; x_wconf 82' lang='lat' dir='ltr'><strong>lsraeliticus</strong></span> <span class='ocrx_word' id='word_1_185' title='bbox 3126 1227 3304 1282; x_wconf 85' lang='lat' dir='ltr'><strong>instar</strong></span> <span class='ocrx_word' id='word_1_186' title='bbox 3334 1243 3553 1298; x_wconf 64' lang='lat' dir='ltr'><strong>sponsae</strong></span> <span class='ocrx_word' id='word_1_187' title='bbox 3603 1231 3711 1285; x_wconf 80' lang='lat' dir='ltr'>Do-</span> 
     </span>
    </p>
   </div>
   <div class='ocr_carea' id='block_1_28' title="bbox 2134 1314 3713 1387">
    <p class='ocr_par' dir='ltr' id='par_1_28' title="bbox 2134 1314 3713 1387">
     <span class='ocr_line' id='line_1_28' title="bbox 2134 1314 3713 1387; baseline 0 -14"><span class='ocrx_word' id='word_1_188' title='bbox 2134 1319 2283 1373; x_wconf 88' lang='lat' dir='ltr'><strong>mino</strong></span> <span class='ocrx_word' id='word_1_189' title='bbox 2329 1317 2620 1387; x_wconf 77' lang='lat' dir='ltr'><strong>c0pulatus</strong></span> <span class='ocrx_word' id='word_1_190' title='bbox 2666 1324 2836 1381; x_wconf 85' lang='lat' dir='ltr'><strong>esset,</strong></span> <span class='ocrx_word' id='word_1_191' title='bbox 2891 1324 2943 1369; x_wconf 90' lang='lat' dir='ltr'>et</span> <span class='ocrx_word' id='word_1_192' title='bbox 3011 1314 3093 1370; x_wconf 91' lang='lat' dir='ltr'>sic</span> <span class='ocrx_word' id='word_1_193' title='bbox 3143 1315 3198 1368; x_wconf 91' lang='lat' dir='ltr'>in</span> <span class='ocrx_word' id='word_1_194' title='bbox 3254 1318 3571 1372; x_wconf 85' lang='lat' dir='ltr'><strong>servitutem</strong></span> <span class='ocrx_word' id='word_1_195' title='bbox 3630 1335 3713 1374; x_wconf 81' lang='lat' dir='ltr'>re-</span> 
     </span>
    </p>
   </div>
   <div class='ocr_carea' id='block_1_29' title="bbox 2132 1402 3715 1479">
    <p class='ocr_par' dir='ltr' id='par_1_29' title="bbox 2132 1402 3715 1479">
     <span class='ocr_line' id='line_1_29' title="bbox 2132 1402 3715 1479; baseline -0.004 -15"><span class='ocrx_word' id='word_1_196' title='bbox 2132 1407 2409 1479; x_wconf 82' lang='lat' dir='ltr'><strong>digendus</strong></span> <span class='ocrx_word' id='word_1_197' title='bbox 2442 1408 2583 1461; x_wconf 80' lang='lat' dir='ltr'><strong>foret</strong></span> <span class='ocrx_word' id='word_1_198' title='bbox 2620 1412 2675 1460; x_wconf 87' lang='lat' dir='ltr'><strong><em>et</em></strong></span> <span class='ocrx_word' id='word_1_199' title='bbox 2720 1402 3169 1468; x_wconf 82' lang='lat' dir='ltr'><strong>interﬁciendus,</strong></span> <span class='ocrx_word' id='word_1_200' title='bbox 3207 1403 3451 1458; x_wconf 86' lang='lat' dir='ltr'><strong>divinum</strong></span> <span class='ocrx_word' id='word_1_201' title='bbox 3498 1420 3715 1476; x_wconf 86' lang='lat' dir='ltr'><strong>quoque</strong></span> 
     </span>
    </p>
   </div>
   <div class='ocr_carea' id='block_1_30' title="bbox 2130 1494 3715 1570">
    <p class='ocr_par' dir='ltr' id='par_1_30' title="bbox 2130 1494 3715 1570">
     <span class='ocr_line' id='line_1_30' title="bbox 2130 1494 3715 1570; baseline -0.004 -15"><span class='ocrx_word' id='word_1_202' title='bbox 2130 1501 2394 1570; x_wconf 89' lang='lat' dir='ltr'><strong>templum</strong></span> <span class='ocrx_word' id='word_1_203' title='bbox 2428 1494 2862 1552; x_wconf 82' lang='lat' dir='ltr'><strong>comburendum</strong></span> <span class='ocrx_word' id='word_1_204' title='bbox 2914 1505 3082 1559; x_wconf 91' lang='lat' dir='ltr'><strong>esset,</strong></span> <span class='ocrx_word' id='word_1_205' title='bbox 3136 1494 3368 1549; x_wconf 80' lang='lat' dir='ltr'><strong>formam</strong></span> <span class='ocrx_word' id='word_1_206' title='bbox 3420 1496 3715 1565; x_wconf 78' lang='lat' dir='ltr'><strong><em>quamdam</em></strong></span> 
     </span>
    </p>
   </div>
   <div class='ocr_carea' id='block_1_31' title="bbox 2136 1588 3718 1660">
    <p class='ocr_par' dir='ltr' id='par_1_31' title="bbox 2136 1588 3718 1660">
     <span class='ocr_line' id='line_1_31' title="bbox 2136 1588 3718 1660; baseline -0.006 -12"><span class='ocrx_word' id='word_1_207' title='bbox 2136 1593 2450 1648; x_wconf 79' lang='lat' dir='ltr'><strong>futurorum</strong></span> <span class='ocrx_word' id='word_1_208' title='bbox 2484 1589 2691 1660; x_wconf 65' lang='lat' dir='ltr'><strong>praebet</strong></span> <span class='ocrx_word' id='word_1_209' title='bbox 2717 1588 3039 1658; x_wconf 82' lang='lat' dir='ltr'><strong>prOphetam</strong></span> <span class='ocrx_word' id='word_1_210' title='bbox 3069 1605 3083 1641; x_wconf 91' lang='lat'><strong>:</strong></span> <span class='ocrx_word' id='word_1_211' title='bbox 3115 1588 3273 1659; x_wconf 82' lang='lat' dir='ltr'><strong><em>cujus</em></strong></span> <span class='ocrx_word' id='word_1_212' title='bbox 3305 1597 3530 1658; x_wconf 86' lang='lat' dir='ltr'><strong>repente</strong></span> <span class='ocrx_word' id='word_1_213' title='bbox 3569 1602 3718 1643; x_wconf 89' lang='lat' dir='ltr'><strong>mor-</strong></span> 
     </span>
    </p>
   </div>
   <div class='ocr_carea' id='block_1_32' title="bbox 2136 1678 3718 1751">
    <p class='ocr_par' dir='ltr' id='par_1_32' title="bbox 2136 1678 3718 1751">
     <span class='ocr_line' id='line_1_32' title="bbox 2136 1678 3718 1751; baseline -0.004 -12"><span class='ocrx_word' id='word_1_214' title='bbox 2136 1694 2230 1739; x_wconf 90' lang='lat' dir='ltr'>tua</span> <span class='ocrx_word' id='word_1_215' title='bbox 2264 1697 2457 1746; x_wconf 82' lang='lat' dir='ltr'><strong>uxore,</strong></span> <span class='ocrx_word' id='word_1_216' title='bbox 2493 1680 2739 1751; x_wconf 58' lang='lat' dir='ltr'><strong>pracipit</strong></span> <span class='ocrx_word' id='word_1_217' title='bbox 2768 1680 2818 1733; x_wconf 90' lang='lat' dir='ltr'>ei</span> <span class='ocrx_word' id='word_1_218' title='bbox 2850 1693 2917 1733; x_wconf 91' lang='lat' dir='ltr'><strong><em>ne</em></strong></span> <span class='ocrx_word' id='word_1_219' title='bbox 2949 1679 3152 1749; x_wconf 72' lang='lat' dir='ltr'><strong>lugeat,</strong></span> <span class='ocrx_word' id='word_1_220' title='bbox 3197 1693 3265 1733; x_wconf 89' lang='lat' dir='ltr'><strong><em>ne</em></strong></span> <span class='ocrx_word' id='word_1_221' title='bbox 3324 1678 3524 1748; x_wconf 85' lang='lat' dir='ltr'>ploret,</span> <span class='ocrx_word' id='word_1_222' title='bbox 3578 1694 3718 1732; x_wconf 89' lang='lat' dir='ltr'><strong>neve</strong></span> 
     </span>
    </p>
   </div>
   <div class='ocr_carea' id='block_1_33' title="bbox 2136 1770 3715 1842">
    <p class='ocr_par' dir='ltr' id='par_1_33' title="bbox 2136 1770 3715 1842">
     <span class='ocr_line' id='line_1_33' title="bbox 2136 1770 3715 1842; baseline -0.006 -12"><span class='ocrx_word' id='word_1_223' title='bbox 2136 1777 2452 1831; x_wconf 78' lang='lat' dir='ltr'><strong>luctuosum</strong></span> <span class='ocrx_word' id='word_1_224' title='bbox 2479 1770 2743 1842; x_wconf 79' lang='lat' dir='ltr'>suscipiat</span> <span class='ocrx_word' id='word_1_225' title='bbox 2772 1770 3042 1834; x_wconf 89' lang='lat' dir='ltr'><strong>habitum,</strong></span> <span class='ocrx_word' id='word_1_226' title='bbox 3076 1785 3144 1825; x_wconf 90' lang='lat' dir='ltr'><strong><em>ne</em></strong></span> <span class='ocrx_word' id='word_1_227' title='bbox 3185 1770 3253 1824; x_wconf 90' lang='lat' dir='ltr'><strong><em>ad</em></strong></span> <span class='ocrx_word' id='word_1_228' title='bbox 3297 1784 3416 1824; x_wconf 89' lang='lat' dir='ltr'><strong>eam</strong></span> <span class='ocrx_word' id='word_1_229' title='bbox 3470 1784 3715 1825; x_wconf 84' lang='lat' dir='ltr'><strong><em>mensam</em></strong></span> 
     </span>
    </p>
   </div>
   <div class='ocr_carea' id='block_1_34' title="bbox 451 1857 2040 1958">
    <p class='ocr_par' dir='ltr' id='par_1_34' title="bbox 451 1874 2030 1950">
     <span class='ocr_line' id='line_1_34' title="bbox 451 1874 2030 1950; baseline -0.005 -13"><span class='ocrx_word' id='word_1_230' title='bbox 451 1882 527 1947; x_wconf 75' lang='grc' dir='ltr'>ὡς</span> <span class='ocrx_word' id='word_1_231' title='bbox 558 1881 717 1945; x_wconf 78' lang='grc' dir='ltr'>αὐτὸς</span> <span class='ocrx_word' id='word_1_232' title='bbox 745 1880 1001 1950; x_wconf 80' lang='grc' dir='ltr'>οὐδεμιᾶς</span> <span class='ocrx_word' id='word_1_233' title='bbox 1027 1879 1157 1941; x_wconf 80' lang='grc' dir='ltr'>τοὺς</span> <span class='ocrx_word' id='word_1_234' title='bbox 1205 1876 1352 1948; x_wconf 85' lang='grc' dir='ltr'>αύτῷ</span> <span class='ocrx_word' id='word_1_235' title='bbox 1384 1876 1761 1947; x_wconf 81' lang='grc' dir='ltr'>συνημμένους</span> <span class='ocrx_word' id='word_1_236' title='bbox 1811 1874 2030 1940; x_wconf 77' lang='grc' dir='ltr'>ἀξιώσει</span> 
     </span>
    </p>
   </div>
   <div class='ocr_carea' id='block_1_35' title="bbox 2142 1857 3717 1958">
    <p class='ocr_par' dir='ltr' id='par_1_35' title="bbox 2142 1857 3717 1932">
     <span class='ocr_line' id='line_1_35' title="bbox 2142 1857 3717 1932; baseline -0.007 -12"><span class='ocrx_word' id='word_1_237' title='bbox 2142 1865 2385 1928; x_wconf 84' lang='lat' dir='ltr'>accedat,</span> <span class='ocrx_word' id='word_1_238' title='bbox 2416 1877 2534 1932; x_wconf 65' lang='lat' dir='ltr'><strong>quae</strong></span> <span class='ocrx_word' id='word_1_239' title='bbox 2561 1858 2958 1915; x_wconf 84' lang='lat' dir='ltr'>consolationis</span> <span class='ocrx_word' id='word_1_240' title='bbox 2992 1872 3126 1928; x_wconf 77' lang='lat' dir='ltr'><strong>ergo</strong></span> <span class='ocrx_word' id='word_1_241' title='bbox 3161 1857 3478 1923; x_wconf 81' lang='lat' dir='ltr'><strong>instruitur,</strong></span> <span class='ocrx_word' id='word_1_242' title='bbox 3527 1870 3717 1911; x_wconf 87' lang='lat' dir='ltr'><strong>verum</strong></span> 
     </span>
    </p>
   </div>
   <div class='ocr_carea' id='block_1_36' title="bbox 451 1967 2029 2045">
    <p class='ocr_par' dir='ltr' id='par_1_36' title="bbox 451 1967 2029 2045">
     <span class='ocr_line' id='line_1_36' title="bbox 451 1967 2029 2045; baseline -0.004 -17"><span class='ocrx_word' id='word_1_243' title='bbox 451 1971 884 2045; x_wconf 82' lang='grc' dir='ltr'>φιλανθρωπίας,</span> <span class='ocrx_word' id='word_1_244' title='bbox 919 1987 992 2022; x_wconf 91' lang='grc' dir='ltr'>πα</span> <span class='ocrx_word' id='word_1_245' title='bbox 1004 1968 1071 2041; x_wconf 86' lang='grc' dir='ltr'>ρὰ</span> <span class='ocrx_word' id='word_1_246' title='bbox 1110 1967 1336 2039; x_wconf 86' lang='grc' dir='ltr'>γνώμην</span> <span class='ocrx_word' id='word_1_247' title='bbox 1361 1968 1418 2021; x_wconf 86' lang='grc' dir='ltr'>δὲ</span> <span class='ocrx_word' id='word_1_248' title='bbox 1465 1969 1614 2040; x_wconf 84' lang='grc' dir='ltr'>ὅμως</span> <span class='ocrx_word' id='word_1_249' title='bbox 1634 1969 1819 2032; x_wconf 80' lang='grc' dir='ltr'>αὐτοῖς</span> <span class='ocrx_word' id='word_1_250' title='bbox 1840 1967 2029 2034; x_wconf 79' lang='grc' dir='ltr'>ἐπάξει</span> 
     </span>
    </p>
   </div>
   <div class='ocr_carea' id='block_1_37' title="bbox 447 2058 2029 2138">
    <p class='ocr_par' dir='ltr' id='par_1_37' title="bbox 447 2058 2029 2138">
     <span class='ocr_line' id='line_1_37' title="bbox 447 2058 2029 2138; baseline -0.006 -16"><span class='ocrx_word' id='word_1_251' title='bbox 447 2065 725 2138; x_wconf 76' lang='grc' dir='ltr'>τιμωρίαν</span> <span class='ocrx_word' id='word_1_252' title='bbox 768 2079 782 2093; x_wconf 76' lang='grc' dir='ltr'><strong><em>ο</em></strong></span> <span class='ocrx_word' id='word_1_253' title='bbox 838 2082 861 2130; x_wconf 67' lang='grc' dir='ltr'>ί</span> <span class='ocrx_word' id='word_1_254' title='bbox 914 2062 988 2115; x_wconf 82' lang='grc' dir='ltr'><strong>Οὐ</strong></span> <span class='ocrx_word' id='word_1_255' title='bbox 1038 2060 1148 2132; x_wconf 84' lang='grc' dir='ltr'>γὰρ</span> <span class='ocrx_word' id='word_1_256' title='bbox 1206 2058 1454 2132; x_wconf 85' lang='grc' dir='ltr'>βούλεται</span> <span class='ocrx_word' id='word_1_257' title='bbox 1510 2060 1603 2115; x_wconf 83' lang='grc' dir='ltr'>τὸν</span> <span class='ocrx_word' id='word_1_258' title='bbox 1656 2060 1884 2115; x_wconf 88' lang='grc' dir='ltr'>θάνατον</span> <span class='ocrx_word' id='word_1_259' title='bbox 1935 2061 2029 2114; x_wconf 83' lang='grc' dir='ltr'>τοῦ</span> 
     </span>
    </p>
   </div>
   <div class='ocr_carea' id='block_1_38' title="bbox 451 2145 2031 2228">
    <p class='ocr_par' dir='ltr' id='par_1_38' title="bbox 451 2145 2031 2228">
     <span class='ocr_line' id='line_1_38' title="bbox 451 2145 2031 2228; baseline -0.003 -16"><span class='ocrx_word' id='word_1_260' title='bbox 451 2155 803 2228; x_wconf 82' lang='grc' dir='ltr'>άμαρτωλοῦ,</span> <span class='ocrx_word' id='word_1_261' title='bbox 840 2152 916 2218; x_wconf 85' lang='grc' dir='ltr'>ὡς</span> <span class='ocrx_word' id='word_1_262' title='bbox 955 2151 1016 2205; x_wconf 83' lang='grc' dir='ltr'>τὸ</span> <span class='ocrx_word' id='word_1_263' title='bbox 1059 2150 1386 2222; x_wconf 74' lang='grc' dir='ltr'>ἐπιστρέψαι</span> <span class='ocrx_word' id='word_1_264' title='bbox 1415 2151 1600 2217; x_wconf 80' lang='grc' dir='ltr'>αὐτὸν,</span> <span class='ocrx_word' id='word_1_265' title='bbox 1640 2152 1734 2206; x_wconf 66' lang='grc' dir='ltr'>καὶ</span> <span class='ocrx_word' id='word_1_266' title='bbox 1760 2151 1877 2223; x_wconf 77' lang='grc' dir='ltr'>ζῇν.</span> <span class='ocrx_word' id='word_1_267' title='bbox 1910 2170 1929 2203; x_wconf 83' lang='grc'><strong>›</strong></span> <span class='ocrx_word' id='word_1_268' title='bbox 1956 2145 2031 2208; x_wconf 76' lang='grc' dir='ltr'>Οὗ</span> 
     </span>
    </p>
   </div>
   <div class='ocr_carea' id='block_1_39' title="bbox 452 2241 2028 2318">
    <p class='ocr_par' dir='ltr' id='par_1_39' title="bbox 452 2241 2028 2318">
     <span class='ocr_line' id='line_1_39' title="bbox 452 2241 2028 2318; baseline -0.003 -19"><span class='ocrx_word' id='word_1_269' title='bbox 452 2246 613 2318; x_wconf 81' lang='grc' dir='ltr'>χάριν</span> <span class='ocrx_word' id='word_1_270' title='bbox 642 2246 737 2298; x_wconf 52' lang='grc' dir='ltr'>καὶ⁸</span> <span class='ocrx_word' id='word_1_271' title='bbox 761 2243 840 2315; x_wconf 81' lang='grc' dir='ltr'>τῷ</span> <span class='ocrx_word' id='word_1_272' title='bbox 870 2244 1121 2315; x_wconf 78' lang='grc' dir='ltr'>προφήτῃ</span> <span class='ocrx_word' id='word_1_273' title='bbox 1158 2246 1284 2314; x_wconf 87' lang='grc' dir='ltr'>σιγῇ</span> <span class='ocrx_word' id='word_1_274' title='bbox 1324 2242 1530 2296; x_wconf 81' lang='grc' dir='ltr'>στένειν</span> <span class='ocrx_word' id='word_1_275' title='bbox 1561 2241 1987 2313; x_wconf 80' lang='grc' dir='ltr'>παρακελεύεται</span> <span class='ocrx_word' id='word_1_276' title='bbox 2015 2258 2028 2273; x_wconf 93' lang='grc'><strong>·</strong></span> 
     </span>
    </p>
   </div>
   <div class='ocr_carea' id='block_1_40' title="bbox 456 2330 2032 2404">
    <p class='ocr_par' dir='ltr' id='par_1_40' title="bbox 456 2330 2032 2404">
     <span class='ocr_line' id='line_1_40' title="bbox 456 2330 2032 2404; baseline -0.003 -16"><span class='ocrx_word' id='word_1_277' title='bbox 456 2336 545 2389; x_wconf 84' lang='grc' dir='ltr'>διὰ</span> <span class='ocrx_word' id='word_1_278' title='bbox 571 2336 760 2389; x_wconf 83' lang='grc' dir='ltr'>τούτου</span> <span class='ocrx_word' id='word_1_279' title='bbox 792 2333 1094 2404; x_wconf 85' lang='grc' dir='ltr'>σημαίνων,</span> <span class='ocrx_word' id='word_1_280' title='bbox 1140 2332 1215 2395; x_wconf 87' lang='grc' dir='ltr'>ὡς</span> <span class='ocrx_word' id='word_1_281' title='bbox 1254 2332 1347 2386; x_wconf 75' lang='grc' dir='ltr'>καὶ</span> <span class='ocrx_word' id='word_1_282' title='bbox 1398 2330 1561 2396; x_wconf 80' lang='grc' dir='ltr'>αὐτὸς</span> <span class='ocrx_word' id='word_1_283' title='bbox 1612 2331 1761 2402; x_wconf 85' lang='grc' dir='ltr'>παρὰ</span> <span class='ocrx_word' id='word_1_284' title='bbox 1807 2330 2032 2403; x_wconf 82' lang='grc' dir='ltr'>γνώμην</span> 
     </span>
    </p>
   </div>
   <div class='ocr_carea' id='block_1_41' title="bbox 462 2420 2035 2495">
    <p class='ocr_par' dir='ltr' id='par_1_41' title="bbox 462 2420 2035 2495">
     <span class='ocr_line' id='line_1_41' title="bbox 462 2420 2035 2495; baseline -0.004 -18"><span class='ocrx_word' id='word_1_285' title='bbox 462 2423 711 2495; x_wconf 77' lang='grc' dir='ltr'>ἀνέχεται</span> <span class='ocrx_word' id='word_1_286' title='bbox 733 2423 838 2478; x_wconf 87' lang='grc' dir='ltr'>τῶν</span> <span class='ocrx_word' id='word_1_287' title='bbox 867 2421 1282 2493; x_wconf 78' lang='grc' dir='ltr'>ἐπιφερομένων</span> <span class='ocrx_word' id='word_1_288' title='bbox 1310 2420 1388 2491; x_wconf 82' lang='grc' dir='ltr'>τῷ</span> <span class='ocrx_word' id='word_1_289' title='bbox 1409 2420 1523 2492; x_wconf 86' lang='grc' dir='ltr'>λαῷ</span> <span class='ocrx_word' id='word_1_290' title='bbox 1557 2420 1872 2493; x_wconf 82' lang='grc' dir='ltr'>συμφορῶν,</span> <span class='ocrx_word' id='word_1_291' title='bbox 1911 2420 2035 2473; x_wconf 89' lang='grc' dir='ltr'>πολ-</span> 
     </span>
    </p>
   </div>
   <div class='ocr_carea' id='block_1_42' title="bbox 462 2510 2034 2587">
    <p class='ocr_par' dir='ltr' id='par_1_42' title="bbox 462 2510 2034 2587">
     <span class='ocr_line' id='line_1_42' title="bbox 462 2510 2034 2587; baseline -0.003 -20"><span class='ocrx_word' id='word_1_292' title='bbox 462 2515 560 2586; x_wconf 77' lang='grc' dir='ltr'>λὴν</span> <span class='ocrx_word' id='word_1_293' title='bbox 592 2515 690 2586; x_wconf 70' lang='grc' dir='ltr'>μὲν</span> <span class='ocrx_word' id='word_1_294' title='bbox 733 2514 866 2587; x_wconf 75' lang='grc' dir='ltr'>ἔχων</span> <span class='ocrx_word' id='word_1_295' title='bbox 918 2514 1019 2585; x_wconf 86' lang='grc' dir='ltr'>τὴν</span> <span class='ocrx_word' id='word_1_296' title='bbox 1065 2512 1400 2582; x_wconf 81' lang='grc' dir='ltr'>άγαθότητα,</span> <span class='ocrx_word' id='word_1_297' title='bbox 1450 2512 1545 2566; x_wconf 73' lang='grc' dir='ltr'>καὶ</span> <span class='ocrx_word' id='word_1_298' title='bbox 1595 2511 1911 2582; x_wconf 79' lang='grc' dir='ltr'>διὰταύτην</span> <span class='ocrx_word' id='word_1_299' title='bbox 1942 2510 2034 2563; x_wconf 60' lang='grc' dir='ltr'>ἐπὶ⁹</span> 
     </span>
    </p>
   </div>
   <div class='ocr_carea' id='block_1_43' title="bbox 465 2601 2035 2677">
    <p class='ocr_par' dir='ltr' id='par_1_43' title="bbox 465 2601 2035 2677">
     <span class='ocr_line' id='line_1_43' title="bbox 465 2601 2035 2677; baseline -0.004 -17"><span class='ocrx_word' id='word_1_300' title='bbox 465 2605 870 2677; x_wconf 83' lang='grc' dir='ltr'>φιλανθρωπίαν</span> <span class='ocrx_word' id='word_1_301' title='bbox 909 2603 1114 2676; x_wconf 79' lang='grc' dir='ltr'>ῥέπων,</span> <span class='ocrx_word' id='word_1_302' title='bbox 1141 2601 1390 2667; x_wconf 79' lang='grc' dir='ltr'>κολάζειν</span> <span class='ocrx_word' id='word_1_303' title='bbox 1415 2603 1471 2655; x_wconf 79' lang='grc' dir='ltr'>δὲ</span> <span class='ocrx_word' id='word_1_304' title='bbox 1496 2602 1584 2657; x_wconf 63' lang='grc' dir='ltr'>διὰ</span> <span class='ocrx_word' id='word_1_305' title='bbox 1606 2601 1704 2674; x_wconf 83' lang='grc' dir='ltr'>τὴν</span> <span class='ocrx_word' id='word_1_306' title='bbox 1735 2603 1832 2672; x_wconf 78' lang='grc' dir='ltr'>τῆς</span> <span class='ocrx_word' id='word_1_307' title='bbox 1862 2616 2035 2672; x_wconf 77' lang='grc' dir='ltr'>παρα-</span> 
     </span>
    </p>
   </div>
   <div class='ocr_carea' id='block_1_44' title="bbox 463 2693 1342 2771">
    <p class='ocr_par' dir='ltr' id='par_1_44' title="bbox 463 2693 1342 2771">
     <span class='ocr_line' id='line_1_44' title="bbox 463 2693 1342 2771; baseline -0.007 -19"><span class='ocrx_word' id='word_1_308' title='bbox 463 2697 650 2771; x_wconf 84' lang='grc' dir='ltr'>νομίας</span> <span class='ocrx_word' id='word_1_309' title='bbox 678 2696 977 2768; x_wconf 79' lang='grc' dir='ltr'>ὑπερϐολὴν</span> <span class='ocrx_word' id='word_1_310' title='bbox 1001 2693 1342 2766; x_wconf 80' lang='grc' dir='ltr'>βιαζόμενος.</span> 
     </span>
    </p>
   </div>
   <div class='ocr_carea' id='block_1_45' title="bbox 530 2955 2034 3027">
    <p class='ocr_par' dir='ltr' id='par_1_45' title="bbox 530 2955 2034 3027">
     <span class='ocr_line' id='line_1_45' title="bbox 530 2955 2034 3027; baseline -0.005 -11"><span class='ocrx_word' id='word_1_311' title='bbox 530 2961 726 3016; x_wconf 78' lang='grc' dir='ltr'>ιθὀκδ⁹.</span> <span class='ocrx_word' id='word_1_312' title='bbox 784 2960 895 3016; x_wconf 78' lang='grc' dir='ltr'>Καὶ</span> <span class='ocrx_word' id='word_1_313' title='bbox 965 2955 1115 3021; x_wconf 79' lang='grc' dir='ltr'>εἷπε,</span> <span class='ocrx_word' id='word_1_314' title='bbox 1174 2958 1328 3027; x_wconf 68' lang='grc' dir='ltr'>φησὶ,</span> <span class='ocrx_word' id='word_1_315' title='bbox 1360 2956 1508 3026; x_wconf 83' lang='grc' dir='ltr'>πρός</span> <span class='ocrx_word' id='word_1_316' title='bbox 1536 2973 1614 3026; x_wconf 83' lang='grc' dir='ltr'>με</span> <span class='ocrx_word' id='word_1_317' title='bbox 1642 2959 1674 3010; x_wconf 83' lang='grc' dir='ltr'><strong><em>ό</em></strong></span> <span class='ocrx_word' id='word_1_318' title='bbox 1707 2957 1857 3023; x_wconf 77' lang='grc' dir='ltr'>λαός</span> <span class='ocrx_word' id='word_1_319' title='bbox 1883 2971 2034 3026; x_wconf 76' lang='grc' dir='ltr'>μουο</span> 
     </span>
    </p>
   </div>
   <div class='ocr_carea' id='block_1_46' title="bbox 458 3045 2037 3123">
    <p class='ocr_par' dir='ltr' id='par_1_46' title="bbox 458 3045 2037 3123">
     <span class='ocr_line' id='line_1_46' title="bbox 458 3045 2037 3123; baseline -0.006 -13"><span class='ocrx_word' id='word_1_320' title='bbox 458 3057 581 3111; x_wconf 82' lang='grc' dir='ltr'>Οὐκ</span> <span class='ocrx_word' id='word_1_321' title='bbox 644 3051 1053 3123; x_wconf 68' lang='grc' dir='ltr'>ἀπαγγέλλεις</span> <span class='ocrx_word' id='word_1_322' title='bbox 1080 3051 1126 3083; x_wconf 75' lang='grc' dir='ltr'>⁸ο</span> <span class='ocrx_word' id='word_1_323' title='bbox 1167 3047 1331 3121; x_wconf 80' lang='grc' dir='ltr'>ἡμῖν,</span> <span class='ocrx_word' id='word_1_324' title='bbox 1380 3048 1439 3102; x_wconf 85' lang='grc' dir='ltr'>τι</span> <span class='ocrx_word' id='word_1_325' title='bbox 1480 3047 1613 3102; x_wconf 85' lang='grc' dir='ltr'>ἐστι</span> <span class='ocrx_word' id='word_1_326' title='bbox 1649 3048 1858 3113; x_wconf 85' lang='grc' dir='ltr'>ταῦτα,</span> <span class='ocrx_word' id='word_1_327' title='bbox 1884 3047 1923 3101; x_wconf 80' lang='grc' dir='ltr'><em>ἂ</em></span> <span class='ocrx_word' id='word_1_328' title='bbox 1955 3045 2037 3102; x_wconf 85' lang='grc' dir='ltr'>σὺ</span> 
     </span>
    </p>
   </div>
   <div class='ocr_carea' id='block_1_47' title="bbox 458 3124 2037 3213">
    <p class='ocr_par' dir='ltr' id='par_1_47' title="bbox 458 3124 2037 3213">
     <span class='ocr_line' id='line_1_47' title="bbox 458 3124 2037 3213; baseline -0.005 -12"><span class='ocrx_word' id='word_1_329' title='bbox 458 3145 684 3213; x_wconf 59' lang='lat' dir='ltr'><strong>eratsic;</strong></span> <span class='ocrx_word' id='word_1_330' title='bbox 749 3144 859 3199; x_wconf 80' lang='lat' dir='ltr'>Kal</span> <span class='ocrx_word' id='word_1_331' title='bbox 910 3140 1084 3197; x_wconf 78' lang='grc' dir='ltr'>εἶπον</span> <span class='ocrx_word' id='word_1_332' title='bbox 1108 3144 1260 3210; x_wconf 81' lang='grc' dir='ltr'>πρὸς</span> <span class='ocrx_word' id='word_1_333' title='bbox 1307 3139 1531 3205; x_wconf 83' lang='grc' dir='ltr'>αὐτούς</span> <span class='ocrx_word' id='word_1_334' title='bbox 1555 3156 1568 3169; x_wconf 89' lang='grc'><strong>·</strong></span> <span class='ocrx_word' id='word_1_335' title='bbox 1593 3140 1787 3207; x_wconf 83' lang='grc' dir='ltr'>Λόγος</span> <span class='ocrx_word' id='word_1_336' title='bbox 1816 3124 2037 3205; x_wconf 71' lang='grc' dir='ltr'>Κυρίοὺ</span> 
     </span>
    </p>
   </div>
   <div class='ocr_carea' id='block_1_48' title="bbox 404 3226 2041 3302">
    <p class='ocr_par' dir='ltr' id='par_1_48' title="bbox 404 3226 2041 3302">
     <span class='ocr_line' id='line_1_48' title="bbox 404 3226 2041 3302; baseline -0.006 -13"><span class='ocrx_word' id='word_1_337' title='bbox 404 3250 425 3269; x_wconf 64' lang='grc' dir='ltr'><em>κ</em></span> <span class='ocrx_word' id='word_1_338' title='bbox 458 3234 698 3302; x_wconf 76' lang='grc' dir='ltr'>ἐγένετο</span> <span class='ocrx_word' id='word_1_339' title='bbox 741 3231 890 3301; x_wconf 81' lang='grc' dir='ltr'>πρὸς</span> <span class='ocrx_word' id='word_1_340' title='bbox 946 3233 1043 3299; x_wconf 86' lang='grc' dir='ltr'>μὲ,</span> <span class='ocrx_word' id='word_1_341' title='bbox 1081 3231 1313 3300; x_wconf 60' lang='grc' dir='ltr'>λέγωνε</span> <span class='ocrx_word' id='word_1_342' title='bbox 1355 3228 1504 3284; x_wconf 72' lang='grc' dir='ltr'>Εἰπὲ</span> <span class='ocrx_word' id='word_1_343' title='bbox 1545 3228 1695 3297; x_wconf 82' lang='grc' dir='ltr'>πρὸς</span> <span class='ocrx_word' id='word_1_344' title='bbox 1734 3228 1841 3281; x_wconf 82' lang='grc' dir='ltr'>τὸν</span> <span class='ocrx_word' id='word_1_345' title='bbox 1872 3226 2041 3282; x_wconf 69' lang='grc' dir='ltr'>οἷκον</span> 
     </span>
    </p>
   </div>
   <div class='ocr_carea' id='block_1_49' title="bbox 475 3319 2045 3394">
    <p class='ocr_par' dir='ltr' id='par_1_49' title="bbox 475 3319 2045 3394">
     <span class='ocr_line' id='line_1_49' title="bbox 475 3319 2045 3394; baseline -0.003 -16"><span class='ocrx_word' id='word_1_346' title='bbox 475 3323 761 3394; x_wconf 80' lang='grc' dir='ltr'>Ἰσραήλ·</span> <span class='ocrx_word' id='word_1_347' title='bbox 809 3322 954 3377; x_wconf 83' lang='grc' dir='ltr'>Τάδε</span> <span class='ocrx_word' id='word_1_348' title='bbox 990 3322 1149 3391; x_wconf 84' lang='grc' dir='ltr'>λέγει</span> <span class='ocrx_word' id='word_1_349' title='bbox 1187 3320 1429 3377; x_wconf 83' lang='grc' dir='ltr'>Ἀδωναῖ</span> <span class='ocrx_word' id='word_1_350' title='bbox 1458 3321 1707 3389; x_wconf 80' lang='grc' dir='ltr'>Κύριος·</span> <span class='ocrx_word' id='word_1_351' title='bbox 1750 3319 1895 3376; x_wconf 86' lang='grc' dir='ltr'>Ἰδοὺ</span> <span class='ocrx_word' id='word_1_352' title='bbox 1931 3320 2045 3392; x_wconf 83' lang='grc' dir='ltr'>ἐγὼ</span> 
     </span>
    </p>
   </div>
   <div class='ocr_carea' id='block_1_50' title="bbox 461 3410 2048 3485">
    <p class='ocr_par' dir='ltr' id='par_1_50' title="bbox 461 3410 2048 3485">
     <span class='ocr_line' id='line_1_50' title="bbox 461 3410 2048 3485; baseline -0.003 -15"><span class='ocrx_word' id='word_1_353' title='bbox 461 3415 706 3484; x_wconf 77' lang='grc' dir='ltr'>βεϐηλῶ</span> <span class='ocrx_word' id='word_1_354' title='bbox 734 3416 804 3469; x_wconf 87' lang='grc' dir='ltr'>τὰ</span> <span class='ocrx_word' id='word_1_355' title='bbox 831 3414 967 3485; x_wconf 79' lang='grc' dir='ltr'>ἅγιά</span> <span class='ocrx_word' id='word_1_356' title='bbox 1000 3432 1141 3484; x_wconf 85' lang='grc' dir='ltr'>μου,</span> <span class='ocrx_word' id='word_1_357' title='bbox 1170 3414 1452 3483; x_wconf 74' lang='grc' dir='ltr'>φρύαγμα</span> <span class='ocrx_word' id='word_1_358' title='bbox 1475 3413 1690 3481; x_wconf 72' lang='grc' dir='ltr'>ἰσχύος</span> <span class='ocrx_word' id='word_1_359' title='bbox 1708 3410 1895 3481; x_wconf 78' lang='grc' dir='ltr'>ὑμῶν.</span> <span class='ocrx_word' id='word_1_360' title='bbox 1921 3413 2048 3467; x_wconf 80' lang='grc' dir='ltr'>ἐπι-</span> 
     </span>
    </p>
   </div>
   <div class='ocr_carea' id='block_1_51' title="bbox 465 3497 2048 3579">
    <p class='ocr_par' dir='ltr' id='par_1_51' title="bbox 465 3497 2048 3579">
     <span class='ocr_line' id='line_1_51' title="bbox 465 3497 2048 3579; baseline -0.005 -14"><span class='ocrx_word' id='word_1_361' title='bbox 465 3507 779 3579; x_wconf 81' lang='grc' dir='ltr'>θυμήματα</span> <span class='ocrx_word' id='word_1_362' title='bbox 810 3505 1133 3576; x_wconf 73' lang='grc' dir='ltr'>ὀφθαλμῶν</span> <span class='ocrx_word' id='word_1_363' title='bbox 1174 3503 1361 3574; x_wconf 82' lang='grc' dir='ltr'>ὑμῶν,</span> <span class='ocrx_word' id='word_1_364' title='bbox 1391 3504 1488 3558; x_wconf 76' lang='grc' dir='ltr'>καὶ</span> <span class='ocrx_word' id='word_1_365' title='bbox 1517 3504 1667 3572; x_wconf 79' lang='grc' dir='ltr'>ὑπὲρ</span> <span class='ocrx_word' id='word_1_366' title='bbox 1696 3497 1783 3558; x_wconf 81' lang='grc' dir='ltr'>ὧν</span> <span class='ocrx_word' id='word_1_367' title='bbox 1810 3504 2048 3573; x_wconf 70' lang='grc' dir='ltr'>φείδον-</span> 
     </span>
    </p>
   </div>
   <div class='ocr_carea' id='block_1_52' title="bbox 461 3594 2046 3668">
    <p class='ocr_par' dir='ltr' id='par_1_52' title="bbox 461 3594 2046 3668">
     <span class='ocr_line' id='line_1_52' title="bbox 461 3594 2046 3668; baseline -0.001 -15"><span class='ocrx_word' id='word_1_368' title='bbox 461 3616 556 3653; x_wconf 82' lang='grc' dir='ltr'>ται</span> <span class='ocrx_word' id='word_1_369' title='bbox 589 3601 649 3651; x_wconf 82' lang='lat' dir='ltr'><strong><em>al</em></strong></span> <span class='ocrx_word' id='word_1_370' title='bbox 677 3597 872 3668; x_wconf 58' lang='grc' dir='ltr'>ψυχαὶ</span> <span class='ocrx_word' id='word_1_371' title='bbox 916 3596 1086 3667; x_wconf 79' lang='grc' dir='ltr'>ὑμῶν</span> <span class='ocrx_word' id='word_1_372' title='bbox 1105 3614 1119 3626; x_wconf 88' lang='grc'><strong>·</strong></span> <span class='ocrx_word' id='word_1_373' title='bbox 1148 3595 1245 3650; x_wconf 77' lang='grc' dir='ltr'>καί</span> <span class='ocrx_word' id='word_1_374' title='bbox 1273 3599 1328 3650; x_wconf 84' lang='lat' dir='ltr'><strong><em>ol</em></strong></span> <span class='ocrx_word' id='word_1_375' title='bbox 1369 3595 1488 3650; x_wconf 81' lang='grc' dir='ltr'>υἱοὶ</span> <span class='ocrx_word' id='word_1_376' title='bbox 1512 3594 1695 3665; x_wconf 82' lang='grc' dir='ltr'>ὑμῶν,</span> <span class='ocrx_word' id='word_1_377' title='bbox 1726 3595 1823 3649; x_wconf 80' lang='grc' dir='ltr'>καὶ</span> <span class='ocrx_word' id='word_1_378' title='bbox 1863 3599 1921 3650; x_wconf 84' lang='lat' dir='ltr'><strong><em>al</em></strong></span> <span class='ocrx_word' id='word_1_379' title='bbox 1944 3597 2046 3652; x_wconf 81' lang='grc' dir='ltr'>θυ-</span> 
     </span>
    </p>
   </div>
   <div class='ocr_carea' id='block_1_53' title="bbox 460 3686 2049 3763">
    <p class='ocr_par' dir='ltr' id='par_1_53' title="bbox 460 3686 2049 3763">
     <span class='ocr_line' id='line_1_53' title="bbox 460 3686 2049 3763; baseline -0.004 -18"><span class='ocrx_word' id='word_1_380' title='bbox 460 3692 702 3763; x_wconf 74' lang='grc' dir='ltr'>γατέρες</span> <span class='ocrx_word' id='word_1_381' title='bbox 726 3689 914 3760; x_wconf 80' lang='grc' dir='ltr'>ὑμῶν,</span> <span class='ocrx_word' id='word_1_382' title='bbox 953 3688 1062 3755; x_wconf 85' lang='grc' dir='ltr'>οὓς</span> <span class='ocrx_word' id='word_1_383' title='bbox 1108 3688 1534 3757; x_wconf 76' lang='grc' dir='ltr'>ἐγκατελίπετε</span> <span class='ocrx_word' id='word_1_384' title='bbox 1578 3686 1645 3751; x_wconf 68' lang='grc' dir='ltr'>ει,</span> <span class='ocrx_word' id='word_1_385' title='bbox 1679 3687 1749 3740; x_wconf 79' lang='grc' dir='ltr'>ἐν</span> <span class='ocrx_word' id='word_1_386' title='bbox 1780 3687 2049 3755; x_wconf 73' lang='grc' dir='ltr'>ῥομφαίᾳ</span> 
     </span>
    </p>
   </div>
   <div class='ocr_carea' id='block_1_54' title="bbox 465 3772 2043 3846">
    <p class='ocr_par' dir='ltr' id='par_1_54' title="bbox 465 3772 2043 3846">
     <span class='ocr_line' id='line_1_54' title="bbox 465 3772 2043 3846; baseline -0.005 -9"><span class='ocrx_word' id='word_1_387' title='bbox 465 3783 814 3837; x_wconf 78' lang='grc' dir='ltr'>πεσοῦνται.</span> <span class='ocrx_word' id='word_1_388' title='bbox 871 3780 982 3835; x_wconf 85' lang='lat' dir='ltr'>Kal</span> <span class='ocrx_word' id='word_1_389' title='bbox 1029 3778 1341 3846; x_wconf 74' lang='grc' dir='ltr'>ποιήσετε</span> <span class='ocrx_word' id='word_1_390' title='bbox 1368 3778 1441 3833; x_wconf 78' lang='grc' dir='ltr'>ὃν</span> <span class='ocrx_word' id='word_1_391' title='bbox 1469 3772 1695 3845; x_wconf 68' lang='grc' dir='ltr'>τρόπον</span> <span class='ocrx_word' id='word_1_392' title='bbox 1722 3778 2043 3844; x_wconf 77' lang='grc' dir='ltr'>πεποίηκα,</span> 
     </span>
    </p>
   </div>
   <div class='ocr_carea' id='block_1_55' title="bbox 462 3866 2049 3943">
    <p class='ocr_par' dir='ltr' id='par_1_55' title="bbox 462 3866 2049 3943">
     <span class='ocr_line' id='line_1_55' title="bbox 462 3866 2049 3943; baseline -0.005 -13"><span class='ocrx_word' id='word_1_393' title='bbox 462 3874 585 3930; x_wconf 78' lang='grc' dir='ltr'>ἀπὸ</span> <span class='ocrx_word' id='word_1_394' title='bbox 633 3876 934 3943; x_wconf 83' lang='grc' dir='ltr'>στόματος</span> <span class='ocrx_word' id='word_1_395' title='bbox 980 3871 1180 3926; x_wconf 78' lang='grc' dir='ltr'>αὐτῶν</span> <span class='ocrx_word' id='word_1_396' title='bbox 1234 3873 1307 3925; x_wconf 83' lang='grc' dir='ltr'>οὐ</span> <span class='ocrx_word' id='word_1_397' title='bbox 1344 3869 1911 3941; x_wconf 80' lang='grc' dir='ltr'>παρακληθήσεσθε,</span> <span class='ocrx_word' id='word_1_398' title='bbox 1947 3866 2049 3923; x_wconf 72' lang='lat' dir='ltr'>’xal</span> 
     </span>
    </p>
   </div>
   <div class='ocr_carea' id='block_1_56' title="bbox 464 3958 2051 4035">
    <p class='ocr_par' dir='ltr' id='par_1_56' title="bbox 464 3958 2051 4035">
     <span class='ocr_line' id='line_1_56' title="bbox 464 3958 2051 4035; baseline -0.004 -15"><span class='ocrx_word' id='word_1_399' title='bbox 464 3967 645 4035; x_wconf 73' lang='grc' dir='ltr'>ἄρτον</span> <span class='ocrx_word' id='word_1_400' title='bbox 694 3963 931 4034; x_wconf 78' lang='grc' dir='ltr'>ἀνδρῶν</span> <span class='ocrx_word' id='word_1_401' title='bbox 982 3966 1055 4019; x_wconf 87' lang='grc' dir='ltr'>οὐ</span> <span class='ocrx_word' id='word_1_402' title='bbox 1110 3960 1395 4033; x_wconf 70' lang='grc' dir='ltr'>φάγεσθε.</span> <span class='ocrx_word' id='word_1_403' title='bbox 1432 3961 1541 4016; x_wconf 84' lang='lat' dir='ltr'><strong><em>Kal</em></strong></span> <span class='ocrx_word' id='word_1_404' title='bbox 1585 3964 1644 4015; x_wconf 85' lang='lat' dir='ltr'><strong><em>al</em></strong></span> <span class='ocrx_word' id='word_1_405' title='bbox 1678 3961 1854 4030; x_wconf 84' lang='grc' dir='ltr'>κόμαι</span> <span class='ocrx_word' id='word_1_406' title='bbox 1882 3958 2051 4030; x_wconf 80' lang='grc' dir='ltr'>ὑμῶν</span> 
     </span>
    </p>
   </div>
   <div class='ocr_carea' id='block_1_57' title="bbox 467 4049 2051 4126">
    <p class='ocr_par' dir='ltr' id='par_1_57' title="bbox 467 4049 2051 4126">
     <span class='ocr_line' id='line_1_57' title="bbox 467 4049 2051 4126; baseline -0.007 -14"><span class='ocrx_word' id='word_1_407' title='bbox 467 4056 564 4113; x_wconf 72' lang='grc' dir='ltr'>ἐπὶ</span> <span class='ocrx_word' id='word_1_408' title='bbox 588 4054 699 4126; x_wconf 80' lang='grc' dir='ltr'>τῆς</span> <span class='ocrx_word' id='word_1_409' title='bbox 727 4054 1000 4125; x_wconf 67' lang='grc' dir='ltr'>κεφαλῆς</span> <span class='ocrx_word' id='word_1_410' title='bbox 1040 4052 1228 4123; x_wconf 76' lang='grc' dir='ltr'>ὑμῶν,</span> <span class='ocrx_word' id='word_1_411' title='bbox 1254 4053 1351 4107; x_wconf 80' lang='grc' dir='ltr'>καί</span> <span class='ocrx_word' id='word_1_412' title='bbox 1394 4055 1468 4106; x_wconf 81' lang='grc' dir='ltr'>τὰ</span> <span class='ocrx_word' id='word_1_413' title='bbox 1494 4049 1850 4121; x_wconf 82' lang='grc' dir='ltr'>ὑποδήματα</span> <span class='ocrx_word' id='word_1_414' title='bbox 1881 4049 2051 4119; x_wconf 74' lang='grc' dir='ltr'>ὑμῶν</span> 
     </span>
    </p>
   </div>
   <div class='ocr_carea' id='block_1_58' title="bbox 463 4141 2048 4216">
    <p class='ocr_par' dir='ltr' id='par_1_58' title="bbox 463 4141 2048 4216">
     <span class='ocr_line' id='line_1_58' title="bbox 463 4141 2048 4216; baseline -0.005 -13"><span class='ocrx_word' id='word_1_415' title='bbox 463 4147 679 4214; x_wconf 79' lang='grc' dir='ltr'>ἐντοῖς</span> <span class='ocrx_word' id='word_1_416' title='bbox 706 4148 893 4202; x_wconf 72' lang='grc' dir='ltr'>ποσὶν</span> <span class='ocrx_word' id='word_1_417' title='bbox 934 4144 1104 4216; x_wconf 80' lang='grc' dir='ltr'>ὑμῶν</span> <span class='ocrx_word' id='word_1_418' title='bbox 1129 4164 1142 4176; x_wconf 83' lang='grc'><em>’</em></span> <span class='ocrx_word' id='word_1_419' title='bbox 1191 4145 1329 4199; x_wconf 83' lang='grc' dir='ltr'>οὔτε</span> <span class='ocrx_word' id='word_1_420' title='bbox 1353 4143 1439 4215; x_wconf 82' lang='grc' dir='ltr'>μὴ</span> <span class='ocrx_word' id='word_1_421' title='bbox 1470 4144 1765 4212; x_wconf 52' lang='lat' dir='ltr'><strong>adiunctis,</strong></span> <span class='ocrx_word' id='word_1_422' title='bbox 1799 4143 1939 4197; x_wconf 82' lang='grc' dir='ltr'>οὔτε</span> <span class='ocrx_word' id='word_1_423' title='bbox 1961 4141 2048 4212; x_wconf 69' lang='grc' dir='ltr'>μὴ</span> 
     </span>
    </p>
   </div>
   <div class='ocr_carea' id='block_1_59' title="bbox 464 4234 2049 4308">
    <p class='ocr_par' dir='ltr' id='par_1_59' title="bbox 464 4234 2049 4308">
     <span class='ocr_line' id='line_1_59' title="bbox 464 4234 2049 4308; baseline -0.006 -13"><span class='ocrx_word' id='word_1_424' title='bbox 464 4241 804 4308; x_wconf 75' lang='grc' dir='ltr'>κλαύσητεο</span> <span class='ocrx_word' id='word_1_425' title='bbox 861 4239 958 4292; x_wconf 76' lang='grc' dir='ltr'>καὶ</span> <span class='ocrx_word' id='word_1_426' title='bbox 1002 4236 1415 4304; x_wconf 79' lang='grc' dir='ltr'>ἐντακήσεσθε</span> <span class='ocrx_word' id='word_1_427' title='bbox 1458 4235 1528 4290; x_wconf 79' lang='grc' dir='ltr'>ἐν</span> <span class='ocrx_word' id='word_1_428' title='bbox 1557 4234 1687 4301; x_wconf 82' lang='grc' dir='ltr'>ταῖς</span> <span class='ocrx_word' id='word_1_429' title='bbox 1713 4234 1984 4302; x_wconf 83' lang='grc' dir='ltr'>καρδίαις</span> <span class='ocrx_word' id='word_1_430' title='bbox 2004 4234 2049 4266; x_wconf 74' lang='grc'>⁸⁸</span> 
     </span>
    </p>
   </div>
   <div class='ocr_carea' id='block_1_60' title="bbox 464 4320 2054 4400">
    <p class='ocr_par' dir='ltr' id='par_1_60' title="bbox 464 4320 2054 4400">
     <span class='ocr_line' id='line_1_60' title="bbox 464 4320 2054 4400; baseline -0.006 -16"><span class='ocrx_word' id='word_1_431' title='bbox 464 4328 661 4400; x_wconf 80' lang='grc' dir='ltr'>ὑμῶν,</span> <span class='ocrx_word' id='word_1_432' title='bbox 702 4328 799 4382; x_wconf 79' lang='grc' dir='ltr'>καὶ</span> <span class='ocrx_word' id='word_1_433' title='bbox 834 4328 881 4360; x_wconf 80' lang='grc'>⁸³</span> <span class='ocrx_word' id='word_1_434' title='bbox 904 4329 975 4382; x_wconf 83' lang='grc' dir='ltr'>οὐ</span> <span class='ocrx_word' id='word_1_435' title='bbox 1003 4323 1453 4395; x_wconf 82' lang='grc' dir='ltr'>παρακαλέσετε</span> <span class='ocrx_word' id='word_1_436' title='bbox 1472 4322 1729 4387; x_wconf 76' lang='grc' dir='ltr'>ἕκαστος</span> <span class='ocrx_word' id='word_1_437' title='bbox 1753 4320 1862 4374; x_wconf 83' lang='grc' dir='ltr'>τὸν</span> <span class='ocrx_word' id='word_1_438' title='bbox 1886 4320 2054 4374; x_wconf 85' lang='grc' dir='ltr'>ἀδελ-</span> 
     </span>
    </p>
   </div>
   <div class='ocr_carea' id='block_1_61' title="bbox 465 4411 2048 4490">
    <p class='ocr_par' dir='ltr' id='par_1_61' title="bbox 465 4411 2048 4490">
     <span class='ocr_line' id='line_1_61' title="bbox 465 4411 2048 4490; baseline -0.006 -16"><span class='ocrx_word' id='word_1_439' title='bbox 465 4420 586 4490; x_wconf 77' lang='grc' dir='ltr'>φὸν</span> <span class='ocrx_word' id='word_1_440' title='bbox 606 4418 814 4476; x_wconf 80' lang='grc' dir='ltr'>αὐτοῦ.</span> <span class='ocrx_word' id='word_1_441' title='bbox 854 4418 962 4474; x_wconf 78' lang='grc' dir='ltr'>Καὶ</span> <span class='ocrx_word' id='word_1_442' title='bbox 1008 4418 1182 4471; x_wconf 84' lang='grc' dir='ltr'>ἔσται</span> <span class='ocrx_word' id='word_1_443' title='bbox 1214 4416 1360 4486; x_wconf 78' lang='grc' dir='ltr'>ὑμῖν</span> <span class='ocrx_word' id='word_1_444' title='bbox 1403 4412 1676 4482; x_wconf 78' lang='grc' dir='ltr'>Ἰεζεκιὴλ</span> <span class='ocrx_word' id='word_1_445' title='bbox 1721 4415 1807 4479; x_wconf 75' lang='grc' dir='ltr'>εἰς</span> <span class='ocrx_word' id='word_1_446' title='bbox 1836 4411 2009 4481; x_wconf 87' lang='grc' dir='ltr'>τέρας</span> <span class='ocrx_word' id='word_1_447' title='bbox 2035 4429 2048 4443; x_wconf 76' lang='grc' dir='ltr'><strong><em>ο</em></strong></span> 
     </span>
    </p>
   </div>
   <div class='ocr_carea' id='block_1_62' title="bbox 464 4504 2050 4581">
    <p class='ocr_par' dir='ltr' id='par_1_62' title="bbox 464 4504 2050 4581">
     <span class='ocr_line' id='line_1_62' title="bbox 464 4504 2050 4581; baseline -0.006 -13"><span class='ocrx_word' id='word_1_448' title='bbox 464 4513 617 4568; x_wconf 77' lang='grc' dir='ltr'>κατὰ</span> <span class='ocrx_word' id='word_1_449' title='bbox 649 4512 864 4575; x_wconf 76' lang='grc' dir='ltr'>πάντα,</span> <span class='ocrx_word' id='word_1_450' title='bbox 898 4512 1015 4581; x_wconf 84' lang='grc' dir='ltr'>ὅσα</span> <span class='ocrx_word' id='word_1_451' title='bbox 1063 4511 1336 4577; x_wconf 81' lang='grc' dir='ltr'>ἐποίησε,</span> <span class='ocrx_word' id='word_1_452' title='bbox 1384 4509 1689 4576; x_wconf 82' lang='grc' dir='ltr'>ποίησετε,</span> <span class='ocrx_word' id='word_1_453' title='bbox 1727 4505 1873 4559; x_wconf 79' lang='grc' dir='ltr'>ὅταν</span> <span class='ocrx_word' id='word_1_454' title='bbox 1900 4504 2050 4575; x_wconf 80' lang='grc' dir='ltr'>ἔλθῃ</span> 
     </span>
    </p>
   </div>
   <div class='ocr_carea' id='block_1_63' title="bbox 2141 1949 3717 2025">
    <p class='ocr_par' dir='ltr' id='par_1_63' title="bbox 2141 1949 3717 2025">
     <span class='ocr_line' id='line_1_63' title="bbox 2141 1949 3717 2025; baseline -0.006 -13"><span class='ocrx_word' id='word_1_455' title='bbox 2141 1965 2199 2012; x_wconf 82' lang='grc' dir='ltr'>ιιι</span> <span class='ocrx_word' id='word_1_456' title='bbox 2228 1957 2392 2012; x_wconf 88' lang='lat' dir='ltr'><strong>tacite</strong></span> <span class='ocrx_word' id='word_1_457' title='bbox 2423 1960 2634 2025; x_wconf 77' lang='lat' dir='ltr'><strong><em>gemat:</em></strong></span> <span class='ocrx_word' id='word_1_458' title='bbox 2664 1950 2982 2013; x_wconf 87' lang='lat' dir='ltr'><strong>ostendens,</strong></span> <span class='ocrx_word' id='word_1_459' title='bbox 3013 1949 3131 2004; x_wconf 84' lang='lat' dir='ltr'><strong>fore</strong></span> <span class='ocrx_word' id='word_1_460' title='bbox 3167 1956 3226 2004; x_wconf 92' lang='lat' dir='ltr'>ut</span> <span class='ocrx_word' id='word_1_461' title='bbox 3270 1950 3384 2018; x_wconf 88' lang='lat' dir='ltr'><strong>ipse</strong></span> <span class='ocrx_word' id='word_1_462' title='bbox 3427 1949 3574 2003; x_wconf 85' lang='lat' dir='ltr'><strong>nulla</strong></span> <span class='ocrx_word' id='word_1_463' title='bbox 3600 1949 3717 2003; x_wconf 90' lang='lat' dir='ltr'><strong>cle-</strong></span> 
     </span>
    </p>
   </div>
   <div class='ocr_carea' id='block_1_64' title="bbox 2137 2040 3719 2115">
    <p class='ocr_par' dir='ltr' id='par_1_64' title="bbox 2137 2040 3719 2115">
     <span class='ocr_line' id='line_1_64' title="bbox 2137 2040 3719 2115; baseline -0.006 -12"><span class='ocrx_word' id='word_1_464' title='bbox 2137 2048 2342 2103; x_wconf 86' lang='lat' dir='ltr'><strong>mentia</strong></span> <span class='ocrx_word' id='word_1_465' title='bbox 2370 2061 2485 2111; x_wconf 89' lang='lat' dir='ltr'><strong>eos,</strong></span> <span class='ocrx_word' id='word_1_466' title='bbox 2519 2044 2613 2115; x_wconf 94' lang='lat' dir='ltr'>qui</span> <span class='ocrx_word' id='word_1_467' title='bbox 2645 2042 2750 2098; x_wconf 88' lang='lat' dir='ltr'><strong>sibi</strong></span> <span class='ocrx_word' id='word_1_468' title='bbox 2783 2041 3064 2112; x_wconf 88' lang='lat' dir='ltr'>conjuncti</span> <span class='ocrx_word' id='word_1_469' title='bbox 3123 2048 3303 2107; x_wconf 89' lang='lat' dir='ltr'><strong>erant,</strong></span> <span class='ocrx_word' id='word_1_470' title='bbox 3342 2040 3542 2106; x_wconf 75' lang='lat' dir='ltr'><strong>dignos</strong></span> <span class='ocrx_word' id='word_1_471' title='bbox 3588 2056 3719 2097; x_wconf 68' lang='lat' dir='ltr'><strong>ceu»</strong></span> 
     </span>
    </p>
   </div>
   <div class='ocr_carea' id='block_1_65' title="bbox 2140 2132 3717 2209">
    <p class='ocr_par' dir='ltr' id='par_1_65' title="bbox 2140 2132 3717 2209">
     <span class='ocr_line' id='line_1_65' title="bbox 2140 2132 3717 2209; baseline -0.004 -13"><span class='ocrx_word' id='word_1_472' title='bbox 2140 2148 2278 2206; x_wconf 85' lang='lat' dir='ltr'><strong><em>seat,</em></strong></span> <span class='ocrx_word' id='word_1_473' title='bbox 2307 2147 2506 2209; x_wconf 70' lang='lat' dir='ltr'><strong>prmter</strong></span> <span class='ocrx_word' id='word_1_474' title='bbox 2534 2137 2875 2192; x_wconf 80' lang='lat' dir='ltr'><strong><em>voluntatem</em></strong></span> <span class='ocrx_word' id='word_1_475' title='bbox 2914 2143 3096 2190; x_wconf 88' lang='lat' dir='ltr'><strong>tamen</strong></span> <span class='ocrx_word' id='word_1_476' title='bbox 3146 2134 3282 2205; x_wconf 83' lang='lat' dir='ltr'><strong>ipsis</strong></span> <span class='ocrx_word' id='word_1_477' title='bbox 3332 2132 3539 2206; x_wconf 81' lang='lat' dir='ltr'><strong>inﬂigat</strong></span> <span class='ocrx_word' id='word_1_478' title='bbox 3584 2150 3717 2205; x_wconf 87' lang='lat' dir='ltr'><strong>sup-</strong></span> 
     </span>
    </p>
   </div>
   <div class='ocr_carea' id='block_1_66' title="bbox 2139 2225 3721 2301">
    <p class='ocr_par' dir='ltr' id='par_1_66' title="bbox 2139 2225 3721 2301">
     <span class='ocr_line' id='line_1_66' title="bbox 2139 2225 3721 2301; baseline -0.001 -17"><span class='ocrx_word' id='word_1_479' title='bbox 2139 2230 2405 2301; x_wconf 87' lang='lat' dir='ltr'><strong>plicium:</strong></span> <span class='ocrx_word' id='word_1_480' title='bbox 2441 2247 2460 2280; x_wconf 77' lang='grc'><strong>(</strong></span> <span class='ocrx_word' id='word_1_481' title='bbox 2496 2225 2614 2282; x_wconf 83' lang='lat' dir='ltr'>Non</span> <span class='ocrx_word' id='word_1_482' title='bbox 2646 2227 2791 2282; x_wconf 88' lang='lat' dir='ltr'><strong>enim</strong></span> <span class='ocrx_word' id='word_1_483' title='bbox 2828 2227 2947 2281; x_wconf 85' lang='lat' dir='ltr'><strong>vult</strong></span> <span class='ocrx_word' id='word_1_484' title='bbox 2994 2233 3221 2281; x_wconf 89' lang='lat' dir='ltr'><strong><em>mortem</em></strong></span> <span class='ocrx_word' id='word_1_485' title='bbox 3268 2227 3600 2296; x_wconf 87' lang='lat' dir='ltr'><strong>peccatoris,</strong></span> <span class='ocrx_word' id='word_1_486' title='bbox 3638 2228 3721 2282; x_wconf 89' lang='lat' dir='ltr'>sic</span> 
     </span>
    </p>
   </div>
   <div class='ocr_carea' id='block_1_67' title="bbox 2140 2316 3719 2390">
    <p class='ocr_par' dir='ltr' id='par_1_67' title="bbox 2140 2316 3719 2390">
     <span class='ocr_line' id='line_1_67' title="bbox 2140 2316 3719 2390; baseline -0.002 -14"><span class='ocrx_word' id='word_1_487' title='bbox 2140 2329 2201 2376; x_wconf 89' lang='lat' dir='ltr'><strong><em>ut</em></strong></span> <span class='ocrx_word' id='word_1_488' title='bbox 2231 2321 2410 2390; x_wconf 90' lang='lat' dir='ltr'><strong>ipsum</strong></span> <span class='ocrx_word' id='word_1_489' title='bbox 2443 2319 2687 2376; x_wconf 81' lang='lat' dir='ltr'><strong>converti</strong></span> <span class='ocrx_word' id='word_1_490' title='bbox 2716 2328 2771 2375; x_wconf 87' lang='lat' dir='ltr'><strong><em>et</em></strong></span> <span class='ocrx_word' id='word_1_491' title='bbox 2790 2319 2975 2375; x_wconf 81' lang='lat' dir='ltr'><strong>vivere</strong></span> <span class='ocrx_word' id='word_1_492' title='bbox 2999 2318 3050 2374; x_wconf 75' lang='grc' dir='ltr'>ιι.</span> <span class='ocrx_word' id='word_1_493' title='bbox 3094 2336 3113 2369; x_wconf 77' lang='grc' dir='ltr'>ι</span> <span class='ocrx_word' id='word_1_494' title='bbox 3147 2316 3265 2384; x_wconf 85' lang='lat' dir='ltr'>Qua</span> <span class='ocrx_word' id='word_1_495' title='bbox 3301 2319 3369 2373; x_wconf 91' lang='lat' dir='ltr'>de</span> <span class='ocrx_word' id='word_1_496' title='bbox 3396 2332 3562 2374; x_wconf 83' lang='lat' dir='ltr'><strong>causa</strong></span> <span class='ocrx_word' id='word_1_497' title='bbox 3588 2334 3719 2388; x_wconf 86' lang='lat' dir='ltr'><strong>pro-</strong></span> 
     </span>
    </p>
   </div>
   <div class='ocr_carea' id='block_1_68' title="bbox 2140 2407 3719 2479">
    <p class='ocr_par' dir='ltr' id='par_1_68' title="bbox 2140 2407 3719 2479">
     <span class='ocr_line' id='line_1_68' title="bbox 2140 2407 3719 2479; baseline 0.001 -18"><span class='ocrx_word' id='word_1_498' title='bbox 2140 2409 2319 2479; x_wconf 68' lang='lat' dir='ltr'><strong>pheta:</strong></span> <span class='ocrx_word' id='word_1_499' title='bbox 2358 2423 2596 2479; x_wconf 87' lang='lat' dir='ltr'><strong>quoque,</strong></span> <span class='ocrx_word' id='word_1_500' title='bbox 2631 2417 2690 2463; x_wconf 92' lang='lat' dir='ltr'><strong>ut</strong></span> <span class='ocrx_word' id='word_1_501' title='bbox 2718 2407 2881 2463; x_wconf 89' lang='lat' dir='ltr'><strong>tacite</strong></span> <span class='ocrx_word' id='word_1_502' title='bbox 2919 2414 3099 2478; x_wconf 76' lang='lat' dir='ltr'><strong><em>gemat</em></strong></span> <span class='ocrx_word' id='word_1_503' title='bbox 3147 2407 3412 2478; x_wconf 82' lang='lat' dir='ltr'><strong>praecipit,</strong></span> <span class='ocrx_word' id='word_1_504' title='bbox 3447 2407 3553 2462; x_wconf 89' lang='lat' dir='ltr'>hoc</span> <span class='ocrx_word' id='word_1_505' title='bbox 3602 2409 3719 2477; x_wconf 87' lang='lat' dir='ltr'><strong>ipso</strong></span> 
     </span>
    </p>
   </div>
   <div class='ocr_carea' id='block_1_69' title="bbox 2142 2499 3718 2571">
    <p class='ocr_par' dir='ltr' id='par_1_69' title="bbox 2142 2499 3718 2571">
     <span class='ocr_line' id='line_1_69' title="bbox 2142 2499 3718 2571; baseline -0.001 -14"><span class='ocrx_word' id='word_1_506' title='bbox 2142 2500 2485 2571; x_wconf 79' lang='lat' dir='ltr'><strong>signiﬁcans,</strong></span> <span class='ocrx_word' id='word_1_507' title='bbox 2517 2500 2684 2555; x_wconf 91' lang='lat' dir='ltr'><strong><em>etiam</em></strong></span> <span class='ocrx_word' id='word_1_508' title='bbox 2717 2515 2777 2557; x_wconf 89' lang='lat' dir='ltr'>se</span> <span class='ocrx_word' id='word_1_509' title='bbox 2803 2508 3006 2571; x_wconf 81' lang='lat' dir='ltr'><strong>praeter</strong></span> <span class='ocrx_word' id='word_1_510' title='bbox 3048 2499 3387 2555; x_wconf 85' lang='lat' dir='ltr'><strong><em>voluntatem</em></strong></span> <span class='ocrx_word' id='word_1_511' title='bbox 3443 2501 3718 2556; x_wconf 84' lang='lat' dir='ltr'><strong>sustinere</strong></span> 
     </span>
    </p>
   </div>
   <div class='ocr_carea' id='block_1_70' title="bbox 2142 2591 3720 2661">
    <p class='ocr_par' dir='ltr' id='par_1_70' title="bbox 2142 2591 3720 2661">
     <span class='ocr_line' id='line_1_70' title="bbox 2142 2591 3720 2661; baseline 0.001 -16"><span class='ocrx_word' id='word_1_512' title='bbox 2142 2592 2325 2647; x_wconf 88' lang='lat' dir='ltr'><strong><em>illatas</em></strong></span> <span class='ocrx_word' id='word_1_513' title='bbox 2355 2591 2559 2661; x_wconf 89' lang='lat' dir='ltr'><strong>populo</strong></span> <span class='ocrx_word' id='word_1_514' title='bbox 2591 2592 2958 2657; x_wconf 87' lang='lat' dir='ltr'><strong><em>calamitates,</em></strong></span> <span class='ocrx_word' id='word_1_515' title='bbox 2990 2606 3115 2645; x_wconf 90' lang='lat' dir='ltr'><strong>cum</strong></span> <span class='ocrx_word' id='word_1_516' title='bbox 3154 2600 3210 2646; x_wconf 87' lang='lat' dir='ltr'>et</span> <span class='ocrx_word' id='word_1_517' title='bbox 3250 2591 3423 2646; x_wconf 89' lang='lat' dir='ltr'><strong><em>multa</em></strong></span> <span class='ocrx_word' id='word_1_518' title='bbox 3472 2592 3720 2647; x_wconf 86' lang='lat' dir='ltr'><strong>bonitate</strong></span> 
     </span>
    </p>
   </div>
   <div class='ocr_carea' id='block_1_71' title="bbox 2144 2682 3724 2753">
    <p class='ocr_par' dir='ltr' id='par_1_71' title="bbox 2144 2682 3724 2753">
     <span class='ocr_line' id='line_1_71' title="bbox 2144 2682 3724 2753; baseline 0 -17"><span class='ocrx_word' id='word_1_519' title='bbox 2144 2690 2384 2753; x_wconf 80' lang='lat' dir='ltr'><strong>praestet,</strong></span> <span class='ocrx_word' id='word_1_520' title='bbox 2439 2696 2547 2752; x_wconf 87' lang='lat' dir='ltr'><strong>qua</strong></span> <span class='ocrx_word' id='word_1_521' title='bbox 2597 2685 2663 2734; x_wconf 88' lang='lat' dir='ltr'>ad</span> <span class='ocrx_word' id='word_1_522' title='bbox 2712 2682 3063 2736; x_wconf 89' lang='lat' dir='ltr'><strong>clementiam</strong></span> <span class='ocrx_word' id='word_1_523' title='bbox 3117 2696 3425 2752; x_wconf 84' lang='lat' dir='ltr'><strong>propensus</strong></span> <span class='ocrx_word' id='word_1_524' title='bbox 3491 2691 3611 2748; x_wconf 88' lang='lat' dir='ltr'><strong>est,</strong></span> <span class='ocrx_word' id='word_1_525' title='bbox 3669 2692 3724 2736; x_wconf 90' lang='lat' dir='ltr'>et</span> 
     </span>
    </p>
   </div>
   <div class='ocr_carea' id='block_1_72' title="bbox 2143 2771 3720 2844">
    <p class='ocr_par' dir='ltr' id='par_1_72' title="bbox 2143 2771 3720 2844">
     <span class='ocr_line' id='line_1_72' title="bbox 2143 2771 3720 2844; baseline 0.002 -19"><span class='ocrx_word' id='word_1_526' title='bbox 2143 2775 2338 2844; x_wconf 87' lang='lat' dir='ltr'><strong>punire</strong></span> <span class='ocrx_word' id='word_1_527' title='bbox 2393 2781 2620 2844; x_wconf 86' lang='lat' dir='ltr'><strong>propter</strong></span> <span class='ocrx_word' id='word_1_528' title='bbox 2677 2771 3051 2842; x_wconf 88' lang='lat' dir='ltr'><strong>improbitatis</strong></span> <span class='ocrx_word' id='word_1_529' title='bbox 3108 2772 3561 2843; x_wconf 82' lang='lat' dir='ltr'><strong>exsuperantiam</strong></span> <span class='ocrx_word' id='word_1_530' title='bbox 3620 2787 3720 2828; x_wconf 88' lang='lat' dir='ltr'>co-</span> 
     </span>
    </p>
   </div>
   <div class='ocr_carea' id='block_1_73' title="bbox 2147 2873 2627 2940">
    <p class='ocr_par' dir='ltr' id='par_1_73' title="bbox 2147 2873 2627 2940">
     <span class='ocr_line' id='line_1_73' title="bbox 2147 2873 2627 2940; baseline -0.004 -22"><span class='ocrx_word' id='word_1_531' title='bbox 2147 2873 2327 2936; x_wconf 83' lang='lat' dir='ltr'><strong>gatur.</strong></span> <span class='ocrx_word' id='word_1_532' title='bbox 2618 2933 2627 2940; x_wconf 29' lang='grc' dir='ltr'>ν</span> 
     </span>
    </p>
   </div>
   <div class='ocr_carea' id='block_1_74' title="bbox 2217 2951 3722 3024">
    <p class='ocr_par' dir='ltr' id='par_1_74' title="bbox 2217 2951 3722 3024">
     <span class='ocr_line' id='line_1_74' title="bbox 2217 2951 3722 3024; baseline -0.001 -15"><span class='ocrx_word' id='word_1_533' title='bbox 2217 2953 2384 3009; x_wconf 73' lang='lat' dir='ltr'><strong>Vens.</strong></span> <span class='ocrx_word' id='word_1_534' title='bbox 2427 2953 2615 3009; x_wconf 68' lang='lat'>19-24.</span> <span class='ocrx_word' id='word_1_535' title='bbox 2664 2951 2732 3006; x_wconf 87' lang='lat' dir='ltr'><strong>Et</strong></span> <span class='ocrx_word' id='word_1_536' title='bbox 2785 2951 2946 3019; x_wconf 74' lang='lat' dir='ltr'><strong>dixit,</strong></span> <span class='ocrx_word' id='word_1_537' title='bbox 2996 2953 3196 3023; x_wconf 88' lang='lat' dir='ltr'><strong>inquit,</strong></span> <span class='ocrx_word' id='word_1_538' title='bbox 3253 2952 3323 3007; x_wconf 88' lang='lat' dir='ltr'>ad</span> <span class='ocrx_word' id='word_1_539' title='bbox 3370 2971 3451 3008; x_wconf 88' lang='lat' dir='ltr'><strong><em>me</em></strong></span> <span class='ocrx_word' id='word_1_540' title='bbox 3499 2952 3722 3024; x_wconf 85' lang='lat' dir='ltr'><strong>populus</strong></span> 
     </span>
    </p>
   </div>
   <div class='ocr_carea' id='block_1_75' title="bbox 2146 3045 3727 3117">
    <p class='ocr_par' dir='ltr' id='par_1_75' title="bbox 2146 3045 3727 3117">
     <span class='ocr_line' id='line_1_75' title="bbox 2146 3045 3727 3117; baseline 0.001 -16"><span class='ocrx_word' id='word_1_541' title='bbox 2146 3064 2333 3103; x_wconf 88' lang='lat' dir='ltr'><strong>meus:</strong></span> <span class='ocrx_word' id='word_1_542' title='bbox 2369 3045 2492 3101; x_wconf 86' lang='lat' dir='ltr'><strong>Non</strong></span> <span class='ocrx_word' id='word_1_543' title='bbox 2524 3047 2813 3100; x_wconf 85' lang='lat' dir='ltr'><strong>annuntias</strong></span> <span class='ocrx_word' id='word_1_544' title='bbox 2859 3046 3031 3110; x_wconf 86' lang='lat' dir='ltr'><strong>nobis,</strong></span> <span class='ocrx_word' id='word_1_545' title='bbox 3067 3061 3185 3116; x_wconf 68' lang='lat' dir='ltr'><strong><em>qua:</em></strong></span> <span class='ocrx_word' id='word_1_546' title='bbox 3226 3048 3331 3101; x_wconf 86' lang='lat' dir='ltr'><strong>sint</strong></span> <span class='ocrx_word' id='word_1_547' title='bbox 3386 3047 3497 3101; x_wconf 69' lang='lat' dir='ltr'>hac</span> <span class='ocrx_word' id='word_1_548' title='bbox 3527 3065 3644 3117; x_wconf 69' lang='lat' dir='ltr'><strong>quin</strong></span> <span class='ocrx_word' id='word_1_549' title='bbox 3671 3061 3727 3102; x_wconf 87' lang='lat' dir='ltr'>tu</span> 
     </span>
    </p>
   </div>
   <div class='ocr_carea' id='block_1_76' title="bbox 2147 3136 3727 3210">
    <p class='ocr_par' dir='ltr' id='par_1_76' title="bbox 2147 3136 3727 3210">
     <span class='ocr_line' id='line_1_76' title="bbox 2147 3136 3727 3210; baseline -0.001 -16"><span class='ocrx_word' id='word_1_550' title='bbox 2147 3141 2326 3210; x_wconf 81' lang='lat' dir='ltr'><strong>facis?</strong></span> <span class='ocrx_word' id='word_1_551' title='bbox 2352 3138 2417 3193; x_wconf 87' lang='lat' dir='ltr'>Et</span> <span class='ocrx_word' id='word_1_552' title='bbox 2456 3139 2570 3193; x_wconf 66' lang='lat' dir='ltr'><strong>dixi</strong></span> <span class='ocrx_word' id='word_1_553' title='bbox 2616 3139 2683 3192; x_wconf 87' lang='lat' dir='ltr'>ad</span> <span class='ocrx_word' id='word_1_554' title='bbox 2721 3154 2809 3192; x_wconf 83' lang='lat' dir='ltr'>eos</span> <span class='ocrx_word' id='word_1_555' title='bbox 2841 3153 2860 3192; x_wconf 90' lang='lat'><strong><em>:</em></strong></span> <span class='ocrx_word' id='word_1_556' title='bbox 2905 3136 3127 3193; x_wconf 85' lang='lat' dir='ltr'><strong>Verbum</strong></span> <span class='ocrx_word' id='word_1_557' title='bbox 3158 3137 3374 3192; x_wconf 85' lang='lat' dir='ltr'><strong>Domini</strong></span> <span class='ocrx_word' id='word_1_558' title='bbox 3406 3139 3605 3209; x_wconf 81' lang='lat' dir='ltr'><strong>factum</strong></span> <span class='ocrx_word' id='word_1_559' title='bbox 3649 3149 3727 3194; x_wconf 77' lang='lat' dir='ltr'>est</span> 
     </span>
    </p>
   </div>
   <div class='ocr_carea' id='block_1_77' title="bbox 2070 3229 3726 3318">
    <p class='ocr_par' dir='ltr' id='par_1_77' title="bbox 2070 3229 3726 3318">
     <span class='ocr_line' id='line_1_77' title="bbox 2070 3229 3726 3318; baseline 0 -32"><span class='ocrx_word' id='word_1_560' title='bbox 2070 3260 2112 3318; x_wconf 67' lang='grc' dir='ltr'>ο</span> <span class='ocrx_word' id='word_1_561' title='bbox 2148 3232 2219 3286; x_wconf 89' lang='lat' dir='ltr'>ad</span> <span class='ocrx_word' id='word_1_562' title='bbox 2269 3249 2368 3294; x_wconf 89' lang='lat' dir='ltr'><strong>me,</strong></span> <span class='ocrx_word' id='word_1_563' title='bbox 2419 3232 2642 3318; x_wconf 74' lang='lat' dir='ltr'><strong>dicens:</strong></span> <span class='ocrx_word' id='word_1_564' title='bbox 2678 3230 2773 3283; x_wconf 85' lang='lat' dir='ltr'><strong>Dic</strong></span> <span class='ocrx_word' id='word_1_565' title='bbox 2807 3230 2875 3283; x_wconf 90' lang='lat' dir='ltr'>ad</span> <span class='ocrx_word' id='word_1_566' title='bbox 2919 3231 3133 3285; x_wconf 88' lang='lat' dir='ltr'><strong><em>domum</em></strong></span> <span class='ocrx_word' id='word_1_567' title='bbox 3163 3229 3378 3286; x_wconf 83' lang='lat' dir='ltr'><strong>Israel:</strong></span> <span class='ocrx_word' id='word_1_568' title='bbox 3417 3231 3548 3286; x_wconf 76' lang='lat' dir='ltr'><strong>Hcec</strong></span> <span class='ocrx_word' id='word_1_569' title='bbox 3595 3233 3726 3286; x_wconf 88' lang='lat' dir='ltr'><strong>dicit</strong></span> 
     </span>
    </p>
   </div>
   <div class='ocr_carea' id='block_1_78' title="bbox 2150 3316 3729 3392">
    <p class='ocr_par' dir='ltr' id='par_1_78' title="bbox 2150 3316 3729 3392">
     <span class='ocr_line' id='line_1_78' title="bbox 2150 3316 3729 3392; baseline 0 -14"><span class='ocrx_word' id='word_1_570' title='bbox 2150 3323 2362 3379; x_wconf 71' lang='grc' dir='ltr'>Δάοηαὶ</span> <span class='ocrx_word' id='word_1_571' title='bbox 2399 3316 2688 3377; x_wconf 77' lang='lat' dir='ltr'><strong>Dominus:</strong></span> <span class='ocrx_word' id='word_1_572' title='bbox 2717 3322 2851 3376; x_wconf 87' lang='lat' dir='ltr'><strong><em>Ecce</em></strong></span> <span class='ocrx_word' id='word_1_573' title='bbox 2877 3339 2970 3392; x_wconf 86' lang='lat' dir='ltr'>ego</span> <span class='ocrx_word' id='word_1_574' title='bbox 3002 3324 3227 3392; x_wconf 80' lang='lat' dir='ltr'><strong>profano</strong></span> <span class='ocrx_word' id='word_1_575' title='bbox 3255 3334 3442 3378; x_wconf 87' lang='lat' dir='ltr'><strong>sancta</strong></span> <span class='ocrx_word' id='word_1_576' title='bbox 3467 3341 3600 3387; x_wconf 85' lang='lat' dir='ltr'><strong>mea,</strong></span> <span class='ocrx_word' id='word_1_577' title='bbox 3636 3342 3729 3378; x_wconf 85' lang='lat' dir='ltr'>su-</span> 
     </span>
    </p>
   </div>
   <div class='ocr_carea' id='block_1_79' title="bbox 2143 3415 3728 3487">
    <p class='ocr_par' dir='ltr' id='par_1_79' title="bbox 2143 3415 3728 3487">
     <span class='ocr_line' id='line_1_79' title="bbox 2143 3415 3728 3487; baseline 0.001 -17"><span class='ocrx_word' id='word_1_578' title='bbox 2143 3415 2380 3487; x_wconf 82' lang='lat' dir='ltr'><strong>perbiam</strong></span> <span class='ocrx_word' id='word_1_579' title='bbox 2427 3416 2631 3470; x_wconf 84' lang='lat' dir='ltr'><strong>roboris</strong></span> <span class='ocrx_word' id='word_1_580' title='bbox 2678 3416 2858 3481; x_wconf 84' lang='lat' dir='ltr'><strong>vestri,</strong></span> <span class='ocrx_word' id='word_1_581' title='bbox 2905 3416 3167 3471; x_wconf 85' lang='lat' dir='ltr'><strong>desideria</strong></span> <span class='ocrx_word' id='word_1_582' title='bbox 3209 3419 3479 3472; x_wconf 86' lang='lat' dir='ltr'><strong>oculorum</strong></span> <span class='ocrx_word' id='word_1_583' title='bbox 3527 3432 3728 3473; x_wconf 81' lang='lat' dir='ltr'><strong>vestro-</strong></span> 
     </span>
    </p>
   </div>
   <div class='ocr_carea' id='block_1_80' title="bbox 2146 3512 3727 3583">
    <p class='ocr_par' dir='ltr' id='par_1_80' title="bbox 2146 3512 3727 3583">
     <span class='ocr_line' id='line_1_80' title="bbox 2146 3512 3727 3583; baseline -0.001 -18"><span class='ocrx_word' id='word_1_584' title='bbox 2146 3529 2286 3576; x_wconf 87' lang='lat' dir='ltr'><strong>rum,</strong></span> <span class='ocrx_word' id='word_1_585' title='bbox 2322 3522 2371 3567; x_wconf 84' lang='lat' dir='ltr'>et</span> <span class='ocrx_word' id='word_1_586' title='bbox 2398 3529 2492 3581; x_wconf 84' lang='lat' dir='ltr'>pro</span> <span class='ocrx_word' id='word_1_587' title='bbox 2522 3512 2712 3583; x_wconf 84' lang='lat' dir='ltr'><strong>quibus</strong></span> <span class='ocrx_word' id='word_1_588' title='bbox 2758 3520 2984 3582; x_wconf 85' lang='lat' dir='ltr'><strong>parcunt</strong></span> <span class='ocrx_word' id='word_1_589' title='bbox 3032 3513 3227 3565; x_wconf 78' lang='lat' dir='ltr'><strong><em>animo:</em></strong></span> <span class='ocrx_word' id='word_1_590' title='bbox 3258 3520 3443 3566; x_wconf 74' lang='lat' dir='ltr'><strong>vestra:</strong></span> <span class='ocrx_word' id='word_1_591' title='bbox 3471 3525 3490 3564; x_wconf 90' lang='lat'><strong><em>:</em></strong></span> <span class='ocrx_word' id='word_1_592' title='bbox 3538 3520 3587 3565; x_wconf 85' lang='lat' dir='ltr'>et</span> <span class='ocrx_word' id='word_1_593' title='bbox 3624 3512 3727 3581; x_wconf 79' lang='lat' dir='ltr'><strong>lilii</strong></span> 
     </span>
    </p>
   </div>
   <div class='ocr_carea' id='block_1_81' title="bbox 2147 3603 3724 3675">
    <p class='ocr_par' dir='ltr' id='par_1_81' title="bbox 2147 3603 3724 3675">
     <span class='ocr_line' id='line_1_81' title="bbox 2147 3603 3724 3675; baseline -0.001 -15"><span class='ocrx_word' id='word_1_594' title='bbox 2147 3607 2333 3668; x_wconf 79' lang='lat' dir='ltr'><strong>uestri,</strong></span> <span class='ocrx_word' id='word_1_595' title='bbox 2363 3616 2412 3660; x_wconf 87' lang='lat' dir='ltr'>et</span> <span class='ocrx_word' id='word_1_596' title='bbox 2441 3606 2570 3673; x_wconf 71' lang='lat' dir='ltr'><strong>lilia:</strong></span> <span class='ocrx_word' id='word_1_597' title='bbox 2607 3616 2792 3659; x_wconf 68' lang='lat' dir='ltr'><strong>uestrae</strong></span> <span class='ocrx_word' id='word_1_598' title='bbox 2817 3621 2947 3675; x_wconf 87' lang='lat' dir='ltr'><strong>quas</strong></span> <span class='ocrx_word' id='word_1_599' title='bbox 2993 3604 3303 3675; x_wconf 81' lang='lat' dir='ltr'><strong>reliquistis,</strong></span> <span class='ocrx_word' id='word_1_600' title='bbox 3343 3603 3522 3674; x_wconf 87' lang='lat' dir='ltr'><strong><em>gladio</em></strong></span> <span class='ocrx_word' id='word_1_601' title='bbox 3560 3607 3724 3658; x_wconf 80' lang='lat' dir='ltr'><strong>conci-</strong></span> 
     </span>
    </p>
   </div>
   <div class='ocr_carea' id='block_1_82' title="bbox 2145 3696 3728 3770">
    <p class='ocr_par' dir='ltr' id='par_1_82' title="bbox 2145 3696 3728 3770">
     <span class='ocr_line' id='line_1_82' title="bbox 2145 3696 3728 3770; baseline -0.001 -17"><span class='ocrx_word' id='word_1_602' title='bbox 2145 3700 2289 3754; x_wconf 86' lang='lat' dir='ltr'><strong>dent.</strong></span> <span class='ocrx_word' id='word_1_603' title='bbox 2327 3700 2494 3770; x_wconf 75' lang='lat'>882</span> <span class='ocrx_word' id='word_1_604' title='bbox 2535 3697 2603 3752; x_wconf 87' lang='lat' dir='ltr'><strong>Et</strong></span> <span class='ocrx_word' id='word_1_605' title='bbox 2631 3697 2840 3767; x_wconf 81' lang='lat' dir='ltr'><strong>facietis</strong></span> <span class='ocrx_word' id='word_1_606' title='bbox 2887 3696 3326 3767; x_wconf 86' lang='lat' dir='ltr'><strong><em>quemadmodum</em></strong></span> <span class='ocrx_word' id='word_1_607' title='bbox 3371 3696 3491 3766; x_wconf 77' lang='lat' dir='ltr'><strong>feci,</strong></span> <span class='ocrx_word' id='word_1_608' title='bbox 3534 3697 3598 3750; x_wconf 86' lang='lat' dir='ltr'><strong><em>ab</em></strong></span> <span class='ocrx_word' id='word_1_609' title='bbox 3639 3712 3728 3751; x_wconf 79' lang='lat' dir='ltr'>ore</span> 
     </span>
    </p>
   </div>
   <div class='ocr_carea' id='block_1_83' title="bbox 2147 3789 3729 3864">
    <p class='ocr_par' dir='ltr' id='par_1_83' title="bbox 2147 3789 3729 3864">
     <span class='ocr_line' id='line_1_83' title="bbox 2147 3789 3729 3864; baseline -0.002 -18"><span class='ocrx_word' id='word_1_610' title='bbox 2147 3794 2378 3864; x_wconf 84' lang='lat' dir='ltr'><strong>ipsorum</strong></span> <span class='ocrx_word' id='word_1_611' title='bbox 2412 3807 2516 3845; x_wconf 86' lang='lat' dir='ltr'>non</span> <span class='ocrx_word' id='word_1_612' title='bbox 2548 3789 2971 3855; x_wconf 85' lang='lat' dir='ltr'><strong>consolabimini,</strong></span> <span class='ocrx_word' id='word_1_613' title='bbox 3013 3798 3065 3844; x_wconf 86' lang='lat' dir='ltr'>et</span> <span class='ocrx_word' id='word_1_614' title='bbox 3111 3805 3301 3856; x_wconf 83' lang='lat' dir='ltr'><strong>panem</strong></span> <span class='ocrx_word' id='word_1_615' title='bbox 3343 3791 3579 3844; x_wconf 81' lang='lat' dir='ltr'><strong>virorum</strong></span> <span class='ocrx_word' id='word_1_616' title='bbox 3624 3807 3729 3844; x_wconf 87' lang='lat' dir='ltr'>non</span> 
     </span>
    </p>
   </div>
   <div class='ocr_carea' id='block_1_84' title="bbox 2149 3882 3729 3950">
    <p class='ocr_par' dir='ltr' id='par_1_84' title="bbox 2149 3882 3729 3950">
     <span class='ocr_line' id='line_1_84' title="bbox 2149 3882 3729 3950; baseline -0.003 -11"><span class='ocrx_word' id='word_1_617' title='bbox 2149 3883 2450 3939; x_wconf 79' lang='lat' dir='ltr'><strong><em>comedetis.</em></strong></span> <span class='ocrx_word' id='word_1_618' title='bbox 2487 3882 2553 3936; x_wconf 84' lang='lat' dir='ltr'><strong>Et</strong></span> <span class='ocrx_word' id='word_1_619' title='bbox 2582 3898 2745 3937; x_wconf 62' lang='lat' dir='ltr'><strong><em>coma;</em></strong></span> <span class='ocrx_word' id='word_1_620' title='bbox 2790 3890 2976 3936; x_wconf 75' lang='lat' dir='ltr'><strong>vestra:</strong></span> <span class='ocrx_word' id='word_1_621' title='bbox 3015 3896 3172 3950; x_wconf 80' lang='lat' dir='ltr'><strong>super</strong></span> <span class='ocrx_word' id='word_1_622' title='bbox 3207 3890 3365 3949; x_wconf 83' lang='lat' dir='ltr'><strong>caput</strong></span> <span class='ocrx_word' id='word_1_623' title='bbox 3399 3892 3647 3945; x_wconf 81' lang='lat' dir='ltr'><strong>vestrum,</strong></span> <span class='ocrx_word' id='word_1_624' title='bbox 3680 3893 3729 3935; x_wconf 86' lang='lat' dir='ltr'>et</span> 
     </span>
    </p>
   </div>
   <div class='ocr_carea' id='block_1_85' title="bbox 2149 3972 3731 4043">
    <p class='ocr_par' dir='ltr' id='par_1_85' title="bbox 2149 3972 3731 4043">
     <span class='ocr_line' id='line_1_85' title="bbox 2149 3972 3731 4043; baseline -0.002 -13"><span class='ocrx_word' id='word_1_625' title='bbox 2149 3976 2505 4031; x_wconf 84' lang='lat' dir='ltr'><strong>calceamenta</strong></span> <span class='ocrx_word' id='word_1_626' title='bbox 2545 3982 2718 4029; x_wconf 81' lang='lat' dir='ltr'><strong>vestra</strong></span> <span class='ocrx_word' id='word_1_627' title='bbox 2763 3974 2819 4027; x_wconf 88' lang='lat' dir='ltr'>in</span> <span class='ocrx_word' id='word_1_628' title='bbox 2854 3972 3071 4041; x_wconf 76' lang='lat' dir='ltr'><strong>pedibus</strong></span> <span class='ocrx_word' id='word_1_629' title='bbox 3115 3973 3340 4027; x_wconf 84' lang='lat' dir='ltr'><strong>vestris:</strong></span> <span class='ocrx_word' id='word_1_630' title='bbox 3385 3989 3546 4043; x_wconf 87' lang='lat' dir='ltr'><strong>neque</strong></span> <span class='ocrx_word' id='word_1_631' title='bbox 3575 3973 3731 4042; x_wconf 84' lang='lat' dir='ltr'><strong>plan-</strong></span> 
     </span>
    </p>
   </div>
   <div class='ocr_carea' id='block_1_86' title="bbox 2149 4062 3728 4138">
    <p class='ocr_par' dir='ltr' id='par_1_86' title="bbox 2149 4062 3728 4138">
     <span class='ocr_line' id='line_1_86' title="bbox 2149 4062 3728 4138; baseline -0.001 -19"><span class='ocrx_word' id='word_1_632' title='bbox 2149 4068 2301 4138; x_wconf 64' lang='lat' dir='ltr'><strong>getis,</strong></span> <span class='ocrx_word' id='word_1_633' title='bbox 2332 4080 2494 4134; x_wconf 87' lang='lat' dir='ltr'><strong>neque</strong></span> <span class='ocrx_word' id='word_1_634' title='bbox 2525 4064 2742 4133; x_wconf 83' lang='lat' dir='ltr'><strong>ﬂebitis,</strong></span> <span class='ocrx_word' id='word_1_635' title='bbox 2768 4073 2819 4118; x_wconf 87' lang='lat' dir='ltr'>et</span> <span class='ocrx_word' id='word_1_636' title='bbox 2851 4062 3124 4117; x_wconf 84' lang='lat' dir='ltr'><strong>tabescetis</strong></span> <span class='ocrx_word' id='word_1_637' title='bbox 3158 4064 3215 4117; x_wconf 87' lang='lat' dir='ltr'>in</span> <span class='ocrx_word' id='word_1_638' title='bbox 3244 4063 3489 4117; x_wconf 81' lang='lat' dir='ltr'><strong>cordibus</strong></span> <span class='ocrx_word' id='word_1_639' title='bbox 3519 4065 3728 4130; x_wconf 80' lang='lat' dir='ltr'><strong>vestris,</strong></span> 
     </span>
    </p>
   </div>
   <div class='ocr_carea' id='block_1_87' title="bbox 2149 4152 3726 4223">
    <p class='ocr_par' dir='ltr' id='par_1_87' title="bbox 2149 4152 3726 4223">
     <span class='ocr_line' id='line_1_87' title="bbox 2149 4152 3726 4223; baseline 0 -15"><span class='ocrx_word' id='word_1_640' title='bbox 2149 4164 2198 4208; x_wconf 80' lang='lat' dir='ltr'>et</span> <span class='ocrx_word' id='word_1_641' title='bbox 2246 4168 2350 4206; x_wconf 89' lang='lat' dir='ltr'>non</span> <span class='ocrx_word' id='word_1_642' title='bbox 2397 4152 2802 4223; x_wconf 87' lang='lat' dir='ltr'><strong>consolabimini</strong></span> <span class='ocrx_word' id='word_1_643' title='bbox 2854 4152 3210 4220; x_wconf 83' lang='lat' dir='ltr'><strong>unusquisque</strong></span> <span class='ocrx_word' id='word_1_644' title='bbox 3264 4153 3488 4222; x_wconf 71' lang='lat' dir='ltr'><strong>fratrem</strong></span> <span class='ocrx_word' id='word_1_645' title='bbox 3551 4170 3726 4208; x_wconf 85' lang='lat' dir='ltr'><strong><em>suum.</em></strong></span> 
     </span>
    </p>
   </div>
   <div class='ocr_carea' id='block_1_88' title="bbox 2151 4242 3730 4312">
    <p class='ocr_par' dir='ltr' id='par_1_88' title="bbox 2151 4242 3730 4312">
     <span class='ocr_line' id='line_1_88' title="bbox 2151 4242 3730 4312; baseline 0.003 -16"><span class='ocrx_word' id='word_1_646' title='bbox 2151 4243 2221 4297; x_wconf 88' lang='lat' dir='ltr'><strong>Et</strong></span> <span class='ocrx_word' id='word_1_647' title='bbox 2239 4245 2338 4298; x_wconf 85' lang='lat' dir='ltr'><strong>erit</strong></span> <span class='ocrx_word' id='word_1_648' title='bbox 2360 4242 2503 4297; x_wconf 79' lang='lat' dir='ltr'><strong>vobis</strong></span> <span class='ocrx_word' id='word_1_649' title='bbox 2530 4242 2773 4296; x_wconf 78' lang='lat' dir='ltr'>Ezechiel</span> <span class='ocrx_word' id='word_1_650' title='bbox 2803 4243 2856 4295; x_wconf 85' lang='lat' dir='ltr'>in</span> <span class='ocrx_word' id='word_1_651' title='bbox 2879 4251 3212 4312; x_wconf 79' lang='lat' dir='ltr'><strong>portentum;</strong></span> <span class='ocrx_word' id='word_1_652' title='bbox 3235 4242 3521 4311; x_wconf 75' lang='lat' dir='ltr'><strong>secundum</strong></span> <span class='ocrx_word' id='word_1_653' title='bbox 3551 4248 3730 4300; x_wconf 85' lang='lat' dir='ltr'><strong><em>omnia</em></strong></span> 
     </span>
    </p>
   </div>
   <div class='ocr_carea' id='block_1_89' title="bbox 2152 4334 3732 4406">
    <p class='ocr_par' dir='ltr' id='par_1_89' title="bbox 2152 4334 3732 4406">
     <span class='ocr_line' id='line_1_89' title="bbox 2152 4334 3732 4406; baseline 0.001 -17"><span class='ocrx_word' id='word_1_654' title='bbox 2152 4351 2472 4406; x_wconf 67' lang='lat' dir='ltr'><strong>quacunque</strong></span> <span class='ocrx_word' id='word_1_655' title='bbox 2518 4334 2645 4404; x_wconf 57' lang='lat' dir='ltr'><strong>fecit</strong></span> <span class='ocrx_word' id='word_1_656' title='bbox 2685 4334 2915 4403; x_wconf 71' lang='lat' dir='ltr'><strong>facietis,</strong></span> <span class='ocrx_word' id='word_1_657' title='bbox 2944 4335 3155 4404; x_wconf 86' lang='lat' dir='ltr'><strong><em>quando</em></strong></span> <span class='ocrx_word' id='word_1_658' title='bbox 3187 4336 3413 4389; x_wconf 82' lang='lat' dir='ltr'><strong>renerint</strong></span> <span class='ocrx_word' id='word_1_659' title='bbox 3444 4336 3573 4399; x_wconf 73' lang='lat' dir='ltr'><strong>hac,</strong></span> <span class='ocrx_word' id='word_1_660' title='bbox 3609 4346 3732 4391; x_wconf 79' lang='lat' dir='ltr'><strong>tunc</strong></span> 
     </span>
    </p>
   </div>
   <div class='ocr_carea' id='block_1_90' title="bbox 2153 4424 3730 4498">
    <p class='ocr_par' dir='ltr' id='par_1_90' title="bbox 2153 4424 3730 4498">
     <span class='ocr_line' id='line_1_90' title="bbox 2153 4424 3730 4498; baseline 0.001 -17"><span class='ocrx_word' id='word_1_661' title='bbox 2153 4428 2474 4498; x_wconf 82' lang='lat' dir='ltr'><strong>cognoscetis</strong></span> <span class='ocrx_word' id='word_1_662' title='bbox 2502 4442 2582 4480; x_wconf 85' lang='lat' dir='ltr'><strong><em>me</em></strong></span> <span class='ocrx_word' id='word_1_663' title='bbox 2612 4442 2724 4480; x_wconf 81' lang='lat' dir='ltr'><strong>esse</strong></span> <span class='ocrx_word' id='word_1_664' title='bbox 2752 4424 3270 4481; x_wconf 81' lang='lat' dir='ltr'><strong>AdonaiDominum.</strong></span> <span class='ocrx_word' id='word_1_665' title='bbox 3307 4426 3413 4481; x_wconf 86' lang='lat' dir='ltr'><strong>Per</strong></span> <span class='ocrx_word' id='word_1_666' title='bbox 3441 4427 3590 4497; x_wconf 89' lang='lat' dir='ltr'><strong>ipsas</strong></span> <span class='ocrx_word' id='word_1_667' title='bbox 3618 4443 3730 4493; x_wconf 86' lang='lat' dir='ltr'><strong>res,</strong></span> 
     </span>
    </p>
   </div>
   <div class='ocr_carea' id='block_1_91' title="bbox 2153 4514 3734 4588">
    <p class='ocr_par' dir='ltr' id='par_1_91' title="bbox 2153 4514 3734 4588">
     <span class='ocr_line' id='line_1_91' title="bbox 2153 4514 3734 4588; baseline 0.002 -18"><span class='ocrx_word' id='word_1_668' title='bbox 2153 4515 2353 4585; x_wconf 87' lang='lat' dir='ltr'><strong>inquit,</strong></span> <span class='ocrx_word' id='word_1_669' title='bbox 2389 4514 2541 4569; x_wconf 85' lang='lat' dir='ltr'><strong>vobis</strong></span> <span class='ocrx_word' id='word_1_670' title='bbox 2572 4514 2913 4584; x_wconf 82' lang='lat' dir='ltr'><strong>prepbetiam</strong></span> <span class='ocrx_word' id='word_1_671' title='bbox 2942 4515 3181 4582; x_wconf 90' lang='lat' dir='ltr'><strong>ostendi,</strong></span> <span class='ocrx_word' id='word_1_672' title='bbox 3214 4527 3268 4571; x_wconf 90' lang='lat' dir='ltr'><strong><em>et</em></strong></span> <span class='ocrx_word' id='word_1_673' title='bbox 3302 4517 3355 4571; x_wconf 92' lang='lat' dir='ltr'>in</span> <span class='ocrx_word' id='word_1_674' title='bbox 3378 4516 3589 4587; x_wconf 86' lang='lat' dir='ltr'><strong>meipso</strong></span> <span class='ocrx_word' id='word_1_675' title='bbox 3613 4533 3734 4588; x_wconf 83' lang='lat' dir='ltr'><strong>quae</strong></span> 
     </span>
    </p>
   </div>
   <div class='ocr_carea' id='block_1_92' title="bbox 467 4598 2040 4682">
    <p class='ocr_par' dir='ltr' id='par_1_92' title="bbox 467 4598 2040 4674">
     <span class='ocr_line' id='line_1_92' title="bbox 467 4598 2040 4674; baseline -0.004 -15"><span class='ocrx_word' id='word_1_676' title='bbox 467 4605 673 4670; x_wconf 84' lang='grc' dir='ltr'>ταῦτα,</span> <span class='ocrx_word' id='word_1_677' title='bbox 706 4605 802 4658; x_wconf 81' lang='grc' dir='ltr'>καὶ</span> <span class='ocrx_word' id='word_1_678' title='bbox 834 4602 1260 4674; x_wconf 79' lang='grc' dir='ltr'>ἐπιγνώσεσθε,</span> <span class='ocrx_word' id='word_1_679' title='bbox 1279 4600 1368 4655; x_wconf 80' lang='grc' dir='ltr'>ὅτι</span> <span class='ocrx_word' id='word_1_680' title='bbox 1394 4598 1508 4669; x_wconf 71' lang='grc' dir='ltr'>ἐγὼ</span> <span class='ocrx_word' id='word_1_681' title='bbox 1549 4598 1788 4657; x_wconf 76' lang='grc' dir='ltr'>Ἀδωναῒ</span> <span class='ocrx_word' id='word_1_682' title='bbox 1812 4598 2040 4666; x_wconf 82' lang='grc' dir='ltr'>Κύριος.</span> 
     </span>
    </p>
   </div>
   <div class='ocr_carea' id='block_1_93' title="bbox 2142 4598 3731 4682">
    <p class='ocr_par' dir='ltr' id='par_1_93' title="bbox 2153 4606 3731 4682">
     <span class='ocr_line' id='line_1_93' title="bbox 2153 4606 3731 4682; baseline 0.002 -20"><span class='ocrx_word' id='word_1_683' title='bbox 2153 4614 2417 4662; x_wconf 77' lang='lat' dir='ltr'><strong>eventura</strong></span> <span class='ocrx_word' id='word_1_684' title='bbox 2476 4607 2587 4660; x_wconf 90' lang='lat' dir='ltr'><strong>sint</strong></span> <span class='ocrx_word' id='word_1_685' title='bbox 2650 4606 2808 4661; x_wconf 88' lang='lat' dir='ltr'><strong>vobis</strong></span> <span class='ocrx_word' id='word_1_686' title='bbox 2865 4608 3208 4682; x_wconf 74' lang='lat' dir='ltr'><strong>adumbravi.</strong></span> <span class='ocrx_word' id='word_1_687' title='bbox 3263 4606 3731 4674; x_wconf 86' lang='lat' dir='ltr'><strong><em>Quemadmodum</em></strong></span> 
     </span>
    </p>
   </div>
   <div class='ocr_carea' id='block_1_94' title="bbox 470 4690 2050 4767">
    <p class='ocr_par' dir='ltr' id='par_1_94' title="bbox 470 4690 2050 4767">
     <span class='ocr_line' id='line_1_94' title="bbox 470 4690 2050 4767; baseline -0.003 -18"><span class='ocrx_word' id='word_1_688' title='bbox 470 4696 568 4750; x_wconf 86' lang='grc' dir='ltr'>Διά</span> <span class='ocrx_word' id='word_1_689' title='bbox 586 4697 695 4750; x_wconf 82' lang='grc' dir='ltr'>τῶν</span> <span class='ocrx_word' id='word_1_690' title='bbox 734 4697 1076 4767; x_wconf 84' lang='grc' dir='ltr'>πραγμάτων</span> <span class='ocrx_word' id='word_1_691' title='bbox 1135 4695 1296 4765; x_wconf 82' lang='grc' dir='ltr'>ὑμῖν,</span> <span class='ocrx_word' id='word_1_692' title='bbox 1346 4694 1501 4767; x_wconf 74' lang='grc' dir='ltr'>φησὶ,</span> <span class='ocrx_word' id='word_1_693' title='bbox 1561 4692 1661 4763; x_wconf 82' lang='grc' dir='ltr'>τὴν</span> <span class='ocrx_word' id='word_1_694' title='bbox 1712 4690 2050 4762; x_wconf 82' lang='grc' dir='ltr'>προφητείαν</span> 
     </span>
    </p>
   </div>
   <div class='ocr_carea' id='block_1_95' title="bbox 469 4781 2054 4857">
    <p class='ocr_par' dir='ltr' id='par_1_95' title="bbox 469 4781 2054 4857">
     <span class='ocr_line' id='line_1_95' title="bbox 469 4781 2054 4857; baseline -0.004 -15"><span class='ocrx_word' id='word_1_695' title='bbox 469 4787 745 4853; x_wconf 77' lang='grc' dir='ltr'>ὑπέδειξα,</span> <span class='ocrx_word' id='word_1_696' title='bbox 779 4789 873 4840; x_wconf 78' lang='grc' dir='ltr'>καὶ</span> <span class='ocrx_word' id='word_1_697' title='bbox 911 4789 967 4839; x_wconf 86' lang='grc' dir='ltr'>ἐν</span> <span class='ocrx_word' id='word_1_698' title='bbox 994 4784 1218 4857; x_wconf 85' lang='grc' dir='ltr'>ἐμαυτῷ</span> <span class='ocrx_word' id='word_1_699' title='bbox 1246 4786 1314 4839; x_wconf 81' lang='grc' dir='ltr'>τὰ</span> <span class='ocrx_word' id='word_1_700' title='bbox 1338 4785 1573 4854; x_wconf 77' lang='grc' dir='ltr'>ἐσόμενα</span> <span class='ocrx_word' id='word_1_701' title='bbox 1602 4781 2054 4854; x_wconf 67' lang='grc' dir='ltr'>ὑμῖνέσκιαγράο</span> 
     </span>
    </p>
   </div>
   <div class='ocr_carea' id='block_1_96' title="bbox 465 4873 2051 4950">
    <p class='ocr_par' dir='ltr' id='par_1_96' title="bbox 465 4873 2051 4950">
     <span class='ocr_line' id='line_1_96' title="bbox 465 4873 2051 4950; baseline -0.003 -18"><span class='ocrx_word' id='word_1_702' title='bbox 465 4897 637 4949; x_wconf 80' lang='grc' dir='ltr'>φησα.</span> <span class='ocrx_word' id='word_1_703' title='bbox 662 4880 876 4950; x_wconf 82' lang='grc' dir='ltr'>Ὠσπερ</span> <span class='ocrx_word' id='word_1_704' title='bbox 902 4878 1010 4947; x_wconf 78' lang='grc' dir='ltr'>γὰρ</span> <span class='ocrx_word' id='word_1_705' title='bbox 1033 4876 1162 4947; x_wconf 84' lang='grc' dir='ltr'>ἐγὼ,</span> <span class='ocrx_word' id='word_1_706' title='bbox 1194 4878 1296 4948; x_wconf 81' lang='grc' dir='ltr'>τῆς</span> <span class='ocrx_word' id='word_1_707' title='bbox 1340 4875 1605 4948; x_wconf 79' lang='grc' dir='ltr'>ὁμόζυγος</span> <span class='ocrx_word' id='word_1_708' title='bbox 1634 4874 1933 4945; x_wconf 76' lang='grc' dir='ltr'>δεξαμένης</span> <span class='ocrx_word' id='word_1_709' title='bbox 1957 4873 2051 4928; x_wconf 82' lang='grc' dir='ltr'>τοῦ</span> 
     </span>
    </p>
   </div>
   <div class='ocr_carea' id='block_1_97' title="bbox 468 4964 2053 5043">
    <p class='ocr_par' dir='ltr' id='par_1_97' title="bbox 468 4964 2053 5043">
     <span class='ocr_line' id='line_1_97' title="bbox 468 4964 2053 5043; baseline -0.005 -18"><span class='ocrx_word' id='word_1_710' title='bbox 468 4972 587 5043; x_wconf 82' lang='grc' dir='ltr'>βίου</span> <span class='ocrx_word' id='word_1_711' title='bbox 615 4970 677 5024; x_wconf 75' lang='grc' dir='ltr'>τὸ</span> <span class='ocrx_word' id='word_1_712' title='bbox 700 4971 875 5033; x_wconf 78' lang='grc' dir='ltr'>τέλος,</span> <span class='ocrx_word' id='word_1_713' title='bbox 912 4969 1069 5022; x_wconf 81' lang='grc' dir='ltr'>οὐδὲν</span> <span class='ocrx_word' id='word_1_714' title='bbox 1116 4969 1352 5038; x_wconf 83' lang='grc' dir='ltr'>ἐποίησα</span> <span class='ocrx_word' id='word_1_715' title='bbox 1378 4967 1489 5020; x_wconf 82' lang='grc' dir='ltr'>τῶν</span> <span class='ocrx_word' id='word_1_716' title='bbox 1536 4964 1806 5019; x_wconf 76' lang='grc' dir='ltr'>εἰωθότων</span> <span class='ocrx_word' id='word_1_717' title='bbox 1845 4966 1937 5018; x_wconf 69' lang='grc' dir='ltr'>ἐπὶ</span> <span class='ocrx_word' id='word_1_718' title='bbox 1967 4982 2053 5017; x_wconf 91' lang='grc' dir='ltr'>νε-</span> 
     </span>
    </p>
   </div>
   <div class='ocr_carea' id='block_1_98' title="bbox 468 5044 2053 5135">
    <p class='ocr_par' dir='ltr' id='par_1_98' title="bbox 468 5044 2053 5135">
     <span class='ocr_line' id='line_1_98' title="bbox 468 5044 2053 5135; baseline -0.007 -18"><span class='ocrx_word' id='word_1_719' title='bbox 468 5066 624 5135; x_wconf 84' lang='grc' dir='ltr'>κροῖς</span> <span class='ocrx_word' id='word_1_720' title='bbox 650 5060 1039 5124; x_wconf 75' lang='grc' dir='ltr'>ἐπιτελεῖσθαι,</span> <span class='ocrx_word' id='word_1_721' title='bbox 1064 5061 1124 5113; x_wconf 82' lang='grc' dir='ltr'>οὐ</span> <span class='ocrx_word' id='word_1_722' title='bbox 1150 5044 1371 5130; x_wconf 82' lang='grc' dir='ltr'>θρῆνον,</span> <span class='ocrx_word' id='word_1_723' title='bbox 1402 5059 1462 5111; x_wconf 84' lang='grc' dir='ltr'>οὐ</span> <span class='ocrx_word' id='word_1_724' title='bbox 1493 5057 1747 5128; x_wconf 86' lang='grc' dir='ltr'>δάκρυον,</span> <span class='ocrx_word' id='word_1_725' title='bbox 1772 5056 1833 5108; x_wconf 86' lang='grc' dir='ltr'>ού</span> <span class='ocrx_word' id='word_1_726' title='bbox 1864 5054 2053 5108; x_wconf 85' lang='grc' dir='ltr'>πένθι-</span> 
     </span>
    </p>
   </div>
   <div class='ocr_carea' id='block_1_99' title="bbox 471 5143 2054 5227">
    <p class='ocr_par' dir='ltr' id='par_1_99' title="bbox 471 5143 2054 5227">
     <span class='ocr_line' id='line_1_99' title="bbox 471 5143 2054 5227; baseline -0.008 -19"><span class='ocrx_word' id='word_1_727' title='bbox 471 5171 574 5227; x_wconf 82' lang='grc' dir='ltr'>μον</span> <span class='ocrx_word' id='word_1_728' title='bbox 597 5154 802 5225; x_wconf 74' lang='grc' dir='ltr'>σχῆμα·</span> <span class='ocrx_word' id='word_1_729' title='bbox 835 5151 977 5206; x_wconf 75' lang='grc' dir='ltr'>οὕτω</span> <span class='ocrx_word' id='word_1_730' title='bbox 1006 5153 1101 5205; x_wconf 70' lang='grc' dir='ltr'>καὶ</span> <span class='ocrx_word' id='word_1_731' title='bbox 1126 5152 1305 5222; x_wconf 81' lang='grc' dir='ltr'>ὑμεῖς,</span> <span class='ocrx_word' id='word_1_732' title='bbox 1338 5148 1447 5202; x_wconf 85' lang='grc' dir='ltr'>τῶν</span> <span class='ocrx_word' id='word_1_733' title='bbox 1478 5147 1608 5200; x_wconf 82' lang='grc' dir='ltr'>υἱῶν</span> <span class='ocrx_word' id='word_1_734' title='bbox 1641 5147 1795 5216; x_wconf 83' lang='grc' dir='ltr'>ὑμῶν</span> <span class='ocrx_word' id='word_1_735' title='bbox 1828 5146 1920 5199; x_wconf 79' lang='grc' dir='ltr'>καὶ</span> <span class='ocrx_word' id='word_1_736' title='bbox 1948 5143 2054 5198; x_wconf 85' lang='grc' dir='ltr'>τῶν</span> 
     </span>
    </p>
   </div>
   <div class='ocr_carea' id='block_1_100' title="bbox 486 5235 2057 5316">
    <p class='ocr_par' dir='ltr' id='par_1_100' title="bbox 486 5235 2057 5316">
     <span class='ocr_line' id='line_1_100' title="bbox 486 5235 2057 5316; baseline -0.006 -16"><span class='ocrx_word' id='word_1_737' title='bbox 486 5246 791 5316; x_wconf 69' lang='grc' dir='ltr'>³υγατέρων</span> <span class='ocrx_word' id='word_1_738' title='bbox 833 5242 1249 5314; x_wconf 77' lang='grc' dir='ltr'>σφαττομένων,</span> <span class='ocrx_word' id='word_1_739' title='bbox 1292 5241 1389 5294; x_wconf 75' lang='grc' dir='ltr'>καὶ</span> <span class='ocrx_word' id='word_1_740' title='bbox 1446 5239 1540 5292; x_wconf 79' lang='grc' dir='ltr'>τοῦ</span> <span class='ocrx_word' id='word_1_741' title='bbox 1569 5238 1727 5306; x_wconf 81' lang='grc' dir='ltr'>ἁγίου</span> <span class='ocrx_word' id='word_1_742' title='bbox 1758 5237 1864 5290; x_wconf 87' lang='grc' dir='ltr'>νεὼ</span> <span class='ocrx_word' id='word_1_743' title='bbox 1894 5235 2057 5306; x_wconf 75' lang='grc' dir='ltr'>βεϐη-</span> 
     </span>
    </p>
   </div>
   <div class='ocr_carea' id='block_1_101' title="bbox 493 5319 2055 5425">
    <p class='ocr_par' dir='ltr' id='par_1_101' title="bbox 493 5319 2055 5425">
     <span class='ocr_line' id='line_1_101' title="bbox 493 5319 2055 5425; baseline -0.007 -33"><span class='ocrx_word' id='word_1_744' title='bbox 493 5339 740 5410; x_wconf 74' lang='grc' dir='ltr'>.ουμένου</span> <span class='ocrx_word' id='word_1_745' title='bbox 785 5339 852 5409; x_wconf 81' lang='grc' dir='ltr'>τῇ</span> <span class='ocrx_word' id='word_1_746' title='bbox 913 5336 1035 5425; x_wconf 58' lang='grc' dir='ltr'>τῶνι</span> <span class='ocrx_word' id='word_1_747' title='bbox 1052 5334 1283 5389; x_wconf 82' lang='grc' dir='ltr'>ἀνοσίων</span> <span class='ocrx_word' id='word_1_748' title='bbox 1333 5330 1623 5405; x_wconf 78' lang='grc' dir='ltr'>βαρϐάρων</span> <span class='ocrx_word' id='word_1_749' title='bbox 1651 5328 1863 5400; x_wconf 76' lang='grc' dir='ltr'>εἰσόδῳ,</span> <span class='ocrx_word' id='word_1_750' title='bbox 1904 5319 2055 5397; x_wconf 81' lang='grc' dir='ltr'>ἐφ’ᾧ</span> 
     </span>
    </p>
   </div>
   <div class='ocr_carea' id='block_1_102' title="bbox 545 5472 1154 5546">
    <p class='ocr_par' dir='ltr' id='par_1_102' title="bbox 545 5472 1154 5546">
     <span class='ocr_line' id='line_1_102' title="bbox 545 5472 1154 5546; baseline -0.008 -12"><span class='ocrx_word' id='word_1_751' title='bbox 545 5477 731 5546; x_wconf 67' lang='grc' dir='ltr'>ιϐιψ.</span> <span class='ocrx_word' id='word_1_752' title='bbox 771 5491 930 5540; x_wconf 78' lang='lat' dir='ltr'><strong>xvm,</strong></span> <span class='ocrx_word' id='word_1_753' title='bbox 965 5472 1154 5539; x_wconf 73' lang='lat'><strong>23,52.</strong></span> 
     </span>
    </p>
   </div>
   <div class='ocr_carea' id='block_1_103' title="bbox 2157 4699 3735 4773">
    <p class='ocr_par' dir='ltr' id='par_1_103' title="bbox 2157 4699 3735 4773">
     <span class='ocr_line' id='line_1_103' title="bbox 2157 4699 3735 4773; baseline 0.003 -19"><span class='ocrx_word' id='word_1_754' title='bbox 2157 4701 2303 4755; x_wconf 88' lang='lat' dir='ltr'><strong>enim</strong></span> <span class='ocrx_word' id='word_1_755' title='bbox 2341 4715 2440 4770; x_wconf 80' lang='lat' dir='ltr'>ego</span> <span class='ocrx_word' id='word_1_756' title='bbox 2469 4709 2686 4753; x_wconf 88' lang='lat' dir='ltr'><strong>mortua</strong></span> <span class='ocrx_word' id='word_1_757' title='bbox 2732 4699 2966 4771; x_wconf 80' lang='lat' dir='ltr'><strong>conjuge</strong></span> <span class='ocrx_word' id='word_1_758' title='bbox 3012 4700 3148 4755; x_wconf 87' lang='lat' dir='ltr'><strong>nihil</strong></span> <span class='ocrx_word' id='word_1_759' title='bbox 3202 4715 3393 4755; x_wconf 89' lang='lat' dir='ltr'><strong>eorum</strong></span> <span class='ocrx_word' id='word_1_760' title='bbox 3447 4700 3571 4766; x_wconf 78' lang='lat' dir='ltr'><strong>feci,</strong></span> <span class='ocrx_word' id='word_1_761' title='bbox 3611 4718 3735 4773; x_wconf 68' lang='lat' dir='ltr'><strong>quae</strong></span> 
     </span>
    </p>
   </div>
   <div class='ocr_carea' id='block_1_104' title="bbox 2157 4792 3736 4863">
    <p class='ocr_par' dir='ltr' id='par_1_104' title="bbox 2157 4792 3736 4863">
     <span class='ocr_line' id='line_1_104' title="bbox 2157 4792 3736 4863; baseline 0.002 -16"><span class='ocrx_word' id='word_1_762' title='bbox 2157 4809 2259 4863; x_wconf 89' lang='lat' dir='ltr'>pro</span> <span class='ocrx_word' id='word_1_763' title='bbox 2304 4797 2538 4847; x_wconf 89' lang='lat' dir='ltr'><strong>mortuis</strong></span> <span class='ocrx_word' id='word_1_764' title='bbox 2586 4792 2704 4847; x_wconf 83' lang='lat' dir='ltr'><strong>ﬁeri</strong></span> <span class='ocrx_word' id='word_1_765' title='bbox 2758 4800 3185 4858; x_wconf 85' lang='lat' dir='ltr'><strong>consueverunt,</strong></span> <span class='ocrx_word' id='word_1_766' title='bbox 3241 4809 3351 4849; x_wconf 92' lang='lat' dir='ltr'><strong>non</strong></span> <span class='ocrx_word' id='word_1_767' title='bbox 3402 4795 3736 4851; x_wconf 85' lang='lat' dir='ltr'><strong>lamentatus</strong></span> 
     </span>
    </p>
   </div>
   <div class='ocr_carea' id='block_1_105' title="bbox 2159 4881 3743 4956">
    <p class='ocr_par' dir='ltr' id='par_1_105' title="bbox 2159 4881 3743 4956">
     <span class='ocr_line' id='line_1_105' title="bbox 2159 4881 3743 4956; baseline 0.003 -19"><span class='ocrx_word' id='word_1_768' title='bbox 2159 4897 2304 4947; x_wconf 89' lang='lat' dir='ltr'><strong>sum,</strong></span> <span class='ocrx_word' id='word_1_769' title='bbox 2332 4896 2440 4936; x_wconf 92' lang='lat' dir='ltr'><strong>non</strong></span> <span class='ocrx_word' id='word_1_770' title='bbox 2473 4881 2713 4951; x_wconf 85' lang='lat' dir='ltr'><strong>ploravi,</strong></span> <span class='ocrx_word' id='word_1_771' title='bbox 2745 4897 2856 4937; x_wconf 91' lang='lat' dir='ltr'>non</span> <span class='ocrx_word' id='word_1_772' title='bbox 2906 4884 3188 4953; x_wconf 81' lang='lat' dir='ltr'><strong>lugubrem</strong></span> <span class='ocrx_word' id='word_1_773' title='bbox 3217 4892 3423 4941; x_wconf 86' lang='lat' dir='ltr'><strong>vestem</strong></span> <span class='ocrx_word' id='word_1_774' title='bbox 3473 4888 3684 4956; x_wconf 89' lang='lat' dir='ltr'><strong>sumpsi</strong></span> <span class='ocrx_word' id='word_1_775' title='bbox 3720 4907 3743 4942; x_wconf 16' lang='lat' dir='ltr'><strong>:i</strong></span> 
     </span>
    </p>
   </div>
   <div class='ocr_carea' id='block_1_106' title="bbox 2156 4972 3739 5045">
    <p class='ocr_par' dir='ltr' id='par_1_106' title="bbox 2156 4972 3739 5045">
     <span class='ocr_line' id='line_1_106' title="bbox 2156 4972 3739 5045; baseline 0.008 -20"><span class='ocrx_word' id='word_1_776' title='bbox 2156 4972 2232 5025; x_wconf 87' lang='lat' dir='ltr'>ita</span> <span class='ocrx_word' id='word_1_777' title='bbox 2264 4972 2426 5027; x_wconf 87' lang='lat' dir='ltr'><strong>etiam</strong></span> <span class='ocrx_word' id='word_1_778' title='bbox 2456 4987 2575 5039; x_wconf 93' lang='lat' dir='ltr'><strong>vos,</strong></span> <span class='ocrx_word' id='word_1_779' title='bbox 2609 4973 2737 5029; x_wconf 85' lang='lat' dir='ltr'><strong>tiliis</strong></span> <span class='ocrx_word' id='word_1_780' title='bbox 2785 4982 2840 5029; x_wconf 92' lang='lat' dir='ltr'>et</span> <span class='ocrx_word' id='word_1_781' title='bbox 2885 4975 3101 5030; x_wconf 83' lang='lat' dir='ltr'><strong>ﬁliabus</strong></span> <span class='ocrx_word' id='word_1_782' title='bbox 3143 4978 3346 5032; x_wconf 88' lang='lat' dir='ltr'><strong>vestris</strong></span> <span class='ocrx_word' id='word_1_783' title='bbox 3391 4978 3700 5037; x_wconf 82' lang='lat' dir='ltr'><strong>interfectis</strong></span> <span class='ocrx_word' id='word_1_784' title='bbox 3723 5020 3739 5045; x_wconf 96' lang='lat'>,</span> 
     </span>
    </p>
   </div>
   <div class='ocr_carea' id='block_1_107' title="bbox 2158 5064 3740 5140">
    <p class='ocr_par' dir='ltr' id='par_1_107' title="bbox 2158 5064 3740 5140">
     <span class='ocr_line' id='line_1_107' title="bbox 2158 5064 3740 5140; baseline 0.005 -23"><span class='ocrx_word' id='word_1_785' title='bbox 2158 5072 2460 5131; x_wconf 84' lang='lat' dir='ltr'><strong>sanctoque</strong></span> <span class='ocrx_word' id='word_1_786' title='bbox 2493 5064 2715 5133; x_wconf 87' lang='lat' dir='ltr'><strong>templo,</strong></span> <span class='ocrx_word' id='word_1_787' title='bbox 2750 5073 2971 5135; x_wconf 86' lang='lat' dir='ltr'><strong>propter</strong></span> <span class='ocrx_word' id='word_1_788' title='bbox 2990 5066 3137 5136; x_wconf 87' lang='lat' dir='ltr'><strong><em>quod</em></strong></span> <span class='ocrx_word' id='word_1_789' title='bbox 3167 5066 3237 5120; x_wconf 89' lang='lat' dir='ltr'>ad</span> <span class='ocrx_word' id='word_1_790' title='bbox 3265 5070 3373 5125; x_wconf 86' lang='lat' dir='ltr'><strong>hoc</strong></span> <span class='ocrx_word' id='word_1_791' title='bbox 3402 5085 3578 5140; x_wconf 89' lang='lat' dir='ltr'><strong>usque</strong></span> <span class='ocrx_word' id='word_1_792' title='bbox 3600 5078 3740 5126; x_wconf 83' lang='lat' dir='ltr'><strong>tem-</strong></span> 
     </span>
    </p>
   </div>
   <div class='ocr_carea' id='block_1_108' title="bbox 2158 5153 3739 5230">
    <p class='ocr_par' dir='ltr' id='par_1_108' title="bbox 2158 5153 3739 5230">
     <span class='ocr_line' id='line_1_108' title="bbox 2158 5153 3739 5230; baseline 0.004 -22"><span class='ocrx_word' id='word_1_793' title='bbox 2158 5169 2262 5223; x_wconf 89' lang='lat' dir='ltr'>pus</span> <span class='ocrx_word' id='word_1_794' title='bbox 2295 5153 2553 5222; x_wconf 83' lang='lat' dir='ltr'><strong>superbia</strong></span> <span class='ocrx_word' id='word_1_795' title='bbox 2584 5154 2712 5208; x_wconf 87' lang='lat' dir='ltr'><strong>elati</strong></span> <span class='ocrx_word' id='word_1_796' title='bbox 2738 5154 3148 5225; x_wconf 75' lang='lat' dir='ltr'><strong>gloriabamini,</strong></span> <span class='ocrx_word' id='word_1_797' title='bbox 3179 5173 3277 5228; x_wconf 87' lang='lat' dir='ltr'>per</span> <span class='ocrx_word' id='word_1_798' title='bbox 3312 5159 3514 5230; x_wconf 88' lang='lat' dir='ltr'><strong>impios</strong></span> <span class='ocrx_word' id='word_1_799' title='bbox 3542 5161 3739 5215; x_wconf 89' lang='lat' dir='ltr'><strong>barba-</strong></span> 
     </span>
    </p>
   </div>
   <div class='ocr_carea' id='block_1_109' title="bbox 2159 5243 3742 5321">
    <p class='ocr_par' dir='ltr' id='par_1_109' title="bbox 2159 5243 3742 5321">
     <span class='ocr_line' id='line_1_109' title="bbox 2159 5243 3742 5321; baseline 0.006 -25"><span class='ocrx_word' id='word_1_800' title='bbox 2159 5258 2272 5310; x_wconf 90' lang='lat' dir='ltr'><strong>ros,</strong></span> <span class='ocrx_word' id='word_1_801' title='bbox 2309 5244 2402 5313; x_wconf 93' lang='lat' dir='ltr'>qui</span> <span class='ocrx_word' id='word_1_802' title='bbox 2434 5243 2670 5313; x_wconf 79' lang='lat' dir='ltr'><strong>ingressi</strong></span> <span class='ocrx_word' id='word_1_803' title='bbox 2696 5254 2847 5310; x_wconf 88' lang='lat' dir='ltr'><strong>sunt,</strong></span> <span class='ocrx_word' id='word_1_804' title='bbox 2883 5247 3197 5316; x_wconf 81' lang='lat' dir='ltr'><strong>profanato,</strong></span> <span class='ocrx_word' id='word_1_805' title='bbox 3227 5257 3282 5304; x_wconf 88' lang='lat' dir='ltr'><strong><em>et</em></strong></span> <span class='ocrx_word' id='word_1_806' title='bbox 3305 5250 3531 5321; x_wconf 88' lang='lat' dir='ltr'><strong>insuper</strong></span> <span class='ocrx_word' id='word_1_807' title='bbox 3556 5251 3742 5306; x_wconf 83' lang='lat' dir='ltr'><strong>inlini-</strong></span> 
     </span>
    </p>
   </div>
   <div class='ocr_carea' id='block_1_110' title="bbox 2160 5333 3742 5413">
    <p class='ocr_par' dir='ltr' id='par_1_110' title="bbox 2160 5333 3742 5413">
     <span class='ocr_line' id='line_1_110' title="bbox 2160 5333 3742 5413; baseline 0.008 -26"><span class='ocrx_word' id='word_1_808' title='bbox 2160 5333 2234 5390; x_wconf 87' lang='lat' dir='ltr'>tis</span> <span class='ocrx_word' id='word_1_809' title='bbox 2269 5333 2392 5389; x_wconf 87' lang='lat' dir='ltr'><strong>aliis</strong></span> <span class='ocrx_word' id='word_1_810' title='bbox 2422 5335 2582 5390; x_wconf 88' lang='lat' dir='ltr'><strong>malis</strong></span> <span class='ocrx_word' id='word_1_811' title='bbox 2626 5335 2784 5391; x_wconf 87' lang='lat' dir='ltr'><strong>vobis</strong></span> <span class='ocrx_word' id='word_1_812' title='bbox 2829 5338 3133 5407; x_wconf 86' lang='lat' dir='ltr'><strong>immissis,</strong></span> <span class='ocrx_word' id='word_1_813' title='bbox 3180 5357 3361 5413; x_wconf 87' lang='lat' dir='ltr'><strong>neque</strong></span> <span class='ocrx_word' id='word_1_814' title='bbox 3405 5344 3742 5399; x_wconf 84' lang='lat' dir='ltr'><strong>lamentandi</strong></span> 
     </span>
    </p>
   </div>
   <div class='ocr_carea' id='block_1_111' title="bbox 1781 5535 2475 5594">
    <p class='ocr_par' dir='ltr' id='par_1_111' title="bbox 1781 5535 2475 5594">
     <span class='ocr_line' id='line_1_111' title="bbox 1781 5535 2475 5594; baseline 0.004 -4"><span class='ocrx_word' id='word_1_815' title='bbox 1781 5535 2020 5590; x_wconf 69' lang='lat' dir='ltr'>VARIAE</span> <span class='ocrx_word' id='word_1_816' title='bbox 2062 5536 2475 5594; x_wconf 87' lang='lat' dir='ltr'>LECTIONES.</span> 
     </span>
    </p>
   </div>
   <div class='ocr_carea' id='block_1_112' title="bbox 549 5652 1710 5730">
    <p class='ocr_par' dir='ltr' id='par_1_112' title="bbox 549 5652 1710 5730">
     <span class='ocr_line' id='line_1_112' title="bbox 549 5652 1710 5730; baseline 0.015 -39"><span class='ocrx_word' id='word_1_817' title='bbox 549 5662 593 5692; x_wconf 68' lang='grc' dir='ltr'>ιο</span> <span class='ocrx_word' id='word_1_818' title='bbox 609 5662 647 5714; x_wconf 65' lang='grc' dir='ltr'><strong>Α</strong></span> <span class='ocrx_word' id='word_1_819' title='bbox 672 5660 1026 5730; x_wconf 67' lang='grc' dir='ltr'>ἀπαγγελεῖς,</span> <span class='ocrx_word' id='word_1_820' title='bbox 1104 5659 1146 5691; x_wconf 69' lang='grc' dir='ltr'>ει</span> <span class='ocrx_word' id='word_1_821' title='bbox 1180 5657 1224 5711; x_wconf 82' lang='grc' dir='ltr'><strong>Β</strong></span> <span class='ocrx_word' id='word_1_822' title='bbox 1273 5652 1710 5730; x_wconf 77' lang='grc' dir='ltr'>ἐγκατελείπετε.</span> 
     </span>
    </p>
   </div>
   <div class='ocr_carea' id='block_1_113' title="bbox 473 5728 1544 5801">
    <p class='ocr_par' dir='ltr' id='par_1_113' title="bbox 473 5728 1544 5801">
     <span class='ocr_line' id='line_1_113' title="bbox 473 5728 1544 5801; baseline -0.007 -15"><span class='ocrx_word' id='word_1_823' title='bbox 473 5730 648 5786; x_wconf 71' lang='lat' dir='ltr'><strong>Hebr.</strong></span> <span class='ocrx_word' id='word_1_824' title='bbox 680 5741 735 5789; x_wconf 85' lang='lat' dir='ltr'><strong><em>et</em></strong></span> <span class='ocrx_word' id='word_1_825' title='bbox 770 5728 1000 5801; x_wconf 76' lang='lat' dir='ltr'><strong>geinetis</strong></span> <span class='ocrx_word' id='word_1_826' title='bbox 1031 5730 1170 5786; x_wconf 86' lang='lat' dir='ltr'><strong>alter</strong></span> <span class='ocrx_word' id='word_1_827' title='bbox 1190 5743 1315 5785; x_wconf 88' lang='lat' dir='ltr'><strong>cum</strong></span> <span class='ocrx_word' id='word_1_828' title='bbox 1357 5728 1544 5782; x_wconf 86' lang='lat' dir='ltr'><strong>altero.</strong></span> 
     </span>
    </p>
   </div>
   <div class='ocr_carea' id='block_1_114' title="bbox 1787 5651 3741 5726">
    <p class='ocr_par' dir='ltr' id='par_1_114' title="bbox 1787 5651 3741 5726">
     <span class='ocr_line' id='line_1_114' title="bbox 1787 5651 3741 5726; baseline -0.003 -16"><span class='ocrx_word' id='word_1_829' title='bbox 1787 5652 2010 5724; x_wconf 78' lang='grc' dir='ltr'>⁸²καρδ.</span> <span class='ocrx_word' id='word_1_830' title='bbox 2050 5651 2179 5710; x_wconf 83' lang='lat' dir='ltr'><strong>Rec.</strong></span> <span class='ocrx_word' id='word_1_831' title='bbox 2222 5653 2384 5711; x_wconf 86' lang='lat' dir='ltr'><strong>lectio</strong></span> <span class='ocrx_word' id='word_1_832' title='bbox 2402 5660 2486 5711; x_wconf 87' lang='lat' dir='ltr'><strong>est</strong></span> <span class='ocrx_word' id='word_1_833' title='bbox 2510 5652 2768 5720; x_wconf 80' lang='grc' dir='ltr'>ἀδικίαις,</span> <span class='ocrx_word' id='word_1_834' title='bbox 2801 5654 2959 5726; x_wconf 78' lang='lat' dir='ltr'><strong>juxta</strong></span> <span class='ocrx_word' id='word_1_835' title='bbox 2995 5653 3160 5713; x_wconf 82' lang='lat' dir='ltr'><strong>Hebr.</strong></span> <span class='ocrx_word' id='word_1_836' title='bbox 3227 5656 3274 5688; x_wconf 85' lang='grc'>⁸³</span> <span class='ocrx_word' id='word_1_837' title='bbox 3304 5655 3398 5708; x_wconf 77' lang='grc' dir='ltr'>καὶ</span> <span class='ocrx_word' id='word_1_838' title='bbox 3430 5651 3587 5710; x_wconf 65' lang='grc' dir='ltr'>-υιιε,</span> <span class='ocrx_word' id='word_1_839' title='bbox 3618 5651 3741 5707; x_wconf 71' lang='grc' dir='ltr'>αὐτ.</span> 
     </span>
    </p>
   </div>
  </div>
