4116 6454
463 348 596 415 1059

1449 343 1935 408 TlIEODORETI
1985 337 2331 401 'EPISCOPI
2367 340 2732 401 CYRENSIS

3585 339 3604 403 1
3618 340 3721 404 060

461 461 776 516 facultatem
829 461 1263 532 conscquemiui,
1315 472 1495 528 neque
1541 455 1744 510 usitata
1798 450 2036 508 faciendi

2145 449 2307 520 μέχρι
2334 450 2428 503 τοῦ
2457 451 2721 523 παρόντος
2756 450 3096 522 ὲκομπάζετε
3138 452 3229 506 καὶ
3271 453 3721 526 μεγαλαυχούμεο

461 554 619 609 vobis
657 561 899 624 potestas
928 551 1282 615 concedetur,
1315 565 1425 604 non
1452 548 1652 618 capitis
1677 544 2034 606 detondendi,

460 661 572 703 non
596 647 982 702 calceamentis
1001 647 1164 716 pedes
1187 642 1445 705 exuendi,
1471 655 1646 710 neque
1670 639 2036 709 lacrymarum

463 738 707 793 fontibus
735 739 942 794 doloris
967 736 1319 793 acerbitatem
1349 732 1610 794 leniendi,
1642 745 1822 800 neque
1847 743 2037 782 mensa

460 830 550 884 illa
599 829 838 894 fruendi,
890 845 1012 900 qua;
1063 826 1462 884 consolationis
1526 840 1655 896 ergo
1702 823 2034 887 instruitur;

460 936 631 989 neque
658 922 875 975 demum
908 922 1057 976 aliud
1091 920 1378 991 quidpiam
1427 932 1643 981 eorum,
1677 930 1799 986 quae
1832 912 2034 968 usitata

423 1013 605 1070 'sunt,
657 1010 914 1065 faciendi.
968 1009 1033 1065 Et
1084 1009 1508 1065 recordabimini
1559 1023 1773 1073 eorum,
1835 1021 1955 1076 quzc
2006 1017 2037 1056 ει

457 1101 721 1171 propheta
760 1102 903 1157 facta
930 1109 1081 1167 sunt,
1114 1107 1168 1157 et
1193 1117 1258 1154 ex
1285 1109 1484 1154 eventu
1517 1114 1698 1153 rerum
1741 1110 2039 1166 cognosce-

455 1192 544 1256 tis,
583 1200 844 1262 tanquam
875 1200 1188 1262 portentum
1223 1192 1495 1262 quoddam
1533 1199 1586 1244 et
1616 1190 1829 1259 signum
1866 1186 2037 1240 fuisse

455 1283 611 1338 vobis
653 1285 978 1354 prophetam
1003 1324 1018 1351 ,
1065 1283 1157 1354 qui
1202 1299 1298 1353 per
1334 1283 1483 1354 ipsas
1533 1296 1621 1336 res
1652 1279 1842 1334 futura
1876 1278 2036 1333 vobis

455 1374 787 1444 praedixerit.

523 1641 687 1713 883
727 1639 890 1696 Vens.
932 1637 1119 1694 ‘25-‘27.
1159 1637 1224 1692 Et
1248 1648 1324 1704 tu,
1359 1636 1438 1706 ﬁli
1465 1635 1712 1702 hominis,
1749 1651 1918 1688 nonne
1951 1633 2036 1687 die

455 1735 548 1789 illo
565 1751 666 1802 quo
681 1733 865 1800 aufero
885 1731 949 1783 ab
985 1730 1110 1797 ipsis
1130 1732 1289 1782 robur
1317 1745 1520 1793 eorum,
1539 1726 1818 1781 elationem
1844 1725 2037 1795 gloria-

2144 557 2225 594 νοι
2255 541 2565 608 διετελεῖτε,
2584 544 2680 596 καὶ
2713 543 2848 613 πρὸς
2876 543 3086 606 τούτοις
3111 545 3324 615 μυρίοις
3343 545 3551 615 ἑτέροις
3577 563 3724 617 περι·

2144 634 2461 704 πειρόμενοι
2497 637 2708 699 κακοῖς,
2769 635 2891 689 οὐδὲ
2936 636 3149 708 θρήνων
3189 636 3373 691 ἄδειαν
3402 637 3574 704 ἕξετε,
3603 637 3724 692 οὐδὲ

2145 728 2368 798 ποιῆσαι
2411 726 2480 780 τὰ
2525 727 2729 798 συνήθη
2775 726 3309 799 συγχωρηθήσεσθε,
3364 727 3425 780 οὐ
3481 727 3724 798 κεφαλὴν

2143 819 2458 890 ἀποκεῖραι,
2484 820 2582 888 οὐχ
2623 819 2987 890 ὑποδημάτων
3053 820 3336 889 γυμνῶσαι
3366 821 3490 883 τοὺς
3534 820 3722 885 πόδας,

2143 908 2203 962 οὐ
2232 911 2351 973 ταῖς
2407 908 2591 963 λιδάσι
2647 909 2756 962 τῶν
2815 909 3072 980 δακρύων
3125 909 3188 962 τὸ
3231 909 3370 979 βαρὺ
3399 913 3496 980 τῆς
3547 909 3724 981 λύπης

2145 997 2636 1069 ἀποφορτίσασθαι,
2672 998 2733 1051 οὗ
2760 998 3222 1070 παραμυθητικῆς
3251 999 3558 1053 ἀπολαῦσαι
3586 1018 3724 1072 τρα-

2145 1088 2333 1160 πέζης,
2363 1090 2464 1142 οὐκ
2497 1089 2624 1143 ἄλλο
2646 1107 2699 1142 τι
2759 1089 2868 1142 τῶν
2923 1089 3170 1161 συνήθων
3222 1090 3556 1144 ἐπιτελέσαι.
3615 1093 3726 1146 Καὶ

2143 1179 2630 1250 ἀναμνησθήσεσθε
2653 1180 2761 1233 τῶν
2779 1179 2884 1233 ὑπὸ
2901 1180 2993 1234 τοῦ
3023 1183 3303 1253 προφήτου
3315 1182 3722 1252 γεγενημένων,

2142 1273 2237 1326 καὶ
2264 1271 2572 1343 μαθήσεσθε
2601 1271 2688 1325 διὰ
2738 1272 2831 1326 τοῦ
2872 1272 3060 1336 τέλους
3087 1273 3194 1327 τῶν
3235 1275 3599 1345 πραγμάτων,
3641 1275 3724 1329 ὅτι

2142 1361 2396 1432 καθάπερ
2419 1379 2470 1414 τι
2497 1362 2660 1432 τέρας
2692 1362 2820 1432 ὑμῖν
2849 1363 2944 1416 καὶ
2977 1365 3200 1434 σημεῖον
3222 1364 3249 1416 ὁ
3283 1366 3568 1433 προφήτης
3600 1363 3722 1432 ὲγέ-

2141 1471 2282 1518 νετο,
2308 1454 2396 1507 διὰ
2435 1453 2540 1506 τῶν
2589 1454 2933 1525 πραγμάτων
2980 1454 3108 1526 ὑμῖν
3175 1453 3563 1527 προσενεγκὼν
3613 1456 3723 1511 τῶν

2143 1545 2420 1616 ἐσομένων
2452 1546 2783 1618 πρόρρησιν.

2212 1635 2424 1700 κε’-κζ’.
2457 1636 2562 1690 Καὶ
2578 1635 2681 1700 σὺ,
2698 1634 2790 1690 vlt}
2809 1635 3292 1706 ἁνθρώπου,οὑχί
3309 1636 3379 1692 ἐν
3405 1635 3480 1705 τῇ
3508 1636 3719 1708 ἡμέρᾳ,

2142 1727 2288 1782 ὅταν
2315 1728 2598 1799 λαμϐάνω
2623 1731 2761 1798 παρ’
2779 1728 2989 1798 ζαὺτῶν
3022 1728 3136 1797 τὴν
3153 1729 3338 1799 ἰσχὺν
3361 1729 3581 1798 αὐτῶν,
3608 1732 3723 1799 τὴν

455 1827 616 1880 tionis
650 1839 854 1886 eorum,
879 1820 1144 1874 desideria
1186 1819 1459 1873 oculorum
1499 1819 1755 1886 ipsorum,
1780 1815 2038 1869 ctelatio-

2142 1823 2399 1891 ἔπαρσιν
2429 1820 2538 1889 τῆς
2577 1821 2930 1892 καυχήσεως
2963 1821 3180 1887 αὐτῶν,
3218 1823 3289 1876 τὰ
3307 1823 3722 1893 ἐπιθυμήματα

449 1935 565 1973 nem
597 1919 791 1970 animm
814 1916 1072 1983 ipsorum,
1107 1915 1249 1983 ﬁlios
1274 1914 1534 1982 ipsorum,
1560 1922 1609 1966 et
1642 1909 1784 1981 ﬁlias
1811 1926 1990 1964 eorum
2017 1911 2041 1964 ’ί
2073 1917 2081 1924 ’

456 2006 547 2063 Die
580 2007 674 2061 illo
711 2007 872 2060 veniet
901 2005 1140 2058 salvatus
1193 2003 1260 2056 ad
1309 2013 1356 2056 te
1389 2043 1403 2068 ,
1445 2011 1504 2055 ut
1553 2002 1816 2056 renuntiet
1858 2001 1950 2054 tibi
1985 2001 2040 2054 in

452 2118 629 2155 aures.
676 2098 772 2152 Die
806 2099 900 2151 illo
940 2099 1204 2164 aperietur
1255 2113 1310 2150 os
1350 2103 1495 2148 tuum
1560 2094 1628 2147 ad
1667 2094 1956 2154 salvalum,
1989 2103 2039 2147 et

453 2194 700 2263 loqueris,
732 2199 781 2246 et
811 2207 914 2245 non
948 2189 1052 2244 eris
1085 2198 1260 2240 mutus
1292 2185 1540 2255 amplius,
1584 2198 1634 2239 et
1680 2185 1783 2238 eris
1823 2185 1952 2254 ipsis
1985 2186 2038 2238 in

450 2295 770 2355 portentum,
803 2294 854 2338 et
881 2290 1191 2353 cognoscent
1227 2296 1306 2333 me
1337 2294 1448 2333 esse
1488 2278 1696 2332 Adonai
1733 2277 2033 2332 Dominum.

451 2377 570 2432 Non
608 2377 784 2431 solum
840 2376 896 2429 in
933 2372 1192 2445 praesenti
1252 2372 1369 2426 haec
1424 2371 1576 2442 ipsos
1627 2370 1904 2432 edocebis,
1944 2369 2036 2424 sed

452 2475 616 2529 etiam
661 2472 884 2543 quando
911 2470 1197 2542 praedictio
1229 2478 1426 2524 eventu
1463 2465 1628 2520 fuerit
1659 2465 2034 2534 comprobata,

451 2580 505 2623 ct
537 2567 722 2637 impiis
758 2565 1011 2620 barbaris
1046 2562 1243 2616 tradita
1280 2559 1486 2614 fuerint
1513 2575 1635 2629 quae
1661 2565 1852 2614 sancta
1885 2564 2034 2623 sunt,

452 2673 516 2711 ac
571 2657 664 2710 lilii
701 2657 946 2725 ipsorum
985 2662 1040 2708 et
1072 2652 1196 2706 lilia:
1246 2651 1439 2713 occisi,
1476 2657 1530 2703 ct
1575 2647 1862 2703 advenerit
1911 2645 2038 2699 inde

453 2747 654 2816 aliquis
701 2747 792 2817 qui
835 2745 976 2798 facta
1012 2743 1227 2805 doceat,
1287 2750 1418 2796 tunc
1469 2739 1523 2794 in
1576 2739 1893 2794 memoriam
1930 2737 2038 2791 illis

453 2853 720 2893 revocans
746 2836 1128 2907 praedictiones
1153 2832 1297 2892 haud
1356 2831 1662 2887 sustinebis
1724 2837 1932 2893 tacere,
1979 2837 2039 2882 ut

457 2931 761 3002 percipiant
811 2928 956 2998 quod
1005 2942 1125 2982 mea
1161 2926 1447 2981 voluntate
1484 2937 1714 2993 meoque
1761 2923 2035 2992 permissu

455 3024 570 3076 haec
600 3021 743 3076 facta
779 3021 908 3084 sint,
942 3033 1242 3091 primasque
1275 3018 1571 3088 impiorum
1601 3016 1910 3070 facinorum
1943 3016 2040 3071 dc-

454 3117 650 3180 derint,
673 3121 726 3171 et
750 3113 896 3186 quod
925 3129 1032 3168 non
1058 3119 1281 3183 propter
1310 3111 1551 3166 hostium
1578 3109 1751 3173 vires,
1785 3109 1879 3164 sed
1909 3125 2034 3180 pro-

456 3216 575 3279 pter
599 3208 804 3278 justam
840 3220 1014 3260 meam
1049 3205 1185 3259 iram
1214 3202 1362 3273 passi
1405 3203 1515 3257 sint
1541 3216 1884 3272 quascunque
1915 3216 2037 3269 per-

456 3301 719 3355 tulerunt.
763 3298 1036 3367 Deinceps
1090 3295 1155 3349 ad
1192 3310 1288 3350 eos
1319 3295 1414 3366 qui
1467 3297 1482 3317 “
1518 3294 1737 3349 finitimi
1767 3301 1928 3349 erant
1959 3293 2038 3349 ls-

457 3395 642 3458 raelis,
681 3393 886 3464 quique
926 3397 1150 3460 prOpter
1182 3403 1276 3444 eos
1311 3387 1659 3452 laetabantur,
1698 3386 2037 3456 prophetiam

458 3485 764 3550 convertit,
816 3481 1134 3554 primosque
1192 3479 1332 3534 filios
1381 3479 1614 3532 Ammon
1685 3479 1740 3532 in
1796 3479 2035 3534 medimn

459 3577 739 3650 producit.

1023 3826 1258 3884 CAPUT
1309 3826 1478 3882 XXV.

530 3923 696 3978 \‘Bus.
735 3921 848 3975 1-5.
879 3914 948 3973 Et
989 3919 1190 3989 [aetum
1225 3930 1302 3974 est
1335 3921 1545 3974 verbum
1595 3920 1808 3976 Domini
1835 3923 1902 3975 ad
1937 3939 2034 3987 me,

457 4019 633 4070 dicens
664 4032 680 4069 :
707 4012 816 4066 Fili
839 4011 1085 4072 hominis,
1120 4011 1276 4081 ﬁrma
1310 4011 1502 4081 faciem
1535 4022 1679 4065 tuam
1713 4029 1871 4082 super
1894 4014 2037 4082 ﬁlios

459 4114 700 4170 Ammon,
744 4113 794 4159 et
839 4104 1090 4171 propheta
1121 4119 1279 4173 super
1313 4120 1421 4159 eos.
1475 4103 1540 4158 Et
1572 4105 1713 4159 dices
1753 4106 1881 4174 ﬁliis
1910 4107 2038 4159 Am-

458 4219 582 4255 mon
619 4199 872 4255 :‘Audite
922 4197 1135 4252 uerbum
1189 4195 1399 4251 Adonai
1453 4196 1849 4264 Domini;haac
1908 4200 2035 4253 dicit

462 4294 668 4349 Λαοηαὶ
700 4292 957 4348 Dominus
991 4305 1010 4344 .'
1049 4290 1128 4344 Eo
1155 4289 1294 4360 quod
1317 4291 1486 4360 gavisi
1511 4291 1639 4344 estis
1667 4305 1822 4358 super
1851 4302 2039 4346 sancta

459 4402 594 4450 mea,
611 4387 733 4453 quia
751 4381 1040 4450 profanata
1060 4390 1267 4446 sunt,“
1287 4379 1457 4452 88ἀΙ
1479 4395 1633 4448 super
1650 4389 1846 4434 terram
1861 4380 2041 4436 Israe-

2141 1914 2260 1967 τῶν
2275 1913 2599 1984 ὀφθαλμῶν
2609 1914 2826 1980 αὐτῶν,
2841 1915 2938 1967 καὶ
2962 1913 3076 1982 τὴν
3090 1913 3354 1983 ἔπαρσιν
3371 1913 3484 1984 τῆς
3509 1915 3721 1985 ψυχῆς

2141 2003 2360 2068 αὐτῶν,
2375 2005 2543 2070 υἱοὺς
2564 2003 2781 2069 αὐτῶν,
2801 2005 2900 2058 καί
2931 2003 3256 2074 θυγατέρας
3270 2005 3503 2070 αὐτῶν;
3533 2006 3634 2060 Ἐν
3649 2005 3722 2073 τῇ

2141 2097 2330 2167 ἡμέρᾳ
2354 2099 2554 2167 ἐκείνῃ
2588 2097 2720 2165 ἥξει
2751 2101 2783 2152 ό
2823 2098 3273 2168 ἀνασωζόμενος
3308 2098 3459 2168 πρὸς
3490 2099 3586 2162 σὲ,
3614 2100 3720 2154 τοῦ

2139 2190 2492 2260 ἀναγγεῖλαί
2521 2206 2620 2243 σοι
2651 2192 2738 2256 εἰς
2770 2190 2843 2244 τὰ
2876 2185 3018 2245 ὦτα.
3071 2191 3175 2244 Ἐν
3207 2190 3409 2260 ἐκείνῃ
3437 2190 3511 2259 τῇ
3532 2191 3722 2261 ἡμέρᾳ

2139 2275 2630 2350 διανοιχθήσεται
2660 2281 2727 2334 τὸ
2756 2284 2951 2351 στόμα
2973 2296 3090 2336 σου
3117 2282 3268 2351 πρὸς
3293 2283 3400 2336 τιὲν
3426 2282 3723 2342 ἀνασωζό-

2133 2391 2343 2444 μενον,
2381 2375 2477 2428 καὶ
2503 2373 2820 2440 λαλήσεις,
2845 2374 2943 2429 καί
2964 2376 3033 2429 οὐ
3045 2376 3132 2444 μὴ
3168 2373 3452 2444 κωφωθῇς
3477 2375 3586 2428 οὐκ
3609 2374 3718 2440 ἔτι,

2140 2460 2236 2514 καὶ
2265 2460 2378 2528 ἔσῃ
2404 2460 2610 2528 αὐτοῖς
2639 2463 2725 2528 είς
2756 2462 2951 2530 τέρας,
2987 2464 3087 2518 καὶ
3118 2464 3455 2534 γνώσονται
3482 2464 3573 2519 ὅτι
3606 2464 3719 2532 ἐγὼ

2152 2551 2392 2606 Ἄδωναῒ
2410 2553 2646 2621 Κύριος.
2681 2554 2772 2625 Μὴ
2807 2555 2970 2624 μόνον
3000 2556 3093 2609 ἐπὶ
3130 2555 3224 2610 τοῦ
3257 2556 3526 2629 παρόντος
3549 2554 3717 2608 ταῦτα

2137 2643 2334 2705 αὐτοὺς
2381 2641 2644 2708 διδάξεις·
2691 2642 2828 2698 ἀλλὰ
2882 2644 2978 2697 καὶ
3023 2645 3152 2700 ὅταν
3182 2644 3332 2709 τέλος
3358 2647 3391 2716 ή
3418 2646 3720 2718 πρόρρησις

2137 2734 2300 2805 λάϐῃ,
2333 2736 2430 2790 καὶ
2452 2735 2520 2788 τά
2547 2751 2610 2802 γε
2635 2735 2766 2803 ἅγια
2779 2737 2892 2799 τοῖς
2921 2737 3159 2800 ἀνοσίοις
3199 2735 3501 2809 βαρϐάροις
3538 2753 3720 2808 παρα-

2138 2827 2287 2898 δοθῇ,
2312 2827 2365 2879 οἵ
2391 2844 2448 2878 τε
2473 2828 2581 2880 υίοὶ
2613 2827 2793 2881 αὐτῶν
2820 2829 2914 2882 καὶ
2947 2830 3003 2882 αἱ
3047 2828 3348 2900 θυγατέρες
3371 2828 3718 2900 παραδοθῶσι

2142 2920 2345 2988 σφαγῇ,
2379 2917 2473 2971 καὶ
2501 2919 2764 2989 ἀφίκηταί
2797 2936 2882 2982 τις
2928 2918 3140 2973 ἐκεῖθεν
3179 2919 3249 2973 τὰ
3265 2921 3608 2991 γεγενημένα
3639 2919 3718 2973 δι-

2139 3006 2376 3070 δάσκων,
2408 3008 2737 3080 ἀναμνήσων
2759 3009 2956 3072 αὐτοὺς
2981 3009 3081 3079 τῆς
3112 3010 3496 3080 προρῤήσεως,
3528 3011 3621 3072 καὶ
3643 3011 3718 3082 μὴ

2140 3099 2348 3171 ἀνάσχῃ
2379 3101 2619 3172 σιγῆσαι,
2655 3101 2744 3155 ἵνα
2795 3100 3042 3172 μάθωσιν
3071 3101 3149 3164 ὡς
3194 3100 3328 3172 ἐμοῦ
3368 3101 3720 3172 βουληθέντος

2140 3190 2234 3242 καὶ
2277 3191 2736 3262 συγχωρήσαντος
2779 3187 2955 3244 ταῦτα
3010 3190 3326 3260 γεγένηται,
3397 3192 3494 3244 καὶ
3565 3190 3718 3256 δίκας

2137 3282 2346 3335 τίσουσι
2375 3282 2422 3319 ⁸⁸
2445 3282 2552 3336 τῶν
2571 3281 2940 3354 ἀσεϐημάτων
2959 3299 2971 3311 ·
2989 3283 3084 3336 καὶ
3107 3283 3167 3334 οὒ
3188 3281 3277 3335 διὰ
3301 3281 3398 3354 τὴν
3425 3281 3528 3337 τῶν
3559 3282 3720 3336 πολε-

2141 3375 2280 3445 μίων
2314 3375 2486 3446 ίσχὺν,
2517 3375 2654 3428 ἀλλὰ
2677 3374 2763 3428 διὰ
2789 3374 2887 3446 τὴν
2906 3376 3045 3446 ἐμὴν
3073 3373 3286 3429 δικαίαν
3313 3373 3482 3447 ὀργὴν
3517 3375 3718 3429 πεπόν-

2139 3465 2316 3520 θασιν.
2352 3465 2634 3520 Ἐντεῦθεν
2651 3465 2840 3521 λοιπὸν
2869 3467 2964 3519 ἐπὶ
2991 3465 3118 3530 τοὺς
3143 3469 3207 3520 ὲκ
3234 3465 3490 3536 γειτόνων
3511 3465 3721 3520 οἰκοῦν-

2136 3576 2236 3623 τας
2275 3557 2369 3612 τοῦ
2409 3558 2648 3629 Ἰσραὴλ,
2704 3559 2800 3613 καὶ
2859 3558 3228 3630 ἐφηδομένους
3277 3556 3486 3623 αὐτοῖς,
3530 3560 3721 3630 τρέπει

2136 3649 2238 3719 τὴν
2282 3649 2640 3719 προφητείαν,
2685 3649 2780 3702 καὶ
2821 3649 3073 3720 πρώτους
3129 3651 3209 3715 είς
3240 3651 3407 3722 μέσον
3439 3648 3564 3718 ἄγει
3597 3649 3722 3713 τοὺς

2141 3742 2290 3805 υἱοὺς
2335 3741 2390 3794 Ἀ
2401 3738 2586 3814 μμών.

2637 3832 3037 3886 ΚΕΦΑΛΔῘΟΝ
3092 3832 3221 3888 ΚΕ⁹.

2211 3928 2356 3979 α’-ε⁹.
2394 3923 2503 3979 Καὶ
2565 3923 2802 3994 ἐγένετο
2863 3925 3039 3994 λόγος
3086 3925 3304 3993 Κυρίου
3325 3925 3591 3996 πρόςμὲ,
3622 3925 3714 3980 λέο

2140 4033 2261 4088 γων
2282 4033 2294 4046 ·
2337 4015 2432 4070 Υἱὲ
2463 4017 2800 4085 ἀνθρώπου,
2834 4018 3127 4087 στήρισον
3152 4017 3219 4072 τὸ
3250 4020 3578 4087 πρόσωπόν
3605 4035 3723 4072 σου

2139 4103 2238 4157 ἐπὶ
2276 4103 2448 4169 υἱοὺς
2483 4103 2738 4173 Ἄμμων,
2773 4105 2873 4158 καὶ
2899 4105 3327 4175 προφήτευσον
3348 4107 3442 4160 ἐπ’
3479 4108 3715 4173 αὐτούς.

2139 4195 2250 4249 Καὶ
2292 4193 2447 4263 ἐρεῖς
2501 4194 2627 4261 τοῖς
2666 4195 2819 4262 υἱοῖς
2862 4196 3109 4268 Ἀμμών’
3166 4198 3486 4254 Ἀκούσατε
3538 4200 3725 4269 λόγον

2154 4287 2403 4343 Ἀδωνιιῒ
2456 4289 2714 4357 Κυρίουο
2781 4289 2927 4344 Τάδε
2979 4289 3143 4356 λέγει
3198 4291 3438 4346 Ἀδωνατ
3472 4293 3720 4363 Κύριοςο

2154 4379 2298 4436 Ἀνθ’
2329 4374 2416 4434 ὧν
2453 4379 2785 4449 ἐπεχάρητε
2822 4382 2921 4436 ἐπὶ
2954 4381 3027 4437 τὰ
3061 4381 3199 4451 ἅγιά
3233 4401 3376 4453 μου,
3409 4384 3498 4439 ὅτι
3517 4386 3722 4452 £68611-

458 4480 542 4539 lis,
565 4474 942 4547 quiadesolata
967 4482 1068 4539 est,
1087 4481 1136 4526 et
1159 4487 1310 4540 super
1329 4474 1542 4526 domum
1557 4471 1737 4538 ludat,
1753 4475 1875 4543 quia
1906 4474 2036 4528 abiit

2142 4472 2323 4540 λώϐη,
2337 4472 2433 4526 καί
2460 4472 2557 4525 ἐπὶ
2593 4472 2710 4542 τὴν
2730 4473 2848 4544 γῆν
2871 4475 2975 4530 τοῦ
2991 4476 3259 4546 Ἰσραὴλ,
3278 4477 3370 4532 ὅτι
3386 4478 3716 4548 ἠφανίσθη,

458 4572 512 4624 in
555 4569 1255 4639 captivitatem:propterea
1299 4581 1414 4618 ecce
1461 4582 1550 4635 ego
1596 4566 1748 4620 trado
1775 4584 1864 4620 vos
1907 4567 2039 4635 ﬁliis

459 4661 649 4717 Cedent
697 4675 792 4728 pro
838 4658 1170 4720 haereditate,
1215 4665 1264 4711 et
1311 4656 1598 4726 ﬁrmabant
1652 4659 1881 4712 tentoria
1921 4675 2038 4711 cum

458 4753 684 4806 sarcinis
717 4750 828 4804 suis
871 4749 926 4803 in
967 4756 1034 4811 te,
1081 4756 1129 4803 et
1167 4757 1360 4815 ponent
1388 4749 1440 4801 in
1473 4756 1522 4802 te
1556 4747 1898 4802 tabernacula
1919 4766 2038 4812 sna,

457 4857 508 4898 et
538 4841 805 4897 comedent
831 4840 1040 4907 fructus
1085 4850 1224 4901 tuos,
1256 4848 1306 4892 et
1339 4838 1441 4907 ipsi
1465 4837 1640 4891 bibent
1669 4838 2040 4908 pinguedinem

461 4946 629 4989 tuam.
680 4933 750 4988 Et
805 4934 1005 5003 faciam
1045 4934 1307 4988 ciuitatem
1333 4935 1560 4985 Ammon
1587 4946 1786 4998 pascua
1813 4929 2043 4984 camelo-

460 5044 601 5093 rum,
628 5039 675 5082 et
707 5026 848 5096 ﬁlios
885 5029 1107 5080 Ammon
1141 5041 1341 5094 pascua
1380 5024 1579 5087 ovium,
1633 5033 1682 5078 et
1720 5023 2042 5093 cognoscetis

463 5136 542 5175 me
569 5134 679 5173 esse
735 5117 945 5174 Adonai
978 5117 1285 5171 Dominum.
1341 5113 1513 5169 Filios
1542 5113 1729 5170 Cedem
1763 5114 2045 5168 aliiinter-

465 5220 648 5282 pretes
681 5211 822 5281 ﬁlios
866 5208 1101 5266 Orientis
1152 5209 1502 5278 interpretati
1540 5215 1712 5262 sunt:
1751 5207 1802 5260 hi
1860 5215 2040 5260 autem

465 5314 593 5360 sunt
645 5305 738 5374 qui
794 5305 863 5359 ab
913 5302 1139 5358 lsmaele
1183 5317 1357 5372 genus
1406 5300 1639 5356 ducunt.
1700 5299 1841 5355 Dicit
1874 5300 2041 5370 igitur

465 5407 658 5453 auctor
687 5396 932 5450 omnium
975 5408 1156 5448 rerum
1207 5393 1348 5448 Deus
1388 5408 1485 5462 per
1523 5391 1843 5461 prophetam
1879 5392 1943 5443 ad
1977 5391 2041 5444 ll-

467 5489 570 5544 Iios
597 5489 828 5542 Ammon
861 5504 873 5540 :
911 5481 1362 5554 Quandoquidem
1404 5484 1575 5556 gavisi
1623 5483 1781 5546 estis,
1818 5483 2040 5537 dedica—

2145 4565 2244 4620 καί
2269 4564 2366 4619 ἐπὶ
2401 4563 2508 4619 τὸν
2531 4561 2697 4620 οἷκον
2726 4564 2831 4620 τοῦ
2872 4566 3079 4631 Ἰούδα,
3105 4567 3723 4638 ὄτιέπορεύθηὲναὶχ-

2140 4660 2460 4729 μαλωσίᾳ·
2493 4659 2592 4714 διὰ
2619 4656 2795 4713 τοῦτο
2845 4657 2974 4714 ἰδοὺ
3023 4659 3137 4729 ἐγὼ
3173 4660 3542 4732 παραδίδωμι
3568 4659 3724 4731 ὑμᾶς

2144 4751 2270 4817 τοῖς
2309 4751 2462 4818 υἱοῖς
2493 4751 2682 4821 Κεδέμ
2716 4753 2806 4818 εὶς
2837 4753 3270 4822 κληρονομίαν,
3293 4753 3392 4807 καὶ
3422 4770 3723 4821 κατασκη-

2146 4841 2457 4896 νώσουσιν
2509 4843 2579 4897 ὲν
2608 4841 2682 4913 τῇ
2710 4845 2969 4912 ἀπαρτίᾳ
3003 4845 3207 4902 αὐτῶν
3233 4846 3304 4902 ἐν
3351 4840 3585 4908 σοί,καῖ
3621 4845 3723 4898 δώ-

2145 4946 2371 4986 σουσιν
2386 4933 2453 4987 ὲν
2467 4934 2565 4989 σοί
2590 4935 2661 4990 τὰ
2691 4936 3053 5007 σκηνώματα
3072 4937 3272 4993 αὐτῶν
3289 4955 3301 4968 ·
3320 4941 3490 4994 αὐτοὶ
3505 4938 3722 5009 φάγον·

2147 5041 2241 5078 ται
2258 5024 2397 5091 τοὺς
2414 5029 2681 5095 καρπούς
2700 5044 2840 5094 σου,
2875 5029 2973 5083 καί
3002 5029 3170 5085 αὐτοί
3203 5032 3442 5085 πίονται
3468 5031 3582 5101 τὴν
3596 5031 3725 5085 πιό-
3765 5018 3770 5020 Ἴ

2147 5115 2294 5185 τητὰ
2309 5132 2424 5172 σου
2439 5119 2506 5173 ⁸⁵.
2524 5120 2631 5173 Καὶ
2650 5119 2822 5174 δώσω
2835 5120 2950 5191 τὴν
2965 5123 3150 5176 πόλιν
3165 5123 3268 5177 τοῦ
3286 5122 3510 5193 ’Λμμὼν
3523 5127 3608 5190 εὶς
3623 5140 3717 5176 νο-

2143 5210 2264 5278 μὰς
2298 5210 2608 5280 καμήλων,
2641 5213 2741 5265 καὶ
2770 5213 2915 5281 τοὺς
2947 5213 3116 5280 υἱοὺς
3159 5215 3386 5285 Ἀμμὼν
3423 5218 3510 5280 είς
3536 5213 3720 5284 νομὰς

2151 5299 2480 5367 προϐάτων,
2503 5301 2602 5354 καὶ
2628 5301 3058 5371 ἐπιγνώσεσθε,
3091 5303 3179 5358 ὅτι
3198 5304 3311 5375 ἐγὼ
3335 5305 3580 5359 Ἀδωνατ
3611 5305 3718 5358 Κύ-

2141 5408 2290 5457 ριος.
2317 5391 2488 5458 Υίοὺς
2503 5392 2691 5462 neas,“
2717 5395 2766 5446 οἱ
2785 5393 3279 5467 ἄλλοιὲρμηνευταὶ
3302 5398 3463 5463 υἱοὺς
3497 5399 3718 5450 Ἀνατο-

2147 5481 2272 5536 λῶν
2290 5485 2637 5556 ἡρμήνευσαν
2657 5503 2670 5516 ·
2693 5488 2802 5541 εἰσὶ
2818 5487 2874 5541 δὲ
2894 5480 3041 5542 οὗτοι
3060 5488 3166 5544 ἀπὸ
3199 5488 3420 5561 Ἱσμαὴλ
3433 5490 3480 5523 ⁸⁸
3496 5490 3555 5543 τὸ
3569 5488 3718 5558 γένος

1734 5659 1970 5716 VARIA'I
2013 5659 2426 5718 LECTIONES.

539 5757 584 5790 ⁸⁵⁸
617 5757 658 5812 Β
687 5757 914 5810 τίνουσι.
999 5753 1044 5785 ⁸⁵
1079 5769 1130 5807 τ.
1168 5750 1309 5807 πιότ.
1350 5770 1398 5807 σ.
1427 5751 1591 5808 Hebr.
1627 5753 1708 5808 lac
1753 5762 1930 5810 tuum.
2007 5754 2051 5786 ⁸⁵
2095 5755 2232 5826 Ἱσμ.
2271 5755 2368 5810 Ed.
2400 5754 2549 5826 prior
2585 5755 2711 5811 hab.
2753 5749 2993 5827 Ἰσραήλ.
