4116 6416
511 276 647 339 1063
1499 263 1989 327 THEODORETI
2044 260 2385 323 EPISCOPI
2414 260 2780 322 CYRENSIS
3020 260 3033 273 ‘
3666 261 3771 323 064

510 408 619 460 lum
657 414 710 459 et
749 400 989 473 reliquas
1034 404 1245 470 gentes,
1270 403 1325 450 et
1366 393 1469 449 hoc
1513 391 1866 447 maledictum
1904 389 1959 443 in
1996 403 2081 443 me

2185 389 2321 461 ἀνὴρ
2345 389 2505 453 λεῖος.
2549 408 2567 441 ι
2612 387 2831 460 Ἐπειδὴ
2850 386 3049 451 τοίνυν,
3086 388 3244 458 φησὶ,
3280 389 3444 460 Σηεὶρ
3473 390 3571 444 καὶ
3595 385 3772 446 Μωάσ

509 496 822 567 conjectum
868 501 974 558 est,
1036 489 1305 560 siquidem
1359 484 1589 556 perinde
1635 490 1800 552 atque
1851 480 2081 547 aliarum

2188 482 2567 553 ἐντρυφῶντες
2625 482 2737 545 τοῖς
2783 479 2878 533 τοῦ
2936 479 3067 533 λαοῦ
3102 497 3204 552 μου
3249 483 3440 545 κακοῖς
3468 483 3775 555 ἐτόλμησαν

511 590 752 659 gentium
807 586 951 641 idola
1006 598 1116 654 prte
1146 577 1524 634 imbecillitate
1579 574 1784 645 popqu
1831 570 2081 627 auxiliari

2187 573 2386 638 είπεῖν,
2423 572 2505 627 ὅτι
2528 570 2783 643 οὐδεμίαν
2831 570 2944 643 ἔχει
2965 570 3229 642 διαφορὰν
3255 574 3284 625 ό
3316 572 3449 643 ἐμὸς
3473 572 3601 638 λαὸς
3637 574 3776 645 πρὸς

517 681 739 752 nequivi
774 697 787 734 :
822 679 925 732 hac
950 676 1017 731 de
1056 687 1225 729 causa
1259 689 1279 723 ι
1315 668 1560 725 dissolvo
1594 666 1884 719 humerum
1929 661 2081 717 Moab

2187 660 2257 713 τὰ
2287 659 2453 714 λοιπά
2490 660 2640 731 ἔθνη,
2663 662 2743 724 είς
2778 660 2878 726 ἐμὲ
2909 661 2966 713 δὲ
3007 660 3146 730 αὕτη
3178 663 3212 731 ἡ
3260 661 3580 733 βλασφημία
3602 664 3776 735 κεχώ-

510 791 539 828 a
574 771 888 828 civitatibus
927 767 1122 838 ipsius,
1156 784 1175 817 ι
1214 763 1317 818 hoc
1355 770 1459 827 est,
1490 760 1668 815 robur
1698 758 1945 827 ipsorum
1985 754 2085 809 de-

510 878 738 927 struam,
769 875 946 930 neque
980 859 1158 914 solum
1193 859 1248 911 in
1294 851 1696 926 promontoriis
1726 849 1959 920 positas,
1991 845 2087 902 sed

509 957 671 1007 ctiam
702 950 1010 1005 maritimas
1056 948 1231 1018 ipsius
1271 946 1434 999 urbes
1486 940 1811 998 evertendas
1858 937 2084 993 curabo.

511 1042 819 1097 Maritimus
855 1050 1036 1095 autem
1070 1047 1232 1093 vocat
1280 1036 1346 1091 ad
1399 1049 1549 1089 mare
1594 1032 1864 1087 Mnrtuum
1909 1031 2083 1084 sitas:

508 1135 699 1204 procul
742 1133 891 1188 enim
929 1132 999 1185 ab
1041 1130 1152 1184 alio
1186 1128 1323 1182 mari
1370 1125 1681 1180 incolebant
1716 1120 1987 1177 Moabitae.
2022 1118 2089 1172 Et

509 1228 726 1282 urbium
757 1239 978 1295 quoque
1026 1220 1236 1292 profert
1269 1220 1513 1281 nomina,
1568 1229 1801 1285 quarum
1850 1213 1916 1266 ad
1955 1225 2090 1283 prae-

508 1332 637 1373 sens
663 1328 838 1383 usque
870 1320 1086 1380 tempus
1124 1310 1335 1378 exigua:
1368 1306 1613 1375 reliquiae
1644 1314 2086 1373 permanserunt,

511 1417 569 1463 et
604 1408 726 1462 aliae
754 1414 881 1461 sunt
911 1404 1095 1473 hujus,
1136 1402 1254 1455 aliae
1283 1400 1430 1454 illius
1469 1398 1704 1451 Arabiae.
1749 1394 1916 1449 Addit
1957 1394 2086 1448 item

511 1516 570 1555 se
616 1499 754 1555 istos
784 1496 989 1552 eisdem
1040 1493 1292 1548 hostibus
1342 1490 1672 1544 traditurum
1722 1502 1844 1541 esse
1891 1485 2089 1556 quibus

512 1592 709 1646 fratres
743 1589 904 1645 etiam
939 1588 1179 1656 ipsorum
1217 1584 1361 1638 filios
1393 1584 1629 1636 Ammon
1669 1578 1996 1641 tradiderat,
2034 1585 2089 1632 et

508 1681 846 1753 experientia
873 1695 967 1732 eos
1004 1682 1360 1747 percepturos
1391 1688 1515 1729 esse
1555 1671 1849 1727 Dominum
1888 1680 2082 1741 poten-

2194 769 2379 824 ρηκεν,
2416 752 2575 824 εῖπερ
2604 755 2716 817 τοῖς
2742 754 2852 806 τῶν
2906 754 3081 808 ἄλλων
3105 753 3278 809 ὲθνῶν
3313 754 3556 820 εἰδώλοις
3599 772 3778 829 παρα·

2189 846 2433 916 πλησίως
2484 846 2726 902 ἀσθενῶν
2778 848 2878 901 οὐκ
2924 847 3199 918 ἠδυνήθην
3257 848 3536 919 ὲπαμῦναί
3561 866 3661 919 μου
3697 850 3778 919 τῷ

2188 937 2333 1008 λαῷ’
2370 939 2563 991 τούτου
2622 939 2784 1011 χάριν
2819 958 2838 990 ι
2893 939 3167 1011 Παραλύω
3196 941 3217 972 ³
3257 940 3349 994 τὸν
3414 936 3564 1011 ὦμον
3601 942 3776 996 Μωάϐ

2189 1031 2299 1085 ἀπὸ
2356 1030 2466 1084 τῶν
2523 1031 2732 1086 πόλεων
2761 1031 2783 1064 ⁸
2820 1031 2991 1086 αὑτοῦ
3017 1049 3029 1063 ·
3065 1051 3084 1084 ι
3116 1034 3395 1097 τουτέστι,
3461 1037 3560 1105 τὴν
3621 1038 3775 1105 ίσχυν

2190 1121 2375 1177 αὐτῶν
2404 1122 2729 1176 καταλύσω⁶
2757 1124 2819 1176 οὐ
2872 1123 3032 1194 μόνον
3096 1125 3153 1177 δὲ
3189 1125 3286 1189 τὰς
3326 1127 3384 1179 ὲν
3410 1127 3530 1189 ταῖς
3588 1127 3776 1199 ἀκρω-

2192 1212 2363 1283 ρείαις
2393 1212 2761 1281 διακειμένας,
2801 1213 2940 1267 ἀλλά
3001 1214 3097 1267 καὶ
3149 1214 3248 1277 τὰς
3286 1215 3564 1285 παραλίας
3609 1216 3776 1271 αὑτοῦ

2192 1304 2375 1367 πόλεις
2405 1305 2739 1367 ἀναστάτους
2774 1306 3007 1375 ποιήσω.
3048 1306 3357 1373 Παραλίας
3387 1307 3444 1359 δὲ
3474 1306 3624 1376 λέγει
3674 1308 3777 1372 τὰς

2190 1392 2341 1464 παρά
2370 1393 2468 1465 τὴν
2524 1395 2724 1464 νεκρὰν
2771 1394 3047 1449 θάλασσαν
3094 1395 3483 1465 διακειμένας’
3521 1398 3622 1468 τῆς
3666 1398 3777 1466 γὰρ

2187 1488 2355 1558 ἄλλης
2385 1487 2661 1558 θαλάσσης
2687 1488 2970 1561 πόρρωθεν
2999 1487 3174 1560 ᾤκουν
3201 1490 3252 1542 ol
3277 1490 3586 1544 Μωαϐῖται.
3612 1491 3776 1561 Λέγει

2187 1579 2245 1632 δὲ
2268 1580 2363 1633 καὶ
2388 1579 2456 1632 τὰ
2479 1580 2589 1632 τῶν
2610 1580 2819 1634 πόλεων
2870 1580 3130 1650 ὀνόματα,
3188 1576 3263 1635 ὧν
3304 1581 3467 1653 μέχρι
3508 1582 3606 1635 τοῦ
3635 1600 3778 1653 παρ-

2190 1671 2341 1733 όντος
2367 1671 2548 1739 ὀλίγον
2608 1671 2884 1743 μεμένηκε
2939 1672 3225 1742 λείψανονο
3267 1675 3363 1727 καὶ
3414 1674 3483 1727 τὰ
3528 1673 3631 1743 μέν
3657 1675 3775 1727 ἐστι

508 1739 639 1837 tem,
678 1775 772 1843 qui
827 1739 1185 1839 Opem-ferre-
1212 1767 1408 1827 valeat,
1478 1764 1574 1821 sed
1622 1771 1849 1835 prepter
1890 1739 2077 1833 pOpuli

2186 1761 2392 1831 ταύτης
2412 1762 2512 1832 τῆς
2545 1739 2825 1832 Ἄραϐίας,
2862 1762 2929 1816 τὰ
2965 1739 3294 1833 δὲψὲκείνης.
3325 1739 3658 1835 Προστίθησι
3693 1765 3772 1831 δὲ,

507 1861 715 1916 scelera
759 1857 814 1913 id
854 1856 1037 1911 facere
1075 1862 1316 1911 recuset.
1363 1852 1580 1908 Idcirco
1630 1850 1912 1921 subjecit:
1955 1867 1974 1901 ι
2015 1847 2082 1902 Et

504 1959 842 2021 cognoscent
872 1965 957 2003 me
985 1963 1107 2003 esse
1158 1945 1472 2001 Dominum.
1505 1964 1524 1997 ι
1562 1944 1640 1998 Ita
1685 1941 1965 2013 praedictis
2014 1941 2082 1995 iis

503 2055 626 2110 quae
661 2040 771 2095 sint
802 2036 994 2091 Moabo
1038 2043 1321 2098 eventura,
1378 2032 1446 2088 ad
1493 2032 1637 2097 Seir,
1683 2032 1778 2102 qui
1813 2031 1955 2086 idem
1999 2039 2084 2086 est

503 2131 698 2193 Edam.
726 2128 990 2185 transfert
1020 2129 1347 2182 orationem.

2188 1854 2272 1907 ὅτι
2297 1854 2394 1907 καὶ⁸
2420 1852 2644 1916 τούτους
2696 1856 2808 1916 τοῖς
2862 1854 3045 1918 αὐτοῖς
3102 1854 3417 1926 παραδώσει
3467 1855 3773 1927 πολεμίοις,

2189 1939 2271 2008 οἷς
2300 1944 2394 1999 καὶ
2433 1945 2560 2005 τοὺς
2593 1944 2859 2015 ἀδελφοὺς
2912 1946 3095 2000 αὐτῶν
3148 1950 3274 2012 τοὺς
3327 1949 3480 2011 υἱοὺς
3524 1947 3775 2019 Ἀμμὼν,

2192 2037 2285 2091 καὶ
2321 2037 2403 2090 ὅτι
2431 2038 2499 2107 τῇ
2536 2036 2703 2107 πείρᾳ
2761 2036 3118 2109 μαθήσονται,
3149 2038 3225 2102 ὡς
3271 2038 3497 2101 δυνατός
3532 2042 3647 2093 ἔστι
3678 2043 3778 2093 Δε-

2198 2126 2428 2198 σπότης,
2497 2127 2774 2198 ἐπαμῦναι
2828 2129 2925 2198 μὲν
2977 2127 3298 2199 δυνάμενος,
3348 2129 3436 2182 διά
3460 2130 3518 2183 δὲ
3550 2131 3649 2201 τὴν
3679 2131 3776 2185 τοῦ

502 2223 633 2278 λαοῦ
656 2222 1001 2293 παρανομίαν
1053 2218 1212 2274 τοῦτο
1257 2220 1429 2271 ποιεῖν
1459 2217 1559 2272 οὐκ
1595 2218 1941 2288 ἀνεχόμενος.
1983 2218 2076 2271 Διὸ
2109 2219 2394 2290 ἐπήγαγε·
2437 2236 2457 2271 ι
2544 2221 2656 2274 Καὶ
2714 2220 3138 2290 ὲπιγνώσονται,
3203 2222 3287 2276 ὃτι
3331 2224 3443 2292 ἐγὼ
3503 2222 3724 2294 Κύριος.
3750 2246 3769 2277 ι

504 2316 661 2371 Οὕτω
692 2316 760 2368 τὰ
791 2313 1182 2386 συμϐησόμενα
1216 2312 1295 2383 τῷ
1319 2311 1494 2366 Μωάϐ
1522 2311 1957 2383 προαγορεύσας,
1990 2311 2083 2366 ἐπὶ
2105 2312 2197 2368 τὸν
2222 2314 2410 2385 Σηεὶρ,
2441 2313 2533 2368 τὸν
2556 2314 2652 2367 καὶ
2687 2312 2887 2383 Ἐδὼμ,
2923 2313 3218 2387 μεταφέρει
3238 2315 3329 2367 τὸν
3354 2314 3497 2383 λόγον

574 2417 592 2437 ‘
633 2410 797 2465 Vens.
846 2409 1030 2463 12-14.
1073 2412 1201 2463 Haec
1228 2410 1356 2461 dicit
1390 2407 1600 2462 Adonei
1633 2407 1938 2463 Dominus:
1970 2407 2081 2462 Pro

500 2521 560 2559 eo
592 2502 730 2574 quod
768 2501 892 2571 fecit
940 2500 1180 2555 [damma
1213 2500 1379 2571 887
1410 2499 1713 2556 ulciscendo
1747 2517 1835 2554 eos
1883 2500 2083 2555 ultione

501 2599 557 2650 in
589 2598 673 2649 ira
702 2595 757 2648 in
799 2595 953 2648 domo
994 2591 1173 2658 Juda',
1216 2600 1265 2646 et
1294 2593 1605 2646 memoriam
1644 2592 1908 2645 malorum
1946 2592 2077 2646 reti-

504 2698 751 2751 nuerunt,
794 2694 844 2740 et
888 2684 989 2738 ulti
1032 2694 1154 2739 sunt
1188 2686 1441 2738 ultionem
1474 2685 1537 2737 ab
1576 2684 1654 2738 eis
1690 2698 1708 2737 :
1740 2683 1938 2736 idcirco
1969 2683 2078 2736 hwc

503 2779 633 2833 dicit
663 2776 873 2832 Adonai
910 2775 1170 2830 Dominus
1202 2790 1220 2827 :
1256 2775 1321 2829 Et
1354 2775 1630 2828 extendam
1669 2791 1884 2828 manum
1908 2790 2078 2827 meam

501 2887 661 2939 super
696 2869 1013 2931 Idumaaam,
1049 2881 1096 2923 et
1134 2866 1499 2922 exterminnbo
1530 2867 1595 2921 ab
1621 2884 1683 2921 ea
1728 2867 1990 2921 hominem
2028 2876 2077 2921 et

488 2979 674 3026 'pecus,
712 2971 759 3016 et
808 2976 999 3029 ponam
1039 2978 1153 3015 eam
1195 2961 1481 3023 desertam,
1527 2970 1575 3013 et
1621 2962 1683 3014 de
1744 2960 2001 3014 Thwman
2029 2969 2077 3014 et

504 3053 706 3106 Da’dan
758 3055 846 3122 qui
884 3055 1297 3122 persecutionem
1339 3053 1597 3105 sustinent
1649 3052 1827 3122 gladio
1863 3053 2069 3106 cadent.

507 3145 571 3198 Et
621 3147 757 3198 dabo
792 3146 1047 3198 ultionem
1097 3160 1265 3198 meam
1308 3159 1464 3212 super
1509 3143 1804 3198 Idumwam
1836 3145 1889 3198 in
1920 3161 2079 3199 manu
2107 3119 2149 3176 ο

500 3235 683 3304 populi
721 3236 822 3288 mei
869 3233 1067 3299 Israel,
1104 3242 1155 3287 et
1183 3234 1382 3301 facient
1416 3235 1467 3287 in
1516 3233 1757 3288 Iduma’a
1793 3236 2079 3289 secundum

501 3327 638 3379 iram
659 3342 849 3389 meam,
864 3336 912 3380 et
936 3335 1243 3396 cognoscent
1261 3325 1511 3379 ultionem
1530 3343 1719 3391 meam,
1735 3326 1862 3380 dicit
1877 3327 2083 3381 :ldonai

502 3415 780 3471 Dominus.
816 3415 954 3469 Cum
982 3416 1127 3469 enim
1156 3429 1264 3469 non
1292 3425 1352 3469 ut
1385 3416 1636 3471 Moabitae
1667 3419 1843 3471 solum
1872 3426 1926 3472 et
1954 3420 2082 3472 Am-

504 3509 724 3563 manitae
772 3507 936 3560 laetati
978 3507 1105 3568 sint,
1145 3507 1238 3561 sed
1274 3508 1437 3562 etiam
1470 3508 1629 3564 factis
1672 3526 1827 3565 suam
1874 3512 2079 3580 impro—

504 3599 728 3654 bitatem
762 3597 1081 3661 iudicarint,
1117 3598 1351 3667 pristina
1386 3599 1475 3652 illa
1503 3609 1718 3654 servata
1749 3603 1827 3654 ira
1867 3620 1879 3656 :
1922 3621 1941 3653 ι
1968 3602 2080 3655 lra-

502 3698 593 3745 tus
623 3698 705 3743 est
731 3689 874 3742 enim
909 3688 1049 3742 Esau
1082 3687 1307 3758 Jacoho,
1340 3691 1542 3762 inquit,
1564 3709 1662 3763 pro
1688 3693 2080 3749 benedictione

502 3797 610 3851 qua
645 3781 921 3835 benedixit
949 3782 997 3835 ei
1028 3790 1179 3851 pater
1216 3783 1337 3852 ejus
1369 3794 1435 3841 ηε
1484 3804 1502 3837 ι
1537 3786 1679 3839 hanc
1710 3786 1783 3840 ob
1820 3801 1933 3841 rem
1968 3802 2076 3840 non

502 3873 625 3927 aliis
660 3873 808 3941 ipsos
849 3872 1094 3926 hostibus
1120 3874 1354 3938 tradam,
1384 3875 1481 3931 sed
1504 3875 1608 3946 ipsi
1640 3878 1842 3946 populo
1871 3893 1991 3933 meo
2012 3880 2079 3931 ab

500 3981 567 4021 eo
601 3967 801 4032 injuria
837 3965 1050 4031 affecto,
1086 3975 1144 4020 ut
1171 3983 1265 4037 per
1300 3969 1526 4023 totalem
1561 3968 1959 4024 desolationem
1992 3969 2078 4023 di-

500 4063 654 4113 scant
678 4058 784 4111 mei
818 4058 1047 4113 dominii
1074 4061 1392 4128 potentiam.
1429 4060 1691 4115 Thaaman
1733 4070 1917 4117 autem
1945 4064 2077 4117 urbs

498 4158 582 4204 est
625 4150 899 4218 ldumaeae,
943 4158 996 4207 et
1040 4151 1241 4206 Daedan
1270 4153 1478 4217 itidem,
1501 4168 1688 4208 eorum
1721 4155 1813 4223 qui
1855 4169 1885 4208 a
1911 4154 2079 4210 Chet-

496 4247 621 4296 tura
668 4243 782 4296 nati
832 4251 962 4296 sunt
992 4244 1323 4311 patriarcha:
1349 4243 1603 4311 Abrahae,
1638 4252 1692 4299 et
1737 4246 1808 4301 ab
1855 4246 2074 4301 urbium

497 4333 873 4387 conditoribus
903 4347 1098 4387 nomen
1136 4343 1489 4404 acceperunt.
1536 4335 1849 4407 Propinqna
1892 4345 2075 4391 autem

2266 2408 2446 2481 ιβ’-ιδ’.
2500 2409 2646 2464 Τάδε
2697 2409 2861 2479 λέγει
2904 2409 3154 2463 Ἀδωνιιῒ
3198 2410 3448 2477 Κύριος⁹
3501 2410 3655 2464 Ἀνο’
3687 2404 3779 2462 ὧν

2187 2502 2479 2572 ἐποίησεν
2523 2502 2563 2570 ἡ
2629 2501 2933 2572 Ἰδουμαία
2969 2501 3041 2555 ἐν
3086 2500 3167 2567 τῷ
3194 2500 3515 2569 ἐκδικῆσαι
3548 2503 3774 2567 αὐτοὺς

2185 2594 2506 2663 ἐκδίκησιν
2560 2594 2631 2648 ἐν
2677 2592 2885 2664 μήνιδι
2913 2594 2934 2625 ³
2976 2594 3047 2647 ἐν
3098 2591 3178 2660 τῷ
3229 2592 3371 2658 οικῳ
3416 2592 3623 2655 Ἰούδα.
3668 2596 3767 2649 καὶ

2184 2684 2707 2755 ἐμνησικάκησαν,
2763 2685 2864 2738 καὶ
2912 2684 3280 2751 ὲξεδίκησαν
3309 2682 3486 2750 δίκην
3516 2683 3619 2737 ἀπ’
3658 2687 3766 2739 αὺ-

2185 2775 2305 2830 τῶν
2332 2780 2353 2814 ⁸
2372 2792 2385 2805 ·
2423 2775 2521 2829 διὰ
2548 2776 2722 2830 τοῦτο
2745 2774 2885 2830 τάδε
2909 2774 3073 2844 λέγει
3110 2773 3355 2828 Ἀδωναῒ
3386 2775 3601 2843 Κύριος
3622 2791 3638 2805 ’
3657 2777 3757 2830 Kal

2184 2866 2407 2922 ἐκτενῶ
2453 2866 2568 2935 τὴν
2599 2865 2769 2937 χεῖρά
2815 2882 2936 2935 μου
2988 2866 3085 2920 ἐπὶ
3112 2866 3230 2934 τὴν
3275 2866 3627 2934 Ἰδουμαίαν,
3670 2866 3767 2921 καὶ

2185 2960 2594 3028 ὲξολοθρεύσω
2640 2958 2709 3023 ἐξ
2765 2957 2957 3026 αὐτῆς
3012 2958 3327 3026 ἄνθρωπον
3376 2957 3474 3010 καί
3525 2957 3765 3026 κτῆνος,

2186 3052 2283 3106 καί
2307 3052 2567 3121 θήσομαι
2614 3048 2811 3118 αὐτὴν
2857 3050 3099 3120 ἔρημον,
3148 3049 3245 3103 καί
3277 3050 3345 3103 ἐκ
3388 3051 3615 3119 Θαψὰν
3670 3054 3766 3107 καὶ

2183 3144 2402 3200 Δαιδὰν
2427 3145 2448 3176 ⁷
2494 3145 2841 3212 διωκόμενοι
2871 3142 2942 3196 ἐν
2988 3142 3258 3212 ῥομφαίᾳ
3285 3143 3633 3197 πεσοῦνται.
3658 3146 3767 3198 Καὶ

2184 3236 2355 3291 δώσω
2374 3235 2489 3303 τὴν
2536 3232 2858 3301 ἐκδίκησιν
2904 3249 3024 3303 μου
3058 3233 3158 3286 ἐπὶ
3182 3233 3297 3301 τὴν
3338 3234 3770 3303 Ἰδουμαίαν-ὲν
3868 3248 3873 3252 ‘

2184 3326 2338 3397 χειρὶ
2367 3324 2522 3380 λαοῦ
2574 3342 2695 3393 μου
2728 3322 3002 3392 Ἰσραὴλ,
3050 3325 3152 3378 καί
3184 3324 3556 3393 ποιήσουσιν
3597 3325 3667 3378 ἐν
3693 3324 3768 3393 τῇ

2195 3419 2500 3489 Ἰδουμαίᾳ
2525 3418 2674 3471 κατὰ
2702 3415 2817 3485 τὴν
2845 3416 3035 3487 ὀργήν
3052 3434 3172 3486 μου
3201 3417 3244 3482 ⁸,
3277 3418 3377 3470 καί
3399 3415 3770 3487 ἐπιγνώσον·

2182 3530 2276 3567 ται
2313 3513 2427 3580 τὴν
2455 3511 2773 3577 ἐκδίκησίν
2831 3527 2972 3579 μου,
3034 3507 3199 3578 λέγει
3253 3508 3507 3562 Ἀδωναῒ
3527 3509 3760 3577 Κύριος.

2196 3604 2412 3675 Ἐπειδὴ
2436 3603 2543 3675 γὰρ
2573 3604 2635 3656 ού
2678 3603 2838 3673 μόνον
2888 3600 3285 3673 παραπλησίως
3315 3599 3635 3663 Μωαϐίταις
3671 3597 3768 3652 καὶ

2194 3693 2558 3765 ’Δμμανίταις
2589 3690 2931 3762 ἐφήσθησαν,
2978 3690 3116 3744 ἀλλά
3162 3690 3257 3743 καὶ
3299 3689 3482 3760 ἔργοις
3508 3692 3529 3724 ⁸
3559 3689 3655 3759 τήν
3684 3691 3766 3743 οἱ·

2181 3785 2335 3839 κείαν
2363 3780 2703 3847 ἐπεδείξαντο
2735 3780 3025 3850 πονηρίαν,
3077 3777 3176 3851 τήν
3224 3778 3497 3851 προτέραν
3550 3779 3766 3848 ἐκείνην

2184 3875 2349 3947 μῆνιν
2382 3873 2754 3943 φυλάξαντεςο
2802 3888 2821 3922 ι
2872 3870 3143 3923 Ἐνεκότει
3188 3871 3318 3939 γὰρ,
3354 3872 3540 3941 φησὶν,
3591 3870 3765 3922 Ἢσαῦ

2179 3967 2259 4039 τῷ
2291 3967 2334 3999 ³⁸
2376 3964 2569 4020 Ἰακὼϐ
2600 3964 2849 4035 περὶτῆς
2883 3961 3135 4029 εὐλογίας
3162 3954 3230 4030 ἦς
3257 3959 3563 4029 ηὐλόγησεν
3601 3959 3766 4013 αὐτὸν

2180 4063 2208 4115 ὁ
2238 4062 2423 4134 πατὴρ
2455 4059 2623 4114 αὑτοῦ
2648 4075 2663 4091 °
2709 4078 2727 4111 ι
2772 4058 2963 4112 τούτου
2991 4056 3149 4127 χάριν
3169 4058 3265 4129 οὐχ
3303 4059 3510 4129 ἑτέροις
3568 4058 3767 4121 αὐτοὺς

2180 4154 2461 4225 πολεμίοις
2486 4148 2816 4221 παραδώσω,
2842 4148 2957 4203 ἀλλ’
2985 4147 3223 4220 αύτῷτῲ
3254 4149 3345 4203 ὑπ’
3376 4150 3554 4205 αὐτῶν
3574 4149 3765 4220 ἠδικη-

2183 4247 2329 4320 μένῳ
2358 4245 2474 4316 λαῷ
2503 4261 2629 4315 μου,
2692 4242 2833 4297 ὥστε
2886 4241 2977 4295 διά
3023 4242 3124 4312 τῆς
3180 4240 3477 4305 παντελοῦς
3523 4241 3763 4312 ἐρημίας

2181 4339 2375 4412 μαθεῖν
2423 4338 2622 4401 αὐτοὺς
2645 4337 2742 4407 τῆς
2809 4336 2950 4406 ἐμῆς
3006 4334 3320 4397 δεσποτείας
3375 4337 3473 4408 τὴν
3510 4336 3760 4407 δύναμιν.

498 4435 614 4478 erat
658 4424 856 4478 Daedan
906 4423 1176 4487 Idumam,
1206 4432 1261 4478 et
1305 4441 1429 4480 cum
1464 4441 1527 4482 ea
1555 4430 1955 4485 consentiebat.
1996 4430 2070 4484 Ita

2185 4432 2390 4504 Θαιμὰν
2441 4431 2499 4484 δὲ
2546 4430 2702 4493 πόλις
2730 4432 2830 4500 τῆς
2874 4428 3197 4498 Ἰδουμαίας,
3227 4429 3321 4482 καὶ
3354 4429 3548 4483 Δαιδάν
3578 4428 3764 4483 ὠσαύ-

495 4517 566 4569 iis
593 4528 715 4582 quae
741 4514 807 4567 ad
848 4513 949 4567 hos
982 4516 1255 4582 pertinent
1296 4517 1594 4585 praedictis,
1634 4520 1702 4573 ad
1735 4522 2072 4592 alienigenas

2185 4542 2305 4589 τως,
2344 4523 2454 4577 τῶν
2485 4521 2594 4576 ἀπὸ
2629 4519 2943 4591 Χεττούρας
2986 4520 3295 4591 γενομένων
3331 4520 3408 4591 τῷ
3443 4520 3757 4593 πατριάρχῃ

493 4603 761 4659 transfert
814 4605 1242 4673 przedictionem.
1306 4608 1525 4664 Idumaei
1587 4613 1766 4678 enim,
1822 4627 1950 4667 cum
2004 4612 2075 4666 ab

498 4695 685 4750 lsaaco
716 4696 938 4750 oriundi
983 4697 1115 4763 sint,
1165 4714 1271 4752 non
1318 4709 1448 4755 sunt
1491 4702 1810 4774 alienigenae
1843 4723 1857 4759 :
1896 4719 2074 4774 neque

498 4787 843 4853 Ammanitae,
875 4798 969 4843 aut
996 4789 1266 4854 Moabitae,
1289 4793 1382 4861 qni
1412 4809 1440 4846 a
1469 4793 1606 4849 Loto
1637 4810 1811 4866 genus
1841 4795 2071 4850 ducunt.

499 4876 767 4948 Allophyli
806 4880 973 4946 igitur
1013 4889 1174 4934 erant
1202 4881 1351 4952 Tyrii
1387 4891 1441 4937 et
1477 4881 1710 4949 Sidonii,
1744 4894 1797 4939 et
1828 4884 1919 4939 alii
1954 4900 2076 4939 om-

2190 4615 2463 4686 Ἀϐραὰμ,
2497 4612 2776 4685 ἐπώνυμοι
2809 4612 2866 4665 δὲ
2897 4608 3037 4682 ἦσαν
3084 4611 3194 4666 τῶν
3231 4612 3506 4668 οἰκιστῶν.
3559 4613 3758 4683 Ἐπληο

2178 4704 2332 4770 σίαζε
2360 4706 2414 4759 δὲ
2432 4709 2465 4776 ή
2494 4704 2689 4758 Δαιδάν
2718 4706 2784 4774 τῇ
2814 4702 3108 4775 Ἰδουμαία,
3139 4704 3233 4758 καὶ
3269 4704 3757 4773 συνεφώνει.οὖτω

2175 4799 2244 4852 τά
2276 4800 2415 4854 κατά
2444 4800 2666 4863 τούτους
2696 4800 3130 4871 προαγορεύσας,
3167 4800 3259 4853 ἐπὶ
3283 4801 3409 4863 τοὺς
3424 4799 3759 4869 ἀλλοφύλους

2181 4889 2479 4960 μεταφέρει
2506 4891 2605 4962 τὴν
2638 4890 2966 4962 πρόρρησιν.
3025 4890 3312 4961 Ἰδουμαῖοι
3347 4890 3455 4963 γὰρ
3478 4891 3578 4945 οὐκ
3603 4890 3756 4945 ἀλλό-

497 4981 596 5020 nes
634 4970 826 5021 horum
871 4971 1042 5040 888
1078 4973 1291 5027 finitimi
1329 4991 1342 5027 :
1385 4975 1479 5029 sed
1512 4975 1782 5045 praecipue
1811 4977 2064 5048 allophy-

2185 4978 2349 5048 ρυλοι,
2383 4980 2478 5034 τοῦ
2514 4980 2699 5035 Ἰσαὰκ
2723 4981 2873 5045 ὄντες
2914 4982 2954 5013 ¹¹
2999 4981 3291 5051 ἀπόγονοι·
3324 4981 3448 5036 οὔτε
3474 4983 3581 5055 μὴν
3618 4983 3755 5052 Ἀμο

499 5059 578 5111 los
608 5058 793 5111 divina
832 5059 1115 5129 Scriptura
1144 5073 1308 5116 vocat
1332 5065 1696 5131 Ascalonitas,
1722 5076 1775 5122 et
1810 5067 2055 5132 Gaz-.eos,

497 5159 549 5203 et
588 5148 884 5214 Gcttltaaos,
914 5159 968 5205 et
1000 5153 1349 5219 Acaronitas,
1392 5164 1446 5211 et
1473 5157 1719 5222 Azotios,
1752 5161 1878 5230 quia
1916 5158 2071 5216 Iudae

594 5310 620 5339 ι’
657 5298 795 5355 Gen.
820 5317 989 5370 xxvn,
1022 5305 1109 5360 Ill.

2170 5073 2390 5144 μανῖται
2420 5073 2517 5126 καὶ
2574 5072 2885 5137 Μωαϐῖται,
2923 5074 2987 5125 ἐκ
3030 5071 3123 5125 τοῦ
3154 5072 3281 5126 Λὼτ
3322 5074 3386 5127 τὸ
3414 5074 3571 5142 γένος
3622 5090 3757 5127 κατ-

2179 5158 2611 5231 ἀγοντες.Ἧσαν
2646 5163 2744 5232 μὲν
2777 5157 2870 5217 οὖν
2894 5162 3181 5234 ἀλλόφυλοι
3213 5164 3309 5259 θεαὶ
3339 5164 3528 5237 Τύριοι
3551 5166 3643 5219 καὶ
3664 5166 3757 5218 2t-

1790 5430 1950 5487 VARI
1961 5432 2027 5488 1E
2059 5432 2465 5495 LECTIONES.

558 5582 1034 5664 ³Β,παραλ,ύσυξ-η
1062 5580 1461 5664 διδςπολεμίωγ.
1514 5587 1559 5664 ,⁸
1598 5587 1714 5664 ενδ.
1745 5588 1804 5642 ὲν
1830 5552 2118 5664 ξιήνκῡςε.
2157 5593 2213 5649 in
2245 5593 2312 5649 Α.
2392 5597 2413 5629 ι
2444 5597 2543 5651 ἀπ’
2582 5602 2706 5658 αυτ.
2757 5603 2879 5660 Des.
2912 5605 2967 5660 in
2997 5607 3064 5661 A.
3164 5608 3183 5638 τ
3209 5608 3302 5662 καὶ
3345 5608 3492 5663 Δαιδ.
3530 5607 3651 5664 Des.
3693 5608 3752 5663 in

498 5653 565 5707 Α.
641 5655 662 5686 ⁸
682 5655 871 5721 uomit
896 5653 1062 5722 addit,
1100 5654 1192 5710 xui.
1213 5653 1353 5707 κατὰ
1391 5653 1480 5707 τὸν
1512 5653 1679 5726 θυμόν
1710 5653 1847 5729 μου]
1896 5653 1929 5693 ’θ
1971 5662 2009 5716 Β
2043 5662 2210 5735 ἔργῳ.
2288 5667 2330 5699 ¹⁰
2373 5667 2544 5722 Ἡσαῦ
2803 5653 3079 5748 *ᾗ*
3144 5679 3182 5710 ¹²
