4116 6410
385 393 521 456 1069

1530 399 1608 457 ΙΝ
1650 401 2093 459 EZECHIELIS
2128 403 2285 462 CAP.
2325 405 2530 463 XXVI.

3499 404 3634 467 1070

449 500 606 553 θὀιδ’.
667 501 742 554 Τὰ
793 502 957 568 τείχη
1005 515 1141 558 σου.
1201 501 1293 554 καί
1351 502 1488 566 τοὺς
1527 505 1792 572 πύργους
1833 522 1945 557 σου

2127 507 2289 563 Vnus.
2318 511 2460 564 9-H.
2514 508 2702 561 Muros
2747 520 2882 570 tuas,
2931 525 2977 565 ct
3018 523 3187 565 turres
3237 523 3354 565 tuas
3398 514 3630 567 destruet

375 591 623 644 καθελεῖ
641 591 712 641 ἐν
738 589 863 656 τοῖς
889 591 1103 656 ὅπλοις
1121 591 1164 622 ³⁸
1191 591 1427 647 ἑαυτοῦ.
1477 593 1618 646 Ἀπὸ
1658 595 1761 648 τοῦ
1800 590 1954 661 πλή-

373 683 516 746 θους
558 679 674 733 τῶν
704 681 905 733 ἵππων
935 681 980 712 ³⁷
1011 681 1201 734 αὺτοῦ
1233 684 1650 750 κατακαλύψει
1681 699 1756 736 σε
1781 688 1813 738 ό
1851 703 1951 738 κυ-

371 773 610 840 νιορτὸς
649 771 868 837 αὐτῶν,
916 773 1014 826 καὶ
1043 773 1162 827 ἀπὸ
1197 773 1307 840 τῆς
1343 774 1550 843 φωνῆς
1579 774 1697 828 τῶν
1726 776 1952 831 ἱππέων

370 861 593 923 αὑτοῦ.
656 862 757 915 καί
807 861 928 914 τῶν
968 861 1198 930 τροχῶν
1248 862 1366 916 τῶν
1409 863 1684 932 ἁρμάτων
1732 867 1948 933 αὐτοῦ,

371 954 761 1021 σεισθήσεται
783 952 854 1005 τὰ
877 954 1046 1020 τείχη
1070 970 1206 1017 σου,
1239 954 1740 1021 διαπορευομένου
1765 958 1950 1010 αὐτοῦ

370 1045 479 1109 τὰς
516 1045 714 1107 πύλας
753 1058 890 1108 σου,
925 1044 1006 1108 ώς
1041 1045 1549 1113 εἰσπορευομένου
1571 1046 1616 1076 ³⁸
1655 1049 1742 1113 εἰς
1771 1050 1952 1101 πόλιν

368 1136 438 1189 ἐκ
479 1135 712 1188 πεδίου.
760 1135 856 1186 Ἐν
897 1133 1028 1201 ταῖς
1080 1137 1299 1202 ὁπλαῖς
1344 1134 1463 1190 τῶν
1519 1137 1716 1190 ἵππων
1763 1138 1949 1192 αὑτοῦ

369 1224 868 1292 καταπατήσουσι
920 1225 1122 1290 πάσας
1166 1226 1273 1292 τὰς
1301 1230 1588 1295 πλατείας
1625 1247 1742 1283 σου
1771 1247 1785 1260 ·
1843 1231 1951 1286 τὸν

368 1317 523 1371 λαόν
549 1330 666 1369 σου
687 1317 956 1385 μαχαίρᾳ
995 1317 1218 1384 ἀνελεῖ,
1259 1319 1357 1372 καὶ
1395 1320 1512 1386 τὴν
1546 1323 1889 1376 ὑπόστασιν
1903 1323 1947 1354 ³⁸

369 1408 478 1477 τῆς
502 1409 716 1476 ἰσχύος
743 1424 859 1462 σου
893 1409 990 1460 ἐπὶ
1025 1408 1140 1476 τὴν
1164 1409 1282 1478 γῆν
1303 1411 1567 1475 κατάξει.
1598 1415 1706 1466 Καὶ
1737 1431 1951 1481 προνο-

364 1501 577 1568 μεύσει
601 1499 714 1566 τὴν
735 1499 993 1567 δύναμίν
1021 1515 1158 1564 σου,
1185 1501 1282 1554 καὶ
1311 1505 1638 1557 σκυλεύσει
1665 1505 1736 1557 τὰ
1757 1507 1946 1575 ὑπάρ-

371 1590 558 1660 χοντά
587 1606 728 1655 σου,
759 1589 857 1642 καὶ
888 1592 1214 1644 καταϐαλεῖ
1231 1595 1302 1646 τὰ
1324 1594 1490 1662 τείχη
1516 1608 1654 1658 σου,
1679 1598 1776 1649 καὶ
1807 1598 1949 1663 τοὺς

370 1682 578 1745 οἴκους
602 1696 718 1733 σου
739 1680 882 1745 τοὺς
905 1680 1304 1750 ἐπιθυμητοὺς
1333 1685 1576 1738 καθελεῖ
1591 1685 1656 1748 ⁸ο,
1687 1687 1782 1739 καί
1806 1687 1949 1752 τοὺς

369 1772 582 1836 λίθους
603 1786 743 1835 σου,
783 1771 880 1824 καί
914 1772 987 1824 τὰ
1019 1771 1177 1836 ξύλα
1203 1789 1338 1835 σου,
1375 1775 1473 1828 καὶ
1509 1775 1616 1828 τὸν
1647 1777 1799 1844 χοῦν
1829 1793 1947 1831 σου

2060 599 2226 650 armis
2264 601 2397 652 suis.
2433 599 2511 652 0b
2561 599 2951 652 multitudinem
2991 618 3241 668 equorum
3275 605 3390 671 ejus
3439 607 3632 674 operict

2063 696 2109 738 te
2137 689 2308 752 pulvis
2357 705 2559 753 eorum,
2585 707 2617 742 a
2648 691 2823 742 sonitu
2868 693 3098 759 equitum
3135 693 3269 761 ejus,
3301 711 3349 747 et
3393 707 3631 749 rotarum

2061 794 2310 830 curruum
2333 779 2519 846 ipsius,
2541 781 3003 834 commovebuntur
3028 787 3167 836 muri
3191 787 3289 851 tui,
3309 786 3632 856 ingrediente

2058 869 2154 922 illo
2183 879 2362 937 portas
2411 879 2528 922 tuas
2579 881 2828 940 tanquam
2884 877 3204 943 ingrediente
3247 878 3300 929 in
3345 878 3524 931 urbem
3566 879 3631 932 de

2059 974 2263 1027 campo.
2285 958 2505 1029 Ungulis
2533 977 2783 1024 equorum
2813 980 3026 1017 suorum
3051 968 3428 1020 conculcabunt
3451 985 3628 1022 omnes

2056 1047 2259 1111 plateas
2289 1056 2407 1100 tuas
2435 1050 2717 1116 :populum
2739 1060 2885 1102 tuum
2910 1053 3088 1121 gladio
3115 1057 3414 1122 inter/iciet,
3439 1067 3487 1109 et
3511 1059 3629 1111 sub-

2057 1136 2310 1188 stantiam
2335 1138 2536 1190 roboris
2572 1139 2649 1190 tui
2694 1141 2748 1192 in
2775 1151 2968 1193 terram
2999 1142 3236 1198 deducet.
3265 1144 3330 1197 Et
3355 1150 3629 1214 deprazda-

2058 1219 2197 1271 bitur
2220 1223 2508 1288 potentiam
2537 1234 2703 1287 tuam,
2727 1237 2776 1279 et
2823 1228 3073 1296 spoliabit
3103 1231 3388 1298 facultates
3413 1245 3552 1298 tuas,
3576 1246 3626 1290 et

2055 1310 2286 1365 destruet
2311 1330 2487 1367 muros
2516 1324 2649 1377 tuos,
2673 1326 2721 1370 et
2749 1318 2933 1372 domos
2962 1330 3080 1373 tuas
3101 1321 3472 1380 desiderabiles
3493 1345 3630 1380 ever-

2057 1408 2207 1459 tet,et
2227 1405 2240 1420 ‘
2260 1402 2461 1469 lapides
2481 1413 2686 1467 tuos,et
2713 1406 2859 1474 ligna
2891 1421 3004 1472 tua,
3029 1417 3078 1460 et
3103 1411 3362 1475 pulverem
3387 1423 3533 1465 tuum
3573 1415 3626 1465 in

2057 1490 2281 1542 medium
2301 1493 2464 1544 maris
2483 1493 2700 1561 injiciet.
2723 1495 2792 1547 Et
2812 1497 3062 1550 dissolvet
3094 1499 3488 1554 multitudinem
3514 1520 3629 1555 ntu-

2055 1582 2283 1634 sicorum
2315 1593 2545 1649 tuorum,
2569 1597 2618 1640 et
2648 1604 2746 1641 vox
2765 1591 3141 1657 psalteriorum
3160 1603 3373 1648 tuorum
3398 1613 3500 1650 non
3529 1615 3629 1650 au-

2055 1671 2226 1725 dietur
2247 1675 2495 1742 amplius.
2515 1677 2577 1730 Et
2595 1679 2731 1732 dabo
2752 1692 2798 1734 te
2821 1683 2875 1734 in
2901 1684 3074 1736 lwvem
3093 1695 3292 1752 petram
3310 1690 3627 1743 :exsiccatio

2056 1780 2371 1833 sagenarum
2416 1769 2543 1834 eris,
2573 1778 2623 1821 et
2654 1787 2755 1823 non
2789 1772 2954 1841 892
2987 1777 3334 1843 adiﬁcaberis
3374 1781 3621 1848 amplius,

370 1865 460 1928 εις
501 1861 695 1930 μέσον
751 1860 858 1927 τῆς
903 1862 1223 1929 θαλάσσης
1269 1864 1529 1932 ἐμϐαλεῖ.
1595 1867 1706 1920 Kal
1765 1885 1945 1922 κατα-

2050 1852 2173 1919 quia
2201 1868 2294 1921 ego
2321 1853 2527 1908 locutus
2557 1873 2696 1921 sum,
2736 1858 2865 1910 dicit
2896 1862 3104 1914 Adonai
3144 1863 3422 1918 Dominus.
3461 1865 3624 1934 Vera,

368 1954 548 2006 λύσει
568 1953 608 1982 ⁸¹
658 1951 724 2004 τὸ
758 1949 989 2019 πλῆθος
1032 1952 1148 2006 τῶν
1197 1955 1510 2023 μουσικῶν
1561 1973 1711 2021 σου,
1770 1960 1867 2012 καὶ
1915 1961 1950 2027 ἡ

370 2042 539 2110 φωνὴ
559 2041 680 2095 τῶν
702 2044 1050 2111 ψαλτηρίων
1067 2059 1182 2099 σου
1208 2047 1278 2099 οὺ
1302 2046 1388 2115 μὴ
1415 2047 1690 2116 ἀκουσθῇ
1707 2050 1814 2102 ἔτι.
1843 2052 1951 2104 Καὶ

368 2135 539 2187 δώσω
564 2151 640 2187 σε
657 2137 747 2199 εἰς
763 2134 809 2165 ⁸⁸
835 2137 1220 2202 λεωπετρίαν,
1245 2138 1484 2207 ψυγμὸς
1508 2139 1790 2207 σαγηνῶν
1811 2141 1949 2210 ἔσῃ,

371 2225 470 2278 καί
508 2229 580 2279 οὐ
612 2225 700 2294 μὴ
735 2225 1130 2295 οἱκοδομηθῇς
1156 2227 1265 2292 ἔτι,
1299 2229 1386 2281 ὅτι
1415 2229 1528 2298 ἐγὼ
1554 2230 1865 2300 λελάληκα
1882 2233 1949 2296 ⁸³,

370 2315 531 2386 λέγει
574 2316 816 2370 Ἀδωναῒ
846 2318 1078 2384 Κύριος.
1124 2317 1344 2388 Ἀληθῆ,
1370 2321 1523 2388 φησὶ,
1556 2321 1734 2375 πάντα
1765 2322 1832 2375 τὰ
1858 2323 1949 2374 ὑπ’

373 2406 508 2476 ἐμοῦ
552 2408 1056 2480 προαγορευόμενα.
1110 2409 1198 2473 Ὠς
1231 2409 1434 2480 ἀψευδῆ
1465 2411 1642 2464 τοίνυν
1673 2411 1820 2476 δέξαι
1849 2415 1948 2482 τὴν

376 2498 702 2568 πρόρρησιν,
735 2500 817 2552 ὂτι
859 2500 952 2551 καὶ
989 2500 1057 2552 τὰ
1095 2500 1245 2570 τείχη
1289 2517 1382 2553 σου
1416 2501 1731 2556 καθελοῦσιν
1760 2506 1808 2556 οἱ
1842 2505 1947 2558 Βα-

376 2586 646 2653 δυλώνιοι,
671 2588 760 2642 καὶ
789 2589 886 2652 τὰς
925 2589 1101 2652 οἰκίας
1131 2605 1224 2642 σου
1255 2590 1656 2654 καταλύσαντες
1684 2591 1783 2655 τὰς
1813 2594 1948 2664 πλη-

377 2678 684 2744 σιαζούσας,
717 2680 888 2743 αὐτὲις
916 2682 979 2732 ἐκ
1013 2679 1122 2732 τῶν
1154 2681 1317 2734 λίθων
1351 2681 1692 2752 ἐμπλήσουσι
1713 2701 1725 2712 ·
1759 2685 1947 2736 τοσοῦ-

369 2788 462 2834 τος
489 2771 543 2823 δὲ
575 2770 726 2825 ἔσται
758 2771 867 2824 τῶν
896 2772 1080 2824 ἵππων
1108 2774 1203 2825 καὶ
1229 2772 1337 2825 τῶν
1370 2773 1628 2843 ἁρμάτων
1654 2776 1682 2825 ὁ
1717 2774 1943 2837 κτύπος,

369 2862 444 2924 ὡς
477 2862 653 2915 δοκεῖν
687 2862 897 2932 σεισμῷ
934 2880 1042 2916 τινι
1069 2864 1455 2917 κατασείεσθαι
1492 2865 1592 2934 τὴν
1626 2866 1801 2919 πόλιν.
1837 2868 1946 2919 Καὶ

365 2955 438 3008 τὰ
470 2957 785 3026 ὑπάρχοντὰ
818 2974 910 3009 σου
942 2957 1240 3027 ληῖσονται,
1271 2957 1394 3020 τοὺς
1439 2957 1494 3010 δὲ
1528 2959 1816 3030 οἰκήτοράς
1851 2977 1943 3012 σου

365 3047 880 3118 ἐξανδραποδίσουσι
909 3063 925 3077 ·
969 3047 1207 3119 τοσαύτη
1239 3047 1296 3100 δὲ
1321 3048 1690 3118 καταλήψεται
1715 3050 1938 3120 ἐρημία,

365 3135 442 3198 ὡς
482 3137 540 3187 ὲν
584 3138 668 3188 σοὶ
712 3139 836 3200 τοὺς
866 3137 1053 3201 ἁλιέας
1083 3138 1355 3209 ξηραίνειν
1386 3139 1483 3200 τὰς
1518 3139 1812 3209 βραχείσας
1850 3157 1945 3193 σα-

367 3227 561 3295 γήνας,
601 3227 696 3278 καὶ
735 3227 879 3298 ἆπερ
918 3233 1091 3282 ποιεῖν
1117 3229 1368 3283 εἰώθασιν
1395 3231 1453 3282 ἐν
1483 3233 1604 3293 ταῖς
1629 3231 1801 3294 λείαις
1846 3231 1942 3283 πέ-

371 3331 548 3383 τραις,
584 3319 702 3378 ταῖς
740 3320 804 3386 τῇ
835 3317 1066 3391 θαλάττῃ
1097 3319 1542 3390 πλησιαζούσαις,
1576 3320 1734 3372 τοῦτο
1761 3323 1816 3373 ὲν
1860 3322 1942 3373 σοὶ

369 3406 458 3458 διὰ
480 3406 578 3476 τὴν
605 3407 804 3477 πολλὴν
829 3410 1061 3479 ἐρημίαν
1098 3413 1402 3482 ποιήσουσι.
1446 3411 1521 3464 Τὸ
1549 3412 1626 3475 δὲ,
1675 3429 1692 3462 ι
1723 3413 1834 3466 Οὑκ
1860 3411 1939 3466 ἔτι

367 3499 431 3550 οὑ
459 3499 532 3569 μὴ
553 3500 972 3572 οἰκοδομηθήσῃ,
1005 3520 1024 3552 ι
1065 3505 1129 3556 ἐκ
1159 3504 1259 3572 τῆς
1283 3505 1375 3556 τοῦ
1415 3504 1684 3574 μακαρίου
1719 3505 1938 3558 Ἡσαΐου

363 3589 461 3642 τοῦ
511 3592 792 3660 προφήτου
847 3593 1202 3663 μαθησόμεθα
1264 3595 1620 3665 προφητείας.
1678 3597 1941 3660 Κάκεῖνος

365 3677 475 3748 γὰρ
498 3680 526 3731 ὁ
545 3682 827 3752 προφήτης
849 3682 1067 3752 λυπηρὰ
1093 3685 1158 3754 τῇ
1183 3683 1344 3754 Τύρῳ
1371 3685 1781 3755 προεθέσπισεν,
1807 3687 1942 3740 ἀλλὰ

364 3771 541 3841 χρόνῳ
571 3773 676 3824 τινὶ
709 3773 856 3844 ρητῷ
882 3774 950 3827 τὰ
983 3775 1202 3846 λυπηρὰ
1250 3775 1546 3848 περιώρισε
1570 3794 1583 3807 ⁸
1627 3797 1646 3828 ι
1673 3778 1940 3831 Καταλει-

364 3861 629 3931 φθήσεται
679 3864 806 3935 γὰρ,
862 3865 1018 3935 φησὶ,
1074 3867 1250 3936 Τύρος
1301 3867 1670 3938 ἐϐδομήκοντα
1717 3869 1832 3940 ἐτη,
1867 3869 1942 3932 ὡς

363 3950 551 4018 χρόνον
603 3951 870 4020 βασιλέως
920 3955 1058 4018 ἐνὸς,
1104 3955 1177 4019 ὡς
1231 3957 1420 4026 χρόνον
1469 3956 1754 4024 ἀνθρώπου
1786 3975 1798 3986 ·
1849 3960 1942 4011 καὶ

361 4039 535 4107 ἔσται,
571 4044 708 4112 μετὰ
736 4044 804 4097 τὰ
836 4045 1202 4116 ἐὸδομήκοντα
1226 4047 1318 4117 ἐτη
1345 4048 1650 4119 ἐπισκοπὴν
1675 4051 1886 4119 ποιήσει
1912 4052 1941 4103 ὁ

361 4130 494 4194 Θεὸς
538 4133 738 4203 Τύρου,
791 4137 884 4189 καὶ
919 4137 1080 4191 πάλιν
1128 4139 1710 4211 ἀποκατασταθήσεται
1760 4145 1840 4205 εἰς
1880 4143 1942 4196 τὸ

359 4221 610 4291 ἀρχαῖον,
646 4227 740 4280 καὶ
766 4226 917 4281 ἔσται
951 4229 1212 4299 ἐμπόριον
1245 4231 1446 4293 πάσαις
1490 4233 1596 4295 υαῖς
1647 4231 1940 4301 βασιλείαις

357 4313 459 4381 τῆς
491 4315 813 4386 οἰκουμένης
861 4319 952 4370 ἐπὶ
1006 4319 1299 4389 πρόσωπον
1345 4321 1525 4389 πάσης
1549 4322 1648 4390 τῆς
1675 4323 1798 4392 γῆς,
1847 4325 1940 4376 καὶ

357 4403 513 4456 ἔσται
561 4409 594 4476 ή
645 4407 882 4477 ἐμπορία
929 4411 1100 4480 αὐτῆς
1145 4411 1274 4479 ἁγία
1301 4411 1377 4478 τῷ
1426 4413 1635 4484 Κυρίῳ,
1669 4434 1688 4465 ο
1739 4415 1831 4468 καὶ
1872 4416 1940 4469 τὰ

2056 1943 2257 2012 inquit,
2289 1947 2473 2000 omnia
2501 1955 2630 2002 sunt
2673 1964 2796 2016 qua:
2833 1966 2862 2002 a
2908 1966 2993 2005 me
3035 1955 3428 2021 praedicuntur.
3456 1959 3627 2029 Igitur

2059 2043 2116 2087 nt
2146 2051 2175 2088 a
2209 2035 2496 2092 mendacio
2524 2053 2752 2093 vacuam
2787 2043 2982 2111 excipe
3023 2046 3464 2114 praedictionem;
3501 2065 3623 2103 nam

2055 2141 2243 2182 muros
2279 2138 2403 2183 tuos
2436 2129 2657 2184 diruent
2689 2131 2998 2203 Babylonii,
3021 2143 3076 2189 et
3095 2135 3290 2192 domos
3323 2149 3446 2195 tuas
3473 2156 3625 2195 ever-

2053 2227 2256 2282 tentcs,
2284 2235 2406 2289 qua:
2437 2221 2546 2276 illis
2597 2225 2923 2292 propinqua:
2963 2233 3116 2289 sunt,
3162 2227 3437 2296 lapidibus
3476 2244 3627 2284 com-

2051 2307 2277 2376 plebunt
2312 2325 2325 2361 :
2354 2315 2660 2380 tantusque
2689 2312 2792 2364 erit
2818 2327 3086 2381 equorum
3115 2322 3171 2369 et
3200 2331 3462 2370 curruum
3488 2328 3628 2373 stre—

2050 2399 2220 2467 pitus,
2259 2409 2316 2454 ut
2360 2399 2617 2455 videatur
2639 2403 2878 2472 quodam
2912 2405 3084 2459 veluti
3122 2415 3283 2462 terra:
3305 2420 3454 2463 motu
3492 2411 3626 2464 urbs

2050 2492 2404 2545 commoveri.
2433 2495 2498 2546 Et
2525 2491 2818 2549 facultates
2855 2505 2980 2550 tuas
3018 2495 3300 2567 diripient,
3324 2507 3378 2552 et
3417 2501 3626 2555 incolas

2051 2589 2178 2636 tuos
2211 2583 2461 2653 redigent
2512 2585 2567 2638 in
2607 2587 2931 2641 servitutem
2967 2605 2980 2642 :
3015 2596 3277 2658 tantaque
3331 2591 3628 2646 solitudine

2049 2674 2434 2742 occupaberis,
2475 2684 2536 2729 ut
2590 2676 2645 2730 in
2684 2686 2737 2730 te
2795 2679 3105 2746 piscatores
3165 2693 3396 2748 sagenas
3436 2682 3626 2736 made-

2050 2761 2227 2818 factas
2273 2766 2576 2830 exsiccem,
2613 2776 2667 2821 et
2715 2783 2837 2836 quae
2893 2769 2948 2821 in
3002 2769 3231 2824 Iazvibus
3285 2773 3432 2825 saxis
3487 2775 3625 2826 mari

2047 2853 2374 2922 propinquis
2426 2854 2612 2910 facere
2667 2867 3123 2923 consueverunt,
3171 2876 3235 2915 ea
3296 2862 3350 2915 in
3403 2873 3455 2917 te
3513 2879 3627 2932 pra:

2047 2943 2220 2996 multa
2267 2945 2570 3000 solitudine
2603 2946 2809 3001 facturi
2847 2949 2976 3002 sint.
3016 2949 3151 3004 Illud
3207 2961 3410 3017 autem,
3461 2972 3480 3006 ‹
3516 2970 3626 3009 non

2047 3034 2283 3103 amplius
2323 3036 2714 3101 aadificaberis,
2757 3057 2776 3090 ι
2831 3056 2897 3094 ex
2945 3042 3088 3096 beati
3139 3041 3292 3098 Isaiae
3347 3046 3628 3115 prophetae

2046 3127 2340 3196 prophetia
2418 3145 2850 3200 cognoscemus.
2910 3133 3126 3188 Etenim
3203 3140 3466 3206 propheta
3537 3138 3629 3192 ille

2048 3220 2235 3274 itidem
2280 3223 2622 3278 calamitates
2677 3223 2826 3294 Tyro
2879 3227 3214 3281 vaticinatus
3262 3237 3366 3289 est.
3429 3244 3625 3283 verum

2046 3321 2288 3380 tempore
2316 3315 2556 3383 quodam
2603 3317 2832 3370 definito
2863 3318 3115 3372 miserias
3163 3319 3625 3391 circumscripsit.

2050 3419 2068 3450 ι
2107 3402 2534 3473 Derelinquetur
2590 3405 2736 3459 enim
2775 3405 2976 3476 Tyrus,
3032 3407 3232 3476 inquit,
3280 3411 3625 3478 septuaginta

2043 3496 2227 3560 annis,
2257 3496 2402 3550 sicut
2435 3504 2654 3566 tempus
2691 3498 2835 3567 regis
2881 3499 3070 3564 unius,
3103 3500 3250 3553 sicut
3294 3508 3512 3569 tempus
3534 3501 3628 3554 Ito.

2044 3589 2228 3644 minis.
2265 3587 2332 3641 Et
2381 3589 2506 3653 erit,
2533 3598 2659 3659 post
2685 3591 3038 3660 septuaginta
3063 3607 3242 3647 annos
3260 3593 3626 3649 visitationem

2045 3677 2178 3750 Tyri
2222 3679 2391 3734 faciet
2448 3679 2614 3744 Deus,
2657 3689 2713 3735 et
2753 3697 2952 3736 rursus
3002 3685 3328 3738 restituetur
3387 3685 3442 3738 in
3485 3687 3628 3740 anti-

2043 3785 2238 3838 quum,
2267 3779 2321 3824 et
2340 3769 2446 3823 erit
2466 3769 2773 3838 emporium
2793 3772 3053 3826 omnibus
3069 3774 3256 3843 regnis
3274 3775 3426 3830 orbis
3444 3788 3624 3839 terrae,

2045 3875 2210 3929 super
2242 3860 2440 3915 faciem
2483 3862 2659 3916 totius
2719 3870 2880 3916 terra!
2909 3880 2923 3916 :
2951 3871 3006 3916 et
3040 3865 3148 3917 erit
3173 3868 3472 3934 negotiatio
3502 3869 3626 3938 ejus

2044 3961 2236 4007 sancta
2273 3950 2531 4015 Domino,
2566 3971 2584 4004 ι
2623 3962 2677 4006 et
2701 3967 2824 4020 quae
2851 3963 3168 4022 sequuntur
3189 3971 3233 4008 °.
3272 3957 3409 4012 Illud
3436 3959 3622 4027 igitur,

2049 4063 2068 4094 ι
2108 4058 2218 4098 non
2257 4042 2648 4105 aediﬁcabitur,
2691 4061 2708 4094 ι
2753 4059 2969 4097 morum
2998 4045 3181 4099 innuit
3217 4049 3619 4105 mutationem:

2043 4135 2174 4205 quia
2214 4131 2522 4188 secundum
2564 4133 2853 4203 pristinam
2891 4135 3226 4202 impietatem
3253 4153 3360 4191 non
3386 4139 3620 4193 aedifica-

2042 4229 2215 4290 bitnr,
2234 4226 2330 4280 sed
2356 4226 2521 4280 aliam
2545 4234 2600 4278 et
2627 4233 2816 4294 aperte
2836 4225 3173 4278 contrariam
3199 4227 3619 4284 adilicationem

2045 4321 2424 4382 nanciscetur,
2479 4331 2602 4384 qua:
2663 4316 2964 4370 secundum
3027 4318 3349 4385 pr0phetam
3425 4320 3620 4375 Isaiam

2043 4419 2236 4467 sancta
2295 4411 2409 4464 erit
2447 4407 2700 4462 Domino.
2725 4406 2792 4459 Et
2845 4422 2934 4461 res
2999 4415 3294 4473 testantur,
3351 4419 3514 4480 atque
3555 4428 3620 4466 ea

357 4495 507 4564 ἑξῆς.
545 4498 618 4550 Τὸ
637 4499 836 4563 τοίνυν,
873 4521 890 4552 t
916 4502 990 4556 Οὐ
1029 4503 1106 4572 μὴ
1132 4502 1634 4574 οἰκοδομηθήσεται,
1662 4524 1681 4556 ι
1714 4506 1812 4576 τὴν
1831 4507 1940 4560 τῶν

2050 4520 2168 4575 qua:
2202 4517 2352 4556 nunc
2385 4500 2529 4570 viget
2570 4499 2764 4567 pietas.
2797 4497 2960 4568 893
2999 4499 3043 4551 Α
3084 4501 3315 4569 pristina
3347 4502 3492 4556 enim
3525 4519 3618 4556 su-

355 4590 580 4658 τρόπων
629 4591 931 4662 μεταϐολὴν
958 4594 1252 4647 αἰνίττεται
1284 4612 1298 4626 ο
1338 4595 1420 4648 ὅτι
1453 4596 1592 4649 κατὰ
1621 4597 1720 4667 τὴν
1746 4599 1937 4670 προτέο

355 4695 461 4748 ραν
492 4679 749 4733 ἀσέϐειαν
793 4682 892 4734 οὐκ
918 4684 1429 4754 οἰκοδομηθήσεται,
1469 4687 1582 4739 ἀλλ’
1615 4687 1807 4758 ἐτέραν
1840 4690 1936 4742 καὶ

2044 4595 2374 4668 perstitione.
2422 4600 2478 4645 et
2521 4604 2711 4644 errore
2744 4589 2898 4643 circa
2951 4591 3120 4656 idola,
3153 4591 3249 4644 ad.
3276 4591 3446 4646 Deum
3489 4608 3621 4648 con-

2043 4702 2225 4751 versa,
2255 4683 2461 4738 divina:
2491 4680 2824 4750 cognitionis
2850 4681 3034 4736 lumen
3064 4684 3300 4753 excepit.

351 4769 614 4841 ἄντικρυς
637 4772 885 4825 ἐναντίαν
912 4773 1198 4844 οἰκοδομὴν
1222 4774 1472 4845 λήψεται,
1498 4777 1638 4846 ἥτις,
1673 4780 1814 4832 κατὰ
1842 4779 1933 4832 τὸν
1971 4779 2255 4847 προφήτην
2295 4773 2542 4835 Ἡσαΐαν,
2573 4770 2702 4837 ἁγία
2732 4770 2882 4823 ἔσται
2924 4771 3002 4841 τῷ
3035 4773 3244 4843 Κυρίῳ.
3304 4776 3414 4828 Καὶ
3477 4793 3618 4847 μαρ-

348 4862 512 4928 τυρεῖ
555 4861 624 4913 τὰ
665 4863 986 4932 πράγματα,
1025 4867 1120 4917 καὶ
1157 4868 1192 4935 ὴ
1225 4866 1318 4919 νῦν
1350 4869 1628 4938 κρατοῦσα
1658 4870 1929 4926 εὐσέϐεια.
1971 4872 2106 4924 Ἀπὸ
2140 4871 2249 4942 γὰρ
2280 4870 2378 4939 τῆς
2405 4867 2679 4938 προτέρας
2730 4866 3146 4935 δεισιδαιμονίας
3189 4869 3282 4921 καὶ
3333 4871 3435 4940 τῆς
3491 4874 3620 4944 περὶ

345 4951 421 5004 τὰ
454 4951 648 5004 εἴδωλα
680 4953 909 5024 πλάνης,
963 4955 1100 5024 πρὸς
1133 4957 1223 5009 τὸν
1266 4957 1398 5010 Θεὸν
1441 4961 1840 5028 ἐπιστρέψασα,
1876 4963 1937 5016 τὸ
1976 4963 2076 5032 τῆς
2109 4961 2437 5030 θεογνωσίας
2465 4957 2683 5022 ἐδέξατο
2712 4957 2827 5025 φῶς

428 5048 506 5104 ιε’,
536 5050 632 5106 ις’,
676 5043 803 5096 Ὀτι
847 5044 989 5098 τάδε
1026 5046 1188 5116 λέγει
1231 5050 1446 5116 Κύριος
1491 5051 1564 5119 τῇ
1593 5055 1740 5120 Σόρ’
1781 5057 1876 5122 Μὴ
1899 5055 1945 5086 ⁸³

2124 5052 2286 5107 Vens.
2334 5051 2420 5111 15,
2475 5051 2562 5102 16.
2609 5047 2746 5112 Quia
2792 5047 2902 5100 lucc
2955 5049 3085 5102 dicit
3128 5049 3388 5108 Dominus
3433 5061 3566 5126 Tyro
3598 5096 3610 5107 .

345 5135 487 5202 οὐχὶ
535 5137 654 5189 ἀπὸ
701 5136 910 5204 φωνῆς
927 5138 972 5169 ⁸⁸
1018 5137 1130 5208 τῆς
1176 5140 1455 5208 πτώσεως
1491 5159 1631 5209 σου,
1677 5145 1745 5198 ἐν
1776 5146 1820 5176 ⁵⁸
1856 5144 1934 5210 τῷ

2050 5143 2236 5198 Nonne
2263 5159 2295 5194 a
2334 5155 2453 5194 voce
2487 5139 2658 5193 ruina:
2689 5147 2813 5199 tuw,
2845 5153 2964 5190 cum
3017 5144 3309 5204 qemuerint
3356 5145 3616 5203 vulnerati

426 5301 452 5328 °
482 5293 590 5350 lsa.
627 5311 790 5359 χχιιι,
833 5297 1145 5364 15,17,18.

1721 5454 1954 5508 VARIAE
1987 5449 2396 5513 LECTIONES.

420 5561 468 5592 ³⁸
498 5561 632 5643 κοιθἶ
657 5563 875 5643 --61:)t._
882 5562 1278 5643 -ᾼκαταὸαλεῖ
1324 5566 1382 5616 ἐν
1421 5567 1544 5643 ταῖς
1601 5568 1914 5643 μαχαίραις.
1950 5639 1984 5643 __
2017 5571 2060 5603 ³⁷
2080 5573 2206 5629 ἴππ,
2237 5572 2278 5624 Β
2311 5571 2511 5639 ὅπλων,
2564 5574 2801 5643 ascripta
2854 5587 3034 5632 tamen
3067 5578 3194 5631 lect.
3217 5579 3411 5634 altera.
3488 5579 3532 5610 ³⁸
3561 5585 3603 5636 Λ

334 5633 819 5712 εἰσπορευᾴμενος.
851 5632 1010 5712 ἔξεον.
1043 5643 1304 5712 tanquam
1334 5649 1436 5712 per
1461 5632 1729 5712 introitus
1747 5632 1900 5712 urbis
1932 5639 2212 5712 disrupta.
2256 5711 2262 5712 ί
2292 5643 2336 5674 ³³
2377 5632 2904 5712 τῆν’ὐπόστ.’11ρὺτ.
2931 5656 3161 5703 statuas.
3238 5650 3282 5680 ⁸⁸
3313 5632 3440 5703 καθ.
3478 5632 3601 5706 Dos;

340 5705 404 5783 is}
440 5701 517 5755 Α,
542 5703 628 5792 “‘1
653 5707 697 5753 Α
727 5702 1040 5757 καταδύσει.
1119 5701 1294 5792 Μ’.εἰς
1334 5701 1458 5792 Pes.
1497 5705 1550 5760 in
1573 5707 1641 5762 A.
1719 5708 1764 5740 “
1787 5708 1896 5764 λελ.
1928 5711 1972 5762 Λ
1993 5701 2409 5784 ριίέιηΚύριος.
2433 5701 2445 5712 ’
2487 5713 2532 5743 ³⁵
2575 5715 2687 5784 Μή.
2717 5713 2837 5769 Des.
2875 5717 2927 5770 in
2954 5719 3017 5770 Α.
3052 5701 3055 5702 ν
3095 5701 3308 5786 "‘tpwv.
3341 5720 3382 5770 Α
3412 5701 3600 5792 praeui;

336 5772 464 5842 τῆς.
542 5771 586 5802 ⁸⁸
610 5773 745 5825 ἐν-ι-
779 5789 981 5843 τραυμ.
1022 5791 1136 5828 σου.
1177 5773 1298 5830 Des.
1339 5775 1472 5829 inA.
1993 5771 2010 5782 '
2275 5771 2286 5784 '
2371 5771 2381 5775 '
2654 5771 2664 5784 '
3185 5771 3210 5804 ι,
