4116 6404
500 350 634 414 10θὲ

1486 341 1970 401 THEODORETI
2003 338 2338 399 EPISCOPI
2371 339 2732 400 CYRENSIS

3615 340 3749 404 1092

495 463 867 535 appellatione
901 458 1410 531 perterrefaciens?
1443 456 1649 511 Verum
1687 457 1794 511 hoc
1829 458 1946 512 ﬁeri
1981 473 2065 511 ne-

2182 456 2392 526 σφαγῆς
2433 469 2492 508 σε
2539 451 2951 522 παραπέμψωσι
2984 448 3063 520 τῷ
3094 449 3330 520 θανάτῳ,
3373 450 3448 521 μὴ
3499 453 3749 523 βρενθυό-

495 559 657 627 quit:
693 571 873 610 rerum
915 555 1061 607 enim
1109 551 1471 606 commutatio
1525 549 1804 620 superbire
1853 566 2076 620 quoque

496 647 856 702 mutationem
893 643 1111 706 aﬁeret,
1149 642 1478 712 discesque,
1516 642 1794 696 hominem
1831 657 1954 696 esse
1988 650 2074 704 te,

494 753 605 792 non
639 738 827 800 Deum,
856 749 980 788 cum
1010 734 1337 788 vulneratus
1361 773 1373 796 ,
1407 740 1462 787 e‘t
1489 748 1700 798 caasus,
1725 748 1879 802 teque
1913 741 2076 801 atque

495 825 869 880 incircumcisi
929 825 1031 878 tibi
1095 823 1692 894 subjecti,occideris.
1747 821 1937 875 Valida
1992 833 2078 876 est

493 916 638 970 enim
662 955 677 977 ,
711 922 765 968 et
793 914 881 967 cui
914 914 1098 968 resisti
1128 921 1405 982 nequeat,
1431 929 1554 968 mea
1587 915 1899 978 sententia;
1929 912 2074 982 quod

492 1005 828 1076 signiﬁcavit
847 1044 862 1067 ,
897 1004 1057 1074 911
1093 1004 1284 1058 dicens
1311 1022 1324 1057 :
1352 1023 1369 1055 ι
1409 1004 1545 1070 Quia
1564 1019 1662 1073 ego
1691 1005 1908 1057 locutus
1928 1017 2072 1064 sum,

492 1096 625 1150 dicit
644 1095 853 1148 Adonai
878 1095 1164 1148 Dominus.
1189 1112 1208 1145 ι
1231 1095 1357 1148 Hzec
1389 1094 1556 1146 etiam
1592 1093 1844 1161 improbo
1873 1091 2074 1145 daemo-

489 1185 586 1248 ni,
619 1185 713 1253 qui
759 1183 1174 1252 improbitatem
1230 1183 1283 1236 in
1332 1183 1579 1252 principe
1622 1182 1948 1250 Tyriorum,
1981 1182 2074 1249 qui

491 1275 848 1336 cernebatur,
887 1280 1150 1342 operatus
1188 1273 1403 1335 fuerat,
1435 1273 1798 1326 conveniunt.
1862 1271 2075 1326 Idcirco

493 1366 562 1420 ab
592 1365 787 1420 alienis
817 1380 1040 1435 quoque
1067 1365 1203 1434 ipsi‘
1236 1364 1480 1418 minatur
1509 1363 1763 1426 exitium,
1819 1372 1875 1416 et
1905 1363 2077 1431 pesti-

492 1456 716 1519 lentiis,
749 1463 803 1510 et
849 1455 1126 1523 gentibus.
1165 1453 1326 1507 Tales
1366 1464 1546 1507 autem
1588 1453 1718 1505 olim
1759 1450 1938 1516 luere,
1981 1453 2074 1520 qui

495 1562 595 1616 per
625 1547 1004 1618 evangelicum
1041 1545 1382 1615 praeconium
1435 1545 1502 1598 ad
1547 1544 1930 1613 paenitentiam
1976 1546 2074 1598 ad-

493 1639 643 1694 ducti
679 1638 844 1692 Denm
882 1652 1168 1704 agnovere.
1206 1637 1388 1703 Quare
1422 1637 1646 1690 divinus
1678 1651 1900 1705 quoque
1932 1637 2076 1704 Apo-

497 1731 679 1786 stolus
716 1731 828 1781 ait:
858 1747 876 1776 ι
913 1727 1144 1780 Eramus
1175 1729 1319 1782 enim
1363 1727 1662 1796 aliquando
1701 1735 1755 1779 et
1794 1742 1895 1780 nos
1936 1727 2074 1780 insi-

2179 557 2340 616 μενος
2386 546 2481 599 καὶ
2513 544 2968 613 ἀλαζονευόμενος
3010 541 3174 596 πάλιν
3200 542 3331 595 Θεὸν
3362 544 3587 599 σεαυτὸν
3634 547 3749 599 ὀνο-

2179 635 2394 704 μάσεις,
2427 635 2614 703 ὥσπερ
2654 634 2852 696 αὐτοὺς
2880 632 3245 701 δεδιττόμενος
3299 635 3364 702 τῇ
3415 632 3537 704 θείᾳ
3581 649 3751 705 προσο

2177 726 2375 795 ηγορία
2405 742 2420 789 ;
2478 724 2640 776 Ἀλλὰ
2665 723 2822 777 τοῦτο
2847 724 2946 793 οὐχ
2978 718 3088 776 οἷον
3126 722 3374 791 γίνεσθαι
3399 739 3410 750 ·
3439 724 3473 792 ή
3507 725 3616 794 γὰρ
3642 726 3752 780 τῶν

2179 817 2520 886 πραγμάτων
2547 814 2821 884 μεταϐολὴ
2851 812 3064 867 καὶτοῦ
3093 814 3438 883 φρονήματος
3462 815 3752 883 ἐργάσεται

2175 905 2272 976 τὴν
2308 905 2630 976 μεταϐολὴν,
2662 906 2757 959 καὶ
2791 905 3010 976 μαθήσῃ
3041 906 3122 958 ὅτι
3152 905 3436 976 ἄνθρωπος
3465 902 3517 958 εἴ
3561 909 3656 961 καὶ
3688 910 3750 960 οὐ

2175 995 2328 1057 Θεὸς,
2357 995 2810 1066 τιτρωσκόμενος,
2848 995 2941 1048 καὶ
2987 995 3401 1065 ἀναιρούμενος,
3429 998 3524 1049 καὶ
3572 1013 3752 1067 παρα-

2177 1084 2420 1153 πλησίως
2449 1087 2559 1147 τοῖς
2586 1085 2866 1155 άπεριτμή
2878 1101 2984 1148 τοις
3013 1102 3107 1139 σου
3141 1086 3405 1154 ὑπηκόοις
3452 1089 3752 1158 σφαττόμε-

2176 1195 2287 1240 νος.
2334 1177 2552 1247 ’ἰσχυρὰ
2576 1179 2683 1248 γάρ
2721 1193 2822 1246 μου
2847 1178 2943 1230 καὶ
2966 1177 3360 1247 ἀναντίρρητος
3391 1178 3424 1248 ἡ
3455 1179 3748 1247 ἀπόφασις-

2174 1269 2333 1322 τοῦτο
2361 1269 2469 1338 γὰρ
2500 1271 2772 1339 ἐσήμανεν
2797 1286 2810 1298 ·
2841 1288 2858 1318 ι
2897 1270 3020 1321 Ὂτι
3056 1268 3166 1337 ἐγὼ
3189 1269 3446 1338 ἐλάλησα,
3480 1269 3630 1339 ¹λέγει.
3665 1274 3753 1325 ’Λ-

2174 1360 2339 1413 δωναῖ
2380 1361 2602 1430 Κύριος.
2649 1381 2668 1412 ι
2700 1359 2883 1412 Ταῦτα
2931 1360 3195 1429 ἁρμόττει
3244 1362 3338 1412 καὶ
3372 1361 3450 1431 τῷ
3494 1363 3751 1434 ἀλάστορι

2174 1451 2386 1520 δαίμονι
2413 1450 2490 1520 τῷ
2526 1451 2622 1520 τὴν
2649 1452 2916 1521 πονηρίαν
2955 1453 3310 1522 ὲνεργήσαντι
3353 1453 3411 1505 ἐν
3441 1454 3518 1522 τῷ
3541 1458 3752 1526 ὁρωμέ-

2176 1559 2252 1611 νῳ
2289 1543 2501 1611 Τυρίων
2530 1542 2750 1612 ἄρχοντι
2776 1559 2790 1573 ·
2826 1543 2908 1595 διὸ
2939 1544 3032 1596 καὶ
3075 1543 3294 1596 ἀπειλεῖ
3339 1545 3487 1615 αὑτῷ
3530 1547 3750 1618 ὄλεθρον

2179 1635 2286 1686 ἀπὸ
2321 1634 2637 1703 ἀλλοτρίων,
2673 1636 2767 1688 καὶ
2801 1635 3027 1705 λοιμῶν,
3062 1637 3159 1688 καὶ
3205 1636 3394 1691 ὲθνῶν.
3432 1639 3671 1694 Tom-31m
3692 1641 3750 1694 δὲ

2177 1725 2344 1777 πάλαι
2376 1721 2518 1795 ἦσαν
2542 1728 2592 1778 οἱ
2617 1726 2710 1778 διὰ
2751 1726 2849 1778 τοῦ
2877 1727 3230 1794 εύαγγελικοΰ
3272 1729 3625 1800 κηρύγματος
3650 1731 3748 1803 τὴν

493 1822 710 1890 pientes
733 1861 746 1884 ,
780 1819 1051 1872 increduli
1075 1860 1089 1880 ,
1117 1827 1376 1873 errantes
1397 1858 1410 1878 ,
1439 1819 1748 1872 servientes
1780 1818 2067 1874 desideriis

2174 1818 2254 1878 εἰς
2276 1815 2607 1883 θεογνωσίαν
2646 1815 2947 1886 μεταϐολὴν
2977 1816 3281 1886 δεξάμενοι.
3314 1819 3404 1871 Διὸ
3425 1819 3517 1872 καὶ
3550 1824 3579 1874 ὁ
3607 1821 3747 1886 θεῖος

491 1922 546 1965 et
580 1910 955 1980 voluptatibus
989 1910 1194 1975 variis,
1233 1911 1287 1964 in
1325 1909 1538 1963 malitia
1574 1918 1629 1963 et
1662 1909 1869 1963 invidia
1904 1925 2070 1978 agen—

490 2014 607 2065 tes,
639 2003 765 2056 odio
799 2001 982 2070 digni,
1017 2001 1265 2054 odientes
1303 2017 1404 2054 nos
1440 2001 1675 2054 invicem
1713 1999 1764 2052 ἀ.
1799 2020 1817 2051 ι
1850 1999 1912 2052 Et
1956 2001 2073 2068 ipse

492 2093 636 2148 Deus
668 2109 768 2164 per
798 2109 1059 2163 magnum
1093 2092 1282 2146 Mosen
1310 2110 1322 2145 :
1354 2111 1371 2142 ι
1405 2090 1501 2146 Isti
1522 2135 1535 2156 ,
1568 2091 1781 2162 inquit,
1817 2106 2074 2160 provoca-

491 2194 688 2238 verunt
723 2200 807 2239 nte
841 2199 904 2238 eo
931 2183 1078 2254 quod
1114 2200 1222 2237 non
1259 2193 1346 2238 est
1381 2182 1523 2236 Deus
1546 2224 1560 2245 ,
1597 2183 1952 2236 irritaverunt
1987 2196 2074 2236 me

492 2277 659 2330 idolis
692 2276 840 2339 suis,
870 2259 924 2328 et
953 2291 1054 2344 ego
1085 2273 1397 2345 provocabo
1423 2288 1520 2328 eos
1552 2288 1649 2343 per
1679 2289 1788 2327 non
1818 2281 2035 2343 gentem
2054 2314 2068 2338 ,

490 2384 587 2438 per
616 2375 829 2438 gentem
864 2369 1089 2423 stultam
1121 2367 1348 2421 irritabo
1389 2369 1514 2422 illos
1555 2379 1604 2423 θ.
1641 2387 1659 2418 ι
1693 2366 1797 2421 Per
1833 2368 1933 2422 hos
1968 2367 2072 2437 igi-

497 2471 608 2524 tur,
628 2459 717 2526 qui
744 2459 873 2512 olim
899 2459 1053 2513 fuere
1081 2459 1409 2528 insipientes
1431 2467 1484 2513 et
1533 2459 1727 2525 stulti,
1781 2467 2072 2514 errantes-

489 2565 596 2619 que
652 2561 706 2605 et
759 2551 886 2604 odio
952 2549 1145 2620 digni,
1207 2562 1261 2605 et
1326 2551 1688 2619 pestilentes,
1752 2559 1808 2604 et
1869 2550 2068 2614 alieni,

487 2649 545 2694 et
614 2641 885 2710 gentiles,
966 2640 1246 2695 diabolum
1344 2640 1745 2695 destruendum
1836 2639 2072 2708 prophe-

488 2731 596 2784 tica
669 2732 1004 2801 prmnuntiat
1068 2732 1269 2786 oratio.
1331 2732 1398 2784 Et
1451 2732 1700 2785 invenire
1753 2731 1912 2794 licet,
1965 2730 2072 2796 piis

489 2839 712 2894 quoque
735 2865 750 2886 ,
785 2825 876 2894 qui
912 2825 1199 2879 credidere
1225 2865 1240 2888 ,
1275 2824 1572 2876 alienorum
1607 2837 1810 2876 nomen
1844 2821 2071 2890 imposi-

487 2921 623 2967 tum.
654 2933 672 2965 ι
704 2913 812 2968 Vos
857 2915 1042 2978 enim,
1104 2915 1308 2984 inquit,
1342 2915 1436 2982 qui
1481 2913 1608 2965 olim
1663 2911 1823 2980 longe
1870 2910 2070 2963 remoti

487 3008 659 3061 cratis
682 3047 695 3071 ,
727 3006 855 3061 facti
885 3008 1018 3061 estis
1046 3005 1309 3076 prope?»
1337 3003 1448 3059 Hos
1475 3005 1551 3056 ait
1578 3003 1776 3073 gladiis
1805 3004 1922 3056 suis
1948 3003 2069 3055 dia-

486 3098 596 3152 boli
635 3098 884 3154 scientiae
927 3096 1400 3166 pulchritudinem
1434 3095 1714 3150 deleturos
1739 3135 1752 3158 ,
1787 3105 1841 3149 et
1877 3096 1942 3149 ad
1977 3097 2071 3149 ni~

493 3189 666 3242 hilum
730 3187 1056 3241 redacturos
1105 3204 1117 3239 ε
1174 3186 1282 3240 hoc
1331 3197 1445 3250 est,
1501 3195 1627 3238 tuas
1663 3185 1948 3240 machinas
1982 3187 2074 3240 de-

2186 1907 2507 1969 Ἀπόστολος
2557 1907 2745 1975 λέγει·
2800 1925 2820 1958 r
2856 1903 3038 1976 Ἦμεν
3092 1909 3202 1978 γάρ
3255 1926 3386 1962 ποτε
3435 1913 3528 1964 καὶ
3587 1915 3748 1982 ἡμεῖς

2172 1999 2407 2067 ἀνόητοι,
2457 1999 2726 2063 ἀπειθεῖς,
2766 1999 3130 2070 πλανώμενοι,
3177 2000 3517 2065 δουλεύοντες
3561 2005 3748 2059 ἐπιθυ-

2177 2091 2330 2160 μίαις
2364 2092 2459 2144 καὶ
2504 2091 2718 2159 ἡδοναῖς
2771 2092 3066 2156 ποικίλαις,
3123 2094 3180 2145 ὲν
3240 2099 3407 2166 κακίᾳ
3437 2096 3528 2149 καὶ
3569 2097 3746 2168 φθόνῳ

2174 2180 2471 2248 διάγοντες,
2507 2182 2785 2250 στυγητοὶ,
2825 2181 3111 2252 μισοῦντες
3142 2185 3422 2255 ἀλλήλους.
3458 2207 3476 2238 ι
3514 2189 3622 2240 Καὶ
3650 2190 3746 2241 αύ-

2171 2274 2260 2335 τδς
2287 2274 2344 2326 δὲ
2379 2274 2407 2325 ὁ
2433 2273 2566 2334 Θεὸς
2597 2273 2685 2324 διὰ
2709 2273 2802 2325 τοῦ
2852 2275 3088 2342 μεγάλου
3123 2275 3359 2340 Μωσέως
3381 2279 3423 2310 ⁸⁸
3459 2295 3472 2310 ο
3511 2299 3531 2332 ι
3562 2282 3744 2344 Αὐτοὶ,

2173 2365 2330 2431 φησὶ,
2373 2363 2770 2432 παρεζήλωσάν
2811 2380 2881 2432 με
2918 2366 3085 2417 ὲπόῠ
3113 2367 3255 2436 Θεῷ,
3291 2370 3647 2440 παρώργισάν
3679 2391 3744 2442 με

2173 2453 2227 2504 έν
2255 2455 2365 2515 τοῖς
2392 2453 2634 2514 εἰδώλοις
2663 2453 2842 2506 αὐτῶν
2871 2469 2884 2484 ·
2940 2455 3097 2522 κάγὼ
3145 2459 3524 2529 παραζηλώσω
3551 2462 3746 2526 αὐτοὺς

2173 2544 2258 2594 ἐπ’
2295 2544 2395 2595 οὐκ
2422 2543 2584 2605 ἔθνει,
2616 2543 2706 2595 ἐπὶ
2738 2543 2880 2596 ἔθνει
2913 2546 3156 2616 ἀσυνέτῳ
3174 2551 3456 2619 παροργιῶ
3477 2553 3692 2616 αὐτούς.
3720 2571 3739 2604 ι

2172 2633 2269 2684 Διὰ
2319 2635 2524 2686 τούτων
2552 2633 2731 2686 τοίνυν
2760 2633 2868 2686 τῶν
2914 2635 3081 2689 πάλαι
3129 2638 3427 2706 ἀσυνέτων,
3460 2643 3554 2695 καὶ
3582 2645 3743 2716 ἀνοή-

2170 2739 2298 2786 των,
2331 2724 2426 2776 καὶ
2457 2723 2847 2794 πλανωμένων,
2883 2726 2990 2778 ’καὶ
3031 2730 3334 2798 στυγητῶν,
3371 2733 3467 2784 καὶ
3518 2733 3741 2805 λοιμῶν,

2172 2816 2267 2868 καὶ
2295 2815 2610 2885 ἀλλοτρίων,
2647 2817 2741 2869 καὶ
2763 2815 3010 2882 ἐθνικῶν,
3044 2819 3141 2889 τὴν
3172 2821 3264 2874 τοῦ
3297 2822 3546 2877 διαϐόλου
3574 2827 3741 2880 κατά-

2171 2907 2320 2958 λυσιν
2368 2909 2397 2959 ό
2453 2908 2788 2978 προφητικὸς
2841 2912 3206 2982 προαγορεύει
3259 2914 3434 2981 λόγος.
3485 2918 3642 2970 Ἔστι
3688 2920 3742 2972 δὲ

2170 2997 2264 3084 καὶ
2289 2998 2333 3028 ⁸³
2379 2997 2558 3066 εὑρεῖν
2592 3000 2684 3051 καὶ
2719 3001 2779 3052 τὸ
2806 3000 2915 3052 τῶν
2941 3001 3237 3070 ἀλλοτρίων
3291 3007 3461 3076 ὄνομα
3493 3009 3741 3078 κείμενον

2173 3088 2262 3140 ἐπὶ
2285 3086 2393 3140 τῶν
2415 3090 2858 3142 πεπιστευκότων
2888 3091 3177 3145 εὐσεϐῶν(
3204 3094 3392 3165 Ὑμεῖς
3417 3096 3740 3169 γάρ,φησὶν,

2176 3180 2232 3230 οῖ
2283 3196 2416 3263 ποτε
2469 3180 2620 3244 ὅντες
2665 3182 2902 3251 μακρὰν,
2936 3185 3104 3251 ἔγγὺς
3126 3187 3440 3258 ἐγενήθητε.
3467 3208 3486 3240 ι
3513 3190 3744 3254 Τούτους

487 3287 734 3343 struenl,
785 3287 840 3334 et
887 3278 1124 3332 insidias
1145 3315 1159 3340 ,
1187 3292 1324 3346 quas
1355 3286 1544 3330 contra
1574 3276 1823 3331 homines
1848 3278 2067 3333 molitus

2176 3270 2322 3337 λέγει
2355 3272 2473 3332 ταῖς
2513 3271 2722 3323 ἑαυτῶν
2761 3274 3054 3342 μαχαίραις
3088 3277 3186 3345 τῆς
3221 3277 3314 3330 τοῦ
3345 3279 3590 3333 διαϐόλου
3623 3284 3741 3334 ἔπι-

490 3371 690 3433 l'ueris,
721 3377 1095 3438 compescent,
1116 3382 1345 3438 qumque
1382 3368 1606 3437 abipsis
1630 3369 1729 3422 tibi
1749 3377 2067 3422 constructa

2173 3362 2274 3431 στή
2285 3379 2390 3432 μης
2418 3361 2478 3414 τὸ
2505 3361 2699 3425 κάλλος
2717 3364 3001 3432 ἀφανίζειν
3023 3369 3116 3420 καὶ
3144 3369 3372 3438 φροῦδον
3399 3375 3590 3438 ποιεῖν,
3621 3375 3740 3427 ἀντὶ

488 3456 699 3510 fuerint
731 3455 990 3511 delubra.
1030 3471 1058 3507 a
1096 3455 1469 3510 fundamentis
1500 3465 1781 3518 evertent,
1819 3467 1873 3511 et
1901 3457 2063 3512 veluti

2172 3453 2290 3514 τοῦ,
2327 3453 2427 3514 τὰς
2485 3451 2586 3514 σὰς
2640 3455 3002 3509 καταλύσουσι
3062 3461 3328 3528 μηχανὰς,
3357 3463 3451 3515 καὶ
3477 3466 3574 3526 τὰς
3605 3466 3739 3518 κατὰ

485 3545 651 3598 morti
677 3544 899 3596 tradent
923 3553 976 3596 te
1001 3543 1296 3607 oblivioni,
1333 3551 1558 3612 accepta
1589 3553 1865 3613 potestate
1893 3563 1911 3594 ι
1947 3545 2058 3598 eal-

485 3635 648 3688 candi
681 3648 845 3702 super
878 3641 1160 3702 serpentes
1191 3642 1245 3688 et
1275 3635 1599 3704 scorpiones
1622 3676 1635 3699 ,
1663 3645 1717 3689 et
1747 3650 1914 3703 super
1942 3650 2058 3690 om-

487 3742 610 3781 nem
643 3733 791 3779 tuam
829 3726 1092 3779 virtutem
1129 3728 1174 3778 ε.
1209 3746 1227 3778 ι
1257 3726 1434 3795 Atque
1471 3727 1608 3796 ipsis
1641 3727 1807 3783 rebus
1841 3728 2055 3791 disces,

487 3819 768 3872 incassum
799 3825 852 3870 te
888 3817 1204 3872 hominibus
1237 3819 1580 3886 persuasisse
1620 3819 1783 3887 912
1839 3828 1892 3874 te
1939 3834 2059 3873 esse

487 3907 678 3962 Deum.
715 3908 776 3959 Et
811 3908 922 3960 haec
961 3909 1188 3978 patieris
1210 3949 1224 3972 ,
1256 3909 1389 3978 quia
1422 3909 1875 3964 incircumcisam
1909 3926 2060 3963 men-

483 4007 593 4053 tem
626 3998 900 4064 habuisti,
933 4014 1266 4069 gravemque
1297 4007 1410 4054 tua:
1445 4002 1778 4073 arrogantiae
1807 4001 2060 4055 morbum

484 4108 830 4163 nequaquam
869 4093 1299 4150 circumcidisti.

2171 3544 2282 3596 τῶν
2313 3542 2616 3613 ἀνθρώπων
2647 3544 2946 3599 παύσουσιν
2971 3549 3280 3615 ἐπιϐουλὰς,
3311 3553 3404 3604 καὶ
3427 3554 3497 3607 τὰ
3531 3557 3620 3607 ὑπ’
3641 3559 3736 3608 αύ-

2167 3632 2277 3685 τῶν
2318 3649 2399 3684 σοι
2449 3634 2715 3702 γενόμενα
2748 3635 2812 3688 ὲκ
2850 3635 3063 3708 βάθρων
3093 3640 3462 3696 ἀνασπάσουσι
3515 3648 3734 3717 τεμένη,

2167 3725 2261 3776 καί
2306 3740 2366 3775 σε
2413 3720 2525 3776 οἷόν
2574 3741 2676 3778 τινι
2724 3725 2939 3798 θανάτῳ
3005 3731 3386 3801 παραδώσουσι
3448 3739 3514 3806 τῇ
3576 3737 3732 3809 λήθῃ,

2167 3814 2423 3878 λαϐόντες
2453 3814 2701 3880 ἐξουσίαν
2738 3836 2756 3868 ι
2793 3824 2984 3873 πατεῖν
3019 3825 3200 3878 ἐπάνω
3242 3826 3417 3891 ὄφεων
3450 3831 3545 3882 καὶ
3575 3848 3732 3902 σκορ-

2168 3907 2435 3970 πίων,κα“ι
2464 3909 2557 3960 ἐπὶ
2588 3909 2764 3964 πᾶσάν
2794 3927 2888 3964 σου
2909 3912 3139 3984 δύναμιν
3165 3917 3231 3970 ⁸³.
3276 3936 3293 3968 ι
3325 3920 3433 3972 Καὶ
3461 3921 3529 3974 δι’
3558 3923 3733 3976 αύτιίν

2171 3998 2392 4071 μαθήσῃ
2428 3999 2536 4052 τῶν
2580 4003 2942 4072 πραγμάτων,
2963 4005 3036 4069 ὡς
3062 4011 3239 4079 μάτην
3269 4012 3557 4078 ἀνέπεισας
3609 4018 3733 4081 τοὺς

2175 4092 2517 4161 ἀνθρώπους,
2565 4095 2646 4148 ὅτι
2693 4096 2827 4160 Θεὸς
2859 4095 2927 4150 ei.
2979 4101 3165 4154 Ταῦτα
3199 4105 3254 4156 δὲ
3310 4106 3494 4178 πείσῃ,
3548 4111 3731 4181 ἐπειδὴ

483 4183 853 4254 ἀπερίτμητον
891 4185 1048 4254 ἔσχες
1077 4185 1136 4238 τὺ
1159 4185 1436 4256 φρόνημα,
1494 4187 1589 4238 καὶ
1649 4187 1710 4239 τὸ
1743 4187 1980 4256 χαλεπὸν
2033 4187 2134 4254 τῆς
2167 4183 2486 4257 ἀλαζονείας
2517 4203 2610 4239 σου
2643 4187 2718 4258 μὴ
2747 4189 2794 4220 ⁸⁸
2822 4191 3144 4263 περιέτεμες
3167 4195 3354 4260 πάθος.

556 4279 722 4332 V'sns.
743 4278 929 4333 H-l3.
954 4278 1020 4332 Et
1040 4278 1240 4347 factum
1267 4289 1345 4332 est
1384 4279 1595 4333 verbum
1625 4280 1836 4334 Domini
1858 4279 1927 4334 ad
1951 4297 2050 4344 me,

2231 4286 2410 4346 ια’-ιγ’.
2439 4278 2551 4330 Kal
2579 4281 2818 4349 ἐγένετο
2857 4286 3041 4352 λόγος
3084 4285 3306 4355 Κυρίου
3337 4291 3486 4358 πρὸς
3506 4291 3601 4362 μὲ,
3629 4295 3728 4348 λέ.

484 4369 698 4423 dicens:
739 4367 849 4423 Fili
878 4371 1130 4433 hominis,
1157 4372 1376 4424 institue
1411 4373 1840 4426 lamentationem
1898 4389 2054 4442 super

2171 4387 2279 4439 Γων
2304 4387 2317 4400 ·
2359 4369 2454 4422 Υἱὲ
2485 4369 2822 4438 ἀνθρώπου,
2869 4375 3016 4428 λάϐε
3063 4376 3286 4444 θρῆνον
3334 4382 3433 4433 ἐπὶ
3484 4385 3588 4436 τὸν
3630 4385 3730 4454 ἆρ-

480 4462 763 4528 principem
799 4461 946 4530 Tyri.
988 4460 1052 4513 Et
1083 4461 1169 4514 dic
1197 4461 1246 4514 ei
1275 4479 1292 4516 :
1326 4462 1453 4515 Ha’e
1481 4462 1610 4516 dicit
1637 4466 1843 4517 Adonai
1878 4463 2056 4517 Domi-

485 4569 583 4605 nus
610 4567 627 4604 :
656 4551 734 4605 Tu
763 4568 817 4605 es
843 4551 1176 4620 signaculum
1213 4553 1580 4608 similitudinis
1601 4596 1613 4618 ,
1637 4557 1820 4623 plenus
1849 4557 2056 4624 sapien-

485 4644 572 4694 tia;
594 4680 607 4701 ,
633 4652 683 4694 et
714 4657 909 4694 corona
942 4641 1374 4708 pulchritudinis.
1407 4642 1472 4696 Et
1503 4646 1556 4696 in
1585 4643 1784 4696 deliciis
1817 4644 2057 4711 paradisi

484 4731 579 4784 Dei
617 4732 802 4797 fuisti,
842 4748 1045 4784 onmem
1086 4732 1315 4800 lapidem
1365 4735 1653 4800 pretiosum
1705 4733 1916 4785 indutus
1960 4749 2050 4796 es,

483 4821 752 4886 sardium,
795 4829 843 4874 et
876 4823 1142 4886 topazium
1169 4863 1182 4888 ,
1224 4831 1274 4874 et
1307 4822 1649 4889 smaragdum
1674 4861 1688 4880 ,
1739 4831 1786 4873 et
1828 4821 2049 4888 hyacin-

483 4911 656 4974 thum,
685 4921 734 4964 et
769 4911 1170 4977 carbunculum,
1217 4922 1266 4965 et
1298 4913 1607 4980 sapphirum
1631 4952 1644 4972 ,
1677 4922 1726 4964 et
1747 4912 2012 4980 jaspidem
2035 4954 2048 4976 ,

479 5009 528 5051 et
566 5011 873 5069 argentum,
941 5013 988 5054 et
1056 5019 1283 5066 aurum,
1339 5014 1386 5055 et
1429 5003 1708 5070 ligurium,
1777 5012 1827 5056 et
1898 5005 2055 5057 (Γίω-

549 5177 576 5215 δ
603 5177 710 5231 Tit.
743 5193 824 5244 tu,
851 5180 906 5233 ’5.
986 5191 1010 5217 ε
1036 5179 1193 5236 Deut.
1229 5196 1402 5249 xxx",
1431 5183 1523 5237 21.

2161 4479 2346 4528 χοντα
2374 4463 2582 4529 Τύρου.
2618 4463 2726 4517 Kal
2776 4465 2904 4517 ειπὲ
2929 4469 3088 4533 αὐτῷ
3118 4487 3132 4502 ·
3178 4471 3327 4526 Τάδε
3359 4473 3520 4544 λέγει
3555 4477 3728 4530 Ἀδω-

2159 4553 2264 4605 ναῒ
2288 4554 2502 4620 Κύριος
2520 4569 2533 4582 ·
2565 4553 2648 4606 Σὺ
2676 4551 2796 4607 si"
2825 4558 3291 4631 ἀποσφράγισμα
3313 4567 3642 4634 ὁμοιώσεως
3662 4570 3726 4634 ⁸⁸,

2160 4643 2397 4709 πλήρης
2427 4647 2672 4712 σοφίας,
2716 4646 2814 4699 καὶ
2845 4649 3148 4718 στέφανος
3195 4654 3464 4723 κάλλους
3508 4659 3574 4714 ⁸⁷.
3616 4660 3726 4714 Kal

2157 4735 2228 4785 ἐν
2245 4733 2316 4801 τῇ
2351 4735 2543 4802 τρυφῇ
2575 4737 2680 4790 τοῦ
2709 4739 3076 4806 παραδείσου
3104 4745 3209 4797 τοῦ
3239 4747 3386 4800 Θεοῦ
3414 4749 3724 4819 ἑγενήθης·

2158 4821 2356 4876 πάντα
2401 4826 2576 4878 λίθον
2622 4830 2820 4895 τίμιον
2862 4829 2908 4860 ⁸⁸
2939 4831 3270 4895 ἑνδέδεσαι,
3316 4835 3586 4904 σάρδιον,
3630 4841 3727 4893 καὶ

2157 4913 2455 4981 τοπάᾷον,
2503 4918 2602 4970 καὶ
2639 4919 3008 4988 σμάραγδον,
3041 4923 3138 4975 καὶ
3191 4926 3481 4982 ὑάκινθον
3506 4930 3571 4995 ³⁸,
3627 4933 3727 4986 καὶ

2160 5006 2444 5074 ἄνθρακα,
2483 5011 2580 5064 καὶ
2620 5010 2974 5080 σάπφειρον,
3006 5016 3103 5068 καὶ
3153 5018 3384 5084 ἴασπιν,
3418 5023 3514 5075 καὶ
3545 5024 3726 5092 ἀργύο

1609 5183 1628 5222 τ
1657 5185 1854 5255 Ephes.
1888 5203 1947 5251 tt,
1983 5191 2066 5244 l3.
2152 5194 2175 5230 ⁸
2200 5189 2332 5248 Luc.
2365 5211 2420 5261 Χ,
2450 5196 2535 5251 l9.

1750 5341 1986 5396 VAItIA'S
2015 5343 2414 5406 LECTIONES.

548 5425 589 5456 "
627 5422 668 5475 Β
693 5422 989 5482 Μωῦσέως.
1073 5424 1116 5456 ⁸³
1154 5425 1269 5478 καί.
1291 5425 1418 5483 Des.
1453 5429 1506 5482 in
1539 5429 1600 5482 B.

479 5495 561 5565 οὗ.
629 5489 782 5565 β’ᾼεῐ.
813 5492 872 5565 in
897 5493 984 5544 cd.
1013 5491 1186 5565 ASirrn.
1217 5500 1555 5563 praecedebat
1586 5499 1664 5565 δέ,

1705 5431 2182 5526 ἶῗ.ῗῗῗῗζὶ“¹;--“ξο·
2228 5440 2357 5526 ίεοίε
2397 5443 2630 5526 ¹·,(³;.ί³²⁵.ι
2668 5429 2896 5515 δύναμιν
2918 5449 3010 5501 τοῦ
3041 5450 3312 5526 ixmil
3343 5456 3389 5487 ⁸⁸
3411 5473 3502 5508 σου
3536 5457 3630 5526 μήο
3677 5453 3723 5507 Β

1696 5504 2047 5588 quotl'tamen
2093 5507 2188 5588 «lus
2232 5510 2287 5564 in
2331 5514 2372 5564 Α
2405 5521 2458 5566 et
2505 5511 2564 5576 Β,
2603 5514 2711 5569 imo
2735 5504 2954 5588 quoque
2985 5504 3342 5588 apdd'LXX.
3536 5504 3722 5580 Elim}

481 5560 971 5652 :iueELIIIrIILa—LHGJL
994 5563 1127 5652 be-I
1155 5567 1340 5652 1-3130!-
1373 5568 1424 5622 8-
1488 5569 1536 5652 θξ
1564 5570 1662 5622 ἀπ.
1688 5571 1779 5639 ὁμ.
1814 5570 1970 5652 Hebr.
2001 5581 2290 5652 perliciens
2321 5597 2632 5652 mensuram
2659 5625 2673 5649 ,
2713 5560 2766 5641 εἴ
2793 5560 3054 5641 omnibus,
3101 5565 3343 5648 numeris
3394 5560 3715 5650 35307358:

479 5631 643 5738 intra,
690 5630 844 5738 {fieri
883 5631 1067 5738 flung];
1087 5630 1734 5738 ἃᾐιξὲληέκσῗθράιγι.σμα.’
1759 5641 1859 5738 n
1896 5630 2045 5738 aiat};
2082 5630 2154 5702 κ(
3396 5630 3717 5730 illi;

478 5701 519 5755 Ι.
551 5718 604 5758 c.
637 5743 650 5769 ,
690 5701 784 5758 sed
813 5701 850 5754 Α
895 5701 1052 5758 habet
1087 5701 1339 5775 χρηστόν.
1427 5701 1478 5738 θ’θ’
1508 5701 1560 5759 κζ
1587 5701 1691 5762 ὕάκ

1759 5709 1878 5766 Des.
1923 5713 1975 5766 in
2012 5716 2075 5768 Λ.
