  <div class='ocr_page' id='page_1' title='image "/cluster/home/n/w/nwhite01/storage/ocr_20150623/81:no.2/coo.31924054869825/554.png"; bbox 0 0 4116 6458; ppageno 0'>
   <div class='ocr_carea' id='block_1_1' title="bbox 458 364 3701 449">
    <p class='ocr_par' dir='ltr' id='par_1_1' title="bbox 458 364 3701 449">
     <span class='ocr_line' id='line_1_1' title="bbox 458 364 3701 449; baseline 0.011 -38"><span class='ocrx_word' id='word_1_1' title='bbox 458 364 604 432; x_wconf 74' lang='lat'><strong>.1093</strong></span> <span class='ocrx_word' id='word_1_2' title='bbox 1516 370 1598 431; x_wconf 90' lang='lat' dir='ltr'><strong>IN</strong></span> <span class='ocrx_word' id='word_1_3' title='bbox 1629 370 2075 433; x_wconf 82' lang='lat' dir='ltr'><strong>EZECHIELIS</strong></span> <span class='ocrx_word' id='word_1_4' title='bbox 2112 373 2269 435; x_wconf 84' lang='lat' dir='ltr'><strong>CAP.</strong></span> <span class='ocrx_word' id='word_1_5' title='bbox 2302 379 2552 441; x_wconf 79' lang='lat' dir='ltr'><strong>XXVIII</strong></span> <span class='ocrx_word' id='word_1_6' title='bbox 3565 385 3701 449; x_wconf 74' lang='grc'><strong>1034</strong></span> 
     </span>
    </p>
   </div>
   <div class='ocr_carea' id='block_1_2' title="bbox 439 480 2004 568">
    <p class='ocr_par' dir='ltr' id='par_1_2' title="bbox 439 480 2004 552">
     <span class='ocr_line' id='line_1_2' title="bbox 439 480 2004 552; baseline 0.002 -18"><span class='ocrx_word' id='word_1_7' title='bbox 439 498 610 551; x_wconf 70' lang='grc' dir='ltr'>ρων,</span> <span class='ocrx_word' id='word_1_8' title='bbox 642 480 744 535; x_wconf 77' lang='grc' dir='ltr'>καί</span> <span class='ocrx_word' id='word_1_9' title='bbox 781 495 1063 550; x_wconf 72' lang='grc' dir='ltr'>χρυσίον,</span> <span class='ocrx_word' id='word_1_10' title='bbox 1088 483 1184 536; x_wconf 75' lang='grc' dir='ltr'>καί</span> <span class='ocrx_word' id='word_1_11' title='bbox 1210 483 1504 552; x_wconf 74' lang='grc' dir='ltr'>λιγύριον,</span> <span class='ocrx_word' id='word_1_12' title='bbox 1528 483 1630 537; x_wconf 79' lang='grc' dir='ltr'><strong>καὶ</strong></span> <span class='ocrx_word' id='word_1_13' title='bbox 1658 482 1913 551; x_wconf 80' lang='grc' dir='ltr'>ἁχάτην,</span> <span class='ocrx_word' id='word_1_14' title='bbox 1935 499 2004 537; x_wconf 81' lang='grc' dir='ltr'>κα</span> 
     </span>
    </p>
   </div>
   <div class='ocr_carea' id='block_1_3' title="bbox 2105 480 3699 568">
    <p class='ocr_par' dir='ltr' id='par_1_3' title="bbox 2105 495 3699 568">
     <span class='ocr_line' id='line_1_3' title="bbox 2105 495 3699 568; baseline 0.006 -26"><span class='ocrx_word' id='word_1_15' title='bbox 2105 532 2108 542; x_wconf 44' lang='grc' dir='ltr'><strong>ι</strong></span> <span class='ocrx_word' id='word_1_16' title='bbox 2139 495 2280 555; x_wconf 78' lang='lat' dir='ltr'><strong>tem,</strong></span> <span class='ocrx_word' id='word_1_17' title='bbox 2328 503 2378 547; x_wconf 87' lang='lat' dir='ltr'><strong>et</strong></span> <span class='ocrx_word' id='word_1_18' title='bbox 2416 496 2799 566; x_wconf 70' lang='lat' dir='ltr'><strong>amethyslum,</strong></span> <span class='ocrx_word' id='word_1_19' title='bbox 2838 506 2890 550; x_wconf 86' lang='lat' dir='ltr'><strong>et</strong></span> <span class='ocrx_word' id='word_1_20' title='bbox 2941 496 3320 567; x_wconf 72' lang='lat' dir='ltr'><strong>cltrgsolt&#39;tltum</strong></span> <span class='ocrx_word' id='word_1_21' title='bbox 3343 536 3359 561; x_wconf 89' lang='lat'><strong>,</strong></span> <span class='ocrx_word' id='word_1_22' title='bbox 3403 497 3659 568; x_wconf 75' lang='lat' dir='ltr'><strong>beryllum</strong></span> <span class='ocrx_word' id='word_1_23' title='bbox 3682 539 3699 561; x_wconf 88' lang='lat'><strong>,</strong></span> 
     </span>
    </p>
   </div>
   <div class='ocr_carea' id='block_1_4' title="bbox 456 572 2004 656">
    <p class='ocr_par' dir='ltr' id='par_1_4' title="bbox 456 572 1999 644">
     <span class='ocr_line' id='line_1_4' title="bbox 456 572 1999 644; baseline 0.001 -17"><span class='ocrx_word' id='word_1_24' title='bbox 456 572 821 643; x_wconf 80' lang='grc' dir='ltr'>ἀμέθυστον,</span> <span class='ocrx_word' id='word_1_25' title='bbox 846 573 946 628; x_wconf 82' lang='grc' dir='ltr'>καί</span> <span class='ocrx_word' id='word_1_26' title='bbox 975 574 1366 644; x_wconf 77' lang='grc' dir='ltr'>χρυσόλιθον,</span> <span class='ocrx_word' id='word_1_27' title='bbox 1389 573 1751 641; x_wconf 73' lang='grc' dir='ltr'>βηρύλλιον,</span> <span class='ocrx_word' id='word_1_28' title='bbox 1768 575 1868 628; x_wconf 75' lang='grc' dir='ltr'>καὶ</span> <span class='ocrx_word' id='word_1_29' title='bbox 1892 575 1999 629; x_wconf 58' lang='lat' dir='ltr'><strong>an}</strong></span> 
     </span>
    </p>
   </div>
   <div class='ocr_carea' id='block_1_5' title="bbox 2105 572 3698 656">
    <p class='ocr_par' dir='ltr' id='par_1_5' title="bbox 2131 584 3698 656">
     <span class='ocr_line' id='line_1_5' title="bbox 2131 584 3698 656; baseline 0.007 -23"><span class='ocrx_word' id='word_1_30' title='bbox 2131 590 2179 633; x_wconf 76' lang='lat' dir='ltr'><strong>et</strong></span> <span class='ocrx_word' id='word_1_31' title='bbox 2207 584 2551 652; x_wconf 67' lang='lat' dir='ltr'><strong>onychitinas.</strong></span> <span class='ocrx_word' id='word_1_32' title='bbox 2591 596 2643 641; x_wconf 79' lang='lat' dir='ltr'><strong>et</strong></span> <span class='ocrx_word' id='word_1_33' title='bbox 2685 604 2819 642; x_wconf 75' lang='lat' dir='ltr'><strong>auro</strong></span> <span class='ocrx_word' id='word_1_34' title='bbox 2857 588 3140 656; x_wconf 73' lang='lat' dir='ltr'><strong>implevisti</strong></span> <span class='ocrx_word' id='word_1_35' title='bbox 3180 588 3453 643; x_wconf 71' lang='lat' dir='ltr'><strong>thesauros</strong></span> <span class='ocrx_word' id='word_1_36' title='bbox 3489 599 3606 644; x_wconf 80' lang='lat' dir='ltr'><strong>tuos</strong></span> <span class='ocrx_word' id='word_1_37' title='bbox 3650 600 3698 644; x_wconf 81' lang='lat' dir='ltr'><strong>et</strong></span> 
     </span>
    </p>
   </div>
   <div class='ocr_carea' id='block_1_6' title="bbox 428 664 2004 751">
    <p class='ocr_par' dir='ltr' id='par_1_6' title="bbox 428 664 2004 734">
     <span class='ocr_line' id='line_1_6' title="bbox 428 664 2004 734; baseline -0.001 -15"><span class='ocrx_word' id='word_1_38' title='bbox 428 716 433 719; x_wconf 94' lang='lat'>_</span> <span class='ocrx_word' id='word_1_39' title='bbox 456 680 614 732; x_wconf 78' lang='grc' dir='ltr'>χιον,</span> <span class='ocrx_word' id='word_1_40' title='bbox 638 664 740 719; x_wconf 76' lang='grc' dir='ltr'>καί</span> <span class='ocrx_word' id='word_1_41' title='bbox 786 666 1024 733; x_wconf 81' lang='grc' dir='ltr'><strong>χρυσοῦ</strong></span> <span class='ocrx_word' id='word_1_42' title='bbox 1062 666 1408 734; x_wconf 71' lang='grc' dir='ltr'><strong>ἐνέπλησας</strong></span> <span class='ocrx_word' id='word_1_43' title='bbox 1430 666 1474 698; x_wconf 84' lang='grc'>⁹⁰</span> <span class='ocrx_word' id='word_1_44' title='bbox 1518 666 1663 733; x_wconf 83' lang='grc' dir='ltr'>τοὺς</span> <span class='ocrx_word' id='word_1_45' title='bbox 1690 666 2004 734; x_wconf 79' lang='grc' dir='ltr'>θησαυρού‹</span> 
     </span>
    </p>
   </div>
   <div class='ocr_carea' id='block_1_7' title="bbox 2105 664 3698 751">
    <p class='ocr_par' dir='ltr' id='par_1_7' title="bbox 2130 673 3698 751">
     <span class='ocr_line' id='line_1_7' title="bbox 2130 673 3698 751; baseline 0.008 -27"><span class='ocrx_word' id='word_1_46' title='bbox 2130 673 2405 740; x_wconf 76' lang='lat' dir='ltr'><strong>apothecas</strong></span> <span class='ocrx_word' id='word_1_47' title='bbox 2436 685 2555 731; x_wconf 70' lang='lat' dir='ltr'><strong>tua:</strong></span> <span class='ocrx_word' id='word_1_48' title='bbox 2585 679 2640 732; x_wconf 81' lang='lat' dir='ltr'><strong>in</strong></span> <span class='ocrx_word' id='word_1_49' title='bbox 2669 686 2737 743; x_wconf 79' lang='lat' dir='ltr'><strong>te,</strong></span> <span class='ocrx_word' id='word_1_50' title='bbox 2768 694 2837 733; x_wconf 79' lang='lat' dir='ltr'><strong>ea:</strong></span> <span class='ocrx_word' id='word_1_51' title='bbox 2862 696 2964 749; x_wconf 77' lang='lat' dir='ltr'><strong>quo</strong></span> <span class='ocrx_word' id='word_1_52' title='bbox 2991 690 3199 734; x_wconf 76' lang='lat' dir='ltr'><strong>creatus</strong></span> <span class='ocrx_word' id='word_1_53' title='bbox 3228 697 3304 734; x_wconf 78' lang='lat' dir='ltr'><strong>es.</strong></span> <span class='ocrx_word' id='word_1_54' title='bbox 3333 679 3463 736; x_wconf 68' lang='lat' dir='ltr'><strong>Haec</strong></span> <span class='ocrx_word' id='word_1_55' title='bbox 3494 682 3540 736; x_wconf 87' lang='lat' dir='ltr'><strong>si</strong></span> <span class='ocrx_word' id='word_1_56' title='bbox 3571 682 3698 751; x_wconf 89' lang='lat' dir='ltr'><strong>quis</strong></span> 
     </span>
    </p>
   </div>
   <div class='ocr_carea' id='block_1_8' title="bbox 454 752 2004 842">
    <p class='ocr_par' dir='ltr' id='par_1_8' title="bbox 454 752 2004 827">
     <span class='ocr_line' id='line_1_8' title="bbox 454 752 2004 827; baseline 0 -17"><span class='ocrx_word' id='word_1_57' title='bbox 454 770 593 821; x_wconf 85' lang='grc' dir='ltr'>σου,</span> <span class='ocrx_word' id='word_1_58' title='bbox 632 756 734 811; x_wconf 76' lang='grc' dir='ltr'>καί</span> <span class='ocrx_word' id='word_1_59' title='bbox 778 757 886 823; x_wconf 81' lang='grc' dir='ltr'>τὰς</span> <span class='ocrx_word' id='word_1_60' title='bbox 934 756 1246 823; x_wconf 72' lang='grc' dir='ltr'><strong>ἀποθήκας</strong></span> <span class='ocrx_word' id='word_1_61' title='bbox 1290 771 1408 811; x_wconf 87' lang='grc' dir='ltr'><strong>σου</strong></span> <span class='ocrx_word' id='word_1_62' title='bbox 1456 757 1527 810; x_wconf 78' lang='grc' dir='ltr'><strong>ἐν</strong></span> <span class='ocrx_word' id='word_1_63' title='bbox 1577 758 1702 823; x_wconf 72' lang='grc' dir='ltr'>σοι,</span> <span class='ocrx_word' id='word_1_64' title='bbox 1751 758 1852 827; x_wconf 72' lang='grc' dir='ltr'><strong>ἀφ’</strong></span> <span class='ocrx_word' id='word_1_65' title='bbox 1882 759 1925 791; x_wconf 73' lang='grc' dir='ltr'>’ί</span> <span class='ocrx_word' id='word_1_66' title='bbox 1955 752 2004 827; x_wconf 78' lang='grc' dir='ltr'><strong>ἧ‹</strong></span> 
     </span>
    </p>
   </div>
   <div class='ocr_carea' id='block_1_9' title="bbox 2105 752 3694 842">
    <p class='ocr_par' dir='ltr' id='par_1_9' title="bbox 2129 764 3694 842">
     <span class='ocr_line' id='line_1_9' title="bbox 2129 764 3694 842; baseline 0.008 -27"><span class='ocrx_word' id='word_1_67' title='bbox 2129 764 2297 818; x_wconf 82' lang='lat' dir='ltr'><strong>verba</strong></span> <span class='ocrx_word' id='word_1_68' title='bbox 2344 779 2599 836; x_wconf 89' lang='lat' dir='ltr'><strong>torquere</strong></span> <span class='ocrx_word' id='word_1_69' title='bbox 2640 770 2911 835; x_wconf 73' lang='lat' dir='ltr'><strong>voluerit,</strong></span> <span class='ocrx_word' id='word_1_70' title='bbox 2962 771 3032 826; x_wconf 89' lang='lat' dir='ltr'><strong>de</strong></span> <span class='ocrx_word' id='word_1_71' title='bbox 3077 787 3179 839; x_wconf 81' lang='lat' dir='ltr'><strong>eo,</strong></span> <span class='ocrx_word' id='word_1_72' title='bbox 3211 772 3305 842; x_wconf 89' lang='lat' dir='ltr'><strong>qui</strong></span> <span class='ocrx_word' id='word_1_73' title='bbox 3346 774 3694 838; x_wconf 74' lang='lat' dir='ltr'><strong>cernebatur,</strong></span> 
     </span>
    </p>
   </div>
   <div class='ocr_carea' id='block_1_10' title="bbox 453 846 2004 934">
    <p class='ocr_par' dir='ltr' id='par_1_10' title="bbox 453 846 2004 917">
     <span class='ocr_line' id='line_1_10' title="bbox 453 846 2004 917; baseline -0.001 -15"><span class='ocrx_word' id='word_1_74' title='bbox 453 849 681 917; x_wconf 76' lang='grc' dir='ltr'>ἡμέρας</span> <span class='ocrx_word' id='word_1_75' title='bbox 713 849 1019 915; x_wconf 82' lang='grc' dir='ltr'>ἐκτίσθης.</span> <span class='ocrx_word' id='word_1_76' title='bbox 1051 846 1234 901; x_wconf 84' lang='grc' dir='ltr'>Ταῦτα</span> <span class='ocrx_word' id='word_1_77' title='bbox 1264 847 1592 917; x_wconf 80' lang='grc' dir='ltr'><strong>βιασάμενος</strong></span> <span class='ocrx_word' id='word_1_78' title='bbox 1634 848 1700 901; x_wconf 81' lang='grc' dir='ltr'>ἄν</span> <span class='ocrx_word' id='word_1_79' title='bbox 1745 865 1829 911; x_wconf 87' lang='grc' dir='ltr'><strong>τις</strong></span> <span class='ocrx_word' id='word_1_80' title='bbox 1875 847 2004 901; x_wconf 82' lang='grc' dir='ltr'>λάσο</span> 
     </span>
    </p>
   </div>
   <div class='ocr_carea' id='block_1_11' title="bbox 2105 846 3698 934">
    <p class='ocr_par' dir='ltr' id='par_1_11' title="bbox 2127 856 3698 934">
     <span class='ocr_line' id='line_1_11' title="bbox 2127 856 3698 934; baseline 0.007 -26"><span class='ocrx_word' id='word_1_81' title='bbox 2127 856 2379 926; x_wconf 82' lang='lat' dir='ltr'><strong>principe</strong></span> <span class='ocrx_word' id='word_1_82' title='bbox 2403 857 2539 929; x_wconf 84' lang='lat' dir='ltr'><strong>Tyri</strong></span> <span class='ocrx_word' id='word_1_83' title='bbox 2579 860 2727 915; x_wconf 86' lang='lat' dir='ltr'><strong>dicta</strong></span> <span class='ocrx_word' id='word_1_84' title='bbox 2768 862 3047 931; x_wconf 86' lang='lat' dir='ltr'><strong>acceperit</strong></span> <span class='ocrx_word' id='word_1_85' title='bbox 3081 886 3093 917; x_wconf 89' lang='lat'>:</span> <span class='ocrx_word' id='word_1_86' title='bbox 3146 864 3372 934; x_wconf 75' lang='lat' dir='ltr'><strong>proprie</strong></span> <span class='ocrx_word' id='word_1_87' title='bbox 3410 870 3597 921; x_wconf 73' lang='lat' dir='ltr'><strong>tamen</strong></span> <span class='ocrx_word' id='word_1_88' title='bbox 3640 872 3698 919; x_wconf 78' lang='lat' dir='ltr'><strong>et</strong></span> 
     </span>
    </p>
   </div>
   <div class='ocr_carea' id='block_1_12' title="bbox 453 936 2004 1025">
    <p class='ocr_par' dir='ltr' id='par_1_12' title="bbox 453 936 2004 1010">
     <span class='ocr_line' id='line_1_12' title="bbox 453 936 2004 1010; baseline -0.001 -18"><span class='ocrx_word' id='word_1_89' title='bbox 453 939 549 992; x_wconf 83' lang='grc' dir='ltr'>καὶ</span> <span class='ocrx_word' id='word_1_90' title='bbox 577 939 659 1002; x_wconf 85' lang='grc' dir='ltr'><strong>είς</strong></span> <span class='ocrx_word' id='word_1_91' title='bbox 684 938 776 992; x_wconf 84' lang='grc' dir='ltr'><strong>τὸν</strong></span> <span class='ocrx_word' id='word_1_92' title='bbox 795 936 1073 1010; x_wconf 84' lang='grc' dir='ltr'>ὁρώμενον</span> <span class='ocrx_word' id='word_1_93' title='bbox 1099 938 1336 1008; x_wconf 81' lang='grc' dir='ltr'>ἄρχοντα</span> <span class='ocrx_word' id='word_1_94' title='bbox 1368 937 1547 1009; x_wconf 81' lang='grc' dir='ltr'><strong>Τύρου</strong></span> <span class='ocrx_word' id='word_1_95' title='bbox 1578 954 1591 968; x_wconf 90' lang='grc'><strong>·</strong></span> <span class='ocrx_word' id='word_1_96' title='bbox 1623 938 1826 1008; x_wconf 84' lang='grc' dir='ltr'>κυρίως</span> <span class='ocrx_word' id='word_1_97' title='bbox 1851 937 1909 990; x_wconf 78' lang='grc' dir='ltr'>δὲ</span> <span class='ocrx_word' id='word_1_98' title='bbox 1934 955 2004 991; x_wconf 85' lang='grc' dir='ltr'>κα</span> 
     </span>
    </p>
   </div>
   <div class='ocr_carea' id='block_1_13' title="bbox 2105 936 3695 1025">
    <p class='ocr_par' dir='ltr' id='par_1_13' title="bbox 2130 951 3695 1025">
     <span class='ocr_line' id='line_1_13' title="bbox 2130 951 3695 1025; baseline 0.006 -24"><span class='ocrx_word' id='word_1_99' title='bbox 2130 960 2255 1002; x_wconf 85' lang='lat' dir='ltr'><strong>vere</strong></span> <span class='ocrx_word' id='word_1_100' title='bbox 2299 951 2635 1004; x_wconf 85' lang='lat' dir='ltr'><strong>conveniunt</strong></span> <span class='ocrx_word' id='word_1_101' title='bbox 2679 953 2996 1022; x_wconf 85' lang='lat' dir='ltr'><strong>pernicioso</strong></span> <span class='ocrx_word' id='word_1_102' title='bbox 3041 954 3313 1018; x_wconf 64' lang='lat' dir='ltr'><strong>dasmoni,</strong></span> <span class='ocrx_word' id='word_1_103' title='bbox 3348 955 3442 1025; x_wconf 87' lang='lat' dir='ltr'><strong>qui</strong></span> <span class='ocrx_word' id='word_1_104' title='bbox 3489 956 3544 1010; x_wconf 90' lang='lat' dir='ltr'><strong>in</strong></span> <span class='ocrx_word' id='word_1_105' title='bbox 3600 956 3695 1011; x_wconf 92' lang='lat' dir='ltr'><strong>illo</strong></span> 
     </span>
    </p>
   </div>
   <div class='ocr_carea' id='block_1_14' title="bbox 451 1031 2025 1105">
    <p class='ocr_par' dir='ltr' id='par_1_14' title="bbox 451 1031 2025 1105">
     <span class='ocr_line' id='line_1_14' title="bbox 451 1031 2025 1105; baseline -0.001 -18"><span class='ocrx_word' id='word_1_106' title='bbox 451 1033 671 1104; x_wconf 76' lang='grc' dir='ltr'>άληθῶς</span> <span class='ocrx_word' id='word_1_107' title='bbox 718 1033 977 1102; x_wconf 64' lang='grc' dir='ltr'>ἁρμόττει</span> <span class='ocrx_word' id='word_1_108' title='bbox 1006 1031 1085 1101; x_wconf 82' lang='grc' dir='ltr'>τῷ</span> <span class='ocrx_word' id='word_1_109' title='bbox 1126 1034 1189 1084; x_wconf 82' lang='grc' dir='ltr'>ὲν</span> <span class='ocrx_word' id='word_1_110' title='bbox 1216 1032 1411 1103; x_wconf 76' lang='grc' dir='ltr'>ἐκείνῳ</span> <span class='ocrx_word' id='word_1_111' title='bbox 1446 1034 1808 1105; x_wconf 71' lang='grc' dir='ltr'>ἐνεργήσαντι</span> <span class='ocrx_word' id='word_1_112' title='bbox 1840 1032 2025 1103; x_wconf 78' lang='grc' dir='ltr'>ἀλιτη-</span> 
     </span>
    </p>
   </div>
   <div class='ocr_carea' id='block_1_15' title="bbox 454 1123 2022 1201">
    <p class='ocr_par' dir='ltr' id='par_1_15' title="bbox 454 1123 2022 1201">
     <span class='ocr_line' id='line_1_15' title="bbox 454 1123 2022 1201; baseline 0.001 -19"><span class='ocrx_word' id='word_1_113' title='bbox 454 1131 555 1201; x_wconf 81' lang='grc' dir='ltr'>ρίῳ</span> <span class='ocrx_word' id='word_1_114' title='bbox 583 1128 835 1199; x_wconf 92' lang='grc' dir='ltr'>δαίμονι·</span> <span class='ocrx_word' id='word_1_115' title='bbox 888 1129 970 1190; x_wconf 79' lang='grc' dir='ltr'><strong>είς</strong></span> <span class='ocrx_word' id='word_1_116' title='bbox 1005 1126 1103 1197; x_wconf 74' lang='grc' dir='ltr'>μὲν</span> <span class='ocrx_word' id='word_1_117' title='bbox 1132 1123 1226 1180; x_wconf 76' lang='grc' dir='ltr'>οὖν</span> <span class='ocrx_word' id='word_1_118' title='bbox 1270 1128 1364 1182; x_wconf 83' lang='grc' dir='ltr'>τὸν</span> <span class='ocrx_word' id='word_1_119' title='bbox 1409 1129 1644 1199; x_wconf 75' lang='grc' dir='ltr'>ἄρχοντα</span> <span class='ocrx_word' id='word_1_120' title='bbox 1697 1129 1900 1198; x_wconf 84' lang='grc' dir='ltr'><strong>Τύρου,</strong></span> <span class='ocrx_word' id='word_1_121' title='bbox 1932 1130 2022 1183; x_wconf 84' lang='grc' dir='ltr'><strong>τὸν</strong></span> 
     </span>
    </p>
   </div>
   <div class='ocr_carea' id='block_1_16' title="bbox 440 1215 2018 1290">
    <p class='ocr_par' dir='ltr' id='par_1_16' title="bbox 440 1215 2018 1290">
     <span class='ocr_line' id='line_1_16' title="bbox 440 1215 2018 1290; baseline -0.001 -15"><span class='ocrx_word' id='word_1_122' title='bbox 440 1220 746 1290; x_wconf 70' lang='grc' dir='ltr'>ὁρώμενον,</span> <span class='ocrx_word' id='word_1_123' title='bbox 767 1216 942 1270; x_wconf 81' lang='grc' dir='ltr'>ταῦτα</span> <span class='ocrx_word' id='word_1_124' title='bbox 965 1215 1357 1285; x_wconf 76' lang='grc' dir='ltr'>λαμϐάνοντες,</span> <span class='ocrx_word' id='word_1_125' title='bbox 1384 1217 1531 1272; x_wconf 80' lang='grc' dir='ltr'>οὕτω</span> <span class='ocrx_word' id='word_1_126' title='bbox 1562 1219 1830 1289; x_wconf 86' lang='grc' dir='ltr'>νοήσομεν</span> <span class='ocrx_word' id='word_1_127' title='bbox 1847 1236 1861 1251; x_wconf 78' lang='grc' dir='ltr'><strong><em>ο</em></strong></span> <span class='ocrx_word' id='word_1_128' title='bbox 1892 1239 1910 1271; x_wconf 74' lang='grc' dir='ltr'><strong>ι</strong></span> <span class='ocrx_word' id='word_1_129' title='bbox 1947 1221 2018 1273; x_wconf 88' lang='grc' dir='ltr'>Σὺ</span> 
     </span>
    </p>
   </div>
   <div class='ocr_carea' id='block_1_17' title="bbox 436 1308 2019 1384">
    <p class='ocr_par' dir='ltr' id='par_1_17' title="bbox 436 1308 2019 1384">
     <span class='ocr_line' id='line_1_17' title="bbox 436 1308 2019 1384; baseline 0 -18"><span class='ocrx_word' id='word_1_130' title='bbox 436 1308 505 1366; x_wconf 66' lang='grc' dir='ltr'>εἴ</span> <span class='ocrx_word' id='word_1_131' title='bbox 558 1311 992 1382; x_wconf 77' lang='grc' dir='ltr'><strong>ἀποσφράγισμα</strong></span> <span class='ocrx_word' id='word_1_132' title='bbox 1039 1308 1371 1380; x_wconf 77' lang='grc' dir='ltr'>ὁμοιώσεως.</span> <span class='ocrx_word' id='word_1_133' title='bbox 1430 1329 1450 1361; x_wconf 73' lang='grc' dir='ltr'><strong>ι</strong></span> <span class='ocrx_word' id='word_1_134' title='bbox 1507 1311 1644 1363; x_wconf 83' lang='grc' dir='ltr'>Κατ’</span> <span class='ocrx_word' id='word_1_135' title='bbox 1687 1310 1874 1384; x_wconf 57' lang='grc' dir='ltr'>εἰκόνα</span> <span class='ocrx_word' id='word_1_136' title='bbox 1913 1312 2019 1384; x_wconf 78' lang='grc' dir='ltr'><strong>γὰρ</strong></span> 
     </span>
    </p>
   </div>
   <div class='ocr_carea' id='block_1_18' title="bbox 432 1400 2018 1475">
    <p class='ocr_par' dir='ltr' id='par_1_18' title="bbox 432 1400 2018 1475">
     <span class='ocr_line' id='line_1_18' title="bbox 432 1400 2018 1475; baseline -0.001 -16"><span class='ocrx_word' id='word_1_137' title='bbox 432 1404 599 1459; x_wconf 74' lang='grc' dir='ltr'>θείαν</span> <span class='ocrx_word' id='word_1_138' title='bbox 628 1401 874 1472; x_wconf 67' lang='grc' dir='ltr'>ἐπλάσθη</span> <span class='ocrx_word' id='word_1_139' title='bbox 893 1403 922 1454; x_wconf 83' lang='grc' dir='ltr'><strong>ὁ</strong></span> <span class='ocrx_word' id='word_1_140' title='bbox 942 1400 1249 1471; x_wconf 77' lang='grc' dir='ltr'>ἄνθρωπος,</span> <span class='ocrx_word' id='word_1_141' title='bbox 1296 1402 1513 1475; x_wconf 84' lang='grc' dir='ltr'><strong>πλήρης</strong></span> <span class='ocrx_word' id='word_1_142' title='bbox 1563 1403 1756 1473; x_wconf 84' lang='grc' dir='ltr'>σοφίας</span> <span class='ocrx_word' id='word_1_143' title='bbox 1782 1421 1798 1436; x_wconf 75' lang='grc' dir='ltr'><strong>ο</strong></span> <span class='ocrx_word' id='word_1_144' title='bbox 1850 1406 1944 1461; x_wconf 84' lang='grc' dir='ltr'>καὶ</span> <span class='ocrx_word' id='word_1_145' title='bbox 1972 1407 2018 1438; x_wconf 77' lang='grc'><strong>⁸⁸</strong></span> 
     </span>
    </p>
   </div>
   <div class='ocr_carea' id='block_1_19' title="bbox 437 1493 2018 1566">
    <p class='ocr_par' dir='ltr' id='par_1_19' title="bbox 437 1493 2018 1566">
     <span class='ocr_line' id='line_1_19' title="bbox 437 1493 2018 1566; baseline 0.001 -18"><span class='ocrx_word' id='word_1_146' title='bbox 437 1494 664 1564; x_wconf 69' lang='grc' dir='ltr'>’λογικὸς</span> <span class='ocrx_word' id='word_1_147' title='bbox 688 1494 821 1566; x_wconf 86' lang='grc' dir='ltr'>γὰρ,</span> <span class='ocrx_word' id='word_1_148' title='bbox 856 1494 947 1548; x_wconf 73' lang='lat' dir='ltr'><strong>xa‘</strong></span> <span class='ocrx_word' id='word_1_149' title='bbox 999 1493 1143 1565; x_wconf 87' lang='grc' dir='ltr'>λόγῳ</span> <span class='ocrx_word' id='word_1_150' title='bbox 1186 1497 1570 1565; x_wconf 77' lang='grc' dir='ltr'><strong>τετιμημένος,</strong></span> <span class='ocrx_word' id='word_1_151' title='bbox 1607 1497 1703 1549; x_wconf 83' lang='grc' dir='ltr'>καὶ</span> <span class='ocrx_word' id='word_1_152' title='bbox 1754 1497 2018 1565; x_wconf 81' lang='grc' dir='ltr'>στέφανος</span> 
     </span>
    </p>
   </div>
   <div class='ocr_carea' id='block_1_20' title="bbox 434 1583 2017 1655">
    <p class='ocr_par' dir='ltr' id='par_1_20' title="bbox 434 1583 2017 1655">
     <span class='ocr_line' id='line_1_20' title="bbox 434 1583 2017 1655; baseline 0.003 -16"><span class='ocrx_word' id='word_1_153' title='bbox 434 1585 675 1649; x_wconf 78' lang='grc' dir='ltr'>-κάλλους</span> <span class='ocrx_word' id='word_1_154' title='bbox 704 1600 719 1614; x_wconf 92' lang='grc'><strong>·</strong></span> <span class='ocrx_word' id='word_1_155' title='bbox 769 1583 986 1638; x_wconf 80' lang='grc' dir='ltr'>πάντων</span> <span class='ocrx_word' id='word_1_156' title='bbox 1028 1583 1136 1654; x_wconf 86' lang='grc' dir='ltr'><strong>γὰρ</strong></span> <span class='ocrx_word' id='word_1_157' title='bbox 1189 1583 1455 1653; x_wconf 81' lang='grc' dir='ltr'><strong>κρείττων</strong></span> <span class='ocrx_word' id='word_1_158' title='bbox 1500 1586 1611 1639; x_wconf 83' lang='grc' dir='ltr'><strong>τῶν</strong></span> <span class='ocrx_word' id='word_1_159' title='bbox 1653 1586 1885 1655; x_wconf 79' lang='grc' dir='ltr'>ἀλόγων,</span> <span class='ocrx_word' id='word_1_160' title='bbox 1922 1590 2017 1643; x_wconf 82' lang='grc' dir='ltr'>καὶ</span> 
     </span>
    </p>
   </div>
   <div class='ocr_carea' id='block_1_21' title="bbox 444 1675 2010 1750">
    <p class='ocr_par' dir='ltr' id='par_1_21' title="bbox 444 1675 2010 1750">
     <span class='ocr_line' id='line_1_21' title="bbox 444 1675 2010 1750; baseline 0.001 -17"><span class='ocrx_word' id='word_1_161' title='bbox 444 1678 661 1743; x_wconf 82' lang='grc' dir='ltr'>πεζῶν,</span> <span class='ocrx_word' id='word_1_162' title='bbox 702 1677 811 1730; x_wconf 84' lang='grc' dir='ltr'>’καὶ</span> <span class='ocrx_word' id='word_1_163' title='bbox 856 1675 1106 1747; x_wconf 74' lang='grc' dir='ltr'>πτηνῶν,</span> <span class='ocrx_word' id='word_1_164' title='bbox 1155 1675 1392 1743; x_wconf 74' lang='grc' dir='ltr'>ἐνύδρων</span> <span class='ocrx_word' id='word_1_165' title='bbox 1445 1693 1506 1730; x_wconf 86' lang='grc' dir='ltr'><strong>τε</strong></span> <span class='ocrx_word' id='word_1_166' title='bbox 1567 1679 1669 1735; x_wconf 84' lang='grc' dir='ltr'>καὶ·</span> <span class='ocrx_word' id='word_1_167' title='bbox 1715 1681 2010 1750; x_wconf 76' lang='grc' dir='ltr'>άμφιόίων.</span> 
     </span>
    </p>
   </div>
   <div class='ocr_carea' id='block_1_22' title="bbox 451 1767 2015 1844">
    <p class='ocr_par' dir='ltr' id='par_1_22' title="bbox 451 1767 2015 1844">
     <span class='ocr_line' id='line_1_22' title="bbox 451 1767 2015 1844; baseline -0.001 -18"><span class='ocrx_word' id='word_1_168' title='bbox 451 1791 470 1826; x_wconf 74' lang='grc' dir='ltr'>ι</span> <span class='ocrx_word' id='word_1_169' title='bbox 506 1772 619 1826; x_wconf 82' lang='grc' dir='ltr'>Καὶ</span> <span class='ocrx_word' id='word_1_170' title='bbox 636 1773 694 1824; x_wconf 67' lang='grc' dir='ltr'>ἂν</span> <span class='ocrx_word' id='word_1_171' title='bbox 721 1772 789 1840; x_wconf 75' lang='grc' dir='ltr'>τῇ</span> <span class='ocrx_word' id='word_1_172' title='bbox 812 1771 993 1841; x_wconf 77' lang='grc' dir='ltr'>τρυφῇ</span> <span class='ocrx_word' id='word_1_173' title='bbox 1016 1767 1111 1822; x_wconf 81' lang='grc' dir='ltr'>τοῦ</span> <span class='ocrx_word' id='word_1_174' title='bbox 1157 1768 1487 1838; x_wconf 72' lang='grc' dir='ltr'>παραδείσου</span> <span class='ocrx_word' id='word_1_175' title='bbox 1515 1769 1610 1822; x_wconf 82' lang='grc' dir='ltr'><strong>τοῦ</strong></span> <span class='ocrx_word' id='word_1_176' title='bbox 1655 1770 1790 1823; x_wconf 82' lang='grc' dir='ltr'><strong>Θεοῦ</strong></span> <span class='ocrx_word' id='word_1_177' title='bbox 1825 1774 2015 1844; x_wconf 71' lang='grc' dir='ltr'>ὶγενή-</span> 
     </span>
    </p>
   </div>
   <div class='ocr_carea' id='block_1_23' title="bbox 441 1855 2006 1930">
    <p class='ocr_par' dir='ltr' id='par_1_23' title="bbox 441 1855 2006 1930">
     <span class='ocr_line' id='line_1_23' title="bbox 441 1855 2006 1930; baseline 0 -16"><span class='ocrx_word' id='word_1_178' title='bbox 441 1860 562 1930; x_wconf 88' lang='grc' dir='ltr'>θης.</span> <span class='ocrx_word' id='word_1_179' title='bbox 590 1878 609 1911; x_wconf 72' lang='grc' dir='ltr'><strong>ι</strong></span> <span class='ocrx_word' id='word_1_180' title='bbox 638 1858 734 1911; x_wconf 84' lang='grc' dir='ltr'><strong>Ἐκ</strong></span> <span class='ocrx_word' id='word_1_181' title='bbox 752 1857 861 1927; x_wconf 84' lang='grc' dir='ltr'><strong>γάρ</strong></span> <span class='ocrx_word' id='word_1_182' title='bbox 887 1855 982 1908; x_wconf 84' lang='grc' dir='ltr'>τοῦ</span> <span class='ocrx_word' id='word_1_183' title='bbox 1011 1856 1355 1926; x_wconf 80' lang='grc' dir='ltr'>προπάτορος</span> <span class='ocrx_word' id='word_1_184' title='bbox 1383 1857 1642 1925; x_wconf 82' lang='grc' dir='ltr'>κατάγεις</span> <span class='ocrx_word' id='word_1_185' title='bbox 1673 1859 1719 1891; x_wconf 77' lang='grc'><strong>⁸³</strong></span> <span class='ocrx_word' id='word_1_186' title='bbox 1745 1860 1807 1913; x_wconf 77' lang='grc' dir='ltr'>τὸ</span> <span class='ocrx_word' id='word_1_187' title='bbox 1834 1861 2006 1929; x_wconf 79' lang='grc' dir='ltr'>γένος,</span> 
     </span>
    </p>
   </div>
   <div class='ocr_carea' id='block_1_24' title="bbox 438 1944 2010 2024">
    <p class='ocr_par' dir='ltr' id='par_1_24' title="bbox 438 1944 2010 2024">
     <span class='ocr_line' id='line_1_24' title="bbox 438 1944 2010 2024; baseline 0.004 -23"><span class='ocrx_word' id='word_1_188' title='bbox 438 1950 499 2014; x_wconf 82' lang='grc' dir='ltr'>ὅς</span> <span class='ocrx_word' id='word_1_189' title='bbox 537 1949 701 2012; x_wconf 76' lang='grc' dir='ltr'>εὐθὺς</span> <span class='ocrx_word' id='word_1_190' title='bbox 745 1944 1101 2009; x_wconf 83' lang='grc' dir='ltr'>διαπλασθεὶς</span> <span class='ocrx_word' id='word_1_191' title='bbox 1127 1947 1188 2000; x_wconf 80' lang='grc' dir='ltr'>ὲν</span> <span class='ocrx_word' id='word_1_192' title='bbox 1215 1945 1291 2017; x_wconf 82' lang='grc' dir='ltr'>τῷ</span> <span class='ocrx_word' id='word_1_193' title='bbox 1325 1947 1642 2018; x_wconf 78' lang='grc' dir='ltr'>παραδείσῳ</span> <span class='ocrx_word' id='word_1_194' title='bbox 1670 1950 1771 2020; x_wconf 81' lang='grc' dir='ltr'>τῆς</span> <span class='ocrx_word' id='word_1_195' title='bbox 1799 1956 2010 2024; x_wconf 78' lang='grc' dir='ltr'><strong>τρυφῆς</strong></span> 
     </span>
    </p>
   </div>
   <div class='ocr_carea' id='block_1_25' title="bbox 436 2034 2009 2111">
    <p class='ocr_par' dir='ltr' id='par_1_25' title="bbox 436 2034 2009 2111">
     <span class='ocr_line' id='line_1_25' title="bbox 436 2034 2009 2111; baseline -0.002 -17"><span class='ocrx_word' id='word_1_196' title='bbox 436 2041 619 2111; x_wconf 69' lang='grc' dir='ltr'>ἐτέθη,</span> <span class='ocrx_word' id='word_1_197' title='bbox 646 2034 980 2110; x_wconf 69' lang='grc' dir='ltr'>ἐργάζεσθαι</span> <span class='ocrx_word' id='word_1_198' title='bbox 1007 2036 1169 2088; x_wconf 81' lang='grc' dir='ltr'>αὑτὸν</span> <span class='ocrx_word' id='word_1_199' title='bbox 1215 2037 1309 2089; x_wconf 83' lang='grc' dir='ltr'>καὶ</span> <span class='ocrx_word' id='word_1_200' title='bbox 1338 2036 1650 2105; x_wconf 79' lang='grc' dir='ltr'><strong>φυλάττειν.</strong></span> <span class='ocrx_word' id='word_1_201' title='bbox 1698 2039 1936 2104; x_wconf 80' lang='grc' dir='ltr'><strong>Εἰκότως</strong></span> <span class='ocrx_word' id='word_1_202' title='bbox 1963 2041 2009 2074; x_wconf 70' lang='grc'><strong>⁸⁸</strong></span> 
     </span>
    </p>
   </div>
   <div class='ocr_carea' id='block_1_26' title="bbox 435 2126 2006 2203">
    <p class='ocr_par' dir='ltr' id='par_1_26' title="bbox 435 2126 2006 2203">
     <span class='ocr_line' id='line_1_26' title="bbox 435 2126 2006 2203; baseline -0.003 -15"><span class='ocrx_word' id='word_1_203' title='bbox 435 2133 494 2186; x_wconf 65' lang='grc' dir='ltr'>δὲ</span> <span class='ocrx_word' id='word_1_204' title='bbox 523 2131 618 2187; x_wconf 82' lang='grc' dir='ltr'>καὶ</span> <span class='ocrx_word' id='word_1_205' title='bbox 641 2129 740 2200; x_wconf 84' lang='grc' dir='ltr'><strong>τὴν</strong></span> <span class='ocrx_word' id='word_1_206' title='bbox 784 2126 1157 2199; x_wconf 81' lang='grc' dir='ltr'>Ἰερουσαλὴμ,</span> <span class='ocrx_word' id='word_1_207' title='bbox 1195 2127 1345 2199; x_wconf 78' lang='grc' dir='ltr'>ἱερὰν</span> <span class='ocrx_word' id='word_1_208' title='bbox 1369 2129 1463 2180; x_wconf 83' lang='grc' dir='ltr'>καὶ</span> <span class='ocrx_word' id='word_1_209' title='bbox 1496 2126 1645 2182; x_wconf 82' lang='grc' dir='ltr'>θείαν</span> <span class='ocrx_word' id='word_1_210' title='bbox 1667 2130 2006 2203; x_wconf 79' lang='grc' dir='ltr'>ὀνομαζομέ-</span> 
     </span>
    </p>
   </div>
   <div class='ocr_carea' id='block_1_27' title="bbox 435 2214 2010 2291">
    <p class='ocr_par' dir='ltr' id='par_1_27' title="bbox 435 2214 2010 2291">
     <span class='ocr_line' id='line_1_27' title="bbox 435 2214 2010 2291; baseline -0.004 -16"><span class='ocrx_word' id='word_1_211' title='bbox 435 2237 534 2291; x_wconf 86' lang='grc' dir='ltr'><strong>νην</strong></span> <span class='ocrx_word' id='word_1_212' title='bbox 580 2220 757 2282; x_wconf 72' lang='grc' dir='ltr'>πόλιν,</span> <span class='ocrx_word' id='word_1_213' title='bbox 791 2214 1165 2291; x_wconf 24' lang='grc' dir='ltr'>παράδεισον.</span> <span class='ocrx_word' id='word_1_214' title='bbox 1186 2215 1358 2280; x_wconf 82' lang='grc' dir='ltr'>καλεῖ,</span> <span class='ocrx_word' id='word_1_215' title='bbox 1399 2216 1494 2268; x_wconf 82' lang='grc' dir='ltr'>καὶ</span> <span class='ocrx_word' id='word_1_216' title='bbox 1544 2216 1589 2248; x_wconf 72' lang='grc'><strong>’⁸</strong></span> <span class='ocrx_word' id='word_1_217' title='bbox 1622 2216 1756 2270; x_wconf 82' lang='grc' dir='ltr'>Θεοῦ</span> <span class='ocrx_word' id='word_1_218' title='bbox 1803 2234 2010 2290; x_wconf 84' lang='grc' dir='ltr'>προφη-</span> 
     </span>
    </p>
   </div>
   <div class='ocr_carea' id='block_1_28' title="bbox 432 2306 2008 2379">
    <p class='ocr_par' dir='ltr' id='par_1_28' title="bbox 432 2306 2008 2379">
     <span class='ocr_line' id='line_1_28' title="bbox 432 2306 2008 2379; baseline 0 -12"><span class='ocrx_word' id='word_1_219' title='bbox 432 2314 603 2377; x_wconf 67' lang='grc' dir='ltr'>τείας,</span> <span class='ocrx_word' id='word_1_220' title='bbox 636 2313 733 2365; x_wconf 80' lang='grc' dir='ltr'>καὶ</span> <span class='ocrx_word' id='word_1_221' title='bbox 772 2307 1187 2379; x_wconf 80' lang='grc' dir='ltr'><strong>ἀρχιερωσύνης</strong></span> <span class='ocrx_word' id='word_1_222' title='bbox 1238 2306 1466 2376; x_wconf 72' lang='grc' dir='ltr'>ἔχουσαν</span> <span class='ocrx_word' id='word_1_223' title='bbox 1503 2308 1667 2376; x_wconf 79' lang='grc' dir='ltr'>φυτὰ,</span> <span class='ocrx_word' id='word_1_224' title='bbox 1722 2308 1868 2379; x_wconf 82' lang='grc' dir='ltr'><strong>ζωῆς</strong></span> <span class='ocrx_word' id='word_1_225' title='bbox 1915 2314 2008 2366; x_wconf 84' lang='grc' dir='ltr'>καὶ</span> 
     </span>
    </p>
   </div>
   <div class='ocr_carea' id='block_1_29' title="bbox 438 2396 2006 2476">
    <p class='ocr_par' dir='ltr' id='par_1_29' title="bbox 438 2396 2006 2476">
     <span class='ocr_line' id='line_1_29' title="bbox 438 2396 2006 2476; baseline 0.001 -21"><span class='ocrx_word' id='word_1_226' title='bbox 438 2402 710 2473; x_wconf 78' lang='grc' dir='ltr'><strong>σωτηρίας</strong></span> <span class='ocrx_word' id='word_1_227' title='bbox 758 2397 1087 2470; x_wconf 85' lang='grc' dir='ltr'>παρεκτικά.</span> <span class='ocrx_word' id='word_1_228' title='bbox 1137 2396 1296 2451; x_wconf 78' lang='grc' dir='ltr'>Φιλία</span> <span class='ocrx_word' id='word_1_229' title='bbox 1342 2398 1400 2452; x_wconf 79' lang='grc' dir='ltr'>δὲ</span> <span class='ocrx_word' id='word_1_230' title='bbox 1436 2400 1605 2454; x_wconf 84' lang='grc' dir='ltr'>πάλαι</span> <span class='ocrx_word' id='word_1_231' title='bbox 1660 2403 1873 2474; x_wconf 85' lang='grc' dir='ltr'>ὑπῆρχε</span> <span class='ocrx_word' id='word_1_232' title='bbox 1929 2404 2006 2476; x_wconf 84' lang='grc' dir='ltr'><strong>τῷ</strong></span> 
     </span>
    </p>
   </div>
   <div class='ocr_carea' id='block_1_30' title="bbox 437 2489 2006 2566">
    <p class='ocr_par' dir='ltr' id='par_1_30' title="bbox 437 2489 2006 2566">
     <span class='ocr_line' id='line_1_30' title="bbox 437 2489 2006 2566; baseline 0 -18"><span class='ocrx_word' id='word_1_233' title='bbox 437 2493 652 2563; x_wconf 76' lang='grc' dir='ltr'>Τυρίων</span> <span class='ocrx_word' id='word_1_234' title='bbox 682 2492 778 2546; x_wconf 83' lang='grc' dir='ltr'>καὶ</span> <span class='ocrx_word' id='word_1_235' title='bbox 790 2489 873 2561; x_wconf 85' lang='grc' dir='ltr'><strong>,τῷ</strong></span> <span class='ocrx_word' id='word_1_236' title='bbox 900 2489 1005 2542; x_wconf 85' lang='grc' dir='ltr'>τῶν</span> <span class='ocrx_word' id='word_1_237' title='bbox 1039 2489 1389 2559; x_wconf 85' lang='grc' dir='ltr'>Ἰσραηλιτῶν</span> <span class='ocrx_word' id='word_1_238' title='bbox 1437 2490 1665 2560; x_wconf 83' lang='grc' dir='ltr'>βασιλεῖ,</span> <span class='ocrx_word' id='word_1_239' title='bbox 1703 2494 1798 2548; x_wconf 86' lang='grc' dir='ltr'><strong>καὶ</strong></span> <span class='ocrx_word' id='word_1_240' title='bbox 1823 2490 1893 2566; x_wconf 82' lang='grc' dir='ltr'>ἦν</span> <span class='ocrx_word' id='word_1_241' title='bbox 1918 2513 2006 2560; x_wconf 88' lang='grc' dir='ltr'><strong>τις</strong></span> 
     </span>
    </p>
   </div>
   <div class='ocr_carea' id='block_1_31' title="bbox 435 2580 2002 2653">
    <p class='ocr_par' dir='ltr' id='par_1_31' title="bbox 435 2580 2002 2653">
     <span class='ocr_line' id='line_1_31' title="bbox 435 2580 2002 2653; baseline 0.001 -14"><span class='ocrx_word' id='word_1_242' title='bbox 435 2586 621 2647; x_wconf 76' lang='grc' dir='ltr'>αὐτοῖς</span> <span class='ocrx_word' id='word_1_243' title='bbox 661 2582 777 2638; x_wconf 82' lang='grc' dir='ltr'>καὶ</span> <span class='ocrx_word' id='word_1_244' title='bbox 802 2581 1052 2652; x_wconf 69' lang='grc' dir='ltr'>ἐπιμιξία</span> <span class='ocrx_word' id='word_1_245' title='bbox 1098 2580 1233 2650; x_wconf 80' lang='grc' dir='ltr'>πρὸς</span> <span class='ocrx_word' id='word_1_246' title='bbox 1280 2581 1543 2653; x_wconf 81' lang='grc' dir='ltr'>ἀλλήλους</span> <span class='ocrx_word' id='word_1_247' title='bbox 1571 2599 1585 2612; x_wconf 83' lang='grc'><em>’</em></span> <span class='ocrx_word' id='word_1_248' title='bbox 1623 2584 1719 2638; x_wconf 84' lang='grc' dir='ltr'>καὶ</span> <span class='ocrx_word' id='word_1_249' title='bbox 1749 2585 1910 2639; x_wconf 82' lang='grc' dir='ltr'>τοῦτο</span> <span class='ocrx_word' id='word_1_250' title='bbox 1938 2588 2002 2641; x_wconf 82' lang='grc' dir='ltr'><strong>ὲκ</strong></span> 
     </span>
    </p>
   </div>
   <div class='ocr_carea' id='block_1_32' title="bbox 435 2671 2003 2744">
    <p class='ocr_par' dir='ltr' id='par_1_32' title="bbox 435 2671 2003 2744">
     <span class='ocr_line' id='line_1_32' title="bbox 435 2671 2003 2744; baseline 0 -15"><span class='ocrx_word' id='word_1_251' title='bbox 435 2675 546 2729; x_wconf 81' lang='grc' dir='ltr'><strong>τῶν</strong></span> <span class='ocrx_word' id='word_1_252' title='bbox 573 2672 864 2728; x_wconf 63' lang='grc' dir='ltr'>Βασιλειιῖω</span> <span class='ocrx_word' id='word_1_253' title='bbox 897 2673 1077 2744; x_wconf 75' lang='grc' dir='ltr'>ῥᾴδιον</span> <span class='ocrx_word' id='word_1_254' title='bbox 1104 2671 1465 2742; x_wconf 81' lang='grc' dir='ltr'>καταμαθεῖν.</span> <span class='ocrx_word' id='word_1_255' title='bbox 1497 2672 1571 2727; x_wconf 84' lang='grc' dir='ltr'><strong>Τὸ</strong></span> <span class='ocrx_word' id='word_1_256' title='bbox 1601 2674 1658 2728; x_wconf 81' lang='grc' dir='ltr'>δέ</span> <span class='ocrx_word' id='word_1_257' title='bbox 1696 2691 1710 2706; x_wconf 67' lang='grc' dir='ltr'><strong>θ</strong></span> <span class='ocrx_word' id='word_1_258' title='bbox 1746 2693 1768 2727; x_wconf 76' lang='grc' dir='ltr'><strong>ι</strong></span> <span class='ocrx_word' id='word_1_259' title='bbox 1818 2677 2003 2731; x_wconf 86' lang='grc' dir='ltr'>Πάντα</span> 
     </span>
    </p>
   </div>
   <div class='ocr_carea' id='block_1_33' title="bbox 429 2761 2002 2837">
    <p class='ocr_par' dir='ltr' id='par_1_33' title="bbox 429 2761 2002 2837">
     <span class='ocr_line' id='line_1_33' title="bbox 429 2761 2002 2837; baseline 0.001 -18"><span class='ocrx_word' id='word_1_260' title='bbox 429 2764 576 2819; x_wconf 75' lang='grc' dir='ltr'>λίθον</span> <span class='ocrx_word' id='word_1_261' title='bbox 601 2764 781 2835; x_wconf 81' lang='grc' dir='ltr'>τίμιον</span> <span class='ocrx_word' id='word_1_262' title='bbox 809 2762 1102 2826; x_wconf 76' lang='grc' dir='ltr'>ὲνδέδεσαι,</span> <span class='ocrx_word' id='word_1_263' title='bbox 1135 2779 1155 2813; x_wconf 68' lang='grc' dir='ltr'><strong>ι</strong></span> <span class='ocrx_word' id='word_1_264' title='bbox 1177 2761 1337 2831; x_wconf 79' lang='grc' dir='ltr'>δῆλόν</span> <span class='ocrx_word' id='word_1_265' title='bbox 1365 2762 1480 2815; x_wconf 79' lang='grc' dir='ltr'>ἐστι</span> <span class='ocrx_word' id='word_1_266' title='bbox 1511 2765 1653 2818; x_wconf 80' lang='grc' dir='ltr'>κατὰ</span> <span class='ocrx_word' id='word_1_267' title='bbox 1680 2765 1742 2818; x_wconf 84' lang='grc' dir='ltr'>τὸ</span> <span class='ocrx_word' id='word_1_268' title='bbox 1766 2766 2002 2837; x_wconf 84' lang='grc' dir='ltr'>γράμμα</span> 
     </span>
    </p>
   </div>
   <div class='ocr_carea' id='block_1_34' title="bbox 430 2851 2002 2926">
    <p class='ocr_par' dir='ltr' id='par_1_34' title="bbox 430 2851 2002 2926">
     <span class='ocr_line' id='line_1_34' title="bbox 430 2851 2002 2926; baseline 0.002 -16"><span class='ocrx_word' id='word_1_269' title='bbox 430 2856 738 2926; x_wconf 78' lang='grc' dir='ltr'>νοούμενον,</span> <span class='ocrx_word' id='word_1_270' title='bbox 801 2854 897 2907; x_wconf 83' lang='grc' dir='ltr'>καὶ</span> <span class='ocrx_word' id='word_1_271' title='bbox 959 2853 1053 2905; x_wconf 76' lang='grc' dir='ltr'>ἐπὶ</span> <span class='ocrx_word' id='word_1_272' title='bbox 1091 2852 1357 2921; x_wconf 77' lang='grc' dir='ltr'>βασιλέως</span> <span class='ocrx_word' id='word_1_273' title='bbox 1410 2851 1842 2925; x_wconf 74' lang='grc' dir='ltr'>λαμϐανόμενον.</span> <span class='ocrx_word' id='word_1_274' title='bbox 1883 2860 2002 2913; x_wconf 84' lang='grc' dir='ltr'>Μυ-</span> 
     </span>
    </p>
   </div>
   <div class='ocr_carea' id='block_1_35' title="bbox 429 2943 2001 3021">
    <p class='ocr_par' dir='ltr' id='par_1_35' title="bbox 429 2943 2001 3021">
     <span class='ocr_line' id='line_1_35' title="bbox 429 2943 2001 3021; baseline 0.002 -22"><span class='ocrx_word' id='word_1_275' title='bbox 429 2951 567 3021; x_wconf 82' lang='grc' dir='ltr'>ρίοις</span> <span class='ocrx_word' id='word_1_276' title='bbox 599 2948 713 3018; x_wconf 79' lang='grc' dir='ltr'><strong>γάρ</strong></span> <span class='ocrx_word' id='word_1_277' title='bbox 763 2963 843 2999; x_wconf 84' lang='grc' dir='ltr'>σε·</span> <span class='ocrx_word' id='word_1_278' title='bbox 874 2943 1102 3014; x_wconf 81' lang='grc' dir='ltr'>ἀγαθοῖς</span> <span class='ocrx_word' id='word_1_279' title='bbox 1149 2944 1561 3015; x_wconf 76' lang='grc' dir='ltr'>κατεκόσμησα,</span> <span class='ocrx_word' id='word_1_280' title='bbox 1621 2945 1715 3000; x_wconf 80' lang='grc' dir='ltr'>καὶ</span> <span class='ocrx_word' id='word_1_281' title='bbox 1749 2946 1881 3011; x_wconf 75' lang='grc' dir='ltr'>ὕλας</span> <span class='ocrx_word' id='word_1_282' title='bbox 1918 2966 2001 3003; x_wconf 92' lang='grc' dir='ltr'><strong>σοι</strong></span> 
     </span>
    </p>
   </div>
   <div class='ocr_carea' id='block_1_36' title="bbox 427 3030 2000 3114">
    <p class='ocr_par' dir='ltr' id='par_1_36' title="bbox 427 3030 2000 3114">
     <span class='ocr_line' id='line_1_36' title="bbox 427 3030 2000 3114; baseline 0 -21"><span class='ocrx_word' id='word_1_283' title='bbox 427 3037 775 3101; x_wconf 80' lang='grc' dir='ltr'>παντοδαπάς</span> <span class='ocrx_word' id='word_1_284' title='bbox 801 3035 1066 3090; x_wconf 80' lang='grc' dir='ltr'>πάντοθεν</span> <span class='ocrx_word' id='word_1_285' title='bbox 1087 3036 1483 3114; x_wconf 79' lang='grc' dir='ltr'>προσενήνοχα,</span> <span class='ocrx_word' id='word_1_286' title='bbox 1511 3036 1572 3101; x_wconf 72' lang='grc' dir='ltr'><strong>ἐξ</strong></span> <span class='ocrx_word' id='word_1_287' title='bbox 1594 3030 1669 3090; x_wconf 85' lang='grc' dir='ltr'>ὧν</span> <span class='ocrx_word' id='word_1_288' title='bbox 1690 3036 2000 3109; x_wconf 80' lang='grc' dir='ltr'>διαδήματα</span> 
     </span>
    </p>
   </div>
   <div class='ocr_carea' id='block_1_37' title="bbox 425 3123 2070 3224">
    <p class='ocr_par' dir='ltr' id='par_1_37' title="bbox 425 3123 2070 3224">
     <span class='ocr_line' id='line_1_37' title="bbox 425 3123 2070 3224; baseline -0.001 -41"><span class='ocrx_word' id='word_1_289' title='bbox 425 3130 523 3184; x_wconf 85' lang='grc' dir='ltr'>καὶ</span> <span class='ocrx_word' id='word_1_290' title='bbox 554 3128 879 3199; x_wconf 80' lang='grc' dir='ltr'>στεφάνους,</span> <span class='ocrx_word' id='word_1_291' title='bbox 910 3126 1125 3195; x_wconf 83' lang='grc' dir='ltr'>πόρπας</span> <span class='ocrx_word' id='word_1_292' title='bbox 1170 3141 1231 3177; x_wconf 84' lang='grc' dir='ltr'><strong>τε</strong></span> <span class='ocrx_word' id='word_1_293' title='bbox 1262 3125 1357 3178; x_wconf 87' lang='grc' dir='ltr'>καὶ</span> <span class='ocrx_word' id='word_1_294' title='bbox 1402 3123 1601 3190; x_wconf 83' lang='grc' dir='ltr'>ζώνας,</span> <span class='ocrx_word' id='word_1_295' title='bbox 1658 3128 1754 3181; x_wconf 83' lang='grc' dir='ltr'>καὶ</span> <span class='ocrx_word' id='word_1_296' title='bbox 1797 3129 1996 3182; x_wconf 85' lang='grc' dir='ltr'>δακτυ-</span> <span class='ocrx_word' id='word_1_297' title='bbox 2026 3164 2070 3224; x_wconf 74' lang='lat' dir='ltr'><strong><em>c</em></strong></span> 
     </span>
    </p>
   </div>
   <div class='ocr_carea' id='block_1_38' title="bbox 424 3215 2001 3290">
    <p class='ocr_par' dir='ltr' id='par_1_38' title="bbox 424 3215 2001 3290">
     <span class='ocr_line' id='line_1_38' title="bbox 424 3215 2001 3290; baseline -0.002 -17"><span class='ocrx_word' id='word_1_298' title='bbox 424 3218 573 3283; x_wconf 84' lang='grc' dir='ltr'>λίους</span> <span class='ocrx_word' id='word_1_299' title='bbox 595 3216 1030 3279; x_wconf 73' lang='grc' dir='ltr'>κατασκευάσας,</span> <span class='ocrx_word' id='word_1_300' title='bbox 1053 3216 1145 3268; x_wconf 84' lang='grc' dir='ltr'>καὶ</span> <span class='ocrx_word' id='word_1_301' title='bbox 1171 3215 1239 3268; x_wconf 72' lang='grc' dir='ltr'><strong>τὰ</strong></span> <span class='ocrx_word' id='word_1_302' title='bbox 1277 3218 1502 3285; x_wconf 81' lang='grc' dir='ltr'>ταμιεῖα</span> <span class='ocrx_word' id='word_1_303' title='bbox 1528 3217 1832 3288; x_wconf 80' lang='grc' dir='ltr'>ἐμπλήσας,</span> <span class='ocrx_word' id='word_1_304' title='bbox 1865 3236 2001 3290; x_wconf 82' lang='grc' dir='ltr'>φρο-</span> 
     </span>
    </p>
   </div>
   <div class='ocr_carea' id='block_1_39' title="bbox 429 3305 2001 3379">
    <p class='ocr_par' dir='ltr' id='par_1_39' title="bbox 429 3305 2001 3379">
     <span class='ocr_line' id='line_1_39' title="bbox 429 3305 2001 3379; baseline -0.001 -16"><span class='ocrx_word' id='word_1_305' title='bbox 429 3310 538 3364; x_wconf 82' lang='grc' dir='ltr'>νῶν</span> <span class='ocrx_word' id='word_1_306' title='bbox 565 3308 636 3362; x_wconf 81' lang='grc' dir='ltr'><strong>τὰ</strong></span> <span class='ocrx_word' id='word_1_307' title='bbox 687 3306 902 3361; x_wconf 64' lang='grc' dir='ltr'>ἐναντία</span> <span class='ocrx_word' id='word_1_308' title='bbox 928 3305 1261 3369; x_wconf 74' lang='grc' dir='ltr'>διετέλεσας,</span> <span class='ocrx_word' id='word_1_309' title='bbox 1312 3306 1406 3359; x_wconf 74' lang='grc' dir='ltr'>ἐπὶ</span> <span class='ocrx_word' id='word_1_310' title='bbox 1441 3308 1509 3377; x_wconf 77' lang='grc' dir='ltr'><strong>τῇ</strong></span> <span class='ocrx_word' id='word_1_311' title='bbox 1537 3306 1744 3360; x_wconf 89' lang='grc' dir='ltr'>τούτων</span> <span class='ocrx_word' id='word_1_312' title='bbox 1775 3325 2001 3379; x_wconf 87' lang='grc' dir='ltr'>περιου-</span> 
     </span>
    </p>
   </div>
   <div class='ocr_carea' id='block_1_40' title="bbox 432 3397 2001 3473">
    <p class='ocr_par' dir='ltr' id='par_1_40' title="bbox 432 3397 2001 3473">
     <span class='ocr_line' id='line_1_40' title="bbox 432 3397 2001 3473; baseline -0.003 -17"><span class='ocrx_word' id='word_1_313' title='bbox 432 3403 523 3473; x_wconf 80' lang='grc' dir='ltr'><strong>σίᾳ</strong></span> <span class='ocrx_word' id='word_1_314' title='bbox 550 3401 597 3433; x_wconf 78' lang='grc'><strong>⁸⁸</strong></span> <span class='ocrx_word' id='word_1_315' title='bbox 645 3417 707 3455; x_wconf 87' lang='grc' dir='ltr'><strong>τε</strong></span> <span class='ocrx_word' id='word_1_316' title='bbox 743 3398 838 3453; x_wconf 87' lang='grc' dir='ltr'>καὶ</span> <span class='ocrx_word' id='word_1_317' title='bbox 860 3397 1181 3469; x_wconf 76' lang='grc' dir='ltr'>εὐπρεπείᾳ.</span> <span class='ocrx_word' id='word_1_318' title='bbox 1233 3398 1326 3460; x_wconf 84' lang='grc' dir='ltr'>Εἰς</span> <span class='ocrx_word' id='word_1_319' title='bbox 1363 3397 1419 3450; x_wconf 82' lang='grc' dir='ltr'>δὲ</span> <span class='ocrx_word' id='word_1_320' title='bbox 1459 3399 1551 3450; x_wconf 82' lang='grc' dir='ltr'>τὸν</span> <span class='ocrx_word' id='word_1_321' title='bbox 1613 3398 1858 3452; x_wconf 79' lang='grc' dir='ltr'>διάϐολον</span> <span class='ocrx_word' id='word_1_322' title='bbox 1903 3402 2001 3470; x_wconf 81' lang='grc' dir='ltr'>οὐχ</span> 
     </span>
    </p>
   </div>
   <div class='ocr_carea' id='block_1_41' title="bbox 425 3486 1999 3571">
    <p class='ocr_par' dir='ltr' id='par_1_41' title="bbox 425 3486 1999 3571">
     <span class='ocr_line' id='line_1_41' title="bbox 425 3486 1999 3571; baseline -0.001 -23"><span class='ocrx_word' id='word_1_323' title='bbox 425 3493 569 3548; x_wconf 78' lang='grc' dir='ltr'>οὕτω</span> <span class='ocrx_word' id='word_1_324' title='bbox 601 3492 772 3546; x_wconf 83' lang='grc' dir='ltr'>ταῦτα</span> <span class='ocrx_word' id='word_1_325' title='bbox 800 3492 1086 3560; x_wconf 85' lang='grc' dir='ltr'>νοήσομεν,</span> <span class='ocrx_word' id='word_1_326' title='bbox 1131 3488 1354 3571; x_wconf 41' lang='lat' dir='ltr'><strong>anates</strong></span> <span class='ocrx_word' id='word_1_327' title='bbox 1381 3506 1395 3520; x_wconf 89' lang='grc'><strong>·</strong></span> <span class='ocrx_word' id='word_1_328' title='bbox 1438 3507 1458 3540; x_wconf 75' lang='grc' dir='ltr'>ι</span> <span class='ocrx_word' id='word_1_329' title='bbox 1496 3490 1568 3543; x_wconf 82' lang='grc' dir='ltr'><strong>Σὺ</strong></span> <span class='ocrx_word' id='word_1_330' title='bbox 1621 3486 1675 3544; x_wconf 78' lang='grc' dir='ltr'>εἷ</span> <span class='ocrx_word' id='word_1_331' title='bbox 1710 3493 1999 3562; x_wconf 83' lang='grc' dir='ltr'>ἀποσφρά-</span> 
     </span>
    </p>
   </div>
   <div class='ocr_carea' id='block_1_42' title="bbox 425 3578 2001 3659">
    <p class='ocr_par' dir='ltr' id='par_1_42' title="bbox 425 3578 2001 3659">
     <span class='ocr_line' id='line_1_42' title="bbox 425 3578 2001 3659; baseline -0.001 -22"><span class='ocrx_word' id='word_1_332' title='bbox 425 3600 601 3654; x_wconf 84' lang='grc' dir='ltr'>γισμα</span> <span class='ocrx_word' id='word_1_333' title='bbox 639 3583 975 3653; x_wconf 80' lang='grc' dir='ltr'>ὁμοιώσεως,</span> <span class='ocrx_word' id='word_1_334' title='bbox 1007 3600 1027 3633; x_wconf 81' lang='grc'>›</span> <span class='ocrx_word' id='word_1_335' title='bbox 1074 3581 1157 3642; x_wconf 86' lang='grc' dir='ltr'><strong>είς</strong></span> <span class='ocrx_word' id='word_1_336' title='bbox 1208 3578 1307 3649; x_wconf 77' lang='grc' dir='ltr'><strong>τήν</strong></span> <span class='ocrx_word' id='word_1_337' title='bbox 1344 3579 1593 3659; x_wconf 85' lang='grc' dir='ltr'>δοθεῖσαν</span> <span class='ocrx_word' id='word_1_338' title='bbox 1634 3580 1786 3651; x_wconf 84' lang='grc' dir='ltr'>αὐτῷ</span> <span class='ocrx_word' id='word_1_339' title='bbox 1831 3582 2001 3636; x_wconf 82' lang='grc' dir='ltr'>πάλαι</span> 
     </span>
    </p>
   </div>
   <div class='ocr_carea' id='block_1_43' title="bbox 425 3668 2000 3746">
    <p class='ocr_par' dir='ltr' id='par_1_43' title="bbox 425 3668 2000 3746">
     <span class='ocr_line' id='line_1_43' title="bbox 425 3668 2000 3746; baseline -0.002 -18"><span class='ocrx_word' id='word_1_340' title='bbox 425 3673 599 3746; x_wconf 73' lang='grc' dir='ltr'>ἀρχὴν</span> <span class='ocrx_word' id='word_1_341' title='bbox 648 3673 741 3727; x_wconf 81' lang='grc' dir='ltr'>καὶ</span> <span class='ocrx_word' id='word_1_342' title='bbox 789 3670 1038 3736; x_wconf 73' lang='grc' dir='ltr'>ἐξουσίαν</span> <span class='ocrx_word' id='word_1_343' title='bbox 1096 3668 1402 3739; x_wconf 78' lang='grc' dir='ltr'>ληψόμεθα.</span> <span class='ocrx_word' id='word_1_344' title='bbox 1459 3670 1600 3740; x_wconf 78' lang='grc' dir='ltr'>Φησὶ</span> <span class='ocrx_word' id='word_1_345' title='bbox 1624 3671 1734 3742; x_wconf 82' lang='grc' dir='ltr'><strong>γάρ</strong></span> <span class='ocrx_word' id='word_1_346' title='bbox 1782 3672 1811 3723; x_wconf 83' lang='grc' dir='ltr'><strong>ὁ</strong></span> <span class='ocrx_word' id='word_1_347' title='bbox 1858 3670 2000 3735; x_wconf 79' lang='grc' dir='ltr'>θεῖος</span> 
     </span>
    </p>
   </div>
   <div class='ocr_carea' id='block_1_44' title="bbox 438 3759 1997 3831">
    <p class='ocr_par' dir='ltr' id='par_1_44' title="bbox 438 3759 1997 3831">
     <span class='ocr_line' id='line_1_44' title="bbox 438 3759 1997 3831; baseline -0.001 -12"><span class='ocrx_word' id='word_1_348' title='bbox 438 3764 757 3827; x_wconf 77' lang='grc' dir='ltr'>’Δπόστολος</span> <span class='ocrx_word' id='word_1_349' title='bbox 778 3779 794 3795; x_wconf 78' lang='grc'><em>’</em></span> <span class='ocrx_word' id='word_1_350' title='bbox 828 3781 848 3813; x_wconf 77' lang='grc' dir='ltr'><strong>ι</strong></span> <span class='ocrx_word' id='word_1_351' title='bbox 886 3760 1046 3816; x_wconf 74' lang='grc' dir='ltr'>Κατὰ</span> <span class='ocrx_word' id='word_1_352' title='bbox 1091 3762 1182 3815; x_wconf 82' lang='grc' dir='ltr'>τὸν</span> <span class='ocrx_word' id='word_1_353' title='bbox 1214 3759 1453 3831; x_wconf 75' lang='grc' dir='ltr'>ἄρχοντα</span> <span class='ocrx_word' id='word_1_354' title='bbox 1479 3760 1581 3830; x_wconf 81' lang='grc' dir='ltr'>τῆς</span> <span class='ocrx_word' id='word_1_355' title='bbox 1610 3760 1860 3826; x_wconf 78' lang='grc' dir='ltr'>ἐξουσίας</span> <span class='ocrx_word' id='word_1_356' title='bbox 1903 3762 1997 3817; x_wconf 81' lang='grc' dir='ltr'><strong>τοῦ</strong></span> 
     </span>
    </p>
   </div>
   <div class='ocr_carea' id='block_1_45' title="bbox 424 3849 1998 3928">
    <p class='ocr_par' dir='ltr' id='par_1_45' title="bbox 424 3849 1998 3928">
     <span class='ocr_line' id='line_1_45' title="bbox 424 3849 1998 3928; baseline -0.002 -17"><span class='ocrx_word' id='word_1_357' title='bbox 424 3856 606 3928; x_wconf 77' lang='grc' dir='ltr'>ἀέρος,</span> <span class='ocrx_word' id='word_1_358' title='bbox 633 3853 729 3908; x_wconf 77' lang='grc' dir='ltr'>τοῦ</span> <span class='ocrx_word' id='word_1_359' title='bbox 785 3852 1097 3923; x_wconf 80' lang='grc' dir='ltr'>πνεύματος</span> <span class='ocrx_word' id='word_1_360' title='bbox 1152 3851 1248 3905; x_wconf 81' lang='grc' dir='ltr'>τοῦ</span> <span class='ocrx_word' id='word_1_361' title='bbox 1291 3849 1389 3904; x_wconf 80' lang='grc' dir='ltr'>νῦν</span> <span class='ocrx_word' id='word_1_362' title='bbox 1421 3851 1771 3922; x_wconf 76' lang='grc' dir='ltr'>ἐνεργοῦντος</span> <span class='ocrx_word' id='word_1_363' title='bbox 1801 3854 1859 3906; x_wconf 81' lang='grc' dir='ltr'><strong>ὲν</strong></span> <span class='ocrx_word' id='word_1_364' title='bbox 1885 3857 1998 3919; x_wconf 79' lang='grc' dir='ltr'>τοῖς</span> 
     </span>
    </p>
   </div>
   <div class='ocr_carea' id='block_1_46' title="bbox 425 3939 1996 4019">
    <p class='ocr_par' dir='ltr' id='par_1_46' title="bbox 425 3939 1996 4019">
     <span class='ocr_line' id='line_1_46' title="bbox 425 3939 1996 4019; baseline -0.003 -17"><span class='ocrx_word' id='word_1_365' title='bbox 425 3950 560 4011; x_wconf 81' lang='grc' dir='ltr'>υἱοῖς</span> <span class='ocrx_word' id='word_1_366' title='bbox 594 3947 694 4017; x_wconf 84' lang='grc' dir='ltr'>τῆς</span> <span class='ocrx_word' id='word_1_367' title='bbox 717 3944 1021 4019; x_wconf 78' lang='grc' dir='ltr'>ἀπειθείας.</span> <span class='ocrx_word' id='word_1_368' title='bbox 1054 3962 1072 3995; x_wconf 75' lang='grc' dir='ltr'><strong>ι</strong></span> <span class='ocrx_word' id='word_1_369' title='bbox 1112 3943 1200 4006; x_wconf 86' lang='grc' dir='ltr'>Ὠς</span> <span class='ocrx_word' id='word_1_370' title='bbox 1225 3939 1363 3997; x_wconf 79' lang='grc' dir='ltr'>εἶναι</span> <span class='ocrx_word' id='word_1_371' title='bbox 1392 3942 1575 4013; x_wconf 83' lang='grc' dir='ltr'>δῆλον,</span> <span class='ocrx_word' id='word_1_372' title='bbox 1601 3943 1683 3997; x_wconf 85' lang='grc' dir='ltr'>ὃτι</span> <span class='ocrx_word' id='word_1_373' title='bbox 1703 3943 1871 3997; x_wconf 86' lang='grc' dir='ltr'>πάλαι</span> <span class='ocrx_word' id='word_1_374' title='bbox 1899 3944 1996 4015; x_wconf 79' lang='grc' dir='ltr'>τὴν</span> 
     </span>
    </p>
   </div>
   <div class='ocr_carea' id='block_1_47' title="bbox 422 4032 1995 4105">
    <p class='ocr_par' dir='ltr' id='par_1_47' title="bbox 422 4032 1995 4105">
     <span class='ocr_line' id='line_1_47' title="bbox 422 4032 1995 4105; baseline -0.003 -14"><span class='ocrx_word' id='word_1_375' title='bbox 422 4036 576 4091; x_wconf 74' lang='grc' dir='ltr'>τοῦδε</span> <span class='ocrx_word' id='word_1_376' title='bbox 606 4036 703 4091; x_wconf 79' lang='grc' dir='ltr'><strong>τοῦ</strong></span> <span class='ocrx_word' id='word_1_377' title='bbox 732 4036 894 4105; x_wconf 73' lang='grc' dir='ltr'>ἀέρος</span> <span class='ocrx_word' id='word_1_378' title='bbox 917 4033 1230 4103; x_wconf 77' lang='grc' dir='ltr'>οἰκονομίαν</span> <span class='ocrx_word' id='word_1_379' title='bbox 1286 4032 1663 4098; x_wconf 73' lang='grc' dir='ltr'>ἐπεπίστευτο,</span> <span class='ocrx_word' id='word_1_380' title='bbox 1696 4032 1771 4095; x_wconf 76' lang='grc' dir='ltr'>’δι’</span> <span class='ocrx_word' id='word_1_381' title='bbox 1799 4033 1995 4098; x_wconf 76' lang='grc' dir='ltr'>ἀλαζο-</span> 
     </span>
    </p>
   </div>
   <div class='ocr_carea' id='block_1_48' title="bbox 423 4122 1994 4198">
    <p class='ocr_par' dir='ltr' id='par_1_48' title="bbox 423 4122 1994 4198">
     <span class='ocr_line' id='line_1_48' title="bbox 423 4122 1994 4198; baseline -0.004 -14"><span class='ocrx_word' id='word_1_382' title='bbox 423 4131 573 4184; x_wconf 79' lang='grc' dir='ltr'>νείαν</span> <span class='ocrx_word' id='word_1_383' title='bbox 604 4129 663 4184; x_wconf 72' lang='grc' dir='ltr'>δὲ</span> <span class='ocrx_word' id='word_1_384' title='bbox 692 4128 791 4198; x_wconf 76' lang='grc' dir='ltr'>τῆς</span> <span class='ocrx_word' id='word_1_385' title='bbox 814 4126 1112 4198; x_wconf 77' lang='grc' dir='ltr'>ἡγεμονίας</span> <span class='ocrx_word' id='word_1_386' title='bbox 1141 4122 1414 4188; x_wconf 68' lang='grc' dir='ltr'>ἐκπεσὼν,</span> <span class='ocrx_word' id='word_1_387' title='bbox 1454 4126 1515 4176; x_wconf 81' lang='grc' dir='ltr'><strong>ὲν</strong></span> <span class='ocrx_word' id='word_1_388' title='bbox 1552 4127 1663 4188; x_wconf 89' lang='grc' dir='ltr'>τοῖς</span> <span class='ocrx_word' id='word_1_389' title='bbox 1707 4124 1994 4179; x_wconf 81' lang='grc' dir='ltr'>ἀπιστοῦσι</span> 
     </span>
    </p>
   </div>
   <div class='ocr_carea' id='block_1_49' title="bbox 421 4215 1996 4292">
    <p class='ocr_par' dir='ltr' id='par_1_49' title="bbox 421 4215 1996 4292">
     <span class='ocr_line' id='line_1_49' title="bbox 421 4215 1996 4292; baseline -0.003 -18"><span class='ocrx_word' id='word_1_390' title='bbox 421 4220 501 4292; x_wconf 81' lang='grc' dir='ltr'>τῷ</span> <span class='ocrx_word' id='word_1_391' title='bbox 527 4220 620 4273; x_wconf 76' lang='grc' dir='ltr'>τοῦ</span> <span class='ocrx_word' id='word_1_392' title='bbox 651 4219 1004 4291; x_wconf 82' lang='grc' dir='ltr'>κηρύγματος</span> <span class='ocrx_word' id='word_1_393' title='bbox 1035 4217 1179 4286; x_wconf 86' lang='grc' dir='ltr'>λόγῳ</span> <span class='ocrx_word' id='word_1_394' title='bbox 1208 4216 1308 4287; x_wconf 86' lang='grc' dir='ltr'>τὴν</span> <span class='ocrx_word' id='word_1_395' title='bbox 1335 4215 1544 4269; x_wconf 78' lang='grc' dir='ltr'>οἰκείαν</span> <span class='ocrx_word' id='word_1_396' title='bbox 1567 4215 1850 4287; x_wconf 71' lang='grc' dir='ltr'>ἐνέργειαν</span> <span class='ocrx_word' id='word_1_397' title='bbox 1873 4219 1996 4270; x_wconf 79' lang='grc' dir='ltr'>ὲπι-</span> 
     </span>
    </p>
   </div>
   <div class='ocr_carea' id='block_1_50' title="bbox 420 4306 1991 4381">
    <p class='ocr_par' dir='ltr' id='par_1_50' title="bbox 420 4306 1991 4381">
     <span class='ocr_line' id='line_1_50' title="bbox 420 4306 1991 4381; baseline -0.002 -16"><span class='ocrx_word' id='word_1_398' title='bbox 420 4311 718 4366; x_wconf 84' lang='grc' dir='ltr'>δείκνυται.</span> <span class='ocrx_word' id='word_1_399' title='bbox 775 4332 794 4361; x_wconf 71' lang='grc' dir='ltr'><strong>ι</strong></span> <span class='ocrx_word' id='word_1_400' title='bbox 834 4309 1058 4381; x_wconf 84' lang='grc' dir='ltr'>Πλήρης</span> <span class='ocrx_word' id='word_1_401' title='bbox 1091 4307 1283 4377; x_wconf 78' lang='grc' dir='ltr'>σοφίας</span> <span class='ocrx_word' id='word_1_402' title='bbox 1312 4306 1406 4361; x_wconf 82' lang='grc' dir='ltr'><strong>καὶ</strong></span> <span class='ocrx_word' id='word_1_403' title='bbox 1448 4306 1709 4376; x_wconf 83' lang='grc' dir='ltr'>στέφανος</span> <span class='ocrx_word' id='word_1_404' title='bbox 1740 4308 1991 4377; x_wconf 85' lang='grc' dir='ltr'>κάλλους,</span> 
     </span>
    </p>
   </div>
   <div class='ocr_carea' id='block_1_51' title="bbox 421 4397 1993 4472">
    <p class='ocr_par' dir='ltr' id='par_1_51' title="bbox 421 4397 1993 4472">
     <span class='ocr_line' id='line_1_51' title="bbox 421 4397 1993 4472; baseline -0.001 -18"><span class='ocrx_word' id='word_1_405' title='bbox 421 4401 519 4454; x_wconf 82' lang='grc' dir='ltr'>καὶ</span> <span class='ocrx_word' id='word_1_406' title='bbox 563 4402 622 4454; x_wconf 78' lang='grc' dir='ltr'><strong>ἐν</strong></span> <span class='ocrx_word' id='word_1_407' title='bbox 668 4402 736 4470; x_wconf 80' lang='grc' dir='ltr'>τῇ</span> <span class='ocrx_word' id='word_1_408' title='bbox 776 4401 956 4472; x_wconf 82' lang='grc' dir='ltr'>τρυφῇ</span> <span class='ocrx_word' id='word_1_409' title='bbox 984 4397 1078 4451; x_wconf 82' lang='grc' dir='ltr'>τοῦ</span> <span class='ocrx_word' id='word_1_410' title='bbox 1127 4397 1457 4468; x_wconf 86' lang='grc' dir='ltr'>παραδείσου</span> <span class='ocrx_word' id='word_1_411' title='bbox 1499 4397 1785 4469; x_wconf 78' lang='grc' dir='ltr'>ὲγενήθης.</span> <span class='ocrx_word' id='word_1_412' title='bbox 1826 4416 1848 4450; x_wconf 73' lang='grc' dir='ltr'><strong><em>ι</em></strong></span> <span class='ocrx_word' id='word_1_413' title='bbox 1882 4399 1993 4470; x_wconf 83' lang='grc' dir='ltr'><strong>Τὴν</strong></span> 
     </span>
    </p>
   </div>
   <div class='ocr_carea' id='block_1_52' title="bbox 2124 1040 3693 1116">
    <p class='ocr_par' dir='ltr' id='par_1_52' title="bbox 2124 1040 3693 1116">
     <span class='ocr_line' id='line_1_52' title="bbox 2124 1040 3693 1116; baseline 0.006 -24"><span class='ocrx_word' id='word_1_414' title='bbox 2124 1053 2277 1093; x_wconf 91' lang='lat' dir='ltr'><strong>suam</strong></span> <span class='ocrx_word' id='word_1_415' title='bbox 2304 1040 2414 1095; x_wconf 92' lang='lat' dir='ltr'><strong>vim</strong></span> <span class='ocrx_word' id='word_1_416' title='bbox 2439 1043 2745 1098; x_wconf 78' lang='lat' dir='ltr'><strong>exercebat.</strong></span> <span class='ocrx_word' id='word_1_417' title='bbox 2780 1044 2837 1099; x_wconf 91' lang='lat' dir='ltr'><strong>Si</strong></span> <span class='ocrx_word' id='word_1_418' title='bbox 2866 1045 3033 1115; x_wconf 85' lang='lat' dir='ltr'><strong>igitur</strong></span> <span class='ocrx_word' id='word_1_419' title='bbox 3059 1047 3129 1102; x_wconf 89' lang='lat' dir='ltr'><strong>de</strong></span> <span class='ocrx_word' id='word_1_420' title='bbox 3147 1046 3396 1116; x_wconf 87' lang='lat' dir='ltr'><strong>principe</strong></span> <span class='ocrx_word' id='word_1_421' title='bbox 3425 1046 3575 1116; x_wconf 83' lang='lat' dir='ltr'><strong>Tyri,</strong></span> <span class='ocrx_word' id='word_1_422' title='bbox 3595 1047 3693 1115; x_wconf 90' lang='lat' dir='ltr'><strong>qui</strong></span> 
     </span>
    </p>
   </div>
   <div class='ocr_carea' id='block_1_53' title="bbox 2123 1130 3692 1207">
    <p class='ocr_par' dir='ltr' id='par_1_53' title="bbox 2123 1130 3692 1207">
     <span class='ocr_line' id='line_1_53' title="bbox 2123 1130 3692 1207; baseline 0.005 -24"><span class='ocrx_word' id='word_1_423' title='bbox 2123 1130 2472 1196; x_wconf 73' lang='lat' dir='ltr'><strong>cernebatur,</strong></span> <span class='ocrx_word' id='word_1_424' title='bbox 2492 1133 2604 1188; x_wconf 77' lang='lat' dir='ltr'><strong>haec</strong></span> <span class='ocrx_word' id='word_1_425' title='bbox 2621 1134 2637 1153; x_wconf 80' lang='lat'><strong>&#39;</strong></span> <span class='ocrx_word' id='word_1_426' title='bbox 2660 1136 3023 1205; x_wconf 85' lang='lat' dir='ltr'><strong>accipiamus,</strong></span> <span class='ocrx_word' id='word_1_427' title='bbox 3039 1137 3113 1191; x_wconf 90' lang='lat' dir='ltr'><strong>ita</strong></span> <span class='ocrx_word' id='word_1_428' title='bbox 3133 1138 3501 1207; x_wconf 73' lang='lat' dir='ltr'><strong>intelligemus</strong></span> <span class='ocrx_word' id='word_1_429' title='bbox 3526 1156 3538 1192; x_wconf 89' lang='lat'>:</span> <span class='ocrx_word' id='word_1_430' title='bbox 3566 1156 3584 1189; x_wconf 76' lang='grc' dir='ltr'>ι</span> <span class='ocrx_word' id='word_1_431' title='bbox 3608 1137 3692 1191; x_wconf 86' lang='grc' dir='ltr'>Τιι</span> 
     </span>
    </p>
   </div>
   <div class='ocr_carea' id='block_1_54' title="bbox 2121 1222 3688 1299">
    <p class='ocr_par' dir='ltr' id='par_1_54' title="bbox 2121 1222 3688 1299">
     <span class='ocr_line' id='line_1_54' title="bbox 2121 1222 3688 1299; baseline 0.004 -24"><span class='ocrx_word' id='word_1_432' title='bbox 2121 1234 2181 1275; x_wconf 91' lang='lat' dir='ltr'><strong>es</strong></span> <span class='ocrx_word' id='word_1_433' title='bbox 2234 1222 2573 1293; x_wconf 79' lang='lat' dir='ltr'><strong>signaculum</strong></span> <span class='ocrx_word' id='word_1_434' title='bbox 2618 1226 3021 1283; x_wconf 79' lang='lat' dir='ltr'><strong>similitudinis.</strong></span> <span class='ocrx_word' id='word_1_435' title='bbox 3055 1248 3075 1280; x_wconf 73' lang='grc' dir='ltr'><strong>ι</strong></span> <span class='ocrx_word' id='word_1_436' title='bbox 3097 1228 3180 1283; x_wconf 80' lang='lat' dir='ltr'><strong>Ad</strong></span> <span class='ocrx_word' id='word_1_437' title='bbox 3217 1229 3509 1299; x_wconf 73' lang='lat' dir='ltr'><strong>imaginem</strong></span> <span class='ocrx_word' id='word_1_438' title='bbox 3543 1231 3688 1285; x_wconf 89' lang='lat' dir='ltr'><strong>enim</strong></span> 
     </span>
    </p>
   </div>
   <div class='ocr_carea' id='block_1_55' title="bbox 2121 1308 3690 1385">
    <p class='ocr_par' dir='ltr' id='par_1_55' title="bbox 2121 1308 3690 1385">
     <span class='ocr_line' id='line_1_55' title="bbox 2121 1308 3690 1385; baseline 0.008 -24"><span class='ocrx_word' id='word_1_439' title='bbox 2121 1308 2211 1365; x_wconf 92' lang='lat' dir='ltr'><strong>Dei</strong></span> <span class='ocrx_word' id='word_1_440' title='bbox 2255 1313 2451 1381; x_wconf 86' lang='lat' dir='ltr'><strong>plenus</strong></span> <span class='ocrx_word' id='word_1_441' title='bbox 2485 1315 2753 1385; x_wconf 71' lang='lat' dir='ltr'><strong>sapientia</strong></span> <span class='ocrx_word' id='word_1_442' title='bbox 2790 1317 3047 1374; x_wconf 90' lang='lat' dir='ltr'><strong>conditus</strong></span> <span class='ocrx_word' id='word_1_443' title='bbox 3081 1326 3169 1374; x_wconf 82' lang='lat' dir='ltr'><strong>est</strong></span> <span class='ocrx_word' id='word_1_444' title='bbox 3202 1320 3404 1385; x_wconf 84' lang='lat' dir='ltr'><strong>homo,</strong></span> <span class='ocrx_word' id='word_1_445' title='bbox 3454 1320 3690 1375; x_wconf 85' lang='lat' dir='ltr'><strong>rationis</strong></span> 
     </span>
    </p>
   </div>
   <div class='ocr_carea' id='block_1_56' title="bbox 2119 1407 3689 1480">
    <p class='ocr_par' dir='ltr' id='par_1_56' title="bbox 2119 1407 3689 1480">
     <span class='ocr_line' id='line_1_56' title="bbox 2119 1407 3689 1480; baseline 0.008 -27"><span class='ocrx_word' id='word_1_446' title='bbox 2119 1412 2318 1470; x_wconf 82' lang='lat' dir='ltr'><strong>capax,</strong></span> <span class='ocrx_word' id='word_1_447' title='bbox 2364 1410 2417 1457; x_wconf 92' lang='lat' dir='ltr'><strong>et</strong></span> <span class='ocrx_word' id='word_1_448' title='bbox 2461 1407 2711 1461; x_wconf 86' lang='lat' dir='ltr'><strong>oratione</strong></span> <span class='ocrx_word' id='word_1_449' title='bbox 2759 1408 3107 1475; x_wconf 86' lang='lat' dir='ltr'><strong>instructus,</strong></span> <span class='ocrx_word' id='word_1_450' title='bbox 3156 1409 3689 1480; x_wconf 87' lang='lat' dir='ltr'><strong>pulchritudinisque</strong></span> 
     </span>
    </p>
   </div>
   <div class='ocr_carea' id='block_1_57' title="bbox 2118 1496 3689 1571">
    <p class='ocr_par' dir='ltr' id='par_1_57' title="bbox 2118 1496 3689 1571">
     <span class='ocr_line' id='line_1_57' title="bbox 2118 1496 3689 1571; baseline 0.006 -27"><span class='ocrx_word' id='word_1_451' title='bbox 2118 1505 2319 1547; x_wconf 84' lang='lat' dir='ltr'><strong>corona</strong></span> <span class='ocrx_word' id='word_1_452' title='bbox 2339 1534 2354 1557; x_wconf 86' lang='lat'><strong>,</strong></span> <span class='ocrx_word' id='word_1_453' title='bbox 2386 1496 2595 1567; x_wconf 88' lang='lat' dir='ltr'><strong>quippe</strong></span> <span class='ocrx_word' id='word_1_454' title='bbox 2627 1499 2887 1556; x_wconf 86' lang='lat' dir='ltr'><strong>omnibus</strong></span> <span class='ocrx_word' id='word_1_455' title='bbox 2929 1501 3163 1558; x_wconf 85' lang='lat' dir='ltr'><strong>rationis</strong></span> <span class='ocrx_word' id='word_1_456' title='bbox 3188 1500 3509 1571; x_wconf 80' lang='lat' dir='ltr'><strong>expertibus</strong></span> <span class='ocrx_word' id='word_1_457' title='bbox 3548 1516 3689 1568; x_wconf 80' lang='lat' dir='ltr'><strong>pra:-</strong></span> 
     </span>
    </p>
   </div>
   <div class='ocr_carea' id='block_1_58' title="bbox 2116 1588 3687 1663">
    <p class='ocr_par' dir='ltr' id='par_1_58' title="bbox 2116 1588 3687 1663">
     <span class='ocr_line' id='line_1_58' title="bbox 2116 1588 3687 1663; baseline 0.006 -26"><span class='ocrx_word' id='word_1_458' title='bbox 2116 1592 2305 1648; x_wconf 90' lang='lat' dir='ltr'><strong>slans,</strong></span> <span class='ocrx_word' id='word_1_459' title='bbox 2350 1588 2702 1656; x_wconf 84' lang='lat' dir='ltr'><strong>pedestribus</strong></span> <span class='ocrx_word' id='word_1_460' title='bbox 2742 1600 2800 1646; x_wconf 89' lang='lat' dir='ltr'><strong>et</strong></span> <span class='ocrx_word' id='word_1_461' title='bbox 2838 1593 3196 1657; x_wconf 82' lang='lat' dir='ltr'><strong>volucribus,</strong></span> <span class='ocrx_word' id='word_1_462' title='bbox 3245 1593 3587 1663; x_wconf 82' lang='lat' dir='ltr'><strong>aquatilibus</strong></span> <span class='ocrx_word' id='word_1_463' title='bbox 3630 1600 3687 1647; x_wconf 84' lang='lat' dir='ltr'><strong>et</strong></span> 
     </span>
    </p>
   </div>
   <div class='ocr_carea' id='block_1_59' title="bbox 2115 1678 3686 1754">
    <p class='ocr_par' dir='ltr' id='par_1_59' title="bbox 2115 1678 3686 1754">
     <span class='ocr_line' id='line_1_59' title="bbox 2115 1678 3686 1754; baseline 0.004 -25"><span class='ocrx_word' id='word_1_464' title='bbox 2115 1678 2469 1746; x_wconf 70' lang='lat' dir='ltr'><strong>amphibiis.¢</strong></span> <span class='ocrx_word' id='word_1_465' title='bbox 2497 1680 2561 1735; x_wconf 84' lang='lat' dir='ltr'><strong>Et</strong></span> <span class='ocrx_word' id='word_1_466' title='bbox 2597 1683 2648 1737; x_wconf 90' lang='lat' dir='ltr'><strong>in</strong></span> <span class='ocrx_word' id='word_1_467' title='bbox 2685 1684 2894 1740; x_wconf 79' lang='lat' dir='ltr'><strong>deliciis</strong></span> <span class='ocrx_word' id='word_1_468' title='bbox 2926 1685 3169 1754; x_wconf 86' lang='lat' dir='ltr'><strong>paradisi</strong></span> <span class='ocrx_word' id='word_1_469' title='bbox 3204 1684 3299 1740; x_wconf 89' lang='lat' dir='ltr'><strong>Dei</strong></span> <span class='ocrx_word' id='word_1_470' title='bbox 3331 1685 3509 1741; x_wconf 76' lang='lat' dir='ltr'><strong>fuisti.</strong></span> <span class='ocrx_word' id='word_1_471' title='bbox 3544 1703 3566 1736; x_wconf 71' lang='grc' dir='ltr'><strong>ι</strong></span> <span class='ocrx_word' id='word_1_472' title='bbox 3596 1682 3686 1737; x_wconf 87' lang='lat' dir='ltr'><strong>Si-</strong></span> 
     </span>
    </p>
   </div>
   <div class='ocr_carea' id='block_1_60' title="bbox 2113 1768 3685 1846">
    <p class='ocr_par' dir='ltr' id='par_1_60' title="bbox 2113 1768 3685 1846">
     <span class='ocr_line' id='line_1_60' title="bbox 2113 1768 3685 1846; baseline 0.004 -24"><span class='ocrx_word' id='word_1_473' title='bbox 2113 1768 2334 1838; x_wconf 79' lang='lat' dir='ltr'><strong>quidem</strong></span> <span class='ocrx_word' id='word_1_474' title='bbox 2383 1785 2412 1824; x_wconf 90' lang='lat' dir='ltr'><strong>a</strong></span> <span class='ocrx_word' id='word_1_475' title='bbox 2463 1775 2641 1841; x_wconf 89' lang='lat' dir='ltr'><strong>primo</strong></span> <span class='ocrx_word' id='word_1_476' title='bbox 2689 1783 2920 1844; x_wconf 85' lang='lat' dir='ltr'><strong>parente</strong></span> <span class='ocrx_word' id='word_1_477' title='bbox 2970 1792 3146 1845; x_wconf 83' lang='lat' dir='ltr'><strong>genus</strong></span> <span class='ocrx_word' id='word_1_478' title='bbox 3172 1776 3337 1846; x_wconf 80' lang='lat'><strong>913</strong></span> <span class='ocrx_word' id='word_1_479' title='bbox 3369 1776 3559 1842; x_wconf 85' lang='lat' dir='ltr'><strong>ducis,</strong></span> <span class='ocrx_word' id='word_1_480' title='bbox 3589 1776 3685 1846; x_wconf 89' lang='lat' dir='ltr'><strong>qui</strong></span> 
     </span>
    </p>
   </div>
   <div class='ocr_carea' id='block_1_61' title="bbox 2113 1857 3684 1935">
    <p class='ocr_par' dir='ltr' id='par_1_61' title="bbox 2113 1857 3684 1935">
     <span class='ocr_line' id='line_1_61' title="bbox 2113 1857 3684 1935; baseline 0.004 -22"><span class='ocrx_word' id='word_1_481' title='bbox 2113 1857 2277 1915; x_wconf 88' lang='lat' dir='ltr'><strong>simul</strong></span> <span class='ocrx_word' id='word_1_482' title='bbox 2308 1867 2475 1930; x_wconf 88' lang='lat' dir='ltr'><strong>atque</strong></span> <span class='ocrx_word' id='word_1_483' title='bbox 2507 1870 2727 1918; x_wconf 86' lang='lat' dir='ltr'><strong>creatus</strong></span> <span class='ocrx_word' id='word_1_484' title='bbox 2757 1873 2844 1919; x_wconf 87' lang='lat' dir='ltr'><strong>est</strong></span> <span class='ocrx_word' id='word_1_485' title='bbox 2868 1902 2883 1928; x_wconf 91' lang='lat'><strong>,</strong></span> <span class='ocrx_word' id='word_1_486' title='bbox 2938 1865 2992 1918; x_wconf 92' lang='lat' dir='ltr'><strong>in</strong></span> <span class='ocrx_word' id='word_1_487' title='bbox 3047 1865 3308 1935; x_wconf 87' lang='lat' dir='ltr'><strong>paradiso</strong></span> <span class='ocrx_word' id='word_1_488' title='bbox 3357 1865 3684 1920; x_wconf 85' lang='lat' dir='ltr'><strong>deliciarum</strong></span> 
     </span>
    </p>
   </div>
   <div class='ocr_carea' id='block_1_62' title="bbox 2113 1949 3680 2024">
    <p class='ocr_par' dir='ltr' id='par_1_62' title="bbox 2113 1949 3680 2024">
     <span class='ocr_line' id='line_1_62' title="bbox 2113 1949 3680 2024; baseline 0.006 -21"><span class='ocrx_word' id='word_1_489' title='bbox 2113 1949 2331 2018; x_wconf 84' lang='lat' dir='ltr'><strong>positus</strong></span> <span class='ocrx_word' id='word_1_490' title='bbox 2358 1950 2463 2005; x_wconf 76' lang='lat' dir='ltr'><strong>fuit</strong></span> <span class='ocrx_word' id='word_1_491' title='bbox 2492 1953 2544 2015; x_wconf 69' lang='grc' dir='ltr'>ιι,</span> <span class='ocrx_word' id='word_1_492' title='bbox 2594 1961 2653 2006; x_wconf 81' lang='grc' dir='ltr'><strong>ιιι</strong></span> <span class='ocrx_word' id='word_1_493' title='bbox 2686 1963 3011 2024; x_wconf 88' lang='lat' dir='ltr'><strong>operaretur</strong></span> <span class='ocrx_word' id='word_1_494' title='bbox 3049 1963 3106 2011; x_wconf 88' lang='lat' dir='ltr'><strong>et</strong></span> <span class='ocrx_word' id='word_1_495' title='bbox 3146 1955 3459 2011; x_wconf 87' lang='lat' dir='ltr'><strong>custodiret</strong></span> <span class='ocrx_word' id='word_1_496' title='bbox 3504 1956 3680 2012; x_wconf 90' lang='lat' dir='ltr'><strong>illum.</strong></span> 
     </span>
    </p>
   </div>
   <div class='ocr_carea' id='block_1_63' title="bbox 2110 2038 3684 2117">
    <p class='ocr_par' dir='ltr' id='par_1_63' title="bbox 2110 2038 3684 2117">
     <span class='ocr_line' id='line_1_63' title="bbox 2110 2038 3684 2117; baseline 0.004 -24"><span class='ocrx_word' id='word_1_497' title='bbox 2110 2038 2242 2096; x_wconf 82' lang='lat' dir='ltr'><strong>Jure</strong></span> <span class='ocrx_word' id='word_1_498' title='bbox 2293 2050 2475 2096; x_wconf 88' lang='lat' dir='ltr'><strong>autem</strong></span> <span class='ocrx_word' id='word_1_499' title='bbox 2523 2044 2688 2098; x_wconf 85' lang='lat' dir='ltr'><strong>etiam</strong></span> <span class='ocrx_word' id='word_1_500' title='bbox 2738 2044 3223 2117; x_wconf 81' lang='lat' dir='ltr'><strong>Hierosolymam,</strong></span> <span class='ocrx_word' id='word_1_501' title='bbox 3274 2062 3396 2117; x_wconf 71' lang='lat' dir='ltr'><strong>quae</strong></span> <span class='ocrx_word' id='word_1_502' title='bbox 3439 2062 3599 2101; x_wconf 88' lang='lat' dir='ltr'><strong>sacra</strong></span> <span class='ocrx_word' id='word_1_503' title='bbox 3627 2054 3684 2102; x_wconf 87' lang='lat' dir='ltr'><strong>et</strong></span> 
     </span>
    </p>
   </div>
   <div class='ocr_carea' id='block_1_64' title="bbox 2110 2126 3684 2203">
    <p class='ocr_par' dir='ltr' id='par_1_64' title="bbox 2110 2126 3684 2203">
     <span class='ocr_line' id='line_1_64' title="bbox 2110 2126 3684 2203; baseline 0.007 -23"><span class='ocrx_word' id='word_1_504' title='bbox 2110 2126 2296 2182; x_wconf 86' lang='lat' dir='ltr'><strong>divina</strong></span> <span class='ocrx_word' id='word_1_505' title='bbox 2350 2129 2482 2185; x_wconf 88' lang='lat' dir='ltr'><strong>urbs</strong></span> <span class='ocrx_word' id='word_1_506' title='bbox 2526 2133 2942 2202; x_wconf 87' lang='lat' dir='ltr'><strong>appellabatur,</strong></span> <span class='ocrx_word' id='word_1_507' title='bbox 2984 2136 3298 2203; x_wconf 79' lang='lat' dir='ltr'><strong>paradisum</strong></span> <span class='ocrx_word' id='word_1_508' title='bbox 3340 2142 3536 2203; x_wconf 88' lang='lat' dir='ltr'><strong>vocat,</strong></span> <span class='ocrx_word' id='word_1_509' title='bbox 3586 2135 3684 2190; x_wconf 78' lang='lat' dir='ltr'><strong>ha-</strong></span> 
     </span>
    </p>
   </div>
   <div class='ocr_carea' id='block_1_65' title="bbox 2109 2214 3680 2296">
    <p class='ocr_par' dir='ltr' id='par_1_65' title="bbox 2109 2214 3680 2296">
     <span class='ocr_line' id='line_1_65' title="bbox 2109 2214 3680 2296; baseline 0.007 -27"><span class='ocrx_word' id='word_1_510' title='bbox 2109 2214 2324 2272; x_wconf 89' lang='lat' dir='ltr'><strong>bentem</strong></span> <span class='ocrx_word' id='word_1_511' title='bbox 2360 2228 2414 2275; x_wconf 91' lang='lat' dir='ltr'><strong>et</strong></span> <span class='ocrx_word' id='word_1_512' title='bbox 2462 2219 2555 2276; x_wconf 85' lang='lat' dir='ltr'><strong>Dei</strong></span> <span class='ocrx_word' id='word_1_513' title='bbox 2590 2224 2936 2294; x_wconf 74' lang='lat' dir='ltr'><strong>prophetiae,</strong></span> <span class='ocrx_word' id='word_1_514' title='bbox 2974 2232 3029 2281; x_wconf 89' lang='lat' dir='ltr'><strong>et</strong></span> <span class='ocrx_word' id='word_1_515' title='bbox 3060 2224 3417 2296; x_wconf 81' lang='lat' dir='ltr'><strong>pontiﬁcatus</strong></span> <span class='ocrx_word' id='word_1_516' title='bbox 3451 2226 3680 2280; x_wconf 73' lang='lat' dir='ltr'><strong>maximi</strong></span> 
     </span>
    </p>
   </div>
   <div class='ocr_carea' id='block_1_66' title="bbox 2111 2308 3697 2393">
    <p class='ocr_par' dir='ltr' id='par_1_66' title="bbox 2111 2308 3697 2393">
     <span class='ocr_line' id='line_1_66' title="bbox 2111 2308 3697 2393; baseline 0.006 -33"><span class='ocrx_word' id='word_1_517' title='bbox 2111 2308 2338 2366; x_wconf 89' lang='lat' dir='ltr'><strong>arbores</strong></span> <span class='ocrx_word' id='word_1_518' title='bbox 2359 2352 2374 2376; x_wconf 90' lang='lat'><strong>,</strong></span> <span class='ocrx_word' id='word_1_519' title='bbox 2408 2311 2574 2367; x_wconf 84' lang='lat' dir='ltr'><strong>vitam</strong></span> <span class='ocrx_word' id='word_1_520' title='bbox 2605 2315 2955 2386; x_wconf 88' lang='lat' dir='ltr'><strong>salutemque</strong></span> <span class='ocrx_word' id='word_1_521' title='bbox 2984 2316 3496 2393; x_wconf 86' lang='lat' dir='ltr'><strong>subministrantes.</strong></span> <span class='ocrx_word' id='word_1_522' title='bbox 3536 2314 3697 2388; x_wconf 44' lang='lat' dir='ltr'><strong>Olim.</strong></span> 
     </span>
    </p>
   </div>
   <div class='ocr_carea' id='block_1_67' title="bbox 2113 2399 3680 2479">
    <p class='ocr_par' dir='ltr' id='par_1_67' title="bbox 2113 2399 3680 2479">
     <span class='ocr_line' id='line_1_67' title="bbox 2113 2399 3680 2479; baseline 0.006 -27"><span class='ocrx_word' id='word_1_523' title='bbox 2113 2413 2241 2454; x_wconf 86' lang='lat' dir='ltr'><strong>vero</strong></span> <span class='ocrx_word' id='word_1_524' title='bbox 2272 2399 2565 2472; x_wconf 84' lang='lat' dir='ltr'><strong>Tyriorum</strong></span> <span class='ocrx_word' id='word_1_525' title='bbox 2614 2406 2729 2477; x_wconf 90' lang='lat' dir='ltr'><strong>regi</strong></span> <span class='ocrx_word' id='word_1_526' title='bbox 2766 2422 2893 2462; x_wconf 88' lang='lat' dir='ltr'><strong>cum</strong></span> <span class='ocrx_word' id='word_1_527' title='bbox 2924 2423 3051 2479; x_wconf 86' lang='lat' dir='ltr'><strong>rege</strong></span> <span class='ocrx_word' id='word_1_528' title='bbox 3085 2408 3458 2463; x_wconf 88' lang='lat' dir='ltr'><strong>lsraelitarum</strong></span> <span class='ocrx_word' id='word_1_529' title='bbox 3507 2408 3680 2463; x_wconf 90' lang='lat' dir='ltr'><strong>inter-</strong></span> 
     </span>
    </p>
   </div>
   <div class='ocr_carea' id='block_1_68' title="bbox 2109 2489 3681 2566">
    <p class='ocr_par' dir='ltr' id='par_1_68' title="bbox 2109 2489 3681 2566">
     <span class='ocr_line' id='line_1_68' title="bbox 2109 2489 3681 2566; baseline 0.005 -24"><span class='ocrx_word' id='word_1_530' title='bbox 2109 2489 2339 2545; x_wconf 86' lang='lat' dir='ltr'><strong>cedebat</strong></span> <span class='ocrx_word' id='word_1_531' title='bbox 2374 2493 2657 2561; x_wconf 86' lang='lat' dir='ltr'><strong>amicitia,</strong></span> <span class='ocrx_word' id='word_1_532' title='bbox 2687 2502 2917 2564; x_wconf 86' lang='lat' dir='ltr'><strong>eratque</strong></span> <span class='ocrx_word' id='word_1_533' title='bbox 2946 2504 3196 2552; x_wconf 86' lang='lat' dir='ltr'><strong>mutuum</strong></span> <span class='ocrx_word' id='word_1_534' title='bbox 3227 2495 3501 2566; x_wconf 86' lang='lat' dir='ltr'><strong>quoddam</strong></span> <span class='ocrx_word' id='word_1_535' title='bbox 3535 2495 3681 2563; x_wconf 84' lang='lat' dir='ltr'><strong>inter</strong></span> 
     </span>
    </p>
   </div>
   <div class='ocr_carea' id='block_1_69' title="bbox 2107 2578 3679 2659">
    <p class='ocr_par' dir='ltr' id='par_1_69' title="bbox 2107 2578 3679 2659">
     <span class='ocr_line' id='line_1_69' title="bbox 2107 2578 3679 2659; baseline 0.004 -27"><span class='ocrx_word' id='word_1_536' title='bbox 2107 2578 2262 2649; x_wconf 90' lang='lat' dir='ltr'><strong>ipsos</strong></span> <span class='ocrx_word' id='word_1_537' title='bbox 2297 2586 2691 2640; x_wconf 85' lang='lat' dir='ltr'><strong>commercium</strong></span> <span class='ocrx_word' id='word_1_538' title='bbox 2717 2627 2732 2651; x_wconf 90' lang='lat'><strong>,</strong></span> <span class='ocrx_word' id='word_1_539' title='bbox 2769 2586 2921 2659; x_wconf 74' lang='lat' dir='ltr'><strong>quod</strong></span> <span class='ocrx_word' id='word_1_540' title='bbox 2951 2603 3018 2642; x_wconf 81' lang='lat' dir='ltr'><strong>ex</strong></span> <span class='ocrx_word' id='word_1_541' title='bbox 3056 2586 3212 2642; x_wconf 83' lang='lat' dir='ltr'><strong>libris</strong></span> <span class='ocrx_word' id='word_1_542' title='bbox 3245 2585 3553 2657; x_wconf 72' lang='lat' dir='ltr'><strong>Regnorum</strong></span> <span class='ocrx_word' id='word_1_543' title='bbox 3596 2585 3679 2639; x_wconf 83' lang='lat' dir='ltr'><strong>fa-</strong></span> 
     </span>
    </p>
   </div>
   <div class='ocr_carea' id='block_1_70' title="bbox 2107 2666 3676 2746">
    <p class='ocr_par' dir='ltr' id='par_1_70' title="bbox 2107 2666 3676 2746">
     <span class='ocr_line' id='line_1_70' title="bbox 2107 2666 3676 2746; baseline 0.004 -22"><span class='ocrx_word' id='word_1_544' title='bbox 2107 2671 2211 2725; x_wconf 86' lang='lat' dir='ltr'><strong>cile</strong></span> <span class='ocrx_word' id='word_1_545' title='bbox 2242 2681 2327 2728; x_wconf 90' lang='lat' dir='ltr'><strong>est</strong></span> <span class='ocrx_word' id='word_1_546' title='bbox 2360 2675 2661 2746; x_wconf 87' lang='lat' dir='ltr'><strong>percipere.</strong></span> <span class='ocrx_word' id='word_1_547' title='bbox 2696 2675 2833 2732; x_wconf 90' lang='lat' dir='ltr'><strong>lllud</strong></span> <span class='ocrx_word' id='word_1_548' title='bbox 2865 2685 3048 2732; x_wconf 90' lang='lat' dir='ltr'><strong>autem</strong></span> <span class='ocrx_word' id='word_1_549' title='bbox 3077 2694 3090 2730; x_wconf 94' lang='lat'>:</span> <span class='ocrx_word' id='word_1_550' title='bbox 3142 2696 3159 2728; x_wconf 76' lang='grc' dir='ltr'><strong>ι</strong></span> <span class='ocrx_word' id='word_1_551' title='bbox 3185 2676 3413 2732; x_wconf 87' lang='lat' dir='ltr'><strong>Omnem</strong></span> <span class='ocrx_word' id='word_1_552' title='bbox 3442 2666 3676 2745; x_wconf 79' lang='lat' dir='ltr'><strong>lapidem</strong></span> 
     </span>
    </p>
   </div>
   <div class='ocr_carea' id='block_1_71' title="bbox 2106 2763 3680 2838">
    <p class='ocr_par' dir='ltr' id='par_1_71' title="bbox 2106 2763 3680 2838">
     <span class='ocr_line' id='line_1_71' title="bbox 2106 2763 3680 2838; baseline 0.005 -25"><span class='ocrx_word' id='word_1_553' title='bbox 2106 2763 2408 2831; x_wconf 86' lang='lat' dir='ltr'><strong>pretiosum</strong></span> <span class='ocrx_word' id='word_1_554' title='bbox 2437 2765 2664 2822; x_wconf 89' lang='lat' dir='ltr'><strong>indutus</strong></span> <span class='ocrx_word' id='word_1_555' title='bbox 2689 2783 2748 2822; x_wconf 91' lang='lat' dir='ltr'><strong>es</strong></span> <span class='ocrx_word' id='word_1_556' title='bbox 2773 2808 2788 2832; x_wconf 83' lang='lat'><strong>,</strong></span> <span class='ocrx_word' id='word_1_557' title='bbox 2819 2786 2837 2819; x_wconf 74' lang='grc' dir='ltr'><strong><em>ο</em></strong></span> <span class='ocrx_word' id='word_1_558' title='bbox 2868 2768 3223 2838; x_wconf 89' lang='lat' dir='ltr'><strong>perspicuum</strong></span> <span class='ocrx_word' id='word_1_559' title='bbox 3255 2778 3372 2832; x_wconf 88' lang='lat' dir='ltr'><strong>est,</strong></span> <span class='ocrx_word' id='word_1_560' title='bbox 3408 2767 3453 2823; x_wconf 91' lang='lat' dir='ltr'><strong>si</strong></span> <span class='ocrx_word' id='word_1_561' title='bbox 3482 2782 3680 2822; x_wconf 89' lang='lat' dir='ltr'><strong>secun-</strong></span> 
     </span>
    </p>
   </div>
   <div class='ocr_carea' id='block_1_72' title="bbox 2105 2852 3679 2929">
    <p class='ocr_par' dir='ltr' id='par_1_72' title="bbox 2105 2852 3679 2929">
     <span class='ocr_line' id='line_1_72' title="bbox 2105 2852 3679 2929; baseline 0.004 -24"><span class='ocrx_word' id='word_1_562' title='bbox 2105 2852 2232 2907; x_wconf 92' lang='lat' dir='ltr'><strong>dum</strong></span> <span class='ocrx_word' id='word_1_563' title='bbox 2267 2855 2506 2912; x_wconf 85' lang='lat' dir='ltr'><strong>litteram</strong></span> <span class='ocrx_word' id='word_1_564' title='bbox 2540 2858 2905 2929; x_wconf 74' lang='lat' dir='ltr'><strong>intelligatur,</strong></span> <span class='ocrx_word' id='word_1_565' title='bbox 2937 2867 2994 2914; x_wconf 92' lang='lat' dir='ltr'><strong>et</strong></span> <span class='ocrx_word' id='word_1_566' title='bbox 3027 2859 3095 2914; x_wconf 89' lang='lat' dir='ltr'><strong>de</strong></span> <span class='ocrx_word' id='word_1_567' title='bbox 3129 2875 3256 2929; x_wconf 88' lang='lat' dir='ltr'><strong>rege</strong></span> <span class='ocrx_word' id='word_1_568' title='bbox 3288 2858 3496 2914; x_wconf 85' lang='lat' dir='ltr'><strong>dictum</strong></span> <span class='ocrx_word' id='word_1_569' title='bbox 3529 2858 3679 2912; x_wconf 82' lang='lat' dir='ltr'><strong>acci—</strong></span> 
     </span>
    </p>
   </div>
   <div class='ocr_carea' id='block_1_73' title="bbox 2103 2947 3676 3015">
    <p class='ocr_par' dir='ltr' id='par_1_73' title="bbox 2103 2947 3676 3015">
     <span class='ocr_line' id='line_1_73' title="bbox 2103 2947 3676 3015; baseline 0.004 -15"><span class='ocrx_word' id='word_1_570' title='bbox 2103 2947 2304 3015; x_wconf 89' lang='lat' dir='ltr'><strong>piatur.</strong></span> <span class='ocrx_word' id='word_1_571' title='bbox 2353 2949 2584 3006; x_wconf 90' lang='lat' dir='ltr'><strong>lnlinitis</strong></span> <span class='ocrx_word' id='word_1_572' title='bbox 2625 2951 2770 3007; x_wconf 87' lang='lat' dir='ltr'><strong>enim</strong></span> <span class='ocrx_word' id='word_1_573' title='bbox 2820 2951 2979 3007; x_wconf 87' lang='lat' dir='ltr'><strong>bonis</strong></span> <span class='ocrx_word' id='word_1_574' title='bbox 3020 2959 3071 3006; x_wconf 91' lang='lat' dir='ltr'><strong>te</strong></span> <span class='ocrx_word' id='word_1_575' title='bbox 3102 2949 3381 3015; x_wconf 81' lang='lat' dir='ltr'><strong>instruxi,</strong></span> <span class='ocrx_word' id='word_1_576' title='bbox 3409 2959 3464 3005; x_wconf 91' lang='lat' dir='ltr'><strong>et</strong></span> <span class='ocrx_word' id='word_1_577' title='bbox 3491 2951 3676 3006; x_wconf 84' lang='lat' dir='ltr'><strong>omnis</strong></span> 
     </span>
    </p>
   </div>
   <div class='ocr_carea' id='block_1_74' title="bbox 2104 3030 3677 3109">
    <p class='ocr_par' dir='ltr' id='par_1_74' title="bbox 2104 3030 3677 3109">
     <span class='ocr_line' id='line_1_74' title="bbox 2104 3030 3677 3109; baseline 0.001 -20"><span class='ocrx_word' id='word_1_578' title='bbox 2104 3036 2324 3106; x_wconf 88' lang='lat' dir='ltr'><strong>generis</strong></span> <span class='ocrx_word' id='word_1_579' title='bbox 2358 3037 2600 3109; x_wconf 84' lang='lat' dir='ltr'><strong>undique</strong></span> <span class='ocrx_word' id='word_1_580' title='bbox 2630 3038 2732 3092; x_wconf 87' lang='lat' dir='ltr'><strong>tibi</strong></span> <span class='ocrx_word' id='word_1_581' title='bbox 2768 3039 3053 3093; x_wconf 88' lang='lat' dir='ltr'><strong>materiam</strong></span> <span class='ocrx_word' id='word_1_582' title='bbox 3094 3030 3442 3109; x_wconf 79' lang='lat' dir='ltr'><strong>suppeditavi</strong></span> <span class='ocrx_word' id='word_1_583' title='bbox 3465 3077 3481 3103; x_wconf 90' lang='lat'><strong>,</strong></span> <span class='ocrx_word' id='word_1_584' title='bbox 3531 3036 3677 3091; x_wconf 87' lang='lat' dir='ltr'><strong>unde</strong></span> 
     </span>
    </p>
   </div>
   <div class='ocr_carea' id='block_1_75' title="bbox 2104 3125 3672 3196">
    <p class='ocr_par' dir='ltr' id='par_1_75' title="bbox 2104 3125 3672 3196">
     <span class='ocr_line' id='line_1_75' title="bbox 2104 3125 3672 3196; baseline -0.001 -16"><span class='ocrx_word' id='word_1_585' title='bbox 2104 3125 2416 3181; x_wconf 88' lang='lat' dir='ltr'><strong>diademata</strong></span> <span class='ocrx_word' id='word_1_586' title='bbox 2446 3134 2503 3182; x_wconf 89' lang='lat' dir='ltr'><strong>et</strong></span> <span class='ocrx_word' id='word_1_587' title='bbox 2537 3141 2771 3181; x_wconf 88' lang='lat' dir='ltr'><strong>coronas</strong></span> <span class='ocrx_word' id='word_1_588' title='bbox 2792 3167 2808 3192; x_wconf 90' lang='lat'><strong>,</strong></span> <span class='ocrx_word' id='word_1_589' title='bbox 2856 3126 3160 3196; x_wconf 85' lang='lat' dir='ltr'><strong>ﬁbulasque</strong></span> <span class='ocrx_word' id='word_1_590' title='bbox 3196 3136 3250 3180; x_wconf 92' lang='lat' dir='ltr'><strong>et</strong></span> <span class='ocrx_word' id='word_1_591' title='bbox 3282 3140 3450 3180; x_wconf 87' lang='lat' dir='ltr'><strong>zonas</strong></span> <span class='ocrx_word' id='word_1_592' title='bbox 3492 3139 3672 3191; x_wconf 82' lang='lat' dir='ltr'><strong>annu-</strong></span> 
     </span>
    </p>
   </div>
   <div class='ocr_carea' id='block_1_76' title="bbox 2104 3214 3673 3289">
    <p class='ocr_par' dir='ltr' id='par_1_76' title="bbox 2104 3214 3673 3289">
     <span class='ocr_line' id='line_1_76' title="bbox 2104 3214 3673 3289; baseline 0.001 -21"><span class='ocrx_word' id='word_1_593' title='bbox 2104 3214 2296 3286; x_wconf 88' lang='lat' dir='ltr'><strong>losque</strong></span> <span class='ocrx_word' id='word_1_594' title='bbox 2339 3214 2558 3279; x_wconf 80' lang='lat' dir='ltr'><strong>fecisti,</strong></span> <span class='ocrx_word' id='word_1_595' title='bbox 2603 3217 2839 3286; x_wconf 90' lang='lat' dir='ltr'><strong>penibus</strong></span> <span class='ocrx_word' id='word_1_596' title='bbox 2871 3225 3052 3271; x_wconf 87' lang='lat' dir='ltr'><strong>autem</strong></span> <span class='ocrx_word' id='word_1_597' title='bbox 3100 3218 3423 3289; x_wconf 89' lang='lat' dir='ltr'><strong>completis,</strong></span> <span class='ocrx_word' id='word_1_598' title='bbox 3454 3223 3673 3286; x_wconf 84' lang='lat' dir='ltr'><strong>propter</strong></span> 
     </span>
    </p>
   </div>
   <div class='ocr_carea' id='block_1_77' title="bbox 2104 3305 3674 3363">
    <p class='ocr_par' dir='ltr' id='par_1_77' title="bbox 2104 3305 3674 3363">
     <span class='ocr_line' id='line_1_77' title="bbox 2104 3305 3674 3363; baseline 0.001 -2"><span class='ocrx_word' id='word_1_599' title='bbox 2104 3307 2299 3361; x_wconf 89' lang='lat' dir='ltr'><strong>borum</strong></span> <span class='ocrx_word' id='word_1_600' title='bbox 2330 3308 2728 3363; x_wconf 82' lang='lat' dir='ltr'><strong>abundantiam</strong></span> <span class='ocrx_word' id='word_1_601' title='bbox 2786 3317 2842 3363; x_wconf 91' lang='lat' dir='ltr'><strong>et</strong></span> <span class='ocrx_word' id='word_1_602' title='bbox 2873 3316 3128 3363; x_wconf 89' lang='lat' dir='ltr'><strong>ornatum</strong></span> <span class='ocrx_word' id='word_1_603' title='bbox 3158 3307 3440 3363; x_wconf 88' lang='lat' dir='ltr'><strong>contraria</strong></span> <span class='ocrx_word' id='word_1_604' title='bbox 3467 3305 3674 3363; x_wconf 81' lang='lat' dir='ltr'><strong>sentire</strong></span> 
     </span>
    </p>
   </div>
   <div class='ocr_carea' id='block_1_78' title="bbox 2102 3397 3668 3469">
    <p class='ocr_par' dir='ltr' id='par_1_78' title="bbox 2102 3397 3668 3469">
     <span class='ocr_line' id='line_1_78' title="bbox 2102 3397 3668 3469; baseline -0.001 -17"><span class='ocrx_word' id='word_1_605' title='bbox 2102 3398 2493 3469; x_wconf 87' lang='lat' dir='ltr'><strong>perscverasti.</strong></span> <span class='ocrx_word' id='word_1_606' title='bbox 2530 3399 2688 3464; x_wconf 82' lang='lat' dir='ltr'><strong>Quod</strong></span> <span class='ocrx_word' id='word_1_607' title='bbox 2710 3399 2758 3454; x_wconf 90' lang='lat' dir='ltr'><strong>si</strong></span> <span class='ocrx_word' id='word_1_608' title='bbox 2789 3399 2857 3452; x_wconf 87' lang='lat' dir='ltr'><strong>ad</strong></span> <span class='ocrx_word' id='word_1_609' title='bbox 2886 3398 3165 3453; x_wconf 86' lang='lat' dir='ltr'><strong>diabolum</strong></span> <span class='ocrx_word' id='word_1_610' title='bbox 3203 3398 3318 3453; x_wconf 65' lang='lat' dir='ltr'><strong>haec</strong></span> <span class='ocrx_word' id='word_1_611' title='bbox 3334 3397 3668 3461; x_wconf 81' lang='lat' dir='ltr'><strong>referantur,</strong></span> 
     </span>
    </p>
   </div>
   <div class='ocr_carea' id='block_1_79' title="bbox 2100 3483 3678 3556">
    <p class='ocr_par' dir='ltr' id='par_1_79' title="bbox 2100 3483 3678 3556">
     <span class='ocr_line' id='line_1_79' title="bbox 2100 3483 3678 3556; baseline -0.001 -16"><span class='ocrx_word' id='word_1_612' title='bbox 2100 3502 2209 3540; x_wconf 87' lang='lat' dir='ltr'><strong>non</strong></span> <span class='ocrx_word' id='word_1_613' title='bbox 2243 3486 2315 3539; x_wconf 88' lang='lat' dir='ltr'><strong>ita</strong></span> <span class='ocrx_word' id='word_1_614' title='bbox 2345 3485 2702 3556; x_wconf 88' lang='lat' dir='ltr'><strong>intelligenda</strong></span> <span class='ocrx_word' id='word_1_615' title='bbox 2733 3492 2902 3541; x_wconf 89' lang='lat' dir='ltr'><strong>sunt:</strong></span> <span class='ocrx_word' id='word_1_616' title='bbox 2938 3501 3127 3541; x_wconf 88' lang='lat' dir='ltr'><strong>verum</strong></span> <span class='ocrx_word' id='word_1_617' title='bbox 3157 3485 3320 3542; x_wconf 85' lang='lat' dir='ltr'><strong>illud:</strong></span> <span class='ocrx_word' id='word_1_618' title='bbox 3352 3504 3370 3536; x_wconf 79' lang='grc' dir='ltr'><strong>ι</strong></span> <span class='ocrx_word' id='word_1_619' title='bbox 3401 3483 3481 3539; x_wconf 89' lang='lat' dir='ltr'><strong>Tu</strong></span> <span class='ocrx_word' id='word_1_620' title='bbox 3510 3500 3572 3540; x_wconf 87' lang='lat' dir='ltr'><strong>es</strong></span> <span class='ocrx_word' id='word_1_621' title='bbox 3601 3485 3678 3539; x_wconf 89' lang='lat' dir='ltr'><strong>si-</strong></span> 
     </span>
    </p>
   </div>
   <div class='ocr_carea' id='block_1_80' title="bbox 2098 3578 3676 3650">
    <p class='ocr_par' dir='ltr' id='par_1_80' title="bbox 2098 3578 3676 3650">
     <span class='ocr_line' id='line_1_80' title="bbox 2098 3578 3676 3650; baseline -0.001 -18"><span class='ocrx_word' id='word_1_622' title='bbox 2098 3579 2394 3650; x_wconf 85' lang='lat' dir='ltr'><strong>gnaculum</strong></span> <span class='ocrx_word' id='word_1_623' title='bbox 2424 3579 2840 3643; x_wconf 86' lang='lat' dir='ltr'><strong>similitudinis,</strong></span> <span class='ocrx_word' id='word_1_624' title='bbox 2867 3597 2885 3629; x_wconf 75' lang='grc' dir='ltr'><strong>ι</strong></span> <span class='ocrx_word' id='word_1_625' title='bbox 2913 3578 2981 3633; x_wconf 91' lang='lat' dir='ltr'><strong>de</strong></span> <span class='ocrx_word' id='word_1_626' title='bbox 3010 3593 3176 3648; x_wconf 88' lang='lat' dir='ltr'><strong>regno</strong></span> <span class='ocrx_word' id='word_1_627' title='bbox 3205 3578 3281 3632; x_wconf 89' lang='lat' dir='ltr'><strong>illi</strong></span> <span class='ocrx_word' id='word_1_628' title='bbox 3312 3578 3439 3632; x_wconf 88' lang='lat' dir='ltr'><strong>olim</strong></span> <span class='ocrx_word' id='word_1_629' title='bbox 3469 3579 3676 3631; x_wconf 87' lang='lat' dir='ltr'><strong>tradito</strong></span> 
     </span>
    </p>
   </div>
   <div class='ocr_carea' id='block_1_81' title="bbox 2099 3666 3676 3738">
    <p class='ocr_par' dir='ltr' id='par_1_81' title="bbox 2099 3666 3676 3738">
     <span class='ocr_line' id='line_1_81' title="bbox 2099 3666 3676 3738; baseline -0.003 -15"><span class='ocrx_word' id='word_1_630' title='bbox 2099 3676 2154 3723; x_wconf 89' lang='lat' dir='ltr'><strong>et</strong></span> <span class='ocrx_word' id='word_1_631' title='bbox 2181 3674 2451 3738; x_wconf 78' lang='lat' dir='ltr'><strong>potestate</strong></span> <span class='ocrx_word' id='word_1_632' title='bbox 2483 3667 2562 3722; x_wconf 89' lang='lat' dir='ltr'><strong>illi</strong></span> <span class='ocrx_word' id='word_1_633' title='bbox 2611 3682 2880 3724; x_wconf 90' lang='lat' dir='ltr'><strong>concessa</strong></span> <span class='ocrx_word' id='word_1_634' title='bbox 2927 3666 3136 3721; x_wconf 89' lang='lat' dir='ltr'><strong>dictum</strong></span> <span class='ocrx_word' id='word_1_635' title='bbox 3170 3666 3535 3736; x_wconf 86' lang='lat' dir='ltr'><strong>accipiemus.</strong></span> <span class='ocrx_word' id='word_1_636' title='bbox 3582 3666 3676 3719; x_wconf 84' lang='lat' dir='ltr'><strong>Ait</strong></span> 
     </span>
    </p>
   </div>
   <div class='ocr_carea' id='block_1_82' title="bbox 2097 3756 3672 3829">
    <p class='ocr_par' dir='ltr' id='par_1_82' title="bbox 2097 3756 3672 3829">
     <span class='ocr_line' id='line_1_82' title="bbox 2097 3756 3672 3829; baseline -0.004 -12"><span class='ocrx_word' id='word_1_637' title='bbox 2097 3761 2241 3817; x_wconf 86' lang='lat' dir='ltr'><strong>enim</strong></span> <span class='ocrx_word' id='word_1_638' title='bbox 2292 3760 2514 3816; x_wconf 85' lang='lat' dir='ltr'><strong>divinus</strong></span> <span class='ocrx_word' id='word_1_639' title='bbox 2553 3759 2889 3829; x_wconf 82' lang='lat' dir='ltr'><strong>Apostolus:</strong></span> <span class='ocrx_word' id='word_1_640' title='bbox 2948 3776 2966 3809; x_wconf 78' lang='grc' dir='ltr'><strong>ι</strong></span> <span class='ocrx_word' id='word_1_641' title='bbox 2998 3756 3316 3813; x_wconf 86' lang='lat' dir='ltr'><strong>Secundum</strong></span> <span class='ocrx_word' id='word_1_642' title='bbox 3363 3758 3672 3827; x_wconf 70' lang='lat' dir='ltr'><strong>principem</strong></span> 
     </span>
    </p>
   </div>
   <div class='ocr_carea' id='block_1_83' title="bbox 2099 3848 3676 3922">
    <p class='ocr_par' dir='ltr' id='par_1_83' title="bbox 2099 3848 3676 3922">
     <span class='ocr_line' id='line_1_83' title="bbox 2099 3848 3676 3922; baseline -0.002 -18"><span class='ocrx_word' id='word_1_643' title='bbox 2099 3850 2391 3922; x_wconf 87' lang='lat' dir='ltr'><strong>potestatis</strong></span> <span class='ocrx_word' id='word_1_644' title='bbox 2420 3850 2566 3906; x_wconf 88' lang='lat' dir='ltr'><strong>aeris</strong></span> <span class='ocrx_word' id='word_1_645' title='bbox 2603 3850 2802 3918; x_wconf 86' lang='lat' dir='ltr'><strong>hujus,</strong></span> <span class='ocrx_word' id='word_1_646' title='bbox 2839 3848 3075 3920; x_wconf 89' lang='lat' dir='ltr'><strong>spiritus</strong></span> <span class='ocrx_word' id='word_1_647' title='bbox 3107 3849 3201 3921; x_wconf 86' lang='lat' dir='ltr'><strong>qui</strong></span> <span class='ocrx_word' id='word_1_648' title='bbox 3236 3864 3386 3902; x_wconf 90' lang='lat' dir='ltr'><strong>nunc</strong></span> <span class='ocrx_word' id='word_1_649' title='bbox 3419 3856 3676 3917; x_wconf 86' lang='lat' dir='ltr'><strong>operatur</strong></span> 
     </span>
    </p>
   </div>
   <div class='ocr_carea' id='block_1_84' title="bbox 2099 3939 3673 4011">
    <p class='ocr_par' dir='ltr' id='par_1_84' title="bbox 2099 3939 3673 4011">
     <span class='ocr_line' id='line_1_84' title="bbox 2099 3939 3673 4011; baseline 0.001 -17"><span class='ocrx_word' id='word_1_650' title='bbox 2099 3942 2157 3996; x_wconf 92' lang='lat' dir='ltr'><strong>in</strong></span> <span class='ocrx_word' id='word_1_651' title='bbox 2195 3941 2325 3997; x_wconf 91' lang='lat' dir='ltr'><strong>ﬁliis</strong></span> <span class='ocrx_word' id='word_1_652' title='bbox 2361 3942 2777 3997; x_wconf 87' lang='lat' dir='ltr'><strong>incredulitatis</strong></span> <span class='ocrx_word' id='word_1_653' title='bbox 2814 3943 2856 3996; x_wconf 82' lang='grc' dir='ltr'><strong>ί.</strong></span> <span class='ocrx_word' id='word_1_654' title='bbox 2889 3960 2908 3993; x_wconf 71' lang='grc' dir='ltr'><strong>ο</strong></span> <span class='ocrx_word' id='word_1_655' title='bbox 2942 3940 3009 3995; x_wconf 88' lang='lat' dir='ltr'><strong>Ut</strong></span> <span class='ocrx_word' id='word_1_656' title='bbox 3040 3940 3393 4011; x_wconf 88' lang='lat' dir='ltr'><strong>perspicuum</strong></span> <span class='ocrx_word' id='word_1_657' title='bbox 3429 3939 3541 4003; x_wconf 88' lang='lat' dir='ltr'><strong>sit,</strong></span> <span class='ocrx_word' id='word_1_658' title='bbox 3572 3956 3673 3995; x_wconf 89' lang='lat' dir='ltr'><strong>an-</strong></span> 
     </span>
    </p>
   </div>
   <div class='ocr_carea' id='block_1_85' title="bbox 2098 4031 3673 4102">
    <p class='ocr_par' dir='ltr' id='par_1_85' title="bbox 2098 4031 3673 4102">
     <span class='ocr_line' id='line_1_85' title="bbox 2098 4031 3673 4102; baseline 0.001 -16"><span class='ocrx_word' id='word_1_659' title='bbox 2098 4034 2334 4102; x_wconf 90' lang='lat' dir='ltr'><strong>tiquitus</strong></span> <span class='ocrx_word' id='word_1_660' title='bbox 2370 4032 2537 4102; x_wconf 85' lang='lat' dir='ltr'><strong>hujus</strong></span> <span class='ocrx_word' id='word_1_661' title='bbox 2566 4035 2712 4087; x_wconf 86' lang='lat' dir='ltr'><strong>aeris</strong></span> <span class='ocrx_word' id='word_1_662' title='bbox 2743 4031 3275 4087; x_wconf 88' lang='lat' dir='ltr'><strong>administrationem</strong></span> <span class='ocrx_word' id='word_1_663' title='bbox 3306 4031 3385 4085; x_wconf 92' lang='lat' dir='ltr'><strong>illi</strong></span> <span class='ocrx_word' id='word_1_664' title='bbox 3417 4032 3673 4099; x_wconf 86' lang='lat' dir='ltr'><strong>commis-</strong></span> 
     </span>
    </p>
   </div>
   <div class='ocr_carea' id='block_1_86' title="bbox 2098 4121 3672 4201">
    <p class='ocr_par' dir='ltr' id='par_1_86' title="bbox 2098 4121 3672 4201">
     <span class='ocr_line' id='line_1_86' title="bbox 2098 4121 3672 4201; baseline -0.003 -21"><span class='ocrx_word' id='word_1_665' title='bbox 2098 4140 2216 4201; x_wconf 84' lang='lat' dir='ltr'><strong>sam</strong></span> <span class='ocrx_word' id='word_1_666' title='bbox 2250 4124 2428 4179; x_wconf 82' lang='lat' dir='ltr'><strong>fuisse</strong></span> <span class='ocrx_word' id='word_1_667' title='bbox 2456 4143 2468 4178; x_wconf 91' lang='lat'><strong>:</strong></span> <span class='ocrx_word' id='word_1_668' title='bbox 2501 4124 2597 4179; x_wconf 89' lang='lat' dir='ltr'><strong>sed</strong></span> <span class='ocrx_word' id='word_1_669' title='bbox 2629 4132 2852 4193; x_wconf 85' lang='lat' dir='ltr'><strong>propter</strong></span> <span class='ocrx_word' id='word_1_670' title='bbox 2879 4122 3195 4192; x_wconf 83' lang='lat' dir='ltr'><strong>superbiam</strong></span> <span class='ocrx_word' id='word_1_671' title='bbox 3228 4121 3540 4191; x_wconf 83' lang='lat' dir='ltr'><strong>principatu</strong></span> <span class='ocrx_word' id='word_1_672' title='bbox 3574 4122 3672 4175; x_wconf 88' lang='lat' dir='ltr'><strong>dc-</strong></span> 
     </span>
    </p>
   </div>
   <div class='ocr_carea' id='block_1_87' title="bbox 2092 4211 3669 4284">
    <p class='ocr_par' dir='ltr' id='par_1_87' title="bbox 2092 4211 3669 4284">
     <span class='ocr_line' id='line_1_87' title="bbox 2092 4211 3669 4284; baseline -0.003 -14"><span class='ocrx_word' id='word_1_673' title='bbox 2092 4214 2322 4284; x_wconf 88' lang='lat' dir='ltr'><strong>jcctum,</strong></span> <span class='ocrx_word' id='word_1_674' title='bbox 2358 4214 2412 4269; x_wconf 92' lang='lat' dir='ltr'><strong>in</strong></span> <span class='ocrx_word' id='word_1_675' title='bbox 2438 4214 2505 4269; x_wconf 88' lang='lat' dir='ltr'><strong>iis</strong></span> <span class='ocrx_word' id='word_1_676' title='bbox 2537 4215 2631 4283; x_wconf 90' lang='lat' dir='ltr'><strong>qui</strong></span> <span class='ocrx_word' id='word_1_677' title='bbox 2663 4229 2773 4269; x_wconf 89' lang='lat' dir='ltr'><strong>non</strong></span> <span class='ocrx_word' id='word_1_678' title='bbox 2806 4213 3039 4267; x_wconf 89' lang='lat' dir='ltr'><strong>credunt</strong></span> <span class='ocrx_word' id='word_1_679' title='bbox 3074 4213 3337 4281; x_wconf 68' lang='lat' dir='ltr'><strong>praeconii</strong></span> <span class='ocrx_word' id='word_1_680' title='bbox 3364 4213 3533 4267; x_wconf 86' lang='lat' dir='ltr'><strong>verbo</strong></span> <span class='ocrx_word' id='word_1_681' title='bbox 3559 4211 3669 4266; x_wconf 87' lang='lat' dir='ltr'><strong>vim</strong></span> 
     </span>
    </p>
   </div>
   <div class='ocr_carea' id='block_1_88' title="bbox 2097 4301 3668 4376">
    <p class='ocr_par' dir='ltr' id='par_1_88' title="bbox 2097 4301 3668 4376">
     <span class='ocr_line' id='line_1_88' title="bbox 2097 4301 3668 4376; baseline -0.005 -15"><span class='ocrx_word' id='word_1_682' title='bbox 2097 4319 2253 4361; x_wconf 87' lang='lat' dir='ltr'><strong>suam</strong></span> <span class='ocrx_word' id='word_1_683' title='bbox 2304 4303 2637 4376; x_wconf 83' lang='lat' dir='ltr'><strong>patefacere.</strong></span> <span class='ocrx_word' id='word_1_684' title='bbox 2678 4321 2697 4354; x_wconf 84' lang='grc'><strong>‹</strong></span> <span class='ocrx_word' id='word_1_685' title='bbox 2731 4301 2937 4358; x_wconf 83' lang='grc' dir='ltr'>Ριοηυε</span> <span class='ocrx_word' id='word_1_686' title='bbox 2991 4301 3302 4372; x_wconf 87' lang='lat' dir='ltr'><strong>sapientia,</strong></span> <span class='ocrx_word' id='word_1_687' title='bbox 3356 4308 3411 4356; x_wconf 91' lang='lat' dir='ltr'><strong>et</strong></span> <span class='ocrx_word' id='word_1_688' title='bbox 3462 4314 3668 4356; x_wconf 91' lang='lat' dir='ltr'><strong>corona</strong></span> 
     </span>
    </p>
   </div>
   <div class='ocr_carea' id='block_1_89' title="bbox 2096 4391 3669 4466">
    <p class='ocr_par' dir='ltr' id='par_1_89' title="bbox 2096 4391 3669 4466">
     <span class='ocr_line' id='line_1_89' title="bbox 2096 4391 3669 4466; baseline -0.001 -17"><span class='ocrx_word' id='word_1_689' title='bbox 2096 4395 2528 4466; x_wconf 81' lang='lat' dir='ltr'><strong>pulchritudinis</strong></span> <span class='ocrx_word' id='word_1_690' title='bbox 2548 4434 2564 4462; x_wconf 92' lang='lat'><strong>,</strong></span> <span class='ocrx_word' id='word_1_691' title='bbox 2589 4404 2645 4450; x_wconf 91' lang='lat' dir='ltr'><strong>et</strong></span> <span class='ocrx_word' id='word_1_692' title='bbox 2674 4394 2729 4449; x_wconf 91' lang='lat' dir='ltr'><strong>in</strong></span> <span class='ocrx_word' id='word_1_693' title='bbox 2759 4393 2978 4449; x_wconf 85' lang='lat' dir='ltr'><strong>deliciis</strong></span> <span class='ocrx_word' id='word_1_694' title='bbox 3009 4392 3253 4465; x_wconf 87' lang='lat' dir='ltr'><strong>paradisi</strong></span> <span class='ocrx_word' id='word_1_695' title='bbox 3284 4391 3463 4449; x_wconf 81' lang='lat' dir='ltr'><strong>fuisti.</strong></span> <span class='ocrx_word' id='word_1_696' title='bbox 3500 4411 3517 4445; x_wconf 75' lang='grc' dir='ltr'><strong>ι</strong></span> <span class='ocrx_word' id='word_1_697' title='bbox 3547 4392 3669 4447; x_wconf 78' lang='lat' dir='ltr'><strong>Pri-</strong></span> 
     </span>
    </p>
   </div>
   <div class='ocr_carea' id='block_1_90' title="bbox 420 4483 2004 4564">
    <p class='ocr_par' dir='ltr' id='par_1_90' title="bbox 420 4483 2004 4564">
     <span class='ocr_line' id='line_1_90' title="bbox 420 4483 2004 4564; baseline -0.001 -18"><span class='ocrx_word' id='word_1_698' title='bbox 420 4492 692 4564; x_wconf 78' lang='grc' dir='ltr'>προτέραν</span> <span class='ocrx_word' id='word_1_699' title='bbox 718 4490 883 4544; x_wconf 78' lang='grc' dir='ltr'>αὑτοῦ</span> <span class='ocrx_word' id='word_1_700' title='bbox 901 4489 1102 4560; x_wconf 73' lang='grc' dir='ltr'>ἀρετήν</span> <span class='ocrx_word' id='word_1_701' title='bbox 1121 4489 1212 4543; x_wconf 82' lang='grc' dir='ltr'><strong>διὰ</strong></span> <span class='ocrx_word' id='word_1_702' title='bbox 1243 4488 1449 4542; x_wconf 86' lang='grc' dir='ltr'>τούτων</span> <span class='ocrx_word' id='word_1_703' title='bbox 1473 4490 1793 4545; x_wconf 84' lang='grc' dir='ltr'>αἰνίττεται.</span> <span class='ocrx_word' id='word_1_704' title='bbox 1812 4511 1831 4544; x_wconf 84' lang='grc'><em>‹</em></span> <span class='ocrx_word' id='word_1_705' title='bbox 1871 4483 2004 4546; x_wconf 65' lang='grc' dir='ltr'><strong>Εἶδέ</strong></span> 
     </span>
    </p>
   </div>
   <div class='ocr_carea' id='block_1_91' title="bbox 2105 4483 3669 4564">
    <p class='ocr_par' dir='ltr' id='par_1_91' title="bbox 2105 4484 3669 4558">
     <span class='ocr_line' id='line_1_91' title="bbox 2105 4484 3669 4558; baseline -0.001 -15"><span class='ocrx_word' id='word_1_706' title='bbox 2105 4489 2294 4543; x_wconf 83' lang='lat' dir='ltr'><strong>stinam</strong></span> <span class='ocrx_word' id='word_1_707' title='bbox 2325 4502 2418 4558; x_wconf 89' lang='lat' dir='ltr'><strong>per</strong></span> <span class='ocrx_word' id='word_1_708' title='bbox 2443 4487 2559 4542; x_wconf 71' lang='lat' dir='ltr'><strong>haec</strong></span> <span class='ocrx_word' id='word_1_709' title='bbox 2590 4487 2740 4543; x_wconf 88' lang='lat' dir='ltr'><strong>illius</strong></span> <span class='ocrx_word' id='word_1_710' title='bbox 2772 4485 2950 4540; x_wconf 90' lang='lat' dir='ltr'><strong>innuit</strong></span> <span class='ocrx_word' id='word_1_711' title='bbox 2979 4486 3263 4541; x_wconf 88' lang='lat' dir='ltr'><strong>virtutem.</strong></span> <span class='ocrx_word' id='word_1_712' title='bbox 3290 4505 3308 4538; x_wconf 76' lang='grc' dir='ltr'><strong>ι</strong></span> <span class='ocrx_word' id='word_1_713' title='bbox 3337 4484 3482 4541; x_wconf 84' lang='lat' dir='ltr'><strong>Vidit</strong></span> <span class='ocrx_word' id='word_1_714' title='bbox 3504 4484 3669 4557; x_wconf 65' lang='grc'><strong>914</strong></span> 
     </span>
    </p>
   </div>
   <div class='ocr_carea' id='block_1_92' title="bbox 418 4577 1987 4655">
    <p class='ocr_par' dir='ltr' id='par_1_92' title="bbox 418 4577 1987 4655">
     <span class='ocr_line' id='line_1_92' title="bbox 418 4577 1987 4655; baseline -0.001 -20"><span class='ocrx_word' id='word_1_715' title='bbox 418 4582 546 4655; x_wconf 81' lang='grc' dir='ltr'>γὰρ,</span> <span class='ocrx_word' id='word_1_716' title='bbox 584 4583 767 4651; x_wconf 87' lang='grc' dir='ltr'>φησὶν,</span> <span class='ocrx_word' id='word_1_717' title='bbox 802 4582 831 4634; x_wconf 79' lang='grc' dir='ltr'><strong>ὁ</strong></span> <span class='ocrx_word' id='word_1_718' title='bbox 859 4579 992 4642; x_wconf 84' lang='grc' dir='ltr'>Θεὸς</span> <span class='ocrx_word' id='word_1_719' title='bbox 1051 4577 1229 4632; x_wconf 87' lang='grc' dir='ltr'>πάντα</span> <span class='ocrx_word' id='word_1_720' title='bbox 1279 4578 1380 4631; x_wconf 84' lang='grc' dir='ltr'>ὅσα</span> <span class='ocrx_word' id='word_1_721' title='bbox 1412 4578 1660 4648; x_wconf 80' lang='grc' dir='ltr'>ἐποίησε,</span> <span class='ocrx_word' id='word_1_722' title='bbox 1719 4580 1816 4632; x_wconf 85' lang='grc' dir='ltr'>καὶ</span> <span class='ocrx_word' id='word_1_723' title='bbox 1878 4580 1987 4634; x_wconf 81' lang='grc' dir='ltr'>ἰδοὺ</span> 
     </span>
    </p>
   </div>
   <div class='ocr_carea' id='block_1_93' title="bbox 417 4661 1991 4742">
    <p class='ocr_par' dir='ltr' id='par_1_93' title="bbox 417 4661 1991 4742">
     <span class='ocr_line' id='line_1_93' title="bbox 417 4661 1991 4742; baseline -0.004 -14"><span class='ocrx_word' id='word_1_724' title='bbox 417 4671 557 4728; x_wconf 78' lang='grc' dir='ltr'><strong>καλά</strong></span> <span class='ocrx_word' id='word_1_725' title='bbox 587 4671 727 4725; x_wconf 85' lang='grc' dir='ltr'>λίαν.</span> <span class='ocrx_word' id='word_1_726' title='bbox 765 4689 785 4722; x_wconf 73' lang='grc' dir='ltr'><strong>ι</strong></span> <span class='ocrx_word' id='word_1_727' title='bbox 821 4667 917 4732; x_wconf 76' lang='grc' dir='ltr'><strong>Εἷς</strong></span> <span class='ocrx_word' id='word_1_728' title='bbox 942 4669 1001 4721; x_wconf 79' lang='grc' dir='ltr'>δὲ</span> <span class='ocrx_word' id='word_1_729' title='bbox 1034 4668 1131 4721; x_wconf 79' lang='grc' dir='ltr'>καὶ</span> <span class='ocrx_word' id='word_1_730' title='bbox 1161 4661 1315 4730; x_wconf 70' lang='grc' dir='ltr'>οὗτος</span> <span class='ocrx_word' id='word_1_731' title='bbox 1344 4667 1455 4721; x_wconf 85' lang='grc' dir='ltr'><strong>τῶν</strong></span> <span class='ocrx_word' id='word_1_732' title='bbox 1483 4668 1789 4737; x_wconf 82' lang='grc' dir='ltr'>γενομένων</span> <span class='ocrx_word' id='word_1_733' title='bbox 1819 4669 1991 4742; x_wconf 81' lang='grc' dir='ltr'>ὑπῆρ-</span> 
     </span>
    </p>
   </div>
   <div class='ocr_carea' id='block_1_94' title="bbox 415 4754 1990 4831">
    <p class='ocr_par' dir='ltr' id='par_1_94' title="bbox 415 4754 1990 4831">
     <span class='ocr_line' id='line_1_94' title="bbox 415 4754 1990 4831; baseline 0 -19"><span class='ocrx_word' id='word_1_734' title='bbox 415 4777 532 4831; x_wconf 86' lang='grc' dir='ltr'>χεν,</span> <span class='ocrx_word' id='word_1_735' title='bbox 570 4758 781 4812; x_wconf 78' lang='grc' dir='ltr'>ούδὲπω</span> <span class='ocrx_word' id='word_1_736' title='bbox 819 4756 1110 4827; x_wconf 84' lang='grc' dir='ltr'>δεξάμενος</span> <span class='ocrx_word' id='word_1_737' title='bbox 1136 4754 1236 4825; x_wconf 80' lang='grc' dir='ltr'>τὴν</span> <span class='ocrx_word' id='word_1_738' title='bbox 1262 4755 1372 4810; x_wconf 83' lang='grc' dir='ltr'><strong>ἀπὸ</strong></span> <span class='ocrx_word' id='word_1_739' title='bbox 1415 4756 1513 4826; x_wconf 80' lang='grc' dir='ltr'>τῆς</span> <span class='ocrx_word' id='word_1_740' title='bbox 1541 4754 1766 4827; x_wconf 83' lang='grc' dir='ltr'>γνώμης</span> <span class='ocrx_word' id='word_1_741' title='bbox 1794 4758 1887 4810; x_wconf 76' lang='grc' dir='ltr'>ὲπὶ</span> <span class='ocrx_word' id='word_1_742' title='bbox 1922 4758 1990 4812; x_wconf 86' lang='grc' dir='ltr'>τὰ</span> 
     </span>
    </p>
   </div>
   <div class='ocr_carea' id='block_1_95' title="bbox 414 4847 1987 4922">
    <p class='ocr_par' dir='ltr' id='par_1_95' title="bbox 414 4847 1987 4922">
     <span class='ocr_line' id='line_1_95' title="bbox 414 4847 1987 4922; baseline 0 -19"><span class='ocrx_word' id='word_1_743' title='bbox 414 4851 586 4922; x_wconf 84' lang='grc' dir='ltr'>χείρω</span> <span class='ocrx_word' id='word_1_744' title='bbox 622 4848 944 4920; x_wconf 79' lang='grc' dir='ltr'>μεταϐολήν.</span> <span class='ocrx_word' id='word_1_745' title='bbox 975 4848 1076 4901; x_wconf 81' lang='grc' dir='ltr'>Διὰ</span> <span class='ocrx_word' id='word_1_746' title='bbox 1099 4847 1157 4900; x_wconf 79' lang='grc' dir='ltr'>δὲ</span> <span class='ocrx_word' id='word_1_747' title='bbox 1192 4847 1301 4900; x_wconf 84' lang='grc' dir='ltr'>τῶν</span> <span class='ocrx_word' id='word_1_748' title='bbox 1333 4847 1640 4918; x_wconf 69' lang='grc' dir='ltr'>εἰρημένων</span> <span class='ocrx_word' id='word_1_749' title='bbox 1668 4848 1850 4915; x_wconf 84' lang='grc' dir='ltr'>λίθων,</span> <span class='ocrx_word' id='word_1_750' title='bbox 1889 4850 1987 4921; x_wconf 81' lang='grc' dir='ltr'><strong>τὴν</strong></span> 
     </span>
    </p>
   </div>
   <div class='ocr_carea' id='block_1_96' title="bbox 416 4937 1984 5011">
    <p class='ocr_par' dir='ltr' id='par_1_96' title="bbox 416 4937 1984 5011">
     <span class='ocr_line' id='line_1_96' title="bbox 416 4937 1984 5011; baseline 0 -15"><span class='ocrx_word' id='word_1_751' title='bbox 416 4940 763 5010; x_wconf 83' lang='grc' dir='ltr'>παντοδαπὴν</span> <span class='ocrx_word' id='word_1_752' title='bbox 792 4937 956 4993; x_wconf 85' lang='grc' dir='ltr'><strong>αὐτοῦ</strong></span> <span class='ocrx_word' id='word_1_753' title='bbox 998 4938 1188 5008; x_wconf 90' lang='grc' dir='ltr'>σοφίαν</span> <span class='ocrx_word' id='word_1_754' title='bbox 1237 4939 1332 4992; x_wconf 82' lang='grc' dir='ltr'><strong>καὶ</strong></span> <span class='ocrx_word' id='word_1_755' title='bbox 1357 4940 1669 5011; x_wconf 73' lang='grc' dir='ltr'>ἐπιστήμην</span> <span class='ocrx_word' id='word_1_756' title='bbox 1713 4940 1984 5010; x_wconf 86' lang='grc' dir='ltr'>σημαίνει.</span> 
     </span>
    </p>
   </div>
   <div class='ocr_carea' id='block_1_97' title="bbox 413 5028 1990 5102">
    <p class='ocr_par' dir='ltr' id='par_1_97' title="bbox 413 5028 1990 5102">
     <span class='ocr_line' id='line_1_97' title="bbox 413 5028 1990 5102; baseline -0.003 -16"><span class='ocrx_word' id='word_1_757' title='bbox 413 5033 527 5086; x_wconf 81' lang='grc' dir='ltr'><strong>Καὶ</strong></span> <span class='ocrx_word' id='word_1_758' title='bbox 553 5031 663 5102; x_wconf 83' lang='grc' dir='ltr'><strong>γάρ</strong></span> <span class='ocrx_word' id='word_1_759' title='bbox 686 5032 715 5085; x_wconf 83' lang='grc' dir='ltr'><strong>ὁ</strong></span> <span class='ocrx_word' id='word_1_760' title='bbox 748 5030 1038 5101; x_wconf 81' lang='grc' dir='ltr'>ἀρχιερεὺς</span> <span class='ocrx_word' id='word_1_761' title='bbox 1072 5028 1133 5082; x_wconf 84' lang='grc' dir='ltr'>τὸ</span> <span class='ocrx_word' id='word_1_762' title='bbox 1182 5028 1362 5097; x_wconf 88' lang='grc' dir='ltr'>λόγιον</span> <span class='ocrx_word' id='word_1_763' title='bbox 1390 5029 1487 5100; x_wconf 80' lang='grc' dir='ltr'>τῆς</span> <span class='ocrx_word' id='word_1_764' title='bbox 1518 5030 1775 5098; x_wconf 83' lang='grc' dir='ltr'>κρίσεως,</span> <span class='ocrx_word' id='word_1_765' title='bbox 1803 5031 1831 5083; x_wconf 85' lang='grc' dir='ltr'><strong>δ</strong></span> <span class='ocrx_word' id='word_1_766' title='bbox 1866 5032 1990 5084; x_wconf 87' lang='grc' dir='ltr'>τού-</span> 
     </span>
    </p>
   </div>
   <div class='ocr_carea' id='block_1_98' title="bbox 413 5119 1985 5191">
    <p class='ocr_par' dir='ltr' id='par_1_98' title="bbox 413 5119 1985 5191">
     <span class='ocr_line' id='line_1_98' title="bbox 413 5119 1985 5191; baseline 0 -15"><span class='ocrx_word' id='word_1_767' title='bbox 413 5137 542 5185; x_wconf 82' lang='grc' dir='ltr'>τους</span> <span class='ocrx_word' id='word_1_768' title='bbox 568 5124 766 5185; x_wconf 75' lang='grc' dir='ltr'>αὐτοὺς</span> <span class='ocrx_word' id='word_1_769' title='bbox 798 5120 1105 5191; x_wconf 80' lang='grc' dir='ltr'>περιέκειτο</span> <span class='ocrx_word' id='word_1_770' title='bbox 1132 5121 1260 5184; x_wconf 77' lang='grc' dir='ltr'>τοὺς</span> <span class='ocrx_word' id='word_1_771' title='bbox 1287 5120 1488 5184; x_wconf 85' lang='grc' dir='ltr'>λίθους,</span> <span class='ocrx_word' id='word_1_772' title='bbox 1514 5120 1605 5172; x_wconf 86' lang='grc' dir='ltr'>ὲπὶ</span> <span class='ocrx_word' id='word_1_773' title='bbox 1635 5119 1728 5173; x_wconf 81' lang='grc' dir='ltr'><strong>τοῦ</strong></span> <span class='ocrx_word' id='word_1_774' title='bbox 1756 5122 1985 5191; x_wconf 82' lang='grc' dir='ltr'>στήθους</span> 
     </span>
    </p>
   </div>
   <div class='ocr_carea' id='block_1_99' title="bbox 492 5272 1880 5347">
    <p class='ocr_par' dir='ltr' id='par_1_99' title="bbox 492 5272 1880 5347">
     <span class='ocr_line' id='line_1_99' title="bbox 492 5272 1880 5347; baseline 0 -16"><span class='ocrx_word' id='word_1_775' title='bbox 492 5278 518 5317; x_wconf 80' lang='grc' dir='ltr'>ιι</span> <span class='ocrx_word' id='word_1_776' title='bbox 545 5273 684 5332; x_wconf 88' lang='lat' dir='ltr'><strong>Gen.</strong></span> <span class='ocrx_word' id='word_1_777' title='bbox 707 5292 769 5341; x_wconf 88' lang='grc' dir='ltr'><strong>ιι,</strong></span> <span class='ocrx_word' id='word_1_778' title='bbox 799 5277 885 5332; x_wconf 80' lang='grc'><strong>15.</strong></span> <span class='ocrx_word' id='word_1_779' title='bbox 970 5279 984 5317; x_wconf 77' lang='grc' dir='ltr'><strong>ί</strong></span> <span class='ocrx_word' id='word_1_780' title='bbox 1016 5277 1218 5347; x_wconf 89' lang='lat' dir='ltr'><strong>Ephes.</strong></span> <span class='ocrx_word' id='word_1_781' title='bbox 1255 5292 1316 5342; x_wconf 84' lang='grc' dir='ltr'><strong>ιι,</strong></span> <span class='ocrx_word' id='word_1_782' title='bbox 1350 5275 1404 5330; x_wconf 73' lang='lat'><strong>2.</strong></span> <span class='ocrx_word' id='word_1_783' title='bbox 1500 5272 1513 5324; x_wconf 85' lang='lat' dir='ltr'><strong>i</strong></span> <span class='ocrx_word' id='word_1_784' title='bbox 1551 5272 1686 5330; x_wconf 88' lang='lat' dir='ltr'><strong>Gen.</strong></span> <span class='ocrx_word' id='word_1_785' title='bbox 1723 5292 1759 5340; x_wconf 86' lang='grc' dir='ltr'><strong>ι,</strong></span> <span class='ocrx_word' id='word_1_786' title='bbox 1791 5277 1880 5331; x_wconf 79' lang='lat'><strong>5|.</strong></span> 
     </span>
    </p>
   </div>
   <div class='ocr_carea' id='block_1_100' title="bbox 2095 4578 3669 4648">
    <p class='ocr_par' dir='ltr' id='par_1_100' title="bbox 2095 4578 3669 4648">
     <span class='ocr_line' id='line_1_100' title="bbox 2095 4578 3669 4648; baseline -0.004 -12"><span class='ocrx_word' id='word_1_787' title='bbox 2095 4580 2245 4636; x_wconf 87' lang='lat' dir='ltr'><strong>enim</strong></span> <span class='ocrx_word' id='word_1_788' title='bbox 2274 4578 2419 4635; x_wconf 87' lang='lat' dir='ltr'><strong>Deus</strong></span> <span class='ocrx_word' id='word_1_789' title='bbox 2441 4617 2456 4639; x_wconf 86' lang='lat'><strong>.</strong></span> <span class='ocrx_word' id='word_1_790' title='bbox 2488 4578 2703 4648; x_wconf 81' lang='lat' dir='ltr'><strong>inquit,</strong></span> <span class='ocrx_word' id='word_1_791' title='bbox 2741 4586 2943 4633; x_wconf 79' lang='lat' dir='ltr'><strong>Cllltcla</strong></span> <span class='ocrx_word' id='word_1_792' title='bbox 2971 4593 3095 4647; x_wconf 68' lang='lat' dir='ltr'><strong>qua:</strong></span> <span class='ocrx_word' id='word_1_793' title='bbox 3135 4578 3340 4633; x_wconf 79' lang='lat' dir='ltr'><strong>iecerat</strong></span> <span class='ocrx_word' id='word_1_794' title='bbox 3361 4616 3377 4641; x_wconf 92' lang='lat'><strong>,</strong></span> <span class='ocrx_word' id='word_1_795' title='bbox 3413 4586 3468 4631; x_wconf 91' lang='lat' dir='ltr'><strong>et</strong></span> <span class='ocrx_word' id='word_1_796' title='bbox 3506 4585 3669 4631; x_wconf 86' lang='lat' dir='ltr'><strong>erant</strong></span> 
     </span>
    </p>
   </div>
   <div class='ocr_carea' id='block_1_101' title="bbox 2095 4666 3667 4738">
    <p class='ocr_par' dir='ltr' id='par_1_101' title="bbox 2095 4666 3667 4738">
     <span class='ocr_line' id='line_1_101' title="bbox 2095 4666 3667 4738; baseline -0.004 -15"><span class='ocrx_word' id='word_1_797' title='bbox 2095 4669 2257 4725; x_wconf 85' lang='lat' dir='ltr'><strong>valde</strong></span> <span class='ocrx_word' id='word_1_798' title='bbox 2286 4669 2429 4724; x_wconf 86' lang='lat' dir='ltr'><strong>bona</strong></span> <span class='ocrx_word' id='word_1_799' title='bbox 2463 4666 2508 4721; x_wconf 83' lang='lat' dir='ltr'><strong>i.</strong></span> <span class='ocrx_word' id='word_1_800' title='bbox 2541 4687 2561 4721; x_wconf 87' lang='grc'><strong>›</strong></span> <span class='ocrx_word' id='word_1_801' title='bbox 2591 4667 2657 4723; x_wconf 85' lang='grc' dir='ltr'>Ει</span> <span class='ocrx_word' id='word_1_802' title='bbox 2698 4668 2805 4724; x_wconf 90' lang='lat' dir='ltr'><strong>iste</strong></span> <span class='ocrx_word' id='word_1_803' title='bbox 2849 4682 3073 4738; x_wconf 86' lang='lat' dir='ltr'><strong>quoque</strong></span> <span class='ocrx_word' id='word_1_804' title='bbox 3120 4682 3266 4724; x_wconf 89' lang='lat' dir='ltr'><strong>unus</strong></span> <span class='ocrx_word' id='word_1_805' title='bbox 3310 4671 3429 4720; x_wconf 88' lang='lat' dir='ltr'><strong>erat</strong></span> <span class='ocrx_word' id='word_1_806' title='bbox 3475 4679 3667 4719; x_wconf 88' lang='lat' dir='ltr'><strong>eorum</strong></span> 
     </span>
    </p>
   </div>
   <div class='ocr_carea' id='block_1_102' title="bbox 2097 4758 3670 4830">
    <p class='ocr_par' dir='ltr' id='par_1_102' title="bbox 2097 4758 3670 4830">
     <span class='ocr_line' id='line_1_102' title="bbox 2097 4758 3670 4830; baseline -0.004 -15"><span class='ocrx_word' id='word_1_807' title='bbox 2097 4776 2217 4830; x_wconf 69' lang='lat' dir='ltr'><strong>qua:</strong></span> <span class='ocrx_word' id='word_1_808' title='bbox 2252 4760 2394 4815; x_wconf 78' lang='lat' dir='ltr'><strong>facta</strong></span> <span class='ocrx_word' id='word_1_809' title='bbox 2430 4769 2592 4825; x_wconf 88' lang='lat' dir='ltr'><strong>sunt,</strong></span> <span class='ocrx_word' id='word_1_810' title='bbox 2639 4775 2763 4814; x_wconf 88' lang='lat' dir='ltr'><strong>cum</strong></span> <span class='ocrx_word' id='word_1_811' title='bbox 2812 4762 2867 4813; x_wconf 92' lang='lat' dir='ltr'><strong>in</strong></span> <span class='ocrx_word' id='word_1_812' title='bbox 2908 4758 3238 4813; x_wconf 84' lang='lat' dir='ltr'><strong>deteriorem</strong></span> <span class='ocrx_word' id='word_1_813' title='bbox 3281 4763 3491 4825; x_wconf 89' lang='lat' dir='ltr'><strong>partem</strong></span> <span class='ocrx_word' id='word_1_814' title='bbox 3528 4767 3670 4809; x_wconf 88' lang='lat' dir='ltr'><strong>non-</strong></span> 
     </span>
    </p>
   </div>
   <div class='ocr_carea' id='block_1_103' title="bbox 2095 4846 3666 4918">
    <p class='ocr_par' dir='ltr' id='par_1_103' title="bbox 2095 4846 3666 4918">
     <span class='ocr_line' id='line_1_103' title="bbox 2095 4846 3666 4918; baseline -0.005 -10"><span class='ocrx_word' id='word_1_815' title='bbox 2095 4854 2224 4908; x_wconf 90' lang='lat' dir='ltr'><strong>dum</strong></span> <span class='ocrx_word' id='word_1_816' title='bbox 2261 4861 2499 4908; x_wconf 83' lang='lat' dir='ltr'><strong>mentem</strong></span> <span class='ocrx_word' id='word_1_817' title='bbox 2526 4859 2940 4906; x_wconf 87' lang='lat' dir='ltr'><strong>commutassct.</strong></span> <span class='ocrx_word' id='word_1_818' title='bbox 2974 4847 3076 4904; x_wconf 89' lang='lat' dir='ltr'><strong>Per</strong></span> <span class='ocrx_word' id='word_1_819' title='bbox 3106 4847 3317 4918; x_wconf 90' lang='lat' dir='ltr'><strong>lapides</strong></span> <span class='ocrx_word' id='word_1_820' title='bbox 3355 4854 3537 4902; x_wconf 87' lang='lat' dir='ltr'><strong>autem</strong></span> <span class='ocrx_word' id='word_1_821' title='bbox 3572 4846 3666 4916; x_wconf 89' lang='lat' dir='ltr'><strong>qui</strong></span> 
     </span>
    </p>
   </div>
   <div class='ocr_carea' id='block_1_104' title="bbox 2096 4936 3663 5012">
    <p class='ocr_par' dir='ltr' id='par_1_104' title="bbox 2096 4936 3663 5012">
     <span class='ocr_line' id='line_1_104' title="bbox 2096 4936 3663 5012; baseline -0.008 -10"><span class='ocrx_word' id='word_1_822' title='bbox 2096 4944 2513 5002; x_wconf 86' lang='lat' dir='ltr'><strong>commemorati</strong></span> <span class='ocrx_word' id='word_1_823' title='bbox 2564 4950 2729 5008; x_wconf 84' lang='lat' dir='ltr'><strong>sunt,</strong></span> <span class='ocrx_word' id='word_1_824' title='bbox 2784 4942 2968 4996; x_wconf 85' lang='lat' dir='ltr'><strong>omnis</strong></span> <span class='ocrx_word' id='word_1_825' title='bbox 3020 4939 3242 5012; x_wconf 83' lang='lat' dir='ltr'><strong>generis</strong></span> <span class='ocrx_word' id='word_1_826' title='bbox 3294 4936 3663 5009; x_wconf 87' lang='lat' dir='ltr'><strong>sapientiam,</strong></span> 
     </span>
    </p>
   </div>
   <div class='ocr_carea' id='block_1_105' title="bbox 2095 5025 3665 5103">
    <p class='ocr_par' dir='ltr' id='par_1_105' title="bbox 2095 5025 3665 5103">
     <span class='ocr_line' id='line_1_105' title="bbox 2095 5025 3665 5103; baseline -0.009 -12"><span class='ocrx_word' id='word_1_827' title='bbox 2095 5035 2494 5103; x_wconf 85' lang='lat' dir='ltr'><strong>scientiamque</strong></span> <span class='ocrx_word' id='word_1_828' title='bbox 2540 5033 2688 5087; x_wconf 90' lang='lat' dir='ltr'><strong>illius</strong></span> <span class='ocrx_word' id='word_1_829' title='bbox 2721 5029 3013 5099; x_wconf 89' lang='lat' dir='ltr'><strong>signiﬁcat.</strong></span> <span class='ocrx_word' id='word_1_830' title='bbox 3061 5027 3277 5082; x_wconf 85' lang='lat' dir='ltr'><strong>Etenim</strong></span> <span class='ocrx_word' id='word_1_831' title='bbox 3316 5025 3665 5082; x_wconf 87' lang='lat' dir='ltr'><strong>sacerdotum</strong></span> 
     </span>
    </p>
   </div>
   <div class='ocr_carea' id='block_1_106' title="bbox 2093 5116 3667 5199">
    <p class='ocr_par' dir='ltr' id='par_1_106' title="bbox 2093 5116 3667 5199">
     <span class='ocr_line' id='line_1_106' title="bbox 2093 5116 3667 5199; baseline -0.009 -17"><span class='ocrx_word' id='word_1_832' title='bbox 2093 5128 2387 5199; x_wconf 88' lang='lat' dir='ltr'><strong>princeps,</strong></span> <span class='ocrx_word' id='word_1_833' title='bbox 2429 5123 2701 5179; x_wconf 87' lang='lat' dir='ltr'><strong>rationale</strong></span> <span class='ocrx_word' id='word_1_834' title='bbox 2738 5119 2969 5189; x_wconf 76' lang='lat' dir='ltr'><strong>iudicii,</strong></span> <span class='ocrx_word' id='word_1_835' title='bbox 3014 5118 3072 5174; x_wconf 92' lang='lat' dir='ltr'><strong>in</strong></span> <span class='ocrx_word' id='word_1_836' title='bbox 3115 5134 3228 5189; x_wconf 90' lang='lat' dir='ltr'><strong>quo</strong></span> <span class='ocrx_word' id='word_1_837' title='bbox 3258 5121 3276 5140; x_wconf 80' lang='lat'><strong><em>‘</em></strong></span> <span class='ocrx_word' id='word_1_838' title='bbox 3309 5116 3475 5189; x_wconf 89' lang='lat' dir='ltr'><strong>positi</strong></span> <span class='ocrx_word' id='word_1_839' title='bbox 3509 5129 3667 5190; x_wconf 36' lang='lat' dir='ltr'><strong>erant</strong></span> 
     </span>
    </p>
   </div>
   <div class='ocr_carea' id='block_1_107' title="bbox 1717 5390 2399 5493">
    <p class='ocr_par' dir='ltr' id='par_1_107' title="bbox 1717 5390 2399 5493">
     <span class='ocr_line' id='line_1_107' title="bbox 1717 5390 2399 5493; baseline -0.004 -5"><span class='ocrx_word' id='word_1_840' title='bbox 1717 5430 1948 5488; x_wconf 63' lang='lat' dir='ltr'><strong>nam</strong></span> <span class='ocrx_word' id='word_1_841' title='bbox 1999 5390 2399 5493; x_wconf 73' lang='lat' dir='ltr'><strong>LECTIONES.</strong></span> 
     </span>
    </p>
   </div>
   <div class='ocr_carea' id='block_1_108' title="bbox 486 5565 919 5664">
    <p class='ocr_par' dir='ltr' id='par_1_108' title="bbox 486 5565 919 5664">
     <span class='ocr_line' id='line_1_108' title="bbox 486 5565 919 5664; baseline 0.005 -17"><span class='ocrx_word' id='word_1_842' title='bbox 486 5593 532 5630; x_wconf 77' lang='lat'>”</span> <span class='ocrx_word' id='word_1_843' title='bbox 559 5593 598 5647; x_wconf 85' lang='grc' dir='ltr'><strong>Β</strong></span> <span class='ocrx_word' id='word_1_844' title='bbox 633 5565 919 5664; x_wconf 74' lang='grc' dir='ltr'>ἐνέπλησα.</span> 
     </span>
    </p>
   </div>
   <div class='ocr_carea' id='block_1_109' title="bbox 414 5657 1754 5731">
    <p class='ocr_par' dir='ltr' id='par_1_109' title="bbox 414 5657 1754 5731">
     <span class='ocr_line' id='line_1_109' title="bbox 414 5657 1754 5731; baseline -0.004 -13"><span class='ocrx_word' id='word_1_845' title='bbox 414 5661 575 5731; x_wconf 85' lang='lat' dir='ltr'><strong>ﬁnem</strong></span> <span class='ocrx_word' id='word_1_846' title='bbox 607 5678 752 5718; x_wconf 86' lang='lat' dir='ltr'><strong>vers.</strong></span> <span class='ocrx_word' id='word_1_847' title='bbox 787 5657 947 5731; x_wconf 73' lang='lat' dir='ltr'><strong>l3,ct</strong></span> <span class='ocrx_word' id='word_1_848' title='bbox 980 5670 1123 5718; x_wconf 86' lang='lat' dir='ltr'><strong>hunc</strong></span> <span class='ocrx_word' id='word_1_849' title='bbox 1151 5657 1287 5717; x_wconf 79' lang='lat' dir='ltr'><strong>dant</strong></span> <span class='ocrx_word' id='word_1_850' title='bbox 1308 5676 1529 5731; x_wconf 83' lang='lat' dir='ltr'><strong>sensum</strong></span> <span class='ocrx_word' id='word_1_851' title='bbox 1584 5678 1597 5714; x_wconf 86' lang='lat'><strong>:</strong></span> <span class='ocrx_word' id='word_1_852' title='bbox 1638 5657 1754 5731; x_wconf 70' lang='lat' dir='ltr'><strong>Die,</strong></span> 
     </span>
    </p>
   </div>
   <div class='ocr_carea' id='block_1_110' title="bbox 1025 5582 3658 5663">
    <p class='ocr_par' dir='ltr' id='par_1_110' title="bbox 1025 5582 3658 5663">
     <span class='ocr_line' id='line_1_110' title="bbox 1025 5582 3658 5663; baseline -0.003 -16"><span class='ocrx_word' id='word_1_853' title='bbox 1025 5595 1068 5634; x_wconf 76' lang='grc' dir='ltr'>ιι</span> <span class='ocrx_word' id='word_1_854' title='bbox 1099 5593 1192 5663; x_wconf 81' lang='grc' dir='ltr'><strong>ἀφ’</strong></span> <span class='ocrx_word' id='word_1_855' title='bbox 1226 5593 1433 5645; x_wconf 83' lang='grc' dir='ltr'>-ὲκτ.</span> <span class='ocrx_word' id='word_1_856' title='bbox 1472 5589 1597 5646; x_wconf 71' lang='lat' dir='ltr'><strong>llaec</strong></span> <span class='ocrx_word' id='word_1_857' title='bbox 1639 5586 1784 5663; x_wconf 72' lang='lat' dir='ltr'><strong>apud</strong></span> <span class='ocrx_word' id='word_1_858' title='bbox 1815 5586 1957 5643; x_wconf 74' lang='lat' dir='ltr'><strong>LXX</strong></span> <span class='ocrx_word' id='word_1_859' title='bbox 1993 5590 2202 5645; x_wconf 82' lang='lat' dir='ltr'><strong>faciunt</strong></span> <span class='ocrx_word' id='word_1_860' title='bbox 2232 5589 2447 5643; x_wconf 88' lang='lat' dir='ltr'><strong>initium</strong></span> <span class='ocrx_word' id='word_1_861' title='bbox 2482 5601 2604 5642; x_wconf 83' lang='lat' dir='ltr'><strong>vers</strong></span> <span class='ocrx_word' id='word_1_862' title='bbox 2652 5584 2719 5639; x_wconf 76' lang='lat' dir='ltr'><strong>M</strong></span> <span class='ocrx_word' id='word_1_863' title='bbox 2786 5582 2893 5640; x_wconf 80' lang='lat' dir='ltr'><strong>Sed</strong></span> <span class='ocrx_word' id='word_1_864' title='bbox 2925 5584 3082 5663; x_wconf 74' lang='lat' dir='ltr'><strong>juxta</strong></span> <span class='ocrx_word' id='word_1_865' title='bbox 3119 5587 3281 5663; x_wconf 78' lang='lat' dir='ltr'><strong>l-lebr.</strong></span> <span class='ocrx_word' id='word_1_866' title='bbox 3318 5587 3658 5663; x_wconf 53' lang='lat' dir='ltr'><strong>constituunt</strong></span> 
     </span>
    </p>
   </div>
   <div class='ocr_carea' id='block_1_111' title="bbox 1862 5656 3077 5729">
    <p class='ocr_par' dir='ltr' id='par_1_111' title="bbox 1862 5656 3077 5729">
     <span class='ocr_line' id='line_1_111' title="bbox 1862 5656 3077 5729; baseline 0 -18"><span class='ocrx_word' id='word_1_867' title='bbox 1862 5675 1930 5714; x_wconf 91' lang='lat' dir='ltr'><strong>uo</strong></span> <span class='ocrx_word' id='word_1_868' title='bbox 1963 5671 2180 5715; x_wconf 86' lang='lat' dir='ltr'><strong>creatus</strong></span> <span class='ocrx_word' id='word_1_869' title='bbox 2203 5675 2282 5722; x_wconf 86' lang='lat' dir='ltr'><strong>es,</strong></span> <span class='ocrx_word' id='word_1_870' title='bbox 2307 5665 2495 5729; x_wconf 85' lang='lat' dir='ltr'><strong>parata</strong></span> <span class='ocrx_word' id='word_1_871' title='bbox 2518 5664 2699 5729; x_wconf 87' lang='lat' dir='ltr'><strong>_erant</strong></span> <span class='ocrx_word' id='word_1_872' title='bbox 2739 5670 2823 5729; x_wconf 61' lang='lat' dir='ltr'><strong>.ea</strong></span> <span class='ocrx_word' id='word_1_873' title='bbox 2852 5656 3077 5729; x_wconf 81' lang='lat' dir='ltr'><strong>omnia).</strong></span> 
     </span>
    </p>
   </div>
   <div class='ocr_carea' id='block_1_112' title="bbox 3168 5653 3661 5714">
    <p class='ocr_par' dir='ltr' id='par_1_112' title="bbox 3168 5653 3661 5714">
     <span class='ocr_line' id='line_1_112' title="bbox 3168 5653 3661 5714; baseline -0.004 -4"><span class='ocrx_word' id='word_1_874' title='bbox 3168 5658 3215 5691; x_wconf 83' lang='lat'>&quot;</span> <span class='ocrx_word' id='word_1_875' title='bbox 3248 5657 3361 5711; x_wconf 85' lang='grc' dir='ltr'>καί.</span> <span class='ocrx_word' id='word_1_876' title='bbox 3384 5655 3503 5714; x_wconf 86' lang='lat' dir='ltr'><strong>Des.</strong></span> <span class='ocrx_word' id='word_1_877' title='bbox 3534 5657 3586 5710; x_wconf 86' lang='lat' dir='ltr'><strong>in</strong></span> <span class='ocrx_word' id='word_1_878' title='bbox 3620 5653 3661 5708; x_wconf 85' lang='grc' dir='ltr'><strong>Β</strong></span> 
     </span>
    </p>
   </div>
   <div class='ocr_carea' id='block_1_113' title="bbox 412 5725 3341 5809">
    <p class='ocr_par' dir='ltr' id='par_1_113' title="bbox 412 5725 3341 5809">
     <span class='ocr_line' id='line_1_113' title="bbox 412 5725 3341 5809; baseline -0.002 -22"><span class='ocrx_word' id='word_1_879' title='bbox 412 5733 459 5771; x_wconf 81' lang='grc'><strong>⁸³</strong></span> <span class='ocrx_word' id='word_1_880' title='bbox 491 5730 534 5786; x_wconf 81' lang='grc' dir='ltr'><strong>Β</strong></span> <span class='ocrx_word' id='word_1_881' title='bbox 557 5725 869 5804; x_wconf 72' lang='grc' dir='ltr'>καταχθείς.</span> <span class='ocrx_word' id='word_1_882' title='bbox 927 5736 974 5775; x_wconf 60' lang='grc' dir='ltr'><strong>οδ</strong></span> <span class='ocrx_word' id='word_1_883' title='bbox 1004 5732 1227 5797; x_wconf 83' lang='grc' dir='ltr'>Βείκός.</span> <span class='ocrx_word' id='word_1_884' title='bbox 1290 5746 1295 5751; x_wconf 86' lang='grc'><em>’</em></span> <span class='ocrx_word' id='word_1_885' title='bbox 1325 5730 1371 5771; x_wconf 73' lang='grc'><strong>⁸⁸</strong></span> <span class='ocrx_word' id='word_1_886' title='bbox 1403 5729 1525 5785; x_wconf 90' lang='grc' dir='ltr'>καλ.</span> <span class='ocrx_word' id='word_1_887' title='bbox 1557 5728 1669 5797; x_wconf 83' lang='grc' dir='ltr'>καί,</span> <span class='ocrx_word' id='word_1_888' title='bbox 1706 5728 1747 5781; x_wconf 86' lang='grc' dir='ltr'><strong>Β</strong></span> <span class='ocrx_word' id='word_1_889' title='bbox 1771 5725 2073 5803; x_wconf 71' lang='grc' dir='ltr'>καλεῖσθαι.</span> <span class='ocrx_word' id='word_1_890' title='bbox 2145 5731 2194 5763; x_wconf 73' lang='grc'><strong>’⁸</strong></span> <span class='ocrx_word' id='word_1_891' title='bbox 2220 5725 2464 5801; x_wconf 78' lang='grc' dir='ltr'>περιουσ.</span> <span class='ocrx_word' id='word_1_892' title='bbox 2518 5725 2577 5781; x_wconf 88' lang='lat' dir='ltr'><strong>In</strong></span> <span class='ocrx_word' id='word_1_893' title='bbox 2600 5726 2685 5783; x_wconf 89' lang='lat' dir='ltr'><strong>ed.</strong></span> <span class='ocrx_word' id='word_1_894' title='bbox 2724 5726 2892 5809; x_wconf 87' lang='lat' dir='ltr'><strong>priori</strong></span> <span class='ocrx_word' id='word_1_895' title='bbox 2917 5726 3257 5797; x_wconf 65' lang='lat' dir='ltr'><strong>praecedebat</strong></span> <span class='ocrx_word' id='word_1_896' title='bbox 3282 5743 3341 5780; x_wconf 89' lang='grc' dir='ltr'><strong>τε</strong></span> 
     </span>
    </p>
   </div>
  </div>
