4116 6450
414 396 549 458 ωοῖ
1507 394 1585 455 IN
1628 392 2072 454 EZECHIELIS
2108 390 2266 452 CAP.
2306 344 2596 454 XXVIII.
3008 415 3012 422 ·
3533 389 3667 456 1093

409 502 890 572 ἐτραυματίσθης
928 502 988 555 ¹⁰.
1045 501 1134 573 Μὴ
1185 503 1472 573 ἀρκεσθεὶς
1517 506 1627 577 γὰρ
1660 510 1726 578 τῇ
1775 505 1991 576 δοθείσῃ

2098 514 2180 558 tu:
2207 521 2284 559 es.
2317 503 2434 560 Non
2465 512 2760 562 contentus
2787 505 2932 561 enim
2965 507 3092 560 data
3121 505 3289 578 916
3315 505 3413 561 tibi
3449 508 3669 577 sapien-

411 611 495 647 σοι
533 595 625 646 καὶ
658 591 840 659 σοφίᾳ,
878 593 973 645 καὶ
1015 592 1255 664 ἐξουσίᾳ,
1311 594 1576 664 μειζόνων
1622 596 1680 649 δὲ
1711 595 1989 667 ἐρασθεὶς,

2095 598 2171 650 tia
2197 607 2254 652 et
2281 605 2552 666 potestate
2574 639 2589 665 ,
2622 598 2714 655 sed
2746 598 3016 666 majorum
3047 597 3350 667 cupiditate
3383 598 3666 662 incensus,

409 684 647 754 ἀνομίας
678 686 777 753 μὲν
807 685 1024 754 πλήρης
1057 684 1269 752 ἐγένου,
1301 685 1401 754 τῆς
1430 686 1487 739 δὲ
1514 688 1790 758 ἁμαρτίας
1829 686 1992 749 ἐδέξω

2095 685 2388 754 iniquitate
2446 687 2694 757 repletus
2722 702 2823 751 es,
2871 694 2927 741 et
2971 688 3186 756 peccati
3235 687 3463 742 vulnera
3509 702 3665 742 acce-

408 778 479 831 τά
506 776 823 847 τραύματα.
848 777 1035 830 Ταῦτα
1081 779 1110 830 6
1147 779 1436 850 προφήτης
1477 780 1704 842 Ἡσαΐας
1746 780 1874 850 περὶ
1901 778 1992 830 αὐ-

2095 777 2243 846 pisti.
2276 776 2400 832 Haec
2435 779 2563 834 item
2597 781 2864 850 prapheta
2895 781 3070 834 Isaias
3106 779 3175 835 de
3215 779 3337 849 ipso
3376 779 3665 848 loquitur:

409 868 506 922 τοῦ
558 885 729 938 φησιο
764 887 784 920 ε
844 867 970 932 Πῶς
1000 868 1255 934 ἐξέπεσεν
1282 872 1346 922 ἐκ
1384 869 1475 922 τοῦ
1514 869 1746 939 ούρανοῦ
1778 871 1807 922 6
1856 871 1992 922 ἐωσ-

2100 887 2120 919 ι
2149 867 2432 934 Quomodo
2463 871 2662 925 cecidit
2690 885 2720 924 a
2745 871 2887 926 coelo
2929 870 3126 927 lucifer
3169 887 3328 926 mane
3359 872 3623 926 exoriens
3649 875 3662 925 .'

411 961 579 1032 φόρος
607 964 636 1013 ὁ
671 959 814 1031 πρωῒ
848 960 1154 1014 ἀνατέλλων
1185 978 1200 1024 ;
1262 962 1548 1033 συνετρίϐη
1584 963 1663 1026 εἰς
1683 962 1783 1032 τὴν
1816 962 1918 1031 γῆν
1967 963 1992 1014 ὁ

2095 964 2370 1019 contritus
2392 975 2474 1019 est
2503 965 2559 1018 in
2590 971 2792 1019 terram
2820 966 2912 1034 qui
2944 965 3196 1020 mittebat
3225 964 3292 1018 ad
3319 980 3510 1020 omnes
3539 980 3670 1034 gen.

409 1052 759 1105 ἀποστέλλων
794 1050 932 1119 πρὸς
966 1051 1143 1105 πάντα
1170 1051 1240 1105 τὰ
1287 1053 1416 1123 ἔθνη
1445 1071 1459 1118 ;
1501 1072 1519 1104 ι
1572 1055 1854 1116 ’Ἀπαντας
1885 1053 1994 1123 γὰρ

411 1141 552 1214 ἔχων
583 1142 858 1212 ὑπηκόους
887 1142 977 1194 διὰ
1017 1144 1112 1197 τοῦ
1161 1145 1430 1215 σωτηρίου
1483 1143 1718 1216 σταυροῦ
1766 1145 1867 1214 τῆς
1899 1161 1993 1198 τυ-

415 1234 657 1306 ραννίδος
688 1235 963 1300 ἐξέπεσεν.
1003 1232 1135 1288 Εἶτα
1159 1236 1258 1305 τὴν
1288 1236 1564 1306 προτέραν
1595 1235 1760 1288 αὐτοῦ
1790 1236 1993 1305 διηγεῖ-

411 1342 502 1379 ται
560 1325 777 1394 μανίαν,
826 1326 921 1377 καὶ
966 1326 1065 1396 τὴν
1120 1325 1572 1396 ὑπερϐάλλουσαν
1621 1326 1942 1390 ἀλαζονείαν
1979 1341 1992 1356 ·

418 1440 436 1471 ι
481 1422 554 1473 Σὺ
585 1420 642 1471 δὲ
677 1414 838 1481 εἶπας
883 1420 941 1471 ἐν
982 1421 1048 1488 τῇ
1077 1419 1287 1490 διανοίᾳ
1336 1437 1428 1472 σου
1451 1436 1465 1450 ο
1498 1420 1590 1482 Εἰς
1637 1419 1729 1472 τὸν
1764 1417 1990 1484 οὐρανὸν

411 1511 782 1579 ἀναϐήσομαι,
823 1509 1012 1562 ἐπάνω
1057 1508 1166 1560 τῶν
1195 1510 1414 1581 ἄστρων
1459 1509 1553 1562 τοῦ
1583 1507 1814 1581 οὐρανοῦ
1845 1508 1996 1579 θήσω

412 1601 506 1655 τὸν
541 1600 730 1672 θρόνον
771 1618 894 1670 μου,
922 1600 1099 1653 καθιῶ
1138 1604 1195 1653 ἐν
1219 1601 1338 1672 ὖρει
1366 1601 1555 1674 ὑψηλῷ
1586 1603 1680 1655 ἐπὶ
1705 1602 1772 1654 τὰ
1801 1602 1900 1673 ὅρη
1929 1602 1996 1656 τὰ

411 1693 594 1763 ὑψηλά
638 1695 706 1747 τά
742 1694 879 1764 πρὸς
930 1693 1153 1766 βορρᾶν,
1189 1695 1537 1768 ἀναϐήσομαι
1561 1695 1750 1748 ἐπάνω
1778 1695 1884 1747 τῶν
1907 1711 1996 1748 νε-

413 1783 613 1852 φελῶν,
644 1784 840 1853 ἔσομαι
869 1785 1053 1854 ὅμοιος
1084 1786 1162 1855 τῷ
1202 1786 1462 1858 Ὑψίστῳ.
1496 1806 1514 1838 ›
1546 1788 1685 1856 Ὄρη
1700 1786 1756 1838 δέ
1771 1786 1841 1838 τὰ
1862 1785 1995 1856 πρὸς

2096 1063 2178 1108 tes
2205 1063 2233 1090 ιι
2264 1055 2276 1108 !
2311 1073 2328 1106 ι
2358 1054 2496 1109 Cum
2523 1056 2670 1109 enim
2707 1070 2899 1111 omnes
2933 1055 3036 1110 sibi
3075 1055 3353 1124 subjectos
3405 1055 3666 1121 haberet,

2093 1162 2193 1214 per
2255 1148 2559 1201 salutarem
2615 1160 2838 1201 crucem
2895 1147 3191 1216 tyrannide
3245 1146 3495 1215 dejectus
3559 1156 3665 1202 est.

2097 1235 2304 1292 Deinde
2344 1237 2636 1307 pristinam
2685 1237 2862 1306 ipsius
2903 1245 3090 1290 narrat
3133 1236 3442 1300 insaniam,
3485 1246 3540 1291 et
3579 1241 3668 1292 in-

2097 1339 2312 1397 gentem
2348 1329 2722 1399 arrogantiam
2753 1348 2767 1382 :
2799 1348 2816 1378 ‹
2847 1327 2929 1383 Tu
2961 1337 3145 1383 autem
3185 1328 3374 1384 dixisti
3416 1329 3470 1381 in
3497 1329 3671 1383 corde

2092 1425 2223 1484 tuo,
2249 1420 2308 1473 In
2341 1420 2539 1474 cmlum
2573 1419 2864 1474 ascendam
2887 1461 2900 1484 ,
2935 1434 3104 1488 super
3137 1427 3291 1473 astra
3321 1419 3443 1474 caeli
3469 1435 3668 1488 ponam

2097 1509 2359 1564 thronum
2419 1525 2637 1575 meum;
2697 1509 2898 1564 sedebo
2956 1509 3015 1563 in
3070 1517 3255 1563 monte
3304 1509 3446 1572 alto,
3508 1523 3674 1578 super

2097 1607 2314 1654 montes
2343 1599 2593 1654 excelsos
2625 1598 2691 1652 ad
2741 1598 3059 1667 aquilonem
3085 1636 3100 1661 ,
3153 1598 3452 1654 ascendam
3506 1613 3672 1668 supra

2098 1693 2304 1758 nubes,
2333 1707 2428 1747 ero
2459 1692 2655 1747 similis
2687 1691 2976 1747 Altissimo
3001 1698 3050 1744 ο.
3086 1708 3104 1742 ι
3134 1689 3348 1746 Montes
3401 1699 3583 1745 autem
3605 1691 3671 1744 ad

2100 1785 2409 1853 aquilonem
2461 1792 2623 1838 vocat
2668 1785 2940 1838 scelerum
2986 1784 3329 1840 occasiones.
3381 1785 3464 1838 Ab
3518 1786 3674 1878 armi.

406 1874 617 1947 βορρἄ
667 1875 825 1928 καλεῖ
848 1876 948 1939 τὰς
976 1876 1070 1946 τῆς
1116 1877 1317 1940 κακίας
1348 1878 1622 1948 ἀφορμάς.
1661 1876 1793 1930 Ἀπὸ
1828 1876 1992 1948 βορρᾶ

2103 1875 2227 1927 Ione
2253 1873 2398 1928 enim
2431 1874 2733 1930 secundum
2767 1881 3092 1944 prophetam
3127 1875 3498 1932 exardescent
3529 1873 3673 1930 m'ala

407 1966 544 2037 γὰρ,
579 1965 722 2019 κατὰ
768 1966 860 2020 τὸν
907 1969 1214 2038 προφήτην,
1269 1969 1670 2039 ἐκκαυθήσεται
1726 1967 1796 2021 τὰ
1848 1968 1995 2021 κακά

409 2055 508 2107 ἐπὶ
564 2057 775 2118 πάντας
827 2055 954 2118 τοὺς
1027 2057 1417 2120 κατοικοῦντας
1483 2058 1581 2129 τὴν
1628 2060 1754 2130 γῆν.
1809 2058 1995 2122 Οὕτως

411 2145 580 2199 αὐτοῦ
639 2146 940 2216 γυμνώσας
990 2146 1083 2200 τὸν
1122 2147 1292 2216 τῦφον
1345 2150 1710 2220 προαγορεύει
1761 2151 1852 2204 καὶ
1895 2151 1995 2221 τὴν

411 2237 753 2290 κατάλυσιν·
791 2256 809 2288 ι
857 2236 970 2290 Νῦν
1023 2236 1081 2290 δὲ
1135 2239 1215 2300 εἰς
1265 2238 1399 2308 ᾅδην
1449 2241 1737 2313 καταδήσῃ
1791 2243 1872 2305 εἰς
1927 2245 1996 2295 τὰ

413 2328 638 2398 θεμέλια
688 2328 790 2396 τῆς
814 2328 938 2398 γῆς.
973 2347 991 2379 ι
1031 2328 1202 2381 Τοῦτο
1252 2332 1345 2383 καὶ
1368 2333 1396 2382 ὁ
1420 2331 1566 2394 θεῖος
1606 2333 1866 2403 Ἰεζεκιὴλ
1890 2334 1995 2385 ύπὺ

413 2414 508 2467 τοῦ
542 2414 678 2468 Θεοῦ
706 2416 885 2483 λέγειν
912 2417 1243 2470 διδάσκεται.
1274 2438 1291 2469 ‹
1331 2417 1460 2472 Ἀπὸ
1490 2421 1650 2491 ὅρους
1674 2423 1803 2494 γὰρ,
1841 2424 1991 2492 φησὶ,

415 2506 512 2560 τοῦ
536 2506 672 2561 Θεοῦ
695 2508 973 2578 κατήγαγε
1027 2508 1065 2540 ¹¹
1113 2527 1171 2562 σε
1195 2509 1258 2562 τὸ
1283 2512 1497 2581 Χεροὺὸ
1522 2513 1580 2566 τὸ
1611 2514 1902 2578 συσκιάζον
1931 2516 1994 2567 ἐκ

418 2597 591 2666 μέσου
619 2598 781 2651 λίθων
815 2599 1079 2669 πυρίνων.
1119 2620 1145 2650 »ι
1177 2600 1313 2653 Τότε
1356 2603 1456 2671 μὲν
1493 2598 1586 2656 οὖν
1609 2604 1770 2657 αὑτὸν
1801 2605 1860 2657 τὸ
1885 2607 1993 2658 Χε-

417 2689 572 2756 -ροὺσ,
590 2689 688 2759 τὴν
704 2692 745 2721 ¹¹
763 2690 913 2744 θείαν
941 2691 1099 2755 δόξαν
1118 2691 1440 2761 ἀξιούμενον
1469 2695 1677 2764 φέρειν,
1697 2696 1804 2749 τῶν
1826 2697 1995 2765 ἁγίων

415 2779 645 2852 ἐχώρισε
703 2782 1008 2852 δυνάμεων,
1058 2783 1125 2835 αἲ
1162 2783 1226 2855 δὴ
1273 2784 1319 2815 ¹³
1351 2785 1447 2838 καὶ
1493 2787 1994 2856 προσαγορεύονται

417 2874 656 2946 πύρινοιο
693 2875 790 2930 νῦν
816 2876 872 2930 δὲ
899 2877 947 2929 οἱ
970 2876 1068 2947 τῆς
1092 2876 1241 2940 θείας
1272 2877 1580 2940 ἐπιϐάσεως
1606 2878 1748 2942 ἄξιοι
1779 2877 1866 2931 διὰ
1897 2879 1995 2950 τὴν

411 2965 513 3035 τῆς
539 2966 719 3036 ψυχῆς
755 2965 1132 3037 καθαρότητα,
1159 2960 1234 3020 ὧν
1261 2969 1320 3020 ἐν
1368 2970 1489 3030 ταῖς
1517 2967 1768 3038 καρδίαις
1796 2971 1852 3022 αί
1901 2969 1996 3023 τοῦ

409 3057 547 3111 Θεοῦ
579 3057 1066 3122 ἀναϐάσεις,ικατὰ
1096 3057 1190 3110 τὸν
1222 3057 1364 3112 θεῖον
1399 3060 1710 3132 προφήτην,
1744 3059 1994 3126 ἐξουσίαν

412 3147 604 3203 ἔλαϐον
626 3151 741 3212 τοῖς
771 3151 926 3203 ποσὶν
948 3150 1111 3202 αὑτὸν
1135 3151 1180 3180 ¹⁸
1209 3154 1533 3219 συμπατεῖν.

2097 1977 2266 2035 super
2294 1979 2489 2020 omnes
2521 1965 2836 2021 habitantes
2885 1975 3113 2022 terram.
3159 1965 3226 2020 Et
3273 1967 3348 2021 ita
3400 1965 3672 2037 patefacta

2098 2057 2246 2113 illitis
2270 2057 2560 2126 superbia,
2589 2057 2838 2127 praedicit
2868 2058 3033 2111 etiam
3059 2058 3401 2113 eversionem
3431 2076 3444 2110 :
3477 2077 3493 2108 ι
3518 2057 3675 2113 Nunc

2096 2153 2278 2200 autem
2315 2147 2367 2199 in
2405 2145 2682 2201 infernum
2717 2147 3027 2202 descendes
3073 2147 3128 2201 in
3175 2147 3530 2203 fundamenta
3561 2156 3665 2204 ter-

2096 2251 2171 2290 rae.
2205 2247 2251 2290 P.
2287 2256 2305 2287 ι
2332 2235 2447 2298 lloc
2481 2237 2608 2290 item
2640 2236 2865 2292 divinus
2896 2236 3156 2292 Ezechiel
3189 2254 3219 2291 a
3255 2238 3366 2292 Deo
3398 2240 3546 2308 loqui
3577 2243 3674 2295 do-

2097 2339 2268 2383 cetur.
2299 2348 2317 2380 ι
2347 2327 2390 2381 Α
2415 2336 2599 2383 monte
2615 2329 2764 2384 enim
2793 2328 2922 2394 Dei,
2948 2329 3162 2399 inquit,
3195 2330 3423 2385 deduxit
3450 2341 3501 2387 te
3534 2332 3672 2386 Che-

2098 2420 2201 2474 rub
2251 2421 2591 2477 obumbrans
2635 2421 2705 2475 de
2757 2422 2938 2477 medio
2990 2422 3233 2492 lapidum
3296 2423 3666 2493 ignitorum.’

2097 2511 2252 2566 Tunc
2285 2511 2452 2581 igitur
2477 2527 2602 2566 eum
2627 2512 2878 2578 Cherub,
2908 2513 3057 2584 quod
3085 2523 3144 2567 ut
3175 2513 3416 2568 divinam
3443 2514 3670 2582 gloriam

2100 2603 2264 2658 terret
2299 2604 2524 2674 dignum
2574 2603 2904 2668 habebatur,
2953 2619 2985 2660 a
3041 2607 3256 2662 sanctis
3303 2607 3672 2676 potestatibus

2098 2695 2410 2764 separavit.
2460 2710 2584 2766 qua:
2634 2695 2804 2751 etiam
2857 2697 3046 2767 ignitae
3081 2699 3474 2768 appellantur;
3525 2715 3671 2754 nunc

2100 2800 2228 2838 vero
2257 2786 2326 2848 ii,
2357 2786 2450 2854 qui
2490 2797 2621 2842 sunt
2648 2786 2839 2842 divino
2867 2803 3100 2844 ascensu
3129 2789 3281 2860 digni
3309 2799 3535 2860 propter
3561 2789 3673 2843 ani-a

2100 2877 2170 2930 mi
2199 2877 2558 2942 munditiem,
2593 2877 2648 2932 in
2681 2893 2916 2947 quorum
2943 2879 3211 2935 cordibus
3242 2888 3372 2936 sunt
3407 2896 3673 2936 ascensus

2099 2967 2197 3023 Dei
2253 2968 2559 3023 secundum
2618 2968 2870 3024 divinum
2921 2971 3282 3040 prophetam,
3344 2977 3670 3040 potestatem

2101 3058 2282 3128 ipsum
2313 3057 2549 3129 pedibus
2575 3058 2940 3114 conculcandi
2978 3074 3264 3130 accepere.

487 3241 573 3306 ιζ’.
618 3240 858 3310 ’γ’ψώοη
895 3241 931 3308 ἡ
973 3241 1186 3309 καρδία
1211 3255 1350 3306 σου,
1380 3242 1480 3295 ἐπὶ
1509 3241 1590 3307 τῷ
1615 3241 1827 3298 κάλλει
1851 3258 1990 3299 σου.

2167 3228 2336 3284 Vsus.
2379 3229 2463 3283 l7.
2499 3228 2776 3284 Eletvatum
2805 3238 2881 3284 est
2909 3246 3001 3284 cor
3027 3238 3176 3284 tuum
3196 3239 3404 3300 propter
3433 3232 3672 3298 pulchri-

415 3332 600 3401 Μέγα,
628 3331 816 3402 φησὶν,
846 3332 1150 3402 ἐφρόνησας
1182 3331 1249 3386 τὰ
1277 3334 1409 3404 παρ’
1431 3333 1566 3402 ἐμοῦ
1617 3350 1701 3387 σοι
1755 3351 1996 3408 χορηγη-

417 3424 577 3477 θέντα
621 3423 955 3493 θεασάμενος
1000 3423 1200 3492 ἀγαθά.
1239 3442 1257 3475 ‹
1299 3423 1574 3494 Διεφθάρη
1627 3425 1660 3495 ἡ
1715 3426 1992 3495 ἐπιστήμη

416 3530 510 3570 σου
558 3513 698 3585 μετὰ
739 3513 835 3569 τοῦ
887 3515 1116 3580 κάλλους
1163 3531 1279 3569 σου.
1316 3533 1336 3566 ι
1367 3514 1613 3579 Πάντων,
1646 3515 1830 3586 φησὶν,
1869 3518 1996 3584 ἐγυ-

414 3603 658 3677 μνώθης,
692 3604 792 3676 τὴν
814 3604 1061 3659 δοθεῖσάν
1089 3623 1176 3660 σοι
1202 3605 1358 3671 τάξιν
1380 3603 1717 3658 καταλιπών.
1753 3623 1772 3656 ‹
1818 3604 1919 3659 Διὰ
1949 3605 1994 3637 ¹⁵

408 3697 475 3751 τὸ
499 3696 705 3768 πλῆθος
729 3696 840 3750 τῶν
863 3697 1152 3769 ἁμαρτιῶν
1183 3713 1277 3751 σου
1309 3696 1402 3750 ἐπὶ
1429 3695 1528 3768 τὴν
1559 3699 1662 3768 γῆν
1687 3696 1887 3769 ἐρῤιψά
1909 3713 1990 3750 σε·

413 3787 654 3843 ἐναντίον
695 3785 960 3857 βασιλέων
1001 3788 1212 3842 δέδωκά
1247 3789 1291 3819 ⁸⁸
1330 3805 1391 3840 σε
1447 3787 1992 3860 παραδειγματισθῆ-

2097 3319 2329 3373 tudinem
2357 3328 2523 3372 tuam.
2556 3317 2798 3390 Ingenti,
2834 3319 3044 3387 inquit,
3075 3320 3335 3389 superbia
3366 3321 3547 3377 elatus
3572 3337 3669 3384 es.

2094 3411 2410 3480 conspectis
2444 3411 2512 3466 iis
2545 3410 2708 3466 bonis
2733 3454 2747 3477 ,
2777 3410 2942 3481 917
2975 3426 3097 3480 quae
3128 3426 3157 3464 a
3194 3425 3279 3465 me
3322 3412 3418 3466 tibi
3467 3429 3672 3482 suppe-

2094 3505 2266 3557 ditata
2297 3510 2448 3560 sunt.
2478 3520 2496 3553 ι
2526 3501 2802 3572 Corrupta
2834 3511 2919 3557 est
2965 3502 3199 3558 scientia
3245 3512 3336 3556 tua
3381 3519 3503 3557 cum
3547 3506 3670 3574 pul-

2094 3594 2411 3650 chritudine
2443 3602 2560 3650 tua.
2584 3613 2602 3646 ι
2628 3592 2900 3649 Omnibus
2925 3633 2938 3657 ,
2974 3593 3157 3662 inquit
3177 3635 3192 3655 ,
3221 3597 3447 3652 orbatus
3477 3595 3629 3652 fuisti
3652 3637 3668 3657 ,

2093 3698 2218 3740 cum
2257 3684 2598 3753 assignatum
2637 3683 2735 3737 tibi
2771 3681 3026 3738 ordinem
3058 3682 3360 3751 reliquisti.
3391 3701 3408 3734 ι
3439 3685 3673 3754 Propter

2095 3776 2508 3833 multitudinem
2541 3783 2899 3847 peccatorum
2930 3782 3152 3830 tuorum
3200 3775 3256 3829 in
3300 3785 3501 3832 terram
3538 3793 3663 3846 pro-

411 3898 520 3935 ναι.
558 3899 578 3932 ›
615 3881 792 3951 Πολλῇ
829 3881 1087 3953 πονηρίᾳ,
1127 3881 1297 3950 φησὶ,
1329 3879 1697 3950 χρησάμενος,
1745 3880 1846 3949 τῆς
1879 3879 1992 3934 ἄνω

2095 3869 2195 3936 ieci
2222 3877 2314 3923 te:
2355 3882 2542 3922 coram
2573 3865 2800 3938 regibus
2828 3865 2956 3922 dedi
3000 3873 3054 3922 te
3104 3875 3163 3921 ut
3210 3866 3608 3925 traduceret-is.
3645 3887 3665 3922 ι

413 3967 514 4036 μὲν
544 3966 814 4034 ἐξέπεσας
841 3967 1046 4033 τάξεως
1083 3968 1147 4032 ¹⁷,
1179 3967 1327 4020 κάτω
1349 3966 1406 4019 δέ
1431 3966 1764 4038 ἀπερῥίφης,
1812 3970 1894 4031 εἰς
1931 3968 1994 4022 τὺ

411 4057 675 4124 γελᾶσθαι
708 4057 861 4127 παρά
889 4057 999 4110 τῶν
1028 4057 1130 4126 τὴν
1183 4055 1431 4110 δοθεῖσαν
1477 4057 1663 4120 αὐτοῖς
1694 4057 1990 4125 φυλαττόν-

412 4163 519 4203 των
547 4147 722 4213 τάξιν,
751 4148 844 4201 καὶ
874 4146 1055 4211 καλῶς
1089 4146 1394 4217 βασιλεύειν
1426 4145 1535 4199 τῶν
1569 4149 1628 4199 ἐν
1659 4147 1841 4211 αὐτοῖς
1869 4150 1989 4202 ἐπι-

412 4239 697 4309 σταμένων
730 4238 940 4294 παθῶν.

485 4335 572 4400 ιη’.
611 4329 714 4384 Διὰ
765 4331 833 4383 τὸ
861 4329 1096 4398 πλῆθος
1138 4329 1258 4385 τῶν
1307 4329 1610 4401 ἁμαρτιῶν
1638 4330 1680 4362 ⁸⁸
1713 4343 1852 4394 σου,
1888 4331 1986 4385 καὶ

410 4415 656 4470 ἀδικιῶν
683 4418 726 4450 ¹⁹
758 4417 870 4486 τῆς
897 4419 1185 4488 ἐμπορίας
1228 4434 1368 4484 σου,
1389 4418 1776 4487 ὲὸεόήλωσας
1802 4419 1848 4450 ’⁸
1882 4417 1990 4472 τὸν

2093 3959 2294 4025 Multa,
2333 3959 2550 4028 Inquit,
2605 3957 2961 4028 improbitate
3007 3956 3288 4027 superiori
3342 3960 3539 4014 ordine
3573 3962 3668 4030 qui

2092 4050 2365 4115 excidisti,
2397 4058 2454 4104 et
2475 4055 2490 4071 ‘
2521 4050 2783 4104 deorsum
2807 4048 3092 4117 proiectus
3123 4063 3206 4112 es,
3241 4057 3298 4102 ut
3321 4051 3392 4104 ab
3415 4050 3484 4104 iis
3527 4053 3670 4105 assi-

2091 4150 2315 4210 gnatum
2368 4142 2476 4197 sibi
2531 4142 2781 4196 ordinem
2835 4148 3192 4205 servassent,
3251 4142 3460 4211 quique
3514 4154 3664 4197 recte

2092 4233 2209 4288 suis
2241 4231 2628 4287 affectionibus
2662 4233 2934 4301 imperare
2968 4233 3274 4294 novissent,
3307 4233 3667 4290 deridereris.

2166 4322 2333 4380 Vatis.
2376 4323 2464 4379 18.
2505 4321 2612 4377 Per
2639 4322 3030 4377 multitudinem
3066 4334 3402 4392 peccatorum
3433 4335 3666 4385 tuorum,

2091 4427 2139 4472 et
2162 4417 2465 4486 iniquitates
2494 4415 2872 4486 negotiationis
2911 4425 3038 4480 tum,
3085 4415 3384 4483 profanaati
3427 4416 3670 4485 sanctiﬁr

409 4507 709 4578 ἁγιασμόν
737 4511 780 4541 ¹¹
813 4525 952 4564 σου.
981 4511 1310 4566 Είπάτωσαν
1331 4513 1380 4564 οί
1417 4511 1804 4578 ἀντιλέγοντες,
1839 4513 1988 4580 ποῖον

2095 4511 2352 4563 rationem
2408 4519 2577 4561 tuam.
2632 4506 2830 4562 Dicant
2888 4507 2924 4561 ii
2971 4507 3067 4576 qui
3117 4515 3448 4577 repugnant,
3501 4521 3666 4577 quam

410 4602 682 4672 ἁγιασμὸν
727 4597 873 4672 εῖχεν
921 4605 951 4656 6
999 4603 1263 4675 δυσσεϐὴς
1296 4603 1396 4673 τῆς
1441 4603 1618 4675 Τύρου
1681 4593 1939 4673 βασιλεύς
1968 4622 1983 4636 ο

407 4695 642 4748 ἀλλὀὐκ
676 4694 742 4748 ἂν
779 4694 953 4762 ἔχοιεν
993 4694 1181 4760 δεῖξαι.
1237 4689 1402 4758 Οὗτος
1436 4694 1515 4761 δὲ,
1567 4695 1695 4765 περὶ
1735 4689 1796 4748 οὗ
1840 4693 1933 4748 νῦν
1958 4697 1986 4750 6

407 4786 584 4853 λόγος,
619 4785 783 4854 ἡνίκα
804 4778 882 4846 εἷς
907 4785 1013 4836 τῶν
1037 4784 1207 4851 ἁγίων
1235 4785 1594 4854 ἀρχαγγέλων
1627 4785 1898 4855 ὑπῆρχεν,
1923 4788 1982 4839 ἐν

410 4875 672 4946 μετουσίᾳ
720 4872 787 4945 ἦν
841 4874 1150 4946 ἁγιωσύνης
1207 4877 1424 4945 ἀπάσης
1451 4891 1463 4904 ·
1535 4875 1652 4929 ἀλλ’
1675 4878 1838 4939 αὐτὸς
1895 4876 1985 4930 τὸν

404 4964 679 5034 ἀγιασμὺν
704 4964 1013 5035 ἐϐεόήλωσε
1041 4965 1206 5037 κακῇς
1225 4967 1571 5038 χρησάμενος
1601 4968 1867 5039 ἐμπορίᾳ,
1891 4969 1986 5021 καὶ

404 5052 502 5108 τοῦ
528 5053 775 5118 πλείονος
805 5056 1152 5127 ἐπιθυμήσας
1185 5057 1282 5110 καὶ
1302 5057 1410 5111 τῶν
1437 5057 1700 5112 δοθέντων
1733 5059 1980 5122 ἐξέπεσε.

478 5246 508 5265 ι-
539 5226 644 5285 lsa.
672 5243 788 5297 le,
817 5226 906 5284 1-2.
984 5235 1008 5264 ο
1045 5230 1176 5287 ibid.
1210 5230 1297 5294 15,
1331 5231 1417 5285 Μ.
1531 5242 1558 5282 P
1585 5231 1718 5287 ibid.
1751 5230 1839 5285 15.

2095 4598 2588 4653 sanctiﬁcationem
2621 4595 2879 4651 habuerit
2909 4595 3114 4666 impius
3155 4611 3250 4650 rex
3284 4595 3434 4666 Tyri.
3471 4596 3666 4650 Verum

2096 4707 2202 4746 non
2239 4695 2502 4761 poterunt
2539 4689 2855 4743 ostendere.
2886 4685 2996 4743 Iste
3037 4696 3244 4749 autem,
3278 4687 3346 4743 de
3375 4703 3484 4758 quo
3521 4702 3666 4744 ttunc

2094 4782 2392 4853 loquimur,
2422 4780 2647 4848 quando
2673 4794 2820 4834 unus
2851 4789 3172 4835 sanctorum
3200 4779 3660 4848 archangelorunt

2093 4883 2231 4938 erat,
2267 4873 2447 4932 omnis
2492 4874 2956 4932 sanctiﬁcationis
3005 4881 3126 4928 erat
3187 4874 3460 4943 particeps
3499 4892 3512 4927 :
3569 4874 3664 4928 sed

2093 4971 2212 5038 ipse
2241 4967 2550 5037 profanavit
2588 4966 3113 5028 sanctiﬁcationem,
3144 4965 3289 5019 mala
3323 4980 3460 5020 usus
3494 4981 3665 5036 nego-

2091 5060 2322 5113 tiatione
2349 5079 2364 5110 .-
2399 5058 2718 5127 maioraque
2747 5063 3014 5126 expetens
3044 5055 3210 5112 etiam
3245 5054 3532 5110 concessis
3560 5055 3664 5108 sibi

1716 5383 1944 5438 VARle
1987 5379 2392 5437 LECTIONES.

468 5537 514 5611 ‘_'
548 5539 664 5611 ἐτρ.
689 5540 942 5595 Coltmrct
969 5554 1092 5593 cum
1121 5539 1230 5611 illis
1259 5535 1606 5611 quaedeinde
1641 5553 1755 5611 seq.
1795 5537 1904 5611 ἀπὸ
1934 5536 2117 5611 ξρους,
2155 5556 2210 5594 κ.
2242 5557 2292 5611 τ.
2325 5538 2373 5590 λ.
2402 5538 2564 5611 ﬂeor.
2609 5536 2733 5611 ideo
2751 5534 3113 5611 profanatum
3153 5539 3659 5611 dejiciam_te,_etc°

405 5609 448 5680 *ξ
477 5609 524 5664 Α
580 5606 674 5664 καὶ
707 5611 902 5680 ἡγαγε,
932 5612 1138 5680 omisso
1167 5609 1245 5680 σέ,
1281 5615 1334 5660 ct
1361 5607 1420 5658 τὸ
1458 5623 1614 5680 apex.
1675 5677 1685 5680 _
1712 5609 1754 5638 ”
1787 5608 1904 5680 τήν.
1931 5606 1971 5658 Β

406 5679 451 5712 ⁸⁵
503 5680 545 5733 Β
597 5675 839 5736 αύτῶνξ
896 5681 938 5710 ¹⁸
968 5679 1268 5746 διὰ-ἀμ.
1314 5693 1428 5728 σου.
1481 5675 1606 5730 Des.
1674 5677 1726 5730 in
1789 5676 1955 5730 Hebr.

404 5751 445 5782 "
466 5751 583 5815 τάξ.
616 5753 654 5804 Β
692 5752 916 5821 λήξεως.
971 5749 1012 5821 ξ’
1040 5750 1136 5818 ἀμ.
1169 5745 1242 5799 Ita
1293 5747 1382 5821 ᾼη
1406 5747 1497 5821 sed
1529 5747 1753 5821 B_habct
1775 5747 2035 5821 ἀνθέμων.
2068 5745 2645 5821 sicqtte_int‘ra,_llwr.
2682 5745 2790 5821 {ob}
2823 5745 2934 5821 I._c.

405 5821 532 5874 τῶν.
558 5823 635 5876 Ita
668 5815 886 5892 quoque
908 5815 1143 5881 inl‘raﬁ.
1175 5834 1226 5870 ς.
1291 5817 1335 5846 ²⁰
1368 5816 1530 5882 Infra,
1566 5818 1601 5872 l.
1629 5833 1679 5872 c.
1714 5826 1796 5873 est
1826 5815 2162 5887 ἐϐεϐήλωσα.

725 5913 995 5975 ΡΑτῐιιη..
1038 5912 1082 5971 G
1097 5931 1154 5970 rt.
1211 5910 1472 5970 LXXXI.

2003 5624 2188 5676 praem.
2216 5609 2294 5661 τό.
2411 5609 2563 5675 ¹³δή.
2609 5609 2684 5658 Ita
2751 5609 2790 5658 Β
2840 5624 2937 5678 pro
2989 5609 3068 5668 δέ.
3106 5618 3164 5661 ut
3206 5612 3331 5661 hab.
3365 5609 3451 5661 ed.
3486 5609 3649 5660 Sirmi

2085 5679 2190 5730 “A
2227 5687 2281 5732 et
2322 5677 2360 5729 B
2393 5677 2588 5747 ἔδωκα.
2630 5678 2704 5730 lta
2750 5693 2971 5747 quoque
3006 5678 3167 5736 infra,
3209 5677 3356 5731 Ilmr.
3385 5677 3498 5747 fab.
3529 5678 3564 5729 l.
3599 5693 3649 5730 c-

2411 5608 2453 5678 ¹γ³
2476 5607 2563 5675 δή.
2609 5606 2684 5658 Ita
2751 5608 2790 5658 Β
2840 5624 2937 5678 pro
2989 5609 3068 5668 δέ.
3106 5618 3164 5661 ut
3206 5606 3331 5678 hab.
3365 5607 3653 5678 ed.Sirm-
3736 5626 3738 5629 ·

3054 5748 3094 5778 ¹⁹
3116 5747 3204 5801 es.
3231 5749 3270 5799 Α
3303 5757 3350 5802 et
3382 5744 3421 5797 Β
3458 5759 3646 5816 praern-

2265 5818 2305 5847 “
2338 5817 2428 5870 τὸν
2460 5817 2550 5884 ἀγ.
2593 5817 2632 5869 Α
2678 5815 2743 5870 τὰ
2769 5817 2907 5886 ἱερά.

3214 5909 3289 5968 35
