4116 6434
479 364 615 430 1099

1469 363 1952 426 THEODORETI
1999 363 2337 426 EPISCOPI
2379 363 2743 427 CYRENSIS

3595 363 3731 430 Πθθ

478 477 640 531 bonis
679 474 906 539 excidit,
957 483 1122 546 utque
1161 473 1301 531 idem
1331 483 1621 545 pateretur
1662 477 1826 528 homo
1862 483 2054 530 auctor

2169 476 2329 529 Τοῦτο
2362 477 2417 528 δὲ
2457 477 2550 529 καὶ
2603 477 2692 529 τὸν
2746 474 3031 545 ἄνθρωπον
3083 474 3280 528 ’παθεῖν
3327 475 3730 545 παρεσκεύασε.

478 567 604 622 fuit.
644 566 738 622 Ille
785 568 956 629 enim,
994 567 1298 622 secundum
1346 567 1643 632 imaginem
1697 566 1791 620 Dei
1837 581 2056 636 quoque

477 659 678 721 factus,
716 657 930 712 blandis
976 659 1152 728 ipsius
1194 658 1376 713 verbis
1421 658 1710 728 deceptus,
1750 672 1875 711 cum
1922 673 2056 712 con-

477 748 718 815 cupisset
748 747 913 798 Deum
947 763 1004 800 se
1036 747 1175 812 fieri,
1198 747 1518 802 illudetiam
1538 749 1684 819 quod
1711 757 1829 802 erat
1852 750 2059 819 (imago

483 840 692 893 scilicet
729 837 869 909 Dei),
899 840 1106 894 amisit.
1153 857 1171 889 ι
1219 839 1280 894 Ει
1309 840 1542 894 educam
1576 841 1756 910 ignem
1783 841 1851 895 de
1878 840 2058 895 medio

485 933 584 986 tui.
613 951 628 980 ι
656 929 1014 1000 llooutrique
1040 932 1320 993 convenit,
1347 940 1461 984 tum
1494 932 1541 986 ei
1575 932 1671 1000 qui
1695 939 1956 1001 operatus
1975 940 2060 987 est

474 1023 764 1084 malitiam,
801 1031 914 1076 tum
956 1023 1006 1077 ei
1051 1022 1107 1076 in
1151 1039 1262 1091 quo
1300 1023 1354 1076 id
1387 1023 1592 1077 factum
1621 1031 1726 1086 est,
1762 1021 2055 1093 Tyriorum

475 1114 588 1183 regi
625 1131 637 1165 :
677 1125 910 1182 uterque
934 1115 1080 1168 enim
1117 1115 1258 1168 illati
1284 1115 1388 1170 sibi
1423 1116 1682 1183 supplicii
1711 1117 2058 1183 praebuitoc-

475 1206 750 1260 casiones.
786 1205 920 1259 Tale
949 1216 1035 1261 est
1061 1207 1204 1275 quod
1246 1221 1343 1274 per
1388 1207 1710 1274 prophetam
1761 1205 1958 1259 Isaiam
1991 1205 2057 1259 ad

475 1295 696 1350 Judaaos
723 1295 932 1350 dictum
961 1303 1046 1351 est
1077 1315 1091 1352 :
1130 1316 1146 1346 ι
1177 1298 1318 1351 Ecce
1335 1311 1529 1350 omnes
1555 1311 1655 1350 vos
1690 1299 1867 1365 ignem
1890 1295 2060 1367 918

477 1387 798 1451 incendilis,
840 1395 893 1440 et
928 1386 1258 1440 confortatis
1313 1386 1586 1440 ﬂammam
1630 1404 1642 1438 :
1695 1387 1971 1441 ambulate
2005 1389 2058 1442 in

478 1477 686 1530 lumine
733 1476 876 1545 ignis
921 1476 1114 1537 vestri,
1176 1484 1229 1527 et
1281 1473 1497 1526 ﬂamma
1547 1488 1715 1541 quam
1773 1474 2062 1528 succendi-

478 1572 578 1624 stis
607 1579 655 1622 ιι.
691 1587 710 1622 ι
750 1568 814 1621 Et
849 1568 937 1620 hic
981 1581 1202 1636 quoque
1249 1566 1365 1618 ait:
1420 1584 1437 1616 ι
1499 1563 1738 1617 Educam
1787 1563 1965 1632 ignem
1997 1565 2062 1620 de

479 1661 662 1714 medio
698 1662 802 1714 tui.
850 1658 949 1712 Hic
981 1657 1210 1712 devorat
1242 1666 1312 1710 te.
1357 1676 1373 1707 ι
1412 1655 1530 1712 Hoc
1558 1665 1665 1720 est,
1695 1656 1808 1711 tuis
1838 1655 2063 1712 sceleri-

481 1753 604 1836 ηιξ,
643 1753 802 1821 quasi
835 1752 1085 1814 materia,
1124 1760 1246 1804 utar
1287 1749 1353 1803 ad
1397 1747 1684 1803 inferenda
1721 1748 1818 1803 tibi
1844 1747 2061 1818 suppli-

2158 567 2297 622 Κατ’
2324 568 2510 622 ε-ίκόνα
2563 569 2672 639 γὰρ
2706 566 2841 620 Θεοῦ
2883 568 3134 628 κάκεῖνος
3180 567 3569 638 γεγενημένος,
3623 573 3734 636 τοῖς

2155 660 2406 724 νκωτίλοις
2430 660 2595 713 αὑτοῦ
2630 661 2808 725 λόγοις
2835 657 3098 728 ὑπαχθεὶς
3131 660 3224 712 καὶ
3262 657 3610 730 ἐπιθυμήσας
3643 678 3735 727 γε-

2160 750 2345 804 νέσθαι
2379 751 2532 813 Θεὸς,
2561 751 2653 803 καὶ
2685 749 2746 802 τὸ
2767 745 2905 803 εἶναι
2932 748 3095 802 εἰκὼν
3128 749 3264 804 Θεοῦ
3321 751 3735 820 προσαπώλεσε.

2163 857 2184 890 ι
2220 841 2331 893 Kal
2357 842 2404 873 ²⁹
2431 839 2606 905 ἐξάξω
2634 839 2745 908 πῦρ
2769 841 2832 892 ὲκ
2855 839 3020 910 μέσου
3054 857 3169 894 σου.
3215 859 3234 892 ›
3277 839 3451 892 Τοῦτο
3494 841 3738 910 ἀμφοτέ-

2162 949 2277 1002 ροις
2305 932 2588 1002 ἁρμόττει,
2625 932 2721 984 καὶ
2757 931 3215 1001 τῴένεργήσαντι
3240 931 3338 1000 τὴν
3375 932 3598 992 κακίαν,
3645 933 3742 984 καὶ

2159 1020 2608 1090 τῷ“ὲνεργηθέντι
2644 1018 2858 1088 Τυρίων
2895 1018 3104 1088 βασιλεῖ
3138 1035 3150 1048 °
3185 1020 3484 1090 ἀμφότεροι
3516 1021 3622 1090 γὰρ
3642 1022 3743 1090 τῆς

2160 1111 2545 1181 ἐπενεχθείσης
2587 1111 2771 1172 αὐτοῖς
2812 1110 3087 1181 τιμωρίας
3142 1110 3417 1181 παρέσχον
3448 1110 3546 1171 τὰς
3577 1111 3746 1181 ἀφορ-

2165 1203 2292 1273 μάς.
2320 1202 2571 1256 Τοιοῦτόν
2595 1202 2789 1255 ὲστιτὺ
2805 1201 2894 1254 διὰ
2921 1201 3013 1254 τοῦ
3037 1203 3317 1273 προφήτου
3357 1202 3579 1254 Ἡσαΐου
3609 1203 3746 1272 πρὸς

2175 1297 2464 1358 Ἰουδαίους
2495 1294 2807 1366 εἰρημένον
2834 1313 2851 1346 ι
2893 1294 3024 1347 Ἰδοὺ
3049 1294 3252 1356 πάντες
3277 1295 3434 1364 ὑμεῖς
3467 1292 3578 1362 πῦρ
3596 1295 3749 1348 καίε-

2161 1403 2242 1450 τε,
2275 1386 2370 1439 καὶ
2405 1386 2731 1455 κατισχύετε
2787 1386 2962 1454 φλόγα
2995 1404 3008 1417 ·
3052 1385 3351 1456 πορεύεσθε
3383 1385 3461 1456 τῷ
3485 1388 3625 1456 φωτὶ
3651 1388 3747 1440 τοῦ

2166 1479 2337 1549 πυρὸς
2372 1479 2548 1549 ὑμῶν,
2589 1480 2683 1531 καλ¹
2714 1481 2780 1549 τῇ
2826 1479 2985 1546 φλογὶ
3074 1478 3426 1542 ὲξεκαύσατε.
3462 1497 3480 1530 ι
3522 1481 3630 1532 Καὶ
3663 1481 3750 1532 ὲν-

2163 1570 2338 1624 ταῦθα
2393 1569 2573 1622 τοίνυν
2623 1569 2806 1636 λέγει’
2836 1589 2853 1621 ι
2904 1569 3108 1635 Ἐξάξω
3161 1569 3276 1640 πῦρ
3314 1572 3378 1623 ἐκ
3412 1571 3579 1640 μέσου
3627 1588 3745 1626 σου.

2167 1659 2337 1712 Τοῦτο
2365 1661 2741 1727 καταφάγεταί
2769 1676 2850 1712 σε.
2888 1678 2905 1711 ι
2939 1659 3218 1724 Τουτέστι,
3251 1662 3372 1721 ταῖς
3408 1663 3528 1722 σαῖς
3570 1677 3751 1731 παρα-

2168 1749 2382 1819 νομίαις
2415 1750 2569 1812 ὖλαις
2611 1752 2886 1822 χρήσομαι
2915 1752 2993 1812 είς
3019 1750 3116 1814 τὰς
3150 1751 3293 1802 κατὰ
3327 1748 3421 1802 σοῦ
3453 1751 3747 1822 τιμωρίας.

474 1835 586 1898 cia.
625 1861 642 1895 ι
683 1844 745 1897 Ει
775 1843 918 1898 dabo
944 1851 996 1897 te
1027 1844 1081 1896 in
1128 1843 1370 1896 cinerem
1419 1856 1588 1910 super
1635 1849 1840 1894 terram
1890 1848 2063 1904 tuam,

2174 1861 2192 1892 ι
2237 1841 2346 1894 Καὶ
2363 1840 2523 1894 δώσω
2555 1858 2613 1893 σε
2645 1842 2723 1903 εἰς
2746 1841 2941 1894 σποδὸν
2972 1841 3064 1893 ἐπὶ
3088 1841 3188 1909 τῆς
3221 1842 3324 1908 γῆς
3355 1857 3469 1906 σου,
3511 1841 3751 1895 ἐναντίον

481 1938 536 1990 in
575 1941 877 2005 conspectu
929 1935 1180 1988 omnium
1228 1931 1532 1986 videntium
1581 1939 1656 1987 te.
1689 1950 1707 1982 ι
1766 1929 1881 1985 Hoc
1931 1932 2062 1985 item

478 2028 700 2096 utrique
728 2027 1006 2081 convenit.
1034 2024 1248 2080 Etenim
1276 2024 1440 2077 homo
1469 2023 1521 2077 in
1551 2039 1653 2077 sua
1674 2032 1820 2078 terra
1849 2023 2061 2092 lapsus,

478 2119 659 2188 pulvis
689 2117 870 2172 lactus
905 2125 1030 2172 est:
1071 2126 1126 2170 et
1173 2114 1452 2179 diabolus,
1499 2117 1593 2184 qui
1625 2116 1746 2170 orbi
1789 2125 2062 2169 terrarum

479 2227 538 2264 se
582 2211 975 2280 imperaturum
1009 2223 1133 2263 esse
1181 2208 1428 2276 putabat,
1479 2224 1507 2261 a
1545 2207 1656 2263 Deo
1691 2218 1743 2268 et
1779 2207 2065 2261 Salvatore

481 2313 670 2356 nostro
701 2318 925 2357 eversus
1001 2299 1206 2354 cineris
1257 2298 1430 2353 instar
1480 2298 1550 2353 ab
1605 2298 1788 2368 impiis
1837 2297 2064 2353 concul-

480 2405 656 2450 catur.

552 2485 718 2542 Vens.
763 2485 854 2540 19.
895 2485 965 2539 Et
1006 2502 1182 2540 omnes
1228 2485 1448 2539 scientes
1489 2492 1536 2537 te
1564 2484 1618 2537 in
1651 2484 1893 2553 gentibus
1941 2500 2068 2538 con-

482 2576 839 2632 tristabuntur
867 2593 1023 2645 super
1045 2589 1112 2632 te.
1139 2577 1242 2644 Qui
1264 2579 1412 2633 enim
1446 2575 1627 2632 adhuc
1658 2577 1758 2631 tibi
1794 2578 2063 2642 serviunt,

481 2668 755 2722 idolorum
778 2669 1118 2723 eversionem
1152 2654 1468 2731 cernentes,
1501 2682 1804 2736 eorumque
1833 2666 2066 2722 delubra

482 2756 704 2824 penitus
729 2771 940 2822 eversa,
968 2773 1092 2812 cum
1137 2759 1401 2814 tnmstitia
1436 2759 1668 2829 degunt,
1699 2759 1943 2812 animum
1975 2759 2069 2813 de-

480 2847 839 2917 spondentes,
867 2857 920 2903 et
947 2853 1302 2918 continenter
1326 2849 1600 2904 dolentes.
1650 2867 1668 2898 ι
1702 2847 1947 2904 Perditio
1983 2848 2064 2903 fa-

479 2948 605 2995 ctus
634 2955 716 3005 es,
755 2948 808 2994 et
841 2955 951 2995 non
986 2943 1098 2998 eris
1154 2943 1392 3012 amplius
1428 2942 1482 2996 in
1533 2941 1820 2998 saeculum.
1862 2961 1878 2993 ι
1911 2943 2065 2996 Illum

481 3029 712 3084 omnino
737 3046 994 3085 eversum
1030 3032 1135 3097 iri,
1172 3047 1268 3103 per
1304 3033 1420 3087 haec
1450 3032 1769 3087 declaravit.
1797 3033 1876 3086 ita
1901 3034 2068 3088 abso-

485 3128 601 3179 lnta
631 3125 1028 3180 lamentatione
1055 3125 1207 3196 Tyri,
1227 3126 1295 3180 ad
1317 3126 1574 3181 Sidonem
1595 3126 1795 3182 transit
1821 3135 1874 3181 et
1892 3129 2065 3196 ipsam

2167 1930 2386 1984 πάντων
2434 1930 2543 1983 τῶν
2593 1929 2844 2000 ὁρώντων
2892 1949 2972 1984 σε.
3013 1949 3030 1981 ι
3068 1931 3176 1983 Καὶ
3213 1930 3372 1984 τοῦτο
3421 1931 3752 2001 ἀμφοτέροις

2167 2021 2449 2091 ἁρμόττει.
2502 2022 2612 2075 Καὶ
2645 2025 2753 2094 γὰρ
2786 2024 2814 2075 ὁ
2860 2021 3144 2089 ἄνθρωπος
3190 2022 3248 2075 ἐν
3303 2025 3369 2092 τῇ
3425 2023 3620 2076 ἑαυτοῦ
3677 2025 3750 2093 γῇ

2168 2111 2350 2166 πεσὼν
2385 2114 2532 2177 κόνις
2580 2115 2815 2181 ἐγένετο,
2867 2113 2960 2166 καὶ
2986 2117 3014 2167 ὁ
3045 2112 3312 2177 διάϐολος,
3350 2113 3541 2184 ἄρχειν
3578 2113 3753 2168 δοκῶν

2165 2202 2267 2272 τῆς
2343 2203 2670 2272 οἰκουμένης
2712 2243 2726 2267 ,
2805 2203 2910 2255 ὑπὸ
2980 2203 3070 2256 τοῦ
3131 2203 3269 2256 Θεοῦ
3338 2203 3436 2256 καὶ
3503 2205 3754 2275 Σωτῆρος

2168 2295 2324 2365 ὑμῶν
2373 2296 2718 2359 καταλυθεὶς,
2757 2295 2952 2349 σποδοῦ
3007 2295 3164 2366 δίκην
3222 2294 3327 2348 ὑπὸ
3350 2295 3460 2348 τῶν
3511 2295 3753 2349 εὐσεϐῶν

2154 2391 2443 2444 πατεῖται.

2243 2481 2328 2533 ιθ’.
2355 2478 2464 2534 Kal
2496 2481 2723 2548 πάντες
2749 2485 2802 2535 ol
2831 2480 3223 2550 ἐπιστάμενοί
3241 2497 3315 2534 σε
3335 2481 3406 2533 ἐν
3437 2479 3564 2546 τοῖς
3590 2481 3755 2536 ἔθνε-

2169 2588 2233 2624 σι
2269 2573 2730 2641 στυγνὰσουσιν
2765 2575 2864 2627 ἐπὶ
2898 2575 3000 2627 σοι
3040 2573 3106 2626 ’³.
3153 2575 3218 2627 Ol
3265 2572 3374 2643 γάρ
3408 2571 3489 2624 ἑτι
3515 2574 3754 2645 προσμέ-

2169 2678 2350 2725 νοντες
2376 2664 2436 2732 τῇ
2465 2665 2530 2733 σῇ
2561 2663 2800 2733 δουλείᾳ,
2826 2662 3061 2733 ὁρῶντες
3089 2661 3200 2716 τῶν
3220 2664 3458 2720 εἰδώλων
3491 2665 3590 2735 τὴν
3617 2663 3754 2718 παῦ-

2171 2754 2290 2816 λαν,
2323 2755 2415 2806 καὶ
2447 2753 2514 2806 τὰ
2547 2754 2754 2808 τούτων
2774 2756 2976 2824 τεμένη
3013 2756 3291 2818 παντελῶς
3317 2758 3756 2829 καταλελυμένα,

2172 2847 2229 2896 ἐν
2279 2846 2553 2917 κατηφείᾳ
2600 2846 2880 2914 διάγουσιν
2929 2846 3290 2916 ἀθυμοῦντες,
3346 2852 3441 2904 καὶ⁵
3489 2850 3755 2922 διηνεκῶς

2171 2937 2588 3009 ἀδημονοῦντες.
2624 2958 2642 2990 ι
2691 2939 2963 2992 Ἀπώλεια
2989 2940 3200 3007 έγένου,
3237 2941 3333 2994 καὶ
3365 2943 3462 3012 οὐχ
3491 2943 3756 3015 ὑπάρξεις

2170 3028 2250 3082 ἔτι
2291 3032 2370 3092 είς
2415 3031 2506 3083 τὸν
2535 3030 2728 3085 αἰῶνα.
2761 3050 2779 3082 ι
2817 3031 2926 3103 Τὴν
2965 3032 3205 3104 παντελῆ
3260 3034 3426 3088 αὑτοῦ
3459 3036 3756 3091 κατάλυσιν

2170 3123 2256 3177 διὰ
2276 3122 2482 3176 τούτων
2506 3123 2794 3194 ἐδήλωσεν.
2837 3124 2996 3178 Οὕτω
3016 3125 3314 3198 πληρώσας
3341 3129 3442 3199 τῆς
3459 3129 3638 3199 Τύρου
3664 3130 3757 3184 τὸν

482 3215 793 3281 ﬁnitimam,
842 3226 898 3270 et
939 3188 1331 3283 breviter‘quae
1381 3216 1487 3287 ipsi
1531 3232 1752 3288 quoque
1793 3188 2061 3272 eventura

2172 3216 2392 3288 θρῆνον,
2426 3217 2518 3269 ἐπὶ
2545 3188 2642 3284 την
2678 3217 2885 3270 Σιδῶνα
2919 3188 3254 3288 μεταϐαίνει,
3292 3188 3602 3294 uati-abth
3626 3222 3757 3293 ὃμοι-

479 3308 613 3375 sint,
647 3305 924 3376 praedicit.

556 3484 722 3543 Vens.
769 3484 860 3538 ‘20.
909 3482 975 3536 Et
1007 3483 1206 3552 factum
1239 3493 1318 3537 est
1359 3482 1569 3537 verbum
1620 3484 1834 3538 Domini
1863 3484 1932 3538 ad
1963 3501 2063 3549 me,

481 3574 712 3628 dicens:
761 3571 873 3625 Fili
924 3572 1170 3637 hominis,
1220 3573 1378 3642 ﬁrma
1421 3573 1651 3642 faciem‘
1703 3585 1848 3628 tuam
1909 3591 2068 3643 super

486 3663 756 3724 Sidonem,
786 3669 835 3714 et
861 3662 1150 3715 vaticinare
1181 3678 1336 3732 super
1369 3679 1505 3717 eam.
1543 3663 1611 3717 Et
1633 3665 1759 3718 dic:
1791 3664 1916 3717 Hazc
1937 3664 2066 3716 dicit

485 3753 696 3808 Adonni
728 3753 1010 3816 Dominus,
1044 3751 1177 3807 Ecce
1199 3769 1291 3824 ego
1317 3754 1386 3806 ad
1410 3764 1477 3820 te,
1509 3755 1697 3818 Sidon,
1722 3763 1770 3808 et
1793 3753 2070 3823 glori/ica-

487 3847 580 3900 bor
607 3847 662 3899 in
689 3855 758 3912 te,
782 3853 831 3899 et
855 3861 1131 3915 cognosces
1165 3862 1244 3900 me
1265 3862 1377 3900 esse
1417 3844 1722 3908 Dominum,
1748 3863 1867 3899 cum
1897 3846 2067 3914 fecero

484 3953 578 4006 ego
613 3937 668 3988 in
705 3945 752 3990 te
777 3936 1008 4005 judicia,
1047 3945 1096 3990 et
1137 3937 1518 4006 sanctiﬁcabor
1557 3938 1612 3990 in
1645 3947 1711 3991 te.
1757 3936 1826 3992 Et
1858 3941 2066 3992 mittam

486 4030 541 4080 in
571 4037 620 4082 te
651 4038 869 4081 mortem
903 4037 952 4082 et
985 4029 1296 4098 sanguinem
1329 4031 1383 4081 in
1412 4029 1606 4098 plateis
1635 4033 1740 4084 tuis
1766 4045 1783 4082 :
1812 4041 1861 4084 et
1881 4031 2070 4087 cadent

489 4118 747 4172 vulnerati
794 4119 849 4172 in
890 4119 1064 4172 medio
1106 4121 1182 4171 tui
1215 4119 1412 4188 gladiis
1456 4122 1511 4171 in
1559 4129 1625 4183 te,
1673 4131 1725 4174 et
1755 4123 1808 4174 in
1841 4123 2068 4176 circuitu

487 4217 599 4276 tuo,
637 4219 686 4263 et
711 4218 1022 4277 cognoscent
1058 4210 1227 4280 919
1253 4225 1334 4264 me
1367 4227 1479 4265 esse
1533 4211 1835 4267 Dominum.
1888 4216 2071 4281 Qual-

485 4303 575 4368 do,
607 4302 804 4371 inquit,
844 4302 898 4354 in
933 4302 1333 4369 tranquillitate
1356 4303 1561 4374 degens
1591 4306 1857 4375 ignorasti
1894 4323 2002 4370 me,
2037 4323 2070 4363 ο

489 4389 680 4457 Sidon,
717 4393 906 4446 multis
935 4399 988 4446 te
1022 4394 1314 4463 omnisque
1353 4396 1572 4466 generis
1623 4397 1783 4453 malis
1815 4397 2068 4464 alliciam,

488 4479 632 4534 tame
658 4491 713 4534 et
740 4480 982 4534 hostium
1015 4483 1281 4548 caedibus,
1328 4492 1388 4537 ut
1441 4485 1852 4542 calamitatibus
1883 4488 2069 4544 discas

2177 3327 2267 3380 ρον
2297 3303 2483 3374 οὖσαν,
2510 3311 2602 3363 καὶ
2631 3309 2913 3379 συντόμως
2944 3311 3037 3363 καὶ
3068 3312 3134 3365 τὰ
3164 3312 3335 3384 ταύτῃ
3369 3313 3756 3385 συμϐησόμενα

2173 3399 2448 3472 προλέγει.

2249 3499 2425 3559 κ’-κγ’.
2477 3493 2586 3545 Καὶ
2618 3492 2858 3562 ἐγένετο
2894 3494 3079 3562 ,λόγος
3103 3494 3324 3562 Κυρίου
3349 3497 3500 3564 πρός
3525 3513 3623 3564 με,
3653 3495 3757 3550 λέ·-

2175 3601 2294 3654 γων
2320 3601 2332 3613 °
2381 3583 2476 3638 Υἱὲ
2524 3583 2840 3652 ἀνθρώπου
2871 3587 2938 3649 ³⁵,
2980 3585 3280 3653 στήρισον
3327 3586 3392 3640 τὸ
3430 3587 3758 3654 πρόσωπόν

2175 3691 2293 3730 σου
2337 3674 2437 3728 ἐπὶ
2485 3675 2717 3729 Σιδῶνα
2744 3716 2758 3737 ,
2803 3677 2898 3731 καὶ
2941 3679 3372 3748 προφήτευσον
3417 3680 3511 3733 ἐπ’
3539 3679 3755 3746 αὐτήν.

2175 3765 2286 3818 Kal
2340 3765 2471 3817 ειπὲ
2508 3779 2521 3796 ο
2584 3766 2728 3819 Τάδε
2779 3766 2941 3836 λέγει
2985 3767 3238 3820 Ἀδωναῖ
3281 3769 3540 3836 Κύριος·
3599 3769 3758 3824 Ἰδοὺ

2175 3856 2290 3926 ἐγὼ
2324 3857 2422 3910 ἐπὶ
2464 3856 2557 3920 σὲ,
2588 3855 2797 3921 Σιδὼν,
2835 3858 2933 3912 καὶ
2972 3857 3499 3929 ἐνδοξασθήσομαι
3535 3861 3606 3915 ἐν
3634 3862 3754 3922 σοι,

2177 3949 2277 4003 καί
2309 3947 2510 4018 γνώσῃ
2546 3949 2636 4001 ὅτι
2677 3946 2791 4017 ἐγώ
2840 3952 2957 4018 εἰμι
2991 3951 3226 4018 Κύριος,
3262 3952 3332 4004 ἐν
3379 3951 3457 4018 τῷ
3507 3952 3760 4020 ποιῆσαί

2173 4058 2247 4110 με
2269 4042 2339 4094 ἐν
2366 4041 2465 4094 σοί
2491 4043 2763 4109 κρίματα,
2802 4041 2899 4094 καὶ
2933 4042 3377 4112 ἁγιασθήσομαι
3403 4044 3474 4097 ἐν
3495 4045 3616 4097 σοί.
3647 4043 3758 4099 Kal

2154 4131 2567 4196 ’ἐξαποστελῶ
2592 4133 2691 4185 ἐπὶ
2739 4132 2814 4184 σὲ
2849 4131 3112 4187 θάνατον
3137 4135 3203 4194 ⁸⁵,
3228 4133 3329 4187 καὶ
3365 4132 3508 4204 αᾷια
3529 4136 3600 4188 ἐν
3631 4133 3760 4200 ταῖς

2177 4221 2490 4286 πλατείαις
2540 4235 2656 4274 σου
2689 4221 2757 4285 ³⁸,
2825 4219 2924 4272 καί
2991 4220 3320 4275 πεσοῦνται
3377 4237 3759 4291 τετραυματι-

2179 4309 2387 4379 σμένοι
2413 4310 2483 4362 ἐν
2507 4309 2678 4378 μέσῳ
2706 4325 2821 4363 σου
2850 4310 2921 4364 ἐν
2935 4310 3257 4378 μαχαίραις
3295 4311 3367 4363 ἐν
3389 4311 3511 4377 σοι,
3537 4311 3633 4365 καί
3655 4324 3756 4365 πε-

2171 4399 2443 4467 ρικύκλῳ
2492 4413 2632 4463 σου,
2683 4397 2783 4452 καὶ
2834 4397 3170 4467 γνώσονται
3219 4397 3307 4450 ὅτι
3361 4397 3475 4466 ἐγὼ
3521 4399 3752 4466 Κύριος.

2194 4491 2436 4561 Ἐπειδὴ,
2469 4491 2655 4560 φησὶν,
2700 4491 2758 4543 έν
2792 4489 3062 4562 εὐημερίᾳ
3093 4485 3227 4542 οὖσα
3275 4490 3551 4560 ἠγνόησας
3599 4505 3686 4558 με,
3713 4481 3759 4541 ὧ

491 4587 576 4626 me
603 4587 730 4649 esse
763 4571 1076 4626 Dominum.
1124 4573 1323 4628 Narrat
1348 4577 1512 4630 etiam
1553 4577 1812 4633 interitus
1849 4595 2064 4636 causas.

2181 4582 2371 4648 Σιδὼν,
2402 4558 2620 4646 πολλοῖς
2675 4599 2734 4634 σε
2770 4582 2880 4636 καὶ.
2901 4558 3266 4645 παντοδαποῖς
3302 4558 3605 4652 περιϐαλῶ
3659 4596 3756 4634 κα-

487 4667 626 4728 κοῖς,
652 4666 746 4718 καὶ
783 4665 950 4735 λιμῷ,
972 4665 1064 4719 καὶ
1109 4668 1386 4737 πολεμίων
1414 4671 1669 4739 σφαγαῖς,
1705 4673 1793 4727 ἵνα
1841 4674 1929 4727 διὰ
1967 4674 2078 4726 τῶν
2119 4677 2416 4748 συμφορῶν
2446 4676 2770 4748 καταμάθῃς
2789 4674 2888 4746 τὴν
2917 4674 3055 4746 ἐμὴν
3085 4673 3420 4729 δεσποτείαν.
3489 4672 3650 4740 Λέγει
3702 4669 3757 4722 δὲ

496 4758 593 4810 καὶ
617 4759 716 4820 τὰς
747 4760 929 4821 αἰτίας
950 4760 1049 4828 τῆς
1072 4761 1369 4826 ἀπωλείας.
1446 4772 1450 4774 ’

563 4844 731 4901 Vens.
761 4847 851 4901 24.
890 4847 955 4900 Et
990 4865 1093 4902 non
1149 4864 1300 4904 erunt
1351 4856 1578 4924 amplius
1624 4855 1805 4910 domui
1857 4857 2078 4912 lsraelis

490 4938 871 5006 oﬂ'endiculum
895 4942 1294 5008 amaritudinis,
1331 4957 1378 5000 et
1414 4951 1566 5017 spina
1602 4951 1827 5015 doloris,
1858 4952 1922 5003 ab
1964 4969 2075 5004 om-

497 5029 647 5082 nibus
668 5032 766 5099 qni
788 5044 909 5086 sunt
937 5035 990 5088 in
1021 5035 1246 5088 circuitu
1273 5055 1480 5104 eorum,
1512 5043 1601 5112 qui
1633 5042 1925 5108 ignominia
1948 5045 2075 5113 aﬂ'e-

498 5131 677 5175 terunt
703 5139 812 5187 eos,
847 5134 893 5177 et
931 5137 1237 5193 cognoscent
1269 5147 1348 5185 me
1377 5147 1488 5184 esse
1520 5132 1730 5186 Adonai
1769 5133 2076 5189 Dominum.

2254 4854 2352 4908 κδ’.
2388 4853 2498 4907 Kal
2536 4855 2648 4906 οὐκ
2678 4851 2924 4905 ἔσονται
2951 4850 3037 4905 ἔτι
3073 4851 3152 4918 τῷ
3193 4855 3334 4918 οἴκῳ
3364 4854 3470 4909 τοῦ
3516 4857 3759 4925 Ἰσραὴλ

2182 4946 2426 5014 σκόλοψ
2470 4943 2731 5012 πικρίας,
2780 4943 2877 4996 καὶ
2923 4941 3155 4998 ἄκανθα
3185 4944 3429 5012 ὀδύνης,
3460 4948 3578 5002 ἀπὸ
3607 4947 3758 5001 πᾶν-

2183 5057 2300 5094 των
2349 5042 2469 5095 τῶν
2519 5041 2862 5109 περικύκλῳ
2904 5037 3125 5102 αὐτῶν,
3176 5039 3296 5094 τῶν
3342 5041 3761 5110 ἀτιμασάντων

2181 5134 2428 5200 αὐτοὺς,
2462 5134 2563 5187 καὶ
2597 5133 2930 5203 γνώσονται
2957 5132 3044 5186 ὅτι
3070 5132 3185 5202 ἐγώ
3210 5137 3326 5205 ειμι
3365 5135 3614 5189 Ἀδωνατ
3646 5135 3731 5188 Κύ

498 5209 644 5273 Haec,
699 5211 896 5280 inquit,
933 5222 986 5269 et
1037 5215 1201 5286 Tyro,
1237 5225 1292 5271 et
1339 5219 1689 5290 alienigenis,
1722 5231 1776 5278 et
1821 5225 2064 5279 omnibus

2174 5243 2328 5293 ριος.
2357 5223 2564 5290 Ταῦτα,
2592 5227 2745 5296 φησὶ,
2783 5226 2878 5279 καὶ
2902 5228 2966 5296 τῇ
3005 5225 3187 5296 Τύρῳ,
3221 5227 3314 5280 καὶ
3366 5229 3480 5291 τοῖς
3525 5225 3760 5296 ἀλλοφύ-

565 5395 595 5436 1
627 5386 729 5441 lsa.
774 5403 822 5452 L,
865 5391 944 5444 ll.

1783 5549 2018 5610 VARUE
2047 5555 2451 5614 LECTIONES.

566 5709 612 5741 si
650 5708 742 5762 mi,
795 5736 853 5746 ,ν
918 5697 1314 5782 σου,-11ι[ι“ιι,¹1.
1369 5714 1424 5782 ‘c:
1466 5700 1570 5782 leg.
1619 5701 1798 5772 ἐξάγω
1833 5706 1943 5780 πῦρ
1967 5711 2024 5762 ὲν
2051 5708 2202 5782 μέσῳ
2223 5727 2336 5764 σου.

502 5777 663 5838 Hebr,
705 5783 932 5847 pestem.
1021 5775 1064 5806 ’⁸
1098 5791 1214 5827 σου.
1245 5767 1283 5820 Α
1321 5768 1442 5822 add.
1479 5767 1646 5825 ἔσται.

2364 5713 2376 5778 Ϊ
2428 5711 2540 5764 ²³Λ
2581 5711 2660 5767 σέ.
2749 5714 2792 5746 “
2835 5718 2918 5771 υίὲ
2947 5719 3100 5790 ἀνθρ.
3145 5717 3272 5774 Des.
3315 5718 3370 5774 in
3407 5719 3462 5777 Β.
3563 5721 3606 5752 ’⁸
3638 5718 3761 5781 θάν.
