4116 6420
413 390 540 455 1101

1501 387 1582 447 ΙΝ
1617 385 2060 447 EZECHIELIS
2097 390 2253 450 CAP.
2294 391 2565 452 XXVIII.

3518 385 3538 448 1
3554 386 3652 448 {0'2

409 503 541 563 λοις,
566 498 661 553 καὶ
711 496 841 550 πᾶσι
873 498 978 560 τοῖς
1006 497 1070 550 ὲκ
1102 496 1358 565 γειτόνων
1387 495 1626 556 οἰκοῦσιν
1656 495 1860 562 ἐπάξω,
1895 494 1982 546 ἵνα

2100 494 2316 553 initima
2344 500 2463 554 loca
2492 497 2860 554 incolentibus
2883 497 3137 562 inferam,
3176 503 3235 551 ut
3261 509 3438 565 neque
3473 511 3658 554 exeni-

411 592 550 660 μήτε
605 588 913 659 ἀρχέτυπον
964 587 1215 651 ἀσεϐείας
1256 588 1399 657 ὑμᾶς
1446 586 1542 658 ἔχῃ
1579 589 1606 640 ὁ
1655 587 1786 656 ὲμδς
1834 586 1981 651 λαὸς,

412 679 552 748 μήτε
581 677 874 748 πολεμίους
900 677 1137 747 συνεχῶς
1166 677 1347 740 αὐτοῖς
1379 677 1650 739 ἐπιόντας,
1683 676 1780 730 καὶ
1809 675 1983 745 διηνε-

410 769 522 832 κῶς
561 767 846 832 ἀνιῶντας.
883 767 1042 822 Οὕτω
1089 769 1157 821 τὰ
1181 768 1401 840 λυπηρὰ
1426 768 1818 840 προθεσπίσας,
1849 785 1983 840 προ-

410 859 656 924 θεσπίζει
683 859 761 929 τῷ
801 859 1016 930 Ἰσραὴλ
1046 859 1114 912 τὰ
1153 859 1382 931 χρηστὰ,
1419 859 1703 912 ἐπιτείνων
1757 858 1984 921 ἐκείνοις

408 951 480 1004 τὰ
523 951 744 1022 λυπηρά
784 966 798 980 ⁶
853 950 1138 1021 δυσμενῶς
1185 952 1292 1021 γὰρ
1339 949 1674 1021 διακείμενοι
1731 951 1984 1021 ἀφορμὴν

407 1041 608 1111 ὀδύνης
640 1038 925 1094 ἐποιοῦντο
956 1041 1048 1093 τοῦ
1091 1040 1308 1110 Ἰσραὴλ
1335 1040 1435 1110 τὴν
1463 1040 1786 1112 εὐπραξίαν.

482 1137 698 1195 κε’-κς’.
729 1131 874 1184 Τάδε
902 1129 1065 1198 λέγει
1111 1129 1362 1184 Ἀδωνατ
1395 1131 1606 1198 Κύριος
1637 1146 1650 1161 ⁸
1687 1130 1796 1184 Καὶ
1837 1144 1984 1185 συν-ο

410 1221 535 1286 ἀξω
577 1220 684 1274 τὸν
729 1215 899 1273 οἷκον
931 1220 975 1252 ³⁷
1023 1219 1271 1287 Ἰσραὴλ
1310 1219 1379 1272 ἐκ
1429 1219 1546 1272 τῶν
1597 1218 1809 1283 ἐθνῶν,
1839 1216 1909 1275 οὗ
1941 1222 1986 1252 ³⁸

411 1312 972 1381 διεσκορπίσθησαν
1003 1311 1145 1376 ἐκεῖ,
1184 1310 1281 1364 καὶ
1319 1310 1758 1381 άγιασθήσομιιι
1785 1312 1852 1364 ἐν
1880 1313 1985 1364 αὺ-

412 1404 537 1469 τοῖς
556 1402 815 1457 ἐνώπιον
836 1401 952 1456 τῶν
977 1401 1144 1456 ,λαῶν
1175 1402 1274 1455 καί
1303 1402 1420 1455 τῶν
1445 1401 1654 1466 ἐθνῶν,
1685 1402 1781 1456 καὶ
1804 1419 1989 1456 κατοι-

414 1495 719 1562 κήσουσιν
737 1493 835 1547 ἐπὶ
864 1492 973 1560 τῆς
999 1493 1113 1562 γῆς
1132 1492 1349 1560 αὐτῶν,
1369 1489 1444 1564 ἧς
1474 1493 1661 1548 ἔδωκα
1690 1493 1768 1559 τῷ
1793 1494 1990 1561 δούλῳ

411 1598 532 1650 μου
570 1581 784 1636 Ἰακώϐ.
838 1581 947 1636 Καὶ
1000 1579 1474 1647 κατοικήσουσιν
1510 1583 1580 1634 ἐν
1630 1582 1787 1651 αὐτῇ
1816 1585 1858 1616 ⁸⁸
1896 1585 1989 1637 ἐπ’

415 1672 617 1728 ἐλπίδι
643 1673 709 1738 ⁸⁰,
733 1671 834 1726 καί
879 1671 1389 1742 οὶκοδομήσουσιν
1418 1675 1626 1740 οἰκίας,
1653 1675 1753 1727 καὶ
1777 1678 1992 1744 φυτεύ-

415 1775 642 1815 σουσιν
665 1760 1044 1830 ἀμπελῶνας,
1083 1762 1181 1814 καὶ
1205 1763 1681 1829 κατοικήσουσιν
1701 1764 1793 1817 ἐπ’
1823 1766 1866 1796 ³⁸
1901 1766 1994 1818 ἐλ-

2088 587 2209 655 plar
2239 589 2539 661 impietatis
2575 605 2676 644 vos
2725 589 2922 644 habeat
2964 587 3204 659 pOpulus
3256 603 3431 651 meus,
3482 603 3658 657 neque

2092 680 2279 737 hostes
2307 683 2505 738 crebro
2550 697 2645 738 eos
2686 681 3031 746 invadentes,
3069 687 3126 735 et.
3171 679 3526 736 continenter
3562 695 3658 734 eos

2088 774 2495 829 excruciantes.
2548 774 2627 828 ita
2683 773 3024 828 calamitates
3062 771 3426 837 vaticinatus,
3475 769 3656 825 lsraeli

2092 863 2232 916 bona
2266 864 2620 932 praenuntiat,
2651 878 2858 933 augens
2895 863 2949 916 in
2989 877 3084 917 eos
3117 861 3393 918 miserias.
3436 860 3660 916 Inimice

2090 949 2238 1005 enim
2263 949 2438 1005 affecti
2469 951 2815 1007 occasionem
2847 951 3052 1006 doloris
3083 951 3302 1006 Israelis
3342 948 3658 1006 felicitatem

2093 1041 2392 1097 faciebant.
2622 1045 2628 1052 '

2165 1133 2328 1190 νεεδ.
2370 1134 2474 1198 25,
2499 1133 2589 1188 ‘26.
2627 1132 2753 1187 Ilwc
2773 1133 2901 1187 dicit
2922 1133 3427 1195 AdonaiDominus,
3458 1131 3662 1185 Eteon-

2091 1227 2314 1298 gregabo
2345 1227 2560 1281 domum
2596 1224 2771 1279 Israel
2797 1224 2860 1278 de
2888 1224 3126 1294 gentibus
3149 1223 3205 1276 in
3228 1224 3416 1291 quibus
3439 1223 3662 1292 dispersi

2093 1328 2236 1382 sunt,
2255 1327 2306 1373 et
2335 1317 2707 1388 sanctiﬁcabor
2730 1319 2782 1371 in
2804 1318 2878 1370 eis
2896 1333 3072 1370 coram
3095 1317 3300 1384 populis
3322 1325 3369 1368 et
3393 1315 3662 1384 gentibus;

2093 1419 2142 1462 et
2162 1409 2473 1463 habitabant
2502 1410 2556 1462 in
2578 1419 2718 1462 terra
2752 1426 2870 1472 sua,
2911 1423 3069 1476 quam
3094 1407 3215 1460 dedi
3251 1423 3397 1460 servo
3421 1423 3533 1460 meo
3563 1405 3661 1460 Ja—

2095 1501 2242 1554 cobo.
2280 1499 2349 1554 Et
2387 1499 2701 1553 Itabitabunt
2722 1500 2782 1552 in
2806 1515 2865 1552 ea
2894 1499 2948 1551 in
2981 1514 3090 1565 spe,
3111 1508 3163 1551 et
3200 1497 3534 1566 azdi/icabunt
3569 1497 3664 1549 do-

2098 1608 2232 1657 mos,
2271 1600 2320 1644 et
2363 1591 2681 1660 piantabuut
2724 1591 2901 1644 vineas
2927 1628 2942 1652 ,
2986 1597 3034 1643 et
3075 1588 3388 1642 habitabant
3447 1588 3502 1640 in
3553 1603 3663 1656 spe,

2097 1683 2308 1752 quando
2335 1681 2503 1750 fecero
2527 1681 2732 1749 judicia
2771 1681 2826 1732 in
2867 1678 3110 1733 omnibus
3133 1678 3222 1748 qui
3253 1678 3543 1747 ignominia
3576 1677 3664 1747 af-

2099 1772 2332 1841 fecerunt
2368 1787 2474 1836 eos,
2514 1771 2568 1824 in
2603 1771 2828 1823 circuitu
2857 1771 3112 1838 ipsorum,
3163 1778 3210 1822 et
3251 1779 3557 1838 cognoscent
3587 1780 3666 1822 nte

418 1851 568 1917 πιδι,
603 1850 750 1905 ὅταν
781 1845 1015 1918 ποιήσω
1041 1853 1296 1921 κρίματα
1325 1854 1368 1884 ³¹
1402 1853 1472 1907 ἐν
1498 1853 1648 1908 πᾶσι
1694 1855 1819 1920 τοῖς
1867 1857 1992 1911 ἀτι-

2100 1877 2206 1915 esse
2235 1860 2516 1914 Dominum
2554 1859 2716 1914 Deum
2749 1861 3004 1928 ipsorum,
3045 1869 3094 1912 et
3137 1858 3306 1912 Deum
3334 1869 3543 1928 patrum
3574 1873 3666 1912 eo-

414 1940 689 2010 μόσασιν
716 1942 940 2010 αὐτοὺς
977 1945 1047 1997 ἐν
1081 1943 1204 2010 τοῖς
1229 1945 1430 2011 κύκλῳ
1467 1944 1686 2008 αὐτῶν,
1722 1947 1821 2000 καὶ
1848 1948 1996 2017 γνώ-

419 2047 651 2099 σονται,
684 2033 773 2087 ὅτι
810 2033 925 2104 ἐγώ
949 2037 1064 2103 εἰμι
1097 2036 1310 2103 Κύριος
1342 2038 1375 2090 ό
1405 2037 1548 2102 Θεὸς
1583 2029 1801 2100 αὐξῶν,
1839 2040 1936 2092 καὶ
1965 2042 1997 2092 ό

423 2123 568 2190 Θεὸς
608 2121 728 2176 τῶν
777 2123 1046 2193 πατέρων
1091 2126 1308 2180 αὐτῶν.
1362 2128 1474 2196 Οὐχ
1495 2127 1696 2196 ὁμοίως
1753 2129 1997 2194 ἅπαντας

419 2215 546 2280 τοὺς
580 2215 995 2287 ἁμαρτάνοντας
1016 2218 1044 2272 ὁ
1066 2216 1174 2271 τῶν
1223 2219 1360 2271 ὅλων
1405 2218 1649 2272 παιδεύει
1679 2219 1831 2288 Θεὸς,
1863 2223 1999 2278 ἀλλὰ

413 2308 548 2372 τοὺς
589 2308 687 2380 μὲν
713 2307 1116 2380 οίκειουμένους
1155 2309 1305 2380 αὐτῷ
1348 2311 1626 2381 ἰατρικῶς,
1670 2313 1999 2379 δικαστικῶς

419 2399 482 2454 δδ
511 2399 640 2464 τοὺς
665 2399 880 2464 ἄλλους.
912 2400 1003 2454 Διὸ
1033 2400 1125 2454 καὶ
1157 2403 1185 2455 ὁ
1235 2403 1521 2473 προφήτης
1569 2406 1998 2478 προσευχόμενος

421 2488 580 2558 ἔλεγε
605 2507 626 2520 ο
665 2507 685 2542 ι
713 2491 1008 2545 Παίδευσον
1029 2492 1178 2561 ἡμᾶς
1202 2492 1395 2563 Κύριε,
1427 2493 1567 2565 πλὴν
1601 2496 1657 2548 ὲν
1679 2496 1877 2568 κρίσει,
1910 2499 1999 2551 καὶ

431 2579 510 2649 μὴ
544 2579 603 2632 ιν
630 2577 808 2650 θυμῷ.
839 2599 858 2631 ι
889 2579 1069 2632 Ταυτδ
1091 2579 1154 2650 δὴ
1182 2580 1341 2633 τοῦτο
1381 2582 1474 2634 καὶ
1499 2584 1527 2634 ὁ
1579 2583 1846 2654 μακάριος
1881 2584 1998 2654 ᾔτει

426 2669 616 2725 Δαδεδ·
654 2689 674 2724 ι
705 2669 900 2742 Κύριε,
937 2671 1013 2742 μὴ
1043 2671 1120 2742 τῷ
1168 2671 1325 2742 θυμῷ
1355 2689 1448 2725 σου
1477 2673 1704 2746 ἐλέγξῃς
1745 2692 1833 2745 με,
1865 2676 2000 2744 μηδὲ

424 2765 491 2834 τῇ
521 2762 658 2836 ὀργῇ
711 2763 806 2816 σου
857 2761 1154 2835 παιδεύσῃς
1182 2781 1270 2834 με.
1313 2784 1330 2814 ι
1367 2764 1586 2837 Ταύτην
1611 2766 1712 2836 τὴν
1740 2767 2000 2838 διαφορὰν

425 2857 521 2912 καὶ
555 2857 613 2912 ἐν
643 2858 759 2920 τοῖς
791 2856 1017 2927 ἔναγχος
1045 2857 1481 2928 ἡρμηνευμένοις
1513 2858 1659 2911 ἔστιν
1694 2860 1838 2913 ἰδεῖν.
1876 2861 1999 2925 Τοῖς

427 2948 528 3018 μὲν
545 2947 655 3021 γὰρ
681 2948 865 3012 ἄλλοις
890 2948 1030 3014 τέως
1053 2949 1202 3002 οὐδὲν
1233 2949 1469 3020 χρηστὸν
1504 2950 1866 3022 ἐπηγγείλατο
1883 2970 1896 2982 °
1924 2952 2001 3023 τῷ

414 3041 479 3093 δὲ
511 3039 728 3113 Ἰσραὴλ
756 3039 1076 3111 ἀνάκλησιν,
1117 3040 1208 3093 καὶ
1240 3039 1534 3108 οἰκείωσιν,
1558 3043 1652 3096 καὶ
1698 3042 1885 3098 οἰκιῶν
1920 3046 2000 3096 οἰ-

2097 1969 2236 2008 rum.
2287 1951 2410 2007 Non
2448 1967 2603 2022 teque
2637 1966 2830 2006 omnes
2861 1957 3156 2021 peccantes
3191 1959 3385 2005 auctor
3421 1949 3664 2003 omnium

2098 2058 2282 2100 rerum
2310 2042 2454 2098 Deus
2485 2041 2736 2112 corripit,
2795 2041 2890 2095 sed
2929 2041 3032 2096 sibi
3060 2042 3266 2096 amicos
3293 2039 3538 2095 adhibita
3562 2053 3668 2093 me-

2099 2136 2207 2192 dici
2235 2151 2388 2191 more
2405 2135 2572 2206 920
2593 2132 2902 2197 curatione,
2929 2132 3066 2188 alios
3095 2145 3245 2199 vero,
3271 2146 3420 2186 more
3441 2129 3667 2201 judicis,

2098 2228 2580 2284 condetnnatione.
2625 2226 2993 2292 Quamobrem
3027 2228 3193 2280 etiam
3237 2223 3503 2294 propheta
3535 2237 3670 2292 sup—

2099 2324 2312 2395 plicans
2333 2323 2406 2376 ita
2433 2321 2650 2377 dicebat
2674 2339 2687 2374 :
2718 2339 2737 2372 ‹
2764 2319 2995 2390 Corripe
3020 2334 3143 2383 nos,
3179 2316 3427 2376 Domine.
3454 2329 3672 2371 verum-

2101 2425 2281 2472 tamen
2314 2413 2616 2483 injudicio,
2651 2422 2704 2467 et
2727 2426 2839 2467 non
2871 2412 2930 2468 in
2964 2409 3148 2466 furore
3173 2420 3216 2462 τ.
3261 2429 3279 2461 ι
3321 2407 3480 2474 Quod
3527 2407 3669 2462 idem

2097 2523 2322 2579 quoque
2354 2506 2520 2561 David
2552 2506 2768 2577 petebat
2797 2525 2811 2561 :
2851 2525 2869 2557 ι
2906 2504 3153 2570 Domine,
3191 2518 3260 2558 ne
3287 2503 3339 2558 in
3368 2502 3553 2557 furore
3577 2509 3672 2556 tuo

2100 2614 2300 2670 arguas
2329 2614 2436 2658 me.
2465 2613 2647 2668 neque
2673 2598 2727 2652 in
2752 2597 2832 2651 ira
2863 2606 2958 2651 tua
2983 2596 3254 2666 corripias
3293 2609 3380 2649 me
3419 2601 3465 2647 ³.
3505 2611 3522 2645 ι
3557 2593 3673 2646 Hoc

2100 2691 2399 2747 discrimen
2432 2689 2488 2745 in
2535 2689 2606 2744 iis
2635 2689 2826 2750 etiam,
2857 2703 2980 2758 quae
3023 2687 3188 2757 paulo
3231 2693 3360 2740 ante
3403 2685 3674 2752 interpre-

2103 2785 2202 2837 tati
2232 2798 2446 2848 sumus,
2473 2781 2662 2836 videre
2694 2779 2843 2834 licet.
2879 2779 3015 2834 Aliis
3048 2777 3192 2832 enim
3226 2777 3362 2832 nihil
3398 2776 3672 2846 pollicitus

2101 2880 2186 2929 est
2219 2873 2347 2929 boni
2383 2893 2397 2928 :
2443 2873 2542 2929 sed
2577 2870 2773 2928 lsraeli
2819 2870 2888 2924 ab
2933 2869 3130 2924 exsili.)
3167 2867 3571 2923 revocationcm
3619 2877 3675 2921 et

2102 2965 2340 3021 reditum
2365 2965 2418 3020 in
2443 2964 2699 3035 patriam,
2732 2963 3020 3019 domorum
3043 2958 3488 3026 aediﬁcationem,
3516 2963 3534 2979 '
3565 2967 3675 3014 ter-

2104 3075 2179 3115 ra).
2216 3058 2449 3121 cultum,
2486 3057 2744 3114 arborum
2779 3054 3042 3117 sationes,
3090 3062 3145 3106 et
3171 3051 3445 3106 bonorum
3496 3063 3673 3118 spem,

423 3133 684 3204 κοδομὴν,
707 3132 804 3188 καὶ
827 3132 1114 3204 γηπονίαν,
1155 3133 1250 3187 καὶ
1278 3133 1631 3206 φυτουργίαν,
1665 3136 1759 3189 καὶ
1783 3136 1999 3204 ἀγαθῶν

2105 3148 2360 3219 quodque
2391 3145 2635 3199 omnium
2663 3150 2748 3198 est
2787 3147 3057 3198 bonorum
3104 3147 3289 3209 caput,
3338 3136 3432 3193 Dei
3477 3136 3672 3206 cogni-

426 3223 641 3289 ὲλπίδα,
669 3224 763 3278 καὶ
793 3223 854 3278 τδ
896 3225 1115 3280 πάντων
1166 3225 1460 3295 κεφάλαιον
1499 3225 1608 3280 τῶν
1634 3226 1875 3296 ἀγαθῶν,
1902 3229 2002 3300 τὴν

425 3315 585 3370 θείαν
628 3315 944 3386 ἐπίγνωσιν.
993 3317 1212 3371 Τούτων
1270 3318 1400 3390 γὰρ,
1447 3320 1581 3390 φησὶ
1612 3359 1627 3384 ,
1671 3320 1999 3391 γενομένων,

436 3427 456 3459 1
497 3407 793 3477 γνώσονται
847 3409 930 3464 ὅτι
967 3411 1063 3465 καὶ⁵
1112 3409 1291 3464 αὐτῶν
1329 3413 1446 3481 εἰμι
1489 3410 1714 3482 Κύριος,
1745 3411 1838 3465 καὶ
1871 3411 2003 3474 Θεὸς

423 3501 538 3556 τῶν
581 3501 832 3575 πατέρων
879 3501 1077 3557 αὐτῶν.
1133 3521 1151 3553 ι
1193 3503 1409 3573 Ταύτην
1461 3501 1556 3556 καὶ
1602 3504 1748 3573 ἡμᾶς
1793 3502 2005 3572 γένοιτο

427 3594 689 3667 διηνεκῶς
710 3594 856 3666 ἔχειν
886 3595 987 3666 τὴν
1015 3596 1238 3665 γνῶσιν,
1271 3596 1337 3647 ἵν’
1360 3594 1418 3660 ἐξ
1450 3595 1576 3665 ὅλης
1609 3594 1769 3648 αὐτὸν
1800 3594 1845 3626 ³³
1877 3611 2007 3665 καρ-

427 3684 568 3748 δίας,
591 3687 687 3740 καὶ
713 3686 775 3752 ἐξ
808 3685 940 3759 ὅλης
965 3687 1166 3758 ψυχῆς,
1192 3687 1287 3741 καὶ
1317 3685 1375 3752 ἑξ
1405 3687 1535 3759 ὅλης
1577 3687 1880 3760 δυνάμεως,
1911 3692 2006 3745 καὶ⁵

429 3777 490 3847 ἒξ
525 3779 654 3851 ὅλης
685 3779 869 3850 ίσχύος
906 3781 1308 3850 ἀγαπήσωμεν,
1333 3780 1408 3851 μὴ
1458 3777 1773 3850 μερίζοντες
1799 3779 1860 3832 τὸ
1886 3779 2008 3848 φίλι

429 3883 579 3940 τρον,
610 3866 725 3921 ἀλλ’
745 3868 867 3922 ὅλον
898 3868 1246 3932 ἀνατιθέντες
1271 3871 1406 3929 ἐκεί.
1441 3868 1506 3921 ἵν’
1533 3869 1694 3922 αὐτὸν
1727 3870 2007 3924 ἀναπνέωο

435 3973 557 4028 μεν,
609 3957 707 4011 καὶ
751 3955 1016 4012 ἄσϐεστον
1067 3956 1166 4030 τὴν
1221 3958 1351 4030 περί¹
1403 3957 1568 4012 αὐτοῦ
1619 3959 2008 4032 περιφέρωμεν

433 4051 675 4121 μνήμην,
700 4048 794 4102 καὶ
833 4048 1156 4121 καθήμενοι,
1189 4048 1283 4103 καὶ
1308 4049 1732 4118 διανιστάμενοι,
1764 4050 1861 4105 καὶ
1894 4067 2007 4104 κοι-

430 4139 738 4211 ταζόμενοι,
788 4140 886 4193 καὶ
913 4139 1265 4212 πορευόμενοι
1307 4142 1364 4194 ἐν
1387 4139 1494 4210 ὁδῷ
1518 4156 1532 4170 ο
1583 4139 1726 4194 οὕτω
1756 4141 1865 4212 γὰρ
1914 4143 2008 4196 καὶ⁴

431 4232 530 4302 τῆς
554 4232 686 4303 παρ’
703 4231 869 4285 αὐτοῦ
900 4231 1242 4303 προμηθείας
1268 4231 1532 4303 διηνεκῶς
1562 4232 2006 4303 ἀπολαυσόμεοα,

429 4317 530 4372 καὶ
566 4316 676 4372 τῶν
701 4318 1128 4390 ἐπηγγελμένων
1172 4319 1473 4390 τευξόμεθα
1514 4321 1756 4390 ἀγαθῶν,
1787 4323 1844 4374 ὲν
1878 4322 2010 4394 Χρι-

430 4407 548 4480 στῷ
584 4407 762 4479 Ἰησοῦ
809 4408 888 4480 τῷ
932 4409 1124 4482 Κυρίῳ
1153 4407 1334 4480 ὴμῶν,
1389 4408 1510 4481 μεθ’
1532 4405 1594 4465 οὗ
1639 4409 1719 4482 τῷ
1772 4412 1945 4482 Πατρὶ
1973 4415 2006 4482 ἡ

431 4499 579 4566 δόξα,
603 4502 700 4555 σὺν
731 4499 810 4572 τῷ
857 4499 998 4571 ἁγίῳ
1043 4500 1344 4572 Πνεύματι,
1374 4499 1470 4554 νῦν
1503 4503 1598 4556 καὶ
1635 4502 1743 4569 ἀεὶ,
1787 4504 1882 4558 καὶ
1929 4505 2006 4568 είς
2043 4509 2089 4570 D

431 4591 562 4656 τοὺς
590 4591 794 4655 αἰῶνας
823 4592 933 4645 τῶν
958 4591 1191 4648 αιώνων.
1233 4593 1426 4664 Ἀμήν.

504 4781 530 4812 ε
573 4771 774 4830 Jcrcm.
809 4792 862 4840 χ,
897 4777 988 4830 24.
1073 4731 1121 4815 ὀ
1158 4773 1397 4841 Psal.vt,
1428 4774 1482 4829 i.

2107 3241 2333 3294 tionem.
2393 3235 2489 3290 llis
2543 3234 2692 3289 enim
2749 3233 2941 3304 gestis,
2989 3231 3200 3300 inquit,
3261 3247 3281 3280 ι
3340 3236 3676 3298 cognoscent

2105 3345 2191 3387 me
2219 3331 2467 3400 ipsorum
2506 3340 2631 3382 esse
2664 3323 2978 3388 Dominum,
3011 3321 3291 3391 Deumque
3332 3329 3550 3391 patrum
3591 3320 3675 3389 ip-

2105 3437 2313 3477 sorum.
2339 3440 2358 3473 »
2395 3419 2521 3474 Haec
2552 3416 2713 3473 nobis
2753 3430 2974 3488 quoque
3004 3428 3221 3483 semper
3251 3416 3537 3482 contingat
3576 3426 3674 3467 co-

2105 3512 2297 3584 gnitio,
2352 3518 2410 3566 ut
2439 3511 2618 3582 ipsum
2658 3524 2727 3564 ex
2780 3516 2896 3563 toto
2949 3505 3141 3571 corde,
3177 3512 3231 3559 et
3287 3519 3355 3560 ex
3399 3512 3520 3565 tota
3553 3503 3675 3558 ani-

2109 3617 2218 3668 ma,
2240 3609 2294 3657 et
2326 3616 2393 3657 ex
2415 3600 2676 3656 omnibus
2708 3598 2941 3662 viribus,
2978 3606 3032 3651 et
3061 3611 3123 3651 ex
3156 3603 3272 3650 tota
3303 3595 3568 3652 facultate
3597 3596 3680 3648 di-

2107 3695 2360 3764 ligamus,
2409 3706 2524 3747 non
2557 3691 2612 3745 in
2643 3700 2834 3761 partes
2871 3687 3314 3744 benevolentiam
3352 3686 3679 3750 dividentes,

2108 3785 2204 3842 sed
2229 3792 2399 3839 totam
2434 3783 2511 3838 ibi
2559 3782 2923 3846 collocantes,
2973 3789 3034 3834 ut
3081 3779 3261 3850 ipsum
3299 3780 3594 3849 spiremus,
3629 3789 3682 3834 et

2110 3875 2457 3932 indelebilem
2500 3873 2676 3944 ipsius
2721 3871 3049 3928 memoriam
3100 3870 3453 3932 retineamus,
3493 3877 3548 3925 et
3597 3885 3684 3925 σεο

2109 3967 2334 4031 dentes,
2365 3975 2420 4020 et
2448 3973 2818 4033 resurgentes,
2847 3971 2900 4018 et
2931 3961 3289 4026 dormientes,
3319 3969 3374 4015 et
3395 3960 3683 4014 ambulan-

2112 4068 2192 4114 tes
2229 4057 2284 4111 in
2314 4056 2422 4110 via.
2457 4054 2550 4109 Sic
2589 4054 2737 4109 enim
2771 4054 3031 4109 continua
3063 4068 3286 4123 quoque
3319 4053 3468 4106 illius
3503 4053 3685 4122 provi-

2110 4145 2292 4202 dentia
2321 4142 2585 4207 fruemur,
2615 4150 2669 4196 et
2691 4142 2962 4212 promissa
2990 4141 3137 4196 bona
3168 4155 3594 4210 consequemur.
3629 4139 3683 4193 in

2111 4238 2332 4293 Christo
2371 4233 2501 4290 Jesu
2542 4233 2776 4288 Domino
2827 4242 3040 4296 nostro,
3093 4248 3216 4288 cum
3267 4247 3380 4302 quo
3421 4231 3568 4285 Patri
3612 4230 3687 4284 sit

2112 4329 2288 4402 gloria
2330 4341 2456 4382 cum
2493 4331 2684 4380 sancto
2715 4322 2950 4394 Spiritu,
2999 4339 3149 4380 nunc
3178 4331 3234 4380 et
3268 4337 3508 4394 semper,
3549 4320 3684 4378 etin

2114 4419 2313 4478 saecula
2351 4416 2705 4474 saeculorum.
2751 4415 2942 4472 Amen.

1711 4929 1947 4988 VARUS
1979 4925 2384 4985 LECTIONES.

519 5032 563 5063 "
592 5027 700 5086 οἷκ.
747 5029 870 5085 Des.
895 5031 949 5085 in
982 5029 1047 5083 Δ.
1109 5031 1154 5069 ’⁸
1172 5021 1254 5083 οὗ.
1288 5029 1387 5084 Ed.

1438 5027 1588 5098 prior
1615 5027 1743 5083 hab.
1774 5018 1868 5082 ὧν.
1938 5024 2073 5098 ,⁸⁸ΑΛ
2100 5024 2186 5098 ἐπ’
2217 5023 2404 5093 αὐτῆς.

2512 5022 2555 5052 ³⁸
2589 5021 2633 5073 Α
2663 5021 2718 5076 ιν
2749 5015 2940 5073 ἑλπίδι.
2981 5016 3142 5072 llcbr.
3179 5031 3394 5072 secure.
3495 5016 3535 5048 "
3570 5016 3608 5070 Α
3639 5023 3690 5068 et

431 5100 476 5156 Β
502 5103 579 5157 ὲν.
653 5102 695 5134 ³²
724 5099 984 5170 Δκρίσιν.
1073 5099 1116 5130 ⁸³
1148 5101 1267 5154 αὐτ.
1297 5102 1373 5154 Ita
1409 5095 1468 5165 θ’,
1505 5098 1599 5154 sed
1633 5099 1720 5154 ed.
1757 5098 1910 5170 prior
1937 5095 2062 5152 hab.
2100 5095 2217 5166 τῆς.
