4116 6398
467 378 601 445 1107

1451 380 1931 442 THEODORETI
1974 379 2308 439 EPISCOPI
2348 378 2710 441 CYRENSIS

3581 378 3752 443 1108.

536 492 701 548 Vens.
754 493 940 548 10-12.
991 491 1198 546 Idcirco
1235 507 1347 546 ecce
1373 507 1463 562 ego
1499 493 1569 545 ad
1601 502 1648 547 te
1679 502 1729 548 et
1762 493 1831 545 ad
1863 491 2016 546 omnii

2116 545 2117 549 η
2215 492 2367 562 ι’-ιβ¹.
2401 494 2504 546 Διὰ
2532 493 2710 547 τοῦτο
2741 491 2872 545 ιδοῦ
2899 491 3014 561 ἐγὼ
3040 491 3139 545 ἐπὶ
3167 490 3264 554 σὲ,
3307 491 3404 546 καί
3433 492 3530 545 ἐπὶ
3565 495 3718 550 πάν-

464 585 689 653 ﬂumina
721 595 833 648 tua,
867 592 916 637 et
944 581 1078 636 dabo
1113 593 1305 638 terram
1331 583 1550 654 zEgypti
1577 585 1632 637 in
1673 585 1958 648 desertum,
1988 593 2037 637 et

463 676 726 744 gladium,
757 685 804 728 et
839 674 1206 742 perditionem,
1233 692 1266 728 a
1301 673 1553 745 Magdolo
1580 684 1629 730 et
1666 675 1840 745 Syene
1875 690 2038 745 usque

463 766 533 817 ad
574 765 820 818 terminos
870 762 1202 832 Ethiopum.
1293 762 1417 818 Non
1469 763 1715 816 transibit
1758 779 1851 833 per
1897 778 2035 825 eam,

464 855 660 924 inquit,
694 870 780 922 pes
817 855 1066 917 hominis,
1094 862 1144 907 et
1171 871 1258 924 pes
1274 854 1503 923 jumenti
1537 870 1641 908 non
1675 855 1921 908 transibit
1946 868 2039 921 per

456 961 594 1007 eam,
624 955 673 998 et
704 961 805 998 non
841 945 1167 1000 habitabitur
1199 947 1558 1017 quadraginta
1585 946 1758 999 annis.
1792 944 1862 998 Et
1900 945 2036 998 dabo

460 1048 653 1089 terram
689 1036 805 1104 ejus
846 1039 898 1090 in
933 1038 1278 1106 perditionem
1310 1039 1366 1091 in
1398 1039 1566 1092 medio
1609 1050 1762 1090 terra:
1796 1037 2032 1100 desertae,

456 1136 504 1180 et
535 1127 686 1181 urbes
713 1129 832 1198 ejus
852 1130 905 1184 in
941 1131 1111 1185 medio
1145 1130 1353 1184 urbium
1380 1131 1707 1185 desertarum
1733 1139 2035 1183 evanescent

457 1217 811 1287 quadraginta
843 1221 1040 1274 annis:
1071 1231 1122 1274 et
1163 1222 1458 1290 dispergam
1494 1220 1782 1291 Egyptum
1815 1221 1868 1274 in
1908 1235 2033 1290 geu-

457 1307 616 1374 tibus,
647 1318 697 1362 et
727 1311 989 1366 ventilabo
1033 1329 1119 1367 eos
1164 1315 1217 1366 in
1261 1312 1582 1383 regionibus.
1616 1311 1913 1366 lnetl‘abilis
1946 1320 2033 1366 est

459 1398 552 1452 Dei
585 1401 902 1467 clementia,
949 1419 1071 1473 qua:
1119 1417 1378 1459 mensura
1409 1402 1645 1474 quadam
1691 1412 1746 1458 et
1787 1401 2032 1474 pondere

454 1489 621 1544 infert
645 1493 937 1563 supplicia,
976 1501 1030 1550 et
1069 1510 1269 1551 rursus
1294 1509 1358 1551 ea
1395 1502 1556 1551 sanat
1581 1509 1703 1564 qua:
1732 1493 2026 1563 percussit.

453 1580 585 1650 Ejus
615 1583 759 1637 enim
801 1584 1008 1639 dictum
1044 1585 1175 1640 illud
1206 1594 1290 1642 est
1317 1605 1332 1642 :
1372 1603 1392 1637 s
1429 1585 1542 1657 Ego
1571 1585 1844 1652 occidam,
1875 1592 1928 1640 et
1949 1585 2028 1638 vi-

452 1687 579 1726 vere
628 1671 860 1741 iaciam;
909 1675 1234 1743 percutiam,
1269 1684 1324 1731 et
1379 1690 1480 1746 ego
1511 1675 1742 1731 sanabo.
1786 1693 1805 1727 ι
1841 1674 1908 1728 Et
1941 1675 2029 1729 hic

452 1761 620 1831 igitur
659 1764 1030 1833 captivitatem
1076 1765 1351 1839 Egyptiis
1399 1766 1667 1830 minatur,
1709 1775 1765 1822 et
1803 1765 2024 1836 disper—

449 1853 680 1918 sionem,
723 1861 778 1908 et
814 1855 1188 1921 solitudinem,
1236 1872 1403 1928 quam
1441 1867 1626 1912 tamen
1679 1856 1828 1912 brevi
1881 1866 2022 1912 tem-

447 1955 582 2011 pore
613 1940 825 1998 deﬁnit.
859 1942 1258 2016 Quadraginta,
1293 1947 1495 2017 inquit,
1539 1962 1712 2003 annos
1742 1948 1847 2002 erit
1875 1946 2025 2016 ejus-

447 2032 615 2098 modi,
652 2035 720 2089 ad
751 2049 915 2104 quam
947 2051 1107 2093 nemo
1138 2039 1366 2094 accedat
1392 2056 1405 2092 :
1434 2054 1614 2110 neque
1643 2039 1826 2094 omnis
1856 2038 2023 2110 Egy-

447 2131 595 2192 ptus,
631 2124 726 2180 sed
758 2139 788 2178 a
823 2126 1074 2197 Magdolo
1118 2137 1172 2184 et
1215 2128 1390 2200 Syene
1432 2144 1610 2201 usque
1646 2129 1713 2184 ad
1753 2131 2021 2186 terminos

445 2213 808 2288 Ethiopum;
841 2218 1006 2291 925
1039 2222 1339 2293 statimque
1377 2222 1492 2280 fore
1523 2223 1795 2294 promittit
1839 2229 1900 2279 ut
1933 2237 2020 2280 re-

449 2320 734 2365 vocentur.

509 2577 674 2637 Vens.
718 2582 818 2648 l5,
871 2584 954 2639 Η.
1001 2582 1130 2639 Post
1159 2584 1516 2656 quadraginta
1546 2585 1685 2639 enim
1717 2601 1907 2651 annos,
1933 2587 2018 2640 in-

439 2671 559 2742 quit
585 2711 599 2734 ,
638 2675 958 2746 congregabo
986 2675 1265 2748 Egyptios
1295 2677 1358 2731 de
1393 2676 1631 2748 gentibus
1656 2717 1671 2742 ,
1728 2674 1783 2730 in
1823 2677 2016 2746 quibus

438 2759 664 2829 dispersi
693 2774 834 2819 sunt.
868 2765 939 2820 Et
963 2770 1209 2822 reducam
1237 2770 1592 2837 captivitatem
1617 2765 2014 2838 (Egyptiorum,

437 2863 486 2906 et
512 2853 781 2910 collocabo
833 2874 920 2930 eos
968 2859 1024 2912 in
1071 2869 1215 2914 terra
1271 2858 1563 2922 Pathum,
1615 2859 1670 2911 in
1707 2868 1850 2913 terra
1879 2860 2017 2914 unde

438 2945 579 3012 capti
609 2945 771 3014 fuere.
828 2945 905 3001 lta
956 2949 1231 3019 pollicitus
1262 2950 1647 3005 liberationem
1698 2963 1730 3003 a
1778 2951 2016 3020 captivi-

438 3045 590 3102 tate,
637 3039 883 3109 praedicit
925 3041 1088 3096 etiam
1143 3040 1387 3096 futuram
1437 3041 1592 3113 regni
1636 3040 1784 3098 illius
1835 3042 2014 3098 tenui-

438 3139 624 3184 ratem.

507 3309 524 3328 ‘
553 3305 718 3364 Vens.
752 3310 839 3364 15.
885 3309 1006 3364 Erit
1031 3311 1169 3364 enim
1190 3313 1518 3382 principatus
1541 3315 1778 3381 humilis,
1806 3316 2008 3388 inquit,

435 3397 510 3452 ibi
537 3416 694 3468 super
717 3418 894 3455 omnes
922 3403 1252 3470 principatus
1278 3419 1297 3455 :
1344 3412 1393 3458 et
1435 3407 1534 3460 erit
1580 3407 1880 3462 humillima
1901 3449 1914 3471 ,
1953 3419 2011 3462 ut

433 3507 537 3545 non
561 3493 852 3546 extollatur
886 3492 1114 3560 amplius
1147 3509 1301 3562 super
1329 3505 1524 3564 gentes.
1560 3497 1628 3552 Et
1659 3500 2010 3567 paucissimos

432 3601 518 3638 eos
542 3585 763 3653 faciam,
793 3601 856 3639 ne
886 3587 991 3640 sint
1022 3588 1123 3655 ipsi
1153 3589 1328 3657 plures
1356 3590 1412 3644 in
1442 3591 1704 3658 gentibus.
1735 3589 1846 3646 Res
1879 3606 2009 3660 pro-

432 3674 632 3744 phetia:
658 3676 943 3732 veritatem
975 3685 1266 3734 testantur.
1291 3678 1553 3736 Eversum
1585 3680 1731 3735 enim
1763 3695 1792 3733 a
1826 3680 2008 3734 Nabu-

432 3766 811 3823 chodonosore
863 3767 1243 3840 Egyptiorum
1299 3786 1564 3842 regnum,
1626 3785 1821 3827 rursus
1864 3771 2009 3842 Cyro

432 3857 598 3915 Persa
646 3870 906 3930 regnante
949 3860 1182 3918 ﬂoruit:
1239 3879 1428 3919 verum
1468 3863 1762 3933 pristinam
1816 3871 2008 3934 poten-

431 3950 562 4005 tiam
614 3951 838 4009 minime
892 3955 1262 4025 recuperavit.
1310 3953 1605 4022 lntcrjecto
1656 3955 1801 4010 enim
1861 3955 2004 4010 haud

430 4041 604 4095 multo
640 4051 883 4114 tempore
912 4085 926 4109 ,
968 4045 1272 4118 Cambyses
1309 4045 1439 4116 Cyri
1473 4045 1621 4103 illius
1653 4046 1841 4102 eodem
1881 4061 2010 4101 rur-

427 4147 525 4186 sus
580 4149 775 4191 everso
827 4151 999 4208 regno
1063 4138 1119 4192 ln
1181 4153 1338 4193 suam
1400 4144 1727 4209 potestatem
1798 4139 2006 4209 redegit

427 4223 755 4296 Egyptum,
794 4227 1010 4298 sibique
1057 4226 1201 4283 ferre
1228 4229 1408 4301 coegit
1448 4229 1719 4285 tributum
1750 4248 1763 4284 :
1801 4230 2005 4285 deinde

425 4315 749 4385 Macedonas
769 4334 990 4390 quoque
1015 4335 1178 4391 reges
1209 4322 1453 4392 accepit,
1485 4321 1758 4393 Egyptiis
1779 4323 2004 4396 regibus

422 4409 652 4466 omnino
683 4411 940 4468 sublatis.

488 4581 659 4641 Vens.
707 4587 796 4641 16.
859 4583 928 4639 Et
972 4602 1074 4640 non
1123 4597 1278 4641 erunt
1336 4587 1565 4655 amplius
1610 4589 1792 4643 domui
1829 4590 2002 4645 Israel

419 4675 474 4728 in
525 4693 668 4744 spem
716 4686 1042 4733 revocantem
1094 4679 1148 4732 in
1192 4680 1501 4733 memoriam
1558 4681 1890 4750 iniquitatem
1940 4694 1998 4736 ut

418 4775 706 4835 sequantur
729 4775 849 4835 post
876 4783 983 4834 eos,
1001 4775 1050 4822 et
1080 4776 1389 4838 cognoscent
1419 4783 1501 4822 me
1553 4785 1664 4824 esse
1689 4768 1997 4825 Dominum.

416 4853 494 4908 Ita
526 4855 673 4909 enim
704 4853 1114 4925 Egyptiorum,
1145 4859 1350 4928 inquit,
1384 4872 1612 4928 regnum
1646 4859 1997 4928 imminuam,

416 4952 476 4998 ut
506 4959 614 4997 non
643 4945 877 5014 amplius
906 4947 1145 5018 populus
1169 4959 1322 5002 meus
1350 4947 1574 5003 illorum
1603 4963 1705 5018 ope
1731 4949 1992 5014 confidat,

413 5043 471 5089 et
516 5036 813 5104 impietatis
864 5036 934 5091 ab
985 5037 1093 5090 illis
1145 5037 1328 5107 capiat
1376 5038 1742 5104 occasiones,
1799 5055 1990 5095 verum

413 5140 591 5180 meam
627 5127 872 5198 inquirat
906 5128 1350 5198 providentiam,
1384 5129 1654 5202 siquidem
1683 5148 1770 5189 me
1799 5132 1990 5190 Domi-

414 5231 545 5270 num
581 5231 705 5275 esse
739 5218 1069 5290 percipient.

2140 598 2248 648 τας
2271 583 2413 649 τούς
2442 583 2745 652 ποταμούς
2769 598 2908 646 σου,
2939 583 3038 636 καί
3073 579 3246 636 δώσω
3266 581 3387 650 γῆν
3411 583 3714 652 Αἰγύπτου

2137 672 2226 736 είς
2257 673 2511 742 ἔρημον,
2564 673 2663 727 καὶ
2687 673 3029 742 ῥομφαίαν,
3080 672 3181 726 καὶ
3226 671 3562 737 ἀπώλειαν,
3593 673 3714 728 ἀπὸ

2138 764 2469 833 Μαγδωλοῦ
2513 763 2611 817 καὶ
2649 764 2892 832 Συήνης
2912 765 2979 827 ⁸³,
3023 762 3125 817 καὶ
3161 762 3273 828 ἕως
3315 762 3492 830 ὁρίων
3529 765 3714 819 Αἰθιό-

2139 870 2267 908 πων
2287 855 2354 908 “.
2399 857 2484 908 Οὐ
2522 854 2610 924 μὴ
2646 854 2854 923 διέλθῃ
2899 853 3096 922 αὐτὴν
3119 854 3186 917 ⁸⁸,
3228 855 3383 926 φησὶ,
3419 854 3574 921 ποὺς
3607 855 3714 910 ἁν-

2136 946 2372 1014 θρώπου
2389 946 2456 1011 ⁸⁵,
2503 945 2605 1000 καὶ
2650 946 2805 1012 ποὺς
2839 946 3101 1013 κτήνους
3128 949 3200 1001 οὐ
3241 946 3328 1016 μὴ
3367 946 3573 1015 διέλθῃ
3617 948 3712 1001 ἐπ’

2135 1034 2332 1103 αὐτὴν
2351 1074 2366 1098 ,
2407 1034 2507 1088 καὶ
2539 1037 2613 1090 οὐ
2658 1022 3214 1103 κατοικηθήσονται
3254 1035 3712 1102 τεσσαράκοντα

2133 1126 2259 1193 ἐτη.
2294 1125 2406 1180 Kal
2433 1125 2604 1179 δώσω
2639 1125 2756 1194 τὴν
2789 1125 2911 1194 τῆν
2944 1125 3156 1194 αὐτῆς,
3187 1127 3275 1191 είς
3307 1125 3611 1180 ἀπώλειαν
3639 1127 3710 1180 ἐν

2127 1217 2296 1286 μέσῳ
2331 1216 2444 1286 γῆς
2478 1218 2887 1288 ἠρημωμένης,
2927 1218 3026 1273 καί
3071 1221 3131 1273 al
3180 1220 3388 1285 πόλεις
3413 1217 3606 1287 αὐτῆς
3638 1219 3709 1272 ἐν

2125 1305 2298 1374 μέσῳ
2328 1309 2565 1362 πόλεων
2587 1309 2992 1378 ήρημωμένων
3017 1307 3263 1363 ἔσονται
3283 1309 3537 1378 ἀφανεῖς
3569 1325 3709 1363 τεσ-

2131 1396 2476 1466 σαράκοντα
2509 1399 2675 1452 ἔτεσι
2699 1414 2713 1432 ·
2757 1398 2861 1453 καὶ
2879 1399 2926 1431 ⁸⁸
2962 1398 3268 1468 διασπερῶ
3301 1400 3611 1470 Αἴγυπτον
3635 1400 3708 1456 ἐν

2131 1490 2256 1556 τοῖς
2292 1491 2496 1545 ἔθνεσι
2516 1531 2532 1556 ,
2573 1489 2673 1546 καί
2729 1489 3010 1560 λικμήσω
3064 1490 3288 1557 αὐτοὺς
3327 1491 3397 1545 ἐν
3435 1491 3565 1558 ταῖς
3594 1490 3707 1560 χὼ-

2128 1595 2258 1647 ραις
2273 1580 2341 1637 ".
2385 1581 2659 1650 Ἀρῤητος
2696 1579 2730 1649 ἡ
2773 1578 2867 1632 τοῦ
2895 1578 3032 1632 Θεοῦ
3063 1579 3480 1648 φιλανθρωπία,
3523 1580 3708 1652 μέτρῳ

2132 1671 2232 1741 μέν
2267 1687 2374 1725 τινι
2411 1671 2507 1725 καὶ
2537 1669 2763 1742 σταθμῷ
2790 1671 2890 1734 τὰς
2910 1671 3182 1743 τιμωρίας
3207 1670 3508 1740 ἐπάγουσα,
3539 1671 3706 1725 πάλιν

2128 1760 2184 1814 δέ
2210 1760 2280 1814 τὰ
2319 1760 2665 1832 πληττόμενα
2694 1759 3076 1831 θεραπεύουσα
3100 1777 3114 1791 ο
3147 1760 3314 1814 αὑτοῦ
3351 1761 3461 1832 γάρ
3494 1762 3639 1814 ἐστιν
3670 1764 3706 1833 η

2132 1854 2285 1924 φωνή
2307 1870 2320 1884 ’
2367 1871 2386 1905 s
2429 1851 2571 1922 Ἐγὼ
2610 1851 2900 1906 ἀποκτενῶ
2924 1853 3019 1904 καὶ
3048 1851 3148 1922 ζῇν
3186 1852 3420 1922 ποιήσω,
3454 1850 3704 1915 πατάξω,

2125 1942 2281 2012 κάγὼ
2316 1943 2564 2012 ἰάσομαι.
2595 1962 2614 1994 s
2653 1940 2950 1996 Κάνταῦθα
2997 1941 3176 1995 τοίνυν
3209 1942 3426 1995 ἀπειλεῖ
3468 1944 3582 2006 τοῖς
3611 1943 3702 1994 Al-

2123 2033 2376 2100 γυπτίοις
2401 2031 2802 2103 αἰχμαλωσίαν,
2843 2031 2937 2084 καὶ
2969 2031 3294 2101 διασπορὰν,
3321 2032 3415 2085 καὶ
3441 2031 3699 2103 ἐρημίαν,

2123 2123 2238 2176 ἀλλ’
2285 2122 2452 2193 ὀλίγῳ
2481 2123 2660 2194 χρόνῳ
2701 2122 3006 2194 περιορίζει
3055 2121 3154 2193 τὴν
3205 2123 3465 2193 ἐρημίαν.
3497 2124 3702 2177 Τεσσα-

2125 2215 2382 2286 ράκοντα,
2422 2215 2588 2284 φησιν
2607 2213 2676 2278 ⁵⁸,
2711 2213 2808 2283 ετη
2847 2213 3050 2278 ἄϐατος
3103 2213 3259 2267 ἔσται
3283 2253 3296 2277 ,
3328 2214 3422 2268 καὶ
3458 2214 3519 2266 οὐ
3551 2215 3701 2268 πᾶσα

2121 2309 2155 2379 ἡ
2189 2309 2500 2376 Αἴγυπτος,
2544 2307 2660 2362 ἀλλ’
2697 2305 2807 2361 ἀπὸ
2850 2303 3151 2374 Μαγδωλοῢ
3197 2305 3292 2358 καὶ
3323 2305 3565 2376 Συήνης,
3594 2305 3700 2368 ἕως

2119 2399 2230 2454 τῶν
2252 2400 2416 2472 ὁρίων
2439 2398 2736 2464 Αἰθιόπων,
2764 2397 2860 2454 καὶ
2879 2395 3042 2460 εὐθὺς
3070 2396 3414 2466 ὑπισχνεῖται
3442 2395 3540 2466 τὴν
3564 2393 3698 2449 ἀνά-

2120 2490 2330 2564 κλησιν.

2193 2592 2282 2654 ιγ’,
2326 2586 2409 2640 ιδ’.
2450 2583 2613 2640 Metti
2643 2581 3110 2651 τεσσαράκοντα
3143 2581 3253 2651 γὰρ
3277 2618 3293 2646 ,
3345 2580 3515 2650 φησὶν
3537 2617 3552 2644 ,

2117 2681 2366 2745 συνάξω
2398 2681 2543 2747 τοὺς
2600 2677 2962 2749 Αἰγυπτίους
3019 2676 3139 2731 ἀπὸ
3197 2674 3315 2729 τῶν
3363 2673 3576 2738 ἐθνῶν,
3621 2669 3695 2729 οὗ

2115 2772 2677 2842 διεσκορπίσθησαν
2708 2770 2852 2826 ἐκεῖ.
2884 2767 2992 2823 Kal
3044 2765 3411 2835 ἀποστρέψω
3452 2763 3568 2832 τὴν
3603 2765 3693 2818 αι-

2117 2863 2473 2932 χμαλωσίαν
2505 2860 2625 2913 τῶν
2649 2859 3006 2928 Αἰγυπτίων,
3037 2857 3137 2910 καὶ
3162 2854 3439 2910 κατοικιεῖ)
3474 2852 3695 2918 αὐτοὺς

2116 2955 2187 3006 ἐν
2217 2952 2292 3022 τῇ
2329 2952 2660 3020 Παθούρης,
2693 2949 2763 3002 ἐν
2787 2947 2863 3016 τῇ
2892 2946 2969 3016 γῇ
3003 2945 3143 3001 ὅθεν
3169 2941 3548 3014 ἐλήφθησαν.
3584 2943 3693 2998 Οὓ-

2115 3061 2225 3108 τως
2263 3042 2635 3113 ὑποσχόμενος
2664 3040 2763 3111 τὴν
2807 3041 2905 3110 τῆς
2935 3036 3313 3109 αἰχμαλωσίας
3347 3036 3692 3106 ἀπαλλαγὴν,

2037 3157 2083 3220 C
2119 3132 2377 3204 προλέγει
2425 3131 2518 3184 καὶ
2569 3129 2668 3200 τὴν
2713 3127 2982 3199 ἐσομένην
3011 3125 3113 3195 τῆς
3164 3121 3436 3194 βασιλείας
3479 3122 3693 3191 ἐκείνης

2115 3225 2476 3296 σμικρότητα.

2185 3322 2264 3369 ιε’.
2288 3315 2400 3370 Kal
2419 3313 2590 3366 ἐσται
2615 3311 2747 3382 γὰρ,
2772 3309 2957 3382 φησὶν,
2975 3305 3132 3377 ἀρχὴ
3151 3307 3193 3338 ⁸³
3211 3305 3460 3371 ταπεινὴ
3486 3302 3690 3366 ἐχεῖτο,

2111 3408 2273 3473 παρὰ
2299 3403 2502 3468 πάσας
2522 3403 2629 3467 τὰς
2661 3400 2869 3469 ἀρχὰς,
2899 3397 3052 3452 real"
3077 3397 3249 3451 ἔσται
3273 3393 3687 3461 ταπεινοτάτη.

2111 3496 2219 3549 τοῦ
2251 3495 2337 3565 μὴ
2373 3492 2690 3562 ὑψωθῆναι
2735 3491 2823 3543 ἐτι
2867 3488 2965 3542 ἐπὶ
3006 3487 3079 3541 τὰ
3117 3486 3298 3554 ἔθνη,
3351 3485 3450 3539 καί
3496 3485 3692 3552 ὀλιγο-

2110 3586 2297 3651 στοὺς
2339 3583 2559 3649 αὐτοὺς
2608 3580 2881 3650 ποιήσω,
2947 3578 3052 3632 τοῦ
3105 3577 3192 3647 μὴ
3241 3573 3397 3630 εἶναι
3469 3574 3691 3638 αὐτοὺς

2109 3677 2398 3741 πλείονας
2422 3675 2492 3728 ὲν
2515 3672 2640 3738 τοῖς
2673 3672 2896 3726 ἔθνεσι.
2940 3670 3227 3740 Μαρτυρεῖ
3273 3669 3340 3739 τῇ
3385 3667 3691 3739 προφητείᾳ

2107 3771 2177 3823 τὰ
2224 3767 2532 3839 πράγματα
2573 3765 2674 3836 τὴν
2715 3763 2998 3835 ἀλήθειαν.
3031 3759 3416 3815 Καταλυθεῖσα
3445 3759 3552 3830 γὰρ
3585 3758 3689 3812 ὑπὸ

2107 3859 2201 3914 τοῦ
2241 3857 2711 3928 Ναϐουχοδονόσορ
2750 3855 2856 3908 τῶν
2904 3855 3215 3924 Αἰγυπτίων
3243 3854 3277 3923 ἡ
3317 3849 3560 3922 βασιλεία
3603 3851 3689 3903 ἀν-

2107 3953 2309 4024 ήνθησε
2351 3951 2514 4006 πάλιν
2556 3951 2648 4003 ἐπὶ
2695 3947 2882 4019 Κύρου
2943 3945 3037 4023 τοῦ
3102 3945 3354 4016 Πέρσου,
3401 3942 3540 3996 ἀλλὰ
3588 3943 3687 4012 τὴν

2108 4042 2380 4115 προτέραν
2427 4042 2528 4095 οὐκ
2561 4037 2803 4093 ἀπέλαϐε
2847 4034 3188 4088 δυναστείαν.
3220 4034 3293 4087 UO
3337 4029 3533 4084 πολλοῦ
3576 4029 3684 4099 γὰρ

2107 4133 2301 4205 χρόνου
2335 4130 2654 4194 διελθόντος,
2687 4126 2996 4198 Καμϐύσης
3023 4125 3050 4176 ό
3075 4125 3260 4196 Κύρου
3290 4123 3494 4194 ταύτην
3521 4121 3681 4175 πάλιν

2107 4225 2442 4287 καταλύσας,
2483 4221 2724 4291 ὑπήκοον
2765 4218 3077 4288 ἐποιήσατο,
3130 4215 3224 4269 καὶ
3251 4214 3455 4284 δασμὸν
3495 4212 3682 4284 φέρειν

2103 4318 2450 4387 ἠνάγκασενο
2522 4313 2750 4382 ὕστερον
2817 4309 2876 4364 δέ
2947 4309 3041 4363 καὶ
3095 4307 3408 4370 Μακεδόνας
3465 4304 3680 4368 ἐδέξατο

2107 4408 2362 4476 βασιλέας
2387 4447 2402 4472 ,
2457 4402 2738 4466 παντελῶς
2786 4402 2894 4456 τῶν
2942 4400 3257 4470 Αἰγυπτίων
3314 4397 3679 4469 παυσαμένων

2025 4489 2076 4550 Ι)
2104 4498 2392 4568 βασιλέων.

2111 4619 2120 4625 -
2179 4596 2275 4653 ις’.
2315 4587 2423 4642 Kal
2451 4589 2563 4641 οὐκ
2580 4587 2626 4619 ⁷³
2654 4585 2901 4641 ἔσονται
2924 4585 3013 4638 ἔτι
3043 4581 3123 4648 τῷ
3150 4583 3296 4650 οίκφ
3332 4580 3568 4650 Ἰσραὴλ
3591 4583 3679 4647 εις

2103 4677 2320 4732 ἐλπίδα
2354 4675 2942 4746 ἀναμιμνῄσκουσαν
2994 4674 3250 4742 ἀνομίαν
3280 4673 3366 4728 ,ἐν
3411 4672 3491 4738 τῷ
3536 4672 3671 4726 ἀκο·

2102 4767 2405 4835 λουθῆσαι
2447 4767 2640 4820 ὀπίσω
2696 4765 2991 4831 αὐτῶν⁷³,
3040 4763 3139 4818 καί
3182 4763 3557 4833 γνώσονται,
3587 4762 3677 4814 ὅτι

2101 4858 2214 4929 ἐγώ
2242 4861 2360 4926 εἰμι
2381 4858 2428 4889 ⁷⁴⁵
2449 4859 2680 4926 Κύριος.
2709 4857 2865 4911 Οὕτω
2887 4857 3017 4928 γὰρ,
3045 4855 3199 4926 φησὶ,
3230 4854 3339 4907 τῶν
3362 4853 3676 4922 Αίγυπτίων

2102 4947 2394 5003 ἐλαττώσω
2421 4950 2520 5020 τὴν
2567 4950 2870 5020 βασιλείαν,
2919 4947 2994 5011 ὡς
3029 4947 3226 5018 μηκέτι
3265 4946 3356 4999 τὸν
3388 4946 3519 5016 ἐμὸν
3550 4945 3675 4998 λαὸν

2099 5041 2165 5108 τῇ
2199 5038 2426 5092 ἐκείνων
2453 5038 2676 5109 βοηθείᾳ
2710 5038 2932 5111 θαρρεῖν
2955 5075 2972 5102 ,
3007 5038 3101 5090 καὶ
3131 5035 3388 5099 ἀσεϐείας
3420 5035 3675 5107 ἀφορμὰς

2099 5129 2228 5198 παρ’
2265 5127 2490 5180 ἐκείνων
2540 5126 2840 5197 λαμϐάνειν
2866 5166 2881 5190 ,
2927 5123 3063 5180 ἀλλὰ
3117 5124 3218 5194 τὴι
3272 5124 3412 5195 ἐμὴν
3460 5124 3674 5196 προμή-

2096 5221 2246 5275 θειαν
2289 5220 2566 5292 ἐπιζητεῖν
2590 5235 2604 5249 ⁸
2662 5221 2996 5292 μαθήσονται
3038 5219 3147 5289 γάρ
3202 5235 3304 5289 μου
3347 5216 3444 5290 τὴν
3487 5204 3674 5271 δεσπο-

2090 5312 2262 5368 τείαν.

1735 5420 1968 5478 νΑιιιΕ
2003 5423 2413 5482 LECTIONES.

479 5512 531 5549 "
561 5512 605 5565 Α
631 5509 935 5592 Μιαγδώλου
961 5512 1053 5592 fall
1085 5513 1314 5592 Σοὴχηςο
1367 5512 1436 5592 ,⁸³
1470 5511 1530 5568 In
1553 5511 1734 5592 B_de_s.
1764 5531 1910 5574 vers.
1944 5520 2030 5592 l0.
2077 5519 2293 5592 ί⁶⁸αύτ.
2323 5521 2460 5592 Αίδϋ
2494 5521 2681 5592 αὐτῆς.
2739 5525 2804 5592 ξι
2837 5521 2884 5576 Α
2917 5520 3240 5592 ἀνθρώπων.
3316 5520 3364 5592 _“
3395 5519 3667 5592 dcptreao.

411 5578 646 5672 {‘33:
670 5578 1280 5672 Αιτεσεξειρ.⁶ξξίοϊξέιζεξέι
1304 5581 1853 5672 ᾳάφαϊξσμὲςεστριξν
1879 5588 1994 5672 sal:
2147 5578 2655 5672 augmenti
2731 5590 2774 5623 "
2801 5608 2934 5672 ειησ-
2971 5578 3230 5672 β’ρεωῐηο
3263 5589 3390 5672 ιάρ-
3446 5578 3665 5672 "time

411 5651 455 5705 Α
484 5666 676 5719 prtem.
710 5651 770 5716 ἠ.
857 5649 1019 5704 "ex.
1063 5650 1186 5707 Des.
1215 5651 1270 5703 in
1305 5649 1364 5706 Β.

1471 5653 1518 5741 :1
1539 5653 1733 5739 και-
1762 5656 1925 5741 ὑψιιι
1945 5663 2004 5713 οε»
2033 5659 2124 5741 μὴ
2156 5659 2367 5741 Wr-

2481 5659 2660 5734 [τούκ
2689 5689 2757 5734 τ
2801 5659 2928 5734 Ἰάρ,
2967 5663 3012 5716 Α
3043 5659 3229 5716 οὐκέτι
3261 5659 3474 5717 ἔσονται
3503 5660 3561 5714 ἐν
3584 5659 3665 5731 τῷ

408 5720 660 5790 ιισραήλο
737 5720 784 5753 ⁷³
801 5721 891 5775 ὑπ.
935 5722 1055 5778 αὐτ.
1088 5721 1133 5778 Α
1159 5720 1355 5783 αὐτοὺς
1392 5720 1563 5778 ὀπίσω
1591 5726 1697 5782 τῶν
1731 5720 1965 5800 καρδιῶν
1985 5720 2214 5784 αι’ἱτῶν.’
2261 5720 2456 5801 ’δ”ιίμη
2479 5728 2603 5789 Des.
2628 5730 2684 5789 in
2715 5728 2775 5784 Β.
