4116 6402
544 376 684 441 1115

1571 381 2059 443 THEODOKETI
2101 383 2438 445 EPISCOPI
2480 385 2845 447 CYRENSIS

3672 395 3803 456 1116

541 489 612 541 Et
647 500 824 544 terror
853 504 1043 545 omnes
1073 489 1292 546 invadet
1323 490 1637 562 mgyptios,
1672 494 1793 565 ipsa
1832 497 1984 552 'l‘ane
2034 497 2110 550 in-

2227 517 2324 553 νοι.
2382 501 2492 554 Καὶ
2555 500 2718 568 φόϐος
2777 498 2982 552 ἅπασιν
3044 497 3386 550 ἐπιπεσεῖται
3457 501 3571 563 τοῖς
3639 502 3803 570 Atyn.

542 596 727 647 censa,
751 589 807 635 et
829 580 1069 651 Diospoli
1112 581 1360 638 funditus
1386 583 1587 650 deleta,
1622 587 2119 658 potentissimaque

543 670 821 726 Saitarum
842 673 985 739 urbe
1007 676 1063 730 in
1094 674 1451 743 gravissimas
1472 677 1816 735 calamitates
1846 679 2072 751 delapsa
2103 701 2116 736 :

541 769 596 815 et
625 763 881 819 hostibus
901 764 1126 819 omnino
1151 765 1294 836 ignis
1322 768 1500 822 instar
1526 783 1747 826 omnem
1775 772 2119 830 vastantibus

541 850 856 923 Egyptum,
885 855 958 909 ita
984 859 1232 912 utetiam
1269 857 1445 928 Syene
1483 861 1541 916 in
1583 862 1799 920 intimis
1831 867 1954 936 ejus
1987 882 2116 938 par-

541 943 691 1000 tibus
712 947 817 1000 sita
850 947 978 1003 hinc
1006 951 1246 1006 maxime
1272 953 1654 1020 perturbetur.
1676 955 1740 1010 Et
1766 960 2116 1028 repentinum

543 1035 821 1091 incursum
875 1041 1012 1096 satis
1069 1041 1389 1110 declaravit,
1443 1043 1675 1102 dicens:
1743 1065 1761 1098 ι
1836 1047 2011 1103 Erunt
2060 1049 2116 1104 in

541 1126 780 1198 Memphi
817 1131 965 1186 bella
1001 1133 1196 1188 eodem
1226 1134 1337 1189 die.
1375 1155 1392 1186 ι
1428 1135 1561 1192 Nam
1587 1138 1750 1193 simul
1777 1147 1941 1211 atque
1975 1157 2118 1196 nun-

539 1219 652 1276 tius
698 1221 898 1277 allatus
952 1223 1138 1290 fuerit,
1203 1226 1460 1295 prcelium
1528 1230 1926 1285 committetur.
1978 1233 2115 1288 Illud

541 1319 724 1365 autem
753 1331 768 1367 ε
803 1332 820 1364 ι
854 1314 914 1368 In
945 1313 1187 1386 Diospoli
1219 1317 1328 1372 erit
1360 1318 1626 1383 scissura,
1657 1329 1711 1376 et
1740 1320 2118 1378 diﬂ’undentur

541 1416 720 1472 aquae,
769 1423 788 1455 ι
825 1419 1111 1459 murorum
1144 1405 1325 1461 innuit
1357 1409 1798 1480 demolitionem,
1828 1421 1882 1468 et
1916 1414 2118 1470 adven-

543 1503 658 1550 tum
689 1495 953 1560 hostium,
995 1499 1166 1552 instar
1189 1513 1343 1568 aqua:
1373 1501 1726 1570 irruentium,
1762 1514 1814 1559 et
1839 1506 1894 1560 in
1921 1521 2112 1563 omnes

541 1584 668 1654 ejus
719 1586 871 1641 vicos
934 1587 1240 1658 domosque
1292 1588 1640 1648 diﬂusorum.
1705 1593 1788 1649 Ad
1841 1596 1958 1652 haec
2015 1598 2113 1654 ad-

541 1675 678 1732 didit
707 1695 720 1731 :

2225 592 2418 656 πτίοις,
2434 592 2535 662 τῆς
2557 593 2775 653 Τάνεως
2800 591 2898 660 μὲν
2914 588 3362 659 ἐμπιπραμένης,
3388 591 3730 656 Διοσπόλεως
3745 593 3804 644 δὲ

2222 683 2597 754 πανωλεθρίαν
2629 681 3005 752 ὑπομενούσης
3025 697 3038 708 ⁸
3069 683 3168 750 τῆς
3197 681 3252 732 δὲ
3274 680 3655 752 δυνατωτάτης
3676 684 3804 736 Zai-

2221 773 2329 827 τῶν
2360 774 2566 838 πόλεως
2582 773 2995 844 χαλεπωτάταις
3027 771 3430 844 περιπεσούσης
3456 776 3764 843 συμφοραῖς
3785 792 3799 804 ·

2221 868 2315 919 καὶ
2365 867 2699 932 ἁπαξαπλῶς
2728 866 2900 936 πυρὸς
2938 864 3092 935 δίκην
3121 863 3232 917 τῶν
3259 863 3535 934 πολεμίων
3581 867 3802 920 ἃπασαν

2221 959 2679 1028 κατανεμομένων
2707 957 2804 1028 τὴν
2837 957 3133 1025 Αἴγυπτον,
3169 955 3244 1019 ὡς
3273 956 3370 1008 καὶ
3399 956 3499 1024 τὴν
3532 955 3805 1011 ἐνδοτάτω

2220 1049 2480 1120 κειμένην
2515 1051 2726 1119 Συήνην
2787 1049 2878 1102 τὸν
2934 1051 2999 1102 ὲκ
3043 1047 3249 1101 τούτων
3300 1047 3662 1112 ὑποδέξασθαι
3714 1048 3804 1102 θό-

2221 1139 2401 1208 ρυϐον.
2426 1139 2537 1192 Καὶ
2565 1139 2662 1210 τὴν
2689 1137 3016 1202 ἐξαπιναίως
3051 1136 3108 1188 δὲ
3133 1135 3430 1206 γενομένην
3455 1134 3643 1202 ἔφοδον
3678 1137 3803 1188 ἰκα-

2219 1229 2325 1290 νῶς
2364 1229 2765 1300 παρεδήλωσεν,
2794 1227 3060 1299 εἰρηκώς·
3099 1245 3117 1277 ι
3144 1227 3398 1280 Ἔσονται
3418 1225 3461 1262 ⁸ο
3495 1227 3552 1277 ὲν
3576 1224 3803 1294 Μέμφει

2219 1321 2442 1392 πόλεμοι
2495 1319 2851 1392 αὑθημερινοί
2873 1339 2889 1370 ι
2912 1336 2924 1348 ·
2954 1318 3070 1389 ἅμα
3094 1317 3201 1387 γὰρ
3250 1320 3315 1395 τῇ
3343 1317 3574 1388 ἀγγελίᾳ
3634 1317 3730 1369 καὶ
3767 1318 3802 1384 ἡ

2218 1412 2458 1484 διαμάχη
2492 1413 2800 1483 γενήσεται.
2826 1410 2900 1465 Τὸ
2929 1410 3006 1473 δὲ,
3035 1429 3052 1461 ι
3093 1409 3181 1463 Ἐν
3211 1409 3495 1462 Διοσπόλει
3523 1407 3674 1460 ἔσται
3715 1407 3806 1460 ἐκ·

2222 1521 2428 1576 ρηγμα,
2455 1505 2549 1558 καὶ
2568 1503 2952 1576 διαχυθήσεται
2970 1503 3159 1567 ὕδατα,
3183 1520 3202 1554 ι
3235 1501 3343 1554 τῶν
3358 1501 3556 1570 τειχῶν
3579 1498 3804 1571 ᾐνίξατο

2217 1597 2314 1668 τὴν
2335 1597 2650 1661 κατάλυσιν,
2675 1599 2769 1652 καὶ
2793 1597 2901 1650 τῶν
2930 1597 3204 1667 πολεμίων
3236 1595 3334 1666 τὴν
3370 1594 3599 1658 εἴσοδον,
3642 1593 3803 1664 δίκην

2218 1687 2426 1742 ὑδάτων
2445 1689 2790 1759 εἰσρεόντων,
2828 1689 2922 1742 καὶ
2941 1687 3305 1759 διαχεομένων
3341 1687 3422 1750 είς
3455 1688 3673 1750 ἁπάσας
3697 1685 3801 1740 αὑ·-

2216 1779 2315 1848 τῆς
2349 1777 2448 1842 τὰς
2482 1779 2680 1847 άγυιάς
2705 1795 2762 1832 τε
2788 1780 2881 1833 καὶ
2907 1777 3106 1842 οίκίας.
3132 1777 3356 1841 Τούτοις
3382 1776 3797 1847 προστέθεικενο

607 1850 1142 1924 νεκς.17..1ιιυεηεε
1195 1857 1526 1930 Heliopoleos
1563 1873 1614 1918 et
1662 1864 1886 1921 Bubain
1935 1869 2110 1940 gladio

2420 1835 2549 1922 δοτὶ
2595 1835 2693 1924 mil
2733 1872 2788 1922 οὶ
2833 1835 3146 1923 νεανίσκοι
3213 1835 3649 1930 Ἡλιουπόλεως
3696 1869 3796 1921 και

535 1942 745 1998 cadent.
795 1943 1156 2015 Perspicuum
1199 1958 1386 2005 autem
1422 1964 1528 2018 est,
1566 1964 1792 2027 propter
1838 1958 1959 2025 hos,
1993 1969 2114 2016 tan-

534 2051 701 2105 quam
723 2045 981 2093 strenuos
1005 2047 1058 2094 et
1086 2046 1357 2109 potentes,
1383 2060 1478 2101 eos
1505 2062 1629 2104 esse
1651 2050 1941 2119 gloriatos.
1968 2052 2110 2119 Quin

533 2129 700 2183 etiam
735 2149 753 2182 ι
794 2131 1070 2198 Mulieres,
1097 2132 1323 2204 .inquit,
1357 2137 1414 2193 in
1442 2141 1457 2158 '
1493 2142 1813 2212 captivitate
1861 2147 2042 2203 ibunt.
2083 2167 2102 2200 ι

535 2217 672 2274 Tum
715 2223 948 2294 adjicit:

605 2311 770 2370 Vens.
805 2317 890 2374 18.
926 2320 994 2376 Et
1023 2325 1077 2378 in
1110 2327 1342 2396 Top/mis
1363 2328 1746 2386 obtenebrescet
1773 2332 1904 2388 dies.
1934 2333 2114 2404 Signi-

535 2401 708 2491 ticans
751 2408 1007 2467 tenebras
1059 2429 1088 2468 a
1137 2417 1547 2474 calamitatibus
1599 2420 1896 2491 profectas.
1952 2401 2109 2490 Quod

535 2489 678 2546 idem
709 2509 907 2554 rursus
937 2501 1292 2574 signiﬁcavit,
1333 2507 1528 2566 dicens
1553 2529 1568 2565 :
1599 2489 1618 2562 ἆ
1648 2510 1711 2566 Ει
1735 2511 1908 2582 ipsam
1936 2489 2110 2571 nubes

531 2583 762 2670 operiet.
803 2606 822 2640 ι
890 2590 993 2656 Qui
1052 2595 1198 2650 enim
1251 2598 1306 2653 in
1369 2601 1512 2654 mala
1573 2601 1904 2670 inciderunt,
1963 2609 2109 2664 haud

529 2669 694 2744 932
715 2691 868 2746 aeque
892 2680 1074 2739 lumen
1106 2686 1317 2752 vident,
1335 2689 1430 2744 sed
1455 2690 1711 2746 omnibus
1739 2669 1979 2750 tenebris
2012 2697 2109 2752 ob-

533 2766 840 2824 scuriorem
896 2773 1039 2829 diem
1091 2779 1410 2846 opinantur.
1468 2779 1674 2836 Deinde
1729 2798 1921 2838 eorum
1988 2802 2108 2857 quae

533 2853 669 2911 ﬂuuit
697 2865 1039 2931 propositum
1073 2869 1180 2923 sibi
1211 2868 1374 2924 linem
1411 2870 1732 2928 declaravit.

606 2944 771 3005 Vens.
812 2953 896 3008 19.
937 2953 1006 3007 Et
1046 2955 1245 3024 faciam
1277 2944 1487 3027 judicia
1534 2962 1589 3014 in
1625 2962 1882 3034 Ai'gypto,
1927 2976 1978 3021 et
2012 2986 2104 3022 co-

528 3051 776 3105 gnoscent
844 3043 1089 3114 ίΕρῃριὶί
1143 3066 1222 3102 me
1266 3065 1378 3104 esse
1426 3050 1731 3109 Dominum.
1783 3055 1908 3112 Haec
1960 3061 2104 3116 enim

2216 1962 2566 2016 Βουϐάστου
2597 1963 2666 2015 ἐν
2691 1961 2956 2030 μαχαίρᾳ
2986 1960 3340 2015 πεσοῦνται.
3384 1959 3551 2029 Δῆλον
3595 1958 3655 2010 δὲ
3706 1960 3799 2012 ὅτι

2216 2051 2308 2103 καὶ
2330 2051 2422 2104 ἐπὶ
2450 2051 2661 2113 τούτοις
2689 2051 2831 2120 μέγα
2860 2050 3141 2121 ἐφρόνουν,
3177 2048 3252 2111 ὡς
3275 2048 3560 2117 ἀριστεῦσι
3588 2051 3684 2101 καὶ
3710 2046 3800 2099 δυ-

2214 2143 2394 2204 νατοῖς
2415 2155 2429 2171 ⁸
2460 2139 2598 2193 ἀλλὰ
2629 2140 2720 2193 καὶ
2751 2160 2768 2190 ι
2787 2141 2852 2192 Al
2886 2135 3165 2209 γύναῖκες,
3193 2139 3377 2209 φησὶν,
3398 2139 3480 2202 ςὲν
3514 2139 3797 2209 αἰχμαλω-

2215 2232 2306 2303 σίᾳ
2332 2229 2737 2303 πορεύσονται..
2769 2250 2787 2282 ι
2819 2227 2948 2283 Εἶτα
2981 2229 3356 2301 προστίθησιν·

2287 2331 2375 2394 ιη’.
2445 2323 2576 2376 ’Ὀτι
2635 2321 2733 2375 καί
2794 2319 2868 2389 τῇ
2924 2321 3179 2389 Τάφναις
3220 2321 3260 2351 ⁸⁷
3325 2319 3698 2373 συσκοτὰσει
3751 2321 3791 2387 ἠ

2213 2414 2420 2484 ἡμέρα.
2464 2413 2748 2484 Σημαίνων
2782 2412 2842 2464 τὸ
2872 2414 2936 2465 ὲκ
2979 2411 3088 2464 τῶν
3141 2411 3434 2482 συμφορῶν
3475 2410 3793 2478 ἐπιγινόμε-

2212 2523 2301 2560 νον
2331 2507 2541 2568 σκότος.
2567 2505 2743 2558 Ταυτὸ
2764 2504 2821 2558 δὲ
2847 2503 3005 2558 τοῦτο
3029 2503 3191 2557 πάλιν
3214 2503 3503 2573 ἐσήμανεν,
3529 2499 3792 2571 εἰρηκώς·

2219 2616 2237 2648 ι
2260 2597 2366 2649 Καὶ
2395 2596 2563 2668 αὑτὴν
2594 2595 2792 2665 νεφέλη
2823 2594 3076 2664 καλύψει.
3104 2612 3122 2643 ι
3167 2593 3230 2646 Ol
3271 2592 3382 2663 γὰρ
3421 2593 3611 2654 κακοῖς
3638 2607 3800 2662 περι.

2210 2687 2499 2751 πίπτοντες
2546 2688 2644 2758 οὑχ
2693 2687 2898 2757 ὁμοίως
2936 2685 3106 2754 ὁρῶσι
3133 2683 3192 2737 τὸ
3239 2683 3378 2752 φῶς,
3423 2683 3561 2737 ἀλλὰ
3601 2683 3797 2737 σκότου

2211 2779 2413 2843 παντὸς
2465 2779 2874 2851 ζοφωδεστέραν
2925 2775 3370 2846 ὑπολαμϐάνουσι
3415 2773 3513 2845 τὴν
3556 2773 3795 2845 ἡμέραν.

2210 2868 2343 2926 Εἶτα
2371 2871 2479 2925 τῶν
2499 2869 2834 2940 γιγνομένων
2863 2869 3099 2941 ἐδήλωσε
3124 2869 3213 2922 τὸν
3251 2867 3472 2921 σκοπόν.

2282 2964 2365 3019 ιθ’.
2385 2963 2491 3020 Kal
2514 2963 2749 3029 ποιήσω
2769 2963 3021 3032 κρίματα
3049 2962 3091 2994 ¹⁸
3119 2961 3498 3031 ἐνΑἰγύπτῳ,
3521 2957 3619 3012 καὶ
3647 2957 3800 3026 γνώ-

2208 3072 2421 3112 σονται
2467 3056 2523 3110 οἱ
2563 3055 2868 3125 Αἰγύπτιοι
2903 3054 2993 3106 ὅτι
3041 3051 3158 3122 ἐγώ
3178 3054 3296 3121 ειμι
3328 3053 3565 3119 Κύριος.
3607 3049 3798 3104 Ταῦτα

529 3129 732 3196 omnia,
765 3133 960 3204 inquit,
993 3138 1110 3192 ﬁeri
1161 3140 1506 3208 permittam,
1563 3154 1616 3198 ut
1650 3146 1814 3200 etiam
1865 3148 2104 3221 Egyptii

2215 3149 2341 3218 γὰρ,
2373 3147 2559 3218 φησιν,
2596 3146 2812 3200 ᾶπαντα
2849 3142 3101 3213 γενέσθαι
3158 3143 3519 3213 συγχωρήσω,
3569 3141 3657 3194 ἵνα
3697 3139 3799 3194 καὶ

530 3217 784 3290 discant,
835 3241 948 3280 non
1007 3238 1233 3300 propter
1286 3231 1498 3302 seipsos
1543 3235 1787 3306 gloriari,
1845 3217 2106 3298 sed'meae

529 3306 930 3370 dominationis
950 3317 1045 3385 jus
1073 3333 1397 3388 agnoscere.

599 3399 763 3458 Vens.
797 3405 887 3459 20.
935 3405 1004 3460 Et
1043 3407 1244 3468 factum
1291 3421 1368 3466 est
1417 3430 1554 3468 anno
1607 3415 1900 3484 undecimo,
1935 3424 2106 3491 primo

528 3509 727 3558 mense,
760 3496 981 3564 septimo
1006 3498 1133 3569 (die)
1164 3503 1378 3567 mensis,
1405 3503 1608 3573 factum
1633 3517 1710 3562 est
1752 3511 1962 3566 verbum
1996 3513 2106 3571 Do-

530 3584 662 3636 mini
691 3586 760 3638 ad
789 3603 890 3650 me,
917 3586 1114 3644 dicens.
1138 3589 1252 3646 Hoc
1284 3593 1545 3664 loquendi
1574 3614 1746 3668 genus
1776 3604 1920 3671 apud
1950 3603 2102 3662 Jere-

529 3671 698 3726 iniam
751 3689 973 3746 quoque
1025 3681 1340 3749 prophetam
1387 3687 1682 3755 reperitur.
1736 3688 1949 3746 Etenim
2014 3695 2106 3750 ille

527 3764 694 3818 etiam
743 3770 977 3836 sparsim
1030 3774 1257 3842 apponit
1301 3783 1570 3848 tempora.
1621 3779 1687 3834 Et
1734 3782 1918 3852 priore
1982 3786 2104 3844 loco

529 3855 726 3925 positis
763 3874 884 3928 qua:
917 3872 1177 3932 regnante
1215 3863 1440 3922 Sedecia
1484 3879 1638 3939 gesta
1678 3884 1827 3938 sunt,
1881 3877 1972 3947 qui
2009 3895 2105 3949 po—

528 3951 767 4002 stremus
795 3952 1062 4018 regnavit,
1098 3970 1296 4012 rursus
1329 3974 1451 4028 quae
1480 3960 1548 4014 ad
1593 3960 1898 4021 Joacimum
1931 3971 2102 4038 perti-

2209 3240 2259 3292 ol
2286 3238 2574 3308 Λίγύπτιοι
2621 3236 2834 3308 μάθωσι
2873 3235 2948 3306 μὴ
2987 3234 3072 3304 ἐφ’
3098 3236 3315 3297 ἑαυτοῖς
3365 3233 3510 3304 μέγα
3551 3234 3795 3304 φρονεῖν,

2208 3329 2344 3384 ἀλλά
2372 3330 2474 3400 τὴν
2507 3330 2646 3400 ἐμὴν
2674 3327 2992 3402 δεσποτείαν
3025 3326 3336 3397 γνωρίζειν.

2279 3429 2344 3476 κ’.
2376 3421 2488 3474 Καὶ
2527 3421 2761 3491 ἐγένετο
2788 3419 2859 3472 ἐν
2904 3417 2985 3484 τῷ
3031 3417 3331 3483 ἑνδεκάτῳ
3365 3417 3484 3471 ἔτει
3510 3417 3578 3480 ⁸⁸,
3615 3415 3686 3469 ἐν
3712 3413 3797 3480 τῷ

2207 3511 2415 3582 πρώτῳ
2455 3513 2637 3581 μηνὶ,
2677 3510 2897 3579 ἐϐδόμῃ
2943 3508 3050 3563 τοῦ
3090 3510 3306 3578 μηνὸς,
3345 3507 3584 3576 ἐγένετο
3610 3506 3796 3574 λόγος

2207 3604 2429 3672 Κυρίου
2461 3605 2614 3672 πρός
2654 3619 2751 3672 με,
2779 3601 2993 3671 λέγων.
3035 3599 3208 3653 Τοῦτο
3232 3599 3294 3653 τὸ
3321 3594 3463 3662 εἶδος
3511 3597 3605 3652 καὶ
3637 3597 3794 3666 παρὰ

2219 3695 2455 3765 Ἱερεμίᾳ
2493 3692 2572 3764 τῷ
2613 3696 2866 3765 προφήτῃ
2912 3693 3261 3764 εὑρίσκεταιο
3309 3692 3404 3744 καὶ
3430 3689 3541 3761 γάρ
3583 3691 3795 3751 ἐκεῖνος

2209 3785 2488 3860 σποράδην
2520 3785 2705 3857 τίθησι
2744 3785 2871 3848 τοὺς
2903 3783 3147 3855 χρόνους,
3189 3783 3283 3836 καὶ
3330 3780 3498 3845 τιθεὶς
3545 3781 3790 3852 πρότερα

2203 3876 2272 3931 τὰ
2303 3875 2395 3930 ἐπὶ
2421 3877 2670 3930 Σεδεκίου
2705 3875 3070 3945 γεγενημένα,
3095 3873 3154 3937 ὃς
3175 3874 3407 3944 ἔσχατος
3435 3871 3778 3933 ἐϐασίλευσε,

2204 3967 2368 4022 πάλιν
2397 3968 2465 4022 τὰ
2493 3965 2637 4021 κατὰ
2667 3965 2760 4018 τὸν
2804 3965 3058 4034 Ἰωακεὶμ
3082 3963 3374 4032 διηγεῖται,
3407 3961 3466 4025 ὃς
3501 3961 3608 4031 πρὸ
3635 3959 3784 4013 ὲκεί-

527 4042 658 4090 nent
690 4052 961 4110 recenset,
1027 4047 1119 4114 qui
1187 4048 1410 4117 quidem
1474 4060 1602 4106 ante
1659 4053 1812 4108 illum
1871 4073 2100 4128 regnum

2215 4078 2294 4115 νου
2331 4060 2431 4131 τὴν
2464 4057 2743 4130 βασιλείαν
2795 4055 3222 4126 έπρυτάνευσεν.
3267 4053 3448 4106 Αἴτιον
3499 4052 3555 4105 δὲ
3584 4050 3780 4104 τούτου

525 4127 953 4188 administravit.
1009 4140 1191 4207 Atque
1278 4139 1510 4210 hujusce
1577 4145 1656 4199 rei
1735 4162 1898 4203 causa
1941 4127 2100 4208 ihazr.

2215 4151 2262 4205 τὸ
2315 4127 2398 4223 μὴ-
2445 4127 2684 4221 ἱστορίαν
2731 4147 2928 4210 αὑτοὺς
2979 4145 3165 4210 ἁπλῶς
3218 4143 3593 4216 συγγράφειν,
3649 4142 3790 4197 ἀλλὰ

522 4227 627 4287 est,
661 4225 805 4292 quod
839 4242 948 4282 non
995 4228 1324 4299 simpliciter
1358 4233 1461 4303 ipsi
1513 4235 1802 4292 historiam
1853 4245 2099 4299 conscri-

2215 4241 2538 4312 προφητείας
2567 4239 2709 4294 κατά
2733 4238 2958 4309 χρόνους
2978 4235 3134 4300 τινὰς
3156 4235 3556 4305 γεγενημένας.
3594 4235 3788 4301 Ἀναγ-

524 4314 756 4380 pserint,
791 4319 885 4372 sed
910 4320 1228 4389 prophetias
1259 4323 1588 4392 quibusdam
1634 4331 1973 4400 temporibus
2016 4333 2100 4388 fa-

2215 4333 2373 4397 ιαίως
2399 4332 2456 4386 δὲ
2483 4331 2578 4385 καὶ
2608 4332 2752 4401 μάλα
2782 4329 3011 4392 εἰκότως
3049 4326 3246 4381 τούτου
3273 4326 3368 4380 νῦν
3402 4327 3782 4397 ἐμνημόνευσα

523 4410 662 4460 etas.
689 4404 959 4476 Apposite
981 4427 1131 4477 vero,
1156 4421 1210 4467 et
1231 4413 1356 4482 jure
1384 4416 1614 4484 optimo,
1642 4416 1808 4487 hujus
1830 4425 2096 4494 temporis

2215 4423 2291 4478 ςοῦ
2326 4423 2540 4494 χρόνου.
2583 4421 2800 4492 Ἐπειδὴ
2835 4420 2942 4491 γάρ
2970 4419 3224 4474 τοσοῦτον
3280 4419 3442 4488 νέφος
3487 4416 3782 4488 συμφορῶν

522 4511 670 4552 nunc
703 4501 1038 4556 mentionem
1089 4505 1238 4559 fecit.
1277 4505 1412 4560 Cum
1447 4507 1592 4562 enim
1627 4516 1834 4565 tantam
1871 4515 2096 4569 calami-

2215 4515 2463 4586 ἠπείλησε
2528 4517 2593 4585 τῇ
2649 4511 2909 4583 Αἰγύπτῳ
2975 4513 3034 4565 ὲν
3088 4511 3166 4582 τῷ
3205 4511 3417 4582 ἑϐδόμῳ
3477 4510 3574 4563 καὶ
3638 4510 3784 4562 είκο-

523 4593 698 4643 tatum
734 4591 935 4646 nubem
969 4594 1042 4648 sit
1067 4594 1306 4666 JEgypto
1339 4599 1580 4655 minatus
1609 4603 1842 4672 septimo
1906 4612 1961 4659 et
2017 4606 2097 4660 vi-

2215 4606 2313 4677 ςτῷ
2363 4606 2518 4659 ἔτει.
2573 4605 2813 4658 διδάσκει
2868 4603 3016 4674 ἡμᾶς
3070 4603 3170 4673 τῆς
3231 4605 3505 4673 τιμωρίας
3569 4600 3632 4653 τὸ
3697 4598 3776 4653 δί-

521 4678 732 4734 cesimo
766 4697 930 4748 anno,
962 4683 1173 4754 justum
1200 4686 1333 4742 illud
1370 4705 1492 4770 esse
1532 4707 1632 4746 nos
1677 4694 1838 4747 docet
1881 4697 2092 4766 suppli~
2199 4714 2373 4751 καιον.

523 4779 692 4821 crum.

591 4857 742 4914 Anno
781 4863 922 4916 enim
953 4863 1250 4932 undecimo,
1281 4867 1478 4940 inquit,
1529 4870 1667 4924 dixit
1712 4871 1967 4929 Dominus
2024 4876 2094 4930 ad

2279 4875 2383 4928 Ἐν
2409 4873 2519 4943 γὰρ
2567 4872 2647 4939 τῷ
2693 4872 2990 4938 ἑνδεκάτῳ
3010 4873 3080 4938 ⁸ο,
3136 4872 3324 4944 φησὶν,
3357 4873 3476 4927 ἔτει
3511 4866 3643 4927 εἷπε
3667 4871 3774 4925 Kri-

520 4964 639 5002 me:
682 4951 868 5022 (Vens.
922 4955 1036 5027 2|.)
1083 4956 1192 5012 Fili
1241 4962 1492 5028 hominis,
1533 4963 1748 5038 brachia
1791 4963 2093 5021 Pharaonis

2215 4984 2326 5033 Dtoc
2367 4966 2516 5035 πρός
2543 4981 2654 5036 με·
2695 4964 2884 5038 (κα’.)
2945 4963 3040 5018 Υἱὲ
3087 4964 3428 5032 ἀνθρώπου,
3456 4964 3599 5030 τοὺς
3627 4965 3775 5030 ,ϐρα-

521 5040 658 5108 regis
693 5043 915 5114 Egypti
941 5049 1184 5114 contrivi,
1215 5061 1263 5105 et
1303 5069 1417 5107 ecca
1447 5069 1550 5106 non
1585 5062 1664 5107 est
1702 5054 2004 5124 colligatus,
2033 5066 2088 5110 ut

2215 5057 2412 5127 μείονας
2450 5055 2659 5124 Φαραὼ
2706 5056 3014 5122 ,βασιλέως
3054 5056 3354 5125 Αἰγύπτου
3413 5055 3768 5123 συνέτριψα,

520 5127 739 5186 daretur
767 5137 814 5188 ei
860 5139 1086 5206 sanitas,
1121 5153 1179 5195 ut
1219 5144 1571 5209 imponeretur
1615 5145 1663 5198 ei
1707 5146 1997 5217 malagma,
2031 5157 2090 5201 ut

2215 5147 2297 5202 ιαὶ
2341 5147 2468 5201 ὶδοῠ
2506 5149 2577 5202 οὐ
2606 5147 2888 5215 κατε-δέθη
2927 5147 3032 5200 τοῦ
3061 5145 3271 5200 δοῦναι
3318 5144 3477 5210 αὐτῷ
3499 5146 3541 5177 ’⁸
3583 5145 3766 5228 ἵασιν,

521 5223 861 5294 colligaretur
888 5239 937 5283 et
977 5235 1432 5298 corroboraretur,
1470 5245 1518 5289 et
1549 5239 1954 5309 apprelicnderet
1975 5242 2091 5311 gla-

2215 5239 2304 5294 roi)
2325 5239 2614 5296 ἐπιθεῖναι
2643 5237 2804 5304 αὐτῷ
2826 5240 2870 5270 ’⁸
2897 5237 3183 5310 μάλαγμα
3205 5239 3270 5304 ³³,
3302 5237 3408 5292 τοῦ
3431 5223 3676 5306 δεθῆναι
3699 5235 3768 5303 ’⁸,

1841 5417 2075 5474 νΑΒΙᾹί
2117 5419 2525 5477 LECTIONES.

672 5541 751 5596 εσυ
791 5543 1084 5626 -ἷαῦεἶῃμ
1123 5543 1414 5626 "ischnon
1442 5553 1544 5626 nisi
1581 5556 1633 5609 in
1672 5555 1861 5626 pangis
1916 5557 2070 5614 libris
2108 5567 2214 5615 vct.
2263 5567 2482 5615 exstant
2540 5559 2593 5613 in
2630 5558 2734 5613 line
2780 5573 2923 5614 vers.
2995 5555 3081 5626 16,
3142 5554 3235 5612 sed
3283 5554 3502 5626 plurimi
3561 5553 3765 5626 habent

523 5608 766 5704 κλάμ...
798 5608 1160 5704 piosque.
1259 5617 1298 5650 ιτ
1329 5621 1372 5704 ,ι
1400 5623 1458 5704 εν
1485 5608 1755 5704 iam,
1778 5623 1816 5704 1;
1825 5608 1890 5704 έν
1911 5608 1981 5698 ἑῇ
1996 5608 2234 5704 nega}.
2266 5608 2857 5704 ῖ·ξῖι’λ··;ςρέέια·;·“ι,οεξι
2973 5608 3081 5704 νεῖ
3111 5608 3194 5704 εξξ
3210 5608 3340 5704 ὐςὲ
3373 5626 3424 5704 ιι]
3452 5624 3511 5704 βο
3576 5624 3629 5704 3°
3652 5623 3761 5704 ἀγδ-

525 5675 616 5771 ςξά.
653 5675 814 5771 prjonr'
837 5683 963 5736 hab.
992 5675 1247 5771 δεκάτῳ.-
1282 5757 1304 5771 δ
1333 5691 1446 5771 ειηδ.
1480 5675 1598 5771 αστῖ
1618 5675 1975 5771 familiai?
2010 5675 2026 5680 ’
2044 5675 2353 5756 ῖιτέτῖάῡτ.
2385 5675 3077 5771 1336a...tamira."
3113 5675 3191 5769 Ϋίέ
3217 5675 3346 5751 an:
3373 5675 3532 5751 ﬁci}.
3573 5675 3764 5750 fascia;

520 5746 564 5778 “
589 5746 682 5802 τοῦ
705 5751 792 5804 δεθ
823 5781 890 5791 -—
921 5769 1047 5824 μαχ.
1087 5756 1128 5811 Α
1159 5746 1249 5811 τού
1277 5757 1491 5830 δοθῆναι
1529 5746 1677 5833 ἰσχύν
1702 5746 2011 5840 ὲπίιλῂύ
