4116 6410
316 406 454 473 1117

1450 415 1531 475 IN
1572 416 2016 483 EZECHIELIS
2055 427 2211 488 CAP.
2252 429 2468 493 XXXI.

3447 434 3584 502 1118

313 519 414 572 καὶ
461 518 848 587 κατισχύσαι,
879 517 975 574 καὶ
1010 520 1400 577 ἐπιλαϐέσθαι
1439 527 1757 596 μαχαίρας.
1787 531 1902 584 Με-

2020 535 2171 592 tium.
2201 539 2492 604 Mediocre,
2528 544 2729 615 inquit,
2767 544 2872 615 ipsi
2904 543 3241 615 supplicium
3270 544 3450 611 intuli,
3487 563 3585 602 ne-

311 610 496 681 τρίαν,
552 612 741 681 φησὶν,
805 612 1088 683 ἐπήγαγον
1135 614 1284 686 αὑτῷ
1321 617 1617 688 τιμωρίαν,
1666 620 1764 672 κα)⁵
1807 622 1909 674 οὑκ

313 701 550 770 ἠθέλησε
589 703 699 764 τοῖς
743 701 843 772 τῆς
882 703 1171 772 μετανοίας
1217 705 1526 774 χρήσασθαι
1569 709 1887 778 φαρμάκοις

315 793 404 844 ἵνα
439 789 602 843 πάλιν
630 793 730 856 τῆς
756 794 1033 864 προτέρας
1060 794 1387 866 ἐπιλάϐηται
1420 796 1760 862 δυναστείας.

387 879 601 949 κβ’-κδ’.
615 881 719 934 Διὰ
733 882 907 937 τοῦτο
923 882 1064 938 τάδε
1075 883 1237 952 λέγει
1253 885 1496 940 Ἀδωνατ
1509 887 1743 955 Κύριος·
1764 887 1911 942 Ἰδοὺ

313 972 432 1041 ἐγὼ
452 972 553 1026 ἐπὶ
583 973 795 1041 Φαραὼ
817 975 1086 1038 βασιλέα
1113 977 1443 1044 Αἰγύπτου,
1466 978 1564 1031 καὶ
1594 981 1910 1048 συντρίψω

313 1065 460 1132 τοὺς
473 1066 811 1135 βραχίονας
825 1066 1012 1121 αὑτοῦ
1041 1067 1184 1133 τοὺς
1206 1069 1518 1137 ἰσχυροὺς,
1547 1071 1642 1124 καί
1668 1072 1909 1141 τεταμέ-

315 1174 491 1222 νους,
549 1157 652 1210 καὶ
681 1159 825 1224 τοὺς
861 1159 1428 1228 συντετριμμένους,
1469 1161 1566 1214 καί
1595 1161 1910 1216 καταϐαλῶ

318 1249 438 1315 τὴν
479 1248 784 1318 μάχαιραν
825 1251 1012 1305 αὐτοῦ
1063 1251 1249 1306 dmi"
1291 1251 1404 1320 τῆς
1451 1253 1650 1322 χειρὸς
1698 1255 1905 1312 αὐτοῦ.

320 1335 428 1391 Καὶ
455 1336 758 1406 διασπερῶ
777 1338 1084 1409 Αἴγυπτον
1103 1342 1193 1404 είς
1211 1340 1283 1394 τὰ
1305 1340 1476 1408 ἔθνη,
1509 1343 1606 1395 καὶ
1631 1341 1909 1411 λικμήσω

321 1428 542 1494 αὐτοὺς
570 1431 659 1495 εις
681 1429 789 1494 τὰς
823 1429 1038 1499 χώρας.
1073 1431 1184 1486 Καὶ
1209 1435 1566 1502 κατισχύσω
1594 1435 1909 1504 τοὺςβρα-

318 1519 530 1588 κίονας
572 1520 883 1587 ,βασιλέως
933 1523 1315 1590 Βαϐυλῶνος.
1360 1526 1579 1598 Ἐπειδὴ
1635 1527 1744 1598 γὰρ
1809 1527 1909 1581 οὑκ

317 1606 585 1679 ἐϐουλήθη
641 1612 764 1672 ταῖς
816 1610 1068 1680 μετρίαις
1108 1613 1549 1683 σωφρονισθῆναι
1608 1614 1904 1680 παιδείαις,

320 1699 608 1768 μεγίσταις
638 1700 800 1753 αὑτὸν
831 1699 1085 1754 ὑποϐαλῶ
1105 1702 1426 1771 τιμωρίαις,
1464 1702 1560 1756 καὶ
1593 1703 1776 1776 πάσης
1806 1704 1905 1758 αὑ-

313 1789 412 1842 τὸν
463 1791 561 1861 τῆς
605 1791 789 1861 ἰσχύος
844 1791 1138 1862 γυμνώσω,
1188 1792 1264 1855 ὡς
1325 1794 1460 1864 μηδὲ
1521 1797 1633 1857 τοῖς
1685 1795 1908 1865 πολεμι-

2011 644 2117 698 que
2146 633 2480 700 poenitentiae
2515 637 2772 691 remediis
2818 637 2896 692 uti
2940 637 3133 700 voluit,
3176 645 3237 691 ut
3290 639 3584 708 pristinam

2012 735 2207 775 rursus
2240 725 2542 791 potentiam
2574 726 2946 796 recuperaret.

2081 889 2250 948 Vsus.
2293 894 2482 949 22-24.
2515 896 2802 966 PrOpterea
2841 901 2971 964 ha'c,
2999 902 3160 972 933
3193 902 3322 955 dicit
3374 901 3587 956 Adonai

2011 979 2312 1037 Dominus:
2344 982 2478 1037 Ecce
2510 1001 2601 1054 ego
2627 987 2696 1038 ad
2717 987 3050 1043 Pharaonem
3070 1008 3236 1060 regem
3261 990 3503 1062 Afgypti,
3535 1001 3586 1045 et

2011 1079 2280 1126 conteram
2310 1075 2528 1127 brachia
2558 1075 2671 1145 ejus
2700 1076 2885 1145 fortia,
2917 1089 2963 1132 et
2989 1091 3222 1145 extenta,
3257 1091 3305 1134 et
3329 1083 3582 1143 contrita,

2010 1169 2060 1214 et
2085 1160 2333 1230 dejiciam
2363 1163 2606 1233 gladium
2636 1165 2751 1234 ejus
2783 1166 2847 1219 de
2878 1185 3036 1220 manu
3071 1169 3204 1236 ejus.
3238 1167 3303 1220 Et
3344 1169 3588 1223 dissemi-

2011 1252 2148 1306 nabo
2178 1252 2469 1325 digyptum
2498 1257 2552 1309 in
2585 1266 2782 1326 gentes,
2824 1268 2873 1312 et
2915 1259 3177 1312 ventilabo
3206 1277 3290 1313 eos
3332 1262 3384 1312 in
3423 1261 3590 1329 regio-

2011 1360 2121 1399 nes.
2158 1344 2228 1397 Et
2261 1347 2615 1401 corroborabo
2663 1349 2880 1402 brachia
2913 1350 3048 1418 regis
3099 1349 3408 1419 Babylonis.
3451 1351 3589 1405 Cum

2009 1435 2154 1489 enim
2186 1437 2428 1492 noluerit
2460 1448 2584 1508 post
2620 1440 2927 1494 mediocres
2959 1442 3358 1509 castigationes
3388 1441 3589 1510 resipi-

2011 1537 2188 1588 scere,
2221 1526 2479 1599 maximis
2503 1527 2654 1580 illum
2690 1528 2868 1597 ptBnis
2893 1528 3145 1591 alliciam,
3179 1527 3438 1595 omnique
3466 1541 3589 1580 eum

2009 1615 2210 1670 robore
2245 1616 2496 1686 privabo,
2529 1626 2587 1671 ut
2620 1632 2689 1673 ne
2720 1617 2934 1672 bellicis
2961 1617 3180 1687 quidem
3210 1617 3592 1672 instrumentis

2010 1708 2086 1762 uti
2128 1716 2326 1777 queat;
2361 1709 2622 1779 omnique
2654 1701 2852 1764 robore
2880 1717 2936 1763 et
2969 1709 3167 1764 virtute
3200 1709 3439 1762 imbuam
3484 1707 3592 1762 Ba-

2010 1797 2290 1868 bylonium
2323 1817 2336 1853 :
2367 1800 2383 1819 ⁶
2427 1800 2698 1869 siquidem
2736 1814 2836 1870 per
2873 1799 3122 1862 brachia,
3154 1806 3207 1851 et
3236 1798 3303 1851 de
3336 1797 3594 1867 Egyptio

315 1884 438 1945 κοῖς
464 1881 762 1952 δυνηθῆναι
791 1884 1099 1954 χρήσασθαι
1125 1886 1396 1956 ὀργάνοις,
1429 1886 1610 1956 πάσης
1630 1886 1687 1939 δὲ
1721 1887 1905 1958 ἰσχύος

2020 1895 2062 1943 ει
2083 1888 2151 1943 de
2185 1888 2490 1960 Babylonio
2531 1892 2787 1961 loquens,
2822 1892 2970 1946 vires
3022 1889 3304 1950 indicavit,
3341 1888 3593 1958 quando-

315 1974 737 2044 καὶδυνάμεως
796 1977 1060 2046 ἐμπλήσω
1113 1979 1202 2031 τὸν
1250 1978 1628 2032 Βαϐυλώνιον·
1659 1980 1745 2033 διὰ
1798 1980 1907 2052 γὰρ

314 2062 428 2116 τῶν
470 2062 796 2135 βραχιόνων,
825 2067 918 2119 καὶ
953 2068 1044 2119 ἐπὶ
1072 2067 1166 2120 τοῦ
1194 2069 1520 2134 Αἰγυπτίου,
1565 2069 1659 2123 καὶ
1688 2072 1782 2124 ἐπὶ
1811 2073 1905 2127 τοῦ

316 2153 671 2209 Βαϐυλωνίου
697 2156 794 2228 τὴν
811 2157 1040 2229 δύναμιν
1061 2160 1448 2232 παρεδήλωσεν
1472 2178 1486 2192 °
1515 2163 1705 2236 ἐπειδὴ
1732 2163 1842 2236 γὰρ
1860 2165 1906 2197 ³⁸

313 2244 410 2297 διὰ
434 2245 541 2298 τῶν
577 2246 896 2317 βραχιόνων,
922 2250 1110 2303 καὶτὰ
1145 2251 1422 2320 πολεμικὰ
1460 2252 1707 2322 πέφυκεν
1753 2255 1906 2324 ὲνερ⁹

314 2337 557 2404 γεϊσθαι,
595 2356 612 2389 ι
640 2339 750 2391 Καὶ
783 2339 959 2404 δώσω,
1011 2341 1163 2410 φησὶ,
1218 2340 1316 2412 τὴν
1350 2343 1628 2411 ῥομφαίαν
1683 2361 1786 2412 μου
1830 2347 1908 2408 είς

315 2426 421 2497 τὴν
453 2430 610 2498 χεῖρα
628 2430 671 2461 ’⁷
691 2429 878 2483 αὐτοῦ’
903 2432 1000 2484 καὶ
1018 2432 1064 2462 ³⁸
1096 2431 1287 2496 ἑπάξει
1314 2433 1482 2502 αὑτὴν
1505 2434 1591 2485 ἐπ’
1613 2433 1909 2502 Αἴγυπτον,

322 2518 422 2570 καὶ
442 2519 797 2588 προνομεύσει
825 2521 921 2591 τὴν
951 2523 1234 2594 προνομὴν
1259 2523 1454 2592 αὑτῆς,
1484 2525 1578 2577 καὶ
1615 2525 1910 2580 σκυλεύσει

318 2607 398 2662 τὰ
429 2609 599 2663 σκῦλα
650 2610 839 2682 αὑτῆς.
879 2631 897 2664 ι
947 2611 1110 2680 Ἐγὼ,
1169 2613 1358 2682 φησιν,
1415 2614 1708 2685 ἐγχειρίσω
1764 2617 1913 2688 αὑτῷ

319 2701 426 2768 τὴν
462 2704 838 2774 τιμωρητικὴν
892 2704 1192 2773 ἐνέργειαν,
1240 2704 1380 2757 ὥστε
1415 2707 1486 2758 τὰ
1537 2709 1914 2778 προειρημένα

2011 1978 2234 2048 quidem
2288 1980 2538 2034 brachiis
2589 1995 2678 2035 res
2725 1979 2937 2034 bellicae
2986 1979 3171 2049 perlici
3224 1978 3422 2031 solent.
3458 1995 3476 2028 ι
3526 1975 3594 2030 Et

2011 2071 2175 2138 dabo,
2207 2072 2403 2141 inquit,
2457 2073 2702 2142 gladium
2739 2087 2921 2126 meum
2971 2072 3026 2125 in
3071 2085 3290 2124 manum
3351 2069 3507 2138 ejus;
3539 2078 3594 2122 et

2011 2165 2249 2218 adducet
2279 2179 2402 2219 eum
2429 2179 2594 2233 super
2631 2162 2957 2233 Egyptum,
2991 2170 3045 2216 et
3075 2160 3409 2231 prmdabitur
3455 2172 3594 2226 prae-

2009 2255 2131 2308 dam
2162 2255 2305 2326 ejus,
2339 2264 2392 2310 et
2442 2256 2700 2327 spoliabit
2755 2254 2929 2324 spolia
2963 2253 3104 2322 ejus.
3150 2272 3168 2304 ι
3217 2252 3352 2321 Ego,
3394 2249 3593 2318 inquit,

2012 2348 2316 2404 ulciscendi
2383 2349 2711 2404 facultatem
2767 2349 2817 2403 ei
2853 2347 3220 2406 committam,
3277 2353 3335 2396 ut
3388 2341 3594 2401 omnia.

2011 2456 2133 2512 quae
2168 2441 2428 2510 praedicta
2464 2448 2615 2500 sunt,
2647 2439 2815 2495 faciat
2841 2438 3102 2508 Egypto.
3129 2435 3243 2508 [25,
3274 2433 3366 2505 26]
3394 2433 3458 2486 Et
3482 2432 3599 2485 haec

2012 2530 2196 2583 denuo
2217 2530 2439 2600 adjecit,
2467 2532 2760 2586 iteratione
2786 2530 2972 2601 priora
3003 2529 3358 2581 conlirmans.
3393 2524 3599 2590 Quam-

2013 2622 2201 2676 obrem
2239 2623 2345 2678 ista
2375 2632 2438 2676 ut
2479 2632 2670 2692 aperta
2705 2630 2761 2678 et
2799 2621 3093 2692 perspicua
3125 2634 3192 2673 ex
3223 2618 3292 2671 iis
3322 2631 3444 2686 qua:
3471 2622 3600 2669 ante

2014 2714 2358 2782 interpretati
2393 2729 2610 2778 sumus,
2645 2713 2928 2782 explicare
2963 2707 3391 2778 Supersedimus.

321 2797 506 2850 πάντα
537 2799 602 2869 τῇ
627 2798 886 2870 Αἰγύπτῳ
913 2802 1171 2870 ποιῆσαι·
1215 2801 1390 2855 ταῦτα
1415 2802 1472 2855 δὲ
1498 2803 1659 2856 πάλιν
1692 2806 2070 2875 προστέθεικε,
2112 2811 2179 2879 τῇ
2241 2809 2568 2880 δευτερώσει
2638 2807 2706 2861 τὰ
2756 2806 2999 2878 πρότερα
3054 2800 3306 2872 βεϐαιῶν.
3371 2800 3460 2852 Διδ
3522 2796 3601 2860 ὡς

325 2895 471 2962 σαφῆ
499 2894 593 2948 καὶ
645 2896 710 2947 ὲκ
741 2894 851 2946 τῶν
887 2896 1443 2967 προερμηνευθέντων
1493 2897 1628 2966 δῆλα
1655 2902 2026 2970 γεγενημένα,
2063 2905 2358 2957 κατέλιπον
2387 2903 2794 2974 ἀνερμήνευτα.

783 3054 1014 3108 ΚΕΦΑΛ
1025 3055 1190 3108 ΑΙΟΝ
1263 3056 1390 3109 ΛΑ’.

399 3207 434 3242 α
454 3229 467 3249 ,
503 3188 567 3258 β’.
608 3189 718 3244 Καὶ
751 3188 989 3258 ἐγένετο
1019 3190 1090 3242 ἐν
1119 3189 1199 3255 τῷ
1232 3190 1464 3254 δεκάτῳ
1483 3194 1526 3231 ’9
1562 3193 1706 3257 ἔτει,
1735 3192 1806 3246 ἐν
1838 3192 1918 3258 τῷ

327 3280 505 3348 τρίτῳ
527 3281 695 3348 μηνὶ,
718 3279 825 3350 μιᾷ
848 3281 952 3334 τοῦ
975 3280 1192 3350 μηνὸς,
1225 3281 1462 3350 ἐγένετο
1493 3285 1673 3353 λόγος
1699 3286 1916 3352 Κυρίου

328 3374 486 3440 πρός
503 3388 603 3441 με,
625 3371 820 3442 λέγων
837 3391 850 3404 ·
884 3373 982 3426 Υἱὲ
1011 3375 1349 3443 ἀνθρώπου,
1375 3375 1507 3428 εἰπὲ
1535 3374 1686 3443 πρὸς
1709 3374 1918 3442 Φαραὼ

2569 3053 2802 3109 CAPUT
2844 3049 3037 3106 XXXI.

2094 3189 2260 3244 Vens.
2298 3190 2347 3254 1,
2388 3187 2442 3241 2.
2495 3186 2561 3240 Et
2608 3185 2808 3255 factum
2849 3193 2928 3237 est
2979 3198 3118 3236 anno
3152 3180 3388 3243 decimo,
3431 3194 3605 3233 mense

2023 3283 2194 3344 tertio,
2226 3283 2400 3349 primo
2422 3278 2548 3350 (die)
2569 3280 2785 3343 mensis,
2813 3276 3020 3345 factum
3051 3283 3127 3328 est
3151 3273 3362 3327 verbum
3387 3271 3603 3324 Domini

2022 3371 2090 3423 ad
2130 3387 2229 3434 me,
2270 3370 2489 3423 dicens:
2524 3365 2634 3420 Fili
2687 3365 2941 3427 hominis,
2991 3363 3078 3419 die
3135 3365 3204 3416 ad
3265 3362 3600 3416 Pharaonem

318 3463 596 3528 ,βασιλέα
616 3465 938 3532 Αἰγύπτου,
968 3464 1064 3517 καὶ
1100 3468 1251 3532 πρὸς
1281 3451 1346 3519 τὸ
1375 3465 1608 3531 πλῆθος
1621 3466 1665 3496 ³⁰
1700 3465 1907 3520 αὐτοῦ·

2020 3459 2186 3531 934
2217 3476 2386 3529 regem
2416 3455 2657 3528 Egypti,
2683 3465 2732 3510 et
2759 3454 2827 3508 ad
2869 3454 3265 3507 multitudinem
3315 3453 3430 3522 ejus
3455 3467 3472 3503 .'
3502 3450 3603 3505 Cui

335 3554 458 3608 Τίνι
483 3554 792 3622 ὠμοίωσας
822 3555 1085 3609 σεαυτὸν
1117 3556 1189 3608 ἐν
1225 3555 1308 3620 τῷ
1341 3555 1482 3623 ὕψει
1505 3570 1621 3610 σου
1640 3572 1658 3620 ;
1698 3554 1920 3626 Ἐπειδὴ

324 3650 400 3719 τῇ
455 3645 810 3718 μακροθυμίᾳ
858 3648 939 3708 είς
991 3646 1109 3700 δέον
1171 3647 1270 3700 οὑκ
1302 3646 1534 3717 ἠθέλησε
1575 3647 1918 3721 χρήσασθαι,

324 3737 472 3792 ἀλλὰ
512 3737 604 3790 τὸν
647 3736 817 3805 τῦφον
858 3738 953 3789 καὶ
993 3737 1090 3805 τὴν
1124 3736 1447 3799 ἀλαζονείαν
1476 3737 1614 3808 ἔχων
1652 3738 1916 3808 ἐπέμενε,

328 3829 453 3883 κατ’
483 3826 752 3898 ἐρώτησιν
783 3825 931 3896 αὑτῷ
961 3827 1260 3898 προσφέρει
1300 3829 1426 3890 τοὺς
1481 3829 1697 3897 λόγους.
1754 3829 1917 3896 Εἰπὲ,

328 3917 519 3989 φησιν,
558 3911 604 3969 ὦ
634 3917 736 3986 τῆς
770 3915 1049 3984 Αἰγύπτου
1083 3917 1326 3986 βασιλεύ,
1365 3917 1478 3969 τίσι
1533 3918 1731 3971 σαυτὸν
1764 3921 1923 3973 ἀπει-

327 4006 554 4070 κάζεις;
584 4006 678 4059 καὶ
708 4006 815 4058 τίνι
850 4006 1090 4076 νομίζεις
1112 4007 1348 4059 ἐοικέναι
1381 4005 1490 4058 τῶν
1520 4005 1808 4076 βασιλέων,
1838 4009 1921 4061 ὅτι

323 4098 574 4168 τοσούτῳ
607 4097 916 4168 φρονήματι
948 4098 1214 4168 κέχρησαι
1240 4114 1254 4163 ;
1305 4093 1438 4150 Εἶτα
1473 4098 1668 4166 ἐπάγει
1694 4113 1712 4130 ⁸

402 4196 474 4258 γ’.
514 4189 661 4244 Ἰδοὺ
694 4187 947 4257 Ἀσσοίιρ
971 4188 1352 4257 κυπάρισσος
1375 4189 1417 4220 ³⁸
1463 4189 1533 4244 ἐν
1559 4190 1640 4255 τῷ
1671 4189 1924 4254 Λιϐάνῳ,

332 4282 437 4334 οιαὶ
469 4280 655 4346 καλὸς
682 4279 812 4345 ταῖς
842 4279 1213 4349 παραφυάονι,
1246 4281 1345 4333 καὶ
1369 4281 1412 4311 ³⁸
1447 4283 1694 4350 ὑψηλὸς
1723 4279 1802 4346 τῷ
1821 4298 1924 4348 με·

332 4357 516 4440 τέθὲι,
566 4369 666 4422 καὶ
709 4371 940 4436 πυκνὸς
988 4368 1063 4438 τῇ
1111 4370 1341 4438 σκέπῃ,
1390 4371 1491 4426 καὶ
1519 4371 1563 4402 ³³
1605 4373 1693 4436 εἰς
1728 4369 1926 4439 μέσον

330 4463 611 4535 νεφελῶν
636 4463 875 4534 ἐγένετο
914 4465 954 4532 ἡ
987 4463 1145 4533 ἀρχὴ
1189 4465 1398 4519 αὑτοῦ.
1432 4464 1523 4535 Τῷ
1547 4463 1797 4535 τροπικῷ
1823 4464 1928 4518 πά-

333 4556 421 4610 λιν
464 4556 726 4627 κέχρηται
768 4555 1100 4626 χαρακτῆρι,
1139 4556 1232 4607 καί
1286 4571 1421 4624 φησι
1473 4555 1582 4609 τῶν
1623 4555 1928 4626 Ἀσσυρίων

333 4645 430 4699 τὸν
465 4644 691 4714 βασιλέα
740 4647 806 4714 τῇ
838 4645 896 4696 ἐν
928 4643 1006 4714 τῷ
1056 4643 1276 4716 Λιϐάνῳ
1307 4644 1553 4716 φυομένῃ
1604 4645 1927 4715 κυπαρίσσῳ

334 4737 598 4802 ἑοικέναι,
621 4737 768 4814 κατά
795 4754 856 4789 τε
903 4737 964 4790 τὸ
993 4737 1223 4808 μέγεθος
1249 4737 1342 4791 τοῦ
1372 4738 1560 4808 ὕψους,
1593 4740 1684 4791 καὶ
1719 4740 1781 4792 τὸ
1823 4757 1927 4793 πυ-

337 4827 469 4881 κνὸν
503 4828 598 4880 καὶ¹
639 4827 955 4898 ἁμφιλαφὲς
987 4829 1096 4881 τῶν
1131 4829 1411 4899 ὑπηκόων,
1438 4830 1618 4883 καὶτὸ
1654 4819 1928 4901 εὐπρεπὲς

338 4921 450 4974 τῶν
508 4920 769 4991 ὑπάρχων
807 4920 902 4973 καὶ
947 4922 1272 4992 στρατηγῶν
1299 4939 1312 4953 ο
1363 4921 1763 4990 παραφυάδας
1816 4924 1926 4994 γὰρ

336 5011 564 5074 τούτους
596 5010 841 5064 ἐκάλεσε.
865 5011 938 5063 Τὸ
966 5010 1046 5074 δὲ,
1073 5030 1094 5063 ι
1120 5013 1213 5075 El;
1247 5012 1410 5082 μέσον
1442 5012 1680 5083 νεφελῶν
1709 5014 1927 5081 ἐγένετο

339 5103 378 5173 ἡ
407 5101 548 5174 ἀρχὴ
583 5101 771 5167 αὑτοῦ,
796 5121 813 5154 ι
843 5102 903 5154 οὑ
935 5103 1094 5171 μόνον
1126 5102 1501 5172 ὑπερϐολικῶς
1551 5104 1696 5157 κατὰ
1729 5103 1790 5156 τὸ
1814 5104 1925 5156 τῶν

338 5192 648 5262 ἀνθρώπων
679 5193 876 5264 ἰδίωμα
906 5193 1152 5246 τέθεικεν
1197 5193 1445 5263 (εἰώθασι
1476 5195 1585 5265 γὰρ
1616 5195 1805 5248 πολλοὶ
1832 5195 1921 5249 λέ-

337 5301 484 5355 γειν,
510 5285 592 5340 ὅτι
620 5285 678 5338 '0
707 5285 858 5340 δεῖνα
881 5285 987 5349 ἓως
1009 5285 1118 5341 τῶν
1149 5268 1386 5356 νεφελῶν
1415 5284 1649 5358 ὑψώθη),
1674 5287 1809 5340 ἀλλὰ
1837 5289 1931 5341 καὶ

2023 3551 2338 3607 assimilasti
2368 3551 2589 3619 teipsum
2616 3554 2671 3602 in
2703 3547 2984 3600 altitudine
3033 3545 3168 3598 tua?
3195 3544 3428 3610 Quando
3474 3543 3600 3597 lon-

2021 3645 2368 3716 ganimitate,
2399 3657 2524 3696 cum
2567 3654 2710 3710 opus
2761 3645 2901 3700 erat,
2959 3637 3035 3690 uti
3070 3636 3271 3698 uoluit,
3317 3635 3410 3690 sed
3458 3632 3601 3688 fastu

2024 3736 2391 3805 superbiaque
2435 3733 2776 3788 insolescere
2827 3727 3244 3800 perseveravit,
3290 3741 3387 3796 per
3434 3725 3603 3779 inter-

2023 3824 2372 3893 rogationem
2408 3836 2536 3875 cum
2563 3835 2628 3874 eo
2656 3819 3010 3888 colloquitur.
3044 3817 3163 3882 Dic,
3208 3817 3417 3886 inquit,
3449 3829 3482 3868 ο
3512 3829 3602 3869 rex

2024 3914 2267 3985 Egypti,
2323 3913 2532 3984 quibus
2602 3910 2840 3979 teipsum
2884 3922 3210 3977 compares;
3269 3914 3324 3960 et
3383 3905 3603 3958 cuinam

2026 4021 2216 4075 regum
2272 4012 2328 4059 te
2382 4004 2617 4057 similem
2675 4015 2932 4064 censeas,
2990 3998 3084 4068 qui
3139 4003 3286 4051 tanta
3349 3994 3605 4064 superbia

2027 4094 2243 4151 uteris?
2274 4093 2483 4148 Deinde
2512 4092 2736 4162 subjicit
2764 4108 2779 4144 :

2097 4185 2262 4241 Vens.
2289 4186 2342 4240 5.
2363 4183 2499 4238 Ecce
2521 4183 2690 4237 Assur
2708 4181 3014 4252 cyparissus
3043 4180 3098 4232 in
3136 4177 3363 4242 Libano,
3387 4176 3607 4245 pulchra

2027 4277 2423 4350 propaginibus,
2459 4285 2508 4330 et
2548 4275 2662 4328 alta
2711 4269 3116 4343 magnitudine,
3161 4277 3210 4323 et
3252 4270 3417 4322 densa
3461 4277 3609 4338 tegu-

2029 4380 2224 4435 menta,
2261 4379 2309 4424 et
2335 4371 2390 4422 in
2417 4367 2590 4422 medio
2621 4366 2842 4420 nubium
2874 4363 2975 4433 fuit
3005 4361 3282 4429 imperium
3309 4360 3442 4428 ejus.
3473 4357 3608 4411 Rur-

2030 4477 2126 4519 sus
2163 4458 2540 4515 translationis
2573 4472 2709 4511 usus
2732 4463 2818 4510 est
2844 4454 3191 4515 charactere,
3221 4452 3406 4520 aitque
3439 4451 3608 4520 Assyo

2031 4554 2242 4606 riorum
2274 4545 2474 4620 regem
2510 4545 2798 4618 cyparisso
2843 4543 2899 4596 in
2933 4541 3144 4596 Libano
3191 4547 3331 4592 natae
3375 4538 3606 4592 similem

2031 4644 2226 4708 fuisse,
2255 4651 2309 4698 et
2337 4637 2716 4710 magnitudine
2745 4635 3036 4700 celsitatis,
3076 4639 3132 4686 ct
3187 4629 3499 4700 frequentia
3557 4635 3611 4682 et

2034 4736 2190 4805 copia
2230 4733 2335 4790 sibi
2378 4732 2774 4802 subjectorum,
2817 4735 2868 4782 et
2904 4729 3104 4781 decore
3133 4724 3523 4793 praefectorum
3558 4728 3613 4774 et

2034 4825 2258 4882 ducum.
2300 4823 2411 4878 Hos
2440 4823 2587 4877 enim
2613 4819 2940 4891 propagines
2973 4815 3207 4870 vocavit.
3234 4814 3370 4867 Illud
3402 4823 3611 4875 autem,

2041 4939 2060 4973 ι
2097 4922 2152 4974 in
2179 4917 2356 4972 medio
2383 4915 2612 4970 nubium
2638 4912 2741 4966 fuit
2762 4909 3051 4980 imperium
3075 4906 3220 4976 ejus,
3250 4925 3268 4957 ι
3299 4920 3409 4959 non
3437 4905 3613 4958 solum

2032 5010 2388 5082 hyperbolice
2435 5006 2742 5064 secundum
2802 5002 3084 5058 hominum
3142 5000 3217 5052 ita
3273 4997 3616 5067 loquentium

2035 5103 2236 5157 idioma
2270 5099 2457 5170 posuit
2511 5097 2781 5168 (plerique
2829 5093 2975 5148 enim
3014 5091 3202 5145 dicere
3252 5102 3615 5152 consuevere,

2037 5208 2214 5261 usque
2241 5191 2309 5245 ad
2337 5190 2512 5244 nubes
2555 5191 2733 5243 elatus
2761 5195 2846 5241 est
2879 5184 3011 5252 hic),
3060 5181 3157 5236 sed
3210 5181 3374 5235 etiam
3410 5181 3620 5248 cogita-

2041 5286 2250 5340 tionum
2285 5282 2406 5351 ejus
2438 5279 2811 5349 arrogantiam
2856 5273 3137 5345 patefecit.
3169 5270 3303 5342 Ejus
3338 5271 3486 5326 enim
3530 5268 3617 5321 di-

1671 5460 1908 5516 νΑιιιΑε
1953 5457 2371 5519 LECTIONES.

445 5561 492 5594 "
530 5561 659 5615 ἀπό.
686 5561 730 5615 Δ
763 5562 846 5614 ἐκ.
923 5563 968 5594 ³⁸
993 5561 1118 5632 γάρ.
1150 5559 1274 5632 Des.
1311 5559 1365 5613 in
1387 5559 1447 5612 Β.

1510 5587 1520 5631 -_
1556 5561 1600 5590 "’
1630 5561 1673 5612 A
1698 5562 1796 5621 τὰς
1814 5561 2020 5631 χεῖρας.

2123 5545 2172 5590 ’⁸
2203 5557 2297 5611 καὶ
2344 5584 2413 5596 -
2441 5570 2528 5607 σκ.
2570 5552 2759 5622 αὐτῆς.
2794 5547 2958 5622 Helm
3006 5552 3063 5602 et
3103 5543 3347 5622 frangam
3389 5536 3618 5622 brachia

347 5608 659 5687 Pharaonis
764 5608 1016 5702 et'valde‘
1031 5608 1365 5702 Bigeiﬁigcéi‘
1387 5608 1677 5702 confossus
1696 5608 2030 5702 cursim—illo.
2055 5697 2067 5702 _
2102 5630 2153 5702 ἒξ
2182 5608 2416 5702 δέξςμιιε
2445 5637 2662 5702 quoque
2691 5608 2736 5674 Κ
2775 5629 2829 5702 e_t
2866 5619 2907 5672 Β
2931 5608 3269 5702 contrariae.
3297 5608 3616 5702 lectitat-lem.

349 5677 1354 5771 ea;‘c'gi'"eimaginsiiéuf
1392 5677 1678 5771 ῖδξίᾶἶρῖὲξ
1701 5677 2494 5771 ’τὶιζῖξξιξ-ἔπλήθςὶζλτᾶυτῖ.
2516 5677 2678 5747 Hebr.
2713 5689 2934 5747 cedrus.
3011 5687 3055 5718 δ’
3080 5677 3615 5771 agt—ﬁngi};

353 5751 1378 5842 ﬁaﬁtifi'pdu'séﬁu‘.’{Eleatem
1441 5751 1601 5823 "233.
1642 5751 1924 5824 Q-uOroS.
1963 5751 2126 5823 Ἠώτῖ
2171 5768 2313 5823 inter
2374 5779 2556 5821 ramos
2611 5772 2729 5818 erat
2787 5772 3050 5817 cacumen
3085 5753 3226 5824 ejus.
3281 5751 3358 5806 lta
3399 5763 3620 5818 quoque

355 5841 501 5897 νοτε.
538 5841 602 5896 l0
641 5850 694 5896 et
734 5841 818 5896 Η.
