4116 6410
575 364 714 433 ³119

1596 372 2081 435 THEODORETI
2114 372 2449 433 EPISCOPI
2486 374 2853 435 CYRENSIS

3692 372 3830 445 1120

578 489 728 535 ctum
764 479 896 534 illud
935 488 1055 535 est:
1095 495 1114 529 ι
1169 476 1477 535 Ascendam
1531 493 1697 550 super
1754 480 1951 543 nubes,
1984 493 2144 549 super

2249 478 2358 533 τῶν
2398 479 2674 552 λογισμῶν
2695 478 2860 534 αὑτοὺ
2889 477 2988 546 τὴν
3019 478 3637 548 ἀλαζονείανιξιφηνιν·
3660 483 3827 543 αὑτοῦ

578 580 723 626 astra
754 571 878 626 οωΙί
909 581 1107 643 ponam
1147 566 1407 622 thronum
1436 583 1615 624 meum
1636 579 1663 617 γ
1690 588 1704 639 ;
1746 590 1765 621 ›
1807 570 1956 642 quod
1990 568 2148 625 undi-

577 674 685 729 que
719 673 749 713 e
778 657 963 711 divina
1002 655 1291 726 Scriptura
1324 657 1637 729 perspicere
1661 659 1809 715 licet.
1842 656 1979 713 Nam
2010 658 2148 714 Sen-

578 747 838 802 naeherib
868 746 1248 802 exclamabat:
1275 766 1295 801 s
1319 747 1675 822 Nequaquam
1696 760 1851 807 eruet
1882 748 2149 809 Dominus

581 842 1010 913 Hierosolymam
1043 842 1112 898 de
1137 859 1301 899 manu
1339 860 1459 902 mea
1486 856 1533 902 ι.
1577 865 1598 900 ι
1630 845 2148 907 Nabuchodonosor

579 945 705 984 vero
744 938 1117 986 constructam
1166 933 1461 1007 imaginem
1493 951 1712 995 auream
1741 950 1770 980 ι
1794 953 1986 996 omnes
2006 937 2111 994 sibi
2130 938 2148 958 ‘

579 1021 879 1088 subjectos,
908 1030 966 1076 et
1006 1024 1289 1094 principes
1326 1034 1380 1082 et
1410 1026 1722 1098 principum
1755 1037 2015 1101 parentes
2049 1028 2151 1085 im-

580 1112 753 1182 perio,
794 1115 1056 1185 praecepit
1087 1114 1251 1188 935
1280 1118 1527 1174 adorare.
1563 1117 1665 1173 ilic
1710 1119 1879 1190 igitur
1924 1134 2148 1192 quoque

575 1203 873 1273 superbam
907 1205 1057 1262 illius
1087 1216 1324 1264 mentem
1351 1223 1449 1279 per
1486 1210 1776 1282 aenigmata
1821 1211 2145 1269 declaravit.

574 1294 656 1349 Ad
698 1294 813 1350 haec
847 1295 1035 1367 adjicit
1064 1318 1077 1352 :

644 1464 811 1523 Vens.
853 1468 906 1522 4.
945 1468 1098 1539 Aqua
1124 1470 1374 1525 enutrivit
1403 1472 1578 1538 illam,
1622 1473 1846 1545 abyssus
1892 1475 2149 1533 exaltavit

574 1575 732 1624 eam;
764 1560 953 1628 ﬂuvios
988 1577 1109 1616 suos
1140 1560 1293 1616 duxit
1324 1564 1378 1618 in
1413 1566 1639 1621 circuitu
1663 1567 1971 1636 plantarum
2008 1570 2146 1639 ejus,

574 1658 621 1704 et
651 1660 813 1704 cretus
841 1669 965 1707 suos
1005 1654 1176 1708 emisit
1205 1653 1275 1713 ad
1306 1657 1485 1712 omnia
1522 1658 1665 1728 ligna
1698 1661 1893 1729 campi.
1935 1662 2147 1733 Aquam

574 1749 627 1795 et
665 1740 921 1813 abyssum
956 1745 1201 1802 iuliuitas
1230 1756 1422 1818 gentes
1472 1749 1541 1803 ab
1599 1766 1664 1807 eo
1717 1752 1775 1806 in
1827 1752 2145 1809 servitutem

2248 569 2355 640 γάρ
2382 571 2494 627 ἐστι
2528 572 2677 641 φωνή
2704 587 2717 602 ο
2760 588 2779 623 ι
2823 568 3193 637 Ἀναὸήσομαι
3223 568 3410 625 ἐπάνω
3431 567 3539 621 τῶν
3564 570 3827 641 νεφελῶν,

2248 657 2433 717 ἐπάνω
2451 658 2558 714 τῶν
2575 660 2789 732 ἄστρων
2805 655 2899 712 τοῦ
2920 655 3148 730 οὑρανοῧ
3169 657 3319 731 θήσω
3336 658 3429 712 τὸν
3448 659 3637 730 θρόνον
3657 677 3781 732 μου⁹
3805 682 3825 714 s

2250 745 2342 799 καὶ
2374 745 2531 800 τοῦτο
2571 747 2909 819 πανταχόθεν
2935 747 3084 802 ἐστιν
3110 748 3176 804 ἐκ
3199 746 3296 820 τῆς
3328 746 3480 812 θείας
3513 749 3833 821 διδαχθῆναι

2249 835 2489 907 Γραφῖμς.
2539 837 2596 893 '0
2639 837 2739 907 μὲν
2764 837 2869 908 γὰρ
2897 838 3272 909 Σενναχηρεὶμ
3300 837 3452 903 ἐϐόα,
3476 839 3559 892 ὅτι
3598 858 3618 892 ι
3646 841 3720 893 Οὐ
3752 842 3831 911 μὴ

2251 927 2694 1001 ῥύσεταιΚὺριος
2725 930 2824 1003 τὴν
2839 930 3195 1003 Ἰερουσαλὴμ
3223 931 3288 984 ὲκ
3306 930 3487 1004 χειρός
3520 948 3646 1003 μου·
3679 951 3698 985 s
3726 932 3830 986 όδὲ

2248 1020 2737 1094 Ναϐουχοδονόσορ,
2751 1021 2934 1076 εἰκόνα
2949 1022 3181 1093 ποιήσας
3192 1022 3422 1093 χρυσῆν,
3435 1022 3637 1092 ταύτην
3648 1022 3828 1076 ἀπαν-

2247 1127 2347 1173 τας
2382 1110 2510 1176 τοὺς
2544 1110 2838 1182 ὑπηκόους,
2883 1109 2977 1165 καὶ
3016 1110 3284 1181 ἄρχοντας
3318 1110 3413 1167 καὶ
3454 1111 3825 1185 ἀρχομένους,

2248 1197 2551 1270 προσέταξε
2613 1201 2959 1269 προσκυνεῖν.
2990 1198 3285 1255 Κάνταῦθα
3314 1199 3497 1257 τοίνυν
3528 1200 3627 1271 την
3656 1200 3825 1271 ὑπερ-

2250 1292 2460 1364 ήφανον
2486 1290 2650 1346 αὑτοὺ
2679 1291 2905 1363 γνώμην
2931 1291 2999 1346 δι’
3020 1290 3361 1367 αἰνιγμάτων
3394 1291 3651 1363 ἐδήλωσε.
3671 1292 3828 1363 ,Τού-

2246 1398 2364 1446 τοις
2390 1381 2609 1449 ἐπάγειο

2236 1530 2245 1539 .
2320 1472 2382 1527 δ’·
2415 1471 2610 1541 ’Υὸωρ
2640 1469 2965 1541 ἐξέθρεψεν
2985 1471 3031 1503 ³⁵
3068 1471 3275 1536 αὐτὸν,
3304 1471 3344 1538 ἡ
3369 1468 3638 1534 ἄϐυσσος
3661 1470 3832 1539 ὕψω-

2248 1578 2362 1623 σεν
2392 1563 2600 1630 αὑτὸν,
2632 1563 2772 1630 τοὺς
2807 1564 2854 1596 ³⁸
2878 1562 3184 1633 ποταμοὺς
3220 1561 3412 1630 αὐτῆς
3429 1562 3473 1593 ³⁸
3512 1561 3696 1632 ἤγαγε
3724 1561 3834 1624 κύ-

2250 1660 2375 1719 κλῳ
2415 1654 2533 1710 τῶν
2563 1654 2769 1725 φυτῶν
2814 1655 3026 1720 αὐτοῦ,
3069 1653 3171 1709 καὶ
3212 1652 3285 1708 τὰ
3322 1652 3683 1722 συστήματα
3722 1656 3835 1708 αὐ-

2250 1746 2360 1816 τῆς
2397 1746 2440 1777 ³⁷
2506 1745 2938 1811 ἐξαπέστειλεν
2992 1747 3080 1812 είς
3134 1744 3333 1800 πάντα
3387 1747 3461 1799 τὰ
3513 1743 3672 1810 ξύλα
3721 1742 3834 1801 τοῦ

575 1831 826 1888 redactas
844 1836 1161 1905 appellavit,
1182 1854 1317 1908 quas
1343 1840 1578 1913 vectigal
1601 1849 1658 1896 ct
1676 1841 1966 1908 tributum,
1991 1844 2144 1915 quasi

2252 1838 2481 1894 πεδίου.
2518 1838 2704 1908 Ὕδωρ
2745 1838 2801 1892 δὲ
2844 1837 2937 1892 καὶ
2983 1837 3219 1892 ἄϐυσσον
3250 1836 3320 1890 τὰ
3366 1836 3570 1908 ἄπειρα
3605 1834 3735 1908 ἔθνη
3762 1836 3836 1891 τὰ

572 1923 865 1992 quamdam
894 1927 1271 2000 irrigationcm
1310 1932 1576 1986 exercitui
1616 1930 1936 2002 aﬂ‘erentes,
1978 1937 2146 1992 veluti

574 2016 804 2073 arbores
838 2020 1104 2090 quasdam
1153 2023 1441 2088 enutrivit,
1475 2022 1764 2097 eﬂ‘ecitque
1798 2035 1855 2082 ut
1888 2028 2008 2099 ejus
2040 2044 2149 2085 cos-

574 2115 685 2174 tus,
716 2108 769 2165 id
806 2118 911 2177 est,
970 2111 1191 2170 ordines
1246 2114 1534 2178 militares,
1576 2133 1596 2168 ι
1641 2116 1709 2171 ad
1776 2120 1961 2175 omnia
2000 2121 2145 2192 ligna

572 2199 752 2268 campi
789 2218 807 2251 ι
846 2202 1216 2268 mitterentur,
1253 2205 1359 2260 hoc
1391 2212 1499 2272 est,
1543 2205 1610 2261 ad
1650 2221 1747 2262 eos
1786 2210 1881 2279 qui
1910 2212 2145 2267 necdum

572 2287 808 2354 subacti,
839 2307 1016 2362 neque
1051 2293 1103 2348 in
1131 2296 1455 2352 servitutem
1479 2295 1688 2354 redacti
1716 2309 1935 2369 essent,
1980 2315 2039 2359 ut
2066 2305 2143 2359 illi

568 2378 733 2435 etiam
762 2381 1193 2452 subjicerentur.

640 2645 809 2704 Vens.
835 2648 888 2704 5.
918 2650 1146 2722 Propter
1166 2653 1264 2709 hoc
1299 2658 1540 2713 exaltata
1568 2669 1645 2714 est
1674 2658 1985 2729 magnitudo
2030 2662 2146 2730 ejus

566 2754 730 2806 supra
757 2740 934 2795 omnia
958 2742 1103 2813 ligna
1131 2747 1325 2817 campi,
1354 2757 1404 2802 et
1430 2749 1551 2804 inde
1586 2749 1806 2805 dilatati
1840 2761 1963 2805 sunt
2004 2755 2141 2806 rami

564 2828 702 2898 ejus,
723 2839 774 2885 et
794 2834 1047 2889 exaltata:
1071 2847 1195 2891 sunt
1214 2841 1525 2911 propagines
1555 2842 1669 2910 ejus
1693 2840 1757 2896 ab
1784 2860 1924 2914 aqua
1949 2848 2140 2912 multa,

561 2935 686 2976 cum
712 2924 1008 2981 extenderet
1040 2944 1115 2984 se.
1158 2928 1297 2995 Hoc,
1331 2932 1533 3001 inquit,
1574 2933 1679 3003 ipsi
1717 2938 2046 3007 arrogantiae
2088 2949 2141 2995 et

566 3014 839 3082 superbiae
872 3031 1044 3073 causa
1078 3018 1182 3075 fuit
1219 3035 1236 3076 :
1298 3021 1368 3077 ab
1404 3024 1636 3080 infinitis
1682 3027 1826 3081 enim
1884 3031 2139 3099 gentibus

563 3105 846 3176 excipiens
895 3108 1297 3180 irrigationem,
1355 3129 1478 3169 cum
1512 3116 1909 3188 propaginibus
1942 3131 2139 3180 auctus
2167 3154 2210 3211 ε

562 3200 669 3251 est.

637 3371 807 3432 Vens.
854 3375 907 3429 6.
963 3376 1031 3431 In
1074 3381 1450 3450 propaginibus
1502 3384 1656 3454 ejus,
1712 3387 1933 3459 inquit,
1988 3392 2140 3448 nidos

562 3475 875 3521 struxerunt
907 3470 1087 3524 omnia
1126 3471 1368 3527 volatilia
1400 3475 1537 3530 cali.
1597 3474 1702 3533 Per
1755 3480 1858 3536 hoc
1901 3482 2142 3552 pruden-

564 3558 733 3614 tiores
766 3559 1037 3625 homines,
1064 3570 1120 3617 et
1144 3564 1310 3618 veluti
1342 3576 1528 3622 mente
1555 3568 1805 3626 volantes
1849 3571 2138 3630 indicavit.

570 3666 591 3699 ι
654 3646 721 3702 Ει
774 3649 877 3705 sub
929 3651 1101 3708 ramis
1152 3653 1273 3724 ejus
1342 3658 1643 3729 gignebant
1696 3677 1889 3718 omnes
1952 3663 2142 3722 bestia:

564 3740 767 3810 campi.
804 3760 823 3794 ι
869 3740 965 3799 Bis
998 3743 1264 3802 barbaras
1304 3758 1498 3819 gentes
1550 3751 1899 3823 signiﬁcavit,
1923 3761 1978 3810 et
2008 3754 2140 3812 ieri-

564 3845 685 3896 uas,
717 3840 772 3887 et
806 3832 1039 3890 humilia
1072 3839 1416 3896 sentientes:
1454 3842 1602 3912 quod
1652 3844 1770 3914 ipse
1807 3860 2028 3917 quoque
2056 3847 2142 3906 in-

564 3933 899 3995 terpretatus
928 3939 1032 3997 est,
1054 3929 1245 3988 dicens
1273 3950 1284 3983 :
1323 3952 1343 3986 (
1382 3935 1441 3989 ln
1470 3936 1664 3992 umbra
1696 3938 1845 3995 illius
1873 3939 2142 3999 habitavit

562 4017 741 4073 omnis
790 4019 1085 4076 multitudo
1120 4020 1291 4094 936
1335 4026 1596 4095 gentium.
1631 4046 1649 4078 ι
1678 4026 1742 4084 Ει
1766 4031 1911 4101 quod
1970 4048 2139 4105 supra

559 4109 781 4165 divisim
812 4118 871 4165 et
912 4128 1009 4183 per
1049 4115 1466 4170 translationem
1494 4114 1650 4183 dixit,
1684 4118 1790 4175 hoc
1830 4123 2141 4180 communi-

558 4208 644 4255 ter
666 4210 720 4256 et
747 4211 934 4273 aperte
966 4204 1057 4259 hic
1087 4204 1311 4276 adjecit.
1340 4204 1693 4280 Umbramque
1720 4211 1893 4283 ipsius
1926 4220 1980 4269 et
2016 4231 2141 4285 pro-

557 4292 773 4362 pagines
809 4300 863 4349 et
905 4311 1105 4360 ramos,
1158 4312 1268 4352 non
1316 4298 1493 4354 solum
1544 4299 1830 4372 praefectos
1861 4310 1915 4359 et
1944 4306 2136 4374 duces,

559 4382 657 4437 sed
704 4383 872 4440 etiam
928 4385 1180 4455 gentibus
1223 4386 1561 4459 imperantes
1602 4401 1854 4468 satrapas
1899 4399 2133 4463 vocavit,

2252 1930 2344 1984 ὑπ’
2383 1928 2549 1984 αὑτοῦ
2577 1928 2913 1984 δουλωθέντα
2944 1928 3413 2001 προσηγόρευσεν,
3440 1926 3475 1982 ὃ.
3506 1928 3596 1982 τὸν
3622 1927 3837 2001 δασμὸν

2248 2020 2459 2076 καὶτὸν
2493 2019 2679 2090 φόρον,
2729 2020 2990 2091 καθάπερ
3030 2019 3154 2074 τινὰ
3191 2018 3413 2090 άρδείαν
3456 2021 3523 2093 τῇ
3570 2018 3837 2091 στρατείᾳ

2248 2108 2649 2180 προσφέροντα,
2702 2102 2813 2163 οἷόν
2869 2125 2991 2163 τινα
3036 2106 3179 2178 φυτὰ
3219 2106 3512 2179 ἐξέθρεψε,
3556 2107 3651 2161 καὶ
3683 2123 3834 2179 παρ-

2247 2200 2513 2256 εσκεύασε
2534 2200 2604 2255 τὰ
2633 2200 2838 2270 ταύτης
2873 2202 3218 2271 συστήματα,
3253 2198 3522 2263 τουτέστι,
3559 2198 3628 2255 τὰ
3662 2216 3838 2273 mpet-

2245 2291 2477 2346 τιωτικά
2512 2292 2891 2363 συντάγματα,
2931 2290 3306 2361 ἀποσταλῆναι
3352 2290 3435 2352 εἰς
3469 2287 3650 2343 πάντα
3696 2286 3836 2352 ξύλα

2244 2382 2337 2434 τοῦ
2365 2381 2571 2447 πεδίου,
2616 2380 2739 2436 ἀντὶ
2780 2378 2875 2434 τοῦ
2902 2380 2969 2444 ³⁸,
2994 2379 3121 2443 τοὺς
3169 2378 3400 2451 μηδέπω
3441 2376 3830 2448 χειρωθέντας,

2249 2473 2385 2544 μηδὲ
2413 2472 2813 2539 δουλωθέντας,
2846 2471 2921 2539 ὡς
2962 2472 3055 2529 καὶ
3088 2470 3313 2535 τούτους
3356 2470 3633 2541 ὑπηκόους
3675 2472 3835 2538 γενέ-ν

2246 2565 2393 2618 σοαμ

2313 2656 2376 2709 ε’.
2410 2657 2661 2710 Ἕνεκεν
2706 2655 2921 2711 τούτου
2976 2653 3189 2723 ὑψώθη
3230 2652 3296 2709 τὸ
3335 2652 3592 2723 μέγεθος
3638 2651 3832 2707 αὑτοῦ

2244 2747 2403 2816 παρὰ
2427 2746 2625 2800 πάντα
2647 2745 2720 2800 τὰ
2740 2745 2783 2778 ³⁸
2816 2744 2975 2811 ξύλα
3000 2744 3109 2799 τοῦ
3135 2744 3369 2809 πεδίου,
3394 2744 3494 2798 καί
3526 2743 3757 2799 ἐκεῖθεν
3778 2743 3827 2776 ⁸⁸

2241 2838 2715 2903 ἐπλατύνθησαν
2746 2838 2801 2890 οι
2837 2835 3052 2890 κλάδοι
3099 2834 3309 2900 αὑτοῦ,
3344 2833 3445 2889 καί
3486 2833 3835 2904 sedeam»

2241 2934 2300 2985 al
2337 2927 2724 2998 παραφυάδες
2769 2929 2954 2983 αὐτοῦ
3005 2927 3108 2997 ἀφ’
3139 2927 3359 2994 ὕδατος
3404 2927 3641 2983 πολλοῦ
3685 2927 3823 2981 er“

2241 3021 2322 3088 τῷ
2357 3021 2612 3076 ἐκτεῖναι
2642 3022 2851 3076 αὐτόν.
2892 3019 3086 3086 Τοῦτο,
3117 3021 3306 3093 φησιν,
3346 3021 3521 3073 αἴτιον
3555 3018 3702 3091 αὑτῷ
3731 3019 3830 3075 καὶ

2242 3117 2341 3186 τῆς
2367 3114 2709 3179 ἀλαζονείας,
2735 3114 2829 3169 καὶ
2859 3115 2957 3184 τῆς
2980 3114 3360 3186 ὑπερηφανίας
3390 3114 3609 3187 ἐγένετο
3629 3127 3645 3145 °
3673 3112 3829 3185 παρὰ

2241 3206 2349 3278 γὰρ
2380 3204 2590 3277 μυρίων
2631 3205 2803 3259 ὲθνῶν
2842 3205 2944 3278 τὴν
2972 3204 3195 3278 ἀρδείαν
3235 3203 3549 3275 δεχόμενος,
3579 3204 3677 3258 σὺν
3703 3206 3823 3267 ταῖς

2240 3297 2592 3369 παραφυάσιν
2628 3296 2864 3369 ηὐξήθη.

2312 3394 2386 3453 ς’.
2430 3389 2534 3442 Ἐν
2559 3388 2690 3455 ταῖς
2723 3385 3115 3458 παραφυάσιν
3144 3386 3352 3454 αὐτοῦ,
3391 3388 3610 3458 φησὶν,
3649 3387 3823 3442 ἐνόσ-

2240 3495 2430 3535 σευσε
2455 3481 2499 3512 ⁸⁸
2535 3478 2731 3534 πάντα
2757 3480 2829 3534 τὰ
2855 3480 3097 3535 πετεινὰ
3125 3480 3232 3534 τοῦ
3256 3480 3540 3551 οὐρανοῦ.
3577 3480 3676 3535 Διά
3702 3479 3827 3533 tonio

2238 3587 2333 3624 του
2386 3570 2511 3634 τοὺς
2562 3570 2960 3643 λογικωτέρους
2999 3569 3113 3624 τῶν
3154 3569 3481 3649 ἀνθρώπων,
3537 3571 3634 3627 καὶ
3664 3572 3824 3625 οἱονεὶ

2240 3662 2478 3732 πτηνοὺς
2522 3662 2899 3734 παρεδήλωσε.
2957 3682 2976 3716 ι
3015 3662 3127 3718 Καὶ
3175 3663 3436 3719 ὑποκάτω
3472 3664 3581 3719 τῶν
3615 3663 3825 3719 κλάδων

2239 3752 2403 3807 αὑτοῦ
2459 3752 2653 3822 ἐγέννα
2673 3752 2719 3784 ⁸³
2756 3753 2937 3809 πάντα
2975 3753 3045 3810 τά
3087 3754 3254 3827 θηρία
3302 3754 3395 3810 τοῦ
3434 3755 3641 3811 πεδίου.
3681 3774 3700 3808 ›
3743 3754 3827 3809 Τὰ

2241 3844 2492 3916 βάρϐαρα
2539 3845 2596 3898 δὲ
2624 3845 2734 3899 τῶν
2776 3845 2948 3901 ἐθνῶν
2990 3845 3079 3902 διὰ
3121 3847 3329 3903 τούτων
3380 3849 3628 3923 ὲσήμανε
3654 3848 3697 3881 ⁸⁸
3727 3849 3828 3921 θη-

2241 3935 2410 4006 ριώδη
2455 3935 2605 4002 ὄντα,
2653 3936 2749 3992 καὶ
2797 3936 2899 4009 τὴν
2949 3936 3128 4011 ψυχὴν
3175 3937 3523 4012 χαμαίζηλα·
3565 3937 3725 3993 τοῦτο
3766 3938 3825 3993 δὲ

2239 4026 2335 4080 καὶ
2360 4025 2524 4090 αὑτὸς
2555 4026 2923 4098 ἠρμήνευσεν,
2954 4026 3195 4101 εἰρηκώς
3214 4045 3228 4061 ·
3270 4047 3290 4082 ι
3341 4029 3430 4083 Ἐν
3464 4031 3530 4101 τῇ
3563 4030 3691 4101 σκιᾷ
3722 4030 3822 4083 αὑο

2237 4116 2331 4171 τοῦ
2361 4102 2650 4187 κατῴκησε
2677 4116 2881 4187 πλῆθος
2909 4118 3101 4173 ἐθνῶν.
3134 4137 3152 4171 ι
3184 4118 3298 4175 Καὶ
3327 4120 3464 4190 ὅπερ
3486 4118 3599 4174 ἄνω
3625 4119 3816 4199 διῃρη·

2243 4205 2420 4276 μένως
2463 4200 2585 4259 εἷπε
2630 4204 2724 4260 καὶ
2769 4208 3083 4272 τροπικῶς,
3124 4204 3284 4260 τοῦτο
3347 4205 3585 4260 ἐνταῦθα
3624 4206 3825 4268 κοινῶς

2240 4299 2334 4352 καὶ
2363 4297 2549 4367 σαφῶς
2582 4297 2960 4370 προστέθεικε.
2994 4298 3180 4356 Σκιὰν
3199 4299 3257 4353 δὲ
3288 4297 3478 4364 αὑτοῦ,
3505 4298 3602 4353 καὶ
3629 4312 3822 4366 παρα-

2238 4386 2492 4459 φυάδας,
2518 4389 2610 4442 καὶ
2624 4388 2911 4458 κλάδους,
2932 4391 2993 4446 οὑ
3028 4390 3187 4462 μόνον
3207 4391 3483 4463 ὑπάρχους
3504 4389 3598 4443 καὶ
3626 4404 3825 4458 στρατ-

559 4473 761 4543 quibus
816 4477 1048 4549 subjecti
1092 4479 1277 4549 populi
1340 4481 1673 4541 serviebant.
1729 4486 1857 4544 Haec
1912 4503 2137 4561 quoque

2243 4481 2444 4553 ηγοὺς,
2516 4481 2652 4536 ἀλλά
2702 4485 2796 4537 καὶ
2838 4484 2965 4547 τοὺς
3009 4483 3119 4538 τῶν
3159 4482 3332 4539 ὲθνῶν
3382 4480 3821 4554 ἡγεμονεύοντας

559 4562 1070 4623 Nabuchodonosor
1120 4569 1240 4637 ipse
1285 4571 1423 4628 vidit
1470 4571 1528 4631 in
1576 4592 1792 4648 somno,
1836 4585 1893 4634 et
1940 4577 2136 4635 beatus

559 4652 749 4712 Daniel
780 4658 997 4715 arboris
1022 4659 1419 4733 interpretatus
1457 4674 1544 4723 est
1574 4669 1849 4726 somnium
1868 4669 1920 4722 δ.

628 4918 794 4975 Vens.
824 4922 878 4975 7.
910 4921 975 4977 Et
1005 4923 1130 4992 fuit,
1164 4925 1362 4997 inquit,
1390 4926 1730 4997 pulchritudo
1763 4927 1820 4983 in
1850 4929 2131 4987 altitudine

559 5009 669 5076 ejus
699 5022 917 5081 propter
951 5016 1345 5073 multitudinem
1375 5033 1650 5073 ramorum
1680 5020 1815 5090 ejus.
1847 5019 2013 5078 Docet
2037 5038 2130 5080 au-

561 5108 667 5156 tem
699 5119 804 5159 nos
839 5107 1159 5183 (ramorum)
1213 5110 1626 5167 multitudinem
1672 5113 1867 5170 beatus
1914 5111 2130 5185 Daniel,

2240 4574 2524 4648 σατράπας
2549 4573 2826 4641 ἐκάλεσεν,
2864 4572 2946 4639 οἷς
2990 4575 3260 4631 διετέλουν
3280 4561 3618 4638 δουλεύοντες
3644 4574 3694 4625 ol
3723 4573 3823 4625 ὑπ-

2243 4668 2418 4739 ήκοοι.
2452 4666 2639 4722 Ταῦτα
2670 4668 2765 4722 καὶ
2791 4667 2955 4731 αὐτὸς
2977 4669 3005 4722 ὁ
3032 4666 3504 4739 Ναϐουχοδονόσορ
3530 4665 3664 4736 ὄναρ
3689 4659 3820 4724 εἶδε.

2240 4759 2334 4812 καὶ
2364 4761 2392 4812 ὀ
2440 4759 2714 4831 μακάριος
2771 4762 3086 4835 ἡρμήνευσε
3133 4759 3331 4831 Δανιὴλ
3357 4758 3420 4813 τδ
3462 4757 3557 4812 τοῦ
3600 4754 3822 4826 δένδρου

2240 4848 2513 4904 ἐνύπνιον.

2310 4936 2377 5002 ζ’.
2413 4938 2522 4993 Καὶ
2546 4934 2594 4970 ⁵⁸
2622 4937 2880 5009 ἐγένετο,
2922 4939 3075 5010 φησὶ,
3103 4939 3332 5002 κάλλος
3353 4936 3398 4970 ⁸⁸
3450 4935 3521 4991 ἑν
3571 4931 3653 4999 τῷ
3680 4932 3823 5022 ὕψει

2238 5029 2423 5084 αὐτοῦ
2447 5029 2545 5084 διὰ
2573 5029 2639 5084 τὸ
2666 5029 2901 5100 πλῆθος
2927 5031 2972 5063 ⁸⁷
3005 5030 3126 5085 τῶν
3153 5029 3397 5093 κλάδων
3426 5026 3631 5083 αὑτοῦ.
3664 5022 3826 5077 Διδά-

2244 5136 2364 5173 σκει
2390 5119 2447 5174 δὲ
2478 5121 2624 5192 ἡμᾶς
2648 5120 2709 5173 τὸ
2734 5119 2829 5174 τοῦ
2862 5120 3101 5194 πλήθους
3134 5122 3229 5176 καὶ
3247 5122 3275 5175 ό
3298 5119 3566 5191 μακάριος
3592 5112 3824 5184 Δανιὴλ»

630 5286 660 5324 ῖ
684 5275 790 5333 lsa.
831 5296 942 5349 xiv,
978 5286 1066 5340 Η.
1144 5295 1167 5322 ι
1202 5284 1269 5342 ιν
1300 5283 1438 5358 Reg.
1462 5303 1624 5357 svnt,
1657 5292 1747 5349 35.
1789 5305 1817 5334 ι
1845 5291 1985 5349 Dan.
2015 5311 2099 5359 ιιι,
2138 5314 2144 5348 τ

2243 5312 2365 5369 eqq.
2454 5299 2484 5338 ιι
2518 5296 2651 5354 Dan.
2685 5315 2747 5366 ιι,
2780 5299 2844 5354 3i
2880 5314 3036 5371 seqq.

1849 5448 1990 5506 VAR
1999 5449 2090 5506 ΜΞ
2122 5448 2417 5512 LECTION
2426 5450 2530 5509 ES.

635 5557 681 5634 ξ’
726 5559 771 5634 ᾼ
827 5558 1094 5634 ξθρειῐέξν.Δ
1168 5564 1210 5596 ³⁴¹
1261 5582 1404 5630 τους.
1433 5596 1503 5608 -—
1533 5572 1656 5624 αὐτ.
1694 5568 1857 5625 Hebr.
1892 5567 2113 5628 ﬂuentis
2142 5573 2259 5629 suis
2285 5572 2474 5630 obibat
2527 5573 2619 5633 (ab

566 5623 610 5705 ξ’
701 5623 911 5710 αὑτοῇς
968 5623 1291 5710 δ’τά-συσ-τ.
1332 5623 1453 5710 αὑτ.
1486 5623 1644 5695 Hebr.
1682 5623 2226 5710 aquaeductuﬂsus—uos:

567 5693 621 5747 in
658 5697 727 5771 ιιἶ
828 5698 869 5771 9!
894 5701 952 5771 ὲν
981 5731 1049 5742 -
1072 5705 1194 5756 αὐτ.
1216 5703 1354 5759 'Des.
1390 5707 1444 5761 in
1468 5710 1531 5762 Α.
1573 5693 1581 5695 ⁷
1611 5711 1657 5742 δ’
1683 5693 2101 5771 semiesas;

568 5766 751 5836 suppl.
828 5768 939 5825 “A
975 5771 1135 5837 καλός
1160 5776 1368 5830 omisso
1397 5779 1472 5832 ἐν.
1546 5781 1592 5812 ⁸⁷
1616 5780 1761 5834 π)..Δ
1796 5782 1989 5854 μῆκος.

2201 5714 2246 5745 ⁸³
2278 5714 2322 5768 Α
2361 5713 2691 5783 ὲγεννῶσαν.
2756 5713 2820 5748 ⁷⁸⁸
2849 5715 2890 5767 Β
2918 5716 3181 5789 ἐσήμηνε.

2460 5579 2474 5625 ι
2527 5573 2619 5633 (ab
2659 5574 2805 5646 ssus)
2870 5573 3303 5649 circumquaque
3401 5573 3635 5631 lantaria
3664 5571 3818 5630 e'us.

2460 5642 2487 5695 ὖ
2516 5642 2590 5699 Ex
2619 5589 2660 5698 ᾗ
2685 5645 2864 5700 sunnl.
2948 5646 2992 5677 ”
3019 5646 3106 5700 τά.
3139 5645 3245 5700 Des
3281 5647 3334 5700 in
3528 5643 3573 5676 “
3597 5645 3660 5696 ὲκ
3690 5588 3818 5696 Des.

2326 5644 2375 5715 ’ἒ
2395 5642 2487 5696 τοῦ
2516 5642 2590 5715 Ex
2619 5642 2660 5698 Β
2685 5642 2864 5715 suppl.
2948 5646 2992 5677 ”
3019 5642 3114 5700 τάξ
3139 5642 3245 5704 Ι)εέ
3281 5647 3334 5701 in
3364 5642 3436 5701 Β.
3528 5643 3573 5715 ξ’
3597 5645 3660 5715 ὲκ
3690 5642 3820 5715 Deg-

3293 5718 3337 5750 “
3367 5718 3479 5773 καί.
3512 5714 3588 5770 Ex
3609 5713 3654 5766 Α
3685 5718 3740 5766 et
3778 5711 3825 5766 Β
