4116 6402
565 387 704 450 1123

1554 366 2039 430 THEODORET‘I
2079 366 2417 426 EPISCOPI
2459 367 2822 429 CYRENSIS

3678 374 3818 437 1124

563 509 795 568 regnum
830 487 1106 548 dissolvit.
1144 504 1164 537 ι
1201 483 1268 538 Ει
1301 481 1455 546 fecit,
1521 475 2128 568 inquittperditionem

2239 472 2520 543 ὑπάρχων,
2549 475 2642 530 καὶ
2665 474 2730 529 ἐκ
2751 476 2846 530 δύο
2863 473 3032 532 ἐθνῶν
3053 477 3395 550 ὁρμώμενος,
3419 480 3519 553 τὴν
3550 482 3658 537 τῶν
3695 487 3820 541 Ἀσ-

562 566 739 658 ipsius
780 581 1081 640 secundum
1120 575 1459 646 impietatem
1501 571 1643 640 ejus.
1685 589 1710 658 ι
1737 566 1947 639 Digna‘
1987 567 2132 658 enim

559 657 630 732 iis
659 689 778 746 qua:
811 669 1029 725 admisit
1081 664 1353 736 shpplicia
1388 661 1637 732 pertulit.
1691 657 2010 713 Secundum
2046 657 2134 712 hi-

559 769 787 826 storiam
815 766 982 834 igitur
1033 761 1149 815 haec
1182 753 1713 811 Nabuchodonosori
1739 749 2011 814 accidere,
2039 749 2134 820 qui

557 867 725 914 tanta:
759 854 1100 910 crudelitatis
1124 849 1508 920 superbiaeque
1530 853 1582 900 et
1619 843 1917 915 impietatis
1947 841 2135 897 morbo

558 948 849 1006 laboravit.
887 944 944 999 Si
979 959 1107 1000 vero
1143 944 1256 996 haec
1290 946 1550 994 accurate
1577 936 1782 1006 aliquis
1814 935 1943 988 velit
1973 931 2136 1001 inspi—

557 1058 706 1106 cere,
743 1037 1047 1107 comperiet
1097 1035 1262 1089 etiam
1303 1044 1651 1085 communem
1707 1026 1990 1080 hominum
2042 1039 2136 1093 pe-

557 1142 720 1196 stem,
753 1129 862 1183 Deo
897 1126 1160 1182 infestum
1193 1133 1246 1176 et
1270 1120 1553 1175 inimicum
1586 1117 1865 1171 diabolum
1902 1130 1998 1184 per
2019 1113 2134 1168 hate

559 1221 833 1278 indicari:
882 1220 974 1289 qui
1013 1225 1159 1272 recte
1193 1222 1246 1268 et
1272 1212 1502 1283 pulchre
1528 1209 1885 1268 fabrefactus,
1927 1204 2135 1275 princi-

559 1315 831 1384 pibusque
872 1307 1246 1379 potestatibus
1275 1311 1619 1372 exaequatus,
1662 1297 2137 1365 inferioribusque

561 1405 800 1459 nobilior
831 1399 1164 1470 (paradisum
1206 1395 1353 1450 enim
1402 1392 1731 1452 deliciarum,
1777 1395 1843 1470 et
1889 1386 2032 1456 ligna
2080 1385 2136 1437 in

560 1495 702 1563 ipso,
736 1467 1043 1546 secundum
1076 1485 1351 1554 allegoriae
1383 1481 1552 1550 leges,
1599 1467 1848 1548 corporis
1883 1482 2136 1546 expertes

558 1592 794 1638 naturas
817 1578 1082 1645 vocavit),
1112 1583 1306 1630 contra
1328 1571 1591 1641 Opiﬁcem
1617 1584 1805 1634 suum,
1833 1582 1862 1619 a
1895 1581 2006 1635 quo
2056 1575 2134 1618 ta-

562 1675 668 1728 lem
699 1672 951 1726 decorem
982 1674 1418 1738 potestatemque
1445 1667 1754 1731 acceperat,
1785 1658 1951 1713 veluti
1984 1655 2137 1711 rabie

559 1764 787 1829 exarsit,
829 1761 1238 1828 meditatusque
1278 1753 1646 1827 tyrannidem,
1687 1766 1812 1805 cum
1859 1765 1920 1804 se
1967 1748 2133 1802 Deum

2239 564 2440 634 συρίων
2465 565 2557 618 καὶ
2598 565 2956 622 Βαϐυλωνίων
2986 569 3252 624 κατέλυσε
3285 570 3599 644 βασιλείανῆ
3639 594 3657 626 ι
3707 578 3820 631 Kal.

2239 655 2483 724 ἐποίησε,
2518 659 2703 728 φησὶν,
2737 658 2836 730 τὴν
2874 661 3151 716 ἀπώλειαν
3188 663 3354 716 αὑτοῦ
3383 665 3524 718 κατά
3559 665 3660 737 τὴν
3690 669 3820 723 ἀσέ-

2238 744 2391 798 ϐειαν
2420 747 2581 800 αὐτοῦ
2600 764 2612 774 ·
2642 767 2659 798 ι
2691 750 2850 816 ’Δξια
2881 750 3010 822 γὰρ,
3049 752 3234 823 φησὶν,
3270 753 3561 824 ὑπέμεινεν
3587 749 3662 810 ὧν
3693 757 3821 828 ἡνό-

2240 855 2381 907 μησε
2406 840 2471 892 ⁸³.
2527 841 2683 894 Κατά
2718 841 2817 912 μὶν
2847 838 2938 896 οὖν
2979 844 3077 913 τὴν
3108 846 3369 916 ἱστορίαν,
3401 845 3576 900 ταῦτα
3601 848 3680 918 τῷ
3707 849 3825 904 Να-

2237 928 2622 1003 ϐουχοδονόσορ
2656 933 2877 1004 συνέϐη,
2907 934 3174 1005 τοσαύτην
3200 936 3460 1007 ὠμότητα
3491 939 3586 990 καὶ
3627 939 3818 1003 ἀλαζο-

2236 1022 2386 1075 νείαν
2438 1024 2534 1076 σὺν
2579 1025 2806 1096 ἀσεϐείᾳ
2844 1029 3178 1100 νενοσηκότι.
3215 1030 3278 1082 Εἰ
3327 1029 3384 1082 δέ
3437 1047 3519 1093 τις
3578 1025 3824 1103 ἀκριϐῶς

2238 1116 2468 1169 συνιδεῖν
2497 1116 2825 1187 ἐθελήσειεν,
2859 1119 3084 1190 εὑρήσει
3115 1121 3211 1172 καὶ
3243 1121 3336 1173 τὸν
3376 1122 3553 1174 κοινὸν
3583 1121 3693 1175 τῶν
3723 1125 3792 1177 ἀν
3815 1158 3827 1166 -

2237 1203 2470 1276 θρώπων
2514 1208 2811 1279 ἀλάστορα,
2849 1210 2941 1263 τὸν
2972 1211 3065 1264 τοῦ
3096 1209 3232 1264 Θεοῦ
3264 1212 3502 1283 δυσμενῆ
3544 1215 3635 1268 καὶ
3658 1215 3825 1267 πολέ-

2239 1296 2626 1365 μιον’διάϐολον
2653 1298 2742 1351 διὰ
2766 1299 2971 1352 τούτων
3005 1300 3506 1372 παραδηλούμενον,
3541 1301 3600 1365 ὃς
3640 1302 3826 1367 καλῶς

2237 1385 2331 1438 καὶ
2357 1386 2577 1452 ἀγαθῶς
2601 1387 2647 1416 ⁸⁸
2679 1387 3128 1460 δημιουργηθεὶς,
3167 1392 3259 1444 καὶ
3283 1394 3404 1454 ταῖς
3439 1392 3538 1462 μὲν
3563 1393 3824 1463 ἀρχικαῑς

2236 1476 2532 1546 δυνάμεσιν
2577 1479 2947 1551 ἐξισούμενος,
2979 1481 3088 1534 τῶν
3122 1483 3178 1535 δὲ
3215 1485 3618 1555 ὑποδεεστέρων
3645 1487 3824 1556 ὑπάρ-

2236 1587 2346 1640 χων
2417 1572 2877 1643 περιφανέστερος
2951 1574 3339 1645 (παράδεισον
3403 1579 3510 1647 γάρ
3569 1577 3822 1646 τρυφῆς,

2238 1662 2333 1714 καὶ
2375 1663 2446 1716 τὰ
2488 1665 2545 1716 ἐν
2591 1665 2763 1734 τούτῳ
2811 1666 2991 1730 ξύλα,
3037 1666 3175 1719 κατὰ
3210 1668 3335 1730 τοὺς
3363 1671 3461 1739 τῆς
3493 1669 3826 1740 ἀλληγορίας

2238 1754 2456 1824 νόμους,
2505 1755 2604 1818 τὰς
2649 1756 2977 1826 ἀσωμάτους
3021 1757 3213 1825 φύσεις
3257 1758 3696 1827 ὲκάλεσε),κατά
3725 1761 3824 1813 τοῦ

557 1857 681 1912 fore
725 1853 1058 1910 somniasset
1090 1850 1401 1921 (dignitate)
1430 1845 1655 1900 excidit.
1688 1841 1806 1896 Hoc
1860 1841 1988 1894 item
2047 1840 2134 1893 in-

2240 1845 2600 1915 πεποιηκότος
2622 1849 2715 1899 καὶ
2743 1847 3012 1917 τοσαύτην
3040 1849 3370 1919 εὐπρέπειαν
3392 1850 3526 1920 ὁμοῦ
3552 1852 3645 1903 καὶ
3673 1851 3827 1904 δόνα-

559 1945 680 2000 nuit
709 1944 902 1998 beatus
933 1939 1159 2001 Paulus,
1185 1939 1378 1992 dicens
1416 1949 1431 1987 :
1468 1953 1488 1986 ι
1521 1931 1639 1988 Non
1671 1930 2030 2002 neophytum,
2066 1944 2134 1984 ne

2241 1953 2336 2005 μιν
2367 1936 2662 2000 δεδωκότος
2709 1937 2988 2009 ἐλύττησε,
3026 1941 3120 1994 καὶ
3167 1941 3458 2010 τυραννίδα
3491 1942 3822 2013 μελετήσας.

560 2038 616 2091 in
653 2035 966 2106 superbiam
996 2033 1176 2088 elatus
1201 2031 1256 2084 in
1283 2027 1554 2098 judicium
1575 2024 1784 2081 diaboli
1814 2023 2025 2077 incidat
2048 2033 2129 2076 ο.»

2240 2027 2333 2080 καὶ
2357 2027 2490 2090 Θεὸς
2512 2027 2732 2080 ἔσεσθαι
2752 2029 3172 2101 ὀνειροπολήσας
3193 2030 3439 2095 ἐξέπεσε.
3463 2032 3634 2086 Τοῦτο
3651 2033 3708 2086 δὲ
3727 2036 3826 2087 καὶ

558 2126 830 2183 Nesciens
859 2126 1004 2180 enim
1043 2130 1210 2194 prout
1235 2135 1376 2190 opus
1414 2126 1500 2174 est
1538 2120 1746 2174 honore
1779 2118 1884 2182 uti,
1929 2117 2132 2172 similia

559 2221 630 2275 iis
653 2221 915 2290 patietur,
949 2231 1072 2286 quae
1093 2213 1345 2268 diabolus
1377 2227 1577 2281 passus
1600 2218 1708 2277 est,
1737 2209 1830 2280 qui
1868 2209 2135 2263 tributum

560 2313 667 2369 sibi
690 2313 956 2365 honorem
994 2307 1171 2362 fastus
1213 2316 1268 2362 et
1311 2304 1639 2376 arrogantiae
1696 2303 1828 2358 fecit
1887 2300 2137 2356 occasio-

560 2415 706 2454 nem.
745 2397 903 2451 Hunc
933 2396 1011 2449 ait
1044 2413 1062 2445 ι
1123 2393 1362 2465 principi
1409 2394 1657 2464 gentium
1689 2388 1951 2443 traditum
1985 2387 2074 2441 iri.
2113 2406 2129 2438 ›

557 2492 696 2558 Quis
725 2498 906 2543 autem
932 2488 1022 2542 hic
1047 2487 1302 2556 princeps
1335 2485 1606 2555 gentium,
1647 2482 1756 2536 nisi
1790 2481 2135 2551 unigenitum

560 2582 657 2636 Dei
719 2580 982 2646 Verbum,
1019 2578 1277 2634 Christus
1330 2573 1728 2630 Dominus?ad
1783 2587 1950 2642 quem
2010 2586 2136 2639 pro-

557 2674 718 2744 pheta
748 2672 859 2726 ait:
901 2689 918 2721 ι
958 2670 1094 2735 Quis
1119 2684 1228 2724 non
1263 2667 1480 2721 timebit
1514 2675 1585 2729 te,
1618 2679 1710 2719 rex
1745 2663 1989 2734 gentium
2011 2659 2077 2713 d?
2113 2677 2131 2711 ι

561 2773 618 2818 et
645 2765 844 2819 beatus
867 2761 1038 2816 Jacob
1075 2780 1087 2815 :
1123 2780 1140 2812 ι
1177 2758 1296 2813 Non
1326 2757 1546 2812 deficiet
1579 2755 1840 2824 princeps
1879 2769 1940 2807 ex
1973 2751 2134 2813 Juda,

559 2866 615 2909 et
655 2855 764 2910 dux
785 2854 951 2927 939
976 2853 1044 2910 de
1075 2851 1381 2907 femoribus
1417 2849 1561 2918 ejus,
1601 2846 1778 2901 donec
1820 2844 2002 2898 veniat
2047 2842 2135 2895 cui

559 2947 864 3018 repositum
904 2954 1009 3007 est,
1038 2952 1092 2999 et
1118 2945 1238 3013 ipse
1268 2939 1611 3010 exspectatio
1651 2937 1890 3007 gentium
1919 2947 1964 3002 ο,
2005 2955 2023 2987 ι
2062 2933 2136 2987 Ea

557 3051 782 3107 quoque
813 3034 992 3090 lsaias
1015 3033 1312 3087 exclamat.
1353 3047 1372 3080 ι
1409 3027 1525 3082 Erit
1552 3027 1695 3081 enim
1726 3024 1902 3087 radix,
1936 3025 2134 3095 inquit,

556 3127 734 3192 Jesse,
768 3135 822 3182 et
846 3126 938 3196 qui
969 3123 1260 3192 consurgit
1286 3129 1344 3176 ut
1375 3121 1637 3191 princeps
1676 3119 1749 3173 sit
1771 3118 2035 3187 gentium,
2078 3117 2133 3170 in

563 3221 684 3290 ipso
737 3226 929 3289 gentes
977 3211 1347 3285 sperabuntf.
1399 3231 1418 3263 ι
1464 3211 1528 3264 Ει
1591 3211 1754 3265 Pater
1814 3209 1882 3264 ad
1940 3223 2063 3264 eum
2120 3226 2133 3260 :

566 3330 584 3360 ι
622 3306 897 3364 Constitui
929 3316 981 3360 te
1012 3303 1193 3359 l‘mdus
1211 3301 1452 3374 generis,
1479 3300 1655 3356 lucem
1682 3300 1946 3372 gentium,
1971 3304 2030 3351 ut
2062 3295 2141 3352 sis

560 3403 730 3459 saluti
767 3414 944 3470 usque
977 3397 1050 3451 ad
1072 3404 1373 3451 extremam
1411 3403 1620 3448 terram
1639 3394 1685 3445 ⁸.
1727 3410 1745 3443 ι
1783 3390 1849 3444 Ει
1878 3390 1994 3459 ipse
2020 3402 2141 3441 rur-

560 3509 660 3548 sus
705 3491 968 3562 prOpheta
1017 3487 1065 3543 ei
1118 3487 1293 3542 dicit:
1342 3504 1359 3536 ι
1402 3484 1700 3540 Laboravit
1753 3482 2053 3554 1Egyptus,
2088 3486 2143 3535 et

562 3585 864 3656 negotiatio
889 3581 1234 3652 IEthiopum,
1267 3587 1321 3633 et
1360 3577 1569 3633 Sabain
1595 3577 1697 3632 viri
1735 3576 1944 3631 excelsi
1989 3572 2058 3628 ad
2091 3582 2142 3628 te

561 3673 889 3740 ascendent,
917 3682 972 3728 et
1019 3670 1117 3726 tibi
1153 3678 1315 3725 erunt
1362 3669 1509 3724 servi
1543 3686 1555 3720 :
1587 3673 1712 3736 post
1746 3674 1796 3721 te
1839 3671 2139 3734 sequentur

562 3767 730 3822 vincti
771 3764 1148 3836 compedibus,
1181 3770 1236 3817 et
1272 3761 1327 3815 in
1364 3771 1418 3816 te
1459 3758 1880 3829 supplicabunt,
1914 3757 2046 3827 quia
2082 3755 2139 3808 in

563 3869 618 3915 te
653 3857 796 3914 Deus
831 3868 936 3923 est,
965 3865 1020 3911 et
1053 3870 1163 3910 non
1201 3860 1288 3910 est
1328 3852 1478 3907 Deus
1521 3860 1722 3921 praeter
1751 3860 1826 3916 te,
1865 3869 1882 3902 ι
1928 3857 1983 3904 et
2019 3864 2141 3919 quae

561 3951 934 4022 scquunturh.
989 3947 1111 4018 Ipse
1164 3960 1390 4018 quoque
1427 3946 1540 4014 [per
1596 3944 1818 3998 beatum
1879 3941 2138 3996 Davidem

559 4043 736 4098 dicit:
773 4061 791 4092 ι
831 4040 1097 4112 Populus,
1127 4053 1291 4109 quem
1319 4051 1430 4091 non
1467 4037 1724 4107 cognovi,
1766 4035 1995 4090 servivit
2032 4033 2137 4087 mi-

562 4135 615 4188 hi
644 4134 686 4186 ί.
715 4151 732 4184 ι
776 4131 842 4185 Et
884 4131 1103 4186 inﬁnita
1143 4130 1252 4184 alia
1304 4129 1436 4184 licet
1472 4127 1720 4183 invenire
1780 4126 2134 4189 testimonia,

2236 2119 2266 2171 6
2296 2119 2565 2190 μακάριος
2592 2121 2888 2175 αἰνίττεται
2919 2122 3168 2187 Παῦλος,
3212 2142 3230 2175 ι
3263 2125 3353 2193 Μὴ
3395 2124 3685 2194 νεόφυτον,
3731 2126 3825 2180 λέ-

2237 2228 2369 2279 γων,
2403 2212 2490 2264 ἵνα
2540 2212 2614 2283 μὴ
2654 2213 2926 2282 τυφωθεὶς
2951 2217 3030 2278 είς
3065 2219 3240 2286 κρῖμα
3270 2218 3486 2288 ἐμπέσῃ
3515 2218 3608 2270 τοῦ
3633 2219 3825 2272 διαϐό-

2237 2302 2350 2355 λου.
2385 2321 2404 2354 ι
2439 2302 2552 2355 Οὐκ
2581 2302 2738 2367 εἰδὼς
2779 2305 2888 2376 γάρ
2933 2308 3011 2370 είς
3054 2306 3174 2360 δέον
3218 2309 3525 2380 χρήσασθαι
3577 2313 3642 2380 τῇ
3682 2313 3824 2383 τιμῇ

2238 2393 2592 2465 παραπλήσια
2623 2395 2866 2448 πείσεται
2905 2395 2982 2466 τῷ
3011 2396 3263 2468 διαϐόλῳ,
3305 2399 3364 2462 ὃς
3397 2399 3650 2470 ἀφορμὴν
3685 2400 3823 2454 ἁλα-

2239 2484 2447 2550 ζονείας
2470 2489 2564 2539 καὶ
2585 2486 2754 2556 τύφου
2771 2488 2868 2558 τὴν
2888 2487 3133 2542 δοθεῖσαν
3150 2489 3299 2558 αὐτῷ
3321 2489 3484 2560 τιμὴν
3501 2491 3819 2560 ἐποιήσατο.

2239 2575 2439 2628 Τοῦτον
2468 2577 2615 2645 λέγει
2647 2595 2664 2627 ι
2700 2578 3177 2649 παραδοθήσεσθαι
3202 2580 3422 2650 ἄρχοντι
3449 2579 3636 2634 ἐθνῶν.
3674 2600 3691 2631 ι
3725 2583 3826 2646 Τίς

2237 2667 2291 2721 δὲ
2321 2663 2474 2729 οὗτος
2503 2671 2530 2722 6
2561 2670 2744 2740 ἄρχων
2775 2669 2884 2723 τῶν
2908 2669 3100 2737 ἐθνῶν,
3125 2671 3157 2743 ἢ
3187 2674 3214 2724 6
3248 2673 3542 2743 μονογενὴς
3566 2672 3658 2725 τοῦ
3684 2669 3824 2726 Θεοῦ

2238 2760 2409 2829 Λόγος
2441 2764 2469 2814 ὁ
2521 2762 2797 2832 Δεσπότης
2848 2763 3104 2833 Χριστὸς,
3161 2763 3298 2834 πρὸς
3345 2763 3404 2816 ὃν
3457 2765 3484 2816 6
3534 2765 3825 2835 προφήτης

2238 2851 2370 2921 φησί
2388 2869 2402 2883 ·
2429 2870 2444 2901 ι
2473 2851 2567 2913 Τίς
2592 2851 2653 2903 οὐ
2685 2851 3055 2922 φοϐηθήσεταί
3083 2869 3162 2918 σε,
3191 2850 3411 2923 βασιλεῦ
3437 2853 3545 2907 τῶν
3569 2853 3738 2906 ἐθνῶν
3761 2871 3776 2919 ;
3800 2872 3820 2902 ι

2238 2941 2347 2992 Καὶ
2401 2942 2428 2992 ό
2479 2942 2748 3010 μακάριος
2812 2941 3034 2995 Ἰακώϐ·
3071 2942 3189 2997 Οὐκ
3242 2943 3481 3014 ἐκλείψει
3535 2944 3718 3014 ἄρχων
3763 2945 3829 3010 ἐξ

2251 3031 2436 3096 Ἰούδα,
2465 3033 2556 3085 καὶ
2583 3032 2885 3102 ἡγούμενος
2919 3036 2982 3088 ἐκ
3018 3035 3129 3090 τῶν
3158 3037 3351 3108 μηρῶν
3390 3035 3581 3104 αὑτοῦ,
3619 3038 3723 3101 ἓως
3757 3038 3827 3091 ἂν

2240 3120 2366 3192 ἔλθῃ
2401 3115 2444 3189 ᾧ
2485 3123 2798 3190 ἀπόκειται,
2844 3125 2938 3179 καὶ
2989 3127 3152 3191 αὐτὸς
3206 3128 3509 3198 προσδοκία
3565 3128 3756 3182 ἐθνῶν.
3798 3149 3819 3180 ι

2245 3211 2430 3266 Ταῦτα
2457 3214 2549 3267 καὶ
2586 3214 2811 3279 Ἡσαΐας
2836 3214 2960 3287 βοᾷο
2997 3235 3016 3268 ι
3057 3218 3250 3271 Ἔσται
3277 3218 3406 3290 γὰρ,
3431 3220 3617 3290 φησὶν,
3641 3223 3674 3290 ἡ
3701 3220 3829 3290 ῥίζα

2241 3303 2336 3357 τοῦ
2385 3305 2603 3368 Ἰεσσαὶ,
2640 3307 2737 3361 καὶ
2777 3309 2804 3360 6
2833 3309 3194 3379 ἀνιστάμενος
3231 3311 3414 3381 ἄρχων
3441 3309 3488 3342 ⁸⁸
3519 3311 3711 3377 ἐθνῶν,
3737 3313 3828 3366 ἐπ’

2241 3396 2391 3469 αὑτῷ
2438 3397 2566 3470 ἔθνη
2618 3399 2883 3455 ἐλπιοῦσι.
2938 3420 2956 3452 ι
2995 3401 3106 3455 Kal.
3155 3403 3184 3454 6
3237 3401 3426 3474 Πατὴρ
3463 3403 3598 3474 πρὸς
3629 3403 3828 3458 αὐτόν·

2249 3507 2266 3540 ι
2309 3488 2528 3541 Λέδωκά
2560 3506 2618 3542 σε
2668 3491 2748 3554 είς
2797 3489 3063 3561 διαθήκην
3096 3490 3309 3558 γένους,
3360 3492 3442 3554 είς
3471 3491 3586 3561 φῶς
3637 3492 3828 3557 ἐθνῶν,

2240 3577 2334 3631 τοῦ
2375 3575 2513 3633 εἷναί
2548 3597 2606 3633 σε
2657 3581 2738 3644 είς
2776 3581 3051 3652 σωτηρίαν
3081 3581 3186 3644 ἕως
3215 3581 3446 3651 ἐσχάτου
3477 3582 3576 3652 τῆς
3627 3583 3753 3654 γῆς.
3795 3601 3819 3636 ι

2243 3670 2353 3722 Καὶ
2373 3672 2400 3723 6
2423 3671 2587 3733 αὐτὸς
2613 3671 2670 3724 δέ
2701 3673 2988 3744 προφήτης
3017 3673 3183 3727 πάλιν
3211 3673 3348 3746 πρὸς
3377 3673 3537 3726 αὐτόν
3558 3690 3571 3703 ·
3613 3692 3632 3725 ι
3678 3675 3833 3727 Ἑκο-

2243 3761 2437 3813 πίασεν
2480 3761 2774 3830 Αἴγυπτος,
2819 3764 2912 3816 καὶ
2942 3764 3183 3835 ἐμπορία
3211 3764 3487 3818 Αίθιόπων
3518 3765 3609 3818 καὶ
3641 3766 3691 3817 οί
3723 3766 3833 3819 Sa-

2242 3850 2364 3906 ϐαῒν
2409 3853 2602 3924 ἄνδρες
2651 3854 2846 3924 ὑψηλοὶ
2898 3856 2992 3908 ἐπὶ
3054 3855 3114 3908 σὲ
3158 3843 3547 3927 ἀναϐήσονται,
3601 3858 3692 3910 καὶ
3745 3875 3834 3910 σοι

2242 3945 2456 3998 ἔσονται
2481 3945 2693 3999 δοῦλοιο
2728 3947 2904 4001 ὀπίσω
2950 3965 3043 4001 σου
3089 3948 3512 4018 ἀκολουθήσουσι
3557 3949 3834 4019 δεδεμένοι

2240 4037 2606 4109 χειροπέδαις,
2658 4039 2754 4093 καὶ
2801 4039 2860 4093 ἐν
2909 4041 2992 4094 σοὶ
3027 4040 3444 4112 προσεύξονται,
3478 4042 3560 4095 ὃτι
3596 4043 3654 4094 ἐν
3694 4043 3779 4096 σοὶ
3801 4043 3835 4095 6

2237 4130 2371 4193 Θεός
2419 4130 2558 4196 ἐστι,
2617 4131 2711 4184 καὶ
2743 4131 2842 4184 οὐκ
2878 4131 2992 4184 ἐστι
3031 4133 3164 4195 Θεὸς
3217 4133 3357 4203 πλὴν
3413 4133 3528 4198 σοῦ,
3567 4154 3585 4184 ι
3637 4134 3731 4186 καὶ
3758 4135 3834 4187 τὰ

558 4237 682 4296 qua:
709 4224 813 4278 hoc
852 4222 998 4276 idem
1029 4221 1255 4277 docent.
1299 4217 1442 4274 Huic
1487 4220 1658 4291 igitur
1703 4217 1972 4273 traditum
2013 4231 2135 4272 esse

2239 4221 2388 4292 ἑξῆς.
2422 4221 2532 4276 Kal.
2566 4223 2728 4286 αὐτὸς
2760 4223 2816 4276 δὲ
2855 4222 2944 4276 διὰ
2973 4223 3066 4276 τοῦ
3116 4225 3388 4296 μακαρίου
3435 4225 3582 4293 λέγει
3626 4226 3828 4279 Δαϐίδ’

559 4316 764 4373 asserit
792 4330 917 4370 eum
955 4313 1052 4385 qui
1082 4312 1400 4369 communis
1423 4320 1513 4367 est
1543 4310 1720 4382 pestis
1753 4319 1808 4365 et
1851 4309 2057 4373 hostis,
2081 4317 2135 4364 et

2243 4333 2262 4366 ι
2301 4313 2442 4377 Aab;
2474 4313 2534 4366 ὃν
2558 4315 2658 4367 οὐκ
2681 4315 2853 4382 ἔγνων
2881 4313 3166 4367 ἐδούλευσέ
3197 4333 3308 4386 μοι.
3350 4334 3366 4366 ι
3405 4317 3515 4370 Καὶ
3546 4317 3746 4388 μυρίας
3772 4316 3833 4370 δέ

559 4408 628 4461 ab
668 4406 772 4460 hoc
804 4402 1079 4474 perditum
1114 4403 1271 4458 illum
1310 4401 1486 4458 fuisse
1524 4399 1833 4458 secundum
1877 4399 2131 4470 impieta-

2239 4405 2322 4458 ἑτέ
2332 4423 2429 4472 ρας
2441 4404 2586 4458 ἔστιν
2598 4405 2778 4476 εὑρεῖν
2793 4405 3098 4476 μαρτυρίας
3109 4407 3274 4460 ταύτὸ
3284 4406 3828 4470 τοῦτοδιδασκούσας.

561 4509 674 4554 tem
706 4511 886 4552 suam.
914 4492 1014 4549 His
1045 4493 1270 4565 subjicit
1300 4507 1316 4547 :

2239 4495 2422 4566 Τούτῳ
2436 4495 2615 4548 τοίνυν
2635 4495 3032 4566 παραδεδόσθαι
3057 4496 3204 4565 λέγει
3226 4497 3318 4550 τὸν
3351 4495 3526 4550 κοινὸν
3555 4498 3832 4567 ἀλάστορα

2241 4589 2336 4641 καὶ
2361 4586 2641 4657 πολέμιον,
2669 4587 2764 4640 καὶ
2787 4586 2894 4640 ὑπὸ
2922 4587 3114 4641 τούτου
3143 4589 3398 4657 γενέσθαι
3427 4590 3526 4662 τὴν
3557 4589 3832 4644 ἀπώλειαν

2239 4677 2405 4731 αὐτοῦ
2441 4678 2583 4732 κατά
2612 4678 2712 4746 τὴν
2759 4677 3012 4732 ἀσέϐειαν
3043 4679 3230 4736 αὐτοῦ.
3283 4680 3504 4744 Τούτοις
3524 4681 3754 4750 ἐπάγει·

634 4757 703 4813 Et
732 4761 858 4830 ejeci
886 4778 1004 4816 eum
1030 4777 1143 4832 ego.
1177 4759 1364 4834 (Vens.
1391 4762 1502 4833 12.)
1543 4762 1610 4818 Et
1658 4764 2135 4818 exterminaverunt

2315 4771 2423 4823 Kal
2453 4771 2498 4802 ⁸⁸
2551 4769 2844 4836 ἐξέϐαλον
2889 4771 3079 4826 αὐτὸν
3119 4772 3252 4842 ἐγώ,
3293 4774 3431 4845 (ιβ’.)
3467 4774 3576 4829 Kal
3606 4773 3828 4837 ἐξωλεί-

561 4871 678 4908 eum
714 4854 872 4908 alieni
901 4856 1202 4924 pestilentes
1228 4875 1259 4909 τι
1286 4858 1547 4928 gentibus,
1582 4867 1630 4911 et
1654 4858 1986 4928 projecerunt
2021 4874 2135 4912 eum

2245 4865 2509 4930 θρευσαν
2537 4863 2724 4916 αὑτὸν
2748 4863 3057 4933 ἀλλότριοι
3097 4866 3294 4935 λοιμοὶ
3338 4865 3458 4920 ἀπὸ
3487 4866 3700 4932 ἐθνῶν,
3729 4865 3832 4921 καί

563 4963 719 5017 super
755 4949 1014 5002 montes.‘
1057 4945 1191 5002 Cum
1235 4949 1384 5004 enim
1422 4947 1686 5004 Dominus
1710 4949 1860 5002 illum
1889 4949 2135 5014 vicisset,

2245 4953 2576 5008 κατέϐαλον
2609 4955 2796 5009 αὐτὸν
2830 4955 2929 5010 ἐπί
2956 4955 3076 5011 τῶν
3109 4957 3312 5025 ὀρέων.
3346 4958 3452 5011 Τοῦ
3479 4959 3590 5030 γὰρ
3619 4959 3828 5028 Κυρίου

563 5045 620 5092 et
647 5038 964 5109 principatu
999 5053 1065 5094 ac
1096 5041 1397 5126 tyrannide
1421 5039 1737 5109 deiecisset,
1768 5041 1860 5110 qui
1887 5041 2017 5095 olim
2047 5058 2135 5112 pe-

2248 5046 2593 5118 νενικηκότος
2622 5046 2807 5114 αὐτὸν,
2845 5049 2939 5101 καὶ
2980 5050 3080 5120 τῆς
3127 5049 3445 5114 δυναστείας
3473 5052 3568 5104 καὶ
3605 5050 3705 5120 τῆς
3736 5068 3833 5104 τυ-

563 5130 812 5185 stilentes
841 5139 1069 5188 erantet
1088 5148 1118 5186 a
1147 5131 1258 5186 Deo
1280 5131 1442 5185 alieni
1468 5146 1530 5185 ex
1564 5132 1841 5201 gentibus,
1876 5144 1927 5189 et
1953 5134 2135 5189 divino

2249 5137 2487 5208 ραννίδος
2516 5137 2621 5204 ἔξω
2649 5139 3030 5209 πεποιηκότος,
3076 5141 3123 5194 οί
3169 5142 3336 5196 πάλαι
3366 5142 3564 5214 λοιμοὶ,
3604 5143 3696 5196 καὶ
3731 5142 3828 5196 τοῦ

564 5220 849 5291 prazconio
910 5221 1288 5286 crediderunt,
1324 5221 1358 5274 ii
1397 5235 1627 5291 prorsus
1650 5237 1774 5277 eum
1809 5226 2135 5280 extermina-

2247 5227 2382 5282 Θεοῦ
2407 5229 2451 5261 ⁸⁸
2477 5229 2750 5300 ἀλλότριοι
2793 5232 2839 5284 οί
2888 5233 2951 5285 ἐκ
2981 5232 3087 5287 τῶν
3131 5233 3321 5302 ἐθνῶν,
3349 5234 3427 5307 τῷ
3457 5235 3584 5307 θείῳ
3618 5235 3860 5317 κηρύγη

636 5393 657 5417 ο
685 5379 700 5432 l
728 5380 868 5435 Tim.
905 5395 985 5440 ιιι,
1020 5379 1074 5432 θ.

617 5450 758 5507 Psal.
792 5468 922 5518 xm,
957 5450 1045 5502 45.

1179 5378 1201 5416 ἀ
1239 5377 1442 5433 Jerem.
1472 5395 1527 5443 ι,
1559 5377 1614 5432 7.
1712 5391 1733 5417 ε
1763 5379 1900 5434 Ceu.
1941 5383 2135 5445 xt.tx,l

2311 5386 2328 5422 ί
2370 5384 2469 5440 lsa.
2510 5401 2586 5449 χι,
2629 5387 2713 5440 10.
2815 5390 2837 5426 ⁸
2885 5387 2986 5444 lsa.
3026 5404 3171 5456 χιιι,
3203 5391 3256 5444 6.
3367 5393 3392 5434 ιι
3427 5393 3530 5450 lsa.
3558 5410 3686 5461 xcv,
3728 5394 3820 5449 14.

1810 5604 2042 5661 νΑιιιλΕ
2101 5607 2504 5670 LECTIONES.

635 5699 679 5728 "
704 5697 981 5816 Βὴνόὲσε.
1008 5695 1242 5765 ascripta
1280 5703 1458 5750 tamen
1488 5696 1656 5752 altera
1681 5697 1932 5781 lectione.
2013 5700 2056 5730 ⁸³
2088 5698 2127 5754 Β
2154 5703 2313 5766 καλὸς
2341 5707 2430 5758 καὶ
2457 5708 2676 5776 ἁγαθός.
2757 5710 2801 5742 ⁸³
2827 5711 2868 5762 Β
2900 5712 3106 5782 ἄρχειν.
3141 5716 3184 5746 ⁸⁵
3220 5715 3414 5768 Καὶ-
3445 5713 3577 5784 ἐγώ.
3609 5715 3734 5772 Des.
3764 5723 3823 5774 ιιι

781 5783 831 5816 τ.
912 5805 926 5816 .
959 5763 1034 5816 lla
1061 5765 1100 5816 B
1130 5779 1228 5816 pro
1259 5765 1330 5816 οἱ.
1369 5773 1425 5816 ut
1455 5765 1581 5816 hab.
1609 5768 1695 5816 ed.
1729 5784 1894 5816 nrmr-

568 5767 628 5819 Δ.
704 5768 749 5799 ⁸⁸
781 5763 831 5820 τ.
864 5763 926 5819 Θ.
959 5763 1034 5820 Ita
1061 5765 1100 5820 B
1130 5763 1228 5833 pro
1259 5765 1330 5830 οἱ,
1369 5773 1425 5818 ιιι
1455 5765 1581 5822 hab.
1609 5768 1695 5826 ed.
1729 5771 1894 5837 prior.
