4116 6418
385 394 521 459 ῙΞΞΞ

1512 394 1597 459 ΙΝ
1636 390 2079 456 ΕΖΕΟΗΙΕΠΞ
2117 391 2274 453 CAP.
2316 394 2528 456 XXXI.

3502 394 3635 460 1126

382 528 514 581 ματι
552 509 995 575 πεπιστευκότες,
1024 504 1302 572 παντελῶς
1336 508 1497 563 αὑτὸν
1530 509 1936 581 ὲξωλόθρευσαν

2066 512 2217 571 runt,
2256 514 2311 561 et
2339 506 2606 565 radicitus
2631 508 2754 579 ejus
2785 506 3132 581 tyrannidem
3155 504 3557 577 exstirparunt.
3582 516 3637 563 et

379 603 474 654 καὶ
517 602 815 675 πρόρριζον
853 602 1016 656 αὑτοῦ
1045 602 1142 673 τὴν
1170 601 1458 672 τυραννίδα
1499 601 1832 664 ἀνέσπασαν,
1866 599 1959 652 καὶ

378 690 685 746 κατέϐαλον
712 690 876 745 αὐτὸν
908 692 999 745 ἐπὶ
1027 689 1134 745 τῶν
1167 690 1363 763 ὀρέων,
1398 689 1527 744 ἔνθα
1552 689 1820 759 πρότερον
1845 684 1959 759 εἶχε

374 782 444 836 τὰ
496 782 702 852 τεμένη
753 784 1013 848 καὶτοὺς
1063 783 1302 855 βωμοὺς,
1350 782 1448 847 τὰς
1489 785 1590 853 τῆς
1644 781 1961 850 φιλοσοφίας

378 875 729 945 ἱδρυσάμενοι
756 876 975 946 στήλας.
1016 895 1034 929 ι
1072 876 1183 930 Καὶ
1214 878 1272 930 ὲν
1308 876 1507 940 πάσαις
1539 877 1661 939 ταῖς
1690 873 1959 946 φάραγξιν

374 966 571 1018 ἔπεσον
618 966 667 1017 oi
707 964 889 1020 κλάδοι
918 966 1105 1033 αὐτοῦ,
1150 968 1247 1021 καὶ
1280 967 1568 1038 συνετρίϐη
1616 966 1685 1019 τὰ
1729 964 1955 1036 στελέχη

374 1057 539 1110 αὑτοῦ
570 1058 631 1110 ὲν
653 1058 698 1090 ⁸⁷
724 1059 890 1112 παντὶ
919 1060 1090 1130 πεδίῳ
1120 1060 1219 1130 τῆς
1242 1058 1368 1130 γῆς.
1403 1078 1421 1109 ι
1459 1057 1736 1124 κλάδους
1764 1056 1827 1110 δὲ
1860 1057 1957 1109 αὑ-

370 1146 467 1201 τοῦ
495 1149 587 1202 καὶ
604 1148 867 1220 στελέχη
893 1151 960 1204 τὰ
983 1150 1302 1205 παντοδαπὰ
1320 1151 1566 1205 εἰδωλετα
1588 1150 1954 1220 προσηγόρευο

374 1256 486 1305 σεν,
521 1241 580 1307 ἐξ
620 1241 787 1294 αὑτοῦ
815 1242 1083 1313 δεξάμενα
1113 1243 1211 1305 τὰς
1248 1243 1349 1313 τῆς
1376 1240 1639 1313 ἱδρύσεως
1675 1240 1952 1311 ἀφορμὰς,

373 1329 411 1384 ἃ
454 1331 549 1385 καὶ
595 1331 705 1386 ἀπὸ
755 1332 865 1385 τῶν
900 1333 1071 1405 ὀρέων
1100 1333 1196 1387 καὶ
1228 1333 1336 1388 ἀπὸ
1362 1334 1471 1387 τῶν
1509 1334 1707 1388 πεδίων
1749 1333 1954 1406 φροῦδα

323 1420 327 1424 ’
375 1420 657 1484 παντελῶς
680 1421 770 1475 διὰ
789 1421 899 1476 τῶν
938 1423 1106 1478 πάλαι
1134 1425 1233 1495 μὲν
1264 1422 1489 1496 λοιμῶν,
1525 1425 1663 1496 μετὰ
1694 1426 1751 1479 δὲ
1777 1425 1951 1481 ταῦτα

374 1511 580 1566 πιστῶν
601 1512 795 1577 ἐθνῶν,
830 1515 1140 1587 ἀπεφάνθη.
1173 1534 1192 1568 ι
1238 1517 1348 1570 Καὶ
1377 1515 1687 1588 κατέϐησαν
1719 1517 1828 1571 ἀπὸ
1850 1517 1951 1588 τῆς

374 1605 585 1675 σκέπης
636 1605 806 1659 αὑτοῦ
832 1608 877 1639 ⁸⁸
909 1607 1111 1672 πάντες
1140 1609 1188 1661 oi
1226 1609 1346 1662 λαοὶ
1387 1612 1488 1681 τῆς
1527 1611 1652 1681 γῆς,
1701 1611 1794 1664 καὶ
1821 1610 1950 1680 ἡδά-

370 1713 535 1766 φισαν
556 1697 602 1729 ⁸⁹
632 1697 816 1752 αὐτόν.
862 1716 882 1750 ι
924 1698 1147 1761 Γνόντες
1182 1699 1288 1770 γὰρ
1321 1699 1485 1753 αὑτοῦ
1514 1701 1613 1772 τὴν
1646 1699 1946 1771 ὲξαπάτην,

363 1788 425 1842 οὐ
481 1788 642 1858 μόνον
694 1788 895 1859 ἔφυγον
920 1790 1085 1844 αὑτοῦ
1128 1794 1228 1863 τὴν
1277 1792 1615 1861 δεσποτείαν,
1669 1794 1803 1847 ἀλλά
1853 1795 1947 1848 καὶ

365 1878 562 1952 μέχρις
576 1879 741 1933 αὐτοῦ
758 1879 852 1934 τοῦ
870 1880 1100 1950 ἐδάφους
1117 1882 1479 1952 κατήνεγκαν,
1495 1883 1594 1955 τὴν
1610 1883 1948 1954 Δεσποτικὴν

361 1969 584 2041 ἐντολὴν
633 1970 967 2042 πληροῦντες
1012 1974 1112 2044 τὴν
1151 1974 1414 2043 λέγουσαν
1441 1991 1455 2007 υ
1524 1975 1697 2030 «Ἰδοὺ
1742 1976 1948 2031 δέδωκα

361 2059 491 2130 ὑμῖν
515 2058 766 2124 ἐξουσίαν
793 2066 983 2116 πατεῖν
1003 2064 1188 2119 ἐπάνω
1212 2065 1387 2133 ὄφεων
1408 2065 1501 2118 καὶ
1522 2067 1823 2139 σκορπίων,
1852 2069 1947 2123 καὶ

359 2151 454 2204 ἐπὶ
509 2153 692 2206 πᾶσαν
713 2153 760 2184 ⁷ο
793 2153 891 2224 τὴν
943 2153 1173 2225 δύναμιν
1212 2155 1307 2210 τοῦ
1355 2155 1573 2228 ἐχθροῦ.
1610 2177 1629 2211 ι

430 2249 521 2310 ιγ’.
587 2243 713 2297 Ἐπί
775 2243 850 2314 τῇ
912 2244 1134 2300 πτώσει
1170 2246 1212 2279 ¹¹¹
1271 2247 1459 2302 αὐτοῦ
1516 2249 1942 2307 ἀνεπαύσαντο

360 2334 560 2388 πάντα
617 2335 691 2390 τὰ
750 2337 996 2392 πετεινὰ
1060 2338 1167 2392 τοῦ
1227 2339 1510 2408 οὐρανοῦ,
1575 2342 1673 2396 καί
1716 2344 1815 2398 ἐπὶ
1871 2346 1943 2399 τὰ

358 2425 622 2494 στελέχη
670 2427 859 2481 αὑτοῦ
912 2426 1153 2498 ἐγένετο
1177 2429 1223 2462 τ’
1275 2429 1473 2486 πάντα
1513 2433 1587 2487 τὰ
1628 2434 1806 2502 θηρία
1838 2434 1941 2490 τοῦ

357 2515 566 2586 ἀποοῦ.
601 2517 667 2570 Ei
694 2534 777 2581 τις
814 2520 949 2591 γάρ,
999 2522 1150 2592 φησὶ,
1188 2523 1410 2593 πτηνὸς,
1453 2524 1548 2577 καὶ
1585 2525 1666 2589 εἰς
1714 2526 1940 2597 οὐρανὸν

356 2605 500 2678 ἔχων
528 2608 627 2681 τῆς
648 2609 884 2677 διανοίας
918 2612 978 2666 τὸ
1006 2614 1182 2686 δμμα,
1210 2616 1561 2688 εὐφραίνεται
1592 2618 1814 2691 θεωρῶν
1843 2620 1941 2674 αὒ-

353 2701 452 2755 τοῦ
489 2701 587 2775 τὴν
617 2705 931 2774 κατάλυσιν,
967 2709 1188 2781 καὶτῆς
1220 2712 1476 2777 ἀσεϐείας
1497 2714 1597 2786 τὴν
1631 2713 1932 2787 γύμνωσιν.

351 2793 467 2848 Καὶ
490 2795 537 2847 oi
565 2795 832 2867 πρότερον
860 2797 917 2850 δὲ
945 2797 1231 2870 θηριώδεις
1258 2801 1400 2856 κατὰ
1434 2804 1544 2858 τῶν
1578 2804 1771 2859 τούτου
1805 2807 1939 2861 κλά-

349 2884 458 2939 δων
482 2886 528 2919 ⁷³
554 2888 884 2959 ὁρμήσουσι,
904 2891 1079 2946 καὶτὰ
1107 2892 1216 2947 τῶν
1232 2894 1464 2949 εἰδώλων
1482 2895 1713 2962 οἰκείαις
1745 2901 1936 2970 χερσὶν

347 2979 725 3034 ἀνασπάσουσι
756 2983 982 3053 τεμένη·
1002 2984 1175 3039 ταῦτα
1193 2984 1302 3058 γὰρ
1336 2988 1597 3060 στελέχη
1627 2991 1932 3063 ὠνόμασεν.

425 3067 505 3123 ιδ’.
538 3069 737 3138 Ὅπως
772 3070 854 3127 ἂν
868 3073 955 3143 μὴ
981 3076 1267 3144 ὑψωθῶσι
1298 3077 1377 3144 τῷ
1401 3080 1450 3112 ⁷⁸
1471 3081 1707 3153 μεγέθει
1736 3084 1937 3139 αὐτῶν

2064 595 2423 666 projecerunt
2452 614 2577 654 eum
2605 599 2661 655 in
2690 608 2927 664 montes,
2957 599 3177 666 erectis,
3213 600 3304 655 ubi
3349 600 3502 670 prius
3539 600 3637 655 ba-

2063 685 2265 743 bebant
2297 687 2527 744 delubra
2567 704 2830 761 arasque,
2872 689 3161 760 sapientiae
3193 690 3486 745 columnis.
3514 708 3533 741 ι
3570 689 3637 743 Et

2062 777 2117 832 in
2149 779 2368 833 cunctis
2406 780 2649 836 vallibus
2680 781 3005 837 ceciderunt
3037 780 3175 834 rami
3208 779 3375 852 940
3406 780 3550 850 ejus,
3578 792 3637 836 et

2060 867 2287 920 contriti
2316 878 2450 923 sunt
2486 870 2708 940 stipites
2741 869 2865 940 ejus
2911 872 2967 925 in
3016 871 3166 925 omni
3204 886 3399 941 campo
3449 881 3631 927 terras.

2058 957 2256 1012 Ramos
2287 965 2471 1014 autem
2507 960 2628 1029 ejus
2667 970 2723 1016 et
2771 963 2978 1030 stipites
3032 963 3217 1018 omnis
3250 963 3466 1032 generis
3511 962 3634 1018 ido-

2059 1048 2237 1104 lorum
2268 1050 2479 1121 templa
2511 1054 2883 1123 nuncupavit,
2912 1068 3034 1123 qua:
3051 1054 3119 1108 ab
3138 1054 3261 1124 ipso
3283 1054 3630 1109 occasionem

2058 1151 2119 1197 ut
2148 1143 2503 1215 erigerentur
2532 1154 2882 1215 acceperant,
2903 1160 3137 1216 quaeque
3183 1161 3215 1201 e
3260 1146 3542 1201 montibus
3578 1154 3632 1201 et

2056 1236 2272 1306 campis
2297 1236 2527 1290 omnino
2549 1236 2729 1293 deleta
2748 1247 2902 1304 sunt,
2924 1252 3029 1307 per
3043 1252 3141 1292 eos
3161 1253 3227 1292 ex
3260 1238 3518 1308 gentibus
3534 1237 3630 1307 qui

2056 1326 2185 1380 olim
2211 1328 2535 1396 pestilentes
2550 1336 2729 1394 erant,
2750 1328 2849 1385 sed
2864 1336 3058 1398 postea
3080 1328 3154 1382 ad
3185 1326 3347 1382 fidem
3375 1326 3629 1382 conversi

2055 1422 2204 1470 sunt.
2245 1434 2264 1467 ι
2304 1413 2371 1493 Ει
2402 1417 2810 1472 descenderunt
2840 1418 2911 1473 ab
2952 1416 3278 1472 umbraculo
3297 1415 3418 1485 ejus
3437 1431 3630 1471 omnes

2052 1507 2243 1577 populi
2276 1514 2456 1573 terrae,
2492 1517 2549 1563 et
2587 1516 2906 1564 straverunt
2943 1524 3093 1564 eum.
3124 1527 3144 1560 ι
3184 1506 3414 1578 Cognita
3481 1509 3627 1562 enim

2052 1597 2172 1667 ejus
2201 1596 2395 1654 fraude
2419 1614 2529 1654 non
2554 1600 2735 1655 solum
2767 1600 2923 1655 illius
2954 1599 3260 1654 dominium
3290 1598 3626 1670 effugerunt,

2052 1689 2146 1745 sed
2174 1690 2339 1745 etiam
2369 1707 2543 1762 usque
2574 1691 2643 1746 ad
2703 1692 2888 1761 ipsum
2940 1692 3121 1747 solum
3179 1699 3626 1761 prostraverunt,

2053 1781 2267 1836 Domini
2307 1782 2628 1837 mandatum
2656 1783 2791 1838 illud
2823 1789 3188 1854 exsequentes
3219 1800 3234 1838 :
3268 1800 3289 1834 ι
3322 1781 3465 1838 Ecce
3500 1783 3626 1838 dedi

2050 1874 2210 1930 vobis
2233 1883 2567 1945 potestatem
2589 1875 2843 1931 calcandi
2872 1890 3045 1947 super
3073 1882 3362 1945 serpentes
3390 1882 3446 1929 et
3467 1889 3625 1931 scor-

2048 1966 2262 2036 piones,
2290 1974 2343 2022 et
2370 1980 2543 2037 super
2567 1981 2790 2024 omnem
2829 1966 3094 2021 virtutem
3124 1966 3336 2022 inimici
3363 1964 3409 2019 i.
3446 1984 3466 2017 ι

2120 2249 2284 2306 Vens.
2320 2250 2405 2305 15.
2435 2250 2604 2320 Super
2632 2251 2792 2305 ruina
2808 2249 3298 2321 ejus‘requieuerunt
3328 2250 3509 2304 omnia
3535 2266 3623 2304 vo-

2046 2341 2220 2396 latilia
2251 2341 2386 2405 εωιὶ,
2414 2352 2463 2397 et
2487 2358 2644 2411 super
2686 2343 2894 2397 truncis
2931 2342 3045 2411 ejus
3076 2340 3288 2410 fuerunt
3317 2357 3496 2396 omnes
3535 2340 3623 2394 be-

2041 2433 2161 2487 stia:
2184 2434 2317 2503 agri.
2353 2432 2408 2488 Si
2436 2434 2564 2504 quis
2586 2435 2757 2498 enim,
2790 2432 2994 2503 inquit,
3033 2432 3088 2485 in
3106 2431 3344 2487 sublime
3374 2433 3539 2497 volat,
3566 2438 3623 2487 et

2042 2523 2109 2577 ad
2138 2525 2338 2578 coelum
2380 2524 2579 2579 mentis
2611 2524 2802 2580 oculos
2837 2523 3095 2586 intendit,
3147 2525 3198 2578 is
3247 2523 3464 2577 laetatur
3499 2524 3622 2594 ejus

2039 2616 2423 2686 contemplans
2445 2616 2752 2681 interitum,
2783 2616 3193 2686 impietatisque
3211 2615 3620 2686 spoliationem.

2041 2706 2106 2762 Et
2133 2708 2226 2778 qui
2259 2709 2413 2778 prius
2452 2709 2634 2764 ferino
2666 2722 2822 2764 more
2846 2707 3128 2775 vivebant,
3179 2709 3234 2764 in
3264 2709 3388 2778 ejus
3435 2723 3619 2763 ramos

2040 2799 2323 2863 invadent,
2358 2799 2754 2870 idolorumque
2780 2801 3011 2870 templa,
3038 2815 3162 2870 qua:
3192 2800 3399 2870 stipites
3442 2800 3623 2855 numi-

2038 2886 2212 2959 navit,
2239 2891 2358 2948 suis
2396 2891 2722 2948 subvertent
2751 2891 3034 2947 manibus.

2018 3140 2027 3147 .
2110 3093 2279 3150 Vens.
2305 3094 2392 3149 M.
2424 3092 2493 3147 Ut
2528 3109 2630 3148 non
2662 3093 2968 3149 exaltentur
2988 3094 3352 3166 magnitudine
3382 3112 3478 3150 sua
3504 3113 3619 3151 om-

346 3159 551 3258 πάντα
576 3163 654 3258 τά
679 3162 837 3229 ξύλα
865 3165 937 3258 τὰ
958 3167 1029 3221 ἐν
1057 3167 1138 3235 τῷ
1169 3169 1360 3236 ὕδατι,
1386 3175 1485 3228 καὶ
1513 3175 1585 3228 οὐ
1604 3174 1691 3244 μὴ
1719 3174 1870 3231 δῶσι
1889 3178 1935 3211 ⁷⁸

2042 3188 2132 3241 nia
2157 3186 2300 3257 ligna
2324 3200 2443 3256 qua:
2468 3195 2594 3240 sunt
2630 3188 2687 3240 in
2726 3202 2886 3258 aqua,
2924 3159 3096 3258 neque
3110 3187 3234 3242 dent
3263 3188 3622 3258 principatum

349 3252 469 3319 τὴν
513 3253 713 3324 ἀρχὴν
747 3256 948 3311 αὐτῶν
994 3258 1066 3312 ἐν
1090 3260 1260 3330 μέσῳ
1283 3262 1329 3293 ⁷⁸
1365 3263 1486 3318 τῶν
1510 3266 1804 3334 νεφελῶν,
1835 3270 1935 3324 καί

340 3341 439 3413 μὴ
468 3343 749 3402 ἱστῶνται
765 3348 809 3380 ⁷⁷
838 3349 909 3403 ἐν
934 3349 1015 3416 τῷ
1044 3352 1186 3421 ὕψει
1206 3356 1406 3409 αὐτῶν
1434 3358 1583 3428 πρὸς
1604 3361 1793 3415 αὐτὸν
1817 3365 1872 3416 οἱ
1888 3362 1934 3394 ⁷⁸

348 3433 636 3526 πίνοντες
677 3437 853 3507 ὕδωρ.
916 3440 976 3494 '0
1028 3443 1238 3512 τούτου,
1272 3448 1456 3519 φησὶν,
1496 3449 1736 3520 ὄλεθρος,
1779 3454 1933 3526 καὶὴ

342 3524 454 3596 τῆς
492 3527 815 3596 δυναστείας
860 3533 1024 3589 αὐτοῦ
1052 3537 1378 3607 κατάλυσις,
1424 3541 1609 3613 ὄνησις
1637 3545 1789 3600 ἔσται
1821 3524 1934 3612 τοῖς

343 3615 553 3687 ἄλλοις,
605 3621 702 3675 καὶ
756 3624 981 3697 ἀφορμὴ
1025 3628 1359 3699 ἀσφαλείας⁸
1416 3634 1652 3704 ὁρῶντες
1699 3636 1808 3710 γὰρ
1863 3638 1935 3692 τὰ

342 3710 525 3782 τούτῳ
579 3714 885 3785 συμϐάντα,
942 3719 1043 3773 οὐκ
1093 3722 1372 3787 ἀνέξονται
1426 3727 1566 3799 ὑπὲρ
1613 3728 1712 3800 τὴν
1773 3729 1932 3797 ἀξίαν

340 3805 662 3898 φρονήματι
694 3810 1005 3882 χρήσασθαι
1025 3830 1038 3847 ’
1066 3816 1186 3870 οὐδὲ
1222 3819 1645 3893 πειραθήσονται
1685 3827 1931 3898 ἁρπάσαι

342 3896 526 3970 ἀρχὴν
554 3899 652 3970 τὴν
682 3903 996 3976 μηδαμόθεν
1034 3912 1422 3982 προσήκουσαν
1441 3931 1454 3946 ο
1486 3916 1699 3985 ἐφόδιον
1726 3896 1806 3985 είς
1834 3938 1928 3975 τυ-

344 3988 576 4060 ραννίδα
628 3991 1020 4083 λαμϐάνοντες,
1076 4000 1327 4074 καθάπερ
1379 4007 1503 4061 τινὰ
1547 4009 1785 4081 ἀρδείαν,
1832 4014 1929 4083 τὴν

344 4083 486 4171 παρ’
533 4082 668 4153 ἐμοῦ
723 4089 1125 4159 χορηγηθεῖσαν
1180 4095 1362 4160 αὐτοῖς
1409 4101 1595 4171 τιμήν.
1658 4121 1677 4153 ι
1738 4104 1859 4158 Ὅτι
1883 4082 1928 4136 θ’

340 4170 550 4236 πάντες
564 4174 828 4247 ἐδόθησαν
845 4180 925 4245 εἰς
957 4180 1207 4239 θάνατον.
1235 4205 1253 4239 ι
1274 4188 1351 4243 Οὐ
1390 4189 1499 4262 γὰρ
1530 4170 1689 4262 μόνον
1710 4195 1872 4260 αὐτὸς
1901 4200 1929 4252 ὁ

338 4261 613 4330 διάϐολος,
642 4267 779 4323 ἀλλὰ
808 4272 902 4325 καὶ
934 4274 982 4326 oi
1008 4276 1107 4346 τῆς
1148 4280 1642 4357 τυραννίδοςαύτῷ
1667 4290 1929 4360 κοινωνή-

341 4371 543 4421 σαντες
574 4359 847 4431 δαίμονες,
875 4366 974 4438 τὴν
999 4369 1374 4444 πανωλεθρίαν
1407 4375 1725 4446 ὑπέμειναν.
1768 4359 1928 4437 Ἀλλά

339 4447 541 4519 καιρὸς
579 4452 742 4508 πάλιν
797 4457 889 4511 ἐπὶ
933 4458 1033 4532 τὴν
1089 4461 1328 4535 ἱστορίαν
1357 4465 1701 4523 ἐπανελθεῖν·
1764 4474 1927 4530 ἱκανὰ

336 4535 456 4636 γὰρ
491 4539 688 4636 καὶτὰ
717 4546 985 4618 είρημὲνα
1030 4550 1260 4636 διδάξαι,
1293 4554 1371 4618 ὡς
1411 4558 1473 4610 οὐ
1521 4560 1683 4629 μόνον
1731 4565 1861 4636 περὶ
1880 4563 1927 4597 ⁸ο

334 4629 465 4723 τοῦγ
493 4631 965 4712 Ναϐουχοδονόσορ
1011 4628 1215 4718 ἐρρέθῆ
1246 4649 1313 4703 τὰ
1345 4628 1632 4723 εἰρημένα,
1661 4628 1930 4711 ἀλλὰ-καὶ

339 4722 487 4820 περὶ.
535 4725 701 4780 αὐτοῦ
749 4728 845 4782 τοῦ
888 4734 945 4784 ὲν
996 4735 1190 4809 ἐκείνῳ
1236 4722 1652 4813 ἐνεργήσαντος,
1706 4745 1799 4799 καὶ
1832 4749 1930 4820 τὴν

336 4816 556 4873 οἰκείαν
594 4820 757 4876 αὐτὸν
809 4825 1129 4893 ἀλαζονείαν
1179 4832 1504 4900 διδάξαντος.
1553 4838 1716 4908 Λέγει
1753 4816 1931 4896 τοίνυν

334 4908 428 4960 ὅτι
458 4909 625 5008 auset;-
651 4913 681 4965 6
708 4915 1201 4995 Ναϐουχοδονόσορ,
1231 4927 1325 4980 καὶ
1347 4929 1394 4981 oi
1419 4928 1517 4982 σὺν
1543 4930 1691 5003 αὐτῷ
1717 4932 1933 5008 θανάτῳ

337 4995 845 5072 παραδοθήσονται,
875 5009 1050 5064 ταύτά
1073 5015 1187 5078 τοῖς
1214 5014 1394 5081 ἄλλοις
1414 4995 1722 5092 ἀνθρώποις
1752 4995 1937 5081 πεισόῖ-

340 5102 522 5184 μενοι.
556 5109 575 5143 ι
611 5092 705 5160 Ei;
720 5097 825 5169 γῆν
852 5098 1050 5169 βάθους
1071 5104 1141 5169 ³⁸,
1175 5109 1360 5177 φησιν,
1385 5110 1443 5162 ὲν
1469 5111 1620 5184 μέσῳ
1657 5113 1789 5169 υἱῶν
1846 5100 1938 5173 ἀν-

336 5177 582 5250 θρώπων
608 5184 966 5261 ἐπαγομένων
995 5196 1075 5258 είς
1097 5195 1287 5269 βόθρον
1310 5201 1376 5256 ⁸⁸.
1410 5221 1428 5253 ι
1463 5177 1687 5271 Taurei;
1717 5210 1934 5280 ἐπάγει·

459 5343 474 5391 1
514 5341 648 5399 Luc.
684 5365 738 5413 ι,
777 5351 861 5405 i9.

2038 3293 2193 3335 suum
2232 3281 2286 3332 in
2314 3279 2484 3334 medio
2537 3278 2781 3345 nubium,
2817 3292 2980 3350 neque
3036 3288 3175 3334 stent
3209 3280 3263 3333 in
3314 3280 3623 3335 excelsitate

2035 3386 2135 3426 sua
2160 3372 2228 3425 ad
2258 3369 2420 3443 95,1
2467 3387 2585 3425 eum
2638 3368 2868 3425 bibentes
2900 3387 3115 3441 aquam.
3164 3368 3355 3437 Istius,
3411 3371 3618 3442 inquit,

2035 3462 2345 3533 pernicies,
2398 3472 2453 3518 et
2515 3463 2866 3533 principatus
2921 3462 3044 3532 ejus
3099 3463 3316 3518 eversio
3373 3462 3621 3534 proderit

2035 3553 2185 3618 aliis,
2213 3563 2269 3609 et
2297 3553 2619 3610 securitatis
2653 3554 2762 3609 erit
2799 3553 3045 3619 occasio,
3089 3553 3183 3623 qui
3227 3567 3292 3609 ea
3323 3562 3619 3609 cernentes

2034 3659 2158 3716 quae
2186 3643 2290 3715 ipsi
2318 3643 2650 3710 acciderint,
2677 3642 2826 3699 haud
2846 3643 3205 3700 sustinebunt
3243 3659 3411 3714 supra
3451 3644 3618 3701 meri-

2035 3742 2150 3790 tum
2183 3733 2444 3804 superbia
2465 3732 2639 3789 abuti.
2662 3732 2853 3805 Neque
2880 3733 3171 3790 tentabunt
3197 3733 3489 3806 imperiutn
3512 3736 3619 3792 sibi

2032 3840 2380 3897 nequaquam
2409 3824 2672 3881 decorum
2707 3839 2980 3897 usurpare
3001 3863 3018 3889 ,
3047 3826 3402 3881 occasionem
3432 3825 3500 3881 ad
3534 3835 3619 3900 ty-

2031 3917 2321 3972 rannidem
2350 3916 2522 3984 nacti,
2564 3916 2725 3988 quasi
2753 3914 3138 3986 irrigationem
3176 3904 3492 3985 quamdam,
3519 3914 3619 3971 ho-

2032 4026 2223 4068 norem
2275 4010 2385 4066 sibi
2418 4024 2450 4064 a
2488 4025 2576 4066 me
2615 4008 3127 4066 subministratnm.
3185 4025 3205 4059 ι
3235 4006 3373 4073 Quia
3424 4022 3615 4063 omnes

2031 4100 2144 4156 dati
2168 4107 2299 4157 sunt
2327 4100 2384 4154 in
2419 4105 2674 4154 mortem.
2708 4116 2728 4147 ι
2750 4095 2871 4151 Non
2902 4097 3050 4152 enim
3071 4096 3191 4167 ipse
3220 4097 3614 4152 solumdiabo-

2032 4190 2140 4257 lus,
2178 4188 2275 4245 sed
2297 4189 2463 4245 etiam
2495 4188 2590 4259 qui
2616 4187 2738 4259 ejus
2768 4187 3087 4259 tyrannidis
3118 4188 3418 4259 participes
3457 4186 3612 4245 fuere

2030 4284 2333 4351 daemones,
2365 4280 2615 4338 funditus
2654 4280 2938 4337 interiere.
2966 4277 3077 4337 Sed
3105 4295 3305 4337 rursus
3337 4281 3405 4337 ad
3431 4280 3611 4337 histo-

2030 4372 2171 4429 riam
2203 4374 2390 4430 redire
2439 4383 2655 4442 tempus
2695 4378 2803 4426 est.
2846 4368 2994 4427 Satis
3038 4369 3185 4427 enim
3222 4378 3351 4425 sunt
3397 4385 3461 4426 ea
3488 4386 3611 4443 quae

2033 4465 2185 4521 dicta
2217 4472 2349 4520 sunt
2371 4463 2436 4519 ad
2469 4464 2575 4519 hoc
2599 4461 2935 4527 docendum,
2974 4476 3087 4517 non
3145 4468 3360 4516 tantum
3402 4461 3470 4517 de
3495 4459 3608 4516 Na-

2036 4557 2503 4613 buchodonosore
2531 4556 2820 4628 superiora
2868 4552 3045 4610 fuisse
3087 4553 3258 4619 dicta,
3292 4553 3390 4610 sed
3440 4554 3601 4613 etiam

2034 4648 2103 4704 de
2138 4647 2234 4703 illo
2262 4648 2357 4718 qui
2388 4647 2444 4702 in
2478 4661 2545 4702 eo
2583 4652 2847 4719 operatus
2875 4652 2982 4710 est,
3003 4644 3209 4715 quique
3227 4658 3351 4699 eum
3383 4658 3483 4700 sua
3516 4658 3603 4699 su-

2038 4738 2229 4810 perbia
2260 4738 2550 4794 instruxit.
2585 4735 2675 4792 Ait
2714 4737 2888 4808 igitur
2940 4735 3123 4806 ipsum
3164 4732 3608 4791 Nabuchodono-

2037 4844 2221 4887 sorem
2240 4837 2295 4885 et
2321 4843 2515 4885 omnes
2536 4827 2632 4898 qui
2666 4842 2793 4882 cum
2822 4840 2891 4882 eo
2918 4824 3149 4890 fuerint,
3175 4825 3498 4889 morituros,
3521 4830 3610 4879 at-

2038 4938 2147 4996 que
2157 4920 2347 4978 eadem
2365 4936 2488 4991 quae
2504 4920 2596 4975 alii
2612 4918 2883 4983 homines,
2903 4931 3313 4988 perpessurosu
3331 4916 3387 4971 in
3406 4924 3610 4971 terram

2040 5014 2467 5089 profunditatis,
2500 5011 2704 5082 inquit,
2743 5012 2801 5065 in
2837 5008 3020 5066 medio
3037 5008 3275 5065 ﬁliorum
3303 5007 3611 5076 hominum,

2038 5104 2134 5174 qui
2158 5101 2511 5158 abducuntur
2534 5102 2590 5156 in
2631 5098 2844 5156 foveam
2878 5117 2891 5154 :
2922 5116 2941 5151 ι
2983 5098 3062 5155 Ad
3090 5097 3207 5155 haec
3227 5097 3466 5170 adjicit:

1663 5500 1752 5555 VA
1762 5500 1902 5558 mea
1945 5501 2352 5562 LECTIONES.

446 5596 490 5629 ⁸⁷
512 5597 572 5650 ὲν
604 5625 679 5640 --
696 5601 814 5670 γῆς.
848 5601 1008 5657 Hebr.
1039 5619 1209 5674 prope
1233 5602 1422 5663 omnes
1460 5621 1730 5668 torrentes
1764 5622 1944 5669 terra.
2019 5615 2066 5648 “
2088 5616 2132 5669 Α
2157 5618 2355 5684 αὐτῶν,
2374 5628 2427 5674 et
2443 5619 2641 5676 deinde
2663 5623 2771 5674 τῶν
2797 5620 2987 5686 ἐθνῶν,
3019 5637 3116 5692 pro
3146 5621 3247 5692 τῆς

446 5684 506 5721 η’.
548 5667 956 5754 (ξορρινυοι-ιιιιι..
1034 5675 1086 5754 "'_
1114 5676 1245 5754 πᾶα.
1284 5677 1357 5730 Ex
1456 5682 1637 5754 suppl.
1743 5682 1786 5713 ‘“
1830 5681 1871 5735 A
1909 5682 2008 5754 τὴν
2068 5687 2294 5742 πτῶσιν.
2396 5690 2442 5721 ⁷⁸
2482 5690 2522 5741 Δ
2548 5691 2794 5754 ἐγένοντο
2911 5692 2957 5725 ’³
2985 5692 3094 5746 τῶν
3120 5709 3169 5746 τ.
3200 5690 3247 5745 κ]

1909 5700 2008 5742 την
2068 5704 2294 5742 πτωσιν.

337 5662 506 5752 ηοω.
548 5662 956 5752 deseruerunt.‘
1034 5662 1086 5752 'i'_
1114 5662 1245 5752 τέᾶσ.
1284 5677 1357 5730 Ex

3376 5661 3389 5674 .
3446 5623 3610 5692 ξοὴδ.

2396 5638 2641 5676 etuemue
2663 5638 2771 5674 των
2797 5638 2987 5686 ευνων,
3019 5638 3116 5692 pro
3146 5638 3247 5692 της
3267 5638 3389 5745 γης.
3449 5638 3494 5657 ν’
3523 5638 3610 5692 ηδ.

2396 5690 2442 5762 ’ξ
2482 5690 2794 5762 ᾼ-εγένοντο
2911 5692 2957 5725 ’³
2985 5692 3094 5746 τῶν
3120 5709 3169 5746 τ.
3200 5690 3286 5745 κλ.
3351 5703 3401 5745 ta
3443 5691 3485 5747 Β
3513 5709 3611 5762 pro

339 5736 438 5790 τόν
463 5738 748 5823 τκλάδον,
784 5752 841 5793 ιιι
871 5742 996 5796 halt.
1022 5744 1109 5798 ed.
1145 5745 1312 5814 prior.
1390 5748 1436 5780 ⁷⁵
1462 5736 1634 5821 τῷ.Ἀ
1668 5766 1854 5861 gra‘m.
1883 5736 1995 5808 tu:
2231 5736 2379 5813 δῶσι.
2418 5761 2456 5813 Α
2824 5764 2872 5795 ⁷⁸
2897 5763 2934 5815 Α
3319 5736 3483 5833 “up-ia
3504 5736 3607 5818 ι’ἇῖ

342 5806 392 5859 Α
424 5822 524 5860 oux
557 5807 811 5861 ἔστησαν.
910 5812 955 5843 ⁷⁸
989 5812 1032 5861 Α
1057 5815 1194 5861 αὐτὰ
1229 5815 1424 5861 πάντες
1451 5821 1520 5861 nl-
1599 5821 1644 5853 ⁷ο
1701 5838 1748 5861 τι
1794 5819 1899 5861 “ne
1946 5823 1999 5861 in
2040 5826 2069 5861 Δ
2213 5828 2236 5859 ο
2265 5827 2301 5861 n
2332 5830 2480 5861 -..λιι
2582 5832 2625 5861 et
2677 5833 2704 5861 Α
2746 5834 2822 5861 -ι-
2856 5833 2956 5861 ..2-
2988 5832 3148 5861 ηιμ--
3243 5832 3286 5861 ιι
3324 5829 3362 5861 n
3397 5834 3575 5861 1.--..-

342 5806 392 5859 Α
408 5807 524 5877 ,οὐκ
557 5807 811 5877 ἔστησαν.

910 5812 955 5843 ⁷⁸
988 5812 1032 5865 Α
1057 5805 1424 5882 «sianum;
1451 5805 1524 5873 οίξ
1599 5821 1644 5853 τ’
1668 5805 2000 5878 δτιίῧοεέίη
2032 5826 2097 5880 Α.

2213 5828 2236 5859 ⁸
2262 5827 2303 5881 Β
2332 5830 2502 5901 παρά.
2582 5832 2625 5863 ⁸⁸
2668 5833 2710 5886 Δ
2745 5834 2822 5896 είς
2856 5833 2956 5903 γῆς
2987 5827 3167 5903 βάθος.
3243 5832 3286 5861 ⁵⁸
3324 5829 3364 5885 Β
3394 5827 3605 5903 ἀπαγο-

345 5875 527 5946 μένων
574 5875 916 5953 είςβόθρον.
962 5885 1003 5936 Α
1053 5875 1664 5957 πρὸςκαταϐαίνοντας
1728 5875 1809 5955 είς
1853 5875 2085 5966 βόθρον.
