4116 6466
556 447 684 516 1131

1536 432 2022 495 THEODORETI
2059 431 2397 495 EPISCOPI
2434 435 2798 500 CYRENSIS

3666 437 3807 501 1132

554 566 629 619 ait
675 572 737 626 ιιι,
785 558 1135 614 inducturum
1184 567 1311 610 esse
1361 550 1529 606 Deum
1579 550 1818 621 gladium
1870 558 2120 604 sanctum

2225 551 2318 603 καὶ
2350 552 2577 623 ἁλμυρῷ
2609 550 3010 622 ἐνδιαιτηθέντα
3043 550 3371 622 φρονήματι.
3423 554 3560 621 Φησὶ
3598 553 3653 606 δὲ
3704 556 3804 607 καὶ

556 667 726 724 super
756 650 1071 711 draconem,
1122 644 1214 716 qui
1265 652 1348 699 est
1397 645 1451 697 in
1500 642 1638 696 mari
1673 659 1686 695 :
1717 641 2028 709 asseritque
2064 639 2124 692 il-

468 764 471 769 ·
556 746 667 799 lum
703 748 947 797 tentasse
974 739 1138 793 etiam
1176 736 1408 791 similem
1441 733 1558 789 ﬁeri
1588 732 1770 798 leoni;
1804 732 1999 785 leonem
2034 746 2125 785 ve-

554 850 618 891 ro
647 831 890 905 gentium
940 843 1112 900 regno
1146 826 1379 898 potitum
1429 823 1718 880 Dominum
1766 836 1889 877 esse
1927 821 2125 876 didici-

553 940 700 981 mus.
736 941 755 976 ι
788 921 1139 977 Recumbens
1172 918 1319 974 enim
1358 915 1651 986 requievit,
1689 914 1892 984 inquit,
1925 921 1985 966 ut
2014 911 2121 975 leo,

550 1023 606 1071 et
628 1021 688 1069 ut
721 1010 944 1067 catulus
991 1009 1188 1076 leonis,
1219 1006 1343 1078 quis
1391 1004 1653 1061 excitabit
1695 1018 1821 1059 eum
1851 1002 1913 1055 ll1'
1954 1020 1973 1054 ι
2012 999 2126 1056 Hoc

548 1104 719 1175 igitur
766 1101 948 1157 dicit:
990 1098 1131 1165 Quia
1181 1095 1404 1151 tentasti
1452 1094 1651 1151 similis
1708 1092 1824 1147 ﬁeri
1877 1091 2122 1162 gentium

549 1196 701 1256 leoni
724 1236 740 1265 ,
772 1192 1001 1266 perinde
1026 1201 1190 1262 atque
1224 1189 1391 1244 draco
1417 1188 1509 1256 qui
1547 1194 1634 1243 est
1656 1181 1708 1239 in
1732 1185 1893 1252 mari,
1912 1190 1965 1239 et
1987 1197 2124 1237 con-

548 1299 636 1344 tra
670 1293 953 1341 auctorem
986 1283 1234 1338 omnium
1271 1292 1453 1333 rerum
1487 1275 1656 1330 Deum
1679 1273 1938 1345 superbia
1969 1272 2126 1327 inlla-

552 1386 645 1432 tus
671 1391 755 1441 es,
789 1374 956 1429 ﬂuvio
982 1370 1156 1427 fretus
1186 1369 1415 1439 ejusque
1451 1364 1637 1428 fossis,
1674 1375 1735 1419 ut
1780 1363 1875 1435 qui
1904 1379 2013 1419 non
2042 1364 2125 1418 in-

553 1468 795 1539 digeres,
830 1478 1008 1534 neque
1051 1461 1311 1522 nubibus,
1347 1471 1527 1527 neque
1573 1455 1775 1526 pluvia,
1812 1470 1988 1525 neque
2032 1471 2126 1510 su-

554 1572 726 1631 perna
760 1552 1104 1627 providentia
1133 1561 1187 1606 et
1223 1563 1376 1612 cura,
1426 1561 1617 1602 verum
1663 1546 1893 1616 pedibus
1924 1559 2123 1616 aquam

555 1648 896 1707 conturbans
925 1662 1045 1701 eam
1091 1642 1374 1700 derivares
1427 1638 1493 1694 ad
1545 1652 1709 1709 agros
1764 1636 2120 1709 irrigandos:

555 1742 659 1796 hac
691 1739 759 1795 de
788 1751 953 1793 causa
978 1754 992 1791 :

2224 642 2253 692 ὁ
2299 642 2525 706 Ἡσαΐας
2551 643 2774 707 ἐπάξειν
2802 644 2893 696 τὸν
2922 642 3057 695 Θεὸν
3084 642 3183 710 τὴν
3213 642 3487 711 μάχαιραν
3511 644 3610 714 τὴν
3636 645 3806 712 ἁγίαν

2225 732 2318 785 ἐπὶ
2346 732 2440 786 τὸν
2465 732 2736 804 δράκοντα
2757 733 2846 788 τὸν
2873 734 2932 786 ὲν
2964 735 3029 804 τῇ
3075 730 3319 805 θαλάσσῃ
3338 747 3350 759 ·
3386 733 3531 800 λέγει
3556 734 3613 787 δὲ
3636 735 3807 789 αὑτὸν

2224 821 2572 892 ἐπιχειρῆσαι
2620 822 2714 876 καὶ
2760 822 2931 877 λέοντι
2973 821 3341 893 ὁμοιωθῆναι·
3386 822 3577 877 λέοντα
3602 823 3659 877 δὲ
3690 825 3806 878 τῶν

2223 912 2392 965 ἐθνῶν
2419 913 2771 983 βασιλεύοντα
2789 914 2879 968 τὸν
2902 914 3105 986 Κύριον
3135 913 3535 985 μεμαθήκαμεν
3555 931 3570 945 ·
3599 933 3618 965 ι
3649 916 3808 969 Ἀνα-

2224 1002 2429 1067 κλιθεὶς
2474 1004 2603 1075 γὰρ,
2634 1004 2823 1074 φησὶν,
2868 1004 3234 1070 ἀνεπαύσατο,
3282 1003 3357 1067 ὡς
3407 1003 3544 1058 λέων
3585 1007 3679 1059 καὶ
3724 1005 3806 1070 ὡς

2227 1094 2492 1165 σκύμνος,
2523 1097 2607 1160 τίς
2633 1097 2815 1167 ἐγερεῖ
2842 1094 3040 1162 αὑτόν;
3071 1094 3236 1164 Λέγει
3263 1095 3440 1149 τοίνυν
3461 1112 3475 1126 ·
3497 1095 3625 1150 Ὀτι
3652 1097 3807 1149 ἐττει.⁸

2227 1186 2398 1258 ράθης
2443 1185 2775 1257 ὁμοιωθῆναι
2821 1187 2900 1257 τῷ
2936 1187 3043 1241 τῶν
3073 1185 3246 1240 ἐθνῶν
3276 1185 3473 1254 λέοντι,
3504 1187 3805 1258 παραπλη-

2227 1275 2356 1340 σίως
2383 1275 2461 1348 τῷ
2487 1276 2741 1348 δράκοντι
2769 1276 2847 1347 τῷ
2880 1279 2936 1330 ὲν
2967 1279 3034 1349 τῇ
3065 1275 3330 1351 Θαλάσσῃ,
3357 1277 3454 1330 καὶ
3479 1276 3803 1343 άλαζονικδν

2225 1367 2368 1421 κατὰ
2392 1366 2485 1420 τοῦ
2514 1367 2648 1420 Θεοῦ
2688 1367 2796 1420 τῶν
2824 1367 2959 1421 ὅλων
3007 1367 3240 1435 ἀνεδέξω
3268 1368 3543 1439 φρόνημα,
3579 1368 3802 1440 θαρρῶν

2223 1456 2302 1529 τῷ
2335 1456 2564 1528 ποταμῷ
2602 1457 2697 1510 καὶ
2720 1460 2836 1521 ταῖς
2858 1458 3050 1511 τούτου
3083 1455 3356 1527 διώρυξιν,
3391 1457 3467 1520 ὡς
3506 1458 3580 1528 μὴ
3604 1457 3799 1528 δεόμε-

2225 1565 2313 1611 νος
2345 1547 2421 1620 μὴ
2463 1550 2639 1618 νέφων
2660 1588 2675 1613 ,
2729 1549 2864 1620 μηδὲ
2896 1548 3075 1614 ὑετοῦ,
3115 1548 3249 1619 μηδὲ
3285 1548 3387 1618 τῆς
3418 1548 3624 1602 ἀνωθεν
3656 1566 3797 1619 προ-

2224 1640 2372 1703 νοίας
2395 1639 2489 1692 καὶ
2524 1641 2873 1710 κηδεμονίας,
2910 1639 3048 1695 ἀλλὰ
3075 1642 3184 1703 τοῖς
3219 1638 3346 1691 ποσὶ
3367 1629 3665 1709 χρώμενος,
3702 1640 3798 1691 καὶ

2222 1730 2511 1800 ταράσσων
2531 1732 2591 1783 τὸ
2617 1731 2780 1802 ὕδωρ,
2802 1733 2894 1785 καὶ
2917 1730 3195 1802 όχετηγῶν
3219 1732 3298 1793 είς
3318 1728 3538 1798 άρδείαν
3556 1746 3570 1759 ·
3604 1728 3795 1782 τούτου

2225 1823 2406 1892 χάριν,
2443 1821 2576 1891 φησί
2596 1836 2610 1849 ⁸

620 1910 791 1967 Vsus.
830 1910 885 1964 ὅ.
940 1904 1363 1975 Circumjiciam,
1422 1899 1625 1971 inquit,
1674 1914 1832 1969 super
1878 1908 1925 1954 te
1984 1900 2119 1954 retia

2227 1889 2257 1891 Π
2402 1889 2702 1979 Περιὸαλῶ
2730 1910 2825 1965 ἐπὶ
2855 1911 2930 1964 σὲ
2958 1909 3173 1966 δίκτυά
3194 1928 3315 1980 μου
3347 1909 3418 1964 ἐν
3436 1908 3480 1941 ³⁵
3500 1909 3802 1979 ἐκκλησίᾳ

548 2001 756 2058 main
796 1996 1013 2053 ecclesia
1057 1992 1375 2065 populorum
1412 1990 1721 2055 multorum,
1766 1998 1816 2043 et
1845 1988 2122 2043 extra/tam

550 2101 602 2147 te
629 2091 784 2145 homo
826 2103 959 2142 meo.
994 2085 1375 2155 Congruenter
1401 2079 1589 2146 iluvio,
1621 2085 1675 2135 et
1704 2078 1997 2135 admodum
2028 2094 2124 2149 ap-

547 2181 750 2253 posite,
785 2178 1009 2233 bamum
1037 2171 1485 2229 commemoravit
1520 2174 1575 2225 et
1612 2178 1769 2225 rete:
1803 2183 1924 2238 qua:
1950 2168 2122 2223 inter-

541 2278 797 2344 pretatus
824 2277 931 2332 est,
958 2266 1149 2321 dicens
1174 2282 1189 2319 :
1227 2281 1248 2315 ι
1276 2264 1337 2317 In
1364 2260 1596 2318 ecclesia
1624 2259 1949 2332 populorum
1983 2260 2123 2315 mul-

549 2372 751 2417 torum.
792 2376 813 2411 s
851 2356 984 2412 Nam
1015 2353 1183 2412 veluti
1206 2352 1444 2424 quodam
1474 2351 1575 2407 reti
1599 2350 1846 2407 adhibito
1874 2350 2118 2404 hostium

546 2450 814 2514 exercitu,
846 2457 901 2504 et
926 2446 1085 2519 quasi
1114 2448 1348 2517 quodam
1376 2444 1559 2507 hamo,
1584 2440 1750 2514 95.6
1776 2456 1898 2497 mea
1930 2442 2121 2497 volun-

548 2550 660 2598 tate
685 2541 898 2610 capiam
935 2545 1010 2602 te,
1051 2544 1105 2591 et
1136 2536 1312 2591 instar
1348 2532 1518 2604 piscis
1540 2533 1802 2587 venabor.

621 2627 786 2685 Vsus.
833 2627 951 2683 4-6.
996 2626 1060 2681 Et
1087 2624 1364 2681 extendant
1394 2632 1462 2691 te,
1504 2623 1706 2693 inquit,
1730 2638 1886 2692 super
1902 2631 2117 2686 terram,

540 2731 596 2775 et
633 2721 806 2789 campi
835 2720 913 2773 tui
951 2716 1307 2787 replebantur,
1354 2725 1403 2770 et
1430 2715 1607 2770 sedere
1649 2715 1847 2784 faciam
1878 2729 2032 2781 super
2071 2723 2120 2766 te

542 2813 727 2867 omnia
764 2810 1001 2871 volatilia
1029 2808 1166 2872 cali,
1202 2816 1254 2862 et
1292 2807 1516 2874 implebo
1549 2812 1615 2860 et
1637 2803 1806 2859 medio
1833 2805 1912 2857 tui
1941 2820 2118 2858 omnes

547 2902 744 2959 bestias
768 2909 942 2954 term.
997 2897 1062 2951 Et
1098 2896 1236 2951 dabo
1267 2910 1455 2951 carnes
1486 2903 1605 2949 tuas
1635 2909 1791 2963 super
1818 2904 2039 2961 montes,
2068 2903 2119 2948 et

544 2988 769 3061 implebo
819 2989 1073 3059 sanguine
1122 2996 1211 3041 tuo
1257 3002 1492 3047 campos.
1547 2983 1616 3038 Et
1653 2984 1924 3053 potabitur
1977 2995 2118 3037 terra

547 3077 864 3137 stercoribus
888 3078 992 3131 tuis
1024 3093 1182 3146 super
1208 3075 1492 3141 montibus,
1519 3083 1570 3129 et
1592 3074 1755 3129 valles
1785 3074 2008 3143 implebo
2047 3085 2114 3129 te.

546 3168 803 3239 Quando,
831 3170 850 3191 ⁶
883 3169 1078 3239 inquit,
1101 3167 1171 3223 ab
1205 3166 1457 3223 hostibus
1490 3177 1684 3236 captus
1710 3174 1764 3220 et
1793 3166 2117 3222 interiectus

548 3262 681 3326 eris,
707 3260 1019 3331 insepultus
1048 3258 1414 3329 pormanebis,
1450 3258 1861 3328 bestiarumque
1882 3266 1936 3313 et
1964 3261 2117 3314 volu-

540 3366 706 3409 crum
732 3359 951 3407 ventres
978 3350 1249 3418 implebis,
1282 3349 1678 3419 sanguinisque
1707 3350 1831 3425 rivi,
1855 3358 1909 3404 et
1938 3358 2121 3421 putre-

550 3441 681 3498 facti
713 3454 940 3497 cruores
971 3441 1096 3511 (bos
1127 3440 1273 3495 enim
1303 3447 1536 3493 stercora
1572 3439 1835 3511 vocavit),
1874 3449 1929 3496 et
1956 3455 2116 3512 agros

542 3543 605 3589 et
627 3539 840 3588 montes
865 3529 1237 3599 complebunt.

2220 2001 2389 2056 λαῶν
2432 2002 2712 2070 πολλῶν,
2755 2005 2853 2060 καί
2892 2003 3094 2069 ἀνάξω
3146 2018 3221 2057 σε
3272 2003 3343 2057 ἐν
3377 1999 3457 2066 τῷ
3502 2001 3804 2069 ἀγκίστρῳ

2216 2113 2357 2164 μου.
2402 2095 2703 2166 Ἀρμοδίως
2749 2098 2843 2150 καὶ
2894 2096 3042 2167 μάλα
3080 2093 3407 2166 προσφόρως
3439 2091 3517 2164 τῷ
3563 2092 3801 2162 ποταμῷ

2222 2186 2520 2258 ἀγκίστρου
2549 2187 2644 2242 καὶ
2674 2187 2910 2243 δικτύων
2933 2189 2976 2220 ¹¹
3008 2184 3412 2257 ἐμνημόνευσεν
3439 2202 3452 2213 ·
3486 2183 3807 2255 ἡρμήνευσε

2220 2280 2278 2333 δὲ
2303 2280 2592 2335 καὶταῦτα
2619 2278 2878 2352 εἰρηκώς·
2895 2299 2913 2331 ι
2937 2277 3026 2332 Ἑν
3050 2276 3315 2347 ἐκκλησία
3341 2274 3488 2329 λαῶν
3519 2274 3753 2329 πολλῶν.
3778 2291 3801 2325 s

2221 2361 2347 2420 Οἴον
2376 2368 2486 2439 γάρ
2517 2384 2624 2420 τινι
2656 2365 2860 2436 δικτύῳ
2883 2403 2899 2427 ,
2948 2367 3014 2435 τῇ
3057 2363 3318 2435 στρατείᾳ
3347 2361 3454 2416 τῶν
3498 2360 3806 2430 πολεμίων,

2220 2457 2316 2512 καὶ
2366 2458 2616 2529 καθάπερ
2668 2457 2776 2510 τινὶ
2831 2455 3154 2526 ἀγκίστρῳ,
3205 2453 3285 2524 τῷ
3341 2452 3458 2522 ἐμῷ
3498 2451 3810 2523 βουλήματι

2220 2546 2476 2619 άγρεύσω
2516 2564 2575 2601 σε
2607 2547 2702 2601 καὶ
2724 2544 2980 2618 θηρεύσω
3016 2562 3100 2611 σε,
3131 2542 3288 2614 δίκην
3325 2542 3526 2612 ἰχθύος.

2290 2634 2440 2700 δὀςθ.
2482 2634 2593 2689 Kal
2629 2633 2852 2687 ἐκτενῶ
2885 2650 2980 2700 σε,
3026 2634 3210 2704 φησὶν,
3248 2632 3348 2686 ἐπὶ
3388 2630 3503 2699 τὴν
3531 2631 3667 2700 γῆν,
3702 2627 3812 2683 καί

2219 2726 2394 2780 πεδία
2423 2724 2845 2793 πλησθήσεται
2883 2742 3000 2779 σου
3024 2726 3100 2790 ⁸⁵,
3138 2723 3237 2777 καί
3278 2719 3566 2776 ἐπικαθιῶ
3595 2719 3697 2773 ἐπὶ
3726 2719 3814 2774 σὲ

2218 2815 2416 2869 πάντα
2450 2815 2521 2869 τὰ
2558 2813 2799 2869 πετεινὰ
2831 2813 2940 2869 τοῦ
2966 2812 3251 2881 οὐρανοῦ,
3280 2812 3377 2866 καί
3405 2809 3698 2881 ἐμπλήσω
3731 2810 3812 2864 ἐκ

2214 2907 2408 2976 μέσου
2442 2905 2482 2936 ¹⁷
2534 2920 2651 2959 σου
2702 2905 2900 2959 πάντα
2950 2902 3023 2958 τὰ
3074 2904 3252 2973 θηρία
3306 2901 3418 2972 τῆς
3462 2900 3573 2971 γῆς
3602 2900 3664 2953 ¹³.
3692 2898 3811 2955 Kal

2218 2996 2387 3049 δώσω
2415 2995 2783 3065 Idemiqu
2811 3012 2926 3071 σοι)
2961 2993 3062 3048 ἐπὶ
3094 2995 3164 3049 τὰ
3195 2994 3302 3063 ὄρη
3323 3032 3340 3058 ,
3379 2993 3475 3046 καί
3510 2990 3811 3061 ἐιατλήσω

2217 3087 2335 3142 ἀπὸ
2359 3087 2464 3141 τοῦ
2492 3088 2739 3157 αἵματός
2766 3100 2883 3140 σου
2910 3085 2983 3141 τὰ
3008 3086 3189 3140 πεδία
3218 3087 3283 3140 ’⁸.
3314 3084 3480 3139 Kal”
3516 3080 3811 3147 ποτισθή-

2218 3196 2388 3233 σεται
2420 3180 2457 3247 ὴ
2493 3177 2566 3248 γῆ
2620 3177 2741 3232 ἀπὸ
2786 3175 2915 3255 τῶν
2945 3173 3425 3246 προχωρημάτων
3471 3190 3588 3228 σου
3634 3173 3806 3228 ἐπί²ί

2225 3265 2343 3321 τῶν
2388 3268 2607 3336 ὀρέων,
2664 3266 2763 3320 καὶ
2813 3265 3121 3336 φάραγγας
3157 3265 3453 3335 ἐμπλήσω
3493 3263 3621 3319 ἀπὸ
3658 3261 3804 3317 σοῦ.

2227 3354 2429 3422 Ὅταν,
2479 3355 2680 3425 φησιν,
2724 3354 2829 3407 ὑπὸ
2873 3353 2981 3407 τῶν
3037 3354 3315 3425 πολεμίων
3374 3352 3649 3424 ἁγρευθῇς
3702 3351 3807 3406 καὶ

2226 3446 2518 3518 άναιρεθῇς
2539 3487 2552 3512 ,
2587 3447 2792 3517 ἄταφος
2828 3448 3012 3516 μενεῖς
3031 3484 3045 3508 ,
3089 3447 3184 3499 καὶ
3213 3445 3517 3516 ἐμπλήσεις
3564 3443 3663 3506 τὰς
3692 3442 3807 3497 τῶν

2226 3539 2431 3609 θηρίων
2465 3538 2559 3592 καὶ
2603 3538 2704 3602 τὰς
2750 3536 2857 3592 τῶν
2906 3537 3110 3609 ὀρνέων
3149 3536 3452 3605 γαστέρας·
3502 3537 3551 3589 οἱ
3597 3534 3653 3587 δὲ
3704 3532 3807 3587 τοῦ

546 3626 781 3696 αἵματος
808 3624 1010 3695 ὀχετοὶ,
1043 3626 1137 3677 καὶ
1171 3627 1269 3695 τῆς
1303 3624 1591 3696 σηπεδόνος
1636 3626 1684 3678 οἰ
1722 3625 1936 3696 ἰχῶρες,
1969 3628 2190 3696 τούτους
2224 3635 2331 3705 γάρ
2384 3634 2609 3688 ἐκάλεσε
2669 3616 3130 3704 προχωρήματα,
3171 3633 3265 3687 καὶ
3329 3633 3397 3687 τὰ
3463 3632 3638 3695 πεδία,
3707 3630 3803 3685 καὶ

546 3717 619 3771 τά
644 3716 745 3789 δρη
770 3716 1071 3786 πληρώσει.

625 3806 787 3862 Vsus.
825 3808 877 3874 7,
910 3806 964 3862 8.
1004 3807 1072 3862 Et
1109 3810 1409 3880 cooperiam
1440 3820 1647 3877 cretam,
1683 3828 1803 3865 cum
1827 3814 2120 3867 exstinctus

551 3898 715 3968 {ueris
752 3908 827 3964 tu,
858 3910 908 3953 et
955 3899 1301 3955 obtenebrabo
1326 3909 1478 3954 astra
1510 3901 1650 3970 ejus,
1682 3903 1843 3957 solem
1870 3901 2003 3956 nube
2042 3912 2120 3957 te-

546 4005 691 4060 gam,
720 3997 768 4042 et
803 3989 928 4043 luna
958 4007 1060 4045 non
1088 3989 1325 4045 ostendet
1354 3991 1529 4046 lumen
1559 4009 1735 4047 suum.
1780 3993 1977 4047 Omnia
2005 4010 2122 4063 qua:

547 4079 718 4133 lacent
755 4080 810 4132 in
833 4080 960 4134 caelo
987 4081 1331 4136 obtenebrabo
1354 4097 1509 4151 super
1537 4090 1606 4149 te,
1634 4093 1682 4138 et
1712 4083 1848 4139 dabo
1883 4085 2120 4141 tenebras

542 4183 699 4234 super
727 4176 923 4223 terram
957 4179 1124 4237 tuam,
1158 4170 1287 4224 dicit
1318 4170 1529 4226 Adonal
1559 4171 1839 4229 Dominus.
1868 4172 1987 4229 Non
2023 4189 2122 4229 na-

542 4265 664 4312 tura
695 4259 809 4314 baec
839 4260 916 4313 ait
939 4260 1226 4324 accidisse,
1257 4260 1353 4316 sed
1393 4271 1614 4334 propter
1644 4278 1836 4319 eorum
1866 4264 1962 4335 qui
1991 4281 2121 4321 cru-

541 4348 873 4414 ciabantur,
924 4347 1269 4404 affectionem
1321 4367 1334 4403 :
1386 4350 1662 4420 siquidem
1707 4352 2119 4408 calamitatibus

538 4439 793 4508 oppressi
828 4446 991 4493 nocte
1018 4437 1397 4495 obscuriorem
1430 4439 1574 4496 diem
1611 4442 1928 4512 opinantur.
1960 4442 2117 4508 Quod

542 4525 767 4597 quidem
816 4527 1045 4593 docens,
1088 4529 1208 4583 ait:
1256 4545 1279 4580 ι
1334 4527 1401 4584 Ει
1443 4530 1588 4587 dabo
1641 4534 1899 4588 tenebras
1952 4548 2120 4603 super

2291 3811 2356 3876 ζ’,
2395 3809 2463 3882 η’.
2496 3811 2604 3865 Kal
2642 3812 3048 3879 κατακαλύψω
3082 3810 3187 3865 τὸν
3203 3810 3248 3842 ³³
3289 3809 3549 3878 οὐρανὸν
3596 3810 3668 3865 ἐν
3719 3813 3801 3879 τῷ

2220 3900 2559 3970 σϐεσθῆναι
2599 3916 2697 3964 σε,
2733 3900 2828 3954 καί
2860 3900 3227 3954 συσκοτὰσω
3256 3901 3327 3953 τὰ
3364 3898 3557 3966 ἄστρα
3581 3900 3801 3954 αὑτοῦ·

2220 3993 2401 4062 ἥλιον
2429 3992 2500 4047 ἐν
2540 3993 2769 4061 νεφέλῃ
2824 3991 3101 4060 καλύψω,
3158 3991 3255 4044 καί
3311 3990 3546 4059 σελήνη
3604 3993 3676 4043 οὐ
3708 3990 3802 4060 μὴ

2219 4080 2383 4152 φανῇ
2417 4081 2479 4135 τὸ
2528 4079 2655 4151 φῶς
2695 4079 2904 4149 αὐτῆς.
2946 4079 3183 4146 Πάντας
3201 4080 3246 4111 ’³
3287 4078 3427 4145 τοὺς
3471 4077 3804 4149 gowch

2218 4170 2326 4226 τοῦ
2349 4171 2611 4239 οὐρανοῦ
2643 4171 3011 4227 συσκοτάσω
3039 4168 3137 4222 ἐπὶ
3169 4170 3291 4230 σοί.
3326 4169 3424 4224 καί
3447 4168 3616 4223 δώσω
3648 4172 3801 4224 σκόο

2217 4279 2319 4330 τος
2355 4261 2454 4315 ἐπὶ
2492 4261 2607 4330 τὴν
2642 4261 2762 4330 γῆν
2797 4278 2915 4317 σου
2934 4261 3005 4325 ⁸⁸,
3049 4261 3210 4332 ,λέγει
3268 4258 3517 4314 Ἀδωναῒ
3560 4261 3798 4328 Κύριος.

2218 4350 2292 4403 Ob
2325 4348 2484 4419 φύσει
2540 4346 2716 4401 ταῦτα
2774 4348 2922 4416 λέγει
2979 4346 3344 4416 γεγενῆσθαι,
3405 4346 3539 4400 ἀλλὰ
3586 4349 3654 4417 τῇ
3687 4347 3802 4402 τῶν

2217 4440 2535 4508 άνιωμένων
2580 4437 2856 4491 διαθέσει·
2902 4438 2951 4492 οἰ
3002 4437 3112 4509 γάρ
3171 4438 3229 4492 ἐν
3286 4439 3593 4507 συμφοραῖς
3644 4436 3800 4503 ὅντες

2217 4529 2411 4591 νυκτὸς
2447 4529 2864 4601 άφεγγεστέραν
2908 4527 3006 4600 τὴν
3051 4529 3263 4600 ἡμέραν
3311 4528 3796 4597 ὑπολαμϐάνουσι·

543 4622 748 4672 terram
778 4622 955 4681 tuam,
993 4635 1014 4669 ι
1056 4632 1168 4672 non
1210 4633 1374 4688 super
1412 4634 1628 4675 omnem
1678 4629 1908 4676 terram.
1959 4620 2117 4687 Quod

2223 4616 2318 4669 καὶ
2358 4614 2518 4669 τοῦτο
2556 4616 2823 4670 διδάσκων
2877 4616 2978 4688 ἔφη
3007 4631 3021 4645 ·
3074 4636 3091 4667 ι
3127 4618 3234 4670 Καὶ
3278 4615 3434 4669 δώσω
3470 4615 3660 4679 σκότος
3704 4617 3796 4669 ἐπὶ

544 4704 594 4759 si
626 4704 754 4774 quis
801 4717 992 4760 revera
1032 4701 1181 4759 dicat
1228 4707 1483 4761 tenebras
1535 4709 1591 4761 in
1645 4707 1882 4779 Egypto
1945 4707 2119 4765 fuisse

545 4795 672 4849 belli
717 4803 985 4867 tempore,
1017 4797 1138 4867 ipso
1174 4795 1283 4852 Deo
1316 4799 1662 4860 ostendente,
1699 4816 1761 4855 se
1800 4800 2115 4870 Babyloniis

538 4881 611 4936 ad
642 4880 931 4954 Egyptios
962 4885 1270 4954 puniendos
1301 4901 1461 4941 usum
1508 4886 1673 4961 947
1721 4888 1895 4946 luisse
1953 4906 1981 4944 a
2025 4891 2117 4960 pio

544 4988 711 5031 sensu
744 4987 856 5028 non
887 4975 1187 5031 aberrabit.

614 5297 779 5356 ’"lsa.
811 5314 982 5365 xxv",
1017 5297 1065 5354 Ι.
1143 5301 1172 5332 ³³
1200 5292 1339 5351 Gen.
1377 5311 1529 5364 χιιι,
1563 5297 1617 5353 9.

2212 4705 2313 4775 τὴν
2341 4705 2446 4775 γῆν
2480 4723 2573 4759 σου
2599 4723 2612 4736 ·
2656 4725 2675 4758 ι
2715 4707 2815 4759 οὐκ
2862 4707 2955 4759 ἐπὶ
3006 4707 3187 4760 πᾶσαν
3221 4706 3321 4776 τὴν
3359 4706 3480 4777 γῆν.
3524 4708 3587 4760 Εἰ
3629 4706 3685 4760 δέ
3714 4725 3797 4770 τις
3854 4706 3877 4721 ’

2214 4795 2400 4864 λέγει,
2443 4796 2537 4849 καλ⁵
2584 4797 2773 4861 σκότος
2801 4796 2877 4868 τῷ
2924 4797 3036 4850 ὄντι
3084 4798 3143 4849 ὲν
3185 4799 3251 4869 τῇ
3313 4796 3573 4869 Αἰγύπτῳ
3638 4814 3797 4866 γεγετ

2213 4885 2408 4955 νῆσθαι
2436 4888 2575 4941 κατὰ
2600 4887 2692 4941 τὸν
2717 4889 2957 4959 πολέμου
2983 4888 3172 4960 καιρὸν
3192 4928 3207 4953 ,
3247 4887 3342 4942 τοῦ
3371 4886 3507 4940 Θεοῦ
3548 4886 3796 4941 δεικνύν-

2213 4993 2325 5040 τος,
2370 4977 2446 5041 ὠς
2496 4979 2658 5041 αὐτὸς
2698 4982 2811 5043 τοῖς
2864 4978 3228 5041 Βαϐυλωνίοις
3275 4981 3355 5044 εἰς
3385 4978 3657 5049 τιμωρίαν
3687 4978 3809 5030 τῶν

2219 5063 2529 5132 Αἰγυπτίων
2574 5066 2884 5138 ἐχρήσατο,
2946 5067 3049 5137 τῆς
3092 5064 3350 5129 εὐσεϐοῦς
3398 5064 3637 5131 διανοίας
3694 5066 3799 5135 οὐχ

2221 5155 2616 5227 ἁμαρτήσεται.

1806 5392 2040 5449 vitam
2064 5395 2473 5468 LECTIONES.
2516 5411 2529 5423 -

618 5482 656 5513 ’⁸
686 5485 763 5537 έν.
799 5483 840 5535 Α
871 5496 1056 5551 prsenti.
1096 5480 1208 5536 καί.
1287 5481 1330 5514 ’⁸
1352 5480 1394 5535 Β
1416 5481 1710 5552 ἄγκιστρον
1742 5482 1837 5534 καὶ
1863 5481 2092 5539 δίκτυον.

579 5549 684 5594 iam
717 5560 788 5594 to-
868 5551 909 5580 ¹⁷
963 5551 1087 5594 αέσ-
1139 5551 1192 5594 In
1224 5544 1391 5594 Adon-
1420 5551 1479 5594 Β-
1511 5555 1713 5594 μέσων-
1792 5546 1834 5580 ⁸⁸
1862 5569 1907 5594 τ.
1943 5554 2063 5594 vir,
2102 5555 2120 5594 Δ

2243 5506 2301 5544 κ.
2343 5491 2460 5546 πεδ.
2497 5492 2588 5547 πλ.
2635 5509 2752 5547 σου.
2801 5490 2958 5546 Hebr.
3006 5491 3060 5548 in
3100 5495 3438 5565 superﬁciem
3477 5492 3591 5567 agri
3621 5491 3787 5594 proji-

2220 5573 2325 5594 Ima“
2380 5562 2563 5594 quin...
2671 5563 2714 5594 ιο
2749 5561 2816 5594 ,μὶ-
2849 5560 2951 5594 ..εκ
3005 5566 3032 5594 Α
3077 5567 3256 5594 ..ἓ-..η
3276 5565 3377 5594 -1...
3417 5562 3516 5594 ...τυ
3602 5564 3622 5594 1
3683 5563 3787 5594 [ad

544 5549 684 5607 ciam
717 5560 791 5607 te.
868 5544 909 5580 ῖ⁷
961 5551 1096 5633 μέμ..
1138 5544 1263 5633 land
1509 5544 1713 5633 μέσων.
1792 5546 1834 5633 ‘_‘
1862 5569 1910 5607 τ.
1943 5554 2068 5633 γῆς.
2096 5555 2120 5607 Α

2220 5573 2347 5614 mm.
2380 5544 2586 5632 πάσης.
2645 5544 3060 5633 dirimebat;

534 5646 612 5659 ---
641 5637 800 5692 προχ.
838 5617 974 5673 σου.⁷
998 5618 1162 5675 Hebr.
1190 5617 1253 5672 Et
1283 5617 1522 5689 irrigabo
1554 5628 1759 5677 terram
1796 5617 2120 5678 inundation

544 5685 669 5750 θους
698 5708 810 5745 σου.
889 5689 932 5719 ¹²
968 5689 1076 5741 τόν.
1113 5687 1237 5744 Des.
1265 5689 1317 5743 in
1344 5691 1390 5742 A
1418 5692 1505 5746 ubi
1537 5690 1764 5750 οὐρανὸν
1791 5693 2012 5750 ponitur
2035 5709 2120 5750 nos

2225 5639 2353 5692 tuae,
2396 5617 2663 5701 sanguine
2697 5638 2812 5686 tuo.

2220 5697 2348 5750 ϐεσθ
2382 5716 2463 5750 σε,
2540 5703 2586 5734 ⁸⁸
2616 5703 2812 5750 Πάντας

544 5703 669 5753 υους
698 5708 810 5745 σου.
891 5703 932 5719 "
968 5703 1076 5741 τον.
1115 5703 1237 5744 uos.
1265 5706 1317 5743 in
1344 5703 1390 5742 Α
1418 5703 1505 5746 ubi
1537 5703 1764 5760 ούρανον
1791 5703 2012 5760 ponitur
2035 5703 2156 5763 post
2178 5703 2348 5750 σϐεσθ
2382 5716 2463 5752 σε.

544 5757 610 5810 tu
636 5756 728 5812 τοῦ
753 5757 985 5829 ούρανοῦ
1005 5758 1426 5813 συσκοτάσουσιν
1460 5760 1555 5817 ἐπὶ
1590 5758 1671 5812 σέ.
1759 5763 1805 5793 ³⁸
1832 5778 1879 5815 τ.
1904 5779 1956 5830 γ.
1979 5780 2094 5818 σευ.
2129 5762 2173 5816 Α
2209 5767 2290 5819 σέ.

544 5685 669 5753 θους
685 5685 789 5743 ’σου
799 5732 810 5745 .

2671 5563 2714 5595 ¹⁹
2749 5561 2817 5615 τά
2849 5560 2969 5614 πεδ.
2998 5566 3039 5614 Α
3077 5560 3256 5620 πᾶσαν
3276 5565 3377 5637 τὴν
3417 5560 3538 5687 γῑὲιῖ
3572 5560 3649 5643 '1'
3683 5560 3790 5617 Ka‘

2697 5638 2812 5686 tuo.
2891 5630 2936 5664 ²¹
2970 5630 3082 5687 ἐπί.
3108 5637 3152 5687 Α
3177 5650 3364 5687 nrazm.
3396 5635 3429 5687 ά
3531 5648 3625 5685 του
3649 5631 3790 5687 πλη-

2970 5630 3087 5706 έςπί.
3108 5637 3152 5688 Α
3177 5630 3364 5706 praeui.
3396 5630 3503 5706 άπὸ
3531 5630 3626 5685 τοῦ
3649 5631 3790 5706 κλῇ·

2540 5703 2586 5734 ⁸⁸
2616 5703 2902 5765 Πάντας-ο
2930 5701 3031 5753 σοί.
3065 5705 3107 5756 Α
3142 5701 3354 5766 Πάντας
3379 5704 3638 5773 φαίνοντα
3676 5702 3795 5772 φῶς
