4116 6418
531 420 668 488 1139

1487 429 1971 489 THEODORETI
2003 432 2337 494 EPISCOPI
2377 437 2739 500 CYRENSIS

3646 447 3782 515 1140

523 542 610 587 est
653 532 945 600 conscius,
981 535 1288 591 accusatio.
1336 534 1401 588 Et
1448 536 1872 595 incircumcisos
1914 540 2096 596 denuo

2201 544 2382 615 ἰσχύος
2447 547 2715 616 ἐγένοντο.
2773 568 2792 602 ς
2853 552 3247 622 Αἰσχυνόμενοι
3302 555 3346 589 ⁸⁸
3400 556 3779 630 ἐκοιμήθησαν

527 621 740 675 vocavit
786 636 918 685 eos,
969 623 1065 692 qui
1123 625 1332 693 peccati
1384 627 1578 682 sordes
1623 644 1732 683 non
1790 640 2098 689 removent.

524 709 730 765 Deinde
753 727 878 766 cum
898 711 1101 768 dixerit
1129 732 1142 767 :
1169 734 1188 767 ι
1210 715 1558 787 Acceperunt
1577 729 1911 776 tormentum
1934 737 2098 777 suum

522 817 647 854 cum
679 800 1152 862 descendentibus
1185 807 1240 862 in
1283 807 1525 876 foveam,
1563 830 1582 863 ι
1612 812 1717 867 hoc
1759 821 1844 869 est
1887 815 2095 885 suppli-

519 892 666 946 cium
685 931 699 958 ,
735 893 974 962 subjecit
999 915 1014 950 :

588 1156 758 1214 Vens.
785 1159 879 1223 3|,
911 1160 1003 1217 52.
1042 1161 1178 1217 Illos
1204 1163 1398 1218 videbit
1431 1181 1524 1220 rex
1552 1163 1770 1221 Pharao
1791 1208 1806 1232 ,
1830 1177 1882 1222 et
1909 1183 2099 1224 conso-

518 1247 718 1302 labitur
747 1267 907 1320 super
945 1268 1096 1307 omne
1126 1256 1288 1308 robur
1320 1256 1556 1324 ipsorum
1575 1297 1592 1324 ,
1624 1259 1888 1313 vulnerati
1919 1260 2099 1330 gladio

520 1340 859 1408 Pharaonis,
902 1356 952 1400 et
992 1348 1163 1401 omnis
1209 1350 1473 1406 exercitus
1515 1350 1663 1420 ejus,
1708 1354 1838 1407 dicit
1886 1353 2102 1410 Adonei

519 1432 803 1489 Dominus.
849 1435 990 1502 Quia
1029 1437 1176 1491 dedit
1216 1439 1459 1495 timorem
1499 1459 1656 1496 suum
1702 1460 1861 1515 super
1900 1455 2100 1501 terram

520 1525 670 1591 vita,
699 1535 749 1579 et
777 1525 1004 1581 dormiet
1030 1531 1088 1582 in
1117 1529 1289 1584 medio
1322 1531 1816 1590 incircumcisorum
1843 1537 2094 1592 vulnera-

521 1625 694 1671 torum
722 1617 904 1689 gladio
934 1619 1238 1678 Pharaonis
1257 1663 1272 1688 ,
1301 1631 1352 1678 et
1396 1625 1569 1680 omnis
1611 1627 1901 1684 multitudo
1947 1630 2101 1697 eius,

2203 637 2568 709 ἀπερίτμητοι
2593 641 2659 694 ⁷⁸.
2693 659 2711 691 ι
2749 641 2914 697 Οὐδὲν
2959 643 3068 713 γάρ
3111 643 3286 707 οὕτως
3339 645 3600 716 αἰσχύνης
3649 651 3751 703 ἀνα

2201 729 2527 799 πίμπλησιν,
2552 731 2626 794 ὡς
2656 733 2898 804 πονηροῦ
2934 735 3234 800 συνειδότος
3261 739 3587 809 κατηγορία.
3608 741 3779 798 Ἀπε-

2192 817 2522 886 ριτμήτους
2547 820 2603 873 δὲ
2640 822 2802 877 πάλιν
2828 825 3053 878 ἐκάλεσε
3075 827 3203 890 τοὺς
3251 828 3350 897 τῆς
3383 829 3658 899 ἁμαρτίας
3704 834 3778 902 μὴ

2203 906 2626 978 περιτέμνοντας
2658 912 2726 965 τὰ
2767 914 3180 984 περιττώματα.
3223 913 3360 969 Εἶτα
3405 918 3663 989 εἰρηκὼς,
3698 921 3782 974 ὅτι

2199 996 2392 1051 ἔλαϐον
2413 1000 2458 1030 ⁷⁸
2489 1001 2589 1070 τὴν
2622 1001 2856 1070 βάσανον
2889 1005 3071 1058 αὐτῶν
3103 1006 3242 1076 μετά
3279 1007 3388 1060 τῶν
3423 1010 3782 1066 καταϐαινόν-

2199 1106 2308 1142 των
2331 1091 2410 1153 εἰς
2435 1090 2647 1162 βόθρον,
2682 1095 2926 1150 τουτέστι
2946 1097 3046 1166 τὴν
3072 1099 3363 1170 τιμωρίαν,
3397 1101 3672 1170 ἐπήγαγεν
3690 1119 3704 1134 ο

2268 1182 2372 1248 λα’,
2412 1182 2512 1252 λβ’.
2562 1187 2860 1254 Ἐκείνους
2900 1187 3112 1256 ὄψεται
3137 1189 3442 1256 ,βασιλεὺς
3474 1193 3519 1223 ⁷⁸
3546 1192 3777 1260 Φαραὼ,

2198 1273 2301 1327 καὶ
2329 1277 2860 1345 zamia/inducent
2887 1279 2990 1332 ἐπί
3040 1277 3251 1334 πᾶσαν
3287 1281 3405 1349 τὴν
3455 1282 3642 1350 ἰσχὺν
3671 1285 3781 1338 αὐ.

2197 1363 2337 1430 τῶν,
2367 1368 2716 1436 τραυματίαι
2741 1369 3046 1438 μαχαίρας
3083 1370 3319 1438 Φαραὼ,
3369 1371 3469 1424 καί
3515 1371 3684 1427 πᾶσα
3736 1377 3778 1442 ἠ

2197 1455 2454 1526 δύναμις
2475 1458 2682 1526 αὐτοῦ,
2715 1462 2880 1530 λέγει
2925 1459 3167 1515 Ἀδωνατ
3193 1463 3413 1530 Κύριος
3442 1479 3457 1493 '
3494 1465 3624 1518 Ὀτι
3645 1465 3782 1519 ἐδω-

2198 1564 2267 1601 κε
2291 1548 2340 1580 ⁷³
2369 1550 2476 1603 τὸν
2499 1551 2689 1618 φόϐον
2736 1551 2924 1605 αὐτοῦ
2948 1552 3050 1605 ἐπὶ
3077 1551 3186 1622 γῆς
3212 1551 3385 1620 ζωῆς,
3419 1555 3519 1609 καὶ
3569 1572 3782 1624 κοιμη-

2199 1640 2451 1706 θήσδτω
2504 1641 2576 1696 ἐν
2626 1639 2797 1712 μέσῳ
2839 1643 3254 1712 ἀπερίτμήτων
3302 1645 3674 1715 τραυματιῶν
3729 1640 3776 1673 ⁷⁸

517 1705 649 1762 dicit
672 1708 886 1764 Adonai
915 1709 1198 1768 Dominus.
1226 1712 1287 1769 In
1318 1714 1445 1770 illos
1471 1716 1618 1771 enim
1649 1718 1956 1787 respiciens
1975 1761 1992 1787 ,
2022 1721 2096 1776 in-

2193 1705 2495 1800 μαχαίρας
2527 1705 2777 1802 Φαραὼ,-
2805 1733 2904 1787 καὶ
2934 1705 3062 1790 πᾶνἐ
3080 1705 3149 1787 τό
3188 1705 3422 1802 πλῆθος
3443 1705 3650 1804 αὑτοῦ,
3683 1739 3782 1792 λέ-

515 1797 671 1866 quit,
707 1797 951 1866 Pharao,
983 1801 1078 1871 qui
1121 1803 1370 1873 majores
1401 1803 1670 1873 fuerunt,
1705 1815 1762 1863 et
1804 1808 1968 1878 longe
2003 1826 2096 1881 po-

2195 1797 2576 1892 ;rsiv’A—dwral
2609 1797 2844 1893 ίίύριος.
2878 1826 2972 1889 Εἰς
3017 1826 3258 1890 ἐκείνους
3291 1797 3418 1898 γὰρ,
3443 1802 3633 1897 -φησὶν,
3673 1828 3782 1895 ἀφ-

516 1887 812 1954 lentiores,
849 1890 1034 1961 aliqua
1063 1894 1450 1950 consolatione
1467 1895 1758 1966 aﬂicietur,
1780 1907 1836 1956 et
1865 1916 1977 1956 una
2011 1903 2089 1958 illi
2127 1890 2169 1944 Β

514 1976 770 2046 subjecti.
826 1978 990 2037 Dabit
1045 1991 1229 2040 tamen
1296 1986 1602 2056 impietatis
1668 2004 1904 2060 poenas,
1963 1995 2094 2062 quia

514 2069 694 2122 multo
741 2069 847 2125 sibi
898 2073 1171 2141 subjectis
1219 2077 1452 2134 incusso
1505 2090 1691 2150 metu,
1747 2083 1868 2153 ipse
1918 2084 2092 2154 legem

512 2174 689 2215 mean
736 2177 848 2217 non
889 2163 1146 2232 admisit,
1201 2169 1296 2225 sed
1349 2171 1593 2226 animam
1659 2173 1884 2245 reliquit
1925 2175 2097 2231 incir-

513 2251 844 2316 cumcisam.
898 2253 1270 2320 Quamobrem
1319 2275 1447 2317 cum
1496 2263 1660 2334 953
1714 2265 1919 2321 talibus
1977 2266 2097 2336 ipse

511 2355 768 2411 quoque.
817 2351 874 2400 et
919 2361 1032 2402 una
1088 2349 1184 2418 qui
1237 2351 1432 2408 eadem
1480 2355 1787 2412 sentientes
1836 2357 2098 2414 similiter

510 2431 805 2499 vixerunt,
836 2437 1186 2496 oceidentur.
1233 2441 1338 2499 His
1383 2444 1553 2515 igitur
1595 2450 1911 2519 perceptis,
1966 2465 2094 2506 cum

509 2525 939 2592 cognoverimus
984 2544 1050 2583 ex
1085 2530 1291 2589 divinis
1336 2537 1616 2602 oraculis,
1657 2541 1854 2608 quales
1900 2555 2097 2610 pmnas

508 2610 696 2666 daturi
739 2613 854 2669 sint
891 2619 986 2686 qui
1030 2621 1273 2696 animam
1315 2639 1426 2679 non
1461 2626 1911 2697 circumcidunt,
1945 2631 2095 2687 acci-

511 2701 728 2771 piamus
751 2741 766 2764 ,
790 2705 1008 2777 hortor,
1036 2713 1374 2769 sanctissimi
1403 2713 1649 2787 Spiritus
1676 2722 1695 2741 ⁶
1725 2719 1874 2775 haud
1902 2736 2096 2778 mauu-

511 2794 717 2852 t'actam
764 2797 1300 2860 circumcisionem:
1351 2805 1422 2862 de
1472 2822 1581 2876 qua
1641 2808 1840 2866 beatus
1888 2809 2097 2869 Paulus

510 2884 588 2940 ait
607 2889 671 2942 ετ
699 2906 719 2940 ι
746 2887 813 2942 Ει
843 2889 1202 2950 circumcisio
1230 2895 1418 2952 cordis
1449 2898 1502 2952 in
1525 2900 1872 2969 spiritu,non
1907 2903 1964 2958 in
1995 2904 2092 2959 lit-

511 2988 670 3044 tera,
703 2981 869 3050 cujus
913 2983 1035 3039 laus
1078 3001 1190 3041 non
1235 3002 1300 3043 es
1349 2988 1709 3056 hominibus,
1756 2995 1854 3050 sed
1881 3010 1950 3050 ex
1980 2994 2094 3051 Deo

509 3076 616 3126 est.
659 3089 681 3124 ι
713 3072 1209 3133 Circumcisionem
1268 3093 1400 3134 vero
1443 3082 1634 3138 cordis
1659 3083 1841 3140 edocti
1900 3101 2094 3153 sumus

511 3163 725 3231 peccati
772 3179 902 3222 esse
943 3168 1282 3226 ablationem
1307 3210 1323 3236 ,
1367 3180 1424 3226 et
1463 3173 1844 3243 improbarum
1887 3178 2093 3232 mentis

510 3251 867 3311 aﬂectionum
903 3259 1382 3330 esstirpationem.
1408 3263 1569 3328 Quod
1613 3264 1880 3322 Dominus
1921 3267 2089 3323 doce-

508 3342 638 3407 bat,
665 3359 794 3400 cum
826 3347 1039 3404 diceret
1068 3367 1082 3403 :
1113 3367 1132 3402 ι
1165 3351 1224 3406 Si
1257 3354 1454 3410 oculus
1483 3363 1614 3411 tuus
1646 3356 1842 3413 dexter
1859 3357 2092 3415 offendit

508 3441 602 3500 se,
629 3437 832 3491 excide
862 3437 1071 3510 (eum),
1099 3450 1156 3496 et
1187 3444 1400 3512 projiee
1428 3460 1461 3500 a
1490 3454 1543 3503 te
1572 3457 1620 3503 ι’.
1655 3468 1675 3500 ι
1705 3447 1772 3504 Et
1813 3449 1882 3506 de
1917 3465 2089 3507 manu

508 3533 577 3574 ac
608 3522 749 3590 pede
785 3523 931 3578 idem
973 3527 1113 3582 dixit
1135 3567 1153 3594 ,
1187 3530 1496 3603 additque:
1525 3554 1545 3588 ι
1573 3535 1812 3610 Expedit
1850 3541 1987 3606 tibi,
2030 3549 2093 3597 ut

509 3619 702 3678 pereat
733 3628 906 3668 unum
947 3619 1321 3689 membrorum
1370 3633 1595 3683 tuorum
1617 3669 1632 3694 ,
1665 3637 1721 3685 et
1758 3645 1869 3686 non
1912 3639 2090 3687 totum

510 3713 723 3771 corpus
745 3712 904 3760 tuum
933 3709 1264 3778 projiciatur
1295 3716 1350 3771 in
1377 3719 1683 3788 gehennam
1713 3733 1759 3776 ι.
1791 3742 1812 3776 ι
1835 3721 1902 3777 Ει
1928 3739 2094 3780 mem-

511 3973 655 4026 ratio
695 3973 842 4031 inest
882 3993 1235 4051 expurgare,
1285 3996 1566 4060 totamque
1615 3991 1824 4052 divinis
1877 3997 2093 4068 legibus

509 4060 772 4121 dedicare
818 4076 874 4122 et
923 4085 1278 4132 consecrare.
1329 4077 1411 4134 Ita
1463 4083 1609 4138 enim
1664 4085 1734 4140 ab
1780 4087 2092 4146 adversarii

507 4157 898 4215 communione
942 4163 1112 4220 alieni
1163 4168 1484 4239 reddemur,
1537 4181 1592 4230 et
1642 4174 1938 4234 Dominum
1991 4196 2093 4237 no-

507 4251 684 4334 strum
713 4250 813 4319 qui
846 4253 1012 4310 nobis
1038 4255 1435 4316 beneﬁciorum
1466 4273 1666 4321 auctor
1695 4275 1816 4334 est,
1847 4269 1901 4324 in
1929 4271 2092 4328 nobis

506 4333 850 4428 habitantem
881 4345 1254 4416 excipiamus,
1279 4365 1444 4421 quem
1475 4353 1636 4410 decet
1673 4333 1848 4428 gloria
1893 4359 1948 4415 in
1984 4375 2090 4416 sae-

509 4426 632 4482 cuia
661 4432 1016 4491 saeculorum.
1043 4437 1242 4495 Amen.

593 4697 623 4740 ιι
653 4688 820 4752 Rom.
855 4711 893 4751 ιι
922 4735 938 4762 ,
975 4696 1066 4753 ἳ9.
1147 4708 1170 4738 ι
1209 4699 1398 4760 Matth.
1429 4723 1482 4774 ν,
1519 4709 1609 4764 29.
1687 4721 1708 4749 ³
1743 4711 1884 4768 lbid.
1917 4711 2005 4768 '50.

2197 1919 2340 1989 ορῶν
2375 1921 2403 1972 ό
2433 1918 2633 1990 Φαραὼ
2670 1919 2892 1990 μείζους
2917 1920 3339 1991 γεγενημένους,
3389 1923 3485 1975 καὶ
3526 1921 3646 1975 λίαν
3687 1923 3782 1976 δυ-

2198 2009 2560 2079 νατωτέρους,
2589 2009 2920 2080 παραψυχήν
2958 2027 3080 2064 τινα
3109 2011 3360 2082 λήψεται,
3380 2012 3476 2066 καὶ⁵
3507 2012 3604 2066 σὺν
3630 2011 3782 2081 αὐτῷ

2195 2101 2247 2153 οἱ
2295 2101 2525 2171 ὑπήκοοι
2546 2114 2560 2128 ⁸
2608 2099 2772 2154 δώσει
2808 2101 2866 2153 δὲ
2914 2103 3064 2171 ὅμως
3082 2101 3184 2171 τῆς
3207 2103 3464 2164 ἀσεϐείας
3491 2103 3665 2166 δίκας,
3697 2103 3786 2156 ὃτι

2199 2190 2368 2244 πολὺν
2406 2191 2523 2253 τοῖς
2566 2191 2831 2261 ὑπηκόοις
2879 2192 3234 2255 ἐπιτεθεικὼς
3274 2192 3459 2259 φόϐον,
3482 2193 3643 2256 αὐτὸς
3686 2193 3786 2247 τὸν

2195 2279 2330 2350 ἐμὸν
2379 2279 2480 2333 οὐκ
2524 2279 2746 2344 ἐδέξατο
2791 2280 2958 2351 νόμον
3003 2282 3072 2346 ’⁵,
3112 2281 3227 2334 ἀλλ’
3258 2283 3408 2334 εἴασε
3454 2282 3554 2352 τὴν
3599 2281 3785 2352 ψυχὴν

2195 2371 2594 2442 ἀπερίτμητον.
2631 2363 2708 2424 Ob
2755 2372 2918 2443 χάριν
2961 2370 3100 2441 μετά
3131 2371 3240 2424 τῶν
3265 2371 3522 2425 τοιούτων
3561 2371 3655 2424 καὶ
3681 2373 3785 2424 αὑ·

2194 2461 2310 2525 τὸς,
2335 2461 2432 2514 καὶ
2457 2461 2509 2514 oi
2539 2462 2608 2516 τὰ
2629 2462 2770 2515 αὑτά
2808 2461 2960 2530 αὐτῷ
2977 2463 3404 2532 πεφρονηκότες,
3432 2463 3545 2517 πῶν
3571 2464 3786 2533 ὁμοίως

2195 2550 2345 2621 αὐτῷ
2375 2550 2424 2582 ⁷⁸
2475 2550 2820 2619 βεϐιωκότων
2867 2551 3112 2616 δέξονται
3163 2552 3261 2619 τὴν
3318 2553 3554 2622 σφαγήν.
3591 2551 3786 2606 Ταῦτα

2193 2641 2376 2694 τοίνυν
2417 2641 2824 2712 μεμαθηκότες,
2853 2642 2948 2695 καὶ
2981 2641 3072 2694 διὰ
3110 2642 3220 2696 τῶν
3266 2642 3428 2696 θείων
3477 2643 3784 2712 ἐγνωκότες

2193 2731 2412 2800 λογίων,
2442 2731 2562 2796 οἵας
2610 2731 2818 2786 τίνουσι
2859 2732 3016 2797 δίκας
3065 2735 3117 2786 oi
3175 2732 3275 2802 τὴν
3331 2733 3508 2803 ψυχὴν
3562 2732 3784 2802 ἔχοντες

2193 2822 2589 2892 ἀπερίτμητον,
2629 2821 2934 2892 δεξώμεθα,
2986 2824 3312 2894 παρακαλῶ,
3357 2823 3453 2877 τοῦ
3507 2823 3781 2891 παναγίου

2197 2911 2516 2982 Πνεύματος
2559 2912 2659 2983 τὴν
2685 2913 3105 2985 ἀχειροποίητον
3136 2913 3461 2984 περιτομὴν,
3489 2915 3619 2986 περὶ
3645 2911 3713 2986 ἧς
3747 2915 3783 2966 ὁ

2198 3003 2470 3072 μακάριος
2491 3003 2639 3071 λέγει
2676 3003 2891 3068 Παῦλος
2911 3021 2926 3035 ο
2961 3022 2980 3057 ι
3016 3005 3128 3058 Καὶ
3153 3004 3423 3074 περιτομὴ
3454 3003 3681 3074 καρδίας
3718 3005 3784 3056 ἐν

2196 3092 2494 3164 πνεύματι,
2527 3095 2590 3148 οὐ
2611 3095 2920 3166 γράμματι,
2945 3089 3007 3150 οὗ
3037 3096 3066 3147 ό
3093 3094 3311 3158 ἔπαινος
3350 3095 3448 3149 οὐκ
3477 3095 3536 3160 ἐξ
3568 3092 3776 3164 ἀνθρὼ-

2199 3201 2340 3249 πων,
2369 3183 2482 3237 ἀλλ’
2513 3187 2578 3238 ἐκ
2601 3183 2697 3238 τοῦ
2723 3184 2882 3239 Θεοῦ.
2920 3203 2939 3236 ι
2970 3183 3281 3256 Περιτομὴν
3323 3185 3382 3238 δέ
3416 3183 3640 3254 καρδίας
3669 3182 3782 3235 ἐδι-

2192 3272 2471 3344 δάχθημεν
2493 3267 2635 3326 εῖναι
2651 3272 2751 3343 τὴν
2774 3273 2874 3344 τῆς
2897 3272 3174 3343 ἁμαρτίας
3201 3271 3516 3343 ἀφαίρεσιν,
3542 3271 3638 3324 καὶ
3663 3267 3784 3324 τῶν

2191 3365 2290 3434 τῆς
2331 3363 2574 3428 διανοίας
2617 3363 2804 3418 κακῶν
2841 3364 3158 3434 κινημάτων
3206 3363 3308 3433 τὴν
3357 3362 3617 3432 ἐκτομὴν.
3664 3361 3779 3414 Καὶ

2191 3454 2352 3510 τοῦτο
2371 3453 2639 3508 διδάσκων
2659 3455 2688 3506 ό
2716 3452 2994 3524 Δεσπότης
3023 3453 3213 3520 ἔλεγεν
3232 3469 3246 3483 ·
3283 3470 3303 3504 ι
3335 3453 3401 3505 El
3429 3453 3458 3504 6
3495 3451 3778 3522 ὀφθαλμός

2195 3562 2289 3598 σου
2323 3547 2352 3598 ὁ
2383 3542 2556 3608 δεξιὸς
2608 3542 2948 3608 σκανδαλίζει
2985 3560 3064 3608 σε,
3119 3541 3351 3612 ἔκκοψον
3393 3543 3462 3608 ⁷⁷,
3511 3544 3604 3594 καὶ
3643 3541 3775 3610 βάλε

2193 3635 2302 3691 ἀπὸ
2343 3634 2457 3688 σοῦ.
2492 3653 2511 3686 s
2549 3634 2659 3686 Καὶ
2684 3634 2814 3704 περὶ
2839 3633 3023 3705 χειρὸς
3065 3633 3123 3686 δὲ
3174 3632 3272 3686 καὶ
3322 3633 3482 3696 ποδὸς
3529 3633 3591 3684 τὸ
3639 3633 3778 3688 αὐτὸ

2192 3727 2384 3799 εἴρηκε
2434 3726 2530 3778 καὶ
2558 3725 2948 3796 προστέθεικε·
2989 3743 3009 3777 ι
3048 3725 3331 3796 Συμφέρει
3370 3741 3474 3788 σοι,
3518 3725 3605 3776 ἵνα
3634 3723 3778 3777 ἀπό-

2193 3818 2354 3888 ληται
2392 3817 2449 3870 ἓν
2488 3815 2597 3869 τῶν
2627 3814 2810 3886 μελῶν
2843 3832 2962 3882 σου,
2993 3815 3092 3869 καὶ
3125 3816 3201 3886 μὴ
3233 3815 3354 3868 ὅλον
3380 3815 3443 3868 τὸ
3475 3814 3636 3884 σῶμα
3675 3827 3774 3866 σου

2077 3905 2092 3962 ἰ
2196 3905 2368 3977 βληθῇ
2402 3907 2482 3970 εἰς
2513 3905 2760 3974 γέενναν.
2809 3923 2830 3956 s
2871 3905 3023 3974 Μέλη
3054 3905 3110 3958 δὲ
3135 3903 3373 3959 ἐνταῦθα
3403 3904 3502 3968 τὰς
3534 3904 3641 3959 τῶν
3673 3920 3778 3974 με-

2193 3997 2301 4052 λῶν
2332 3998 2592 4051 ἐκάλεσεν
2645 3997 2946 4068 ἐνεργείας,
2988 3997 3052 4060 ἃς
3087 3997 3356 4068 προσήκει
3399 3994 3772 4064 περιτέμνειν,

2193 4088 2288 4140 καὶ
2318 4087 2630 4151 ἐκκόπτειν,
2681 4086 2778 4139 καὶ
2828 4087 2890 4140 τὸ
2943 4086 3163 4154 λογικὸν
3198 4085 3616 4156 ἀποκαθαίρειν,
3674 4081 3774 4134 καὶ

2193 4176 2313 4230 ὅλον
2364 4177 2477 4238 τοῖς
2527 4174 2693 4239 θείοις
2735 4175 2922 4246 νόμοις
2954 4174 3214 4247 ἀφιεροῦν
3238 4192 3298 4228 τε
3329 4176 3424 4229 καὶ¹
3456 4171 3768 4228 καθοσιοῦν.

2192 4266 2352 4322 Οὕτω
2383 4265 2492 4337 γὰρ
2520 4266 2619 4336 τῆς
2642 4266 2743 4336 μὲν
2780 4267 2875 4322 τοῦ
2909 4267 3158 4323 ἐναντίου
3185 4267 3468 4328 κοινωνίας
3497 4264 3772 4334 ἀλλότριοι

2191 4357 2558 4428 γενησόμεθα,
2582 4357 2672 4412 τὸν
2695 4357 2752 4410 δὲ
2773 4357 3042 4429 ἡμέτερον
3074 4359 3168 4413 καὶ
3194 4358 3471 4427 Δεσπότην
3489 4357 3584 4409 καὶ
3614 4355 3773 4423 susp-

2191 4448 2358 4520 γέτην
2408 4447 2614 4503 ἒνοικον
2654 4448 2960 4520 ληψόμεθα,
3007 4443 3052 4518 ᾧ
3088 4449 3291 4521 πρέπει
3339 4444 3468 4513 δόξα
3516 4446 3594 4510 είς
3640 4444 3772 4507 τοὺς

2123 4551 2168 4606 ι)
2193 4538 2396 4602 αἰῶνας
2425 4539 2531 4593 τῶν
2564 4539 2777 4594 αἰώνων
2804 4541 2872 4593 ’⁸.
2902 4541 3094 4612 Ἀμήν.

1815 4862 2053 4917 ἾΑΒΙᾹ]
2095 4861 2497 4918 LECTIONES.

581 4955 860 5044 ξξ-αίσᾏυν.
897 4963 939 5013 Α
970 4965 1062 5017 καὶ
1099 4968 1349 5044 siit-cxiii:
1373 4970 1574 5044 αὐτῶν.
1622 5041 1630 5044 Α
1662 4972 1708 5003 ⁷ο
1734 4974 1832 5029 ἀπ.
1878 4973 2035 5044 Apud
2083 4973 2248 5042 LXX,
2293 4989 2354 5030 se

509 5023 563 5098 4.
595 5023 1072 5098 κςιι-δίτςήνεγκαν.
1139 5023 1165 5038 ··
1187 5037 1231 5067 τι

521 5093 565 5163 7⁸
594 5093 763 5163 αὐτῷ.
801 5093 876 5152 lt'a

511 5157 634 5212 ’Β

510 5175 654 5215 ια.

1273 5027 1396 5106 βασ.
1450 5038 1573 5094 Des.
1619 5041 1673 5095 in
1715 5044 1778 5096 A.

1893 4991 2035 5076 apud
2085 4991 2248 5042 mm,
2293 4991 2448 5075 sequ.
2493 4991 2635 5040 μετα
2681 4991 2969 5046 τραυματυ

1977 5047 2022 5098 Λ
2060 5045 2267 5115 ἔδωκαἈ
2348 5045 2368 5076 ⁷
2433 5060 2637 5115 τραυμ.
2690 5045 2738 5115 ᾼ
2781 5061 2969 5115 praem.

975 5144 988 5168 ,
1031 5104 1125 5160 sed
1169 5104 1300 5160 edit.
1342 5108 1494 5177 prior
1534 5109 1662 5166 hab.
1715 5112 1912 5167 αὐτῶν.
2003 5116 2048 5148 ⁷⁷
2088 5115 2209 5170 ἐκκ.
2246 5113 2392 5170 Loco
2424 5104 2521 5169 cit.
2569 5104 2655 5170 est
2682 5104 2830 5180 ἐξελε
2865 5104 3048 5170 αὐτόν.
3123 5117 3172 5150 ⁷⁸
3208 5115 3319 5170 τῶν
3361 5104 3606 5172 αἰώνων.
3639 5117 3762 5172 Des.

2493 4973 2635 5040 μετὰ
2681 4975 3035 5046 τραυματιῶν
3077 4977 3375 5046 μαχαίρας.
3474 4977 3516 5008 ⁷²
3561 4977 3644 5030 ὅτι
3679 4975 3761 5033 ἓλ.

3023 5046 3180 5116 μετά.
3259 5046 3306 5116 7⁵
3347 5047 3468 5116 νόει.
3501 5046 3541 5098 Β
3575 5047 3763 5115 φόὸον.
