4116 6434
515 484 656 548 1143

1466 477 1952 538 THEODORETI
1993 472 2330 534 EPISCOPI
2370 471 2736 532 CYRENSIS

3640 460 3805 530 1144·

515 594 663 664 puto,
693 602 742 648 et
764 591 992 661 populus
1017 604 1123 643 non
1149 586 1498 643 obserrarerit
1516 628 1532 652 ,
1561 597 1615 642 et
1645 587 1859 658 gladius
1887 588 2093 642 veniens

2208 584 2277 652 μὴ
2303 584 2551 654 σημάνῃ
2594 580 2676 648 τῷ
2715 579 2862 647 λαῷ,
2888 580 2988 633 καὶ
3028 581 3063 633 ὁ
3093 579 3242 646 λαὸς
3271 579 3365 650 μὴ
3411 578 3776 649 φυλάξηται.

512 684 707 753 ceperit
731 699 795 737 ex
828 681 956 748 ipsis
997 679 1234 733 animum
1255 720 1270 745 ,
1299 679 1418 747 ipsa
1442 677 1657 741 quidem
1691 686 1907 748 propter
1942 691 2096 731 suam

515 773 850 842 iniquitatem
903 777 1060 836 capta
1107 776 1185 822 est
1212 804 1228 831 ,
1279 768 1593 838 sanguinem
1642 778 1821 822 autent
1871 765 1986 835 eius
2033 764 2097 817 de

517 877 681 915 manu
706 858 1063 928 exploratoris
1095 857 1382 928 requiram.
1417 857 1578 923 Quod
1603 856 1674 923 si,
1709 857 1912 928 inquit,
1944 855 2093 912 dele-

516 962 643 1009 ctus
674 950 997 1023 speculator
1037 949 1348 1020 neglexerit
1378 949 1586 1021 popqu
1636 949 1948 1021 signiﬁcare
1998 950 2097 1005 ho-

510 1045 684 1098 stium
716 1042 1017 1097 adventum
1039 1078 1059 1105 ,
1090 1039 1242 1111 capti
1275 1038 1501 1111 quidem
1536 1054 1730 1110 pinnas
1758 1055 1950 1096 eorum
1979 1054 2099 1110 qua:

510 1132 851 1205 deliquerint
925 1130 1298 1202 persolvent;
1349 1129 1447 1187 sed
1518 1129 1873 1200 proditionis,
1929 1144 2097 1201 quam

511 1224 832 1297 speculator
876 1221 1115 1287 fecerit,
1160 1234 1354 1292 poenas
1394 1221 1514 1293 ipse
1557 1221 1875 1278 sustinebit.
1921 1223 2100 1295 Atque

511 1315 666 1375 hzec,
696 1311 915 1383 inquit,
951 1310 1131 1381 magis
1165 1315 1439 1364 attentum
1476 1308 1805 1379 prophetam
1833 1348 1848 1371 ,
1881 1320 1947 1361 ac
1979 1316 2097 1361 stu-

513 1405 816 1461 diosiorem
880 1403 936 1458 in
991 1401 1305 1458 ministerio
1361 1401 1517 1457 verbi
1568 1399 1825 1457 reddant.
1881 1399 2099 1455 Idcirco

514 1495 745 1567 subiicit
771 1513 785 1550 :

586 1583 754 1641 Vens.
801 1584 853 1639 7.
895 1583 965 1638 Et
1006 1592 1097 1650 tu,
1134 1583 1218 1653 ﬁli
1255 1583 1520 1647 hominis,
1559 1582 1944 1653 speculatorem
1979 1578 2102 1634 dedi

516 1689 565 1733 te
596 1677 785 1732 domui
814 1676 1041 1732 lsraet'is
1063 1718 1077 1742 ,
1105 1686 1157 1732 et
1192 1677 1378 1731 audies
1409 1691 1476 1730 ea:
1505 1691 1597 1730 ore
1625 1690 1738 1729 meo
1768 1688 2061 1728 sermonem
2083 1713 2098 1738 ,

518 1777 569 1822 et
596 1766 864 1822 custodies
890 1766 1065 1835 ipsum
1097 1782 1130 1820 a
1160 1782 1260 1821 me.
1304 1764 1466 1833 Quod
1508 1765 1563 1820 in
1612 1764 1866 1819 hostibus
1908 1763 2099 1818 obser-

520 1857 752 1923 vandis,
812 1857 1026 1927 inquit,
1087 1855 1272 1911 facere
1322 1857 1465 1912 solet
1517 1854 1859 1925 speculator,
1911 1853 2017 1907 hoc
2048 1861 2103 1906 te

2198 673 2298 727 καί
2333 672 2681 727 ἐπελθοῦσα
2706 670 2753 702 ⁹¹
2789 670 2828 738 ἡ
2849 669 3114 738 ῥομφαία
3134 669 3291 737 λάϐῃ
3322 669 3392 734 ἐξ
3432 667 3631 724 αὐτῶν
3660 673 3754 739 ﬁt:

2200 763 2340 832 χὴν,
2368 762 2523 830 αὑτὴ
2543 762 2664 831 μὲν
2681 761 2728 793 ⁹¹
2750 759 2850 814 διὰ
2883 759 3000 827 τὴν
3026 758 3217 828 αὐτῆς
3243 759 3501 830 ἀνομίαν
3515 760 3778 830 ἐλήφθη,

2199 854 2265 908 τὸ
2303 854 2355 887 ’³
2392 854 2461 907 δὲ
2492 848 2638 923 αἷμα
2674 853 2867 922 αὐτῆς
2897 855 2968 909 ἐκ
3022 854 3133 923 τῆς
3161 856 3359 925 χειρὸς
3401 856 3509 911 τοῦ
3545 857 3782 911 σκοποῦ

2199 945 2536 1015 ἐκζητήσω.
2591 945 2717 1000 Ἐὰν
2750 945 2829 1007 δὲ,
2866 947 3053 1015 φησὶν,
3087 947 3368 1018 ἀμελήσας
3396 948 3426 1001 ὁ
3471 965 3784 1019 χειροτονη-

2200 1038 2314 1103 θεὶς
2339 1038 2687 1103 κατάσκοπος
2722 1039 2796 1110 μὴ
2839 1038 3058 1110 σημάνῃ
3087 1037 3167 1109 τῷ
3194 1037 3310 1109 λαῷ
3350 1037 3461 1091 τῶν
3508 1038 3786 1109 πολεμίων

2198 1129 2299 1201 τὴν
2319 1129 2531 1200 ἔφοδον,
2561 1129 2613 1183 οἱ
2638 1130 2738 1201 μιν
2765 1128 3182 1200 ἀναλισκόμενοι
3211 1129 3370 1193 δίκας
3394 1123 3470 1183 ὧν
3494 1130 3786 1201 ἐπλημμέ-

2200 1222 2372 1292 λησαν
2393 1222 2623 1287 τίσουσι,
2647 1222 2748 1291 τῆς
2775 1221 2832 1274 δὲ
2856 1222 3230 1292 γεγενημένης
3278 1221 3383 1274 ὑπὸ
3437 1221 3533 1275 τοῦ
3577 1219 3788 1275 σκοποῦ

2203 1312 2496 1384 προδοσίας
2518 1312 2682 1375 αὐτὸς
2722 1311 2911 1381 ὑφέξει
2955 1311 3056 1376 τὰς
3085 1310 3317 1376 εὐθύνας
3342 1329 3357 1344 ο
3382 1312 3557 1365 ταῦτα
3590 1312 3648 1365 δὲ
3677 1312 3787 1381 ἔφη

2203 1402 2622 1473 σπουδαιότερον
2650 1402 2741 1455 τὸν
2765 1403 3049 1472 προφήτην
3077 1402 3202 1473 περὶ
3232 1402 3332 1474 τὴν
3364 1401 3458 1456 τοῦ
3490 1402 3650 1470 λόγου
3672 1402 3788 1456 δια-

2204 1497 2391 1552 κονίαν
2423 1498 2572 1567 ποιῇ.
2607 1496 2697 1548 Διὸ
2724 1495 2921 1563 ἐπάγει
2940 1513 2954 1527 ο

2273 1587 2339 1653 ξ’.
2382 1586 2496 1641 Καὶ
2522 1587 2625 1652 σὺ,
2671 1588 2765 1642 υἱὲ
2793 1586 3129 1656 ἀνθρώπου,
3162 1586 3402 1641 σκοπὸν
3432 1585 3661 1641 δέδωκά
3709 1602 3788 1641 σε

2202 1679 2283 1748 τῷ
2321 1683 2465 1746 οἴκῳ
2507 1679 2778 1750 Ἰσραὴλ,
2818 1679 2920 1734 καί
2957 1680 3192 1750 ἀκούσῃ
3227 1679 3297 1733 ἑκ
3335 1679 3441 1733 τοῦ
3488 1678 3787 1749 στόιωτὸς

2198 1791 2319 1842 μου
2350 1774 2553 1842 λόγον,
2582 1773 2681 1826 καὶ
2718 1773 2765 1805 ⁸⁵
2798 1770 3196 1841 προρυλάξῃς
3231 1770 3418 1825 αὑτὸν
3449 1770 3586 1840 παρ’
3610 1768 3781 1839 ἐμοῦ.

2208 1867 2386 1935 Ὅπερ
2407 1866 2464 1918 ἐν
2487 1865 2600 1927 τοῖς
2629 1863 2927 1933 πολεμίοις,
2956 1862 3142 1932 φησιν,
3164 1861 3323 1915 εἴωθε
3355 1865 3531 1917 ποιεῖν
3562 1863 3591 1915 ὀ
3621 1861 3791 1917 κατά-

519 1952 725 2015 fncere,
762 1965 795 2005 ο
829 1949 1130 2020 propheta,
1164 1948 1346 2014 decet,
1384 1956 1441 2003 et
1481 1963 1604 2018 qure
1633 1960 1663 2000 a
1697 1959 1785 1999 tne
1832 1943 2103 1999 dicuntur

2209 1927 2429 2018 σκοπος,
2464 1953 2625 2008 τοῦτό
2660 1972 2718 2007 σε
2750 1927 2921 2027 έρᾷν,
3020 1927 3315 2026 προφῆτα,
3375 1955 3664 2026 προσήκει,
3693 1955 3792 2008 καλ⁵

517 2044 670 2099 omni
709 2042 879 2098 animi
919 2042 1217 2098 alacritate
1256 2043 1604 2097 renuntiare.

588 2219 759 2276 Vens.
809 2219 863 2276 8.
905 2217 1040 2275 Cum
1093 2217 1284 2273 dixero
1333 2234 1427 2290 ego
1478 2219 1782 2289 peccatori,
1820 2218 2100 2283 Peccator,

519 2319 690 2366 morte
738 2310 1022 2375 morieris,
1074 2319 1126 2364 et
1183 2325 1289 2363 non
1343 2309 1751 2363 aununtiaueris
1791 2309 2105 2377 peccatori,

519 2411 578 2457 ut
609 2400 882 2457 custodiat
923 2416 979 2457 se
1008 2401 1209 2469 impius
1231 2443 1245 2464 ,
1281 2408 1331 2454 et
1365 2409 1665 2455 revertatur
1706 2401 1819 2469 ipse
1862 2416 1895 2454 a
1941 2398 2108 2471 956

519 2494 604 2549 sia
653 2509 788 2558 sua,
826 2499 889 2545 ut
925 2491 1064 2546 vivat
1102 2491 1249 2561 ipse,
1280 2492 1394 2560 ipse
1436 2490 1631 2560 impius
1678 2490 1956 2559 impietate
2006 2504 2108 2543 sua

520 2586 803 2651 morietur,
834 2584 1148 2655 sanguinem
1184 2584 1301 2654 ejus
1349 2583 1415 2638 de
1457 2599 1619 2638 manu
1668 2592 1761 2637 tua
1808 2582 2105 2653 requiram.

523 2677 586 2732 Si
624 2676 862 2747 aliquem
888 2718 904 2743 ,
947 2675 1167 2747 inquit,
1209 2675 1277 2730 ad
1331 2683 1567 2731 mortem
1620 2674 2105 2739 condemnavero,

524 2783 706 2839 neque
742 2767 794 2823 ei
831 2766 999 2822 latam
1040 2774 1238 2823 contra
1278 2767 1462 2837 ipsum
1515 2766 1848 2822 sententiam
1891 2764 2108 2818 indica-

527 2856 711 2924 veris,
745 2864 803 2911 ut
834 2856 1164 2928 panitentia
1197 2856 1534 2913 sententiam
1567 2862 1825 2919 avertat,
1862 2854 1954 2908 ille
1982 2852 2109 2923 qui-

526 2949 651 3004 dem
677 2947 907 3019 dignum
938 2947 1067 3003 vita:
1098 2947 1262 3004 ﬁnem
1296 2948 1577 3012 inveniet,
1617 2946 1716 3002 sed
1751 2960 1783 3000 a
1820 2954 1874 3002 te
1913 2946 2112 3000 interi-

526 3050 617 3096 tus
648 3038 803 3098 illius
833 3039 1056 3112 exigam
1089 3054 1326 3111 pmnas;
1370 3037 1450 3111 [9]
1488 3040 1536 3094 si
1577 3052 1710 3094 vero
1749 3045 1845 3105 tu,
1890 3035 2107 3107 inquit,

532 3133 718 3187 mnnia
747 3134 766 3154 ⁶
801 3148 926 3203 quae
954 3146 986 3186 a
1017 3147 1105 3188 me
1136 3132 1363 3187 decreta
1398 3137 1531 3187 sunt
1565 3130 1905 3185 iudicaveris
1936 3130 2110 3200 impie

528 3227 738 3282 virenti
761 3265 778 3292 ,
811 3233 867 3281 et
899 3225 994 3281 ille
1023 3226 1192 3281 verba
1232 3232 1329 3278 tua
1362 3222 1805 3293 contempserit,
1844 3230 2013 3292 atque
2049 3223 2108 3276 in

529 3334 632 3374 suo
666 3317 878 3374 scelere
915 3314 1324 3387 permanserit,
1365 3313 1459 3369 ille
1496 3312 1719 3383 quidem
1740 3311 1954 3383 justum
1976 3311 2112 3367 sub-

530 3409 633 3465 ibit
682 3407 1056 3481 supplicium,
1105 3415 1165 3462 tu
1221 3420 1352 3462 vero
1383 3414 1437 3463 te
1464 3406 1648 3479 ipsum
1689 3418 1720 3459 a
1754 3404 1938 3476 pinnis
1969 3403 2112 3459 libe-

530 3504 706 3561 rabis.

604 3675 775 3733 Vsus.
817 3676 905 3732 10.
947 3675 1016 3731 Et
1052 3685 1139 3744 tu,
1175 3677 1257 3746 [ili
1288 3677 1521 3732 hominis
1544 3717 1559 3743 ε
1594 3677 1682 3730 dic
1710 3676 1893 3730 domui
1926 3672 2112 3729 Israe—

535 3771 603 3825 h's
629 3786 648 3825 :
679 3768 771 3824 Ita
817 3769 985 3825 locuti
1034 3770 1165 3825 estis
1187 3810 1203 3836 ,
1235 3770 1473 3825 dicentes
1495 3810 1511 3838 ,
1545 3768 1778 3824 Peccata
1830 3775 2018 3822 nostra
2063 3774 2114 3819 et

535 3861 848 3933 iniquitates
879 3870 1076 3916 nostra!
1103 3861 1159 3916 in
1189 3861 1340 3917 nobis
1372 3872 1522 3926 sunt,
1555 3869 1606 3914 et
1639 3861 1695 3914 in
1728 3857 1862 3928 ipsis
1897 3873 1993 3912 nos
2034 3865 2115 3909 ta-

538 3953 830 4021 bescimus,
856 3961 907 4008 et
937 3954 1202 4025 quomodo
1231 3954 1458 4009 vivemus
1482 3954 1507 4008 ?
1530 3951 1653 4021 Me,
1688 3950 1897 4020 inquit,
1928 3948 2115 4004 omnia

536 4058 640 4116 pro
677 4045 862 4101 salute
899 4044 1124 4103 lsraelis
1164 4045 1463 4110 moliente,
1505 4046 1845 4113 nolenteque
1881 4056 1980 4098 eos
2019 4039 2118 4095 de-

536 4151 765 4208 sperare
784 4176 801 4203 ,
841 4137 948 4208 ipsi
996 4144 1180 4193 tamen
1208 4137 1393 4194 verbis
1423 4144 1659 4191 utuntur
1685 4133 2115 4207 desperationis,

535 4235 593 4285 et
625 4228 745 4286 ﬁeri
775 4244 887 4286 non
917 4244 1085 4302 posse
1113 4230 1474 4295 existimant,
1505 4236 1569 4283 ut
1599 4227 1929 4300 paenitentia
1961 4224 2115 4281 salu-

2206 2048 2274 2101 τὰ
2308 2049 2437 2119 παρ’
2462 2047 2597 2118 ἐμοῦ
2646 2046 2917 2118 λεγόμενα
2958 2045 3094 2115 μετὰ
3125 2044 3307 2117 πάσης
3337 2044 3645 2117 προθυμίας
3669 2044 3789 2098 δια-

2209 2139 2564 2211 πορθμεύειν.

2277 2236 2347 2301 η’.
2389 2230 2486 2284 Ἐν
2512 2228 2593 2294 τῷ
2619 2227 2813 2283 είπεῖν
2846 2244 2924 2297 με
2976 2226 3057 2293 τῷ
3105 2225 3460 2296 ἁμαρτωλῷ·
3502 2225 3792 2293 Ἀμαρτω-

2206 2322 2280 2378 λὲ
2316 2322 2387 2386 ⁸³,
2422 2320 2655 2388 θανάτῳ
2703 2318 3011 2388 ἀποθανῇ,
3063 2321 3164 2374 καί
3213 2318 3299 2390 μὴ
3355 2316 3666 2384 διαστειλῃ
3711 2313 3796 2380 τῷ

2208 2412 2534 2485 ἁμαρτωλῷ
2552 2404 2674 2465 ~toi?
2714 2411 3103 2481 φυλάξασθαι
3124 2409 3233 2465 τὸν
3264 2409 3481 2477 ἀσεϐῆ,
3509 2406 3615 2462 τοῦ
3645 2407 3792 2461 duro.

2207 2504 2463 2575 στρέψαι
2502 2504 2690 2561 αὑτὸν
2718 2505 2765 2537 ⁸⁸
2804 2502 2924 2559 ἀπὸ
2964 2502 3076 2571 τῆς
3109 2502 3255 2559 ὀδοῦ
3282 2501 3465 2557 αὐτοῦ
3490 2500 3597 2554 τοῦ
3618 2498 3796 2568 ζῆσαι

2208 2598 2395 2652 αὑτὸν
2424 2597 2491 2662 υτ,
2513 2595 2698 2661 αὐτὸς
2733 2598 2766 2649 ό
2791 2596 3018 2665 ἄνομος
3058 2593 3133 2663 τῇ
3161 2593 3379 2663 ἀνομίᾳ
3408 2591 3598 2647 αὑτοῦ
3641 2588 3798 2643 ἁπο-

2209 2688 2506 2744 θανεῖταιο
2548 2688 2615 2742 τὸ
2652 2683 2797 2756 aaut
2817 2687 2865 2719 "
2899 2685 3092 2740 αὐτοῦ
3128 2686 3196 2739 ἐκ
3238 2684 3438 2755 χειρός
3470 2697 3588 2736 σου
3627 2679 3801 2748 ἐκζη-

2209 2781 2397 2850 τήσω.
2440 2779 2588 2841 Ἐὰν,
2642 2779 2795 2849 φησὶ,
2851 2776 3323 2847 καταψηφίσωμαί
3362 2792 3509 2840 τινος
3539 2773 3798 2837 θάνατον,

2211 2873 2305 2926 καὶ
2333 2870 2407 2942 μὴ
2434 2868 2708 2940 γνωρίσῃς
2746 2868 2892 2939 αύτῷ
2926 2868 3024 2938 τὴν
3064 2866 3439 2937 ὲξενεχθεῖσαν
3478 2866 3599 2919 κατ’
3626 2863 3797 2918 αὐτοῦ

2209 2963 2410 3035 ψῆφον,
2443 2962 2531 3015 ἵνα
2567 2960 2655 3014 διὰ
2691 2958 2980 3028 μετανοίας
3031 2959 3172 3033 λύσῃ
3217 2958 3320 3030 τὴν
3360 2958 3561 3029 ψῆφον,
3590 2957 3803 3019 ἐκεῖνος

2215 3053 2314 3125 μὲν
2336 3052 2483 3120 ἄξιον
2509 3052 2731 3121 εὑρήσει
2760 3050 2854 3104 τοῦ
2884 3050 3001 3121 βίου
3031 3050 3091 3104 τὸ
3120 3051 3315 3123 πέρας,
3341 3050 3399 3104 σὲ
3431 3049 3489 3103 δὲ
3514 3048 3616 3119 τῆς
3645 3049 3803 3101 ἀπω-

2213 3142 2363 3206 λείας
2419 3142 2516 3211 τῆς
2570 3140 2779 3194 ἐκείνου
2827 3138 3107 3213 πράξομαι
3138 3144 3238 3204 τὰς
3275 3139 3539 3204 εὐθύνας·
3585 3138 3681 3192 ἐὰν
3718 3136 3803 3201 δὲ,

2138 3258 2183 3322 C
2215 3233 2371 3303 φησὶ,
2410 3231 2473 3285 σὺ
2509 3232 2608 3300 μὲν
2639 3231 2708 3283 τὰ
2750 3232 2881 3302 παρ’
2912 3229 3047 3301 ἐμοῦ
3076 3230 3255 3284 πάντα
3286 3230 3424 3300 δῆλα
3451 3229 3683 3301 ποιήσῃς
3720 3227 3806 3295 τῷ

2225 3323 2562 3393 παρανόμως
2585 3322 2808 3393 βιοῦντι,
2828 3323 3217 3394 καταφρονήσῃ
3236 3321 3295 3375 δὲ
3324 3323 3530 3382 ἐκεῖνος
3555 3319 3665 3373 τῶν
3692 3318 3806 3373 σῶν

2220 3418 2415 3485 λόγων,
2435 3415 2529 3468 καὶ
2551 3418 2619 3485 τῇ
2649 3413 2825 3486 οἰκείᾳ
2853 3413 3109 3485 ὲπιμείνῃ
3128 3412 3317 3484 κακίᾳ,
3343 3414 3548 3475 ἐκεῖνος
3577 3410 3676 3481 μὲν
3702 3409 3808 3478 τὴν

2219 3505 2436 3560 δικαίαν
2464 3501 2652 3573 ὑφέξει
2698 3502 2988 3575 τιμωρίαν,
3023 3503 3089 3557 σὺ
3112 3501 3169 3555 δὲ
3200 3500 3421 3555 σεαυτὸν
3472 3498 3811 3566 ἀπαλλάξεις

2221 3597 2329 3650 τῶν
2356 3592 2616 3647 εὐθυνῶν.

2296 3689 2349 3743 ι’.
2393 3690 2503 3744 Καὶ
2537 3689 2641 3756 σὺ,
2695 3682 2790 3742 vis
2829 3685 3169 3755 ἀνθρώπου,
3219 3685 3353 3741 εἰπὲ
3384 3686 3467 3752 τῷ
3506 3686 3648 3753 οἴκῳ
3690 3685 3807 3739 Ἱσ-

2217 3779 2385 3848 ραήλ
2410 3793 2426 3809 ⁶
2480 3777 2683 3841 Οὕτως
2714 3774 3060 3841 ἐλαλήσατε
3118 3773 3428 3845 λέγοντες·
3461 3776 3531 3827 Δί
3578 3772 3816 3826 πλάναι

2223 3870 2395 3942 ἡμῶν
2434 3869 2533 3924 καί
2571 3871 2632 3923 αἱ
2681 3866 2924 3937 ἀνομίαι
2967 3865 3139 3936 ἡμῶν
3166 3866 3304 3920 me”
3332 3864 3480 3935 ἡμῖν
3512 3867 3663 3927 εισι,
3705 3863 3812 3917 καί

2224 3963 2295 4017 ἐν
2323 3963 2341 3995 ¹
2382 3959 2594 4027 αὐταῖς
2632 3957 2807 4029 ἡμεῖς
2844 3957 3163 4027 τηκόμεθα,
3203 3956 3303 4011 καὶ
3334 3954 3461 4023 πῶς
3488 3953 3814 4024 ζησόμεθα;

2238 4055 2427 4126 Ἐμοῦ,
2454 4052 2609 4124 φησὶ,
2639 4051 2819 4105 πάντα
2849 4049 2990 4120 ὑπὲρ
3022 4049 3121 4121 τῆς
3146 4049 3241 4103 τοῦ
3282 4048 3500 4120 Ἰσραὴλ
3535 4045 3816 4117 σωτηρίας

2228 4142 2784 4217 πραγματευομένου,
2807 4140 2902 4194 καὶ
2932 4139 3311 4211 ἀπαγορεῦσαι
3345 4139 3541 4203 αὐτοὺς
3573 4138 3651 4210 μὴ
3678 4136 3815 4207 βου-

2226 4238 2478 4309 λομένου,
2504 4233 2960 4305 ἀπαγορευτικοῖς
2988 4230 3142 4284 αὐτοὶ
3164 4230 3458 4302 κέχρηνται
3485 4228 3686 4298 λόγοις,
3710 4228 3816 4282 καὶ

537 4330 649 4377 tem
681 4331 1120 4393 consequantur,
1155 4322 1551 4394 gravissimum
1588 4328 1945 4392 peccatorum
1979 4332 2105 4390 pon-

2227 4330 2488 4384 ἀδύνατον
2535 4322 2672 4379 εἶναι
2710 4324 2991 4395 νομίζουσι
3037 4323 3134 4395 τὴν
3178 4323 3266 4377 διὰ
3309 4324 3598 4395 μετανοίας
3628 4337 3814 4390 σωτη-

539 4413 645 4469 dus
693 4413 798 4471 sibi
850 4391 1176 4486 impositum
1206 4418 1525 4470 asserentes
1548 4452 1563 4476 ,
1591 4391 1660 4468 et
1695 4411 1860 4467 hodie
1896 4425 2105 4481 quoqut

2231 4418 2377 4491 ρίαν,
2406 4414 2711 4488 βαρύτατον
2741 4391 3157 4484 ἁμαρτημάτων
3192 4391 3537 4484 περικεῖσθαι
3587 4410 3817 4480 φορτίον

539 4502 754 4559 scelere
798 4511 853 4559 et
899 4505 1198 4574 iniquitate
1250 4519 1310 4559 se
1364 4504 1670 4561 obstrictos
1716 4518 1839 4560 esse
1878 4521 1892 4557 :
1937 4503 2105 4557 aiunt-

2227 4508 2498 4577 λέγοντες,
2513 4503 2800 4561 καὶέτικαὶ
2813 4503 3054 4574 τήμερον
3066 4503 3159 4555 καὶ
3175 4504 3243 4573 τῇ
3259 4501 3436 4574 πλάνῃ
3453 4501 3547 4555 καὶ
3558 4503 3623 4571 τῇ
3639 4512 3830 4570 παρα-

540 4611 684 4667 que,
736 4611 848 4653 non
880 4611 1044 4668 posse
1089 4598 1165 4652 ita
1210 4595 1440 4656 adhctos
1494 4597 1828 4668 pmttitentia
1881 4595 2105 4652 saluteu

2227 4596 2392 4667 νομίᾳ
2410 4593 2712 4666 κεχρῆσθαι
2733 4610 2747 4624 ο
2782 4591 2877 4645 καὶ
2901 4588 3161 4661 ἡγοῦνται
3186 4590 3447 4644 ἀδύνατον
3486 4585 3649 4655 εἶναι,
3682 4588 3812 4651 τοὺς

544 4688 798 4760 adipisci.
1546 4754 1560 4760 _
2224 4686 2368 4741 οὕτω
2382 4683 2760 4754 διακειμένους
2783 4682 2869 4736 διὰ
2888 4682 3176 4753 μετανοίας
3196 4682 3296 4751 τῆς
3317 4680 3594 4753 σωτηρίας
3607 4682 3813 4749 τυχεῖν.

2302 4783 2391 4831 ια’.
2427 4774 2577 4832 Εἰπὲ
2615 4774 2827 4829 τοίνυν
2853 4772 3095 4840 αὐτοῖς’
3126 4771 3218 4826 Ζῶ
3253 4770 3387 4843 ἐγὼ,
3419 4771 3583 4842 λέγει
3630 4770 3814 4827 ’Δδωι-

620 4867 786 4924 Vens.
825 4866 915 4921 11.
957 4865 1058 4921 Dic
1088 4869 1252 4940 igitur
1281 4869 1401 4922 eis:
1440 4866 1565 4921 Viuo
1593 4883 1687 4937 ego
1709 4909 1723 4933 ,
1756 4865 1889 4919 dicit
1923 4864 2105 4919 Adona

2226 4869 2329 4923 ναῒ
2361 4869 2597 4936 Κύριος,
2649 4867 2741 4922 ὅτι
2778 4869 2853 4922 οὐ
2896 4866 3199 4935 ,βούλομαι
3253 4863 3360 4919 τὸν
3402 4863 3666 4919 θάνατον
3701 4862 3817 4918 τοῦ

555 4956 845 5021 Dominus,
890 4956 1017 5026 quia
1056 4974 1150 5027 ego
1198 4955 1321 5011 nolo
1363 4963 1587 5007 mortem
1625 4955 1961 5023 peccatoris,
1991 4954 2105 5007 sicu

2229 4960 2377 5030 άμαί
2389 4958 2582 5013 τωλοῦ
2616 4999 2632 5025 ,
2686 4959 2767 5026 ὡς
2818 4959 2885 5013 τὸ
2939 4956 3319 5026 ἀποστρέψαι
3378 4956 3566 5010 αὐτόν
3616 4955 3639 4986 ³
3693 4951 3820 5009 ἀπὸ

552 5047 779 5101 conuerti
807 5049 980 5115 ipsum
1005 5065 1037 5102 a
1065 5049 1151 5102 via
1179 5062 1278 5100 sua
1298 5085 1313 5109 ,
1341 5054 1399 5098 ut
1428 5045 1568 5098 vivat
1596 5046 1727 5115 ipse.
1757 5044 1893 5111 Quis
1924 5059 2025 5116 pro
2049 5044 2104 5099 di

2232 5047 2344 5117 τῆς
2375 5047 2519 5103 ὀδοῦ
2546 5048 2734 5103 αὑτοῦ
2780 5048 2823 5113 ³,
2869 5048 2969 5101 καὶ
3011 5047 3120 5116 ζῆν
3170 5047 3378 5101 αὐτόν.
3427 5046 3525 5110 Τίς
3576 5045 3643 5099 ἂν
3695 5043 3811 5111 ἀξί-

551 5138 759 5208 gnitate
787 5139 1050 5195 admirari
1100 5136 1309 5209 poterit
1362 5135 1581 5191 Domini
1633 5137 1984 5192 bonitatem?
2032 5152 2104 5206 qu

2232 5158 2309 5205 ως
2351 5140 2704 5211 θαυμάσηται
2755 5145 2776 5173 ⁸
2837 5138 2931 5193 τοῦ
2986 5139 3257 5192 Δεσπότου
3316 5138 3416 5210 τὴν
3461 5136 3818 5207 ἀγαθότητας

553 5230 837 5301 neglectus
876 5230 945 5285 ab
975 5231 1080 5295 iis,
1111 5242 1256 5299 quos
1297 5227 1585 5284 beneﬁciis
1622 5228 1841 5293 alit-cit,
1878 5228 1985 5286 sibi
2024 5231 2105 5285 adt

2236 5231 2722 5303 ἀγνωμονούμενος
2751 5231 2880 5302 γὰρ,
2916 5232 3011 5285 καὶ
3041 5231 3161 5284 λίαν
3191 5229 3675 5304 ἀχαριστούμενος,
3713 5227 3821 5297 κή-

554 5323 779 5379 utodum
811 5323 1048 5393 ingratis
1068 5361 1083 5388 ,
1116 5329 1303 5375 tamen
1340 5318 1757 5391 ingratissimos
1785 5321 1935 5376 omni
1965 5320 2105 5392 95'}

2230 5322 2379 5377 δεται
2426 5323 2536 5377 τῶν
2594 5322 2926 5395 ἀχαρίστων,
2982 5322 3077 5375 καὶ
3132 5324 3314 5377 πᾶσαν
3345 5319 3524 5376 αὐτῶν
3576 5318 3817 5372 ποιεῖται

1833 5517 2072 5575 ἾΑΒΙᾹΞ
2114 5517 2521 5576 LECTIONES.

621 5658 665 5690 "
707 5661 751 5711 Δ
777 5655 1027 5712 ἐλθοῦσα.
1102 5657 1147 5689 ⁹¹
1188 5656 1312 5710 αύτ.
1341 5655 1459 5724 μέν.
1490 5657 1531 5710 Α
1555 5655 1715 5723 αῦτη.
1806 5656 1851 5689 ⁹²
1879 5656 1940 5707 τὸ
1973 5685 2043 5696 -
2067 5655 2190 5708 αὐτ.
2223 5651 2266 5709 Α
2307 5655 2398 5706 καὶ
2426 5654 2490 5708 τὸ
2519 5648 2680 5724 αἷμα.
2758 5654 2927 5724 “uel
2952 5684 3021 5694 —-
3049 5652 3205 5723 ἐμοῦ.
3238 5651 3364 5707 Des.
3385 5652 3453 5724 in
3483 5651 3549 5707 A.
3578 5720 3590 5724 _
3626 5647 3815 5724 "LAp.

556 5727 744 5798 φύλαξ.
780 5729 820 5798 Α
857 5726 1083 5798 Θανάτῳ
1115 5719 1618 5798 θανατωθήσῃηκαὶ
1653 5719 1726 5798 μὴ
1758 5724 1998 5798 λαλήσῃς
2028 5726 2315 5798 φυλάξαιλ
2357 5727 2403 5757 ⁹⁶
2439 5719 2622 5798 τηάτξ.
2658 5722 2939 5798 damnes.
2973 5725 3025 5798 in
3185 5724 3247 5798 _°_'
3286 5740 3335 5798 τ.
3364 5720 3656 5798 Δζῆσηιιύτ.

558 5790 611 5849 in
641 5795 709 5850 Α.
781 5796 826 5829 ’⁸
868 5791 1025 5863 αἷμα.
1057 5798 1094 5848 Α
1131 5807 1183 5849 ct
1212 5796 1251 5848 Β
1284 5790 1472 5863 pra-ain:
1502 5796 1579 5849 δέ.
1654 5790 1779 5847 Μ’Λ
1814 5790 1918 5861 eq}.
1940 5790 1967 5798 ”
1998 5798 2010 5827 ¹
2041 5790 2130 5847 ίέν.
2173 5794 2244 5846 Ex
2286 5793 2322 5844 Β
2355 5796 2533 5863 suppl.
2612 5798 2629 5825 ¹
2670 5795 2849 5848 αὐτόν.
2882 5796 2923 5846 Α
2952 5795 3042 5846 τὸν
3074 5793 3262 5861 ἀσεϐῆ.
3297 5790 3459 5863 Infra,
3492 5796 3639 5846 er.
3673 5790 3814 5861 fab.,

558 5814 611 5849 ΙΙΙ
641 5814 709 5850 Α.
782 5814 826 5829 ”²
868 5814 923 5849 αι
972 5814 1025 5848 α.
1057 5814 1094 5848 Α
1131 5814 1183 5849 Cl.
1212 5814 1251 5848 Ι)
1284 5814 1469 5862 prtum.
1502 5814 1579 5849 οε.
1657 5814 1696 5827 ⁸’⁶’
1737 5814 1779 5847 Α
1814 5814 1879 5861 εφ
1906 5833 1918 5847 ι
1998 5814 2010 5827 ⁸
2054 5814 2130 5847 εν.
2173 5814 2244 5846 ΒΧ
2286 5814 2322 5844 Ι)
2355 5814 2533 5863 διιιηη.
2614 5814 2629 5825 ”
2670 5814 2849 5848 αυτον.
2882 5814 2923 5846 Λ
2952 5814 3042 5846 τον
3074 5814 3262 5861 atram}.
3297 5814 3459 5856 ΙΙΙΗΊΙ,
3492 5814 3639 5846 uwr.
3673 5814 3743 5858 ιαι

557 5864 655 5921 ιιι).
687 5881 746 5933 v,
779 5880 900 5937 cap.
924 5814 1029 5932 321.8,
1062 5867 1161 5937 leg.
1193 5865 1269 5928 ὡς
1296 5862 1354 5915 τὸ
1386 5864 1707 5936 ἐπιστρέᾠαι
1742 5866 1920 5919 αὐτόν.
2000 5867 2018 5895 ³
2060 5866 2179 5918 aut.
2216 5868 2358 5918 Urtr.
2396 5865 2505 5932 Ῑαίι.
2549 5865 2580 5917 Ι.
2615 5866 2705 5919 Cit.
2739 5880 2891 5934 sequ.
2930 5865 3189 5935 πονηρᾶς.
3267 5863 3289 5893 ⁸
3325 5861 3365 5914 Β
3394 5862 3743 5934 θαυμασειεν.
