4116 6448
447 488 586 554 Πίὸ

1522 496 1597 554 IN
1634 472 2076 558 EZECHIELIS
2113 499 2269 560 CAP.
2308 501 2586 561 XXXIII.

3570 505 3704 569 1146

447 600 723 670 πρᾶνοιαν,
773 598 901 652 ἰδεῖν
948 598 1128 653 αὐτῶν
1181 600 1499 674 βουλόμενος
1542 603 1640 673 τὴν
1690 602 2013 673 μεταϐολήν.

2122 606 2466 675 providentia
2507 609 2882 680 prosequitur,
2919 618 2978 665 ut
3011 626 3205 667 eorum
3239 612 3547 683 conspiciat
3580 630 3705 670 mu-

444 689 537 742 Διὸ
569 686 763 756 ὲπάγει
788 689 1059 761 πατρικὴν
1093 690 1186 744 καὶ
1218 690 1603 761 φιλοστοργίας
1656 690 2021 761 πεπληρωμέα

443 797 573 851 νην·
599 779 957 850 παραίνεσιν·
993 799 1012 833 ι
1060 782 1390 853 Ἐπιστροφῇ
1447 782 1859 852 ἐπιστρέψατε-ι’
1914 781 2023 835 ἀπὸ

442 872 546 940 τῆς
576 870 697 924 ὁδοῦ
728 871 883 941 ὑμῶν
909 873 1008 942 τῆς
1037 874 1301 944 πονηρᾶς,
1322 873 1418 927 καὶ
1454 873 1594 927 ίνατί
1630 873 2021 944 ἁποθνήσκετε,

443 958 593 1026 οἶκος
619 961 845 1034 Ἰσραήλ
871 976 886 1030 ;
924 982 943 1016 ι
1000 964 1059 1018 ὐ
1097 965 1154 1018 δὲ
1179 964 1575 1034 διπλασιασμὸς
1602 965 1703 1036 τῆς
1755 965 2023 1035 Ἐϐραίων

446 1052 694 1125 γλώττης
766 1053 1005 1126 ἰδίωμα,
1063 1055 1215 1127 δηλοῖ
1278 1056 1336 1110 δὲ
1395 1057 1497 1127 τῆς
1564 1057 1901 1128 ἐπιστροφῆς
1962 1056 2024 1109 τὸ

443 1148 689 1218 γνήσιον.
819 1129 884 1191 ιδ’

518 1236 607 1307 ιβ’.
637 1234 749 1290 Καὶ
796 1235 899 1302 σὺ,
948 1236 1042 1290 uid
1095 1236 1411 1306 ἀνθρώπου
1450 1239 1490 1305 ⁸,
1530 1238 1662 1291 εἰπὲ
1697 1237 1848 1307 πρὸς
1882 1237 2026 1305 τοὺς

443 1328 615 1395 υἱοὺς
644 1329 752 1384 τοῦ
790 1329 948 1383 ,λαοῦ
971 1345 1090 1385 σου
1110 1347 1124 1361 ’
1165 1332 1527 1400 Δικαιοσύνη
1564 1330 1799 1386 δικαίου
1830 1333 1900 1386 οὐ
1934 1330 2021 1402 μὴ

441 1420 724 1486 ἐξέληται
757 1420 946 1474 αὐτὸν
967 1421 1037 1475 ἐν
1067 1415 1107 1493 ᾗ
1124 1421 1201 1475 ἂν
1215 1423 1404 1490 ᾑμέρᾳ
1419 1421 1721 1489 πλανηθῇ,
1750 1423 1848 1476 καὶ
1881 1422 2023 1477 ἀνο-

439 1512 550 1580 μία
584 1511 814 1580 ἀνόμου
840 1513 913 1566 οὐ
933 1512 1020 1581 μὴ
1063 1513 1389 1582 ἀποκτείνῃ
1410 1513 1599 1567 αὐτὸν
1622 1513 1693 1567 ἐν
1712 1508 1752 1585 ᾖ
1787 1514 1975 1584 ἡμέρᾳ
2000 1516 2021 1546 ⁷

441 1603 803 1672 ἀποστρέψῃ
841 1603 960 1658 ἀπὸ
991 1601 1101 1673 τῆς
1141 1603 1393 1674 ἀνομίας
1429 1603 1637 1658 αὐτοῦ.
1669 1605 1859 1657 Πείσαι
1896 1603 2020 1675 βου-

441 1692 689 1761 λόμενος,
715 1693 791 1756 ὡς
810 1692 1020 1764 δέχεται
1051 1692 1144 1746 τοῦ
1173 1692 1501 1764 ἁμαρτωλοῦ
1559 1693 1655 1762 τὴν
1708 1694 2020 1762 μετάνοιαν,

441 1782 551 1835 ἀπὸ
618 1782 712 1835 τοῦ
776 1783 1019 1836 ἐναντίου
1071 1781 1230 1836 τοῦτο
1272 1781 1567 1835 δείκνυσιν.
1619 1783 1832 1854 Ὠσπερ
1891 1783 2022 1856 γὰρ,

442 1870 626 1939 φησὶν,
658 1867 714 1920 εἴ
757 1885 844 1933 τις
869 1870 978 1922 τῶν
1006 1870 1064 1923 ἐν
1105 1870 1275 1941 ἀρετῇ
1312 1868 1651 1939 βεόιωκότων
1680 1871 1883 1941 ταύτην
1924 1872 2024 1942 μὲν

442 1958 760 2012 καταλείποι
792 1959 890 2030 τὴν
916 1959 1057 2023 ὁδὸν,
1098 1962 1197 2031 τὴν
1227 1961 1284 2015 δὲ
1322 1962 1426 2032 τῆς
1474 1961 1672 2027 κακίας
1720 1963 2020 2035 προέλοιτο,

2132 700 2415 755 tationem.
2452 700 2664 756 Idcirco
2698 702 2924 771 subjicit
2958 713 3241 773 paternam
3276 713 3329 758 et
3367 705 3703 761 benevolen-

2131 789 2220 843 tim
2243 791 2463 858 plenam
2493 790 2929 848 admonitionem
2963 810 2978 846 :
3010 813 3028 842 ο
3060 793 3435 850 Conversione
3469 811 3704 851 convcr-

2131 882 2313 935 timini
2353 897 2383 936 a
2441 883 2525 935 via
2562 891 2746 938 vestra
2798 884 2977 938 mala:
3032 899 3132 940 cur
3170 887 3315 940 enim
3359 878 3696 952 moriemini,

2129 971 2327 1027 domus
2379 971 2586 1027 Israel?
2637 993 2657 1025 ι
2706 972 3023 1044 Duplicatio
3085 973 3437 1031 Hebraeorum
3500 978 3703 1048 lingua:

2132 1062 2337 1118 idioma
2376 1072 2484 1130 est,
2527 1063 2883 1135 declaratque
2918 1066 3215 1136 ingenuam
3258 1068 3699 1124 conversionem.

2202 1234 2368 1290 Vens.
2414 1236 2500 1290 12.
2540 1234 2608 1289 Et
2636 1244 2691 1288 tu
2713 1277 2728 1302 ,
2756 1236 2838 1304 ﬁli
2862 1236 3091 1290 hominis
3110 1278 3126 1305 ,
3151 1237 3237 1291 die
3261 1238 3330 1291 ad
3353 1234 3497 1307 ﬁlios
3520 1242 3702 1309 populi

2135 1328 2213 1379 tui
2236 1341 2257 1380 :
2282 1325 2510 1380 Iustitia
2533 1326 2674 1396 justi
2698 1343 2799 1381 non
2833 1326 3078 1381 liberabit
3105 1344 3223 1382 eum
3251 1329 3335 1382 die
3362 1347 3464 1400 quo
3494 1346 3702 1386 errare-

2133 1420 2237 1485 rit,
2269 1428 2319 1473 et
2350 1419 2608 1488 iniquitas
2640 1418 2810 1487 iniqui
2843 1434 2948 1472 non
2978 1419 3176 1473 occidet
3203 1435 3320 1472 eum
3347 1420 3434 1475 die
3473 1437 3572 1491 quo
3617 1438 3703 1476 re-

2131 1521 2369 1567 vertetur»
2398 1510 2463 1564 ab
2503 1511 2786 1581 iniquitate
2821 1527 2938 1565 sua.
2990 1511 3126 1566 Cum
3168 1512 3329 1569 nobis
3371 1514 3703 1583 persuadere

2129 1602 2323 1667 vellet,
2351 1613 2635 1672 acceptam
2667 1605 2770 1659 sibi
2796 1620 2918 1661 esse
2941 1608 3249 1674 peccatoris
3279 1608 3698 1678 paenitentiam.

2131 1708 2159 1749 a
2198 1693 2481 1748 contrario
2511 1694 2616 1749 hoc
2643 1695 2907 1750 ostendit.
2936 1694 3408 1760 Quemadmodum
3442 1697 3619 1760 enim,
3652 1697 3698 1751 si

2130 1785 2256 1856 quis
2288 1800 2480 1840 eorum
2502 1827 2517 1851 ,
2552 1786 2770 1855 inquit,
2802 1786 2895 1857 qui
2932 1787 2987 1842 in
3024 1787 3227 1843 virtute
3260 1788 3557 1852 vixerunt,
3594 1786 3699 1842 hac

2131 1879 2217 1933 via
2245 1877 2461 1945 relicta,
2499 1879 2722 1932 alteram
2758 1878 3022 1933 vitiorum
3060 1878 3136 1933 illi
3173 1879 3570 1950 anteposuerit,
3598 1893 3701 1932 ne-

2128 1978 2285 2019 cesse
2312 1970 2397 2019 est
2430 1971 2494 2018 ut
2525 1963 2753 2034 dignum
2786 1966 2886 2020 vite
2917 1966 3123 2021 exitum
3163 1968 3409 2023 inveniat
3438 1986 3453 2022 :
3496 1969 3571 2023 ita
3595 2008 3612 2033 ,
3646 1967 3699 2022 si

441 2047 656 2117 ἀνάγκη
703 2047 866 2102 αὑτὸν
905 2051 1084 2120 εὑρεῖν
1116 2049 1263 2114 ἄξιον
1285 2052 1383 2122 τῆς
1405 2051 1524 2104 ὀδοῦ
1550 2053 1612 2104 τὸ
1637 2053 1789 2114 τέλος
1809 2068 1822 2084 ·
1853 2052 2017 2118 οὕτως

2129 2055 2255 2126 quis
2282 2054 2339 2109 in
2369 2055 2678 2111 sceleribus
2702 2055 2977 2112 educatus
3003 2056 3068 2110 ad
3096 2057 3318 2112 virtutis
3350 2058 3490 2110 viam
3518 2054 3701 2111 redire

440 2139 496 2192 τί
518 2155 602 2202 τις
621 2138 935 2210 παρανομίᾳ
959 2141 1282 2210 συντραφεὶς
1309 2143 1387 2207 είς
1417 2142 1515 2212 τὴν
1544 2142 1645 2213 τῆς
1673 2143 1871 2214 ἀρετῆς
1899 2145 2017 2198 ὁδὸν

439 2230 757 2284 ἐπανελθεῖν
793 2230 1122 2302 ἐθελήσειεν,
1165 2232 1610 2307 ἀπαλλαγήσεται
1658 2236 1875 2301 πάντως
1918 2238 2016 2308 τῆς

436 2322 553 2386 τοῖς
582 2322 922 2393 παρανόμοις
950 2323 1219 2393 τιμωρίας
1251 2324 1660 2397 ἀφωρισμένης.

516 2420 689 2481 ιγ’-ιε’.
743 2413 845 2468 Ἐν
896 2413 976 2479 τῷ
1021 2414 1213 2470 εἰπεῖν
1248 2434 1327 2486 με
1378 2415 1458 2482 τῷ
1506 2416 1734 2483 δικαίῳ,
1777 2418 1874 2485 ὅτι,
1903 2417 2019 2488 ζωῇ

442 2504 643 2571 (ridet,
682 2505 779 2559 καί
819 2500 999 2572 οὗτος
1046 2504 1330 2562 πέποιθεν
1365 2508 1464 2562 ἐπὶ
1521 2507 1597 2577 τῇ
1657 2508 2015 2580 δικαιοσύνῃ

440 2595 652 2658 αὐτοῦ,
701 2595 798 2650 καί
835 2600 1076 2665 ποιήσει
1114 2599 1390 2668 ἀνομίαν,
1432 2599 1625 2656 πᾶσαι
1677 2604 1738 2655 ai
1793 2600 2016 2656 δικαιο-

439 2687 622 2741 σύναι
672 2689 860 2743 αὐτοῦ
911 2691 986 2744 οὑ
1019 2689 1106 2759 μὴ
1151 2689 1531 2760 μνησθῶοίν,
1572 2692 1642 2746 ἐν
1700 2692 1777 2762 τῇ
1815 2693 2017 2761 ἀδικίᾳ

436 2777 627 2832 αὑτοῦ
664 2772 703 2849 ᾗ
739 2778 1053 2847 ἐποίησεν,
1088 2781 1158 2835 ἐν
1194 2780 1351 2850 αὐτῇ
1377 2782 1777 2837 ἀποθανεῖται.
1809 2783 1919 2838 Καὶ
1947 2784 2019 2838 ἐν

436 2867 520 2936 τῷ
555 2869 749 2925 εἰπεῖν
786 2890 865 2941 με
898 2871 979 2939 τῷ
1027 2873 1264 2928 ἀσεϐεῖο
1317 2874 1558 2941 Θανάτῳ
1595 2876 2013 2944 θανατωθήσῃ,

435 2960 536 3013 καί
594 2960 964 3029 ἀποστρέψει
1016 2960 1136 3015 ἀπὸ
1184 2961 1296 3031 τῆς
1334 2963 1589 3032 ἀνομίας
1616 2963 1638 2994 ⁸
1673 2962 1880 3027 αὑτοῦ,
1918 2962 2018 3016 καὶ

434 3049 680 3116 ποιήσει
732 3048 911 3120 κρῖμα
963 3052 1065 3107 καὶ
1114 3052 1545 3122 δικαιοσύνην·
1589 3053 1690 3108 καὶ
1727 3055 2014 3123 ἐνεχυρα-

434 3142 596 3211 σμῦν
631 3143 652 3174 ⁹
691 3143 1045 3211 ὀφείλοντος
1083 3143 1310 3210 ἀποδῷ,
1351 3146 1450 3199 καὶ
1488 3144 1770 3215 ἅρπαγμα
1819 3146 2020 3200 ἀποτί-

434 3249 553 3295 σει,
593 3235 625 3286 ὁ
662 3232 887 3303 ἄνομος
917 3234 963 3267 ¹⁹
998 3235 1069 3289 ἐν
1106 3235 1233 3302 τοῖς
1271 3237 1691 3307 προστάγμασι
1726 3234 1834 3303 τῆς
1869 3233 2017 3305 ζωῆς

394 3369 399 3373 .
435 3323 899 3394 διαπεπορευται
940 3326 981 3357 ¹¹
1028 3327 1137 3382 τοῦ
1184 3326 1271 3397 μὴ
1324 3327 1575 3397 ποιῆσαι
1624 3327 1858 3391 ἄδικον,
1901 3324 2014 3395 ζωῇ

2123 2147 2406 2211 voluerit,
2443 2146 2511 2202 ab
2545 2160 2613 2201 eo
2650 2146 2961 2216 supplicio,
2995 2147 3140 2218 quod
3177 2147 3463 2203 sceleratis
3497 2144 3698 2204 deﬁni-

2124 2248 2240 2295 tum
2272 2248 2391 2306 est,
2427 2253 2663 2310 prorsus
2697 2239 2836 2295 liber
2868 2241 2995 2294 erit.

2195 2410 2362 2468 Vens.
2405 2412 2596 2467 13-15.
2636 2411 2771 2467 Cum
2809 2413 2994 2468 dixero
3032 2429 3125 2484 ego
3162 2415 3337 2483 justo,
3379 2414 3493 2485 fore
3528 2424 3587 2469 ut
3616 2414 3699 2470 ui—

2124 2500 2285 2556 uendo
2315 2501 2451 2556 vivat
2473 2542 2487 2567 ,
2521 2511 2572 2557 et
2602 2502 2713 2571 ipse
2737 2504 2972 2572 confisus
2993 2504 3225 2572 justitia:
3252 2522 3364 2561 sua
3388 2506 3571 2576 fecerit
3596 2505 3700 2561 ini-

2123 2597 2414 2666 quitatem,
2451 2613 2630 2651 omnes
2657 2597 2891 2666 justitite
2924 2598 3038 2668 ejus
3078 2616 3181 2654 non
3221 2600 3700 2655 commemorabun-

2125 2694 2256 2741 tur:
2283 2687 2337 2740 in
2369 2687 2638 2755 injustitia
2664 2704 2762 2741 sua
2790 2704 2949 2757 quam
2978 2687 3101 2757 fecit
3121 2729 3135 2755 ,
3178 2691 3233 2744 in
3276 2691 3392 2759 ipsa
3423 2692 3696 2748 morietur.

2125 2776 2194 2830 Et
2222 2794 2342 2831 cum
2372 2777 2560 2832 dixero
2591 2794 2685 2848 ego
2714 2780 2875 2846 impio
2901 2794 2919 2833 :
2951 2779 3125 2835 Morte
3155 2783 3421 2846 morieris,
3452 2791 3503 2836 et
3535 2798 3701 2837 rever-

2125 2885 2215 2922 sus
2246 2869 2407 2937 fuerit
2433 2871 2499 2922 ab
2528 2870 2545 2888 ‘
2576 2869 2856 2939 iniquitate
2885 2885 2986 2924 sua
3006 2910 3022 2937 ,
3056 2879 3107 2925 et
3141 2871 3323 2940 fecerit
3349 2871 3616 2940 judicium
3648 2880 3700 2925 et

2115 2959 2423 3028 justitiam;
2448 2967 2496 3013 et
2523 2958 2712 3029 pignus
2740 2959 2998 3014 debitoris
3025 2959 3353 3024 reddiderit,
3381 2969 3430 3015 et
3456 2961 3700 3027 rapinam

2124 3048 2448 3112 restituerit,
2492 3048 2707 3119 iniquus
2742 3049 2797 3102 in
2830 3050 3105 3119 praeceptis
3136 3050 3257 3104 vita:
3287 3049 3611 3113 ambulavit,
3641 3060 3699 3106 ut

2123 3157 2227 3195 non
2260 3140 2428 3209 faciat
2464 3138 2631 3211 958
2662 3141 2924 3210 injustam
2945 3181 2961 3206 ,
2993 3144 3101 3196 vita
3132 3143 3264 3196 vivet
3284 3182 3300 3206 ,
3330 3152 3377 3196 et
3427 3156 3531 3195 nou
3581 3156 3698 3194 uto-

2125 3234 2313 3286 rietur.
2379 3230 2565 3301 Neque
2611 3232 2763 3300 justo
2790 3274 2805 3300 ,
2852 3232 3062 3304 inquit,
3107 3232 3379 3304 profuerit
3426 3233 3697 3288 bonorum

2125 3341 2155 3380 a
2191 3342 2277 3381 me
2318 3324 2466 3381 facta
2501 3326 2865 3398 pollicitatio,
2899 3327 2945 3382 si
2978 3327 3032 3382 in
3063 3327 3224 3383 bonis
3252 3327 3515 3398 operibus
3543 3339 3701 3382 exer-

436 3412 695 3480 ζήσεται,
736 3416 836 3470 καὶ
875 3419 947 3472 οὐ
976 3417 1063 3487 μὴ
1106 3417 1402 3488 ἀποθάνῃ.
1439 3418 1601 3485 Οὔτε,
1633 3419 1788 3489 φησι,
1810 3418 1902 3471 τὸν
1939 3418 2013 3471 δί-

2122 3417 2310 3474 rendis
2351 3433 2463 3473 non
2512 3420 2995 3489 perseveraverit,
3042 3418 3137 3473 sed
3182 3433 3281 3489 pro
3321 3433 3545 3483 eorum,
3577 3430 3700 3487 qua

435 3525 592 3561 καιον
644 3508 829 3580 ὀνήσει
883 3511 916 3579 ὴ
973 3511 1106 3581 παρ’
1133 3511 1274 3582 ἐμοῦ
1321 3505 1581 3583 γινομένη
1633 3512 1743 3565 τῶν
1794 3510 2016 3579 ἀγαθῶν

434 3597 750 3668 ὑπόσχεσις,
789 3600 838 3652 εί
870 3600 945 3673 μὴ
970 3601 1230 3674 ὲπιμείνῃ
1266 3602 1324 3656 ὲν
1351 3605 1419 3675 τῇ
1452 3602 1563 3657 τῶν
1591 3602 1811 3672 ἀγαθῶν
1847 3603 2016 3674 ἐργα-

435 3686 550 3759 σία,
584 3687 724 3742 ἀλλὰ
762 3689 923 3744 δώσει
949 3690 1103 3755 δίκας
1144 3691 1252 3746 τῶν
1289 3691 1637 3764 βεϐιωμένων
1668 3692 1857 3761 ἀξίαςο
1891 3692 2017 3746 οὔτε

434 3775 526 3828 τὸν
550 3777 874 3849 ἁμαρτωλὸν
897 3779 930 3848 ἡ
951 3779 1050 3850 τῆς
1077 3779 1350 3852 τιμωρίας
1376 3782 1653 3851 ἀπόφασις
1677 3781 2017 3853 καταόλάψει

430 3865 549 3928 τοῖς
601 3864 705 3934 τῆς
755 3867 1045 3936 μετανοίας
1100 3870 1414 3941 φαρμάκοις
1458 3869 1781 3942 βουλόμενον
1809 3873 2020 3943 χρήσα-

434 3954 584 4020 σθαι,
616 3956 710 4010 καὶ
764 3958 946 4030 πάσης
989 3960 1089 4030 μὲν
1130 3961 1344 4024 ἀδικίας
1374 3961 1870 4034 ἀπαλλαττόμενον,
1895 3962 2019 4032 φιλ-

431 4046 722 4120 ανθρωπίᾳ
769 4048 828 4102 δὲ
858 4049 997 4120 πρὸς
1018 4050 1110 4129 τὸν
1144 4052 1313 4115 πέλας
1343 4052 1646 4124 χρώμενον,
1689 4053 1784 4107 καὶ
1841 4054 2020 4120 ἁπαξ-

432 4137 623 4202 απλῶς
649 4140 717 4193 τὰ
751 4144 882 4213 παρ’
907 4142 1043 4212 ἐμοῦ
1076 4142 1474 4216 διηγορευμένα
1502 4145 1791 4213 φυλάττειν
1821 4162 2018 4217 προαι-

2113 3511 2171 3566 in
2199 3511 2312 3565 vita
2341 3510 2550 3582 egerit,
2587 3510 2860 3582 dignitate
2895 3524 3088 3582 poenas
3121 3510 3316 3565 dabit:
3348 3523 3530 3580 neque
3561 3522 3697 3578 sup-

2115 3602 2273 3674 plicii
2306 3602 2585 3658 sententia
2612 3602 2867 3658 nocuerit
2894 3600 3173 3673 peccatori
3195 3639 3210 3665 ,
3237 3600 3330 3670 qui
3358 3597 3698 3670 poenitentia:

2115 3693 2381 3749 remediis
2416 3694 2495 3749 uti
2526 3709 2637 3749 non
2683 3692 3072 3758 recusaverit,
3117 3698 3172 3747 et
3212 3691 3283 3747 ab
3325 3689 3477 3745 omni
3522 3688 3695 3758 impio

2117 3784 2328 3840 scelere
2377 3784 2711 3853 desciverit,
2755 3794 2810 3840 et
2851 3784 3210 3841 clementiam
3258 3797 3389 3853 erga
3430 3796 3556 3838 eum
3597 3779 3695 3852 qui

2119 3874 2228 3929 sibi
2256 3874 2541 3946 proximus
2569 3882 2654 3930 est
2683 3870 3038 3941 adhibuerit,
3065 3884 3119 3930 et
3144 3875 3374 3929 omnino
3396 3873 3698 3929 observare

2120 3965 2426 4021 instituerit
2476 3981 2600 4036 quae
2651 3980 2680 4019 a
2739 3980 2828 4020 me
2878 3973 3154 4035 praecepta
3195 3973 3369 4020 sunt:
3422 3959 3693 4033 siquidem

2116 4057 2489 4111 conversione
2524 4056 2857 4110 sententiam
2896 4062 3145 4120 avertet,
3191 4069 3257 4109 ac
3304 4054 3415 4108 vita
3461 4051 3695 4107 fruetur.

2117 4144 2390 4216 Quodque
2423 4146 2671 4201 omnium
2706 4144 3165 4201 amabilissimum
3200 4153 3325 4201 est:

435 4226 697 4298 οούμενον
722 4243 736 4258 ·
770 4229 921 4284 λύσει
950 4230 1061 4303 γὰρ
1079 4235 1147 4305 τῇ
1171 4233 1442 4305 μεταϐολῇ
1467 4233 1567 4304 τὴν
1593 4233 1888 4303 ἀπόφασιν,
1912 4234 2009 4287 καὶ
2034 4233 2179 4305 ζωῆς
2209 4232 2596 4288 ἀπολαύσεται.
2628 4233 2737 4286 Καὶ
2766 4232 2827 4286 τὸ
2862 4233 3080 4288 πάντων
3110 4231 3517 4305 ἐρασμιώτατον

512 4346 605 4405 ις’.
663 4339 884 4408 Πᾶσαι,
944 4343 1145 4414 φησὶν,
1199 4346 1264 4400 αἱ
1309 4345 1585 4413 ἁμαρτίαι
1640 4342 1870 4408 αὐτοῦ,
1937 4342 2011 4410 ἂς

430 4430 697 4500 ἥμαρτεν
722 4471 738 4497 ,
790 4435 866 4489 οὐ
909 4433 1515 4505 μνημονευθήσονται
1564 4433 1727 4500 αὐτῷ
1786 4434 1827 4465 ³⁸
1850 4477 1864 4502 ,
1920 4434 2011 4487 ὅτι

427 4523 612 4590 κρῖμα
647 4524 749 4579 καὶ
785 4524 1185 4595 δικαιοσύνην
1222 4525 1532 4596 ἐποίησεν,
1572 4528 1642 4582 ἐν
1678 4526 1882 4594 αὐτοῖς
1916 4525 2012 4595 ζή-

427 4629 622 4672 σεται.
651 4613 808 4669 Οὕτω
835 4615 934 4686 τὴν
961 4615 1171 4671 οἰκείαν
1195 4617 1508 4690 ἅγαθότητα
1534 4617 1735 4684 δείξας,
1764 4618 1859 4673 τοῦ
1877 4617 2007 4672 λαοῦ

426 4704 697 4775 διελέγχει
727 4706 786 4759 τὸ
815 4705 1091 4778 ἄγνωμον.

506 4817 569 4882 ιζ’
649 4815 762 4871 Kal
814 4816 1109 4888 λέγουσιν
1149 4819 1192 4851 ¹²
1228 4821 1284 4875 οἱ
1320 4821 1439 4876 υἱοὶ
1490 4822 1597 4877 τοῦ
1649 4821 1806 4876 λαοῦ
1857 4836 2013 4876 σου·

430 4910 556 4962 Οὐκ
607 4908 806 4963 εὐθεῖα
855 4910 893 4978 ἡ
948 4909 1088 4976 ὁδὸς
1141 4913 1392 4979 Κυρίου,
1449 4912 1551 4967 καὶ
1600 4913 1752 4981 αὕτη
1791 4914 1831 4981 ή
1873 4912 2025 4983 ὁδὸς¹

425 4997 630 5050 αὐτῶν
663 5000 775 5051 οὐκ
813 4998 1033 5055 εὐθεῖα.
1099 5000 1383 5071 Τοσαύτης
1406 5041 1421 5064 ,
1470 5004 1605 5071 φησὶ
1638 5043 1653 5069 ,
1717 5003 1849 5073 παρ’
1872 5002 2010 5073 ἐμοῦ

425 5087 805 5158 προκειμένης
834 5089 1172 5161 ἁγαθότητος
1203 5092 1297 5144 καὶ
1328 5092 1762 5163 φιλανθρωπίας,
1790 5094 2013 5147 διαϐαλε-

426 5178 543 5232 λειν
594 5178 696 5241 τὰς
741 5178 881 5247 ἐμὰς
925 5179 1197 5251 τολμῶσιν
1226 5182 1561 5252 οἰκονομίας,
1597 5182 1672 5246 ὡς
1696 5184 1796 5237 οὐκ
1821 5184 2007 5255 ὀρθάς.

426 5266 541 5321 Καὶ
572 5267 681 5337 μὴν
713 5266 819 5321 ἔδει
853 5268 1086 5322 συνιδεῖν
1113 5270 1309 5334 αὐτοὺς
1340 5271 1447 5324 ἀπὸ
1497 5272 1606 5325 τῶν
1648 5274 2011 5344 πραγμάτων,

2190 4342 2357 4399 Vsus.
2403 4343 2491 4401 16.
2534 4344 2766 4406 Omnia,
2826 4343 3044 4415 inquit,
3100 4353 3318 4413 peccata
3367 4343 3522 4413 ejus,
3579 4357 3692 4413 qtae

2114 4434 2350 4499 peccavit
2372 4472 2387 4497 ,
2416 4450 2520 4488 non
2558 4433 3116 4488 commemorabuntur
3151 4436 3234 4499 ei,
3270 4435 3398 4504 quia
3425 4432 3694 4503 judicium

2115 4534 2164 4578 et
2183 4524 2462 4594 justitiam
2485 4524 2646 4594 fecit:
2683 4526 2735 4578 in
2759 4525 2889 4592 ipsis
2911 4526 3063 4580 vivet.
3092 4525 3169 4580 ιω
3200 4534 3422 4580 ostensa
3469 4538 3569 4579 sua
3594 4522 3691 4577 bo-

2117 4616 2325 4681 nitate,
2360 4616 2537 4687 iniqui
2571 4621 2628 4672 et
2663 4616 2869 4688 ingrati
2908 4616 3098 4689 populi
3137 4617 3350 4673 crimen
3388 4612 3691 4684 redarguit.

2186 4810 2355 4869 Vsus.
2400 4812 2481 4866 l7.
2523 4810 2593 4866 Et
2631 4811 2817 4865 dirum
2857 4811 2961 4881 ﬁlii
2996 4812 3178 4881 populi
3217 4810 3341 4864 tui:
3383 4808 3506 4864 Non
3547 4819 3694 4862 recta

2111 4913 2187 4958 est
2230 4903 2315 4957 via
2354 4901 2610 4970 Domini,
2649 4911 2700 4957 et
2734 4902 2846 4957 Ita'c
2880 4904 2966 4956 uia
2999 4904 3234 4971 ipsorum
3272 4917 3375 4956 non
3410 4911 3490 4956 est
3524 4909 3690 4954 recta.

2112 4994 2291 5048 Tanta
2313 5035 2328 5060 ,
2360 4993 2578 5064 inquit,
2606 5008 2636 5046 a
2667 5008 2754 5048 me
2782 4993 3071 5063 proposita
3100 4993 3350 5048 bonitate
3381 5000 3550 5062 atque
3578 4992 3692 5047 cle-

2111 5085 2321 5139 mentia
2346 5124 2361 5148 ,
2391 5098 2659 5139 accusare
2692 5098 2844 5140 meas
2869 5083 3294 5140 administrandi
3322 5084 3597 5148 rationes,
3630 5088 3694 5137 ut

2109 5176 2295 5230 minus
2321 5183 2537 5238 rectas,
2572 5173 2801 5231 audent,
2834 5175 3002 5244 Atqui
3037 5175 3339 5245 oportebat
3373 5190 3471 5230 eos
3499 5188 3567 5230 ex
3597 5189 3688 5230 re-

2110 5270 2215 5324 bus
2256 5269 2393 5338 ipsis
2432 5267 2742 5339 intelligere
2766 5305 2782 5332 ,
2815 5282 2939 5322 mea
2970 5267 3195 5339 quidem
3223 5267 3413 5323 omnia
3446 5276 3502 5323 et
3533 5273 3688 5322 recta

1713 5483 1948 5539 VARUE
1984 5484 2162 5541 LECT
2170 5485 2279 5541 1οΝ
2288 5486 2386 5541 ES.

499 5616 523 5649 ⁸
541 5618 602 5697 ΔΑ
634 5619 952 5697 ἀποστροφῇ
980 5622 1409 5697 ἀποστρέψατεκ
1460 5621 1482 5652 ⁸
1520 5623 1630 5697 Ιςαλ
1660 5622 1723 5697 σίε
1752 5622 1837 5674 υἱὲ
1860 5623 1998 5697 ᾀνθρ

2122 5624 2268 5697 ξειίη
2303 5625 2361 5697 Α.
2401 5626 2604 5697 Eadem
2631 5626 2734 5697 leg.
2767 5625 2932 5697 infra,
2956 5628 3103 5697 Ηιεν.
3138 5626 3247 5694 fab.
3279 5624 3314 5697 Ι,
3350 5623 3443 5679 cit.
3493 5622 3539 5697 _"
3576 5622 3679 5692 ήμ.

428 5683 488 5739 In
528 5688 572 5739 A
618 5697 676 5767 _et
706 5683 1120 5767 loco_jar'n._cit.
1153 5683 1335 5767 praem.
1380 5692 1466 5767 ἄν.
1518 5691 1565 5767 ,⁸
1601 5694 1645 5744 A
1674 5683 1981 5762 ἁμαρτίας]

2122 5699 2143 5745 ι
2180 5694 2547 5767 ὲνᾼεχύρασμα.
2591 5683 2757 5758 Iuli-la,
2799 5683 2946 5750 "cur.
2987 5696 3096 5757 fab.
3122 5683 3228 5767 loc.
3258 5695 3349 5767 cit.
3381 5698 3464 5748 est
3490 5683 3679 5767 ἦνεῖξυ-

431 5757 683 5825 οιασμὸν.
762 5760 806 5834 '_°
882 5762 964 5834 ἄν.
1005 5760 1126 5816 Des.
1153 5757 1393 5834 quidem
1416 5763 1468 5834 in
1504 5760 1569 5824 Α,
1602 5757 1992 5834 exstat'aulcm

2122 5780 2180 5815 er.
2216 5757 2466 5829 fubfloc:
2501 5766 2597 5821 cit.
2632 5768 2720 5821 ubi
2748 5757 2938 5834 prium.
2969 5768 3039 5817 ei.
3116 5766 3154 5795 "
3198 5765 3237 5834 Λ
3268 5757 3675 5834 διαπορεύηται.

453 5833 496 5868 ιι
519 5843 694 5897 μνημ.
726 5829 895 5901 αὐτῷ.
927 5832 966 5883 Α
1004 5832 1333 5902 μνησθὼσιν.
1380 5831 1545 5899 Infra,
1569 5835 1718 5889 Ha'r.
1756 5833 1843 5899 fab
1881 5835 1983 5888 loc.

2150 5845 2227 5888 cst
2263 5835 2661 5905 μνησθήσονται
2696 5829 2887 5890 αὗτοῦ.
2959 5837 3000 5865 ⁸³
3039 5836 3151 5901 λέγ.
3183 5833 3224 5884 Α
3253 5829 3467 5901 ἐροῦσιν
