4116 6452
447 441 584 509 ΗΠ

1436 436 1922 499 THEODORETI
1954 429 2295 497 EPISCOI‘I
2333 436 2699 499 CYRENSIS

3569 436 3718 503 1148‘

442 566 501 611 et
549 558 702 627 justa
750 571 909 619 csse,
956 569 1053 609 sua
1106 566 1233 607 vero
1282 566 1560 621 perversa.
1613 549 1821 605 Deinde
1870 550 2013 603 idem

2131 556 2199 602 5τι
2226 548 2297 602 τὰ
2337 550 2439 619 μὲν
2485 551 2594 622 ἐμὰ
2630 552 2844 605 ἅπαντα
2872 549 2967 604 καὶ
2993 550 3129 621 ὀρθὰ
3154 551 3250 605 καὶ
3295 551 3502 617 δίκαια,
3536 552 3605 605 τὰ
3646 560 3705 612 δὲ

447 648 697 718 apertius
726 662 821 717 per
853 645 1340 716 interrogationem
1369 642 1524 697 dicit:

517 821 679 878 Vsus.
726 822 811 876 18.
853 820 1045 877 Audite
1090 823 1281 877 domus
1329 822 1507 877 Israel
1548 838 1564 876 :
1610 838 1734 875 num
1778 823 1863 877 via
1909 839 2024 875 mea

446 933 546 969 non
579 926 657 969 est
688 923 829 968 recta
857 916 882 968 1’
924 933 1093 970 nonne
1139 917 1238 970 via:
1280 924 1464 970 vestrm
1504 931 1610 968 non
1652 923 1779 969 sunt
1821 916 2026 970 rectae?

444 1006 582 1060 Tum
615 1015 870 1077 repetens
900 1024 962 1063 ea
999 1024 1120 1078 qua:
1145 1007 1297 1062 dicta
1329 1016 1458 1063 sunt
1479 1048 1494 1072 ,
1526 1007 1598 1061 ait
1628 1026 1640 1060 :
1670 1005 1900 1070 .luslus,
1931 1006 2026 1076 qui

445 1096 656 1151 scelera
708 1098 968 1167 persequi
1019 1097 1367 1161 instituerit,
1423 1098 1688 1167 punietur
1764 1093 1902 1168 [l9].
1961 1095 2027 1150 Et

444 1197 702 1254 peccator
733 1189 799 1242 ad
830 1188 1113 1257 justitiam
1146 1204 1408 1246 reversus
1440 1189 1676 1244 salutem
1706 1187 1872 1259 959
1896 1204 2029 1242 con-

445 1287 743 1348 sequetur:
775 1281 933 1335 vobis
965 1287 1149 1336 antem
1183 1282 1287 1336 hoc
1311 1321 1327 1345 ,
1361 1281 1578 1352 inquit,
1624 1280 1772 1335 haud
1809 1283 2026 1352 justan

448 1368 625 1422 visum
661 1378 765 1423 est.
807 1369 1025 1424 Idcirco
1063 1371 1304 1441 subjecit
1337 1388 1351 1422 ε

519 1456 687 1511 Vens.
716 1457 804 1511 20.
831 1457 899 1511 Et
922 1460 1018 1512 hoc
1032 1469 1110 1513 est
1127 1458 1264 1529 quod
1279 1459 1529 1513 dixistis:
1550 1457 1673 1513 Non
1696 1470 1839 1513 recta
1855 1468 1929 1514 est
1946 1458 2030 1514 via

450 1546 686 1604 Domini.
718 1548 923 1605 Deinde
957 1550 1189 1619 positive
1216 1568 1230 1604 :
1267 1569 1285 1601 ι
1313 1549 1795 1621 Unumquemque,
1828 1551 2028 1622 inquit,

450 1638 758 1694 secundum
780 1641 900 1696 vias
924 1641 1415 1711 vestrasjudicabo
1437 1658 1556 1704 vos.
1578 1642 1773 1697 domus
1791 1643 1981 1698 Israel.
2007 1663 2027 1695 ›

451 1730 600 1784 Satis
631 1731 734 1783 hoc
762 1738 847 1785 est
875 1730 943 1784 ad
975 1730 1420 1800 persuadendum
1454 1731 1539 1787 vel
1563 1732 1633 1787 iis
1662 1730 1756 1802 qui
1780 1731 2034 1785 adaman-

448 1815 547 1870 tini
579 1817 711 1882 sint,
751 1826 809 1871 ut
843 1819 1053 1874 relictis
1088 1819 1414 1886 sceleribus,
1443 1821 1572 1877 vita:
1601 1822 1657 1876 in
1684 1822 1882 1877 melius
1908 1836 2033 1876 mu-

447 1906 711 1962 tationem
753 1910 1210 1981 complectantur.

520 1998 678 2056 Vens.
701 2001 794 2064 21,
816 2002 906 2057 22.
932 2002 999 2058 Et
1021 2003 1223 2072 factum
1247 2012 1326 2059 est
1342 2021 1481 2059 anno
1501 2003 1833 2071 duodecimo,
1854 2022 2029 2062 mense

442 2089 645 2145 decimo
673 2093 857 2162 quinto
879 2093 1012 2166 (die)
1039 2096 1233 2149 mensis
1263 2096 1590 2166 captivitatis
1621 2078 1849 2159 nostrae,
1889 2097 2026 2150 venit

442 2182 677 2236 salvatus
700 2183 770 2236 ad
798 2201 876 2238 me
902 2185 966 2240 de
985 2184 1380 2257 Hierosolyma,
1400 2186 1601 2249 dicens.
1622 2182 1794 2257 Capta
1809 2195 1885 2242 est
1902 2187 2029 2240 civi-

445 2281 548 2323 tas.
572 2269 639 2323 Et
657 2288 845 2327 manus
864 2273 1081 2329 Domini
1094 2276 1240 2345 facta
1256 2286 1334 2332 εει
1359 2294 1515 2346 super
1534 2293 1613 2331 me
1630 2292 1852 2345 vespere,
1874 2288 2025 2331 ante-

441 2377 601 2429 quam
635 2363 831 2418 veniret
858 2366 1131 2434 salvatus,
1170 2378 1220 2422 et
1256 2370 1468 2436 aperuit
1513 2386 1571 2423 os
1614 2385 1817 2430 meum,
1865 2369 2027 2425 donec

444 2454 581 2507 venit
621 2455 705 2527 ad.
734 2473 813 2511 me
850 2475 1004 2513 mane
1026 2499 1040 2523 ,
1070 2470 1121 2513 et
1158 2468 1398 2528 apertum
1428 2477 1486 2515 os
1520 2478 1693 2516 meum
1719 2479 1825 2517 non
1855 2462 2026 2515 conti-

443 2546 560 2599 nuit
605 2563 660 2602 se
702 2550 955 2619 amplius,
1012 2547 1185 2621 Syrus
1221 2550 1299 2604 ait
1332 2565 1347 2604 :
1388 2571 1408 2604 ι
1445 2550 1751 2608 Undecimo
1783 2567 1931 2606 anno
1974 2562 2030 2607 et

442 2632 769 2692 duodecimo
796 2641 817 2660 '
849 2654 1040 2695 mense
1059 2678 1075 2705 ,
1108 2659 1126 2693 ι
1154 2640 1327 2712 idque
1356 2642 1538 2714 magis
1569 2658 1874 2714 congruum
1903 2658 2030 2698 esse

443 2726 662 2781 videtur
696 2744 883 2785 :anno
936 2731 1083 2785 enim
1129 2733 1426 2789 undecimo
1472 2742 1634 2805 capta
1677 2743 1763 2790 est
1804 2734 2025 2789 civitas.

445 2818 661 2872 Asserit
690 2827 874 2875 autem
904 2836 970 2875 eo
1004 2828 1290 2891 tempore,
1341 2824 1490 2894 quod
1532 2824 1743 2880 dictum
1790 2832 1907 2889 est,
1937 2839 2029 2879 ve-

444 2909 597 2964 nisse
623 2912 937 2981 quemdam.
971 2914 1064 2985 qui
1094 2923 1317 2986 captam
1350 2915 1788 2988 Hierosolymam
1821 2932 2029 2972 renun-

444 3001 652 3057 tiaret:
689 3004 784 3059 sed
827 3007 1269 3063 antevenientem
1317 3007 1616 3064 Dominum
1656 3024 1884 3080 vespere
1924 3008 2029 3063 im-

445 3093 699 3160 posuisse
729 3096 896 3152 verba
930 3097 1279 3168 praphetize;
1323 3113 1563 3169 cumque
1606 3114 1762 3154 mane
1802 3099 1894 3154 ille
1935 3114 2028 3170 ap-

445 3179 762 3248 paruisset,
820 3192 877 3238 ct
935 3185 1194 3239 nuntium
1251 3187 1568 3252 attulisset,
1625 3202 1735 3243 non
1789 3189 2028 3257 amplius

2126 638 2274 708 σφῶν
2294 640 2472 692 αὐτῶν
2504 641 2933 711 διεστραμμένα.
2965 639 3099 696 Εἶτα
3127 641 3187 694 τὸ
3217 641 3348 695 αὐτὸ
3373 641 3708 711 σαφέστερον

2125 732 2240 784 κατ’
2271 730 2541 802 ἐρώτησιν
2572 732 2721 800 λέγει
2742 749 2754 764 ·

2196 825 2283 889 ιη’.
2341 820 2667 873 ’Λκούσιιτε
2708 821 2752 851 ¹⁵
2788 819 2854 872 δὲ
2894 820 2972 883 ³⁸,
3011 816 3175 885 οἶκος
3224 818 3472 887 Ἰσραήλ
3497 836 3511 850 ⁸
3546 818 3632 887 μὴ
3664 819 3707 886 ἠ

2124 907 2266 976 ὁδός
2308 926 2429 978 μου
2483 912 2597 963 οὐκ
2648 909 2846 965 εὐθεῖα
2863 927 2882 975 ;
2937 911 3074 980 οὐχὶ
3122 914 3182 965 αἱ
3220 910 3349 965 ὁδοί
3390 910 3558 980 ὑμῶν
3592 912 3711 964 οὐκ

2125 1000 2347 1055 εὐθεῖαι
2372 1016 2391 1063 ,'
2420 994 2552 1054 Εἶτα
2582 1001 3030 1074 ὲπαναλαμδὰνει
3059 1002 3127 1056 τὰ
3148 1001 3436 1074 εἰρημένα,
3464 1002 3558 1055 καί
3598 1018 3707 1071 qm-

2128 1106 2232 1148 σιν.
2268 1090 2350 1143 ὅτι
2383 1090 2411 1141 ό
2444 1090 2651 1154 δίκαιος
2698 1089 2797 1162 τὴν
2848 1092 3046 1146 κακίαν
3085 1092 3516 1162 προαιρούμενος
3545 1091 3709 1143 κολα-

2130 1181 2409 1251 σθήσεται,
2466 1184 2560 1236 καὶ
2618 1185 2647 1236 ό
2702 1184 3031 1255 ἁμαρτωλὸς
3083 1184 3165 1246 είς
3213 1182 3311 1253 τὴν
3358 1182 3711 1251 δικαιοσύνην

2129 1274 2366 1328 ἐπανιὼν
2395 1275 2671 1346 σωτηρίας
2691 1275 2941 1342 τεύξεται
2960 1293 2973 1306 ο
3013 1276 3142 1345 ὑμῖν
3176 1274 3253 1340 δὲ,
3278 1274 3432 1344 φησὶ,
3465 1273 3621 1326 τοῦτο
3643 1274 3705 1326 οὐ

2129 1368 2406 1439 κατεφάνη
2441 1367 2671 1422 δίκαιον.
2704 1367 2795 1420 Διὸ
2822 1368 3101 1439 ἐπήγαγεν
3126 1383 3141 1396 ’

2201 1463 2270 1511 κ’.
2326 1456 2434 1512 Καὶ
2474 1457 2653 1511 τοῦτό
2687 1456 2858 1510 ἐστιν
2889 1456 2921 1510 ὃ
2964 1457 3171 1510 clerate
3194 1472 3209 1485 ·
3267 1457 3388 1508 Οὐκ
3430 1452 3629 1508 εὐθεῖα
3666 1455 3708 1521 ἡ

2132 1547 2271 1614 ὁδὸς
2322 1548 2567 1615 Κυρίου.
2625 1548 2858 1601 Ἔπειτα
2908 1546 3332 1616 ἀποφαντικῶςσ
3386 1565 3404 1597 ι
3438 1546 3709 1598 Ἕκαστον

2133 1638 2275 1693 κατὰ
2295 1638 2393 1702 τὰς
2418 1639 2572 1702 ὀδοὺς
2600 1638 2644 1671 ¹⁶
2666 1637 2821 1709 ὑμῶν
2842 1638 3014 1710 κρινῶ
3050 1639 3214 1709 ὑμᾶς,
3237 1632 3385 1699 οἶκος
3416 1636 3653 1706 Ἰσραήλ.
3682 1655 3701 1687 ι

2143 1728 2348 1782 Ἱκανὸν
2386 1729 2441 1780 δὲ
2475 1728 2637 1782 τοῦτο
2664 1732 2849 1782 πεῖσαι
2876 1729 3119 1791 καὶτοὺς
3161 1729 3283 1782 λίαν
3315 1726 3707 1798 ἀδαμαντίνους

2133 1820 2232 1892 τὴν
2262 1821 2359 1892 τῆς
2393 1821 2591 1885 κακίας
2620 1822 2907 1892 ἀγαπῆσαι
2938 1819 3264 1892 μεταϐολήν.

2198 2001 2303 2066 κα’,
2341 2002 2446 2072 κβ’.
2482 2004 2594 2057 Kal
2644 2002 2878 2074 ἐγένετο
2896 2004 2938 2036 ¹⁷
2989 2003 3060 2058 ἐν
3095 2002 3175 2069 τῷ
3217 2001 3530 2066 δωδεκάτῳ
3566 2002 3705 2063 ἔτει,

2127 2093 2199 2146 ἐν
2241 2093 2320 2159 τῷ
2369 2093 2595 2160 δεκάτῳ
2612 2096 2656 2126 ¹⁶
2707 2093 2873 2163 μηνί,
2927 2095 3168 2163 πέμπτῃ
3215 2092 3324 2147 τοῦ
3364 2091 3559 2161 μηνὸς
3601 2090 3709 2158 τῆς

2127 2188 2540 2256 αἰχμαλωσίας
2571 2185 2759 2258 ἡμῶν,
2803 2183 2991 2257 ἦλθεν
3020 2189 3053 2240 o’
3081 2185 3418 2250 ἀνασωθεὶς
3459 2184 3610 2253 πρός
3634 2198 3711 2251 με

2128 2275 2247 2330 ἀπὸ
2287 2275 2688 2346 Ἰερουσαλὴμ
2725 2276 2920 2347 λέγων
2942 2292 2957 2307 ο
3005 2274 3196 2330 Ἑάλω
3217 2278 3260 2310 υ
3293 2259 3332 2343 ἦ
3362 2276 3555 2337 πόλις.
3604 2271 3711 2327 Kal

2128 2364 2256 2433 χείρ
2301 2365 2526 2433 Κυρίου
2568 2365 2805 2434 ἐγένετο
2851 2364 2943 2417 ἐπ’
2988 2363 3093 2435 ἐμὲ
3135 2363 3397 2433 ἑσπέρας
3433 2362 3630 2430 api?"
3672 2360 3709 2427 ἢ

2127 2453 2327 2507 ἐλθεῖν
2353 2452 2461 2507 τόν
2480 2452 2887 2517 ἀνασωθέντα,
2912 2453 3010 2509 καὶ
3035 2453 3241 2523 ἤνοιξέ
3259 2471 3379 2524 μου
3409 2451 3476 2506 τὸ
3496 2451 3712 2521 στόμα,

2126 2544 2234 2613 ἓως
2265 2542 2414 2617 ἦλθε
2447 2548 2598 2617 πρός
2621 2566 2697 2619 με
2726 2547 2965 2616 coaptat,
2990 2547 3087 2601 καὶ
3112 2544 3394 2616 ἀνοιχθὲν
3424 2545 3489 2597 τὸ
3519 2546 3713 2611 στόμα

2122 2641 2301 2706 you"
2337 2641 2410 2695 οὐ
2439 2640 2784 2710 συνεσχέοη
2811 2639 2917 2694 ἔτι.
2974 2641 3032 2692 '0
3057 2638 3246 2711 Σύρος,
3285 2658 3303 2690 ι
3334 2637 3424 2708 Τῷ
3447 2635 3715 2704 ἑνδεκάτῳ

2129 2732 2238 2785 ἔτει
2263 2732 2357 2783 καὶ
2392 2728 2468 2801 τῷ
2491 2730 2777 2801 δωδεκάτῳ
2802 2730 2952 2801 μηνὶ,
2979 2749 2997 2780 ι
3028 2730 3123 2784 καὶ
3144 2728 3344 2800 μᾶλλον
3368 2724 3677 2787 ἀκολούθως
3696 2740 3709 2753 ·

2128 2825 2206 2897 τῷ
2235 2824 2344 2896 γὰρ
2390 2825 2662 2893 ἑνδεκάτῳ
2703 2823 2811 2876 ἔτει
2856 2823 2971 2892 ἥλω
3004 2823 3039 2893 ἠ
3091 2822 3266 2886 πόλις.
3312 2820 3474 2889 Λέγει
3506 2818 3583 2883 δὲ,
3628 2819 3713 2871 ὅτι

2129 2916 2274 2972 κατὰ
2297 2915 2390 2969 τὸν
2418 2915 2712 2988 εἰρημένον
2743 2914 2935 2985 χρόνον
2977 2908 3080 2985 ἧκέ
3110 2930 3191 2976 τις
3222 2910 3583 2980 ἀπαγγέλλων
3614 2910 3716 2978 τῆς

2141 3008 2498 3081 Ἰερουσαλὴμ
2539 3007 2639 3079 τὴν
2687 3007 2911 3076 ἅλωσιν,
2957 3004 3244 3078 προλαϐὼν
3289 3004 3344 3057 δὲ
3378 3006 3405 3057 ὁ
3436 3002 3716 3072 Δεσπότης

2128 3100 2222 3171 ἀφ’
2271 3099 2507 3171 ἑσπέρας
2563 3098 2656 3152 τὸν
2711 3101 2809 3171 τῆς
2857 3096 3195 3168 προφητείας
3252 3095 3475 3164 ἐνέθηκε
3518 3092 3676 3158 λόγον
3704 3110 3715 3120 ’

2132 3191 2300 3245 ἕωθεν
2329 3190 2385 3243 δὲ
2421 3190 2629 3244 ἐκείνου
2660 3191 2938 3258 φανέντος,
2986 3190 3080 3244 καὶ
3109 3189 3209 3261 τὴν
3251 3185 3511 3255 ἀγγελίαν
3550 3184 3710 3254 κομί-

444 3283 535 3323 me
565 3270 1149 3344 silentiopmphetica
1194 3276 1362 3330 verba
1404 3251 1696 3332 continere
1737 3251 2027 3349 permisit,

2136 3300 2347 3346 σαντος,
2386 3283 2571 3336 οὐκέτι
2607 3300 2676 3353 με
2726 3286 2853 3354 σιγῇ
2901 3282 3152 3353 κατέχειν
3187 3280 3314 3342 τοὺς
3344 3277 3714 3352 προφητικοὺς

446 3359 541 3414 sed
575 3362 956 3420 indesinenter
983 3382 1046 3421 ea
1083 3366 1335 3437 proferre
1365 3384 1453 3424 me
1477 3369 1668 3438 jussit,
1703 3368 1869 3440 idque
1899 3368 2026 3424 ell‘ev

443 3455 541 3509 cit.
573 3455 833 3513 Omnium
864 3461 1013 3514 enim
1046 3467 1100 3514 et
1130 3460 1402 3531 imprimis
1441 3460 1647 3518 silentii
1691 3477 1759 3518 ac
1790 3462 2028 3518 locutio-

444 3549 532 3604 nis
562 3555 782 3622 tempus
812 3554 967 3607 novit
1005 3550 1301 3607 Dominus.

513 3724 680 3780 Vens.
720 3727 811 3792 25,
845 3729 938 3782 ΞΗ.
979 3726 1048 3783 Ει
1089 3729 1291 3799 factum
1322 3738 1400 3785 est
1444 3730 1655 3785 verbum
1707 3729 1921 3785 Domini
1961 3732 2030 3783 ad

446 3832 528 3869 me
548 3856 562 3878 ,
598 3817 778 3871 dicens
798 3861 814 3884 ,
847 3817 956 3874 Fili
981 3820 1210 3875 hominis
1232 3864 1246 3887 ,
1275 3822 1629 3877 inhabitantes
1657 3822 1896 3877 desertas
1931 3822 2029 3878 has

446 3911 501 3962 in
526 3919 671 3963 terra
706 3907 903 3976 Israel,
930 3912 1160 3967 dicentes
1186 3914 1339 3967 aiunt
1363 3930 1382 3968 :
1419 3912 1568 3969 Unus
1592 3924 1706 3969 erat
1734 3915 2028 3980 Abraham,

442 4011 494 4054 et
530 4001 757 4055 obtinuit
793 4012 1016 4067 terram,
1057 4013 1108 4056 et
1142 4020 1234 4057 nos
1265 4004 1448 4073 plures
1479 4019 1686 4066 sumus,
1721 4002 1870 4057 nobis
1899 4001 2031 4055 data

443 4102 520 4147 est
556 4101 698 4146 terra
745 4093 800 4147 in
846 4095 1258 4164 possessionem.
1297 4093 1561 4165 Stuporis
1610 4095 1806 4149 morbo
1852 4110 2032 4165 usque

442 4181 580 4238 adeo
621 4184 915 4250 laborant,
952 4194 1012 4239 ut
1055 4186 1193 4241 nihil
1235 4202 1406 4256 supra
1452 4185 1754 4259 excogitari
1798 4187 1973 4255 possit
2010 4204 2025 4241 :

442 4272 649 4342 quippe
679 4273 771 4342 qui
806 4282 934 4344 post
963 4273 1128 4346 960
1155 4282 1235 4329 tot
1258 4284 1523 4345 tantaque
1549 4275 1825 4347 supplicia
1846 4275 2029 4330 adhuc

442 4363 724 4418 temerarii
755 4374 908 4428 sunt,
933 4375 988 4421 et
1027 4367 1385 4422 solitudinem
1412 4365 1612 4424 Judane
1637 4366 2027 4437 conspicantes

440 4453 629 4509 dicere
653 4456 885 4511 audent:
920 4457 977 4512 Si
1008 4458 1163 4514 solus
1197 4473 1321 4514 cum
1352 4468 1503 4515 esset
1536 4457 1815 4513 Abraham
1839 4500 1854 4525 ,
1886 4459 2029 4515 lianc

2131 3373 2283 3426 εἴασε
2329 3370 2558 3441 λόγους,
2617 3372 2731 3425 ἀλλ’
2782 3371 3075 3434 ἀπαύστως
3118 3370 3339 3433 τούτους
3385 3367 3717 3439 προσφέρειν

2131 3466 2382 3518 ἐκέλευσέ
2418 3482 2476 3518 τε
2508 3464 2602 3518 καὶ
2634 3462 3014 3534 παρεσκεύασε
3040 3479 3054 3492 ·
3102 3461 3319 3514 πάντων
3346 3459 3454 3530 γὰρ
3482 3458 3715 3528 μάλιστα

2131 3559 2231 3630 τῆς
2276 3556 2438 3627 σιγῆς
2483 3557 2579 3610 καὶ
2625 3557 2723 3625 τῆς
2773 3555 2963 3617 λαλιᾶς
3004 3553 3193 3620 καιρὸν
3218 3553 3246 3607 ό
3283 3550 3558 3619 Δεσπότης
3594 3548 3716 3601 ἐπί-

2134 3665 2351 3702 σταται.

2202 3746 2308 3808 κγ’,
2350 3739 2444 3793 κδ’.
2502 3737 2613 3793 Kal
2661 3735 2895 3807 ἐγένετο
2944 3736 3128 3806 λόγος
3168 3733 3391 3800 Κυρίου
3429 3731 3576 3801 πρός
3611 3746 3715 3798 με,

2130 3831 2326 3900 λέγων
2344 3847 2357 3860 ⁸
2408 3828 2502 3883 Υἱὲ
2533 3828 2869 3897 ἀνθρώπου,
2907 3831 2959 3882 οι
2987 3823 3409 3888 κατοικοῦντες
3436 3820 3541 3889 τὰς
3565 3822 3716 3890 ἡρη-

2126 3920 2405 3991 μωμένας
2436 3921 2657 3985 ταύτας
2672 3919 2716 3951 ³⁸
2745 3918 2842 3972 ἐπὶ
2869 3916 2981 3986 τῆς
3008 3915 3118 3987 γῆς
3146 3914 3252 3971 τοῦ
3292 3913 3532 3983 Ἰσραὴλ
3551 3953 3565 3977 ,
3614 3909 3715 3965 λέ-

2133 4029 2341 4081 γοντες
2369 4009 2693 4080 ,λέγουσιν’
2738 4004 2842 4074 Εἷς
2880 4006 2958 4079 ἦν
2998 4006 3273 4077 Ἀϐραὰμ,
3317 4005 3416 4058 καί
3454 4001 3715 4069 κατέσχε

2131 4105 2248 4174 τὴν
2270 4103 2408 4175 γῆν,
2436 4104 2532 4158 καί
2563 4102 2734 4175 ἡμεῖς
2770 4104 3021 4166 πλείους
3045 4098 3255 4169 ἐσμὲν,
3301 4097 3445 4167 ἡμῖν
3478 4095 3715 4150 δέδοται

2132 4196 2172 4265 ἡ
2197 4193 2273 4265 γῆ
2302 4197 2390 4259 είς
2414 4193 2810 4262 κατάσχεσιν.
2862 4189 3226 4260 ’Λναλγησίας
3265 4187 3514 4243 νοσοῦσιν
3542 4186 3715 4255 ὑπερ-

2132 4285 2294 4355 ϐολήν
2312 4301 2325 4314 ·
2358 4283 2497 4356 μετὰ
2522 4283 2629 4355 γὰρ
2656 4282 2757 4346 τὰς
2782 4281 3049 4345 τοσαύτας
3072 4281 3162 4334 καὶ
3184 4277 3516 4350 τηλικαύτας
3542 4293 3715 4346 τιμω-

2135 4375 2277 4447 ρίας,
2305 4376 2386 4429 ἔτι
2417 4375 2800 4448 θρασύνονται,
2824 4376 2918 4429 καὶ
2937 4372 3037 4443 τὴν
3062 4372 3300 4444 ἐρημίαν
3322 4369 3423 4442 τῆς
3455 4367 3717 4431 Ἰουδαίας

2131 4466 2363 4537 όρῶντες
2389 4465 2627 4532 τολμῶσι
2650 4464 2832 4534 λέγειν
2849 4479 2863 4493 ⁸
2897 4464 2959 4518 Εἰ
2983 4462 3143 4531 μόνος
3169 4460 3244 4515 ὣν
3285 4459 3536 4531 Ἀϐραὰμ
3558 4456 3716 4527 τήνδε

442 4552 649 4603 terram
684 4550 970 4621 possedit,
1004 4552 1179 4607 multo
1215 4552 1390 4621 magis
1422 4566 1557 4619 nos,
1590 4553 1683 4623 qui
1718 4553 1906 4624 plures
1937 4569 2028 4608 su-

2133 4556 2368 4627 κατέσχε
2396 4557 2495 4626 τὴν
2521 4557 2646 4627 γῆν,
2680 4553 2863 4624 πολλῷ
2891 4553 3089 4625 μᾶλλον
3123 4554 3282 4623 ἡμεῖς
3313 4551 3529 4614 πλείους
3562 4549 3717 4610 ὄντες

443 4653 605 4704 mus,
652 4640 831 4710 ipsius
875 4651 1160 4712 compotes
1209 4643 1442 4700 erimus.
1491 4641 1794 4715 Oportebat
1838 4655 2027 4700 autem

445 4727 612 4785 simul
645 4733 865 4789 novisse
895 4733 1130 4789 Abraha:
1158 4736 1420 4791 virtutem
1443 4777 1459 4804 ,
1493 4753 1768 4807 suumque
1791 4736 1987 4792 vitium
2011 4773 2029 4801 ,

447 4835 629 4891 neque
657 4824 1003 4880 multitudini
1030 4824 1352 4893 conlidere,
1386 4828 1481 4882 sed
1516 4826 1796 4899 justitiam
1843 4826 2034 4895 inqui-

445 4927 591 4969 rere.
639 4913 820 4981 Quare
877 4919 1043 4973 etiam
1097 4917 1368 4975 Dominus
1418 4919 1564 4974 banc
1611 4920 1751 4989 ipsis
1801 4917 2034 4973 adhibet

448 5006 857 5063 correctionem
891 5028 905 5065 :

517 5094 685 5153 Vens.
725 5101 819 5167 25,
858 5102 948 5156 26.
982 5100 1273 5173 Propterea
1310 5106 1397 5158 die
1427 5104 1504 5157 eis
1529 5117 1548 5156 :
1580 5100 1708 5157 llazc
1729 5100 1860 5155 dicit
1886 5101 2030 5156 Ado-

450 5188 539 5244 nai
572 5188 871 5247 Dominus:
901 5192 1040 5262 Quia
1070 5197 1383 5268 sanguinem
1423 5193 1700 5250 comeditis
1719 5234 1736 5262 ,
1765 5203 1814 5249 et
1841 5196 2027 5249 oculos

2133 4647 2337 4719 ταύτης
2382 4649 2620 4719 ἐσόμεθα
2669 4642 2870 4718 κύριοί.
2920 4646 3071 4699 Ἔδει
3120 4645 3176 4699 δὲ
3212 4644 3441 4699 συνιδεῖν
3481 4642 3571 4695 καὶ
3618 4638 3717 4692 τοῦ

2148 4738 2400 4811 Ἀϐραὰμ
2428 4739 2527 4809 τὴν
2550 4738 2749 4810 ἀρετὴν
2799 4738 2894 4791 καὶ
2919 4736 3017 4808 τὴν
3048 4738 3252 4790 οἰκείαν
3279 4736 3496 4799 κακίαν,
3521 4732 3613 4785 καὶ
3638 4731 3716 4802 μὴ

2137 4830 2333 4902 πλήθει
2361 4830 2608 4902 θαρρεῖν,
2648 4830 2782 4884 ἀλλὰ
2811 4828 3161 4900 δικαιοσύνην
3209 4827 3507 4895 ἐπιζητεῖν.
3557 4823 3717 4877 Ὅθεν

2138 4921 2234 4973 καὶ
2294 4920 2324 4972 ό
2391 4919 2666 4990 Δεσπότης
2750 4918 2942 4974 τοῦτον
3009 4921 3194 4983 αὐτοῖς
3263 4917 3563 4989 προσφέρει
3626 4913 3720 4967 τὸν

2137 5012 2359 5083 ἔλεγχον
2389 5026 2400 5042 ο

2216 5110 2316 5169 κε’,
2350 5101 2465 5169 κζ’.
2519 5103 2621 5159 Διά
2668 5104 2843 5159 τοῦτο
2887 5101 3022 5157 εἰπὲ
3058 5100 3263 5167 αὐτοῖς
3293 5119 3306 5131 ·
3363 5098 3507 5153 Τάδε
3553 5096 3720 5166 λέγει

2149 5195 2399 5252 Ἀδωνατ
2427 5197 2642 5266 Κύριος
2659 5213 2673 5226 ·
2725 5194 2964 5265 Ἐπειδὴ
2986 5195 3034 5227 ’³
3064 5193 3169 5249 τοῦ
3190 5193 3436 5263 αἵματος
3462 5190 3715 5257 ἐσθίετε,

1757 5372 1994 5428 νΑῐιιΑε
2028 5371 2419 5430 LECTIONES
3560 5438 3579 5449 κ

523 5462 567 5495 ³⁸
617 5462 830 5519 Ἀκούσ.
859 5496 928 5507 -
957 5466 1186 5520 εὐθεῖαι.
1232 5466 1359 5521 Haec
1398 5464 1518 5519 des.
1575 5463 1718 5533 apud
1762 5461 1904 5518 LXX
1944 5470 1999 5517 et

2131 5465 2169 5519 A
2203 5474 2257 5520 et
2304 5465 2476 5520 Hebr.
2531 5461 2999 5533 Pertinentcnim
3036 5463 3103 5517 ad
3149 5464 3326 5517 locum
3364 5458 3713 5533 parallelum.

394 5594 397 5597 .
451 5546 573 5601 Cap.
607 5549 736 5587 xvm
767 5575 782 5595 ,
1024 5533 1236 5657 "lci.
1268 5550 1391 5590 esse
1424 5533 1636 5588 videtur
1666 5534 1752 5604 δή.

454 5602 600 5657 llebr
631 5624 646 5657 ;
683 5604 776 5657 sed
809 5605 979 5657 ednio
1017 5617 1170 5657 onor
1236 5603 1326 5657 ab.
1356 5603 1664 5657 δωδεκάτω.

454 5602 600 5673 ΙΑιειιι·
631 5624 646 5667 ,
683 5604 776 5658 sed
809 5604 979 5657 editio
1017 5603 1170 5672 prior
1197 5602 1326 5673 hab.
1356 5603 1664 5673 δωδεκάτῳ.

1856 5536 1900 5566 ’⁸
1938 5533 1984 5585 Α
2012 5535 2070 5585 ὲν
2095 5536 2217 5597 ταῖς
2246 5534 2406 5599 ὁδοῖς.

1768 5603 1810 5637 ⁸⁵
1849 5603 2012 5657 ἑάλω.
2055 5605 2136 5659 Ita
2166 5607 2212 5657 A
2236 5613 2387 5659 recte
2424 5601 2591 5657 Sirm.
2627 5601 2891 5656 ἑάλωκεν.

451 5670 495 5754 ᾼ
528 5673 658 5754 πρὶν
680 5674 854 5754 ἐλθεῖν
878 5670 1076 5754 αὐτόν..
1138 5673 1268 5754 “AA
1299 5670 1640 5754 ἀνοιχθέντος
1659 5673 1751 5754 τοῦ
1782 5673 2059 5754 στόματός·
2076 5692 2200 5754 μου.
2279 5676 2324 5705 ’³
2343 5673 2584 5754 ταύτας.
2615 5672 2742 5754 Des.
2756 5672 2830 5754 ,ξπ
2860 5672 2928 5725 Α.

2505 5534 2547 5565 ⁸⁷
2588 5534 2633 5585 Α
2664 5531 2917 5602 ἐγενήθη.
2977 5577 2980 5580 .
3034 5534 3077 5565 ¹⁸
3113 5529 3452 5602 δεκάτῳᾙΙιιι
3488 5529 3711 5602 A_j_uxta

2992 5603 3209 5675 ὀχπρξν
3328 5598 3712 5675 ἀνασωθέντα.

3041 5673 3088 5742 ξ³
3123 5668 3354 5742 ’Ἐπειδὴ
3384 5700 3455 5711 --
3486 5668 3713 5742 κληρον.

452 5740 515 5815 Δ.
536 5738 659 5815 Ἐπὶ
679 5741 757 5811 τῷ
788 5740 981 5815 αἵματι
1009 5742 1278 5810 φάγεσοαι
1304 5741 1398 5795 καὶ
1420 5738 1735 5813 δφθαλμοὺς
1775 5738 1928 5815 ὑμῶν
1963 5738 2228 5814 λήψεσθαι
2264 5743 2400 5814 πρὸς
2442 5741 2635 5798 εἴδωλα
2667 5741 2825 5813 ὑμῶν
2866 5742 2960 5796 καὶ
3000 5738 3140 5814 αἷμα
3184 5738 3394 5813 ἐκχεῖτε
3417 5781 3431 5807 ,
3481 5740 3574 5794 καὶ
3602 5738 3715 5808 τὴν

453 5809 554 5880 γῆν
585 5809 1025 5882 κληρονομήσητε
1045 5829 1060 5878 ;
