4116 6414
382 434 519 500 1149

1387 433 1390 436 ’
1433 432 1514 491 ΙΝ
1555 429 1995 491 smel-unus
2033 428 2189 488 CAP.
2232 401 2505 488 xxxiii.

3489 426 3624 490 1150

378 546 479 599 καί
523 543 660 609 τοὺς
717 542 1062 614 ὀφθαλμοὺς
1093 542 1258 614 ὑμῶν
1283 542 1476 610 αἴρετε
1526 545 1609 607 είς
1639 543 1711 596 τὰ
1740 541 1958 595 είδωλα

2063 549 2258 593 vestros
2284 539 2533 593 attollitis
2562 538 2631 591 ad
2655 538 2800 590 idola
2832 546 3022 598 rostra,
3051 546 3099 590 ct
3123 534 3429 604 sanguinem
3455 535 3626 604 effun-

374 637 564 708 ὑμῶν,
607 637 703 690 καί
751 632 894 706 αἷμα
927 637 1185 705 ἐκχέετε,
1234 636 1331 688 καί
1366 636 1479 701 τὴν
1513 633 1633 704 τῆν
1661 637 1950 700 κληρονο-

372 729 632 798 μήσετεξ
657 727 905 796 Ἕστητε
925 727 1022 780 ἐπὶ
1047 725 1157 794 τῆς
1172 725 1466 794 ῥομφαίας
1482 724 1525 756 ³⁸
1549 723 1733 793 ὑμῶν,
1752 717 1952 786 ἐποιή-

378 835 529 874 σατε
569 817 1036 886 βδελύγματα²⁸,
1100 817 1201 871 καί
1241 816 1498 880 ἕκαστος
1538 815 1653 881 τὴν
1699 811 1954 882 γυναῖκα

379 909 486 962 τοῦ
505 909 772 974 πλησίον
790 909 978 962 αὑτοῦ
994 908 1039 940 ³⁸
1061 907 1356 977 ἐμιάνατε,
1380 906 1476 960 καὶ
1503 906 1618 972 τὴν
1638 904 1754 974 γῆν
1779 917 1955 957 κατα-

379 999 873 1068 κληρονομήσετε
891 1001 934 1032 ⁸⁷
959 1015 978 1062 ;
1011 1000 1134 1062 Τοῖς
1165 997 1422 1064 οἰκείοις,
1444 996 1600 1067 φησὶ,
1629 993 1955 1067 θαρροῦντες

379 1093 566 1158 ἔργοις
602 1089 851 1152 ἐλπίζετε
880 1089 981 1158 τῆς
1019 1087 1281 1158 πατρῴας
1323 1087 1618 1157 κρατήσειν
1666 1084 1771 1152 γῆς
1793 1099 1807 1112 ·
1859 1081 1955 1135 καὶ

383 1179 492 1248 μὴν
520 1179 836 1248 παράνομος
878 1176 1034 1248 ὑμῶν
1057 1179 1086 1231 ὁ
1115 1177 1248 1246 βίος.
1289 1176 1356 1229 τὰ
1396 1175 1504 1244 γὰρ
1532 1171 1956 1244 ἀπηγορευμένα

378 1269 459 1336 τῷ
483 1268 634 1338 νόμῳ
673 1268 875 1337 δρᾶτε’
925 1263 1065 1339 αἷμα
1111 1267 1211 1339 μὲν
1241 1267 1350 1338 γὰρ
1380 1265 1606 1329 ἐσθίετε,
1655 1263 1684 1316 ὃ
1733 1263 1828 1316 καὶ
1879 1259 1958 1332 τῷ

380 1353 507 1408 Νῶε
555 1354 862 1424 νομοθετῶν
907 1355 1282 1426 ἀπηγόρευσα,
1328 1356 1425 1408 καὶ
1469 1352 1557 1406 διὰ
1589 1353 1830 1414 Μωσέως
1861 1352 1956 1404 ἐκ·

380 1444 595 1515 χεῖσθαι
624 1446 720 1497 ἐπὶ
748 1445 845 1515 τὴν
877 1447 980 1516 γῆν
1008 1445 1316 1517 προσέταξα
1341 1462 1354 1476 ·
1388 1445 1488 1516 τὴν
1512 1444 1569 1498 δὲ
1593 1443 1702 1497 τῶν
1726 1443 1958 1497 εἰδώλων

381 1531 678 1604 θεραπείαν
715 1534 844 1604 περὶ
884 1534 1080 1587 πολλοῦ
1111 1533 1369 1597 ποιεῖσθε,
1406 1531 1740 1602 μιαιφονίαις
1776 1548 1836 1584 τε
1868 1531 1960 1584 καὶ

385 1623 651 1692 μοιχείαις
677 1625 1004 1694 κεχρημένοι
1027 1625 1338 1678 διατελεῖτε.
1368 1623 1608 1678 Τοιαῦτα
1633 1623 1811 1677 τοίνυν
1840 1623 1962 1677 τολ-

383 1711 595 1782 μῶντες
625 1713 701 1783 μὴ
731 1713 981 1779 ἐλπίζετε
1011 1714 1418 1786 κληρονομῆσαι
1454 1715 1554 1785 τὴν
1584 1714 1710 1784 γῆν.

454 1827 558 1892 κζ’,
589 1833 694 1896 κη’.
743 1826 886 1881 Τάδε
916 1825 1077 1896 λέγει
1123 1827 1361 1881 Ἀδωναῒ
1402 1828 1648 1894 Κύριος·
1691 1825 1784 1880 Ζῶ
1824 1825 1958 1896 ἐγὼ,

379 1922 436 1974 εί
460 1918 544 1989 μὴ
564 1919 610 1951 ⁸⁸
643 1920 698 1973 οἱ
720 1919 792 1972 ἐν
815 1917 947 1985 ταῖς
981 1917 1396 1987 ἡρημωμέναις
1425 1918 1754 1972 πεσοῦνται
1772 1919 1817 1950 ²⁹
1845 1934 1958 1987 μα-

381 2012 582 2081 χαίρᾳ,
636 2009 737 2064 καὶ
788 2012 843 2063 ol
884 2009 984 2064 ἐπὶ
1033 2008 1358 2076 προσώπου
1409 2009 1515 2062 τοῦ
1568 2008 1780 2063 πεδίου
1832 2008 1959 2075 τοῖς

380 2103 606 2170 θηρίοις
628 2100 736 2156 τοῦ
760 2101 946 2170 ἀγροῦ
971 2099 1332 2168 δοθήσονται
1350 2100 1437 2164 είς
1462 2097 1833 2167 κατάθρωμα,
1859 2099 1958 2153 καὶ

379 2191 525 2259 τοὺς
573 2192 644 2246 ἐν
683 2191 810 2258 ταῖς
867 2189 1356 2259 τετειχισμέναις,
1395 2189 1494 2244 καὶ
1535 2191 1676 2257 τοὺς
1720 2191 1793 2244 ἐν
1835 2191 1960 2257 τοῖς

378 2285 705 2352 σπηλαίοις
732 2283 962 2350 θανάτῳ
990 2281 1322 2339 ἀποκτενῶ.
1351 2282 1463 2337 Kal
1493 2281 1666 2336 δώσω
1701 2283 1818 2351 τὴν
1843 2284 1962 2355 γῆν

382 2378 475 2442 εἰς
513 2377 750 2444 ἔρημον.
782 2374 903 2428 Τῶν
927 2374 1232 2445 εἰρημένων
1265 2376 1300 2444 ἡ
1348 2373 1547 2443 σφαγίς
1579 2373 1660 2439 τὸ,
1687 2374 1778 2427 Ζῶ
1808 2374 1920 2442 ἐγώ
1940 2391 1954 2406 ο

380 2467 530 2534 λέγει
553 2466 802 2539 ὅτι³¹ᾓκαί
826 2466 877 2518 οἰ
900 2465 997 2529 τὰς
1019 2465 1430 2536 τετειχισμένας
1455 2465 1635 2530 πόλεις
1661 2465 1957 2531 οἰκοῦντες,

381 2557 480 2610 καὶ
510 2557 562 2608 οἰ
589 2555 658 2608 τὰ
683 2556 940 2626 σπήλαια,
969 2557 1133 2609 καὶοὶ
1161 2557 1290 2622 τοὺς
1333 2559 1572 2629 ἐρήμους
1602 2557 1819 2620 τόπους,
1859 2558 1959 2622 τὰς

382 2647 784 2718 προειρημένας
809 2647 1019 2702 τίσουσι
1047 2650 1336 2720 τιμωρίας.
1368 2649 1478 2703 Καὶ
1507 2647 1606 2718 τὴν
1635 2648 1815 2702 αἰτίαν
1847 2647 1956 2701 δει-

380 2741 515 2804 κνὺς
549 2741 744 2808 ἐπάγει
760 2759 775 2771 ·

453 2856 562 2908 Kal
589 2855 898 2910 ἀπολεῖται
926 2858 965 2925 ἠ
996 2857 1164 2924 ὕϐρις
1199 2855 1310 2926 τῆς
1355 2858 1570 2926 ἰσχύος
1608 2856 1820 2925 αὐτῆς,
1858 2855 1959 2909 καί

376 2945 819 3014 ἐρημωθήσεται
864 2947 938 3000 τὰ
991 2946 1100 3014 ὄρη
1149 2948 1258 3001 τοῦ
1325 2949 1576 3014 Ἰσραὴλ
1635 2947 1796 3015 παρὰ
1811 2947 1854 2978 ³¹
1893 2945 1961 2999 τὸ

378 3037 462 3104 μὴ
508 3031 660 3091 εῖναι
715 3037 1242 3106 διαπορευόμενον.
1297 3037 1429 3108 (κθ’)
1480 3037 1592 3091 Kal
1627 3036 1965 3105 γνώσονται

380 3127 473 3182 ὅτι
502 3127 618 3196 ἐγὼ
645 3128 996 3198 Κύριοςοκαί
1017 3129 1251 3195 ποιήσω
1285 3129 1403 3197 τὴν
1435 3129 1554 3200 γῆν
1596 3127 1795 3182 αὐτῶν
1824 3127 1962 3195 ἐρη-

2051 633 2202 698 ditis,
2233 650 2356 686 num
2391 644 2584 687 terram
2615 631 2923 686 lia'rcditate
2957 629 3285 683 obtinebitis?
3312 627 3545 681 Stetistis
3573 629 3625 679 in

2051 723 2230 793 gladio
2257 734 2447 787 uestro,
2476 724 2678 792 fecistis
2707 720 3154 784 abominationes,
3199 728 3248 772 et
3275 718 3627 785 unusquisque

2053 831 2269 869 uxorem
2293 817 2521 884 proximi
2548 817 2631 868 sui
2665 814 2930 884 polluistis
2951 854 2965 878 ,
2997 820 3046 865 et
3083 821 3278 864 terram
3319 807 3630 864 lucreditate

2055 906 2354 961 obtinebitis
2381 907 2406 960 ε’
2433 905 2681 975 Propriis
2703 945 2717 971 ,
2749 906 2962 972 inquit,
2993 901 3332 957 conﬁdentes
3367 901 3628 970 operibus

2056 999 2298 1072 speratis
2326 998 2506 1068 patria
2537 1011 2638 1052 vos
2682 1005 2826 1050 terra
2860 994 3169 1064 potituros,
3201 1001 3257 1048 et
3288 1003 3470 1047 tamen
3503 1006 3628 1048 sce-

2056 1091 2224 1145 lerata
2253 1094 2341 1143 est
2381 1094 2570 1140 vestra
2606 1084 2760 1150 vita;
2795 1097 2858 1138 ea
2892 1083 3038 1136 enim
3080 1081 3264 1137 facitis
3287 1121 3304 1147 ,
3347 1097 3470 1151 qua:
3511 1081 3630 1151 lege

2057 1179 2212 1235 vobis
2253 1177 2550 1233 interdicta
2583 1182 2749 1230 sunt:
2783 1173 2987 1243 quippe
3025 1173 3350 1240 sanguinem
3385 1171 3628 1226 comedi-

2057 1271 2164 1334 tis,
2207 1267 2356 1339 quod
2395 1267 2571 1337 legem
2614 1264 2799 1318 ferens
2838 1262 3063 1316 Noacho
3107 1260 3400 1324 interdixi,
3444 1267 3500 1314 et
3533 1275 3630 1329 per

2059 1359 2248 1414 Mosen
2275 1359 2332 1413 in
2359 1366 2567 1412 terram
2598 1354 2806 1410 effundi
2835 1353 3070 1423 βιωθερί
3099 1370 3112 1407 :
3139 1358 3194 1407 et
3219 1349 3490 1404 idolorum
3515 1349 3632 1403 cul-

2059 1459 2174 1505 tum
2206 1448 2435 1520 plurimi
2470 1446 2686 1506 facitis,
2733 1451 2788 1498 et
2830 1443 3007 1498 caedes
3053 1449 3221 1510 atque
3257 1439 3505 1495 adultera
3537 1453 3633 1508 pa-

2062 1549 2213 1596 trare
2239 1537 2636 1609 perseveratis.
2670 1534 2797 1589 Haec
2826 1533 3000 1604 igitur
3022 1532 3287 1587 audentes
3315 1531 3484 1585 nolite
3510 1541 3629 1598 spe-

2062 1644 2185 1684 rare
2217 1642 2318 1684 vos
2349 1634 2554 1683 terram
2589 1623 2916 1679 haereditate
2949 1635 3313 1692 possessuros
3344 1633 3490 1675 esse.

2135 1823 2302 1877 Vens.
2341 1822 2432 1886 27,
2461 1820 2552 1876 28.
2600 1819 2729 1874 Ηιυι·
2755 1820 2882 1873 dicit
2909 1817 3119 1873 Δάοηαί
3147 1815 3436 1870 Dominus:
3459 1813 3633 1880 Quam

2062 1929 2172 1967 cere
2201 1927 2293 1980 ego
2316 1910 2451 1974 vivo,
2479 1909 2569 1979 qui
2599 1908 2654 1961 in
2677 1906 2896 1962 desertis
2926 1915 3070 1970 sunt,
3100 1903 3289 1959 cadent
3320 1902 3529 1972 gladio,
3582 1912 3631 1954 et

2059 2005 2148 2074 qui
2193 2006 2248 2056 in
2287 2002 2424 2071 facie
2465 2000 2640 2070 campi
2679 2007 2830 2064 sunt,
2875 1998 3054 2052 bestiis
3096 1997 3212 2063 agri
3247 1995 3525 2049 tradentur
3562 1993 3630 2045 ad

2059 2097 2443 2152 devorationem
2469 2132 2484 2158 ,
2531 2101 2582 2147 et
2631 2108 2718 2147 eos
2761 2091 2851 2161 qui
2891 2089 3086 2159 fuerint
3125 2089 3180 2142 in
3222 2085 3439 2140 urbibus
3483 2101 3634 2138 nmro

2059 2189 2312 2261 munitis,
2353 2194 2403 2242 et
2441 2187 2497 2239 in
2536 2183 2835 2253 speluncis,
2883 2189 3052 2236 morte
3089 2179 3427 2248 interﬁciant.
3470 2177 3630 2246 961

2065 2281 2134 2336 Et
2165 2279 2406 2349 redigam
2435 2286 2632 2330 terram
2664 2276 2718 2329 in
2762 2273 3125 2329 solitudinem.
3162 2269 3364 2324 Eorum
3411 2282 3531 2337 quae
3559 2269 3636 2318 di-

2059 2380 2145 2427 cta
2177 2378 2308 2425 sunt
2337 2366 2656 2438 obsignatio
2704 2374 2788 2421 est
2832 2363 3075 2418 formula
3099 2402 3114 2427 ,
3155 2359 3278 2414 Vivo
3307 2375 3400 2429 ego
3425 2372 3444 2410 :
3470 2365 3524 2412 ct
3548 2371 3636 2411 as-

2060 2463 2232 2527 serit,
2279 2475 2374 2515 eos
2423 2459 2517 2529 qui
2567 2471 2728 2527 muro
2776 2455 3024 2509 munitas
3075 2451 3382 2506 incolerent
3434 2448 3634 2509 urbes,

2060 2556 2265 2623 quique
2291 2550 2348 2605 in
2384 2551 2408 2624 ,θ
2447 2545 2732 2618 speluncis
2773 2552 2828 2598 et
2873 2542 3114 2598 desertis
3156 2540 3297 2594 locis
3336 2539 3634 2608 degerent,

2061 2643 2229 2699 modo
2256 2641 2434 2697 dictas
2463 2653 2657 2710 poenas
2687 2651 2812 2692 esse
2841 2634 3252 2706 persoluturos.
3287 2629 3639 2697 Causamque

2061 2732 2364 2790 ostendens
2385 2771 2398 2796 ,
2431 2729 2662 2797 subiicit
2691 2745 2705 2781 :

2135 2846 2204 2900 Et
2238 2844 2425 2916 peribit
2465 2842 2784 2898 contumelia
2824 2840 3027 2894 roboris
3060 2838 3196 2907 ejus,
3229 2845 3279 2892 et
3315 2832 3642 2889 desolabun-

2065 2949 2151 2993 tur
2180 2945 2378 2991 montes
2403 2917 2648 2996 Israelis,
2692 2949 2750 2987 eo
2794 2929 2932 3002 quod
2981 2946 3085 2983 non
3133 2929 3202 2982 sit
3255 2925 3640 2996 pertransiens,

2065 3029 2252 3099 (Vsus.
2289 3027 2406 3097 29.)
2436 3024 2506 3080 Et
2539 3032 2870 3095 cognoscent,
2899 3038 2979 3076 me
3013 3036 3124 3074 esse
3148 3019 3455 3080 Dominum,
3485 3025 3533 3069 et
3558 3014 3648 3083 fa-

2064 3121 2202 3177 ciam
2235 3129 2429 3174 terram
2459 3118 2695 3186 ipsorum
2725 3114 3013 3178 desertam,
3059 3121 3108 3166 et
3147 3108 3479 3165 desolabitur
3519 3121 3644 3174 pro-

378 3236 519 3286 μον,
536 3194 634 3272 real
663 3194 1107 3289 ἐρημωθήσεται
1135 3194 1236 3276 διὰ
1258 3194 1457 3275 πάντα
1479 3194 1554 3275 τὰ
1571 3194 1961 3288 ,βδελύτματα

2068 3222 2183 3281 pter
2209 3224 2384 3264 omnes
2417 3206 2838 3261 abominationcs
2867 3218 3049 3258 eorum
3094 3217 3226 3272 quas
3254 3203 3510 3268 fecerunt.
3546 3194 3646 3249 llis

379 3308 584 3364 αὐτῶν
608 3310 648 3365 d
672 3311 997 3380 ἐποίησαν.
1026 3312 1126 3366 Διὰ
1159 3313 1377 3367 πάντων
1399 3313 1642 3366 κάκεῖνοι
1674 3310 1770 3364 καὶ
1799 3310 1964 3379 ἡμεῖς

381 3403 765 3478 ἐδιδάχθημεν,
795 3406 1115 3478 παρανομίᾳ
1139 3405 1431 3470 συζῶντες,
1461 3404 1595 3476 μηδὲ
1619 3401 1842 3463 πολλαῖς
1869 3401 1964 3454 καὶ

380 3497 618 3568 ἀριθμοῦ
659 3498 932 3569 κρείττοσι
962 3497 1190 3568 μυριάσι
1235 3497 1457 3569 θαρρεῖν
1483 3513 1497 3527 ·
1542 3493 1720 3565 μόνοις
1759 3493 1816 3546 δέ
1851 3495 1964 3557 τοῖς

381 3589 484 3658 τῆς
539 3590 830 3658 μετανοίας
876 3589 1232 3662 φαρμάκοις,
1263 3587 1300 3642 ἃ
1359 3584 1651 3658 προλαϐὼν
1700 3582 1902 3651 ἔδειξεν
1933 3583 1963 3637 ὁ

383 3680 662 3750 Δεσπότης
675 3722 686 3734 .

456 3789 520 3854 λ’,
545 3791 647 3844 λα’.
681 3789 791 3845 Kal
825 3791 930 3856 σὺ,
964 3790 1058 3846 υίὲ
1082 3790 1417 3859 ἀνθρώπου,
1445 3791 1499 3843 οἰ
1524 3789 1643 3843 υίοί
1672 3788 1779 3843 τοῦ
1806 3786 1962 3844 λαοῦ

382 3897 503 3935 σου
524 3881 872 3948 λαλήσουσι
890 3883 934 3914 ³³
958 3883 1089 3952 περὶ
1124 3881 1240 3936 σοῦ
1271 3881 1430 3949 παρὰ
1459 3879 1601 3944 τοὺς
1637 3880 1877 3949 τοίχους
1893 3879 1960 3943 ³⁸,

381 3971 486 4024 καί
503 3972 572 4024 ἐν
589 3971 714 4037 τοῖς
735 3971 973 4027 πυλῶσι
993 3971 1112 4026 τῶν
1137 3971 1362 4033 οἰκιῶν,
1389 3971 1487 4023 καί
1507 3968 1897 4036 λαλήσουσιν
1915 3968 1961 4000 ³⁸

382 4060 642 4126 ἕκαστος
665 4060 710 4093 ³⁸
731 4059 812 4126 τῷ
869 4061 1139 4129 πλησίον
1186 4059 1374 4114 αὑτοῦ
1400 4099 1414 4122 ,
1440 4057 1543 4110 καὶ
1593 4056 1854 4121 ἕκαστος
1883 4054 1963 4121 τῷ

387 4149 628 4218 ἀδελφῷ
664 4151 873 4214 αὑτοῦ,
891 4151 1173 4222 λέγοντες
1195 4167 1210 4180 '
1229 4148 1637 4218 Συνέλθωμεν,
1668 4147 1767 4202 καί
1785 4147 1964 4200 ἀκού-

375 4258 588 4310 σωμεν
618 4245 676 4297 τί
706 4245 772 4298 τὸ
803 4243 968 4313 ῥῆμα
991 4244 1055 4297 τὸ
1085 4245 1563 4313 ἐκπορευόμενον
1591 4241 1635 4273 ⁸⁷
1664 4240 1824 4308 παρὰ
1849 4243 1963 4292 Κυ-

383 4333 539 4399 ρίου.
560 4333 672 4386 Καί
691 4335 966 4403 ἔρχονται
988 4335 1138 4403 πρὸς
1159 4336 1254 4400 σὲ,
1272 4334 1352 4398 ὡς
1380 4333 1764 4401 ἐκπορεύεται
1789 4329 1959 4394 λαός,

384 4422 490 4476 καί
536 4422 787 4491 κάθηται
825 4423 1081 4479 ἐνώπιόν
1131 4443 1248 4479 σου
1288 4425 1334 4457 ³⁸
1375 4427 1409 4479 ό
1445 4423 1595 4490 λαός
1655 4441 1775 4493 μου
1808 4461 1822 4485 ,
1863 4421 1963 4475 καὶ

384 4513 682 4567 ἀκούουσι
718 4513 791 4568 τὰ
805 4514 1043 4584 ῥήματά
1067 4531 1204 4578 σου,
1235 4514 1337 4569 καὶ
1375 4516 1446 4569 οὺ
1480 4513 1565 4583 μὴ
1596 4513 1962 4578 ποιήσουσιν
1998 4531 2039 4586 ι)

385 4602 543 4656 αὑτά
561 4603 625 4658 ³⁸.
654 4604 734 4657 Τὰ
770 4605 867 4675 μὲν
906 4600 1000 4658 οῦν
1051 4607 1424 4676 προειρημένα
1460 4605 1635 4658 πάντα
1683 4604 1811 4674 περὶ
1855 4601 1965 4655 τῶν

386 4695 448 4745 ἐν
485 4695 552 4764 τῇ
598 4694 827 4764 Ἰουδαίᾳ
855 4697 1058 4767 ἐρρέθη
1093 4715 1107 4729 ο
1145 4697 1317 4750 ταῦτα
1355 4696 1413 4750 δέ
1460 4696 1588 4766 περὶ
1616 4694 1725 4748 τῶν
1765 4695 1964 4764 αἰχμα-

387 4782 574 4837 λώτων
599 4785 700 4855 ήδη
729 4788 1132 4856 γεγενημένων,
1167 4788 1261 4841 καὶ
1292 4787 1392 4857 τὴν
1421 4785 1718 4839 Βαὸυλῶνα
1753 4784 1965 4837 οἰκούν-

387 4891 518 4940 των,
541 4875 590 4927 οἰ
612 4875 832 4928 ἀκούειν
871 4879 969 4946 μὲν
1011 4877 1294 4931 ἐϐούλοντο
1330 4877 1438 4930 τῶν
1486 4875 1840 4946 προφητικῶν
1877 4875 1963 4927 λο-

388 4961 548 5028 γίων,
573 4961 859 5016 πείθεσθαι
879 4964 936 5018 δὲ
988 4968 1102 5029 τοῖς
1148 4965 1460 5035 λεγομένοις
1495 4966 1596 5018 οὐκ
1628 4965 1728 5029 ἔτι,
1767 4963 1880 5016 ἀλλ’
1904 4964 1963 5016 ἐν

386 5054 504 5114 τοῖς
553 5053 762 5107 ἐαυτῶν
821 5056 1098 5124 συλλόγοις
1150 5059 1403 5129 ἀλλήλοις
1463 5058 1961 5128 παρακελευόμενοι

390 5142 528 5212 πρὸς
554 5144 647 5196 τὸν
677 5148 965 5216 προφήτην
1006 5148 1252 5218 δραμεῖν,
1285 5149 1376 5201 καὶ
1407 5147 1599 5218 μαθεῖν
1634 5147 1701 5199 τὰ
1732 5146 1835 5199 ὑπὸ
1864 5145 1958 5198 τοῦ

388 5232 524 5286 Θεοῦ
550 5235 967 5305 διηγορευμένα,
986 5238 1357 5306 ἀντιλέγοντες
1377 5238 1643 5291 διετέλουν
1665 5255 1676 5267 ·
1713 5237 1794 5289 διό
1828 5253 1959 5306 φησι

2064 3301 2322 3357 omnibus
2349 3308 2404 3354 et
2442 3298 2520 3353 illi
2565 3305 2620 3352 et
2653 3311 2756 3352 nos
2785 3294 2882 3365 qui
2917 3293 3186 3350 scelerate
3226 3289 3488 3351 vivimus,
3515 3286 3643 3342 edo-

2064 3392 2136 3449 cti
2169 3404 2386 3453 sumus,
2429 3401 2501 3442 ne
2535 3385 2725 3441 multis
2771 3383 2993 3454 quidem
3041 3391 3095 3438 et
3143 3375 3645 3434 innumerabilibus

2064 3497 2167 3538 nos
2190 3479 2468 3537 conﬁdere
2497 3483 2754 3548 oportere
2776 3475 3063 3530 hominum
3090 3471 3357 3533 millibus,
3383 3468 3479 3524 sed
3506 3467 3642 3521 solis

2065 3572 2401 3645 paenitentia:
2456 3565 2720 3624 remediis
2784 3578 2908 3638 qua:
2977 3562 3092 3633 jam
3158 3569 3320 3615 antea
3374 3557 3642 3612 Dominus

2064 3662 2326 3721 ostendit.

2133 3774 2304 3830 Vens.
2344 3771 2449 3837 50,
2490 3771 2580 3826 5|.
2635 3768 2702 3823 Et
2733 3777 2812 3834 tu,
2841 3767 2923 3837 fili
2953 3765 3205 3831 hominis,
3236 3760 3532 3831 ﬁliipopuli
3567 3759 3645 3812 tui

2063 3870 2342 3940 loquentur
2359 3867 2422 3919 de
2455 3874 2503 3918 te
2514 3864 2676 3932 juxta
2705 3861 2958 3930 parietes,
2981 3868 3031 3913 et
3061 3860 3116 3914 in
3141 3857 3293 3912 ostiis
3323 3854 3600 3925 domorum
3624 3866 3644 3906 :

2061 3970 2108 4014 et
2151 3959 2431 4028 loquentur
2459 3953 2814 4022 unusquisque
2852 3951 3092 4018 proximo
3127 3964 3244 4012 suo,
3282 3957 3332 4000 et
3365 3944 3645 4014 unusquis-

2062 4067 2158 4121 que
2189 4047 2350 4117 fratri
2371 4062 2487 4110 suo,
2513 4044 2742 4098 dicentes
2769 4057 2787 4095 :
2819 4041 3260 4110 Congrediamur,
3287 4047 3335 4091 et
3361 4035 3643 4090 audiamus

2061 4140 2324 4211 quodnam
2357 4137 2426 4190 sit
2459 4134 2670 4189 uerbum
2707 4131 2976 4201 egrediens
3012 4147 3045 4183 a
3087 4129 3333 4182 Domino.
3357 4155 3422 4165 -—
3456 4125 3523 4178 Et
3555 4141 3642 4178 ve—

2063 4231 2216 4285 niunt
2238 4227 2308 4282 ad
2340 4237 2409 4289 te,
2441 4223 2600 4278 sicuti
2635 4221 2902 4292 egreditur
2927 4220 3172 4288 populus,
3201 4228 3250 4270 et
3296 4215 3437 4271 sedet
3464 4229 3643 4268 coram

2065 4329 2112 4374 te
2135 4316 2358 4388 populus
2387 4329 2553 4376 meus,
2577 4321 2624 4366 et
2655 4309 2880 4364 audiunt
2909 4309 3064 4364 verba
3089 4318 3203 4370 tua,
3237 4316 3287 4360 et
3316 4322 3418 4359 non
3445 4305 3642 4373 facient

2063 4428 2147 4465 ea.
2182 4407 2377 4464 Omnia
2404 4405 2571 4476 igitur
2605 4417 2727 4473 quae
2755 4409 2882 4456 ante
2911 4401 3061 4454 dicta
3092 4406 3240 4462 sunt,
3269 4397 3334 4451 de
3361 4397 3428 4450 iis
3463 4396 3557 4463 qui
3585 4394 3638 4447 in

2064 4501 2250 4556 Judaza
2291 4504 2473 4559 erant,
2507 4493 2655 4548 dicta
2686 4501 2836 4558 sunt,
2883 4491 2998 4545 hate
3040 4504 3175 4543 vero
3206 4488 3272 4542 de
3308 4488 3376 4541 iis
3404 4485 3495 4554 qui
3528 4483 3640 4552 jam

2070 4590 2269 4661 captivi
2306 4585 2529 4642 abducti
2559 4583 2800 4645 fuerant,
2839 4590 2893 4636 et
2938 4579 3268 4650 Babylonem
3303 4573 3638 4633 incolebant,

2070 4682 2160 4753 qui
2195 4679 2382 4734 audire.
2409 4674 2628 4744 quidem
2675 4670 2968 4728 studebant
3015 4668 3408 4738 prophetarum
3449 4676 3643 4717 oracu-

2069 4775 2156 4839 la,
2193 4785 2300 4824 non
2339 4776 2518 4820 autem
2566 4765 2632 4818 iis
2666 4777 2790 4833 qua!
2835 4762 3175 4822 dicerentur,
3225 4758 3641 4824 obtemperare;

2068 4878 2255 4920 verum
2286 4861 2342 4914 in
2374 4859 2490 4914 suis
2510 4849 2766 4912 conciliis
2796 4861 2989 4907 mutuo
3014 4865 3135 4906 sese
3157 4847 3452 4908 cxhortati,
3477 4845 3642 4916 962

2067 4965 2126 5010 ut
2159 4953 2224 5008 ad
2261 4951 2582 5021 prophetam
2615 4951 2996 5006 occurrentes,
3029 4957 3150 5012 qua:
3181 4957 3208 4994 a
3250 4940 3356 4995 Deo
3378 4939 3641 5008 juberen-

2067 5057 2158 5102 tur
2206 5045 2505 5103 discerent,
2564 5051 2873 5107 repugnare
2928 5032 3378 5104 perseverabant.
3430 5027 3642 5081 Idcirco

2069 5139 2145 5191 ait
2179 5153 2192 5189 :
2224 5153 2242 5185 ι
2289 5131 2354 5184 Et
2383 5145 2492 5184 non
2537 5127 2745 5183 facient
2778 5142 2863 5182 ea.
2901 5125 3039 5191 Quia
3071 5122 3418 5178 mendacium
3457 5120 3511 5174 in
3545 5133 3642 5172 ore

2069 5230 2336 5297 ipsorum.
2365 5240 2383 5274 ›
2401 5218 2519 5274 Non
2542 5218 2841 5284 consentit,
2866 5215 3067 5286 inquit,
3101 5215 3283 5284 lingua
3305 5227 3429 5266 cum
3451 5209 3637 5265 corde.

1657 5405 1888 5462 VABlAB
1928 5403 2334 5460 LEC'l'lONES.

461 5498 507 5530 ’⁸
532 5500 590 5584 ,Α
611 5500 680 5584 Eii
718 5499 979 5584 ῥομφοείοές
1052 5502 1098 5584 ’,⁵
1135 5505 1180 5556 Α
1212 5503 1504 5584 ἢξέλυγμξι-
1588 5505 1634 5535 ’(⁸
1660 5502 1789 5584 τὴν.
1804 5529 1867 5540 ~—
1895 5502 2080 5584 αυτοῦ.
2115 5503 2158 5554 Α
2183 5501 2274 5554 τὸν
2303 5495 2531 5584 πλησίον
2559 5488 2742 5584 eiii-tofi.

1014 5573 1144 5643 μήν.
1184 5571 1278 5643 ί²⁹
1318 5571 1713 5643 πεσοῦνταιειη
1751 5571 1791 5624 Β
1828 5573 2047 5643 ponitur
2079 5571 2495 5643 postpaxaipq.

1887 5641 1931 5673 “
1968 5644 2013 5693 A
2043 5643 2109 5694 τὰ
2145 5642 2319 5708 τείχη.

389 5562 441 5637 ξ’,
480 5568 580 5637 μή.
612 5555 689 5621 uti
717 5555 905 5630 L's'ed
935 5555 980 5622 Β

388 5634 493 5707 δέ(
542 5634 604 5670 ﬁ"
642 5639 812 5707 παρὰ.
838 5639 884 5691 Α
912 5634 1026 5693 διά.“
1077 5634 1142 5674 ’³³
1181 5642 1301 5696 λαλ.
1335 5644 1376 5694 Α
1410 5643 1459 5694 οἰ
1490 5641 1795 5701 λαλοῦντες.

2820 5486 2864 5518 ’⁷
2907 5485 2950 5536 Α
2978 5451 3421 5553 κληρονομῆσετε-
3441 5477 3632 5538 οὕτως.

2575 5562 2620 5593 ³ο
2659 5561 2758 5621 εἰς.
2795 5555 2917 5610 Des.
2953 5553 3006 5606 in
3034 5550 3099 5605 Ᾱζ
3176 5550 3225 5583 ³²“
3257 5550 3426 5621 ὅτιηΒ
3451 5562 3632 5621 primu.

2415 5617 2544 5686 iis
2571 5617 2814 5682 ἐλάλουν.
2927 5623 2972 5654 ³ο
3011 5623 3199 5674 ἐκαστ.
3231 5651 3297 5660 -
3324 5618 3408 5670 ea.
3438 5617 3557 5669 αὐτ.
3593 5617 3632 5666 Α

389 5687 788 5782 ἄνθρωποςκὲῷ
818 5708 1032 5781 ἀδελφῷ
1060 5713 1259 5766 αὐτῶν.
1337 5714 1379 5746 ³⁷
1421 5715 1463 5765 Α
1497 5712 1562 5765 τὰ
1592 5687 2019 5782 ἐκποῇευόμενα.
2055 5687 2142 5742 m3“
2157 5687 2494 5777 liudbqvmt
2522 5698 2759 5756 ἐναντίον
2788 5712 2898 5750 sou.
2979 5693 3020 5724 ³³
3061 5690 3213 5744 αὑτά.
3253 5690 3307 5742 lu
3345 5687 3385 5737 Δ
3421 5687 3638 5756 ponitur

391 5783 521 5831 ante
548 5776 610 5831 οὺ
645 5776 740 5847 μὴ.
