4116 6424
420 446 557 510 “53

1434 428 1517 490 IN
1559 426 2003 488 EZECHIEIJS
2041 427 2198 488 CAP.
2239 430 2498 493 XXXIV.

3535 433 3671 498 1154

415 572 565 612 σατε
597 552 643 585 ⁸⁷
672 549 790 620 (καὶ
820 547 878 601 τὸ
914 546 1132 601 πάντων
1189 542 1612 614 χαλεπώτατον),
1643 540 1707 593 τὸ
1737 540 1783 570 ⁸⁸
1821 541 1994 606 ἰσχυ-

2121 540 2222 593 lum
2260 544 2591 610 oppressistis
2643 544 2839 610 labore,
2891 552 2940 598 et
3003 544 3323 598 vehementer
3369 544 3670 612 castigustis

413 645 526 713 ρόν
590 637 1063 709 κατειργάσασθε
1110 636 1353 704 μόχθῳ,
1414 632 1511 685 καὶ
1562 632 1606 663 ⁸³
1658 630 1729 684 ἐν
1790 628 1991 697 κράτει

415 735 812 791 ἐπαιδεύσατε
842 731 1017 795 αὐτὰ,
1044 728 1145 783 καὶ
1165 728 1235 781 ἐν
1273 725 1545 795 παιγνίῳ.
1581 725 1655 777 Οὐ
1700 723 1810 792 γὰρ
1836 721 1992 792 μόνον

416 831 529 892 τοῖς
577 824 862 881 ἀσθενοῦσι
917 822 1017 893 τὴν
1072 821 1455 892 προσήκουσαν
1508 817 1570 870 οὒ
1621 813 1987 887 προσενηνεγ-

420 936 553 974 κατε
587 919 632 952 ⁶⁰
672 915 988 985 θεραπείαν,
1020 911 1157 966 ἀλλά
1198 909 1293 964 καί¹
1322 911 1435 972 τοῖς
1475 907 1773 975 ὑγιαίνουσι
1799 904 1995 967 πόνους

423 1008 652 1070 πολλοὺς
701 1004 1028 1074 ἐπεθήκατε.
1067 1001 1179 1054 Καὶ
1232 997 1392 1052 τοῦτο
1441 997 1529 1051 διὰ
1581 995 1690 1049 τῶν
1743 991 1996 1064 ἱστοριῶν

425 1100 608 1171 ῥᾴδιον
647 1095 904 1150 κατιδεῖν.
938 1093 1078 1155 Τοὺς
1116 1091 1215 1163 μὲν
1268 1088 1378 1159 γὰρ
1407 1088 1476 1142 τὰ
1510 1087 1707 1142 εἴδωλα
1754 1101 1997 1156 προσκυο

366 1238 375 1241 -
422 1187 648 1248 νοῦντας
690 1184 789 1239 καὶ
844 1182 1159 1255 παρανομίᾳ
1211 1179 1486 1244 συζῶντας
1508 1218 1525 1242 ,
1586 1176 1853 1247 ἰατρεύειν
1902 1176 1998 1230 καὶ

425 1277 562 1349 πρὸς
612 1276 702 1329 τὸν
745 1275 876 1329 Θεὸν
922 1271 1272 1340 ἐπιστρέφειν
1305 1270 1406 1323 οὐκ
1451 1267 1721 1339 ἠθέλησαν
1755 1269 1804 1320 οἰ
1837 1267 1998 1320 κακοὶ

426 1367 704 1438 ποιμένες,
747 1365 876 1428 τοὺς
911 1364 969 1417 δὲ
1022 1362 1196 1425 θείους
1249 1361 1533 1432 προφήτας
1577 1359 1678 1429 τὴν
1718 1359 1869 1427 ἰσχὺν
1899 1358 1999 1426 τῆς

426 1456 628 1528 ἀρετῆς
678 1453 1050 1523 κεκτημένους
1083 1450 1419 1519 αἰκιζόμενοι
1450 1449 1543 1503 καὶ
1596 1448 1997 1519 καθείργοντες,

2099 648 2208 696 eus,
2267 646 2314 687 et
2349 637 2528 704 (velut)
2564 651 2656 705 per
2679 636 2878 705 iocum.
2912 633 3033 689 Non
3068 636 3214 690 enim
3254 634 3484 687 iniit-mis
3509 632 3677 703 966.

2101 732 2310 777 tantum
2353 727 2610 782 idoneum
2659 743 2768 782 non
2820 726 3156 781 atlrilmistis
3197 723 3521 787 remedium,
3578 727 3673 778 sed

2099 816 2262 868 etiam
2294 816 2602 872 valentibus
2632 819 2837 873 mullos
2870 818 3212 888 imposuistis
3246 817 3496 872 labores:
3529 818 3675 886 quod

2100 921 2165 959 ex
2196 906 2444 962 historiis
2483 907 2644 963 facile
2673 916 2758 964 est
2787 910 3088 978 percipere.
3122 909 3256 962 Nam
3285 924 3382 963 eos
3404 911 3494 977 qui
3532 909 3675 962 idola

2100 999 2346 1053 colerent
2399 999 2705 1055 sceleribus
2749 1000 2992 1063 addicti,
3050 1016 3249 1056 curare
3281 1011 3337 1056 et
3382 1000 3448 1054 ad
3507 1000 3675 1055 Deum

2100 1089 2408 1145 transferre
2442 1091 2678 1162 improbi
2701 1100 2954 1160 pastores
2974 1100 3323 1154 recusarunt,
3352 1091 3679 1158 divinosque

2102 1179 2403 1249 pr0pltetas
2435 1196 2648 1235 summa
2686 1181 2892 1236 virtute
2937 1181 3196 1249 praeditos
3229 1180 3411 1250 ﬂagris
3443 1181 3677 1241 caedere,

2102 1268 2244 1322 etin
2291 1269 2508 1324 vincula
2557 1270 2855 1339 conjicere,
2893 1270 3236 1338 inﬁnitisque
3283 1270 3444 1324 malis
3492 1269 3681 1337 oppri-

2105 1375 2254 1414 mere
2287 1370 2732 1429 perseverarunt.
2764 1361 2944 1430 Atque
2974 1361 3090 1415 haec
3114 1360 3530 1426 iacientesipsis
3557 1360 3683 1412 illu-

2105 1450 2324 1516 dcbaut,
2353 1468 2415 1507 ea
2438 1468 2559 1522 qute
2587 1453 2657 1506 ab
2687 1453 2825 1522 ipsis
2855 1453 3173 1507 dicerentur
3194 1450 3680 1521 reprehendentes.

428 1546 521 1601 καὶ
553 1544 764 1616 μυρίοις
799 1543 1067 1611 ἀλγεινοῖς
1112 1540 1504 1602 ὑποϐάλλοντες
1554 1538 1860 1591 διετέλεσαν
1905 1537 2001 1590 καὶ

2121 1543 2316 1597 Idcirco
2344 1545 2421 1598 ait
2462 1563 2474 1599 :
2518 1565 2537 1596 ι
2581 1543 2944 1600 Vehementer
2973 1543 3289 1614 castigastis
3336 1558 3433 1597 eas
3465 1553 3521 1596 et
3565 1540 3684 1611 (ve-

428 1636 600 1690 ταῦτα
650 1634 931 1699 ποιοῦντες
986 1631 1330 1697 ἑπετώθαζον
1361 1634 1564 1696 αὐτοῖς,
1614 1631 2002 1703 κωμῳδοῦντες

2121 1634 2209 1703 lut)
2245 1649 2339 1704 per
2366 1634 2576 1704 jocum,
2618 1654 2637 1686 ι
2691 1635 2992 1690 ostendens
3021 1634 3185 1689 simul
3217 1648 3313 1688 eos
3342 1632 3686 1688 calamitates

427 1725 499 1779 τὰ
528 1726 657 1796 παρ’
679 1724 863 1778 αὐτῶν
890 1724 1177 1795 λεγόμενα.
1209 1723 1301 1775 Διό
1332 1738 1499 1793 φησι·
1540 1740 1559 1773 ι
1591 1723 1701 1776 Καὶ
1728 1724 1787 1775 ὲν
1815 1723 2002 1793 κράτει

2121 1723 2367 1779 intulisse
2412 1726 2642 1793 sanctis,
2693 1735 2747 1781 et
2785 1726 2972 1796 jocum
3017 1739 3082 1779 ac
3111 1723 3300 1778 ludum
3334 1739 3455 1793 quae
3489 1723 3686 1777 tierent

430 1815 789 1879 ἐπαιδεύσατε
844 1814 1003 1878 αὐτὰ,
1037 1814 1131 1866 καὶ
1163 1815 1221 1866 ὲν
1270 1812 1542 1882 παιγνίῳ·
1588 1829 1607 1863 ι
1648 1811 1883 1876 δεικνὺς,
1922 1812 2004 1866 ὅτι
2111 1811 2357 1867 duxisse.

428 1910 574 1964 κατά
619 1909 814 1964 ταύτὸν
862 1910 975 1973 τοῖς
1035 1908 1134 1979 μὲν
1208 1906 1388 1975 ἁγίοις
1442 1906 1514 1960 τά
1563 1906 1787 1978 λυπηρά
1838 1906 2214 1979 προσέφερον,
2288 1908 2439 1961 αὐτοὶ
2486 1908 2544 1962 δὲ
2593 1912 2813 1965 παιδιὰν
2858 1912 3087 1984 ἡγοῦντο
3113 1952 3129 1978 ,
3199 1912 3294 1965 καὶ
3343 1909 3572 1978 παίγνια
3618 1907 3689 1961 τὰ

428 2002 714 2073 γινόμενα.

501 2113 563 2168 ε’.
597 2114 702 2167 Διὰ
724 2115 767 2145 ⁸⁸
798 2112 1067 2176 τούτους,
1100 2110 1255 2181 φησί,
1290 2110 1433 2176 τοὺς
1465 2111 1692 2176 κακοὺς
1722 2109 2013 2180 ποιμένας

2186 2103 2352 2159 Vens.
2398 2103 2451 2158 5.
2496 2103 2724 2173 Propter
2747 2107 2841 2161 hos
2871 2107 3155 2176 improbos,
3190 2108 3391 2178 inquit,
3424 2118 3686 2178 pastores,

431 2204 745 2273 διέσπειρα
766 2203 840 2257 τὰ
873 2200 1138 2272 πρόϐατά
1150 2218 1289 2271 μου,
1319 2201 1418 2255 καί
1447 2202 1685 2271 ἐγένετο
1706 2203 1752 2234 ⁶¹
1783 2203 1873 2267 εἰς
1903 2217 2012 2255 κα-

2121 2195 2338 2265 dispersi
2375 2213 2492 2251 oues
2516 2214 2681 2261 meas,
2737 2208 2787 2252 et
2815 2200 2974 2268 factm
3014 2214 3133 2254 sum
3163 2201 3217 2254 in
3255 2202 3643 2257 devorationem
3670 2207 3687 2227 '

433 2296 707 2365 τάϐρωμα
733 2293 883 2350 πᾶσι
907 2292 1032 2360 τοῖς
1058 2294 1288 2363 θηρίοις
1316 2293 1424 2349 τοῦ
1469 2294 1677 2365 ἀγροῦ.
1724 2292 2014 2365 Τροπικῶς

2121 2286 2355 2341 omnibus
2387 2287 2565 2342 bestiis
2611 2291 2748 2359 agri.
2785 2289 2888 2345 Per
2928 2289 3345 2345 translationem
3382 2306 3577 2346 rursus
3605 2292 3681 2345 be-

437 2384 604 2439 πάλιν
632 2384 861 2439 ἐκάλεσε
883 2383 954 2437 τὰ
997 2382 1192 2451 θηρία,
1228 2382 1414 2453 ἐπειδὴ
1452 2382 1596 2437 κατά
1630 2382 1828 2435 ταύτὸν
1849 2382 1895 2414 ⁸³
1922 2381 2014 2435 τὸν

439 2475 596 2545 λόγον
622 2474 716 2529 καὶ
738 2473 806 2529 τὰ
833 2474 1100 2542 πρόϐατα
1122 2471 1552 2543 προσηγόρευσε.
1572 2471 1744 2526 Καλεῖ
1763 2472 1822 2526 δὲ
1839 2473 2017 2540 θηρία

441 2565 609 2637 νοητά
639 2564 739 2636 μὲν
774 2565 906 2628 τοὺς
931 2562 1213 2634 δαίμονας,
1240 2562 1351 2616 τῶν
1392 2563 1581 2634 ψυχῶν
1607 2563 1737 2627 τοὺς
1781 2563 2017 2617 ἀλάστο-

444 2675 565 2727 ρας,
597 2655 829 2728 αἰσθητὰ
863 2655 922 2709 δὲ
943 2656 1074 2719 τοὺς
1104 2655 1445 2733 πανταχόθεν
1475 2654 1801 2719 ἐπελθόντας
1834 2656 2018 2719 αὐτοῖς

442 2748 758 2820 πολεμίως.

514 2883 588 2949 ς’.
613 2883 721 2938 Καὶ
749 2881 1043 2950 διεσπάρη
1074 2880 1173 2934 καὶ
1205 2880 1516 2949 ἐπλανήθη
1555 2879 1600 2912 ⁵⁵
1642 2878 1713 2933 τὰ
1759 2878 2023 2948 πρόϐατά

439 2992 558 3044 μου
587 2974 660 3027 ὲν
687 2972 868 3026 παντὶ
900 2971 1042 3039 ὄρει,
1074 2970 1175 3026 καί
1212 2970 1311 3024 ἐπὶ
1347 2969 1525 3023 παντὶ
1546 2966 1754 3034 ,Βουνῷ
1781 2968 2021 3037 ὑψηλῷ,

444 3065 543 3119 καί
568 3064 667 3118 est!
715 3062 1043 3133 προσώπου
1084 3061 1290 3127 πάσης
1317 3059 1429 3129 τῆς
1471 3059 1581 3129 τῆς
1609 3059 1904 3129 διεσπάρη
1952 3062 2027 3116 τὰ

447 3155 712 3225 πρόϐατά
730 3174 851 3225 μου
881 3156 946 3217 ⁸⁵,
974 3153 1073 3208 καὶ
1102 3156 1213 3208 οὐκ
1244 3150 1324 3224 ἦν
1353 3156 1386 3208 ό
1415 3151 1701 3223 ἐκζητῶν,
1725 3152 1869 3207 οὐδὲ
1899 3154 2027 3207 ἐπι-

448 3246 723 3315 στρέφων
751 3247 817 3300 ⁸⁸.
854 3248 922 3286 4—-
958 3246 1105 3312 Ὄρη
1147 3244 1241 3297 καὶ
1273 3243 1494 3314 βουνοὺς
1532 3244 1629 3297 καὶ
1650 3242 1721 3296 τὰ
1765 3244 1900 3298 ἄλλα
1925 3243 2026 3297 ὅσα

452 3338 662 3408 εἴρηκε,
687 3337 789 3409 τὴν
834 3339 894 3391 ὲν
927 3337 1112 3400 αὐτοῖς
1148 3333 1448 3406 γενομένην
1500 3334 1611 3389 τῶν
1649 3333 1887 3389 εἰδώλων
1931 3335 2029 3388 λα-

2114 2379 2245 2431 stias
2271 2378 2506 2446 vocavit,
2534 2380 2980 2449 quandoquidem
3026 2379 3130 2434 hac
3165 2381 3376 2436 ratione
3403 2397 3520 2435 ores
3549 2396 3679 2451 quo-

2114 2482 2223 2537 que
2249 2470 2605 2539 nuncupavit.
2638 2468 2893 2539 Appellat
2939 2477 3119 2525 autem
3153 2469 3348 2524 bestias
3379 2470 3692 2540 intelligen-

2115 2561 2192 2615 tia
2223 2561 2445 2632 quidem
2482 2562 2762 2632 praeditas,
2793 2562 3095 2627 daemonas,
3132 2564 3440 2618 animarum
3470 2563 3693 2618 cerniti-

2117 2667 2234 2716 ces,
2282 2668 2452 2709 sensu
2496 2668 2627 2708 vero
2662 2661 2874 2707 tantum
2928 2654 3233 2708 instructas
3284 2652 3452 2719 feras,
3504 2653 3696 2711 hostes

2119 2742 2364 2813 undique
2390 2746 2446 2798 in
2478 2743 2631 2814 ipsos
2657 2744 2952 2799 irruentes.

2192 2875 2362 2932 Vens.
2425 2876 2478 2930 6.
2522 2875 2591 2930 Et
2643 2875 2895 2944 dispersa:
2943 2884 3067 2929 sunt
3122 2885 3173 2931 et
3229 2888 3532 2931 errarerunt
3580 2894 3697 2934 oues

2124 2983 2253 3021 mea:
2292 2968 2347 3020 in
2391 2967 2535 3021 omni
2580 2976 2769 3032 monte,
2819 2977 2867 3021 et
2901 2966 2954 3020 in
3005 2968 3146 3020 omni
3193 2967 3327 3021 colle
3361 2969 3607 3023 excelso:
3647 2979 3699 3024 et

2124 3074 2280 3127 super
2326 3058 2516 3125 faciem
2563 3059 2725 3113 totius
2762 3067 2914 3113 terra:
2956 3059 3210 3127 dispersa:
3252 3069 3519 3114 sum‘oves
3550 3076 3700 3127 ntere,

2125 3158 2175 3204 et
2201 3166 2304 3203 non
2344 3162 2459 3203 erat
2487 3150 2786 3220 exquirens,
2823 3166 2984 3220 neque
3016 3149 3287 3204 reducens.
3313 3181 3383 3190 —
3405 3148 3612 3205 Montes
3646 3160 3704 3206 et

2126 3241 2305 3306 colles,
2329 3248 2382 3296 et
2413 3241 2519 3295 alia
2549 3256 2896 3311 quaecunque
2924 3240 3090 3305 dixit,
3118 3242 3329 3296 cultum
3369 3242 3437 3297 ab
3471 3243 3552 3297 eis
3586 3241 3704 3297 ido-

2127 3332 2200 3387 lis
2243 3334 2546 3403 prazstitum
2600 3334 2960 3404 nuncupavit.
3011 3332 3070 3387 In
3127 3335 3410 3389 montibus
3461 3335 3606 3389 enim
3649 3342 3705 3391 et

448 3428 637 3500 τρείαν
669 3408 958 3482 ἐκάλεσεν·
1002 3428 1060 3480 ὲν
1083 3428 1233 3498 ὄρεσι
1261 3425 1370 3495 γὰρ
1405 3426 1502 3480 καὶ
1524 3424 1811 3497 γηλόφοις,
1840 3426 1936 3479 καὶ
1966 3426 2023 3478 ὲν

2124 3421 2384 3486 collibus,
2417 3431 2584 3492 atque
2627 3422 2766 3478 adeo
2806 3423 2863 3477 in
2900 3423 3050 3477 omni
3088 3423 3230 3486 loco,
3268 3424 3541 3478 idolorum
3575 3435 3706 3479 temo

451 3519 615 3573 παντὶ
652 3519 801 3588 τόπῳ
828 3520 895 3573 τὰ
924 3517 1034 3571 τῶν
1058 3515 1292 3570 εἰδώλων
1321 3515 1604 3586 ἱδρύσαντο
1650 3516 1876 3587 τεμένη,
1903 3513 2026 3568 οὔτε
2068 3540 2079 3545 -

455 3609 736 3681 βασιλέων,
760 3608 885 3663 οὔτε
910 3609 1018 3679 μὴν
1054 3609 1098 3660 ἰε
1108 3606 1243 3679 ρέων
1263 3607 1365 3676 τὴν
1402 3606 1655 3661 ἀσέϐειαν
1686 3605 2023 3661 κωλυόντων.

454 3696 531 3757 Ob
560 3701 719 3773 χάριν
757 3699 890 3770 ἔφη·
923 3717 942 3750 ι
986 3688 1103 3752 Καϊ
1123 3698 1223 3751 οὐκ
1248 3692 1318 3769 ἦν
1341 3699 1370 3750 ό
1401 3695 1666 3768 ἐκζητῶν,
1691 3697 1812 3751 οὐδὲ
1834 3699 1862 3750 ό
1892 3699 2030 3751 ἀπο·
2073 3730 2077 3736 -

458 3792 731 3863 στρέφων.
793 3810 813 3844 ι
876 3789 1032 3843 υῦτω
1086 3787 1185 3859 τὴν
1236 3788 1568 3859 κατηγορίαν
1625 3788 2028 3858 ποιησάμενος,

459 3882 671 3937 ἀπειλεῖ
691 3884 807 3945 τοῖς
829 3879 1055 3951 ποιμέσι
1075 3879 1174 3949 τὴν
1201 3878 1492 3949 τιμωρίαν,
1519 3877 1613 3931 καί
1638 3895 1804 3949 φησιν
1821 3895 1833 3909 ·
1878 3879 2033 3932 Ἐπεὶ

457 3966 548 4023 διὰ
576 3968 858 4041 ῥᾳστώνην
874 3985 939 4041 τε
963 3966 1056 4021 καί
1075 3966 1338 4037 ἀμέλειαν
1364 3965 1675 4037 θηριάλωτα
1692 3968 1761 4021 τὰ
1786 3967 2035 4037 πρόϐατά

463 4076 567 4130 μου
611 4060 824 4130 γέγονε,
855 4061 948 4114 καὶ
976 4059 1241 4131 οὐδεμιᾶς
1285 4061 1417 4130 παρ’
1450 4059 1602 4131 ὑμῶν
1632 4060 1950 4130 ἐπιμελείας
1997 4061 2034 4133 ἢ

469 4147 718 4220 προνοίας
740 4147 1054 4220 ἀπήλαυσε·
1090 4149 1260 4221 μόνης
1286 4148 1397 4219 γὰρ
1431 4149 1533 4220 τῆς
1563 4149 1773 4215 οἰκείας
1803 4151 2032 4223 τρυφῆς,

463 4235 557 4291 καὶ
582 4238 902 4309 σωματικῆς
923 4236 1277 4309 ὲφροντίσατε
1308 4237 1608 4310 θεραπείας
1629 4255 1645 4272 ο

530 4373 597 4435 '0,
630 4372 682 4423 t'.
727 4368 944 4423 Τούτου
977 4368 1172 4439 χάριν,
1206 4361 1254 4422 ὦ
1298 4368 1578 4438 ποιμένες
1617 4368 1685 4433 ⁸⁷,
1726 4369 2030 4425 ἀκούσατε

460 4456 649 4528 λόγον
673 4458 914 4528 Κυρίου.
949 4456 1094 4514 Τάδε
1117 4456 1278 4529 λέγει
1318 4457 1559 4513 Ἀδωναϊ
1579 4460 1793 4526 Κύριος
1817 4478 1831 4492 ·
1885 4459 2038 4515 Ἰδοὺ

463 4546 580 4618 ἐγὼ
603 4549 701 4603 ἐπὶ
725 4547 868 4615 τοὺς
898 4548 1205 4617 ποιμένας,
1234 4548 1332 4603 καί
1361 4547 1662 4617 ἐκζητήσω
1684 4552 1756 4604 τὰ
1779 4551 2043 4619 πρόϐατά

469 4656 582 4705 μου
605 4639 674 4693 ἐκ
706 4639 825 4693 τῶν
855 4637 1067 4709 χειρῶν
1094 4639 1312 4706 αὐτῶν,
1346 4640 1445 4695 καί
1473 4644 1836 4697 καταπαύσω
1864 4644 1909 4676 ⁵⁸
1932 4645 2041 4698 αὺ-

2129 3512 2217 3583 pla
2251 3521 2574 3582 posuerant,
2625 3528 2805 3583 neque
2854 3515 3095 3584 regibus,
3138 3514 3301 3585 965
3349 3530 3529 3585 neque
3571 3515 3706 3585 ipsis

2129 3603 2514 3661 sacerdotibus
2568 3604 2908 3674 impietatem
2961 3607 3412 3677 prohibentibus.
3472 3605 3589 3673 Qua
3639 3608 3708 3662 de

2129 3709 2296 3751 causa
2333 3713 2347 3747 :
2381 3715 2399 3747 σ
2433 3694 2555 3750 Non
2589 3702 2728 3763 erat,
2767 3696 2970 3765 inquit,
3018 3698 3338 3767 exquirens,
3394 3711 3574 3767 neque
3620 3712 3709 3752 re-

2130 3786 2359 3842 ducens.
2390 3804 2409 3838 ι
2450 3787 2529 3858 [7,
2561 3787 2618 3859 8]
2642 3789 2724 3842 Ita
2760 3789 3013 3843 absoluta
3040 3792 3423 3854 accusatione,
3472 3789 3709 3858 pastori-
3798 3832 3806 3840 .

2130 3877 2235 3932 bus
2265 3892 2456 3948 pennas
2484 3880 2745 3943 minatur,
2777 3878 2965 3948 aitque
2995 3896 3008 3933 :
3036 3877 3173 3933 Cum
3206 3887 3432 3949 propter
3453 3880 3709 3933 inertiam

2134 3982 2199 4021 ac
2235 3969 2626 4038 negligentiam
2661 3983 2690 4020 a
2715 3967 2910 4023 bestiis
2938 3977 3114 4037 captae
3149 3967 3359 4022 fuerint
3383 3982 3514 4022 oves
3551 3983 3707 4031 meae,

2137 4071 2315 4126 neque
2350 4058 2524 4111 ullum
2550 4065 2746 4112 vestra:
2774 4070 2924 4111 cura:
2948 4064 3045 4111 aut
3076 4055 3435 4126 providentiae
3468 4055 3709 4110 fructum

2136 4149 2482 4219 perceperint
2510 4148 2707 4204 (solam
2753 4149 2900 4202 enim
2945 4148 3282 4217 voluptatem
3326 4148 3628 4219 prepriam,
3657 4156 3715 4204 et

2136 4238 2387 4307 corporis
2408 4238 2579 4293 vestri
2602 4238 2814 4293 cultum
2841 4238 3105 4307 curastis)
3134 4253 3148 4290 :

2207 4368 2372 4425 Vens.
2407 4369 2469 4433 9,
2505 4371 2588 4426 10.
2622 4369 2929 4441 Propterea,
2955 4387 2985 4425 ο
3006 4378 3270 4440 pastores,
3300 4369 3482 4425 audite
3503 4371 3715 4425 verbum

2138 4462 2395 4519 Domini:
2425 4463 2555 4519 Ηιεε
2588 4464 2716 4517 dicit
2741 4461 2953 4517 Adonai
2982 4462 3239 4518 Dominus
3264 4478 3283 4515 :
3315 4461 3451 4516 Ecce
3493 4477 3587 4533 ego
3623 4478 3716 4516 su-

2138 4571 2231 4625 per
2254 4565 2516 4626 pastores,
2548 4564 2598 4610 et
2628 4555 2896 4625 requiram
2933 4568 3051 4609 oves
3088 4570 3231 4609 meas
3262 4552 3325 4608 de
3355 4553 3598 4608 manibus
3628 4568 3717 4608 eo-

2143 4663 2283 4715 rum,
2312 4656 2361 4701 et
2390 4645 2645 4701 desistere
2676 4646 2877 4715 faciant
2905 4663 2993 4702 eos
3023 4661 3240 4715 pascere
3280 4661 3397 4699 oves
3432 4660 3598 4711 meas,
3628 4660 3718 4699 ne-

475 4724 609 4791 τοὺς
639 4727 747 4780 τοῦ
781 4728 1120 4796 ποιμαίνειν
1148 4728 1194 4761 ⁸⁸
1219 4729 1291 4784 τὰ
1306 4730 1570 4798 πρόϐατά
1607 4747 1747 4800 μου,
1769 4732 1868 4786 καί
1888 4733 1936 4764 "°
1969 4735 2025 4788 oi

2145 4756 2242 4810 quc
2277 4748 2492 4807 pascent
2530 4754 2620 4793 eas
2663 4738 2892 4808 amplius
2937 4748 3200 4806 pastores,
3249 4745 3299 4790 et
3339 4734 3570 4790 liberabo
3601 4750 3717 4789 oves

467 4813 551 4885 μὴ
597 4816 998 4885 ποιμανοῦσιν
1027 4818 1181 4873 αὐτὰ
1232 4819 1322 4873 ἔτι
1375 4824 1430 4875 οί
1477 4820 1775 4891 ποιμένεςο
1824 4824 1923 4878 καὶ
1954 4825 2050 4889 ἐξο

468 4905 719 4975 ελοῦμαι
743 4907 815 4961 τὰ
835 4908 1099 4977 πρόϐατά
1115 4926 1236 4978 μου
1262 4911 1333 4965 ἐκ
1362 4912 1466 4967 τοῦ
1497 4914 1795 4983 στόματος
1827 4915 2046 4984 αὐτῶν,

468 4996 569 5051 καί
611 4995 809 5052 οὐκέτι
842 4997 1015 5053 ἔσται
1062 5001 1333 5068 αὐτοῖςἰ
1382 5005 1470 5069 εἰς
1521 5005 1896 5075 κατάϐρωμα.
1949 5009 2048 5063 Διά

2146 4846 2288 4884 meas
2311 4829 2375 4884 de
2403 4845 2491 4884 ore
2519 4830 2776 4897 ipsorum,
2798 4837 2848 4884 et
2880 4844 2985 4883 non
3022 4826 3249 4893 amplius
3267 4834 3421 4880 erunt
3450 4825 3526 4879 eis
3550 4824 3604 4878 in
3624 4823 3719 4877 de-

2144 4920 2489 4974 vorationem.
2523 4917 2629 4975 Per
2663 4917 2778 4973 haec
2811 4917 2980 4977 verba
3016 4914 3458 4988 praesigniﬁcavit
3484 4910 3546 4970 "et
3567 4915 3720 4985 regni

2141 5008 2460 5066 Judaeorum
2484 5017 2540 5064 et
2565 5008 2858 5065 sacerdotii
2884 5007 3067 5077 linem.
3104 5005 3374 5062 Liberabo
3400 5007 3549 5062 enim
3583 5019 3722 5060 oves

469 5088 676 5142 τούτων
712 5088 1053 5160 προεδήλωσε
1083 5092 1191 5145 τῶν
1241 5091 1437 5161 λόγων,
1486 5094 1578 5147 καί
1622 5094 1722 5164 τῆς
1771 5094 2025 5166 βασιλείας

2144 5115 2318 5166 meas,
2362 5100 2564 5171 inquit,
2599 5115 2630 5155 a
2660 5099 2803 5154 mala
2838 5099 3079 5155 istorum
3115 5112 3273 5160 cura,
3319 5097 3414 5169 qui
3444 5098 3594 5152 nulla
3628 5110 3724 5151 eas

469 5177 569 5248 τῆς
603 5179 711 5233 τῶν
749 5180 1037 5248 Ἰουδαίων,
1079 5182 1176 5235 καὶ
1201 5183 1301 5253 τῆς
1329 5183 1743 5255 ἀρχιερωσύνης
1762 5187 1866 5257 τὴν
1899 5186 2046 5240 παῦ-

2144 5206 2388 5262 unquam
2419 5190 2765 5261 providentia
2799 5191 3204 5264 gubernatum,
3238 5189 3335 5246 sed
3373 5194 3591 5246 tantum
3629 5201 3724 5244 eas

1757 5382 1994 5442 VARIE
2037 5342 2447 5447 LECTIONES.

618 5507 663 5559 Α
686 5504 1011 5592 ἐζητήσατε.
1084 5510 1132 5543 ³⁸
1168 5510 1540 5592 βριεειη.
1580 5517 1696 5592 καί.
1727 5513 1785 5570 In
1814 5516 1989 5592 Hebr.
2016 5521 2140 5592 des.
2173 5523 2314 5592 ista,»
2342 5522 2404 5575 τὸ
2435 5550 2506 5592 -έ
2538 5521 2774 5592 μύχθῳμ
2829 5521 2875 5553 ⁸⁸
2916 5521 3011 5592 καὶ
3034 5520 3385 5592 έᾲπαιγνίῳ.
3418 5517 3544 5575 Des.
3574 5520 3627 5592 i_n
3658 5518 3723 5573 Α.

627 5567 1061 5648 πρόσῗηνέγκατε.

494 5581 599 5674 ἱέ¹ἒ
623 5581 1215 5674 ῗυέῗῇτιῖέτξαὲᾕηηζῖ
1253 5581 1367 5674 Διὲ
1389 5585 1666 5674 :35???-
1721 5602 1843 5674 μῖὶθο
1884 5591 1936 5674 A.
1973 5589 2086 5674 ἐπεὶ
2129 5581 2400 5674 itm-4t";
2425 5591 2497 5645 τά
2529 5581 2785 5674 ἓξμδξάτά
2821 5606 2946 5661 μου»
2974 5589 3063 5674 ⁸ξέ
3088 5581 3415 5674 recide:
3439 5586 3723 5674 τῑοιιιέγας·

562 5647 878 5731 ιιιγενήρη.
906 5648 947 5700 n
969 5648 1267 5731 ὲγένοντοη
1311 5651 1357 5682 οι
1396 5650 1437 5703 Β
1462 5647 1669 5731 τοῦτον,
1698 5647 1743 5731 _‘_
1762 5652 1810 5687 ιδ
1852 5657 1945 5710 καί
1974 5659 2096 5731 ιπλ.
2130 5660 2253 5715 Des.
2286 5647 2344 5715 in'
2372 5647 2441 5731 Ᾱ.
2528 5647 2593 5731 σε·
2610 5660 2681 5713 τὰ
2707 5647 2963 5731 πρ.’μου.
2997 5661 3120 5731 Des.
3146 5647 3201 5713 εὴ
3230 5647 3334 5731 'A._
3370 5657 3415 5731 οξ
3452 5657 3495 5710 Α

3590 5658 3728 5710 ἀπο-

483 5715 869 5800 στρέφων..“1ιε
903 5715 1123 5800 quoque
1151 5727 1274 5800 post
1314 5735 1489 5800 pauca
1523 5723 2098 5800 apudNostrum‘leg.
2177 5730 2219 5762 ⁸⁷
2259 5733 2304 5783 Α
2334 5730 2455 5800 ἀντὶ
2487 5729 2682 5783 τούτου
2715 5715 2992 5800 ποιρξένες.
3071 5727 3277 5800 ’λ’-καῖε-
3297 5726 3350 5800 _A
3379 5725 3727 5798 ἀποστρέψει·

482 5802 529 5834 ss
559 5800 715 5855 ποιμ.
745 5787 801 5859 Α,
819 5787 1005 5858 prtem.
1031 5787 1136 5858 μή.
1158 5787 1171 5789 “
1217 5789 1268 5823 ⁷⁸
1298 5787 1387 5843 καῖ
1420 5822 1488 5833 -
1522 5787 1622 5845 ἔτι.
1661 5796 1705 5847 Α
1735 5796 1828 5849 καὶ
1865 5796 1924 5849 οὐ
1963 5787 2323 5870 βοσῖιήσουσιν
2351 5799 2451 5856 ἔτι.

2563 5800 2608 5831 ⁷¹
2648 5800 2694 5853 Δ
2718 5794 2825 5852 οὐκ
2846 5797 3059 5851 ἔσονται
3087 5796 3269 5858 αὐτοῖς
3294 5794 3394 5850 ἔτι.
