4116 6448
424 467 558 532 1157

1417 440 1503 520 tN‘
1535 462 1976 522 EZECHIELIS
2012 462 2170 523 CAP.
2208 464 2469 526 XXXIV.

3540 473 3671 542 11:38

417 580 813 651 τετυρωμένον,
851 575 974 646 ὅρος
1017 576 1157 627 πῖον.
1201 591 1218 623 t
1259 568 1391 627 Εἶτα
1421 576 1531 636 τοῖς
1571 575 1983 646 ἰσραηλιτικοῖς

2094 588 2310 633 montes
2351 578 2668 649 coagulati?
2699 594 2859 637 mons
2893 580 2947 635 in
2982 596 3092 651 quo
3129 583 3533 655 beneplaeitum
3583 603 3670 643 est

419 681 567 746 ὄρεσι
635 672 809 741 τούτῳ
876 668 955 739 τῷ
1031 668 1149 739 δρει
1224 665 1709 735 διαφθονουμένοις
1787 664 1992 733 φησίν⁶

425 785 445 816 ι
497 765 660 819 Ἰνατί
700 760 1112 832 ὑπολαμϐάνετε
1158 758 1260 830 ὅρη
1294 756 1684 829 τετυρωμένα;
1730 756 1803 808 Τὸ
1847 755 2002 841 ὅρος,

420 854 449 907 ὃ
476 855 767 925 εὐδόκησεν
814 855 842 905 6
871 852 1000 915 Θεὸς
1042 850 1319 905 κατοικεῖν
1361 850 1418 902 ἐν
1453 848 1603 919 αὑτῷ
1629 863 1640 877 ·
1695 849 1789 901 καὶ
1830 847 1939 917 γὰρ
1968 849 1996 901 6

419 946 621 1016 Κύριος
664 941 1080 1012 κατασκηνώσει
1139 941 1220 1004 είς
1274 938 1448 1002 τέλος.
1493 957 1511 990 ι
1547 937 1776 1007 Μάτην,
1837 937 1991 1007 φησὶ,

420 1036 776 1106 ζηλοτυπεῖτε
816 1031 974 1086 τοῦτο
1010 1030 1071 1083 τὸ
1110 1030 1271 1104 ὅρος,
1315 1027 1503 1098 ἐπειδὴ
1548 1029 1605 1080 ἐν
1639 1026 1789 1098 αὐτῷ
1826 1045 1996 1082 κατα-

421 1124 653 1195 σκηνοῦν
698 1126 725 1176 6
779 1123 909 1186 Θεὸς
954 1121 1277 1192 εὐδόκησεν
1341 1122 1422 1183 είς
1468 1120 1623 1182 τέλος
1679 1119 1788 1190 γὰρ
1838 1118 1995 1171 τοῦτο

420 1218 658 1285 ποιήσει.
695 1214 851 1266 Οὕτω
900 1213 956 1265 δὲ
986 1214 1126 1265 νοεῖν
1173 1213 1321 1281 ἡμᾶς
1378 1209 1621 1274 ἐδίδαξαν
1641 1208 1688 1241 ⁸³
1740 1210 1789 1261 οί
1841 1207 1992 1261 ἄλλοι

419 1305 751 1380 ἐρμηνευταί
780 1321 795 1336 '
859 1307 888 1358 6
950 1304 1048 1375 μὲν
1116 1301 1347 1365 ’Δκύλας
1411 1300 1685 1371 εἰρηκώςο
1755 1300 1916 1354 Ἱνατί
1947 1301 1991 1333 ⁸⁵

418 1397 628 1467 ἐρίζετε
676 1395 780 1466 ὅρη
818 1393 1214 1465 τετυρωμένα;
1270 1394 1298 1445 6
1350 1391 1406 1445 δέ
1455 1390 1786 1444 Θεοδοτίων·
1830 1390 1992 1443 Ἰνατί

417 1485 705 1551 δικάζεσθε
737 1486 866 1555 περὶ
897 1483 1088 1536 τούτου
1119 1482 1211 1536 τοῦ
1232 1483 1391 1553 ὅρους
1417 1497 1432 1547 ;
1475 1481 1568 1533 καὶ
1616 1480 1840 1543 Ἡσαΐας
1873 1478 1990 1550 βοᾷ,

419 1578 513 1631 καὶ
540 1575 783 1646 Μιχαίας
825 1573 1124 1638 ὡσαύτως·
1165 1591 1182 1625 t
1222 1574 1418 1626 Ἔσται
1466 1573 1525 1624 ἐν
1566 1573 1687 1634 ταῖς
1738 1571 1992 1640 ἐσχάταις

417 1668 654 1739 ἡμέραις
684 1666 928 1736 ἐμφανὲς
963 1667 1025 1718 τὸ
1061 1665 1187 1735 ὅρος
1220 1663 1448 1734 Κυρίου,
1481 1663 1574 1715 καὶ
1619 1663 1646 1714 6
1690 1657 1837 1723 οἶκος
1880 1662 1992 1713 Κυ-

419 1758 536 1828 ρίου
563 1758 648 1810 ἐπ*
676 1757 861 1825 ἄκρων
891 1754 998 1811 τῶν
1028 1755 1220 1826 ὀρέων,
1252 1753 1347 1807 καὶ
1392 1753 1616 1822 ἥξουσιν
1651 1751 1736 1804 ἐπ’
1765 1752 1928 1803 αὐτὸν
1944 1752 1992 1784 ⁸⁸

416 1844 593 1913 πάντα
623 1843 694 1896 τὰ
721 1842 872 1913 ἔθνη,
908 1861 926 1894 ι
964 1843 1056 1897 καὶ
1090 1840 1159 1894 τὰ
1185 1840 1311 1911 ἑξῆς
1337 1857 1351 1871 ο
1384 1840 1478 1893 καὶ
1506 1841 1533 1891 6
1563 1840 1765 1910 Κύριος
1792 1840 1850 1891 ἐν
1879 1840 1992 1899 τοῖς

2096 666 2205 721 Deo
2237 668 2510 735 habitare,
2545 670 2746 724 etenim
2784 671 3049 727 Dominus
3095 672 3366 729 habitabit
3409 677 3465 730 in
3511 693 3575 730 eo
3615 680 3667 732 in

2094 765 2418 825 perpetuum
2460 768 2507 811 γ.
2553 780 2570 811 ι
2611 759 2860 829 Frustra,
2897 762 3104 833 inquit,
3141 764 3270 819 huic
3309 768 3482 820 monti
3524 772 3661 823 invi-

2093 845 2259 911 detis,
2297 849 2571 918 siquidem
2614 851 2668 904 in
2705 852 2824 922 ipso
2859 853 3108 909 habitare
3144 857 3258 910 vult
3300 855 3464 925 Deus,
3522 862 3664 927 quod

2094 949 2361 1008 perpetuo
2398 939 2582 995 faciet.
2639 942 2818 1012 Atque
2851 944 2927 997 ita
2967 960 3065 1000 nos
3099 946 3409 1016 intelligere
3450 949 3544 1003 alii
3582 928 3666 1004 in-

2093 1037 2359 1099 terpretes
2403 1032 2729 1087 docuerunt.
2779 1036 2976 1104 Aquila
3029 1037 3274 1106 quidem,
3311 1055 3434 1093 cum
3480 1040 3663 1099 dixit:

2097 1139 2117 1173 ‹
2150 1121 2262 1175 Cur
2295 1123 2634 1178 contenditis
2665 1134 2881 1181 montes
2914 1130 3228 1196 coagulati?
3271 1150 3289 1181 ι
3318 1130 3663 1186 Theodotiou

2092 1227 2263 1267 vero:
2300 1232 2319 1264 ι
2358 1214 2470 1267 Cur
2504 1215 2734 1283 litigatis
2767 1216 2835 1270 de
2865 1216 2969 1271 hoe
3000 1220 3223 1274 monte?
3264 1238 3282 1270 ι
3321 1220 3493 1276 Isaias
3525 1238 3662 1292 quo-

2091 1318 2198 1372 que
2231 1304 2527 1369 exclamat,
2560 1315 2613 1359 et
2638 1304 2890 1360 Mielneas
2922 1306 3109 1360 itidem
3144 1324 3158 1360 :
3193 1327 3211 1358 ι
3248 1308 3361 1362 Erit
3394 1312 3447 1366 itt
3476 1315 3662 1368 novis-

2094 1394 2251 1448 simis
2295 1393 2495 1449 dicbtts
2529 1396 2859 1451 maniiestus
2904 1411 3063 1451 muns
3096 1397 3337 1465 Domini,
3380 1410 3436 1455 et
3468 1401 3668 1459 domus

2099 1482 2312 1538 Domini
2347 1484 2403 1538 in
2434 1484 2670 1540 summis
2726 1487 3017 1548 utentium.
3060 1494 3115 1541 et
3162 1489 3381 1541 venient
3423 1491 3489 1543 ad
3537 1507 3662 1545 eum

2093 1587 2285 1629 omnes
2317 1583 2509 1643 gentes
2544 1585 2588 1641 ι,
2623 1594 2642 1626 ι
2680 1585 2734 1630 et
2765 1591 2887 1644 qua:
2929 1585 3257 1644 sequuntur.
3296 1577 3361 1631 Et
3401 1578 3665 1635 Dominus

2094 1662 2150 1716 in
2180 1664 2198 1683 ‘
2228 1665 2402 1720 sacris
2438 1664 2746 1736 Evangeliis
2784 1685 2797 1720 :
2836 1686 2854 1719 ι
2891 1666 3009 1721 Νοη
3050 1677 3250 1737 potest,
3299 1669 3497 1740 inquit,
3530 1672 3666 1727 civi-

2093 1760 2178 1808 tas
2204 1755 2469 1810 abscondi
2511 1773 2681 1827 super
2712 1766 2952 1812 montem
2998 1758 3179 1828 posita
3217 1771 3267 1813 ι.
3318 1779 3338 1812 ι
3376 1760 3663 1818 Excelsum

2091 1844 2258 1914 igitur
2290 1853 2346 1900 et
2377 1846 2743 1917 conspicuum
2772 1846 3103 1915 evangelica:
3124 1846 3391 1901 doctrina:
3420 1858 3663 1904 montem

419 1934 583 2003 ἱεροῖς
644 1932 1037 2001 Εὑαγγελίοιςο
1082 1950 1101 1983 ι
1160 1932 1234 1984 Οὐ
1304 1930 1583 1997 δύναται,,
1621 1931 1790 2000 φησὶ,
1840 1929 1983 1993 πόλις

2096 1934 2185 1989 hic
2219 1949 2439 2005 quoque
2467 1937 2796 2003 nominavit,
2834 1936 2887 1989 in
2929 1950 3040 2007 quo
3075 1936 3320 1991 futurum
3348 1938 3533 1993 ovium
3569 1939 3663 1994 de-

419 2022 688 2095 κρυΰῆναι
727 2024 913 2077 ἐπάνω
967 2022 1128 2095 ὅρους
1160 2021 1409 2092 κειμένη.
1440 2040 1459 2072 ι
1494 2021 1567 2074 T6
1588 2020 1791 2091 ὑψηλὸν
1811 2020 1992 2075 τοίνυν

415 2114 849 2195 καὶδπεριφανές
899 2114 1001 2184 τῆς
1051 2113 1415 2184 εὐαγγελικῆς
1468 2111 1816 2175 διδασκαλίας
1864 2112 1990 2182 δρος

412 2205 691 2261 κάνταῦθα
719 2205 1024 2275 ὠνόμασεν,
1058 2205 1116 2257 ἐν
1153 2196 1197 2272 ᾧ
1225 2202 1551 2275 γενήσεσθαι
1583 2201 1683 2273 τὴν
1714 2201 1821 2254 τῶν
1848 2218 1987 2273 προ-

413 2297 591 2351 ϐάτων
616 2295 949 2367 εὐπρέπειαν
972 2293 1361 2365 ἐπηγγείλατο.
1395 2286 1527 2345 Εἶτα
1555 2292 1750 2360 ἐπάγει
1774 2308 1788 2321 ·
1826 2310 1845 2344 ι
1875 2291 1987 2346 Καὶ

413 2386 624 2441 ἔσονται
674 2389 731 2440 αἱ
790 2386 1024 2457 μάνδραι
1075 2384 1255 2437 αὐτῶν
1312 2384 1445 2436 ἐκεῖ.
1488 2400 1507 2433 ι
1555 2383 1667 2435 Kal.
1718 2380 1876 2435 τοῦτο
1928 2382 1986 2436 δὲ

415 2479 671 2548 ἀντικρὺς
700 2479 851 2548 ἡμῖν,
883 2476 998 2530 ἀλλ’
1023 2476 1123 2529 οὐκ
1158 2473 1428 2538 Ἰουδαίοις
1456 2472 1717 2543 ἁρμόττει
1740 2489 1755 2504 ⁸
1787 2474 1986 2528 ἐκεῖνοι

2094 2041 2278 2081 corem
2325 2026 2604 2097 pollicitus
2650 2035 2758 2084 est.
2814 2025 2954 2082 Tum
3007 2028 3273 2097 subjicit:
3314 2047 3334 2081 ι
3388 2028 3454 2082 Et
3501 2039 3665 2085 erunt

2093 2118 2258 2172 ovilia
2301 2133 2493 2173 eorum
2528 2119 2625 2175 ibi.
2666 2137 2686 2170 ›
2724 2118 2789 2174 Et
2830 2119 2936 2174 hoc
2966 2127 3153 2191 aperte
3191 2121 3371 2186 nobis,
3405 2136 3516 2177 non
3563 2137 3663 2177 au-

2092 2214 2198 2261 tem
2231 2204 2435 2262 Iudicis
2458 2206 2625 2279 938
2650 2208 2910 2263 convenit
2941 2225 2954 2261 :
2996 2208 3078 2262 illi
3119 2207 3264 2264 enim
3296 2225 3464 2265 unum
3497 2210 3662 2275 ovile,

2090 2297 2238 2369 quod
2270 2297 2372 2353 fuit
2408 2296 2804 2370 Hierosolymis
2846 2298 3133 2369 templum,
3176 2298 3513 2365 habuerunt,
3560 2316 3665 2357 nos

2090 2395 2272 2443 autem
2320 2387 2750 2444 innumerabiles
2794 2403 2893 2459 per
2934 2396 3111 2443 totum
3151 2389 3338 2445 orbem
3389 2398 3661 2447 terrarum

2093 2476 2380 2533 ecclesias.

420 2573 518 2645 μὲν
549 2574 657 2645 γὰρ
708 2573 835 2643 μίαν
866 2571 1023 2643 ἔσχον
1055 2570 1335 2642 μάνδραν,
1366 2569 1457 2624 τὸν
1486 2570 1545 2623 ἐν
1585 2567 1982 2641 Ἰεροσολύμοις
2028 2570 2155 2625 ναόν
2177 2588 2190 2602 ·
2228 2574 2387 2643 ἡμεῖς
2416 2572 2474 2626 δὲ
2516 2572 2769 2646 ἀριθμῶν
2815 2573 3099 2645 κρείττους
3138 2574 3279 2629 κατὰ
3324 2575 3506 2630 πᾶσαν
3562 2574 3664 2651 τὴν

415 2666 739 2736 οἰκουμένην
767 2662 1088 2733 ἐκκλησίας.

482 2756 590 2811 Καὶ
617 2746 1101 2824 κοιμηθήσονται,
1134 2751 1236 2805 καί
1262 2751 1717 2807 ἀναπαύσονται
1738 2748 1866 2803 ἐκεῖ
1890 2750 1935 2782 ³⁷
1966 2770 1974 2778 ’

413 2845 513 2902 καί
535 2845 604 2899 ἑν
624 2843 875 2914 τρυφῇίη
906 2841 1100 2913 ἀγαθῇ
1141 2838 1245 2896 καῖ
1276 2841 1348 2895 ἐν
1370 2840 1527 2910 νομῇ
1553 2840 1714 2894 πίονι
1741 2840 1982 2909 βοσκη-

411 2933 700 3003 υὴσονται
729 2931 835 2986 ἐπὶ
875 2930 994 2986 τῶν
1036 2931 1221 2999 ὀρέων
1267 2929 1538 2998 Ἰσραήλ.
1573 2930 1705 3001 (ιε’.)
1734 2930 1845 2985 Kai
1869 2930 1984 2999 ἐγὼ

411 3027 678 3099 ποιμανῶ
696 3029 741 3061 ⁸⁸
779 3026 851 3082 τὰ
888 3024 1151 3094 πρόϐατά
1181 3042 1323 3094 μου.
1371 3055 1440 3066 —
1469 3023 1718 3093 Τρυφὴν
1747 3022 1986 3093 ἀγαθὴν

410 3120 504 3174 καὶ
541 3120 724 3172 πίονα
773 3117 840 3171 τὰ
887 3116 1006 3170 θεῖα
1039 3116 1197 3183 λόγια
1242 3114 1678 3186 προσαγορεύειν
1734 3133 1754 3167 ι
1801 3116 1983 3168 Κατα-

409 3211 683 3282 τρύφησον
708 3210 815 3281 γὰρ
837 3249 851 3274 ,
884 3208 1021 3279 φησὶ
1043 3248 1058 3272 ,
1106 3206 1200 3260 τοῦ
1234 3207 1436 3277 Κυρίου
1461 3247 1474 3270 ,
1513 3207 1608 3261 καὶ¹
1643 3205 1753 3279 δῴη
1785 3225 1867 3260 σοι
1915 3206 1986 3260 τὰ

2153 2747 2319 2804 Vens.
2369 2750 2455 2804 l5.
2490 2748 2557 2802 Et
2606 2750 2890 2815 dormient,
2936 2759 2986 2804 et
3026 2751 3345 2820 requiescant
3382 2752 3477 2819 ibi,
3514 2765 3564 2810 et
3595 2757 3661 2827 in

2082 2839 2284 2898 deliciis
2311 2840 2459 2895 bonis
2494 2851 2541 2894 ct
2571 2841 2626 2894 in
2660 2853 2815 2909 pastu
2847 2842 3032 2912 pingui
3060 2855 3343 2912 pascentur
3378 2845 3432 2898 in
3470 2847 3665 2901 manli-

2084 2934 2177 2983 bus
2209 2929 2448 2984 Israelis.
2497 2930 2559 2983 Et
2603 2947 2696 3000 ego
2723 2945 2938 3000 pascam
2975 2947 3091 2985 oves
3130 2948 3294 2986 meas.
3326 2962 3396 2973 —
3431 2933 3662 2989 Delicias

2083 3020 2247 3077 bonas
2285 3032 2334 3076 et
2363 3023 2580 3093 pingues
2615 3025 2799 3078 divina
2840 3031 3127 3094 nuncupat
3154 3026 3380 3079 oracula
3415 3045 3430 3081 :
3473 3026 3663 3081 iDele-

2090 3123 2241 3169 ctare
2278 3115 2422 3168 enim
2460 3114 2515 3170 in
2558 3114 2812 3182 Domino,
2849 3116 3050 3186 inquit,
3092 3125 3146 3172 et
3190 3116 3283 3171 det
3315 3118 3408 3172 tibi
3442 3120 3659 3190 petitio-

2092 3221 2188 3259 nes
2213 3206 2397 3260 cordis
2431 3205 2508 3259 tui
2559 3206 2618 3273 b;
2651 3224 2670 3255 i
2705 3216 2906 3260 montes
2942 3214 3124 3262 autem
3163 3206 3389 3263 Israelis
3425 3214 3662 3281 prophec

332 3280 338 3286 ι
408 3280 682 3372 αίτὴματα
727 3280 827 3371 τῆς
885 3298 1113 3370 καρδίας
1163 3314 1284 3351 σου·
1338 3299 1444 3366 ὄρη
1474 3297 1532 3352 δὲ
1586 3296 1835 3366 Ἰσραὴλ
1883 3297 1982 3361 τὰς

2085 3293 2222 3348 ticos
2262 3288 2437 3350 libros
2458 3302 2638 3357 vocat,
2667 3295 2719 3346 itt
2752 3293 2952 3364 quibus
2998 3310 3191 3350 rursus
3226 3280 3537 3366 pascimur,
3562 3311 3659 3354 ac-

408 3393 752 3464 προφητικὰς
785 3390 999 3461 βίϐλους
1023 3428 1038 3454 ,
1086 3390 1171 3458 ἐφ’
1205 3385 1281 3443 ὧν
1309 3389 1472 3442 πάλιν
1501 3388 1781 3460 νεμόμεϐα
1804 3430 1818 3453 ,
1867 3388 1985 3441 ἐπί-

405 3482 565 3537 ὃασίν
584 3500 705 3536 τινα
737 3481 804 3535 δι’
832 3481 1057 3534 ἐκείνων
1090 3481 1169 3543 είς
1199 3479 1259 3533 τὸ
1304 3478 1560 3550 μέγιστον
1586 3478 1797 3550 ἔχοντες
1827 3478 1981 3549 δροςο

402 3572 493 3626 διὰ
520 3573 628 3643 γὰρ
655 3571 764 3626 τῶν
791 3569 1147 3642 προφητικῶν
1171 3568 1560 3639 θεσπισμάτων
1586 3569 1679 3621 ἐπὶ
1700 3567 1798 3638 τὴν
1820 3569 1984 3637 εὐαγ-

404 3666 626 3738 γελικὴν
661 3662 1046 3736 ποδηγούμεθα
1089 3662 1439 3716 διδασκαλίαν
1467 3660 1558 3714 ὑπ’
1587 3660 1812 3713 ἐκείνων
1842 3677 1983 3730 μαρ-

402 3755 742 3828 τυρουμένην
765 3771 779 3786 ο
816 3754 1010 3825 ἔχομεν
1040 3754 1097 3806 δέ
1125 3753 1360 3823 ποιμένα
1385 3752 1547 3805 αὐτὸν
1575 3752 1666 3804 τὸν
1703 3750 1981 3821 Δεσπότην

403 3852 499 3902 καὶ
523 3846 725 3918 Κύριον
755 3845 964 3917 βοῶντα
987 3860 1002 3874 ⁸
1031 3861 1050 3895 t
1097 3843 1240 3912 Ἐγώ
1272 3846 1391 3915 εἰμι
1416 3846 1443 3897 6
1471 3843 1676 3915 ποιμὴν
1705 3846 1734 3897 6
1758 3843 1973 3907 καλός.)

402 3939 572 3993 Τοῦτο
625 3938 722 3992 καὶ
766 3935 1003 3990 ἐνταῦθα
1057 3934 1447 4007 προαγορεύων
1483 3933 1618 4007 ἔφη’
1668 3953 1688 3986 ι
1716 3934 1828 3987 Καὶ
1868 3933 1979 4001 ἐγὼ

410 4029 661 4101 ποιμανῶ
710 4027 782 4083 τὰ
843 4026 1092 4100 πρόϐατά
1152 4044 1280 4097 μου.
1340 4026 1453 4081 Kal.
1505 4025 1616 4095 ἐγὼ
1665 4024 1971 4079 ἀναπαύσω

399 4123 556 4187 αὐτὰ,
594 4122 684 4176 καὶ
722 4120 1040 4190 γνώσονται,
1090 4120 1173 4172 ὅτι
1208 4117 1323 4187 ἐγώ
1359 4119 1476 4189 είμι
1524 4116 1750 4189 Κύριος.
1784 4135 1804 4169 ι
1851 4114 1974 4170 ’Υπ’

398 4215 561 4268 αὐτοῦ
593 4214 700 4284 γὰρ
725 4211 1164 4283 ποιμαινόμενοι,
1191 4211 1284 4264 καὶ
1308 4212 1405 4281 τῆς
1428 4208 1595 4265 αὐτοῦ
1624 4208 1976 4272 διδασκαλίας

396 4299 507 4359 οἷον
538 4305 628 4357 ἐπί
658 4321 801 4367 τινος
846 4303 1011 4374 χλόης
1045 4302 1525 4372 διαναπαυόμενοι,
1574 4299 1973 4370 ἐπιγιγνώσκο-

395 4413 498 4466 μεν
530 4393 694 4449 αὐτοῦ
728 4392 827 4464 τὴν
850 4393 1192 4448 δεσποτείαν.

468 4491 560 4554 ις’.
602 4484 746 4539 Τάδε
776 4484 938 4554 λέγει
984 4484 1235 4539 Ἄδων-ατ
1261 4484 1477 4552 Κύριος
1499 4499 1512 4512 ·
1554 4483 1625 4537 T6
1655 4482 1972 4547 ἀπολωλὸς

394 4575 696 4645 ἐκζητήσω
717 4574 763 4607 °°
789 4614 805 4638 ,
851 4573 951 4628 καὶ
1004 4572 1071 4627 τὸ
1129 4571 1526 4643 πλανώμενον
1586 4572 1931 4641 ἐπιστρέψω
1952 4582 1966 4601 ο

394 4669 469 4731 ὡς
499 4663 729 4730 Παῦλον,
758 4666 853 4720 καὶ
883 4666 1010 4729 τοὺς
1044 4666 1165 4718 κατ’
1196 4666 1403 4718 ἐκεῖνον
1427 4677 1440 4691 '
1479 4681 1496 4716 ε
1537 4664 1648 4717 Καὶ
1685 4663 1747 4716 τὸ
1789 4680 1975 4716 συντε-

392 4758 689 4828 τριμμένον
723 4756 1013 4828 καταδήσω
1036 4773 1051 4786 ·
1077 4775 1097 4807 ι
1142 4756 1217 4820 ώς
1255 4754 1344 4809 τὸν
1383 4755 1619 4824 τελώνην
1648 4793 1664 4817 ,
1726 4753 1820 4807 καὶ
1876 4752 1977 4823 τὴν

393 4844 632 4919 πόρνην,
664 4846 762 4901 καὶ
811 4847 904 4900 τδν
947 4846 1148 4918 λῃστὴν
1171 4885 1187 4909 ,
1222 4847 1318 4900 καὶ
1364 4847 1491 4909 τοὺς
1535 4845 1658 4899 κατ’
1689 4844 1932 4906 ἐκείνους
1958 4862 1972 4875 ο

398 4956 418 4990 ι
457 4938 567 4991 Καὶ
627 4937 1034 5010 τδ,.ὴσΘενηκδς
1071 4938 1117 4971 ⁸³
1168 4937 1473 5008 ἐνισχύσω·
1507 4954 1528 4989 ι
1560 4935 1636 4998 ώς
1652 4934 1743 4988 τδν
1769 4933 1976 5004 Πέτρον

392 5029 773 5102 ἅρνησόιμενον
802 5045 819 5060 ·
864 5049 883 5082 ι
914 5030 1025 5084 Καὶ
1057 5029 1118 5084 τὸ
1163 5032 1284 5084 πῖον
1315 5029 1411 5083 καὶ
1432 5027 1482 5062 ⁸⁸
1524 5023 1747 5096 ίσχυρδν
1799 5024 1973 5093 φυλά-

392 5120 493 5186 ξω·
534 5138 553 5172 ι
582 5119 659 5185 ώς
705 5120 831 5183 τοὺς
882 5119 1070 5186 ἁγίους
1113 5119 1486 5182 ἀποστόλους,
1544 5116 1642 5170 καὶ
1686 5115 1813 5177 τοὺς
1869 5112 1962 5166 τὸν

391 5212 575 5281 ὅμοιον
616 5209 842 5275 ἐκείνοις
883 5210 1172 5281 ἑλομένους
1220 5209 1335 5280 βίον
1359 5225 1372 5239 ο
1412 5226 1430 5261 ι
1472 5206 1586 5260 Καὶ
1635 5204 1887 5274 ποιμανῶ
1913 5202 1961 5237 ⁸³

456 5381 479 5419 ⁷
508 5389 652 5447 Psal.
681 5405 850 5456 um,
887 5388 975 5444 i7.
1056 5397 1080 5424 ι
1112 5387 1217 5443 lsa.
1252 5401 1312 5452 tt,
1341 5386 1412 5452 2-,
1450 5384 1613 5440 Mich.
1646 5399 1720 5451 tv,
1754 5384 1804 5437 t.

1918 5394 1942 5423 ι
1985 5380 2176 5435 Matth.
2208 5396 2263 5445 ν,
2297 5377 2386 5433 ﬂ.
2471 5376 2498 5416 δ
2528 5375 2673 5432 Psal.
2704 5389 2893 5441 unt,
2919 5372 2974 5429 4.

2091 3398 2305 3439 cessum
2340 3384 2631 3454 quemdam
2663 3400 2758 3454 per
2792 3385 2917 3440 illos
2951 3385 3019 3440 ad
3063 3387 3362 3442 maximum
3414 3400 3658 3446 montem

2091 3473 2376 3529 habentes.
2412 3473 2512 3529 Per
2544 3474 2861 3546 prepltetiea
2893 3476 3037 3530 enint
3066 3478 3291 3532 oracula
3326 3479 3392 3533 ad
3423 3496 3658 3553 cvange-

2091 3565 2251 3619 licam
2301 3564 2558 3620 ducimur
2610 3565 2951 3633 doctrinam,
3004 3582 3166 3636 qttam
3212 3568 3302 3623 illa
3343 3577 3655 3640 testantur;

2089 3651 2350 3708 habemus
2385 3663 2563 3708 autem
2604 3663 2874 3723 pastorem
2915 3655 3094 3725 ipsum
3135 3656 3326 3712 herum
3371 3674 3436 3713 ac
3472 3659 3658 3716 Domi-

2087 3744 2682 3800 numexclamantem:
2741 3763 2760 3797 ι
2817 3745 2931 3817 Ego
2971 3763 3092 3802 sum
3152 3756 3340 3819 pastor
3395 3750 3592 3807 bonus.
3629 3772 3650 3805 ι
3758 3787 3763 3794 -

2084 3831 2231 3889 Idem
2267 3848 2485 3905 quoque
2517 3834 2621 3889 hoc
2652 3834 2775 3889 loco
2804 3835 3126 3905 praedicens,
3160 3855 3179 3888 ι
3206 3837 3272 3892 Et
3303 3853 3422 3909 ego,
3451 3841 3650 3912 inquit,

2083 3940 2306 3994 pascam
2364 3941 2493 3981 oves
2551 3940 2725 3982 meas.
2773 3926 2840 3980 Et
2891 3940 2993 3997 ego
3053 3928 3399 3997 requiescere
3453 3928 3651 3985 faciam

2083 4031 2200 4083 eas,
2237 4027 2291 4073 et
2352 4025 2689 4087 cognoscent
2730 4032 2817 4071 me
2848 4030 2971 4072 esse
3002 4017 3312 4073 Dominum.
3347 4039 3367 4071 ι
3411 4020 3493 4075 Ab
3533 4022 3652 4090 ipso

2081 4106 2226 4161 enim
2262 4107 2427 4177 pasti,
2461 4116 2516 4162 et
2549 4107 2604 4161 in
2647 4105 2769 4175 ejus
2808 4106 3059 4162 doctrina
3104 4109 3270 4164 veluti
3309 4111 3364 4164 in
3410 4110 3647 4181 quadam

2081 4198 2250 4254 herba
2276 4199 2707 4270 requiescentes,
2752 4198 2933 4268 ipsum
2963 4214 3089 4258 esse
3131 4199 3424 4259 Dominum
3474 4218 3649 4277 agno-

2082 4304 2306 4346 scimus.

2148 4465 2316 4524 Vens.
2356 4468 2444 4524 i6.
2491 4469 2618 4525 Haec
2653 4470 2783 4525 dicit
2817 4469 3028 4525 Adonei
3054 4470 3310 4525 Dominus
3337 4486 3357 4524 :
3380 4470 3537 4538 Quod
3556 4488 3648 4542 pe-

2077 4558 2240 4613 rierat
2296 4561 2581 4630 requiram,
2631 4570 2681 4617 et
2731 4577 2920 4616 errans
2967 4560 3236 4626 reducam,
3287 4569 3348 4616 ut
3382 4560 3644 4627 Paulum,

2004 4642 2052 4698 D
2078 4648 2282 4719 quique
2324 4648 2448 4720 ejus
2495 4651 2703 4707 similes
2751 4661 2941 4718 erant;
2983 4669 3003 4703 ι
3044 4658 3100 4707 et
3147 4650 3444 4707 contritum
3486 4652 3645 4707 colli-

2078 4740 2218 4811 gabo
2259 4759 2277 4792 ι
2310 4749 2369 4795 ut
2397 4742 2773 4812 publicanum,
2803 4749 2857 4796 et
2879 4741 3249 4806 meretricem,
3274 4753 3329 4797 et
3350 4740 3641 4807 latronem,

2075 4842 2130 4887 et
2165 4832 2376 4887 similes
2426 4830 2684 4900 illorum;
2743 4850 2760 4884 ι
2796 4833 2861 4885 Et
2913 4831 3056 4902 quod
3110 4830 3388 4885 inﬁrmum
3440 4830 3639 4896 fuerat,

2075 4922 2468 4997 corroborabo,
2502 4941 2523 4974 ι
2567 4931 2627 4977 ιιι
2665 4921 2888 4977 Petrum
2940 4922 3033 4993 qui
3077 4921 3320 4992 negavit;
3359 4940 3379 4973 ι
3419 4928 3475 4978 et
3516 4924 3641 4993 pitt-

2070 5030 2177 5085 ευρ
2207 5020 2263 5069 et
2292 5012 2529 5067 validum
2565 5013 2894 5077 custodiam,
2932 5030 2952 5064 ι
2991 5019 3050 5065 ιιι
3080 5019 3302 5067 sanctos
3338 5013 3637 5082 apostolos,

2070 5116 2126 5160 et
2153 5118 2249 5158 eos
2290 5104 2380 5172 qui
2412 5102 2516 5158 sibi
2564 5102 2779 5156 illorum
2817 5103 2982 5155 vitam
3020 5101 3089 5155 ad
3120 5099 3451 5156 imitandum
3474 5098 3642 5172 969

2071 5196 2344 5267 delegere;
2375 5211 2394 5245 ι
2439 5194 2504 5247 Ει
2527 5207 2744 5264 pascam
2773 5207 2868 5249 eas
2889 5206 3015 5247 cum
3033 5191 3266 5262 judicio,
3288 5210 3307 5244 ι
3338 5191 3479 5247 bona
3508 5195 3640 5247 sub-

3086 5382 3110 5413 ε
3140 5368 3306 5428 Joan.
3344 5387 3405 5438 ι,
3430 5368 3489 5425 2.

1626 5533 1863 5590 νιιῐιιιΕ
1903 5530 2308 5590 LECTIONES.

455 5654 503 5689 ’δ
536 5654 612 5709 ὲδ.
642 5657 701 5713 In
736 5653 778 5707 B
813 5652 1033 5723 ponitur
1064 5658 1188 5723 post
1210 5650 1390 5723 anet.

390 5716 510 5794 1391»
550 5723 721 5794 μίντῷ-

1487 5651 1534 5683 ”
1574 5649 1715 5704 ίνατί
1741 5677 1812 5690 ——
1842 5664 2029 5718 τετυρ.
2060 5649 2234 5701 Aliter
2276 5658 2465 5714 supra,
2503 5652 2633 5699 tom.
2683 5642 2725 5704 Ι.
2774 5658 2837 5729 pa
2883 5685 2896 5696 .
2944 5642 3100 5698 1064.

1487 5736 1500 5771 r
1544 5728 1669 5774 ante
1715 5718 1987 5773 ἁναπαύσ.
2096 5718 2142 5749 ⁸⁸
2182 5716 2438 5783 Βτροφῇ.
2544 5712 2589 5747 ⁸³
2625 5713 2671 5767 A
2702 5714 2811 5782 ἐγω
2843 5659 3100 5783 ίἑοσκήσω

828 5722 871 5754 ³’
910 5718 1147 5775 ἐκεῖ.ἰιι
1194 5721 1237 5772 Α
1277 5719 1500 5790 ponitur
1544 5728 1669 5790 ante
1697 5718 1987 5790 ravum-.36.

3207 5642 3253 5675 ⁸⁸
3292 5639 3437 5696 Edit.
3486 5640 3636 5707 prior

2544 5712 2589 5747 ⁸⁵
2625 5713 2671 5767 A
2702 5708 2811 5782 ἐγὼ
2845 5708 3121 5783 βοσκήσω.
3223 5712 3269 5743 ⁸⁸
3307 5710 3348 5764 Α
3393 5708 3633 5781 ζητήσω.

2096 5718 2142 5749 ⁸⁸
2182 5718 2223 5769 Β
2246 5716 2438 5787 τροφῇ.

397 5790 439 5820 ’⁸
471 5793 593 5859 ἠσθο
627 5785 970 5847 Α’ἐκλεῖπον.
1042 5789 1089 5824 ⁸⁸
1132 5792 1251 5844 πῖον
1278 5785 1392 5843 καί.
1430 5787 1553 5843 Des.
1591 5788 1644 5842 in
1682 5789 1743 5842 Α.
1819 5788 1865 5819 ’³
1905 5790 1946 5840 Δ
1984 5785 2256 5857 βοσκήσω.
