4116 6428
337 372 471 437 {itii

1471 383 1553 443 IN
1597 383 2040 446 EZECHIELIS
2070 390 2222 449 CAP.
2280 391 2539 453 XXXIV.

3463 391 3593 452 iiii?

340 491 601 562 ριόψομαι
641 491 1050 562 ἀδικουμένους,
1089 494 1228 549 ἀλλὰ
1247 494 1401 561 δίκας
1439 498 1565 563 τοὺς
1598 498 1918 564 ἀδικοῦντας

2026 505 2234 575 exigam
2265 520 2474 576 poenas.
2513 503 2722 561 Deinde
2761 503 3074 560 communis
3121 503 3366 558 omnium
3399 503 3595 559 salutis

339 583 638 656 πράξομαι.
697 579 828 638 Εἶτα
893 583 993 656 τῆς
1050 584 1236 658 κοινῆς
1283 586 1500 642 πάντων
1560 589 1830 660 σωτηρίας
1882 593 1914 659 ἡ

339 676 655 756 ὑπόσχεσις.

411 767 514 834 κγ’.
557 767 662 823 Καὶ
703 767 1034 835 ἀναστήσω
1081 768 1176 822 ἐπ’
1214 770 1436 836 αὐτοὺς
1485 771 1734 840 ποιμένα
1785 772 1915 836 ἕνα,

338 859 408 925 ὃς
433 860 479 892 ³⁸
507 859 793 929 ποιμανεῖ
839 861 1083 928 αὐτοὺς,
1148 863 1258 915 τὸν
1293 861 1524 917 δοῦλόν
1566 880 1681 933 μου
1717 866 1915 932 Δαϐἰδ,

337 949 520 1016 αὐτὸς
548 952 591 983 ¹¹
625 952 906 1020 ποιμανεῖ
947 953 1188 1018 αὐτοὺς,
1246 953 1347 1006 καὶ
1382 954 1426 984 ⁸³
1447 952 1627 1020 αὐτὸς
1646 955 1916 1010 dmum}.

335 1056 434 1096 σει
462 1042 708 1108 αὐτοὺς,
748 1044 847 1097 καὶ
878 1043 1050 1097 ἔσται
1082 1043 1281 1099 αὐτῶν
1309 1045 1553 1116 ποιμήν.
1584 1046 1730 1100 ’Δνω
1764 1049 1919 1119 εἰρη-

337 1132 474 1197 κὼς,
497 1150 517 1185 ι
569 1133 710 1201 Ἐγὼ
737 1134 1007 1205 ποιμανῶ,
1049 1153 1069 1190 ι
1128 1137 1366 1192 ἐνταῦθα
1409 1135 1500 1191 τὸν
1539 1137 1705 1192 Δαϐἰδ
1740 1137 1919 1193 αὐτῶν

334 1223 560 1278 ἔσεσθαι
595 1226 829 1297 ποιμένα
862 1227 1028 1296 λέγει,
1059 1227 1118 1280 δν
1150 1230 1244 1283 καὶ
1281 1229 1463 1284 δοῦλον
1487 1229 1915 1301 προσαγορεύει·

336 1315 423 1380 τίς
445 1315 505 1370 δὲ
529 1311 683 1380 οὗτός
709 1319 898 1385 ὲστινς
937 1321 1006 1372 Ἦ
1061 1319 1241 1391 δῆλον,
1295 1321 1368 1384 ὡς
1404 1323 1434 1374 6
1475 1321 1752 1391 Δεσπότης
1787 1323 1921 1392 Χρι-

341 1411 486 1473 στὸς,
524 1409 588 1460 ὲκ
614 1409 927 1480 σπέρματος
972 1411 1138 1464 Δαϐὶδ
1184 1412 1324 1467 κατά
1369 1413 1552 1484 σάρκα
1586 1414 1917 1484 γενόμενυς;

337 1501 434 1556 Διὸ
455 1502 548 1555 καὶ
565 1501 775 1567 δοῦλος,
815 1503 890 1566 ὡς
917 1503 1206 1575 ἄνθρωπος
1224 1521 1237 1534 ’
1269 1504 1367 1558 καὶ
1403 1504 1560 1560 τοῦτο
1587 1505 1643 1559 δὲ
1666 1505 1804 1558 κατά
1823 1504 1920 1574 τὴν

340 1592 521 1662 φύσιν,
555 1595 617 1648 ού
653 1595 794 1648 κατὰ
820 1594 918 1665 τὴν
955 1595 1110 1662 ἀξίαν
1130 1614 1143 1629 ο
1181 1599 1229 1650 εἰ
1251 1596 1360 1669 γὰρ
1386 1599 1435 1650 οἰ
1455 1600 1536 1660 είς
1560 1597 1720 1650 αὑτὸν
1755 1613 1918 1649 πεπι-

340 1687 629 1751 στευκότες
660 1687 720 1740 ού
751 1687 1105 1750 δοῦλοι,αλλλ’
1129 1689 1256 1755 υἱοὶ,
1287 1688 1466 1759 πολλῷ
1500 1689 1699 1758 μᾶλλον
1724 1687 1918 1755 αὐτὸς,

331 1777 410 1830 δι’
428 1777 488 1830 6v
511 1779 561 1831 οἰ
589 1778 766 1832 δοῦλοι
802 1781 900 1850 τῆς
918 1781 1234 1852 ἐλευθερίας
1258 1780 1601 1850 ἀπήλαυσαν,
1631 1781 1692 1833 οὑ
1710 1780 1918 1847 δοῦλος,

2019 597 2346 665 pollicitatio
2373 597 2642 670 sequitur.

2092 775 2258 832 Vens.
2290 777 2378 832 25.
2421 775 2489 830 Et
2521 777 2786 832 suscitabo
2824 793 2979 846 super
3009 793 3094 832 eos
3120 787 3385 847 pastorem
3409 793 3590 840 unum,

2020 868 2109 938 qui
2139 877 2314 936 pascet
2335 882 2444 934 eos,
2479 883 2684 922 seruum
2709 883 2882 921 meum
2922 867 3126 931 David;
3158 869 3268 934 ipse
3290 877 3591 934 pasceteos.

2018 971 2069 1015 et
2114 963 2222 1028 ipse
2251 961 2569 1030 requiescere
2605 961 2763 1029 faciet
2794 977 2881 1014 eos
2901 1002 2916 1026 ,
2957 971 3004 1014 et
3036 962 3138 1015 erit
3167 976 3359 1015 eorum
3389 969 3591 1030 pastor.

2011 1050 2158 1106 Cum
2193 1067 2360 1121 supra
2391 1050 2612 1118 dixerit,
2649 1067 2668 1100 ι
2713 1049 2823 1120 Ego
2862 1065 3104 1122 pascam,
3142 1069 3159 1100 ι
3211 1051 3300 1104 hic
3335 1049 3591 1105 Davidetu

2017 1142 2238 1197 illorum
2275 1149 2546 1210 pastorem
2579 1140 2656 1194 ait
2704 1139 2840 1207 fore,
2873 1156 3034 1210 quem
3067 1141 3231 1195 etiam
3263 1155 3467 1194 servum
3499 1155 3591 1209 ap-

2023 1234 2208 1304 pellat.
2248 1231 2410 1304 971
2466 1233 2602 1300 Quis
2635 1241 2818 1287 autem
2867 1231 2958 1286 hic
3005 1231 3134 1286 est?
3186 1246 3326 1286 anne
3383 1231 3596 1300 perspi-

2021 1340 2206 1391 cuum,
2255 1340 2380 1380 eum
2429 1340 2553 1380 esse
2605 1323 2897 1378 Dominum
2943 1321 3251 1384 Christum,
3288 1336 3353 1376 ex
3389 1322 3596 1376 semine

2022 1415 2242 1472 Davidis
2297 1415 2597 1472 secundum
2653 1429 2874 1470 carnem
2928 1415 3152 1468 natum?
3202 1423 3256 1468 et
3313 1421 3594 1483 propterea

2023 1513 2285 1576 tanquam
2332 1507 2496 1561 homo
2535 1507 2650 1577 ipse
2697 1521 2889 1561 servus
2935 1512 3041 1568 est,
3090 1504 3255 1575 idque
3293 1502 3595 1559 secundum

2022 1598 2342 1659 naturam,‘
2378 1612 2487 1650 non
2539 1595 2844 1651 secundum
2897 1593 3263 1672 dignitatem:
3316 1592 3362 1648 si
3415 1591 3595 1656 enim,

2022 1688 2116 1758 qui
2145 1688 2199 1742 in
2235 1687 2412 1758 ipsum
2451 1688 2754 1753 credidere,
2783 1703 2893 1742 non
2931 1689 3098 1752 servi,
3128 1687 3224 1744 scd
3265 1686 3356 1741 [iiii
3378 1726 3392 1751 ,
3424 1686 3597 1740 multo

2023 1780 2198 1850 magis
2231 1780 2368 1850 ipse,
2405 1795 2500 1850 per
2524 1794 2688 1849 quem
2728 1780 2870 1833 servi
2908 1779 2962 1833 iu
3005 1779 3311 1834 libertatem
3336 1777 3594 1832 vindicati

338 1869 458 1922 ἀλλ’
489 1870 621 1933 υἱός.
656 1870 815 1925 Οὕτω
831 1872 926 1926 καὶ
955 1875 983 1926 6
1011 1874 1284 1944 μακάριος
1318 1873 1469 1942 λέγει
1499 1873 1744 1936 Παῦλος⁹
1779 1893 1796 1925 t
1825 1875 1922 1939 Ὃς

2029 1879 2176 1934 sunt,
2215 1888 2322 1926 non
2355 1886 2546 1927 servus
2571 1878 2678 1935 est,
2709 1871 2805 1925 sed
2846 1870 3012 1925 tilius.
3045 1869 3201 1935 Quod
3242 1869 3370 1923 item
3403 1869 3597 1923 beatus

337 1963 400 2014 ἐν
429 1966 612 2033 μορφῇ
647 1962 782 2016 Θεοῦ
814 1965 1094 2036 ὑπάρχων,
1126 1965 1229 2036 οὐχ
1257 1965 1548 2036 ἁρπαγμὸν
1580 1966 1825 2036 ἡγήσατο
1861 1965 1922 2018 τὸ

338 2049 479 2107 εἶναι
507 2053 595 2107 ἴσα
627 2054 766 2125 Θεῷ,
797 2055 911 2109 ἀλλ’
964 2057 1161 2109 ἑαυτὸν
1190 2057 1426 2111 ὲκένωσε
1469 2055 1684 2128 μορφὴν
1733 2057 1920 2110 δούλου

316 2144 537 2202 ·λαϐὡν.
581 2166 598 2198 ι
631 2147 742 2201 Kai.
773 2145 998 2210 Ἡσαΐας
1055 2148 1114 2200 δὲ
1154 2150 1218 2202 ὲκ
1267 2149 1560 2219 προσώπου
1611 2147 1776 2204 αὐτοῦ
1825 2148 1922 2218 βοᾷ

337 2235 550 2305 λέγων·
585 2255 604 2286 ι
644 2236 801 2291 Οῦτω
840 2238 988 2306 λέγει
1030 2237 1259 2310 Κύριος,
1308 2241 1338 2292 6
1372 2237 1583 2301 πλάσας
1609 2254 1676 2308 με
1706 2238 1772 2291 ὲκ
1802 2255 1920 2290 κοι-

339 2327 461 2392 λίας
516 2328 703 2383 δοῦλον
750 2329 932 2399 ἑαυτῷ
993 2333 1322 2398 συναγαγεῖν
1369 2330 1463 2383 τὸν
1541 2327 1735 2384 Ἰακώϐ
1759 2343 1770 2356 '
1827 2327 1924 2382 καὶ

355 2422 576 2492 Ἰσραὴλ
603 2421 998 2494 συναχθήσεται
1033 2422 1168 2493 πρὸς
1216 2424 1379 2477 αὐτόν
1405 2438 1418 2452 ·
1463 2420 1590 2476 Ἰδοὺ
1619 2421 1831 2475 δέδωκά
1861 2439 1921 2475 σε

339 2516 426 2576 είς
447 2513 707 2585 διαθήκην
737 2513 945 2582 γένους,
972 2515 1052 2578 εἰς
1087 2513 1203 2584 φῶς
1232 2513 1419 2578 ἐθνῶν,
1460 2511 1554 2566 τοῦ
1587 2507 1723 2566 εἷναί
1751 2529 1809 2566 σε
1844 2514 1924 2576 εἰς

349 2602 624 2673 σωτηρίαν
649 2603 750 2668 ἓως
773 2604 1001 2674 ἐσχάτου
1025 2606 1124 2674 τῆς
1156 2601 1277 2674 γῆς.
1300 2623 1318 2656 ι
1338 2603 1447 2656 Καὶ
1473 2602 1532 2657 τό
1560 2603 1605 2636 ’³
1622 2620 1636 2634 ο
1667 2623 1685 2655 ι
1729 2601 1924 2656 Ἰακὼϐ

343 2693 402 2747 δὲ
459 2695 488 2747 6
553 2697 680 2758 παῖς
721 2711 841 2766 μου,
902 2695 1267 2766 ἀντιλήψομαι
1331 2693 1517 2748 αὐτοῦ.
1572 2713 1590 2745 ι
1635 2693 1796 2766 Παρά
1846 2692 1924 2764 τῷ

354 2789 614 2861 Ἑϐραίῳ,
644 2808 663 2842 ι
705 2791 766 2844 '0
793 2789 977 2854 δοῦλός
1031 2807 1134 2861 μου
1175 2808 1194 2842 ι
1231 2791 1426 2843 κεῖται.
1475 2788 1689 2860 Ταύτην
1736 2789 1791 2842 δὲ
1828 2789 1926 2860 τὴν

335 2881 652 2952 μαρτυρίαν
675 2883 768 2935 καὶ
796 2884 824 2935 ό
847 2881 989 2946 θεῖος
1041 2880 1438 2952 εύαγγελιστὴς
1489 2879 1569 2944 είς
1605 2880 1697 2934 τὸν
1723 2879 1926 2952 Κύριον

338 2971 504 3043 ⁴ήμῶν
562 2972 722 3026 ἔλαϐε
761 2973 989 3044 Ἰησοῦν.
1051 2972 1246 3033 Δοῦλος
1295 2972 1471 3026 τοίνυν
1537 2973 1823 3043 κέκληται,
1851 2971 1928 3036 ὡς

337 3063 758 3135 ἀνθρωπος,καὶ
787 3063 946 3118 τοῦτο
977 3063 1056 3126 δὲ,
1079 3065 1155 3127 ὼς
1188 3063 1345 3134 ἔφην,
1367 3063 1426 3116 οὐ
1451 3063 1589 3116 κατὰ
1615 3062 1712 3135 τὴν
1745 3062 1924 3130 ἀξίαν,

336 3155 480 3210 ἀλλά
509 3156 650 3209 κατά
702 3154 798 3226 τήν
848 3155 1009 3224 φύσιν
1035 3169 1048 3184 ·
1085 3154 1272 3208 δούλου
1329 3155 1438 3226 γὰρ
1488 3152 1647 3206 ἔλαϐε
1685 3153 1924 3225 μορφήν.
1955 3195 2000 3256 C

342 3249 418 3302 ηε
430 3250 482 3318 pi
505 3247 562 3300 δὲ
584 3245 680 3300 τοῦ
708 3248 755 3279 ’⁵
787 3247 884 3300 ἕνα
904 3242 1046 3300 εἶναι
1087 3246 1180 3300 τὸν
1205 3246 1316 3300 τῶν
1374 3245 1661 3318 προϐάτων
1698 3245 1929 3316 ποιμένα

335 3341 442 3394 οιαὶ
468 3343 496 3395 6
529 3339 733 3410 Κύριος
757 3341 814 3392 έν
843 3342 956 3402 τοῖς
1003 3337 1358 3408 Εὑαγγελίοις
1398 3337 1503 3409 ἔφη
1533 3355 1546 3368 ο
1593 3357 1612 3388 ι
1649 3337 1759 3392 Kai.
1795 3336 1933 3391 ἀλλα

338 3435 594 3505 πρόϐατα
627 3433 756 3504 ἔχω,
812 3433 848 3486 ἃ
895 3432 996 3486 ούκ
1054 3431 1202 3484 ἐστιν
1241 3431 1304 3483 ὲκ
1333 3431 1434 3500 τῆς
1475 3427 1646 3499 αύλῆς
1701 3425 1928 3496 ταύτης,

338 3526 578 3580 κάκεῖνά
614 3543 681 3596 με
708 3525 788 3579 δεῖ
830 3526 1081 3594 ἀγαγεῖν,
1109 3523 1204 3576 καὶ
1250 3524 1351 3592 τῆς
1407 3520 1590 3590 φωνῆς
1629 3536 1728 3588 μου
1769 3513 1933 3570 ἀκού-

335 3635 525 3686 σουσι,
571 3619 666 3671 καὶ
720 3617 1010 3687 γενήσεται
1062 3615 1162 3686 μία
1229 3613 1458 3683 ποίμνη,
1514 3604 1594 3674 εἷς
1639 3609 1864 3679 ποιμήν.
1907 3627 1926 3660 ι

340 3706 488 3763 Εἶτα
513 3710 710 3778 ὲπάγει
732 3724 745 3738 '

416 3797 514 3854 κδ’.
549 3799 658 3854 Καὶ
678 3797 793 3869 ἐγὼ
817 3797 1035 3866 Κύριος
1074 3795 1290 3863 ἔσομαι
1350 3791 1553 3858 αὐτοῖς
1584 3793 1668 3856 εἰς
1692 3789 1842 3845 Θεὸν
1862 3787 1931 3850 ³⁵,

335 3891 445 3945 καί
480 3894 512 3945 ό
540 3891 761 3956 δοῦλός
785 3906 909 3959 μου
942 3890 989 3922 ’⁸
1019 3886 1201 3941 Δαϐίὸ
1229 3884 1432 3956 ἅρχων
1455 3884 1499 3916 ³⁷
1530 3883 1600 3936 ὲν
1626 3881 1794 3951 μέσῳ
1823 3880 1931 3937 αὐ-

333 3981 485 4037 τῶν.
515 3982 626 4036 Kai.
658 3981 718 4034 τὸ
750 3979 984 4050 ἀψευδὲς
1011 3977 1120 4030 τῶν
1173 3975 1478 4047 εἰρημένων
1497 3975 1608 4036 τοῖς
1655 3971 1932 4044 ἐπαγομέ-

339 4091 462 4135 νοις
520 4073 814 4126 δείκνυσιν.
856 4091 874 4124 ι
926 4069 1069 4138 Ἐγὼ
1113 4069 1322 4140 Κύριος
1378 4066 1640 4136 ἐλάλησα.
1683 4083 1701 4115 ι
1748 4063 1935 4135 ’Δρκεῖ

336 4165 459 4236 γὰρ
511 4165 590 4226 εἰς
652 4161 940 4233 βεϐαίωσιν
982 4161 1090 4214 τῶν
1175 4159 1350 4228 λόγων
1402 4156 1436 4227 ἡ
1498 4155 1594 4208 τοῦ
1644 4153 1933 4226 εἰρηκότος

340 4257 499 4321 ἀξία.

421 4356 519 4403 κε’.
546 4347 656 4402 Καί
669 4345 1025 4416 διαθήσομαι
1054 4345 1135 4412 τῷ
1159 4343 1336 4398 Δαὸῑδ
1351 4339 1650 4409 διαθήκην
1665 4339 1929 4407 εἰρήνης.

2024 1963 2229 2020 Paulus
2276 1964 2496 2028 asserit,
2541 1963 2772 2018 dicens:
2827 1981 2846 2013 ι
2894 1961 2999 2027 Qui
3035 1975 3160 2014 cum
3192 1960 3248 2015 in
3289 1958 3467 2014 forma
3503 1959 3596 2014 Dei

2021 2064 2190 2120 esset,
2222 2070 2330 2111 non
2357 2056 2599 2125 rapinam
2644 2055 2946 2110 arbitratus
2987 2061 3072 2109 est
3099 2067 3221 2108 esse
3248 2067 3307 2107 se
3331 2051 3595 2122 aequalem

2025 2149 2157 2214 Deo,
2189 2147 2286 2204 sed
2320 2149 2621 2203 exinauivit
2654 2149 3009 2218 semetipsum
3041 2146 3273 2202 formam
3313 2147 3458 2202 servi
3504 2161 3596 2199 ac-

2025 2241 2234 2312 cipiens
2274 2251 2320 2295 ο.
2360 2260 2378 2292 ι
2419 2240 2486 2296 Ει
2514 2240 2684 2296 Isaias
2719 2255 2783 2295 ex
2817 2255 3055 2311 persona
3085 2240 3261 2309 ipsius
3282 2239 3553 2294 exclamat
3582 2258 3596 2292 :

2031 2355 2049 2387 ι
2093 2333 2183 2390 Sic
2207 2335 2344 2390 dicit
2376 2334 2660 2400 Dominus,
2688 2336 2782 2406 qui
2804 2334 3061 2389 formavit
3088 2350 3172 2390 Ine
3201 2351 3269 2390 ex
3299 2341 3456 2389 utero
3480 2347 3599 2389 ser-

2023 2440 2149 2479 vum
2180 2426 2307 2489 sibi,
2356 2433 2416 2479 ut
2445 2441 2838 2496 congregarem
2867 2423 3158 2491 Iacobum,
3187 2433 3241 2480 et
3271 2424 3436 2479 Israel
3465 2438 3600 2478 con-

2024 2514 2342 2585 gregabitur
2393 2513 2461 2568 ad
2505 2529 2672 2569 eum:
2711 2513 2850 2569 Ecce
2895 2514 3157 2570 constitui
3200 2521 3255 2568 te
3303 2521 3600 2568 testamen-

2025 2614 2142 2660 tum
2165 2606 2406 2674 generis,
2439 2605 2616 2661 lucem
2639 2607 2904 2676 gentium,
2937 2619 2996 2661 ut.
3025 2607 3102 2662 sis
3135 2605 3299 2661 saluti
3333 2621 3504 2675 usque
3532 2605 3600 2658 ad

2025 2705 2329 2753 extremum
2357 2706 2516 2753 terra:
2541 2698 2586 2752 τ.
2611 2717 2630 2749 ι
2653 2698 2727 2752 Et
2759 2718 2771 2752 :
2807 2716 2825 2748 ι
2860 2696 3030 2753 Iacob
3049 2705 3228 2753 autem
3253 2713 3390 2767 puer
3418 2711 3599 2760 meus,

2027 2803 2303 2844 assumam
2335 2805 2460 2844 eum
2500 2793 2547 2844 ε.
2589 2808 2606 2840 ι
2643 2789 2798 2860 Apud
2829 2789 3119 2844 Hebraeum
3157 2788 3404 2858 ponitur,
3424 2803 3602 2842 servus

2029 2898 2210 2947 meus;
2239 2891 2404 2952 atque
2437 2883 2540 2936 hoc
2571 2881 2950 2938 testimonium
2977 2881 3144 2936 etiam
3184 2880 3344 2935 divus
3369 2893 3604 2947 evange-

2029 2972 2154 3027 lista
2181 2973 2210 3012 ιι
2244 2973 2430 3028 retulit
2480 2972 2547 3026 ad
2597 2971 2888 3028 Dominum
2927 2983 3176 3027 nostrum
3220 2969 3431 3026 'Jcsum.
3477 2969 3604 3026 Ser-

2030 3082 2122 3120 vus
2158 3065 2322 3136 igitur
2363 3073 2594 3122 vocatus
2617 3075 2702 3122 est
2731 3073 2791 3120 ut
2825 3065 3010 3132 homo,
3056 3073 3110 3120 et
3143 3063 3268 3129 hoc,
3295 3067 3440 3120 sicut
3466 3062 3604 3128 dixi,

2033 3173 2142 3212 non
2193 3157 2494 3212 secundum
2549 3157 2900 3229 dignitatem,
2937 3156 3032 3212 sed
3084 3154 3388 3211 secundum
3441 3163 3605 3210 natu-

2031 3263 2149 3304 ram
2184 3266 2197 3302 :
2242 3249 2388 3304 servi
2420 3249 2565 3304 enim
2607 3249 2838 3304 formam
2896 3249 3217 3318 assumpsit.
3278 3245 3449 3302 Unum
3477 3261 3608 3303 vero

2031 3355 2154 3396 esse
2185 3349 2458 3410 pastorem
2489 3343 2674 3396 ovium
2707 3339 2972 3396 Dominus
3004 3341 3130 3395 item
3183 3339 3237 3394 in
3289 3337 3602 3411 Evangeliis

2031 3432 2172 3487 dixit
2206 3449 2220 3486 :
2269 3450 2289 3481 ι
2325 3433 2392 3486 Et
2417 3433 2553 3489 alias
2583 3449 2715 3489 oves
2733 3432 2940 3497 'habeo,
2973 3448 3094 3502 quae
3124 3446 3232 3486 non
3256 3439 3384 3486 sunt
3405 3445 3469 3485 ex
3498 3429 3602 3484 hor.

2031 3521 2184 3588 ovili,
2211 3531 2266 3578 et
2295 3522 2418 3578 illas
2448 3531 2666 3594 oportet
2689 3538 2776 3578 me
2805 3522 3100 3588 adducere,
3127 3530 3180 3576 et
3204 3535 3396 3576 vocem
3429 3534 3604 3572 meam

2032 3615 2276 3680 audient,
2341 3625 2394 3670 et
2439 3615 2527 3670 (iet
2571 3631 2740 3670 unum
2787 3615 2950 3679 ovile,
2998 3621 3052 3669 et
3083 3628 3225 3668 unus
3274 3619 3461 3682 pastor
3503 3614 3546 3665 ί.
3580 3630 3606 3662 θ

2034 3705 2238 3762 Deinde
2267 3707 2493 3778 subjicit
2517 3725 2532 3763 :

2106 3795 2272 3854 Vens.
2309 3797 2398 3852 24.
2437 3798 2507 3852 Et
2539 3813 2631 3868 ego
2664 3795 2922 3851 Dominus
2951 3813 3042 3850 ero
3075 3796 3204 3866 ipsis
3241 3792 3398 3858 Deus,
3422 3802 3473 3872 vet
3501 3809 3612 3847 ur.—

2033 3904 2129 3942 tms
2173 3903 2318 3942 meus
2351 3886 2523 3942 David
2565 3888 2804 3956 princeps
2831 3887 2886 3941 in
2935 3887 3109 3940 medio
3141 3888 3395 3955 ipsorum.
3450 3881 3517 3936 Et
3547 3898 3610 3938 ea

2032 3994 2157 4050 qua:
2192 3977 2338 4033 dicta
2365 3987 2510 4043 sunt,
2553 3993 2582 4032 a
2611 3976 2897 4032 mendacio
2923 3976 3098 4032 libera
3122 3990 3244 4031 esse
3271 3974 3512 4030 ostendit
3542 3975 3612 4029 iis

2034 4085 2156 4139 quae
2203 4077 2531 4138 sequuntur.
2585 4087 2604 4121 ι
2655 4065 2766 4138 Ego
2812 4066 3080 4122 Dominus
3135 4067 3351 4121 locutus
3401 4079 3544 4121 sum.
3588 4085 3606 4116 ι

2036 4161 2184 4218 Satis
2218 4169 2301 4217 est
2349 4160 2495 4216 enim
2529 4161 2596 4215 ad
2645 4158 3022 4215 confirmanda
3070 4157 3234 4229 972
3263 4157 3429 4213 verba
3462 4156 3611 4212 illius

2034 4255 2127 4325 qui
2167 4265 2229 4307 ea
2260 4251 2400 4306 dixit
2433 4251 2757 4306 auctoritas.

2110 4345 2273 4402 Vens.
2313 4343 2403 4401 9.5.
2449 4341 2518 4398 Et
2561 4343 2841 4412 disponam
2888 4340 3083 4396 Davidi
3114 4350 3480 4395 testamentum
3518 4355 3614 4406 pa-

337 4440 554 4497 Τούτου
584 4445 614 4498 6
643 4443 854 4507 Παῦλος
904 4440 1255 4514 ’ἑρμηνευτής
1279 4455 1294 4470 ⁶
1339 4435 1436 4508 βοᾷ
1487 4434 1596 4507 γὰρ
1653 4433 1782 4504 περὶ
1837 4429 1925 4485 τοῦ

2036 4439 2133 4493 cis.
2163 4436 2339 4506 Hujus
2372 4436 2451 4490 rci
2491 4433 2698 4490 Paulus
2733 4433 3010 4503 interpres
3040 4442 3144 4494 est,
3181 4447 3306 4485 cum
3342 4433 3411 4485 de
3448 4429 3613 4485 Chri-

337 4532 586 4604 Χριστοῦ
616 4548 629 4561 ·
665 4550 686 4584 t
742 4532 913 4594 Αὐτός
944 4533 1091 4585 ἐστιν
1145 4531 1178 4601 ή
1216 4528 1409 4598 εἰρήνη
1437 4525 1612 4597 ἡμῶν,
1637 4526 1665 4580 6
1697 4525 1925 4592 ποιήσας

2035 4541 2121 4587 sto
2154 4531 2426 4585 exclamat
2462 4546 2474 4582 :
2511 4547 2530 4580 ‹
2564 4527 2682 4598 Ipse
2706 4533 2790 4581 est
2818 4541 2921 4596 pax
2949 4531 3159 4587 nostra,
3187 4523 3278 4593 qui
3305 4521 3435 4578 fecit
3463 4530 3615 4575 utra-

340 4625 417 4678 τὰ
440 4624 728 4694 ἀμφότερα
761 4623 841 4688 ἒν,
898 4623 994 4676 καὶ
1045 4621 1107 4675 τὸ
1161 4620 1476 4691 μεσότοιχον
1524 4619 1620 4671 τοῦ
1681 4617 1925 4690 φραγμοί

2037 4636 2145 4692 quc
2174 4635 2368 4684 unum,
2395 4627 2450 4674 et
2476 4619 2714 4673 medium
2742 4619 3005 4687 parietem
3043 4616 3295 4670 maceriae
3327 4615 3488 4669 solvit
3515 4611 3558 4668 ἱ.
3589 4631 3611 4665 ο

341 4713 542 4778 λύσας.
576 4733 594 4766 ι
631 4714 805 4768 Τοῦτο
853 4713 910 4768 δὲ
953 4713 1046 4767 καὶ
1089 4712 1204 4766 ἄνω
1254 4711 1360 4782 ἔφη
1387 4726 1402 4740 °
1445 4727 1463 4762 ι
1498 4712 1606 4764 Καὶ
1647 4710 1925 4782 ἀναστήσει

2040 4713 2155 4768 Hoc
2183 4713 2369 4767 itidem
2396 4725 2562 4782 supra
2582 4711 2722 4765 dixit
2749 4728 2762 4763 :
2791 4728 2809 4760 ι
2837 4707 2904 4762 Et
2925 4708 3206 4764 suscitabo
3229 4721 3396 4777 super
3411 4719 3506 4760 eos
3522 4719 3619 4774 pa-

345 4809 446 4861 ἐπ’
473 4810 672 4873 αὐτοὺς
729 4809 968 4880 ποιμένα
1037 4807 1155 4862 ἕνα.
1207 4824 1228 4860 ι
1262 4802 1358 4870 Εἰς
1410 4805 1520 4877 γὰρ
1573 4805 1667 4860 καὶ
1711 4806 1838 4868 τοὺς
1879 4803 1925 4870 ἐξ

2039 4819 2242 4864 storem
2271 4821 2464 4861 unum.
2481 4825 2497 4856 ι
2521 4803 2679 4860 Unus
2711 4801 2856 4857 enim
2887 4807 3002 4854 tum
3022 4812 3116 4854 eos
3141 4798 3232 4869 qui
3255 4812 3318 4851 ex
3343 4796 3614 4866 gentibus,

341 4893 526 4950 ἐθνῶν
555 4901 652 4954 καὶ
679 4900 807 4964 τοὺς
837 4899 898 4965 ἐξ
933 4898 1205 4953 Ἰουδαίων
1234 4896 1669 4960 πεπιστευκότας
1711 4895 1925 4966 ποιμαί-

2037 4909 2153 4954 tum
2198 4898 2290 4969 qui
2328 4913 2392 4952 ex
2424 4894 2628 4950 'Judzeis
2675 4893 2996 4953 credidere.
3031 4891 3227 4960 pascit.
3264 4906 3282 4938 ι
3312 4887 3377 4942 Et
3422 4886 3618 4942 delebo

349 5003 459 5040 νει.
488 5005 506 5038 ι
543 4987 650 5041 Καὶ
698 4993 914 5062 ἀφανιῶ
966 4991 1131 5062 θηρία
1185 4989 1399 5061 πονηρά
1441 4989 1549 5043 ἀπὸ
1598 4988 1698 5059 τῆς
1747 4990 1872 5058 γῆς.
1911 5008 1925 5040 ι

2040 4989 2248 5043 bestias
2273 4985 2447 5040 malas
2464 4985 2530 5040 de
2551 4990 2718 5039 terra.
2747 5001 2764 5032 ι
2795 4981 2860 5034 Et
2882 4981 3148 5034 malorum
3170 4975 3478 5031 daamonum
3505 4988 3620 5030 cte-

349 5078 472 5132 Καὶ
526 5077 636 5131 τῶν
689 5083 937 5150 πονηρῶν
977 5083 1257 5152 δαιμόνων
1308 5083 1375 5134 τὰ
1435 5082 1620 5150 στίφη,
1675 5079 1770 5132 καὶ
1808 5080 1925 5142 τοὺς

2043 5086 2154 5142 tus,
2185 5089 2235 5131 et
2263 5073 2496 5130 feritatis
2526 5073 2721 5128 morbo
2746 5071 3064 5123 laborantes
3103 5066 3388 5130 homines,
3417 5063 3618 5136 partim

347 5167 656 5239 θηριωδίαν
713 5171 1002 5234 νοσοῦντας
1060 5172 1402 5246 ἀνθρώπους,
1465 5173 1587 5236 τοὺς
1645 5173 1744 5242 μὲν
1773 5187 1925 5242 μετα·

2042 5169 2111 5225 de
2140 5166 2410 5222 sententia
2443 5165 2734 5224 deductos,
2757 5169 2813 5216 et
2845 5159 2912 5214 ad
2942 5160 3208 5214 rationem
3235 5157 3488 5213 redactos
3508 5196 3522 5218 .
3554 5169 3621 5210 ac

435 5356 464 5386 ο
491 5344 730 5418 Philipp.
766 5361 826 5412 ιι,
866 5343 920 5413 6,
953 5346 1004 5400 7.
1046 5344 1067 5384 ί
1104 5345 1210 5401 isa.
1242 5361 1392 5413 unt,
1417 5347 1470 5412 5,
1506 5345 1561 5403 6.
1637 5347 1666 5386 ⁸
1698 5343 1802 5400 lsa.
1841 5359 1925 5399 ιιι

2039 5385 2053 5400 .
2131 5344 2157 5384 h
2196 5340 2388 5396 Matth.
2431 5358 2528 5406 xu,
2566 5341 2654 5396 18.
2700 5343 2713 5381 ί
2758 5339 2922 5397 Joan.
2955 5337 3126 5403 x,i6.
3169 5334 3612 5407 iEphes.It,N.

1665 5499 1752 5554 VA
1761 5497 1898 5562 RIIE
1938 5495 2229 5554 LECTiON
2237 5497 2339 5554 ES.

433 5638 482 5672 ”
519 5639 599 5702 ὃς.
630 5638 674 5692 Α
704 5636 816 5691 καί.
889 5637 934 5669 ’⁸
979 5633 1141 5699 αὐτὸς
1169 5663 1242 5676 -
1291 5633 1590 5689 ἀναπαύσει
1641 5632 1859 5697 αὐτούς.
1915 5633 2044 5690 Des.
2095 5635 2148 5691 in
2194 5637 2258 5692 Α.
2335 5633 2382 5668 ’θ
2423 5631 2516 5688 καὶ
2544 5661 2614 5675 -
2651 5630 2868 5702 αὐτούς.
2922 5626 3153 5702 Gemina
3190 5618 3610 5702 interpretatio.

350 5711 410 5746 ιι
449 5686 943 5777 τόῖἱὶίὶῖίῲρι,
983 5686 1230 5760 Veios.
1259 5686 1615 5777 iussistis
1637 5686 2059 5777 ῥὲιόέῑιθβεβξιὶ
2098 5686 2258 5760 Eb.“
2293 5705 2338 5737 π
2377 5686 2456 5768 et:
2489 5703 2640 5759 Θεόν.
2671 5703 2715 5756 Α
2763 5686 2950 5766 θεᾏς(
2985 5686 3037 5733 ﬁ
3073 5700 3102 5752 6
3129 5694 3269 5751 δοῦλ.
3309 5686 3432 5762 μὸν.
3483 5686 3610 5746 Deo.

355 5780 418 5834 ἰι
449 5779 513 5833 Α.
593 5778 638 5810 ⁸⁷
677 5772 881 5847 ἄρχων.
913 5774 1115 5844 Supra,
1150 5783 1282 5830 tom.
1314 5775 1368 5842 ι,
1402 5789 1525 5848 pag.
1555 5772 1681 5842 m,
1704 5776 1733 5829 ό
1767 5772 2038 5845 βασιλεύς.

605 5870 879 5954 Panos.
913 5870 1031 5931 (in.
1065 5867 1350 5934 LXXXI.
3207 5853 3289 5915 37
