4070 6406
314 376 456 440 1165
1371 358 1452 418 ΙΝ
1484 351 1905 416 EZECHIELIE

2009 350 2122 410 AP.
2149 351 2408 412 XXXIV.
2517 390 2520 392 η

311 483 573 546 Iactat”;
620 479 677 534 δέ
723 477 899 546 ζυγοῦ
931 475 1028 546 τὴν
1068 474 1164 544 τῆς
1197 470 1441 535 δουλείας
1480 470 1723 537 ἀνάγκην
1763 465 1894 520 ἐκά-

2009 462 2214 526 bestias,
2253 465 2297 518 si
2331 463 2402 517 ad
2429 460 2650 517 Iudaeos
2683 462 2798 518 haec
2848 461 3174 528 referamus,
3223 461 3432 518 ferinos
3485 465 3582 517 lio-

309 579 508 631 λεσεψ
555 572 700 639 ἔθνη
739 569 796 623 δέ
824 567 919 622 καὶ
961 565 1155 634 θηρία.
1187 564 1280 617 ἐπὶ
1323 563 1420 634 μὲν
1469 558 1731 614 Ἰουδαίων
1765 558 1894 620 τοὺς

2009 565 2136 619 stes,
2163 555 2210 608 si
2247 555 2312 607 ad
2350 570 2454 610 nos
2488 554 2664 626 ipsos,
2705 556 2894 610 varias
2942 554 3255 609 daemonum
3315 556 3582 623 legiones,

311 664 599 739 θηριώδεις
641 660 952 730 πολεμίως,
991 656 1074 724 ἐφ’
1119 654 1276 725 ἡμῶν
1305 653 1363 706 δέ
1407 651 1478 705 τὰ
1525 650 1755 717 διάφορα
1782 646 1893 700 τῶν

2009 647 2094 716 qui
2129 647 2306 701 instar
2337 646 2576 702 ferarum
2626 649 2930 718 agrestium
2986 648 3238 704 homines
3292 648 3584 704 invadunt.

3447 347 3584 414 1166
3687 371 3690 376 ·

308 759 582 828 δαιμόνων
616 754 895 824 τάγματα,
932 749 980 803 οἳ
1020 748 1176 817 δίκην
1223 745 1427 816 Θηρίων
1461 743 1663 812 ἀγρίων
1704 740 1892 828 ἐπιᾶσι

309 827 424 911 τοῖς
445 842 773 916 ἀνθρώποις.
800 835 935 894 Εἶτα
967 837 1060 892 καὶ
1088 837 1148 890 τὸ
1175 834 1388 905 ἄμαχον
1409 832 1676 885 δείκνυσιν
1705 827 1890 892 ὅπλον,

309 940 411 1010 τὴν
463 939 544 1001 είς
599 934 762 990 αὐτὸν
803 932 994 986 ἐλπίδα
1046 928 1210 1000 φημί.
1269 925 1427 980 «Καὶ
1471 922 1892 993 κατοικήσουσιν

312 1033 397 1086 ἐπ’
423 1031 470 1062 ⁸⁸
514 1029 710 1091 ἐλπίδι,
759 1026 855 1078 καὶ
897 1025 998 1077 οὐκ
1047 1021 1199 1074 ἔσται
1237 1022 1266 1072 6
1312 1015 1556 1086 ἐκφοϐῶν
1601 1014 1818 1077 αὐτούς.
1867 1032 1887 1065 ι

327 1121 556 1191 Ἀγαθὸν
603 1118 713 1190 γὰρ
761 1115 1004 1180 ἐλπίζειν
1049 1112 1142 1167 ἐπὶ
1190 1110 1411 1182 Κύριον,
1454 1106 1487 1178 ἦ
1524 1105 1763 1170 ἐλπίζειν
1805 1105 1892 1158 ἐπ’

311 1215 638 1284 ἄνθρωπον⁸
692 1212 721 1265 6
771 1209 881 1280 γὰρ
931 1207 1136 1276 ταύτην
1182 1203 1320 1274 ἔχων
1370 1201 1470 1270 τὴν
1515 1199 1704 1252 ἐλπίδα
1751 1198 1890 1269 βοᾷ·

317 1323 337 1355 ι
371 1305 555 1358 Πάντα
602 1301 672 1355 τὰ
727 1299 854 1369 ἔθνη
909 1295 1227 1350 ἐκύκλωσάν
1283 1309 1370 1364 με,
1421 1292 1514 1345 καί⁹
1554 1290 1632 1361 τῷ
1669 1290 1894 1361 ὀνόματι

313 1397 519 1466 Κυρίου
554 1392 852 1465 ἠμυνάμην
881 1388 1099 1452 αὐτούς.

384 1488 487 1542 κθ¹.
529 1485 640 1540 Καὶ
662 1481 991 1548 ἀναστήσω
1022 1478 1228 1543 αὐτοῖς
1258 1476 1452 1547 φυτὸν
1475 1475 1719 1544 εἰρήνης
1734 1473 1780 1506 ⁸⁸
1807 1475 1894 1540 είς

312 1578 504 1646 ὄνομα
520 1575 586 1630 ⁸⁸.
627 1573 797 1627 Τοῦτο
837 1571 932 1626 καὶ
960 1572 989 1624 6
1029 1569 1312 1640 προφήτης
1367 1567 1596 1629 Ἡσαΐας
1638 1565 1785 1634 λέγει
1807 1564 1848 1595 ιτ
1877 1578 1892 1593 .

319 1690 338 1721 ι
375 1667 746 1737 Ἔξελεύσεται
769 1664 962 1736 ρἀδος
982 1666 1044 1718 ἐκ
1063 1665 1162 1735 τῆς
1188 1661 1344 1733 ῥίζης
1379 1659 1598 1724 Ἰεσσαὶ,
1621 1657 1715 1709 καὶ
1737 1654 1896 1719 ἄνθος

311 1762 381 1814 ἐκ
401 1760 500 1830 τῆς
529 1758 684 1830 ῥίζης
712 1756 1070 1828 ἀναϐήσεται,
1093 1755 1190 1807 καὶ
1218 1750 1665 1806 ἐπαναπαύσεται
1691 1750 1775 1802 ἐπ’
1805 1747 1899 1800 αὐ-

2003 738 2210 794 Deinde
2237 738 2402 793 etiam
2425 747 2646 794 scutum
2667 739 2912 795 ostendit
2939 739 3385 811 inexpugnabile,
3407 758 3585 813 spem,

2005 831 2262 900 inquam,
2301 830 2355 884 in
2390 831 2591 900 ipsum.
2622 849 2641 881 ι
2690 830 2756 884 Et
2775 831 3100 886 habitabunt
3134 833 3211 886 in'
3251 849 3367 902 spe,
3401 841 3586 888 etnon

2002 924 2111 977 erit
2137 922 2229 992 qui
2265 930 2472 978 terreat
2509 923 2717 992 ipsosa
2743 921 2946 978 Melius
2971 932 3055 978 cst
3077 923 3226 978 enim
3269 939 3498 995 sperare
3531 926 3586 979 in

2005 1013 2262 1078 Domino,
2303 1028 2468 1083 quam
2500 1028 2724 1082 sperare
2745 1013 2800 1066 in
2830 1013 3053 1067 homine
3074 1024 3102 1062 ιι
3125 1029 3138 1078 ;
3161 1014 3292 1083 quia
3317 1017 3410 1084 qui
3447 1015 3589 1069 hanc

2003 1120 2156 1174 spem
2196 1105 2386 1170 habet,
2441 1105 2758 1160 exclamat:
2799 1123 2819 1155 ι
2855 1103 3060 1160 Omnes
3102 1115 3293 1174 gentes
3346 1107 3589 1161 circum-

2001 1197 2272 1253 dederunt
2301 1213 2410 1261 me,
2443 1203 2497 1252 et
2535 1197 2758 1252 nomine
2779 1196 2995 1251 Domini
3013 1198 3172 1263 .ultus
3204 1213 3327 1252 sum
3353 1215 3470 1254 eos.
3500 1210 3528 1250 τι
3563 1220 3582 1252 ι

2073 1468 2239 1522 Vens.
2265 1467 2360 1521 29.
2390 1467 2460 1521 Et
2497 1465 2767 1519 suscitabo
2793 1465 2867 1518 eis
2901 1464 3142 1533 plantam
3185 1466 3336 1532 pacis
3386 1467 3441 1519 in
3496 1483 3591 1520 no-

2003 1577 2141 1614 men.
2175 1557 2288 1612 Hoc.
2312 1557 2440 1610 item
2473 1554 2646 1610 Isaias
2687 1553 2939 1624 praedicit.
2971 1571 2985 1607 :
3024 1571 3043 1604 ι
3076 1552 3408 1622 Egredietur
3438 1555 3588 1623 virga

2004 1653 2072 1706 de
2103 1650 2291 1704 radice
2321 1647 2515 1711 fessae,
2542 1653 2598 1701 et
2628 1645 2728 1701 llos
2756 1644 2824 1700 de
2851 1643 3042 1699 radice
3071 1643 3200 1707 eius
3230 1646 3514 1711 ascendet,
3541 1655 3597 1700 et

2006 1738 2316 1808 requiescet
2345 1751 2513 1806 super
2557 1748 2683 1791 eum
2731 1732 2973 1808 Spiritus
3025 1731 3142 1799 Dei,
3178 1751 3198 1785 ι
3229 1741 3284 1786 ct
3339 1749 3460 1805 quae
3504 1750 3595 1790 se-

309 1853 406 1906 τδν
440 1820 676 1922 ἀνέδέά
709 1849 803 1903 τοῦ
835 1820 994 1912 esas,
1035 1867 1056 1900 θ
1112 1847 1208 1900 και
1245 1845 1315 1899 τὰ
1359 1843 1504 1914 ἐξῆς.
1556 1841 1665 1894 Καὶ
1698 1839 1896 1894 πάλινο

2009 1836 2251 1898 qnuntur
2274 1837 2319 1877 ι’.
2355 1825 2423 1879 Et
2460 1839 2658 1880 rursus
2690 1842 2702 1877 :
2736 1841 2754 1874 ι
2803 1821 2924 1877 Erit
2952 1821 3108 1876 radix
3157 1820 3352 1889 Jessae,
3395 1831 3451 1879 et
3498 1827 3593 1893 qui

317 1961 338 1994 ι
369 1943 564 1996 Ἔσται
590 1944 624 2012 ή
661 1940 787 2013 ῥίζα
811 1939 906 1992 τοῦ
955 1937 1174 2002 Ἰεσσαὶ,
1208 1934 1303 1990 καὶ
1340 1937 1368 1988 6
1402 1931 1760 2001 ἀνιστάμενος
1796 1927 1899 1999 ἀρ-

308 2050 430 2103 χειν
477 2032 688 2086 ἐθνῶνσ
736 2031 822 2083 ἐπ’
855 2028 1002 2099 αὐτῷ
1033 2027 1159 2099 ἔθνη
1218 2023 1486 2086 ἐλπιοῦσι,
1520 2022 1615 2075 καὶ
1663 2018 1814 2072 ἔσται
1866 2019 1901 2087 ἡ

309 2125 624 2187 ἀνάπαυσις
653 2121 820 2178 αὐτοῦ
849 2122 1007 2193 τιμή.
1034 2140 1052 2171 ι
1094 2118 1265 2172 Τοῦτο
1298 2115 1616 2188 ἑρμηνεύων
1648 2115 1677 2165 6
1699 2111 1902 2182 Κύριος

311 2215 419 2288 ἔφη
448 2231 462 2245 '
495 2233 516 2267 ι
571 2213 711 2284 Ἐγώ
738 2215 853 2284 είμι
885 2212 1127 2282 ἄμπελος
1155 2210 1201 2243 ⁸⁸
1227 2213 1260 2281 ἡ
1293 2207 1521 2279 ἀληθινὴ
1541 2206 1610 2270 ⁸³,
1646 2205 1805 2274 ὑμεῖς
1831 2203 1900 2255 τά

313 2305 591 2376 κλήματα.
623 2323 642 2356 ι
688 2305 799 2356 Καὶ
829 2305 887 2356 ἐν
917 2305 1028 2365 τοῖς
1060 2301 1305 2372 ’ᾼσμασι
1332 2299 1440 2350 τῶν
1469 2295 1728 2367 ᾀσμάτων
1754 2291 1901 2365 εὐρί-

319 2414 522 2467 σκομεν
551 2396 648 2467 τὴν
677 2393 896 2465 νύμφην
941 2393 1205 2462 λέγουσαν
1233 2407 1246 2421 ·
1302 2410 1320 2440 ι
1367 2389 1455 2451 Ὠς
1501 2386 1668 2457 μῆλον
1705 2386 1763 2438 ἐν
1789 2386 1904 2448 τοῖς

319 2489 499 2556 ξύλοις
527 2488 620 2541 τοῦ
645 2485 874 2559 δρυμοῦ,
899 2485 1073 2548 οὕτως
1101 2487 1129 2537 6
1153 2479 1468 2552 ἀδελφιδοῦς
1488 2482 1534 2512 ⁵⁸
1570 2496 1670 2550 μου
1694 2476 1904 2547 ἀναμέ-

324 2598 418 2634 σον
451 2579 559 2632 τῶν
589 2579 735 2635 υίῶν.
768 2598 784 2630 ι
826 2580 936 2633 Καὶ
965 2575 1198 2630 ἐνταῦθα
1220 2574 1401 2628 τοίνυν
1428 2572 1592 2643 φησίν
1616 2587 1632 2602 ο
1681 2589 1700 2621 ι
1743 2571 1902 2622 Ἀναι

323 2674 506 2744 στήσω
535 2671 717 2734 αὐτοῖς
743 2669 910 2739 φυτὸν
938 2669 1164 2742 είρήνης
1191 2667 1272 2729 εἰς
1309 2664 1482 2734 ὄνομα
1507 2680 1522 2694 ·
1555 2681 1575 2715 ›
1625 2661 1905 2715 τουτέστιν

312 2762 771 2832 ὀνομαστότατον,
801 2759 1028 2824 ἔνδοξον,
1055 2755 1511 2828 πολυθρύλλητον.
1545 2756 1705 2816 Ἴσως
1728 2751 1787 2806 δὲ
1810 2752 1906 2805 καὶ

313 2853 502 2926 ἕτερον
527 2855 554 2906 6
573 2852 731 2920 λόγος
759 2851 1079 2915 αἰνίττεται,
1108 2851 1192 2902 ὅτι
1228 2850 1293 2901 ἐκ
1320 2845 1416 2900 τοῦ
1448 2843 1619 2916 φυτοῦ
1649 2844 1709 2896 τὸ
1737 2843 1908 2914 ὄνομα

313 2943 577 3014 λήψονται
601 2959 615 2974 ·
651 2943 761 2997 ἀπὸ
792 2942 902 3013 γὰρ
929 2939 1176 3012 Χριστοῦ
1213 2936 1534 3009 Χριστιανοὶ
1563 2933 1824 2998 πάντεςδί
1855 2934 1908 2987 ei.

312 3037 560 3100 εὐσεϐεῖς
585 3053 600 3068 ο
633 3055 651 3088 ι
673 3035 786 3090 Καὶ
805 3035 849 3066 ³³
881 3033 1066 3087 οὐκέτι
1097 3031 1312 3084 ἔσονται
1343 3027 1514 3097 ὀλίγοι
1538 3030 1595 3080 ἐν
1611 3027 1658 3064 ⁸³
1689 3025 1910 3098 ἀριθμῷ

314 3129 378 3181 ἐν
407 3130 473 3200 τῇ
498 3131 592 3198 γῇ.
625 3147 645 3180 ι
699 3124 992 3180 Τουτέστιν
1023 3124 1071 3176 oi
1114 3121 1358 3184 εὐσεϐεῖς
1386 3136 1400 3150 ο
1451 3118 1622 3188 ὀλίγοι
1653 3118 1763 3190 γὰρ
1787 3118 1908 3171 λίαν

2003 1916 2294 1986 consurgit
2320 1922 2380 1968 ut
2412 1912 2676 1982 princeps
2702 1911 2773 1966 sit
2805 1909 3048 1981 gentium
3089 1927 3102 1964 :
3147 1909 3204 1963 in
3247 1909 3370 1979 ipso
3395 1920 3596 1981 gentes

2004 2007 2325 2078 sperabunt,
2361 2012 2416 2059 et
2452 2003 2560 2058 erit
2588 1993 2811 2072 requies
2843 2002 2965 2070 ejus
3001 2002 3180 2056 honor
3216 2008 3239 2036 ³
3285 2019 3304 2052 ι
3350 2001 3467 2056 Hoc
3507 2002 3594 2055 in-

2003 2105 2321 2168 terpretans
2355 2094 2622 2149 Dominus
2651 2092 2789 2147 dixit
2833 2111 2847 2146 :
2886 2112 2905 2144 ι
2944 2092 3058 2163 Ego
3093 2107 3215 2148 sum
3266 2093 3396 2149 vitis
3438 2106 3590 2153 vera,

2003 2205 2104 2246 vos
2132 2188 2394 2258 palmites
2427 2188 2468 2242 ί.
2510 2206 2529 2240 ι
2570 2187 2634 2241 Ει
2675 2186 2731 2240 in
2763 2183 3012 2239 Cantieis
3049 2184 3396 2240 canticorum
3436 2200 3592 2238 com-

2005 2281 2254 2352 perimus
2308 2293 2570 2349 sponsam
2618 2278 2896 2333 dicentem
2942 2294 2955 2330 :
2999 2295 3022 2328 ι
3064 2277 3219 2332 Sicut
3271 2278 3476 2333 malum
3538 2279 3594 2333 in

2006 2371 2174 2443 lignis
2210 2371 2384 2434 silvae,
2409 2371 2498 2424 sic
2531 2383 2703 2440 nepos
2731 2384 2888 2423 meus
2921 2368 2976 2422 in
3010 2369 3192 2424 medio
3231 2369 3468 2425 filiorum
3489 2379 3539 2424 ιι.
3570 2390 3589 2424 ι

2007 2462 2178 2534 Igitur
2212 2461 2302 2517 hic
2325 2477 2568 2532 quoque,
2601 2479 2619 2512 ι
2661 2460 2958 2515 Suscitabo
2988 2460 3090 2523 eis,
3111 2461 3317 2532 inquit,
3345 2463 3592 2532 plantam

2006 2557 2159 2627 pacis
2221 2556 2273 2610 in
2308 2571 2538 2619 nomen,
2580 2575 2601 2607 ι
2648 2554 2704 2608 id
2755 2561 2863 2618 est,
2903 2555 3328 2620 nobilissimam,
3387 2556 3595 2626 glorio-

2007 2648 2619 2709 sam,celeberrimam.
2655 2645 2722 2700 Et
2762 2646 3002 2702 fortasse
3043 2647 3192 2700 aliud
3230 2662 3456 2718 quoque
3507 2650 3598 2702 in-

2006 2740 2128 2794 nuit
2155 2739 2356 2805 oratio,
2399 2739 2617 2794 scilicet
2656 2753 2686 2792 a
2716 2739 2904 2808 planta
2934 2752 3030 2794 eos
3061 2753 3262 2793 nomen
3298 2739 3599 2809 adepturos

2007 2848 2174 2888 esse:
2209 2848 2240 2887 a
2283 2831 2510 2887 Christo
2553 2832 2702 2886 enim
2739 2846 2934 2886 omnes
2977 2830 3054 2901 pii
3101 2830 3235 2885 dicti
3264 2831 3598 2885 Christiani.

2015 2943 2034 2976 ι
2070 2924 2139 2978 Ει
2173 2939 2287 2979 non
2335 2923 2576 2994 amplius
2619 2921 2786 2993 975
2820 2932 2984 2977 erunt
3037 2922 3202 2992 pauci
3259 2936 3492 2977 numero
3545 2922 3601 2977 in

2010 3024 2179 3072 terra.
2223 3035 2242 3067 ι
2272 3015 2389 3070 Hoc
2419 3025 2506 3070 est
2531 3015 2631 3085 pii,
2675 3014 2770 3084 qui
2802 3013 3102 3068 admodum
3147 3013 3334 3085 exigui
3375 3013 3605 3071 fuerunt

2011 3115 2140 3161 ante
2192 3106 2402 3162 Christi
2455 3104 2778 3160 adventum.
2821 3122 2841 3155 ι
2877 3102 2943 3158 Ει
2975 3119 3083 3160 non
3136 3105 3373 3175 amplius
3440 3117 3606 3162 erunt

313 3179 596 3291 ἦσαν.
627 3218 730 3289 τῆς
761 3216 998 3288 Χριστοῦ
1017 3215 1064 3246 ⁸⁵
1099 3179 1422 3284 παρουσίας.
1482 3231 1500 3262 ι
1544 3179 1792 3265 Χαὶυούκ
1825 3208 1905 3263 ἔτι

2014 3201 2158 3257 fame
2205 3206 2504 3270 pereuntes
2578 3197 2635 3252 in
2670 3203 2838 3252 terra.
2884 3194 3126 3261 iOmni,
3188 3197 3390 3267 inquit,
3433 3198 3605 3268 spiri-

316 3315 532 3367 ἔσονται
574 3312 718 3383 λιμῷ
761 3309 1127 3380 ἀπολλύμενοι
1180 3307 1271 3360 ἐπὶ
1311 3306 1412 3376 τῆς
1457 3305 1583 3375 γῆς.
1625 3324 1644 3357 ι
1695 3304 1905 3374 Πάσης,

317 3407 477 3476 φησὶ,
509 3403 890 3475 πνευματικῆς
916 3401 1319 3455 ἀπολαύσονται
1352 3397 1558 3470 τροφῆς
1579 3412 1595 3427 ·
1623 3395 1781 3466 λιμὸν
1800 3395 1908 3468 γὰρ

315 3496 555 3551 ἐνταῦθα
600 3494 695 3549 τοῦ
740 3495 902 3563 λόγου
932 3493 1030 3564 τὴν
1066 3492 1321 3563 στέρησιν
1371 3489 1669 3558 ὀνομάζει,
1715 3489 1777 3542 ὃν
1820 3489 1912 3543 διὰ

317 3588 430 3642 τῶν
469 3585 766 3661 προφητῶν
809 3585 1104 3655 ἠπείλησεν
1155 3583 1186 3635 6
1229 3582 1362 3644 Θεός
1392 3597 1407 3612 ο
1466 3599 1484 3632 ι
1526 3580 1742 3647 Ἑπάξω
1779 3579 1908 3649 γὰρ,

319 3681 509 3751 φησὶν,
530 3679 591 3733 οὐ
614 3676 772 3748 λιμὸν
801 3676 992 3745 ἄρτου,
1021 3673 1144 3728 οὐδὲ
1171 3672 1331 3742 δίψαν
1356 3670 1567 3738 ὓδατος,
1593 3671 1729 3725 ἀλλὰ
1754 3670 1912 3742 λιμὸν

318 3770 420 3825 τοῦ
449 3769 685 3826 ἀκοῦσαι
715 3768 873 3834 λόγον
916 3767 1144 3839 Κυρίου.
1185 3784 1206 3817 ι
1253 3794 1323 3806 --
1367 3783 1384 3815 ι
1424 3763 1536 3817 Καὶ
1567 3763 1628 3817 οὐ
1661 3763 1735 3834 μὴ
1762 3762 1913 3830 ἐνέγ-

318 3879 497 3918 κωσιν
541 3861 623 3916 ἐτι
665 3859 968 3930 ὀνειδισμὸν
999 3857 1193 3911 ἐθνῶν.
1236 3876 1256 3907 ι
1313 3855 1424 3908 Καὶ
1460 3854 1621 3908 τοῦτο
1653 3855 1712 3907 δὲ
1751 3855 1913 3908 πάλιν

322 3956 419 4009 καὶ
445 3956 576 4024 ἡμῖν
605 3953 700 4006 καὶ
748 3950 1021 4013 Ἰουδαίοις
1049 3947 1314 4021 ἁρμόττει
1348 3962 1363 3975 °
1413 3947 1575 4017 ἡμεῖς
1605 3961 1665 3998 τε
1694 3944 1804 4015 γὰρ
1833 3945 1913 4007 είς

323 4043 533 4114 πλῆθος
557 4041 906 4112 αὐξηθέντες,
929 4039 1026 4093 καὶ
1047 4039 1146 4109 τὴν
1165 4036 1492 4107 οἰκουμένην
1513 4033 1908 4104 ἐμπλήσαντες,

321 4135 428 4188 οὐκ
450 4133 532 4186 ἐτι
557 4133 664 4186 ὐπὸ
686 4131 796 4184 τῶν
823 4132 880 4183 ἐν
909 4132 976 4200 τῇ
1004 4127 1229 4198 ἀσεϐείᾳ
1255 4125 1649 4197 διαμεινάντων
1669 4124 1914 4188 ὀνειδιζό-

326 4224 490 4296 μεθα,
533 4222 673 4279 ἀλλὰ
718 4221 919 4293 μᾶλλον
959 4217 1416 4288 διαφθονούμεθα,
1450 4217 1544 4271 καί⁸
1583 4214 1914 4286 ζηλοτυπού-

326 4317 470 4388 μεθα
491 4334 507 4346 °
541 4317 639 4370 καὶ
676 4315 920 4370 Ἰουδαῖοι
946 4313 1086 4384 μετὰ
1108 4313 1205 4383 τὴν
1227 4309 1549 4373 Βαϐυλῶνος
1562 4309 1610 4340 ⁸⁸
1631 4308 1910 4374 ἐπάνοδον,

321 4411 427 4481 τῆς
466 4409 844 4480 αἰχμαλωσίας
879 4405 1309 4475 ἀπαλλαγέντες,
1351 4404 1412 4456 τὸ
1439 4403 1640 4456 οἰκεῖον
1683 4401 1914 4470 ἀνεκτή-

325 4515 495 4554 σαντο
520 4498 798 4569 φρόνημα.

398 4590 464 4645 λ’.
496 4591 607 4645 Kal
638 4589 994 4662 γνώσονται,
1037 4587 1127 4641 ὅτι
1156 4585 1272 4656 ἐγώ
1307 4587 1423 4655 ειμι
1462 4585 1676 4653 Κύριος
1705 4586 1737 4638 ό
1770 4581 1914 4648 Θεὸς

321 4677 630 4741 atatim",
681 4676 782 4730 καὶ
815 4675 984 4729 αὐτοὶ
1030 4674 1184 4740 λαός
1209 4689 1330 4742 μου
1355 4711 1372 4735 ,
1433 4667 1600 4738 οἶκος
1645 4669 1916 4740 Ἰσραὴλ,

321 4765 492 4836 λέγει
551 4763 806 4821 Ἀδωνία
859 4763 1098 4831 Κύριος.
1171 4760 1494 4828 Ἀναγκαῖον
1547 4757 1917 4830 μνημονεῦσαι

326 4860 437 4912 τῶν
483 4859 579 4914 τοῦ
626 4855 949 4912 ’Λποστόλου
1001 4853 1266 4926 ῥημάτων
1285 4895 1300 4918 ,
1331 4853 1414 4906 ὅτι
1451 4871 1468 4904 ι
1507 4852 1582 4905 Οὐ
1630 4852 1834 4913 πάντες
1862 4851 1915 4902 οἱ

327 4949 392 5016 ἐξ
437 4950 792 5020 Ἰερουσαλὴμ
815 4949 884 5014 ⁸⁷,
949 4942 1096 5003 οὗτοι
1161 4944 1382 5016 Ἰσραὴλ
1408 4983 1426 5008 ,
1496 4944 1607 4997 οὐδ’
1665 4944 1748 4996 ὃτι
1810 4941 1919 4995 εἰσὶ

330 5041 559 5113 σπέρμα
612 5041 903 5114 Ἀϐραὰμ,
948 5040 1150 5101 πάντες
1195 5038 1385 5091 τέκνα.
1433 5056 1450 5088 ι
1487 5036 1810 5108 Προσθεῖναι
1859 5036 1918 5089 δὲ

394 5217 601 5279 ¹ιῬοιιὶ.
632 5231 778 5271 cxvu
821 5216 916 5281 ,8.
1017 5226 1046 5265 «ι
1076 5213 1221 5270 Psal.
1279 5226 1465 5275 cxvn,
1521 5211 1606 5265 10.

334 5302 362 5331 ν
397 5292 566 5348 Amos
606 5303 722 5351 vm,
753 5287 809 5340 2.
891 5298 916 5325 ι
960 5282 1119 5338 Rom.
1155 5299 1230 5349 Ix,
1263 5285 1316 5346 ϐ,
1353 5281 1404 5334 7.

1688 5221 1708 5247 τ
1747 5210 1850 5264 Isa.
1891 5225 1951 5272 ιι,
1994 5206 2121 5270 1,⁴2.
2197 5213 2222 5242 ³
2261 5203 2394 5258 ibid.
2441 5201 2527 5256 10.

2011 3291 2149 3347 tuali
2178 3290 2435 3345 fruentur
2457 3289 2742 3344 alimento.
2781 3285 2881 3341 Hic
2927 3287 3074 3341 enim
3106 3286 3301 3356 [autem
3331 3289 3487 3343 verbi
3515 3288 3603 3342 in.

2011 3383 2318 3456 digentiam
2355 3388 2538 3445 vocat,
2566 3394 2732 3450 quam
2762 3393 2859 3448 per
2892 3379 3196 3448 prOphetas
3232 3379 3474 3435 minatus
3518 3389 3606 3437 est

2011 3477 2181 3532 Deus.
2217 3493 2239 3524 ‹
2275 3473 2541 3528 lnducam
2583 3471 2730 3526 enim
2767 3485 2877 3524 non
2917 3469 3114 3524 famem
3156 3470 3342 3540 panis,
3381 3471 3603 3540 inquit.

2011 3582 2193 3639 neque
2221 3565 2376 3622 sitim
2419 3578 2600 3634 aquae,
2657 3561 2755 3618 sed
2815 3561 3019 3616 famem
3052 3561 3312 3617 audiendi
3375 3563 3604 3618 verbum

2017 3663 2304 3721 Domini'.
2347 3678 2494 3712 ›-‹
2535 3659 2604 3713 Et
2637 3673 2748 3712 non
2775 3658 3083 3728 portabunt
3127 3655 3368 3726 amplius
3397 3670 3608 3726 oppro-

2012 3756 2200 3812 brium
2230 3753 2502 3825 gentium.
2541 3770 2559 3801 ι
2599 3748 2665 3803 Et
2719 3748 2826 3804 hoc
2863 3763 3064 3804 rursus
3115 3756 3234 3801 tum
3271 3747 3459 3812 nobis,
3491 3755 3606 3800 tum

2013 3847 2225 3903 Judaels
2259 3845 2542 3900 convenit.
2581 3840 2694 3897 Nos
2729 3841 2878 3896 enim
2901 3841 2957 3894 in
2990 3837 3397 3893 multitudinem
3427 3840 3606 3902 aucti,

2015 3954 2140 3994 cum
2169 3937 2362 3992 orbem
2397 3942 2673 3988 terrarum
2701 3929 3190 4000 compleverimus,
3219 3942 3332 3982 non
3363 3928 3610 3998 amplius

2015 4031 2084 4085 ab
2124 4029 2215 4092 iis,
2245 4027 2340 4098 qui
2371 4026 2426 4080 in
2487 4023 2773 4094 impietate
2828 4028 3290 4090 permanserunt,
3338 4019 3611 4073 conviciis

2016 4121 2308 4187 aﬂlcimur,
2336 4119 2448 4173 imo
2482 4117 2670 4187 potius
2702 4112 3190 4176 nobisinvidetur,
3245 4120 3300 4166 et
3353 4111 3444 4166 alii
3505 4125 3608 4168 nos

2013 4217 2389 4272 aemulantur:
2416 4211 2590 4267 Judaei
2618 4224 2769 4274 vero,
2797 4217 2919 4280 post
2945 4207 3186 4264 reditum
3219 4221 3249 4261 e
3273 4207 3548 4277 Babylone
3575 4221 3606 4258 a

2015 4305 2336 4375 captivitate
2361 4303 2606 4366 liberati,
2645 4317 2803 4356 suam
2856 4297 3330 4354 existimationem
3380 4311 3607 4368 recepe-

2015 4404 2168 4452 l'lllli.

2088 4572 2256 4628 Vens.
2288 4569 2380 4626 ³50.
2417 4567 2485 4622 Et
2510 4574 2825 4638 cognoscent
2881 4580 2962 4618 me
2985 4579 3097 4618 esse
3128 4561 3413 4616 Dominum
3440 4561 3607 4615 Deum

2015 4667 2250 4735 ipsorum
2269 4702 2285 4728 ,
2316 4662 2456 4730 ipsos
2479 4675 2598 4714 vero
2622 4659 2874 4726 populum
2899 4671 3072 4710 meum
3087 4669 3107 4719 ;
3143 4652 3332 4706 domus
3360 4650 3606 4714 Israelis,

2014 4761 2144 4813 dicit
2174 4755 2387 4811 Adonai
2413 4753 2694 4807 Dominus.
2724 4746 3090 4806 Commodum
3113 4744 3283 4801 fuerit
3309 4744 3605 4800 verborum

2017 4847 2271 4919 Apostoli
2324 4842 2673 4904 meminisse,
2705 4837 2995 4893 dicentis:
3036 4855 3054 4886 ι
3095 4833 3216 4890 Non
3261 4849 3460 4890 omnes
3510 4833 3606 4905 qui

2016 4955 2083 4994 ex
2117 4935 2526 5002 Hierosolyma,
2559 4931 2594 4984 ii
2641 4928 2832 4992 Israel,
2866 4941 3048 4996 neque
3087 4925 3217 4994 quia
3253 4932 3385 4979 sunt
3416 4939 3605 4979 semen

2015 5029 2344 5093 Abrahami,
2381 5039 2575 5082 omnes
2610 5022 2706 5077 filii
2739 5029 2790 5074 ι.
2825 5038 2844 5071 ι
2868 5018 2949 5074 Ad
2977 5033 3100 5089 qua;
3138 5017 3342 5074 addere
3389 5024 3607 5088 Oportet

2639 5203 2656 5235 ι
2684 5196 2846 5252 Joan.
2881 5213 2970 5260 xv,
3005 5195 3059 5249 5.
3175 5207 3212 5289 ἰι
3244 5194 3404 5250 Cant.
3442 5211 3506 5262 ιι,
3547 5194 3602 5248 5.

1617 5380 1856 5468 vnum
1882 5403 2289 5465 LECTIONES.

407 5549 454 5581 ιι
491 5547 642 5602 Αενο
719 5543 765 5577 δ’
803 5543 908 5614 ειρα
946 5539 1073 5614 Des-
1106 5537 1161 5614 il!
1187 5535 1378 5614 ηοιπο.
1429 5535 1476 5614 λέ
1515 5512 2029 5614 είςὲνοζυςεὲ-Ᾰηὲο
2112 5521 2928 5614 testia}estetsi;
2957 5509 3603 5614 .1‘_£&:'--§..E:'2‘.;.2°

332 5619 382 5694 ξφ
414 5621 450 5689 ἠ
484 5618 570 5694 alt.
610 5609 897 5694 Adversa]
925 5611 1080 5694 aloe:
1110 5609 1207 5694 cit.

333 5691 381 5724 "
422 5680 519 5743 καὶ
560 5716 628 5732 --
655 5682 914 5757 115.9%.
948 5681 1009 5757 in
1036 5680 1200 5757 Hebr.

1242 5606 1501 5679 pertinet.

1297 5677 1378 5710 ’⁵³
1414 5677 1495 5731 ἐν.
1528 5673 1603 5728 Ex
1632 5675 1676 5728 Α
1708 5682 1763 5727 et
1790 5672 1830 5726 Β
1863 5685 2005 5742 snpp

1602 5578 2059 5671 ιΤΒἙὲέλξώόξ.
2137 5598 2193 5671 ’ξ’
2223 5578 2331 5671 ip:
2363 5578 2586 5671 πάντες.
2617 5578 2694 5646 Ita
2721 5578 3410 5671 Βηξθεά-ξιιχιιιξεοπὶοιςόἱςιιε⁸
3435 5578 3600 5671 Sinti.

2010 5649 2056 5724 Iv.
2159 5649 2346 5736 ³⁸Χρ.
2391 5649 2658 5736 B‘prasm.
2697 5649 2816 5716 τοῦ.
2928 5660 2974 5692 ³⁸
3012 5657 3146 5714 Βαϐ.
3174 5655 3215 5710 Β
3247 5667 3438 5726 praem.
3475 5649 3600 5704 ἀπὸ.

335 5762 383 5793 ιι
419 5731 619 5813 ἆξὲῶν.
650 5731 1217 5824 ιί³ἔῐάἆῖξέεὲλ²οὶΰέῶι
1293 5748 1338 5780 ιτ
1389 5747 1613 5816 Ίερουσ.
1651 5745 1783 5801 Rec.
1813 5731 2121 5800 lecti'o'loc.
2153 5737 2248 5794 cit.
2281 5731 2364 5793 est
2411 5731 2646 5803 Ἰσραήλ.
