4070 6394
462 349 599 414 1167

1448 345 1902 408 THEODURET
1908 344 1932 402 1
1960 343 2297 404 EPISCOPI
2322 346 2562 406 CYHEN
2570 346 2685 404 515

3574 339 3714 405 1163

463 475 548 522 ea,
575 475 696 529 qua:
730 473 758 512 ει
799 458 989 514 divino
1016 457 1230 514 Joanne
1261 456 1507 526 Baptista
1552 455 1846 512 Phariszeis
1890 455 2044 509 luere

2156 456 2359 520 τούτοις
2394 459 2662 528 προσήκει
2711 457 2805 511 τοῦ
2854 456 3142 509 Θεσπεσίου
3187 457 3436 511 Ἰωάννου
3470 456 3562 510 τοῦ
3602 456 3708 511 Βα-

463 553 612 606 dicta
653 569 666 605 :
703 569 720 602 ι
765 549 953 606 Potest
984 549 1130 606 Deus
1170 548 1236 605 de
1269 549 1548 617 lapidibus
1589 549 1712 604 istis
1771 550 2044 604 suscitare

469 646 608 699 lilios
653 642 1027 698 Abrahamol.
1091 659 1108 692 ι
1161 639 1240 696 Ex
1299 641 1509 710 quibus
1563 640 1916 711 perspicuum
1961 651 2043 696 est

466 751 658 790 omnes
706 735 869 788 illos'
904 733 1000 802 qui
1035 734 1295 800 credunt,
1357 742 1413 789 et
1464 741 1748 789 auctorem
1794 734 2043 787 omnium

467 843 650 883 rerum
684 825 850 880 Deum
887 841 982 895 per
1016 827 1198 886 fidem.
1233 835 1504 897 quantum
1549 841 1577 880 a
1609 827 1769 882 nobis
1794 826 1912 881 ﬁeri
1948 840 2046 896 po-

467 929 594 982 test,
629 918 839 981 vident,
883 917 1058 972 Israel
1106 919 1415 988 nuncupari
1451 935 1465 973 :
1500 919 1603 974 hoc
1641 920 1791 974 enim
1837 933 2044 973 nomen

467 1010 648 1080 ipsum
687 1010 914 1065 indicat.
947 1009 1012 1065 Et
1047 1010 1158 1068 illis
1189 1011 1412 1082 quidem
1445 1011 1548 1065 hoe
1575 1012 1773 1066 accidit
1806 1018 1929 1081 post
1963 1025 2048 1065 re-

465 1103 641 1155 ditum
674 1120 686 1155 :
731 1101 892 1157 nobis
920 1103 1098 1172 magis
1132 1103 1356 1172 proprie
1385 1103 1679 1174 veriusque
1719 1104 1886 1175 976
1911 1119 2049 1158 con-

464 1192 612 1246 venit
644 1193 954 1263 prephetia,
996 1194 1224 1262 quando
1276 1211 1385 1248 non
1435 1193 1607 1264 ﬁgura
1644 1202 1837 1250 nostra
1889 1203 2044 1259 sunt,

465 1281 561 1335 sed
607 1282 833 1336 veritas.

537 1461 703 1516 Vens.
739 1463 828 1516 5i.
861 1461 928 1516 Et
965 1478 1050 1515 vos
1083 1477 1199 1516 oves
1223 1477 1368 1527 uteie,
1401 1460 1603 1529 inquit,
1643 1471 1690 1512 et
1721 1477 1834 1514 oves
1866 1462 2049 1528 pascui

463 1558 587 1608 mei.
616 1552 1036 1622 Ostendensque
1055 1568 1164 1606 non
1185 1554 1363 1607 solum
1399 1569 1457 1608 se
1480 1568 1604 1606 cum
1634 1550 1841 1607 Israele
1870 1553 2044 1607 collo-

465 1648 582 1716 qui,
620 1643 712 1700 sed
760 1659 889 1698 cum
941 1645 1090 1698 omni
1155 1643 1392 1698 humana
1455 1653 1676 1706 natura,
1725 1645 2051 1700 necessario

465 1738 726 1808 apposuit
758 1755 768 1789 :
810 1755 826 1786 ι
872 1735 1136 1790 Homines
1163 1737 1320 1799 estis,
1357 1743 1413 1790 et
1445 1751 1546 1805 ego
1594 1734 1860 1791 Dominus
1905 1734 2050 1791 Deus

461 1837 668 1889 Vester,
726 1828 861 1881 dicit
902 1827 1111 1881 Adonai
1159 1825 1450 1882 Dominus.
1481 1847 1499 1879 ι
1530 1825 1639 1882 Vos
1667 1827 1813 1881 enim
1849 1842 1879 1879 a
1920 1827 2052 1881 feri-

464 1928 579 1976 tate
607 1920 824 1976 liberati
859 1920 1280 1976 convenientem
1336 1919 1624 1973 hominum
1675 1928 1890 1974 natura:
1923 1935 2051 1974 sen-

463 2027 586 2066 sum
640 2011 820 2081 adepti
866 2012 1027 2075 estis,
1081 2026 1182 2080 ego
1231 2020 1415 2066 autem
1446 2026 1543 2065 ero
1580 2010 1725 2067 Deus
1777 2019 1958 2066 vester
1999 2019 2053 2066 et

462 2105 751 2166 Dominus,
778 2105 870 2170 qui
905 2105 1057 2158 omni
1099 2119 1191 2157 Vos
1231 2101 1521 2172 prudentia
1553 2110 1608 2158 et
1643 2117 1775 2157 cura
1807 2103 2051 2172 comple-

464 2204 606 2248 ctar.
641 2194 936 2263 Prophetia
986 2193 1154 2263 igitur
1188 2193 1352 2248 talem
1405 2191 1572 2245 habet
1635 2205 1884 2245 sensum.
1937 2191 2055 2259 Ego

465 2302 597 2341 vero
626 2284 848 2340 Judzeos
881 2284 1104 2355 quidem
1153 2283 1364 2338 usitato
1415 2297 1570 2337 more
1611 2281 1866 2352 desipere
1917 2283 2053 2336 nihil

465 2378 590 2432 novi
621 2377 901 2432 arbitror:
941 2375 1187 2430 admiror
1238 2383 1423 2430 autem
1459 2389 1584 2430 esse
1609 2388 1674 2429 ex
1715 2375 1928 2430 nostris
1959 2375 2051 2444 qui

465 2466 705 2522 audeant
733 2465 918 2519 omnia
949 2467 1060 2520 haec
1107 2465 1176 2518 de
1214 2464 1557 2519 Zorobabcle
1611 2463 1888 2534 accipere,
1928 2481 2053 2519 cum

463 2573 574 2612 non
635 2557 973 2626 intelligant,
1028 2570 1223 2610 eorum
1263 2570 1387 2625 quae
1427 2555 1576 2609 dicta
1631 2562 1785 2620 sunt,
1817 2557 2052 2626 plurima

463 2657 655 2719 aperte
693 2649 764 2703 iis
790 2663 914 2702 esse
946 2647 1248 2707 contraria,
1275 2663 1398 2717 quia:
1439 2645 1510 2700 ab
1550 2647 1646 2700 illo
1699 2655 1854 2717 gesta
1901 2655 2050 2702 sunt.

466 2743 607 2797 Illud
627 2742 772 2798 cnitn
800 2760 812 2795 :
855 2759 872 2791 ι
903 2739 1200 2808 Disponam
1227 2739 1418 2794 Davidi
1451 2749 1842 2794 testamentum
1876 2741 2052 2811 pacis,

463 2844 518 2890 et
541 2833 930 2889 exterminabo
961 2832 1169 2888 bestias
1204 2831 1382 2885 malas
1405 2831 1472 2885 de
1516 2839 1686 2896 terra,
1736 2841 1791 2886 et
1833 2831 2052 2885 habita-

465 2928 603 2981 bunt
625 2926 678 2980 in
695 2926 916 2981 deserto
937 2923 1297 2988 conﬁdentes,
1322 2924 1665 2982 etdormicnt
1686 2924 1741 2977 in
1761 2924 2013 2980 saltibus:
2030 2943 2048 2974 ι

468 3028 542 3082 et,
573 3038 590 3068 ι
619 3017 961 3072 Habitabant
989 3017 1041 3069 in
1076 3031 1196 3084 spe,
1227 3024 1281 3070 et
1312 3031 1420 3069 non
1449 3015 1551 3070 erit
1583 3014 1677 3084 qui
1701 3023 1902 3069 terreat
1935 3030 2052 3082 eos,

463 3118 520 3162 et
547 3107 832 3164 suscitabo
859 3106 940 3160 eis
967 3104 1210 3173 plantam
1257 3103 1411 3172 pacis
1455 3104 1509 3158 in
1563 3118 1786 3168 nomen,
1830 3112 1882 3159 et
1938 3118 2050 3157 non
2080 3134 2122 3192 C

465 3201 703 3271 amplius
735 3210 896 3255 erunt
934 3207 1235 3268 pereuntes
1262 3196 1407 3252 fame
1428 3197 1482 3252 in
1509 3205 1680 3262 terra,
1705 3204 1759 3250 et
1787 3213 1892 3251 non
1926 3213 2052 3268 por-

466 3295 662 3349 tabunt
681 3292 920 3362 amplius
937 3291 1295 3361 approhrium
1318 3291 1585 3360 gentium,
1607 3308 1626 3343 ι
1647 3291 1913 3354 historiae,
1933 3305 2055 3358 quae

465 3385 534 3438 de
570 3384 664 3436 illo
691 3383 946 3446 habetur,
989 3389 1122 3436 sunt
1153 3380 1384 3435 omnino
1427 3382 1732 3436 centraria.
1775 3381 1869 3436 Ille
1905 3384 2053 3436 enim

465 3475 796 3544 eBabyloue
852 3489 1128 3535 reversus,
1185 3487 1309 3526 cum
1366 3473 1629 3542 cepisset
1685 3486 1908 3526 sacrum
1959 3471 2052 3527 Dei

468 3566 732 3635 teriiplum
794 3580 991 3620 rursus
1045 3563 1355 3628 aediﬁcare,
1405 3580 1434 3618 ε
1480 3564 1736 3618 ﬁnitimis
1788 3563 2052 3633 gentibus

472 3657 788 3726 prohibitus
817 3663 902 3710 est
932 3655 1083 3725 operi
1115 3656 1276 3710 linem
1322 3657 1626 3726 imponere.
1683 3653 1870 3720 Quare
1925 3670 2050 3710 eum

466 3761 564 3798 sex
602 3753 655 3798 et
680 3745 1042 3815 quadraginta
1073 3745 1470 3816 praeteriisseut
1495 3744 1721 3812 anni,et
1749 3742 2052 3800 secundum

474 3837 760 3906 antiquam
782 3837 1096 3905 historiam,
1122 3846 1176 3894 et
1198 3837 1505 3894 secundum
1526 3836 1947 3906 Evangeliorum
1974 3845 2053 3892 te-

469 3928 812 3992 stimonium,
826 3929 990 3999 977
1016 3931 1473 3999 solumtentplum
1493 3943 1687 3984 recens
1705 3929 1915 3985 factum
1933 3939 2017 3984 est
2036 3947 2050 3982 :

469 4030 591 4089 post
607 4020 746 4076 alios
777 4037 905 4077 vero
922 4021 1032 4075 duo
1056 4031 1110 4076 et
1131 4021 1410 4090 octoginta
1428 4035 1605 4077 annos
1625 4021 1759 4078 urbs
1773 4035 1962 4076 muros
1975 4034 2056 4077 re-

468 4113 788 4184 cepit,quos
815 4111 1069 4170 Neemias
1099 4115 1275 4170 erexit
1297 4114 1476 4169 altero
1501 4122 1557 4169 et
1584 4115 1874 4170 tricesimo
1893 4113 2054 4168 Arta-

471 4206 658 4262 xcrxis
685 4206 861 4272 regni.
889 4206 1169 4276 Docetque
1204 4223 1304 4264 nos
1323 4207 1512 4262 Esdrze
1544 4207 1801 4270 historia,
1838 4214 2052 4261 tantum

467 4311 672 4354 metum
691 4298 1025 4356 aediﬁcantes
1049 4299 1344 4365 invasisse,
1365 4308 1423 4354 ut
1444 4308 1781 4370 cogerentur
1795 4314 1946 4353 arma
1961 4313 2054 4369 ge—

467 4399 680 4443 stantes
706 4388 1001 4454 ardilicarc,
1028 4391 1335 4461 eodemque
1359 4401 1610 4461 tempore
1635 4399 1691 4445 et
1721 4389 1934 4460 lapides
1964 4390 2051 4446 af-

2148 549 2372 603 πτιστοῦ
2420 551 2489 606 τὰ
2542 550 2680 622 πρὸς
2734 550 2862 611 τοὺς
2917 549 3246 620 Φαρισαίους
3303 549 3596 621 εἰρημένα,
3636 549 3723 602 ὅτι

2153 659 2169 690 ι
2209 642 2440 695 Δύναται
2496 646 2524 696 ό
2579 642 2711 706 Θεὸς
2765 644 2829 695 ἐκ
2887 640 2998 694 τῶν
3041 641 3202 696 λίθων
3246 641 3456 696 τούτων
3511 642 3727 712 ἐγεῖραι

2147 736 2314 789 τέκνα
2344 734 2422 805 τῷ
2482 735 2748 807 Ἀϐραάμ.
2786 753 2804 786 ι
2856 734 2947 800 Ἐξ
2971 727 3046 788 ὧν
3100 733 3296 806 δῆλον,
3336 734 3420 788 ὃτι
3449 734 3650 798 πάντες
3677 737 3730 787 οἰ

2149 823 2577 890 πιστεύσαντες,
2610 824 2707 879 καί
2735 824 2828 878 τὸν
2858 823 2970 878 τῶν
3013 823 3153 878 ὅλων
3197 823 3334 878 Θεὸν
3379 823 3471 878 διὰ
3502 824 3602 895 τῆς
3635 825 3729 877 πί-

2151 934 2322 980 στεως
2351 916 2608 987 ὁρῶντες,
2657 916 2736 980 ὡς
2769 916 2896 969 ἰδεῖν
2933 915 3178 982 δυνατὸν,
3226 914 3476 984 Ἰσραὴλ
3509 932 3727 987 χρημας

2149 1003 2359 1069 τίζουσι
2385 1019 2398 1034 ο
2449 1003 2606 1057 τοῦτο
2650 1003 2761 1074 γὰρ
2803 1002 3097 1075 ὲρμηνεύει
3136 1002 3197 1058 τὸ
3255 1002 3463 1073 δνομαο
3501 1005 3597 1058 καί⁵
3639 1005 3731 1056 ἐπ’

2151 1096 2376 1151 ἐκείνων
2427 1097 2486 1150 δὲ
2527 1095 2687 1150 τοῦτο
2737 1096 2936 1168 συνέὁη
2985 1095 3125 1167 μετὰ
3167 1095 3264 1168 τὴν
3294 1095 3595 1160 ἐπάνοδον,
3636 1096 3733 1149 καὶ

2148 1194 2282 1261 ἡμῖν
2353 1189 2689 1261 κυριώτερον
2765 1189 2859 1244 καὶ
2937 1187 3305 1260 ἀληθέστερον
3375 1189 3637 1260 ἁρμόττει
3697 1190 3732 1260 ἡ

2151 1283 2500 1352 προφητεία,
2555 1283 2666 1353 ὅσῳ
2688 1282 2734 1315 ⁵⁸
2788 1282 2849 1334 ού
2905 1281 3073 1344 τύπος
3123 1281 3191 1336 τὰ
3256 1280 3501 1352 ἡμέτερα
3525 1321 3547 1346 ,.
3594 1279 3733 1334 ἀλλὰ

2150 1372 2396 1444 ἀλήθεια.

2223 1465 2324 1520 λα’.
2364 1465 2473 1518 Kal
2520 1463 2690 1534 ὑμεῖς
2733 1462 2997 1531 πρόϐατά
3043 1480 3199 1532 μου,
3235 1462 3407 1534 φησὶ,
3461 1459 3563 1518 καί
3593 1462 3737 1530 πρό-

2153 1555 2299 1607 ϐατα
2324 1551 2514 1621 νομῆς
2545 1569 2664 1620 μου
2683 1552 2748 1602 ⁸⁸.
2788 1551 2897 1603 Καὶ
2924 1549 3162 1613 δεικνὺς,
3197 1551 3280 1604 ὅτι
3309 1551 3369 1603 ού
3406 1549 3566 1620 μόνον
3599 1548 3738 1622 πρὸς

2153 1644 2245 1696 τὸν
2298 1642 2514 1713 Ἰσραὴλ
2545 1645 2572 1696 ό
2612 1643 2788 1710 λόγος,
2820 1641 2956 1696 ἀλλὰ
2994 1641 3131 1712 πρὸς
3160 1643 3341 1696 πᾶσαν
3383 1640 3494 1694 τῶν
3520 1639 3734 1712 ἀνθρώ-

2155 1755 2274 1791 πων
2309 1736 2474 1804 φύσιν
2499 1774 2516 1801 ,
2564 1736 2877 1803 ἀναγκαίως
2906 1736 3290 1806 προστέθεικεν
3314 1752 3327 1765 ·
3371 1755 3388 1787 ι
3424 1735 3736 1807 Ἀνθρωποί

2157 1831 2277 1881 ἐστε
2303 1829 2368 1894 ⁸ο,
2413 1829 2506 1882 καὶ
2537 1827 2646 1896 ἐγὼ
2667 1827 2872 1898 Κύριος
2896 1827 3076 1891 det-1b;
3110 1827 3285 1898 ὑμῶν,
3317 1828 3466 1896 λέγει
3509 1827 3736 1882 Ἀδωναῖ

2156 1920 2380 1990 Κύριος.
2421 1939 2438 1970 ι
2491 1919 2680 1990 Ὑμεῖς
2717 1920 2815 1990 μὲν
2844 1919 2953 1989 γάρ
3002 1919 3102 1988 τῆς
3141 1918 3436 1989 θηριωδίας
3483 1919 3734 1975 ἀπαλλαο

2157 2010 2365 2078 γέντες,
2404 2010 2467 2062 τὸ
2503 2010 2780 2081 προσῆκον
2814 2009 2923 2063 τῶν
2959 2008 3270 2079 ἀνθρώπων
3297 2013 3364 2078 τῇ
3414 2009 3573 2079 φύσει
3601 2012 3738 2081 κτή-

2159 2100 2324 2153 σασθε
2381 2102 2674 2172 φρόνημα’
2736 2102 2848 2168 ἐγὼ
2898 2101 2957 2154 δὲ
3009 2099 3162 2170 ὑμῶν
3223 2100 3420 2172 ἔσομαι
3476 2101 3610 2164 Θεὸς
3645 2105 3739 2157 καὶ

2159 2191 2382 2262 Κύριος,
2410 2193 2589 2246 πᾶσαν
2617 2191 2771 2262 ὑμῶν
2799 2194 3056 2264 πρόνοιαν
3089 2193 3182 2245 καὶ
3209 2191 3533 2262 κηδεμονίαν
3554 2196 3739 2248 ποιού-

2161 2298 2342 2350 μενος.
2386 2283 2448 2336 Ἦ
2487 2283 2584 2352 μὲν
2623 2280 2718 2336 οὖν
2753 2283 3062 2354 προφητεία
3094 2283 3300 2354 ταύτην
3328 2283 3443 2355 ἔχει
3475 2284 3573 2356 τὴν
3619 2283 3738 2340 διά-

2157 2388 2324 2427 νοιαν.
2365 2373 2506 2441 Ἐγὼ
2532 2373 2587 2428 δὲ
2625 2374 2684 2426 τὸ
2725 2375 2822 2444 μὲν
2877 2373 3166 2438 Ἰουδαίους
3198 2375 3447 2447 συνήθως
3479 2376 3737 2447 ἀνοηταί-

2157 2481 2268 2518 νειν
2333 2465 2485 2519 οὐδὲν
2551 2463 2788 2536 ἡγοῦμαι
2863 2466 3092 2529 καινὸν,
3163 2465 3433 2537 θαυμάζω
3507 2467 3566 2520 δὲ
3624 2466 3737 2520 τῶν

2156 2557 2445 2628 ἡμετέρων
2486 2558 2662 2622 ἐνίους
2715 2558 3032 2629 τολμῶντας
3075 2559 3291 2613 ἅπαντα
3329 2561 3407 2623 εἰς
3446 2560 3537 2612 τὸν
3569 2562 3736 2630 Ζορο-

2159 2649 2326 2706 ϐάϐελ
2361 2649 2684 2720 λαμϐάνειν,
2725 2651 2820 2706 καὶ
2865 2652 2940 2722 μὴ
2986 2651 3289 2716 συνιέντας,
3317 2651 3400 2704 ὅτι
3444 2649 3551 2704 τῶν
3579 2650 3736 2718 εἰρη-

2161 2742 2336 2809 μένων
2378 2741 2447 2794 τὰ
2491 2741 2714 2798 πλεῖστα
2755 2741 3017 2814 ἀντικρύς
3051 2743 3198 2794 ἐστιν
3242 2741 3458 2795 ἐναντία
3499 2740 3607 2794 τῶν
3642 2739 3734 2794 ὑπ’

2157 2834 2367 2888 ἐκείνου
2421 2833 2835 2906 γεγενημένων·
2894 2835 2956 2888 τὸ
3010 2834 3159 2905 γάρ·
3211 2853 3228 2886 ι
3268 2833 3606 2904 Διαθήσομαι
3656 2833 3738 2904 τῷ

2157 2923 2320 2980 Δαδίδ
2353 2923 2622 2994 διαθήκην
2651 2924 2902 2994 εἰρήνης,
2952 2923 3048 2978 καὶ
3079 2922 3291 2990 ἀφανιῶ
3330 2922 3495 2994 θηρία
3523 2923 3738 2993 πονηρά

2157 3014 2266 3070 ἀπὸ
2286 3015 2390 3088 τῆς
2413 3016 2538 3086 γῆς,
2577 3017 2670 3070 καὶ
2701 3017 3117 3083 κατοικήσουσιν
3145 3016 3203 3068 ὲν
3230 3017 3296 3085 τῇ
3326 3015 3422 3085 ipf;
3435 3033 3519 3085 μῳ
3553 3032 3738 3070 πεποι-

2159 3106 2352 3172 θότες,
2409 3107 2503 3163 καὶ
2557 3105 2897 3162 ὑπνώσουσιν
2950 3107 3008 3160 ιν
3065 3108 3178 3168 τοῖς
3234 3105 3479 3177 δρυμοῖς.
3521 3124 3540 3160 ι
3593 3107 3735 3160 Καί·

2163 3215 2182 3250 ι
2219 3199 2656 3268 Κατοικήσουσιν
2703 3197 2789 3252 ἐπ’
2837 3195 3015 3250 ἑλπίδι
3039 3236 3052 3260 ,
3091 3197 3242 3250 ml.“
3275 3196 3375 3250 οὐκ
3405 3195 3559 3252 ἔσται
3587 3198 3615 3251 ὁ
3643 3198 3738 3250 ἰκ-

2159 3290 2340 3359 φοὸῶν
2371 3290 2588 3355 αὐτοὺς,
2626 3291 2721 3342 καὶ
2757 3289 3050 3357 ἀναστήσω
3088 3289 3272 3352 αὐτοῖς
3302 3289 3470 3358 φυτὸν
3513 3289 3739 3360 εἰρήνης

2157 3383 2236 3446 εἰς
2261 3381 2455 3451 ὄνομα,
2487 3382 2581 3435 καὶ
2631 3381 2734 3434 οὐκ
2786 3379 2868 3433 ἔτι
2921 3381 3136 3433 ἔσονται
3187 3379 3551 3450 ἀπολλύμενοι
3607 3381 3738 3434 tv“

2157 3471 2300 3544 λιμῷ
2350 3473 2445 3528 ἐπὶ
2495 3471 2595 3540 τῆς
2627 3471 2770 3540 γῆς,
2819 3473 2914 3526 καὶ
2960 3472 3021 3526 ού
3065 3472 3140 3544 μὴ
3187 3471 3486 3540 ὲνέγκωσιν
3524 3472 3623 3527 οὐκ
3656 3476 3739 3527 ἐτι

2156 3565 2457 3634 ὀνειδισμὸν
2511 3563 2681 3618 ἐθνῶν
2707 3579 2719 3592 ·
2783 3583 2802 3616 ι
2865 3562 3145 3626 παντελῶς
3201 3564 3422 3619 ἐναντία
3477 3567 3546 3636 τῇ
3607 3567 3740 3636 περὶ

2157 3657 2368 3711 ἐκείνου
2409 3657 2625 3726 ἱστορία
2658 3656 2790 3711 δντα
2821 3656 3098 3726 τυγχάνει.
3137 3655 3373 3717 Ἐκεῖνος
3398 3654 3506 3726 γάρ
3533 3656 3600 3709 ὲκ
3639 3657 3741 3726 τῆς

2158 3747 2476 3811 Βαόυλῶνος
2522 3747 2834 3804 επανελθὼν
2855 3788 2870 3813 ,
2901 3748 2996 3804 καὶ
3025 3747 3398 3818 ἀνοικοδομεῖν
3429 3746 3742 3818 ἀρξάμενος

2156 3839 2246 3893 τὸν
2273 3839 2414 3894 θεῖον
2439 3839 2597 3905 νεὼν,
2632 3840 2737 3894 ὑπὸ
2776 3841 2888 3894 τῶν
2918 3839 3311 3912 πλησιοχώρων
3351 3839 3522 3895 ἐθνῶν
3547 3839 3746 3894 διεκω-

2156 3932 2289 4003 λύθη
2317 3932 2471 3996 τέλος
2512 3932 2781 3986 ἐπιθεῖναι
2809 3933 2888 4002 τῷ
2926 3932 3096 4004 ἔργῳ.
3136 3933 3228 3986 Διὸ
3262 3931 3320 3998 ἓξ
3355 3933 3448 3986 καὶ
3471 3930 3744 4002 τεσσαρά-

2158 4043 2320 4080 κοντα
2352 4025 2765 4098 διαδραμόντων
2813 4025 2952 4080 ἑτῶν
2973 4066 2988 4092 ,
3041 4023 3310 4079 καὶκατὰ
3363 4023 3464 4094 τὴν
3505 4023 3745 4078 παλαιὰν

2161 4118 2422 4191 ἱστορίαν,
2448 4119 2543 4174 καὶ
2567 4118 2710 4172 κατά
2738 4118 2835 4190 τὴν
2878 4118 2988 4171 τῶν
3019 4115 3369 4185 Εύαγγελίων
3408 4115 3743 4186 μαρτυρίαν,

2161 4211 2322 4281 μόνος
2372 4212 2400 4264 ὁ
2437 4209 2572 4274 νεὼς
2625 4209 2992 4280 ἰινεουργήθη⁸
3031 4207 3170 4278 μετὰ
3209 4208 3269 4261 δὲ
3321 4207 3460 4262 ἄλλα
3515 4207 3610 4260 δύο
3647 4209 3748 4260 καὶ

2158 4302 2488 4373 ὀγδοήκοντα
2516 4301 2608 4372 ἐτη
2649 4303 2775 4365 τοὺς
2800 4299 3120 4372 περιϐόλους
3144 4300 3178 4368 ή
3209 4298 3360 4362 πόλις
3391 4298 3636 4352 ἀπέλαϐε
3672 4300 3740 4365 ιι⁹

2159 4396 2396 4466 Νεεμίου
2426 4393 2650 4456 τούτους
2706 4393 3109 4462 ἀναστήσαντος
3156 4392 3214 4445 ὲν
3252 4391 3330 4462 τῷ
3376 4391 3614 4462 δευτέρῳ
3648 4393 3744 4444 καὶ

469 4483 630 4545 terre,
654 4489 709 4533 ct
731 4481 783 4532 in
812 4480 1000 4536 hostes
1021 4482 1126 4534 tela
1146 4482 1435 4550 jaculari‘.
1467 4481 1756 4547 Quomodo
1783 4482 1947 4552 igitur
1967 4483 2051 4536 his

2162 4465 2470 4559 τριακοστῷ
2503 4485 2601 4555 τῆς
2655 4481 3014 4554 Ἀρταξέρξου
3069 4481 3365 4551 βασιλείας.
3398 4481 3649 4535 Διδάσκει
3684 4482 3745 4536 δὲ

467 4568 854 4634 conveniunt,t
885 4569 1005 4624 Non
1023 4571 1131 4625 erit
1150 4571 1242 4639 qui
1269 4580 1583 4626 terreateos
1604 4587 1618 4635 ;
1642 4591 1660 4623 ι
1683 4573 1789 4634 vel,
1815 4592 1832 4624 ι
1860 4571 2050 4629 Susci-

465 4661 594 4714 taho
619 4661 701 4716 eis
722 4661 963 4731 plantam
994 4663 1187 4730 pacis;
1215 4682 1233 4714 ι
1255 4665 1357 4728 vel,
1399 4682 1417 4714 ι
1442 4661 1557 4718 Νοη
1582 4673 1746 4718 erunt
1768 4667 1927 4735 pauci
1951 4682 2051 4720 nu-

467 4751 652 4805 mero?
673 4770 691 4803 ι
723 4753 887 4808 Docet
917 4753 1048 4808 item
1078 4769 1184 4809 nos
1201 4767 1396 4811 rursus
1417 4753 1642 4820 Esdras,
1665 4758 1838 4813 multo
1864 4758 2053 4813 labore

467 4841 750 4897 Neemiam
781 4845 1169 4899 sacerdotibus
1201 4847 1569 4915 persuasisse,
1608 4859 1668 4902 ut
1698 4851 2016 4906 desinentes
2036 4857 2052 4873 ‘

467 4934 520 4986 in
540 4937 690 5004 agris
723 4935 920 5004 degere
951 4938 1146 4992 urbem
1179 4940 1547 4995 incolerentl.
1582 4941 1646 4995 Et
1673 4943 1777 4996 alia
1797 4942 2048 4997 discendi

467 5024 733 5080 studiosis
771 5041 839 5080 ex
872 5027 1102 5084 historia
1160 5045 1457 5100 apponere,
1507 5032 2051 5103 discrepantiaqu

466 5117 774 5184 percipere,
807 5118 969 5174 facile
1000 5129 1105 5176 est.
1145 5122 1315 5194 Igitur
1340 5125 1520 5194 aliqua
1545 5125 1658 5180 illis
1691 5125 2048 5190 conveniunt,

468 5205 705 5274 plurima
742 5223 870 5262 vero
892 5212 1048 5266 orbis
1068 5221 1342 5268 terrarum
1378 5216 1567 5269 saluti.
1594 5213 1832 5271 Relictis
1864 5216 2052 5288 itaque

535 5369 565 5410 1
596 5360 786 5417 Matth.
825 5380 902 5427 tu,
933 5365 985 5420 9.
1067 5377 1088 5405 ³
1122 5367 1168 5422 ll
1199 5369 1358 5424 Esdr.
1398 5386 1468 5432 tv,
1526 5371 1606 5424 Π.

2157 4582 2306 4651 ἡμᾶς
2357 4581 2390 4648 ή
2444 4576 2541 4631 τοῦ
2581 4575 2787 4646 Ἔσδρα
2839 4573 3166 4644 συγγραφὴ,
3213 4573 3296 4626 ὅτι
3357 4572 3584 4627 τοσοῦτο
3623 4572 3742 4635 δέος

2156 4676 2269 4736 τοῖς
2310 4669 2686 4740 οἰκοδομοῦσιν
2718 4667 2995 4728 ἐπέκειτο,
3025 4667 3100 4728 ῶς
3149 4664 3556 4734 ἀναγκάζεσθαι
3587 4664 3740 4733 σιδη-

2163 4759 2529 4832 ροφοροῦντας
2569 4756 2874 4824 οἰκοδομεῖν
2895 4796 2909 4820 ,
2968 4757 3064 4811 καὶ
3109 4754 3252 4809 κατὰ
3285 4753 3481 4808 ταυτὸν
3515 4753 3640 4818 τούς
3677 4770 3741 4806 τε

2161 4848 2341 4910 λίθους
2375 4845 2729 4916 προσφέρειν,
2761 4844 2856 4896 καὶ
2898 4845 3040 4897 κατὰ
3078 4843 3188 4896 τῶν
3225 4843 3500 4913 πολεμίων
3523 4843 3738 4912 ἀφιέναι

2160 4940 2228 4992 τά
2279 4937 2430 5007 βέλη.
2479 4935 2603 4999 Πῶς
2651 4936 2831 4990 τοίνυν
2875 4935 3142 5005 ἁρμόττει
3188 4937 3301 4998 τοῖς
3347 4935 3610 4994 τοιούτοις
3654 4931 3736 4994 τὸ,

2168 5051 2187 5081 ι
2212 5029 2325 5083 Οὐκ
2357 5029 2509 5081 Εσται
2532 5029 2560 5081 ό
2597 5026 2848 5095 ἐκφοϐῶν
2879 5026 3096 5091 αὐτοὺς,
3119 5045 3139 5078 ι
3173 5025 3208 5095 ἢ
3241 5025 3322 5091 τὸ,
3358 5043 3377 5078 ε
3425 5022 3740 5092 ’Δναστήσω

2162 5121 2345 5183 αὐτοῖς
2374 5119 2540 5188 φυτὸν
2567 5118 2810 5188 εἰρήνης,
2856 5135 2875 5168 ε
2913 5115 2947 5186 ἢ
2983 5115 3066 5181 τὺ,
3102 5135 3120 5168 ι
3157 5115 3272 5169 Ούκ
3312 5114 3524 5164 ἔσονται
3567 5110 3740 5178 ὀλίγοι

2162 5219 2220 5269 ὲν
2251 5213 2514 5286 spicae;
2556 5233 2574 5266 ι
2613 5212 2867 5266 Διδάσκει
2908 5211 2966 5264 δὲ
3016 5212 3166 5280 ἡμᾶς
3197 5205 3360 5260 πάλιν
3405 5207 3433 5259 ὀ
3480 5203 3738 5278 Ἔσδρας,

1717 5385 1744 5411 ³
1771 5374 1817 5428 ll
1851 5372 2011 5428 Esdr.
2062 5388 2140 5438 ιι,
2175 5372 2267 5427 9.0.

1775 5514 2007 5576 VARUE
2057 5517 2462 5579 LECTIONES.

534 5603 584 5637 ”
621 5606 681 5658 In
719 5603 762 5658 Β
795 5609 1031 5678 ascripta
1077 5617 1161 5662 est
1225 5611 1387 5664 lectio
1438 5614 1578 5667 ὅσον.

471 5670 630 5727 LXX.
709 5678 751 5710 ⁸⁸
794 5680 887 5727 καὶ
923 5708 986 5720 --
1016 5681 1141 5727 ὲκω-
1176 5682 1295 5727 αὐτ-
1330 5681 1456 5727 “me
1519 5685 1578 5727 de

470 5744 720 5798 ἐπέλαεε.

1689 5612 1736 5645 "
1777 5629 1905 5682 νομ.
1979 5629 2100 5683 μου.
2163 5606 2513 5683 Αᾲποιμνίου
2576 5604 2717 5683 ἐστὶ.

709 5678 751 5710 ⁸⁸
794 5680 887 5733 καὶ
923 5669 986 5720 -ἰ-
1016 5681 1141 5748 ὲκφ.
1176 5682 1295 5734 αὐτ.
1330 5681 1456 5738 Haec
1519 5685 1749 5739 deerant
1810 5669 2016 5753 supra,
2056 5697 2198 5738 vers.
2231 5678 2322 5734 27.
2358 5669 2370 5676 ’
2401 5677 2448 5708 “
2485 5679 2563 5729 ὲν.
2599 5673 2721 5733 Des.
2757 5674 2810 5727 in
2842 5672 2902 5726 Β.
2931 5682 2985 5726 et
3006 5669 3182 5739 supra
3206 5712 3219 5737 ,
3257 5687 3400 5728 vers.
3433 5671 3523 5726 ‘29.
3611 5674 3656 5703 ⁸³
3695 5669 3738 5721 Β

2816 5606 2862 5638 ⁸ο
2902 5601 3146 5672 ανθρωπ.
3202 5601 3346 5654 isse.
3410 5600 3534 5672 Des.
3591 5599 3732 5672 apud
