4070 6404
437 391 569 457 1171

1427 385 1914 452 THEODORETI
1944 383 2282 446 EPISCOPI
2309 387 2674 451 CYRENSIS

3553 397 3694 464 1172

433 519 619 565 tamen
650 507 891 563 divinam
936 515 1188 560 naturam
1252 501 1435 557 omnis
1463 499 1773 554 aﬂ'ectionis
1815 510 2010 566 exper-

2115 497 2214 567 τῆς
2273 500 2444 571 ὀργῆς
2489 502 2704 567 δεικνὺς
2760 505 2821 558 τὸ
2877 505 3124 577 σφοδρόν.
3189 509 3378 580 Ἴσμεν
3433 513 3490 567 δὲ
3539 514 3690 586 ὅμως

436 612 568 670 tem,
598 611 652 654 et
682 597 1056 670 hujuscemodi
1082 595 1248 650 verba
1278 593 1447 664 979
1469 592 1781 646 auditorum
1807 587 2016 643 viribus

434 710 558 750 esse
589 691 975 747 mensuranda.
1013 689 1091 742 lta
1125 687 1454 759 supplicium
1493 685 1756 749 minatus,
1787 696 2013 737 causam

433 786 598 841 etiam
638 783 864 852 subiicit
897 801 909 834 :

506 873 668 926 Vens.
701 873 754 926 5.
792 871 870 925 Eo
923 869 1063 940 quod
1112 868 1273 938 fuerit
1309 869 1363 922 in
1410 876 1455 922 te
1486 865 1768 920 inimicitia
1821 863 2014 930 sempi-

434 974 605 1025 terna,
629 974 675 1017 et
709 964 892 1017 sedisti
919 965 971 1015 in
1013 962 1167 1016 domo
1221 959 1440 1014 Israelis
1464 959 1518 1012 in
1571 957 1715 1022 dolo,
1752 958 1805 1010 in
1852 973 2014 1009 manu

430 1056 795 1119 inimicorum,
825 1055 1007 1125 gladio
1037 1055 1092 1107 in
1125 1065 1354 1122 tempore
1392 1050 1753 1106 tribulationis
1810 1063 2010 1111 eorum,

430 1157 479 1201 et
513 1149 564 1201 in
593 1157 822 1216 tempore
884 1146 1162 1214 injustitia:
1223 1145 1278 1198 in
1329 1154 1580 1198 extremo.
1644 1139 2014 1208 Reprehendit

431 1237 723 1303 Idumaeos,
756 1250 807 1294 et
839 1239 918 1292 cis
945 1237 1142 1307 objicit
1198 1236 1525 1306 iniuriarum
1565 1233 1903 1297 memoriam,
1958 1237 2012 1284 et

434 1316 672 1385 insidias
699 1329 901 1398 arguit,
935 1343 1076 1398 quas
1118 1327 1334 1382 occulte
1365 1337 1554 1379 contra
1608 1322 1864 1377 lsraelem
1897 1335 2014 1373 mo-

435 1423 520 1476 liti
560 1429 738 1476 erant.
772 1421 896 1476 llaec
935 1420 1082 1475 enim
1122 1417 1408 1480 indicavit,
1448 1417 1641 1469 dicens
1691 1432 1705 1469 :
1739 1431 1759 1465 ι
1805 1411 2010 1467 Sedisti

435 1515 489 1568 in
532 1514 693 1568 domo
726 1513 946 1569 Israelis
1001 1513 1057 1566 in
1114 1511 1269 1573 dolo,
1305 1511 1359 1564 in
1408 1525 1572 1562 manu
1634 1505 2007 1572 inimicorum,

434 1606 618 1677 gladio
651 1606 703 1660 in
732 1616 977 1675 tempore
1016 1603 1390 1659 tribulationis
1435 1616 1624 1655 eorum
1659 1618 1672 1653 :
1707 1618 1725 1650 ι
1768 1598 1875 1653 hoc
1903 1606 2008 1660 est,

434 1713 559 1750 cum
596 1698 652 1750 in
684 1696 836 1767 ipsos
873 1697 1192 1750 invaserunt
1226 1695 1438 1759 hostes,
1472 1692 1759 1762 dispositis
1793 1690 2011 1747 insidiis

433 1790 554 1844 vias
586 1804 775 1844 eorum
811 1788 1163 1851 obstruebas,
1203 1796 1354 1841 utne
1384 1786 1623 1857 fugiendi
1665 1783 1884 1855 quidem
1922 1782 2006 1837 fa-

434 1882 696 1936 cultatem
734 1880 872 1950 ipsis
907 1879 1264 1934 concederes.
1307 1880 1385 1932 lta
1423 1879 1567 1932 enim
1607 1876 1700 1930 alii
1724 1875 1890 1930 etiam
1922 1875 2010 1928 in-

435 1974 718 2045 terpretati
768 1981 899 2030 sunt
948 1992 962 2028 :
1011 1991 1029 2024 ι
1074 1971 1140 2025 Et
1199 1969 1545 2032 conclusisti,
1605 1966 1804 2036 inquit,
1871 1965 2012 2020 illius

435 2067 658 2122 lsraelis
723 2067 776 2119 in
831 2081 1048 2119 manum
1095 2063 1290 2134 gladii,
1340 2069 1586 2131 tempore
1636 2057 2010 2112 tribulationis

435 2160 703 2230 ipsorum,
739 2155 1322 2226 temporeiniquitatis
1365 2166 1551 2206 coram
1587 2165 1693 2205 me.
1741 2166 1759 2200 ι
1799 2147 2010 2218 Iniqui-

436 2253 565 2308 tatis
594 2252 764 2316 enim,
802 2251 884 2305 vel
929 2249 1232 2306 secundum
1293 2245 1672 2317 Septuaginta,
1725 2242 2012 2312 iniustitiae

436 2345 491 2400 in
521 2361 605 2399 me
642 2352 970 2415 perpetrata:
999 2356 1191 2412 pmnas
1242 2342 1479 2402 luentes,
1548 2337 1752 2406 inquit,
1812 2335 2011 2392 domus

437 2437 621 2502 Israel,
657 2438 1054 2491 incrementum
1119 2434 1360 2488 habuere
1412 2430 1824 2492 calamitatum,
1884 2437 2012 2486 tuos

435 2529 614 2594 dolos,
655 2536 865 2582 etcum
899 2525 1158 2582 hostibus
1199 2524 1451 2579 insidias.
1491 2521 1659 2577 Docet
1694 2522 1861 2591 igitur
1909 2537 2012 2578 nos

436 2622 756 2694 prophetica
787 2621 984 2680 oratio.
1033 2634 1144 2674 non
1195 2615 1570 2672 insultandum
1620 2630 1748 2670 esse
1801 2615 1858 2667 in
1893 2628 2010 2679 eos,

435 2717 527 2786 qui
562 2723 786 2786 propter
813 2721 1041 2784 peccata
1084 2710 1414 2781 puniuntur,
1447 2706 1541 2762 sed
1578 2723 1701 2760 cum
1729 2704 2010 2769 ﬂentibus,

435 2807 737 2864 secundum
801 2802 1158 2875 apostolicam
1216 2797 1718 2865 admonitionemd,
1772 2796 2012 2852 ﬂendum

433 2917 572 2956 €550.

511 2991 671 3047 Vens.
699 2992 752 3044 6.
789 2989 1096 3058 Propterea,
1153 2987 1272 3041 Vivo
1320 3002 1434 3055 ego,
1487 2985 1612 3037 dicit
1657 2983 1865 3036 Adonei
1906 2982 2016 3036 Do-

436 3085 634 3149 minus,
682 3081 809 3136 Vere
840 3083 892 3135 in
920 3081 1234 3151 sanguinem
1264 3078 1516 3148 peccasti,
1543 3086 1591 3130 et
1627 3076 1843 3145 sanguis
1899 3090 2017 3143 per-

2118 591 2302 662 ἀπαθῆ
2333 593 2430 662 τὴν
2474 593 2624 649 θείαν
2679 596 2868 666 φύσιν,
2920 599 3012 654 καὶ
3043 599 3170 665 τοὺς
3196 601 3470 667 τοιούτους
3499 605 3691 674 λόγους

2115 683 2186 750 τῇ
2235 682 2343 733 τῶν
2389 685 2698 739 ἀκουόντων
2749 686 2977 758 δυνάμει
3027 691 3454 760 μετρουμένους.
3503 694 3692 761 Οὕτως

2118 773 2420 844 ἀπειλήσας
2439 775 2537 846 τὴν
2562 777 2852 848 τιμωρίαν,
2887 779 3083 848 ἐπάγει
3123 781 3216 833 καὶ
3243 781 3342 853 τὴν
3371 785 3552 838 αἰτίαν
3569 803 3586 819 ο

2186 859 2247 913 ε’.
2291 861 2447 915 Ἀντί
2470 863 2574 917 τοῦ
2605 865 2880 934 ’γενέσθαι
2905 868 2975 921 ἐν
3002 867 3100 922 σοὶ
3116 869 3164 902 ’⁸
3185 871 3406 940 ἔχθραν
3429 873 3687 940 αἰώνιον,

2115 952 2213 1005 καὶ
2233 953 2278 985 ⁷⁵
2320 953 2673 1023 ἐνεκάθισας
2717 959 2798 1024 τῷ
2848 960 2996 1026 οἴκῳ
3036 961 3285 1031 Ἰσραὴλ
3325 964 3458 1018 ἐν⁷⁶
3507 966 3686 1032 δόλῳ,

2113 1044 2184 1096 ἐν
2210 1046 2358 1113 χειρὶ
2399 1046 2644 1116 ἐχθρῶν,
2676 1051 2995 1119 μαχαιρᾳπ
3039 1053 3109 1106 ἐν
3140 1054 3322 1123 καιρῷ
3363 1058 3690 1125 θλίψεωςη

2115 1133 2332 1195 αὐτῶν,
2374 1137 2472 1190 καί
2497 1138 2543 1169 ’θ
2575 1138 2643 1190 ἐν
2668 1139 2848 1209 καιρῷ
2878 1141 3116 1208 ἀδικίας
3137 1145 3231 1197 ἐπ’
3263 1144 3520 1214 ἐσχάτῳ.
3561 1147 3687 1218 Ἐγ-

2113 1225 2268 1278 καλεί
2294 1227 2420 1290 τοὺς
2459 1228 2787 1299 Ἰδουμαίους
2829 1237 3218 1306 μνησικακίαν,
3261 1240 3355 1292 καὶ
3394 1240 3689 1304 ὲπιὸουλάς

2112 1316 2351 1389 κρύϐδην
2388 1320 2529 1372 κατά
2565 1320 2658 1373 τοῦ
2700 1324 2914 1396 Ἰσραὴλ
2939 1328 3332 1398 γεγενημένας.
3367 1331 3551 1385 Ταῦτα
3579 1332 3686 1405 γὰρ

2112 1407 2515 1478 παρεδήλωσεν,
2551 1411 2786 1482 εἰρηκώς
2811 1431 2826 1445 ·
2857 1433 2876 1466 ι
2921 1417 3267 1483 Ἐνεκάθισας
3294 1419 3372 1491 τῷ
3411 1422 3545 1492 οίκῳ
3582 1425 3685 1476 Ίσο

2113 1499 2252 1571 ραὴλ
2307 1501 2366 1553 ἐν
2411 1501 2546 1573 δόλῳ
2579 1504 2634 1557 ὲν
2684 1506 2827 1578 χειρὶ
2871 1508 3101 1580 ἐχθρῶν,
3137 1513 3383 1584 μαχαίρᾳ
3421 1514 3480 1567 ὲν
3510 1513 3690 1586 καιρῷ

2113 1591 2343 1661 θλίψεως
2391 1594 2610 1658 αὐτῶν,
2665 1599 2944 1663 τουτέστι,
3003 1602 3113 1656 τῶν
3164 1604 3442 1675 πολεμίων
3497 1608 3687 1672 αὐτοῖς

2111 1682 2449 1737 ἐπελθόντων
2470 1724 2486 1749 ,
2524 1687 2705 1758 λόχοις
2741 1691 2838 1743 καὶ
2867 1691 3114 1764 ἐνέδραις
3149 1693 3252 1758 τὰς
3298 1696 3452 1761 όδοὺς
3505 1699 3689 1762 αὐτοῖς

2113 1775 2451 1848 ὲπετείχιζες
2472 1779 2540 1846 ⁸ο,
2573 1780 2694 1834 οὐδὲ
2729 1785 2921 1851 φυγεῖν
2958 1786 3146 1850 αὐτοῖς
3171 1788 3501 1859 ὲπιτρέπιιιν.
3533 1789 3690 1844 Οὕτω

2113 1870 2224 1941 γὰρ
2270 1872 2364 1924 καὶ
2411 1873 2462 1926 οί
2513 1873 2662 1929 ἄλλοι
2714 1877 3049 1948 ἑρμηνευταὶ
3096 1881 3488 1951 ήρμήνευσανο
3525 1901 3543 1934 ι
3579 1883 3691 1937 Καὶ

2116 1963 2489 2030 συνέκλεισας,
2528 1968 2749 2038 φησ¹ι⁸¹,
2791 1969 2918 2033 τοὺς
2957 1971 3105 2034 υἱοὺς
3149 1971 3363 2043 Ἰσραὴλ
3410 1975 3504 2028 ἐπὶ
3532 1978 3692 2045 χεῖρα

2115 2057 2412 2127 ῥομφαίας,
2448 2060 2506 2112 ἐν
2542 2059 2719 2131 καιρῷ
2763 2060 2995 2131 θλίψεως
3025 2064 3224 2128 αὐτῶν,
3256 2067 3318 2119 ὲν
3351 2068 3528 2138 καιρῷ
3568 2069 3694 2122 ἀνο-

2116 2149 2247 2218 μίας
2278 2148 2587 2220 ἔμπροσθέν
2639 2169 2760 2222 μου.
2805 2172 2824 2204 ι
2871 2154 2982 2224 Τῆς
3025 2154 3134 2227 γὰρ
3189 2156 3437 2227 ἀνομίας,
3483 2159 3693 2229 ἥκατά

2112 2243 2240 2306 τοὺς
2281 2242 2704 2314 Ἐὁδομήκοντα,
2733 2245 2950 2310 ἀδικίας
2986 2247 3088 2317 τῆς
3118 2249 3198 2312 είς
3236 2249 3337 2318 ἐμὲ
3367 2251 3689 2322 γενομένης.

2114 2333 2378 2399 τίνοντες,
2407 2335 2562 2402 φησι,
2587 2334 2743 2398 δίκας
2767 2337 2819 2388 οἱ
2847 2335 2942 2390 τοῦ
2974 2338 3123 2390 οίκου
3171 2339 3411 2410 Ἰσραὴλ,
3439 2340 3692 2394 ἐπίτασιν

2113 2424 2272 2496 ἔσχον
2327 2426 2437 2479 τῶν
2491 2427 2820 2500 συμφορῶν,
2870 2429 2998 2492 τοὺς
3035 2431 3163 2494 σοὺς
3207 2431 3411 2498 δόλους,
3449 2433 3548 2486 καὶ
3592 2432 3692 2495 τὰς

2125 2523 2264 2593 μετά
2291 2522 2400 2575 τῶν
2427 2523 2699 2593 πολεμίων
2725 2524 3038 2588 ἐπιϐουλάς.
3064 2525 3316 2579 Διδάσκει
3344 2523 3522 2578 τοίνυν
3544 2525 3692 2594 ἡμᾶς

2115 2615 2144 2666 ό
2197 2613 2535 2684 προφητικὸς
2579 2614 2735 2683 λόγος
2759 2654 2776 2679 ,
2831 2615 2965 2685 μηδὲ
3011 2617 3124 2678 τοῖς
3162 2614 3447 2685 ἁμαρτιῶν
3505 2614 3695 2665 ἕνεκεν

2115 2701 2502 2773 κολαζομένοις
2579 2703 2934 2774 ἐπεμϐαίνειν
2959 2743 2974 2766 ,
3041 2704 3177 2758 ἀλλὰ
3257 2703 3463 2755 κλαίειν
3552 2700 3691 2772 μετὰ

2119 2792 2435 2857 κλαιόντων,
2468 2794 2613 2848 κατὰ
2640 2794 2740 2864 τὴν
2768 2795 3135 2864 ἀποστολικὴν
3161 2793 3463 2848 νουθεσίαν.

2193 2978 2265 3036 ς’.
2294 2970 2396 3024 Διά
2424 2972 2624 3038 τοῦτο,
2651 2971 2743 3026 Ζῶ
2778 2972 2913 3043 ἐμὼ,
2945 2971 3108 3044 λέγει
3150 2971 3390 3027 Ἆδωνατ
3429 2973 3649 3039 Κύριος
3677 2989 3690 3001 ·

2118 3061 2224 3136 ἧδ’
2257 3064 2385 3134 μὴν
2429 3067 2517 3131 εἰς
2557 3061 2701 3136 αἷμα
2737 3066 2998 3135 ἥμαρτες
3021 3109 3035 3131 ,
3083 3066 3183 3120 καὶ
3229 3062 3372 3135 αἷμα
3423 3062 3698 3129 διώξεταί

435 3185 679 3245 sequetur
703 3186 750 3228 te
784 3191 801 3229 :
831 3174 1142 3242 sanguinem
1182 3173 1319 3224 enim
1373 3179 1520 3222 tuum
1569 3168 1748 3231 odisti,
1801 3167 2014 3236 sanguis

2119 3173 2193 3212 σε
2210 3173 2224 3187 ο
2246 3151 2390 3226 αἷμα
2419 3156 2529 3228 γάρ
2552 3172 2667 3211 σου
2684 3159 2729 3190 ⁸³
2750 3158 3077 3225 ἐμίσησας,
3100 3157 3163 3211 τό
3192 3155 3337 3226 αἷμά
3356 3172 3474 3211 σου
3499 3155 3696 3218 διώξει

438 3277 556 3320 tuus
579 3273 915 3335 persequetur
937 3273 1004 3318 te.
1031 3293 1096 3305 -—
1121 3260 1441 3332 Sanguinem
1480 3258 1648 3330 980
1685 3265 1866 3312 autem
1913 3257 2018 3311 hoc

442 3360 560 3413 loco
583 3373 690 3412 non
719 3357 957 3423 bellum,
991 3353 1084 3412 sed
1115 3353 1499 3424 cognationem
1531 3351 1799 3404 nominat.
1830 3349 2018 3414 Quan-

441 3450 512 3504 ιΙυ
545 3451 690 3504 enim
722 3449 908 3520 generi
942 3445 1278 3509 luobellum,
1311 3443 1511 3512 inquit,
1532 3440 1789 3503 intulisti,
1819 3441 2017 3496 merito

440 3541 509 3593 ab
539 3539 661 3609 ipso
692 3537 1077 3601 debellaberis,
1118 3543 1171 3589 et
1195 3543 1461 3604 cognatos
1490 3547 1628 3602 quos
1663 3532 1830 3586 odisti
1868 3531 2018 3586 exci-

441 3632 569 3685 tabo
600 3638 793 3684 contra
826 3639 879 3683 te
901 3637 961 3682 ut
988 3628 1198 3682 hostes.
1228 3626 1467 3696 Cognati
1513 3633 1694 3679 autem
1745 3623 2017 3678 lduma'ov

440 3738 562 3778 rum
592 3729 721 3776 sunt
750 3720 943 3776 Judaei.
975 3721 1016 3774 A
1062 3720 1284 3774 duobus
1330 3720 1472 3773 enim
1535 3717 1799 3772 fratribus
1845 3731 2017 3786 genus

440 3813 668 3877 ducunt,
708 3813 762 3866 hi
793 3811 1012 3882 quidem
1043 3811 1112 3864 ab
1147 3809 1376 3871 Edomo,
1406 3809 1500 3879 qui
1542 3817 1594 3863 et
1649 3809 1793 3862 Esau
1835 3807 2017 3862 dictus

439 3910 544 3965 est,
585 3900 661 3954 illi
698 3916 828 3956 vero
872 3917 899 3954 a
936 3899 1162 3964 Jacobo,
1198 3899 1290 3970 qui
1334 3899 1461 3952 item
1519 3897 1689 3953 Israel
1715 3907 1801 3953 est
1834 3897 2019 3967 appel-

439 3993 603 4048 latus.

511 4083 680 4138 Vens.
715 4085 768 4137 7.
805 4081 873 4138 Et
902 4084 1098 4154 faciam
1132 4091 1360 4138 montem
1397 4081 1514 4137 Seir
1539 4084 1805 4136 desertum
1847 4089 1896 4134 et
1929 4078 2020 4134 de-

439 4177 691 4233 solatam.
756 4176 963 4232 Deinde
1015 4175 1283 4232 describit
1344 4173 1707 4228 desolationis
1771 4170 2019 4226 modum.

444 4287 465 4320 ι
499 4268 564 4322 Ει
594 4267 819 4336 perdam
851 4267 918 4322 ab
941 4282 1007 4322 eo
1037 4266 1316 4321 hominem
1341 4273 1395 4320 et
1412 4264 1684 4334 iumenta,
1717 4269 1770 4317 et
1794 4269 2021 4332 praeter-

442 4447 764 4503 solitudinis
822 4449 1306 4518 exsuperantiam,
1357 4448 1477 4502 fore
1537 4455 1598 4502 ut
1665 4463 1775 4501 non
1838 4446 2020 4500 solum

441 4541 620 4611 ipsum
651 4541 849 4596 incolis
886 4542 1107 4610 spoliet,
1172 4541 1270 4596 sed
1309 4542 1474 4596 etiam
1519 4540 1821 4595 viatoribus
1877 4555 2017 4609 prsc-

440 4631 812 4696 tereuntibus,
839 4632 1203 4703 prmdicitque
1247 4647 1356 4702 qua
1396 4633 1614 4688 ratione
1661 4630 1877 4686 incolas
1924 4631 2019 4686 de-

441 4725 652 4780 leturus
679 4724 772 4780 sit.

514 4814 682 4872 Vens.
715 4817 770 4882 8,
796 4817 848 4870 9.
889 4817 958 4871 Et
987 4817 1210 4886 implebo
1239 4818 1523 4872 vulneratis
1561 4817 1663 4870 tuis
1691 4815 1848 4870 colles
1880 4823 2018 4877 tuos,

441 4915 492 4958 et
530 4907 695 4960 ualles
734 4918 876 4974 tuus,
910 4920 958 4964 et
995 4911 1048 4962 in
1089 4909 1329 4964 omnibus
1366 4911 1530 4979 agris‘
1564 4909 1667 4961 tuis
1703 4923 1722 4961 :
1762 4905 2024 4961 vulnerati

443 4995 583 5048 enim
627 4997 807 5064 gladio
845 4998 1031 5054 cadent
1064 5000 1119 5053 in
1149 5009 1217 5054 te.
1262 4998 1331 5052 Et
1364 4997 1709 5053 solitudinem
1742 4997 2019 5064 sempiter-

446 5102 568 5140 nam
585 5104 776 5157 ponam
798 5101 866 5157 te,
889 5102 936 5145 et
959 5094 1110 5148 urbes
1127 5101 1233 5147 tua!
1250 5109 1354 5146 non
1369 5090 1752 5144 habitabantur
1770 5090 2021 5158 amplius,

516 5272 542 5311 δ
575 5269 734 5325 Rern.
763 5287 859 5337 xu,
891 5273 978 5327 15.

2121 3266 2213 3304 σε.
2250 3282 2316 3292 ——
2341 3245 2492 3319 Αἷμα
2536 3250 2593 3302 δὲ
2641 3248 2870 3302 ἐνταῦθα
2901 3250 2963 3302 οὐ
3013 3251 3104 3302 τὸν
3136 3249 3395 3318 πόλεμον,
3431 3247 3567 3300 ἀλλά
3593 3245 3697 3316 τὴν

2119 3342 2440 3409 συγγένειαν
2469 3338 2748 3409 ὀνομάζει.
2802 3337 3023 3409 Ἐπειδὴ
3060 3339 3192 3410 γὰρ,
3245 3337 3400 3409 φησι,
3432 3335 3510 3406 τῷ
3546 3336 3696 3404 γένει

2120 3449 2216 3484 σου
2249 3429 2666 3502 πεπολέμηκας,
2699 3429 2925 3493 εἰκότως
2949 3430 3055 3483 ὑπὸ
3089 3429 3279 3482 τούτου
3312 3426 3693 3499 πολεμηθήσῃ.

2118 3525 2213 3578 καὶ
2249 3523 2376 3585 τοὺς
2417 3524 2722 3590 συγγενεῖς,
2751 3520 2845 3584 οὓς
2874 3521 3144 3591 ἐμίσησας
3164 3558 3180 3583 ,
3213 3518 3575 3587 έπαναστήσω
3613 3532 3698 3568 σοι

2119 3615 2431 3685 πολεμίους.
2458 3613 2751 3678 Συγγενείς
2792 3611 2850 3664 δὲ
2887 3611 3201 3681 Ἰδουμαίων
3226 3611 3276 3663 οἱ
3320 3607 3563 3661 Ἰουδαῖοι
3587 3621 3601 3634 ·
3632 3607 3698 3658 ἐκ

2117 3709 2211 3764 δύο
2239 3709 2349 3780 γὰρ
2389 3705 2639 3775 ἀδελφῶν
2689 3703 2750 3756 τὸ
2798 3703 2954 3773 γένος
3005 3701 3375 3769 κατάγουσινο
3411 3699 3461 3752 οἱ
3501 3697 3598 3768 μὲν
3639 3695 3699 3763 ἐξ

2132 3799 2334 3869 Ἐδὼμ,
2363 3797 2458 3851 τοῦ
2512 3796 2605 3850 καὶ
2650 3791 2853 3848 Ἡσαῦ·
2886 3791 2936 3845 οἱ
2973 3790 3030 3844 δὲ
3081 3789 3141 3855 ὲξ
3201 3787 3416 3854 Ἰακὼϐ,
3464 3786 3700 3848 τοῦικαὶ

2132 3890 2366 3960 Ἰσραήλ.

2191 4071 2257 4137 ζ’.
2289 4069 2398 4126 Kal
2449 4067 2620 4122 δώσω
2662 4067 2728 4118 τὸ
2788 4063 2927 4132 ὄρος
2972 4061 3147 4128 Σηεὶρ
3189 4061 3279 4124 εὶς
3319 4057 3562 4128 ἔρημον,
3597 4056 3696 4110 καὶ

2121 4161 2532 4231 ἠρημωμένον.
2574 4152 2707 4209 Εῐτα
2749 4153 2895 4221 λέγει
2927 4152 3020 4205 καὶ
3046 4150 3148 4218 τῆς
3184 4147 3422 4219 ἐρημίας
3451 4146 3546 4200 τὸν
3576 4146 3702 4216 τρόα

2124 4271 2245 4308 πον.
2274 4271 2294 4305 ι
2325 4253 2435 4306 Καὶ
2462 4248 2650 4304 ἀπολῶ
2680 4247 2778 4300 ἀπ’
2817 4242 2983 4298 αὑτοῦ
3010 4242 3296 4311 ἄνθρωπον
3325 4240 3419 4291 καὶ
3446 4238 3616 4308 κτήνη
3629 4237 3700 4301 ⁸⁸,

313 4390 328 4414 .
439 4369 661 4414 euntem
729 4367 781 4414 et
861 4358 1210 4414 redeuntem.
1250 4377 1269 4410 ι
1320 4356 1444 4413 Ηαξο
1494 4364 1676 4411 autem
1737 4354 2014 4409 declarant

2124 4346 2221 4400 καὶ
2240 4340 2761 4413 παραπορευόμενον
2783 4336 2873 4390 καὶ
2893 4333 3301 4404 ἀναστρέφοντα
3315 4330 3382 4385 ⁸⁸.
3409 4347 3428 4381 ι
3450 4327 3634 4381 Ταῦτα
3654 4327 3701 4360 ⁸⁸

2125 4439 2182 4492 δὲ
2212 4437 2364 4508 δηλοῖ
2395 4432 2629 4505 ἐρημίας
2655 4427 2979 4500 ὑπερϐολὴν,
3011 4427 3093 4480 ὃτι
3119 4425 3179 4477 οὐ
3213 4423 3373 4494 μόνον
3401 4419 3703 4490 οἰκητόρων

2051 4505 2096 4559 D
2129 4505 2276 4586 ai’rcb
2324 4526 2608 4598 γυμνῶσει
2632 4562 2646 4586 ,
2699 4520 2836 4574 ἀλλὰ
2913 4519 3009 4572 καὶ
3087 4514 3279 4570 όδιτῶν
3346 4513 3658 4584 παριόντων
3685 4528 3701 4543 ο

2123 4621 2383 4695 προλέγει
2441 4619 2501 4672 δὲ
2559 4615 2655 4670 καὶ⁷
2690 4614 2798 4666 τίνι
2828 4611 3016 4682 τρόπῳ
3066 4607 3367 4678 δαπανήσει
3403 4607 3531 4666 τοὺς
3561 4603 3706 4656 ἐνοι-

2118 4713 2369 4775 κοῦντας.

2193 4813 2263 4876 η’,
2303 4804 2367 4857 θ’.
2422 4799 2532 4856 Kal
2567 4796 2860 4868 ἐμπλήσω
2919 4791 3037 4845 τῶν
3099 4788 3469 4860 τραυματιῶν
3516 4801 3632 4841 σου
3655 4785 3703 4817 ⁸⁷

2124 4875 2266 4964 τοὺς
2291 4894 2559 4960 ,ϐουνούς
2587 4904 2740 4952 σου,
2793 4887 2892 4941 καὶ
2937 4886 3042 4950 τὰς
3081 4881 3388 4952 φάρση-ἀς
3433 4894 3570 4943 σου,
3606 4875 3707 4928 καὶ

2127 4993 2198 5046 ἐν
2226 4987 2378 5042 πᾶσι
2413 4985 2537 5050 τοῖς
2564 4981 2792 5046 πεδίοις
2817 4993 2933 5032 σου
2957 4994 2970 5008 °
2998 4971 3559 5043 τετραυματισμένοι
3592 4966 3706 5037 γὰρ

2125 5081 2392 5157 μαχαίρᾳ
2441 5075 2770 5131 πεσοῦνται
2807 5072 2880 5125 ἑν
2913 5069 3034 5124 σοί.
3062 5066 3172 5124 Kal
3209 5066 3435 5135 ἔρημον
3464 5059 3710 5115 αἰώνιον·

1753 5361 1992 5419 VARl/E
2033 5358 2436 5418 LECTIONES.

515 5526 565 5558 ⁷⁸
582 5528 638 5579 ὲν
665 5526 765 5580 σοί.
796 5528 836 5578 Α
858 5525 939 5580 σέ.
979 5529 1026 5560 ’³⁸
1048 5526 1484 5595 καὶ-μαχαίρᾳ.
1508 5521 1742 5577 llebr.et
1771 5522 1928 5595 quasi
1954 5522 2197 5595 diﬂluere
2221 5518 2412 5595 iecisti
2436 5512 2808 5595 ﬁlioslsraelis
2839 5525 2934 5595 per
2952 5502 3704 5595 gladiolus}

447 5597 491 5627 '"
535 5603 578 5650 Α
613 5596 906 5667 μαχαίρας.
936 5598 978 5668 Β
1013 5583 1276 5668 μάχαιραΪ
1299 5583 1329 5595 ”
1355 5583 1406 5625 τί
1622 5583 1919 5668 --καὶρῷῖ
1955 5593 2078 5668 Des.
2096 5592 2174 5668 __in
2206 5593 2271 5646 A.

1092 5615 1276 5698 χῗιρα.
1359 5615 1398 5625 ’⁸³
1441 5615 1586 5662 υΑιψ.
1622 5621 1689 5633 -
1721 5615 1919 5663 καιρῳ.
1955 5615 2078 5647 ves.
2122 5615 2174 5646 In
2206 5615 2271 5646 ﬂ.
2375 5615 2411 5620 ’ν
2458 5615 2552 5641 καῖ-
2579 5615 2648 5626 ——
2681 5615 2801 5665 ευχ.
2833 5615 2995 5635 un...
3037 5615 3280 5674 mzwut.
3308 5615 3416 5646 Ψ...
3448 5615 3704 5640 ...μιν-.-.ι

1181 5665 1222 5718 Β
1254 5663 1620 5735 ἀπετείχιζες.
1698 5664 1742 5694 ³⁸
1785 5663 1936 5735 φησί.
1975 5659 2303 5735 ᾼςΙ-βγιηιιι.
2333 5651 2948 5735 Ιιαξο-ι)θ[ι.λνιᾱθιιιιιι·.ι
3009 5649 3055 5680 ⁸³
3242 5646 3310 5735 ξι)
3334 5647 3704 5735 Ξ-ςιῇ-μαρξξιεςζ

448 5667 512 5734 ad
557 5668 718 5720 ﬁnem
755 5667 1020 5734 pervenit.

2369 5589 2414 5620 ’θ
2455 5586 2552 5641 καὶ
2579 5614 2648 5626 -
2681 5585 2801 5653 ὲσχ.
2833 5575 3417 5653 Hebr._l_er_npore_quo
3436 5575 3708 5653 iniquitas

451 5715 1053 5806 iia};';a's’:.1.‘g.;iaém
1090 5753 1136 5790 ε.
1167 5715 1634 5806 ιζὀἁέιίιῖρἶιζιῖο
1673 5741 1745 5788 te.
1797 5715 1868 5764 ’⁸³
2060 5715 2222 5806 Heia.
2253 5745 2382 5806 non:
2459 5715 2508 5806 οξ
2546 5723 2832 5806 ἇχθρωπογ
2864 5715 3218 5806 minus-ﬁcti;
3249 5717 3304 5771 ίιι
3334 5715 3539 5806 Ῐξεξιηίχ,
3560 5715 3626 5746 ⁷⁵⁸
3666 5715 3708 5767 Β

449 5785 1843 5898 Ev'aiiéﬁém'éafi's'éiiiti'alii}?'i'cEﬁbhEnoétra.
1923 5803 1968 5835 ⁸⁶
2007 5803 2048 5853 Β
2071 5801 2250 5853 τοῦτο.
2329 5799 2371 5831 ⁸⁷
2415 5795 2529 5849 σοῦ.
2572 5785 2735 5847 Hebr.
2778 5793 2921 5863 ejus.
2952 5789 3019 5844 Et
3047 5787 3266 5854 deinde,
3299 5787 3465 5843 colles
3492 5785 3635 5856 ejus.
