4070 6414
324 373 464 440 1183

1322 384 1808 444 THEODORETI
1829 383 2169 444 EPISCOPI
2197 385 2562 448 CYRENSIS

3455 394 3591 460 1184

320 483 501 537 ιετίηι
546 485 830 554 quomodo
877 502 1138 558 magnum
1197 490 1272 544 sit
1320 504 1523 544 nomen
1581 506 1800 551 meum.
1851 506 1889 544 ει

2008 491 2368 562 δεικνυμένης
2418 494 2721 564 δυνάμεως.
2778 497 3063 561 Μαθόντες
3129 499 3278 570 γὰρ,
3337 500 3456 566 πῶς
3489 523 3594 574 μου

320 573 623 640 ejusmodi,
655 577 801 646 quod
835 577 1090 633 idoneum
1141 580 1213 635 sit
1257 580 1323 634 ad
1379 597 1538 652 opem
1585 583 1905 638 domesticis

321 662 442 718 suis
467 663 775 731 ferendam,
810 672 1109 737 potentiam
1164 687 1342 728 meam
1379 673 1690 730 laudabunt
1727 685 1780 731 et
1810 689 1905 731 ce-

320 753 635 810 lebrabunt.
669 753 782 810 Hoc
811 759 958 812 enim
999 758 1326 827 declaravit,
1361 764 1554 819 dicens
1589 783 1602 819 :

389 841 459 896 Et
484 854 794 912 cognoscent
811 855 987 916 gentes
1004 865 1085 902 me
1119 866 1234 904 esse
1260 850 1546 907 Dominum
1567 853 1756 922 Deum,
1786 872 1904 910 cum

317 934 685 1002 sanctiﬁcatus
718 937 868 1005 [uero
896 957 988 1010 ego
1019 942 1074 994 in
1109 943 1252 998 vobis
1277 956 1397 999 ante
1424 948 1606 1002 oculos
1641 950 1899 1018 ipsorum.

320 1025 510 1093 (Vens.
544 1027 662 1098 24.)
703 1029 768 1083 Et
799 1034 1054 1101 accipiant
1092 1053 1183 1089 vos
1225 1037 1288 1091 de
1315 1039 1576 1108 gentibus,
1602 1049 1654 1094 et
1683 1058 1905 1112 congre-

315 1114 449 1183 gabo
479 1133 568 1171 vos
596 1133 660 1171 ea:
693 1121 934 1175 omnibus
979 1127 1426 1193 generationibus,
1478 1137 1528 1183 et
1567 1130 1902 1184 introducam

317 1223 406 1259 vos
437 1208 490 1261 in
521 1219 722 1265 terram
757 1226 1004 1269 vestram.
1043 1215 1160 1272 Hoc
1194 1220 1454 1276 omnibus
1483 1222 1592 1278 illis
1623 1225 1902 1292 convenit,

316 1297 409 1367 qui
447 1300 730 1356 redierunt
763 1322 776 1356 :
821 1305 1138 1378 quicunque
1165 1310 1310 1363 enim
1363 1312 1542 1367 redire
1583 1313 1898 1383 voluerunt,

315 1390 552 1445 reditum
597 1395 881 1449 consecuti
926 1407 1090 1464 sunt;
1135 1414 1198 1454 ea
1242 1415 1374 1455 vero
1423 1417 1546 1472 qua:
1592 1413 1902 1474 sequuntur

316 1496 428 1534 non
459 1481 585 1537 item
612 1482 667 1538 in
697 1500 889 1542 omnes
918 1487 1145 1551 cadunt,
1174 1490 1269 1545 sed
1300 1492 1356 1545 in
1399 1507 1496 1548 eos
1541 1502 1773 1561 tantum,
1806 1500 1900 1568 qui

314 1573 633 1642 evangelico
680 1578 958 1644 praeconio
1018 1579 1177 1635 ﬁdem
1239 1580 1371 1638 dare
1429 1584 1741 1642 voluerunt.
1810 1591 1903 1644 Ait

313 1665 463 1718 enim
495 1683 508 1719 :

391 1753 552 1812 Vens.
593 1756 686 1811 25.
729 1759 798 1813 Et
823 1777 1072 1834 spargam
1097 1783 1255 1832 super
1285 1785 1374 1823 vos
1403 1787 1598 1840 aquam
1619 1771 1897 1837 mundam,

309 1855 360 1899 et
391 1848 780 1906 mundabimini
812 1854 877 1906 ab
918 1857 1161 1912 omnibus
1203 1861 1558 1918 immunditiis
1600 1866 1810 1931 vestris,
1851 1875 1900 1919 et

309 1935 374 1989 ab
425 1939 665 1993 omnibus
709 1942 868 1999 idolis
913 1949 1097 2003 vestris
1141 1951 1408 2007 mundabo
1441 1971 1550 2009 vos.
1597 1958 1900 2027 ——Aquam

311 2034 495 2081 autem
541 2031 797 2101 mundam
830 2040 1268 2106 regenerationis
1300 2058 1502 2114 aquam
1536 2050 1897 2118 nuncupavit,

308 2115 443 2182 quia.
474 2116 740 2188 haptizati
771 2125 1151 2182 remissionem
1177 2140 1529 2200 peccatorum
1557 2115 1896 2207 accepimus.

308 2205 377 2260 Et
409 2224 534 2278 qua:
566 2223 876 2282 sequuntur
909 2233 973 2274 ea
1002 2221 1355 2291 confirmant,
1409 2242 1532 2298 quae
1561 2205 1708 2284 dicta
1745 2241 1895 2286 sunt.

381 2380 548 2439 Vens.
589 2383 678 2439 26.
719 2385 790 2441 Et
829 2387 967 2444 dabo
1008 2393 1150 2448 vobis
1186 2412 1278 2449 cor
1318 2415 1531 2467 novum,
1559 2411 1608 2455 et
1646 2404 1896 2471 spiritum

309 2489 498 2527 novum
529 2475 666 2531 dabo
691 2477 857 2534 vobis.
899 2479 1004 2537 Per
1039 2485 1154 2540 haec
1201 2490 1401 2547 mentis
1430 2493 1790 2551 mutationem
1821 2498 1897 2552 si-

304 2566 628 2636 gniﬁcavit:
673 2571 741 2626 ad
782 2573 1008 2629 meliora
1056 2580 1224 2644 enim,
1273 2582 1472 2652 inquit,
1520 2600 1620 2641 cor
1648 2597 1894 2645 vestrum

305 2657 614 2725 inclinabit,
647 2675 757 2718 non
800 2665 1041 2735 amplius
1078 2672 1385 2727 secundum
1429 2676 1722 2744 pristinam
1754 2694 1893 2734 con-

305 2750 656 2807 suetudinem
709 2755 776 2809 ad
812 2756 1087 2815 deteriora
1135 2766 1507 2834 propendens.
1545 2767 1684 2826 Illud
1735 2788 1888 2837 vero,

303 2839 464 2904 dabo,
499 2857 846 2916 nequaquam
888 2850 1120 2907 liberum
1160 2855 1306 2911 laedit
1337 2859 1667 2927 arbitrium;
1705 2865 1893 2921 verbis

302 2931 470 2998 enim,
503 2943 557 2990 et
586 2939 867 3007 operibus,
897 2951 951 2997 et
989 2943 1222 3002 inllnitis
1249 2947 1417 3020 99o
1449 2952 1466 2970 ¹
1497 2951 1760 3010 adhibitis
1787 2956 1892 3011 mi-

302 3025 532 3087 raculis,
560 3042 670 3082 non
699 3030 809 3086 illis
832 3041 1068 3102 tantum,
1096 3037 1191 3092 sed
1227 3041 1393 3094 etiam
1425 3044 1686 3102 omnibus
1712 3047 1891 3117 genti-

2013 585 2160 654 μέγα
2188 584 2250 637 τὸ
2277 585 2447 654 δνομα
2466 627 2481 651 ,
2519 588 2617 641 καὶ
2662 588 2867 659 ἀρκοῦν
2897 592 2979 652 είς
3013 589 3112 661 τὴν
3159 591 3268 644 τῶν
3297 594 3594 660 οἰκειουμέ-

2008 693 2116 731 νων
2146 679 2464 749 ἐπικουρίαν
2485 719 2500 744 ,
2535 679 2821 748 δοξάσουσί
2858 700 2960 752 μου
3003 682 3102 755 τὴν
3142 684 3467 741 δεσποτείαν
3498 704 3595 740 και

2011 768 2334 840 ὑμνήσουσι.
2366 769 2538 824 Τοῦτο
2570 772 2678 844 γάρ
2721 774 3108 844 παρεδήλωσεν
3138 775 3376 846 εἰρηκώς
3398 794 3413 810 ο

2079 863 2187 916 Kal
2216 861 2550 931 γνώσονται
2599 865 2672 920 τὰ
2720 867 2886 933 ἔθνη,
2913 867 3004 919 ὅτι
3029 865 3144 935 ἐγώ
3175 869 3291 936 ειμι
3325 869 3535 936 Κύριος
3561 873 3595 922 ό
3619 889 3622 893 ’

2011 951 2158 1018 Θεὸς
2186 953 2256 1006 ἐν
2287 955 2332 985 ⁸⁸
2367 951 2445 1022 τῷ
2470 952 2836 1022 ἀγιασθῆναὶ
2851 972 2929 1024 με
2959 957 3026 1008 ὲν
3050 955 3192 1025 ὑμῖν
3215 958 3342 1010 κατ’
3365 959 3592 1026 ὀφθαλο

2001 1042 2156 1110 μοὺς
2183 1041 2403 1099 αὐτῶν.
2441 1044 2584 1113 (κδ’.)
2625 1046 2733 1099 Kal
2789 1045 3064 1116 λήψομαι
3112 1046 3270 1117 ὑμᾶς
3292 1051 3337 1081 ⁸⁸
3366 1050 3436 1103 ἐκ
3474 1051 3593 1103 τῶν

2005 1130 2216 1196 ἐθνῶν,
2241 1133 2337 1188 καί
2356 1135 2616 1204 ἁθροίσω
2644 1135 2801 1205 ὑμᾶς
2814 1137 2880 1191 ἐκ
2899 1138 3118 1193 πασῶν
3147 1139 3268 1194 τῶν
3283 1140 3504 1209 γενεῶν
3521 1142 3588 1203 ⁸⁷,

2007 1225 2106 1278 καὶ
2136 1225 2360 1291 εἰσάξω
2390 1226 2545 1295 ὑμᾶς
2577 1230 2664 1294 εἰς
2689 1228 2804 1297 τὴν
2834 1229 2953 1300 τῆν
3002 1231 3192 1302 ὑμῶν.
3240 1233 3410 1288 Τοῦτο
3457 1237 3591 1288 πᾶσι

2004 1317 2116 1378 τοῖς
2142 1317 2532 1372 ἐπανελθοῦσιν
2585 1319 2847 1390 ἁρμόττει
2867 1338 2878 1348 ·
2904 1323 2956 1374 οἱ
2991 1322 3102 1392 γὰρ
3122 1323 3440 1377 ἐπανελθεῖν
3466 1325 3592 1394 βου-

2003 1404 2260 1476 ληθέντες
2293 1408 2483 1479 ἔτυχον
2511 1410 2609 1480 τῆς
2631 1411 2895 1470 ἐπανόδου
2917 1427 2930 1441 ·
2956 1414 3025 1467 τὰ
3053 1415 3111 1468 δέ
3144 1416 3460 1488 ἐπαγόμενα
3491 1419 3591 1472 οὐκ

2005 1495 2085 1576 ἔτι
2115 1501 2301 1562 πᾶσιν,
2326 1500 2461 1554 ἀλλὰ
2496 1501 2680 1571 μόνοις
2721 1504 2838 1567 τοῖς
2899 1505 2979 1575 τῷ
3028 1506 3370 1578 εὐαγγελικῷ
3419 1511 3591 1582 κηρῦ-

2003 1608 2173 1661 γματι
2202 1592 2486 1648 πιστεῦσαι
2515 1596 2920 1667 προελομένοις.
2942 1600 3082 1669 Φησὶ
3101 1601 3212 1671 γάρ
3237 1618 3251 1633 ο

2077 1773 2173 1821 κε’.
2209 1768 2314 1822 Kal
2359 1767 2525 1835 ρανῶ
2581 1772 2669 1837 εις
2705 1773 2750 1804 ⁸⁸
2783 1765 2940 1841 ὑμᾶς
2968 1773 3124 1843 ὕδωρ
3173 1776 3456 1844 καθαρὸν,
3487 1777 3587 1830 καὶ

2005 1859 2524 1928 καθαρισθήσεσθε
2573 1863 2694 1917 ἀπὸ
2757 1863 2976 1918 πασῶν
3036 1865 3156 1920 τῶν
3200 1868 3590 1936 ἀκαθαρσιῶν

2002 1949 2187 2018 ὑμῶν,
2219 1950 2318 2004 καὶ
2334 1951 2450 2005 ἀπὸ
2473 1952 2719 2008 πάντων
2757 1954 2874 2009 τῶν
2918 1957 3182 2012 εἰδώλων
3204 1957 3372 2027 ὑμῶν
3401 1964 3584 2014 καθα-

1992 2040 2108 2108 ριῶ
2138 2041 2314 2111 ὑμᾶς.
2345 2071 2415 2083 -
2440 2043 2636 2113 ’Ύδωρ
2673 2046 2732 2099 δὲ
2786 2047 3051 2115 καθαρὸν
3095 2047 3156 2102 τὸ
3193 2050 3291 2120 τῆς
3323 2050 3588 2120 παλιγγεμ

2002 2134 2187 2198 νεσίας
2226 2135 2515 2206 ὠνόμασεν
2548 2135 2716 2208 ὕδωρ,
2752 2139 2812 2191 ἐν
2853 2131 2899 2207 ᾧ
2935 2138 3329 2208 βαπτισθέντες
3353 2140 3454 2212 τὴν
3485 2143 3592 2210 dep-

2001 2243 2118 2279 εσιν
2157 2227 2264 2280 τῶν
2301 2227 2716 2300 ἁμαρτημάτων
2768 2229 3056 2302 ἐλάϐομεν.
3097 2233 3208 2285 Καὶ
3235 2232 3304 2286 τὰ
3325 2235 3583 2305 ἐπιφερό-

2003 2335 2140 2388 μενα
2161 2318 2217 2372 δέ
2238 2317 2448 2388 βεϐαιοῖ
2469 2320 2538 2373 τὰ
2568 2321 2862 2398 εἰρημένα.

2070 2407 2183 2472 κς·’.
2236 2409 2352 2462 Kal
2399 2409 2574 2463 δώσω
2638 2410 2782 2480 ὑμῖν
2846 2412 3100 2479 καρδίαν
3175 2413 3422 2481 καινὴν,
3485 2415 3584 2468 καὶ

1998 2497 2236 2567 πνεῦμα
2265 2497 2482 2552 καινὸν
2503 2497 2678 2553 δώσω
2732 2499 2877 2570 ὑμῖν
2910 2502 2977 2554 ⁸⁸.
3013 2500 3114 2554 Διά
3139 2501 3186 2532 ⁷⁰
3238 2503 3452 2557 τούτων
3485 2505 3592 2574 τὴν

1995 2587 2091 2640 τοῦ
2113 2588 2464 2659 φρονήματος
2506 2589 2814 2660 ἐναλλαγὴν
2863 2591 3136 2662 ἐσήμανεν
3159 2592 3201 2622 ⁷⁸
3223 2608 3236 2620 ο
3266 2592 3360 2644 ἐπὶ
3388 2591 3497 2664 γὰρ
3517 2593 3584 2646 τὰ

1996 2679 2228 2748 ἀμείνω,
2258 2679 2415 2748 φησὶ,
2445 2679 2601 2751 ῥέψει
2631 2679 2839 2751 ὐμῶνὴ
2860 2680 3078 2752 καρδία,
3104 2680 3285 2734 οὐκέτι
3311 2679 3453 2734 κατά
3480 2681 3587 2750 τὴν

1998 2769 2280 2842 προτέραν
2313 2769 2606 2841 συνήθειαν
2619 2771 2720 2843 τὴν
2745 2773 2838 2824 ἐπὶ
2867 2771 2938 2824 τὰ
2956 2771 3126 2843 χείρω
3151 2771 3322 2842 ῥοπὴν
3349 2770 3580 2841 ἔχουσαο

1995 2859 2058 2914 τὸ
2086 2860 2143 2915 δέ
2164 2861 2360 2924 δώσω,
2387 2861 2638 2934 οὐδαμῶς
2664 2861 3087 2934 τῷαύτεξουσίῳ
3108 2861 3456 2933 λυμαίνεται⁸
3495 2862 3584 2916 λό-

1994 2969 2112 3019 γοις
2140 2953 2271 3024 γὰρ,
2301 2955 2396 3008 καὶ
2422 2955 2628 3026 ἔργοις,
2656 2954 2751 3008 καὶ
2783 2956 2898 3018 τοῖς
2963 2953 3177 3025 μυρίοις
3240 2954 3587 3025 χρησάμενος

1995 3042 2289 3114 θαύμασιν,
2322 3044 2423 3098 οὐκ
2470 3041 2712 3108 ἐκείνους
2747 3044 2966 3114 μόνους,
2995 3042 3132 3097 ἀλλὰ
3157 3044 3251 3096 καὶ
3284 3045 3464 3096 πάντα
3516 3043 3589 3096 τὰ

302 3115 427 3179 bus,
455 3125 513 3171 ut
539 3119 606 3172 ad
646 3121 904 3190 pietatem
935 3128 1281 3192 accederent.
1319 3139 1621 3201 persuasit,
1657 3115 1766 3194 non
1793 3155 1889 3196 co-

1993 3134 2122 3206 ἔθνη
2173 3137 2238 3206 τῇ
2273 3134 2528 3206 εὐσεϐείᾳ
2567 3133 2885 3206 προσελθεῖν
2924 3133 3164 3196 ἔπεισεν,
3217 3134 3318 3188 οὐκ
3343 3136 3589 3204 ἠνάγκα-

299 3208 414 3280 egit
447 3226 460 3262 :
490 3219 546 3266 et
575 3220 782 3278 tamen,
809 3217 1064 3286 quamvis
1097 3235 1209 3275 non
1236 3225 1499 3293 coegerit,
1533 3228 1626 3283 sed
1659 3244 1891 3298 persua-

302 3299 460 3368 serit,
488 3317 548 3358 sc
583 3304 658 3359 ait
703 3305 926 3363 dedisse
959 3310 1164 3366 animis
1197 3312 1264 3367 ad
1305 3315 1530 3370 meliora
1561 3323 1887 3390 propensio-

302 3407 426 3447 nem
462 3408 476 3447 :
513 3397 717 3467 quippe
749 3400 866 3469 ipse
896 3408 1093 3454 auctor
1132 3403 1209 3458 rei
1263 3404 1464 3471 factus,
1499 3416 1614 3464 tum
1652 3413 1738 3467 his
1764 3430 1886 3484 qua:

299 3485 458 3549 dixit,
497 3495 611 3541 tum
639 3489 748 3544 illis
780 3506 902 3558 quae
947 3492 1098 3546 fecit.

373 3571 444 3627 Et
474 3576 715 3644 auferant
737 3595 827 3632 cor
857 3579 1128 3650 lapideum
1163 3584 1229 3639 de
1261 3603 1419 3642 carne
1445 3600 1641 3655 vestra,
1669 3601 1718 3647 et
1745 3595 1884 3650 dabo

299 3665 442 3718 vobis
479 3682 570 3720 cor
613 3683 894 3724 corneum.
929 3671 1120 3742 (Vens.
1153 3675 1273 3746 27.)
1303 3677 1371 3731 Et
1417 3682 1665 3748 spiritum
1709 3701 1882 3740 meum

298 3755 435 3808 dabo
464 3755 519 3808 in
543 3757 708 3812 vobis.
740 3757 818 3814 Ne
857 3760 972 3817 haec
995 3763 1216 3833 quidem
1263 3774 1390 3823 ante
1423 3769 1630 3827 Christi
1665 3773 1882 3830 Domini

299 3845 596 3902 adventum
626 3848 769 3904 facta
799 3864 948 3908 sunt.
975 3855 1112 3910 Cum
1135 3858 1280 3914 enim
1310 3869 1426 3917 tres
1457 3860 1729 3920 duntaxat
1756 3880 1884 3938 post

299 3936 532 3992 reditum
581 3941 878 4009 prophetas
935 3943 1286 4012 habuissent,
1341 3949 1623 4020 Aggaeum,
1679 3964 1735 4009 et
1757 3936 1884 4010 ⁷Ζει-

295 4027 560 4092 chariam,
601 4038 655 4084 et
680 4030 1024 4099 Malachiam,
1057 4045 1182 4106 post
1225 4036 1378 4107 ipsos
1419 4042 1607 4096 statim
1640 4047 1881 4115 prophe-

295 4119 406 4172 tico
434 4134 662 4176 munere
710 4123 930 4192 spoliati
984 4136 1156 4192 sunt;
1229 4126 1326 4183 sed
1385 4137 1679 4202 postquam
1733 4135 1879 4194 Deus

295 4211 548 4268 Salvator
571 4221 761 4270 noster
783 4218 947 4273 homo
972 4218 1155 4274 factus
1175 4229 1280 4285 est,
1316 4231 1370 4276 et
1390 4222 1457 4277 ad
1479 4226 1650 4284 cmlos
1685 4244 1880 4287 ascen-

291 4305 395 4370 dit,
442 4306 665 4363 advenit
698 4324 867 4380 super
901 4326 1094 4367 sacros
1133 4315 1416 4384 apostolos
1462 4315 1706 4386 Spiritus
1749 4338 1878 4379 san-

292 4407 438 4463 ctus,
466 4414 562 4469 per
590 4415 732 4471 quos
765 4403 944 4474 gratia
975 4420 1086 4459 non
1134 4404 1340 4462 Iudaeis
1371 4408 1531 4474 solis,
1579 4412 1676 4467 sed
1708 4415 1874 4471 etiam

1996 3245 2087 3281 σεν
2109 3243 2122 3257 ⁸
2142 3226 2259 3281 ἀλλ’
2273 3228 2424 3297 ὅμως
2447 3227 2541 3280 καὶ
2568 3226 2644 3298 μὴ
2663 3227 3005 3295 ἀναγκάσας,
3019 3225 3154 3280 ἀλλὰ
3181 3226 3396 3293 πείσας,
3423 3226 3586 3288 αὐτὸς

1993 3321 2440 3390 λέγειδεδωκέναι
2459 3319 2791 3391 ταῖςψυχαῖς
2815 3319 3100 3391 τὴνέπὶτά
3125 3319 3361 3390 κρείττω
3385 3319 3580 3388 ῥοπὴν,

1990 3412 2067 3476 ὡς
2108 3413 2273 3477 αὐτὸς
2311 3413 2490 3478 αἴτιος
2517 3413 2735 3480 τούτου,
2793 3412 2859 3465 δι’
2893 3404 2968 3466 ὧν
3002 3407 3124 3464 εἷπέ
3151 3427 3208 3464 τε
3238 3415 3334 3464 καὶ
3365 3409 3579 3481 ἔδρασε,

1991 3503 2259 3573 γεγονώς.
2585 3510 2594 3525 ‘

2061 3595 2171 3649 Kal
2214 3594 2420 3664 (lysis?)
2479 3594 2595 3664 τὴν
2654 3595 2910 3665 καρδίαν
2954 3594 3069 3661 τὴν
3089 3595 3334 3659 λιθίνην
3369 3593 3438 3646 ἐκ
3469 3593 3575 3660 τῆς

1988 3687 2217 3755 σαρκὸς
2249 3686 2436 3756 ὑμῶν,
2469 3686 2567 3740 καί
2596 3686 2768 3740 δώσω
2794 3685 2934 3755 ὑμῖν
2968 3685 3221 3754 καρδίαν
3251 3686 3576 3754 σαρκίνην.

1988 3778 2140 3848 (κζ’.)
2175 3778 2284 3832 Kal
2317 3778 2385 3832 τὸ
2439 3777 2677 3849 πνεῦμά
2713 3796 2833 3848 μου
2886 3777 3059 3832 δώσω
3101 3777 3168 3832 ἐν
3222 3775 3384 3846 ὑμῖν.
3443 3775 3579 3830 Οὐδὲ

1985 3869 2159 3923 ταῦτα
2193 3871 2300 3942 πρὸ
2353 3872 2455 3940 τῆς
2505 3870 2600 3924 τοῦ
2656 3870 2927 3924 Δεσπότου
2977 3869 3217 3939 Χριστοῦ
3277 3866 3578 3940 παρουσίας

1984 3959 2202 4028 ἐγένετο
2225 3977 2237 3990 ’
2270 3963 2419 4032 τρεῖς
2446 3960 2560 4031 γὰρ
2591 3958 2752 4030 μόνον
2769 3959 2815 3989 τ’
2852 3957 2994 4029 μετὰ
3019 3958 3118 4029 τὴν
3148 3957 3408 4011 ἐπάνοδον
3436 3957 3578 4012 κατά

1983 4052 2180 4107 ταυτὸν
2203 4054 2500 4124 ἐσχηκότες
2553 4053 2864 4123 προφήτας,
2917 4052 3195 4121 Ἀγγαῖον,
3241 4050 3338 4104 καὶ
3401 4051 3578 4120 Ζαχα-

1985 4144 2128 4215 ρίαν,
2157 4145 2252 4198 atati
2287 4144 2595 4215 Μαλαχίαν,
2631 4145 2750 4214 μετ’
2792 4143 2994 4205 αὐτοὺς
3037 4143 3202 4207 εὐθὺς
3239 4142 3287 4174 ⁷³
3315 4142 3416 4210 τῆς
3450 4157 3577 4209 προ-

1985 4235 2224 4306 φητικῆς
2241 4235 2639 4306 ἐγυμνώθησάν
2662 4235 2888 4306 χάριτος
2908 4251 2922 4265 ⁸
2957 4234 3096 4305 μετά
3116 4234 3172 4286 δὲ
3196 4233 3296 4305 τὴν
3327 4232 3418 4286 τοῦ
3436 4230 3571 4285 Θεοῦ

1984 4327 2236 4398 Σωτῆρος
2259 4327 2307 4359 ⁷⁵
2341 4328 2498 4400 ήμῶν
2527 4326 2944 4398 ἐνανθρώπησιν
2965 4327 3060 4380 καὶ
3080 4325 3178 4397 τὴν
3205 4327 3286 4389 εἰς
3309 4324 3573 4397 οὐρανοὺς

1983 4417 2274 4488 ἀνάληψιν,
2301 4418 2666 4487 ἐπεφοίτησεν
2710 4418 2805 4472 ἐπὶ
2852 4418 2977 4480 τοὺς
3015 4419 3194 4487 ἱεροὺς
3239 4415 3570 4476 ἀποστόλους

291 4481 551 4548 Omnibus
588 4492 676 4549 his
713 4495 806 4562 qui
845 4511 911 4550 ex
941 4496 1202 4563 gentibus
1233 4499 1300 4553 ad
1340 4498 1498 4555 iidem
1543 4517 1874 4568 convenere.

1993 4515 2042 4566 τὸ
2071 4481 2294 4582 Πνεῦμα
2340 4481 2428 4565 τὸ-
2461 4481 2642 4581 ἅγιον,
2689 4511 3005 4583 ἐχορηγήθη
3061 4481 3118 4563 δὲ
3163 4509 3230 4564 δι’
3274 4508 3501 4562 ἐκείνων
3531 4509 3568 4576 ἡ

291 4583 714 4640 subministrata
745 4584 868 4640 fuit.
903 4583 1196 4654 Lapideum
1230 4598 1413 4646 autem
1458 4610 1550 4648 cor
1589 4606 1750 4652 vocat
1779 4599 1878 4654 ad-

288 4677 594 4732 versarium
647 4685 707 4734 et
754 4679 976 4743 rebelle,
1023 4695 1274 4735 corneum
1317 4699 1450 4740 vero
1484 4687 1770 4753 obediens,
1822 4701 1877 4747 et

290 4769 440 4825 dicto
473 4785 694 4840 parens.
729 4772 990 4842 quodque
1013 4773 1324 4830 divinarum
1364 4777 1700 4837 Litterarum
1732 4783 1872 4855 ligu-

291 4876 384 4914 ras
421 4863 596 4929 possit
625 4863 901 4933 excipere.
943 4883 960 4917 ι
997 4864 1064 4918 Ει
1095 4864 1318 4934 faciam,
1353 4877 1411 4924 ut
1438 4869 1493 4924 in
1520 4872 1875 4942 justilicatio-

290 4952 455 5007 nibus
485 4955 622 5009 meis
657 4954 968 5022 ambuletis,
1006 4964 1062 5012 et
1102 4956 1320 5026 judicia
1369 4975 1491 5016 mea
1520 4964 1872 5034 custodiatis,

288 5051 346 5095 et
383 5041 600 5100 faciatis
641 5060 727 5100 ea.
777 5064 798 5099 ›
833 5044 950 5102 Hoc
989 5055 1173 5106 autem
1211 5050 1453 5121 Spiritus
1505 5057 1698 5125 gratiae
1745 5075 1871 5130 pro-

290 5135 470 5201 prium
527 5145 632 5199 est,
679 5153 802 5208 quae
836 5148 1087 5197 nostrum
1125 5143 1396 5213 adiuvans
1445 5145 1680 5203 liberum
1726 5153 1874 5208 arbi-

256 5254 259 5256 -
289 5225 478 5292 trium,
506 5227 671 5284 elllcit
697 5241 758 5286 ut
779 5239 928 5288 recte
955 5235 1259 5303 procedant
1286 5253 1412 5308 qua:
1441 5239 1584 5296 dicta
1611 5253 1767 5298 sunt.

1976 4606 2158 4676 χάρις,
2184 4605 2285 4658 οὐκ
2327 4602 2607 4667 Ἰουδαίοις
2635 4603 2838 4672 μόνοις,
2865 4603 3002 4657 ἀλλὰ
3034 4603 3130 4656 καὶ
3162 4602 3300 4655 πᾶσι
3321 4602 3434 4662 τοῖς
3459 4598 3570 4653 τῶν

1975 4693 2150 4748 ἐθνῶν
2189 4691 2554 4765 προσελθοῦσι
2583 4695 2650 4764 τῇ
2689 4693 2896 4746 πίστει.
2937 4693 3190 4760 Λιθίνην
3225 4691 3282 4745 δέ
3313 4688 3568 4758 καρδίαν

1976 4784 2135 4840 καλεῖ
2164 4785 2262 4855 τὴν
2326 4782 2619 4836 ἀντίτυπόν
2647 4800 2711 4836 τε
2765 4785 2862 4837 καὶ
2902 4783 3127 4852 ἀπειθῆ,
3177 4782 3484 4849 σαρκίνην
3509 4778 3566 4832 δέ

1973 4875 2073 4947 τὴν
2104 4873 2330 4944 εὐπειθῆ
2359 4891 2419 4926 τε
2468 4875 2566 4928 καὶ
2613 4875 2865 4947 εὐήκοον,
2902 4875 2998 4928 καὶ
3048 4874 3155 4928 τῶν
3188 4873 3350 4927 Οείων
3379 4888 3566 4944 γραμ-

1977 4962 2167 5031 μάτων
2209 4960 2468 5028 δέξασθαι
2521 4962 2830 5034 δυναμένην
2884 4964 3014 5028 τοὺς
3080 4963 3304 5026 τύπους.
3370 4981 3388 5013 ι
3451 4959 3562 5015 Καὶ

1973 5055 2208 5126 ποιήσω.
2238 5054 2324 5108 ἵνα
2353 5055 2410 5106 ἐν
2443 5057 2557 5118 τοῖς
2595 5054 2932 5126 δικαιώμασί
2973 5073 3077 5127 μου
3113 5051 3441 5125 πορεύησθε,
3470 5050 3562 5105 καὶ

1970 5145 2040 5200 τὰ
2066 5145 2310 5217 κρίματά
2343 5163 2444 5216 μου
2480 5146 2833 5216 φυλάσσησθε
2863 5146 2930 5212 ⁷⁵,
2962 5146 3056 5200 καὶ
3079 5145 3271 5215 ποιῆτε
3294 5142 3513 5196 αὐτάπ.
3537 5159 3554 5190 ι

1972 5233 2144 5290 Τοῦτο
2175 5237 2231 5289 δὲ
2253 5236 2350 5306 τῆς
2388 5234 2483 5290 τοῦ
2554 5235 2870 5306 Πνεῦματος
2929 5237 3156 5309 χάριτος
3205 5233 3339 5287 ἴδιον
3365 5248 3380 5264 ·
3412 5231 3556 5301 αὐτὴ

1968 5328 2077 5398 γὰρ
2101 5327 2438 5397 συνεργοῦσα
2461 5327 2536 5398 τῷ
2571 5328 2829 5399 ἡμετέρῳ
2875 5325 3210 5396 αὐτεξουσὶῳ
3253 5322 3555 5393 κατορθοῦ-

1973 5419 2095 5474 σθαι
2126 5420 2540 5490 παρασκευάζει
2569 5419 2638 5473 τὰ
2673 5420 2966 5492 εἰρημένα.

1596 5496 1832 5559 VARIA‘]
1872 5505 2284 5565 LECTIONES.

357 5578 402 5674 ’ξ
442 5579 519 5641 ἐν,
549 5595 600 5632 κ.
623 5595 684 5674 Ιτ.
793 5579 1008 5674 Οριξξερ
1043 5586 1304 5674 suntnhoc
1339 5590 1457 5674 loco
1489 5591 1593 5674 ista
1621 5595 1768 5674 λέγει
1811 5603 1917 5658 Ἀδ.
1952 5607 2093 5674 Κυρ.

281 5647 582 5730 juxtaArec.
621 5650 769 5730 lect;
799 5659 854 5730 ει
878 5653 1054 5730 ῌεὶη.
1167 5658 1212 5730 f3
1250 5659 1330 5722 είς
1363 5662 1403 5714 Α
1435 5662 1540 5730 ἐφ’.

1655 5667 1834 5746 ξ’,ὑμο
1866 5675 1910 5729 Α
1934 5684 1989 5730 el
2091 5691 2276 5746 mem.
2303 5667 2378 5729 ἓν.

2199 5606 2244 5637 es
2283 5607 2379 5677 ὕμ,
2405 5637 2475 5648 -
2508 5606 2633 5678 ὰθρ.
2670 5607 2793 5664 Des.
2820 5609 2872 5663 in
2895 5607 3006 5678 A.___
3035 5605 3081 5678 Ϋ⁷

3124 5622 3236 5674 γεν.
3281 5605 3322 5658 Δ
3363 5602 3556 5674 γαιῶν,

2458 5679 2504 5709 ⁷ο
2547 5673 2748 5741 Aldine.
2776 5696 2827 5732 τ.
2861 5678 2912 5731 λ.
2949 5675 3082 5732 Vide
3116 5673 3304 5745 supra,
3344 5673 3551 5745 tom._l,

286 5731 408 5817 res
445 5719 603 5818 ξιιμ-ι
645 5722 688 5818 ἐ
730 5723 772 5774 Β
799 5723 1091 5807 ιρήμηνεν⁸
1170 5728 1214 5761 τ’
1254 5719 1541 5803 mace.
1620 5737 1664 5770 τε
1704 5719 1910 5812 πῑῐέτῐ
2540 5719 2827 5818 mea:
2861 5719 3552 5818 ςέαιῖ’νη-νλ·’;ρ·ιδ.ἀξ;ίές·οέ;

371 5805 427 5840 π.
467 5789 623 5843 αὐτά.
652 5791 693 5843 Α
727 5789 1006 5864 ποιήσητε.
