4070 6394
417 344 555 409 ΗΒΘ

1442 341 1524 403 IN
1556 336 2000 401 EZECHIELIS
2022 336 2181 396 CAP.
2209 335 2506 399 XXXVII.

3534 325 3672 392 1190

1720 646 2111 735 ἹῸΜΟΣ
2197 643 2361 730 IE’.

1224 1017 1572 1107 LIBER
1653 1007 2175 1100 DECIMUS
2303 1000 2885 1113 QUINTUS.

864 1356 867 1358 ’
912 1361 1310 1418 ΚΕΦΑΔΑΙΟΝ
1356 1361 1476 1415 AZ'.

476 1454 920 1528 α⁸.Καίέγένετο
934 1457 1027 1510 ἐπ’
1056 1455 1163 1527 ἐμὲ
1191 1455 1320 1526 χείρ
1348 1453 1593 1523 Κυρίου.
1630 1450 1802 1507 Πάλιν
1821 1450 1991 1520 χεῖρα

402 1550 505 1622 τὴν
536 1551 690 1605 θείαν
723 1550 1005 1621 ἐνέργειαν
1047 1548 1334 1603 ἀποκαλεῖ.
1371 1564 1390 1597 ι
1426 1545 1535 1600 Καὶ
1561 1542 1800 1615 ἐξήγαγέ
1843 1558 1909 1613 με
1931 1543 1990 1595 ὲν

406 1643 686 1714 πνεύματι
704 1641 932 1714 Κυρίου,
951 1642 1047 1695 καὶ
1069 1639 1233 1711 ἔθηκὲ
1256 1656 1324 1709 με
1348 1640 1407 1693 ὲν
1427 1638 1579 1709 μέσῳ
1594 1636 1689 1689 τοῦ
1708 1633 1893 1688 πεδίου
1909 1633 1949 1665 ³·
1964 1650 1984 1685 s

407 1736 763 1807 Πνευματικὴ
786 1734 949 1790 πάλιν
980 1735 1014 1805 ἡ
1039 1732 1244 1803 θεωρία
1264 1749 1278 1762 ο
1303 1730 1365 1783 οὐ
1401 1730 1512 1801 γάρ
1531 1731 1645 1790 τοῖς
1677 1725 1771 1781 τοῦ
1800 1724 1990 1796 σώμα-

405 1846 501 1892 τος
539 1827 843 1899 ὀφθαλμοῖς
879 1825 1027 1897 ἑώρα
1071 1826 1138 1879 τὰ
1200 1821 1655 1892 ύποδεικνύμενα,
1703 1818 1842 1873 ἀλλά
1894 1815 1988 1870 τοῦ

408 1917 682 1987 παναγίου
706 1915 1017 1988 πνεύματος
1045 1913 1262 1985 ἐδέχετο
1288 1913 1386 1985 τὴν
1412 1909 1779 1980 ἀποκάλυψιν.

480 2097 592 2153 Kal
635 2097 660 2130 δ
709 2095 887 2151 τοῦτο
936 2090 1017 2165 ἦν
1068 2090 1300 2163 μεστὸν
1348 2091 1577 2144 ὀστέων
1631 2087 1986 2157 ἀνθρώπων

409 2192 527 2264 (β’.)
554 2191 661 2246 Kal
693 2186 1016 2259 περιήγαγε
1046 2202 1125 2256 με
1146 2183 1240 2239 ἐπ’
1266 2185 1419 2238 αὐτὰ
1442 2179 1742 2236 κυκλόθεν
1766 2178 1987 2245 κύκλῳ,

407 2285 507 2339 καί
550 2282 679 2337 ἰδοὺ
707 2280 910 2335 πολλὰ
956 2277 1193 2348 σφόδρα
1243 2274 1343 2330 ἐπὶ
1380 2272 1704 2344 προσώπου
1747 2269 1858 2324 τοῦ
1889 2283 1992 2322 πε-

406 2374 544 2428 δίου
563 2373 606 2429 ⁸.
624 2373 750 2436 Τοῖς
767 2371 1057 2441 πράγμασι
1080 2385 1145 2422 συ
1153 2365 1487 2440 μόαινούσας
1504 2363 1602 2427 τὰς
1619 2358 1990 2430 ἀποκαλύψεις

407 2466 711 2540 λαμϐάνειο
752 2463 942 2534 ἐπειδὴ
989 2461 1097 2533 γὰρ
1130 2461 1199 2515 δι’
1236 2460 1305 2533 ἢν
1344 2458 1561 2512 ἐνόσουν
1596 2453 1854 2510 ἀπιστίαν
1891 2453 1990 2516 τάς

408 2562 783 2635 χρηστοτέρας
824 2557 1215 2628 ἀπηγόρευσαν
1265 2552 1487 2615 ἐλπίδας
1520 2552 1571 2603 ol
1602 2552 1667 2604 ὲκ
1711 2548 1811 2619 τῆς
1864 2547 1992 2601 Ἰου-

405 2654 565 2718 δαίας
589 2650 928 2723 αἰχμάλωτοι
957 2647 1264 2718 γενόμενοι,
1284 2643 1382 2716 τὴν
1402 2641 1610 2696 οἰκείαν
1630 2639 1814 2702 αὐτοῖς
1834 2639 1863 2692 ὁ
1881 2636 1989 2692 τῶν

2010 1362 2062 1421 Α

2608 1341 2840 1405 CAPUT
2876 1339 3144 1400 XXXVII.

2162 1443 2326 1500 Vens.
2362 1443 2414 1498 1.
2445 1441 2514 1497 Et
2563 1440 2667 1510 fuit
2726 1453 2886 1510 super
2940 1452 3021 1491 nte
3077 1446 3270 1487 manus
3339 1425 3672 1483 Domini.—

2091 1535 2314 1591 Manum
2345 1544 2540 1589 rursus
2562 1531 2803 1587 divinam
2848 1528 2960 1583 vim
2995 1537 3177 1581 vocat.
3220 1543 3239 1575 ι
3275 1521 3340 1576 Et
3378 1519 3566 1577 eduxit
3588 1531 3675 1571 me

2091 1629 2145 1685 in
2175 1627 2370 1698 spiritu
2417 1624 2656 1690 Domini,
2681 1632 2736 1679 et
2775 1622 2959 1693 posuit
2980 1634 3068 1674 me
3092 1618 3146 1671 in
3197 1615 3379 1671 medio
3418 1609 3615 1682 campi.
3648 1626 3668 1659 ι

2094 1719 2410 1793 Spiritualis
2467 1718 2581 1772 lucc
2621 1729 2819 1770 rursus
2882 1709 3276 1780 contemplatio
3327 1713 3437 1769 est,
3497 1714 3677 1773 neque

2090 1813 2238 1869 enim
2268 1809 2446 1866 oculis
2467 1808 2717 1877 corporis
2764 1819 2830 1859 ea
2891 1801 3174 1865 cernebat,
3210 1811 3333 1867 quae
3364 1794 3468 1850 sibi
3497 1801 3677 1847 osteno

2092 1904 2389 1965 debentur,
2446 1898 2541 1956 sed
2588 1893 2926 1953 sanctissimi
2980 1889 3223 1962 Spiritus
3288 1886 3674 1942 revelationem

2093 1991 2449 2067 percipiebat.

2165 2085 2235 2140 Et
2264 2086 2349 2140 hic
2386 2092 2502 2140 erat
2534 2083 2720 2153 plenus
2745 2076 2952 2134 assibus
2990 2075 3284 2129 hominum.
3340 2068 3531 2141 (Vens.
3589 2064 3674 2138 ἢ.)

2091 2179 2163 2241 Et
2216 2175 2571 2234 circumduxit
2623 2189 2705 2227 me
2754 2184 2910 2238 super
2940 2183 3005 2222 ea
3043 2182 3133 2236 per
3161 2178 3350 2236 gyrum
3380 2163 3436 2215 in
3482 2159 3677 2213 circui-

2093 2282 2170 2335 tu,
2199 2279 2249 2327 et
2277 2286 2392 2326 ecce
2426 2266 2575 2323 valde
2598 2264 2766 2319 multa
2800 2276 2956 2329 super
2975 2258 3166 2329 {aciem
3197 2254 3391 2324 campi.
3427 2251 3677 2308 Consen-

2091 2374 2283 2419 taneas
2300 2361 2466 2417 rebus
2495 2357 2698 2430 accipit
2722 2354 3106 2410 revelationes.
3131 2349 3267 2405 Cum
3292 2346 3436 2402 enim
3457 2351 3678 2416 propter

2092 2455 2398 2528 perﬁdiam,
2433 2451 2595 2521 cujus
2631 2447 2824 2503 morbo
2853 2442 3196 2508 laborabant,
3222 2440 3505 2495 meliorum
3523 2450 3676 2507 spem

2093 2548 2426 2620 alijccissent
2487 2543 2665 2600 Judaei
2722 2542 2824 2605 illi,
2854 2539 2949 2610 qui
2973 2553 3042 2593 es
3073 2533 3262 2590 Judzea
3309 2531 3511 2602 captivi
3572 2529 3675 2583 ab-

2092 2640 2245 2697 ducti
2291 2639 2530 2703 fuerant,
2563 2648 2719 2692 suam
2771 2632 2907 2703 ipsis
2931 2635 3126 2684 auctor
3182 2622 3433 2679 omnium
3491 2634 3678 2676 rerum

405 2706 703 2809 olei;ch
754 2706 1102 2798 ἐπιδείκνυσι.
1135 2706 1389 2807 δύναμιν,
1417 2733 1512 2788 καὶ
1538 2733 1640 2803 τὴν
1678 2729 1860 2801 πολλῴ
1887 2727 1988 2799 τῆς

2098 2733 2241 2798 Dens
2270 2730 2568 2804 potentiam
2599 2725 2856 2788 ostendit,
2883 2732 2938 2778 et
2971 2723 3130 2791 longe
3153 2715 3522 2773 ditliciliorem
3580 2713 3679 2767 illa

407 2837 763 2908 ἀνακλήσεως
783 2833 1000 2904 ἐκείνης
1063 2826 1473 2899 δυσκολωτέραν
1502 2823 1611 2879 τῶν
1639 2822 1848 2894 νεκρῶν
1879 2839 1988 2875 σω·

410 2931 600 3003 μάτων
624 2926 922 2983 ἀνάστασιν
981 2921 1317 2978 ἐπιδείκνυσι
1370 2917 1450 2991 τῷ
1498 2915 1775 2989 προφήτῃ,
1807 2914 1902 2967 καὶ
1921 2913 1989 2968 δι’

407 3022 622 3075 ἐκείνου
651 3018 832 3073 πάντα
891 3013 1141 3069 διδάσκει
1204 3011 1297 3065 τὸν
1327 3009 1479 3073 λαὸν,
1509 3007 1585 3071 ὡς
1631 3008 1810 3061 πάντα
1843 3003 1990 3076 αὐτῷ

411 3114 571 3186 ῥᾴδια
628 3107 965 3183 βουλομένῳ.
1005 3102 1294 3167 Ἰουδαίους
1357 3101 1458 3174 μὲν
1492 3096 1586 3154 οὖν
1616 3101 1864 3162 καὶτοὺς
1895 3098 1990 3153 ἀλ-

408 3208 538 3269 λους
572 3201 916 3276 Ἰσραηλίτας
945 3197 1154 3264 ἐδίδαξε
1177 3194 1265 3250 διά
1279 3193 1493 3257 τούτου,
1520 3192 1595 3256 ώς
1612 3191 1839 3254 εὐπετὲς
1868 3189 1992 3243 λίαν

408 3297 488 3369 τῷ
518 3294 640 3366 Θεῷ
687 3292 997 3366 βουλομένῳ
1057 3291 1139 3353 εἰς
1165 3287 1265 3359 τὴν
1311 3283 1585 3358 προτέραν
1628 3281 1992 3350 ἐπαναγαγεῖν

410 3386 729 3460 ἐλευθερίαν
769 3385 898 3449 τοὺς
956 3378 1338 3453 αἰχμαλώτους
1369 3374 1808 3447 γεγενημένουςο
1860 3372 1992 3443 ἡμῖν

408 3479 469 3534 δὲ
506 3479 598 3534 καὶ
621 3479 789 3533 πᾶσιν
814 3472 1152 3541 ἁπαξαπλῶς
1171 3473 1284 3534 τοῖς
1312 3467 1665 3539 εὐαγγελικδν
1687 3469 1708 3500 ⁶
1731 3468 1994 3539 κήρυγμα

414 3570 555 3644 μετά
575 3570 813 3632 πίστεως
867 3564 1207 3636 δεξαμένοις,
1244 3563 1343 3632 τῆς
1380 3561 1489 3615 τῶν
1535 3560 1805 3632 σωμάτων
1836 3558 1994 3630 ἡμῶν

413 3661 765 3725 ἀναστάσεως
817 3657 1152 3712 ἐπιδείκνυσι
1199 3652 1301 3725 τὴν
1347 3651 1619 3717 εὐκολίαν,
1665 3650 1758 3704 καὶ
1812 3651 1894 3703 ὅτι
1917 3646 1994 3721 τῷ

412 3757 546 3828 θείῳ
600 3754 747 3826 λόγῳ
789 3751 886 3808 καὶ
937 3749 1166 3821 νεύματι
1209 3746 1319 3802 τῶν
1362 3743 1704 3818 πραγμάτων
1742 3744 1777 3815 ἡ
1830 3742 1995 3814 φύσις

412 3847 721 3906 ἀκολουθεῖ.

486 3941 598 3996 Kal
628 3935 760 3994 εἷπε
787 3937 937 4007 πρός
973 3949 1082 4007 με’
1118 3932 1234 4005 (γ’.)
1268 3931 1364 3986 Υἱὲ
1397 3930 1735 3999 ἀνθρώπου,
1767 3930 1822 3982 sl
1846 3928 1866 3960 ⁷
1903 3925 1998 3994 ζή-

2091 2827 2146 2882 ἰη
2168 2824 2731 2897 pristinum‘statum
2791 2817 3043 2888 ipsorum
3101 2809 3473 2871 restitutione,
3532 2819 3682 2860 mor-

2091 2928 2311 2974 tuorum
2377 2926 2672 2985 corporum
2737 2906 3199 2965 resurrectionem
3261 2899 3470 2955 indicat
3549 2910 3682 2968 pro-

2092 3012 2304 3083 phetae:
2338 3021 2614 3079 perqnem
2644 3018 2862 3058 omnem
2917 2998 3180 3071 populum
3239 2993 3426 3059 docet,
3491 2991 3680 3047 omnia

2092 3103 2199 3160 sibi
2235 3115 2361 3157 esse
2414 3097 2600 3154 facilia
2667 3094 2893 3151 volenti.
2955 3090 3175 3148 Iudaeos
3232 3088 3400 3160 igitur
3441 3092 3498 3141 et
3543 3084 3685 3137 alios
3802 3110 3806 3114 -

2094 3193 2368 3251 lsraelitas
2396 3205 2494 3261 per
2519 3189 2666 3244 hunc
2693 3185 2902 3249 docuit,
2937 3181 3256 3238 facillimum
3309 3191 3435 3233 esse
3480 3174 3681 3229 volenti

2094 3287 2227 3352 Deo,
2253 3285 2308 3339 in
2349 3282 2669 3339 servitutem
2730 3277 2897 3350 995
2950 3274 3208 3331 redactos
3271 3271 3323 3326 in
3388 3267 3679 3341 pristinam

2094 3375 2403 3431 libertatem
2432 3372 2737 3435 vindicare,
2772 3370 2930 3425 nobis
2952 3373 3134 3422 autem
3162 3372 3218 3419 et
3241 3360 3500 3418 omnibus
3559 3373 3684 3412 om-

2094 3467 2249 3531 nino,
2279 3466 2371 3537 qui
2412 3464 2742 3537 praeconium
2770 3459 3145 3532 evangelicum
3187 3471 3313 3513 cum
3377 3454 3480 3509 title
3529 3451 3685 3507 exci-

2094 3559 2276 3630 piunt,
2315 3555 2736 3614 resurrectionis
2755 3566 3050 3623 corporum
3101 3556 3420 3605 nostrorum
3440 3545 3685 3601 ostendit

2094 3647 2433 3716 facilitatem,
2455 3648 2749 3720 divinoque
2771 3645 2941 3702 verbo
2966 3658 3031 3699 ac
3052 3641 3212 3699 nolui
3248 3653 3431 3696 rerum
3453 3636 3689 3708 obsequi

2099 3751 2376 3798 naturam.

2173 3937 2243 3991 Et
2274 3935 2417 3990 dixit
2449 3931 2520 3989 ad
2550 3950 2632 3989 me
2662 3948 2681 3987 :
2711 3930 2904 4001 (Vsus.
2938 3928 3019 4001 3.)
3060 3927 3175 3983 Fili
3218 3927 3469 3989 hominis,
3505 3939 3575 3980 an
3605 3925 3689 3979 vi-

410 4049 587 4090 σεται
618 4031 691 4087 τὰ
709 4029 864 4086 ὀστᾶ
899 4028 1120 4091 ταῦτα;
1152 4024 1261 4081 Καὶ
1290 4019 1465 4078 εἶπον
1489 4039 1505 4053 ’
1539 4022 1721 4090 Κύριε
1758 4022 1792 4074 ὁ
1826 4019 1994 4085 Θεὸς,

2104 4038 2218 4083 vent
2249 4044 2372 4082 ossa
2410 4026 2568 4082 hac?
2602 4033 2653 4080 et
2705 4023 2841 4085 dixi,
2865 4021 3089 4076 Domine
3124 4019 3288 4082 Deus,
3330 4027 3387 4071 tu
3420 4017 3524 4072 scis
3552 4015 3684 4070 here.

409 4125 497 4179 σὺ
526 4123 853 4178 ἐπίστασαι
883 4117 1092 4174 ταῦτα.
1126 4115 1242 4168 Οὐκ
1273 4110 1589 4184 ἀμφέϐαλεν
1621 4111 1650 4163 6
1688 4110 2004 4180 προφήτης,

412 4213 555 4269 ἀλλά
581 4213 680 4284 τῆς
711 4208 1110 4282 ἀκριόεστέρας
1171 4202 1426 4274 γνώσεως
1465 4200 1544 4272 τῷ
1574 4200 1696 4272 Θεῷ
1748 4201 2008 4272 παρεχώ-

413 4323 620 4381 ρησεν·
667 4303 827 4367 εἰδὼς
869 4302 969 4373 μὲν
1026 4297 1271 4373 ἀκριϐῶς
1308 4295 1405 4351 τοῦ
1439 4293 1575 4349 Θεοῦ
1619 4293 1681 4348 τὸ
1733 4293 2002 4359 δυνατὸν,

412 4398 629 4469 ἀγνοῶν
656 4396 714 4451 δὲ
736 4396 799 4449 τὸ
830 4393 1099 4466 βούλημα.

487 4490 636 4554 δὀςκ
666 4485 777 4544 Kal
834 4480 967 4539 εἷπε
1008 4481 1159 4551 πρός
1187 4497 1263 4551 με
1282 4495 1295 4512 ο
1331 4475 1768 4548 Προφήτευσον
1805 4472 1904 4528 ἐπὶ
1927 4472 2002 4527 τὰ

413 4580 571 4638 ὀστᾶ
592 4578 802 4646 ταῦτα,
846 4574 1294 4647 προφήτευσον,
1340 4570 1436 4625 vis
1475 4567 1792 4638 ἀνθρώπου
1815 4566 1860 4631 ⁸,
1898 4566 1998 4623 καί

410 4672 572 4743 ἀρεῖς
623 4670 775 4740 πρὸς
823 4665 978 4723 αὑτά
1004 4668 1047 4699 ’⁸
1106 4665 1184 4720 Τὰ
1236 4661 1389 4718 ὀστᾶ
1422 4660 1496 4715 τὰ
1535 4659 1693 4729 ξηρὰ
1721 4658 1910 4714 ταῦτα
1933 4658 1999 4723 ιθ,

413 4765 720 4821 ἀκούσατε
744 4761 934 4832 ,λόγον
956 4757 1180 4828 Κυρίου
1197 4773 1210 4788 ·
1241 4755 1386 4813 Τάδε
1406 4754 1569 4824 λέγει
1606 4751 1858 4808 Ἀδωνατ
1887 4751 2000 4804 Κύ-

407 4874 544 4928 ριος
568 4855 693 4922 τοῖς
738 4853 974 4919 ὀστέοις
1029 4850 1261 4915 τούτοις
1283 4862 1300 4880 ⁸
1340 4845 1498 4903 Ἰδοὺ
1541 4845 1656 4916 ἐγὼ
1702 4842 1926 4908 εἰσάξω
1954 4842 1998 4875 ¹¹

413 4949 506 5013 είς
533 4941 691 5014 ὑμᾶς
708 4941 947 5011 πνεῦμα
964 4936 1131 5008 ζωῆς.
1156 4937 1267 4995 Kal
1293 4935 1466 4991 δώσω
1492 4934 1584 5005 ἐφ’
1614 4932 1772 5005 ὑμᾶς
1798 4933 2005 5003 νεῦρα,

415 5039 517 5095 καί
554 5034 758 5101 ἀνάξω
780 5034 874 5105 ἐφ’
890 5032 1048 5104 ὑμᾶς
1067 5031 1321 5100 σάρκας,
1356 5029 1453 5084 καί
1488 5027 1709 5084 ἐκτενῶ
1736 5026 1829 5097 ἐφ’
1848 5024 2005 5097 ὑμᾶς

415 5128 626 5200 δέρμα,
646 5127 747 5182 καὶ
768 5125 942 5180 δώσω
977 5122 1215 5194 ,πνεῦμά
1228 5139 1350 5192 μου
1371 5121 1465 5191 ἐφ’
1481 5119 1659 5190 ὑμᾶς,
1698 5119 1797 5174 καὶ
1828 5115 2002 5188 ζήσε-

417 5227 554 5290 σθε,
583 5218 1024 5292 καίγνώσεσθε,
1053 5215 1144 5271 δτι
1165 5215 1280 5287 ἐγώ
1310 5217 1428 5284 ειμι
1456 5214 1687 5283 Κύριος.
1706 5208 1999 5282 ’Υπουργῷ

2104 4118 2225 4176 Νοη
2251 4116 2524 4173 dubitavit
2575 4115 2859 4186 propheta,
2893 4111 2994 4167 sed
3055 4109 3455 4165 accuratiorem
3497 4107 3689 4177 cogni-

2104 4214 2308 4265 tionem
2339 4207 2451 4264 Deo
2489 4204 2809 4269 vindicavit,
2841 4218 2966 4260 cum
2998 4203 3204 4273 optime
3242 4200 3467 4271 quidem
3497 4205 3689 4254 nosset

2103 4299 2198 4356 Dei
2231 4298 2555 4371 potentiam,
2583 4296 2679 4355 sed
2710 4295 3053 4351 voluntatem
3085 4291 3387 4364 ignoraret.

2171 4476 2341 4534 Vens.
2368 4475 2486 4532 4-6.
2522 4473 2591 4529 Et
2618 4473 2753 4528 dixit
2783 4472 2853 4527 ad
2876 4486 2958 4526 me
2986 4487 3005 4526 :
3038 4468 3346 4524 Vaticinare
3375 4480 3532 4535 super
3562 4481 3686 4520 ossa

2099 4574 2232 4638 hac,
2263 4572 2571 4634 uaticinare,
2603 4569 2685 4638 [ili
2720 4566 2971 4634 hominis,
3017 4574 3069 4621 et
3098 4565 3239 4620 dices
3300 4562 3370 4618 ad
3395 4579 3457 4618 ea
3480 4576 3501 4617 :
3549 4559 3688 4617 Ossa

2097 4666 2253 4721 arida
2275 4665 2405 4730 hwc,
2438 4662 2617 4716 audite
2640 4659 2856 4715 verbum
2888 4658 3124 4714 Domini.
3184 4655 3315 4712 Hac
3363 4655 3497 4709 dicit
3542 4652 3687 4708 Ado-

2098 4755 2190 4810 nai
2213 4754 2468 4808 Dominus
2500 4749 2713 4807 ossibus
2744 4748 2865 4804 istis
2896 4763 2916 4803 :
2948 4747 3082 4803 Ecce
3118 4762 3213 4818 ego
3253 4746 3590 4801 introducam
3633 4743 3692 4796 in

2096 4855 2192 4901 ουδ’
2216 4847 2462 4914 spiritum
2484 4844 2622 4899 vita.
2642 4842 2715 4897 Et
2738 4841 2876 4896 dabo
2912 4856 3073 4911 super
3102 4854 3192 4894 vos
3212 4853 3420 4901 nervos,
3445 4845 3497 4891 et
3529 4835 3692 4891 redu-

2107 4955 2227 4992 cam
2255 4953 2412 5007 super
2444 4953 2535 4991 oos
2562 4951 2772 4999 carnes,
2797 4942 2850 4987 et
2871 4930 3153 4988 extendam
3178 4946 3339 4998 super
3362 4946 3451 4985 vos
3474 4928 3692 4998 pellem,

2103 5041 2155 5084 et
2174 5031 2310 5085 dabo
2342 5029 2590 5098 spiritum
2616 5043 2784 5081 meum
2822 5026 2877 5081 in
2914 5042 3023 5089 vos,
3057 5033 3110 5081 et
3159 5024 3362 5091 vinetis,
3415 5034 3467 5079 et
3499 5039 3695 5095 cogno-

2103 5123 2259 5182 scetis
2292 5137 2373 5177 me
2420 5136 2532 5175 esse
2569 5117 2873 5173 Dominum.
2942 5111 3201 5174 Ministro
3229 5132 3366 5173 usus
3422 5125 3509 5174 est
3560 5132 3692 5188 prn-

2111 5218 2296 5288 pheta,
2331 5224 2398 5266 ac
2420 5208 2587 5265 veluti
2621 5209 2995 5264 instrumento
3042 5208 3285 5280 quodam
3328 5210 3694 5264 resurrectio-

414 5314 499 5388 τῷ
523 5313 801 5387 προφήτῃ,
833 5311 927 5365 καὶ
982 5303 1093 5365 οἷόν
1123 5325 1231 5364 τινι
1277 5307 1494 5379 ὀργάνῳ
1544 5304 1644 5375 τῆς
1694 5303 1844 5389 ’κατὰ
1899 5303 1999 5373 τὴν

2114 5309 2201 5365 nis
2235 5307 2291 5361 in
2324 5301 2558 5367 visione,
2587 5308 2644 5357 et
2673 5300 2860 5373 lingua
2883 5300 3009 5373 ejus
3038 5300 3153 5360 illis
3182 5301 3442 5359 inanimis
3458 5308 3510 5356 et
3533 5314 3692 5369 pror-

1730 5482 1971 5541 vanus;
2006 5464 2419 5541 LECTIONES.

444 5652 452 5657 -
490 5622 515 5656 ³
550 5620 646 5676 τοῦ
673 5619 793 5676 me.
831 5615 996 5673 Hebr.
1028 5614 1211 5670 vallis.
1285 5611 1309 5643 ⁸
1346 5608 1461 5664 καί.
1502 5607 1626 5664 Des.
1658 5607 1714 5662 in
1749 5607 1848 5676 A._
1892 5602 1919 5636 '
1950 5603 2156 5676 πεδίου.
2191 5603 2411 5676 A_add._
2433 5602 2528 5676 uel
2555 5600 2667 5676 ἰδού
2688 5598 2830 5673 ξηρά
2859 5597 3085 5676 σφόδρα.
3115 5664 3128 5676 _
3158 5596 3179 5629 ⁸
3205 5578 3397 5676 iam.
3502 5605 3695 5676 prem.-

418 5694 500 5749 τό.
563 5671 792 5747 vivet":
823 5671 1001 5742 ἐπίστ.
1033 5683 1223 5739 ταῦτα.
1255 5682 1320 5737 Et
1350 5696 1499 5735 vers.
1536 5680 1570 5732 4
1601 5696 1615 5734 :
1650 5676 1764 5731 Καὶ
1796 5671 1915 5749 εἷπε
1947 5675 2085 5749 πρδς
2115 5691 2183 5749 με

1175 5700 1223 5738 α.
1256 5693 1499 5762 Et_vers.
1536 5693 1570 5732 4
1601 5693 1764 5761 altat
1796 5693 1915 5730 ειπε
1947 5693 2203 5801 «poets.
2243 5693 2368 5729 ves.
2398 5693 2453 5728 In
2489 5693 2556 5727 Α.
2647 5693 2670 5702 -
2709 5693 2787 5742 πρ

1175 5755 1220 5788 ¹⁶
1258 5767 1449 5808 ταυτα.
1483 5749 1609 5806 Dos.
1637 5764 1691 5807 In
1725 5749 1788 5804 Α.
1868 5746 1911 5779 ³⁵
1952 5744 2097 5801 Belo
2137 5763 2236 5815 γω.
2266 5746 2310 5799 Α
2341 5743 2494 5833 φέρω
2516 5743 2603 5812 ἐφ’
2624 5741 2790 5814 ὑμᾶς.

418 5766 478 5819 in
517 5764 681 5821 llebr.
758 5760 780 5796 ’
819 5759 1098 5820 Ᾱαύτοτς.

2190 5715 2203 5729 .
2243 5673 2368 5753 Des.
2393 5673 2453 5753 _in
2588 5743 2603 5753 .
2631 5671 2677 5753 _'
2839 5660 2923 5725 υίὲ
2959 5660 3266 5753 ἀνθρώπου.
3300 5660 3428 5719 Des.
3456 5660 3513 5717 in
3529 5661 3604 5723 Δ.
3636 5669 3700 5723 ct,
