4070 6410
430 330 570 396 1195

1395 335 1889 398 THEODOBETI
1928 336 2269 398 EPISCOPI
2299 339 2670 400 CYRENSIS

3572 337 3710 403 1196

427 459 595 499 unam
650 445 705 499 in
769 461 930 501 manu
987 446 1159 501 Judm.
1199 467 1218 497 ι
1270 445 1511 514 Faciam,
1571 447 1772 516 inquit,
1829 449 2006 517 utqui

2116 449 2213 520 δην
2243 451 2448 504 εἰπεῖν·
2480 471 2498 502 ι
2545 453 2676 505 Ἰδοὺ
2708 450 2820 519 ἐγὼ
2870 451 3110 522 λήψομαι
3157 451 3255 522 τὴν
3300 450 3472 521 φυλὴν
3507 451 3706 522 Ἰωσὴφ

427 535 559 589 olim
619 536 830 606 seipsos
875 551 905 588 a
956 535 1109 590 Judae
1137 550 1310 605 regno
1351 545 1700 605 separarunt,
1733 549 1927 590 rursus
1951 537 2017 588 il-

430 627 537 683 lius
590 637 898 696 agnoscam
939 626 1250 696 imperium,
1305 634 1359 681 et
1411 626 1613 682 iactam
1679 626 2014 681 divisionem

429 719 651 782 liniam,
714 719 1052 788 eﬂiciamque
1107 727 1167 773 ut
1226 734 1420 775 omnes
1481 719 1660 774 tribus
1713 719 1816 789 ipsi
1863 717 2017 773 Judze

403 795 702 862 'communi
754 823 1032 866 consensu
1080 809 1366 865 obediant.
1407 808 1827 882 [20,Si]Quod
1881 809 2012 863 item

425 899 668 968 apertius
695 900 1108 970 interpretatur.

2119 541 2217 611 τὴν
2247 542 2336 595 διὰ
2360 545 2542 615 χειρὸς
2591 544 2851 614 Ἐφραῒμ,
2880 545 2976 598 καὶ
3010 544 3108 608 τὰς
3138 543 3315 614 φυλὰς
3360 542 3579 616 Ἰσραὴλ
3606 546 3706 608 τὰς

2119 635 2522 703 προσκειμένας
2543 636 2681 706 πρὸς
2731 637 2916 696 αὑτὸν,
2949 635 3045 689 καὶ
3073 635 3231 688 δώσω
3259 634 3432 698 αὐτάς
3452 634 3496 666 ⁸⁷
3526 635 3633 689 ὑπὸ
3657 635 3706 668 ⁵⁸

2117 724 2216 794 τὴν
2240 725 2413 796 φυλὴν
2454 727 2645 794 Ἰούδα,
2677 729 2774 781 καὶ
2798 729 3015 781 ἔσονται
3061 731 3142 792 είς
3179 729 3377 798 ῥάϐδον
3409 729 3540 799 μίαν
3571 731 3631 782 ἐν
3659 730 3706 762 ⁸⁸

2115 818 2181 886 τῇ
2230 818 2376 886 χειρὶ
2420 817 2608 871 Ἰούδα.
2661 838 2680 870 s
2714 820 2853 883 Τοὺς
2908 820 3112 883 πάλαι,
3156 821 3353 890 φησιν,
3391 821 3704 890 ἀποσχοινί-

2116 923 2316 971 σαντας
2372 909 2604 972 ἑαυτοὺς
2655 911 2755 980 τῆς
2807 911 2905 964 τοῦ
2958 911 3128 965 Ἰούδα
3190 910 3466 981 βασιλείας
3525 929 3705 982 παρα-

425 989 678 1043 σκευάσω
726 991 891 1046 πάλιν
948 992 1046 1062 τὴν
1097 991 1310 1046 ἐκείνου
1347 990 1648 1059 ἐπιγνῶναι
1693 996 2013 1068 ἠγεμονίαν,
2049 999 2146 1051 καὶ
2177 999 2374 1052 παύσω
2409 1001 2507 1071 μὲν
2539 1001 2640 1068 τὴν
2697 1003 3000 1072 γενομένην
3041 1002 3331 1072 διαίρεσιν,
3399 1000 3706 1072 συμφώνως

421 1082 477 1135 δὲ
512 1083 730 1146 ἁπάσας
767 1083 868 1147 τὰς
902 1083 1075 1152 φυλὰς
1118 1084 1420 1138 ὑπακούειν
1447 1083 1526 1155 τῷ
1560 1085 1733 1156 Ἰούδᾳ
1775 1089 2006 1158 ποιήσω.
2048 1089 2158 1142 Καὶ
2180 1091 2241 1144 τὸ
2270 1091 2400 1143 αὐτὸ
2431 1091 2592 1144 πάλιν
2619 1093 2913 1163 ἑρμηνεύει
2959 1094 3314 1164 σαφέστερον.

502 1173 639 1228 Ecce
693 1191 787 1244 ego
820 1191 1034 1230 assumo
1059 1191 1267 1230 omnem
1295 1176 1506 1230 domum
1552 1174 1729 1231 Israel
1757 1178 1821 1232 de
1842 1178 2012 1233 medio

420 1271 674 1342 gentium,
734 1267 803 1321 ad
849 1283 983 1330 quas
1006 1267 1231 1337 ingressi
1268 1277 1410 1332 sunt,
1441 1277 1490 1321 et
1521 1269 1844 1338 congregabo
1862 1271 2012 1334 ipsos

421 1369 477 1419 in
503 1375 700 1418 terram
753 1359 946 1416 Israel.
980 1357 1172 1430 (Vens.
1218 1358 1340 1428 22.)
1375 1357 1444 1411 Et
1473 1358 1674 1427 faciam
1700 1375 1786 1412 eos
1808 1370 2010 1430 gentem

433 1475 596 1512 uitam
661 1457 717 1509 in
753 1464 895 1508 terra
916 1468 1060 1518 mea,
1091 1460 1140 1505 et
1166 1452 1223 1505 in
1258 1451 1523 1506 montibus
1555 1449 1751 1515 Israel,
1786 1460 1836 1504 et
1863 1453 2014 1518 prin-

421 1565 537 1616 σερε
587 1562 726 1601 unus
782 1545 879 1599 erit
921 1558 1014 1598 rex
1068 1542 1304 1596 omnium
1342 1543 1602 1610 ipsorum.
1635 1541 1761 1598 Haec
1800 1544 2010 1598 exitum

420 1645 720 1692 consecuta
764 1645 912 1698 sunt,
967 1631 1271 1688 secundum
1308 1631 1540 1702 ﬁguram
1563 1633 1783 1702 quidem
1817 1632 1872 1687 in
1901 1631 2010 1686 Zo-

423 1728 667 1791 robabel,
714 1732 973 1781 accurate
1005 1730 1189 1778 autem
1233 1730 1288 1777 et
1335 1737 1464 1778 vere
1497 1725 1553 1778 in
1582 1724 1817 1780 Domino
1855 1723 2016 1780 Chri-

421 1828 530 1875 sto.
551 1817 737 1888 Neque
767 1816 916 1872 enim
934 1830 1030 1870 rex
1060 1813 1164 1868 fuit
1194 1812 1526 1882 Zorobabel,
1557 1814 1654 1871 sed
1687 1815 1798 1870 dux
1829 1815 2014 1886 populi

420 1919 585 1980 atque
604 1909 907 1965 exercitus.

2193 1181 2351 1237 Ἰδοὺ
2381 1183 2494 1253 ἐγὼ
2539 1183 2821 1252 λαμϐάνω
2877 1185 3075 1238 πάντα
3127 1182 3298 1240 οἷκον
3348 1186 3591 1254 Ἰσραὴλ
3629 1187 3704 1241 ἐκ

2105 1271 2301 1338 μέσου
2322 1272 2445 1325 τῶν
2467 1273 2675 1338 ἐθνῶν,
2707 1271 2780 1330 οὗ
2817 1274 3110 1343 εἰσῆλθον
3145 1276 3289 1340 ἐκεῖ,
3331 1278 3426 1330 καί
3455 1277 3705 1342 συνάξω

2108 1363 2332 1429 αὐτοὺς
2357 1366 2445 1430 είς
2462 1365 2508 1396 ⁸⁸
2526 1364 2640 1432 τὴν
2669 1363 2786 1434 γῆν
2815 1367 2921 1421 τοῦ
2956 1368 3230 1437 Ἰσραήλ.
3261 1371 3280 1432 l
3286 1368 3376 1438 β’.)
3399 1369 3508 1424 Kal
3529 1368 3704 1424 δώσω

2108 1447 2332 1513 αὐτοὺς
2360 1450 2448 1515 είς
2463 1450 2727 1516 ἕθνοςέν
2757 1451 2832 1520 τῇ
2870 1452 2949 1522 τῇ
2982 1471 3125 1522 μου,
3160 1456 3259 1509 καὶ
3288 1456 3360 1509 ἐν
3386 1456 3512 1523 τοῖς
3536 1458 3700 1524 ὄρεσι

2109 1537 2217 1592 τοῦ
2274 1539 2536 1607 Ἰσραὴλ,
2579 1540 2679 1596 καί
2707 1540 2907 1610 ἅρχων
2933 1538 3022 1608 εἷς
3057 1545 3228 1600 ἔσται
3266 1544 3699 1601 adnuis-“ai:-

2111 1629 2233 1682 τῶν
2269 1633 2357 1696 είς
2396 1631 2683 1694 βασιλέα.
2717 1632 2903 1687 Ταῦτα
2945 1633 3184 1704 πέρατος
3213 1635 3476 1707 τετύχηκε
3499 1679 3513 1702 ,
3538 1657 3701 1693 τυπι-

2114 1719 2227 1784 κῶς
2259 1721 2360 1791 μὲν
2389 1722 2483 1775 ἐπὶ
2504 1723 2600 1777 τοῦ
2643 1725 2969 1795 Ζοροϐάϐελ,
2997 1726 3243 1796 ἀκριϐῶς
3271 1727 3328 1779 δὲ
3357 1729 3453 1781 καὶ
3481 1729 3700 1799 άληθῶς

2112 1811 2207 1864 ἐπὶ
2237 1810 2331 1864 τοῦ
2364 1813 2637 1866 Δεσπότου
2649 1813 2888 1883 Χριστοῦ
2914 1831 2927 1843 θ
2957 1815 3078 1868 οὐδὲ
3098 1815 3200 1887 γὰρ
3214 1815 3475 1886 βασιλεὺς
3493 1821 3700 1889 όΖορο-

2112 1904 2282 1958 ϐάϐελ
2306 1946 2320 1969 ,
2369 1905 2507 1959 ἀλλὰ
2564 1906 2895 1976 δημαγωγὸς
2959 1909 3054 1960 καὶ
3107 1909 3411 1979 στρατηγὸς
3455 1911 3695 1977 ἐγένετο.

489 2002 559 2057 Et
601 2018 705 2056 non
765 2009 919 2054 erunt
967 1998 1195 2067 amplius
1247 2001 1266 2022 ‘
1293 1997 1414 2053 dua:
1445 2008 1644 2070 gentes,
1675 2015 1839 2069 neque
1872 1999 2006 2052 diui-

2180 1997 2291 2051 Kal
2313 1999 2425 2050 οὐκ
2451 1997 2692 2051 ἔσονται
2721 1999 2809 2052 ἔτι
2835 2001 2918 2064 είς
2951 1998 3060 2052 δύο
3087 1998 3253 2066 ἔθνη,
3274 1999 3417 2054 οὐδὲ
3439 1999 3527 2068 μὴ
3557 2002 3700 2056 διαι-

419 2095 613 2148 dentur
663 2093 893 2162 amplius
928 2091 984 2144 in
1037 2089 1171 2145 duos
1211 2106 1377 2161 reges.
1413 2091 1608 2160 (Vens.
1638 2091 1731 2156 25,
1761 2090 1882 2160 24.)
1922 2089 2006 2145 Ne

417 2185 728 2248 polluantur
777 2182 1005 2251 amplius
1041 2181 1199 2235 idolis
1216 2181 1352 2246 suis,
1379 2189 1427 2235 et
1452 2180 1832 2250 oﬂensienibus
1871 2181 2006 2244 suis,

416 2289 469 2330 et
506 2275 748 2329 omnibus
778 2271 1138 2341 impietatibus
1166 2273 1372 2337 suis,et
1403 2289 1589 2326 eruam
1623 2288 1711 2326 eos
1746 2271 1811 2325 ab
1831 2275 2009 2325 omni-

421 2369 515 2420 bus
578 2364 936 2434 impietatibus
1013 2379 1216 2428 eorum,
1285 2368 1339 2417 in
1387 2363 1577 2433 quibus
1628 2347 2008 2432 peccaverunt,

418 2466 469 2509 et
531 2455 796 2510 mandabo
850 2471 961 2518 eos,
992 2463 1042 2507 et
1088 2463 1242 2507 erunt
1277 2454 1406 2507 mihi
1435 2454 1682 2523 populus,
1718 2461 1768 2508 et
1798 2470 1892 2524 ego
1919 2469 2008 2507 ero

418 2549 494 2602 eis
533 2547 696 2601 Deus.
733 2545 948 2616 1000
975 2543 1042 2597 Et
1075 2561 1254 2599 servus
1294 2561 1438 2599 meus
1475 2545 1646 2598 David
1680 2543 1922 2614 princeps
1953 2545 2009 2598 in

419 2639 593 2691 medio
613 2636 867 2704 ipsorum,
891 2647 946 2689 et
972 2643 1159 2703 pastor
1178 2650 1320 2688 unus
1345 2635 1444 2688 erit
1477 2633 1719 2687 omnibus
1741 2633 1890 2700 ipsis.
1914 2631 2009 2688 llis

418 2730 582 2783 etiam
605 2743 667 2782 ea
695 2735 1026 2798 congruunt.
1053 2742 1175 2796 quae
1193 2741 1221 2778 a
1255 2725 1490 2781 Domino
1512 2725 1736 2781 Christo
1761 2725 1818 2779 in
1835 2727 2010 2781 sacris

422 2819 730 2890 Evangeliis
779 2817 922 2873 dicta
971 2827 1102 2874 sunt
1135 2835 1149 2871 :
1182 2836 1202 2868 ι
1243 2817 1310 2871 Et
1331 2817 1470 2872 alias
1491 2833 1624 2873 oves
1663 2817 1858 2881 habeo,
1886 2833 2009 2888 quae

419 2927 530 2967 non
585 2920 715 2967 sunt
750 2926 818 2965 ex
860 2911 964 2965 hoc
1001 2909 1154 2974 ovili,
1192 2917 1247 2964 et
1292 2908 1418 2964 illas
1466 2915 1686 2977 oportet
1717 2923 1804 2963 me
1834 2907 2007 2962 addu-

417 3019 564 3068 cere,
609 3009 663 3058 et
709 3016 896 3057 vocem
946 3015 1121 3056 meam
1154 3000 1400 3064 audient,
1431 3010 1486 3055 et
1509 3000 1603 3054 ﬁet
1632 3015 1800 3054 unum
1833 3001 2001 3064 ovile,

418 3113 563 3153 unus
634 3104 888 3167 pastore,
932 3114 952 3149 s
1020 3094 1186 3148 Dat-id
1271 3104 1454 3148 autem
1524 3093 1816 3150 Dominum
1871 3095 2008 3150 dicit

417 3186 721 3250 Christum,
774 3193 834 3240 ut
889 3201 954 3241 ex
1008 3184 1210 3239 Davide
1233 3183 1536 3239 secundum
1564 3200 1784 3242 carnem
1815 3189 2008 3240 oriun-

417 3279 583 3343 dum;
615 3293 820 3331 servum
871 3291 1000 3331 vero
1063 3285 1286 3347 propter
1354 3277 1650 3330 humanam
1704 3283 2003 3331 naturam:

2101 2087 2364 2156 ρεθῶσιν
2382 2087 2470 2140 ἔτι
2496 2090 2586 2153 είς
2619 2089 2728 2142 δύο
2753 2089 3036 2157 ,ϐασιλεῖς
3055 2091 3122 2143 ⁵².
3150 2092 3277 2160 (κγ’,
3312 2091 3436 2160 κδ’.)
3463 2093 3596 2146 Ἵνα
3608 2093 3697 2162 μὴ

2103 2181 2454 2250 μιαίνωνται
2494 2179 2582 2236 ἔτι
2629 2181 2701 2233 ἐν
2733 2180 2858 2248 τοῖς
2907 2181 3174 2248 εἰδώλοις
3215 2181 3436 2248 αὐτῶν,
3477 2185 3575 2248 καί
3627 2187 3700 2240 ἐν

2108 2269 2234 2335 τοῖς
2261 2269 2796 2339 προσοχθίσμασιν
2825 2269 3048 2336 αὐτῶν,
3084 2271 3183 2325 καὶ
3212 2272 3283 2325 ἐν
3311 2273 3536 2340 πάσαις
3568 2273 3700 2340 ταῖς

2110 2359 2416 2426 ἀσεϐείαις
2472 2359 2670 2415 αὐτῶν
2692 2376 2708 2392 °
2737 2360 2839 2415 καὶ
2866 2363 3133 2432 ῥύσομαι
3177 2362 3398 2429 αὐτοὺς
3435 2364 3555 2418 ἀπὸ
3587 2379 3702 2419 πα-

2109 2450 2239 2505 σῶν
2267 2450 2387 2504 τῶν
2416 2450 2705 2506 ἀσεϐειῶν
2722 2453 2769 2484 ⁸³
2798 2452 3020 2520 αὐτῶν,
3049 2447 3136 2506 ὧν
3186 2453 3454 2522 ἥμαρτον
3481 2454 3552 2508 ἐν
3598 2457 3703 2510 αὐ-

2108 2539 2258 2605 ταῖς,
2302 2541 2402 2595 καί
2441 2539 2702 2608 καθαριῶ
2744 2541 2989 2607 αὐτοὺς,
3025 2541 3126 2595 καὶ
3172 2541 3424 2596 ἔσονταί
3456 2560 3562 2612 μοι
3609 2548 3700 2612 εἰς

2107 2632 2283 2696 λαὸν,
2311 2629 2411 2684 καί
2435 2631 2550 2700 ἐγὼ
2576 2634 2791 2701 ἔσομαι
2807 2632 3014 2696 αὐτοῖς
3037 2634 3126 2699 είς
3159 2635 3327 2688 Θεόν.
3354 2635 3466 2688 Kal
3508 2638 3541 2688 ὀ
3565 2634 3700 2690 δοῦ-

2107 2723 2219 2788 λός
2251 2740 2371 2792 μου
2414 2723 2594 2778 Δαϐίὸ
2627 2724 2830 2792 ἄρχων
2870 2725 2942 2778 ἐν
2982 2725 3148 2795 μέσῳ
3180 2724 3416 2792 αὐτῶν,
3438 2728 3537 2784 καί
3575 2745 3694 2781 ,ποι-

2107 2815 2237 2885 μὴν
2274 2812 2363 2882 εἷς
2393 2817 2564 2870 ἔσται
2611 2815 2804 2872 πᾶσιν
2849 2817 3053 2882 αὐτοῖς
3082 2817 3151 2873 ³⁸.
3173 2817 3398 2882 Τούτοις
3436 2819 3692 2889 ἁρμόττει

2111 2909 2208 2964 καὶ
2229 2908 2298 2962 τὰ
2315 2911 2373 2963 ὲν
2411 2910 2526 2971 τοῖς
2564 2909 2729 2979 ἱεροῖς
2759 2907 3119 2977 Εὑαγγελίοις
3158 2909 3265 2962 ὑπὸ
3297 2908 3394 2963 τοῦ
3421 2909 3694 2962 Δεσπότου

2110 3000 2350 3070 Χριστοῦ
2390 3000 2658 3072 εἰρημένα
2690 3015 2702 3029 ·
2739 3018 2758 3052 ι
2809 3001 2922 3052 Καὶ
2951 3000 3089 3054 ἄλλα
3141 2999 3196 3053 δὲ
3229 3001 3477 3070 πρόϐατα
3515 2999 3696 3070 ἐχω,ά

2108 3091 2210 3144 οὐκ
2238 3091 2385 3143 ἔστιν
2418 3089 2484 3142 ὲκ
2509 3090 2609 3160 τῆς
2629 3090 2798 3160 αὐλῆς
2819 3089 3024 3162 ταύτης
3042 3107 3055 3119 °
3092 3092 3320 3147 κάκεῖνά
3351 3109 3418 3162 με
3449 3091 3532 3145 δεῖ
3555 3093 3696 3160 ἀγα-

2110 3183 2248 3250 γεῖν,
2274 3180 2368 3233 καὶ
2417 3181 2519 3251 τῆς
2568 3181 2752 3252 φωνῆς
2782 3198 2884 3252 μου
2917 3181 3212 3236 ἀκούσουσι
3234 3224 3250 3248 ,
3277 3183 3372 3236 καὶ
3403 3183 3698 3252 γενήσεται

2116 3270 2215 3342 μία
2259 3271 2496 3340 ποίμνη,
2549 3266 2631 3333 εἷς
2678 3273 2908 3342 ποιμήν.
2969 3290 2987 3322 s
3034 3273 3198 3326 Δαϐλδ
3247 3273 3302 3326 δὲ
3352 3273 3495 3341 λέγει
3530 3273 3576 3304 ⁸⁸
3604 3289 3697 3326 τον

424 3387 442 3420 ι
487 3369 624 3443 Cum
657 3368 804 3422 enim
838 3367 892 3420 in
925 3365 1102 3421 ferina
1132 3365 1224 3421 Dei
1252 3374 1424 3429 esset,
1454 3364 1690 3421 formam
1725 3367 1873 3422 servi
1909 3382 2002 3424 as-

2110 3361 2388 3431 Δεσπότην
2431 3362 2686 3433 Χριστὸν,
2717 3364 2793 3426 ὼς
2827 3366 2890 3417 ὲκ
2925 3364 3089 3418 Δαϐὶδ
3116 3364 3258 3417 κατὰ
3303 3365 3482 3434 σάρκα
3511 3367 3571 3418 τὸ
3601 3367 3695 3434 γέ-

418 3459 729 3528 ειιιηρείιιι.
779 3477 798 3508 ι
831 3457 905 3512 Ut
963 3459 1127 3528 igitur
1169 3465 1506 3527 assumptam
1539 3465 1790 3512 naturam
1816 3465 2002 3514 osten-

2110 3471 2200 3518 νος
2252 3454 2598 3522 κατάγοντα·
2629 3455 2857 3509 δοῦλον
2906 3456 3043 3522 δὲδο,
3065 3454 3154 3508 διὰ
3198 3456 3297 3526 τὴν
3345 3455 3696 3525 ἀνθρωπείαν

417 3551 535 3615 dat,
576 3564 782 3602 servum
829 3549 1190 3618 nuncupavit,
1225 3547 1502 3618 siquidem
1535 3562 1565 3603 e
1587 3549 1771 3604 servili
1801 3564 1999 3604 secun-

2111 3544 2304 3614 cp'bctv'
2338 3547 2394 3597 ὲν
2423 3547 2605 3615 μορφῇ
2653 3545 2761 3616 γὰρ
2787 3544 2922 3598 Θεοῦ
2959 3546 3221 3616 ὑπάρχων
3264 3546 3479 3616 μορφὴν
3505 3545 3694 3599 δούλου

419 3640 548 3693 dum
590 3653 812 3692 carnem
859 3649 1052 3693 natura
1089 3639 1310 3709 genitus
1354 3646 1460 3694 est.
1490 3637 1610 3693 Non
1632 3639 1779 3694 enim
1806 3654 2002 3694 servus

2109 3636 2322 3690 ἔλαϐεν.
2350 3636 2470 3688 Ἵνα
2497 3637 2678 3688 τοίνυν
2702 3637 2800 3707 τὴν
2820 3636 3117 3706 ληφθεῖσαν
3146 3635 3295 3707 δείξῃ
3330 3635 3511 3704 φύσιν,
3543 3635 3688 3688 δοῦ-

418 3737 502 3784 est
559 3728 822 3784 Dominus
871 3731 1114 3784 omnium
1176 3727 1541 3801 Unigenitus:
1613 3745 1791 3800 neque
1829 3731 1998 3795 enim,

2109 3731 2223 3782 λον
2274 3728 2707 3799 προσηγόρευσε,
2761 3728 3081 3792 τουτέστιν,
3131 3730 3195 3782 ἐκ
3243 3727 3494 3796 δωλικῆς
3552 3727 3696 3780 κατὰ

417 3824 692 3888 quatenus
722 3817 866 3874 Deus
901 3825 1008 3882 est,
1040 3817 1212 3872 David
1247 3819 1582 3885 nominatur,
1607 3819 1704 3874 sed
1730 3826 2001 3888 quatenus

2110 3821 2291 3891 σάρκα
2320 3819 2610 3888 γεγένηται
2638 3818 2874 3888 φύσεως.
2911 3820 2985 3872 Οὐ
3023 3819 3131 3891 γὰρ
3160 3819 3346 3882 δοῦλος
3387 3822 3415 3872 ό
3452 3820 3695 3887 Μονογε-

419 3928 484 3966 ex
515 3910 736 3973 Davide,
766 3910 936 3964 David
979 3911 1303 3980 appellatur,
1331 3911 1634 3966 secundum
1667 3908 2001 3978 assumptio-

2109 3909 2225 3979 νὴς,
2273 3912 2298 3963 ό
2355 3909 2463 3962 τῶν
2513 3910 2772 3964 ἁπάντων
2810 3911 3088 3981 Δεσπότης
3127 3927 3141 3941 ·
3173 3909 3298 3963 οὔτε
3341 3911 3450 3980 γὰρ
3495 3905 3694 3982 ﬂeas;

418 4017 542 4056 nem
573 4011 753 4056 autem
781 4016 979 4057 servus
1018 4009 1121 4056 est.
1143 4001 1304 4068 Quod
1334 4001 1380 4056 si
1407 4017 1438 4057 e
1460 4016 1621 4056 servo
1647 4001 1791 4055 hanc
1828 3999 1996 4055 etiam

2109 4001 2286 4056 Δαϐίὸ
2321 3999 2650 4074 ὀνομάζεται
2678 4018 2695 4034 ’
2731 4002 2848 4055 ἀλλ’
2883 3996 2918 4076 ᾖ
2952 4003 3017 4056 ὲκ
3055 4003 3253 4068 Δαϐὶδ,
3301 4001 3481 4056 Δαϐὶδ
3520 4019 3694 4072 προσ-

417 4101 670 4148 naturam
721 4091 959 4148 Verbum
1005 4093 1150 4147 Deus
1173 4092 1341 4146 homo
1365 4090 1544 4145 factus
1581 4089 1849 4159 suscepit,
1886 4103 1996 4144 non

417 4184 604 4240 amisit
655 4182 802 4252 quod
841 4191 984 4245 erat,
1023 4181 1118 4236 sed
1185 4180 1391 4234 unitam
1425 4195 1556 4233 cum
1590 4177 1776 4233 divina
1800 4189 1996 4234 natura

417 4273 810 4327 humanitatem
871 4278 1118 4326 nostram
1174 4271 1472 4340 gloriosam
1523 4267 1779 4324 reddidit.
1827 4269 1997 4325 Docet

417 4364 585 4434 igitur
625 4361 943 4432 prophetica
974 4360 1174 4422 oratio,
1202 4359 1538 4428 impietatem
1564 4359 1899 4414 exstinctum
1925 4358 1994 4412 iri

417 4467 471 4508 et
525 4454 877 4509 colendorum
938 4449 1213 4504 idolorum
1269 4463 1534 4515 errorem,
1589 4463 1996 4519 regnorumque

416 4545 740 4601 divisionem
768 4559 877 4597 uno
905 4543 1122 4596 tandem
1155 4541 1386 4610 imperio
1419 4541 1818 4595 terminandam
1849 4555 1990 4605 esse,

2106 4093 2449 4164 αγορεύεται,
2486 4092 2631 4146 κατὰ
2659 4093 2702 4124 ⁸⁷
2735 4092 2834 4163 τὴν
2874 4093 3181 4164 πρόσληψιν
3223 4093 3278 4146 δὲ
3305 4093 3512 4155 δοῦλος.
3543 4093 3606 4146 El
3636 4093 3696 4146 δὲ

2107 4186 2202 4238 καὶ
2223 4187 2288 4237 ὲκ
2311 4183 2502 4237 δούλου
2530 4184 2737 4254 ταύτην
2759 4185 2989 4238 ἀνέλαϐε
3016 4186 3115 4256 τὴν
3142 4185 3303 4254 φύσιν
3335 4185 3693 4254 ὲνανθρωπή-

2106 4272 2254 4336 σαςό
2283 4271 2416 4334 Θεὸς
2444 4273 2640 4340 Λόγος,
2671 4273 2772 4326 οὐκ
2806 4271 3097 4326 ἀποϐαλὼν
3129 4272 3158 4325 ὃ
3185 4268 3274 4343 ἦν,
3306 4271 3442 4324 ἀλλὰ
3463 4275 3528 4343 τῇ
3555 4273 3694 4342 πρὸς

2099 4365 2204 4434 τὴν
2235 4362 2386 4417 θείαν
2415 4362 2578 4431 φύσιν
2623 4361 2815 4416 ἑνώσει
2844 4363 2905 4415 τὸ
2955 4364 3228 4433 ἡμέτερον
3257 4361 3509 4425 δοξάσας.
3537 4362 3694 4416 Διδά-

2106 4473 2226 4510 σκει
2253 4455 2434 4509 τοίνυν
2464 4457 2492 4508 ὁ
2521 4453 2859 4526 προφητικδς
2885 4453 3068 4522 λόγος,
3091 4454 3168 4514 ὡς
3203 4452 3566 4523 σϐεσθήσεται
3593 4453 3693 4522 μὲν

2103 4551 2138 4620 ἠ
2163 4547 2387 4602 ἀσέϐεια
2409 4547 2504 4601 καὶ
2528 4549 2561 4617 ἡ
2597 4547 2727 4618 περὶ
2768 4545 2840 4599 τὰ
2870 4546 3067 4599 εἴδωλα
3107 4545 3307 4616 πλάνη,
3341 4545 3495 4608 τέλος
3520 4545 3576 4598 δὶ
3605 4545 3695 4616 λή-

417 4637 521 4691 suh
561 4651 671 4706 quo
715 4637 1000 4704 degentes,
1050 4641 1104 4685 et
1135 4630 1204 4686 ab
1230 4644 1342 4685 uno
1372 4638 1591 4701 pastore
1623 4632 1790 4702 pasti,
1821 4629 1990 4686 Deum

2109 4639 2262 4707 ψεται
2291 4636 2400 4690 τῶν
2448 4635 2736 4705 βασιλειῶν
2785 4637 2817 4706 ἡ
2848 4635 3114 4706 διαίρεσις
3133 4675 3148 4699 ,
3177 4636 3272 4688 καὶ
3319 4636 3400 4699 είς
3439 4636 3571 4704 μίαν
3601 4652 3693 4687 τεο

417 4742 576 4781 suum
607 4735 660 4780 et
684 4724 972 4779 Dominum
999 4721 1272 4792 cognituri
1306 4721 1438 4777 sint.

2109 4723 2323 4786 λοῦντες
2338 4725 2442 4793 ήγε
2452 4723 2666 4794 μονίαν,
2693 4725 2788 4777 καὶ
2806 4723 2897 4793 ὑφ’
2912 4725 3029 4787 ἑνὸς
3061 4724 3479 4793 ποιμαινόμενοι
3491 4741 3582 4777 ποι
3591 4724 3691 4793 μέ-

2104 4835 2216 4882 νος,
2239 4818 2333 4870 τὸν
2363 4817 2574 4870 ἑαυτῶν
2596 4816 2998 4884 ὲπιγνώσονται
3017 4815 3150 4869 Θεόν
3179 4832 3237 4869 τε
3265 4816 3360 4869 καὶ
3388 4815 3688 4885 Δεσπότην.

489 4903 559 4957 Ει
586 4904 640 4956 in
676 4905 950 4971 prwceptis
973 4903 1104 4956 meis
1145 4901 1514 4969 ambulabunt,
1560 4913 1609 4957 et
1629 4905 1838 4972 judicia
1859 4917 1999 4976 5mea

2175 4907 2287 4962 Kal
2315 4907 2361 4939 ⁸⁸
2386 4907 2457 4960 ἐν
2496 4907 2623 4970 τοῖς
2668 4906 3093 4975 προστάγμασι
3117 4923 3234 4976 μου
3267 4907 3686 4974 πορεύσονται,

417 4996 732 5058 custodiant,
775 5003 825 5049 et
859 4995 1054 5063 facient
1099 5009 1182 5047 ea.
1221 4991 1414 5061 (Vens.
1459 4991 1550 5063 25)
1591 4995 1657 5048 Ει
1685 4997 2001 5053 habitabant

2109 4998 2300 5052 καὶτὰ
2336 4997 2591 5067 κρίματά
2617 5015 2738 5068 μου
2766 4997 3162 5066 φυλάξονται,
3187 4997 3284 5050 καί
3319 4995 3695 5062 ποιήσουσιν

417 5086 470 5137 in
527 5095 670 5138 terra
713 5101 832 5152 sua,
885 5099 1045 5155 quam
1069 5083 1189 5138 dedi
1236 5102 1384 5141 seruo
1441 5102 1555 5140 meo
1607 5086 1797 5155 Jacob,
1824 5092 1878 5144 in
1900 5108 2005 5160 qua

2109 5090 2264 5146 αὑτά
2287 5089 2430 5160 (κε’).
2464 5089 2574 5143 Kal
2616 5089 3092 5157 κατοικήσουσιν
3137 5088 3238 5141 ἐπὶ
3267 5085 3376 5156 τῆς
3430 5087 3542 5156 τῆς
3575 5089 3686 5140 αὐ-

458 5209 484 5249 P
506 5196 666 5254 Joan.
700 5215 755 5265 κ,
785 5199 871 5255 16.
946 5209 974 5249 ιι
1003 5199 1239 5271 Philipp.
1267 5215 1329 5266 ιι,
1365 5199 1422 5254 6.

1803 5315 2482 5380 VARlEeLECTIONES.

483 5472 540 5546 ιτ⁸
569 5473 847 5546 Λαιτῳς,
923 5472 969 5546 δέ
1008 5473 1208 5546 b1:6_._A
1238 5481 1294 5546 et
1321 5471 1624 5546 B_&1:l.__"
1664 5473 1742 5546 έν.
1779 5472 1906 5529 Des.
1945 5473 1997 5546 in

2113 5543 2124 5546 _
2174 5475 2233 5546 "7
2259 5475 2359 5546 είς.
2386 5490 2447 5546 κ.
2470 5489 2522 5546 τ.
2546 5471 2596 5526 λ.
2623 5470 2680 5546 _ln
2710 5473 3501 5546 A‘prazmlditojtdvrwyﬁdw
3527 5492 3691 5546 περιέ

420 5543 604 5615 κύκλῳ
633 5541 836 5615 abstini,
877 5543 973 5615 καὶ
1005 5541 1444 5615 εἰσάξω-αὐτούς.
1520 5541 1576 5615 “_
1607 5541 1849 5615 πάντων,
1883 5551 1936 5615 et
1965 5541 2006 5615 dt

2109 5543 2161 5598 ie
2191 5545 2272 5615 είς
2307 5541 2532 5615 βασιλέα
2553 5581 2568 5602 ,
2603 5542 2722 5615 des.
2763 5541 2817 5595 in
2849 5543 2913 5595 A.
2947 5541 3085 5615 _Vide
3115 5542 3307 5615 Menti.
3341 5543 3578 5615 Hexapla
3603 5541 3684 5600 'ad

423 5613 478 5683 [ι.
508 5613 548 5683 l.
649 5611 778 5683 “UA
811 5610 1120 5683 βασιλείας.Δ
1205 5611 1251 5644 ³³
1287 5613 1333 5665 Α
1373 5607 1640 5683 ἀνομιῶν.
1676 5609 1864 5683 -ῌείιινἒ
1889 5612 2006 5683 [hab

2109 5607 2366 5683 ,ὶοιιίζιιιξιἐ
2459 5611 2504 5642 ⁵⁸
2545 5628 2604 5664 π.
2655 5611 2780 5683 abs.
2811 5611 3125 5683 Agrdvsuw.
3181 5612 3248 5683 7”
3287 5614 3401 5683 λέγ.
3434 5607 3682 5670 Ε’καλεϊ.

426 5680 473 5713 η
509 5680 654 5735 δοῦλ.
687 5679 764 5746 δὲ,
799 5679 851 5734 κ.
877 5679 1158 5736 1.3,.Vide
1187 5697 1378 5754 supra,
1416 5679 1489 5736 ad
1517 5693 1638 5750 cap.
1674 5680 1764 5748 54,
1797 5679 1902 5735 25.
1963 5682 2006 5713 ⁸⁷

2109 5682 2212 5737 ιτά.
2239 5681 2300 5737 lu
2333 5679 2375 5733 Β
2409 5695 2598 5750 praem.
2627 5680 2770 5736 οὐδέ.
2861 5680 2908 5712 ⁸³
2945 5681 3060 5735 καί.
3097 5682 3141 5733 Α
3174 5682 3277 5736 δτι.
