4070 6456
416 391 552 455 1197

1521 398 1598 458 ΙΝ
1622 397 2068 460 EZECIIIELIS
2099 403 2255 466 CAP.
2288 410 2613 476 XXXVIII.

3533 430 3666 496 1198

411 502 550 570 τῶν,
576 501 656 569 ἣν
673 503 867 557 ἔδωκα
893 505 936 537 ⁸⁹
965 504 1044 569 τῷ
1093 505 1292 571 δούλῳ
1342 523 1462 574 μου
1502 506 1714 559 Ἰακὼί)³
1728 545 1742 568 ,
1772 507 1842 559 ὲν
1939 508 1963 537 ⁶⁴

2088 509 2454 575 habitaverunt
2480 533 2659 592 patres
2690 525 2947 593 ipsorum,
2970 536 3019 582 et
3045 529 3357 586 habitabant
3383 533 3589 605 1001
3611 541 3664 592 in

407 591 774 659 κατῴκησαν
797 594 925 647 ἐκεῖ
965 598 1020 649 οἰ
1048 595 1302 664 πατέρες
1337 598 1537 651 αὐτῶν
1559 598 1626 661 δι,
1650 597 1746 651 καί
1786 599 1829 628 δ’
1855 612 1989 650 κατ-

403 681 771 750 οικήσουσιν
807 683 900 736 ἐπ’
933 684 1124 752 αὐτῆς
1155 688 1348 752 αὐτοὶ,
1391 688 1489 741 καί
1522 690 1576 740 ol
1621 688 1737 741 υἱοί
1767 688 1986 754 αὐτῶν,

403 775 503 827 καὶ
531 774 578 805 ⁸³
603 777 659 828 ol
681 776 799 829 υἱοὶ
819 775 940 829 τῶν
969 776 1116 830 υἱῶν
1136 776 1336 832 αὐτῶν
1371 778 1484 843 ἕως
1506 779 1738 845 αἰῶνος·
1764 781 1861 834 καί
1890 781 1989 834 Δα-

401 863 500 916 ϐἰδ
552 867 587 917 ό
638 863 865 930 δοῦλός
887 882 1007 933 μου
1057 866 1258 934 ἅρχων
1299 867 1500 921 αὐτῶν
1529 869 1700 922 ἔσται
1741 870 1827 935 εἰς
1879 869 1963 922 τὸς

2089 878 2334 946 ipsorum
2389 900 2485 939 rex
2528 887 2621 949 sit.
2672 891 2766 958 qui

399 950 605 1004 αἰῶνα.
629 952 956 1005 Εἰπάτωσαν
980 955 1029 1005 οἰ
1045 953 1088 984 ⁸⁸
1121 954 1382 1018 Ἰουδαῖοι,
1411 957 1496 1019 τίς
1521 957 1550 1008 ό
1567 956 1785 1020 αἰώνιος
1805 957 1984 1010 αὐτῶν

399 1043 658 1113 βασιλεὺς
677 1044 842 1096 Δαϐὶδ
873 1048 1436 1117 προσαγορευόμενος.
1473 1048 1595 1102 Ὅτι
1631 1049 1727 1118 μὲν
1755 1050 1863 1118 γὰρ
1891 1051 1982 1102 οὑ-

393 1134 587 1205 δαμῶς
614 1135 692 1204 τῷ
722 1135 1032 1206 Ζοροϐάϐελ
1061 1137 1423 1207 ἁρμόττουσιν
1454 1140 1510 1191 αἰ
1535 1139 1783 1193 τοιαῦται
1814 1158 1981 1209 προσ-

394 1225 646 1294 ηγορίαι,
671 1225 764 1276 καὶ
802 1224 956 1278 αὐτοὶ
979 1225 1046 1278 ἂν
1074 1227 1424 1298 συμφαίησαν
1445 1244 1458 1258 ·
1495 1229 1710 1298 πρῶτον
1735 1231 1836 1298 μὲν
1873 1232 1981 1302 γὰρ

394 1315 520 1368 οὐδὲ
544 1314 866 1385 βασιλεύων,
891 1316 1027 1370 ἀλλὰ
1072 1318 1419 1387 δημαγωγῶν
1444 1320 1711 1375 διετέλεσε
1749 1341 1762 1353 ·
1791 1322 1980 1377 ἔπειτα

392 1407 453 1459 δὲ
480 1407 579 1460 καὶ
625 1405 765 1477 αὐτὴ
805 1408 987 1478 ὲκείνη
1014 1412 1046 1480 ὴ
1079 1410 1350 1480 ἡγεμονία
1389 1411 1468 1482 τῷ
1498 1413 1710 1483 θανάτῳ
1741 1413 1976 1484 διελύθη.

394 1499 458 1551 Εἰ
503 1499 561 1551 δὲ
595 1500 677 1561 εἰς
729 1500 792 1552 τὸ
833 1500 1120 1554 Δασιδικὸν
1172 1502 1330 1570 γένος
1376 1503 1470 1556 τὸν
1523 1506 1740 1559 αἰώνιον
1791 1507 1978 1561 τοῦτον

392 1587 736 1658 λαμϐάνουσι
772 1588 960 1655 Δαὸἰδ,
994 1591 1327 1656 δειξάτωσαν
1368 1593 1463 1647 τοῦ
1504 1595 1668 1648 Δαόἰδ
1697 1595 1978 1666 βασιλεῦον

389 1680 454 1730 τὸ
492 1680 681 1746 γένος·
717 1681 764 1732 εἰ
824 1681 880 1734 δὲ
932 1682 1070 1753 πρὸς
1127 1687 1194 1754 τῇ
1252 1684 1500 1756 βασιλείᾳ
1551 1687 1645 1740 καὶ
1700 1688 1831 1741 αὐτὸ
1881 1689 1976 1742 τοῦ

389 1770 560 1824 Δαόὶδ
582 1771 645 1824 τὸ
683 1773 838 1839 γένος
876 1772 1104 1843 ἄδηλον,
1134 1776 1227 1827 ἐπὶ
1263 1775 1357 1828 τοῦ
1404 1778 1670 1847 παρόντος
1698 1778 1840 1832 δυοῖν
1876 1779 1974 1834 θά-

2090 619 2150 657 ea
2169 606 2290 673 ipsi,
2310 619 2357 662 et
2378 611 2481 678 ﬁlii
2502 629 2705 682 eorum,
2722 626 2770 670 et
2793 617 2898 685 ﬁlii
2917 619 3150 687 ﬁliorum
3167 624 3400 691 ipsarum
3422 641 3584 694 usque
3614 630 3666 681 in

2089 697 2378 752 saxulum:
2429 713 2479 756 et
2535 705 2708 759 David
2771 724 2948 764 seruus
3007 727 3151 766 meus
3204 713 3446 785 princeps
3486 733 3668 772 eorum

2087 788 2184 840 erit
2239 791 2292 844 in
2341 794 2613 849 swmlum.
2665 797 2860 854 Dicant
2904 800 3099 867 Judaei,
3142 805 3265 875 quis
3298 807 3668 877 sempiternus

2830 891 3000 947 David
3056 897 3384 966 appelletur.
3448 900 3666 970 Nequa-

2086 976 2251 1030 quam
2311 967 2458 1021 enim
2511 968 2834 1028 Zorobabeli
2884 974 3197 1045 hujusmodi
3270 967 3664 1050 appellationes

2083 1051 2402 1116 convenire,
2432 1055 2532 1123 ipsi
2554 1071 2770 1126 quoque
2796 1060 3218 1118 conﬁtebuntur.
3251 1063 3493 1120 Primum
3517 1068 3661 1121 enim

2085 1131 2233 1187 haud
2260 1139 2509 1204 regnavit
2547 1137 2658 1203 ille,
2695 1140 2790 1195 sed
2832 1144 3017 1213 populi
3050 1146 3248 1200 ductor
3279 1148 3379 1202 fuit
3411 1166 3424 1202 :
3463 1149 3662 1205 deinde

2081 1222 2246 1276 etiam
2290 1225 2421 1282 illud
2477 1229 2655 1297 ipsum
2715 1232 3000 1301 imperium
3047 1246 3221 1292 morte
3271 1237 3486 1294 ﬁnitum
3553 1249 3659 1296 est.

2082 1309 2240 1376 Quod
2269 1316 2315 1369 si
2356 1316 2423 1372 de
2455 1334 2656 1388 genere
2697 1319 2959 1378 Davidico
2985 1325 3133 1381 hunc
3158 1329 3548 1397 sempiternum
3577 1330 3659 1383 in-

2083 1403 2336 1474 telliguut
2369 1407 2652 1473 Davidem,
2683 1413 2978 1467 ostendant
3012 1414 3231 1470 Davidis
3263 1433 3435 1487 genus
3458 1433 3655 1488 regna-

2082 1511 2173 1560 re;
2202 1498 2348 1566 quod
2379 1501 2424 1554 si
2462 1509 2660 1570 praeter
2685 1520 2914 1574 regnum
2945 1507 3122 1576 ipsum
3152 1525 3372 1579 quoque
3398 1511 3617 1566 Davidis
3637 1516 3654 1534 ‘

2080 1593 2254 1647 genus
2304 1583 2572 1638 incertum
2645 1595 2766 1652 est,
2823 1589 2877 1640 in
2926 1592 3186 1658 praesenti
3237 1591 3469 1648 duorum
3522 1595 3660 1649 alte-

2092 1685 2210 1723 rum
2245 1687 2471 1729 necesse
2510 1684 2614 1740 est,
2679 1677 2765 1730 vel
2822 1678 3012 1734 falsam
3054 1682 3401 1750 prophetiam
3439 1685 3657 1753 opinari

2078 1761 2162 1815 vel
2219 1762 2431 1818 Domini
2460 1764 2664 1822 Christi
2709 1783 2772 1822 ex
2837 1769 3040 1825 Davide
3078 1774 3381 1828 secundum
3434 1791 3656 1829 carnem

385 1879 551 1933 τερον
571 1863 810 1934 ἀνάγκη,
841 1863 1068 1933 ἢψευδῆ
1101 1865 1201 1936 τὴν
1233 1867 1570 1937 προφητείαν
1612 1868 1963 1940 ὑπολαϐεῖν,ῆ

2077 1852 2190 1906 nati
2239 1868 2467 1923 regnum
2547 1857 2798 1912 adorare.
2863 1857 3066 1914 Verum
3129 1861 3416 1914 mendacio
3465 1876 3660 1915 carere

384 1952 485 2004 τοῦ
533 1953 808 2006 Δεσπότου
859 1953 1100 2024 Χριστοῦ
1158 1954 1254 2007 τοῦ
1295 1957 1360 2007 ὲκ
1405 1955 1568 2009 Δαϐἰδ
1610 1957 1752 2010 κατὰ
1794 1959 1972 2030 σάρκα

385 2042 773 2112 προσκυνῆσαι
795 2042 894 2114 τὴν
926 2043 1225 2112 βασιλείαν.
1260 2046 1380 2098 Ὀτι
1412 2046 1468 2097 δὲ
1509 2046 1746 2118 ἀψευδὴς
1769 2049 1803 2118 ἡ
1837 2067 1972 2118 προ-

385 2133 616 2200 φητεία,
646 2134 743 2186 καὶ
784 2134 940 2186 αὐτοὶ
981 2134 1586 2203 συνομολογήσαιενο-εἰ
1625 2137 1681 2190 δὲ
1711 2137 1968 2209 ἀψευδὴς,

382 2223 679 2294 ὡσπεροῦν
704 2224 964 2296 ἀψευδὴς,
984 2227 1080 2279 καὶ
1109 2225 1206 2296 οὐχ
1232 2227 1446 2298 ὁρῶμεν
1472 2229 1664 2300 ἑτέραν
1703 2230 1969 2283 Ἰουδαίων

385 2313 693 2382 βασιλείαν,
726 2312 852 2366 οὔτε
886 2315 996 2384 μὴν
1037 2315 1171 2368 αὐτὸ
1194 2315 1288 2367 τοῦ
1321 2316 1484 2369 Δαὸὶδ
1519 2317 1581 2370 τὸ
1619 2317 1774 2385 γένος
1813 2318 1970 2390 δῆλον

381 2404 628 2475 ὑπάρχει
661 2405 756 2457 καὶ
805 2404 1081 2475 γνώριμον
1102 2420 1116 2435 ⁸
1148 2409 1343 2476 κρατεῖ
1364 2406 1442 2471 δὲ,
1478 2408 1552 2470 ὼς
1574 2409 1638 2460 ὲκ
1679 2408 1843 2462 Δαϐὶδ
1872 2409 1970 2478 μὲν

380 2493 533 2546 κατὰ
569 2494 772 2562 σάρκα,
799 2493 927 2556 Υἱὸς
971 2494 1027 2546 δὲ
1077 2494 1214 2548 Θεοῦ
1268 2497 1412 2550 κατὰ
1440 2497 1537 2567 τὴν
1587 2496 1848 2568 θεότητα,
1875 2499 1970 2551 καὶ

379 2582 610 2637 αἰώνιον
650 2583 764 2653 ἔχει
788 2583 850 2636 τὸ
878 2583 1078 2654 κράτος
1097 2601 1112 2616 ·
1147 2585 1282 2656 δήλη
1309 2586 1402 2638 καὶ
1436 2588 1612 2658 σαφὴς
1641 2590 1736 2640 καὶ
1764 2590 1798 2658 ἡ
1827 2588 1970 2641 ὲκεί-

377 2691 491 2726 νων
508 2673 880 2742 ὲμδροντησία
903 2673 996 2726 καὶ
1034 2674 1282 2739 ἀπιστία,
1303 2675 1399 2728 καὶ
1421 2679 1453 2746 ή
1476 2677 1722 2747 ἡμετέρα
1747 2677 1972 2746 θεογνω-

380 2763 497 2817 σία.
531 2763 748 2817 Βεόαιοί
793 2763 903 2834 γὰρ
945 2766 1014 2818 τὰ
1065 2766 1334 2836 εἰρημένα
1374 2768 1472 2820 καὶ
1507 2768 1575 2822 τὰ
1625 2768 1965 2841 ἐπαγόμενα.

375 2856 459 2926 Φη
469 2857 523 2908 at
545 2856 654 2926 γάρ
676 2871 690 2885 ·

453 2953 571 3010 κςί.
603 2945 712 3000 Kal
753 2944 1112 3015 διαθήσομαι
1140 2947 1344 3014 αὐτοῖς
1371 2947 1667 3016 διαθήκην
1697 2951 1963 3020 εἰρήνης,

374 3037 637 3105 διαθήκη
672 3035 910 3101 αἰώνιος
944 3038 988 3068 ⁸⁸
1012 3036 1185 3090 ἔσται
1209 3040 1338 3107 μετ’
1371 3037 1589 3092 αὐτῶν.
1623 3040 1966 3104 Δειξάτωσαν

376 3129 560 3181 τοίνυν
581 3130 716 3198 ἡμῖν
742 3128 776 3198 ἢ
808 3127 908 3193 τὴν
941 3127 1038 3197 τῆς
1071 3129 1295 3199 εἰρήνης
1320 3128 1604 3199 διαθήκην,
1630 3130 1663 3200 ῆ
1701 3131 1799 3201 τὴν
1836 3130 1965 3182 αἰώ-

2074 1945 2439 2015 prophetiam,
2492 1947 2596 2016 ipsi
2652 1949 2838 2004 itidem
2873 1948 3210 2004 fatebuntur.
3248 1949 3405 2016 Quod
3439 1949 3485 2006 si
3527 1967 3656 2007 vera

2072 2043 2177 2098 est,
2229 2038 2686 2105 quemadmodum
2739 2041 3007 2096 mendacii
3067 2057 3262 2110 expers
3315 2050 3421 2106 est,
3478 2057 3656 2111 neque

2071 2125 2320 2182 videmus
2389 2127 2538 2182 aliud
2598 2129 2913 2185 Juda’orum
3005 2148 3268 2201 regnum,
3325 2148 3502 2202 neque
3572 2134 3653 2186 in-

2071 2227 2236 2283 super
2299 2216 2478 2285 ipsum
2530 2234 2704 2287 genus
2755 2219 2979 2275 Davidis
3032 2221 3241 2275 clarum
3295 2229 3380 2276 est
3430 2231 3485 2275 et
3533 2238 3657 2292 per-

2071 2310 2342 2373 spicuum,
2394 2317 2450 2363 et
2501 2311 2615 2379 ipse
2652 2323 2863 2382 regnat,
2897 2321 3044 2366 utex
3102 2313 3306 2366 Davide
3351 2316 3652 2368 secundum

2070 2410 2318 2460 carnem,
2343 2397 2516 2454 Filius
2561 2410 2741 2456 autem
2772 2403 2862 2457 Dei
2881 2403 3182 2457 secundum
3214 2403 3653 2471 divinitatem,-et

2071 2489 2464 2556 sempiternum
2492 2491 2702 2547 obtinet
2737 2493 3062 2562 imperium:
3092 2495 3380 2562 perspicua
3412 2502 3465 2549 et
3488 2511 3648 2564 aper-

2071 2587 2124 2630 ta
2182 2588 2287 2642 est.
2321 2590 2373 2634 et
2416 2583 2633 2636 illorum
2679 2585 2931 2639 deliratio
2968 2585 3325 2654 perﬁdiaque,
3363 2596 3416 2639 et
3459 2595 3649 2642 nostra

2069 2669 2163 2724 Dei
2206 2673 2464 2743 cognitio.
2512 2673 2920 2728 Conlirmantur
2957 2674 3102 2729 enim
3144 2674 3307 2730 etiam
3347 2691 3470 2747 qua:
3501 2679 3648 2732 dicta

2070 2771 2217 2827 sunt,
2248 2761 2315 2817 iis
2343 2777 2464 2832 quae
2508 2773 2833 2834 sequuntur.
2872 2763 3108 2831 Etenim,

2140 2929 2418 2985 Vens.26.
2447 2930 2514 2984 Et
2532 2931 2831 3001 disponam,
2876 2934 3076 3003 inquit,
3121 2937 3250 3006 ipsis
3277 2947 3643 2996 testamentum

2069 3019 2236 3086 pacis,
2261 3028 2626 3073 testamentum
2657 3030 2910 3074 wternum
2939 3023 3038 3074 erit
3087 3038 3206 3076 cum
3247 3025 3398 3094 ipsis.
3448 3025 3646 3082 Osten-

2072 3110 2205 3162 dant
2233 3111 2402 3179 igitur
2438 3111 2625 3174 nobis,
2665 3112 2750 3165 vel
2779 3113 2954 3181 pacis,
2981 3113 3064 3168 vel
3111 3115 3506 3183 sempiternum
3563 3126 3644 3172 te-

374 3237 493 3273 νιον
514 3234 529 3248 ⁶
698 3190 801 3272 οὖα
844 3190 910 3273 δν
936 3190 1144 3288 ἔχοιενἰ
1171 3190 1495 3292 ἐστέρηνται
1535 3190 1959 3292 γάρ’ἑκατέρας,

2068 3210 2401 3256 stamentum
2432 3220 2445 3255 :
2485 3210 2539 3254 at
2565 3217 2672 3256 non
2705 3211 2985 3272 poterunt,
3022 3220 3147 3258 cum
3185 3214 3423 3275 utroque
3442 3207 3640 3276 privati

373 3311 512 3381 ἡμῖν
532 3311 589 3363 δὲ
616 3309 931 3380 ἀμφοτέρας
967 3308 1166 3362 ἔδωκεν
1197 3311 1243 3342 ⁸⁸
1266 3310 1296 3362 ὁ
1325 3311 1627 3380 Δεσπότης·
1665 3311 1734 3364 τά
1761 3329 1820 3364 τε
1851 3311 1960 3383 γὰρ

376 3399 574 3453 αἰώνια
627 3402 761 3469 ἡμῖν
791 3400 1059 3469 ὑπέσχετο
1105 3398 1322 3466 ἀγαθὰ,
1357 3401 1450 3453 καὶ
1485 3399 1584 3464 τὰς
1631 3401 1768 3472 πρὸς
1795 3401 1959 3454 αὐτὸν

373 3491 512 3559 ἡμῖν
565 3489 918 3558 καταλλαγὰς
969 3489 1284 3561 ἐχαρίσατο.
1342 3490 1513 3552 Αὐτὸς
1574 3492 1683 3561 γάρ
1725 3492 1872 3543 ἐστιν
1923 3493 1956 3562 ἡ

377 3580 573 3650 εἰρήνη
615 3573 870 3650 ήμῶν,ᾗ
927 3595 1094 3647 φησιν
1147 3577 1176 3628 ὁ
1234 3577 1375 3641 θεῖος
1447 3579 1794 3642 Ἀπόστολος.
1845 3583 1958 3634 Καὶ

378 3670 540 3726 πάλιν
572 3688 590 3721 ι
630 3663 726 3731 Εἷς
768 3669 864 3722 καὶ
897 3669 1126 3738 μεσίτης
1161 3668 1293 3732 Θεὸς
1329 3670 1372 3700 ⁸⁷
1403 3669 1691 3741 ἄνθρωπος
1722 3671 1957 3742 Χριστὸς

403 3761 616 3832 Ιησοῦς,
647 3762 676 3814 ὁ
721 3761 845 3824 δοὺς
897 3758 1088 3811 ἑαυτὸν
1136 3759 1454 3831 ἀντίλυτρον
1495 3761 1615 3815 ἀντὶ
1641 3762 1690 3793 ⁸⁸
1713 3761 1952 3817 πάντων.

373 3851 487 3904 Καὶ
524 3850 594 3903 τὰ
632 3849 771 3920 μετὰ
799 3848 974 3902 ταῦτα
1009 3847 1066 3899 δὲ
1111 3848 1274 3904 πάλιν
1327 3850 1618 3920 συμϐαίνει
1665 3853 1778 3915 τοῖς
1805 3854 1947 3924 εἰρη-

377 3943 580 4010 μένοις.

443 4031 556 4083 Καὶ
573 4031 617 4062 δ’
639 4029 796 4094 τάξω
819 4032 1060 4098 αὐτοὺς,
1085 4031 1238 4102 φησί,
1263 4030 1362 4084 καί
1390 4032 1678 4098 πληθυνῶ
1709 4033 1950 4101 αὐτοὺς,

371 4121 471 4174 καί
497 4121 665 4189 θήσω
696 4122 769 4174 τὰ
817 4121 956 4191 ἅγιά
999 4140 1122 4191 μου
1169 4123 1240 4176 ἑν
1292 4122 1460 4190 μέσῳ
1507 4122 1707 4177 αὐτῶν
1734 4126 1820 4189 εἰς
1845 4123 1953 4177 τὸν

367 4210 575 4267 αἰῶνα.
609 4211 758 4281 (κζ’.)
786 4211 898 4265 Kal
942 4213 1114 4266 ἕσται
1156 4213 1194 4279 ἡ
1233 4211 1696 4278 κατασκήνωσίς
1737 4229 1854 4280 μου
1882 4213 1952 4266 ἐν

367 4303 598 4370 αὐτοῖς,
639 4305 737 4358 καί
777 4305 988 4374 ἔσομαι
1017 4305 1222 4370 αὐτοῖς
1262 4306 1426 4371 Θεὸς,
1459 4306 1557 4359 καί
1580 4305 1748 4365 αὺτοί
1770 4305 1949 4360 ἔσον-

365 4393 468 4445 ται
492 4409 598 4460 μοι
627 4394 798 4457 λαός.
837 4393 950 4445 Καὶ
980 4391 1085 4462 μὴν
1132 4391 1338 4462 ἕρημος
1371 4393 1399 4444 ὁ
1442 4391 1596 4456 νεὼς,
1626 4394 1720 4446 καὶ
1750 4393 1817 4445 τά
1848 4393 1950 4446 πά-

365 4482 458 4536 λαι
488 4482 640 4550 ᾶγια.
665 4482 792 4545 Πῶς
805 4482 985 4536 τοίνυν
1009 4482 1275 4552 ὑπέσχετο
1303 4483 1491 4553 θήσειν
1515 4483 1582 4536 τὰ
1614 4483 1745 4551 ἆγια
1779 4482 1945 4538 αὐτοῦ

365 4573 424 4622 ἐν
463 4569 612 4640 μέσῳ
641 4570 821 4623 αὐτῶν
855 4572 934 4635 εἰς
967 4570 1060 4624 τὸν
1087 4571 1259 4624 αἰῶνα
1284 4572 1378 4624 καὶ
1407 4572 1506 4642 τὴν
1528 4575 1944 4644 κατασκήνωσιν

363 4659 537 4714 αὐτοῦ
569 4663 626 4713 ὲν
675 4661 893 4725 αὑτοῖς;
928 4660 1142 4715 Οὐκοῦν
1167 4663 1262 4716 καὶ
1297 4663 1502 4716 τούτων
1559 4666 1658 4736 οὐχ
1705 4665 1944 4734 δρῶντες

360 4753 465 4824 τὴν
502 4750 728 4805 ἔκϐασιν
768 4753 912 4806 κατὰ
956 4753 1054 4823 τὴν
1116 4753 1386 4808 Ἰουδαίων
1439 4755 1696 4821 διάνοιαν,
1743 4757 1838 4810 καὶ
1881 4757 1944 4810 τὸ

360 4843 562 4914 ἀληθὲς
587 4844 698 4897 τῶν
728 4847 1120 4914 πνευματικῶν
1159 4845 1422 4915 ῥημάτων
1464 4846 1690 4912 εἰδότες,
1715 4847 1942 4902 ἀκολού-

360 4932 473 4997 θως
523 4938 637 4999 τοῖς
697 4935 1188 5006 προερμηνευθείσι
1240 4937 1335 4988 καὶ
1394 4935 1568 4991 ταῦτα
1626 4939 1890 5008 νοήσομεν
1924 4955 1938 4968 ·

359 5018 556 5090 ἔχομεν
576 5021 685 5092 γὰρ
713 5023 809 5074 καὶ
847 5021 955 5075 τῶν
985 5021 1328 5092 πραγμάτων
1351 5025 1816 5094 συνομολογοῦσαν
1839 5026 1940 5099 τὴν

364 5111 692 5181 μαρτυρίαν.
734 5113 810 5165 Οὐ
857 5111 965 5182 γὰρ
1003 5112 1163 5182 μόνον
1197 5112 1246 5164 οἰ
1299 5111 1444 5178 ἅγιοι
1470 5114 1565 5167 τοῦ
1595 5113 1730 5167 Θεοῦ
1778 5110 1939 5179 οἶκοι,

437 5297 457 5324 τ
494 5286 687 5356 Ephes.
726 5303 792 5351 II,
827 5290 910 5342 14.
989 5303 1010 5329 ο
1041 5286 1218 5342 lTim.
1255 5303 1313 5350 ll,
1338 5289 1390 5352 5,
1417 5287 1469 5342 6.

2066 3294 2212 3359 sint;
2251 3293 2410 3347 nobis
2449 3301 2632 3346 autem
2670 3302 2964 3363 utrumque
2993 3294 3143 3348 dedit
3168 3294 3455 3352 Dominus.
3478 3296 3642 3352 Nam-

2063 3401 2170 3454 que
2197 3392 2250 3440 et
2300 3385 2634 3455 sempiterna
2682 3385 2842 3440 nobis
2891 3387 3034 3440 bona
3090 3387 3300 3456 1002
3359 3389 3639 3457 pollicitus

2063 3485 2167 3539 est,
2200 3485 2256 3532 et
2287 3477 2339 3530 id
2371 3473 2540 3530 nobis
2573 3484 2659 3529 est
2694 3477 2985 3546 elargitus,
3028 3485 3086 3530 ut
3114 3493 3238 3530 cum
3291 3478 3410 3547 ipso
3440 3495 3637 3534 recon-

2061 3567 2400 3620 ciliarentur.
2431 3563 2554 3634 Ipse
2586 3567 2731 3621 enim
2767 3576 2854 3622 est
2883 3583 2987 3637 pax
3012 3578 3227 3635 nostra,
3265 3571 3409 3625 sicut
3438 3581 3638 3627 auctor

2060 3667 2143 3714 est
2172 3657 2334 3714 divus
2359 3657 2666 3728 Apostolus
2695 3669 2739 3712 τ.
2771 3658 2838 3713 Et
2869 3675 3067 3716 rursus
3098 3679 3110 3715 :
3159 3680 3177 3712 ι
3211 3659 3366 3717 Unus
3415 3678 3638 3733 quoque

2060 3748 2358 3813 mediator,
2392 3747 2538 3803 Deus
2591 3748 2777 3814 homo,
2809 3748 3067 3804 Christus
3115 3749 3276 3806 Jesus
3299 3791 3314 3815 ,
3355 3753 3447 3820 qui
3482 3753 3637 3808 dedit

2059 3840 2304 3909 seipsum
2353 3839 2786 3906 redemptionem
2841 3855 2940 3910 pro
2993 3841 3252 3898 omnibus
3270 3853 3316 3896 ³.
3353 3860 3372 3893 ι
3408 3841 3473 3898 Ει
3510 3859 3637 3914 quas

2057 3937 2365 3998 sequuntur
2400 3928 2530 3982 item
2547 3928 2618 3982 iis
2641 3930 3017 3992 consentiunt,
3045 3945 3168 3999 quae
3195 3931 3343 3985 dicta
3372 3940 3520 3987 sunt.

2126 4020 2195 4074 Et
2229 4019 2486 4073 ordiuabo
2532 4037 2641 4082 eos,
2699 4019 2901 4086 inquit,
2942 4029 2992 4072 et
3023 4021 3382 4089 multiplicabo
3433 4039 3539 4088 eos,
3579 4033 3632 4078 et

2052 4127 2244 4179 ponam
2279 4120 2467 4163 sancta
2493 4126 2607 4162 mea
2636 4111 2691 4162 in
2742 4095 2913 4162 medio
2952 4111 3186 4176 ipsorum
3247 4113 3301 4164 in
3352 4111 3628 4166 secutum.

2055 4201 2244 4271 (Vens.
2279 4200 2372 4271 27)
2405 4200 2477 4254 Et
2519 4201 2618 4254 erit
2671 4200 3074 4253 tabernaculum
3123 4217 3292 4254 meum
3327 4203 3383 4255 in
3434 4203 3531 4267 eis,
3577 4214 3629 4257 et

2052 4310 2140 4348 ero
2192 4292 2320 4360 ipsis
2366 4291 2530 4353 Deus,
2581 4301 2632 4343 et
2665 4290 2767 4357 ipsi
2815 4299 2969 4344 erunt
3003 4291 3134 4344 mihi
3182 4292 3424 4360 populus;
3464 4295 3628 4364 Atqui

2053 4382 2329 4435 desertum
2360 4380 2649 4449 templum,
2676 4388 2731 4433 et
2750 4394 2873 4448 qua:
2890 4379 3198 4448 antiquitus
3231 4388 3423 4434 sancta
3445 4393 3626 4436 erant.

2053 4471 2343 4538 Quomodo
2374 4472 2541 4541 igitur
2576 4471 2857 4539 promisit,
2890 4483 2948 4524 se
3005 4469 3316 4539 positurum
3353 4485 3478 4526 esse
3496 4486 3625 4526 san.

2052 4577 2138 4620 cta
2175 4580 2274 4619 sua
2314 4564 2369 4617 in
2431 4561 2616 4618 medio
2663 4562 2719 4616 in
2773 4562 3059 4626 saeculum,
3116 4568 3170 4616 et
3209 4562 3624 4617 tabernaculum

2052 4673 2212 4713 suum
2245 4656 2300 4710 in
2339 4655 2518 4726 ipsis?
2549 4655 2684 4709 Cum
2707 4654 2875 4722 igitur
2900 4667 3082 4722 neque
3108 4651 3306 4707 horum
3331 4668 3626 4709 cernamus

2050 4757 2329 4810 eventum,
2363 4745 2664 4802 secundum
2696 4743 3014 4799 Judaeorum
3052 4746 3406 4810 sententiam,
3457 4761 3625 4801 nove-

2053 4842 2338 4909 rimusque
2390 4837 2758 4908 spiritualium
2820 4837 3116 4891 verborum
3172 4841 3490 4902 veritatem,
3546 4838 3622 4892 ita

2053 4934 2168 4988 haec
2195 4931 2591 4998 intelligemus,
2624 4937 2681 4980 ut
2730 4927 2798 4982 iis
2830 4935 3158 4996 congruant,
3199 4942 3322 4996 quae
3369 4937 3498 4982 ante
3547 4929 3624 4983 in-

2049 5023 2334 5093 terpretati
2362 5036 2571 5077 sumus.
2600 5017 2876 5074 Habemus
2905 5018 3051 5071 enim
3069 5017 3236 5072 etiam
3264 5033 3448 5072 rerum
3481 5017 3624 5088 ipsa-

2049 5134 2171 5172 rum
2215 5115 2572 5173 consentiens
2623 5108 3022 5165 testimonium.
3071 5104 3181 5162 Nec
3233 5107 3379 5161 enim
3439 5109 3620 5162 solum

1651 5445 1883 5500 VABIAZ
1926 5443 2220 5500 LECTION
2226 5442 2329 5497 ES.

431 5597 478 5627 "
517 5595 562 5648 Α
590 5595 818 5650 δέδωκα.
932 5597 976 5628 ⁸⁸
1012 5597 1070 5649 ἐν
1093 5592 1146 5651 ἦ.
1178 5598 1221 5650 Α
1250 5592 1332 5651 οὗ.

364 5667 417 5719 in
451 5665 518 5719 Α.

932 5597 976 5667 ιο
1012 5591 1126 5667 ἕνῇ

1099 5597 1146 5669 ᾖ.
1178 5598 1221 5650 Α
1250 5597 1332 5651 οὗ.
1413 5668 1417 5669 ν
1446 5599 1486 5629 ⁶¹
1529 5599 1724 5652 αὐτῶν.
1756 5597 1918 5652 Hebr.
1950 5598 2145 5669 vestri.

596 5662 749 5718 “ei.
783 5665 907 5721 Des.
943 5666 998 5720 in
1035 5662 1126 5720 ΒΓ
1175 5669 1218 5698 ’³
1259 5669 1301 5721 Α
1337 5668 1433 5721 καὶ
1468 5669 1609 5724 διαθ.
1640 5670 1848 5722 αἰωνία.
1926 5669 1970 5700 ⁸⁸
2010 5669 2051 5721 Β
2079 5668 2331 5721 δέδωκεν.

2247 5598 2292 5628 ⁶¹
2338 5595 2449 5649 καί.
2485 5593 2608 5651 Des.
2654 5595 2707 5646 in
2763 5592 2827 5646 Α.
2941 5593 2985 5623 ⁸³
3026 5593 3207 5646 καὶ-
3243 5592 3439 5645 αὐτῶν.
3498 5590 3621 5645 Des.

2426 5665 2467 5695 ⁶⁷
2507 5663 2658 5726 Θεός.
2708 5662 2853 5717 Loco
2876 5661 2969 5717 cit.
3015 5672 3099 5718 est
3137 5660 3272 5715 Θεοῦ
3296 5661 3388 5712 καὶ
3415 5657 3622 5731 ἀνθρώ-

363 5751 501 5789 πων.
579 5737 625 5768 ⁸⁸
665 5736 805 5790 ἀντί.
836 5737 982 5792 Loco
1011 5737 1104 5792 cit.
1140 5745 1224 5793 est
1257 5738 1418 5808 ὑπὲρ.
1499 5739 1542 5770 ⁸³
1583 5740 1674 5793 καὶ
1699 5739 1950 5809 -πληθ,
1984 5739 2109 5793 αὐτ.
2143 5737 2268 5793 Des.
2308 5736 2361 5790 in
2393 5738 2456 5791 Α.
