4070 6400
267 432 410 497 1213

1367 431 1447 491 IN
1487 431 1931 490 EZECHIELIS
1970 430 2129 490 CAP.
2169 427 2440 488 XXXIX.

3389 421 3526 485 12M

262 542 599 607 διάπτωσις
637 540 735 595 καί
775 541 818 573 ⁸⁷
867 537 1294 606 πολυάνδριον,
1343 538 1443 589 καί
1491 537 1845 606 καθαρισοιῆ-

1976 538 2266 607 epulcrum,
2300 547 2349 591 et
2385 534 2688 604 expiabitur
2718 541 2880 585 terra.
2910 529 3127 603 [ΓΖ-19]
3154 530 3252 588 Ilis
3281 531 3352 586 ita
3390 550 3530 603 prae-

265 648 438 686 σεται
463 632 504 698 ή
527 631 626 702 τῆ.
655 630 812 685 Οὕτω
833 631 1000 684 ταῦτα
1031 628 1472 702 προαγορεύσας,
1501 633 1612 692 τοῖς
1639 629 1850 700 ὀρνέοις

205 731 210 734 “
265 722 364 775 καὶ
400 724 516 783 τοῖς
545 723 756 794 θηρίοις
783 721 1242 796 παρακελεύεται,
1272 720 1348 782 ὡς
1380 720 1471 771 ἐπὶ
1504 719 1686 790 θοίνην
1731 722 1853 774 τινὰ

267 813 365 866 καὶ
398 813 638 882 εὐωχίαν
669 813 862 878 ἐλθεῖν,
902 814 996 866 ἆτε
1027 811 1092 879 δὴ
1124 810 1338 864 πολλῶν
1359 812 1454 862 καὶ
1481 810 1727 880 ἀπείρων
1757 812 1850 880 ερ-

272 903 563 973 ριμμένων
594 905 864 974 σωμάτων
881 921 895 935 δ
930 903 1027 973 οὐχ
1049 903 1124 966 ὡς
1157 903 1394 970 λογικοῖς
1413 902 1468 954 δὲ
1485 902 1692 966 τούτοις
1712 920 1856 973 παρ-

267 993 468 1062 εγγυᾷ,
502 991 643 1046 ἀλλά
678 992 882 1045 πείθων
931 991 1056 1054 τοὺς
1101 991 1375 1059 λογικοὺς,
1409 991 1486 1053 ὡς
1542 992 1635 1044 καὶ
1685 991 1859 1044 ταῦτα

269 1080 441 1133 αὐτοῦ
477 1081 893 1150 συγχωροῦντος
928 1079 1160 1148 γίνεται.
1193 1079 1267 1131 Τὸ
1295 1079 1407 1144 δέ,«
1430 1079 1678 1147 Φάγεσθε
1719 1081 1860 1150 κρέα

275 1171 520 1240 μόσχων,
580 1172 673 1224 καὶ
717 1172 911 1242 κριῶν,
965 1171 1058 1223 καὶ
1108 1169 1314 1240 ἀρνῶν,
1365 1170 1460 1222 καὶ
1489 1169 1728 1240 τράγων,
1765 1173 1859 1225 καὶ

268 1259 495 1330 ταύρων
527 1262 954 1333 ἐστεατωμένων
978 1261 1248 1323 πάντων.»
1276 1263 1554 1332 τροπικῶς
1584 1263 1708 1332 ἔφη,
1735 1264 1862 1326 τοὺς

273 1351 538 1420 βασιλέας
590 1351 769 1405 αὐτῶν
814 1353 906 1406 καὶ
952 1354 1239 1423 άρχοντας,
1285 1353 1378 1404 καὶ
1433 1353 1724 1421 ἀριστέας,
1776 1354 1862 1407 διὰ

271 1440 384 1493 τῶν
414 1441 656 1511 μόσχων,
686 1441 778 1494 καὶ
817 1442 1007 1512 κριῶν,
1047 1441 1142 1494 καὶ
1164 1440 1465 1513 τράγωνθθ,
1505 1444 1599 1495 καὶ
1644 1442 1862 1513 ταύρων

279 1532 578 1600 ὀνομάσας.
612 1531 713 1584 Διά
753 1531 810 1585 δὲ
858 1532 976 1586 τῶν
1007 1531 1209 1600 ἀρνῶν
1260 1531 1384 1595 τοὺς
1423 1532 1717 1602 ὑπηκόους.
1752 1535 1863 1585 Θυ-

280 1622 426 1674 σίαν
453 1621 516 1675 δὲ
547 1622 714 1675 αὐτοῦ
749 1622 985 1692 κέκληκε
1015 1622 1112 1692 τὴν
1152 1621 1348 1692 γνώμῃ
1376 1622 1540 1674 αὑτοῦ
1567 1622 1865 1691 γενομένην

276 1713 509 1768 ἐκείνων
538 1713 823 1784 ἀναίρεσιν
840 1741 847 1745 -
1095 1697 1102 1703 ’

1953 630 2141 693 dictis,
2175 629 2370 683 avibus
2402 637 2455 681 et
2484 623 2681 680 bestiis
2719 623 2990 693 praecipit,
3024 631 3084 676 ut
3115 623 3183 677 ad
3217 625 3531 679 convivium

1954 721 2232 791 quoddam
2265 727 2319 774 et
2355 717 2548 787 epulas
2592 715 2880 780 accedant,
2908 723 3093 784 utpote
3123 716 3421 770 multorum
3449 725 3534 769 at-

1956 829 2062 882 que
2086 812 2225 866 adeo
2257 809 2597 864 iniiuitorum
2624 808 2960 861 cadaverum
2988 805 3383 874 projectorum.
3409 805 3527 861 Non

1958 910 2141 956 autem
2191 907 2253 953 ut
2287 899 2506 952 ratione
2545 897 2789 965 praeditis
2833 896 2972 965 ipsis
3003 895 3107 949 hoc
3140 896 3392 964 imperat,
3437 897 3534 951 sed

1960 1003 2020 1049 ut
2069 994 2303 1048 rationis
2352 991 2718 1062 participibus
2768 991 2884 1042 haec
2927 1004 2985 1042 se
3022 989 3373 1057 permittente
3417 988 3534 1041 ﬁeri

1960 1087 2310 1158 persuadeat.
2348 1085 2490 1138 Illud
2526 1093 2731 1146 autem,
2789 1079 3000 1150 1015
3043 1097 3061 1130 ι
3101 1079 3384 1134 Comedite
3413 1093 3536 1132 car-

1962 1193 2058 1232 nes
2088 1176 2416 1238 vitulorum,
2459 1183 2514 1229 et
2543 1174 2800 1236 arietum,
2835 1182 2887 1225 et
2931 1185 3218 1240 agnorum,
3257 1178 3311 1224 et
3356 1171 3544 1236 hirco:

1960 1285 2084 1323 rum
2126 1276 2180 1323 et
2216 1277 2503 1322 taurorum
2552 1267 3028 1334 impinguatorum
3076 1264 3345 1328 omnium,
3384 1283 3401 1315 ›
3442 1281 3542 1335 per

1964 1361 2382 1416 translationem
2416 1359 2580 1423 dixit,
2614 1359 2837 1428 regibus
2871 1357 3139 1425 ipsorum,
3183 1365 3236 1410 et
3277 1357 3541 1427 principi-

1964 1455 2069 1509 bus
2107 1462 2271 1522 atque
2315 1449 2702 1520 optimatibus,
2744 1448 3072 1512 vitulorum,
3104 1457 3158 1502 et
3191 1447 3446 1511 arietum,
3487 1458 3542 1502 et

1967 1545 2274 1606 hircorum,
2321 1550 2376 1596 et
2414 1549 2701 1594 taurorum
2739 1540 2962 1592 nomine
2992 1538 3314 1601 designatis.
3352 1537 3416 1590 Et
3447 1551 3544 1605 per

1969 1653 2133 1704 agnos
2183 1634 2462 1701 subjectos
2511 1632 2748 1700 populos
2787 1628 3072 1682 indicavit.
3121 1628 3187 1680 Et
3220 1629 3544 1696 sacriﬁcium

1970 1743 2134 1784 suum
2167 1725 2384 1781 vocavit
2422 1723 2643 1778 illorum
2685 1721 2886 1776 caedem
2936 1720 3111 1790 ipsius
3149 1720 3428 1772 voluntate
3463 1718 3546 1770 I'a-

1971 1827 2136 1874 ctam.

351 1887 424 1942 κ’.
455 1889 569 1943 Καὶ
599 1890 1136 1958 ἐμπλησθήσεσθε,
1198 1891 1381 1960 φησὶν,
1435 1890 1534 1943 ἐπὶ
1587 1889 1692 1957 τῆς
1744 1908 1870 1958 τρα-

2051 1909 2211 1964 Vens.
2243 1907 2332 1960 ΞΩ.
2375 1907 2446 1960 Et
2469 1903 2862 1966 saturabimini,
2895 1901 3090 1970 inquit,
3127 1915 3283 1968 super
3313 1916 3546 1952 mensam

280 1978 470 2046 πέζης
512 1997 664 2049 μου,
710 1980 1012 2044 τουτέστιν,
1058 1980 1154 2032 ἐπὶ
1195 1979 1297 2049 τῆς
1342 1982 1473 2050 παρ’
1523 1979 1656 2050 ἐμοῦ
1703 1996 1870 2049 προσ-

276 2072 601 2142 ενεχθείσης
629 2072 758 2140 ὑμῖν
792 2074 1022 2142 τροφῆς.
1070 2071 1182 2124 Καὶ
1209 2069 1420 2133 δεικνὺς
1465 2071 1549 2133 τίς
1577 2069 1738 2139 αὕτη,
1775 2072 1870 2122 ἐπ-

279 2163 497 2232 ήγαγεν
517 2176 529 2192 ·
571 2177 589 2209 ι
618 2160 840 2222 Ἵππον,
871 2163 965 2212 καὶ
1014 2160 1313 2230 ἀναϐάτην,
1350 2165 1444 2213 καὶ
1496 2177 1748 2228 γιγαντα,
1778 2161 1873 2214 καὶ

278 2253 464 2307 πάντα
499 2253 670 2323 ἄνδρα
719 2253 1077 2323 πολεμιστὴν,
1113 2251 1262 2320 λέγει
1305 2254 1533 2307 Ἀδωναῖ
1590 2257 1824 2325 Κύριος.
1849 2276 1865 2306 ι

277 2346 382 2399 Διὰ
410 2345 622 2399 τούτων
662 2346 980 2416 ἡρμήνευσε
1029 2346 1158 2408 τοὺς
1197 2346 1406 2418 κριοὺς,
1456 2349 1549 2400 καὶ
1587 2349 1714 2410 τοὺς
1745 2349 1872 2401 ταύ-

277 2453 435 2507 ρους,
477 2438 572 2490 καὶ
602 2437 728 2499 τοὺς
754 2437 1012 2507 τράγους.

351 2533 465 2582 κα’.
500 2527 607 2580 Καὶ
637 2526 812 2581 δώσω
854 2527 970 2594 τὴν
1011 2527 1199 2591 δόξαν
1235 2546 1356 2596 μου
1395 2529 1466 2582 ἐν
1501 2529 1643 2599 ὑμῖν
1665 2533 1709 2568 ⁸⁹
1771 2533 1872 2586 καί

277 2615 500 2687 ὄψεται
517 2617 564 2650 ⁸⁸
615 2616 815 2670 πάντα
853 2617 924 2670 τὰ
986 2617 1129 2685 ἔθνη
1186 2617 1301 2684 τὴν
1348 2622 1553 2686 κρίσιν
1599 2639 1732 2688 μου,
1791 2622 1873 2690 ἢν

273 2707 570 2775 ἐποίησα,
589 2708 687 2761 καί
709 2707 826 2776 τὴν
858 2707 1023 2776 χεῖρά
1038 2725 1181 2777 μου,
1213 2707 1294 2775 ἢν
1316 2709 1623 2782 ἐπήγαγον
1653 2713 1746 2765 ἐπ’
1767 2716 1874 2767 αὑ-

277 2800 450 2864 τούς.
485 2799 600 2869 Τῆς
625 2799 862 2869 σφαγῆς,
895 2799 1049 2869 φησὶ,
1081 2800 1402 2870 γενομένης,
1434 2802 1527 2854 καὶ
1565 2803 1662 2872 τῆς
1687 2804 1871 2857 τοιαύ-

279 2904 386 2958 της
414 2889 547 2959 ὑμῖν
575 2888 759 2959 θοίνης
785 2889 1264 2958 προσενεχθείσης,
1299 2889 1568 2962 θεωρήσει
1605 2893 1784 2947 πάντα
1805 2894 1874 2946 τά

279 2978 414 3049 ἔθνη
443 2980 544 3033 καὶ
563 2981 627 3032 τδ
663 2979 892 3034 δυνατὸν
916 2979 1017 3049 τῆς
1068 2982 1209 3050 ἐμῆς
1264 2982 1544 3051 προνοίας,
1579 2985 1672 3037 καὶ
1693 2985 1752 3038 τὸ
1776 2986 1875 3056 τῆς

280 3071 528 3140 κρίσεως
548 3071 780 3126 δίκαιον.
797 3069 962 3123 Ἀλλά
987 3071 1081 3124 καὶ
1103 3073 1130 3124 ὁ
1147 3066 1316 3136 οἶκος,
1349 3075 1505 3144 φησὶ,
1530 3075 1625 3128 τοῦ
1661 3077 1873 3147 Ἰσραὴλ

279 3160 558 3264 Sea-61:6»)
585 3161 892 3232 μαθήσεται
914 3161 1023 3213 τῶν
1053 3163 1417 3232 πραγμάτων,
1442 3165 1521 3218 ὃτι
1552 3166 1645 3220 καὶ
1671 3167 1874 3238 Κύριος
1900 3208 1944 3264 C

279 3251 470 3308 αὐτῶν
502 3253 618 3320 είμι
649 3253 745 3305 καὶ
772 3252 1072 3323 Δεσπότης.
1109 3252 1182 3306 Τὸ
1202 3253 1280 3318 δὲ,
1325 3273 1344 3306 ι
1369 3257 1501 3310 Ἀπὸ
1537 3259 1636 3326 τῆς
1660 3260 1874 3331 ἡμέρας

280 3340 494 3411 ταύτης
527 3343 624 3394 καὶ
653 3342 935 3407 ἐπέκεινα,
959 3361 976 3392 ι
1016 3342 1116 3413 τῆς
1162 3344 1433 3415 προτέρας
1476 3347 1700 3413 ἀγνοίας
1738 3367 1870 3402 κατ-

285 3433 508 3504 ηγορεῖ.

355 3529 469 3590 κγ’,
499 3523 599 3576 κδ’.
639 3523 748 3578 Καὶ
793 3523 1152 3592 γνιὶιονετοιμι
1201 3524 1400 3579 πάντα
1455 3528 1527 3580 τὰ
1564 3528 1730 3596 ἔθνη.
1785 3530 1874 3583 ὅτι

280 3612 388 3669 διὰ
429 3612 541 3679 τὰς
573 3613 865 3681 ἁμαρτίας
900 3614 1101 3668 αὐτῶν
1143 3615 1700 3686 ᾐγμαλωτεύθησαν
1734 3623 1766 3673 d
1788 3617 1874 3674 οἵ·

283 3723 398 3769 κος
467 3703 722 3770 Ἰσραὴλ
749 3744 762 3766 ,
821 3704 952 3757 ἀνθ’
991 3698 1079 3758 ὧν
1114 3706 1424 3773 ἠθέτησαν
1465 3711 1552 3773 είς
1590 3709 1696 3778 ἐμὲ
1719 3752 1732 3774 ,
1778 3712 1876 3764 καὶ

281 3795 648 3862 ἁπέστρεψα
686 3794 753 3847 τὸ
779 3795 1108 3860 πρόσωπόν
1122 3813 1242 3862 μου
1260 3796 1361 3850 ἀπ’
1379 3797 1597 3863 αὐτῶν,
1617 3801 1714 3852 καὶ
1731 3815 1850 3868 παρ
1863 3831 1877 3841 -

279 3885 485 3939 ἔδωκα
543 3887 766 3952 αὐτοὺς
815 3889 902 3948 εἰς
949 3886 1153 3956 χεῖρας
1200 3887 1319 3942 τῶν
1395 3889 1590 3944 ἐθνῶν
1644 3891 1874 3962 αὐτῶν,

281 3977 388 4029 καί
401 3975 646 4030 ’ἔπεσον
663 3978 708 4008 θ’
736 3977 960 4043 πάντες
975 3979 1263 4046 μαχαίρᾳ.
1287 3979 1451 4032 Κατὰ
1483 3981 1590 4045 τὰς
1615 3982 1878 4051 ἀκιιθαρο

282 4067 434 4132 σίας
461 4065 680 4129 αὐτῶν,
697 4067 794 4120 καὶ
821 4066 972 4121 κατὰ
991 4069 1098 4131 τὰς
1113 4069 1366 4137 ἀνομίας
1389 4069 1434 4101 ’³
1454 4069 1653 4123 αὐτῶν
1671 4072 1875 4139 ἐποίη-

289 4171 372 4212 ut
424 4154 638 4220 αὐτοῖς
654 4155 720 4219 θ’,
772 4155 872 4208 καὶ
905 4155 1263 4224 ἀπέστρεψα
1295 4158 1362 4209 τὸ
1405 4159 1732 4225 πρόσωπόν
1755 4179 1877 4229 μου

280 4248 394 4304 ἀπ’
430 4249 654 4304 αὐτῶν.
687 4248 973 4320 Θεὼμενα,
1023 4251 1180 4320 φησὶ,
1223 4250 1292 4304 τὰ
1342 4249 1469 4322 έθνη
1509 4253 1601 4305 τὸν
1648 4255 1877 4324 ἐπενεχ-

279 4340 455 4394 θέντα
484 4339 563 4409 τῷ
591 4337 716 4407 Γὼγ
768 4339 1012 4409 ὄλεθρον,
1062 4338 1334 4408 γνώσεται
1371 4340 1447 4404 ὡς
1490 4343 1586 4396 καὶ
1621 4343 1880 4398 Βαϐυλω.

278 4431 423 4495 νίοις
454 4431 660 4502 ταύτην
702 4431 988 4503 ἠδυνάμην
1040 4433 1361 4502 ἐπενεγκεῖν
1413 4434 1514 4505 τὴν
1569 4437 1875 4508 τιμωρίανο

1974 2016 2175 2062 meam,
2206 1999 2312 2052 hoc
2341 2005 2446 2060 est,
2478 1998 2602 2052 cibo
2623 2013 2650 2050 a
2681 1995 2933 2051 mevobis
2959 1994 3145 2047 allato.
3167 1995 3343 2061 Atque
3361 2000 3549 2046 osten-

1974 2091 2134 2154 dens,
2173 2090 2429 2159 quisnam
2464 2090 2536 2142 sit
2564 2088 2652 2141 hic
2681 2087 2864 2150 cibus,
2903 2084 3104 2154 adjecit
3138 2102 3152 2137 :
3197 2104 3214 2134 ι
3253 2083 3463 2148 Equum
3493 2091 3551 2136 et

1974 2195 2350 2244 ascensorem,
2383 2189 2438 2233 et
2463 2179 2765 2248 gigantem,
2785 2185 2838 2230 et
2869 2191 3088 2230 omnem
3112 2174 3289 2228 virum
3325 2173 3552 2227 bellato-

1977 2287 2115 2333 rem.
2155 2271 2294 2325 dicit
2341 2268 2555 2324 Adonai
2609 2267 2896 2321 Dominus.
2953 2285 2970 2316 ι
3022 2265 3117 2320 Ilis
3161 2266 3553 2333 interpretatus

1973 2373 2058 2418 est
2092 2365 2314 2427 arietes,
2358 2371 2413 2416 et
2449 2369 2660 2425 tauros,
2693 2367 2747 2414 et
2787 2360 2988 2412 hircos.

2048 2538 2210 2593 Vens.
2250 2537 2343 2590 21.
2387 2536 2455 2590 Ει
2485 2538 2623 2590 dabo
2655 2536 2876 2605 gloriam
2903 2549 3072 2587 meam
3116 2533 3169 2585 in
3201 2532 3361 2595 vobis,
3398 2543 3446 2586 et
3483 2535 3556 2586 vi-

1975 2630 2171 2685 debunt
2204 2647 2383 2684 omnes
2424 2638 2596 2699 gentes
2640 2626 2904 2696 judicium
2951 2640 3120 2677 meum
3159 2622 3296 2691 quod
3345 2624 3463 2691 feci;
3506 2635 3556 2678 et

1975 2738 2192 2774 manum
2218 2737 2388 2774 meam
2414 2735 2573 2789 quam
2597 2716 2786 2770 induxi
2816 2732 2972 2784 super
2999 2731 3107 2768 eos.
3141 2713 3330 2777 Facta,
3358 2714 3556 2783 inquit,

1978 2812 2081 2866 hac
2125 2812 2296 2878 caede,
2339 2820 2395 2866 et
2425 2811 2521 2864 tali
2570 2810 2727 2863 vobis
2758 2807 3004 2861 exhibito
3032 2804 3308 2869 convivio,
3341 2806 3560 2872 conspi-

1976 2901 2127 2957 cient
2167 2917 2363 2957 omnes
2390 2912 2604 2969 gentes,
2646 2909 2700 2952 et
2739 2912 2874 2951 mea:
2911 2896 3272 2965 providentia
3301 2896 3469 2958 vires,
3505 2902 3562 2949 et

1977 3005 2160 3046 meum
2193 2988 2727 3060 justumjudicium.
2751 2986 2898 3051 Quin
2929 2985 3095 3038 etiam
3117 2984 3335 3047 domus,
3357 2983 3558 3053 inquit.

1978 3080 2145 3138 Israel
2179 3083 2346 3136 rebus
2388 3082 2524 3151 ipsis
2558 3079 2844 3150 percipiet,
2879 3093 2965 3132 me
2993 3091 3120 3132 esse
3153 3075 3443 3129 Dominum
3481 3075 3562 3143 ip-

1979 3189 2198 3251 sorum,
2226 3183 2281 3230 et
2328 3174 2544 3229 herum.
2573 3170 2688 3243 [Ὤ]
2735 3171 2870 3224 Illud
2904 3185 3058 3233 vero,
3095 3187 3114 3219 ‹
3155 3169 3225 3222 ab
3259 3169 3365 3222 hoc
3391 3167 3481 3222 die
3506 3172 3564 3220 ct

1981 3267 2148 3330 ultra,
2189 3286 2206 3318 ι
2241 3266 2533 3336 pristinam
2573 3275 2802 3320 accusat
2835 3261 3136 3317 inscitiam.

2052 3527 2217 3583 Vens.
2254 3527 2347 3587 25,
2383 3525 2476 3577 24.
2521 3521 2587 3575 Ει
2619 3529 2930 3591 cognoscent
2970 3535 3146 3572 omnes
3195 3526 3391 3586 gentes,
3441 3533 3564 3585 pro-

1977 3629 2091 3688 pter
2121 3626 2338 3688 peccata
2367 3632 2465 3670 sua
2499 3615 2552 3666 in
2574 3613 2876 3667 servitutem
2907 3610 3177 3663 redactam
3206 3625 3319 3662 esse
3348 3609 3564 3662 domum

1983 3710 2237 3776 Israeiis;
2258 3719 2533 3777 propterea
2574 3705 2712 3775 quod
2755 3706 2809 3757 in
2854 3720 2935 3757 me
2967 3701 3291 3771 deliquerit;
3329 3710 3378 3756 et
3405 3703 3568 3755 averti
3644 3696 3648 3700 ’

1980 3811 2169 3880 [aciem
2203 3819 2372 3857 meam
2414 3801 2479 3854 ab
2512 3802 2610 3864 eis,
2650 3807 2699 3852 et
2729 3797 2927 3850 tradidi
2960 3813 3048 3849 eos
3088 3796 3141 3848 in
3176 3810 3364 3847 manus
3390 3793 3568 3846 inimi-

1979 3915 2162 3956 corum
2205 3910 2447 3952 suorum,
2495 3901 2544 3944 et
2581 3889 2883 3944 ceciderunt
2921 3903 3098 3939 omnes
3129 3875 3330 3954 gladio.
3367 3882 3567 3936 Secun-

1979 3994 2104 4045 dum
2154 3985 2524 4042 immunditias
2566 3984 2805 4050 ipsorum
2848 3989 2895 4032 et
2941 3977 3225 4031 secundum
3262 3976 3566 4044 iniquitates

1979 4083 2212 4150 ipsorum
2242 4075 2343 4145 feci
2373 4075 2471 4136 eis,
2503 4071 2719 4140 1016
2763 4077 2811 4122 et
2856 4067 3022 4120 averti
3065 4066 3254 4133 [aciem
3304 4080 3472 4116 meam
3502 4064 3566 4116 ab

1978 4173 2072 4225 eis.
2099 4162 2544 4233 Conspicientes,
2574 4159 2774 4227 inquit,
2804 4164 2996 4225 gentes
3021 4154 3230 4206 illatam
3262 4151 3416 4219 Gogo
3445 4166 3568 4219 per-

1981 4261 2207 4323 niciem,
2264 4259 2607 4326 cognoscent
2657 4247 2979 4319 Babyloniis
3029 4261 3251 4314 quoque
3290 4245 3432 4299 idem
3482 4260 3568 4298 me

1981 4350 2320 4422 supplicium
2388 4343 2599 4400 inferre
2643 4341 2936 4412 potuisse:
2978 4336 3075 4392 sed
3129 4344 3188 4390 ut
3241 4337 3309 4390 ab
3366 4334 3569 4390 lsraele

1983 4441 2288 4515 impietatis
2320 4453 2384 4492 ac
2415 4435 2690 4492 scelerum
2725 4445 2922 4502 poenas
2953 4429 3255 4498 exigerem,
3297 4443 3383 4481 me
3421 4427 3568 4479 nulla

278 4522 427 4577 ἀλλά
461 4524 620 4585 δίκας
664 4522 758 4576 τὸν
806 4523 1025 4592 Ἰσραὴλ
1064 4526 1162 4594 τῆς
1193 4523 1453 4588 ἀσεϐείας
1481 4526 1577 4579 καὶ
1631 4543 1871 4599 παρανο-

1981 4552 2078 4593 eos
2110 4549 2216 4604 ope
2246 4531 2448 4601 dignos
2481 4533 2805 4581 censentem
2839 4520 3184 4591 permisisse,
3221 4529 3278 4572 ut
3302 4518 3356 4570 in
3389 4517 3565 4571 servi—

282 4612 422 4684 μίας
457 4614 856 4683 πραττόμενος,
897 4613 1450 4685 ἐξανδραποδισθῆναι
1483 4616 1874 4688 παρεχώρησα,

275 4704 547 4775 οὐδεμιᾶς
594 4702 792 4767 αὐτοὺς
839 4703 1075 4770 ἀξιώσας
1104 4705 1440 4775 ἐπικουρίας.
1475 4709 1584 4760 Καὶ
1610 4707 1770 4763 τοῦτο
1822 4711 1879 4764 δὲ

280 4797 481 4867 σαφῶς
503 4796 652 4866 ἡμᾶς
679 4795 940 4860 διδάσκει,
969 4795 1046 4860 ὡς
1074 4795 1236 4860 εὐθὺς
1269 4797 1409 4868 μετὰ
1435 4799 1533 4870 τὴν
1559 4800 1826 4854 ἐπάνοδον
1843 4802 1876 4870 ή

276 4885 499 4942 τούτων
530 4885 640 4938 τῶν
661 4884 836 4938 ἐθνῶν
869 4884 1090 4952 ἐγένετο
1119 4885 1511 4950 ἐπανάστασις.
1554 4906 1571 4938 ι
1596 4888 1875 4942 Γνώσεται

279 4979 422 5048 γὰρ,
467 4975 626 5048 φησὶ,
668 4975 850 5030 πάντα
897 4974 970 5028 τὰ
1023 4974 1177 5044 ἔθνη,
1209 4976 1292 5029 ὅτι
1341 4977 1432 5030 διὰ
1458 4977 1558 5042 τὰς
1597 4980 1877 5049 ἁμαρτίας

279 5071 474 5126 αὐτῶν
505 5067 1009 5139 ᾐχμαλωτεύθησαν
1049 5068 1160 5130 πᾶς
1196 5063 1344 5131 οἶκος
1396 5070 1636 5140 Ἰσραήλ.
1666 5090 1683 5120 ι
1725 5072 1876 5124 Θεω-

283 5159 517 5232 ροῦντες
547 5158 657 5227 γὰρ
683 5157 925 5218 ἅπαντες
950 5156 1050 5225 τὴν
1079 5155 1282 5224 ἀθρόαν
1310 5157 1535 5211 ἐκείνων
1572 5160 1874 5230 ἀναίρεσιν,

279 5249 572 5318 λογισμοῖς
606 5247 784 5314 ὀρθοῖς
816 5243 1087 5315 χρώμενοι
1122 5245 1462 5314 συνήσουσιν,
1499 5249 1580 5301 ὅτι
1602 5249 1758 5312 δίκας
1789 5250 1872 5303 τί·

284 5357 478 5403 νοντες
503 5339 615 5392 τῶν
643 5335 1082 5407 ἁμαρτημάτων,
1118 5334 1216 5404 τὴν
1240 5337 1620 5406 αἰχμαλωσίαν
1654 5341 1873 5412 ἐκείνην

286 5433 618 5501 ὑπέμειναν.
651 5429 935 5499 Μαρτυρεί
973 5424 1030 5478 δὲ
1054 5425 1262 5488 τούτοις
1293 5429 1386 5480 καὶ
1415 5430 1482 5481 τὰ
1506 5429 1823 5499 ἐπαγόμενα
1857 5446 1868 5459 .

1979 4635 2152 4681 tutem
2207 4621 2618 4692 redigerentur.
2658 4614 2775 4669 Hoc
2808 4628 2942 4668 vero
2996 4627 3100 4666 nos
3155 4609 3322 4664 etiam
3379 4615 3570 4676 aperte

1976 4718 2158 4779 docet,
2197 4722 2316 4785 post
2349 4709 2590 4765 reditum
2626 4707 2765 4761 istas
2801 4709 2992 4772 gentes
3037 4701 3095 4754 in
3139 4714 3234 4753 eos
3265 4697 3564 4751 invasisse.

1981 4827 2000 4860 ι
2035 4808 2396 4877 Cognoscent
2449 4799 2596 4854 enim
2652 4809 2846 4850 omnes
2897 4800 3110 4862 gentes,
3163 4789 3360 4858 inquit,
3416 4788 3566 4857 quod

1975 4905 2202 4970 propter
2249 4898 2477 4964 peccata
2508 4902 2609 4946 sua
2656 4887 2712 4940 in
2758 4883 3083 4940 servitutem
3122 4881 3346 4935 redacta
3396 4878 3565 4932 fuerit

1980 4989 2165 5044 omnis
2201 4987 2398 5039 domus
2433 4977 2626 5033 Israel.
2665 4995 2682 5026 ι
2731 4972 2940 5028 Omnes
2987 4971 3158 5035 enim,
3190 4971 3282 5040 qui
3330 4985 3568 5040 conspe‘

1982 5082 2167 5136 xerint
2192 5075 2542 5146 repentinam
2573 5071 2794 5124 illorum
2823 5065 3050 5128 caedem,
3080 5071 3234 5117 recte
3260 5062 3568 5130 cogitantes

1982 5171 2315 5239 intelligent,
2345 5172 2404 5219 ut
2429 5176 2622 5234 poenas
2652 5165 3010 5230 peccatorum
3034 5155 3276 5216 luerent,
3295 5167 3392 5207 eos
3417 5153 3566 5206 illam

1982 5256 2322 5315 sustinuisse
2361 5249 2760 5321 captivitatem.
2823 5243 2955 5310 Quae
2997 5241 3240 5314 ;qttidem
3293 5248 3569 5296 testantur

1981 5352 2146 5407 etiam
2178 5364 2241 5402 ca
2275 5361 2396 5417 quae
2427 5348 2759 5412 sequuntur.

1545 5563 1784 5620 νΑΒιιΕ
1826 5561 2237 5619 LECTIONES.

359 5655 407 5687 ³⁷
447 5653 632 5723 διάπτ.
671 5653 782 5706 καί.
819 5651 946 5723 Des.
975 5653 1028 5707 in
1058 5654 1122 5718 A,
1153 5654 1366 5723 gemina
1395 5654 1540 5709 enim
1575 5665 1658 5708 est
1689 5655 2086 5723 interpretatio.

1146 5724 1194 5755 "
1234 5722 1472 5792 ὄψονται.
1551 5726 1593 5756 ’⁸
1635 5727 1678 5778 Α
1713 5722 2034 5793 γνώσονται.
2078 5725 2117 5775 Β
2145 5722 2402 5792 γνῶσετε.

297 5723 342 5756 ⁸⁸
376 5725 530 5791 ὑμῖν.
562 5721 726 5793 Hebr.
759 5722 1033 5793 gentibus.

301 5793 345 5824 “
381 5794 592 5858 αὐτοῖς.
619 5791 698 5846 Ex
725 5791 780 5849 A'
802 5800 857 5848 et
885 5792 926 5844 Β
951 5793 1133 5853 suum.

2205 5653 2250 5686 ⁸⁸
2290 5653 2382 5706 καὶ
2426 5651 2686 5722 τράγωνζ
2719 5647 2772 5699 In
2824 5644 2863 5695 B
2891 5643 3113 5722 ponitur
3166 5647 3291 5722 post
3322 5637 3539 5722 ταύρων

2511 5709 2555 5752 τί
2594 5721 2636 5773 Α
2663 5709 2905 5771 ἔπεσαν(
2967 5714 3011 5745 ⁸³
3047 5715 3091 5763 Α
3122 5711 3187 5762 τὰ
3207 5709 3538 5779 ἀνομήματα
