4070 6394
253 339 398 402 121Ἷ

1368 331 1449 390 ΙΝ
1490 325 1933 390 EZECHIELIS
1969 330 2127 390 CAP.
2169 333 2436 393 XXXIX.

3401 335 3534 401 1218

249 446 318 500 τὸ
341 443 638 515 πρόσωπον
659 439 825 494 αὑτοῦ
856 441 950 494 ἀπ’
983 442 1162 494 αὐτῶν
1187 455 1198 468 ·
1224 440 1272 492 oi
1300 441 1356 491 δὲ
1389 439 1645 492 τάναντία
1673 438 1846 510 δρῶν-

1959 430 2370 498 licitationem:
2408 460 2518 499 non
2554 445 2702 499 enim
2749 445 2951 498 avertit
3000 443 3194 500 faciem
3255 461 3413 502 suam
3464 455 3534 503 at:

251 553 348 608 τες
368 538 392 569 ⁹
423 534 504 604 τῷ
534 533 664 602 θείῳ
699 532 1023 603 βουλήματι,
1047 533 1239 603 πόρρω
1275 550 1379 584 που
1410 533 1511 601 τῆς
1567 532 1715 594 Θείας
1747 532 1848 583 ἐπ-

256 627 427 696 οψίας
445 623 951 693 τυγχάνουσιν,ούδε
961 624 1088 692 μιᾶς
1109 623 1474 684 ἀπολαύοντες
1491 621 1850 693 προμηθείας,

256 716 423 782 ἀλλὰ,
461 735 481 766 ι
506 714 888 785 πορευόμενοι,
915 713 1054 766 κατὰ
1079 713 1170 765 τὸν
1196 715 1478 784 προφήτην
1505 714 1752 777 Ἡσαΐαν,
1776 711 1852 783 τῷ

255 809 403 878 φωτὶ
433 805 531 859 τοῦ
564 804 736 874 πυρὸς
759 803 960 866 αὐτῶν,
986 805 1078 856 καὶ
1110 807 1175 874 τῇ
1209 804 1370 871 φλογὶ
1457 803 1776 869 ἐξέκαυσαν,
1828 824 1846 854 ι

257 897 356 953 καὶ
412 896 799 967 πορεύσονται,
848 896 989 948 κατά
1036 895 1126 948 τὸν
1180 895 1321 948 θεῖον
1380 895 1564 960 Δαὸὶδ,
1609 896 1709 948 «ἐν
1741 898 1854 959 τοῖς

255 989 692 1060 ἐπιτηδεύμασιν
752 987 954 1042 αὐτῶν.
981 1006 999 1037 ι
1035 987 1220 1041 Ταῦτα
1259 988 1359 1058 μὲν
1403 987 1545 1040 οὕτω
1577 990 1717 1040 νοεῖν
1749 989 1854 1041 ὑπὸ

257 1079 361 1148 τῆς
392 1077 543 1138 θείας
577 1077 800 1147 Γραφῆς
831 1076 1212 1146 ἐδιδάχθημεν.
1263 1077 1403 1144 Ἐγὼ
1439 1077 1552 1128 δέ¹⁰
1591 1067 1854 1146 θαυμάζω

258 1172 324 1224 ού
367 1169 529 1239 μόνον
574 1167 844 1219 Ἰουδαίων
880 1168 978 1236 τήν
1012 1166 1224 1229 ἄνοιαν,
1281 1166 1416 1219 ἀλλά
1447 1165 1542 1218 καί
1573 1183 1766 1228 τινων,
1794 1166 1854 1217 τὸ

265 1263 367 1333 μὲν
399 1257 788 1331 Χριστιανικὸν
817 1259 987 1327 ὄνομα
1017 1258 1441 1327 περικειμένων,
1481 1260 1592 1319 τοῖς
1639 1256 1856 1308 Ἰουδαῖ-

258 1355 380 1414 κοῖς
411 1352 468 1403 δὲ
503 1348 695 1419 μύθοις
722 1349 1123 1418 προσεχόντων·
1146 1346 1352 1399 καὶτοῦ
1371 1347 1492 1414 Γὼγ
1520 1347 1610 1398 καὶ
1643 1344 1856 1412 Μαγὼγ

262 1440 360 1509 τὴν
396 1437 770 1488 ἐπανάστασιν
795 1433 856 1485 ού
891 1432 1220 1502 γεγενῆσθαι
1254 1433 1542 1500 λεγόντων,
1569 1432 1683 1486 ἀλλ’
1728 1431 1848 1483 ἔσε-

271 1530 398 1582 σθαι
430 1523 884 1597 προσδοκώντων.
925 1522 1033 1585 υῦς
1065 1523 1171 1575 ἔδει
1205 1523 1456 1586 συνιδεῖν,
1485 1523 1695 1594 πρῶτον
1734 1521 1854 1590 μὲν,

268 1621 345 1673 ὅτι
373 1622 444 1689 τῇ
474 1619 540 1670 ἐκ
570 1614 889 1676 Βαϐυλῶνος
919 1614 1222 1683 ἀνακλήσει
1255 1616 1288 1684 ἡ
1317 1613 1510 1667 τούτου
1545 1613 1855 1684 προφητεία

265 1708 627 1771 συνέζευκται
653 1719 668 1735 ο
709 1703 920 1765 ἔπειτα,
975 1703 1056 1754 ὃτι
1085 1701 1172 1755 διὰ
1209 1701 1412 1755 τούτων
1468 1701 1572 1770 ἔφη
1612 1701 1855 1771 μαθήσε-

1954 534 2059 588 eis.
2095 533 2200 600 Qui
2238 549 2370 588 vero
2404 549 2466 590 ea
2501 534 2861 589 committunt
2885 549 3009 604 quae
3031 533 3232 588 divinae
3263 536 3532 590 roluntatl

1957 633 2286 695 repugnant,
2327 625 2395 678 ab
2429 625 2552 694 ejus
2588 625 2782 694 procul
2819 625 3022 679 absunt
3066 633 3313 694 aspectu,
3355 640 3535 694 neque

1956 715 2128 768 ullqu
2168 714 2288 784 ejus
2339 715 2694 784 providentiae
2752 715 2992 768 fructum
3047 715 3386 783 percipiunt,
3433 714 3532 768 sed

1961 820 1980 854 ι
2021 803 2398 865 ambulantes,
2433 805 2737 857 secundum
2767 802 2987 868 Isaiam,
3015 803 3222 856 lumine
3248 803 3395 870 ignis
3423 805 3531 867 sui,

1954 903 2008 948 et
2037 892 2276 958 ﬂamma,
2303 908 2473 963 quam
2511 895 2920 948 succenderunt
2964 905 2985 931 ε
3011 935 3026 960 ,
3060 913 3076 944 ι
3117 895 3272 947 ibunt
3311 909 3535 964 quoque

1955 983 2263 1038 secundum
2297 983 2547 1038 divinum
2581 981 2840 1036 Davidem
2871 999 2889 1032 ι
2922 983 2977 1035 in
3001 982 3272 1036 institutis
3297 981 3480 1037 suisd.
3507 1001 3526 1032 ι

1956 1074 2083 1129 litec
2117 1074 2341 1144 quidem
2376 1089 2478 1128 nos
2521 1075 2596 1128 ita
2656 1075 2966 1144 intelligere
3015 1074 3197 1128 divina
3241 1075 3533 1144 Scriptura

1955 1163 2140 1219 edocti
2173 1178 2386 1218 sumus.
2443 1163 2558 1233 Ego
2586 1179 2719 1218 vero
2766 1165 3008 1218 admiror
3056 1181 3165 1217 non
3225 1166 3401 1219 solum
3437 1164 3535 1219 Ju-

1957 1257 2199 1310 daeorum
2251 1254 2554 1318 inscitiam,
2615 1257 2712 1310 sed
2774 1257 2941 1310 etiam
3001 1258 3386 1326 quorumdam,
3439 1257 3534 1325 qui

1955 1346 2335 1401 Christianum
2380 1361 2583 1400 nomen
2616 1347 2890 1411 obtinent,
2938 1347 3032 1400 sed
3065 1347 3131 1398 ad
3160 1345 3421 1400 Judaicas
3456 1345 3538 1400 fa-

1957 1438 2114 1492 bulas
2143 1436 2456 1502 attendunt,
2488 1445 2540 1490 et
2574 1436 2710 1506 Gogi
2748 1446 2912 1506 atque
2942 1437 3152 1507 Magogi
3191 1437 3535 1492 invasionem

1957 1545 2067 1584 non
2104 1528 2304 1582 factam
2330 1539 2608 1593 asserunt,
2627 1527 2724 1582 sed
2750 1528 2993 1582 futuram
3012 1535 3358 1597 exspectant.
3387 1527 3536 1592 Quos

1961 1617 2303 1672 intellexisse
2356 1615 2718 1685 oportuisset,
2770 1616 2948 1685 primo
2983 1615 3150 1685 hujus
3192 1616 3533 1685 pr0plietiam

1957 1723 2081 1762 cum
2131 1709 2485 1763 revocatioue
2521 1722 2551 1761 e
2591 1705 2872 1777 Babylone
2905 1707 3265 1775 conjunctam
3314 1707 3486 1760 fuisse
3517 1726 3532 1761 :

266 1800 396 1853 σθαι
421 1800 494 1851 ea
510 1797 639 1867 ἔθνη
669 1795 764 1849 τοῦ
791 1794 926 1848 Θεοῦ
950 1795 1050 1864 τὴν
1077 1793 1325 1864 δύναμιν.
1357 1793 1522 1855 Ποίας
1547 1791 1677 1860 γὰρ,
1703 1790 1856 1844 είπά-

1963 1799 2160 1853 deinde
2197 1797 2330 1864 dici,
2364 1813 2464 1868 per
2510 1797 2627 1852 haec
2664 1806 2856 1865 gentes
2909 1797 3004 1851 Dei
3063 1800 3362 1866 potentiam
3413 1813 3536 1852 esse

260 1909 474 1956 τωσαν,
507 1891 678 1944 δεῖται
699 1888 793 1942 νῦν
822 1889 890 1940 τά
920 1887 1046 1956 ἐθνη
1071 1883 1422 1946 διδασκαλίας
1448 1884 1528 1946 είς
1557 1882 1852 1948 διάγνωσιν

260 1985 364 2056 τῆς
396 1983 552 2046 θείας
587 1981 892 2049 δυνάμεως,
927 1980 976 2032 οἳ
1021 1977 1306 2032 πιστεύειν
1339 1977 1436 2047 μὲν
1465 1977 1545 2037 είς
1587 1974 1650 2027 τὸ
1679 1973 1850 2042 ὄνομα

261 2076 359 2130 τοῦ
385 2074 622 2144 Πατρὸς,
660 2074 752 2126 καὶ
777 2071 872 2124 τοῦ
905 2071 1060 2134 Υίοῦ,
1096 2069 1190 2124 καὶ
1221 2068 1318 2122 τοῦ
1347 2068 1502 2136 ἁγίου
1535 2064 1852 2135 Πνεύματος

261 2165 648 2238 ἐδιδάχθησαν,
671 2164 972 2231 δοξολογεῖν
1000 2163 1058 2216 δὲ
1091 2163 1186 2216 καὶ
1218 2161 1546 2232 προσκυνεῖν
1574 2159 1674 2228 τήν
1701 2157 1853 2211 θείαν

263 2261 472 2331 ἔμαθον
495 2257 680 2327 φύσιν,
712 2257 811 2325 τῆς
832 2257 888 2310 δὲ
911 2256 1017 2309 τῶν
1045 2254 1280 2308 είδώλων
1301 2253 1695 2324 ἀπηλλάγησαν
1719 2251 1854 2304 πλά-

263 2368 410 2423 νης;
455 2349 622 2404 Ποίαν
670 2347 728 2402 δὲ
784 2347 1042 2416 τοιαύτην
1094 2345 1447 2399 διδασκαλίαν
1485 2345 1518 2414 ἡ
1585 2341 1680 2395 τοῦ
1729 2339 1854 2404 Γὼγ

261 2442 553 2513 ἀναίρεσις
610 2441 1002 2511 προσενεγκεῖν
1050 2437 1303 2509 ἠδύνατο,
1356 2436 1474 2488 οἵαν
1528 2434 1634 2487 τῶν
1693 2433 1854 2503 ἱερῶν

263 2532 589 2589 ἀποστόλων
619 2529 868 2600 περιέχει
895 2528 958 2581 τὸ
991 2530 1058 2598 κή
1070 2542 1292 2598 ρυγμα;
1324 2524 1496 2577 Τοῦτο
1523 2523 1620 2593 μὲν
1649 2523 1758 2590 γὰρ
1786 2520 1854 2574 τά

269 2626 406 2696 περὶ
430 2621 667 2694 τριάδος
697 2620 794 2674 καὶ
838 2619 1065 2690 μονάδος
1105 2618 1352 2678 ἅπαντας
1410 2612 1724 2683 ἀνθρώπους
1773 2611 1853 2663 δι·

261 2719 482 2780 δάσκει,
515 2715 610 2767 καὶ
632 2715 714 2767 ὅτι
749 2713 808 2765 ἐν
850 2712 916 2781 τῇ
949 2711 1047 2781 μιᾷ
1090 2709 1250 2779 φύσει
1277 2705 1381 2769 τὰς
1416 2706 1564 2776 τρεῖς
1591 2703 1856 2772 ἰδιότητας

265 2803 625 2876 θεωροῦμενο
677 2802 773 2856 καὶ
819 2802 957 2871 πρὸς
1006 2799 1218 2861 τούτοις
1273 2796 1482 2868 νεκριῖιν
1532 2793 1853 2855 ἀνάστασιν,

264 2899 364 2952 καὶ
388 2896 598 2967 κρίσιν,
640 2893 736 2947 καὶ
759 2893 1028 2946 ἀντίδοσιν
1060 2889 1281 2958 ἀγαθῶν
1315 2891 1411 2942 καὶ
1434 2886 1543 2939 τῶν
1571 2883 1853 2944 ἐναντίων,

263 2988 516 3062 οὐρανῶν
573 2985 871 3057 βασιλείαν,
920 2983 1020 3053 τήν
1083 2984 1142 3036 ἐν
1183 2981 1376 3051 γεέννῃ
1425 2976 1719 3048 τιμωρίαν,
1757 2973 1858 3042 τῆς

266 3081 475 3150 ἀρετῆς
503 3077 573 3130 τά
615 3075 942 3146 μαθήματα,
966 3074 1034 3126 τὰ
1063 3072 1163 3142 τῆς
1183 3068 1501 3140 φιλοσοφίας
1527 3065 1854 3135 διδάγματα,

266 3169 366 3221 καὶ
391 3169 460 3220 τὰ
506 3166 666 3230 ἀλλα,
712 3165 814 3218 ὅσα
841 3164 902 3217 τό
931 3179 992 3215 τε
1045 3162 1188 3215 θεῖον
1219 3159 1550 3227 Εὑαγγέλιον
1590 3153 1856 3226 περιέχει,

266 3260 367 3312 καὶ
411 3257 482 3312 τά
533 3255 657 3328 ίερά
700 3256 809 3309 τῶν
851 3255 1165 3310 ἀποστόλων
1211 3252 1642 3321 συγγράμματα.
1685 3248 1752 3300 Ἦ
1801 3245 1860 3300 δὲ

264 3349 367 3404 τοῦ
399 3351 525 3416 Γὼγ
555 3346 839 3418 ἀναίρεσις
871 3346 1030 3417 μόνον
1053 3343 1260 3407 ἐδίδαξε
1289 3343 1357 3396 τὰ
1385 3342 1534 3410 ἔθνη,
1575 3343 1659 3394 ὃτι
1698 3338 1859 3408 μεγί-

268 3455 408 3507 στην
442 3437 557 3506 ἔχει
601 3435 832 3505 δύναμιν
871 3437 900 3488 ὁ
935 3433 1206 3487 Ἰουδαίων
1232 3433 1388 3495 Θεδς,
1423 3431 1519 3483 καὶ
1550 3430 1632 3482 ὅτι
1675 3427 1736 3480 οὐ
1771 3426 1860 3480 διὰ

265 3531 373 3600 τὴν
403 3526 572 3580 αὑτοῦ
593 3526 878 3578 ἀσθένειαν
904 3525 1007 3577 ὑπὸ
1036 3522 1397 3584 Βαϐυλωνίοις
1429 3520 1697 3588 ἐγένοντο,
1724 3516 1860 3571 ἀλλά

267 3619 365 3672 διὰ
378 3619 479 3689 τὴν
498 3617 705 3670 οίκείαν
724 3615 1092 3686 παρανομίαν.
1109 3614 1172 3666 Ei
1193 3611 1370 3666 τοίνυν
1399 3610 1622 3682 μηδέπω
1637 3608 1706 3662 τά
1719 3607 1859 3662 κατά

268 3711 366 3762 τὸν
391 3707 516 3775 Γὼγ
541 3707 906 3774 ἐγένετο,ἀλλ’
930 3707 1014 3758 ἐπ’
1042 3703 1284 3774 ἐσχάτων
1306 3703 1416 3756 τῶν
1439 3701 1659 3772 ήμερῶν
1695 3699 1860 3769 γενή-

271 3817 454 3862 σεται,
476 3800 571 3852 καὶ
585 3797 650 3850 δι’
672 3798 884 3850 ἐκείνου
905 3797 1206 3867 μαθήσεται
1229 3796 1296 3849 τά
1327 3795 1456 3863 ἔθνη
1479 3795 1572 3846 τὸν
1600 3793 1705 3846 τῶν
1725 3793 1861 3845 ὅλων

269 3888 460 3943 σέϐειν
489 3888 642 3951 Θεὸν,
675 3885 898 3957 μείζονα
929 3887 1000 3940 τά
1019 3887 1161 3939 κατά
1187 3886 1279 3939 τὸν
1309 3884 1432 3954 Γὼγ
1458 3884 1553 3937 τοῦ
1585 3882 1858 3953 σωτηρίου

269 3977 538 4048 σταυροῦ,
565 3979 658 4029 καὶ
686 3977 780 4029 τοῦ
813 3975 1045 4028 θανάτου
1073 3975 1167 4028 τοῦ
1198 3975 1289 4027 τὸν
1315 3973 1542 4028 θάνατον
1576 3972 1858 4034 λύσαντος,

267 4071 376 4124 καὶ
404 4068 514 4122 τῶν
545 4068 705 4121 θείων
744 4066 1078 4131 ἀποστόλων,
1106 4067 1155 4118 οἳ
1189 4065 1268 4135 τῷ
1311 4064 1451 4132 φωτὶ
1479 4064 1576 4133 τῆς
1621 4063 1857 4130 θεογνω-

270 4162 402 4221 σίας
445 4158 545 4227 τὴν
585 4157 910 4226 οἰκουμένην
961 4154 1341 4225 κατηύτασαν.
1379 4153 1569 4206 Ταῦτα
1602 4153 1701 4222 μὲν
1749 4151 1860 4222 γὰρ

268 4251 499 4304 ἅπαντα
537 4248 638 4300 ούκ
691 4247 878 4317 ἴσχυσε
912 4245 1118 4309 διδάξαι
1155 4245 1224 4298 τὰ
1267 4243 1396 4313 ἔθνη
1440 4244 1530 4296 τὸν
1575 4243 1684 4294 τῶν
1724 4242 1862 4296 ὅλων

266 4340 454 4402 Θεδν,
507 4339 642 4408 μόνη
690 4337 748 4389 δὲ
799 4337 832 4405 ἡ
863 4335 955 4388 τοῦ
1009 4335 1134 4402 Γὼγ
1167 4335 1446 4401 ἀναίρεσις
1492 4333 1650 4403 δῆλον
1697 4333 1858 4385 αὐτὸν

1955 1891 2299 1960 cognituras.
2336 1889 2455 1955 Qua
2488 1889 2635 1944 enim
2670 1887 2925 1943 doctrina
2961 1903 3132 1952 nunc,
3178 1888 3368 1943 dicant
3404 1888 3532 1958 ipsi,

1954 1990 2146 2053 gentes
2175 1982 2424 2052 indigent
2464 1981 2530 2037 ad
2572 1981 2816 2036 divinam
2851 1981 3152 2049 potentiam
3196 1994 3533 2047 cognoscen-

1954 2075 2106 2139 dam,
2133 2091 2256 2146 quae
2279 2074 2506 2130 credere
2529 2073 2586 2128 in
2615 2088 2814 2127 nomen
2841 2071 3043 2138 Patris,
3073 2080 3126 2125 et
3153 2068 3274 2123 Filii
3300 2111 3313 2132 ,
3337 2077 3390 2124 et
3412 2068 3536 2139 Spi-

1955 2169 2097 2222 ritus
2131 2167 2306 2220 sancti
2334 2165 2544 2221 edoclre
2587 2172 2738 2229 sunt,
2796 2163 3077 2219 celebrare
3121 2169 3300 2216 autem
3344 2168 3398 2215 et
3434 2161 3534 2213 ad-

1955 2272 2114 2313 orare
2136 2257 2457 2312 didicerunt
2493 2257 2734 2312 divinam
2769 2265 3044 2315 naturam,
3089 2263 3143 2307 et
3169 2255 3237 2309 ab
3264 2253 3532 2307 idolorum

1955 2361 2144 2402 errore
2175 2346 2390 2400 liberati
2431 2347 2608 2402 sunt?
2642 2344 2814 2410 Quam
2860 2342 3072 2412 1019
3108 2357 3239 2396 vero
3277 2340 3537 2410 hujusce-

1956 2436 2104 2490 modi
2135 2437 2443 2491 doctrinam
2479 2436 2615 2505 Gogi
2646 2435 2899 2489 interitus
2933 2435 3126 2488 alierre
3161 2433 3356 2503 potuit,
3400 2445 3536 2500 qua-

1958 2529 2065 2584 lem
2097 2539 2415 2583 sanctorum
2451 2527 2826 2598 apostolorum
2877 2527 3121 2580 continet
3163 2523 3538 2594 prmeonium?

1959 2616 2076 2672 Hoc
2093 2618 2260 2681 enim,
2291 2632 2412 2686 qua:
2438 2617 2505 2671 ad
2528 2615 2852 2670 Trinitatem
2875 2615 3206 2668 etunitatem
3231 2613 3532 2682 pertinent,

1957 2721 2148 2762 omnes
2181 2708 2429 2762 homines
2463 2707 2638 2766 docet,
2685 2715 2738 2761 et
2787 2705 2844 2758 iu
2879 2721 2986 2758 una
3026 2714 3222 2758 natura
3263 2714 3374 2758 tres
3405 2717 3536 2774 pro-

1958 2797 2219 2866 prietates
2257 2797 2652 2866 contemplari;
2713 2795 2781 2850 ad
2814 2796 2929 2849 haec
2970 2805 3314 2850 mortuorum
3347 2809 3524 2850 resur-

1962 2887 2286 2951 rectionem,
2318 2888 2684 2957 etjudicium,
2708 2897 2761 2942 et
2794 2889 3078 2956 praemium
3113 2895 3224 2939 tum
3241 2887 3536 2950 bonorum,

1961 2981 2429 3042 tum-malorum,
2479 2980 2750 3034 cmlorum
2802 2993 3051 3048 regnum,
3101 2976 3430 3048 supplicium
3481 2977 3536 3030 in

1962 3071 2230 3141 ge'henna,
2261 3071 2484 3123 virtutis
2522 3068 2865 3137 disciplinas,
2905 3068 3273 3138 philosophiae
3305 3066 3533 3138 dogma.

1961 3169 2048 3225 ta,
2083 3170 2136 3216 et
2172 3162 2276 3214 alia
2317 3173 2664 3230 quaecunque
2713 3159 2958 3214 divinum
2997 3159 3245 3213 continet
3289 3157 3538 3227 Evange-

1962 3254 2117 3314 lium,
2149 3259 2204 3306 et
2245 3265 2399 3307 sacra
2437 3252 2809 3320 apostolorum
2843 3250 3137 3304 volumina.
3171 3249 3305 3319 Gogi
3353 3255 3534 3301 autem

1959 3344 2219 3400 interitus
2251 3352 2442 3414 gentes
2467 3343 2735 3396 duntaxat
2763 3341 3007 3404 edocuit,
3034 3339 3272 3394 maxima
3293 3340 3534 3408 potentia

1959 3437 2244 3506 praeditum
2285 3449 2406 3490 esse
2434 3433 2748 3489 Judzeorum
2805 3431 2996 3492 Deum,
3047 3440 3099 3486 et
3147 3446 3254 3485 non
3314 3437 3540 3500 propter

1959 3527 2079 3596 ejus
2109 3527 2567 3589 imbecillitatem,
2603 3524 2699 3580 sed
2727 3531 2949 3593 propter
2974 3521 3252 3596 propriam
3288 3521 3534 3590 ipsorum

1959 3618 2330 3688 iniquitatem,
2368 3617 2424 3671 in
2459 3617 2889 3688 Babyloniorum
2937 3629 3031 3669 eos
3087 3621 3415 3684 potestatem
3459 3628 3540 3666 το-

1961 3710 2170 3766 dactos.
2197 3707 2252 3764 Si
2286 3710 2454 3778 igitur
2486 3708 2726 3762 nomium
2759 3722 2821 3762 ea
2853 3721 2976 3776 quae
3023 3713 3275 3776 spectant
3318 3703 3387 3757 ad
3427 3700 3539 3756 Go-

1959 3814 2111 3871 gum,
2153 3799 2426 3866 accidere,
2455 3800 2548 3855 sed
2592 3797 2905 3854 novissimis
2939 3796 3133 3851 diebus
3184 3795 3459 3858 evenient,
3484 3801 3542 3848 et

1961 3909 2059 3963 per
2095 3893 2247 3946 illum
2278 3890 2708 3960 discentgentes
2749 3898 3032 3943 auctorem
3071 3888 3316 3940 omnium
3352 3902 3535 3940 rerum

1961 3981 2130 4035 Deum
2165 3980 2368 4044 colere,
2402 3979 2613 4046 majora
2655 3987 2784 4033 sunt
2812 3992 2876 4032 ea
2911 3989 3030 4045 quae
3058 3975 3122 4029 ad
3159 3974 3367 4045 Gogum
3408 3975 3539 4029 atti-

1961 4079 2094 4126 nent
2139 4069 2365 4124 salutari
2416 4083 2604 4131 cruce,
2657 4077 2711 4122 et
2755 4074 2930 4120 morte
2967 4067 3082 4127 illa,
3134 4082 3254 4134 qua:
3307 4073 3537 4120 mortem

1960 4161 2255 4222 destruxit,
2291 4169 2345 4213 et
2378 4157 2580 4213 divinis
2615 4159 2903 4228 apostolis,
2947 4158 3039 4226 qui
3076 4156 3412 4226 cognitionis
3443 4154 3538 4210 Dei

1961 4252 2169 4305 lumine
2225 4250 2414 4304 orbem
2466 4255 2737 4303 terrarqu
2798 4248 3168 4302 illustrarunt.
3234 4243 3359 4300 llam
3392 4247 3538 4301 enim

1963 4342 2149 4396 omnia
2181 4355 2288 4394 nou
2322 4346 2620 4409 potuerunt
2641 4348 2832 4408 gentes
2863 4347 3141 4392 auctorem
3177 4337 3419 4392 omnium
3450 4351 3531 4391 re-

267 4432 454 4484 ἅπασι
512 4429 882 4496 καταστήσει·
937 4424 1082 4478 οὓτω
1135 4423 1324 4493 σαφῶς
1371 4422 1756 4487 Ἰουδαΐξουσιν
1811 4426 1856 4476 oi

1967 4446 2087 4486 rum
2117 4430 2282 4484 Deum
2319 4429 2538 4494 docere,
2571 4429 2666 4483 sed
2700 4428 2853 4484 solus
2887 4426 3020 4498 Gogi
3049 4429 3303 4482 interitus
3327 4425 3538 4496 perspi-

264 4521 453 4574 ταῦτα
481 4518 924 4589 μυθολογοῦντες,
975 4516 1168 4586 Ἡμεῖς
1211 4515 1288 4579 δὲ,
1329 4517 1394 4583 τῇ
1437 4515 1558 4585 θείᾳ
1602 4514 1864 4584 πειθόμε-

265 4629 357 4664 νοι
401 4611 616 4681 Γραφῇ,
661 4609 760 4678 τὴν
796 4607 1204 4678 προειρημένην
1261 4605 1558 4676 ἑρμηνείαν
1608 4606 1865 4676 ἐποιησά-

1962 4536 2126 4576 cuum
2160 4521 2338 4590 ipsum
2372 4523 2386 4537 '
2445 4519 2706 4574 omnibus
2752 4518 2936 4574 faciet.
2983 4519 3062 4572 lta
3103 4525 3289 4587 aperte
3335 4515 3541 4570 Judzeis

1962 4609 2148 4665 favent
2180 4610 2276 4680 qui
2305 4609 2421 4663 haec
2447 4607 2788 4664 fabulantur.
2825 4608 2940 4664 Nos
2974 4615 3178 4671 autem,
3209 4605 3406 4660 divinae
3443 4605 3542 4660 ob-

271 4701 460 4772 μεθα,
514 4699 862 4763 διδάξαντες,
910 4699 989 4751 ὃτι
1029 4695 1285 4766 ἐλήλυθεν
1326 4689 1512 4758 οὗτος,
1555 4697 1650 4748 καὶ
1691 4695 1856 4766 πέρας

1961 4708 2254 4769 sequentes
2280 4697 2600 4768 Scriptum,
2627 4699 2916 4753 attulimus
2942 4698 3106 4751 modo
3135 4696 3336 4750 dictam
3369 4695 3541 4749 inter-

267 4793 343 4845 τὰ
375 4793 499 4844 κατ’
527 4790 692 4842 αὑτὸν
723 4789 936 4858 εἴληφε.
975 4789 1084 4840 Καὶ
1120 4789 1241 4840 τότε
1275 4787 1372 4856 μὲν
1400 4785 1571 4857 ἔμαθε
1599 4787 1668 4838 τὰ
1705 4786 1860 4858 ἔθνη,

269 4885 353 4946 ὡς
376 4883 440 4934 οὐ
469 4881 559 4934 διὰ
599 4880 700 4950 τὴν
735 4879 886 4934 θείαν
915 4878 1201 4932 ἀσθένειαν
1235 4877 1332 4947 τὴν
1370 4878 1743 4948 αἰχμαλωσίαν
1769 4879 1864 4931 ὑπ-

271 4974 476 5044 έμενον
493 4971 544 5024 οί
560 4969 826 5033 Ἰουδαῖοι,
851 4969 986 5023 ἀλλά
1003 4968 1090 5021 διὰ
1105 4968 1204 5036 τήν
1236 4965 1386 5034 σφῶν
1416 4966 1596 5020 αὐτῶν
1623 4983 1861 5038 παρανο-

275 5065 415 5136 μίαν
437 5079 452 5094 ·
488 5063 584 5116 ἐπὶ
624 5062 681 5115 δὲ
705 5063 800 5115 τοῦ
829 5061 1120 5131 παρόντος,
1153 5058 1243 5112 διά
1277 5058 1372 5111 τοῦ
1404 5059 1734 5112 Δεσποτικοῦ
1765 5060 1860 5112 θα-

273 5158 449 5212 νάτου
495 5154 590 5208 καὶ
645 5155 744 5225 τῆς
795 5153 1144 5212 ἀναστάσεως
1215 5149 1315 5213 τάς
1365 5149 1468 5220 τῆς
1533 5149 1864 5218 θεογνωσίας

370 5340 397 5370 ε
445 5327 554 5384 Isa.
595 5341 650 5392 ι,
686 5325 742 5380 2.
820 5323 847 5363 ἀ
920 5320 1066 5379 Psal.
1097 5336 1264 5388 Lux,
1300 5319 1392 5374 15.

1960 4790 2344 4859 pretationem,
2381 4804 2490 4858 qua
2518 4789 2809 4844 docuimus
2854 4794 2908 4843 et
2933 4787 3098 4841 istum
3128 4785 3368 4849 venisse,
3397 4791 3453 4838 et
3477 4797 3542 4838 ea

1961 4895 2083 4951 quae
2110 4879 2175 4933 ad
2203 4880 2385 4948 ipsum
2404 4879 2776 4948 pertinebant,
2790 4879 2856 4933 ad
2875 4879 3078 4932 exitum
3113 4874 3376 4944 perducta
3394 4889 3538 4930 esse.

1967 4970 2034 5024 Et
2064 4979 2196 5024 tunc
2231 4971 2451 5039 quidem
2481 4977 2672 5041 gentes
2703 4969 2964 5033 didicere,
2999 4981 3111 5021 non
3147 4974 3369 5036 propter
3402 4965 3542 5020 divi-

1972 5075 2096 5114 nam
2138 5060 2519 5130 impotentiam
2553 5061 2873 5115 servitutem
2923 5057 3258 5113 sustinuisse
3296 5053 3540 5121 Judmos,

1979 5149 2077 5205 sed
2107 5158 2326 5219 propter
2355 5166 2453 5205 sua
2491 5151 2656 5221 impia
2687 5151 2930 5204 facinora
2965 5167 2977 5201 :
3018 5149 3072 5200 in
3105 5147 3361 5215 praesenti
3393 5161 3543 5211 vero,

1563 5472 1798 5530 νΑΒιιΕ
1837 5472 2241 5530 LECTIONES.

359 5637 382 5667 ν
420 5634 529 5704 δρα
549 5631 609 5704 In
637 5631 680 5682 Β
709 5630 930 5704 ponitur
958 5625 1265 5704 postﬂehp.

286 5704 435 5762 Intra
457 5693 538 5758 'ad
573 5693 752 5772 Aggtéi
781 5715 902 5771 cap.
937 5693 976 5754 ti
1003 5715 1034 5753 a
1063 5693 1262 5752 Nostro
1289 5693 1434 5749 dicta
1463 5697 1613 5746 sunt.

1383 5622 1428 5653 ιο
1464 5617 1576 5687 ἐγὼ
1602 5619 1680 5685 δὲ,
1713 5637 1765 5674 κ.
1797 5637 1845 5672 τ.
1879 5624 1926 5670 λ.
1967 5615 2093 5671 Haec
2124 5617 2191 5670 ad
2223 5615 2620 5686 Apollinarium
2649 5629 2710 5670 se
2740 5613 2982 5679 referre,
3016 5617 3163 5683 patet
3191 5623 3259 5664 ex
3288 5603 3396 5663 illis
3425 5615 3547 5674 qua:
