  <div class='ocr_page' id='page_1' title='image "/cluster/home/n/w/nwhite01/storage/ocr_20150623/81:no.2/coo.31924054869825/617.png"; bbox 0 0 4070 6462; ppageno 0'>
   <div class='ocr_carea' id='block_1_1' title="bbox 466 360 3716 453">
    <p class='ocr_par' dir='ltr' id='par_1_1' title="bbox 466 360 3716 453">
     <span class='ocr_line' id='line_1_1' title="bbox 466 360 3716 453; baseline -0.009 0"><span class='ocrx_word' id='word_1_1' title='bbox 466 388 599 453; x_wconf 75' lang='lat'><strong>1219</strong></span> <span class='ocrx_word' id='word_1_2' title='bbox 1447 375 1936 440; x_wconf 84' lang='lat' dir='ltr'><strong>THEODORETI</strong></span> <span class='ocrx_word' id='word_1_3' title='bbox 1977 372 2317 434; x_wconf 74' lang='lat' dir='ltr'><strong>EPISCOPI</strong></span> <span class='ocrx_word' id='word_1_4' title='bbox 2357 372 2721 433; x_wconf 86' lang='lat' dir='ltr'><strong>CYRENSIS</strong></span> <span class='ocrx_word' id='word_1_5' title='bbox 3577 360 3716 424; x_wconf 75' lang='grc'><strong>1220</strong></span> 
     </span>
    </p>
   </div>
   <div class='ocr_carea' id='block_1_2' title="bbox 465 478 2082 583">
    <p class='ocr_par' dir='ltr' id='par_1_2' title="bbox 465 493 2082 583">
     <span class='ocr_line' id='line_1_2' title="bbox 465 493 2082 583; baseline -0.013 -17"><span class='ocrx_word' id='word_1_6' title='bbox 465 528 562 583; x_wconf 86' lang='lat' dir='ltr'><strong>per</strong></span> <span class='ocrx_word' id='word_1_7' title='bbox 590 509 932 566; x_wconf 83' lang='lat' dir='ltr'><strong>Dominicam</strong></span> <span class='ocrx_word' id='word_1_8' title='bbox 965 512 1193 560; x_wconf 91' lang='lat' dir='ltr'><strong>mortem</strong></span> <span class='ocrx_word' id='word_1_9' title='bbox 1236 509 1290 555; x_wconf 87' lang='lat' dir='ltr'><strong>et</strong></span> <span class='ocrx_word' id='word_1_10' title='bbox 1323 498 1816 558; x_wconf 76' lang='lat' dir='ltr'><strong>resurrectionem,</strong></span> <span class='ocrx_word' id='word_1_11' title='bbox 1858 493 2082 562; x_wconf 71' lang='lat' dir='ltr'><strong>cogni-.</strong></span> 
     </span>
    </p>
   </div>
   <div class='ocr_carea' id='block_1_3' title="bbox 2184 478 3719 583">
    <p class='ocr_par' dir='ltr' id='par_1_3' title="bbox 2187 478 3719 558">
     <span class='ocr_line' id='line_1_3' title="bbox 2187 478 3719 558; baseline -0.009 -12"><span class='ocrx_word' id='word_1_12' title='bbox 2187 493 2374 554; x_wconf 86' lang='grc' dir='ltr'>κτῖνας</span> <span class='ocrx_word' id='word_1_13' title='bbox 2407 491 2626 558; x_wconf 76' lang='grc' dir='ltr'><strong>ἐδέξατο</strong></span> <span class='ocrx_word' id='word_1_14' title='bbox 2654 491 2724 544; x_wconf 78' lang='grc' dir='ltr'><strong>τὰ</strong></span> <span class='ocrx_word' id='word_1_15' title='bbox 2753 488 2901 557; x_wconf 79' lang='grc' dir='ltr'>ἔθνη,</span> <span class='ocrx_word' id='word_1_16' title='bbox 2935 486 3029 538; x_wconf 71' lang='grc' dir='ltr'><strong>καὶ</strong></span> <span class='ocrx_word' id='word_1_17' title='bbox 3055 486 3152 554; x_wconf 76' lang='grc' dir='ltr'>τῆς</span> <span class='ocrx_word' id='word_1_18' title='bbox 3179 481 3438 553; x_wconf 75' lang='grc' dir='ltr'>πατρῴας</span> <span class='ocrx_word' id='word_1_19' title='bbox 3465 478 3719 543; x_wconf 76' lang='grc' dir='ltr'>ἀσεϐείας</span> 
     </span>
    </p>
   </div>
   <div class='ocr_carea' id='block_1_4' title="bbox 467 569 2082 663">
    <p class='ocr_par' dir='ltr' id='par_1_4' title="bbox 467 569 2039 663">
     <span class='ocr_line' id='line_1_4' title="bbox 467 569 2039 663; baseline -0.014 -7"><span class='ocrx_word' id='word_1_20' title='bbox 467 569 638 657; x_wconf 74' lang='lat' dir='ltr'><strong>tionis</strong></span> <span class='ocrx_word' id='word_1_21' title='bbox 668 600 762 655; x_wconf 89' lang='lat' dir='ltr'><strong>Dei</strong></span> <span class='ocrx_word' id='word_1_22' title='bbox 796 599 978 653; x_wconf 87' lang='lat' dir='ltr'><strong>radios</strong></span> <span class='ocrx_word' id='word_1_23' title='bbox 1018 601 1207 663; x_wconf 77' lang='lat' dir='ltr'><strong>gentes</strong></span> <span class='ocrx_word' id='word_1_24' title='bbox 1239 590 1452 661; x_wconf 72' lang='lat'><strong>1020</strong></span> <span class='ocrx_word' id='word_1_25' title='bbox 1484 601 1772 657; x_wconf 81' lang='lat' dir='ltr'><strong>excepere,</strong></span> <span class='ocrx_word' id='word_1_26' title='bbox 1798 592 1853 638; x_wconf 93' lang='lat' dir='ltr'><strong>et</strong></span> <span class='ocrx_word' id='word_1_27' title='bbox 1881 598 1910 636; x_wconf 89' lang='lat' dir='ltr'><strong>a</strong></span> <span class='ocrx_word' id='word_1_28' title='bbox 1942 596 2039 653; x_wconf 89' lang='lat' dir='ltr'><strong>pa-</strong></span> 
     </span>
    </p>
   </div>
   <div class='ocr_carea' id='block_1_5' title="bbox 2184 569 3718 663">
    <p class='ocr_par' dir='ltr' id='par_1_5' title="bbox 2185 569 3718 663">
     <span class='ocr_line' id='line_1_5' title="bbox 2185 569 3718 663; baseline -0.004 -25"><span class='ocrx_word' id='word_1_29' title='bbox 2185 584 2550 651; x_wconf 86' lang='grc' dir='ltr'>παλλαγέντα,</span> <span class='ocrx_word' id='word_1_30' title='bbox 2573 581 2894 652; x_wconf 83' lang='grc' dir='ltr'>προσκυνεῖν</span> <span class='ocrx_word' id='word_1_31' title='bbox 2930 575 3328 646; x_wconf 78' lang='grc' dir='ltr'><strong>μεμαθήκαμεν</strong></span> <span class='ocrx_word' id='word_1_32' title='bbox 3353 571 3445 626; x_wconf 83' lang='grc' dir='ltr'><strong>τὸν</strong></span> <span class='ocrx_word' id='word_1_33' title='bbox 3479 569 3718 663; x_wconf 49' lang='grc' dir='ltr'>Πατέρξις</span> 
     </span>
    </p>
   </div>
   <div class='ocr_carea' id='block_1_6' title="bbox 470 659 2082 758">
    <p class='ocr_par' dir='ltr' id='par_1_6' title="bbox 470 659 2038 758">
     <span class='ocr_line' id='line_1_6' title="bbox 470 659 2038 758; baseline -0.012 -14"><span class='ocrx_word' id='word_1_34' title='bbox 470 693 574 744; x_wconf 86' lang='lat' dir='ltr'><strong>tria</strong></span> <span class='ocrx_word' id='word_1_35' title='bbox 621 691 898 758; x_wconf 89' lang='lat' dir='ltr'><strong>impietate</strong></span> <span class='ocrx_word' id='word_1_36' title='bbox 933 659 1138 748; x_wconf 64' lang='lat' dir='ltr'><strong>libora,</strong></span> <span class='ocrx_word' id='word_1_37' title='bbox 1188 659 1420 736; x_wconf 79' lang='lat' dir='ltr'><strong>adorare</strong></span> <span class='ocrx_word' id='word_1_38' title='bbox 1463 677 1761 732; x_wconf 83' lang='lat' dir='ltr'><strong>didicimus</strong></span> <span class='ocrx_word' id='word_1_39' title='bbox 1797 673 2038 736; x_wconf 82' lang='lat' dir='ltr'><strong>Patrem,</strong></span> 
     </span>
    </p>
   </div>
   <div class='ocr_carea' id='block_1_7' title="bbox 2184 659 3724 758">
    <p class='ocr_par' dir='ltr' id='par_1_7' title="bbox 2185 659 3724 741">
     <span class='ocr_line' id='line_1_7' title="bbox 2185 659 3724 741; baseline -0.01 -11"><span class='ocrx_word' id='word_1_40' title='bbox 2185 679 2240 730; x_wconf 80' lang='grc' dir='ltr'><strong>αὶ</strong></span> <span class='ocrx_word' id='word_1_41' title='bbox 2259 678 2348 730; x_wconf 77' lang='grc' dir='ltr'><strong>τὸν</strong></span> <span class='ocrx_word' id='word_1_42' title='bbox 2366 677 2512 741; x_wconf 85' lang='grc' dir='ltr'>Υἱὸν,</span> <span class='ocrx_word' id='word_1_43' title='bbox 2533 675 2701 731; x_wconf 75' lang='grc' dir='ltr'>καὶτὸ</span> <span class='ocrx_word' id='word_1_44' title='bbox 2733 674 2887 741; x_wconf 76' lang='grc' dir='ltr'>ἅγιον</span> <span class='ocrx_word' id='word_1_45' title='bbox 2912 668 3134 736; x_wconf 82' lang='grc' dir='ltr'><strong>Πνεῦμα</strong></span> <span class='ocrx_word' id='word_1_46' title='bbox 3151 683 3163 696; x_wconf 86' lang='grc'><strong>·</strong></span> <span class='ocrx_word' id='word_1_47' title='bbox 3195 664 3344 736; x_wconf 77' lang='grc' dir='ltr'>αὐτῷ</span> <span class='ocrx_word' id='word_1_48' title='bbox 3369 663 3568 735; x_wconf 84' lang='grc' dir='ltr'><strong>πρέπει</strong></span> <span class='ocrx_word' id='word_1_49' title='bbox 3595 659 3724 725; x_wconf 76' lang='grc' dir='ltr'>δόξει</span> 
     </span>
    </p>
   </div>
   <div class='ocr_carea' id='block_1_8' title="bbox 469 759 2082 846">
    <p class='ocr_par' dir='ltr' id='par_1_8' title="bbox 469 764 2039 846">
     <span class='ocr_line' id='line_1_8' title="bbox 469 764 2039 846; baseline -0.01 -13"><span class='ocrx_word' id='word_1_50' title='bbox 469 789 523 833; x_wconf 89' lang='lat' dir='ltr'><strong>et</strong></span> <span class='ocrx_word' id='word_1_51' title='bbox 557 780 778 843; x_wconf 85' lang='lat' dir='ltr'><strong>Filium,</strong></span> <span class='ocrx_word' id='word_1_52' title='bbox 809 788 863 833; x_wconf 90' lang='lat' dir='ltr'><strong>et</strong></span> <span class='ocrx_word' id='word_1_53' title='bbox 896 777 1157 846; x_wconf 88' lang='lat' dir='ltr'><strong>Spiritum</strong></span> <span class='ocrx_word' id='word_1_54' title='bbox 1203 779 1478 827; x_wconf 84' lang='lat' dir='ltr'><strong>sanctum.</strong></span> <span class='ocrx_word' id='word_1_55' title='bbox 1513 769 1700 838; x_wconf 84' lang='lat' dir='ltr'><strong>ipsum</strong></span> <span class='ocrx_word' id='word_1_56' title='bbox 1731 766 1892 822; x_wconf 84' lang='lat' dir='ltr'><strong>decet</strong></span> <span class='ocrx_word' id='word_1_57' title='bbox 1923 764 2039 834; x_wconf 76' lang='lat' dir='ltr'><strong>glo-</strong></span> 
     </span>
    </p>
   </div>
   <div class='ocr_carea' id='block_1_9' title="bbox 2184 759 3306 846">
    <p class='ocr_par' dir='ltr' id='par_1_9' title="bbox 2184 759 3306 836">
     <span class='ocr_line' id='line_1_9' title="bbox 2184 759 3306 836; baseline -0.012 -11"><span class='ocrx_word' id='word_1_58' title='bbox 2184 775 2228 836; x_wconf 88' lang='grc' dir='ltr'><strong>ἰς</strong></span> <span class='ocrx_word' id='word_1_59' title='bbox 2253 771 2380 833; x_wconf 76' lang='grc' dir='ltr'>τοὺς</span> <span class='ocrx_word' id='word_1_60' title='bbox 2406 770 2606 833; x_wconf 89' lang='grc' dir='ltr'>αἰῶνας</span> <span class='ocrx_word' id='word_1_61' title='bbox 2643 768 2750 821; x_wconf 89' lang='grc' dir='ltr'><strong>τῶν</strong></span> <span class='ocrx_word' id='word_1_62' title='bbox 2777 765 2988 820; x_wconf 89' lang='grc' dir='ltr'>αἰώνων</span> <span class='ocrx_word' id='word_1_63' title='bbox 3013 763 3077 816; x_wconf 84' lang='grc'><strong>¹¹.</strong></span> <span class='ocrx_word' id='word_1_64' title='bbox 3115 761 3171 814; x_wconf 84' lang='grc' dir='ltr'>Ἀ</span> <span class='ocrx_word' id='word_1_65' title='bbox 3183 759 3306 830; x_wconf 86' lang='grc' dir='ltr'>μήν.</span> 
     </span>
    </p>
   </div>
   <div class='ocr_carea' id='block_1_10' title="bbox 473 863 1479 924">
    <p class='ocr_par' dir='ltr' id='par_1_10' title="bbox 473 863 1479 924">
     <span class='ocr_line' id='line_1_10' title="bbox 473 863 1479 924; baseline -0.011 -1"><span class='ocrx_word' id='word_1_66' title='bbox 473 872 551 923; x_wconf 85' lang='lat' dir='ltr'><strong>ria</strong></span> <span class='ocrx_word' id='word_1_67' title='bbox 583 870 638 924; x_wconf 89' lang='lat' dir='ltr'><strong>in</strong></span> <span class='ocrx_word' id='word_1_68' title='bbox 673 870 872 924; x_wconf 65' lang='lat' dir='ltr'><strong>saecula</strong></span> <span class='ocrx_word' id='word_1_69' title='bbox 901 868 1250 923; x_wconf 65' lang='lat' dir='ltr'><strong>saeculorum.</strong></span> <span class='ocrx_word' id='word_1_70' title='bbox 1282 863 1479 916; x_wconf 80' lang='lat' dir='ltr'><strong>Amen.</strong></span> 
     </span>
    </p>
   </div>
   <div class='ocr_carea' id='block_1_11' title="bbox 1207 1039 3698 1100">
    <p class='ocr_par' dir='ltr' id='par_1_11' title="bbox 1207 1039 3698 1100">
     <span class='ocr_line' id='line_1_11' title="bbox 1207 1039 3698 1100; baseline -0.002 -33"><span class='ocrx_word' id='word_1_71' title='bbox 1207 1039 3698 1100; x_wconf 82' lang='lat'><strong>_____________________________..</strong></span> 
     </span>
    </p>
   </div>
   <div class='ocr_carea' id='block_1_12' title="bbox 1779 1217 2412 1316">
    <p class='ocr_par' dir='ltr' id='par_1_12' title="bbox 1779 1217 2412 1316">
     <span class='ocr_line' id='line_1_12' title="bbox 1779 1217 2412 1316; baseline -0.003 -2"><span class='ocrx_word' id='word_1_72' title='bbox 1779 1223 2169 1314; x_wconf 90' lang='grc' dir='ltr'><strong>ΤΟΜΟΣ</strong></span> <span class='ocrx_word' id='word_1_73' title='bbox 2223 1217 2360 1316; x_wconf 66' lang='lat' dir='ltr'><strong>Iq</strong></span> <span class='ocrx_word' id='word_1_74' title='bbox 2357 1229 2412 1312; x_wconf 86' lang='grc'>⁷.</span> 
     </span>
    </p>
   </div>
   <div class='ocr_carea' id='block_1_13' title="bbox 1365 1577 2863 1674">
    <p class='ocr_par' dir='ltr' id='par_1_13' title="bbox 1365 1577 2863 1674">
     <span class='ocr_line' id='line_1_13' title="bbox 1365 1577 2863 1674; baseline 0.003 -4"><span class='ocrx_word' id='word_1_75' title='bbox 1365 1583 1727 1672; x_wconf 79' lang='lat' dir='ltr'><strong>LIBER</strong></span> <span class='ocrx_word' id='word_1_76' title='bbox 1779 1579 2304 1670; x_wconf 81' lang='lat' dir='ltr'><strong>DECIMUS</strong></span> <span class='ocrx_word' id='word_1_77' title='bbox 2372 1577 2863 1674; x_wconf 65' lang='lat' dir='ltr'><strong>SEXTUS.</strong></span> 
     </span>
    </p>
   </div>
   <div class='ocr_carea' id='block_1_14' title="bbox 2057 1790 2126 1798">
    <p class='ocr_par' dir='ltr' id='par_1_14' title="bbox 2057 1790 2126 1798">
     <span class='ocr_line' id='line_1_14' title="bbox 2057 1790 2126 1798; baseline 0.014 -1"><span class='ocrx_word' id='word_1_78' title='bbox 2057 1790 2126 1798; x_wconf 55' lang='lat'><strong>-</strong></span> 
     </span>
    </p>
   </div>
   <div class='ocr_carea' id='block_1_15' title="bbox 863 1911 2082 1993">
    <p class='ocr_par' dir='ltr' id='par_1_15' title="bbox 863 1919 1677 1993">
     <span class='ocr_line' id='line_1_15' title="bbox 863 1919 1677 1993; baseline -0.006 -15"><span class='ocrx_word' id='word_1_79' title='bbox 863 1921 1094 1978; x_wconf 82' lang='lat' dir='ltr'><strong>CAPUT</strong></span> <span class='ocrx_word' id='word_1_80' title='bbox 1132 1921 1244 1976; x_wconf 80' lang='lat' dir='ltr'><strong>XL.</strong></span> <span class='ocrx_word' id='word_1_81' title='bbox 1288 1919 1450 1993; x_wconf 67' lang='grc' dir='ltr'>μω,</span> <span class='ocrx_word' id='word_1_82' title='bbox 1491 1919 1677 1990; x_wconf 66' lang='lat' dir='ltr'><strong>xum</strong></span> 
     </span>
    </p>
   </div>
   <div class='ocr_carea' id='block_1_16' title="bbox 2184 1911 3137 1993">
    <p class='ocr_par' dir='ltr' id='par_1_16' title="bbox 2755 1911 3137 1968">
     <span class='ocr_line' id='line_1_16' title="bbox 2755 1911 3137 1968; baseline -0.013 1"><span class='ocrx_word' id='word_1_83' title='bbox 2755 1913 3010 1968; x_wconf 75' lang='grc' dir='ltr'><strong>ΚΕΦΑΛ.</strong></span> <span class='ocrx_word' id='word_1_84' title='bbox 3049 1911 3137 1964; x_wconf 86' lang='lat' dir='ltr'><strong>M&#39;.</strong></span> 
     </span>
    </p>
   </div>
   <div class='ocr_carea' id='block_1_17' title="bbox 555 1991 2082 2088">
    <p class='ocr_par' dir='ltr' id='par_1_17' title="bbox 555 1991 2065 2088">
     <span class='ocr_line' id='line_1_17' title="bbox 555 1991 2065 2088; baseline -0.004 -17"><span class='ocrx_word' id='word_1_85' title='bbox 555 2015 695 2088; x_wconf 75' lang='lat' dir='ltr'><strong>|Xl.]</strong></span> <span class='ocrx_word' id='word_1_86' title='bbox 727 2015 896 2070; x_wconf 73' lang='lat' dir='ltr'><strong>Vens.</strong></span> <span class='ocrx_word' id='word_1_87' title='bbox 945 2016 994 2072; x_wconf 84' lang='lat' dir='ltr'><strong>l.</strong></span> <span class='ocrx_word' id='word_1_88' title='bbox 1033 2011 1100 2069; x_wconf 85' lang='lat' dir='ltr'><strong>Et</strong></span> <span class='ocrx_word' id='word_1_89' title='bbox 1137 1991 1340 2082; x_wconf 72' lang='lat' dir='ltr'><strong>factum</strong></span> <span class='ocrx_word' id='word_1_90' title='bbox 1387 2020 1467 2066; x_wconf 86' lang='lat' dir='ltr'><strong>est</strong></span> <span class='ocrx_word' id='word_1_91' title='bbox 1520 2011 1767 2065; x_wconf 81' lang='lat' dir='ltr'><strong>vicesimo</strong></span> <span class='ocrx_word' id='word_1_92' title='bbox 1805 2021 1852 2066; x_wconf 87' lang='lat' dir='ltr'><strong>et</strong></span> <span class='ocrx_word' id='word_1_93' title='bbox 1882 2012 2065 2081; x_wconf 80' lang='lat' dir='ltr'><strong>quinto</strong></span> 
     </span>
    </p>
   </div>
   <div class='ocr_carea' id='block_1_18' title="bbox 2184 1991 3741 2088">
    <p class='ocr_par' dir='ltr' id='par_1_18' title="bbox 2240 1991 3741 2088">
     <span class='ocr_line' id='line_1_18' title="bbox 2240 1991 3741 2088; baseline -0.003 -26"><span class='ocrx_word' id='word_1_94' title='bbox 2240 2015 2310 2062; x_wconf 79' lang='grc' dir='ltr'>α’.</span> <span class='ocrx_word' id='word_1_95' title='bbox 2343 2007 2452 2062; x_wconf 80' lang='grc' dir='ltr'><strong>Καὶ</strong></span> <span class='ocrx_word' id='word_1_96' title='bbox 2484 2005 2720 2075; x_wconf 73' lang='grc' dir='ltr'>ἐγένετο</span> <span class='ocrx_word' id='word_1_97' title='bbox 2768 2004 2838 2058; x_wconf 83' lang='grc' dir='ltr'>ἐν</span> <span class='ocrx_word' id='word_1_98' title='bbox 2868 2003 2947 2068; x_wconf 82' lang='grc' dir='ltr'>τῷ</span> <span class='ocrx_word' id='word_1_99' title='bbox 2983 1999 3234 2064; x_wconf 83' lang='grc' dir='ltr'>εἰκοστῷ</span> <span class='ocrx_word' id='word_1_100' title='bbox 3277 1996 3374 2051; x_wconf 77' lang='grc' dir='ltr'><strong>καί</strong></span> <span class='ocrx_word' id='word_1_101' title='bbox 3395 1995 3672 2088; x_wconf 25' lang='grc' dir='ltr'><strong>*πέμ-τξτφ</strong></span> 
     </span>
    </p>
   </div>
   <div class='ocr_carea' id='block_1_19' title="bbox 485 2082 2082 2178">
    <p class='ocr_par' dir='ltr' id='par_1_19' title="bbox 485 2103 2069 2178">
     <span class='ocr_line' id='line_1_19' title="bbox 485 2103 2069 2178; baseline -0.006 -16"><span class='ocrx_word' id='word_1_102' title='bbox 485 2107 805 2178; x_wconf 79' lang='lat' dir='ltr'><strong>captivitatis</strong></span> <span class='ocrx_word' id='word_1_103' title='bbox 837 2113 1030 2159; x_wconf 75' lang='lat' dir='ltr'><strong>nostra:</strong></span> <span class='ocrx_word' id='word_1_104' title='bbox 1051 2121 1214 2165; x_wconf 84' lang='lat' dir='ltr'><strong>anno,</strong></span> <span class='ocrx_word' id='word_1_105' title='bbox 1242 2119 1416 2157; x_wconf 85' lang='lat' dir='ltr'><strong>mense</strong></span> <span class='ocrx_word' id='word_1_106' title='bbox 1445 2103 1642 2171; x_wconf 81' lang='lat' dir='ltr'><strong>primo,</strong></span> <span class='ocrx_word' id='word_1_107' title='bbox 1677 2103 1879 2156; x_wconf 85' lang='lat' dir='ltr'><strong>decimo</strong></span> <span class='ocrx_word' id='word_1_108' title='bbox 1923 2119 2069 2156; x_wconf 86' lang='lat' dir='ltr'><strong>men-</strong></span> 
     </span>
    </p>
   </div>
   <div class='ocr_carea' id='block_1_20' title="bbox 2184 2082 3746 2178">
    <p class='ocr_par' dir='ltr' id='par_1_20' title="bbox 2184 2082 3746 2178">
     <span class='ocr_line' id='line_1_20' title="bbox 2184 2082 3746 2178; baseline 0.002 -26"><span class='ocrx_word' id='word_1_109' title='bbox 2184 2100 2287 2152; x_wconf 74' lang='grc' dir='ltr'>ξτει</span> <span class='ocrx_word' id='word_1_110' title='bbox 2337 2097 2445 2164; x_wconf 81' lang='grc' dir='ltr'>τῆς</span> <span class='ocrx_word' id='word_1_111' title='bbox 2495 2095 2909 2165; x_wconf 70' lang='grc' dir='ltr'><strong>αἰχμαλωσίας</strong></span> <span class='ocrx_word' id='word_1_112' title='bbox 2954 2091 3123 2162; x_wconf 71' lang='grc' dir='ltr'>ἡμῶν</span> <span class='ocrx_word' id='word_1_113' title='bbox 3145 2129 3162 2156; x_wconf 86' lang='grc'><em>,</em></span> <span class='ocrx_word' id='word_1_114' title='bbox 3220 2090 3290 2142; x_wconf 81' lang='grc' dir='ltr'>ἐν</span> <span class='ocrx_word' id='word_1_115' title='bbox 3345 2086 3442 2152; x_wconf 74' lang='grc' dir='ltr'><strong>τῷἷ</strong></span> <span class='ocrx_word' id='word_1_116' title='bbox 3470 2083 3677 2178; x_wconf 44' lang='lat' dir='ltr'><strong>“Pd”?!</strong></span> <span class='ocrx_word' id='word_1_117' title='bbox 3698 2082 3746 2114; x_wconf 66' lang='grc'><strong>⁸³</strong></span> 
     </span>
    </p>
   </div>
   <div class='ocr_carea' id='block_1_21' title="bbox 486 2174 2082 2268">
    <p class='ocr_par' dir='ltr' id='par_1_21' title="bbox 486 2174 2069 2268">
     <span class='ocr_line' id='line_1_21' title="bbox 486 2174 2069 2268; baseline -0.003 -17"><span class='ocrx_word' id='word_1_118' title='bbox 486 2174 562 2252; x_wconf 81' lang='lat' dir='ltr'><strong>sis</strong></span> <span class='ocrx_word' id='word_1_119' title='bbox 596 2197 748 2268; x_wconf 68' lang='lat' dir='ltr'><strong>(die),</strong></span> <span class='ocrx_word' id='word_1_120' title='bbox 792 2213 929 2250; x_wconf 85' lang='lat' dir='ltr'><strong>anno</strong></span> <span class='ocrx_word' id='word_1_121' title='bbox 973 2205 1161 2266; x_wconf 82' lang='lat' dir='ltr'><strong>quarto</strong></span> <span class='ocrx_word' id='word_1_122' title='bbox 1210 2195 1414 2248; x_wconf 83' lang='lat' dir='ltr'><strong>decimo</strong></span> <span class='ocrx_word' id='word_1_123' title='bbox 1466 2203 1746 2264; x_wconf 75' lang='lat' dir='ltr'><strong>postquam</strong></span> <span class='ocrx_word' id='word_1_124' title='bbox 1792 2203 1948 2262; x_wconf 80' lang='lat' dir='ltr'><strong>capta</strong></span> <span class='ocrx_word' id='word_1_125' title='bbox 1992 2203 2069 2246; x_wconf 82' lang='lat' dir='ltr'><strong>est</strong></span> 
     </span>
    </p>
   </div>
   <div class='ocr_carea' id='block_1_22' title="bbox 2184 2174 3746 2268">
    <p class='ocr_par' dir='ltr' id='par_1_22' title="bbox 2184 2174 3746 2268">
     <span class='ocr_line' id='line_1_22' title="bbox 2184 2174 3746 2268; baseline -0.01 -26"><span class='ocrx_word' id='word_1_126' title='bbox 2184 2190 2332 2257; x_wconf 79' lang='grc' dir='ltr'>ιιηνί,</span> <span class='ocrx_word' id='word_1_127' title='bbox 2377 2187 2599 2255; x_wconf 78' lang='grc' dir='ltr'>δεκάτῃ</span> <span class='ocrx_word' id='word_1_128' title='bbox 2633 2185 2740 2239; x_wconf 80' lang='grc' dir='ltr'><strong>τοῦ</strong></span> <span class='ocrx_word' id='word_1_129' title='bbox 2767 2184 2987 2254; x_wconf 80' lang='grc' dir='ltr'>μηνὸς,</span> <span class='ocrx_word' id='word_1_130' title='bbox 3017 2183 3086 2236; x_wconf 79' lang='grc' dir='ltr'>ἐν</span> <span class='ocrx_word' id='word_1_131' title='bbox 3129 2180 3211 2246; x_wconf 81' lang='grc' dir='ltr'>τῷ</span> <span class='ocrx_word' id='word_1_132' title='bbox 3241 2174 3746 2268; x_wconf 60' lang='grc' dir='ltr'>τεσσαρεσκαιδε-</span> 
     </span>
    </p>
   </div>
   <div class='ocr_carea' id='block_1_23' title="bbox 487 2263 2082 2358">
    <p class='ocr_par' dir='ltr' id='par_1_23' title="bbox 487 2263 2072 2358">
     <span class='ocr_line' id='line_1_23' title="bbox 487 2263 2072 2358; baseline -0.003 -14"><span class='ocrx_word' id='word_1_133' title='bbox 487 2263 634 2346; x_wconf 73' lang='lat' dir='ltr'><strong>urbs.</strong></span> <span class='ocrx_word' id='word_1_134' title='bbox 660 2263 798 2343; x_wconf 85' lang='lat' dir='ltr'><strong>Hinc</strong></span> <span class='ocrx_word' id='word_1_135' title='bbox 825 2263 992 2344; x_wconf 78' lang='lat' dir='ltr'><strong>etiam</strong></span> <span class='ocrx_word' id='word_1_136' title='bbox 1020 2289 1370 2358; x_wconf 92' lang='lat' dir='ltr'><strong>perspicuum</strong></span> <span class='ocrx_word' id='word_1_137' title='bbox 1401 2297 1506 2349; x_wconf 82' lang='lat' dir='ltr'><strong>est,</strong></span> <span class='ocrx_word' id='word_1_138' title='bbox 1531 2263 1848 2357; x_wconf 74' lang='lat' dir='ltr'><strong>prophetam</strong></span> <span class='ocrx_word' id='word_1_139' title='bbox 1873 2285 2072 2340; x_wconf 83' lang='lat' dir='ltr'><strong>Jecho-</strong></span> 
     </span>
    </p>
   </div>
   <div class='ocr_carea' id='block_1_24' title="bbox 2184 2263 3744 2358">
    <p class='ocr_par' dir='ltr' id='par_1_24' title="bbox 2184 2263 3744 2358">
     <span class='ocr_line' id='line_1_24' title="bbox 2184 2263 3744 2358; baseline -0.01 -26"><span class='ocrx_word' id='word_1_140' title='bbox 2184 2280 2328 2345; x_wconf 79' lang='grc' dir='ltr'>ιιάτῳ</span> <span class='ocrx_word' id='word_1_141' title='bbox 2386 2279 2503 2332; x_wconf 72' lang='grc' dir='ltr'>ἔτει</span> <span class='ocrx_word' id='word_1_142' title='bbox 2541 2277 2690 2346; x_wconf 81' lang='grc' dir='ltr'>μετὰ</span> <span class='ocrx_word' id='word_1_143' title='bbox 2727 2275 2794 2329; x_wconf 84' lang='grc' dir='ltr'>τὸ</span> <span class='ocrx_word' id='word_1_144' title='bbox 2844 2274 3071 2330; x_wconf 72' lang='grc' dir='ltr'>ἁλῶναι</span> <span class='ocrx_word' id='word_1_145' title='bbox 3119 2272 3236 2338; x_wconf 80' lang='grc' dir='ltr'><strong>τὴν</strong></span> <span class='ocrx_word' id='word_1_146' title='bbox 3282 2269 3482 2358; x_wconf 59' lang='grc' dir='ltr'><strong>πόλιν·ζ</strong></span> <span class='ocrx_word' id='word_1_147' title='bbox 3515 2264 3627 2358; x_wconf 58' lang='grc' dir='ltr'>Ιςαὶ</span> <span class='ocrx_word' id='word_1_148' title='bbox 3652 2263 3744 2358; x_wconf 49' lang='grc' dir='ltr'>ἐνῖ</span> 
     </span>
    </p>
   </div>
   <div class='ocr_carea' id='block_1_25' title="bbox 490 2351 2082 2448">
    <p class='ocr_par' dir='ltr' id='par_1_25' title="bbox 490 2351 2070 2448">
     <span class='ocr_line' id='line_1_25' title="bbox 490 2351 2070 2448; baseline -0.003 -17"><span class='ocrx_word' id='word_1_149' title='bbox 490 2381 593 2432; x_wconf 75' lang='lat' dir='ltr'><strong>nia:</strong></span> <span class='ocrx_word' id='word_1_150' title='bbox 643 2378 755 2448; x_wconf 78' lang='lat' dir='ltr'><strong>regi</strong></span> <span class='ocrx_word' id='word_1_151' title='bbox 806 2351 1164 2447; x_wconf 46' lang='lat' dir='ltr'><strong>captivitatis.</strong></span> <span class='ocrx_word' id='word_1_152' title='bbox 1207 2376 1418 2431; x_wconf 90' lang='lat' dir='ltr'><strong>socium</strong></span> <span class='ocrx_word' id='word_1_153' title='bbox 1476 2351 1677 2440; x_wconf 76' lang='lat' dir='ltr'><strong>fuisse,</strong></span> <span class='ocrx_word' id='word_1_154' title='bbox 1725 2382 1853 2444; x_wconf 92' lang='lat' dir='ltr'><strong>post</strong></span> <span class='ocrx_word' id='word_1_155' title='bbox 1907 2388 2070 2443; x_wconf 87' lang='lat' dir='ltr'><strong>quem</strong></span> 
     </span>
    </p>
   </div>
   <div class='ocr_carea' id='block_1_26' title="bbox 2184 2351 3749 2448">
    <p class='ocr_par' dir='ltr' id='par_1_26' title="bbox 2184 2351 3749 2448">
     <span class='ocr_line' id='line_1_26' title="bbox 2184 2351 3749 2448; baseline -0.013 -25"><span class='ocrx_word' id='word_1_156' title='bbox 2184 2371 2360 2423; x_wconf 80' lang='grc' dir='ltr'>τεῦθεν</span> <span class='ocrx_word' id='word_1_157' title='bbox 2393 2369 2552 2437; x_wconf 83' lang='grc' dir='ltr'>δῆλός</span> <span class='ocrx_word' id='word_1_158' title='bbox 2595 2369 2711 2420; x_wconf 83' lang='grc' dir='ltr'>ἐστι</span> <span class='ocrx_word' id='word_1_159' title='bbox 2741 2368 2771 2419; x_wconf 84' lang='grc' dir='ltr'><strong>ό</strong></span> <span class='ocrx_word' id='word_1_160' title='bbox 2816 2365 3104 2436; x_wconf 82' lang='grc' dir='ltr'><strong>προφήτης</strong></span> <span class='ocrx_word' id='word_1_161' title='bbox 3153 2359 3379 2431; x_wconf 76' lang='grc' dir='ltr'><strong>Ἰεχονίᾳ</strong></span> <span class='ocrx_word' id='word_1_162' title='bbox 3407 2355 3516 2448; x_wconf 39' lang='grc' dir='ltr'>τῷ-</span> <span class='ocrx_word' id='word_1_163' title='bbox 3538 2351 3749 2448; x_wconf 43' lang='grc' dir='ltr'>βασίλεί</span> 
     </span>
    </p>
   </div>
   <div class='ocr_carea' id='block_1_27' title="bbox 491 2441 2082 2536">
    <p class='ocr_par' dir='ltr' id='par_1_27' title="bbox 491 2465 2071 2536">
     <span class='ocr_line' id='line_1_27' title="bbox 491 2465 2071 2536; baseline -0.004 -14"><span class='ocrx_word' id='word_1_164' title='bbox 491 2467 750 2523; x_wconf 85' lang='lat' dir='ltr'><strong>Sedecias</strong></span> <span class='ocrx_word' id='word_1_165' title='bbox 797 2465 1057 2521; x_wconf 90' lang='lat' dir='ltr'><strong>undecim</strong></span> <span class='ocrx_word' id='word_1_166' title='bbox 1120 2465 1372 2536; x_wconf 75' lang='lat' dir='ltr'><strong>regnavit</strong></span> <span class='ocrx_word' id='word_1_167' title='bbox 1419 2479 1615 2529; x_wconf 89' lang='lat' dir='ltr'><strong>annos,</strong></span> <span class='ocrx_word' id='word_1_168' title='bbox 1667 2465 1851 2519; x_wconf 86' lang='lat' dir='ltr'><strong>minus</strong></span> <span class='ocrx_word' id='word_1_169' title='bbox 1890 2473 2071 2518; x_wconf 88' lang='lat' dir='ltr'><strong>tamen</strong></span> 
     </span>
    </p>
   </div>
   <div class='ocr_carea' id='block_1_28' title="bbox 2184 2441 3750 2536">
    <p class='ocr_par' dir='ltr' id='par_1_28' title="bbox 2184 2441 3750 2536">
     <span class='ocr_line' id='line_1_28' title="bbox 2184 2441 3750 2536; baseline -0.01 -27"><span class='ocrx_word' id='word_1_170' title='bbox 2184 2458 2270 2526; x_wconf 79' lang='grc' dir='ltr'>τῆς</span> <span class='ocrx_word' id='word_1_171' title='bbox 2295 2455 2673 2526; x_wconf 69' lang='grc' dir='ltr'>αἰχμαλωσίας</span> <span class='ocrx_word' id='word_1_172' title='bbox 2703 2455 3038 2523; x_wconf 83' lang='grc' dir='ltr'>κοινωνήσας</span> <span class='ocrx_word' id='word_1_173' title='bbox 3065 2468 3079 2481; x_wconf 89' lang='grc'><strong>·</strong></span> <span class='ocrx_word' id='word_1_174' title='bbox 3110 2449 3228 2520; x_wconf 78' lang='grc' dir='ltr'>μεθ’</span> <span class='ocrx_word' id='word_1_175' title='bbox 3246 2449 3304 2501; x_wconf 84' lang='grc' dir='ltr'>ὃν</span> <span class='ocrx_word' id='word_1_176' title='bbox 3330 2444 3586 2507; x_wconf 82' lang='grc' dir='ltr'>Σεδεκίας</span> <span class='ocrx_word' id='word_1_177' title='bbox 3617 2441 3750 2536; x_wconf 76' lang='grc' dir='ltr'>ἐδα-</span> 
     </span>
    </p>
   </div>
   <div class='ocr_carea' id='block_1_29' title="bbox 491 2555 2074 2628">
    <p class='ocr_par' dir='ltr' id='par_1_29' title="bbox 491 2555 2074 2628">
     <span class='ocr_line' id='line_1_29' title="bbox 491 2555 2074 2628; baseline -0.001 -18"><span class='ocrx_word' id='word_1_178' title='bbox 491 2558 774 2613; x_wconf 88' lang='lat' dir='ltr'><strong>mensibus</strong></span> <span class='ocrx_word' id='word_1_179' title='bbox 814 2559 1009 2628; x_wconf 86' lang='lat' dir='ltr'><strong>paucis</strong></span> <span class='ocrx_word' id='word_1_180' title='bbox 1043 2575 1056 2610; x_wconf 88' lang='lat'><strong>:</strong></span> <span class='ocrx_word' id='word_1_181' title='bbox 1090 2557 1384 2610; x_wconf 88' lang='lat' dir='ltr'><strong>undecimo</strong></span> <span class='ocrx_word' id='word_1_182' title='bbox 1418 2556 1622 2625; x_wconf 89' lang='lat' dir='ltr'><strong>quippe</strong></span> <span class='ocrx_word' id='word_1_183' title='bbox 1655 2555 1901 2611; x_wconf 72' lang='lat' dir='ltr'><strong>Sedecia:</strong></span> <span class='ocrx_word' id='word_1_184' title='bbox 1928 2555 2074 2625; x_wconf 73' lang='lat' dir='ltr'><strong>regis</strong></span> 
     </span>
    </p>
   </div>
   <div class='ocr_carea' id='block_1_30' title="bbox 487 2645 2076 2716">
    <p class='ocr_par' dir='ltr' id='par_1_30' title="bbox 487 2645 2076 2716">
     <span class='ocr_line' id='line_1_30' title="bbox 487 2645 2076 2716; baseline -0.001 -14"><span class='ocrx_word' id='word_1_185' title='bbox 487 2663 634 2703; x_wconf 87' lang='lat' dir='ltr'><strong>anno</strong></span> <span class='ocrx_word' id='word_1_186' title='bbox 665 2655 824 2716; x_wconf 90' lang='lat' dir='ltr'><strong>capta</strong></span> <span class='ocrx_word' id='word_1_187' title='bbox 863 2656 951 2702; x_wconf 89' lang='lat' dir='ltr'><strong>est</strong></span> <span class='ocrx_word' id='word_1_188' title='bbox 987 2649 1139 2702; x_wconf 83' lang='lat' dir='ltr'><strong>urbs.</strong></span> <span class='ocrx_word' id='word_1_189' title='bbox 1175 2645 1310 2701; x_wconf 81' lang='lat' dir='ltr'><strong>Jure</strong></span> <span class='ocrx_word' id='word_1_190' title='bbox 1341 2646 1508 2716; x_wconf 81' lang='lat' dir='ltr'><strong>igitur</strong></span> <span class='ocrx_word' id='word_1_191' title='bbox 1539 2646 1699 2709; x_wconf 81' lang='lat' dir='ltr'><strong>dixit,</strong></span> <span class='ocrx_word' id='word_1_192' title='bbox 1729 2660 1934 2700; x_wconf 90' lang='lat' dir='ltr'><strong>annum</strong></span> <span class='ocrx_word' id='word_1_193' title='bbox 1965 2659 2076 2715; x_wconf 91' lang='lat' dir='ltr'><strong>quo</strong></span> 
     </span>
    </p>
   </div>
   <div class='ocr_carea' id='block_1_31' title="bbox 489 2733 2079 2805">
    <p class='ocr_par' dir='ltr' id='par_1_31' title="bbox 489 2733 2079 2805">
     <span class='ocr_line' id='line_1_31' title="bbox 489 2733 2079 2805; baseline -0.001 -17"><span class='ocrx_word' id='word_1_194' title='bbox 489 2743 651 2805; x_wconf 87' lang='lat' dir='ltr'><strong>capta</strong></span> <span class='ocrx_word' id='word_1_195' title='bbox 689 2733 791 2789; x_wconf 80' lang='lat' dir='ltr'><strong>fuit</strong></span> <span class='ocrx_word' id='word_1_196' title='bbox 837 2737 975 2790; x_wconf 87' lang='lat' dir='ltr'><strong>urbs</strong></span> <span class='ocrx_word' id='word_1_197' title='bbox 1007 2736 1283 2790; x_wconf 86' lang='lat' dir='ltr'><strong>decimum</strong></span> <span class='ocrx_word' id='word_1_198' title='bbox 1317 2743 1602 2804; x_wconf 89' lang='lat' dir='ltr'><strong>quartum,</strong></span> <span class='ocrx_word' id='word_1_199' title='bbox 1643 2749 1759 2789; x_wconf 75' lang='lat' dir='ltr'><strong>suae</strong></span> <span class='ocrx_word' id='word_1_200' title='bbox 1791 2735 2079 2804; x_wconf 84' lang='lat' dir='ltr'><strong>captivita-</strong></span> 
     </span>
    </p>
   </div>
   <div class='ocr_carea' id='block_1_32' title="bbox 493 2826 1442 2896">
    <p class='ocr_par' dir='ltr' id='par_1_32' title="bbox 493 2826 1442 2896">
     <span class='ocr_line' id='line_1_32' title="bbox 493 2826 1442 2896; baseline -0.001 -18"><span class='ocrx_word' id='word_1_201' title='bbox 493 2826 563 2879; x_wconf 91' lang='lat' dir='ltr'><strong>tis</strong></span> <span class='ocrx_word' id='word_1_202' title='bbox 596 2827 850 2896; x_wconf 85' lang='lat' dir='ltr'><strong>quintum</strong></span> <span class='ocrx_word' id='word_1_203' title='bbox 872 2837 925 2880; x_wconf 90' lang='lat' dir='ltr'><strong>ct</strong></span> <span class='ocrx_word' id='word_1_204' title='bbox 949 2827 1272 2881; x_wconf 89' lang='lat' dir='ltr'><strong>vicesimum</strong></span> <span class='ocrx_word' id='word_1_205' title='bbox 1301 2841 1442 2881; x_wconf 89' lang='lat' dir='ltr'><strong>esse.</strong></span> 
     </span>
    </p>
   </div>
   <div class='ocr_carea' id='block_1_33' title="bbox 561 2997 2081 3070">
    <p class='ocr_par' dir='ltr' id='par_1_33' title="bbox 561 2997 2081 3070">
     <span class='ocr_line' id='line_1_33' title="bbox 561 2997 2081 3070; baseline -0.002 -15"><span class='ocrx_word' id='word_1_206' title='bbox 561 2999 664 3058; x_wconf 87' lang='lat' dir='ltr'><strong>Die</strong></span> <span class='ocrx_word' id='word_1_207' title='bbox 691 3002 788 3056; x_wconf 90' lang='lat' dir='ltr'><strong>hoc</strong></span> <span class='ocrx_word' id='word_1_208' title='bbox 813 3002 917 3070; x_wconf 82' lang='lat' dir='ltr'><strong>fuit</strong></span> <span class='ocrx_word' id='word_1_209' title='bbox 943 3017 1101 3070; x_wconf 85' lang='lat' dir='ltr'><strong>super</strong></span> <span class='ocrx_word' id='word_1_210' title='bbox 1135 3017 1216 3055; x_wconf 90' lang='lat' dir='ltr'><strong>me</strong></span> <span class='ocrx_word' id='word_1_211' title='bbox 1275 3017 1466 3055; x_wconf 82' lang='lat' dir='ltr'><strong>manus</strong></span> <span class='ocrx_word' id='word_1_212' title='bbox 1510 2999 1744 3065; x_wconf 87' lang='lat' dir='ltr'><strong>Domini,</strong></span> <span class='ocrx_word' id='word_1_213' title='bbox 1778 2999 1969 3070; x_wconf 73' lang='lat' dir='ltr'><strong>(Vens.</strong></span> <span class='ocrx_word' id='word_1_214' title='bbox 2000 2997 2081 3067; x_wconf 72' lang='lat'><strong>2.)</strong></span> 
     </span>
    </p>
   </div>
   <div class='ocr_carea' id='block_1_34' title="bbox 495 3089 2085 3154">
    <p class='ocr_par' dir='ltr' id='par_1_34' title="bbox 495 3089 2085 3154">
     <span class='ocr_line' id='line_1_34' title="bbox 495 3089 2085 3154; baseline -0.003 -7"><span class='ocrx_word' id='word_1_215' title='bbox 495 3091 565 3147; x_wconf 85' lang='lat' dir='ltr'><strong>Et</strong></span> <span class='ocrx_word' id='word_1_216' title='bbox 605 3090 760 3145; x_wconf 72' lang='lat' dir='ltr'><strong>duxit</strong></span> <span class='ocrx_word' id='word_1_217' title='bbox 789 3108 870 3146; x_wconf 88' lang='lat' dir='ltr'><strong>me</strong></span> <span class='ocrx_word' id='word_1_218' title='bbox 903 3092 1029 3145; x_wconf 80' lang='lat' dir='ltr'><strong>illuc</strong></span> <span class='ocrx_word' id='word_1_219' title='bbox 1057 3093 1106 3144; x_wconf 85' lang='lat' dir='ltr'><strong>in</strong></span> <span class='ocrx_word' id='word_1_220' title='bbox 1133 3093 1333 3146; x_wconf 85' lang='lat' dir='ltr'><strong>visione</strong></span> <span class='ocrx_word' id='word_1_221' title='bbox 1374 3091 1491 3154; x_wconf 77' lang='lat' dir='ltr'><strong>Dei,</strong></span> <span class='ocrx_word' id='word_1_222' title='bbox 1523 3089 1750 3144; x_wconf 68' lang='lat' dir='ltr'><strong>adduxit</strong></span> <span class='ocrx_word' id='word_1_223' title='bbox 1782 3099 1961 3143; x_wconf 87' lang='lat' dir='ltr'><strong>autem</strong></span> <span class='ocrx_word' id='word_1_224' title='bbox 2004 3106 2085 3143; x_wconf 86' lang='lat' dir='ltr'><strong>me</strong></span> 
     </span>
    </p>
   </div>
   <div class='ocr_carea' id='block_1_35' title="bbox 496 3180 2086 3250">
    <p class='ocr_par' dir='ltr' id='par_1_35' title="bbox 496 3180 2086 3250">
     <span class='ocr_line' id='line_1_35' title="bbox 496 3180 2086 3250; baseline 0 -17"><span class='ocrx_word' id='word_1_225' title='bbox 496 3197 551 3245; x_wconf 73' lang='lat' dir='ltr'><strong>,‘n</strong></span> <span class='ocrx_word' id='word_1_226' title='bbox 586 3191 784 3234; x_wconf 85' lang='lat' dir='ltr'><strong>terram</strong></span> <span class='ocrx_word' id='word_1_227' title='bbox 832 3180 1078 3245; x_wconf 83' lang='lat' dir='ltr'><strong>lsraelis,</strong></span> <span class='ocrx_word' id='word_1_228' title='bbox 1103 3193 1153 3234; x_wconf 87' lang='lat' dir='ltr'><strong>et</strong></span> <span class='ocrx_word' id='word_1_229' title='bbox 1181 3183 1354 3250; x_wconf 78' lang='lat' dir='ltr'><strong>posuit</strong></span> <span class='ocrx_word' id='word_1_230' title='bbox 1386 3198 1467 3234; x_wconf 86' lang='lat' dir='ltr'><strong>me</strong></span> <span class='ocrx_word' id='word_1_231' title='bbox 1491 3197 1647 3250; x_wconf 83' lang='lat' dir='ltr'><strong>super</strong></span> <span class='ocrx_word' id='word_1_232' title='bbox 1684 3191 1907 3233; x_wconf 86' lang='lat' dir='ltr'><strong>montem</strong></span> <span class='ocrx_word' id='word_1_233' title='bbox 1936 3180 2086 3234; x_wconf 83' lang='lat' dir='ltr'><strong>valde</strong></span> 
     </span>
    </p>
   </div>
   <div class='ocr_carea' id='block_1_36' title="bbox 2176 2533 3751 2614">
    <p class='ocr_par' dir='ltr' id='par_1_36' title="bbox 2176 2533 3751 2614">
     <span class='ocr_line' id='line_1_36' title="bbox 2176 2533 3751 2614; baseline -0.009 -16"><span class='ocrx_word' id='word_1_234' title='bbox 2176 2547 2390 2598; x_wconf 89' lang='grc' dir='ltr'>σίλευσε</span> <span class='ocrx_word' id='word_1_235' title='bbox 2411 2545 2603 2598; x_wconf 74' lang='grc' dir='ltr'>ἕνδεκα</span> <span class='ocrx_word' id='word_1_236' title='bbox 2629 2544 2722 2614; x_wconf 81' lang='grc' dir='ltr'><strong>ἐτη</strong></span> <span class='ocrx_word' id='word_1_237' title='bbox 2749 2543 2945 2610; x_wconf 76' lang='grc' dir='ltr'>ὀλίγων</span> <span class='ocrx_word' id='word_1_238' title='bbox 2974 2542 3161 2612; x_wconf 83' lang='grc' dir='ltr'>μηνῶν</span> <span class='ocrx_word' id='word_1_239' title='bbox 3188 2539 3516 2594; x_wconf 87' lang='grc' dir='ltr'>ἀποδέοντα·</span> <span class='ocrx_word' id='word_1_240' title='bbox 3552 2536 3610 2586; x_wconf 85' lang='grc' dir='ltr'><strong>ἐν</strong></span> <span class='ocrx_word' id='word_1_241' title='bbox 3639 2533 3751 2602; x_wconf 83' lang='grc' dir='ltr'>γὰρ</span> 
     </span>
    </p>
   </div>
   <div class='ocr_carea' id='block_1_37' title="bbox 2175 2625 3750 2706">
    <p class='ocr_par' dir='ltr' id='par_1_37' title="bbox 2175 2625 3750 2706">
     <span class='ocr_line' id='line_1_37' title="bbox 2175 2625 3750 2706; baseline -0.009 -15"><span class='ocrx_word' id='word_1_242' title='bbox 2175 2637 2250 2706; x_wconf 80' lang='grc' dir='ltr'>τῷ</span> <span class='ocrx_word' id='word_1_243' title='bbox 2311 2637 2582 2705; x_wconf 78' lang='grc' dir='ltr'><strong>ἑνδεκάτῳ</strong></span> <span class='ocrx_word' id='word_1_244' title='bbox 2640 2635 2745 2688; x_wconf 81' lang='grc' dir='ltr'>ἔτει</span> <span class='ocrx_word' id='word_1_245' title='bbox 2801 2635 2901 2703; x_wconf 80' lang='grc' dir='ltr'>τῆς</span> <span class='ocrx_word' id='word_1_246' title='bbox 2951 2633 3200 2686; x_wconf 88' lang='grc' dir='ltr'>Σεδεκίου</span> <span class='ocrx_word' id='word_1_247' title='bbox 3243 2627 3521 2700; x_wconf 78' lang='grc' dir='ltr'>βασιλείας</span> <span class='ocrx_word' id='word_1_248' title='bbox 3569 2625 3688 2695; x_wconf 71' lang='grc' dir='ltr'>ἥλω</span> <span class='ocrx_word' id='word_1_249' title='bbox 3715 2625 3750 2695; x_wconf 83' lang='grc' dir='ltr'><strong>ὴ</strong></span> 
     </span>
    </p>
   </div>
   <div class='ocr_carea' id='block_1_38' title="bbox 2177 2714 3754 2793">
    <p class='ocr_par' dir='ltr' id='par_1_38' title="bbox 2177 2714 3754 2793">
     <span class='ocr_line' id='line_1_38' title="bbox 2177 2714 3754 2793; baseline -0.008 -12"><span class='ocrx_word' id='word_1_250' title='bbox 2177 2729 2350 2791; x_wconf 85' lang='grc' dir='ltr'>πόλις.</span> <span class='ocrx_word' id='word_1_251' title='bbox 2391 2729 2631 2790; x_wconf 86' lang='grc' dir='ltr'>Εἰκότως</span> <span class='ocrx_word' id='word_1_252' title='bbox 2671 2727 2846 2779; x_wconf 87' lang='grc' dir='ltr'>τοίνυν</span> <span class='ocrx_word' id='word_1_253' title='bbox 2906 2725 3046 2793; x_wconf 70' lang='grc' dir='ltr'><strong>ἔφη,</strong></span> <span class='ocrx_word' id='word_1_254' title='bbox 3085 2723 3146 2776; x_wconf 80' lang='grc' dir='ltr'><strong>τὸ</strong></span> <span class='ocrx_word' id='word_1_255' title='bbox 3204 2721 3308 2791; x_wconf 82' lang='grc' dir='ltr'>τῆς</span> <span class='ocrx_word' id='word_1_256' title='bbox 3349 2718 3604 2779; x_wconf 85' lang='grc' dir='ltr'>ἁλώσεως</span> <span class='ocrx_word' id='word_1_257' title='bbox 3650 2714 3754 2784; x_wconf 76' lang='grc' dir='ltr'>τῆς</span> 
     </span>
    </p>
   </div>
   <div class='ocr_carea' id='block_1_39' title="bbox 2179 2806 3754 2886">
    <p class='ocr_par' dir='ltr' id='par_1_39' title="bbox 2179 2806 3754 2886">
     <span class='ocr_line' id='line_1_39' title="bbox 2179 2806 3754 2886; baseline -0.008 -15"><span class='ocrx_word' id='word_1_258' title='bbox 2179 2819 2388 2880; x_wconf 86' lang='grc' dir='ltr'>πόλεως</span> <span class='ocrx_word' id='word_1_259' title='bbox 2405 2816 2988 2886; x_wconf 78' lang='grc' dir='ltr'>τεσσαρεσκαιδέκατον</span> <span class='ocrx_word' id='word_1_260' title='bbox 3007 2813 3252 2883; x_wconf 74' lang='grc' dir='ltr'>ἔτος,τῆς</span> <span class='ocrx_word' id='word_1_261' title='bbox 3278 2810 3456 2866; x_wconf 82' lang='grc' dir='ltr'>αὐτῶν</span> <span class='ocrx_word' id='word_1_262' title='bbox 3473 2806 3754 2879; x_wconf 81' lang='grc' dir='ltr'>αἰχμαλω-</span> 
     </span>
    </p>
   </div>
   <div class='ocr_carea' id='block_1_40' title="bbox 2182 2903 3193 2978">
    <p class='ocr_par' dir='ltr' id='par_1_40' title="bbox 2182 2903 3193 2978">
     <span class='ocr_line' id='line_1_40' title="bbox 2182 2903 3193 2978; baseline -0.002 -16"><span class='ocrx_word' id='word_1_263' title='bbox 2182 2910 2300 2973; x_wconf 89' lang='grc' dir='ltr'>σίας</span> <span class='ocrx_word' id='word_1_264' title='bbox 2333 2909 2580 2978; x_wconf 83' lang='grc' dir='ltr'>πέμπτον</span> <span class='ocrx_word' id='word_1_265' title='bbox 2618 2903 2756 2963; x_wconf 82' lang='grc' dir='ltr'>εἶναι</span> <span class='ocrx_word' id='word_1_266' title='bbox 2800 2909 2892 2962; x_wconf 78' lang='grc' dir='ltr'><strong>καὶ</strong></span> <span class='ocrx_word' id='word_1_267' title='bbox 2930 2907 3193 2961; x_wconf 86' lang='grc' dir='ltr'>εἰκοστόν.</span> 
     </span>
    </p>
   </div>
   <div class='ocr_carea' id='block_1_41' title="bbox 2263 2994 3751 3070">
    <p class='ocr_par' dir='ltr' id='par_1_41' title="bbox 2263 2994 3751 3070">
     <span class='ocr_line' id='line_1_41' title="bbox 2263 2994 3751 3070; baseline -0.005 -18"><span class='ocrx_word' id='word_1_268' title='bbox 2263 3003 2360 3054; x_wconf 85' lang='grc' dir='ltr'><strong>Ἐν</strong></span> <span class='ocrx_word' id='word_1_269' title='bbox 2382 3000 2456 3069; x_wconf 76' lang='grc' dir='ltr'>τῇ</span> <span class='ocrx_word' id='word_1_270' title='bbox 2475 3000 2663 3070; x_wconf 70' lang='grc' dir='ltr'>ἡμέρᾳ</span> <span class='ocrx_word' id='word_1_271' title='bbox 2689 3001 2876 3067; x_wconf 82' lang='grc' dir='ltr'>ταύτῃ</span> <span class='ocrx_word' id='word_1_272' title='bbox 2895 2999 2939 3030; x_wconf 70' lang='grc'><strong>¹⁸</strong></span> <span class='ocrx_word' id='word_1_273' title='bbox 2962 2999 3199 3067; x_wconf 78' lang='grc' dir='ltr'>ἐγένετο</span> <span class='ocrx_word' id='word_1_274' title='bbox 3226 2997 3318 3050; x_wconf 83' lang='grc' dir='ltr'>ἐπ’</span> <span class='ocrx_word' id='word_1_275' title='bbox 3347 2995 3451 3063; x_wconf 79' lang='grc' dir='ltr'>ἐμὲ</span> <span class='ocrx_word' id='word_1_276' title='bbox 3481 2994 3606 3062; x_wconf 73' lang='grc' dir='ltr'>χείρ</span> <span class='ocrx_word' id='word_1_277' title='bbox 3633 2996 3751 3046; x_wconf 86' lang='grc' dir='ltr'><strong>Κυ-</strong></span> 
     </span>
    </p>
   </div>
   <div class='ocr_carea' id='block_1_42' title="bbox 2177 3083 3755 3162">
    <p class='ocr_par' dir='ltr' id='par_1_42' title="bbox 2177 3083 3755 3162">
     <span class='ocr_line' id='line_1_42' title="bbox 2177 3083 3755 3162; baseline -0.006 -18"><span class='ocrx_word' id='word_1_278' title='bbox 2177 3093 2337 3159; x_wconf 79' lang='grc' dir='ltr'>ρίου.</span> <span class='ocrx_word' id='word_1_279' title='bbox 2393 3091 2534 3162; x_wconf 86' lang='grc' dir='ltr'>(β’.)</span> <span class='ocrx_word' id='word_1_280' title='bbox 2562 3091 2672 3145; x_wconf 81' lang='grc' dir='ltr'><strong>Καὶ</strong></span> <span class='ocrx_word' id='word_1_281' title='bbox 2702 3091 2891 3160; x_wconf 78' lang='grc' dir='ltr'>ἤγαγέ</span> <span class='ocrx_word' id='word_1_282' title='bbox 2916 3108 2992 3159; x_wconf 82' lang='grc' dir='ltr'><strong>με</strong></span> <span class='ocrx_word' id='word_1_283' title='bbox 3021 3092 3064 3122; x_wconf 82' lang='grc'>¹⁸</span> <span class='ocrx_word' id='word_1_284' title='bbox 3092 3088 3308 3143; x_wconf 76' lang='grc' dir='ltr'>ἐκεῖέν</span> <span class='ocrx_word' id='word_1_285' title='bbox 3331 3087 3535 3154; x_wconf 81' lang='grc' dir='ltr'>ὁράσει</span> <span class='ocrx_word' id='word_1_286' title='bbox 3575 3083 3755 3146; x_wconf 75' lang='grc' dir='ltr'>Θεοῦ,</span> 
     </span>
    </p>
   </div>
   <div class='ocr_carea' id='block_1_43' title="bbox 2189 3175 3758 3250">
    <p class='ocr_par' dir='ltr' id='par_1_43' title="bbox 2189 3175 3758 3250">
     <span class='ocr_line' id='line_1_43' title="bbox 2189 3175 3758 3250; baseline -0.008 -13"><span class='ocrx_word' id='word_1_287' title='bbox 2189 3182 2375 3250; x_wconf 76' lang='grc' dir='ltr'>ἤγαγε</span> <span class='ocrx_word' id='word_1_288' title='bbox 2403 3181 2472 3234; x_wconf 85' lang='grc' dir='ltr'><strong>δέ</strong></span> <span class='ocrx_word' id='word_1_289' title='bbox 2524 3183 2660 3250; x_wconf 62' lang='lat' dir='ltr'><strong>ys“</strong></span> <span class='ocrx_word' id='word_1_290' title='bbox 2718 3185 2806 3246; x_wconf 84' lang='grc' dir='ltr'><strong>εἰς</strong></span> <span class='ocrx_word' id='word_1_291' title='bbox 2852 3181 2968 3248; x_wconf 76' lang='grc' dir='ltr'><strong>τὴν</strong></span> <span class='ocrx_word' id='word_1_292' title='bbox 3009 3179 3126 3249; x_wconf 68' lang='grc' dir='ltr'><strong>γῆν</strong></span> <span class='ocrx_word' id='word_1_293' title='bbox 3166 3179 3272 3234; x_wconf 81' lang='grc' dir='ltr'><strong>τοῦ</strong></span> <span class='ocrx_word' id='word_1_294' title='bbox 3347 3175 3602 3245; x_wconf 79' lang='grc' dir='ltr'>Ἰσραὴλ,</span> <span class='ocrx_word' id='word_1_295' title='bbox 3653 3175 3758 3226; x_wconf 77' lang='grc' dir='ltr'><strong>καί</strong></span> 
     </span>
    </p>
   </div>
   <div class='ocr_carea' id='block_1_44' title="bbox 493 3259 2082 3341">
    <p class='ocr_par' dir='ltr' id='par_1_44' title="bbox 493 3271 2077 3340">
     <span class='ocr_line' id='line_1_44' title="bbox 493 3271 2077 3340; baseline 0 -19"><span class='ocrx_word' id='word_1_296' title='bbox 493 3271 776 3335; x_wconf 71' lang='lat' dir='ltr'><strong>excelsum,</strong></span> <span class='ocrx_word' id='word_1_297' title='bbox 808 3281 856 3324; x_wconf 86' lang='lat' dir='ltr'><strong>et</strong></span> <span class='ocrx_word' id='word_1_298' title='bbox 893 3272 947 3324; x_wconf 85' lang='lat' dir='ltr'><strong>in</strong></span> <span class='ocrx_word' id='word_1_299' title='bbox 969 3287 1028 3324; x_wconf 87' lang='lat' dir='ltr'><strong>eo</strong></span> <span class='ocrx_word' id='word_1_300' title='bbox 1057 3273 1211 3340; x_wconf 84' lang='lat' dir='ltr'><strong>quasi</strong></span> <span class='ocrx_word' id='word_1_301' title='bbox 1237 3271 1522 3340; x_wconf 65' lang='lat' dir='ltr'><strong>aediﬁcatio</strong></span> <span class='ocrx_word' id='word_1_302' title='bbox 1541 3271 1774 3324; x_wconf 82' lang='lat' dir='ltr'><strong>civitatis</strong></span> <span class='ocrx_word' id='word_1_303' title='bbox 1799 3286 1826 3323; x_wconf 90' lang='lat' dir='ltr'><strong>e</strong></span> <span class='ocrx_word' id='word_1_304' title='bbox 1848 3271 2077 3339; x_wconf 83' lang='lat' dir='ltr'><strong>regione.</strong></span> 
     </span>
    </p>
   </div>
   <div class='ocr_carea' id='block_1_45' title="bbox 2184 3259 3758 3341">
    <p class='ocr_par' dir='ltr' id='par_1_45' title="bbox 2187 3267 3758 3341">
     <span class='ocr_line' id='line_1_45' title="bbox 2187 3267 3758 3341; baseline -0.005 -16"><span class='ocrx_word' id='word_1_305' title='bbox 2187 3273 2368 3341; x_wconf 77' lang='grc' dir='ltr'>ἔθηκέ</span> <span class='ocrx_word' id='word_1_306' title='bbox 2387 3290 2464 3340; x_wconf 83' lang='grc' dir='ltr'><strong>με</strong></span> <span class='ocrx_word' id='word_1_307' title='bbox 2494 3274 2586 3326; x_wconf 72' lang='grc' dir='ltr'>ἐπ’</span> <span class='ocrx_word' id='word_1_308' title='bbox 2619 3273 2796 3340; x_wconf 79' lang='grc' dir='ltr'>ὄρους</span> <span class='ocrx_word' id='word_1_309' title='bbox 2828 3273 3074 3339; x_wconf 70' lang='grc' dir='ltr'>ὑψηλοῦ</span> <span class='ocrx_word' id='word_1_310' title='bbox 3105 3271 3361 3339; x_wconf 64' lang='grc' dir='ltr'>σφόδρα,</span> <span class='ocrx_word' id='word_1_311' title='bbox 3394 3269 3488 3320; x_wconf 74' lang='grc' dir='ltr'><strong>καί</strong></span> <span class='ocrx_word' id='word_1_312' title='bbox 3527 3267 3618 3319; x_wconf 82' lang='grc' dir='ltr'>ἐπ’</span> <span class='ocrx_word' id='word_1_313' title='bbox 3649 3267 3758 3318; x_wconf 82' lang='grc' dir='ltr'><strong>αὐ-</strong></span> 
     </span>
    </p>
   </div>
   <div class='ocr_carea' id='block_1_46' title="bbox 495 3356 2084 3429">
    <p class='ocr_par' dir='ltr' id='par_1_46' title="bbox 495 3356 2084 3429">
     <span class='ocr_line' id='line_1_46' title="bbox 495 3356 2084 3429; baseline 0 -17"><span class='ocrx_word' id='word_1_314' title='bbox 495 3356 844 3414; x_wconf 77' lang='lat' dir='ltr'><strong>Vaticinatus</strong></span> <span class='ocrx_word' id='word_1_315' title='bbox 905 3360 1044 3429; x_wconf 90' lang='lat' dir='ltr'><strong>ipsis</strong></span> <span class='ocrx_word' id='word_1_316' title='bbox 1081 3369 1272 3413; x_wconf 86' lang='lat' dir='ltr'><strong>auctor</strong></span> <span class='ocrx_word' id='word_1_317' title='bbox 1305 3360 1553 3414; x_wconf 84' lang='lat' dir='ltr'><strong>omnium</strong></span> <span class='ocrx_word' id='word_1_318' title='bbox 1588 3374 1773 3414; x_wconf 89' lang='lat' dir='ltr'><strong>rerum</strong></span> <span class='ocrx_word' id='word_1_319' title='bbox 1821 3358 1962 3413; x_wconf 91' lang='lat' dir='ltr'><strong>Deus</strong></span> <span class='ocrx_word' id='word_1_320' title='bbox 1996 3373 2084 3412; x_wconf 88' lang='lat' dir='ltr'><strong>re-</strong></span> 
     </span>
    </p>
   </div>
   <div class='ocr_carea' id='block_1_47' title="bbox 494 3449 2084 3520">
    <p class='ocr_par' dir='ltr' id='par_1_47' title="bbox 494 3449 2084 3520">
     <span class='ocr_line' id='line_1_47' title="bbox 494 3449 2084 3520; baseline 0.001 -19"><span class='ocrx_word' id='word_1_321' title='bbox 494 3450 669 3503; x_wconf 80' lang='lat' dir='ltr'><strong>ditum</strong></span> <span class='ocrx_word' id='word_1_322' title='bbox 708 3451 1104 3519; x_wconf 88' lang='lat' dir='ltr'><strong>ecaptivitate,</strong></span> <span class='ocrx_word' id='word_1_323' title='bbox 1137 3460 1476 3520; x_wconf 87' lang='lat' dir='ltr'><strong>ostensaque</strong></span> <span class='ocrx_word' id='word_1_324' title='bbox 1511 3465 1608 3519; x_wconf 92' lang='lat' dir='ltr'><strong>per</strong></span> <span class='ocrx_word' id='word_1_325' title='bbox 1649 3449 1932 3504; x_wconf 87' lang='lat' dir='ltr'><strong>aridorum</strong></span> <span class='ocrx_word' id='word_1_326' title='bbox 1961 3451 2084 3503; x_wconf 91' lang='lat' dir='ltr'><strong>illo-</strong></span> 
     </span>
    </p>
   </div>
   <div class='ocr_carea' id='block_1_48' title="bbox 496 3540 2086 3610">
    <p class='ocr_par' dir='ltr' id='par_1_48' title="bbox 496 3540 2086 3610">
     <span class='ocr_line' id='line_1_48' title="bbox 496 3540 2086 3610; baseline 0.001 -18"><span class='ocrx_word' id='word_1_327' title='bbox 496 3555 616 3592; x_wconf 93' lang='lat' dir='ltr'><strong>rum</strong></span> <span class='ocrx_word' id='word_1_328' title='bbox 645 3540 857 3594; x_wconf 89' lang='lat' dir='ltr'><strong>ossium</strong></span> <span class='ocrx_word' id='word_1_329' title='bbox 885 3541 1361 3596; x_wconf 83' lang='lat' dir='ltr'><strong>resurrectionem</strong></span> <span class='ocrx_word' id='word_1_330' title='bbox 1397 3557 1498 3596; x_wconf 89' lang='lat' dir='ltr'><strong>sua</strong></span> <span class='ocrx_word' id='word_1_331' title='bbox 1530 3541 1797 3610; x_wconf 86' lang='lat' dir='ltr'><strong>potentia,</strong></span> <span class='ocrx_word' id='word_1_332' title='bbox 1831 3540 2086 3609; x_wconf 71' lang='lat' dir='ltr'><strong>praedicit</strong></span> 
     </span>
    </p>
   </div>
   <div class='ocr_carea' id='block_1_49' title="bbox 496 3631 2084 3701">
    <p class='ocr_par' dir='ltr' id='par_1_49' title="bbox 496 3631 2084 3701">
     <span class='ocr_line' id='line_1_49' title="bbox 496 3631 2084 3701; baseline 0 -16"><span class='ocrx_word' id='word_1_333' title='bbox 496 3636 628 3685; x_wconf 89' lang='lat' dir='ltr'><strong>item</strong></span> <span class='ocrx_word' id='word_1_334' title='bbox 665 3631 818 3685; x_wconf 87' lang='lat' dir='ltr'><strong>urbis</strong></span> <span class='ocrx_word' id='word_1_335' title='bbox 859 3646 923 3686; x_wconf 89' lang='lat' dir='ltr'><strong>ac</strong></span> <span class='ocrx_word' id='word_1_336' title='bbox 949 3631 1137 3700; x_wconf 87' lang='lat' dir='ltr'><strong>templi</strong></span> <span class='ocrx_word' id='word_1_337' title='bbox 1174 3631 1604 3686; x_wconf 74' lang='lat' dir='ltr'><strong>:edilicationem</strong></span> <span class='ocrx_word' id='word_1_338' title='bbox 1648 3651 1661 3686; x_wconf 93' lang='lat'><strong>:</strong></span> <span class='ocrx_word' id='word_1_339' title='bbox 1697 3631 2084 3701; x_wconf 88' lang='lat' dir='ltr'><strong>nequeverbis</strong></span> 
     </span>
    </p>
   </div>
   <div class='ocr_carea' id='block_1_50' title="bbox 498 3718 2080 3790">
    <p class='ocr_par' dir='ltr' id='par_1_50' title="bbox 498 3718 2080 3790">
     <span class='ocr_line' id='line_1_50' title="bbox 498 3718 2080 3790; baseline 0.003 -22"><span class='ocrx_word' id='word_1_340' title='bbox 498 3727 716 3770; x_wconf 88' lang='lat' dir='ltr'><strong>tantum</strong></span> <span class='ocrx_word' id='word_1_341' title='bbox 758 3733 895 3773; x_wconf 82' lang='lat' dir='ltr'><strong>usus</strong></span> <span class='ocrx_word' id='word_1_342' title='bbox 921 3726 1032 3781; x_wconf 87' lang='lat' dir='ltr'><strong>est,</strong></span> <span class='ocrx_word' id='word_1_343' title='bbox 1064 3718 1161 3773; x_wconf 91' lang='lat' dir='ltr'><strong>sed</strong></span> <span class='ocrx_word' id='word_1_344' title='bbox 1185 3719 1351 3774; x_wconf 89' lang='lat' dir='ltr'><strong>etiam</strong></span> <span class='ocrx_word' id='word_1_345' title='bbox 1399 3721 1565 3774; x_wconf 85' lang='lat' dir='ltr'><strong>talem</strong></span> <span class='ocrx_word' id='word_1_346' title='bbox 1612 3720 1827 3773; x_wconf 84' lang='lat' dir='ltr'><strong>indicat</strong></span> <span class='ocrx_word' id='word_1_347' title='bbox 1869 3719 2080 3790; x_wconf 75' lang='lat'><strong>1021</strong></span> 
     </span>
    </p>
   </div>
   <div class='ocr_carea' id='block_1_51' title="bbox 498 3809 2085 3881">
    <p class='ocr_par' dir='ltr' id='par_1_51' title="bbox 498 3809 2085 3881">
     <span class='ocr_line' id='line_1_51' title="bbox 498 3809 2085 3881; baseline 0.003 -19"><span class='ocrx_word' id='word_1_348' title='bbox 498 3809 769 3863; x_wconf 82' lang='lat' dir='ltr'><strong>visionem</strong></span> <span class='ocrx_word' id='word_1_349' title='bbox 799 3811 1100 3880; x_wconf 70' lang='lat' dir='ltr'><strong>prophetae,</strong></span> <span class='ocrx_word' id='word_1_350' title='bbox 1137 3810 1309 3865; x_wconf 86' lang='lat' dir='ltr'><strong>divini</strong></span> <span class='ocrx_word' id='word_1_351' title='bbox 1349 3810 1596 3881; x_wconf 86' lang='lat' dir='ltr'><strong>Spiritus</strong></span> <span class='ocrx_word' id='word_1_352' title='bbox 1618 3811 1857 3865; x_wconf 82' lang='lat' dir='ltr'><strong>ellicacia</strong></span> <span class='ocrx_word' id='word_1_353' title='bbox 1884 3812 2085 3867; x_wconf 87' lang='lat' dir='ltr'><strong>mentis</strong></span> 
     </span>
    </p>
   </div>
   <div class='ocr_carea' id='block_1_52' title="bbox 499 3899 2086 3972">
    <p class='ocr_par' dir='ltr' id='par_1_52' title="bbox 499 3899 2086 3972">
     <span class='ocr_line' id='line_1_52' title="bbox 499 3899 2086 3972; baseline 0.003 -21"><span class='ocrx_word' id='word_1_354' title='bbox 499 3900 649 3953; x_wconf 87' lang='lat' dir='ltr'><strong>illius</strong></span> <span class='ocrx_word' id='word_1_355' title='bbox 678 3901 1112 3956; x_wconf 63' lang='lat' dir='ltr'><strong>acieil’lustrata.</strong></span> <span class='ocrx_word' id='word_1_356' title='bbox 1148 3899 1226 3956; x_wconf 82' lang='lat' dir='ltr'><strong>Ne</strong></span> <span class='ocrx_word' id='word_1_357' title='bbox 1260 3917 1390 3958; x_wconf 90' lang='lat' dir='ltr'><strong>vero</strong></span> <span class='ocrx_word' id='word_1_358' title='bbox 1430 3901 1656 3970; x_wconf 79' lang='lat' dir='ltr'><strong>singula</strong></span> <span class='ocrx_word' id='word_1_359' title='bbox 1708 3902 2086 3972; x_wconf 90' lang='lat' dir='ltr'><strong>interpretan-</strong></span> 
     </span>
    </p>
   </div>
   <div class='ocr_carea' id='block_1_53' title="bbox 499 3989 2084 4062">
    <p class='ocr_par' dir='ltr' id='par_1_53' title="bbox 499 3989 2084 4062">
     <span class='ocr_line' id='line_1_53' title="bbox 499 3989 2084 4062; baseline 0.004 -22"><span class='ocrx_word' id='word_1_360' title='bbox 499 3999 584 4044; x_wconf 88' lang='lat' dir='ltr'><strong>tes</strong></span> <span class='ocrx_word' id='word_1_361' title='bbox 623 3989 787 4060; x_wconf 88' lang='lat' dir='ltr'><strong>hujus</strong></span> <span class='ocrx_word' id='word_1_362' title='bbox 829 3991 954 4044; x_wconf 89' lang='lat' dir='ltr'><strong>libri</strong></span> <span class='ocrx_word' id='word_1_363' title='bbox 992 3993 1211 4062; x_wconf 77' lang='lat' dir='ltr'><strong>legendi</strong></span> <span class='ocrx_word' id='word_1_364' title='bbox 1247 3991 1534 4046; x_wconf 78' lang='lat' dir='ltr'><strong>studiosos</strong></span> <span class='ocrx_word' id='word_1_365' title='bbox 1580 3991 1853 4047; x_wconf 88' lang='lat' dir='ltr'><strong>oratiouis</strong></span> <span class='ocrx_word' id='word_1_366' title='bbox 1907 3993 2084 4062; x_wconf 82' lang='lat' dir='ltr'><strong>longi-</strong></span> 
     </span>
    </p>
   </div>
   <div class='ocr_carea' id='block_1_54' title="bbox 498 4079 2085 4153">
    <p class='ocr_par' dir='ltr' id='par_1_54' title="bbox 498 4079 2085 4153">
     <span class='ocr_line' id='line_1_54' title="bbox 498 4079 2085 4153; baseline 0.003 -20"><span class='ocrx_word' id='word_1_367' title='bbox 498 4079 688 4134; x_wconf 87' lang='lat' dir='ltr'><strong>tudine</strong></span> <span class='ocrx_word' id='word_1_368' title='bbox 710 4080 1110 4153; x_wconf 82' lang='lat' dir='ltr'><strong>defatigemus,</strong></span> <span class='ocrx_word' id='word_1_369' title='bbox 1153 4098 1344 4138; x_wconf 90' lang='lat' dir='ltr'><strong>eorum</strong></span> <span class='ocrx_word' id='word_1_370' title='bbox 1371 4098 1492 4151; x_wconf 69' lang='lat' dir='ltr'><strong>qua:</strong></span> <span class='ocrx_word' id='word_1_371' title='bbox 1527 4083 1582 4136; x_wconf 85' lang='lat' dir='ltr'><strong>in</strong></span> <span class='ocrx_word' id='word_1_372' title='bbox 1623 4083 1833 4153; x_wconf 87' lang='lat' dir='ltr'><strong>Spiritu</strong></span> <span class='ocrx_word' id='word_1_373' title='bbox 1897 4085 2085 4139; x_wconf 88' lang='lat' dir='ltr'><strong>divino</strong></span> 
     </span>
    </p>
   </div>
   <div class='ocr_carea' id='block_1_55' title="bbox 498 4171 2082 4243">
    <p class='ocr_par' dir='ltr' id='par_1_55' title="bbox 498 4171 2082 4243">
     <span class='ocr_line' id='line_1_55' title="bbox 498 4171 2082 4243; baseline 0.003 -20"><span class='ocrx_word' id='word_1_374' title='bbox 498 4171 776 4241; x_wconf 72' lang='lat' dir='ltr'><strong>propheta:</strong></span> <span class='ocrx_word' id='word_1_375' title='bbox 838 4181 1060 4227; x_wconf 88' lang='lat' dir='ltr'><strong>ostensa</strong></span> <span class='ocrx_word' id='word_1_376' title='bbox 1105 4181 1270 4235; x_wconf 89' lang='lat' dir='ltr'><strong>sunt,</strong></span> <span class='ocrx_word' id='word_1_377' title='bbox 1330 4175 1648 4226; x_wconf 89' lang='lat' dir='ltr'><strong>summatim</strong></span> <span class='ocrx_word' id='word_1_378' title='bbox 1717 4175 2082 4243; x_wconf 59' lang='lat' dir='ltr'><strong>paraphrasi:</strong></span> 
     </span>
    </p>
   </div>
   <div class='ocr_carea' id='block_1_56' title="bbox 441 4247 2081 4334">
    <p class='ocr_par' dir='ltr' id='par_1_56' title="bbox 441 4247 2081 4334">
     <span class='ocr_line' id='line_1_56' title="bbox 441 4247 2081 4334; baseline 0.003 -20"><span class='ocrx_word' id='word_1_379' title='bbox 441 4247 444 4252; x_wconf 57' lang='grc'><strong>’</strong></span> <span class='ocrx_word' id='word_1_380' title='bbox 496 4261 793 4331; x_wconf 80' lang='lat' dir='ltr'><strong>quamdam</strong></span> <span class='ocrx_word' id='word_1_381' title='bbox 853 4262 1059 4318; x_wconf 80' lang='lat' dir='ltr'><strong>facere‘</strong></span> <span class='ocrx_word' id='word_1_382' title='bbox 1120 4263 1488 4318; x_wconf 84' lang='lat' dir='ltr'><strong>instituimus.</strong></span> <span class='ocrx_word' id='word_1_383' title='bbox 1552 4263 1640 4316; x_wconf 90' lang='lat' dir='ltr'><strong>Ait</strong></span> <span class='ocrx_word' id='word_1_384' title='bbox 1697 4265 1885 4334; x_wconf 79' lang='lat' dir='ltr'><strong>igitur,</strong></span> <span class='ocrx_word' id='word_1_385' title='bbox 1957 4283 1975 4314; x_wconf 81' lang='grc' dir='ltr'><strong>ι</strong></span> <span class='ocrx_word' id='word_1_386' title='bbox 2027 4265 2081 4319; x_wconf 90' lang='lat' dir='ltr'><strong>in</strong></span> 
     </span>
    </p>
   </div>
   <div class='ocr_carea' id='block_1_57' title="bbox 496 4353 2082 4425">
    <p class='ocr_par' dir='ltr' id='par_1_57' title="bbox 496 4353 2082 4425">
     <span class='ocr_line' id='line_1_57' title="bbox 496 4353 2082 4425; baseline 0.004 -20"><span class='ocrx_word' id='word_1_387' title='bbox 496 4353 710 4406; x_wconf 83' lang='lat' dir='ltr'><strong>visione</strong></span> <span class='ocrx_word' id='word_1_388' title='bbox 767 4353 883 4417; x_wconf 90' lang='lat' dir='ltr'><strong>Dei,</strong></span> <span class='ocrx_word' id='word_1_389' title='bbox 933 4373 950 4404; x_wconf 73' lang='grc' dir='ltr'><strong>ι</strong></span> <span class='ocrx_word' id='word_1_390' title='bbox 1001 4354 1106 4408; x_wconf 92' lang='lat' dir='ltr'><strong>hoc</strong></span> <span class='ocrx_word' id='word_1_391' title='bbox 1147 4364 1250 4416; x_wconf 91' lang='lat' dir='ltr'><strong>est,</strong></span> <span class='ocrx_word' id='word_1_392' title='bbox 1303 4354 1604 4421; x_wconf 89' lang='lat' dir='ltr'><strong>spirituali,</strong></span> <span class='ocrx_word' id='word_1_393' title='bbox 1664 4369 1773 4408; x_wconf 90' lang='lat' dir='ltr'><strong>non</strong></span> <span class='ocrx_word' id='word_1_394' title='bbox 1831 4356 2082 4425; x_wconf 89' lang='lat' dir='ltr'><strong>corporis</strong></span> 
     </span>
    </p>
   </div>
   <div class='ocr_carea' id='block_1_58' title="bbox 497 4443 2070 4510">
    <p class='ocr_par' dir='ltr' id='par_1_58' title="bbox 497 4443 2070 4510">
     <span class='ocr_line' id='line_1_58' title="bbox 497 4443 2070 4510; baseline 0.001 -14"><span class='ocrx_word' id='word_1_395' title='bbox 497 4443 731 4508; x_wconf 76' lang='lat' dir='ltr'><strong>visione,</strong></span> <span class='ocrx_word' id='word_1_396' title='bbox 765 4455 1003 4499; x_wconf 91' lang='lat' dir='ltr'><strong>mentem</strong></span> <span class='ocrx_word' id='word_1_397' title='bbox 1055 4445 1175 4510; x_wconf 86' lang='lat' dir='ltr'><strong>ejus</strong></span> <span class='ocrx_word' id='word_1_398' title='bbox 1233 4445 1285 4497; x_wconf 93' lang='lat' dir='ltr'><strong>in</strong></span> <span class='ocrx_word' id='word_1_399' title='bbox 1346 4454 1545 4498; x_wconf 87' lang='lat' dir='ltr'><strong>terram</strong></span> <span class='ocrx_word' id='word_1_400' title='bbox 1583 4445 1804 4499; x_wconf 86' lang='lat' dir='ltr'><strong>lsraelis</strong></span> <span class='ocrx_word' id='word_1_401' title='bbox 1842 4443 2070 4498; x_wconf 89' lang='lat' dir='ltr'><strong>ductam</strong></span> 
     </span>
    </p>
   </div>
   <div class='ocr_carea' id='block_1_59' title="bbox 2184 3357 3762 3434">
    <p class='ocr_par' dir='ltr' id='par_1_59' title="bbox 2184 3357 3762 3434">
     <span class='ocr_line' id='line_1_59' title="bbox 2184 3357 3762 3434; baseline -0.006 -15"><span class='ocrx_word' id='word_1_402' title='bbox 2184 3369 2290 3422; x_wconf 82' lang='grc' dir='ltr'><strong>τοῦ</strong></span> <span class='ocrx_word' id='word_1_403' title='bbox 2309 3368 2450 3420; x_wconf 78' lang='grc' dir='ltr'>ὡσεὶ</span> <span class='ocrx_word' id='word_1_404' title='bbox 2471 3369 2510 3397; x_wconf 86' lang='grc'><strong>¹⁷</strong></span> <span class='ocrx_word' id='word_1_405' title='bbox 2531 3365 2811 3434; x_wconf 80' lang='grc' dir='ltr'>οἰκοδομὴ</span> <span class='ocrx_word' id='word_1_406' title='bbox 2834 3367 3064 3431; x_wconf 71' lang='grc' dir='ltr'>πόλεως</span> <span class='ocrx_word' id='word_1_407' title='bbox 3083 3363 3370 3418; x_wconf 77' lang='grc' dir='ltr'>ἀπέναντι</span> <span class='ocrx_word' id='word_1_408' title='bbox 3388 3357 3762 3431; x_wconf 78' lang='grc' dir='ltr'>¹³.Προθεσπί-</span> 
     </span>
    </p>
   </div>
   <div class='ocr_carea' id='block_1_60' title="bbox 2188 3449 3760 3526">
    <p class='ocr_par' dir='ltr' id='par_1_60' title="bbox 2188 3449 3760 3526">
     <span class='ocr_line' id='line_1_60' title="bbox 2188 3449 3760 3526; baseline -0.006 -15"><span class='ocrx_word' id='word_1_409' title='bbox 2188 3476 2283 3520; x_wconf 88' lang='grc' dir='ltr'><strong>σας</strong></span> <span class='ocrx_word' id='word_1_410' title='bbox 2303 3459 2485 3520; x_wconf 83' lang='grc' dir='ltr'>αὐτοῖς</span> <span class='ocrx_word' id='word_1_411' title='bbox 2511 3460 2538 3510; x_wconf 88' lang='grc' dir='ltr'><strong>ό</strong></span> <span class='ocrx_word' id='word_1_412' title='bbox 2560 3458 2667 3511; x_wconf 87' lang='grc' dir='ltr'><strong>τῶν</strong></span> <span class='ocrx_word' id='word_1_413' title='bbox 2685 3457 2821 3510; x_wconf 83' lang='grc' dir='ltr'>ὅλων</span> <span class='ocrx_word' id='word_1_414' title='bbox 2845 3456 2977 3519; x_wconf 78' lang='grc' dir='ltr'>Θεὸς</span> <span class='ocrx_word' id='word_1_415' title='bbox 3007 3457 3106 3526; x_wconf 73' lang='grc' dir='ltr'>τὴν</span> <span class='ocrx_word' id='word_1_416' title='bbox 3134 3455 3240 3507; x_wconf 78' lang='grc' dir='ltr'>ἀπὸ</span> <span class='ocrx_word' id='word_1_417' title='bbox 3257 3455 3353 3524; x_wconf 85' lang='grc' dir='ltr'>τῆς</span> <span class='ocrx_word' id='word_1_418' title='bbox 3380 3449 3760 3522; x_wconf 84' lang='grc' dir='ltr'>αἰχμαλωσίας</span> 
     </span>
    </p>
   </div>
   <div class='ocr_carea' id='block_1_61' title="bbox 2186 3539 3763 3618">
    <p class='ocr_par' dir='ltr' id='par_1_61' title="bbox 2186 3539 3763 3618">
     <span class='ocr_line' id='line_1_61' title="bbox 2186 3539 3763 3618; baseline -0.006 -16"><span class='ocrx_word' id='word_1_419' title='bbox 2186 3549 2465 3612; x_wconf 79' lang='grc' dir='ltr'>ἐπάνοδον,</span> <span class='ocrx_word' id='word_1_420' title='bbox 2500 3550 2594 3602; x_wconf 72' lang='grc' dir='ltr'><strong>καὶ</strong></span> <span class='ocrx_word' id='word_1_421' title='bbox 2621 3549 2720 3618; x_wconf 83' lang='grc' dir='ltr'><strong>τὴν</strong></span> <span class='ocrx_word' id='word_1_422' title='bbox 2741 3548 2948 3600; x_wconf 82' lang='grc' dir='ltr'>οἰκείαν</span> <span class='ocrx_word' id='word_1_423' title='bbox 2971 3546 3260 3610; x_wconf 79' lang='grc' dir='ltr'>ὑποδείξας</span> <span class='ocrx_word' id='word_1_424' title='bbox 3290 3545 3518 3614; x_wconf 81' lang='grc' dir='ltr'>δύναμιν</span> <span class='ocrx_word' id='word_1_425' title='bbox 3546 3543 3634 3595; x_wconf 75' lang='grc' dir='ltr'>διὰ</span> <span class='ocrx_word' id='word_1_426' title='bbox 3656 3539 3763 3608; x_wconf 83' lang='grc' dir='ltr'>τῆς</span> 
     </span>
    </p>
   </div>
   <div class='ocr_carea' id='block_1_62' title="bbox 2185 3627 3764 3706">
    <p class='ocr_par' dir='ltr' id='par_1_62' title="bbox 2185 3627 3764 3706">
     <span class='ocr_line' id='line_1_62' title="bbox 2185 3627 3764 3706; baseline -0.006 -18"><span class='ocrx_word' id='word_1_427' title='bbox 2185 3636 2292 3688; x_wconf 87' lang='grc' dir='ltr'><strong>τῶν</strong></span> <span class='ocrx_word' id='word_1_428' title='bbox 2309 3635 2491 3706; x_wconf 81' lang='grc' dir='ltr'>ξηρῶν</span> <span class='ocrx_word' id='word_1_429' title='bbox 2515 3636 2738 3688; x_wconf 89' lang='grc' dir='ltr'>ἐκείνων</span> <span class='ocrx_word' id='word_1_430' title='bbox 2774 3635 2950 3688; x_wconf 83' lang='grc' dir='ltr'>ὀστῶν</span> <span class='ocrx_word' id='word_1_431' title='bbox 2971 3635 3344 3694; x_wconf 82' lang='grc' dir='ltr'>ἀναστάσεως,</span> <span class='ocrx_word' id='word_1_432' title='bbox 3381 3631 3639 3701; x_wconf 81' lang='grc' dir='ltr'>προλέγει</span> <span class='ocrx_word' id='word_1_433' title='bbox 3664 3627 3764 3680; x_wconf 79' lang='grc' dir='ltr'>καὶ</span> 
     </span>
    </p>
   </div>
   <div class='ocr_carea' id='block_1_63' title="bbox 2184 3719 3762 3795">
    <p class='ocr_par' dir='ltr' id='par_1_63' title="bbox 2184 3719 3762 3795">
     <span class='ocr_line' id='line_1_63' title="bbox 2184 3719 3762 3795; baseline -0.004 -17"><span class='ocrx_word' id='word_1_434' title='bbox 2184 3726 2281 3795; x_wconf 81' lang='grc' dir='ltr'>τῆς</span> <span class='ocrx_word' id='word_1_435' title='bbox 2322 3727 2528 3788; x_wconf 87' lang='grc' dir='ltr'>πόλεως</span> <span class='ocrx_word' id='word_1_436' title='bbox 2563 3727 2654 3778; x_wconf 74' lang='grc' dir='ltr'><strong>καὶ</strong></span> <span class='ocrx_word' id='word_1_437' title='bbox 2683 3725 2776 3778; x_wconf 87' lang='grc' dir='ltr'><strong>τοῦ</strong></span> <span class='ocrx_word' id='word_1_438' title='bbox 2812 3725 2918 3780; x_wconf 89' lang='grc' dir='ltr'><strong>νεὼ</strong></span> <span class='ocrx_word' id='word_1_439' title='bbox 2950 3727 3046 3795; x_wconf 82' lang='grc' dir='ltr'>τὴν</span> <span class='ocrx_word' id='word_1_440' title='bbox 3068 3724 3380 3792; x_wconf 84' lang='grc' dir='ltr'>οἰκοδομίαν</span> <span class='ocrx_word' id='word_1_441' title='bbox 3417 3737 3431 3751; x_wconf 87' lang='grc'><strong>·</strong></span> <span class='ocrx_word' id='word_1_442' title='bbox 3458 3721 3552 3774; x_wconf 73' lang='grc' dir='ltr'><strong>καὶ</strong></span> <span class='ocrx_word' id='word_1_443' title='bbox 3574 3720 3639 3771; x_wconf 81' lang='grc' dir='ltr'><strong>οὐ</strong></span> <span class='ocrx_word' id='word_1_444' title='bbox 3674 3719 3762 3771; x_wconf 83' lang='grc' dir='ltr'>λό-</span> 
     </span>
    </p>
   </div>
   <div class='ocr_carea' id='block_1_64' title="bbox 2185 3809 3764 3887">
    <p class='ocr_par' dir='ltr' id='par_1_64' title="bbox 2185 3809 3764 3887">
     <span class='ocr_line' id='line_1_64' title="bbox 2185 3809 3764 3887; baseline -0.006 -18"><span class='ocrx_word' id='word_1_445' title='bbox 2185 3833 2302 3884; x_wconf 85' lang='grc' dir='ltr'>γοις</span> <span class='ocrx_word' id='word_1_446' title='bbox 2345 3817 2610 3887; x_wconf 85' lang='grc' dir='ltr'>κέχρηται</span> <span class='ocrx_word' id='word_1_447' title='bbox 2649 3816 2850 3886; x_wconf 83' lang='grc' dir='ltr'>μόνοις,</span> <span class='ocrx_word' id='word_1_448' title='bbox 2907 3815 3042 3868; x_wconf 77' lang='grc' dir='ltr'>ἀλλὰ</span> <span class='ocrx_word' id='word_1_449' title='bbox 3080 3816 3176 3867; x_wconf 71' lang='grc' dir='ltr'><strong>καὶ</strong></span> <span class='ocrx_word' id='word_1_450' title='bbox 3224 3813 3459 3882; x_wconf 82' lang='grc' dir='ltr'>θεωρίαν</span> <span class='ocrx_word' id='word_1_451' title='bbox 3499 3809 3764 3878; x_wconf 79' lang='grc' dir='ltr'>τοιαύτην</span> 
     </span>
    </p>
   </div>
   <div class='ocr_carea' id='block_1_65' title="bbox 2186 3901 3764 3978">
    <p class='ocr_par' dir='ltr' id='par_1_65' title="bbox 2186 3901 3764 3978">
     <span class='ocr_line' id='line_1_65' title="bbox 2186 3901 3764 3978; baseline -0.006 -17"><span class='ocrx_word' id='word_1_452' title='bbox 2186 3908 2525 3962; x_wconf 84' lang='grc' dir='ltr'>ὑποδείκνυσι</span> <span class='ocrx_word' id='word_1_453' title='bbox 2557 3908 2599 3939; x_wconf 82' lang='grc'><strong>¹⁹</strong></span> <span class='ocrx_word' id='word_1_454' title='bbox 2623 3908 2699 3978; x_wconf 80' lang='grc' dir='ltr'>τῷ</span> <span class='ocrx_word' id='word_1_455' title='bbox 2731 3909 3008 3978; x_wconf 81' lang='grc' dir='ltr'>προφήτῃ,</span> <span class='ocrx_word' id='word_1_456' title='bbox 3037 3909 3103 3976; x_wconf 77' lang='grc' dir='ltr'>τῇ</span> <span class='ocrx_word' id='word_1_457' title='bbox 3136 3905 3230 3959; x_wconf 85' lang='grc' dir='ltr'><strong>τοῦ</strong></span> <span class='ocrx_word' id='word_1_458' title='bbox 3261 3905 3406 3956; x_wconf 83' lang='grc' dir='ltr'>θείου</span> <span class='ocrx_word' id='word_1_459' title='bbox 3444 3901 3764 3968; x_wconf 78' lang='grc' dir='ltr'>Πνεύματος</span> 
     </span>
    </p>
   </div>
   <div class='ocr_carea' id='block_1_66' title="bbox 2185 3991 3756 4069">
    <p class='ocr_par' dir='ltr' id='par_1_66' title="bbox 2185 3991 3756 4069">
     <span class='ocr_line' id='line_1_66' title="bbox 2185 3991 3756 4069; baseline -0.005 -16"><span class='ocrx_word' id='word_1_460' title='bbox 2185 3999 2434 4069; x_wconf 82' lang='grc' dir='ltr'>ἐνεργείᾳ</span> <span class='ocrx_word' id='word_1_461' title='bbox 2495 4003 2596 4068; x_wconf 83' lang='grc' dir='ltr'>τῆς</span> <span class='ocrx_word' id='word_1_462' title='bbox 2644 3999 2883 4061; x_wconf 86' lang='grc' dir='ltr'>διανοίας</span> <span class='ocrx_word' id='word_1_463' title='bbox 2939 3996 3102 4050; x_wconf 84' lang='grc' dir='ltr'>αὐτοῦ</span> <span class='ocrx_word' id='word_1_464' title='bbox 3137 3996 3381 4064; x_wconf 78' lang='grc' dir='ltr'>φωτίσας</span> <span class='ocrx_word' id='word_1_465' title='bbox 3417 3993 3478 4046; x_wconf 73' lang='grc' dir='ltr'>τὸ</span> <span class='ocrx_word' id='word_1_466' title='bbox 3509 3991 3756 4046; x_wconf 88' lang='grc' dir='ltr'>όπτικόν.</span> 
     </span>
    </p>
   </div>
   <div class='ocr_carea' id='block_1_67' title="bbox 2189 4084 3762 4161">
    <p class='ocr_par' dir='ltr' id='par_1_67' title="bbox 2189 4084 3762 4161">
     <span class='ocr_line' id='line_1_67' title="bbox 2189 4084 3762 4161; baseline -0.004 -17"><span class='ocrx_word' id='word_1_467' title='bbox 2189 4092 2301 4144; x_wconf 88' lang='grc' dir='ltr'>Ἵνα</span> <span class='ocrx_word' id='word_1_468' title='bbox 2339 4091 2395 4143; x_wconf 87' lang='grc' dir='ltr'><strong>δέ</strong></span> <span class='ocrx_word' id='word_1_469' title='bbox 2431 4090 2595 4161; x_wconf 82' lang='grc' dir='ltr'>μὴτὸ</span> <span class='ocrx_word' id='word_1_470' title='bbox 2619 4091 2737 4144; x_wconf 83' lang='grc' dir='ltr'>καθ’</span> <span class='ocrx_word' id='word_1_471' title='bbox 2790 4090 3021 4143; x_wconf 70' lang='grc' dir='ltr'>ἕκαστον</span> <span class='ocrx_word' id='word_1_472' title='bbox 3070 4088 3461 4158; x_wconf 78' lang='grc' dir='ltr'>ἑρμηνεύοντες</span> <span class='ocrx_word' id='word_1_473' title='bbox 3499 4084 3762 4139; x_wconf 83' lang='grc' dir='ltr'>ἀποκναίο</span> 
     </span>
    </p>
   </div>
   <div class='ocr_carea' id='block_1_68' title="bbox 2187 4177 3756 4250">
    <p class='ocr_par' dir='ltr' id='par_1_68' title="bbox 2187 4177 3756 4250">
     <span class='ocr_line' id='line_1_68' title="bbox 2187 4177 3756 4250; baseline -0.004 -17"><span class='ocrx_word' id='word_1_474' title='bbox 2187 4197 2367 4250; x_wconf 85' lang='grc' dir='ltr'>σωμεν</span> <span class='ocrx_word' id='word_1_475' title='bbox 2398 4183 2524 4243; x_wconf 78' lang='grc' dir='ltr'>τοὺς</span> <span class='ocrx_word' id='word_1_476' title='bbox 2550 4181 2977 4248; x_wconf 84' lang='grc' dir='ltr'>ἐντυγχάνοντας</span> <span class='ocrx_word' id='word_1_477' title='bbox 3009 4179 3135 4249; x_wconf 81' lang='grc' dir='ltr'>τῇδε</span> <span class='ocrx_word' id='word_1_478' title='bbox 3164 4180 3230 4249; x_wconf 81' lang='grc' dir='ltr'>τῇ</span> <span class='ocrx_word' id='word_1_479' title='bbox 3273 4177 3440 4248; x_wconf 77' lang='grc' dir='ltr'>βίϐλῳ</span> <span class='ocrx_word' id='word_1_480' title='bbox 3477 4177 3556 4246; x_wconf 81' lang='grc' dir='ltr'><strong>τῷ</strong></span> <span class='ocrx_word' id='word_1_481' title='bbox 3589 4178 3756 4245; x_wconf 87' lang='grc' dir='ltr'>μήκει</span> 
     </span>
    </p>
   </div>
   <div class='ocr_carea' id='block_1_69' title="bbox 2181 4267 3762 4340">
    <p class='ocr_par' dir='ltr' id='par_1_69' title="bbox 2181 4267 3762 4340">
     <span class='ocr_line' id='line_1_69' title="bbox 2181 4267 3762 4340; baseline -0.005 -15"><span class='ocrx_word' id='word_1_482' title='bbox 2181 4272 2290 4324; x_wconf 84' lang='grc' dir='ltr'><strong>τῶν</strong></span> <span class='ocrx_word' id='word_1_483' title='bbox 2321 4271 2514 4338; x_wconf 87' lang='grc' dir='ltr'>λόγων,</span> <span class='ocrx_word' id='word_1_484' title='bbox 2545 4272 2600 4322; x_wconf 86' lang='grc' dir='ltr'><strong>ἐν</strong></span> <span class='ocrx_word' id='word_1_485' title='bbox 2624 4273 2668 4303; x_wconf 82' lang='grc'><strong>²⁰</strong></span> <span class='ocrx_word' id='word_1_486' title='bbox 2709 4271 2990 4340; x_wconf 81' lang='grc' dir='ltr'>κεφαλαίῳ</span> <span class='ocrx_word' id='word_1_487' title='bbox 3041 4267 3393 4339; x_wconf 83' lang='grc' dir='ltr'>παράφρασίν</span> <span class='ocrx_word' id='word_1_488' title='bbox 3446 4284 3567 4319; x_wconf 87' lang='grc' dir='ltr'>τινα</span> <span class='ocrx_word' id='word_1_489' title='bbox 3602 4268 3762 4336; x_wconf 75' lang='grc' dir='ltr'>ποιήο</span> 
     </span>
    </p>
   </div>
   <div class='ocr_carea' id='block_1_70' title="bbox 2185 4358 3760 4431">
    <p class='ocr_par' dir='ltr' id='par_1_70' title="bbox 2185 4358 3760 4431">
     <span class='ocr_line' id='line_1_70' title="bbox 2185 4358 3760 4431; baseline -0.003 -18"><span class='ocrx_word' id='word_1_490' title='bbox 2185 4360 2380 4414; x_wconf 84' lang='grc' dir='ltr'>σασθαι</span> <span class='ocrx_word' id='word_1_491' title='bbox 2421 4360 2722 4431; x_wconf 79' lang='grc' dir='ltr'>βουλόμεθα</span> <span class='ocrx_word' id='word_1_492' title='bbox 2761 4362 2870 4413; x_wconf 87' lang='grc' dir='ltr'><strong>τῶν</strong></span> <span class='ocrx_word' id='word_1_493' title='bbox 2912 4360 3336 4430; x_wconf 82' lang='grc' dir='ltr'>ὑποδειχθέντων</span> <span class='ocrx_word' id='word_1_494' title='bbox 3370 4358 3760 4427; x_wconf 75' lang='grc' dir='ltr'>πνευματικῶς</span> 
     </span>
    </p>
   </div>
   <div class='ocr_carea' id='block_1_71' title="bbox 2181 4449 3758 4522">
    <p class='ocr_par' dir='ltr' id='par_1_71' title="bbox 2181 4449 3758 4522">
     <span class='ocr_line' id='line_1_71' title="bbox 2181 4449 3758 4522; baseline -0.001 -20"><span class='ocrx_word' id='word_1_495' title='bbox 2181 4449 2260 4520; x_wconf 84' lang='grc' dir='ltr'>τῷ</span> <span class='ocrx_word' id='word_1_496' title='bbox 2299 4450 2568 4520; x_wconf 81' lang='grc' dir='ltr'>Θεσπεσὶῳ</span> <span class='ocrx_word' id='word_1_497' title='bbox 2600 4451 2874 4522; x_wconf 81' lang='grc' dir='ltr'>προφήτῃ.</span> <span class='ocrx_word' id='word_1_498' title='bbox 2912 4451 3077 4518; x_wconf 83' lang='grc' dir='ltr'>Λέγει</span> <span class='ocrx_word' id='word_1_499' title='bbox 3114 4450 3326 4514; x_wconf 87' lang='grc' dir='ltr'>τοίνυν,</span> <span class='ocrx_word' id='word_1_500' title='bbox 3379 4468 3396 4499; x_wconf 79' lang='grc' dir='ltr'><strong>ι</strong></span> <span class='ocrx_word' id='word_1_501' title='bbox 3443 4449 3530 4501; x_wconf 85' lang='grc' dir='ltr'>Ἐν</span> <span class='ocrx_word' id='word_1_502' title='bbox 3568 4449 3758 4518; x_wconf 77' lang='grc' dir='ltr'>ὁράσει</span> 
     </span>
    </p>
   </div>
   <div class='ocr_carea' id='block_1_72' title="bbox 497 4533 2082 4636">
    <p class='ocr_par' dir='ltr' id='par_1_72' title="bbox 497 4533 2082 4611">
     <span class='ocr_line' id='line_1_72' title="bbox 497 4533 2082 4611; baseline 0.001 -25"><span class='ocrx_word' id='word_1_503' title='bbox 497 4533 689 4599; x_wconf 81' lang='lat' dir='ltr'><strong>fuisse,</strong></span> <span class='ocrx_word' id='word_1_504' title='bbox 734 4533 1052 4611; x_wconf 81' lang='lat' dir='ltr'><strong>vidisseque</strong></span> <span class='ocrx_word' id='word_1_505' title='bbox 1099 4534 1154 4588; x_wconf 94' lang='lat' dir='ltr'><strong>in</strong></span> <span class='ocrx_word' id='word_1_506' title='bbox 1193 4545 1378 4588; x_wconf 90' lang='lat' dir='ltr'><strong>monte</strong></span> <span class='ocrx_word' id='word_1_507' title='bbox 1432 4535 1671 4604; x_wconf 89' lang='lat' dir='ltr'><strong>quodam</strong></span> <span class='ocrx_word' id='word_1_508' title='bbox 1707 4535 1925 4589; x_wconf 80' lang='lat' dir='ltr'><strong>excelso</strong></span> <span class='ocrx_word' id='word_1_509' title='bbox 1951 4534 2082 4588; x_wconf 72' lang='lat' dir='ltr'><strong>aedi—</strong></span> 
     </span>
    </p>
   </div>
   <div class='ocr_carea' id='block_1_73' title="bbox 2184 4533 3762 4636">
    <p class='ocr_par' dir='ltr' id='par_1_73' title="bbox 2185 4538 3762 4610">
     <span class='ocr_line' id='line_1_73' title="bbox 2185 4538 3762 4610; baseline -0.002 -17"><span class='ocrx_word' id='word_1_510' title='bbox 2185 4540 2342 4606; x_wconf 77' lang='grc' dir='ltr'>Θεοῦ,</span> <span class='ocrx_word' id='word_1_511' title='bbox 2376 4559 2394 4591; x_wconf 71' lang='grc' dir='ltr'><strong>ι</strong></span> <span class='ocrx_word' id='word_1_512' title='bbox 2455 4542 2697 4593; x_wconf 84' lang='grc' dir='ltr'>τουτέστι</span> <span class='ocrx_word' id='word_1_513' title='bbox 2754 4543 3137 4610; x_wconf 81' lang='grc' dir='ltr'>πνευματικῇ,</span> <span class='ocrx_word' id='word_1_514' title='bbox 3187 4542 3246 4592; x_wconf 80' lang='grc' dir='ltr'><strong>οὐ</strong></span> <span class='ocrx_word' id='word_1_515' title='bbox 3285 4542 3570 4610; x_wconf 76' lang='grc' dir='ltr'>σωματικῇ</span> <span class='ocrx_word' id='word_1_516' title='bbox 3617 4538 3762 4606; x_wconf 77' lang='grc' dir='ltr'>ὕψει,</span> 
     </span>
    </p>
   </div>
   <div class='ocr_carea' id='block_1_74' title="bbox 499 4607 2082 4696">
    <p class='ocr_par' dir='ltr' id='par_1_74' title="bbox 499 4607 2082 4696">
     <span class='ocr_line' id='line_1_74' title="bbox 499 4607 2082 4696; baseline 0.001 -20"><span class='ocrx_word' id='word_1_517' title='bbox 499 4622 706 4689; x_wconf 74' lang='lat' dir='ltr'><strong>(icium,</strong></span> <span class='ocrx_word' id='word_1_518' title='bbox 763 4607 901 4696; x_wconf 62' lang='lat'><strong>[3,4]</strong></span> <span class='ocrx_word' id='word_1_519' title='bbox 945 4624 1314 4694; x_wconf 89' lang='lat' dir='ltr'><strong>etquemdam</strong></span> <span class='ocrx_word' id='word_1_520' title='bbox 1376 4625 1451 4681; x_wconf 89' lang='lat' dir='ltr'><strong>ibi</strong></span> <span class='ocrx_word' id='word_1_521' title='bbox 1493 4634 1798 4696; x_wconf 57' lang='lat' dir='ltr'><strong>,stantem,</strong></span> <span class='ocrx_word' id='word_1_522' title='bbox 1840 4626 2082 4679; x_wconf 91' lang='lat' dir='ltr'><strong>humana</strong></span> 
     </span>
    </p>
   </div>
   <div class='ocr_carea' id='block_1_75' title="bbox 498 4713 2091 4784">
    <p class='ocr_par' dir='ltr' id='par_1_75' title="bbox 498 4713 2091 4784">
     <span class='ocr_line' id='line_1_75' title="bbox 498 4713 2091 4784; baseline 0.003 -19"><span class='ocrx_word' id='word_1_523' title='bbox 498 4713 720 4783; x_wconf 87' lang='lat' dir='ltr'><strong>quidem</strong></span> <span class='ocrx_word' id='word_1_524' title='bbox 755 4714 932 4768; x_wconf 79' lang='lat' dir='ltr'><strong>forma</strong></span> <span class='ocrx_word' id='word_1_525' title='bbox 961 4715 1275 4784; x_wconf 74' lang='lat' dir='ltr'><strong>przeditum,</strong></span> <span class='ocrx_word' id='word_1_526' title='bbox 1310 4717 1404 4772; x_wconf 87' lang='lat' dir='ltr'><strong>sed</strong></span> <span class='ocrx_word' id='word_1_527' title='bbox 1427 4717 1615 4771; x_wconf 92' lang='lat' dir='ltr'><strong>colore</strong></span> <span class='ocrx_word' id='word_1_528' title='bbox 1647 4717 2091 4784; x_wconf 89' lang='lat' dir='ltr'><strong>splendidissimi</strong></span> 
     </span>
    </p>
   </div>
   <div class='ocr_carea' id='block_1_76' title="bbox 499 4803 2087 4876">
    <p class='ocr_par' dir='ltr' id='par_1_76' title="bbox 499 4803 2087 4876">
     <span class='ocr_line' id='line_1_76' title="bbox 499 4803 2087 4876; baseline 0.002 -21"><span class='ocrx_word' id='word_1_529' title='bbox 499 4811 664 4872; x_wconf 89' lang='lat' dir='ltr'><strong>atque</strong></span> <span class='ocrx_word' id='word_1_530' title='bbox 696 4803 1056 4872; x_wconf 86' lang='lat' dir='ltr'><strong>pulcherrimi</strong></span> <span class='ocrx_word' id='word_1_531' title='bbox 1083 4806 1232 4868; x_wconf 84' lang='lat' dir='ltr'><strong>acris,</strong></span> <span class='ocrx_word' id='word_1_532' title='bbox 1266 4807 1660 4876; x_wconf 90' lang='lat' dir='ltr'><strong>calamumque</strong></span> <span class='ocrx_word' id='word_1_533' title='bbox 1694 4816 1748 4859; x_wconf 88' lang='lat' dir='ltr'><strong>et</strong></span> <span class='ocrx_word' id='word_1_534' title='bbox 1786 4806 2087 4860; x_wconf 81' lang='lat' dir='ltr'><strong>funiculum</strong></span> 
     </span>
    </p>
   </div>
   <div class='ocr_carea' id='block_1_77' title="bbox 2189 4630 3761 4703">
    <p class='ocr_par' dir='ltr' id='par_1_77' title="bbox 2189 4630 3761 4703">
     <span class='ocr_line' id='line_1_77' title="bbox 2189 4630 3761 4703; baseline -0.001 -20"><span class='ocrx_word' id='word_1_535' title='bbox 2189 4632 2508 4702; x_wconf 82' lang='grc' dir='ltr'>ἀπαχθῆναι</span> <span class='ocrx_word' id='word_1_536' title='bbox 2561 4632 2662 4701; x_wconf 78' lang='grc' dir='ltr'><strong>μὲν</strong></span> <span class='ocrx_word' id='word_1_537' title='bbox 2725 4630 2889 4685; x_wconf 80' lang='grc' dir='ltr'>αὐτοῦ</span> <span class='ocrx_word' id='word_1_538' title='bbox 2913 4632 3012 4703; x_wconf 76' lang='grc' dir='ltr'><strong>τὴν</strong></span> <span class='ocrx_word' id='word_1_539' title='bbox 3042 4633 3280 4686; x_wconf 77' lang='grc' dir='ltr'>διάνοιαν</span> <span class='ocrx_word' id='word_1_540' title='bbox 3310 4635 3389 4694; x_wconf 85' lang='grc' dir='ltr'><strong>εἰς</strong></span> <span class='ocrx_word' id='word_1_541' title='bbox 3409 4633 3506 4701; x_wconf 80' lang='grc' dir='ltr'>τὴν</span> <span class='ocrx_word' id='word_1_542' title='bbox 3529 4631 3632 4700; x_wconf 80' lang='grc' dir='ltr'>γῆν</span> <span class='ocrx_word' id='word_1_543' title='bbox 3663 4631 3761 4683; x_wconf 84' lang='grc' dir='ltr'><strong>τοῦ</strong></span> 
     </span>
    </p>
   </div>
   <div class='ocr_carea' id='block_1_78' title="bbox 2197 4721 3762 4794">
    <p class='ocr_par' dir='ltr' id='par_1_78' title="bbox 2197 4721 3762 4794">
     <span class='ocr_line' id='line_1_78' title="bbox 2197 4721 3762 4794; baseline 0 -20"><span class='ocrx_word' id='word_1_544' title='bbox 2197 4723 2434 4793; x_wconf 81' lang='grc' dir='ltr'>Ἰσραὴλ,</span> <span class='ocrx_word' id='word_1_545' title='bbox 2466 4723 2594 4775; x_wconf 83' lang='grc' dir='ltr'>ἰδεῖν</span> <span class='ocrx_word' id='word_1_546' title='bbox 2615 4721 2670 4773; x_wconf 86' lang='grc' dir='ltr'>δὲ</span> <span class='ocrx_word' id='word_1_547' title='bbox 2701 4723 2784 4775; x_wconf 83' lang='grc' dir='ltr'>ἐπ’</span> <span class='ocrx_word' id='word_1_548' title='bbox 2808 4722 2968 4794; x_wconf 79' lang='grc' dir='ltr'>ὅρους</span> <span class='ocrx_word' id='word_1_549' title='bbox 2994 4723 3138 4786; x_wconf 81' lang='grc' dir='ltr'>τινὸς</span> <span class='ocrx_word' id='word_1_550' title='bbox 3176 4721 3382 4794; x_wconf 73' lang='grc' dir='ltr'>ὑψηλοῦ</span> <span class='ocrx_word' id='word_1_551' title='bbox 3428 4721 3762 4791; x_wconf 81' lang='grc' dir='ltr'>οἰκοδομίαν,</span> 
     </span>
    </p>
   </div>
   <div class='ocr_carea' id='block_1_79' title="bbox 2189 4809 3761 4884">
    <p class='ocr_par' dir='ltr' id='par_1_79' title="bbox 2189 4809 3761 4884">
     <span class='ocr_line' id='line_1_79' title="bbox 2189 4809 3761 4884; baseline 0.002 -21"><span class='ocrx_word' id='word_1_552' title='bbox 2189 4813 2278 4863; x_wconf 90' lang='grc' dir='ltr'><strong>καί</strong></span> <span class='ocrx_word' id='word_1_553' title='bbox 2307 4828 2428 4864; x_wconf 88' lang='grc' dir='ltr'>τινα</span> <span class='ocrx_word' id='word_1_554' title='bbox 2449 4813 2737 4881; x_wconf 81' lang='grc' dir='ltr'>ἑστηκότα,</span> <span class='ocrx_word' id='word_1_555' title='bbox 2764 4814 2823 4864; x_wconf 75' lang='grc' dir='ltr'>τὸ</span> <span class='ocrx_word' id='word_1_556' title='bbox 2865 4814 2963 4882; x_wconf 77' lang='grc' dir='ltr'>μὲν</span> <span class='ocrx_word' id='word_1_557' title='bbox 2999 4809 3138 4878; x_wconf 82' lang='grc' dir='ltr'>εἰδος</span> <span class='ocrx_word' id='word_1_558' title='bbox 3163 4813 3501 4884; x_wconf 81' lang='grc' dir='ltr'>ἀνθρώπειον</span> <span class='ocrx_word' id='word_1_559' title='bbox 3541 4813 3761 4883; x_wconf 76' lang='grc' dir='ltr'>ἔχοντα,</span> 
     </span>
    </p>
   </div>
   <div class='ocr_carea' id='block_1_80' title="bbox 499 4892 2082 4972">
    <p class='ocr_par' dir='ltr' id='par_1_80' title="bbox 499 4892 2082 4962">
     <span class='ocr_line' id='line_1_80' title="bbox 499 4892 2082 4962; baseline 0.002 -17"><span class='ocrx_word' id='word_1_560' title='bbox 499 4892 566 4945; x_wconf 86' lang='lat' dir='ltr'><strong>ad</strong></span> <span class='ocrx_word' id='word_1_561' title='bbox 625 4892 938 4946; x_wconf 69' lang='lat' dir='ltr'><strong>aediﬁcandi</strong></span> <span class='ocrx_word' id='word_1_562' title='bbox 994 4909 1153 4948; x_wconf 91' lang='lat' dir='ltr'><strong>usum</strong></span> <span class='ocrx_word' id='word_1_563' title='bbox 1217 4902 1404 4962; x_wconf 87' lang='lat' dir='ltr'><strong>aptum</strong></span> <span class='ocrx_word' id='word_1_564' title='bbox 1457 4895 1814 4959; x_wconf 76' lang='lat' dir='ltr'><strong>aﬂerentem,</strong></span> <span class='ocrx_word' id='word_1_565' title='bbox 1872 4894 2082 4962; x_wconf 83' lang='lat' dir='ltr'><strong>sibique</strong></span> 
     </span>
    </p>
   </div>
   <div class='ocr_carea' id='block_1_81' title="bbox 2184 4892 3768 4972">
    <p class='ocr_par' dir='ltr' id='par_1_81' title="bbox 2184 4898 3768 4972">
     <span class='ocr_line' id='line_1_81' title="bbox 2184 4898 3768 4972; baseline 0.003 -21"><span class='ocrx_word' id='word_1_566' title='bbox 2184 4898 2282 4968; x_wconf 86' lang='grc' dir='ltr'>τὴν</span> <span class='ocrx_word' id='word_1_567' title='bbox 2302 4899 2358 4950; x_wconf 87' lang='grc' dir='ltr'>δὲ</span> <span class='ocrx_word' id='word_1_568' title='bbox 2388 4899 2555 4968; x_wconf 84' lang='grc' dir='ltr'>χρόαν</span> <span class='ocrx_word' id='word_1_569' title='bbox 2584 4899 2969 4970; x_wconf 82' lang='grc' dir='ltr'>λαμπροτάτου</span> <span class='ocrx_word' id='word_1_570' title='bbox 2995 4901 3089 4954; x_wconf 67' lang='grc' dir='ltr'><strong>καί⁷</strong></span> <span class='ocrx_word' id='word_1_571' title='bbox 3121 4901 3617 4972; x_wconf 81' lang='grc' dir='ltr'>περικαλλεστάτου</span> <span class='ocrx_word' id='word_1_572' title='bbox 3639 4903 3768 4971; x_wconf 87' lang='grc' dir='ltr'>χαλ-</span> 
     </span>
    </p>
   </div>
   <div class='ocr_carea' id='block_1_82' title="bbox 499 4982 2088 5054">
    <p class='ocr_par' dir='ltr' id='par_1_82' title="bbox 499 4982 2088 5054">
     <span class='ocr_line' id='line_1_82' title="bbox 499 4982 2088 5054; baseline 0.001 -20"><span class='ocrx_word' id='word_1_573' title='bbox 499 4982 932 5050; x_wconf 82' lang='lat' dir='ltr'><strong>praecipientem,</strong></span> <span class='ocrx_word' id='word_1_574' title='bbox 970 4993 1029 5036; x_wconf 91' lang='lat' dir='ltr'><strong>ut</strong></span> <span class='ocrx_word' id='word_1_575' title='bbox 1070 5000 1192 5053; x_wconf 69' lang='lat' dir='ltr'><strong>quae</strong></span> <span class='ocrx_word' id='word_1_576' title='bbox 1223 4983 1656 5038; x_wconf 91' lang='lat' dir='ltr'><strong>ostenderentur</strong></span> <span class='ocrx_word' id='word_1_577' title='bbox 1703 4985 2088 5054; x_wconf 88' lang='lat' dir='ltr'><strong>conspiceret,</strong></span> 
     </span>
    </p>
   </div>
   <div class='ocr_carea' id='block_1_83' title="bbox 497 5073 2087 5143">
    <p class='ocr_par' dir='ltr' id='par_1_83' title="bbox 497 5073 2087 5143">
     <span class='ocr_line' id='line_1_83' title="bbox 497 5073 2087 5143; baseline 0.003 -17"><span class='ocrx_word' id='word_1_578' title='bbox 497 5077 555 5126; x_wconf 84' lang='lat' dir='ltr'><strong>et</strong></span> <span class='ocrx_word' id='word_1_579' title='bbox 611 5087 732 5141; x_wconf 75' lang='lat' dir='ltr'><strong>qua:</strong></span> <span class='ocrx_word' id='word_1_580' title='bbox 771 5074 1090 5127; x_wconf 89' lang='lat' dir='ltr'><strong>dicerentur</strong></span> <span class='ocrx_word' id='word_1_581' title='bbox 1131 5075 1368 5129; x_wconf 90' lang='lat' dir='ltr'><strong>audiret.</strong></span> <span class='ocrx_word' id='word_1_582' title='bbox 1413 5073 1548 5143; x_wconf 87' lang='lat' dir='ltr'><strong>Ejus</strong></span> <span class='ocrx_word' id='word_1_583' title='bbox 1601 5075 1746 5128; x_wconf 92' lang='lat' dir='ltr'><strong>enim</strong></span> <span class='ocrx_word' id='word_1_584' title='bbox 1799 5089 1968 5129; x_wconf 87' lang='lat' dir='ltr'><strong>causa</strong></span> <span class='ocrx_word' id='word_1_585' title='bbox 2027 5090 2087 5130; x_wconf 89' lang='lat' dir='ltr'><strong>se</strong></span> 
     </span>
    </p>
   </div>
   <div class='ocr_carea' id='block_1_84' title="bbox 2185 4985 3764 5060">
    <p class='ocr_par' dir='ltr' id='par_1_84' title="bbox 2185 4985 3764 5060">
     <span class='ocr_line' id='line_1_84' title="bbox 2185 4985 3764 5060; baseline 0.002 -21"><span class='ocrx_word' id='word_1_586' title='bbox 2185 4985 2306 5048; x_wconf 84' lang='grc' dir='ltr'>κοῦ,</span> <span class='ocrx_word' id='word_1_587' title='bbox 2341 4987 2585 5056; x_wconf 85' lang='grc' dir='ltr'>κάλαμον</span> <span class='ocrx_word' id='word_1_588' title='bbox 2608 4987 2664 5040; x_wconf 87' lang='grc' dir='ltr'>δὲ</span> <span class='ocrx_word' id='word_1_589' title='bbox 2697 4989 2790 5040; x_wconf 80' lang='grc' dir='ltr'>καὶ</span> <span class='ocrx_word' id='word_1_590' title='bbox 2825 4989 3088 5058; x_wconf 85' lang='grc' dir='ltr'>σπαρτίον</span> <span class='ocrx_word' id='word_1_591' title='bbox 3126 4989 3469 5060; x_wconf 84' lang='grc' dir='ltr'>οἰκοδομικὸν</span> <span class='ocrx_word' id='word_1_592' title='bbox 3499 4991 3764 5059; x_wconf 83' lang='grc' dir='ltr'>ἐπιφερό-</span> 
     </span>
    </p>
   </div>
   <div class='ocr_carea' id='block_1_85' title="bbox 2187 5079 3764 5151">
    <p class='ocr_par' dir='ltr' id='par_1_85' title="bbox 2187 5079 3764 5151">
     <span class='ocr_line' id='line_1_85' title="bbox 2187 5079 3764 5151; baseline 0.004 -23"><span class='ocrx_word' id='word_1_593' title='bbox 2187 5094 2366 5145; x_wconf 87' lang='grc' dir='ltr'>μενον,</span> <span class='ocrx_word' id='word_1_594' title='bbox 2396 5079 2490 5129; x_wconf 78' lang='grc' dir='ltr'><strong>καὶ</strong></span> <span class='ocrx_word' id='word_1_595' title='bbox 2511 5079 3011 5150; x_wconf 88' lang='grc' dir='ltr'>παρακελευόμενόν</span> <span class='ocrx_word' id='word_1_596' title='bbox 3042 5098 3132 5151; x_wconf 92' lang='grc' dir='ltr'><strong>μοι</strong></span> <span class='ocrx_word' id='word_1_597' title='bbox 3163 5121 3178 5146; x_wconf 86' lang='grc'><em>,</em></span> <span class='ocrx_word' id='word_1_598' title='bbox 3212 5081 3305 5136; x_wconf 79' lang='grc' dir='ltr'>καὶ</span> <span class='ocrx_word' id='word_1_599' title='bbox 3344 5083 3413 5134; x_wconf 85' lang='grc' dir='ltr'>τὰ</span> <span class='ocrx_word' id='word_1_600' title='bbox 3443 5081 3764 5134; x_wconf 81' lang='grc' dir='ltr'>ὑποδεικνύ-</span> 
     </span>
    </p>
   </div>
   <div class='ocr_carea' id='block_1_86' title="bbox 1810 5205 2488 5263">
    <p class='ocr_par' dir='ltr' id='par_1_86' title="bbox 1810 5205 2488 5263">
     <span class='ocr_line' id='line_1_86' title="bbox 1810 5205 2488 5263; baseline 0.009 -6"><span class='ocrx_word' id='word_1_601' title='bbox 1810 5205 2046 5260; x_wconf 67' lang='lat' dir='ltr'><strong>V.\R|}E</strong></span> <span class='ocrx_word' id='word_1_602' title='bbox 2088 5206 2488 5263; x_wconf 85' lang='lat' dir='ltr'><strong>LECTIONES.</strong></span> 
     </span>
    </p>
   </div>
   <div class='ocr_carea' id='block_1_87' title="bbox 568 5291 1350 5348">
    <p class='ocr_par' dir='ltr' id='par_1_87' title="bbox 568 5291 1350 5348">
     <span class='ocr_line' id='line_1_87' title="bbox 568 5291 1350 5348; baseline 0.008 -7"><span class='ocrx_word' id='word_1_603' title='bbox 568 5291 612 5325; x_wconf 84' lang='grc'>¹¹</span> <span class='ocrx_word' id='word_1_604' title='bbox 651 5291 757 5345; x_wconf 89' lang='grc' dir='ltr'><strong>τῶν</strong></span> <span class='ocrx_word' id='word_1_605' title='bbox 788 5292 1018 5344; x_wconf 81' lang='grc' dir='ltr'>αἰώνων.</span> <span class='ocrx_word' id='word_1_606' title='bbox 1047 5293 1169 5348; x_wconf 84' lang='lat' dir='ltr'><strong>Des.</strong></span> <span class='ocrx_word' id='word_1_607' title='bbox 1202 5295 1258 5346; x_wconf 87' lang='lat' dir='ltr'><strong>iu</strong></span> <span class='ocrx_word' id='word_1_608' title='bbox 1290 5295 1350 5347; x_wconf 88' lang='grc' dir='ltr'><strong>Β.</strong></span> 
     </span>
    </p>
   </div>
   <div class='ocr_carea' id='block_1_88' title="bbox 499 5362 2064 5483">
    <p class='ocr_par' dir='ltr' id='par_1_88' title="bbox 499 5362 2064 5483">
     <span class='ocr_line' id='line_1_88' title="bbox 499 5362 2064 5483; baseline 0.005 -69"><span class='ocrx_word' id='word_1_609' title='bbox 499 5362 754 5483; x_wconf 50' lang='lat' dir='ltr'><strong>Reginam,</strong></span> <span class='ocrx_word' id='word_1_610' title='bbox 800 5363 1126 5415; x_wconf 86' lang='lat' dir='ltr'><strong>auctoritate</strong></span> <span class='ocrx_word' id='word_1_611' title='bbox 1151 5363 1271 5416; x_wconf 90' lang='lat' dir='ltr'><strong>cod.</strong></span> <span class='ocrx_word' id='word_1_612' title='bbox 1311 5364 1397 5417; x_wconf 89' lang='lat' dir='ltr'><strong>cui</strong></span> <span class='ocrx_word' id='word_1_613' title='bbox 1432 5363 1615 5419; x_wconf 77' lang='lat' dir='ltr'><strong>lavent</strong></span> <span class='ocrx_word' id='word_1_614' title='bbox 1645 5362 1785 5418; x_wconf 76' lang='lat' dir='ltr'><strong>LXX</strong></span> <span class='ocrx_word' id='word_1_615' title='bbox 1815 5362 1868 5420; x_wconf 83' lang='lat' dir='ltr'><strong>et</strong></span> <span class='ocrx_word' id='word_1_616' title='bbox 1901 5368 2064 5422; x_wconf 88' lang='lat' dir='ltr'><strong>llebr.</strong></span> 
     </span>
     <span class='ocr_line' id='line_1_89' title="bbox 500 5428 2055 5483; baseline 0.001 -1"><span class='ocrx_word' id='word_1_617' title='bbox 500 5429 540 5481; x_wconf 83' lang='lat' dir='ltr'><strong>L</strong></span> <span class='ocrx_word' id='word_1_618' title='bbox 599 5428 643 5482; x_wconf 78' lang='grc' dir='ltr'><strong>Χ</strong></span> <span class='ocrx_word' id='word_1_619' title='bbox 671 5439 723 5482; x_wconf 91' lang='lat' dir='ltr'><strong>et</strong></span> <span class='ocrx_word' id='word_1_620' title='bbox 755 5429 920 5483; x_wconf 81' lang='lat' dir='ltr'><strong>Hebr.</strong></span> <span class='ocrx_word' id='word_1_621' title='bbox 979 5432 1253 5483; x_wconf 80' lang='lat' dir='ltr'><strong>Dertiuettt</strong></span> <span class='ocrx_word' id='word_1_622' title='bbox 1283 5437 1349 5483; x_wconf 88' lang='lat' dir='ltr'><strong>ad</strong></span> <span class='ocrx_word' id='word_1_623' title='bbox 1403 5449 1548 5483; x_wconf 84' lang='lat' dir='ltr'><strong>vers.</strong></span> <span class='ocrx_word' id='word_1_624' title='bbox 1589 5437 1638 5483; x_wconf 76' lang='lat' dir='ltr'><strong>l.</strong></span> <span class='ocrx_word' id='word_1_625' title='bbox 1719 5437 1760 5466; x_wconf 77' lang='lat'><strong>“</strong></span> <span class='ocrx_word' id='word_1_626' title='bbox 1799 5437 1975 5483; x_wconf 65' lang='grc' dir='ltr'>ἤγαγε</span> <span class='ocrx_word' id='word_1_627' title='bbox 2000 5436 2055 5483; x_wconf 84' lang='grc' dir='ltr'><strong>δέ</strong></span> 
     </span>
    </p>
   </div>
   <div class='ocr_carea' id='block_1_89' title="bbox 500 5499 1254 5552">
    <p class='ocr_par' dir='ltr' id='par_1_89' title="bbox 500 5499 1254 5552">
     <span class='ocr_line' id='line_1_90' title="bbox 500 5499 1254 5552; baseline 0.003 -2"><span class='ocrx_word' id='word_1_628' title='bbox 500 5500 661 5552; x_wconf 83' lang='lat' dir='ltr'><strong>ridie.</strong></span> <span class='ocrx_word' id='word_1_629' title='bbox 752 5501 793 5530; x_wconf 84' lang='grc'><strong>¹⁹</strong></span> <span class='ocrx_word' id='word_1_630' title='bbox 835 5500 874 5550; x_wconf 87' lang='grc' dir='ltr'>Β</span> <span class='ocrx_word' id='word_1_631' title='bbox 903 5499 1254 5552; x_wconf 85' lang='grc' dir='ltr'>ἐπιδείκνυσι.</span> 
     </span>
    </p>
   </div>
   <div class='ocr_carea' id='block_1_90' title="bbox 1457 5296 2275 5370">
    <p class='ocr_par' dir='ltr' id='par_1_90' title="bbox 1457 5296 2275 5370">
     <span class='ocr_line' id='line_1_91' title="bbox 1457 5296 2275 5370; baseline 0.007 -24"><span class='ocrx_word' id='word_1_632' title='bbox 1457 5296 1499 5326; x_wconf 76' lang='grc'><strong><em>⁸³</em></strong></span> <span class='ocrx_word' id='word_1_633' title='bbox 1537 5297 1582 5347; x_wconf 80' lang='grc' dir='ltr'><strong>Δ</strong></span> <span class='ocrx_word' id='word_1_634' title='bbox 1615 5297 1853 5370; x_wconf 70' lang='grc' dir='ltr'>πέμπτῳ</span> <span class='ocrx_word' id='word_1_635' title='bbox 1883 5301 1991 5370; x_wconf 58' lang='grc' dir='ltr'><strong>καί</strong></span> <span class='ocrx_word' id='word_1_636' title='bbox 2026 5300 2275 5370; x_wconf 86' lang='grc' dir='ltr'>εἰκοστῷ.</span> 
     </span>
    </p>
   </div>
   <div class='ocr_carea' id='block_1_91' title="bbox 1103 5371 2788 5444">
    <p class='ocr_par' dir='ltr' id='par_1_91' title="bbox 1103 5371 2788 5444">
     <span class='ocr_line' id='line_1_92' title="bbox 1103 5371 2788 5444; baseline 0.008 -30"><span class='ocrx_word' id='word_1_637' title='bbox 1103 5371 1271 5444; x_wconf 74' lang='lat' dir='ltr'><strong>ecod.</strong></span> <span class='ocrx_word' id='word_1_638' title='bbox 1311 5371 1397 5444; x_wconf 77' lang='lat' dir='ltr'><strong>cui</strong></span> <span class='ocrx_word' id='word_1_639' title='bbox 1432 5371 1615 5444; x_wconf 76' lang='lat' dir='ltr'><strong>lavent</strong></span> <span class='ocrx_word' id='word_1_640' title='bbox 1645 5371 1868 5444; x_wconf 50' lang='grc' dir='ltr'>ωυρμ</span> <span class='ocrx_word' id='word_1_641' title='bbox 1901 5371 2064 5444; x_wconf 60' lang='lat' dir='ltr'><strong>Hebr.</strong></span> <span class='ocrx_word' id='word_1_642' title='bbox 2167 5371 2443 5444; x_wconf 55' lang='grc' dir='ltr'>ιδ-ταύτῃ.</span> <span class='ocrx_word' id='word_1_643' title='bbox 2487 5371 2530 5424; x_wconf 79' lang='grc' dir='ltr'><strong>Ᾱ</strong></span> <span class='ocrx_word' id='word_1_644' title='bbox 2585 5371 2788 5444; x_wconf 77' lang='grc' dir='ltr'>ἐκείνῃ.</span> 
     </span>
    </p>
   </div>
   <div class='ocr_carea' id='block_1_92' title="bbox 804 5431 2522 5507">
    <p class='ocr_par' dir='ltr' id='par_1_92' title="bbox 804 5431 2522 5507">
     <span class='ocr_line' id='line_1_93' title="bbox 804 5431 2522 5507; baseline 0.006 -23"><span class='ocrx_word' id='word_1_645' title='bbox 804 5431 920 5507; x_wconf 64' lang='lat' dir='ltr'><strong>chr.</strong></span> <span class='ocrx_word' id='word_1_646' title='bbox 979 5432 1253 5507; x_wconf 71' lang='lat' dir='ltr'><strong>pertinent</strong></span> <span class='ocrx_word' id='word_1_647' title='bbox 1283 5437 1548 5507; x_wconf 36' lang='lat' dir='ltr'><strong>adnvers.</strong></span> <span class='ocrx_word' id='word_1_648' title='bbox 1589 5437 1656 5507; x_wconf 68' lang='grc' dir='ltr'><strong>ἰ.Δ</strong></span> <span class='ocrx_word' id='word_1_649' title='bbox 1719 5437 1760 5466; x_wconf 75' lang='grc'><strong>⁸⁸</strong></span> <span class='ocrx_word' id='word_1_650' title='bbox 1799 5437 1975 5504; x_wconf 78' lang='grc' dir='ltr'>ἤγαγε</span> <span class='ocrx_word' id='word_1_651' title='bbox 2000 5436 2055 5489; x_wconf 86' lang='grc' dir='ltr'><strong>δέ</strong></span> <span class='ocrx_word' id='word_1_652' title='bbox 2089 5455 2175 5507; x_wconf 91' lang='grc' dir='ltr'><strong>με.</strong></span> <span class='ocrx_word' id='word_1_653' title='bbox 2213 5439 2338 5493; x_wconf 91' lang='lat' dir='ltr'><strong>Des.</strong></span> <span class='ocrx_word' id='word_1_654' title='bbox 2373 5431 2425 5493; x_wconf 69' lang='lat' dir='ltr'><strong>iii</strong></span> <span class='ocrx_word' id='word_1_655' title='bbox 2459 5444 2522 5494; x_wconf 83' lang='lat' dir='ltr'><strong>A.</strong></span> 
     </span>
    </p>
   </div>
   <div class='ocr_carea' id='block_1_93' title="bbox 2380 5302 3762 5374">
    <p class='ocr_par' dir='ltr' id='par_1_93' title="bbox 2380 5302 3762 5374">
     <span class='ocr_line' id='line_1_94' title="bbox 2380 5302 3762 5374; baseline 0.009 -20"><span class='ocrx_word' id='word_1_656' title='bbox 2380 5303 2422 5333; x_wconf 80' lang='grc'><strong>³³</strong></span> <span class='ocrx_word' id='word_1_657' title='bbox 2462 5302 2686 5374; x_wconf 87' lang='grc' dir='ltr'>πρώτῳ.</span> <span class='ocrx_word' id='word_1_658' title='bbox 2737 5305 2815 5358; x_wconf 91' lang='lat' dir='ltr'><strong>lta</strong></span> <span class='ocrx_word' id='word_1_659' title='bbox 2862 5306 3202 5362; x_wconf 85' lang='lat' dir='ltr'><strong>emendanda</strong></span> <span class='ocrx_word' id='word_1_660' title='bbox 3243 5308 3345 5362; x_wconf 82' lang='lat' dir='ltr'><strong>fuit</strong></span> <span class='ocrx_word' id='word_1_661' title='bbox 3383 5308 3545 5365; x_wconf 89' lang='lat' dir='ltr'><strong>lectio</strong></span> <span class='ocrx_word' id='word_1_662' title='bbox 3592 5309 3762 5366; x_wconf 91' lang='lat' dir='ltr'><strong>Sirm.</strong></span> 
     </span>
    </p>
   </div>
   <div class='ocr_carea' id='block_1_94' title="bbox 2903 5375 3766 5450">
    <p class='ocr_par' dir='ltr' id='par_1_94' title="bbox 2903 5375 3766 5450">
     <span class='ocr_line' id='line_1_95' title="bbox 2903 5375 3766 5450; baseline 0.007 -21"><span class='ocrx_word' id='word_1_663' title='bbox 2903 5375 2947 5406; x_wconf 83' lang='grc'><strong>¹⁸</strong></span> <span class='ocrx_word' id='word_1_664' title='bbox 2986 5379 3284 5450; x_wconf 20' lang='grc' dir='ltr'>καὶλήγαγέ</span> <span class='ocrx_word' id='word_1_665' title='bbox 3331 5396 3435 5450; x_wconf 49' lang='grc' dir='ltr'><strong>με.</strong></span> <span class='ocrx_word' id='word_1_666' title='bbox 3456 5379 3581 5450; x_wconf 69' lang='lat' dir='ltr'><strong>Haec</strong></span> <span class='ocrx_word' id='word_1_667' title='bbox 3604 5381 3766 5448; x_wconf 76' lang='lat' dir='ltr'><strong>juxta</strong></span> 
     </span>
    </p>
   </div>
   <div class='ocr_carea' id='block_1_95' title="bbox 2635 5444 3765 5507">
    <p class='ocr_par' dir='ltr' id='par_1_95' title="bbox 2635 5444 3765 5507">
     <span class='ocr_line' id='line_1_96' title="bbox 2635 5444 3765 5507; baseline 0.007 -12"><span class='ocrx_word' id='word_1_668' title='bbox 2635 5444 2672 5473; x_wconf 89' lang='lat'><strong>&quot;&#39;</strong></span> <span class='ocrx_word' id='word_1_669' title='bbox 2713 5445 2757 5495; x_wconf 86' lang='lat' dir='ltr'><strong>A</strong></span> <span class='ocrx_word' id='word_1_670' title='bbox 2781 5445 2876 5507; x_wconf 87' lang='grc' dir='ltr'><strong>ώς.</strong></span> <span class='ocrx_word' id='word_1_671' title='bbox 2991 5444 3035 5477; x_wconf 74' lang='grc'><strong>¹⁸</strong></span> <span class='ocrx_word' id='word_1_672' title='bbox 3073 5444 3355 5501; x_wconf 50' lang='lat' dir='ltr'><strong>saevam:</strong></span> <span class='ocrx_word' id='word_1_673' title='bbox 3387 5447 3549 5501; x_wconf 81' lang='lat' dir='ltr'><strong>Hebr.</strong></span> <span class='ocrx_word' id='word_1_674' title='bbox 3582 5444 3620 5501; x_wconf 60' lang='grc' dir='ltr'>εἰ</span> <span class='ocrx_word' id='word_1_675' title='bbox 3647 5467 3765 5503; x_wconf 78' lang='lat' dir='ltr'><strong>me-</strong></span> 
     </span>
    </p>
   </div>
   <div class='ocr_carea' id='block_1_96' title="bbox 1356 5501 3768 5588">
    <p class='ocr_par' dir='ltr' id='par_1_96' title="bbox 1356 5501 3768 5588">
     <span class='ocr_line' id='line_1_97' title="bbox 1356 5501 3768 5588; baseline 0.009 -36"><span class='ocrx_word' id='word_1_676' title='bbox 1356 5502 1399 5588; x_wconf 55' lang='grc' dir='ltr'><strong>²ξ³</strong></span> <span class='ocrx_word' id='word_1_677' title='bbox 1442 5504 1500 5588; x_wconf 67' lang='grc' dir='ltr'><strong>ἐν</strong></span> <span class='ocrx_word' id='word_1_678' title='bbox 1531 5533 1602 5588; x_wconf 53' lang='grc' dir='ltr'><em>τ</em></span> <span class='ocrx_word' id='word_1_679' title='bbox 1634 5501 2283 5588; x_wconf 38' lang='lat' dir='ltr'><strong>Oscis..&#39;1r-pocpﬂrn&#39;..llinc</strong></span> <span class='ocrx_word' id='word_1_680' title='bbox 2316 5511 2470 5588; x_wconf 2' lang='lat' dir='ltr'><strong>inpiis</strong></span> <span class='ocrx_word' id='word_1_681' title='bbox 2518 5527 2645 5588; x_wconf 32' lang='lat' dir='ltr'><strong>quae.</strong></span> <span class='ocrx_word' id='word_1_682' title='bbox 2672 5501 2878 5588; x_wconf 74' lang='lat' dir='ltr'><strong>reliqua</strong></span> <span class='ocrx_word' id='word_1_683' title='bbox 2917 5522 3065 5588; x_wconf 73' lang='lat' dir='ltr'><strong>sunt,</strong></span> <span class='ocrx_word' id='word_1_684' title='bbox 3099 5525 3283 5572; x_wconf 82' lang='lat' dir='ltr'><strong>textus</strong></span> <span class='ocrx_word' id='word_1_685' title='bbox 3311 5517 3418 5570; x_wconf 84' lang='grc' dir='ltr'><strong>τῶν</strong></span> <span class='ocrx_word' id='word_1_686' title='bbox 3450 5515 3613 5580; x_wconf 82' lang='lat' dir='ltr'><strong>LXX,</strong></span> <span class='ocrx_word' id='word_1_687' title='bbox 3647 5501 3768 5588; x_wconf 80' lang='lat' dir='ltr'><strong>ple-</strong></span> 
     </span>
    </p>
   </div>
   <div class='ocr_carea' id='block_1_97' title="bbox 501 5568 3762 5643">
    <p class='ocr_par' dir='ltr' id='par_1_97' title="bbox 501 5568 3762 5643">
     <span class='ocr_line' id='line_1_98' title="bbox 501 5568 3762 5643; baseline 0.006 -22"><span class='ocrx_word' id='word_1_688' title='bbox 501 5581 732 5643; x_wconf 72' lang='lat' dir='ltr'><strong>rumque</strong></span> <span class='ocrx_word' id='word_1_689' title='bbox 761 5568 1310 5643; x_wconf 80' lang='lat' dir='ltr'><strong>desideratur,_cu&#39;j_us</strong></span> <span class='ocrx_word' id='word_1_690' title='bbox 1336 5582 1394 5625; x_wconf 93' lang='lat' dir='ltr'><strong>ut</strong></span> <span class='ocrx_word' id='word_1_691' title='bbox 1419 5572 1502 5626; x_wconf 88' lang='lat' dir='ltr'><strong>vel</strong></span> <span class='ocrx_word' id='word_1_692' title='bbox 1532 5573 1753 5641; x_wconf 82' lang='lat' dir='ltr'><strong>aliquod</strong></span> <span class='ocrx_word' id='word_1_693' title='bbox 1789 5576 1842 5627; x_wconf 95' lang='lat' dir='ltr'><strong>in</strong></span> <span class='ocrx_word' id='word_1_694' title='bbox 1875 5568 1976 5627; x_wconf 78' lang='lat' dir='ltr'><strong>bac</strong></span> <span class='ocrx_word' id='word_1_695' title='bbox 2001 5568 2244 5631; x_wconf 80' lang='lat' dir='ltr'><strong>editione</strong></span> <span class='ocrx_word' id='word_1_696' title='bbox 2272 5587 2516 5632; x_wconf 79' lang='lat' dir='ltr'><strong>exstaret</strong></span> <span class='ocrx_word' id='word_1_697' title='bbox 2536 5568 2803 5635; x_wconf 69' lang='lat' dir='ltr'><strong>indicium</strong></span> <span class='ocrx_word' id='word_1_698' title='bbox 2823 5568 3762 5643; x_wconf 39' lang='lat' dir='ltr'><strong>versiculorumnumeros—uncinis</strong></span> 
     </span>
    </p>
   </div>
   <div class='ocr_carea' id='block_1_98' title="bbox 498 5636 3764 5728">
    <p class='ocr_par' dir='ltr' id='par_1_98' title="bbox 498 5636 3764 5728">
     <span class='ocr_line' id='line_1_99' title="bbox 498 5636 3764 5728; baseline 0.007 -39"><span class='ocrx_word' id='word_1_699' title='bbox 498 5636 742 5728; x_wconf 44' lang='lat' dir='ltr'><strong>{uelites</strong></span> <span class='ocrx_word' id='word_1_700' title='bbox 766 5636 1117 5728; x_wconf 39' lang='lat' dir='ltr'><strong>irin-versique</strong></span> <span class='ocrx_word' id='word_1_701' title='bbox 1131 5636 1660 5728; x_wconf 51' lang='lat' dir='ltr'><strong>Eatiuaapponere,</strong></span> <span class='ocrx_word' id='word_1_702' title='bbox 1690 5645 1988 5728; x_wconf 65' lang='lat' dir='ltr'><strong>simulque,</strong></span> <span class='ocrx_word' id='word_1_703' title='bbox 2019 5659 2143 5724; x_wconf 80' lang='lat' dir='ltr'><strong>cum</strong></span> <span class='ocrx_word' id='word_1_704' title='bbox 2175 5644 2505 5728; x_wconf 80' lang='lat' dir='ltr'><strong>Sirmundus</strong></span> <span class='ocrx_word' id='word_1_705' title='bbox 2537 5651 2600 5704; x_wconf 87' lang='lat' dir='ltr'><strong>ad</strong></span> <span class='ocrx_word' id='word_1_706' title='bbox 2636 5636 2944 5708; x_wconf 33' lang='lat' dir='ltr'><strong>unicum&#39;c.</strong></span> <span class='ocrx_word' id='word_1_707' title='bbox 2976 5636 3513 5728; x_wconf 59' lang='grc' dir='ltr'><strong>ἐιῐζὲὲῐιῐιδὲίῐξῖίιίἑ</strong></span> <span class='ocrx_word' id='word_1_708' title='bbox 3535 5636 3764 5713; x_wconf 58' lang='lat' dir='ltr'><strong>{His</strong></span> 
     </span>
    </p>
   </div>
   <div class='ocr_carea' id='block_1_99' title="bbox 501 5705 2308 5780">
    <p class='ocr_par' dir='ltr' id='par_1_99' title="bbox 501 5705 2308 5780">
     <span class='ocr_line' id='line_1_100' title="bbox 501 5705 2308 5780; baseline 0.006 -25"><span class='ocrx_word' id='word_1_709' title='bbox 501 5707 746 5773; x_wconf 82' lang='lat' dir='ltr'><strong>proxima</strong></span> <span class='ocrx_word' id='word_1_710' title='bbox 765 5705 929 5761; x_wconf 76' lang='lat' dir='ltr'><strong>simul</strong></span> <span class='ocrx_word' id='word_1_711' title='bbox 947 5706 1237 5774; x_wconf 86' lang='lat' dir='ltr'><strong>pertinent,</strong></span> <span class='ocrx_word' id='word_1_712' title='bbox 1257 5705 1454 5780; x_wconf 74' lang='lat' dir='ltr'><strong>capitis</strong></span> <span class='ocrx_word' id='word_1_713' title='bbox 1471 5705 1758 5767; x_wconf 83' lang='lat' dir='ltr'><strong>numerum</strong></span> <span class='ocrx_word' id='word_1_714' title='bbox 1779 5705 1982 5768; x_wconf 75' lang='lat' dir='ltr'><strong>addere</strong></span> <span class='ocrx_word' id='word_1_715' title='bbox 2005 5715 2182 5769; x_wconf 88' lang='lat' dir='ltr'><strong>visum</strong></span> <span class='ocrx_word' id='word_1_716' title='bbox 2205 5723 2308 5769; x_wconf 91' lang='lat' dir='ltr'><strong>est.</strong></span> 
     </span>
    </p>
   </div>
  </div>
