4070 6400
247 321 393 386 1221

1427 329 1509 388 ΙΝ
1550 322 2000 387 EZECHIELIS
2039 326 2199 386 CAP.
2222 327 2344 386 XL.

3408 323 3544 390 i222

250 452 397 508 μένα
423 435 674 506 θεωρεῖν,
703 435 799 489 καὶ
847 437 956 490 τῶν
1011 438 1326 509 λεγομένων
1365 438 1605 493 ἀκούειν.
1650 438 1855 491 Τούτου

1961 437 2183 493 venisse
2239 435 2454 498 aiebat,
2496 441 2626 488 utet
2682 431 3002 489 ostenderet
3057 441 3111 488 et
3161 434 3409 488 doceret.
3475 436 3546 492 Ut

245 527 363 597 γὰρ
390 525 554 596 χάριν
583 526 678 579 καὶ
701 527 1020 597 ἐληλυθέναι
1066 529 1326 598 ἔφασκεν,
1382 530 1524 583 ὥστε
1576 530 1670 584 καὶ
1711 531 1846 582 ὑπο-

245 617 424 681 δεῖξαι
459 617 555 670 καὶ
572 616 802 681 διδάξαι.
852 639 869 670 ι
901 620 1021 674 Ἵνα
1061 622 1154 674 καὶ
1201 623 1288 685 σὺ,
1335 621 1490 692 φησὶ,
1531 620 1706 674 ταῦτα
1738 621 1851 672 δια-

248 708 616 779 πορθμεύσῃς
651 710 730 779 τῷ
786 711 923 782 οἴκῳ
984 713 1268 783 Ἰσραήλ.»
1310 708 1443 766 Εἶτα
1495 712 1710 782 μετρῶν
1770 710 1850 781 τῷ

249 800 491 869 καλάμῳ
521 800 872 854 ὑποδείκνυσί
904 820 994 872 μοι
1021 801 1240 858 ἅπαντα
1280 805 1378 872 τῆς
1425 803 1738 874 οἰκοδομίας
1779 802 1849 856 τὰ

253 891 436 961 μέτρα
466 892 511 921 ²¹
548 908 559 920 ·
617 893 714 944 καὶ
774 892 990 963 πρῶτον
1041 894 1142 964 μὲν
1195 895 1303 948 τῶν
1342 895 1528 949 πυλῶν
1553 895 1622 948 τὰ
1649 895 1846 967 μέτρα,

252 984 351 1034 καὶ
385 982 498 1034 τῶν
525 982 881 1054 καλουμένων
918 986 1088 1040 οὑδῶν
1116 1004 1174 1039 τε
1221 987 1315 1041 καὶ
1368 987 1714 1059 ὑπερθύρων,
1758 990 1850 1043 καὶ⁵

254 1073 650 1142 παραστάδων.
669 1077 869 1144 Αιλὰμ
893 1077 1002 1149 γὰρ
1033 1079 1231 1142 ἑνικῶς
1257 1079 1358 1148 τὴν
1388 1081 1710 1150 παραστάδα
1746 1098 1847 1134 κα-

249 1163 337 1215 λεῖ
363 1181 376 1192 ·
405 1163 676 1230 αίλαμὼθ
690 1165 748 1216 δὲ
778 1165 1154 1236 πληθυντικῶς
1185 1185 1196 1198 ·
1222 1170 1316 1220 καὶ
1336 1167 1433 1222 θεὲ
1460 1169 1642 1233 πάλιν,
1675 1168 1770 1221 τόν
1786 1185 1846 1221 τε

251 1253 434 1312 οὐδὸν.
467 1255 566 1307 καὶ
591 1256 653 1307 τὸ
689 1256 999 1330 ὑπέρθυρον
1021 1274 1032 1287 ·
1055 1260 1218 1329 θεείμ
1239 1261 1322 1325 δὲ,
1355 1261 1424 1314 τὰ
1455 1261 1592 1314 αὑτὰ
1615 1260 1851 1332 πληθυν-

249 1346 442 1408 τικῶς.
497 1346 658 1400 Οὓτω
688 1349 798 1418 γὰρ
839 1343 998 1420 εὗρον
1048 1350 1254 1404 τούτων
1284 1352 1436 1422 παρὰ
1467 1351 1544 1421 τῷ
1565 1351 1724 1424 Σύρῳ
1751 1352 1850 1423 τὴν

255 1437 580 1508 ἑρμηνείαν.
607 1438 776 1506 Λέγει
813 1439 869 1492 δὲ
900 1441 1205 1510 ἑωρακέναι
1239 1442 1299 1494 ού
1345 1443 1504 1512 μόνον
1529 1442 1627 1506 τὰς
1665 1444 1853 1507 ἐξωτέ-

261 1547 378 1599 ρας,
412 1529 560 1584 ἀλλὰ
588 1531 806 1594 καὶτὰς
826 1531 975 1584 ἔνδον
1015 1532 1210 1600 πύλας,
1247 1537 1339 1587 καὶ
1368 1534 1466 1598 τὰς
1501 1533 1705 1605 μεταξὺ
1743 1536 1852 1590 πά-

257 1620 335 1672 λιν
384 1621 587 1685 αὐλὰς,
637 1623 732 1675 καὶ
781 1622 881 1686 τὰς
917 1624 1142 1679 ἐκείνων
1176 1627 1481 1697 ὲνδοτέρας.
1527 1628 1591 1679 Ai
1622 1629 1854 1700 μὲνγὰρ

253 1706 395 1780 ἦσαν
445 1713 830 1782 ἀφωρισμέναι
880 1717 992 1777 τοῖς
1017 1716 1281 1787 ἱερεῦσιν,
1337 1719 1471 1771 αἰδὲ
1511 1721 1676 1772 πᾶσιν
1713 1716 1853 1792 ἦσαν

1961 548 1978 578 ι
2015 529 2183 582 etiam
2216 535 2301 594 tu,
2338 525 2542 596 inquit,
2587 525 2706 579 haec
2729 525 3020 581 renunties
3050 525 3243 580 domui
3280 525 3473 582 Israel.
3521 546 3542 578 ›

1957 618 2124 692 [5-16]
2155 619 2364 674 Deinde
2397 618 2638 672 metiens
2662 617 2878 673 calamo
2907 616 3148 672 ostendit
3179 617 3313 673 mihi
3351 633 3548 675 omnes

1953 710 2170 766 aedilicii
2192 725 2483 765 mensuras
2509 727 2522 762 :
2558 723 2623 764 ac
2654 709 2892 779 primum
2919 715 3206 780 portarum
3233 697 3545 774 mensuras,

1953 811 2009 857 et
2043 817 2236 856 eorum
2273 817 2398 871 quae
2440 801 2631 855 limina
2689 809 2961 855 vocantur
2987 840 3000 864 ,
3050 808 3104 854 et
3155 801 3546 868 superlimina-

1954 893 2121 957 rium,
2147 901 2202 947 et
2233 893 2499 963 pestium.
2543 892 2729 945 Aelam
2780 891 2931 946 enim
2985 891 3257 962 singulari
3313 906 3548 946 numero

1957 993 2171 1054 postem
2214 992 2397 1045 vocat,
2428 982 2682 1037 wlamoth
2714 997 2844 1036 vero
2876 996 3114 1036 numero
3145 981 3542 1047 multitudinis,

1955 1085 2176 1147 postes;
2235 1085 2290 1131 et
2344 1077 2456 1130 thee
2512 1091 2709 1131 rursus
2761 1075 2934 1130 limen
2978 1083 3032 1128 et
3080 1074 3542 1144 superliminarc;

1957 1168 2113 1223 theim
2141 1183 2274 1223 vero
2305 1169 2522 1234 eadem,
2561 1181 2794 1222 numero
2835 1165 3229 1222 multitudinis.
3273 1168 3352 1231 Ita
3398 1166 3544 1221 enim

1956 1259 2198 1329 comperi
2232 1259 2374 1329 apud
2413 1259 2611 1330 Syrum
2643 1259 2838 1312 borum
2880 1258 3416 1328 interpretationem.
3449 1261 3548 1314 As-

1957 1351 2093 1405 serit
2125 1360 2333 1413 autem,
2373 1367 2432 1406 se
2472 1352 2681 1407 vidisse
2712 1366 2825 1406 non
2875 1352 3056 1407 solum
3087 1353 3417 1414 exteriores,
3450 1352 3546 1408 sed

1956 1445 2120 1498 etiam
2171 1445 2470 1501 interiores
2517 1453 2732 1513 portas,
2759 1451 2815 1498 et
2866 1459 3068 1499 rursus
3105 1445 3263 1499 aulas
3317 1445 3546 1514 interie-

1958 1544 2100 1599 ctas,
2137 1543 2191 1589 et
2212 1551 2336 1605 quae
2372 1535 2482 1589 illis
2515 1534 2728 1604 1022
2758 1533 3078 1589 interiores.
3113 1534 3248 1587 Alite
3271 1534 3419 1588 enim
3455 1549 3547 1589 sa-

1959 1625 2278 1680 cerdotibus
2342 1623 2564 1678 tributae
2610 1622 2832 1677 fuerant
2899 1641 2912 1676 ε
2976 1624 3041 1676 ad
3091 1623 3231 1677 alias
3289 1624 3550 1679 omnibus

1961 1718 2231 1773 lsraelitis
2276 1717 2464 1772 aditus
2509 1716 2754 1786 patebat.
2790 1714 2855 1769 Et
2897 1731 3070 1770 unum
3106 1717 3548 1787 circumseptum

265 1801 642 1892 Ἰσραηλίταις
671 1802 831 1871 βαταί
875 1821 888 1835 °
919 1806 1015 1859 καὶ
1041 1805 1138 1859 ἕνα
1162 1807 1261 1876 μὲν
1305 1809 1362 1860 ὲν
1389 1808 1576 1881 κύκλῳ
1630 1812 1853 1882 περίϐο-

1960 1809 2202 1864 habebat
2226 1808 2321 1864 Dei
2352 1809 2642 1879 templum,
2685 1807 2986 1860 maximum
3033 1814 3086 1860 et
3120 1807 3495 1862 celsissimum
3531 1849 3546 1871 ,

250 1891 343 1943 λον
366 1887 516 1962 εἶχεν
549 1894 578 1945 ὁ
613 1893 755 1958 θεῖος
774 1893 932 1958 νεὼς,
971 1896 1231 1966 μέγιστόν
1262 1916 1321 1952 τε
1347 1901 1440 1954 καὶ
1475 1901 1814 1972 ὑψηλότατον
1835 1922 1850 1936 ·

251 1983 406 2034 ἔνδον
454 1983 513 2036 δὲ
549 1984 674 2053 μετ’
727 1987 936 2040 ἐκεῖνον
977 1988 1201 2059 τειχίοις
1233 1991 1440 2062 ἑτέροις
1490 1991 1550 2045 τὸ
1587 1991 1853 2064 ὕπαιθρον

253 2074 404 2127 ἆπαν
425 2073 705 2146 διώριστο.
749 2076 861 2128 Καὶ
897 2076 1096 2147 τὰμὲν
1135 2080 1510 2153 ἀπενενέμητο
1566 2085 1730 2136 παντὶ
1774 2083 1853 2154 τῷ

252 2166 390 2236 λαῷ,
423 2168 493 2220 τὰ
523 2167 580 2220 δὲ
603 2168 859 2239 ὲνδότερα
893 2171 989 2222 καὶ
1011 2171 1142 2241 παρ’
1165 2171 1328 2226 αὐτὸν
1361 2173 1452 2225 τὸν
1495 2173 1632 2228 νεὼν
1670 2175 1855 2244 μόνοις

252 2257 539 2326 ἀφιέρωτο
575 2261 686 2322 τοῖς
719 2259 951 2330 ἱερεῦσι.
983 2260 1149 2330 Λέγει
1195 2261 1376 2315 τοίνυν
1413 2263 1543 2316 ἰδεῖν
1585 2266 1654 2329 ὲν,
1673 2268 1738 2335 τῇ
1767 2270 1854 2319 ὲν-

250 2350 456 2422 δοτέρᾳ
487 2351 622 2421 αὐλῇ
647 2352 1014 2422 παστοφόρια,
1061 2355 1158 2407 καὶ
1188 2355 1490 2425 περίστυλα
1510 2357 1806 2426 τριάκοντα
1836 2372 1851 2386 ·

249 2447 322 2497 τὰ
349 2444 408 2497 δὲ
440 2446 826 2514 παστοφόρια
851 2447 878 2498 ὁ
907 2445 1078 2517 Σύρος
1102 2449 1146 2479 ³⁸
1171 2447 1424 2517 ἐξέδρας
1436 2449 1713 2520 ὠνόμασε.
1741 2453 1854 2507 Καὶ

251 2533 434 2586 ταῦτα
471 2533 528 2585 δὲ
555 2535 668 2596 τοῖς
693 2532 934 2603 ἱερεῦσιν
955 2535 1259 2606 ἀφώριστο,
1279 2537 1352 2600 ὡς
1374 2541 1403 2592 ὀ
1431 2539 1595 2604 αὑτὸς
1614 2539 1855 2595 διδάσκει

253 2626 673 2696 προφήτης.Τῷ
704 2627 981 2698 θεσπεσίῳ
993 2629 1050 2682 δὲ
1069 2629 1266 2701 Ἡσαΐᾳ
1284 2632 1450 2700 φησὶν
1470 2634 1497 2685 ὁ
1515 2631 1668 2697 Θεός·
1688 2651 1709 2686 ι
1728 2636 1856 2688 Els-

251 2717 382 2770 ελθε
424 2719 507 2780 εἰς
527 2720 588 2771 τὸ
616 2719 983 2790 παστοφόριον
1014 2710 1148 2792 πρός
1173 2723 1400 2793 Σομμᾶν
1426 2724 1572 2777 "cev
1595 2742 1858 2797 γραμμα-

252 2809 379 2862 τέα.
405 2828 423 2860 ι
441 2811 608 2876 Λέγει
633 2811 691 2862 δὲ
726 2811 921 2864 ἑκατὸν
945 2811 1046 2882 μὲν
1075 2813 1296 2884 πήχεων
1324 2809 1484 2886 εὖρος
1512 2816 1860 2888 ἀπονεμηθῆ-

255 2919 347 2954 ναι
369 2904 493 2964 ταῖς
524 2900 820 2979 ὲξωτέραις
854 2904 1067 2971 αὐλαῖς,
1092 2909 1159 2976 τῇ
1176 2923 1238 2959 τε
1268 2906 1405 2978 πρὸς
1429 2907 1630 2978 ἄρκτον
1656 2910 1752 2963 καὶ
1788 2912 1855 2982 τῇ

1955 1911 2010 1957 et
2046 1904 2195 1956 intus
2220 1910 2346 1972 post
2373 1902 2533 1964 illud,
2569 1899 2696 1955 aliis
2741 1899 2921 1954 muris
2965 1898 3016 1951 id
3049 1913 3218 1952 omne
3264 1899 3410 1967 quod
3443 1898 3550 1952 sub

1955 1996 2048 2051 dio
2074 2004 2194 2051 erat
2227 1994 2516 2049 deﬁnitum
2549 1993 2750 2047 fuerat.
2785 1991 2850 2045 Et
2881 1992 2997 2046 ha‘c
3026 1989 3251 2059 quidem
3279 1991 3427 2044 omni
3453 2006 3550 2060 po-

1957 2086 2086 2156 pulo
2148 2085 2371 2140 fuerant
2431 2085 2700 2138 attributa
2748 2101 2761 2138 ε
2818 2082 3084 2137 interiora
3118 2095 3268 2146 vero,
3327 2090 3383 2134 et
3429 2095 3552 2150 qua:

1956 2193 2127 2248 prope
2177 2178 2355 2246 ipsum
2394 2175 2664 2246 templum
2723 2183 2908 2236 erant,
2968 2171 3104 2227 solis
3161 2170 3552 2225 sacerdotibus

1955 2277 2116 2325 erant
2138 2268 2414 2324 dedicata.
2449 2265 2670 2340 [ΓΙ-⁸21]
2700 2266 2790 2319 Ait
2816 2265 3005 2336 igitur,
3038 2265 3092 2318 in
3127 2262 3375 2317 interiori
3406 2261 3550 2315 atrio

1956 2378 2017 2418 se
2072 2362 2280 2417 vidisse
2337 2359 2739 2430 pastophoris,
2797 2358 3028 2426 locaque
3084 2353 3359 2408 columnis
3413 2351 3549 2406 fulta

1955 2454 2206 2524 triginta.
2246 2451 2608 2520 Pastophoria
2650 2465 2778 2504 vero
2831 2447 3009 2518 Syrus
3044 2446 3264 2501 exedra;
3309 2444 3552 2514 appella-

1955 2546 2052 2600 vit.
2097 2544 2162 2598 Et
2213 2544 2328 2598 haec
2384 2543 2514 2598 item
2557 2541 2944 2598 sacerdotibus
2996 2538 3254 2594 dedicata
3303 2536 3548 2600 fuerant,

1958 2647 2020 2692 ut
2047 2638 2189 2692 idem
2222 2638 2492 2708 prepheta
2529 2636 2713 2691 docet.
2746 2633 2942 2689 Divino
2974 2640 3158 2687 autem
3185 2631 3362 2695 Isaiae,
3406 2651 3425 2683 ι
3463 2631 3552 2685 ln-

1958 2730 2208 2800 gredere,
2233 2729 2310 2783 ait
2346 2727 2512 2793 Deus,
2562 2728 2618 2782 in
2670 2725 3090 2796 pastophorium
3140 2723 3207 2776 ad
3266 2722 3551 2776 Sommam

1959 2822 2203 2878 scribam
2224 2832 2272 2873 ε.
2318 2839 2336 2870 ι
2373 2819 2648 2890 Dicitque,
2709 2827 2934 2873 centum
2999 2817 3316 2871 cubitorum
3375 2816 3554 2869 latitu-

1960 2914 2146 2970 dinem
2181 2912 2558 2968 exterioribus
2613 2911 2759 2965 aulis
2821 2909 3162 2980 assignatam
3219 2907 3416 2971 fuisse,
3472 2905 3554 2960 illi

255 2992 404 3063 πρὸς
443 2993 797 3066 μεσημϐρίαν
820 2995 1119 3068 βλεπούσῃ,
1147 2997 1482 3061 ὡσαύτωςδὲ
1517 3001 1612 3052 καὶ
1629 3003 1697 3071 τῇ
1724 3001 1855 3072 πρὸς

1962 3023 2084 3076 qua:
2115 3005 2182 3060 ad
2225 3004 2567 3074 aquilonem,
2597 3011 2651 3057 et
2698 3001 2774 3055 illi
2833 3017 2956 3070 quae
3006 3001 3073 3054 ad
3119 2999 3428 3062 meridiem,
3465 2997 3556 3051 iti-

255 3083 420 3151 ἥλιον
448 3083 744 3155 ἀνίσχοντα
765 3086 900 3138 ’τῶν
926 3086 982 3139 δὲ
1019 3087 1307 3158 ὶσωτέρων
1331 3089 1513 3143 αὐλῶν
1525 3091 1766 3164 ἑκάστης
1797 3094 1855 3146 τὸ

1965 3101 2202 3167 demque
2230 3097 2278 3152 ei
2331 3111 2455 3167 quae
2508 3094 2576 3148 ad
2629 3095 2901 3147 orientem
2953 3093 3126 3146 solem
3183 3088 3552 3160 respiciebat:

262 3177 370 3246 μὲν
419 3175 596 3247 μῆκος
628 3178 851 3248 πήχεων
881 3179 1244 3243 εἰκοσιπέντε,
1268 3180 1330 3233 τὸ
1352 3181 1408 3234 δὲ
1444 3177 1603 3253 εὖρος
1637 3185 1855 3255 πήχεων

1966 3188 2298 3245 interiorum
2344 3201 2474 3240 vero
2500 3183 2753 3237 aularum
2787 3180 3196 3252 longitudinem
3235 3180 3554 3234 cubitorum

259 3267 641 3335 πεντήκοντα.
685 3269 850 3336 Λέγει
882 3268 939 3320 δὲ
973 3270 1067 3322 καὶ
1096 3270 1196 3332 τὰς
1225 3270 1400 3335 πύλας
1435 3273 1670 3327 ἑοικέναι
1699 3274 1855 3346 ἀλλή-

1963 3280 2159 3352 viginti
2201 3282 2470 3349 quinque,
2495 3275 2848 3330 latitudinem
2899 3274 3216 3328 cubitorum
3278 3273 3556 3342 quinqua-

260 3360 386 3420 λαις
401 3357 547 3410 κατὰ
575 3358 773 3424 πάντα,
791 3361 933 3414 κατά
957 3377 1016 3413 τε
1044 3360 1117 3414 τὰ
1151 3361 1446 3431 μέτρα,κα“ι
1472 3366 1614 3418 κατὰ
1630 3365 1729 3430 τὰς
1753 3367 1855 3421 τῶν

1965 3373 2139 3444 ginta.
2169 3368 2386 3442 [22-57]
2417 3368 2632 3423 Asserit
2661 3369 2792 3421 item
2839 3375 3026 3436 portas
3065 3365 3169 3419 sibi
3225 3363 3439 3418 similes
3496 3363 3552 3415 in

259 3448 530 3514 φοινίκων
551 3449 764 3519 γλυφάς
785 3468 798 3480 ·
833 3450 900 3503 τὰ
931 3451 986 3504 δὲ
1007 3452 1347 3524 ἑκατέρωθεν
1378 3455 1478 3525 τῆς
1509 3457 1680 3529 θύρας
1709 3475 1860 3526 γεισ.

261 3539 520 3608 σώματα,
577 3542 754 3594 εἷτουν
813 3545 1078 3612 κυμάτια,
1146 3545 1326 3600 αῑλευ
1380 3547 1743 3618 όνομάζει,ὲν
1773 3547 1866 3615 αἷς

259 3630 667 3701 διαγεγλύφθαι
696 3632 800 3704 ἔφη
819 3634 890 3686 τά
915 3633 1022 3687 τῶν
1044 3634 1302 3703 φοινίκων
1335 3638 1665 3708 εἰκάσματα.
1698 3640 1862 3710 Λέγει

259 3721 321 3773 δὲ
360 3719 639 3792 θεωρῆσαι
695 3724 792 3775 καὶ
841 3723 1122 3794 τραπέζας
1167 3725 1512 3798 ἑκατέρωθεν
1549 3728 1658 3782 τῶν
1677 3729 1862 3783 πυλῶν

260 3811 558 3880 κειμένας,
617 3814 675 3864 έν
729 3808 819 3876 αἶς
855 3816 924 3866 τὰ
961 3816 1133 3886 ἱερεῖα
1169 3817 1411 3881 τιθέντες
1450 3820 1497 3871 oi
1530 3819 1694 3890 ἱερεῖς
1725 3839 1864 3875 κατ-

261 3902 535 3970 έσφαζον,
563 3903 633 3956 τά
657 3921 714 3956 τε
738 3904 1202 3976 όλοκαυτούμενα,
1221 3909 1316 3960 καὶ
1333 3908 1402 3962 τὰ
1425 3909 1568 3982 ὑπὲρ
1590 3911 1868 3983 ἁμαρτίας

260 3995 366 4047 καὶ
395 3994 624 4061 ἀγνοίας
684 3997 1140 4068 προσφερόμενα·
1179 4000 1502 4071 πλησιάζειν
1539 4002 1596 4053 δὲ
1630 4002 1732 4073 ἔφη
1771 4005 1868 4055 καὶ

265 4083 459 4154 ρύακά
485 4102 643 4149 τινα,
675 4086 736 4139 τὸ
791 4083 932 4156 αἷμα
981 4089 1091 4142 τῶν
1138 4089 1398 4160 θυμάτων
1449 4092 1863 4162 ὑποδεχόμενον,

265 4175 368 4226 καὶ
414 4175 497 4236 είς
531 4192 584 4227 τι
618 4176 818 4246 χωρίον
856 4178 1249 4249 άπῳκισμένον
1290 4178 1510 4242 πάντως
1558 4180 1866 4250 μετακομί-

265 4265 460 4326 ζοντα.
524 4262 686 4336 Εἶχον
732 4267 808 4332 δὲ,
861 4268 1050 4338 φησὶν,
1099 4271 1156 4322 αἱ
1196 4269 1469 4341 τράπεζαι
1504 4271 1595 4324 καὶ
1636 4269 1869 4340 ὀρόφους

265 4355 488 4410 ἄνωθεν
515 4358 916 4422 καλύπτοντας,
942 4360 1036 4413 καὶ
1062 4359 1157 4413 τοῦ
1184 4378 1244 4413 τε
1276 4360 1457 4422 ὑετοῦ,
1489 4360 1584 4414 τοῦ
1619 4377 1679 4414 τε
1714 4361 1867 4430 ὴλίου

264 4451 374 4519 τὴν
404 4451 713 4524 προσϐολὴν
742 4454 1130 4524 ἀπείργοντας.
1167 4455 1324 4508 Μετὰ
1365 4456 1538 4509 ταῦτα
1566 4455 1859 4526 διηγεῖται,

1964 3463 2226 3519 omnibus
2261 3460 2460 3523 fuisse,
2496 3466 2550 3511 et
2580 3456 2890 3510 secundum
2920 3469 3238 3514 mensuras,
3267 3459 3321 3505 et
3352 3467 3553 3506 secun-

1965 3553 2097 3608 dum
2157 3552 2473 3623 palmarum
2521 3547 2860 3616 seulptnras.
2890 3543 2955 3597 Et
3010 3544 3078 3597 ah
3129 3552 3363 3612 utraque
3402 3549 3558 3610 parte

1959 3645 2146 3714 janua
2203 3642 2648 3701 imbrieamenta,
2691 3638 2809 3692 sive
2853 3635 3256 3705 prominentias
3295 3635 3427 3687 (eleu
3459 3648 3558 3701 ap-

1966 3736 2154 3804 pellat,
2186 3734 2390 3803 quibus
2445 3730 2760 3799 insculptas
2815 3727 2988 3781 luisse
3053 3727 3193 3779 dixit
3253 3726 3557 3794 palmarum

1968 3826 2259 3896 imagines.
2305 3821 2518 3895 [58-42]
2555 3821 2644 3874 Ait
2681 3822 2810 3874 item
2852 3836 2910 3874 se
2942 3819 3315 3888 conspexisse.
3338 3829 3560 3868 mensas

1968 3919 2035 3971 ab
2063 3925 2296 3985 utraque
2331 3924 2487 3984 parte
2515 3920 2801 3982 portarum
2835 3910 3069 3980 positas,
3098 3910 3152 3962 iu
3174 3911 3188 3928 ⁶
3223 3907 3429 3976 quibus
3460 3922 3558 3974 po-

1967 4010 2104 4065 sitas
2147 4008 2404 4062 victimas
2452 4003 2776 4059 sacerdotes
2826 4001 3175 4070 jugulabaut,
3211 4008 3266 4051 et
3295 3998 3560 4050 holocau-

1969 4108 2076 4163 sta,
2102 4106 2157 4152 et
2181 4113 2301 4168 quae
2331 4111 2430 4167 pro
2455 4105 2684 4165 peccato
2713 4101 2768 4148 et
2800 4092 3119 4162 ignorantia
3147 4089 3555 4143 oll'erebantur:

1967 4197 2019 4245 et
2049 4203 2221 4258 prope
2259 4185 2437 4241 fuisse
2486 4183 2630 4238 dixit
2679 4183 2859 4237 rivum
2893 4179 3186 4250 quemdam
3234 4178 3558 4248 sanguinem

1969 4281 2323 4334 victimarum
2379 4275 2775 4345 excipientem,
2819 4279 2874 4327 et
2907 4273 2960 4326 in
3021 4271 3198 4324 locum
3259 4269 3556 4338 quemdam

1971 4384 2202 4440 prorsus
2239 4376 2509 4422 remotum
2551 4363 2911 4419 deferentem.
2968 4359 3083 4435 [45]
3143 4359 3432 4414 Habebant
3462 4373 3560 4413 au-

1974 4469 2081 4514 tem
2119 4471 2347 4518 mensae,
2382 4453 2582 4523 inquit,
2635 4452 2847 4522 1023
2897 4451 3063 4506 etiam
3121 4457 3267 4504 tecta
3321 4463 3560 4518 superne

266 4543 350 4604 ὡς
372 4541 598 4613 ἐξέδρας
658 4543 922 4598 ἐθεάσατο
988 4545 1104 4610 δύο,
1133 4545 1236 4616 τὴν
1281 4546 1380 4616 μὲν
1415 4549 1494 4609 εἰς
1524 4546 1746 4617 ἄρκτον,
1769 4548 1855 4618 rip

1973 4553 2300 4626 cperientia,
2334 4549 2647 4620 pluviaeque
2676 4555 2730 4602 ct
2761 4547 2901 4604 solis
2933 4547 3198 4616 impetum
3231 4544 3562 4615 prepulsan-

269 4636 334 4688 es
367 4637 452 4698 εἰς
488 4639 842 4708 μεσημϐρίαν
875 4638 1326 4692 ἀποϐλέπουσανο
1370 4641 1688 4712 ἀμφοτέραις
1716 4642 1772 4695 δὲ
1811 4644 1855 4696 ἐπ

1970 4647 2068 4701 tia.
2104 4641 2319 4716 [44-46]
2353 4640 2559 4696 Deinde
2596 4647 2810 4703 narrat,
2860 4654 2921 4694 se
2970 4637 3110 4692 duas
3157 4636 3393 4692 exedras
3424 4650 3559 4690 con-

269 4730 401 4791 ταῖς
424 4729 734 4799 ὲνδοτέραις
777 4729 1208 4802 ᾠκοδομημένας
1246 4733 1458 4796 αὑλαῖς.
1512 4734 1620 4787 Καὶ
1643 4734 1742 4806 τὴν
1774 4735 1855 4805 μὲι

1974 4734 2253 4806 spexisse,
2281 4733 2512 4786 alteram
2543 4730 2610 4785 ad
2650 4731 2990 4801 aquilonem,
3033 4729 3262 4782 alteram
3296 4727 3361 4780 ad
3401 4727 3563 4781 meri—

275 4819 707 4874 ἀποϐλέπουσαν
729 4822 867 4892 πρὸς
917 4823 1092 4889 νότον,
1118 4827 1230 4887 τοῖς
1262 4825 1501 4892 ἱερεῦσιν
1537 4826 1855 4896 άπονενεμῆι

1975 4827 2120 4882 diem
2151 4824 2562 4895 respicientem,
2605 4830 2898 4890 utramque
2923 4820 2980 4873 in
3024 4819 3390 4874 interioribus
3421 4820 3565 4874 aulis

279 4910 410 4964 σθαι
435 4912 561 4981 ἔφη,
593 4915 706 4975 τοῖς
763 4913 856 4966 τὸν
915 4911 1059 4966 θεῖον
1106 4913 1436 4983 φυλάττουσι
1464 4914 1635 4969 νεών·
1667 4915 1766 4984 τὴν
1812 4915 1855 4968 δὲ

1977 4917 2320 4973 aedificatam.
2359 4914 2426 4967 Et
2457 4928 2580 4983 quae
2630 4913 2697 4966 ad
2757 4923 3010 4965 austrum
3064 4913 3385 4978 respiceret,
3443 4926 3564 4965 eam

278 5003 424 5072 πρὸς
451 5001 659 5074 βορρᾶν
693 5003 1134 5071 ἀποϐλέπουσαν,
1169 5008 1282 5068 τοῖς
1305 5005 1366 5057 τὸ
1383 5005 1774 5077 θυσιαστήριον
1811 5006 1855 5059 τί

1979 5005 2115 5058 dicit
2136 5003 2462 5057 attributam
2513 5001 2691 5057 fuisse
2744 4999 3138 5054 sacerdotibus
3193 5014 3413 5054 sacrum
3471 4999 3569 5056 Dei

279 5094 391 5159 ἔξω
417 5094 770 5162 φυλάττουσι.
815 5096 962 5167 Ἔφη
986 5095 1043 5148 δὲ
1073 5096 1167 5149 καὶ
1199 5097 1427 5162 τούτους
1455 5098 1743 5162 κάκείνους
1769 5098 1855 5152 ἀπὶ

1983 5094 2250 5165 templum
2282 5091 2738 5148 custodientibus
2772 5107 2786 5142 :
2820 5105 2943 5160 quae
2979 5104 3109 5144 vero
3134 5090 3201 5144 ad
3228 5090 3567 5160 aquilonem,

278 5183 378 5237 τοῦ
432 5185 645 5240 Σαδοὺκ
693 5188 756 5241 τὸ
807 5189 964 5258 γένος
1009 5189 1306 5258 κατάγειν·
1379 5188 1551 5242 πάλαι
1597 5190 1708 5258 γάρ
1781 5189 1855 5241 τοὲ

1991 5185 2062 5240 iis
2093 5185 2188 5256 qui
2227 5185 2475 5240 exterius
2530 5184 2704 5237 altare
2756 5179 3130 5237 custodirent.
3180 5179 3247 5236 Et
3304 5191 3423 5236 tum
3470 5182 3573 5237 hos

399 5364 426 5395 ⁸
461 5369 574 5410 asa.
617 5371 758 5424 χιιι,
792 5356 881 5412 15.

1555 5469 1792 5526 VARle
1833 5467 2236 5524 LECTIONES.

298 5607 487 5732 ":E‘WB
772 5610 818 5642 "
855 5611 884 5665 ὀ
924 5609 1112 5682 Σύρος.
1152 5607 1483 5681 Symmacho
1529 5607 1673 5662 banc
1713 5603 2222 5674 interpretationem
2265 5599 2464 5656 tribuit
2519 5599 2714 5658 Montl'.
2774 5601 2830 5657 in
2884 5599 3112 5672 Hexapl.
3165 5602 3231 5656 ad
3289 5602 3342 5656 b.
3393 5601 3428 5654 l.
3467 5597 3568 5654 Σ)-
