4070 6456
465 374 604 439 1223

1450 359 1936 426 THEODORETI
1973 353 2312 418 EPISCOPI
2347 351 2718 415 CYRENSIS

3605 345 3741 412 1224

463 492 583 537 tum
641 480 783 540 illos.
834 497 865 534 ιι
921 476 1134 532 Sadoco
1187 473 1456 528 oriundos
1511 475 1653 526 dixit
1689 489 1703 524 :
1739 471 2050 537 antiquitus

2173 465 2430 535 Ἀϐιάθαρ
2456 467 2516 516 τδ
2550 467 2705 532 γένος
2753 461 2958 515 ἔπαυσε
2983 460 3076 513 106
3101 458 3402 530 ἱερατεύειν
3425 460 3454 511 ὁ
3475 458 3585 512 τῶν
3602 461 3742 512 ὅλων

465 573 612 627 enim
654 570 971 624 Abiatharis
994 583 1170 637 genus
1203 564 1520 621 sacerdotio
1561 562 1839 618 abdicavit
1863 571 2060 616 auctor

466 658 712 712 omnium
781 669 963 708 rerum
1028 653 1204 715 Deus,
1262 651 1570 707 secundum
1628 653 1796 705 latam
1864 660 2059 704 contra

469 745 587 799 lleli
637 746 945 814 principem
984 743 1380 806 sacerdotum,
1443 743 1798 797 sententiam.
1844 739 2058 812 [4749]

470 835 786 890 lnteriorem
816 824 1041 903 quoque
1068 834 1274 900 aulam,
1302 849 1423 902 quae
1444 834 1752 904 respiceret
1773 833 1841 887 ad
1871 832 2060 886 orieno

469 936 576 980 tem
605 925 798 988 solem,
833 925 914 977 ait
942 939 975 977 a
1006 924 1282 979 vestibulo
1314 924 1493 978 divini
1537 925 1726 993 templi
1786 937 1961 992 usque
1994 921 2062 974 ad

468 1023 687 1084 portam
744 1024 962 1068 centum
1018 1014 1285 1070 habuisse
1339 1015 1563 1070 cubitos
1611 1014 2060 1086 (longitudine),

469 1108 808 1176 totidemque
837 1107 1136 1162 latitudine
1162 1126 1175 1164 :
1216 1123 1248 1163 e
1271 1109 1500 1179 regione
1537 1123 1668 1162 vero
1697 1107 1886 1176 templi
1925 1107 2064 1159 alta-

469 1210 552 1262 re,
573 1203 628 1250 et
657 1195 846 1264 templi
894 1195 1236 1249 vestibulum
1292 1195 1490 1265 viginti
1525 1194 1846 1248 cubitorum
1885 1191 2061 1261 longi-

471 1287 722 1342 tudinem
774 1287 1061 1352 habuisse,
1094 1287 1522 1355 quatuordecim
1557 1295 1742 1341 autem
1809 1282 2065 1336 latitudi-

475 1393 630 1437 nem,
695 1389 1019 1446 portamque
1072 1377 1250 1445 ipsius
1309 1376 1572 1430 similiter
1635 1372 2062 1444 quatuordecim

477 1450 827 1520 latitudinem
868 1467 1152 1528 habuisse,
1195 1475 1250 1519 et
1277 1466 1348 1519 ab
1385 1475 1623 1532 utraque
1675 1473 1832 1534 parte
1887 1463 2062 1533 ipsius

477 1558 651 1611 latera
688 1559 769 1610 vel
821 1567 1010 1626 postes
1066 1572 1240 1625 usque
1272 1557 1338 1609 ad
1397 1558 1692 1627 angulum,
1748 1572 1816 1612 ex
1883 1557 2063 1611 tribus

477 1651 686 1704 cubitis
747 1660 1064 1718 utrumque.
1133 1648 1212 1701 Ita
1281 1648 1430 1702 enim
1497 1649 1691 1717 viginti
1744 1648 2062 1703 cubitorum

478 1757 734 1797 mensura
761 1742 1067 1810 perﬁcitur,
1092 1741 1262 1809 janua
1282 1740 1705 1808 quatuordecim
1731 1740 2061 1809 accipiente,

478 1843 534 1890 et
564 1835 878 1888 anconibus
905 1835 976 1887 ab
1010 1842 1245 1903 utraque
1283 1841 1441 1901 parte
1473 1833 1598 1903 (hos
1625 1833 1774 1887 enim
1821 1833 2065 1885 humeros

480 1925 738 1994 vocavit),
770 1925 1018 1994 reliquos
1075 1940 1200 1989 sex,
1238 1933 1428 1978 ternos
1471 1925 1623 1988 hinc,
1659 1933 1848 1978 ternos
1892 1923 2064 1976 illinc.

482 2019 640 2093 [XLL
678 2018 790 2090 Le]
841 2017 1020 2088 Ipsius
1071 2033 1296 2087 quoque
1352 2017 1538 2086 templi
1596 2025 1809 2085 portam
1866 2015 2069 2068 habere

480 2109 622 2164 dixit
645 2107 995 2161 latitudinem
1029 2107 1346 2161 cubitorum
1378 2106 1592 2168 decem,
1632 2113 1686 2158 et
1727 2107 1796 2159 ab
1827 2113 2070 2173 utraque

481 2209 639 2272 parte
673 2213 929 2254 anconas
977 2199 1265 2268 quinque,
1298 2205 1359 2251 ut
1413 2212 1610 2251 rursus
1645 2195 1838 2266 viginti
1892 2195 2066 2248 cubiti

482 2291 922 2346 absolverentur.
949 2288 1014 2342 Et
1049 2288 1336 2342 dimensus
1355 2298 1460 2353 est,
1515 2287 1717 2356 inquit,
1777 2294 1831 2340 ct
1883 2288 2066 2355 ipsum

483 2382 770 2451 templum,
811 2391 865 2436 et
887 2379 1136 2436 ostendit
1168 2381 1302 2433 mihi
1331 2379 1700 2450 quadraginta
1750 2380 2066 2434 cubitorum

484 2471 924 2542 longitudinem,
991 2486 1054 2525 ac
1121 2471 1312 2541 viginti
1405 2471 1792 2534 latitudinem,
1855 2468 2070 2540 1026.

483 2563 746 2633 aequalem
786 2561 1044 2618 vestibuli
1069 2575 1366 2616 mensurae.
1408 2559 1551 2630 [5,4]
1591 2558 1714 2614 Vidi
1748 2569 1955 2624 autem,
1991 2559 2070 2613 in-

484 2653 627 2721 quit,
665 2653 895 2706 alteram
926 2665 1148 2720 quoque
1185 2658 1401 2720 portam
1441 2652 1533 2704 illa
1565 2651 1921 2719 interiorem,
1966 2665 2068 2703 cu-

478 2744 576 2813 jus
605 2741 840 2796 latitudo
863 2749 1020 2794 erant
1061 2740 1234 2794 cubiti
1277 2755 1395 2802 sex,
1419 2745 1475 2794 et
1514 2740 1585 2793 ab
1627 2747 1862 2808 utraque
1911 2748 2068 2808 parte

485 2849 749 2896 ancones,
793 2831 1104 2886 cubitorum
1134 2839 1364 2900 septem.
1402 2830 1508 2886 Sex
1540 2831 1706 2900 igitur
1732 2832 1841 2886 illis
1862 2833 2068 2886 cubitis

488 2923 909 2994 quatuordecim
954 2921 1126 2977 additi
1182 2921 1378 2993 viginti
1445 2922 1765 2991 perﬁciunt.
1820 2922 2069 2976 Aﬂirmat

495 3023 683 3071 autem
729 3029 788 3070 se
814 3013 1179 3083 conspexisse
1209 3020 1401 3083 portas
1452 3021 1777 3082 separantcs
1805 3029 1833 3066 a
1859 3014 2068 3070 sanctis

2162 558 2314 618 Θεὸς,
2343 555 2484 607 κατὰ
2510 556 2609 620 τὴν
2638 552 3010 622 ἐξενεχθεῖσαν
3047 553 3192 604 κατὰ
3226 551 3374 603 Ἠλεὶ
3414 550 3509 603 106
3550 551 3741 621 ἀρχιε-

2161 648 2303 718 ρέως
2328 645 2530 714 ψῆφον.
2553 644 2714 712 Λέγει
2767 644 2823 695 δὲ
2865 642 3142 712 ἐσωτέραν
3180 643 3226 673 ¹¹⁶
3255 641 3442 711 αὐλήν,
3479 641 3576 711 τὴν
3604 642 3743 711 πρὸς

2162 737 2312 808 ἥλιον
2343 736 2628 806 ἀνίσχοντα
2661 735 2982 805 βλέπουσαν,
3021 735 3128 786 ἀπὸ
3165 733 3260 786 106
3283 733 3617 803 προπυλαίου
3644 731 3742 787 τοῦ

2164 829 2307 880 θείου
2342 826 2446 878 νεὼ
2465 826 2628 895 μέχρι
2655 825 2752 894 τῆς
2767 824 2942 894 πύλης
2973 825 3168 877 ἑκατὸν
3201 825 3492 894 ἐσχηκέναι
3523 825 3739 895 πήχεις,

2164 921 2258 974 καὶ
2281 918 2343 971 τὸ
2369 913 2528 988 εὖρος
2567 916 2623 968 δὲ
2655 916 2917 977 ὡσαύτως
2977 916 3297 978 τοσούτους·
3328 918 3661 986 καταντικρὺ
3686 915 3746 969 δὲ

2163 1010 2258 1063 τοῦ
2315 1007 2423 1061 νεὼ
2467 1008 2530 1060 τὸ
2566 1006 2983 1076 θυσιαστήριον·
3050 1007 3112 1058 1b
3147 1005 3206 1058 δὲ
3259 1006 3598 1075 προπύλαιον
3643 1004 3742 1059 106

2163 1099 2270 1154 νεὼ
2293 1101 2466 1152 εἴκοσι
2504 1098 2601 1167 μὲν
2657 1097 2876 1166 πήχεων
2928 1094 2988 1147 τὸ
3024 1095 3219 1164 μῆκος,
3244 1097 3523 1165 τεττάρων
3558 1095 3613 1150 δὲ
3646 1098 3746 1150 καὶ

2164 1192 2295 1244 δέκα
2327 1190 2388 1243 τὸ
2443 1189 2641 1251 πλάτος
2667 1202 2681 1217 ⁸
2738 1189 2832 1240 καὶ
2877 1187 2973 1255 τὴν
3026 1187 3198 1255 θύραν
3258 1187 3422 1240 αὐτοῦ
3462 1187 3660 1258 ὁμοίως
3694 1189 3744 1220 ³³

2165 1284 2441 1352 τεττάρων
2476 1282 2570 1333 καὶ
2617 1280 2750 1333 δέκα
2793 1279 2855 1332 τὸ
2911 1279 3133 1342 πλάτος,
3161 1280 3287 1343 τοὺς
3311 1280 3366 1332 δὲ
3403 1281 3746 1351 ἑκατέρωθεν

2167 1379 2339 1446 αὐτῆς
2399 1374 2676 1444 ἀγκῶνας,
2721 1373 2754 1442 ἢ
2811 1373 3164 1444 παραστάδας
3198 1373 3359 1443 μέχρι
3395 1373 3494 1440 τῆς
3515 1375 3745 1440 γωνίας,

2166 1468 2276 1522 ἀπὸ
2327 1467 2494 1538 τριῶν
2549 1465 2769 1535 πήχεων
2827 1463 3118 1534 ἑκατέραν.
3174 1464 3333 1516 Οὖτω
3369 1465 3476 1534 γὰρ
3517 1466 3748 1518 καὶτῶν

2166 1561 2338 1611 εἴκοσι
2367 1558 2587 1627 πήχεων
2647 1555 2953 1626 πληροῦται
2996 1555 3058 1607 τὸ
3089 1555 3306 1625 μέτρον,
3326 1557 3424 1626 τῆς
3442 1556 3539 1626 μὲν
3574 1557 3750 1628 θύρας

2165 1649 2432 1718 τέτταρας
2468 1648 2562 1699 καὶ
2615 1645 2746 1698 δέκα
2775 1645 3066 1714 λαϐούσης,
3106 1644 3215 1698 τῶν
3267 1647 3607 1718 ἑκατέρωθεν
3651 1650 3750 1716 ἁγ-

2170 1741 2359 1790 κώνων
2390 1736 2637 1807 (τούτους
2663 1735 2772 1805 γὰρ
2789 1733 3088 1803 ἐπωμίδας
3114 1736 3387 1806 ἐκάλεσε),
3405 1739 3528 1800 τοὺς
3550 1737 3748 1801 ἄλλους

2171 1826 2250 1891 ἒξ,
2282 1829 2431 1896 τρεῖς
2455 1825 2728 1888 ἐντεῦθεν,
2775 1826 2870 1878 καὶ
2918 1827 3064 1896 τρεῖς
3096 1825 3325 1879 ἐκεῖθεν.
3362 1826 3534 1879 Λύτοῦ
3569 1827 3626 1879 δὲ
3649 1829 3747 1880 106

2171 1919 2275 1973 νεὼ
2303 1919 2401 1988 τὴν
2435 1918 2605 1985 θύραν
2636 1917 2741 1987 ἔφη
2801 1915 2957 1989 εὖρος
2997 1918 3140 1987 ἔχειν
3186 1920 3406 1989 πήχεων
3440 1921 3589 1981 δέκα,
3619 1922 3750 1983 τοὺς

2169 2012 2226 2064 δὲ
2263 2010 2608 2080 ἑκατέρωθεν
2655 2009 2910 2078 ἀγκῶνας
2949 2011 3058 2062 ἀπὸ
3105 2011 3266 2063 πέντε
3317 2011 3561 2081 πήχεων,
3603 2011 3748 2065 ὥστε

2171 2099 2510 2172 πληροῦσθαι
2563 2099 2727 2152 πάλιν
2781 2102 2905 2162 τοὺς
2958 2099 3130 2152 είκοσι
3161 2101 3356 2169 πήχεις
3383 2115 3395 2130 ·
3421 2101 3751 2173 διεμέτρησε

2168 2193 2245 2256 δὲ,
2265 2192 2421 2261 φησὶ,
2449 2190 2544 2243 καὶ
2571 2189 2733 2243 αὑτὸν
2759 2189 2851 2242 τὸν
2873 2189 3026 2251 νεὼν,
3049 2190 3143 2242 καὶ
3167 2190 3408 2255 ὑπέδειξέ
3435 2207 3526 2260 μοι
3548 2208 3750 2243 τεσσα-

2172 2292 2410 2352 ράκοντα
2440 2282 2664 2350 πήχεων
2691 2281 2750 2332 τὸ
2778 2280 2973 2350 μῆκος,
3013 2284 3183 2334 είκοσι
3209 2283 3264 2334 δὲ
3297 2283 3360 2334 τὸ
3385 2283 3605 2347 πλάτος,
3641 2285 3752 2334 ίσό-

2173 2389 2370 2443 μετρον
2393 2371 2473 2441 τῷ
2541 2370 2882 2442 προπυλαίῳ.
2923 2368 3078 2424 Εἶδον
3107 2373 3187 2439 δὲ,
3223 2374 3380 2443 φησὶ,
3430 2375 3522 2426 καὶ
3553 2375 3751 2446 ἑτέραν

2169 2464 2340 2534 θύραν
2397 2463 2682 2534 ἑνδοτέραν
2707 2464 2775 2528 ’⁸,
2805 2464 2866 2517 τδ
2920 2465 3124 2527 πλάτος
3175 2464 3402 2533 ἔχουσαν
3436 2467 3631 2536 πήχεις
3664 2467 3747 2533 ἒξ,

2167 2564 2294 2625 τοὺς
2321 2561 2379 2614 δὲ
2409 2561 2750 2631 ἑκατέρωθεν
2769 2560 3022 2628 ἀγκῶνας
3053 2561 3160 2612 ἀπὸ
3185 2562 3405 2630 πήχεων
3439 2561 3580 2614 ἑπτά
3600 2578 3613 2590 ’
3638 2564 3754 2623 τοῖς

2169 2652 2229 2718 ἓξ
2258 2652 2437 2705 τοίνυν
2463 2653 2696 2722 πήχεσιν
2731 2653 2780 2704 oi
2813 2653 3073 2720 τέτταρες
3099 2653 3193 2704 καὶ
3225 2653 3359 2705 δέκα
3399 2650 3754 2723 προστιθέμε-

2169 2762 2251 2797 νοι
2279 2745 2403 2806 τοὺς
2419 2744 2593 2797 εἴκοσι
2617 2743 2904 2814 πληροῦσι.
2930 2744 3091 2810 Λέγει
3113 2743 3169 2796 δὲ
3205 2743 3501 2797 θεάσασθαι
3524 2746 3618 2797 καὶ
3651 2745 3752 2806 τὰς

2171 2834 2340 2902 θύρας
2359 2836 2459 2897 τὰς
2489 2832 2831 2903 διοριζούσας
2865 2833 2972 2887 ἀπὸ
3002 2833 3110 2885 τῶν
3146 2833 3317 2899 ἁγίων
3347 2835 3416 2884 τὰ
3443 2834 3611 2901 ’Ἅγια
3640 2833 3752 2885 τῶν

2171 2925 2363 2993 ἁγίων,
2400 2924 2497 2978 καὶ
2543 2925 2604 2977 τδ
2647 2924 2744 2994 μὲν
2801 2920 2959 2994 εὖρος
2989 2923 3174 2977 αὐτῶν
3213 2925 3257 2956 ’⁷
3292 2925 3577 2995 ίσόμετρον
3608 2923 3751 2979 εἶναι

2171 3015 2248 3086 τῷ
2273 3015 2400 3085 νεῷ,
2450 3015 2698 3067 τουτέστι
2753 3017 2974 3084 πήχεων
3030 3015 3234 3067 εἴκοσι·
3275 3015 3336 3067 τὸ
3379 3016 3434 3068 δὲ
3473 3014 3604 3084 ὕψος
3643 3018 3754 3085 πή-

493 3104 696 3158 Sancta
726 3110 1072 3166 sanctorum,
1091 3115 1325 3172 quarum
1349 3101 1705 3157 latitudinem
1721 3102 1860 3156 dixit
1886 3117 2070 3172 aequa-

2177 3123 2317 3174 χεων
2341 3105 2771 3174 τεσσαράκοντα.
2812 3105 3063 3172 Ζητήσας
3092 3105 3148 3156 δὲ
3173 3106 3270 3158 καὶ
3310 3105 3462 3176 παρὰ
3498 3105 3576 3175 τῷ
3596 3105 3756 3176 Σύρῳ

491 3193 594 3248 lem
622 3191 794 3246 fuisse
817 3191 1000 3260 templi
1018 3205 1313 3254 mensurae,
1331 3190 1434 3244 hoc
1450 3201 1537 3246 est
1553 3191 1866 3246 cubitorum
1889 3193 2070 3263 vigin-

491 3285 558 3350 ti,
577 3281 926 3336 altitudinem
947 3295 1078 3335 vero
1107 3281 1417 3335 cubitorum
1435 3281 1963 3352 quadraginta.Cum
1983 3300 2070 3338 ve-

493 3391 556 3429 ro
578 3374 918 3444 qumsiisscm
950 3372 1024 3426 et‘
1057 3373 1201 3441 apud
1263 3369 1459 3442 Syrum
1497 3381 1552 3428 et
1610 3373 1754 3443 apud
1776 3373 2067 3429 Hebraaum

494 3465 671 3519 inveni
713 3463 1062 3518 altitudinem
1127 3477 1386 3518 mensura
1443 3465 1706 3533 aequalem
1763 3467 2067 3520 latitudini.

491 3553 864 3609 Consentium
881 3551 1028 3606 enim
1049 3560 1302 3620 uterque,
1318 3563 1370 3606 et
1391 3551 1566 3624 Syrus
1592 3561 1647 3607 et
1670 3553 1956 3619 Hebraeus,
1973 3555 2071 3625 qui

495 3643 839 3697 latitudinem
864 3641 1278 3697 etaltitudinem
1301 3645 1490 3714 viginti
1514 3647 1829 3702 cubitorum
1859 3648 2070 3705 dixere.

497 3731 651 3804 [5,6]
684 3731 1092 3786 Commemorat
1115 3748 1332 3803 quoque
1361 3750 1420 3788 se
1457 3734 1664 3806 duplex
1726 3737 1782 3791 in
1832 3739 2073 3795 circuitu

497 3825 682 3894 templi
714 3823 1007 3877 aedilicium
1031 3827 1413 3894 conspexisse,
1453 3836 1508 3882 et
1539 3828 1678 3882 alios
1707 3845 1898 3886 muros
1920 3842 2073 3888 extra

497 3924 699 3971 tectum
729 3924 1107 3979 constructos,
1137 3925 1189 3971 et
1224 3918 1370 3972 inter
1407 3917 1548 3972 duos
1597 3934 1787 3976 muros
1832 3922 2075 3993 undique

496 4009 769 4080 porticum
833 4016 888 4062 et
945 4009 1237 4064 transitum
1292 4027 1306 4064 :
1359 4019 1524 4079 atque
1570 4011 1805 4078 hujusce
1855 4015 2075 4070 aediﬁcii

495 4114 718 4155 causam
752 4097 928 4165 allen,
969 4117 986 4150 ‹
1016 4097 1095 4154 Ne
1124 4101 1273 4170 quis,
1309 4101 1513 4169 inquit,
1539 4104 1728 4173 templi
1765 4105 2074 4173 parietibus

497 4190 988 4262 appropinquaret.
1033 4209 1051 4240 ι
1083 4189 1256 4264 [7-H]
1290 4194 1356 4246 Et
1383 4193 1530 4247 hunc
1557 4193 1736 4263 ipsum
1779 4206 2074 4268 angustum

497 4282 762 4335 ambitum
796 4279 936 4334 dixit
965 4281 1020 4334 in
1059 4281 1220 4351 plana
1249 4291 1305 4336 et
1335 4283 1480 4338 edita
1514 4285 1750 4342 divisum
1786 4287 1980 4353 fuisse,
2010 4303 2075 4342 ac

499 4371 769 4429 fenestras
793 4373 1148 4428 extrinsecus
1173 4382 1458 4444 angustas,
1484 4375 1825 4433 intrinsecus
1846 4379 2075 4434 latiores

500 4464 724 4530 habere,
759 4479 898 4533 quas
945 4463 1206 4532 obliquas
1242 4466 1524 4534 appellare
1555 4469 1987 4534 consuevimus;
2024 4477 2080 4524 et
2107 4448 2153 4502 ι)

499 4554 659 4620 alias,
736 4553 1120 4623 inquit,duas
1193 4556 1427 4611 exedras
1481 4556 1550 4611 ab
1637 4567 1872 4626 utraque
1930 4566 2085 4627 parte

499 4643 672 4700 divini
709 4645 895 4714 templi
939 4647 1222 4714 conspexi,
1257 4648 1484 4703 alteram
1528 4647 1596 4700 ad
1628 4649 1945 4717 aquilonem
1998 4663 2085 4702 re-

502 4736 845 4805 spicienlem,
884 4734 1113 4789 alteram
1146 4744 1326 4789 autem
1358 4736 1424 4790 ad
1467 4743 1717 4790 austrum
1753 4755 1766 4791 :
1800 4737 1906 4790 hoc
1935 4737 2083 4791 enim

502 4827 718 4879 vocavit
753 4825 1069 4887 orationem,
1102 4825 1376 4895 siquidem
1410 4838 1504 4878 eas
1543 4832 1733 4893 partes
1761 4822 2082 4895 Hierosoly-

504 4931 625 4980 τηατ,
646 4931 766 4984 quae
790 4915 962 4985 magis
981 4926 1217 4987 vergunt
1248 4915 1313 4968 ad
1342 4915 1680 4984 aquilonem,
1711 4915 2085 4970 incolentibus

503 5000 732 5067 Iudaeis,
788 5021 909 5059 mos
958 5013 1066 5069 est,
1118 5019 1243 5059 cum
1307 5011 1627 5074 precantur,
1679 5004 1746 5058 ad
1798 5003 2084 5059 meridiem

506 5094 802 5162 respicere,
835 5093 1142 5149 secundum
1172 5094 1325 5149 urbis
1353 5095 1539 5150 situm.
1597 5094 1804 5168 [1244]
1859 5097 2083 5168 Aitque,

509 5183 650 5236 inter
680 5182 774 5238 Dei
797 5185 1062 5254 templum
1095 5193 1149 5239 et
1184 5186 1265 5239 sic
1297 5185 1502 5241 dictam
1530 5184 1812 5252 exedram,
1843 5187 2088 5256 quinque

507 5271 724 5326 cubitos
750 5273 994 5338 deliniri,
1030 5281 1086 5328 et
1119 5289 1150 5328 a
1179 5275 1391 5344 pariete
1436 5275 1746 5332 occidentis
1803 5293 1977 5345 usque
2020 5278 2085 5330 ad

507 5363 681 5432 ipsam
715 5365 971 5420 exedram
1017 5367 1366 5436 septuaginta
1419 5367 1640 5423 cubitos
1671 5369 1969 5432 interesse,
2028 5380 2082 5423 et

2176 3194 2271 3248 καὶ
2299 3193 2454 3264 παρὰ
2472 3193 2551 3264 τῷ
2583 3193 2822 3265 Ἑϐραίῳ
2868 3193 2938 3246 τὰ
2988 3195 3183 3264 μέτρα,
3213 3190 3371 3266 εὗρον
3411 3197 3506 3250 καὶ
3534 3196 3593 3248 τὺ
3618 3196 3756 3264 ὕψος

2179 3285 2464 3354 ίσόμετρον
2483 3283 2560 3353 τῷ
2583 3283 2778 3336 πλάτει
2797 3301 2812 3315 ·
2846 3282 3235 3353 συνεφώνησαν
3270 3283 3378 3355 γὰρ
3431 3285 3753 3354 ἀμφότεροι,

2173 3374 2201 3426 ὅ
2228 3390 2287 3425 τε
2316 3372 2508 3442 Σύρος,
2541 3373 2570 3424 ὅ
2592 3388 2652 3424 τε
2681 3371 2727 3403 ’⁸
2786 3369 3059 3440 Ἐϐραῖος,
3087 3371 3262 3424 είκοσι
3301 3373 3522 3442 πήχεων
3547 3374 3757 3442 φήσαν-

2173 3482 2284 3528 τες,
2324 3465 2417 3518 καὶ
2445 3464 2507 3516 τὸ
2527 3460 2706 3534 εὖρος,
2740 3463 2915 3517 καὶτὸ
2953 3462 3108 3532 ὕψος.
3144 3465 3308 3531 Λέγει
3327 3464 3383 3516 δὲ
3411 3465 3506 3516 καὶ
3533 3463 3756 3516 διπλοῦν

2174 3553 2464 3608 τεθεᾶσθαι
2485 3553 2670 3623 κύκλῳ
2688 3553 2784 3606 τοῦ
2805 3552 2932 3606 ναοῦ
2954 3554 3014 3606 τὸ
3028 3553 3390 3623 οἰκοδόμημα,
3409 3555 3504 3607 καὶ
3533 3554 3756 3622 ἑτέρους

2176 3636 2392 3716 τοίχους
2447 3643 2646 3708 ἔξωθεν
2706 3644 2806 3712 τῆς
2850 3645 3052 3713 ὀροφῆς
3116 3643 3594 3714 ᾠκοδομημένους,
3660 3647 3757 3697 καὶ

2181 3737 2382 3809 μεταξὺ
2420 3737 2529 3790 τῶν
2570 3736 2664 3789 δύο
2711 3735 2905 3805 τοίχων
2965 3735 3151 3806 κύκλῳ
3205 3736 3506 3807 περίπατόν
3553 3754 3611 3789 τε
3661 3739 3758 3791 καὶ

2176 3829 2368 3882 δίοδον.
2398 3827 2560 3895 Λέγει
2594 3828 2651 3879 δὲ
2697 3828 2792 3879 καὶ
2850 3829 2946 3897 τῆς
2973 3827 3286 3895 οἰκοδομίας
3322 3827 3527 3896 ταύτης
3559 3828 3658 3898 τὴν
3675 3832 3763 3881 αξ-

2177 3922 2300 3974 τίαν
2328 3935 2342 3948 ο
2366 3937 2384 3969 ι
2427 3920 2546 3972 Ἵνα
2577 3918 2786 3989 μηδεὶς,
2816 3919 2970 3988 φησὶ,
2999 3917 3209 3988 πελάζῃ
3253 3920 3368 3980 τοίς
3402 3917 3496 3970 106
3525 3918 3631 3970 νεὼ
3649 3920 3762 3972 τοί-

2178 4032 2312 4086 χοις.
2353 4033 2372 4064 ι
2407 4013 2607 4066 Τοῦτον
2641 4013 2697 4066 δὲ
2728 4012 2892 4065 αὐτὸν
2939 4013 3121 4065 στενὸν
3159 4012 3360 4065 κύκλον
3391 4013 3494 4084 ἔφη
3521 4015 3601 4074 είς
3636 4013 3761 4065 ἑπίο

2178 4108 2317 4160 πεδα
2342 4105 2438 4159 καὶ
2472 4104 2696 4176 ὑπερῷα
2720 4105 3030 4175 διῃρῆσθαι,
3067 4105 3162 4157 καὶ
3209 4103 3430 4174 θυρίδας
3457 4104 3601 4174 ἔχειν
3627 4104 3763 4169 ἔξω·

2185 4197 2279 4251 θεν
2341 4197 2444 4268 μὲν
2476 4197 2690 4259 στενὰς,
2712 4195 3013 4266 εὐρυτέροις
3035 4196 3095 4248 δὲ
3131 4195 3362 4260 ἔνδοθεν,
3392 4195 3460 4258 ἃς
3486 4212 3762 4266 προσαγο-

2181 4287 2360 4357 ρεύειν
2379 4286 2649 4356 εἰώθαμεν
2687 4285 2870 4351 λοξάςο
2901 4286 2995 4338 καὶ
3023 4285 3218 4354 ἑτέρας
3245 4285 3324 4349 δὲ,
3349 4287 3504 4354 φησὶ,
3539 4285 3634 4338 δύο
3667 4285 3761 4348 ἑξ⁸

2181 4380 2340 4449 έδρας
2366 4378 2680 4448 ἐθεασάμην
2713 4377 3052 4447 ἑκατέρωθεν
3072 4375 3164 4429 τοῦ
3197 4376 3340 4430 θείου
3372 4376 3498 4438 νεὼ,
3533 4377 3631 4447 τὴν
3661 4377 3766 4446 μὲν

2182 4472 2263 4534 είς
2291 4472 2492 4540 ἄρκτον
2527 4469 2972 4534 ἀποϐλέπουσαν,
2997 4470 3093 4538 τὴν
3119 4469 3176 4521 δὲ
3209 4469 3344 4538 πρὸς
3377 4470 3531 4522 νότον
3552 4485 3565 4500 ·
3600 4467 3764 4522 τοῦτο

2183 4555 2293 4626 γὰρ
2327 4555 2554 4608 ἐκάλεσε
2583 4556 2958 4623 προσευχὴν,
2995 4556 3181 4626 ἑπειδὴ
3205 4559 3317 4618 τοῖς
3348 4556 3417 4609 τὰ
3446 4557 3766 4627 βορειοτέρα.

2181 4646 2282 4717 τῆς
2323 4645 2674 4718 Ἰερουσαλὴμ
2724 4647 2965 4701 οἰκοῦσιν
3001 4648 3274 4702 Ἰουδαίοις
3301 4648 3422 4710 ἑθος
3481 4649 3629 4700 ἐστὶν
3668 4650 3766 4701 εύ-

2183 4735 2454 4805 χομένοις,
2482 4735 2619 4804 πρὸς
2641 4737 2992 4808 μεσημϐρίαν
3013 4738 3342 4792 ἀποϐλέπειν
3370 4739 3513 4792 κατὰ
3532 4737 3631 4809 τὴν
3659 4736 3765 4807 τῆς

2183 4824 2391 4887 πόλεως
2412 4823 2580 4878 θέσιν.
2646 4825 2811 4893 Λέγει
2863 4826 2942 4890 δὲ,
2993 4827 3198 4897 μεταξὺ
3233 4827 3328 4882 τοῦ
3357 4827 3502 4881 θείου
3530 4830 3635 4880 νεὼ
3668 4831 3765 4881 καὶ

2184 4911 2279 4984 τῆς
2311 4914 2652 4985 καλουμένης
2703 4916 2950 4988 ἐξέδρας,
3019 4917 3179 4971 πέντε
3228 4920 3484 4988 διορίζειν
3523 4923 3718 4990 πήχεις
3747 4937 3764 4950 ο

2181 5003 2289 5057 ἀπὸ
2317 5003 2374 5056 δὲ
2431 5005 2526 5057 τοῦ
2579 5007 2834 5078 ἑσπερίου
2867 5007 3082 5079 τείχους
3113 5008 3307 5078 μέχρις
3337 5010 3507 5079 αὐτῆς
3540 5010 3642 5078 τῆς
3674 5010 3767 5072 ἑξ-

2181 5095 2339 5167 έδρας
2371 5092 2740 5167 ἑϐδομήκοντα
2771 5095 2914 5151 εῖναι
2942 5100 3160 5170 πήχεις,
3197 5096 3356 5171 εὖρος
3382 5102 3428 5135 ’⁵
3465 5100 3520 5152 δὲ
3545 5101 3768 5169 ἐννενή-

2184 5206 2366 5242 κοντα.
2397 5190 2576 5252 Μέσος
2597 5189 2675 5252 δὲ,
2695 5190 2879 5257 φησὶν,
2899 5185 3008 5257 ἧνὸ
3034 5188 3175 5252 θεῖος
3193 5189 3349 5253 νεὼς,
3380 5189 3589 5243 σανίσιν
3617 5188 3771 5250 ἄπας

2183 5276 2618 5346 κεκαλυμμένος,
2679 5277 2740 5328 ού
2799 5279 2924 5340 τοὺς
2951 5279 3162 5347 τοίχους
3205 5279 3386 5347 μόνον,
3415 5278 3550 5330 ἀλλὰ
3579 5279 3673 5330 καὶ
3707 5279 3773 5329 τὸ

2187 5368 2380 5432 ἔδαφος
2407 5369 2604 5420 καὶτὸν
2625 5368 2840 5439 ὄροφον.
2868 5366 2992 5438 Εἶχε
3009 5369 3064 5422 δὲ
3087 5371 3180 5424 καὶ
3204 5370 3421 5439 θυρίδας
3439 5370 3771 5432 δικτυωτὰς,

1776 5537 2010 5596 VARUE
2045 5539 2452 5596 LECTIONES.

579 5631 626 5662 “
662 5632 706 5682 B
730 5645 917 5698 praem.
953 5631 1074 5698 τήν.

1172 5632 1220 5708 ’ξ
1258 5633 1548 5708 egotibi-8
1578 5649 1763 5708 praem.
1794 5635 1977 5708 πάλιν.
2066 5636 2321 5708 ἐῳὲνδοτ.
2359 5635 2399 5686 Β
2427 5649 2612 5704 praem.
2667 5636 2900 5708 ἐκείνης.

512 5695 562 5728 ’⁸
588 5700 627 5749 Β
654 5695 748 5753 aut
769 5703 818 5757 ὁ,
895 5701 939 5732 ²⁹
979 5695 1154 5770 εὖρος.
1181 5695 1344 5756 Juxta
1380 5702 1514 5756 LXX
1548 5695 1602 5756 et
1626 5703 1787 5759 Hebr.
1823 5707 1926 5773 leg.
1963 5713 2044 5759 est
2082 5705 2276 5775 μῆκος.

3009 5640 3054 5669 ’⁷
3095 5638 3295 5693 αὐτῶν.
3340 5639 3381 5690 Β
3430 5637 3582 5691 addit
3631 5636 3760 5709 ἔφη.
