  <div class='ocr_page' id='page_1' title='image "/cluster/home/n/w/nwhite01/storage/ocr_20150623/81:no.2/coo.31924054869825/620.png"; bbox 0 0 4070 6414; ppageno 0'>
   <div class='ocr_carea' id='block_1_1' title="bbox 363 373 502 443">
    <p class='ocr_par' dir='ltr' id='par_1_1' title="bbox 363 373 502 443">
     <span class='ocr_line' id='line_1_1' title="bbox 363 373 502 443; baseline -0.014 0"><span class='ocrx_word' id='word_1_1' title='bbox 363 373 502 443; x_wconf 76' lang='lat'><strong>1225</strong></span> 
     </span>
    </p>
   </div>
   <div class='ocr_carea' id='block_1_2' title="bbox 1529 365 2520 436">
    <p class='ocr_par' dir='ltr' id='par_1_2' title="bbox 1529 365 2520 436">
     <span class='ocr_line' id='line_1_2' title="bbox 1529 365 2520 436; baseline -0.006 -2"><span class='ocrx_word' id='word_1_2' title='bbox 1529 366 1611 436; x_wconf 86' lang='grc' dir='ltr'><strong>ῘΝ</strong></span> <span class='ocrx_word' id='word_1_3' title='bbox 1643 365 2088 435; x_wconf 84' lang='lat' dir='ltr'><strong>EZECHIELIS</strong></span> <span class='ocrx_word' id='word_1_4' title='bbox 2113 371 2273 432; x_wconf 84' lang='lat' dir='ltr'><strong>CAP.</strong></span> <span class='ocrx_word' id='word_1_5' title='bbox 2301 370 2520 431; x_wconf 85' lang='lat' dir='ltr'><strong>XLIII.</strong></span> 
     </span>
    </p>
   </div>
   <div class='ocr_carea' id='block_1_3' title="bbox 3485 376 3627 442">
    <p class='ocr_par' dir='ltr' id='par_1_3' title="bbox 3485 376 3627 442">
     <span class='ocr_line' id='line_1_3' title="bbox 3485 376 3627 442; baseline 0.028 -4"><span class='ocrx_word' id='word_1_6' title='bbox 3485 376 3627 442; x_wconf 70' lang='lat'><strong>1226</strong></span> 
     </span>
    </p>
   </div>
   <div class='ocr_carea' id='block_1_4' title="bbox 357 477 1956 566">
    <p class='ocr_par' dir='ltr' id='par_1_4' title="bbox 357 485 1940 566">
     <span class='ocr_line' id='line_1_4' title="bbox 357 485 1940 566; baseline -0.006 -16"><span class='ocrx_word' id='word_1_7' title='bbox 357 493 630 560; x_wconf 79' lang='grc' dir='ltr'><strong>τουτέστι,</strong></span> <span class='ocrx_word' id='word_1_8' title='bbox 665 491 987 566; x_wconf 79' lang='grc' dir='ltr'>διατρήτους</span> <span class='ocrx_word' id='word_1_9' title='bbox 1031 489 1233 562; x_wconf 80' lang='grc' dir='ltr'><strong>δικτύῳ</strong></span> <span class='ocrx_word' id='word_1_10' title='bbox 1277 489 1540 554; x_wconf 72' lang='grc' dir='ltr'>ἐοικυίας.</span> <span class='ocrx_word' id='word_1_11' title='bbox 1565 489 1630 542; x_wconf 73' lang='grc' dir='ltr'><strong>Αἱ</strong></span> <span class='ocrx_word' id='word_1_12' title='bbox 1653 487 1859 557; x_wconf 82' lang='grc' dir='ltr'>γλυφα“ι</span> <span class='ocrx_word' id='word_1_13' title='bbox 1883 485 1940 540; x_wconf 81' lang='grc' dir='ltr'>δὲ</span> 
     </span>
    </p>
   </div>
   <div class='ocr_carea' id='block_1_5' title="bbox 2056 477 3627 566">
    <p class='ocr_par' dir='ltr' id='par_1_5' title="bbox 2056 477 3627 560">
     <span class='ocr_line' id='line_1_5' title="bbox 2056 477 3627 560; baseline 0.002 -22"><span class='ocrx_word' id='word_1_14' title='bbox 2056 481 2390 538; x_wconf 83' lang='lat' dir='ltr'><strong>latitudinem</strong></span> <span class='ocrx_word' id='word_1_15' title='bbox 2438 477 2651 550; x_wconf 69' lang='lat'><strong>1025</strong></span> <span class='ocrx_word' id='word_1_16' title='bbox 2681 479 3000 534; x_wconf 86' lang='lat' dir='ltr'><strong>cubitorum</strong></span> <span class='ocrx_word' id='word_1_17' title='bbox 3037 482 3364 554; x_wconf 79' lang='lat' dir='ltr'><strong>nonaginta.</strong></span> <span class='ocrx_word' id='word_1_18' title='bbox 3401 483 3627 560; x_wconf 78' lang='lat' dir='ltr'><strong>[i5,16]</strong></span> 
     </span>
    </p>
   </div>
   <div class='ocr_carea' id='block_1_6' title="bbox 357 577 1934 654">
    <p class='ocr_par' dir='ltr' id='par_1_6' title="bbox 357 577 1934 654">
     <span class='ocr_line' id='line_1_6' title="bbox 357 577 1934 654; baseline -0.006 -15"><span class='ocrx_word' id='word_1_19' title='bbox 357 585 454 639; x_wconf 73' lang='grc' dir='ltr'><strong>ἐπὶ</strong></span> <span class='ocrx_word' id='word_1_20' title='bbox 483 582 596 638; x_wconf 87' lang='grc' dir='ltr'><strong>τῶν</strong></span> <span class='ocrx_word' id='word_1_21' title='bbox 619 582 815 654; x_wconf 80' lang='grc' dir='ltr'><strong>τοίχων</strong></span> <span class='ocrx_word' id='word_1_22' title='bbox 851 583 950 637; x_wconf 66' lang='grc' dir='ltr'>καὶ</span> <span class='ocrx_word' id='word_1_23' title='bbox 1001 582 1096 636; x_wconf 66' lang='grc' dir='ltr'><strong>ἐπὶ</strong></span> <span class='ocrx_word' id='word_1_24' title='bbox 1123 581 1231 636; x_wconf 85' lang='grc' dir='ltr'><strong>τῶν</strong></span> <span class='ocrx_word' id='word_1_25' title='bbox 1263 580 1454 650; x_wconf 77' lang='grc' dir='ltr'>φλιῶν,</span> <span class='ocrx_word' id='word_1_26' title='bbox 1513 578 1624 633; x_wconf 85' lang='grc' dir='ltr'><strong>τῶν</strong></span> <span class='ocrx_word' id='word_1_27' title='bbox 1662 577 1934 650; x_wconf 62' lang='grc' dir='ltr'>χερουᾶμ</span> 
     </span>
    </p>
   </div>
   <div class='ocr_carea' id='block_1_7' title="bbox 359 669 1941 746">
    <p class='ocr_par' dir='ltr' id='par_1_7' title="bbox 359 669 1941 746">
     <span class='ocr_line' id='line_1_7' title="bbox 359 669 1941 746; baseline -0.005 -15"><span class='ocrx_word' id='word_1_28' title='bbox 359 676 452 732; x_wconf 75' lang='grc' dir='ltr'>καὶ</span> <span class='ocrx_word' id='word_1_29' title='bbox 487 675 748 745; x_wconf 83' lang='grc' dir='ltr'>φοινίκων</span> <span class='ocrx_word' id='word_1_30' title='bbox 802 675 1196 746; x_wconf 76' lang='grc' dir='ltr'><strong>ἀπεικάσματα</strong></span> <span class='ocrx_word' id='word_1_31' title='bbox 1257 669 1403 742; x_wconf 76' lang='grc' dir='ltr'>εἶχον</span> <span class='ocrx_word' id='word_1_32' title='bbox 1428 689 1440 703; x_wconf 77' lang='grc'><strong><em>⁸</em></strong></span> <span class='ocrx_word' id='word_1_33' title='bbox 1485 672 1715 725; x_wconf 75' lang='grc' dir='ltr'>ἕκαστον</span> <span class='ocrx_word' id='word_1_34' title='bbox 1743 671 1800 724; x_wconf 82' lang='grc' dir='ltr'>δὲ</span> <span class='ocrx_word' id='word_1_35' title='bbox 1830 670 1941 723; x_wconf 85' lang='grc' dir='ltr'><strong>τῶν</strong></span> 
     </span>
    </p>
   </div>
   <div class='ocr_carea' id='block_1_8' title="bbox 356 759 1941 838">
    <p class='ocr_par' dir='ltr' id='par_1_8' title="bbox 356 759 1941 838">
     <span class='ocr_line' id='line_1_8' title="bbox 356 759 1941 838; baseline -0.003 -18"><span class='ocrx_word' id='word_1_36' title='bbox 356 766 634 838; x_wconf 66' lang='grc' dir='ltr'>χερουϐὶμ</span> <span class='ocrx_word' id='word_1_37' title='bbox 673 765 768 819; x_wconf 78' lang='grc' dir='ltr'><strong>δύο</strong></span> <span class='ocrx_word' id='word_1_38' title='bbox 799 762 912 836; x_wconf 78' lang='grc' dir='ltr'>εἷχε</span> <span class='ocrx_word' id='word_1_39' title='bbox 962 765 1254 837; x_wconf 87' lang='grc' dir='ltr'>πρόσωπα,</span> <span class='ocrx_word' id='word_1_40' title='bbox 1285 764 1344 816; x_wconf 83' lang='grc' dir='ltr'>ἓν</span> <span class='ocrx_word' id='word_1_41' title='bbox 1384 764 1485 834; x_wconf 84' lang='grc' dir='ltr'>μὲν</span> <span class='ocrx_word' id='word_1_42' title='bbox 1521 763 1756 826; x_wconf 85' lang='grc' dir='ltr'>λέοντος,</span> <span class='ocrx_word' id='word_1_43' title='bbox 1789 761 1848 814; x_wconf 77' lang='grc' dir='ltr'>ἓν</span> <span class='ocrx_word' id='word_1_44' title='bbox 1882 759 1941 815; x_wconf 78' lang='grc' dir='ltr'>δὲ</span> 
     </span>
    </p>
   </div>
   <div class='ocr_carea' id='block_1_9' title="bbox 353 849 1938 929">
    <p class='ocr_par' dir='ltr' id='par_1_9' title="bbox 353 849 1938 929">
     <span class='ocr_line' id='line_1_9' title="bbox 353 849 1938 929; baseline -0.005 -18"><span class='ocrx_word' id='word_1_45' title='bbox 353 855 678 929; x_wconf 79' lang='grc' dir='ltr'>ἀνθρώπου,</span> <span class='ocrx_word' id='word_1_46' title='bbox 697 857 794 909; x_wconf 76' lang='grc' dir='ltr'>καὶ</span> <span class='ocrx_word' id='word_1_47' title='bbox 824 855 886 907; x_wconf 80' lang='grc' dir='ltr'><strong>τὸ</strong></span> <span class='ocrx_word' id='word_1_48' title='bbox 917 855 1015 925; x_wconf 83' lang='grc' dir='ltr'>μὲν</span> <span class='ocrx_word' id='word_1_49' title='bbox 1045 855 1180 926; x_wconf 82' lang='grc' dir='ltr'>πρὸς</span> <span class='ocrx_word' id='word_1_50' title='bbox 1197 854 1386 908; x_wconf 83' lang='grc' dir='ltr'>τοῦτον</span> <span class='ocrx_word' id='word_1_51' title='bbox 1403 849 1681 906; x_wconf 75' lang='grc' dir='ltr'>ἀπέϐλεπε</span> <span class='ocrx_word' id='word_1_52' title='bbox 1705 852 1796 905; x_wconf 81' lang='grc' dir='ltr'>τὸν</span> <span class='ocrx_word' id='word_1_53' title='bbox 1818 851 1938 920; x_wconf 75' lang='grc' dir='ltr'>φοί·</span> 
     </span>
    </p>
   </div>
   <div class='ocr_carea' id='block_1_10' title="bbox 357 941 1940 1016">
    <p class='ocr_par' dir='ltr' id='par_1_10' title="bbox 357 941 1940 1016">
     <span class='ocr_line' id='line_1_10' title="bbox 357 941 1940 1016; baseline -0.003 -17"><span class='ocrx_word' id='word_1_54' title='bbox 357 963 512 1007; x_wconf 74' lang='grc' dir='ltr'>νικά,</span> <span class='ocrx_word' id='word_1_55' title='bbox 542 946 604 999; x_wconf 81' lang='grc' dir='ltr'><strong>τὺ</strong></span> <span class='ocrx_word' id='word_1_56' title='bbox 629 946 686 998; x_wconf 81' lang='grc' dir='ltr'>δὲ</span> <span class='ocrx_word' id='word_1_57' title='bbox 717 945 854 1016; x_wconf 81' lang='grc' dir='ltr'>πρὸς</span> <span class='ocrx_word' id='word_1_58' title='bbox 879 945 1109 998; x_wconf 81' lang='grc' dir='ltr'>ἐκεῖνον.</span> <span class='ocrx_word' id='word_1_59' title='bbox 1151 942 1255 997; x_wconf 92' lang='grc' dir='ltr'>Δύο</span> <span class='ocrx_word' id='word_1_60' title='bbox 1286 943 1344 996; x_wconf 86' lang='grc' dir='ltr'>δὲ</span> <span class='ocrx_word' id='word_1_61' title='bbox 1381 943 1650 1014; x_wconf 89' lang='grc' dir='ltr'>πρόσωπα</span> <span class='ocrx_word' id='word_1_62' title='bbox 1676 941 1801 994; x_wconf 77' lang='grc' dir='ltr'>ἀντὶ</span> <span class='ocrx_word' id='word_1_63' title='bbox 1831 942 1940 995; x_wconf 84' lang='grc' dir='ltr'>τῶν</span> 
     </span>
    </p>
   </div>
   <div class='ocr_carea' id='block_1_11' title="bbox 357 1030 1941 1108">
    <p class='ocr_par' dir='ltr' id='par_1_11' title="bbox 357 1030 1941 1108">
     <span class='ocr_line' id='line_1_11' title="bbox 357 1030 1941 1108; baseline -0.003 -16"><span class='ocrx_word' id='word_1_64' title='bbox 357 1038 648 1108; x_wconf 76' lang='grc' dir='ltr'><strong>τεσσάρων</strong></span> <span class='ocrx_word' id='word_1_65' title='bbox 677 1035 940 1090; x_wconf 71' lang='grc' dir='ltr'>ἐθεάσατο</span> <span class='ocrx_word' id='word_1_66' title='bbox 965 1035 1324 1106; x_wconf 83' lang='grc' dir='ltr'>γεγλυμμένα</span> <span class='ocrx_word' id='word_1_67' title='bbox 1343 1051 1358 1066; x_wconf 84' lang='grc'><em>’</em></span> <span class='ocrx_word' id='word_1_68' title='bbox 1393 1035 1578 1106; x_wconf 79' lang='grc' dir='ltr'>ἐπειδὴ</span> <span class='ocrx_word' id='word_1_69' title='bbox 1607 1035 1727 1089; x_wconf 83' lang='grc' dir='ltr'>οὐδὲ</span> <span class='ocrx_word' id='word_1_70' title='bbox 1747 1030 1855 1088; x_wconf 79' lang='grc' dir='ltr'>οἷόν</span> <span class='ocrx_word' id='word_1_71' title='bbox 1879 1051 1941 1087; x_wconf 87' lang='grc' dir='ltr'><strong>τε</strong></span> 
     </span>
    </p>
   </div>
   <div class='ocr_carea' id='block_1_12' title="bbox 356 1125 1942 1200">
    <p class='ocr_par' dir='ltr' id='par_1_12' title="bbox 356 1125 1942 1200">
     <span class='ocr_line' id='line_1_12' title="bbox 356 1125 1942 1200; baseline -0.001 -20"><span class='ocrx_word' id='word_1_72' title='bbox 356 1125 428 1200; x_wconf 79' lang='grc' dir='ltr'>ἦν</span> <span class='ocrx_word' id='word_1_73' title='bbox 453 1129 512 1180; x_wconf 80' lang='grc' dir='ltr'>ὲν</span> <span class='ocrx_word' id='word_1_74' title='bbox 534 1126 746 1179; x_wconf 76' lang='grc' dir='ltr'><strong>σανίσιν</strong></span> <span class='ocrx_word' id='word_1_75' title='bbox 767 1125 1013 1196; x_wconf 80' lang='grc' dir='ltr'>ἀκριϐῶς</span> <span class='ocrx_word' id='word_1_76' title='bbox 1059 1125 1305 1197; x_wconf 82' lang='grc' dir='ltr'>τέσσαρα</span> <span class='ocrx_word' id='word_1_77' title='bbox 1353 1125 1668 1195; x_wconf 77' lang='grc' dir='ltr'>διαγλιξψαι.</span> <span class='ocrx_word' id='word_1_78' title='bbox 1697 1125 1858 1193; x_wconf 83' lang='grc' dir='ltr'>Λέγει</span> <span class='ocrx_word' id='word_1_79' title='bbox 1885 1125 1942 1178; x_wconf 66' lang='grc' dir='ltr'>δὲ</span> 
     </span>
    </p>
   </div>
   <div class='ocr_carea' id='block_1_13' title="bbox 360 1217 1940 1288">
    <p class='ocr_par' dir='ltr' id='par_1_13' title="bbox 360 1217 1940 1288">
     <span class='ocr_line' id='line_1_13' title="bbox 360 1217 1940 1288; baseline -0.003 -14"><span class='ocrx_word' id='word_1_80' title='bbox 360 1225 451 1275; x_wconf 71' lang='lat'><strong>7.1&quot;</strong></span> <span class='ocrx_word' id='word_1_81' title='bbox 483 1219 545 1273; x_wconf 76' lang='grc' dir='ltr'>τὸ</span> <span class='ocrx_word' id='word_1_82' title='bbox 575 1218 964 1288; x_wconf 86' lang='grc' dir='ltr'>θυσιαστήριον</span> <span class='ocrx_word' id='word_1_83' title='bbox 1000 1217 1291 1272; x_wconf 79' lang='grc' dir='ltr'><strong>τεθεᾶσθαι</strong></span> <span class='ocrx_word' id='word_1_84' title='bbox 1325 1218 1388 1271; x_wconf 80' lang='grc' dir='ltr'>τὸ</span> <span class='ocrx_word' id='word_1_85' title='bbox 1433 1218 1541 1288; x_wconf 82' lang='grc' dir='ltr'>πρὸ</span> <span class='ocrx_word' id='word_1_86' title='bbox 1581 1219 1691 1271; x_wconf 85' lang='grc' dir='ltr'><strong>τῶν</strong></span> <span class='ocrx_word' id='word_1_87' title='bbox 1733 1217 1940 1286; x_wconf 73' lang='grc' dir='ltr'><strong>ἁγίων⁹</strong></span> 
     </span>
    </p>
   </div>
   <div class='ocr_carea' id='block_1_14' title="bbox 355 1307 1942 1381">
    <p class='ocr_par' dir='ltr' id='par_1_14' title="bbox 355 1307 1942 1381">
     <span class='ocr_line' id='line_1_14' title="bbox 355 1307 1942 1381; baseline 0.001 -22"><span class='ocrx_word' id='word_1_88' title='bbox 355 1323 475 1377; x_wconf 82' lang='grc' dir='ltr'>ειχε</span> <span class='ocrx_word' id='word_1_89' title='bbox 507 1307 586 1372; x_wconf 81' lang='grc' dir='ltr'>δὲ,</span> <span class='ocrx_word' id='word_1_90' title='bbox 626 1308 781 1379; x_wconf 75' lang='grc' dir='ltr'>φησὶ,</span> <span class='ocrx_word' id='word_1_91' title='bbox 816 1309 879 1362; x_wconf 87' lang='grc' dir='ltr'><strong>τὸ</strong></span> <span class='ocrx_word' id='word_1_92' title='bbox 910 1309 1008 1380; x_wconf 78' lang='grc' dir='ltr'>μὲν</span> <span class='ocrx_word' id='word_1_93' title='bbox 1039 1307 1173 1378; x_wconf 80' lang='grc' dir='ltr'>ὕψος</span> <span class='ocrx_word' id='word_1_94' title='bbox 1197 1312 1348 1380; x_wconf 81' lang='grc' dir='ltr'><strong>τρεῖς</strong></span> <span class='ocrx_word' id='word_1_95' title='bbox 1381 1309 1600 1380; x_wconf 85' lang='grc' dir='ltr'><strong>πήχεις,</strong></span> <span class='ocrx_word' id='word_1_96' title='bbox 1627 1307 1720 1362; x_wconf 84' lang='grc' dir='ltr'><strong>δύο</strong></span> <span class='ocrx_word' id='word_1_97' title='bbox 1749 1309 1805 1361; x_wconf 88' lang='grc' dir='ltr'>δὲ</span> <span class='ocrx_word' id='word_1_98' title='bbox 1834 1309 1942 1381; x_wconf 82' lang='grc' dir='ltr'><strong>πή-</strong></span> 
     </span>
    </p>
   </div>
   <div class='ocr_carea' id='block_1_15' title="bbox 359 1397 1944 1473">
    <p class='ocr_par' dir='ltr' id='par_1_15' title="bbox 359 1397 1944 1473">
     <span class='ocr_line' id='line_1_15' title="bbox 359 1397 1944 1473; baseline -0.002 -18"><span class='ocrx_word' id='word_1_99' title='bbox 359 1413 483 1473; x_wconf 74' lang='grc' dir='ltr'>χεις</span> <span class='ocrx_word' id='word_1_100' title='bbox 509 1399 574 1454; x_wconf 80' lang='grc' dir='ltr'>τὸ</span> <span class='ocrx_word' id='word_1_101' title='bbox 605 1401 800 1471; x_wconf 78' lang='grc' dir='ltr'>μῆκος,</span> <span class='ocrx_word' id='word_1_102' title='bbox 833 1401 927 1454; x_wconf 73' lang='grc' dir='ltr'><strong>καὶ</strong></span> <span class='ocrx_word' id='word_1_103' title='bbox 947 1400 1010 1454; x_wconf 83' lang='grc' dir='ltr'><strong>τὸ</strong></span> <span class='ocrx_word' id='word_1_104' title='bbox 1035 1399 1236 1463; x_wconf 80' lang='grc' dir='ltr'><strong>πλάτος</strong></span> <span class='ocrx_word' id='word_1_105' title='bbox 1259 1397 1543 1463; x_wconf 84' lang='grc' dir='ltr'><strong>ὡσαύτως,</strong></span> <span class='ocrx_word' id='word_1_106' title='bbox 1573 1399 1822 1452; x_wconf 82' lang='grc' dir='ltr'><strong>τουτέστι</strong></span> <span class='ocrx_word' id='word_1_107' title='bbox 1856 1416 1944 1452; x_wconf 81' lang='grc' dir='ltr'>τε·</span> 
     </span>
    </p>
   </div>
   <div class='ocr_carea' id='block_1_16' title="bbox 357 1485 1946 1564">
    <p class='ocr_par' dir='ltr' id='par_1_16' title="bbox 357 1485 1946 1564">
     <span class='ocr_line' id='line_1_16' title="bbox 357 1485 1946 1564; baseline -0.003 -20"><span class='ocrx_word' id='word_1_108' title='bbox 357 1491 650 1564; x_wconf 83' lang='grc' dir='ltr'>τράγωνον</span> <span class='ocrx_word' id='word_1_109' title='bbox 679 1488 1014 1559; x_wconf 81' lang='grc' dir='ltr'>ἰσόπλευρον.</span> <span class='ocrx_word' id='word_1_110' title='bbox 1067 1487 1386 1558; x_wconf 85' lang='grc' dir='ltr'>Ἑδιδάχθην</span> <span class='ocrx_word' id='word_1_111' title='bbox 1411 1487 1470 1540; x_wconf 80' lang='grc' dir='ltr'>δὲ</span> <span class='ocrx_word' id='word_1_112' title='bbox 1505 1486 1609 1540; x_wconf 82' lang='grc' dir='ltr'><strong>ὑπὸ</strong></span> <span class='ocrx_word' id='word_1_113' title='bbox 1637 1486 1734 1539; x_wconf 80' lang='grc' dir='ltr'>τοῦ</span> <span class='ocrx_word' id='word_1_114' title='bbox 1768 1485 1946 1540; x_wconf 83' lang='grc' dir='ltr'>ταῦτά</span> 
     </span>
    </p>
   </div>
   <div class='ocr_carea' id='block_1_17' title="bbox 362 1575 1946 1654">
    <p class='ocr_par' dir='ltr' id='par_1_17' title="bbox 362 1575 1946 1654">
     <span class='ocr_line' id='line_1_17' title="bbox 362 1575 1946 1654; baseline -0.001 -18"><span class='ocrx_word' id='word_1_115' title='bbox 362 1600 461 1654; x_wconf 89' lang='grc' dir='ltr'><strong>μοι</strong></span> <span class='ocrx_word' id='word_1_116' title='bbox 515 1580 848 1645; x_wconf 81' lang='grc' dir='ltr'><strong>δεικνύντος,</strong></span> <span class='ocrx_word' id='word_1_117' title='bbox 905 1579 981 1642; x_wconf 84' lang='grc' dir='ltr'><strong>ὡς</strong></span> <span class='ocrx_word' id='word_1_118' title='bbox 1011 1577 1152 1651; x_wconf 79' lang='grc' dir='ltr'>αὕτη</span> <span class='ocrx_word' id='word_1_119' title='bbox 1190 1579 1238 1611; x_wconf 87' lang='grc'><strong>⁸⁰</strong></span> <span class='ocrx_word' id='word_1_120' title='bbox 1268 1575 1337 1650; x_wconf 80' lang='grc' dir='ltr'>ἦν</span> <span class='ocrx_word' id='word_1_121' title='bbox 1381 1580 1416 1650; x_wconf 81' lang='grc' dir='ltr'><strong>ἡ</strong></span> <span class='ocrx_word' id='word_1_122' title='bbox 1446 1577 1696 1651; x_wconf 76' lang='grc' dir='ltr'>τράπεζα</span> <span class='ocrx_word' id='word_1_123' title='bbox 1731 1583 1764 1652; x_wconf 79' lang='grc' dir='ltr'>ὴ</span> <span class='ocrx_word' id='word_1_124' title='bbox 1813 1598 1946 1634; x_wconf 87' lang='grc' dir='ltr'>κατ-</span> 
     </span>
    </p>
   </div>
   <div class='ocr_carea' id='block_1_18' title="bbox 357 1671 1948 1745">
    <p class='ocr_par' dir='ltr' id='par_1_18' title="bbox 357 1671 1948 1745">
     <span class='ocr_line' id='line_1_18' title="bbox 357 1671 1948 1745; baseline -0.003 -16"><span class='ocrx_word' id='word_1_125' title='bbox 357 1673 550 1728; x_wconf 76' lang='grc' dir='ltr'>έναντι</span> <span class='ocrx_word' id='word_1_126' title='bbox 570 1672 797 1744; x_wconf 78' lang='grc' dir='ltr'><strong>Κυρίου.</strong></span> <span class='ocrx_word' id='word_1_127' title='bbox 821 1671 1144 1742; x_wconf 86' lang='grc' dir='ltr'>Ἐπιστῆσαι</span> <span class='ocrx_word' id='word_1_128' title='bbox 1176 1671 1235 1725; x_wconf 83' lang='grc' dir='ltr'>δὲ</span> <span class='ocrx_word' id='word_1_129' title='bbox 1264 1672 1554 1743; x_wconf 85' lang='grc' dir='ltr'>προσήκει,</span> <span class='ocrx_word' id='word_1_130' title='bbox 1584 1672 1661 1735; x_wconf 87' lang='grc' dir='ltr'><strong>ὡς</strong></span> <span class='ocrx_word' id='word_1_131' title='bbox 1692 1673 1791 1744; x_wconf 84' lang='grc' dir='ltr'><strong>τὴν</strong></span> <span class='ocrx_word' id='word_1_132' title='bbox 1817 1675 1948 1745; x_wconf 81' lang='grc' dir='ltr'>τράο</span> 
     </span>
    </p>
   </div>
   <div class='ocr_carea' id='block_1_19' title="bbox 361 1763 1943 1837">
    <p class='ocr_par' dir='ltr' id='par_1_19' title="bbox 361 1763 1943 1837">
     <span class='ocr_line' id='line_1_19' title="bbox 361 1763 1943 1837; baseline -0.001 -17"><span class='ocrx_word' id='word_1_133' title='bbox 361 1766 685 1837; x_wconf 66' lang='grc' dir='ltr'>πεζανςτὴν</span> <span class='ocrx_word' id='word_1_134' title='bbox 713 1766 838 1828; x_wconf 83' lang='grc' dir='ltr'>τοὺς</span> <span class='ocrx_word' id='word_1_135' title='bbox 871 1763 1069 1836; x_wconf 78' lang='grc' dir='ltr'><strong>ἄρτους</strong></span> <span class='ocrx_word' id='word_1_136' title='bbox 1113 1765 1214 1835; x_wconf 86' lang='grc' dir='ltr'>τῆς</span> <span class='ocrx_word' id='word_1_137' title='bbox 1265 1763 1574 1836; x_wconf 82' lang='grc' dir='ltr'>προθέσεως</span> <span class='ocrx_word' id='word_1_138' title='bbox 1623 1764 1943 1836; x_wconf 79' lang='grc' dir='ltr'><strong>δεχομένην,</strong></span> 
     </span>
    </p>
   </div>
   <div class='ocr_carea' id='block_1_20' title="bbox 2041 569 3630 643">
    <p class='ocr_par' dir='ltr' id='par_1_20' title="bbox 2041 569 3630 643">
     <span class='ocr_line' id='line_1_20' title="bbox 2041 569 3630 643; baseline 0.003 -15"><span class='ocrx_word' id='word_1_139' title='bbox 2041 574 2277 630; x_wconf 80' lang='lat' dir='ltr'><strong>Medium</strong></span> <span class='ocrx_word' id='word_1_140' title='bbox 2329 580 2512 628; x_wconf 88' lang='lat' dir='ltr'><strong>autem</strong></span> <span class='ocrx_word' id='word_1_141' title='bbox 2546 569 2642 626; x_wconf 88' lang='lat' dir='ltr'><strong>Dei</strong></span> <span class='ocrx_word' id='word_1_142' title='bbox 2678 571 2940 641; x_wconf 78' lang='lat' dir='ltr'><strong>templum</strong></span> <span class='ocrx_word' id='word_1_143' title='bbox 2998 573 3177 643; x_wconf 91' lang='lat' dir='ltr'><strong>inquit</strong></span> <span class='ocrx_word' id='word_1_144' title='bbox 3205 574 3412 632; x_wconf 89' lang='lat' dir='ltr'><strong>tabulis</strong></span> <span class='ocrx_word' id='word_1_145' title='bbox 3455 585 3630 632; x_wconf 87' lang='lat' dir='ltr'><strong>totum</strong></span> 
     </span>
    </p>
   </div>
   <div class='ocr_carea' id='block_1_21' title="bbox 2040 661 3630 734">
    <p class='ocr_par' dir='ltr' id='par_1_21' title="bbox 2040 661 3630 734">
     <span class='ocr_line' id='line_1_21' title="bbox 2040 661 3630 734; baseline 0.001 -12"><span class='ocrx_word' id='word_1_146' title='bbox 2040 674 2373 730; x_wconf 86' lang='lat' dir='ltr'><strong>contectum,</strong></span> <span class='ocrx_word' id='word_1_147' title='bbox 2398 678 2510 718; x_wconf 87' lang='lat' dir='ltr'><strong>non</strong></span> <span class='ocrx_word' id='word_1_148' title='bbox 2546 661 2729 734; x_wconf 84' lang='lat' dir='ltr'><strong>quoad</strong></span> <span class='ocrx_word' id='word_1_149' title='bbox 2764 664 3006 734; x_wconf 81' lang='lat' dir='ltr'><strong>parietes</strong></span> <span class='ocrx_word' id='word_1_150' title='bbox 3037 671 3277 734; x_wconf 87' lang='lat' dir='ltr'><strong>tantum,</strong></span> <span class='ocrx_word' id='word_1_151' title='bbox 3316 668 3412 724; x_wconf 88' lang='lat' dir='ltr'><strong>sed</strong></span> <span class='ocrx_word' id='word_1_152' title='bbox 3463 673 3630 725; x_wconf 82' lang='lat' dir='ltr'><strong>etiam</strong></span> 
     </span>
    </p>
   </div>
   <div class='ocr_carea' id='block_1_22' title="bbox 2041 756 3635 830">
    <p class='ocr_par' dir='ltr' id='par_1_22' title="bbox 2041 756 3635 830">
     <span class='ocr_line' id='line_1_22' title="bbox 2041 756 3635 830; baseline 0.002 -17"><span class='ocrx_word' id='word_1_153' title='bbox 2041 756 2222 830; x_wconf 80' lang='lat' dir='ltr'><strong>quoad</strong></span> <span class='ocrx_word' id='word_1_154' title='bbox 2254 758 2630 828; x_wconf 82' lang='lat' dir='ltr'><strong>pavimentum</strong></span> <span class='ocrx_word' id='word_1_155' title='bbox 2680 765 2736 811; x_wconf 92' lang='lat' dir='ltr'><strong>et</strong></span> <span class='ocrx_word' id='word_1_156' title='bbox 2770 764 2997 813; x_wconf 89' lang='lat' dir='ltr'><strong>tectum.</strong></span> <span class='ocrx_word' id='word_1_157' title='bbox 3031 757 3280 816; x_wconf 85' lang='lat' dir='ltr'><strong>Habebat</strong></span> <span class='ocrx_word' id='word_1_158' title='bbox 3326 769 3508 816; x_wconf 87' lang='lat' dir='ltr'><strong>autem</strong></span> <span class='ocrx_word' id='word_1_159' title='bbox 3554 763 3635 816; x_wconf 83' lang='lat' dir='ltr'><strong>fe-</strong></span> 
     </span>
    </p>
   </div>
   <div class='ocr_carea' id='block_1_23' title="bbox 2042 850 3631 921">
    <p class='ocr_par' dir='ltr' id='par_1_23' title="bbox 2042 850 3631 921">
     <span class='ocr_line' id='line_1_23' title="bbox 2042 850 3631 921; baseline 0.001 -14"><span class='ocrx_word' id='word_1_160' title='bbox 2042 857 2262 907; x_wconf 87' lang='lat' dir='ltr'><strong>nestras</strong></span> <span class='ocrx_word' id='word_1_161' title='bbox 2292 863 2511 920; x_wconf 91' lang='lat' dir='ltr'><strong>quoque</strong></span> <span class='ocrx_word' id='word_1_162' title='bbox 2546 851 2891 915; x_wconf 88' lang='lat' dir='ltr'><strong>reticulatas,</strong></span> <span class='ocrx_word' id='word_1_163' title='bbox 2920 850 3026 905; x_wconf 92' lang='lat' dir='ltr'><strong>hoc</strong></span> <span class='ocrx_word' id='word_1_164' title='bbox 3049 860 3156 916; x_wconf 91' lang='lat' dir='ltr'><strong>est,</strong></span> <span class='ocrx_word' id='word_1_165' title='bbox 3188 851 3508 921; x_wconf 74' lang='lat' dir='ltr'><strong>perforatas</strong></span> <span class='ocrx_word' id='word_1_166' title='bbox 3530 855 3631 908; x_wconf 86' lang='lat' dir='ltr'><strong>reti</strong></span> 
     </span>
    </p>
   </div>
   <div class='ocr_carea' id='block_1_24' title="bbox 2042 940 3632 1014">
    <p class='ocr_par' dir='ltr' id='par_1_24' title="bbox 2042 940 3632 1014">
     <span class='ocr_line' id='line_1_24' title="bbox 2042 940 3632 1014; baseline 0 -16"><span class='ocrx_word' id='word_1_167' title='bbox 2042 942 2274 998; x_wconf 89' lang='lat' dir='ltr'><strong>similes.</strong></span> <span class='ocrx_word' id='word_1_168' title='bbox 2310 940 2524 1014; x_wconf 71' lang='grc' dir='ltr'><strong>[ΓΙ-20]</strong></span> <span class='ocrx_word' id='word_1_169' title='bbox 2565 943 2631 996; x_wconf 89' lang='grc' dir='ltr'><strong>Ει</strong></span> <span class='ocrx_word' id='word_1_170' title='bbox 2662 943 2967 1012; x_wconf 75' lang='lat' dir='ltr'><strong>sculptura:</strong></span> <span class='ocrx_word' id='word_1_171' title='bbox 3010 943 3066 996; x_wconf 91' lang='lat' dir='ltr'><strong>in</strong></span> <span class='ocrx_word' id='word_1_172' title='bbox 3097 943 3405 1013; x_wconf 79' lang='lat' dir='ltr'><strong>parietibus</strong></span> <span class='ocrx_word' id='word_1_173' title='bbox 3461 954 3518 998; x_wconf 80' lang='lat' dir='ltr'><strong>et</strong></span> <span class='ocrx_word' id='word_1_174' title='bbox 3575 947 3632 998; x_wconf 89' lang='lat' dir='ltr'><strong>in</strong></span> 
     </span>
    </p>
   </div>
   <div class='ocr_carea' id='block_1_25' title="bbox 2042 1033 3633 1106">
    <p class='ocr_par' dir='ltr' id='par_1_25' title="bbox 2042 1033 3633 1106">
     <span class='ocr_line' id='line_1_25' title="bbox 2042 1033 3633 1106; baseline 0.001 -17"><span class='ocrx_word' id='word_1_175' title='bbox 2042 1035 2328 1090; x_wconf 87' lang='lat' dir='ltr'><strong>liminibus</strong></span> <span class='ocrx_word' id='word_1_176' title='bbox 2377 1033 2670 1090; x_wconf 86' lang='lat' dir='ltr'><strong>cherubim</strong></span> <span class='ocrx_word' id='word_1_177' title='bbox 2706 1043 2760 1089; x_wconf 91' lang='lat' dir='ltr'><strong>et</strong></span> <span class='ocrx_word' id='word_1_178' title='bbox 2793 1034 3096 1104; x_wconf 86' lang='lat' dir='ltr'><strong>palmarum</strong></span> <span class='ocrx_word' id='word_1_179' title='bbox 3147 1035 3420 1106; x_wconf 76' lang='lat' dir='ltr'><strong>imagines</strong></span> <span class='ocrx_word' id='word_1_180' title='bbox 3449 1038 3633 1091; x_wconf 77' lang='lat' dir='ltr'><strong>conti~</strong></span> 
     </span>
    </p>
   </div>
   <div class='ocr_carea' id='block_1_26' title="bbox 2044 1125 3630 1196">
    <p class='ocr_par' dir='ltr' id='par_1_26' title="bbox 2044 1125 3630 1196">
     <span class='ocr_line' id='line_1_26' title="bbox 2044 1125 3630 1196; baseline 0.001 -14"><span class='ocrx_word' id='word_1_181' title='bbox 2044 1127 2272 1192; x_wconf 85' lang='lat' dir='ltr'><strong>nebant,</strong></span> <span class='ocrx_word' id='word_1_182' title='bbox 2328 1134 2385 1182; x_wconf 91' lang='lat' dir='ltr'><strong>et</strong></span> <span class='ocrx_word' id='word_1_183' title='bbox 2441 1125 2874 1196; x_wconf 86' lang='lat' dir='ltr'><strong>unumquodque</strong></span> <span class='ocrx_word' id='word_1_184' title='bbox 2933 1125 3218 1180; x_wconf 79' lang='lat' dir='ltr'><strong>cherubim</strong></span> <span class='ocrx_word' id='word_1_185' title='bbox 3265 1127 3404 1182; x_wconf 91' lang='lat' dir='ltr'><strong>duas</strong></span> <span class='ocrx_word' id='word_1_186' title='bbox 3463 1125 3630 1184; x_wconf 78' lang='lat' dir='ltr'><strong>facies</strong></span> 
     </span>
    </p>
   </div>
   <div class='ocr_carea' id='block_1_27' title="bbox 2045 1216 3630 1283">
    <p class='ocr_par' dir='ltr' id='par_1_27' title="bbox 2045 1216 3630 1283">
     <span class='ocr_line' id='line_1_27' title="bbox 2045 1216 3630 1283; baseline 0.001 -9"><span class='ocrx_word' id='word_1_187' title='bbox 2045 1218 2302 1283; x_wconf 90' lang='lat' dir='ltr'><strong>habebat,</strong></span> <span class='ocrx_word' id='word_1_188' title='bbox 2346 1218 2572 1272; x_wconf 86' lang='lat' dir='ltr'><strong>alteram</strong></span> <span class='ocrx_word' id='word_1_189' title='bbox 2602 1217 2802 1281; x_wconf 78' lang='lat' dir='ltr'><strong>leonis,</strong></span> <span class='ocrx_word' id='word_1_190' title='bbox 2833 1216 3075 1271; x_wconf 88' lang='lat' dir='ltr'><strong>hominis</strong></span> <span class='ocrx_word' id='word_1_191' title='bbox 3102 1218 3355 1283; x_wconf 87' lang='lat' dir='ltr'><strong>alteram,</strong></span> <span class='ocrx_word' id='word_1_192' title='bbox 3377 1226 3431 1273; x_wconf 87' lang='lat' dir='ltr'><strong>et</strong></span> <span class='ocrx_word' id='word_1_193' title='bbox 3459 1220 3630 1275; x_wconf 82' lang='lat' dir='ltr'><strong>altera</strong></span> 
     </span>
    </p>
   </div>
   <div class='ocr_carea' id='block_1_28' title="bbox 2047 1308 3631 1379">
    <p class='ocr_par' dir='ltr' id='par_1_28' title="bbox 2047 1308 3631 1379">
     <span class='ocr_line' id='line_1_28' title="bbox 2047 1308 3631 1379; baseline 0.003 -15"><span class='ocrx_word' id='word_1_194' title='bbox 2047 1310 2113 1365; x_wconf 86' lang='lat' dir='ltr'><strong>ad</strong></span> <span class='ocrx_word' id='word_1_195' title='bbox 2145 1311 2307 1374; x_wconf 87' lang='lat' dir='ltr'><strong>hanc,</strong></span> <span class='ocrx_word' id='word_1_196' title='bbox 2344 1311 2513 1364; x_wconf 89' lang='lat' dir='ltr'><strong>altera</strong></span> <span class='ocrx_word' id='word_1_197' title='bbox 2547 1308 2616 1362; x_wconf 89' lang='lat' dir='ltr'><strong>ad</strong></span> <span class='ocrx_word' id='word_1_198' title='bbox 2652 1309 2797 1363; x_wconf 86' lang='lat' dir='ltr'><strong>illam</strong></span> <span class='ocrx_word' id='word_1_199' title='bbox 2828 1308 3064 1379; x_wconf 81' lang='lat' dir='ltr'><strong>palmam</strong></span> <span class='ocrx_word' id='word_1_200' title='bbox 3105 1312 3460 1379; x_wconf 73' lang='lat' dir='ltr'><strong>respiciebat.</strong></span> <span class='ocrx_word' id='word_1_201' title='bbox 3485 1314 3631 1369; x_wconf 87' lang='lat' dir='ltr'><strong>Duas</strong></span> 
     </span>
    </p>
   </div>
   <div class='ocr_carea' id='block_1_29' title="bbox 2046 1399 3633 1474">
    <p class='ocr_par' dir='ltr' id='par_1_29' title="bbox 2046 1399 3633 1474">
     <span class='ocr_line' id='line_1_29' title="bbox 2046 1399 3633 1474; baseline 0.001 -18"><span class='ocrx_word' id='word_1_202' title='bbox 2046 1409 2228 1456; x_wconf 90' lang='lat' dir='ltr'><strong>autem</strong></span> <span class='ocrx_word' id='word_1_203' title='bbox 2257 1400 2426 1456; x_wconf 80' lang='lat' dir='ltr'><strong>facies</strong></span> <span class='ocrx_word' id='word_1_204' title='bbox 2459 1414 2560 1469; x_wconf 89' lang='lat' dir='ltr'><strong>pro</strong></span> <span class='ocrx_word' id='word_1_205' title='bbox 2587 1407 2828 1469; x_wconf 89' lang='lat' dir='ltr'><strong>quatuor</strong></span> <span class='ocrx_word' id='word_1_206' title='bbox 2874 1399 3011 1454; x_wconf 88' lang='lat' dir='ltr'><strong>vidit</strong></span> <span class='ocrx_word' id='word_1_207' title='bbox 3062 1400 3372 1472; x_wconf 87' lang='lat' dir='ltr'><strong>insculptas</strong></span> <span class='ocrx_word' id='word_1_208' title='bbox 3409 1421 3422 1456; x_wconf 89' lang='lat'><strong>:</strong></span> <span class='ocrx_word' id='word_1_209' title='bbox 3452 1419 3633 1474; x_wconf 85' lang='lat' dir='ltr'><strong>quan-</strong></span> 
     </span>
    </p>
   </div>
   <div class='ocr_carea' id='block_1_30' title="bbox 2046 1491 3634 1562">
    <p class='ocr_par' dir='ltr' id='par_1_30' title="bbox 2046 1491 3634 1562">
     <span class='ocr_line' id='line_1_30' title="bbox 2046 1491 3634 1562; baseline 0.001 -14"><span class='ocrx_word' id='word_1_210' title='bbox 2046 1492 2340 1562; x_wconf 85' lang='lat' dir='ltr'><strong>doquidem</strong></span> <span class='ocrx_word' id='word_1_211' title='bbox 2379 1491 2493 1545; x_wconf 88' lang='lat' dir='ltr'><strong>ﬁeri</strong></span> <span class='ocrx_word' id='word_1_212' title='bbox 2527 1506 2635 1545; x_wconf 90' lang='lat' dir='ltr'><strong>non</strong></span> <span class='ocrx_word' id='word_1_213' title='bbox 2671 1499 2884 1561; x_wconf 82' lang='lat' dir='ltr'><strong>poterat</strong></span> <span class='ocrx_word' id='word_1_214' title='bbox 2925 1499 2982 1545; x_wconf 92' lang='lat' dir='ltr'><strong>ut</strong></span> <span class='ocrx_word' id='word_1_215' title='bbox 3039 1499 3302 1548; x_wconf 84' lang='lat' dir='ltr'><strong>accurate</strong></span> <span class='ocrx_word' id='word_1_216' title='bbox 3345 1493 3401 1548; x_wconf 90' lang='lat' dir='ltr'><strong>in</strong></span> <span class='ocrx_word' id='word_1_217' title='bbox 3432 1495 3634 1551; x_wconf 87' lang='lat' dir='ltr'><strong>tabulis</strong></span> 
     </span>
    </p>
   </div>
   <div class='ocr_carea' id='block_1_31' title="bbox 2046 1581 3636 1655">
    <p class='ocr_par' dir='ltr' id='par_1_31' title="bbox 2046 1581 3636 1655">
     <span class='ocr_line' id='line_1_31' title="bbox 2046 1581 3636 1655; baseline 0.005 -19"><span class='ocrx_word' id='word_1_218' title='bbox 2046 1591 2290 1654; x_wconf 87' lang='lat' dir='ltr'><strong>quatuor</strong></span> <span class='ocrx_word' id='word_1_219' title='bbox 2334 1583 2802 1653; x_wconf 85' lang='lat' dir='ltr'><strong>insculperentur.</strong></span> <span class='ocrx_word' id='word_1_220' title='bbox 2855 1581 3083 1655; x_wconf 71' lang='lat' dir='ltr'><strong>[2L22]</strong></span> <span class='ocrx_word' id='word_1_221' title='bbox 3137 1582 3302 1638; x_wconf 82' lang='lat' dir='ltr'><strong>Addit</strong></span> <span class='ocrx_word' id='word_1_222' title='bbox 3357 1587 3526 1642; x_wconf 89' lang='lat' dir='ltr'><strong>etiam</strong></span> <span class='ocrx_word' id='word_1_223' title='bbox 3575 1602 3636 1644; x_wconf 88' lang='lat' dir='ltr'><strong>se</strong></span> 
     </span>
    </p>
   </div>
   <div class='ocr_carea' id='block_1_32' title="bbox 2047 1674 3638 1748">
    <p class='ocr_par' dir='ltr' id='par_1_32' title="bbox 2047 1674 3638 1748">
     <span class='ocr_line' id='line_1_32' title="bbox 2047 1674 3638 1748; baseline 0.003 -19"><span class='ocrx_word' id='word_1_224' title='bbox 2047 1674 2480 1745; x_wconf 82' lang='lat' dir='ltr'><strong>contemplatum</strong></span> <span class='ocrx_word' id='word_1_225' title='bbox 2507 1689 2631 1730; x_wconf 89' lang='lat' dir='ltr'><strong>esse</strong></span> <span class='ocrx_word' id='word_1_226' title='bbox 2667 1675 2842 1729; x_wconf 86' lang='lat' dir='ltr'><strong>altare</strong></span> <span class='ocrx_word' id='word_1_227' title='bbox 2886 1684 3017 1729; x_wconf 86' lang='lat' dir='ltr'><strong>ante</strong></span> <span class='ocrx_word' id='word_1_228' title='bbox 3069 1681 3281 1741; x_wconf 80' lang='lat' dir='ltr'><strong>sancta,</strong></span> <span class='ocrx_word' id='word_1_229' title='bbox 3314 1678 3475 1748; x_wconf 82' lang='lat' dir='ltr'><strong>cujus</strong></span> <span class='ocrx_word' id='word_1_230' title='bbox 3513 1679 3638 1734; x_wconf 75' lang='lat' dir='ltr'><strong>alti-</strong></span> 
     </span>
    </p>
   </div>
   <div class='ocr_carea' id='block_1_33' title="bbox 2048 1754 3634 1837">
    <p class='ocr_par' dir='ltr' id='par_1_33' title="bbox 2048 1754 3634 1837">
     <span class='ocr_line' id='line_1_33' title="bbox 2048 1754 3634 1837; baseline 0.003 -17"><span class='ocrx_word' id='word_1_231' title='bbox 2048 1754 2184 1822; x_wconf 81' lang='lat' dir='ltr'><strong>tudo</strong></span> <span class='ocrx_word' id='word_1_232' title='bbox 2221 1773 2335 1821; x_wconf 88' lang='lat' dir='ltr'><strong>tres</strong></span> <span class='ocrx_word' id='word_1_233' title='bbox 2358 1767 2554 1832; x_wconf 83' lang='lat' dir='ltr'><strong>cubiti,</strong></span> <span class='ocrx_word' id='word_1_234' title='bbox 2581 1765 2870 1837; x_wconf 79' lang='lat' dir='ltr'><strong>longitudo</strong></span> <span class='ocrx_word' id='word_1_235' title='bbox 2895 1765 3026 1830; x_wconf 89' lang='lat' dir='ltr'><strong>duo,</strong></span> <span class='ocrx_word' id='word_1_236' title='bbox 3052 1775 3107 1822; x_wconf 92' lang='lat' dir='ltr'><strong>et</strong></span> <span class='ocrx_word' id='word_1_237' title='bbox 3128 1767 3360 1823; x_wconf 87' lang='lat' dir='ltr'><strong>latitudo</strong></span> <span class='ocrx_word' id='word_1_238' title='bbox 3379 1770 3634 1835; x_wconf 88' lang='lat' dir='ltr'><strong>totidem,</strong></span> 
     </span>
    </p>
   </div>
   <div class='ocr_carea' id='block_1_34' title="bbox 363 1841 1956 1929">
    <p class='ocr_par' dir='ltr' id='par_1_34' title="bbox 363 1855 1949 1929">
     <span class='ocr_line' id='line_1_34' title="bbox 363 1855 1949 1929; baseline -0.002 -16"><span class='ocrx_word' id='word_1_239' title='bbox 363 1859 806 1927; x_wconf 82' lang='grc' dir='ltr'><strong>θυσιαστήριον</strong></span> <span class='ocrx_word' id='word_1_240' title='bbox 837 1857 1274 1929; x_wconf 79' lang='grc' dir='ltr'>προσηγόρευσε,</span> <span class='ocrx_word' id='word_1_241' title='bbox 1306 1855 1402 1909; x_wconf 80' lang='grc' dir='ltr'><strong>τοῦ</strong></span> <span class='ocrx_word' id='word_1_242' title='bbox 1445 1855 1684 1927; x_wconf 82' lang='grc' dir='ltr'>μεγάλου</span> <span class='ocrx_word' id='word_1_243' title='bbox 1705 1858 1949 1921; x_wconf 81' lang='grc' dir='ltr'>Μωσέως</span> 
     </span>
    </p>
   </div>
   <div class='ocr_carea' id='block_1_35' title="bbox 2056 1841 3631 1929">
    <p class='ocr_par' dir='ltr' id='par_1_35' title="bbox 2056 1854 3631 1925">
     <span class='ocr_line' id='line_1_35' title="bbox 2056 1854 3631 1925; baseline 0.003 -18"><span class='ocrx_word' id='word_1_244' title='bbox 2056 1854 2154 1909; x_wconf 91' lang='lat' dir='ltr'><strong>hoc</strong></span> <span class='ocrx_word' id='word_1_245' title='bbox 2173 1863 2278 1920; x_wconf 86' lang='lat' dir='ltr'><strong>est,</strong></span> <span class='ocrx_word' id='word_1_246' title='bbox 2303 1854 2661 1925; x_wconf 80' lang='lat' dir='ltr'><strong>quadratum,</strong></span> <span class='ocrx_word' id='word_1_247' title='bbox 2691 1855 3000 1924; x_wconf 70' lang='lat' dir='ltr'><strong>aequalibus</strong></span> <span class='ocrx_word' id='word_1_248' title='bbox 3033 1864 3301 1913; x_wconf 84' lang='lat' dir='ltr'><strong>constans</strong></span> <span class='ocrx_word' id='word_1_249' title='bbox 3330 1857 3631 1916; x_wconf 79' lang='lat' dir='ltr'><strong>lateribus:</strong></span> 
     </span>
    </p>
   </div>
   <div class='ocr_carea' id='block_1_36' title="bbox 361 1948 1947 2020">
    <p class='ocr_par' dir='ltr' id='par_1_36' title="bbox 361 1948 1947 2020">
     <span class='ocr_line' id='line_1_36' title="bbox 361 1948 1947 2020; baseline -0.001 -16"><span class='ocrx_word' id='word_1_250' title='bbox 361 1949 667 2020; x_wconf 72' lang='grc' dir='ltr'>τράπεζαν</span> <span class='ocrx_word' id='word_1_251' title='bbox 692 1949 866 2019; x_wconf 82' lang='grc' dir='ltr'>αὐτὴν</span> <span class='ocrx_word' id='word_1_252' title='bbox 895 1949 1264 2020; x_wconf 75' lang='grc' dir='ltr'>ὀνομάσαντος</span> <span class='ocrx_word' id='word_1_253' title='bbox 1301 1948 1481 2020; x_wconf 87' lang='grc' dir='ltr'>μόνον.</span> <span class='ocrx_word' id='word_1_254' title='bbox 1515 1949 1947 2020; x_wconf 88' lang='grc' dir='ltr'>ῙΙροανοίγνυται</span> 
     </span>
    </p>
   </div>
   <div class='ocr_carea' id='block_1_37' title="bbox 361 2037 1950 2113">
    <p class='ocr_par' dir='ltr' id='par_1_37' title="bbox 361 2037 1950 2113">
     <span class='ocr_line' id='line_1_37' title="bbox 361 2037 1950 2113; baseline -0.001 -17"><span class='ocrx_word' id='word_1_255' title='bbox 361 2041 550 2096; x_wconf 82' lang='grc' dir='ltr'>τοίνυν</span> <span class='ocrx_word' id='word_1_256' title='bbox 575 2045 688 2106; x_wconf 82' lang='grc' dir='ltr'>τοῖς</span> <span class='ocrx_word' id='word_1_257' title='bbox 712 2041 1004 2113; x_wconf 74' lang='grc' dir='ltr'>ἡμετέροις</span> <span class='ocrx_word' id='word_1_258' title='bbox 1029 2040 1169 2112; x_wconf 91' lang='grc' dir='ltr'>θύρα</span> <span class='ocrx_word' id='word_1_259' title='bbox 1208 2040 1298 2094; x_wconf 86' lang='grc' dir='ltr'>διὰ</span> <span class='ocrx_word' id='word_1_260' title='bbox 1317 2041 1420 2112; x_wconf 84' lang='grc' dir='ltr'>τῆς</span> <span class='ocrx_word' id='word_1_261' title='bbox 1449 2042 1808 2112; x_wconf 74' lang='grc' dir='ltr'>προφητείας.</span> <span class='ocrx_word' id='word_1_262' title='bbox 1839 2037 1950 2096; x_wconf 84' lang='grc' dir='ltr'>Ἦν</span> 
     </span>
    </p>
   </div>
   <div class='ocr_carea' id='block_1_38' title="bbox 360 2131 1950 2205">
    <p class='ocr_par' dir='ltr' id='par_1_38' title="bbox 360 2131 1950 2205">
     <span class='ocr_line' id='line_1_38' title="bbox 360 2131 1950 2205; baseline -0.002 -16"><span class='ocrx_word' id='word_1_263' title='bbox 360 2133 447 2200; x_wconf 75' lang='grc' dir='ltr'>δὲ,</span> <span class='ocrx_word' id='word_1_264' title='bbox 478 2133 634 2205; x_wconf 74' lang='grc' dir='ltr'>φησὶ,</span> <span class='ocrx_word' id='word_1_265' title='bbox 664 2134 760 2187; x_wconf 76' lang='grc' dir='ltr'>καὶ</span> <span class='ocrx_word' id='word_1_266' title='bbox 810 2134 849 2202; x_wconf 75' lang='grc' dir='ltr'><strong><em>ἡ</em></strong></span> <span class='ocrx_word' id='word_1_267' title='bbox 898 2134 1048 2203; x_wconf 81' lang='grc' dir='ltr'>θύρα</span> <span class='ocrx_word' id='word_1_268' title='bbox 1072 2132 1192 2187; x_wconf 84' lang='grc' dir='ltr'>τῶν</span> <span class='ocrx_word' id='word_1_269' title='bbox 1220 2133 1427 2204; x_wconf 78' lang='grc' dir='ltr'>ἁγίων,</span> <span class='ocrx_word' id='word_1_270' title='bbox 1454 2134 1517 2187; x_wconf 84' lang='grc' dir='ltr'>οὐ</span> <span class='ocrx_word' id='word_1_271' title='bbox 1545 2132 1786 2204; x_wconf 84' lang='grc' dir='ltr'>δίθυρος,</span> <span class='ocrx_word' id='word_1_272' title='bbox 1813 2131 1950 2186; x_wconf 88' lang='grc' dir='ltr'><strong>ἀλλά</strong></span> 
     </span>
    </p>
   </div>
   <div class='ocr_carea' id='block_1_39' title="bbox 363 2222 1952 2299">
    <p class='ocr_par' dir='ltr' id='par_1_39' title="bbox 363 2222 1952 2299">
     <span class='ocr_line' id='line_1_39' title="bbox 363 2222 1952 2299; baseline -0.001 -19"><span class='ocrx_word' id='word_1_273' title='bbox 363 2225 722 2299; x_wconf 83' lang='grc' dir='ltr'>τετράθυρος,</span> <span class='ocrx_word' id='word_1_274' title='bbox 768 2224 912 2278; x_wconf 84' lang='grc' dir='ltr'>ὥστε</span> <span class='ocrx_word' id='word_1_275' title='bbox 963 2222 1326 2294; x_wconf 78' lang='grc' dir='ltr'>ἀνοιγομένας</span> <span class='ocrx_word' id='word_1_276' title='bbox 1357 2225 1436 2288; x_wconf 85' lang='grc' dir='ltr'>εἰς</span> <span class='ocrx_word' id='word_1_277' title='bbox 1475 2222 1673 2288; x_wconf 80' lang='grc' dir='ltr'>ἑαυτὰς</span> <span class='ocrx_word' id='word_1_278' title='bbox 1712 2224 1952 2278; x_wconf 78' lang='grc' dir='ltr'>ἀνακλᾶ-</span> 
     </span>
    </p>
   </div>
   <div class='ocr_carea' id='block_1_40' title="bbox 367 2310 1950 2387">
    <p class='ocr_par' dir='ltr' id='par_1_40' title="bbox 367 2310 1950 2387">
     <span class='ocr_line' id='line_1_40' title="bbox 367 2310 1950 2387; baseline -0.004 -11"><span class='ocrx_word' id='word_1_279' title='bbox 367 2321 498 2376; x_wconf 87' lang='grc' dir='ltr'>σθαι</span> <span class='ocrx_word' id='word_1_280' title='bbox 519 2335 534 2350; x_wconf 87' lang='grc'><strong>·</strong></span> <span class='ocrx_word' id='word_1_281' title='bbox 565 2319 660 2372; x_wconf 70' lang='grc' dir='ltr'><strong>καὶ</strong></span> <span class='ocrx_word' id='word_1_282' title='bbox 691 2316 854 2371; x_wconf 77' lang='grc' dir='ltr'><strong>αὐταὶ</strong></span> <span class='ocrx_word' id='word_1_283' title='bbox 883 2316 938 2370; x_wconf 85' lang='grc' dir='ltr'>δὲ</span> <span class='ocrx_word' id='word_1_284' title='bbox 965 2315 1066 2379; x_wconf 83' lang='grc' dir='ltr'><strong>τὰς</strong></span> <span class='ocrx_word' id='word_1_285' title='bbox 1116 2314 1287 2379; x_wconf 81' lang='grc' dir='ltr'>αὑτὰς</span> <span class='ocrx_word' id='word_1_286' title='bbox 1332 2310 1478 2387; x_wconf 74' lang='grc' dir='ltr'>εἶχον</span> <span class='ocrx_word' id='word_1_287' title='bbox 1514 2315 1748 2384; x_wconf 82' lang='grc' dir='ltr'>γλυφάς.</span> <span class='ocrx_word' id='word_1_288' title='bbox 1785 2317 1950 2386; x_wconf 88' lang='grc' dir='ltr'>Λέγει</span> 
     </span>
    </p>
   </div>
   <div class='ocr_carea' id='block_1_41' title="bbox 361 2405 1952 2480">
    <p class='ocr_par' dir='ltr' id='par_1_41' title="bbox 361 2405 1952 2480">
     <span class='ocr_line' id='line_1_41' title="bbox 361 2405 1952 2480; baseline -0.004 -13"><span class='ocrx_word' id='word_1_289' title='bbox 361 2411 426 2468; x_wconf 71' lang='grc' dir='ltr'>δὲ</span> <span class='ocrx_word' id='word_1_290' title='bbox 465 2411 562 2464; x_wconf 71' lang='grc' dir='ltr'><strong>καὶ</strong></span> <span class='ocrx_word' id='word_1_291' title='bbox 598 2408 792 2480; x_wconf 80' lang='grc' dir='ltr'>ἑτέρας</span> <span class='ocrx_word' id='word_1_292' title='bbox 855 2408 1077 2478; x_wconf 79' lang='grc' dir='ltr'>ἐξέδρας</span> <span class='ocrx_word' id='word_1_293' title='bbox 1129 2405 1433 2478; x_wconf 79' lang='grc' dir='ltr'>ἑωρακέναι</span> <span class='ocrx_word' id='word_1_294' title='bbox 1481 2408 1540 2462; x_wconf 78' lang='grc' dir='ltr'>ἐν</span> <span class='ocrx_word' id='word_1_295' title='bbox 1592 2409 1657 2479; x_wconf 76' lang='grc' dir='ltr'>τῇ</span> <span class='ocrx_word' id='word_1_296' title='bbox 1709 2407 1952 2480; x_wconf 80' lang='grc' dir='ltr'>ὲξωτέρᾳ</span> 
     </span>
    </p>
   </div>
   <div class='ocr_carea' id='block_1_42' title="bbox 365 2498 1952 2575">
    <p class='ocr_par' dir='ltr' id='par_1_42' title="bbox 365 2498 1952 2575">
     <span class='ocr_line' id='line_1_42' title="bbox 365 2498 1952 2575; baseline -0.003 -19"><span class='ocrx_word' id='word_1_297' title='bbox 365 2502 510 2575; x_wconf 78' lang='grc' dir='ltr'>αὐλῇ</span> <span class='ocrx_word' id='word_1_298' title='bbox 546 2500 917 2571; x_wconf 81' lang='grc' dir='ltr'>διακειμένας,</span> <span class='ocrx_word' id='word_1_299' title='bbox 952 2501 1048 2554; x_wconf 75' lang='grc' dir='ltr'><strong>καὶ</strong></span> <span class='ocrx_word' id='word_1_300' title='bbox 1074 2499 1182 2571; x_wconf 79' lang='grc' dir='ltr'>πρὸ</span> <span class='ocrx_word' id='word_1_301' title='bbox 1204 2499 1316 2552; x_wconf 88' lang='grc' dir='ltr'><strong>τῶν</strong></span> <span class='ocrx_word' id='word_1_302' title='bbox 1367 2498 1602 2572; x_wconf 74' lang='grc' dir='ltr'>ἐξεδρῶν</span> <span class='ocrx_word' id='word_1_303' title='bbox 1649 2499 1952 2570; x_wconf 81' lang='grc' dir='ltr'>περίπατον</span> 
     </span>
    </p>
   </div>
   <div class='ocr_carea' id='block_1_43' title="bbox 362 2589 1952 2667">
    <p class='ocr_par' dir='ltr' id='par_1_43' title="bbox 362 2589 1952 2667">
     <span class='ocr_line' id='line_1_43' title="bbox 362 2589 1952 2667; baseline 0 -19"><span class='ocrx_word' id='word_1_304' title='bbox 362 2595 503 2650; x_wconf 89' lang='grc' dir='ltr'>δέκα</span> <span class='ocrx_word' id='word_1_305' title='bbox 531 2595 753 2666; x_wconf 82' lang='grc' dir='ltr'>πήχεων</span> <span class='ocrx_word' id='word_1_306' title='bbox 773 2593 836 2646; x_wconf 83' lang='grc' dir='ltr'><strong>τὸ</strong></span> <span class='ocrx_word' id='word_1_307' title='bbox 867 2589 1050 2664; x_wconf 85' lang='grc' dir='ltr'>εὖρος,</span> <span class='ocrx_word' id='word_1_308' title='bbox 1097 2591 1294 2646; x_wconf 83' lang='grc' dir='ltr'>ἑκατὸν</span> <span class='ocrx_word' id='word_1_309' title='bbox 1325 2594 1382 2648; x_wconf 76' lang='grc' dir='ltr'>δὲ</span> <span class='ocrx_word' id='word_1_310' title='bbox 1421 2593 1483 2648; x_wconf 77' lang='grc' dir='ltr'>τὸ</span> <span class='ocrx_word' id='word_1_311' title='bbox 1517 2596 1713 2667; x_wconf 83' lang='grc' dir='ltr'>μῆκος.</span> <span class='ocrx_word' id='word_1_312' title='bbox 1745 2593 1874 2661; x_wconf 83' lang='grc' dir='ltr'><strong>Φῶς</strong></span> <span class='ocrx_word' id='word_1_313' title='bbox 1894 2595 1952 2648; x_wconf 77' lang='grc' dir='ltr'>δὲ</span> 
     </span>
    </p>
   </div>
   <div class='ocr_carea' id='block_1_44' title="bbox 365 2681 1953 2755">
    <p class='ocr_par' dir='ltr' id='par_1_44' title="bbox 365 2681 1953 2755">
     <span class='ocr_line' id='line_1_44' title="bbox 365 2681 1953 2755; baseline -0.001 -15"><span class='ocrx_word' id='word_1_314' title='bbox 365 2685 480 2740; x_wconf 82' lang='grc' dir='ltr'><strong>τοῦ</strong></span> <span class='ocrx_word' id='word_1_315' title='bbox 527 2683 860 2753; x_wconf 74' lang='grc' dir='ltr'>περιπάτου</span> <span class='ocrx_word' id='word_1_316' title='bbox 905 2683 1062 2737; x_wconf 79' lang='grc' dir='ltr'>καλεῖ</span> <span class='ocrx_word' id='word_1_317' title='bbox 1115 2681 1178 2736; x_wconf 85' lang='grc' dir='ltr'>τὸ</span> <span class='ocrx_word' id='word_1_318' title='bbox 1239 2683 1370 2754; x_wconf 78' lang='grc' dir='ltr'>παρ’</span> <span class='ocrx_word' id='word_1_319' title='bbox 1429 2686 1562 2754; x_wconf 79' lang='grc' dir='ltr'>ἡμῖν</span> <span class='ocrx_word' id='word_1_320' title='bbox 1616 2684 1953 2755; x_wconf 88' lang='grc' dir='ltr'>καλούμενον</span> 
     </span>
    </p>
   </div>
   <div class='ocr_carea' id='block_1_45' title="bbox 365 2774 1954 2848">
    <p class='ocr_par' dir='ltr' id='par_1_45' title="bbox 365 2774 1954 2848">
     <span class='ocr_line' id='line_1_45' title="bbox 365 2774 1954 2848; baseline 0 -18"><span class='ocrx_word' id='word_1_321' title='bbox 365 2777 651 2844; x_wconf 72' lang='grc' dir='ltr'>φωτικόν.</span> <span class='ocrx_word' id='word_1_322' title='bbox 683 2775 828 2844; x_wconf 76' lang='grc' dir='ltr'>Ἔφη</span> <span class='ocrx_word' id='word_1_323' title='bbox 851 2774 908 2828; x_wconf 78' lang='grc' dir='ltr'>δὲ</span> <span class='ocrx_word' id='word_1_324' title='bbox 929 2774 1219 2828; x_wconf 77' lang='grc' dir='ltr'>καὶταῦτα</span> <span class='ocrx_word' id='word_1_325' title='bbox 1241 2775 1552 2847; x_wconf 84' lang='grc' dir='ltr'>ἀφωρῖσθαι</span> <span class='ocrx_word' id='word_1_326' title='bbox 1572 2779 1686 2840; x_wconf 78' lang='grc' dir='ltr'>τοῖς</span> <span class='ocrx_word' id='word_1_327' title='bbox 1718 2776 1954 2848; x_wconf 78' lang='grc' dir='ltr'>ἱερεῦσιν</span> 
     </span>
    </p>
   </div>
   <div class='ocr_carea' id='block_1_46' title="bbox 365 2865 1956 2939">
    <p class='ocr_par' dir='ltr' id='par_1_46' title="bbox 365 2865 1956 2939">
     <span class='ocr_line' id='line_1_46' title="bbox 365 2865 1956 2939; baseline -0.002 -18"><span class='ocrx_word' id='word_1_328' title='bbox 365 2870 453 2931; x_wconf 83' lang='grc' dir='ltr'><strong>εἰς</strong></span> <span class='ocrx_word' id='word_1_329' title='bbox 484 2867 547 2921; x_wconf 82' lang='grc' dir='ltr'><strong>τὸ</strong></span> <span class='ocrx_word' id='word_1_330' title='bbox 582 2867 682 2936; x_wconf 84' lang='grc' dir='ltr'><strong>τῆς</strong></span> <span class='ocrx_word' id='word_1_331' title='bbox 711 2868 873 2938; x_wconf 80' lang='grc' dir='ltr'>ἡγιασ</span> <span class='ocrx_word' id='word_1_332' title='bbox 885 2865 1053 2937; x_wconf 80' lang='grc' dir='ltr'>μένης</span> <span class='ocrx_word' id='word_1_333' title='bbox 1085 2866 1380 2921; x_wconf 84' lang='grc' dir='ltr'>ἀπολαύειν</span> <span class='ocrx_word' id='word_1_334' title='bbox 1431 2867 1663 2939; x_wconf 73' lang='grc' dir='ltr'>τροφῆς,</span> <span class='ocrx_word' id='word_1_335' title='bbox 1692 2866 1788 2922; x_wconf 75' lang='grc' dir='ltr'>καὶ</span> <span class='ocrx_word' id='word_1_336' title='bbox 1821 2884 1956 2939; x_wconf 75' lang='grc' dir='ltr'>παρ-</span> 
     </span>
    </p>
   </div>
   <div class='ocr_carea' id='block_1_47' title="bbox 368 2961 1958 3034">
    <p class='ocr_par' dir='ltr' id='par_1_47' title="bbox 368 2961 1958 3034">
     <span class='ocr_line' id='line_1_47' title="bbox 368 2961 1958 3034; baseline 0 -18"><span class='ocrx_word' id='word_1_337' title='bbox 368 2963 642 3032; x_wconf 79' lang='grc' dir='ltr'>εγγυῆσαι</span> <span class='ocrx_word' id='word_1_338' title='bbox 663 2962 756 3015; x_wconf 71' lang='grc' dir='ltr'><strong>τὸν</strong></span> <span class='ocrx_word' id='word_1_339' title='bbox 781 2961 958 3016; x_wconf 84' lang='grc' dir='ltr'>ταῦτα</span> <span class='ocrx_word' id='word_1_340' title='bbox 1017 2962 1430 3029; x_wconf 84' lang='grc' dir='ltr'>ὑποδεικνύντα,</span> <span class='ocrx_word' id='word_1_341' title='bbox 1465 2962 1670 3034; x_wconf 78' lang='grc' dir='ltr'>μηδένα</span> <span class='ocrx_word' id='word_1_342' title='bbox 1695 2965 1958 3034; x_wconf 83' lang='grc' dir='ltr'>κοινωνῆ-</span> 
     </span>
    </p>
   </div>
   <div class='ocr_carea' id='block_1_48' title="bbox 369 3053 1958 3128">
    <p class='ocr_par' dir='ltr' id='par_1_48' title="bbox 369 3053 1958 3128">
     <span class='ocr_line' id='line_1_48' title="bbox 369 3053 1958 3128; baseline 0.001 -21"><span class='ocrx_word' id='word_1_343' title='bbox 369 3070 466 3107; x_wconf 83' lang='grc' dir='ltr'><strong>σαι</strong></span> <span class='ocrx_word' id='word_1_344' title='bbox 485 3056 600 3117; x_wconf 88' lang='grc' dir='ltr'>τοῖς</span> <span class='ocrx_word' id='word_1_345' title='bbox 623 3053 831 3126; x_wconf 82' lang='grc' dir='ltr'>ἱερεῦσι</span> <span class='ocrx_word' id='word_1_346' title='bbox 885 3053 988 3124; x_wconf 83' lang='grc' dir='ltr'>τῆς</span> <span class='ocrx_word' id='word_1_347' title='bbox 1034 3055 1116 3117; x_wconf 84' lang='grc' dir='ltr'><strong>είς</strong></span> <span class='ocrx_word' id='word_1_348' title='bbox 1160 3055 1379 3120; x_wconf 72' lang='grc' dir='ltr'>ὲκείνας</span> <span class='ocrx_word' id='word_1_349' title='bbox 1412 3055 1643 3122; x_wconf 70' lang='grc' dir='ltr'>εἰσόδου,</span> <span class='ocrx_word' id='word_1_350' title='bbox 1686 3055 1824 3128; x_wconf 78' lang='grc' dir='ltr'>μήτε</span> <span class='ocrx_word' id='word_1_351' title='bbox 1852 3056 1958 3127; x_wconf 79' lang='grc' dir='ltr'>μὴν</span> 
     </span>
    </p>
   </div>
   <div class='ocr_carea' id='block_1_49' title="bbox 367 3146 2029 3252">
    <p class='ocr_par' dir='ltr' id='par_1_49' title="bbox 367 3146 2029 3252">
     <span class='ocr_line' id='line_1_49' title="bbox 367 3146 2029 3252; baseline 0.001 -52"><span class='ocrx_word' id='word_1_352' title='bbox 367 3146 573 3210; x_wconf 81' lang='grc' dir='ltr'>αὐτοὺς</span> <span class='ocrx_word' id='word_1_353' title='bbox 620 3147 750 3212; x_wconf 77' lang='grc' dir='ltr'>τοὺς</span> <span class='ocrx_word' id='word_1_354' title='bbox 774 3146 958 3219; x_wconf 79' lang='grc' dir='ltr'>ἱερέας</span> <span class='ocrx_word' id='word_1_355' title='bbox 987 3147 1091 3217; x_wconf 83' lang='grc' dir='ltr'>τὴν</span> <span class='ocrx_word' id='word_1_356' title='bbox 1151 3147 1432 3220; x_wconf 72' lang='grc' dir='ltr'>ἱερατικὴν</span> <span class='ocrx_word' id='word_1_357' title='bbox 1457 3147 1957 3220; x_wconf 75' lang='grc' dir='ltr'>περισεσλημένους</span> <span class='ocrx_word' id='word_1_358' title='bbox 1985 3193 2029 3252; x_wconf 76' lang='lat' dir='ltr'>c</span> 
     </span>
    </p>
   </div>
   <div class='ocr_carea' id='block_1_50' title="bbox 371 3239 1954 3313">
    <p class='ocr_par' dir='ltr' id='par_1_50' title="bbox 371 3239 1954 3313">
     <span class='ocr_line' id='line_1_50' title="bbox 371 3239 1954 3313; baseline 0.001 -19"><span class='ocrx_word' id='word_1_359' title='bbox 371 3240 596 3310; x_wconf 83' lang='grc' dir='ltr'>στολὴν,</span> <span class='ocrx_word' id='word_1_360' title='bbox 643 3240 738 3294; x_wconf 80' lang='grc' dir='ltr'>καὶ</span> <span class='ocrx_word' id='word_1_361' title='bbox 789 3239 891 3312; x_wconf 83' lang='grc' dir='ltr'>τὴν</span> <span class='ocrx_word' id='word_1_362' title='bbox 948 3240 1100 3294; x_wconf 72' lang='grc' dir='ltr'>θείαν</span> <span class='ocrx_word' id='word_1_363' title='bbox 1147 3240 1531 3306; x_wconf 72' lang='grc' dir='ltr'>ἐπιτελοῦντας</span> <span class='ocrx_word' id='word_1_364' title='bbox 1580 3241 1954 3313; x_wconf 85' lang='grc' dir='ltr'>λειτουργίαν,</span> 
     </span>
    </p>
   </div>
   <div class='ocr_carea' id='block_1_51' title="bbox 367 3331 1960 3405">
    <p class='ocr_par' dir='ltr' id='par_1_51' title="bbox 367 3331 1960 3405">
     <span class='ocr_line' id='line_1_51' title="bbox 367 3331 1960 3405; baseline 0.002 -20"><span class='ocrx_word' id='word_1_365' title='bbox 367 3335 454 3396; x_wconf 80' lang='grc' dir='ltr'>εἰς</span> <span class='ocrx_word' id='word_1_366' title='bbox 481 3332 581 3403; x_wconf 81' lang='grc' dir='ltr'>τὴν</span> <span class='ocrx_word' id='word_1_367' title='bbox 608 3331 884 3405; x_wconf 80' lang='grc' dir='ltr'>ὲξωτέραν</span> <span class='ocrx_word' id='word_1_368' title='bbox 904 3331 1076 3403; x_wconf 81' lang='grc' dir='ltr'>αὐλὴν</span> <span class='ocrx_word' id='word_1_369' title='bbox 1097 3331 1318 3399; x_wconf 74' lang='grc' dir='ltr'>ἐξιέναι.</span> <span class='ocrx_word' id='word_1_370' title='bbox 1349 3331 1488 3386; x_wconf 74' lang='grc' dir='ltr'>Οὔτε</span> <span class='ocrx_word' id='word_1_371' title='bbox 1517 3331 1628 3405; x_wconf 87' lang='grc' dir='ltr'><strong>γὰρ</strong></span> <span class='ocrx_word' id='word_1_372' title='bbox 1661 3331 1820 3403; x_wconf 84' lang='grc' dir='ltr'>θέμις</span> <span class='ocrx_word' id='word_1_373' title='bbox 1838 3334 1960 3388; x_wconf 78' lang='grc' dir='ltr'>τινὰ</span> 
     </span>
    </p>
   </div>
   <div class='ocr_carea' id='block_1_52' title="bbox 369 3422 1961 3496">
    <p class='ocr_par' dir='ltr' id='par_1_52' title="bbox 369 3422 1961 3496">
     <span class='ocr_line' id='line_1_52' title="bbox 369 3422 1961 3496; baseline -0.001 -18"><span class='ocrx_word' id='word_1_374' title='bbox 369 3422 470 3478; x_wconf 81' lang='grc' dir='ltr'>τοῦ</span> <span class='ocrx_word' id='word_1_375' title='bbox 499 3423 632 3478; x_wconf 84' lang='grc' dir='ltr'>λαοῦ</span> <span class='ocrx_word' id='word_1_376' title='bbox 663 3422 1003 3496; x_wconf 80' lang='grc' dir='ltr'>προσψαύειν</span> <span class='ocrx_word' id='word_1_377' title='bbox 1055 3423 1240 3488; x_wconf 82' lang='grc' dir='ltr'>αύτοῖς</span> <span class='ocrx_word' id='word_1_378' title='bbox 1271 3423 1372 3495; x_wconf 79' lang='grc' dir='ltr'>τὴν</span> <span class='ocrx_word' id='word_1_379' title='bbox 1412 3423 1692 3496; x_wconf 77' lang='grc' dir='ltr'>ἱερατικὴν</span> <span class='ocrx_word' id='word_1_380' title='bbox 1713 3438 1961 3496; x_wconf 82' lang='grc' dir='ltr'>περικει-</span> 
     </span>
    </p>
   </div>
   <div class='ocr_carea' id='block_1_53' title="bbox 374 3514 1961 3587">
    <p class='ocr_par' dir='ltr' id='par_1_53' title="bbox 374 3514 1961 3587">
     <span class='ocr_line' id='line_1_53' title="bbox 374 3514 1961 3587; baseline 0 -19"><span class='ocrx_word' id='word_1_381' title='bbox 374 3515 564 3586; x_wconf 80' lang='grc' dir='ltr'>μένοις</span> <span class='ocrx_word' id='word_1_382' title='bbox 592 3515 789 3586; x_wconf 80' lang='grc' dir='ltr'>στολήν</span> <span class='ocrx_word' id='word_1_383' title='bbox 809 3531 822 3544; x_wconf 82' lang='grc'><strong>’</strong></span> <span class='ocrx_word' id='word_1_384' title='bbox 851 3514 934 3570; x_wconf 87' lang='grc' dir='ltr'><strong>διδ</strong></span> <span class='ocrx_word' id='word_1_385' title='bbox 962 3515 1232 3587; x_wconf 75' lang='grc' dir='ltr'>προσήκει</span> <span class='ocrx_word' id='word_1_386' title='bbox 1281 3516 1338 3569; x_wconf 83' lang='grc' dir='ltr'>ὲν</span> <span class='ocrx_word' id='word_1_387' title='bbox 1388 3515 1620 3580; x_wconf 75' lang='grc' dir='ltr'>ἐκείνοις</span> <span class='ocrx_word' id='word_1_388' title='bbox 1643 3517 1758 3581; x_wconf 83' lang='grc' dir='ltr'>τοῖς</span> <span class='ocrx_word' id='word_1_389' title='bbox 1790 3517 1961 3580; x_wconf 71' lang='grc' dir='ltr'>οἴκοις</span> 
     </span>
    </p>
   </div>
   <div class='ocr_carea' id='block_1_54' title="bbox 370 3605 1976 3681">
    <p class='ocr_par' dir='ltr' id='par_1_54' title="bbox 370 3605 1976 3681">
     <span class='ocr_line' id='line_1_54' title="bbox 370 3605 1976 3681; baseline -0.001 -18"><span class='ocrx_word' id='word_1_390' title='bbox 370 3605 714 3663; x_wconf 71' lang='grc' dir='ltr'>ἀποδύεσθαι</span> <span class='ocrx_word' id='word_1_391' title='bbox 783 3607 884 3678; x_wconf 80' lang='grc' dir='ltr'>τὴν</span> <span class='ocrx_word' id='word_1_392' title='bbox 947 3606 1342 3679; x_wconf 77' lang='grc' dir='ltr'>ἀφωρισμένην</span> <span class='ocrx_word' id='word_1_393' title='bbox 1408 3609 1531 3672; x_wconf 82' lang='grc' dir='ltr'>ταῖς</span> <span class='ocrx_word' id='word_1_394' title='bbox 1592 3608 1976 3681; x_wconf 83' lang='grc' dir='ltr'>λειτουργίαις·</span> 
     </span>
    </p>
   </div>
   <div class='ocr_carea' id='block_1_55' title="bbox 369 3697 1964 3771">
    <p class='ocr_par' dir='ltr' id='par_1_55' title="bbox 369 3697 1964 3771">
     <span class='ocr_line' id='line_1_55' title="bbox 369 3697 1964 3771; baseline -0.001 -16"><span class='ocrx_word' id='word_1_395' title='bbox 369 3697 603 3771; x_wconf 76' lang='grc' dir='ltr'>ισθῆτα,</span> <span class='ocrx_word' id='word_1_396' title='bbox 631 3699 825 3771; x_wconf 79' lang='grc' dir='ltr'>ἑτέραν</span> <span class='ocrx_word' id='word_1_397' title='bbox 861 3699 918 3753; x_wconf 81' lang='grc' dir='ltr'>δὲ</span> <span class='ocrx_word' id='word_1_398' title='bbox 976 3699 1344 3771; x_wconf 76' lang='grc' dir='ltr'>ἀμπέχεσθαι,</span> <span class='ocrx_word' id='word_1_399' title='bbox 1399 3701 1496 3755; x_wconf 80' lang='grc' dir='ltr'>καὶ</span> <span class='ocrx_word' id='word_1_400' title='bbox 1521 3699 1664 3754; x_wconf 77' lang='grc' dir='ltr'>οὕτω</span> <span class='ocrx_word' id='word_1_401' title='bbox 1701 3701 1838 3770; x_wconf 83' lang='grc' dir='ltr'>πρὸς</span> <span class='ocrx_word' id='word_1_402' title='bbox 1870 3700 1964 3754; x_wconf 84' lang='grc' dir='ltr'><strong>τδν</strong></span> 
     </span>
    </p>
   </div>
   <div class='ocr_carea' id='block_1_56' title="bbox 371 3790 1964 3862">
    <p class='ocr_par' dir='ltr' id='par_1_56' title="bbox 371 3790 1964 3862">
     <span class='ocr_line' id='line_1_56' title="bbox 371 3790 1964 3862; baseline -0.001 -16"><span class='ocrx_word' id='word_1_403' title='bbox 371 3791 508 3846; x_wconf 80' lang='grc' dir='ltr'>λαὸν</span> <span class='ocrx_word' id='word_1_404' title='bbox 571 3791 796 3858; x_wconf 73' lang='grc' dir='ltr'>ἐξιέναι.</span> <span class='ocrx_word' id='word_1_405' title='bbox 835 3790 1114 3858; x_wconf 79' lang='grc' dir='ltr'>’Υπέδειξε</span> <span class='ocrx_word' id='word_1_406' title='bbox 1145 3791 1203 3844; x_wconf 79' lang='grc' dir='ltr'><strong>δέ</strong></span> <span class='ocrx_word' id='word_1_407' title='bbox 1257 3808 1347 3861; x_wconf 81' lang='grc' dir='ltr'><strong>μοι</strong></span> <span class='ocrx_word' id='word_1_408' title='bbox 1381 3795 1478 3846; x_wconf 70' lang='grc' dir='ltr'>καὶ</span> <span class='ocrx_word' id='word_1_409' title='bbox 1529 3790 1621 3845; x_wconf 82' lang='grc' dir='ltr'>τὸν</span> <span class='ocrx_word' id='word_1_410' title='bbox 1647 3791 1848 3846; x_wconf 87' lang='grc' dir='ltr'>κύκλον</span> <span class='ocrx_word' id='word_1_411' title='bbox 1885 3790 1964 3862; x_wconf 85' lang='grc' dir='ltr'><strong>τῷ</strong></span> 
     </span>
    </p>
   </div>
   <div class='ocr_carea' id='block_1_57' title="bbox 376 3879 1965 3953">
    <p class='ocr_par' dir='ltr' id='par_1_57' title="bbox 376 3879 1965 3953">
     <span class='ocr_line' id='line_1_57' title="bbox 376 3879 1965 3953; baseline 0.001 -18"><span class='ocrx_word' id='word_1_412' title='bbox 376 3881 568 3953; x_wconf 78' lang='grc' dir='ltr'>μέτρῳ</span> <span class='ocrx_word' id='word_1_413' title='bbox 585 3881 948 3952; x_wconf 71' lang='grc' dir='ltr'>κεχρημένος,</span> <span class='ocrx_word' id='word_1_414' title='bbox 971 3882 1067 3935; x_wconf 78' lang='grc' dir='ltr'><strong>καὶ</strong></span> <span class='ocrx_word' id='word_1_415' title='bbox 1086 3879 1294 3946; x_wconf 77' lang='grc' dir='ltr'>ἐδίδαξε</span> <span class='ocrx_word' id='word_1_416' title='bbox 1318 3883 1618 3953; x_wconf 81' lang='grc' dir='ltr'>μετρήσας,</span> <span class='ocrx_word' id='word_1_417' title='bbox 1640 3881 1720 3946; x_wconf 87' lang='grc' dir='ltr'>ὡς</span> <span class='ocrx_word' id='word_1_418' title='bbox 1735 3883 1965 3938; x_wconf 74' lang='grc' dir='ltr'>ἕκαστον</span> 
     </span>
    </p>
   </div>
   <div class='ocr_carea' id='block_1_58' title="bbox 370 3972 1966 4045">
    <p class='ocr_par' dir='ltr' id='par_1_58' title="bbox 370 3972 1966 4045">
     <span class='ocr_line' id='line_1_58' title="bbox 370 3972 1966 4045; baseline 0.001 -18"><span class='ocrx_word' id='word_1_419' title='bbox 370 3973 488 4027; x_wconf 86' lang='grc' dir='ltr'><strong>τῶν</strong></span> <span class='ocrx_word' id='word_1_420' title='bbox 521 3973 824 4043; x_wconf 81' lang='grc' dir='ltr'>τεσσάρων,</span> <span class='ocrx_word' id='word_1_421' title='bbox 852 3973 914 4026; x_wconf 92' lang='grc' dir='ltr'><strong>τό</strong></span> <span class='ocrx_word' id='word_1_422' title='bbox 947 3989 1008 4024; x_wconf 86' lang='grc' dir='ltr'><strong>τε</strong></span> <span class='ocrx_word' id='word_1_423' title='bbox 1036 3972 1191 4044; x_wconf 82' lang='grc' dir='ltr'>ἑῷον,</span> <span class='ocrx_word' id='word_1_424' title='bbox 1233 3973 1329 4026; x_wconf 82' lang='grc' dir='ltr'>καὶ</span> <span class='ocrx_word' id='word_1_425' title='bbox 1373 3972 1435 4026; x_wconf 84' lang='grc' dir='ltr'><strong>τὸ</strong></span> <span class='ocrx_word' id='word_1_426' title='bbox 1500 3973 1778 4045; x_wconf 74' lang='grc' dir='ltr'>ἑσπέριον,</span> <span class='ocrx_word' id='word_1_427' title='bbox 1821 3974 1885 4028; x_wconf 92' lang='grc' dir='ltr'><strong>τό</strong></span> <span class='ocrx_word' id='word_1_428' title='bbox 1907 3991 1966 4028; x_wconf 89' lang='grc' dir='ltr'><strong>τε</strong></span> 
     </span>
    </p>
   </div>
   <div class='ocr_carea' id='block_1_59' title="bbox 313 4055 1964 4132">
    <p class='ocr_par' dir='ltr' id='par_1_59' title="bbox 313 4055 1964 4132">
     <span class='ocr_line' id='line_1_59' title="bbox 313 4055 1964 4132; baseline 0 -18"><span class='ocrx_word' id='word_1_429' title='bbox 313 4095 329 4114; x_wconf 81' lang='grc'><strong><em>1</em></strong></span> <span class='ocrx_word' id='word_1_430' title='bbox 372 4060 578 4126; x_wconf 80' lang='grc' dir='ltr'>νότιον,</span> <span class='ocrx_word' id='word_1_431' title='bbox 602 4060 696 4113; x_wconf 71' lang='grc' dir='ltr'><strong>καὶ</strong></span> <span class='ocrx_word' id='word_1_432' title='bbox 740 4059 802 4112; x_wconf 83' lang='grc' dir='ltr'><strong>τὸ</strong></span> <span class='ocrx_word' id='word_1_433' title='bbox 859 4058 1091 4130; x_wconf 85' lang='grc' dir='ltr'>βόρειον,</span> <span class='ocrx_word' id='word_1_434' title='bbox 1149 4060 1344 4132; x_wconf 69' lang='grc' dir='ltr'>πήχεις</span> <span class='ocrx_word' id='word_1_435' title='bbox 1395 4055 1511 4131; x_wconf 77' lang='grc' dir='ltr'>εἷχε</span> <span class='ocrx_word' id='word_1_436' title='bbox 1553 4062 1964 4126; x_wconf 85' lang='grc' dir='ltr'>πεντακοσίους,</span> 
     </span>
    </p>
   </div>
   <div class='ocr_carea' id='block_1_60' title="bbox 371 4150 1966 4223">
    <p class='ocr_par' dir='ltr' id='par_1_60' title="bbox 371 4150 1966 4223">
     <span class='ocr_line' id='line_1_60' title="bbox 371 4150 1966 4223; baseline 0.002 -19"><span class='ocrx_word' id='word_1_437' title='bbox 371 4151 456 4214; x_wconf 83' lang='grc' dir='ltr'>ὡς</span> <span class='ocrx_word' id='word_1_438' title='bbox 484 4150 740 4218; x_wconf 82' lang='grc' dir='ltr'>συνάγειν</span> <span class='ocrx_word' id='word_1_439' title='bbox 761 4151 854 4205; x_wconf 80' lang='grc' dir='ltr'>τὸν</span> <span class='ocrx_word' id='word_1_440' title='bbox 875 4150 1076 4206; x_wconf 85' lang='grc' dir='ltr'>κύκλον</span> <span class='ocrx_word' id='word_1_441' title='bbox 1094 4151 1205 4204; x_wconf 86' lang='grc' dir='ltr'>τῶν</span> <span class='ocrx_word' id='word_1_442' title='bbox 1229 4153 1606 4207; x_wconf 85' lang='grc' dir='ltr'>πεντακοσίων</span> <span class='ocrx_word' id='word_1_443' title='bbox 1626 4153 1966 4223; x_wconf 79' lang='grc' dir='ltr'>τετραπλού-</span> 
     </span>
    </p>
   </div>
   <div class='ocr_carea' id='block_1_61' title="bbox 377 4239 1234 4311">
    <p class='ocr_par' dir='ltr' id='par_1_61' title="bbox 377 4239 1234 4311">
     <span class='ocr_line' id='line_1_61' title="bbox 377 4239 1234 4311; baseline -0.001 -16"><span class='ocrx_word' id='word_1_444' title='bbox 377 4255 549 4295; x_wconf 72' lang='grc' dir='ltr'>αενον</span> <span class='ocrx_word' id='word_1_445' title='bbox 577 4239 656 4303; x_wconf 88' lang='grc' dir='ltr'><strong>είς</strong></span> <span class='ocrx_word' id='word_1_446' title='bbox 686 4239 982 4311; x_wconf 85' lang='grc' dir='ltr'>δισχιλίους</span> <span class='ocrx_word' id='word_1_447' title='bbox 1013 4240 1234 4311; x_wconf 79' lang='grc' dir='ltr'>πήχεις.</span> 
     </span>
    </p>
   </div>
   <div class='ocr_carea' id='block_1_62' title="bbox 890 4629 1449 4692">
    <p class='ocr_par' dir='ltr' id='par_1_62' title="bbox 890 4629 1449 4692">
     <span class='ocr_line' id='line_1_62' title="bbox 890 4629 1449 4692; baseline 0.009 -5"><span class='ocrx_word' id='word_1_448' title='bbox 890 4629 1289 4689; x_wconf 77' lang='grc' dir='ltr'><strong>ΚΕΦᾹΛΔῙΟΝ</strong></span> <span class='ocrx_word' id='word_1_449' title='bbox 1317 4632 1449 4692; x_wconf 73' lang='lat' dir='ltr'><strong>Ml&quot;.</strong></span> 
     </span>
    </p>
   </div>
   <div class='ocr_carea' id='block_1_63' title="bbox 453 4770 1973 4846">
    <p class='ocr_par' dir='ltr' id='par_1_63' title="bbox 453 4770 1973 4846">
     <span class='ocr_line' id='line_1_63' title="bbox 453 4770 1973 4846; baseline 0.003 -18"><span class='ocrx_word' id='word_1_450' title='bbox 453 4777 528 4837; x_wconf 81' lang='grc' dir='ltr'>α’,</span> <span class='ocrx_word' id='word_1_451' title='bbox 562 4771 628 4842; x_wconf 86' lang='grc' dir='ltr'><strong>β’.</strong></span> <span class='ocrx_word' id='word_1_452' title='bbox 649 4771 762 4826; x_wconf 79' lang='grc' dir='ltr'><strong>Καὶ</strong></span> <span class='ocrx_word' id='word_1_453' title='bbox 788 4770 977 4843; x_wconf 76' lang='grc' dir='ltr'>ἤγαγέ</span> <span class='ocrx_word' id='word_1_454' title='bbox 996 4787 1093 4841; x_wconf 80' lang='grc' dir='ltr'><strong>με,</strong></span> <span class='ocrx_word' id='word_1_455' title='bbox 1134 4774 1320 4845; x_wconf 71' lang='grc' dir='ltr'>φησιν,</span> <span class='ocrx_word' id='word_1_456' title='bbox 1355 4774 1453 4828; x_wconf 79' lang='grc' dir='ltr'><strong>ἐπὶ</strong></span> <span class='ocrx_word' id='word_1_457' title='bbox 1477 4773 1594 4842; x_wconf 78' lang='grc' dir='ltr'>τὴν</span> <span class='ocrx_word' id='word_1_458' title='bbox 1618 4777 1825 4845; x_wconf 71' lang='grc' dir='ltr'>πύλην</span> <span class='ocrx_word' id='word_1_459' title='bbox 1856 4777 1973 4846; x_wconf 82' lang='grc' dir='ltr'>τὴν</span> 
     </span>
    </p>
   </div>
   <div class='ocr_carea' id='block_1_64' title="bbox 373 4863 1970 4939">
    <p class='ocr_par' dir='ltr' id='par_1_64' title="bbox 373 4863 1970 4939">
     <span class='ocr_line' id='line_1_64' title="bbox 373 4863 1970 4939; baseline 0.003 -19"><span class='ocrx_word' id='word_1_460' title='bbox 373 4864 746 4931; x_wconf 75' lang='grc' dir='ltr'>βλέπουσαν</span> <span class='ocrx_word' id='word_1_461' title='bbox 795 4863 948 4918; x_wconf 80' lang='grc' dir='ltr'>κατὰ</span> <span class='ocrx_word' id='word_1_462' title='bbox 1004 4864 1328 4932; x_wconf 77' lang='grc' dir='ltr'>ἀνατολὰς,</span> <span class='ocrx_word' id='word_1_463' title='bbox 1385 4865 1485 4920; x_wconf 76' lang='grc' dir='ltr'>καὶ</span> <span class='ocrx_word' id='word_1_464' title='bbox 1521 4866 1780 4939; x_wconf 75' lang='grc' dir='ltr'>ἐξήγαγέ</span> <span class='ocrx_word' id='word_1_465' title='bbox 1802 4887 1879 4938; x_wconf 82' lang='grc' dir='ltr'><strong>με</strong></span> <span class='ocrx_word' id='word_1_466' title='bbox 1905 4870 1970 4924; x_wconf 81' lang='grc'><strong>³⁸.</strong></span> 
     </span>
    </p>
   </div>
   <div class='ocr_carea' id='block_1_65' title="bbox 377 4954 1975 5032">
    <p class='ocr_par' dir='ltr' id='par_1_65' title="bbox 377 4954 1975 5032">
     <span class='ocr_line' id='line_1_65' title="bbox 377 4954 1975 5032; baseline 0.004 -22"><span class='ocrx_word' id='word_1_467' title='bbox 377 4956 495 5011; x_wconf 78' lang='grc' dir='ltr'>Καί</span> <span class='ocrx_word' id='word_1_468' title='bbox 534 4955 663 5010; x_wconf 78' lang='grc' dir='ltr'>ίδοὺ</span> <span class='ocrx_word' id='word_1_469' title='bbox 727 4954 880 5021; x_wconf 81' lang='grc' dir='ltr'>δόξα</span> <span class='ocrx_word' id='word_1_470' title='bbox 938 4955 1088 5010; x_wconf 78' lang='grc' dir='ltr'>Θεοῦ</span> <span class='ocrx_word' id='word_1_471' title='bbox 1123 4957 1371 5026; x_wconf 75' lang='grc' dir='ltr'>Ἰσραὴλ</span> <span class='ocrx_word' id='word_1_472' title='bbox 1412 4957 1630 5028; x_wconf 66' lang='grc' dir='ltr'>ἤρχετο</span> <span class='ocrx_word' id='word_1_473' title='bbox 1664 4961 1815 5016; x_wconf 83' lang='grc' dir='ltr'>κατὰ</span> <span class='ocrx_word' id='word_1_474' title='bbox 1859 4961 1975 5032; x_wconf 81' lang='grc' dir='ltr'>τὴν</span> 
     </span>
    </p>
   </div>
   <div class='ocr_carea' id='block_1_66' title="bbox 379 5045 1972 5124">
    <p class='ocr_par' dir='ltr' id='par_1_66' title="bbox 379 5045 1972 5124">
     <span class='ocr_line' id='line_1_66' title="bbox 379 5045 1972 5124; baseline 0.003 -21"><span class='ocrx_word' id='word_1_475' title='bbox 379 5048 535 5104; x_wconf 78' lang='grc' dir='ltr'>ὁδὸν</span> <span class='ocrx_word' id='word_1_476' title='bbox 571 5047 693 5117; x_wconf 78' lang='grc' dir='ltr'><strong>τὴν</strong></span> <span class='ocrx_word' id='word_1_477' title='bbox 719 5048 764 5080; x_wconf 84' lang='grc'><strong>³¹</strong></span> <span class='ocrx_word' id='word_1_478' title='bbox 828 5045 977 5116; x_wconf 84' lang='grc' dir='ltr'>πρὸς</span> <span class='ocrx_word' id='word_1_479' title='bbox 1004 5048 1324 5116; x_wconf 71' lang='grc' dir='ltr'>ἀνατολὰς,</span> <span class='ocrx_word' id='word_1_480' title='bbox 1350 5050 1450 5105; x_wconf 80' lang='grc' dir='ltr'><strong>καί</strong></span> <span class='ocrx_word' id='word_1_481' title='bbox 1481 5051 1651 5121; x_wconf 78' lang='grc' dir='ltr'>φωνὴ</span> <span class='ocrx_word' id='word_1_482' title='bbox 1690 5051 1800 5121; x_wconf 80' lang='grc' dir='ltr'><strong>τῆς</strong></span> <span class='ocrx_word' id='word_1_483' title='bbox 1825 5070 1972 5124; x_wconf 79' lang='grc' dir='ltr'>παρ-</span> 
     </span>
    </p>
   </div>
   <div class='ocr_carea' id='block_1_67' title="bbox 380 5137 1968 5210">
    <p class='ocr_par' dir='ltr' id='par_1_67' title="bbox 380 5137 1968 5210">
     <span class='ocr_line' id='line_1_67' title="bbox 380 5137 1968 5210; baseline 0.004 -17"><span class='ocrx_word' id='word_1_484' title='bbox 380 5139 652 5210; x_wconf 74' lang='grc' dir='ltr'>εμϐολῆς</span> <span class='ocrx_word' id='word_1_485' title='bbox 682 5139 748 5205; x_wconf 86' lang='grc'><strong>³³,</strong></span> <span class='ocrx_word' id='word_1_486' title='bbox 788 5139 870 5206; x_wconf 86' lang='grc' dir='ltr'><strong>ὡς</strong></span> <span class='ocrx_word' id='word_1_487' title='bbox 907 5138 1078 5209; x_wconf 76' lang='grc' dir='ltr'>φωνὴ</span> <span class='ocrx_word' id='word_1_488' title='bbox 1133 5137 1648 5202; x_wconf 78' lang='grc' dir='ltr'>διπλασιαζόντων</span> <span class='ocrx_word' id='word_1_489' title='bbox 1697 5145 1968 5200; x_wconf 70' lang='grc' dir='ltr'>πολλῶν.</span> 
     </span>
    </p>
   </div>
   <div class='ocr_carea' id='block_1_68' title="bbox 382 5227 1974 5306">
    <p class='ocr_par' dir='ltr' id='par_1_68' title="bbox 382 5227 1974 5306">
     <span class='ocr_line' id='line_1_68' title="bbox 382 5227 1974 5306; baseline 0.003 -20"><span class='ocrx_word' id='word_1_490' title='bbox 382 5229 552 5303; x_wconf 83' lang='grc' dir='ltr'>Παρὰ</span> <span class='ocrx_word' id='word_1_491' title='bbox 568 5231 646 5302; x_wconf 82' lang='grc' dir='ltr'><strong>τῷ</strong></span> <span class='ocrx_word' id='word_1_492' title='bbox 685 5231 948 5304; x_wconf 77' lang='grc' dir='ltr'>Ἑϐραίῳ,</span> <span class='ocrx_word' id='word_1_493' title='bbox 973 5234 1069 5290; x_wconf 74' lang='grc' dir='ltr'>καὶ</span> <span class='ocrx_word' id='word_1_494' title='bbox 1103 5233 1257 5303; x_wconf 77' lang='grc' dir='ltr'>παρὰ</span> <span class='ocrx_word' id='word_1_495' title='bbox 1285 5232 1364 5304; x_wconf 86' lang='grc' dir='ltr'><strong>τῷ</strong></span> <span class='ocrx_word' id='word_1_496' title='bbox 1405 5233 1580 5304; x_wconf 87' lang='grc' dir='ltr'>Σύρῳ,</span> <span class='ocrx_word' id='word_1_497' title='bbox 1601 5227 1758 5306; x_wconf 73' lang='grc' dir='ltr'>εὗρον</span> <span class='ocrx_word' id='word_1_498' title='bbox 1783 5252 1797 5266; x_wconf 89' lang='grc'><strong>·</strong></span> <span class='ocrx_word' id='word_1_499' title='bbox 1834 5255 1853 5288; x_wconf 80' lang='grc' dir='ltr'><strong>ι</strong></span> <span class='ocrx_word' id='word_1_500' title='bbox 1883 5237 1974 5299; x_wconf 85' lang='grc' dir='ltr'>Ὠς</span> 
     </span>
    </p>
   </div>
   <div class='ocr_carea' id='block_1_69' title="bbox 385 5322 1969 5398">
    <p class='ocr_par' dir='ltr' id='par_1_69' title="bbox 385 5322 1969 5398">
     <span class='ocr_line' id='line_1_69' title="bbox 385 5322 1969 5398; baseline 0.004 -21"><span class='ocrx_word' id='word_1_501' title='bbox 385 5322 544 5395; x_wconf 79' lang='grc' dir='ltr'>φωνὴ</span> <span class='ocrx_word' id='word_1_502' title='bbox 568 5322 775 5380; x_wconf 80' lang='grc' dir='ltr'>ὑδάτων</span> <span class='ocrx_word' id='word_1_503' title='bbox 799 5323 1034 5379; x_wconf 85' lang='grc' dir='ltr'>πολλῶν.</span> <span class='ocrx_word' id='word_1_504' title='bbox 1060 5325 1169 5378; x_wconf 73' lang='grc' dir='ltr'><strong>Καὶ</strong></span> <span class='ocrx_word' id='word_1_505' title='bbox 1199 5326 1232 5395; x_wconf 81' lang='grc' dir='ltr'><strong>ἡ</strong></span> <span class='ocrx_word' id='word_1_506' title='bbox 1265 5324 1336 5396; x_wconf 85' lang='grc' dir='ltr'>γῆ</span> <span class='ocrx_word' id='word_1_507' title='bbox 1365 5324 1692 5396; x_wconf 63' lang='grc' dir='ltr'>ἐξέλαμπεν,</span> <span class='ocrx_word' id='word_1_508' title='bbox 1718 5326 1796 5394; x_wconf 85' lang='grc' dir='ltr'>ὡς</span> <span class='ocrx_word' id='word_1_509' title='bbox 1829 5329 1969 5398; x_wconf 83' lang='grc' dir='ltr'>φέγ-</span> 
     </span>
    </p>
   </div>
   <div class='ocr_carea' id='block_1_70' title="bbox 385 5412 1600 5486">
    <p class='ocr_par' dir='ltr' id='par_1_70' title="bbox 385 5412 1600 5486">
     <span class='ocr_line' id='line_1_70' title="bbox 385 5412 1600 5486; baseline 0.018 -35"><span class='ocrx_word' id='word_1_510' title='bbox 385 5431 487 5486; x_wconf 74' lang='grc' dir='ltr'><strong>γος</strong></span> <span class='ocrx_word' id='word_1_511' title='bbox 507 5412 664 5471; x_wconf 58' lang='lat' dir='ltr'><strong>“aqua,</strong></span> <span class='ocrx_word' id='word_1_512' title='bbox 693 5415 795 5484; x_wconf 77' lang='grc' dir='ltr'>τῆς</span> <span class='ocrx_word' id='word_1_513' title='bbox 817 5415 976 5486; x_wconf 80' lang='grc' dir='ltr'>δόξης</span> <span class='ocrx_word' id='word_1_514' title='bbox 1007 5415 1172 5472; x_wconf 79' lang='grc' dir='ltr'>αὑτοῦ</span> <span class='ocrx_word' id='word_1_515' title='bbox 1194 5417 1238 5449; x_wconf 86' lang='grc'>³⁸</span> <span class='ocrx_word' id='word_1_516' title='bbox 1272 5417 1554 5475; x_wconf 89' lang='grc' dir='ltr'>κυκλόθεν.</span> <span class='ocrx_word' id='word_1_517' title='bbox 1581 5437 1600 5471; x_wconf 76' lang='grc' dir='ltr'><strong>ι</strong></span> 
     </span>
    </p>
   </div>
   <div class='ocr_carea' id='block_1_71' title="bbox 2049 1945 3636 2017">
    <p class='ocr_par' dir='ltr' id='par_1_71' title="bbox 2049 1945 3636 2017">
     <span class='ocr_line' id='line_1_71' title="bbox 2049 1945 3636 2017; baseline 0.002 -16"><span class='ocrx_word' id='word_1_518' title='bbox 2049 1954 2106 2001; x_wconf 87' lang='lat' dir='ltr'><strong>et</strong></span> <span class='ocrx_word' id='word_1_519' title='bbox 2140 1945 2209 2001; x_wconf 89' lang='lat' dir='ltr'><strong>ab</strong></span> <span class='ocrx_word' id='word_1_520' title='bbox 2252 1961 2340 2010; x_wconf 90' lang='lat' dir='ltr'><strong>eo,</strong></span> <span class='ocrx_word' id='word_1_521' title='bbox 2375 1947 2469 2017; x_wconf 92' lang='lat' dir='ltr'><strong>qui</strong></span> <span class='ocrx_word' id='word_1_522' title='bbox 2521 1946 2636 2002; x_wconf 74' lang='lat' dir='ltr'><strong>haec</strong></span> <span class='ocrx_word' id='word_1_523' title='bbox 2687 1947 2821 2001; x_wconf 91' lang='lat' dir='ltr'><strong>mihi</strong></span> <span class='ocrx_word' id='word_1_524' title='bbox 2874 1946 3220 2012; x_wconf 87' lang='lat' dir='ltr'><strong>ostendebat,</strong></span> <span class='ocrx_word' id='word_1_525' title='bbox 3277 1948 3507 2006; x_wconf 83' lang='lat' dir='ltr'><strong>edoctus</strong></span> <span class='ocrx_word' id='word_1_526' title='bbox 3555 1951 3636 2005; x_wconf 79' lang='lat' dir='ltr'><strong>fui</strong></span> 
     </span>
    </p>
   </div>
   <div class='ocr_carea' id='block_1_72' title="bbox 2055 2035 3638 2096">
    <p class='ocr_par' dir='ltr' id='par_1_72' title="bbox 2055 2035 3638 2096">
     <span class='ocr_line' id='line_1_72' title="bbox 2055 2035 3638 2096; baseline 0.004 -7"><span class='ocrx_word' id='word_1_527' title='bbox 2055 2037 2193 2090; x_wconf 90' lang='lat' dir='ltr'><strong>hanc</strong></span> <span class='ocrx_word' id='word_1_528' title='bbox 2223 2051 2346 2091; x_wconf 90' lang='lat' dir='ltr'><strong>esse</strong></span> <span class='ocrx_word' id='word_1_529' title='bbox 2373 2049 2621 2090; x_wconf 87' lang='lat' dir='ltr'><strong>mensam</strong></span> <span class='ocrx_word' id='word_1_530' title='bbox 2653 2049 2840 2090; x_wconf 89' lang='lat' dir='ltr'><strong>coram</strong></span> <span class='ocrx_word' id='word_1_531' title='bbox 2885 2035 3141 2092; x_wconf 90' lang='lat' dir='ltr'><strong>Domino.</strong></span> <span class='ocrx_word' id='word_1_532' title='bbox 3178 2038 3638 2096; x_wconf 81' lang='lat' dir='ltr'><strong>Animadvertere</strong></span> 
     </span>
    </p>
   </div>
   <div class='ocr_carea' id='block_1_73' title="bbox 2053 2129 3637 2199">
    <p class='ocr_par' dir='ltr' id='par_1_73' title="bbox 2053 2129 3637 2199">
     <span class='ocr_line' id='line_1_73' title="bbox 2053 2129 3637 2199; baseline 0.003 -18"><span class='ocrx_word' id='word_1_533' title='bbox 2053 2135 2234 2182; x_wconf 89' lang='lat' dir='ltr'><strong>autem</strong></span> <span class='ocrx_word' id='word_1_534' title='bbox 2263 2135 2484 2198; x_wconf 90' lang='lat' dir='ltr'><strong>oportet</strong></span> <span class='ocrx_word' id='word_1_535' title='bbox 2525 2142 2799 2194; x_wconf 87' lang='lat' dir='ltr'><strong>mensam,</strong></span> <span class='ocrx_word' id='word_1_536' title='bbox 2834 2141 2957 2196; x_wconf 66' lang='lat' dir='ltr'><strong>quae</strong></span> <span class='ocrx_word' id='word_1_537' title='bbox 3008 2142 3179 2197; x_wconf 86' lang='lat' dir='ltr'><strong>panes</strong></span> <span class='ocrx_word' id='word_1_538' title='bbox 3237 2129 3637 2199; x_wconf 79' lang='lat' dir='ltr'><strong>propositionis</strong></span> 
     </span>
    </p>
   </div>
   <div class='ocr_carea' id='block_1_74' title="bbox 2051 2218 3636 2292">
    <p class='ocr_par' dir='ltr' id='par_1_74' title="bbox 2051 2218 3636 2292">
     <span class='ocr_line' id='line_1_74' title="bbox 2051 2218 3636 2292; baseline 0.002 -19"><span class='ocrx_word' id='word_1_539' title='bbox 2051 2218 2352 2288; x_wconf 80' lang='lat' dir='ltr'><strong>exciperet,</strong></span> <span class='ocrx_word' id='word_1_540' title='bbox 2410 2218 2584 2274; x_wconf 84' lang='lat' dir='ltr'><strong>altare</strong></span> <span class='ocrx_word' id='word_1_541' title='bbox 2645 2233 2772 2274; x_wconf 91' lang='lat' dir='ltr'><strong>eum</strong></span> <span class='ocrx_word' id='word_1_542' title='bbox 2831 2218 3179 2289; x_wconf 86' lang='lat' dir='ltr'><strong>appellasse,</strong></span> <span class='ocrx_word' id='word_1_543' title='bbox 3229 2234 3355 2275; x_wconf 91' lang='lat' dir='ltr'><strong>cum</strong></span> <span class='ocrx_word' id='word_1_544' title='bbox 3399 2235 3636 2292; x_wconf 75' lang='lat' dir='ltr'><strong>magnus</strong></span> 
     </span>
    </p>
   </div>
   <div class='ocr_carea' id='block_1_75' title="bbox 2055 2306 3639 2380">
    <p class='ocr_par' dir='ltr' id='par_1_75' title="bbox 2055 2306 3639 2380">
     <span class='ocr_line' id='line_1_75' title="bbox 2055 2306 3639 2380; baseline 0.004 -19"><span class='ocrx_word' id='word_1_545' title='bbox 2055 2306 2232 2364; x_wconf 78' lang='lat' dir='ltr'><strong>Moses</strong></span> <span class='ocrx_word' id='word_1_546' title='bbox 2273 2324 2512 2363; x_wconf 84' lang='lat' dir='ltr'><strong>mensam</strong></span> <span class='ocrx_word' id='word_1_547' title='bbox 2573 2309 2749 2380; x_wconf 87' lang='lat' dir='ltr'><strong>ipsam</strong></span> <span class='ocrx_word' id='word_1_548' title='bbox 2789 2307 3063 2364; x_wconf 83' lang='lat' dir='ltr'><strong>duntaxat</strong></span> <span class='ocrx_word' id='word_1_549' title='bbox 3119 2311 3437 2366; x_wconf 88' lang='lat' dir='ltr'><strong>nominarit.</strong></span> <span class='ocrx_word' id='word_1_550' title='bbox 3494 2313 3639 2368; x_wconf 90' lang='lat' dir='ltr'><strong>Ante</strong></span> 
     </span>
    </p>
   </div>
   <div class='ocr_carea' id='block_1_76' title="bbox 2054 2399 3635 2472">
    <p class='ocr_par' dir='ltr' id='par_1_76' title="bbox 2054 2399 3635 2472">
     <span class='ocr_line' id='line_1_76' title="bbox 2054 2399 3635 2472; baseline 0.001 -18"><span class='ocrx_word' id='word_1_551' title='bbox 2054 2400 2270 2470; x_wconf 80' lang='lat' dir='ltr'><strong>igitur&#39;</strong></span> <span class='ocrx_word' id='word_1_552' title='bbox 2334 2403 2542 2456; x_wconf 85' lang='lat' dir='ltr'><strong>nostris</strong></span> <span class='ocrx_word' id='word_1_553' title='bbox 2609 2400 2860 2471; x_wconf 90' lang='lat' dir='ltr'><strong>aperitur</strong></span> <span class='ocrx_word' id='word_1_554' title='bbox 2903 2399 3073 2471; x_wconf 75' lang='lat' dir='ltr'><strong>ianua</strong></span> <span class='ocrx_word' id='word_1_555' title='bbox 3127 2416 3224 2471; x_wconf 92' lang='lat' dir='ltr'><strong>per</strong></span> <span class='ocrx_word' id='word_1_556' title='bbox 3271 2403 3635 2472; x_wconf 85' lang='lat' dir='ltr'><strong>prophetiam.</strong></span> 
     </span>
    </p>
   </div>
   <div class='ocr_carea' id='block_1_77' title="bbox 2054 2490 3638 2565">
    <p class='ocr_par' dir='ltr' id='par_1_77' title="bbox 2054 2490 3638 2565">
     <span class='ocr_line' id='line_1_77' title="bbox 2054 2490 3638 2565; baseline 0.001 -18"><span class='ocrx_word' id='word_1_557' title='bbox 2054 2490 2270 2565; x_wconf 64' lang='grc' dir='ltr'><strong>[εδ-26]</strong></span> <span class='ocrx_word' id='word_1_558' title='bbox 2300 2490 2432 2548; x_wconf 84' lang='lat' dir='ltr'><strong>Erat</strong></span> <span class='ocrx_word' id='word_1_559' title='bbox 2457 2501 2640 2547; x_wconf 86' lang='lat' dir='ltr'><strong>autem</strong></span> <span class='ocrx_word' id='word_1_560' title='bbox 2664 2493 2865 2562; x_wconf 82' lang='lat' dir='ltr'><strong>jattua,</strong></span> <span class='ocrx_word' id='word_1_561' title='bbox 2908 2492 3110 2564; x_wconf 89' lang='lat' dir='ltr'><strong>inquit,</strong></span> <span class='ocrx_word' id='word_1_562' title='bbox 3157 2501 3490 2559; x_wconf 80' lang='lat' dir='ltr'><strong>sanctarum,</strong></span> <span class='ocrx_word' id='word_1_563' title='bbox 3523 2507 3638 2548; x_wconf 89' lang='lat' dir='ltr'><strong>non</strong></span> 
     </span>
    </p>
   </div>
   <div class='ocr_carea' id='block_1_78' title="bbox 2055 2584 3639 2655">
    <p class='ocr_par' dir='ltr' id='par_1_78' title="bbox 2055 2584 3639 2655">
     <span class='ocr_line' id='line_1_78' title="bbox 2055 2584 3639 2655; baseline 0.001 -16"><span class='ocrx_word' id='word_1_564' title='bbox 2055 2584 2310 2650; x_wconf 88' lang='lat' dir='ltr'><strong>duarum,</strong></span> <span class='ocrx_word' id='word_1_565' title='bbox 2341 2584 2437 2640; x_wconf 89' lang='lat' dir='ltr'><strong>sed</strong></span> <span class='ocrx_word' id='word_1_566' title='bbox 2460 2591 2702 2655; x_wconf 88' lang='lat' dir='ltr'><strong>quatuor</strong></span> <span class='ocrx_word' id='word_1_567' title='bbox 2734 2594 3041 2655; x_wconf 87' lang='lat' dir='ltr'><strong>portarum,</strong></span> <span class='ocrx_word' id='word_1_568' title='bbox 3076 2593 3160 2650; x_wconf 90' lang='lat' dir='ltr'><strong>ut,</strong></span> <span class='ocrx_word' id='word_1_569' title='bbox 3194 2597 3322 2639; x_wconf 84' lang='lat' dir='ltr'><strong>cum</strong></span> <span class='ocrx_word' id='word_1_570' title='bbox 3356 2585 3639 2654; x_wconf 70' lang='lat' dir='ltr'><strong>aperireno</strong></span> 
     </span>
    </p>
   </div>
   <div class='ocr_carea' id='block_1_79' title="bbox 2057 2674 3640 2743">
    <p class='ocr_par' dir='ltr' id='par_1_79' title="bbox 2057 2674 3640 2743">
     <span class='ocr_line' id='line_1_79' title="bbox 2057 2674 3640 2743; baseline 0.001 -13"><span class='ocrx_word' id='word_1_571' title='bbox 2057 2683 2166 2738; x_wconf 87' lang='lat' dir='ltr'><strong>tur,</strong></span> <span class='ocrx_word' id='word_1_572' title='bbox 2197 2675 2252 2730; x_wconf 91' lang='lat' dir='ltr'><strong>in</strong></span> <span class='ocrx_word' id='word_1_573' title='bbox 2286 2690 2346 2731; x_wconf 91' lang='lat' dir='ltr'><strong>se</strong></span> <span class='ocrx_word' id='word_1_574' title='bbox 2388 2675 2540 2743; x_wconf 86' lang='lat' dir='ltr'><strong>ipsas</strong></span> <span class='ocrx_word' id='word_1_575' title='bbox 2589 2676 3026 2732; x_wconf 84' lang='lat' dir='ltr'><strong>reﬂecterentur.</strong></span> <span class='ocrx_word' id='word_1_576' title='bbox 3092 2674 3188 2731; x_wconf 70' lang='grc' dir='ltr'><strong>ιιω</strong></span> <span class='ocrx_word' id='word_1_577' title='bbox 3235 2691 3369 2732; x_wconf 81' lang='lat' dir='ltr'><strong>vero</strong></span> <span class='ocrx_word' id='word_1_578' title='bbox 3416 2676 3640 2732; x_wconf 83' lang='lat' dir='ltr'><strong>easdem</strong></span> 
     </span>
    </p>
   </div>
   <div class='ocr_carea' id='block_1_80' title="bbox 2059 2765 3639 2840">
    <p class='ocr_par' dir='ltr' id='par_1_80' title="bbox 2059 2765 3639 2840">
     <span class='ocr_line' id='line_1_80' title="bbox 2059 2765 3639 2840; baseline 0 -17"><span class='ocrx_word' id='word_1_579' title='bbox 2059 2767 2378 2838; x_wconf 88' lang='lat' dir='ltr'><strong>sculpturas</strong></span> <span class='ocrx_word' id='word_1_580' title='bbox 2415 2767 2713 2822; x_wconf 86' lang='lat' dir='ltr'><strong>habebant.</strong></span> <span class='ocrx_word' id='word_1_581' title='bbox 2773 2765 3106 2840; x_wconf 75' lang='lat' dir='ltr'><strong>[XLILi—9]</strong></span> <span class='ocrx_word' id='word_1_582' title='bbox 3175 2767 3378 2838; x_wconf 84' lang='lat' dir='ltr'><strong>Adjicit</strong></span> <span class='ocrx_word' id='word_1_583' title='bbox 3449 2768 3639 2832; x_wconf 88' lang='lat' dir='ltr'><strong>etiam,</strong></span> 
     </span>
    </p>
   </div>
   <div class='ocr_carea' id='block_1_81' title="bbox 2059 2857 3644 2930">
    <p class='ocr_par' dir='ltr' id='par_1_81' title="bbox 2059 2857 3644 2930">
     <span class='ocr_line' id='line_1_81' title="bbox 2059 2857 3644 2930; baseline 0.001 -16"><span class='ocrx_word' id='word_1_584' title='bbox 2059 2858 2447 2914; x_wconf 82' lang='lat' dir='ltr'><strong>aliasexedras</strong></span> <span class='ocrx_word' id='word_1_585' title='bbox 2475 2857 2532 2913; x_wconf 91' lang='lat' dir='ltr'><strong>in</strong></span> <span class='ocrx_word' id='word_1_586' title='bbox 2575 2858 2840 2914; x_wconf 83' lang='lat' dir='ltr'><strong>exteriori</strong></span> <span class='ocrx_word' id='word_1_587' title='bbox 2869 2859 2994 2914; x_wconf 86' lang='lat' dir='ltr'><strong>aula</strong></span> <span class='ocrx_word' id='word_1_588' title='bbox 3041 2874 3101 2915; x_wconf 87' lang='lat' dir='ltr'><strong>se</strong></span> <span class='ocrx_word' id='word_1_589' title='bbox 3154 2859 3363 2916; x_wconf 76' lang='lat' dir='ltr'><strong>vidisse</strong></span> <span class='ocrx_word' id='word_1_590' title='bbox 3406 2861 3644 2930; x_wconf 83' lang='lat' dir='ltr'><strong>positas.</strong></span> 
     </span>
    </p>
   </div>
   <div class='ocr_carea' id='block_1_82' title="bbox 2058 2949 3644 3019">
    <p class='ocr_par' dir='ltr' id='par_1_82' title="bbox 2058 2949 3644 3019">
     <span class='ocr_line' id='line_1_82' title="bbox 2058 2949 3644 3019; baseline 0 -15"><span class='ocrx_word' id='word_1_591' title='bbox 2058 2957 2112 3005; x_wconf 92' lang='lat' dir='ltr'><strong>et</strong></span> <span class='ocrx_word' id='word_1_592' title='bbox 2139 2957 2268 3006; x_wconf 91' lang='lat' dir='ltr'><strong>ante</strong></span> <span class='ocrx_word' id='word_1_593' title='bbox 2297 2949 2533 3005; x_wconf 81' lang='lat' dir='ltr'><strong>exedras</strong></span> <span class='ocrx_word' id='word_1_594' title='bbox 2565 2950 2840 3019; x_wconf 90' lang='lat' dir='ltr'><strong>porticum</strong></span> <span class='ocrx_word' id='word_1_595' title='bbox 2874 2949 3066 3006; x_wconf 89' lang='lat' dir='ltr'><strong>decem</strong></span> <span class='ocrx_word' id='word_1_596' title='bbox 3105 2949 3421 3006; x_wconf 85' lang='lat' dir='ltr'><strong>cubitorum</strong></span> <span class='ocrx_word' id='word_1_597' title='bbox 3451 2949 3644 3004; x_wconf 66' lang='lat' dir='ltr'><strong>latitu~</strong></span> 
     </span>
    </p>
   </div>
   <div class='ocr_carea' id='block_1_83' title="bbox 2060 3033 3645 3110">
    <p class='ocr_par' dir='ltr' id='par_1_83' title="bbox 2060 3033 3645 3110">
     <span class='ocr_line' id='line_1_83' title="bbox 2060 3033 3645 3110; baseline 0.002 -20"><span class='ocrx_word' id='word_1_598' title='bbox 2060 3033 2223 3100; x_wconf 88' lang='lat' dir='ltr'><strong>dine,</strong></span> <span class='ocrx_word' id='word_1_599' title='bbox 2277 3043 2499 3091; x_wconf 86' lang='lat' dir='ltr'><strong>centum</strong></span> <span class='ocrx_word' id='word_1_600' title='bbox 2541 3035 2911 3108; x_wconf 75' lang='lat' dir='ltr'><strong>longitudine.</strong></span> <span class='ocrx_word' id='word_1_601' title='bbox 2941 3037 3158 3110; x_wconf 63' lang='grc'><strong>[1042]</strong></span> <span class='ocrx_word' id='word_1_602' title='bbox 3222 3037 3427 3093; x_wconf 83' lang='lat' dir='ltr'><strong>Lumen</strong></span> <span class='ocrx_word' id='word_1_603' title='bbox 3460 3047 3645 3095; x_wconf 85' lang='lat' dir='ltr'><strong>autem</strong></span> 
     </span>
    </p>
   </div>
   <div class='ocr_carea' id='block_1_84' title="bbox 2059 3127 3648 3203">
    <p class='ocr_par' dir='ltr' id='par_1_84' title="bbox 2059 3127 3648 3203">
     <span class='ocr_line' id='line_1_84' title="bbox 2059 3127 3648 3203; baseline 0.003 -20"><span class='ocrx_word' id='word_1_604' title='bbox 2059 3127 2296 3197; x_wconf 77' lang='lat' dir='ltr'><strong>porticus</strong></span> <span class='ocrx_word' id='word_1_605' title='bbox 2325 3135 2506 3194; x_wconf 86' lang='lat' dir='ltr'><strong>vocat,</strong></span> <span class='ocrx_word' id='word_1_606' title='bbox 2544 3129 2696 3199; x_wconf 89' lang='lat' dir='ltr'><strong>quod</strong></span> <span class='ocrx_word' id='word_1_607' title='bbox 2730 3130 2877 3200; x_wconf 88' lang='lat' dir='ltr'><strong>apud</strong></span> <span class='ocrx_word' id='word_1_608' title='bbox 2919 3145 3021 3187; x_wconf 87' lang='lat' dir='ltr'><strong>nos</strong></span> <span class='ocrx_word' id='word_1_609' title='bbox 3054 3131 3321 3187; x_wconf 78' lang='lat' dir='ltr'><strong>luminare</strong></span> <span class='ocrx_word' id='word_1_610' title='bbox 3361 3145 3648 3203; x_wconf 85' lang='lat' dir='ltr'><strong>nuncupa-</strong></span> 
     </span>
    </p>
   </div>
   <div class='ocr_carea' id='block_1_85' title="bbox 2063 3217 3649 3292">
    <p class='ocr_par' dir='ltr' id='par_1_85' title="bbox 2063 3217 3649 3292">
     <span class='ocr_line' id='line_1_85' title="bbox 2063 3217 3649 3292; baseline 0.004 -16"><span class='ocrx_word' id='word_1_611' title='bbox 2063 3229 2172 3276; x_wconf 91' lang='lat' dir='ltr'><strong>tur.</strong></span> <span class='ocrx_word' id='word_1_612' title='bbox 2211 3217 2438 3292; x_wconf 71' lang='lat'><strong>[15,14]</strong></span> <span class='ocrx_word' id='word_1_613' title='bbox 2467 3218 2531 3274; x_wconf 82' lang='lat' dir='ltr'><strong>Et</strong></span> <span class='ocrx_word' id='word_1_614' title='bbox 2564 3220 2681 3276; x_wconf 58' lang='lat' dir='ltr'><strong>haec</strong></span> <span class='ocrx_word' id='word_1_615' title='bbox 2712 3219 2854 3277; x_wconf 73' lang='lat' dir='ltr'><strong>dixit</strong></span> <span class='ocrx_word' id='word_1_616' title='bbox 2881 3221 3137 3278; x_wconf 85' lang='lat' dir='ltr'><strong>dedicata</strong></span> <span class='ocrx_word' id='word_1_617' title='bbox 3166 3224 3340 3282; x_wconf 76' lang='lat' dir='ltr'><strong>fuisse</strong></span> <span class='ocrx_word' id='word_1_618' title='bbox 3386 3224 3649 3282; x_wconf 84' lang='lat' dir='ltr'><strong>sacerdo-</strong></span> 
     </span>
    </p>
   </div>
   <div class='ocr_carea' id='block_1_86' title="bbox 2061 3311 3647 3388">
    <p class='ocr_par' dir='ltr' id='par_1_86' title="bbox 2061 3311 3647 3388">
     <span class='ocr_line' id='line_1_86' title="bbox 2061 3311 3647 3388; baseline 0.003 -20"><span class='ocrx_word' id='word_1_619' title='bbox 2061 3311 2212 3368; x_wconf 80' lang='lat' dir='ltr'><strong>tibus</strong></span> <span class='ocrx_word' id='word_1_620' title='bbox 2253 3313 2322 3368; x_wconf 87' lang='lat' dir='ltr'><strong>ad</strong></span> <span class='ocrx_word' id='word_1_621' title='bbox 2356 3312 2695 3369; x_wconf 82' lang='lat' dir='ltr'><strong>vescendum</strong></span> <span class='ocrx_word' id='word_1_622' title='bbox 2727 3313 3075 3371; x_wconf 78' lang='lat' dir='ltr'><strong>sanctiﬁcata</strong></span> <span class='ocrx_word' id='word_1_623' title='bbox 3101 3316 3251 3381; x_wconf 90' lang='lat' dir='ltr'><strong>cibo,</strong></span> <span class='ocrx_word' id='word_1_624' title='bbox 3285 3317 3647 3388; x_wconf 67' lang='lat' dir='ltr'><strong>praecepisse-</strong></span> 
     </span>
    </p>
   </div>
   <div class='ocr_carea' id='block_1_87' title="bbox 2059 3403 3648 3479">
    <p class='ocr_par' dir='ltr' id='par_1_87' title="bbox 2059 3403 3648 3479">
     <span class='ocr_line' id='line_1_87' title="bbox 2059 3403 3648 3479; baseline 0.003 -21"><span class='ocrx_word' id='word_1_625' title='bbox 2059 3417 2170 3475; x_wconf 86' lang='lat' dir='ltr'><strong>que</strong></span> <span class='ocrx_word' id='word_1_626' title='bbox 2198 3418 2347 3469; x_wconf 89' lang='lat' dir='ltr'><strong>eum,</strong></span> <span class='ocrx_word' id='word_1_627' title='bbox 2374 3403 2468 3475; x_wconf 90' lang='lat' dir='ltr'><strong>qui</strong></span> <span class='ocrx_word' id='word_1_628' title='bbox 2500 3403 2610 3461; x_wconf 88' lang='lat' dir='ltr'><strong>sibi</strong></span> <span class='ocrx_word' id='word_1_629' title='bbox 2644 3405 2761 3460; x_wconf 67' lang='lat' dir='ltr'><strong>haec</strong></span> <span class='ocrx_word' id='word_1_630' title='bbox 2789 3406 3128 3471; x_wconf 83' lang='lat' dir='ltr'><strong>ostenderet,</strong></span> <span class='ocrx_word' id='word_1_631' title='bbox 3171 3407 3384 3479; x_wconf 70' lang='lat'><strong>1026</strong></span> <span class='ocrx_word' id='word_1_632' title='bbox 3407 3416 3648 3464; x_wconf 89' lang='lat' dir='ltr'><strong>utnemo</strong></span> 
     </span>
    </p>
   </div>
   <div class='ocr_carea' id='block_1_88' title="bbox 2061 3495 3649 3568">
    <p class='ocr_par' dir='ltr' id='par_1_88' title="bbox 2061 3495 3649 3568">
     <span class='ocr_line' id='line_1_88' title="bbox 2061 3495 3649 3568; baseline 0.001 -17"><span class='ocrx_word' id='word_1_633' title='bbox 2061 3508 2189 3551; x_wconf 91' lang='lat' dir='ltr'><strong>cum</strong></span> <span class='ocrx_word' id='word_1_634' title='bbox 2219 3495 2600 3554; x_wconf 86' lang='lat' dir='ltr'><strong>sacerdotibus</strong></span> <span class='ocrx_word' id='word_1_635' title='bbox 2656 3496 2788 3553; x_wconf 83' lang='lat' dir='ltr'><strong>illuc</strong></span> <span class='ocrx_word' id='word_1_636' title='bbox 2823 3497 3080 3554; x_wconf 86' lang='lat' dir='ltr'><strong>introiret</strong></span> <span class='ocrx_word' id='word_1_637' title='bbox 3109 3517 3122 3555; x_wconf 89' lang='lat'><strong>:</strong></span> <span class='ocrx_word' id='word_1_638' title='bbox 3155 3513 3335 3568; x_wconf 86' lang='lat' dir='ltr'><strong>neque</strong></span> <span class='ocrx_word' id='word_1_639' title='bbox 3377 3501 3510 3557; x_wconf 84' lang='lat' dir='ltr'><strong>item</strong></span> <span class='ocrx_word' id='word_1_640' title='bbox 3559 3516 3649 3556; x_wconf 67' lang='lat' dir='ltr'><strong>sa-</strong></span> 
     </span>
    </p>
   </div>
   <div class='ocr_carea' id='block_1_89' title="bbox 2062 3582 3650 3658">
    <p class='ocr_par' dir='ltr' id='par_1_89' title="bbox 2062 3582 3650 3658">
     <span class='ocr_line' id='line_1_89' title="bbox 2062 3582 3650 3658; baseline 0.004 -19"><span class='ocrx_word' id='word_1_641' title='bbox 2062 3582 2320 3641; x_wconf 87' lang='lat' dir='ltr'><strong>cerdotes</strong></span> <span class='ocrx_word' id='word_1_642' title='bbox 2342 3585 2474 3656; x_wconf 88' lang='lat' dir='ltr'><strong>ipsi,</strong></span> <span class='ocrx_word' id='word_1_643' title='bbox 2505 3586 2843 3644; x_wconf 66' lang='lat' dir='ltr'><strong>sacerdotali</strong></span> <span class='ocrx_word' id='word_1_644' title='bbox 2917 3596 3068 3645; x_wconf 88' lang='lat' dir='ltr'><strong>veste</strong></span> <span class='ocrx_word' id='word_1_645' title='bbox 3119 3589 3323 3658; x_wconf 89' lang='lat' dir='ltr'><strong>induti,</strong></span> <span class='ocrx_word' id='word_1_646' title='bbox 3366 3598 3422 3645; x_wconf 92' lang='lat' dir='ltr'><strong>et</strong></span> <span class='ocrx_word' id='word_1_647' title='bbox 3475 3591 3650 3646; x_wconf 81' lang='lat' dir='ltr'><strong>divini</strong></span> 
     </span>
    </p>
   </div>
   <div class='ocr_carea' id='block_1_90' title="bbox 2065 3677 3654 3754">
    <p class='ocr_par' dir='ltr' id='par_1_90' title="bbox 2065 3677 3654 3754">
     <span class='ocr_line' id='line_1_90' title="bbox 2065 3677 3654 3754; baseline 0.005 -23"><span class='ocrx_word' id='word_1_648' title='bbox 2065 3677 2254 3733; x_wconf 67' lang='lat' dir='ltr'><strong>cutus</strong></span> <span class='ocrx_word' id='word_1_649' title='bbox 2282 3692 2490 3736; x_wconf 87' lang='lat' dir='ltr'><strong>munus</strong></span> <span class='ocrx_word' id='word_1_650' title='bbox 2526 3678 2827 3748; x_wconf 86' lang='lat' dir='ltr'><strong>obeuntes,</strong></span> <span class='ocrx_word' id='word_1_651' title='bbox 2852 3681 2910 3737; x_wconf 89' lang='lat' dir='ltr'><strong>in</strong></span> <span class='ocrx_word' id='word_1_652' title='bbox 2947 3681 3281 3737; x_wconf 80' lang='lat' dir='ltr'><strong>exteriorem</strong></span> <span class='ocrx_word' id='word_1_653' title='bbox 3323 3683 3654 3754; x_wconf 79' lang='lat' dir='ltr'><strong>egrederen-</strong></span> 
     </span>
    </p>
   </div>
   <div class='ocr_carea' id='block_1_91' title="bbox 2067 3769 3654 3848">
    <p class='ocr_par' dir='ltr' id='par_1_91' title="bbox 2067 3769 3654 3848">
     <span class='ocr_line' id='line_1_91' title="bbox 2067 3769 3654 3848; baseline 0.006 -25"><span class='ocrx_word' id='word_1_654' title='bbox 2067 3775 2159 3826; x_wconf 88' lang='lat' dir='ltr'><strong>tur</strong></span> <span class='ocrx_word' id='word_1_655' title='bbox 2179 3769 2385 3824; x_wconf 85' lang='lat' dir='ltr'><strong>aulam.</strong></span> <span class='ocrx_word' id='word_1_656' title='bbox 2414 3769 2604 3841; x_wconf 83' lang='lat' dir='ltr'><strong>Neque</strong></span> <span class='ocrx_word' id='word_1_657' title='bbox 2659 3773 2805 3828; x_wconf 89' lang='lat' dir='ltr'><strong>enim</strong></span> <span class='ocrx_word' id='word_1_658' title='bbox 2858 3772 2944 3829; x_wconf 83' lang='lat' dir='ltr'><strong>fas</strong></span> <span class='ocrx_word' id='word_1_659' title='bbox 2965 3780 3072 3839; x_wconf 87' lang='lat' dir='ltr'><strong>est,</strong></span> <span class='ocrx_word' id='word_1_660' title='bbox 3105 3774 3346 3844; x_wconf 85' lang='lat' dir='ltr'><strong>aliquem</strong></span> <span class='ocrx_word' id='word_1_661' title='bbox 3375 3790 3407 3830; x_wconf 90' lang='lat' dir='ltr'><strong>e</strong></span> <span class='ocrx_word' id='word_1_662' title='bbox 3443 3778 3654 3848; x_wconf 84' lang='lat' dir='ltr'><strong>populo</strong></span> 
     </span>
    </p>
   </div>
   <div class='ocr_carea' id='block_1_92' title="bbox 2069 3863 3657 3938">
    <p class='ocr_par' dir='ltr' id='par_1_92' title="bbox 2069 3863 3657 3938">
     <span class='ocr_line' id='line_1_92' title="bbox 2069 3863 3657 3938; baseline 0.006 -22"><span class='ocrx_word' id='word_1_663' title='bbox 2069 3875 2165 3917; x_wconf 90' lang='lat' dir='ltr'><strong>eos</strong></span> <span class='ocrx_word' id='word_1_664' title='bbox 2192 3868 2346 3918; x_wconf 83' lang='lat' dir='ltr'><strong>veste</strong></span> <span class='ocrx_word' id='word_1_665' title='bbox 2393 3863 2726 3920; x_wconf 88' lang='lat' dir='ltr'><strong>sacerdotali</strong></span> <span class='ocrx_word' id='word_1_666' title='bbox 2782 3863 3008 3921; x_wconf 90' lang='lat' dir='ltr'><strong>indutos</strong></span> <span class='ocrx_word' id='word_1_667' title='bbox 3073 3867 3419 3938; x_wconf 75' lang='lat' dir='ltr'><strong>contingere.</strong></span> <span class='ocrx_word' id='word_1_668' title='bbox 3468 3867 3657 3934; x_wconf 81' lang='lat' dir='ltr'><strong>Quare</strong></span> 
     </span>
    </p>
   </div>
   <div class='ocr_carea' id='block_1_93' title="bbox 2069 3955 3654 4024">
    <p class='ocr_par' dir='ltr' id='par_1_93' title="bbox 2069 3955 3654 4024">
     <span class='ocr_line' id='line_1_93' title="bbox 2069 3955 3654 4024; baseline 0.006 -16"><span class='ocrx_word' id='word_1_669' title='bbox 2069 3968 2210 4024; x_wconf 90' lang='lat' dir='ltr'><strong>opus</strong></span> <span class='ocrx_word' id='word_1_670' title='bbox 2241 3963 2327 4011; x_wconf 88' lang='lat' dir='ltr'><strong>est</strong></span> <span class='ocrx_word' id='word_1_671' title='bbox 2353 3955 2412 4009; x_wconf 88' lang='lat' dir='ltr'><strong>in</strong></span> <span class='ocrx_word' id='word_1_672' title='bbox 2438 3955 2550 4011; x_wconf 90' lang='lat' dir='ltr'><strong>illis</strong></span> <span class='ocrx_word' id='word_1_673' title='bbox 2578 3956 2837 4012; x_wconf 89' lang='lat' dir='ltr'><strong>domibus</strong></span> <span class='ocrx_word' id='word_1_674' title='bbox 2879 3959 3188 4016; x_wconf 89' lang='lat' dir='ltr'><strong>dedicatam</strong></span> <span class='ocrx_word' id='word_1_675' title='bbox 3237 3961 3429 4018; x_wconf 86' lang='lat' dir='ltr'><strong>divino</strong></span> <span class='ocrx_word' id='word_1_676' title='bbox 3479 3963 3654 4018; x_wconf 86' lang='lat' dir='ltr'><strong>cultui</strong></span> 
     </span>
    </p>
   </div>
   <div class='ocr_carea' id='block_1_94' title="bbox 2072 4049 3656 4126">
    <p class='ocr_par' dir='ltr' id='par_1_94' title="bbox 2072 4049 3656 4126">
     <span class='ocr_line' id='line_1_94' title="bbox 2072 4049 3656 4126; baseline 0.008 -26"><span class='ocrx_word' id='word_1_677' title='bbox 2072 4053 2278 4104; x_wconf 84' lang='lat' dir='ltr'><strong>vestem</strong></span> <span class='ocrx_word' id='word_1_678' title='bbox 2302 4061 2526 4114; x_wconf 80' lang='lat' dir='ltr'><strong>exuere,</strong></span> <span class='ocrx_word' id='word_1_679' title='bbox 2563 4049 2814 4104; x_wconf 88' lang='lat' dir='ltr'><strong>etaltera</strong></span> <span class='ocrx_word' id='word_1_680' title='bbox 2870 4051 3098 4108; x_wconf 88' lang='lat' dir='ltr'><strong>indutos</strong></span> <span class='ocrx_word' id='word_1_681' title='bbox 3129 4053 3197 4108; x_wconf 91' lang='lat' dir='ltr'><strong>ad</strong></span> <span class='ocrx_word' id='word_1_682' title='bbox 3227 4055 3491 4125; x_wconf 91' lang='lat' dir='ltr'><strong>populum</strong></span> <span class='ocrx_word' id='word_1_683' title='bbox 3526 4071 3656 4126; x_wconf 82' lang='lat' dir='ltr'><strong>pro-</strong></span> 
     </span>
    </p>
   </div>
   <div class='ocr_carea' id='block_1_95' title="bbox 2069 4137 3654 4217">
    <p class='ocr_par' dir='ltr' id='par_1_95' title="bbox 2069 4137 3654 4217">
     <span class='ocr_line' id='line_1_95' title="bbox 2069 4137 3654 4217; baseline 0.006 -24"><span class='ocrx_word' id='word_1_684' title='bbox 2069 4138 2212 4194; x_wconf 92' lang='lat' dir='ltr'><strong>dire.</strong></span> <span class='ocrx_word' id='word_1_685' title='bbox 2237 4137 2458 4210; x_wconf 68' lang='lat' dir='ltr'><strong>[lii-20]</strong></span> <span class='ocrx_word' id='word_1_686' title='bbox 2503 4138 2758 4195; x_wconf 83' lang='lat' dir='ltr'><strong>Ostendit</strong></span> <span class='ocrx_word' id='word_1_687' title='bbox 2781 4141 2910 4198; x_wconf 90' lang='lat' dir='ltr'><strong>item</strong></span> <span class='ocrx_word' id='word_1_688' title='bbox 2951 4143 3085 4198; x_wconf 91' lang='lat' dir='ltr'><strong>mihi</strong></span> <span class='ocrx_word' id='word_1_689' title='bbox 3138 4146 3454 4214; x_wconf 88' lang='lat' dir='ltr'><strong>circuitum,</strong></span> <span class='ocrx_word' id='word_1_690' title='bbox 3490 4163 3654 4217; x_wconf 90' lang='lat' dir='ltr'><strong>quem</strong></span> 
     </span>
    </p>
   </div>
   <div class='ocr_carea' id='block_1_96' title="bbox 2071 4234 3660 4300">
    <p class='ocr_par' dir='ltr' id='par_1_96' title="bbox 2071 4234 3660 4300">
     <span class='ocr_line' id='line_1_96' title="bbox 2071 4234 3660 4300; baseline 0.008 -19"><span class='ocrx_word' id='word_1_691' title='bbox 2071 4241 2299 4283; x_wconf 83' lang='lat' dir='ltr'><strong>mensus</strong></span> <span class='ocrx_word' id='word_1_692' title='bbox 2333 4235 2439 4292; x_wconf 90' lang='lat' dir='ltr'><strong>est,</strong></span> <span class='ocrx_word' id='word_1_693' title='bbox 2469 4235 2679 4283; x_wconf 88' lang='lat' dir='ltr'><strong>etcum</strong></span> <span class='ocrx_word' id='word_1_694' title='bbox 2727 4244 2954 4287; x_wconf 88' lang='lat' dir='ltr'><strong>mensus</strong></span> <span class='ocrx_word' id='word_1_695' title='bbox 2991 4242 3162 4300; x_wconf 86' lang='lat' dir='ltr'><strong>esset,</strong></span> <span class='ocrx_word' id='word_1_696' title='bbox 3211 4234 3400 4292; x_wconf 91' lang='lat' dir='ltr'><strong>docuit</strong></span> <span class='ocrx_word' id='word_1_697' title='bbox 3458 4252 3660 4292; x_wconf 85' lang='lat' dir='ltr'><strong>unam-</strong></span> 
     </span>
    </p>
   </div>
   <div class='ocr_carea' id='block_1_97' title="bbox 2070 4319 3654 4396">
    <p class='ocr_par' dir='ltr' id='par_1_97' title="bbox 2070 4319 3654 4396">
     <span class='ocr_line' id='line_1_97' title="bbox 2070 4319 3654 4396; baseline 0.006 -24"><span class='ocrx_word' id='word_1_698' title='bbox 2070 4331 2350 4388; x_wconf 86' lang='lat' dir='ltr'><strong>quamque</strong></span> <span class='ocrx_word' id='word_1_699' title='bbox 2378 4325 2614 4389; x_wconf 86' lang='lat' dir='ltr'><strong>partem,</strong></span> <span class='ocrx_word' id='word_1_700' title='bbox 2643 4319 2898 4390; x_wconf 87' lang='lat' dir='ltr'><strong>orientis,</strong></span> <span class='ocrx_word' id='word_1_701' title='bbox 2935 4322 3266 4390; x_wconf 90' lang='lat' dir='ltr'><strong>occidentis,</strong></span> <span class='ocrx_word' id='word_1_702' title='bbox 3295 4325 3576 4396; x_wconf 88' lang='lat' dir='ltr'><strong>aquilonis</strong></span> <span class='ocrx_word' id='word_1_703' title='bbox 3601 4337 3654 4381; x_wconf 89' lang='lat' dir='ltr'><strong>ct</strong></span> 
     </span>
    </p>
   </div>
   <div class='ocr_carea' id='block_1_98' title="bbox 2073 4409 3660 4482">
    <p class='ocr_par' dir='ltr' id='par_1_98' title="bbox 2073 4409 3660 4482">
     <span class='ocr_line' id='line_1_98' title="bbox 2073 4409 3660 4482; baseline 0.005 -16"><span class='ocrx_word' id='word_1_704' title='bbox 2073 4409 2272 4475; x_wconf 88' lang='lat' dir='ltr'><strong>austri,</strong></span> <span class='ocrx_word' id='word_1_705' title='bbox 2297 4412 2633 4482; x_wconf 75' lang='lat' dir='ltr'><strong>quingentos</strong></span> <span class='ocrx_word' id='word_1_706' title='bbox 2650 4411 2874 4468; x_wconf 86' lang='lat' dir='ltr'><strong>cubitos</strong></span> <span class='ocrx_word' id='word_1_707' title='bbox 2910 4413 3198 4481; x_wconf 89' lang='lat' dir='ltr'><strong>habuisse,</strong></span> <span class='ocrx_word' id='word_1_708' title='bbox 3248 4417 3324 4472; x_wconf 92' lang='lat' dir='ltr'><strong>ita</strong></span> <span class='ocrx_word' id='word_1_709' title='bbox 3358 4428 3415 4473; x_wconf 87' lang='lat' dir='ltr'><strong>ut</strong></span> <span class='ocrx_word' id='word_1_710' title='bbox 3451 4419 3660 4474; x_wconf 84' lang='lat' dir='ltr'><strong>circui-</strong></span> 
     </span>
    </p>
   </div>
   <div class='ocr_carea' id='block_1_99' title="bbox 2001 4499 3657 4603">
    <p class='ocr_par' dir='ltr' id='par_1_99' title="bbox 2001 4499 3657 4603">
     <span class='ocr_line' id='line_1_99' title="bbox 2001 4499 3657 4603; baseline 0.004 -45"><span class='ocrx_word' id='word_1_711' title='bbox 2001 4545 2046 4603; x_wconf 62' lang='grc' dir='ltr'><strong>υ</strong></span> <span class='ocrx_word' id='word_1_712' title='bbox 2079 4511 2170 4559; x_wconf 89' lang='lat' dir='ltr'><strong>tus</strong></span> <span class='ocrx_word' id='word_1_713' title='bbox 2190 4503 2657 4574; x_wconf 83' lang='lat' dir='ltr'><strong>quadruplicatus</strong></span> <span class='ocrx_word' id='word_1_714' title='bbox 2682 4503 2738 4558; x_wconf 92' lang='lat' dir='ltr'><strong>in</strong></span> <span class='ocrx_word' id='word_1_715' title='bbox 2771 4499 2862 4560; x_wconf 65' lang='lat' dir='ltr'><strong>bis</strong></span> <span class='ocrx_word' id='word_1_716' title='bbox 2896 4505 3045 4561; x_wconf 89' lang='lat' dir='ltr'><strong>mille</strong></span> <span class='ocrx_word' id='word_1_717' title='bbox 3077 4507 3298 4564; x_wconf 87' lang='lat' dir='ltr'><strong>cubitos</strong></span> <span class='ocrx_word' id='word_1_718' title='bbox 3343 4517 3657 4580; x_wconf 78' lang='lat' dir='ltr'><strong>cogeretur.</strong></span> 
     </span>
    </p>
   </div>
   <div class='ocr_carea' id='block_1_100' title="bbox 2641 4632 3094 4691">
    <p class='ocr_par' dir='ltr' id='par_1_100' title="bbox 2641 4632 3094 4691">
     <span class='ocr_line' id='line_1_100' title="bbox 2641 4632 3094 4691; baseline 0.002 -1"><span class='ocrx_word' id='word_1_719' title='bbox 2641 4632 2872 4690; x_wconf 83' lang='lat' dir='ltr'><strong>CAPUT</strong></span> <span class='ocrx_word' id='word_1_720' title='bbox 2914 4635 3094 4691; x_wconf 80' lang='lat' dir='ltr'><strong>XLI&quot;.</strong></span> 
     </span>
    </p>
   </div>
   <div class='ocr_carea' id='block_1_101' title="bbox 2150 4767 3664 4840">
    <p class='ocr_par' dir='ltr' id='par_1_101' title="bbox 2150 4767 3664 4840">
     <span class='ocr_line' id='line_1_101' title="bbox 2150 4767 3664 4840; baseline 0.002 -16"><span class='ocrx_word' id='word_1_721' title='bbox 2150 4767 2319 4824; x_wconf 75' lang='lat' dir='ltr'><strong>Vens.</strong></span> <span class='ocrx_word' id='word_1_722' title='bbox 2352 4769 2404 4832; x_wconf 81' lang='grc'>1,</span> <span class='ocrx_word' id='word_1_723' title='bbox 2424 4769 2478 4823; x_wconf 78' lang='grc'>2.</span> <span class='ocrx_word' id='word_1_724' title='bbox 2508 4767 2578 4822; x_wconf 86' lang='lat' dir='ltr'><strong>Et</strong></span> <span class='ocrx_word' id='word_1_725' title='bbox 2603 4767 2832 4822; x_wconf 67' lang='lat' dir='ltr'><strong>adduxit</strong></span> <span class='ocrx_word' id='word_1_726' title='bbox 2855 4784 2955 4832; x_wconf 90' lang='lat' dir='ltr'><strong>me,</strong></span> <span class='ocrx_word' id='word_1_727' title='bbox 2983 4769 3184 4839; x_wconf 89' lang='lat' dir='ltr'><strong>inquit.</strong></span> <span class='ocrx_word' id='word_1_728' title='bbox 3221 4771 3290 4823; x_wconf 86' lang='lat' dir='ltr'><strong>ad</strong></span> <span class='ocrx_word' id='word_1_729' title='bbox 3310 4781 3522 4838; x_wconf 84' lang='lat' dir='ltr'><strong>portam</strong></span> <span class='ocrx_word' id='word_1_730' title='bbox 3545 4788 3664 4840; x_wconf 77' lang='lat' dir='ltr'><strong>qua:</strong></span> 
     </span>
    </p>
   </div>
   <div class='ocr_carea' id='block_1_102' title="bbox 2079 4859 3664 4934">
    <p class='ocr_par' dir='ltr' id='par_1_102' title="bbox 2079 4859 3664 4934">
     <span class='ocr_line' id='line_1_102' title="bbox 2079 4859 3664 4934; baseline 0.002 -19"><span class='ocrx_word' id='word_1_731' title='bbox 2079 4860 2391 4931; x_wconf 76' lang='lat' dir='ltr'><strong>respiciebat</strong></span> <span class='ocrx_word' id='word_1_732' title='bbox 2413 4859 2484 4913; x_wconf 80' lang='lat' dir='ltr'><strong>ad</strong></span> <span class='ocrx_word' id='word_1_733' title='bbox 2506 4859 2788 4924; x_wconf 80' lang='lat' dir='ltr'><strong>orientem,</strong></span> <span class='ocrx_word' id='word_1_734' title='bbox 2815 4869 2866 4914; x_wconf 80' lang='lat' dir='ltr'><strong>et</strong></span> <span class='ocrx_word' id='word_1_735' title='bbox 2896 4860 3079 4914; x_wconf 72' lang='lat' dir='ltr'><strong>eduxit</strong></span> <span class='ocrx_word' id='word_1_736' title='bbox 3109 4879 3210 4916; x_wconf 83' lang='lat' dir='ltr'><strong>me.</strong></span> <span class='ocrx_word' id='word_1_737' title='bbox 3259 4861 3325 4916; x_wconf 84' lang='lat' dir='ltr'><strong>Et</strong></span> <span class='ocrx_word' id='word_1_738' title='bbox 3346 4878 3462 4918; x_wconf 84' lang='lat' dir='ltr'><strong>ecce</strong></span> <span class='ocrx_word' id='word_1_739' title='bbox 3489 4864 3664 4934; x_wconf 81' lang='lat' dir='ltr'><strong>gloria</strong></span> 
     </span>
    </p>
   </div>
   <div class='ocr_carea' id='block_1_103' title="bbox 2085 4949 3667 5020">
    <p class='ocr_par' dir='ltr' id='par_1_103' title="bbox 2085 4949 3667 5020">
     <span class='ocr_line' id='line_1_103' title="bbox 2085 4949 3667 5020; baseline 0.004 -15"><span class='ocrx_word' id='word_1_740' title='bbox 2085 4951 2185 5006; x_wconf 88' lang='lat' dir='ltr'><strong>Dei</strong></span> <span class='ocrx_word' id='word_1_741' title='bbox 2213 4949 2437 5006; x_wconf 74' lang='lat' dir='ltr'><strong>Israelia</strong></span> <span class='ocrx_word' id='word_1_742' title='bbox 2472 4949 2714 5004; x_wconf 81' lang='lat' dir='ltr'><strong>veniebat</strong></span> <span class='ocrx_word' id='word_1_743' title='bbox 2760 4965 2853 5020; x_wconf 81' lang='lat' dir='ltr'><strong>per</strong></span> <span class='ocrx_word' id='word_1_744' title='bbox 2895 4953 3033 5005; x_wconf 77' lang='lat' dir='ltr'><strong>viam</strong></span> <span class='ocrx_word' id='word_1_745' title='bbox 3059 4954 3127 5006; x_wconf 83' lang='lat' dir='ltr'><strong>ad</strong></span> <span class='ocrx_word' id='word_1_746' title='bbox 3167 4955 3442 5020; x_wconf 79' lang='lat' dir='ltr'><strong>orientem,</strong></span> <span class='ocrx_word' id='word_1_747' title='bbox 3480 4965 3530 5010; x_wconf 84' lang='lat' dir='ltr'><strong>et</strong></span> <span class='ocrx_word' id='word_1_748' title='bbox 3565 4973 3667 5012; x_wconf 67' lang='lat' dir='ltr'><strong>vos</strong></span> 
     </span>
    </p>
   </div>
   <div class='ocr_carea' id='block_1_104' title="bbox 2071 5043 3666 5120">
    <p class='ocr_par' dir='ltr' id='par_1_104' title="bbox 2071 5043 3666 5120">
     <span class='ocr_line' id='line_1_104' title="bbox 2071 5043 3666 5120; baseline 0.004 -24"><span class='ocrx_word' id='word_1_749' title='bbox 2071 5052 2368 5098; x_wconf 74' lang='lat' dir='ltr'><strong>castrorum</strong></span> <span class='ocrx_word' id='word_1_750' title='bbox 2395 5043 2551 5113; x_wconf 75' lang='lat' dir='ltr'><strong>quasi</strong></span> <span class='ocrx_word' id='word_1_751' title='bbox 2569 5056 2668 5095; x_wconf 77' lang='lat' dir='ltr'><strong>una:</strong></span> <span class='ocrx_word' id='word_1_752' title='bbox 2713 5043 3097 5111; x_wconf 65' lang='lat' dir='ltr'><strong>geminandum</strong></span> <span class='ocrx_word' id='word_1_753' title='bbox 3144 5047 3458 5103; x_wconf 82' lang='lat' dir='ltr'><strong>multorum.</strong></span> <span class='ocrx_word' id='word_1_754' title='bbox 3507 5047 3666 5120; x_wconf 83' lang='lat' dir='ltr'><strong>Apud</strong></span> 
     </span>
    </p>
   </div>
   <div class='ocr_carea' id='block_1_105' title="bbox 2075 5133 3665 5212">
    <p class='ocr_par' dir='ltr' id='par_1_105' title="bbox 2075 5133 3665 5212">
     <span class='ocr_line' id='line_1_105' title="bbox 2075 5133 3665 5212; baseline 0.004 -25"><span class='ocrx_word' id='word_1_755' title='bbox 2075 5134 2366 5190; x_wconf 71' lang='lat' dir='ltr'><strong>Hebraeum</strong></span> <span class='ocrx_word' id='word_1_756' title='bbox 2388 5143 2445 5190; x_wconf 91' lang='lat' dir='ltr'><strong>et</strong></span> <span class='ocrx_word' id='word_1_757' title='bbox 2471 5133 2616 5204; x_wconf 89' lang='lat' dir='ltr'><strong>apud</strong></span> <span class='ocrx_word' id='word_1_758' title='bbox 2641 5133 2843 5204; x_wconf 83' lang='lat' dir='ltr'><strong>Syrum</strong></span> <span class='ocrx_word' id='word_1_759' title='bbox 2870 5137 3049 5206; x_wconf 87' lang='lat' dir='ltr'><strong>reperi</strong></span> <span class='ocrx_word' id='word_1_760' title='bbox 3078 5157 3090 5192; x_wconf 88' lang='lat'>:</span> <span class='ocrx_word' id='word_1_761' title='bbox 3127 5157 3146 5190; x_wconf 84' lang='grc' dir='ltr'><strong>ι</strong></span> <span class='ocrx_word' id='word_1_762' title='bbox 3176 5137 3248 5194; x_wconf 90' lang='lat' dir='ltr'><strong>Ut</strong></span> <span class='ocrx_word' id='word_1_763' title='bbox 3269 5155 3370 5195; x_wconf 77' lang='lat' dir='ltr'><strong>vox</strong></span> <span class='ocrx_word' id='word_1_764' title='bbox 3395 5138 3665 5212; x_wconf 71' lang='lat' dir='ltr'><strong>aquarum’</strong></span> 
     </span>
    </p>
   </div>
   <div class='ocr_carea' id='block_1_106' title="bbox 2075 5227 3666 5306">
    <p class='ocr_par' dir='ltr' id='par_1_106' title="bbox 2075 5227 3666 5306">
     <span class='ocr_line' id='line_1_106' title="bbox 2075 5227 3666 5306; baseline 0.006 -26"><span class='ocrx_word' id='word_1_765' title='bbox 2075 5227 2400 5284; x_wconf 89' lang='lat' dir='ltr'><strong>multarum.</strong></span> <span class='ocrx_word' id='word_1_766' title='bbox 2431 5227 2497 5280; x_wconf 87' lang='lat' dir='ltr'><strong>Et</strong></span> <span class='ocrx_word' id='word_1_767' title='bbox 2527 5234 2673 5281; x_wconf 84' lang='lat' dir='ltr'><strong>terra</strong></span> <span class='ocrx_word' id='word_1_768' title='bbox 2707 5227 3035 5297; x_wconf 88' lang='lat' dir='ltr'><strong>splendebat</strong></span> <span class='ocrx_word' id='word_1_769' title='bbox 3065 5232 3225 5302; x_wconf 84' lang='lat' dir='ltr'><strong>quasi</strong></span> <span class='ocrx_word' id='word_1_770' title='bbox 3256 5233 3466 5306; x_wconf 76' lang='lat' dir='ltr'><strong>fulgur,</strong></span> <span class='ocrx_word' id='word_1_771' title='bbox 3494 5250 3525 5290; x_wconf 87' lang='lat' dir='ltr'><strong>a</strong></span> <span class='ocrx_word' id='word_1_772' title='bbox 3551 5236 3666 5304; x_wconf 77' lang='lat' dir='ltr'><strong>glo-</strong></span> 
     </span>
    </p>
   </div>
   <div class='ocr_carea' id='block_1_107' title="bbox 2075 5319 2849 5391">
    <p class='ocr_par' dir='ltr' id='par_1_107' title="bbox 2075 5319 2849 5391">
     <span class='ocr_line' id='line_1_107' title="bbox 2075 5319 2849 5391; baseline -0.001 -18"><span class='ocrx_word' id='word_1_773' title='bbox 2075 5319 2159 5374; x_wconf 88' lang='lat' dir='ltr'><strong>ria</strong></span> <span class='ocrx_word' id='word_1_774' title='bbox 2188 5319 2308 5391; x_wconf 89' lang='lat' dir='ltr'><strong>ejus</strong></span> <span class='ocrx_word' id='word_1_775' title='bbox 2339 5333 2438 5391; x_wconf 91' lang='lat' dir='ltr'><strong>per</strong></span> <span class='ocrx_word' id='word_1_776' title='bbox 2476 5319 2792 5375; x_wconf 89' lang='lat' dir='ltr'><strong>circuitum.</strong></span> <span class='ocrx_word' id='word_1_777' title='bbox 2831 5339 2849 5372; x_wconf 78' lang='grc' dir='ltr'>ι</span> 
     </span>
    </p>
   </div>
   <div class='ocr_carea' id='block_1_108' title="bbox 1637 5571 2316 5635">
    <p class='ocr_par' dir='ltr' id='par_1_108' title="bbox 1637 5571 2316 5635">
     <span class='ocr_line' id='line_1_108' title="bbox 1637 5571 2316 5635; baseline -0.006 0"><span class='ocrx_word' id='word_1_778' title='bbox 1637 5573 1872 5635; x_wconf 71' lang='lat' dir='ltr'><strong>VARM‘I</strong></span> <span class='ocrx_word' id='word_1_779' title='bbox 1908 5571 2316 5634; x_wconf 80' lang='lat' dir='ltr'><strong>LECTIONES.</strong></span> 
     </span>
    </p>
   </div>
   <div class='ocr_carea' id='block_1_109' title="bbox 461 5751 1992 5826">
    <p class='ocr_par' dir='ltr' id='par_1_109' title="bbox 461 5751 1992 5826">
     <span class='ocr_line' id='line_1_109' title="bbox 461 5751 1992 5826; baseline -0.009 0"><span class='ocrx_word' id='word_1_780' title='bbox 461 5751 516 5826; x_wconf 71' lang='lat'><strong>_&quot;_</strong></span> <span class='ocrx_word' id='word_1_781' title='bbox 550 5752 593 5806; x_wconf 76' lang='grc' dir='ltr'>Β</span> <span class='ocrx_word' id='word_1_782' title='bbox 618 5751 778 5826; x_wconf 62' lang='grc' dir='ltr'><strong>Ξίδῗή·</strong></span> <span class='ocrx_word' id='word_1_783' title='bbox 857 5751 900 5784; x_wconf 80' lang='grc'><strong>⁸³</strong></span> <span class='ocrx_word' id='word_1_784' title='bbox 944 5753 1040 5826; x_wconf 73' lang='grc' dir='ltr'><strong>καὶ</strong></span> <span class='ocrx_word' id='word_1_785' title='bbox 1064 5755 1218 5826; x_wconf 76' lang='grc' dir='ltr'>ἐξήγ.</span> <span class='ocrx_word' id='word_1_786' title='bbox 1259 5773 1348 5826; x_wconf 74' lang='grc' dir='ltr'>με.</span> <span class='ocrx_word' id='word_1_787' title='bbox 1383 5755 1510 5814; x_wconf 82' lang='lat' dir='ltr'><strong>Des.</strong></span> <span class='ocrx_word' id='word_1_788' title='bbox 1543 5758 1598 5814; x_wconf 91' lang='lat' dir='ltr'><strong>in</strong></span> <span class='ocrx_word' id='word_1_789' title='bbox 1637 5757 1801 5815; x_wconf 78' lang='lat' dir='ltr'><strong>Hebr.</strong></span> <span class='ocrx_word' id='word_1_790' title='bbox 1878 5759 1923 5793; x_wconf 82' lang='grc'><strong>³³</strong></span> <span class='ocrx_word' id='word_1_791' title='bbox 1962 5776 1992 5812; x_wconf 88' lang='grc' dir='ltr'><strong>τ</strong></span> 
     </span>
    </p>
   </div>
   <div class='ocr_carea' id='block_1_110' title="bbox 389 5820 1971 5896">
    <p class='ocr_par' dir='ltr' id='par_1_110' title="bbox 389 5820 1971 5896">
     <span class='ocr_line' id='line_1_110' title="bbox 389 5820 1971 5896; baseline 0.007 -21"><span class='ocrx_word' id='word_1_792' title='bbox 389 5823 574 5887; x_wconf 70' lang='grc' dir='ltr'>ϐολῆς.</span> <span class='ocrx_word' id='word_1_793' title='bbox 611 5820 777 5878; x_wconf 74' lang='lat' dir='ltr'><strong>Hebr.</strong></span> <span class='ocrx_word' id='word_1_794' title='bbox 811 5836 913 5876; x_wconf 81' lang='lat' dir='ltr'><strong>vox</strong></span> <span class='ocrx_word' id='word_1_795' title='bbox 947 5820 1116 5893; x_wconf 25' lang='lat' dir='ltr'><strong>ejus.’</strong></span> <span class='ocrx_word' id='word_1_796' title='bbox 1148 5820 1211 5857; x_wconf 70' lang='lat'><strong>&quot;‘</strong></span> <span class='ocrx_word' id='word_1_797' title='bbox 1250 5820 1326 5890; x_wconf 82' lang='grc' dir='ltr'>ὧς</span> <span class='ocrx_word' id='word_1_798' title='bbox 1351 5827 1576 5896; x_wconf 85' lang='grc' dir='ltr'>φέγγος,</span> <span class='ocrx_word' id='word_1_799' title='bbox 1616 5839 1672 5886; x_wconf 90' lang='lat' dir='ltr'><strong>et</strong></span> <span class='ocrx_word' id='word_1_800' title='bbox 1704 5830 1971 5886; x_wconf 80' lang='grc' dir='ltr'>κυκλόθεν</span> 
     </span>
    </p>
   </div>
   <div class='ocr_carea' id='block_1_111' title="bbox 721 5911 1501 5979">
    <p class='ocr_par' dir='ltr' id='par_1_111' title="bbox 721 5911 1501 5979">
     <span class='ocr_line' id='line_1_111' title="bbox 721 5911 1501 5979; baseline 0.009 -7"><span class='ocrx_word' id='word_1_801' title='bbox 721 5911 998 5976; x_wconf 61' lang='lat' dir='ltr'><strong>Parnm.</strong></span> <span class='ocrx_word' id='word_1_802' title='bbox 1046 5912 1164 5976; x_wconf 77' lang='lat' dir='ltr'><strong>Gn.</strong></span> <span class='ocrx_word' id='word_1_803' title='bbox 1219 5915 1501 5979; x_wconf 75' lang='lat' dir='ltr'><strong>LXXXI.</strong></span> 
     </span>
    </p>
   </div>
   <div class='ocr_carea' id='block_1_112' title="bbox 2036 5758 2966 5832">
    <p class='ocr_par' dir='ltr' id='par_1_112' title="bbox 2036 5758 2966 5832">
     <span class='ocr_line' id='line_1_112' title="bbox 2036 5758 2966 5832; baseline -0.001 -18"><span class='ocrx_word' id='word_1_804' title='bbox 2036 5778 2084 5814; x_wconf 91' lang='grc' dir='ltr'><strong>ν.</strong></span> <span class='ocrx_word' id='word_1_805' title='bbox 2109 5760 2167 5832; x_wconf 15' lang='lat' dir='ltr'><strong>A7</strong></span> <span class='ocrx_word' id='word_1_806' title='bbox 2183 5761 2287 5832; x_wconf 74' lang='grc' dir='ltr'>τῆς</span> <span class='ocrx_word' id='word_1_807' title='bbox 2308 5758 2484 5832; x_wconf 90' lang='grc' dir='ltr'>πύλης</span> <span class='ocrx_word' id='word_1_808' title='bbox 2498 5758 2966 5832; x_wconf 14' lang='grc' dir='ltr'>ντῆςίβλείπούσης.</span> 
     </span>
    </p>
   </div>
   <div class='ocr_carea' id='block_1_113' title="bbox 2035 5827 3102 5890">
    <p class='ocr_par' dir='ltr' id='par_1_113' title="bbox 2035 5827 3102 5890">
     <span class='ocr_line' id='line_1_113' title="bbox 2035 5827 3102 5890; baseline -0.007 -3"><span class='ocrx_word' id='word_1_809' title='bbox 2035 5846 2114 5889; x_wconf 87' lang='lat' dir='ltr'><strong>es.</strong></span> <span class='ocrx_word' id='word_1_810' title='bbox 2155 5831 2213 5887; x_wconf 90' lang='lat' dir='ltr'><strong>in</strong></span> <span class='ocrx_word' id='word_1_811' title='bbox 2237 5827 2410 5890; x_wconf 80' lang='lat' dir='ltr'><strong>Hebr.</strong></span> <span class='ocrx_word' id='word_1_812' title='bbox 2441 5827 2453 5832; x_wconf 72' lang='grc'>⁷</span> <span class='ocrx_word' id='word_1_813' title='bbox 2490 5830 2536 5866; x_wconf 84' lang='grc'><strong><em>⁸⁸</em></strong></span> <span class='ocrx_word' id='word_1_814' title='bbox 2570 5827 2761 5887; x_wconf 64' lang='grc' dir='ltr'>αὑτοῦ.</span> <span class='ocrx_word' id='word_1_815' title='bbox 2792 5827 2919 5888; x_wconf 80' lang='lat' dir='ltr'><strong>Des.</strong></span> <span class='ocrx_word' id='word_1_816' title='bbox 2953 5829 3008 5884; x_wconf 91' lang='lat' dir='ltr'><strong>in</strong></span> <span class='ocrx_word' id='word_1_817' title='bbox 3039 5827 3102 5881; x_wconf 83' lang='lat' dir='ltr'><strong>A.</strong></span> 
     </span>
    </p>
   </div>
   <div class='ocr_carea' id='block_1_114' title="bbox 3052 5756 3670 5828">
    <p class='ocr_par' dir='ltr' id='par_1_114' title="bbox 3052 5756 3670 5828">
     <span class='ocr_line' id='line_1_114' title="bbox 3052 5756 3670 5828; baseline 0 -19"><span class='ocrx_word' id='word_1_818' title='bbox 3052 5759 3098 5790; x_wconf 82' lang='lat'><strong>&quot;</strong></span> <span class='ocrx_word' id='word_1_819' title='bbox 3139 5757 3290 5828; x_wconf 79' lang='grc' dir='ltr'>φωνὴ</span> <span class='ocrx_word' id='word_1_820' title='bbox 3324 5756 3420 5826; x_wconf 81' lang='grc' dir='ltr'>τῆς</span> <span class='ocrx_word' id='word_1_821' title='bbox 3453 5770 3670 5827; x_wconf 79' lang='grc' dir='ltr'>παριμ-</span> 
     </span>
    </p>
   </div>
   <div class='ocr_carea' id='block_1_115' title="bbox 3264 5919 3341 5978">
    <p class='ocr_par' dir='ltr' id='par_1_115' title="bbox 3264 5919 3341 5978">
     <span class='ocr_line' id='line_1_115' title="bbox 3264 5919 3341 5978; baseline 0.013 -1"><span class='ocrx_word' id='word_1_822' title='bbox 3264 5919 3341 5978; x_wconf 86' lang='grc'><strong>39</strong></span> 
     </span>
    </p>
   </div>
  </div>
