4070 6404
424 343 563 406 1227

1457 334 1942 395 THEODORETI
1975 333 2314 394 EPISCOPI
2351 337 2718 402 CYRENSIS

3555 327 3573 390 1
3587 328 3691 391 228

500 455 664 510 Vens.
705 455 759 509 Ξ.
802 451 868 505 Et
924 452 1054 506 visio
1093 464 1250 520 quam
1306 447 1443 513 vidi,
1480 447 1738 512 relerebat
1786 447 2009 517 speciem

2185 458 2255 518 γ’.
2293 453 2403 508 Καὶ
2422 457 2462 525 ἡ
2489 457 2698 525 ὅρασις
2719 451 2993 524 ἧνεϊδον,
3024 452 3177 508 κατὰ
3198 449 3267 506 τὸ
3292 443 3452 514 εἶδος
3472 445 3504 500 ὃ
3527 446 3694 501 εἶδον

424 551 540 618 ejus
572 564 730 618 quam
752 544 1014 606 uideram,
1046 540 1258 611 quando
1297 539 1633 608 ingrediebar
1671 549 1730 598 ut
1758 555 2009 610 ungerent

421 643 711 695 rivitatem.
739 636 950 690 Rursus
993 635 1084 689 hic
1130 633 1320 696 etiam,
1375 639 1430 686 et
1476 631 1621 704 apud
1684 629 1908 703 Syrum,
1958 641 2012 686 ct

426 731 570 799 apud
603 727 889 782 llebrzeum
931 724 1114 778 inveni
1150 740 1164 777 :
1207 741 1226 773 ‹
1261 721 1494 787 Quando
1552 722 1840 792 ingressus
1887 734 2009 776 sum

425 821 495 874 ad
519 817 948 889 disperdendum
997 815 1302 870 civitatem.
1338 834 1356 865 ι
1391 813 1648 870 Declarat
1698 822 1883 870 autem
1923 828 2011 868 se-

423 912 658 968 cundam
692 909 994 973 visionem,
1023 921 1136 977 qua
1183 906 1594 976 contemplatus
1643 915 1762 970 est,
1815 911 1870 960 ct
1913 918 2012 959 eos

423 1005 514 1075 qui
538 1002 839 1058 alfcrebant
891 1015 1144 1064 secures,
1182 1011 1237 1054 et
1271 999 1553 1054 civitatem
1606 998 1910 1063 caedebant,
1958 1004 2013 1051 et

418 1093 638 1163 1027
671 1092 822 1146 illum
853 1092 948 1161 qui
975 1091 1252 1146 carbones
1293 1105 1391 1160 per
1423 1105 1641 1145 omnem
1674 1088 1865 1144 urbem
1905 1087 2014 1142 dis-

422 1188 796 1257 sipavit.;quo
825 1193 1074 1254 tempore
1111 1183 1280 1239 etiam
1325 1184 1543 1254 signum
1597 1180 1736 1236 illud
1785 1180 2014 1250 imposi-

420 1287 540 1333 tum
575 1278 710 1331 vidit
741 1278 831 1339 iis,
855 1275 950 1346 qui
995 1275 1186 1347 populi
1239 1275 1451 1330 scelera
1498 1273 1889 1344 deplorabant.
1945 1272 2014 1326 Et

424 1369 730 1425 verisimile
757 1376 844 1424 est
891 1367 1262 1438 Septuaginta
1298 1366 1364 1420 ad
1398 1381 1621 1421 sensum
1661 1364 2012 1420 attendentes

425 1462 728 1516 unctionem
783 1474 1021 1515 vocasse
1071 1459 1334 1513 frontium
1387 1457 1756 1520 notationem,
1817 1471 2012 1511 eorum

425 1553 648 1610 scilicet
673 1553 805 1622 qui'
845 1551 1064 1606 liberati
1108 1549 1330 1606 fuerant
1364 1564 1392 1603 a
1419 1549 1749 1604 czedentium
1807 1547 2009 1618 ptenis.

431 1663 452 1697 ι
487 1644 553 1698 Et
589 1643 728 1699 visio
783 1659 982 1698 currus
1026 1642 1226 1698 similis
1255 1649 1377 1695 erat
1404 1642 1628 1704 visioni,
1681 1656 1844 1710 quam
1901 1639 2012 1695 vidi

425 1751 594 1807 super
639 1734 868 1789 ﬂuvium
938 1734 1180 1789 Cltobar.
1218 1753 1236 1782 ι
1299 1733 1500 1788 Statim
1555 1741 1737 1788 autem
1787 1733 2013 1802 conspi-

425 1833 585 1880 catus
618 1842 631 1877 :

496 1914 698 1980 Cecidi,
725 1915 925 1986 inquit.
962 1912 1128 1968 Vens.
1153 1915 1207 1968 4.
1238 1910 1308 1966 Et
1337 1913 1507 1983 gloria
1533 1913 1751 1969 Domini
1771 1915 2009 1985 ingressa

421 2018 501 2064 est
524 2010 581 2062 in
608 2007 825 2061 domum
853 2022 946 2075 per
977 2007 1112 2060 viam
1137 2015 1303 2072 porta:
1332 2005 1665 2074 respicientis
1713 2005 1782 2060 ad
1828 2006 2007 2060 orien-

425 2111 549 2154 tem.
603 2097 794 2172 Neque
851 2099 992 2152 dixit
1034 2098 1324 2153 Dominum
1371 2099 1682 2171 ingressum
1712 2113 1837 2154 esse
1885 2098 2008 2168 (di—

423 2196 550 2249 vina
574 2192 723 2247 enim
756 2200 958 2246 natura
981 2192 1368 2247 circumscribi
1393 2192 1626 2262 nequit),
1669 2193 1765 2249 sed
1792 2191 2010 2248 Domini

423 2286 675 2357 gloriam,
709 2284 764 2340 id
789 2292 897 2351 est,
941 2293 1297 2355 conspectam
1331 2284 1624 2340 visionem.

496 2471 663 2527 Vens.
696 2469 827 2535 5,6.
869 2468 934 2523 Et
975 2469 1266 2537 assumpsit
1300 2484 1381 2522 me
1425 2465 1687 2536 Spiritus,
1737 2477 1787 2521 et
1842 2467 2009 2521 intro-

421 2563 577 2616 duxit
612 2577 692 2616 me
721 2560 776 2614 in
807 2560 990 2614 aulam
1020 2561 1359 2624 interiorem,
1407 2569 1457 2614 et
1486 2576 1605 2614 ecce
1633 2560 1794 2630 plena
1825 2559 2008 2630 gloria:

421 2655 611 2708 domus
662 2652 898 2707 Domini.
938 2651 1005 2706 Et
1037 2653 1194 2718 steti,
1234 2661 1283 2706 et
1329 2668 1447 2707 ecce
1479 2667 1578 2707 eoa:
1611 2667 1676 2705 ea:
1725 2651 1881 2705 domo
1929 2651 2007 2705 lo-

420 2744 628 2815 quantis
661 2743 731 2796 ad
765 2760 866 2797 me.
895 2742 1032 2797 Cum
1066 2744 1211 2798 enim
1245 2759 1314 2799 eo
1337 2759 1558 2814 quoque
1603 2753 1848 2813 tempore
1895 2759 2008 2815 quo

422 2834 847 2890 tabernaculum
892 2833 1088 2888 beatus
1141 2835 1260 2888 lixit
1310 2834 1512 2898 Moses,
1566 2834 1739 2904 gloria
1795 2833 2008 2889 Domini

426 2925 559 2980 illud
604 2925 918 2994 repleverit,
953 2935 1007 2980 et
1051 2925 1280 2995 quando
1320 2923 1544 2981 Salomo
1589 2927 1845 2982 absoluta
1878 2934 2012 2982 tem-

427 3017 503 3086 pli
536 3015 903 3072 aediﬁcatione
930 3017 1310 3072 encaeniorum
1353 3018 1732 3074 celebritatem
1777 3018 2007 3090 peregit,

424 3123 627 3164 rursus
673 3106 863 3162 eadem
917 3106 1138 3162 Domini
1181 3108 1356 3179 gloria
1402 3109 1628 3165 domum
1675 3111 2006 3181 impleverit,
2038 3142 2085 3205 ο

425 3197 822 3256 convenienter
863 3197 1029 3254 etiam
1077 3198 1182 3254 hac
1239 3198 1604 3258 aediﬁcatione
1655 3211 1914 3268 ostensa,
1956 3211 2013 3258 et

424 3289 693 3346 Dominus
745 3301 975 3361 apparet
1004 3297 1060 3346 et
1087 3292 1312 3362 propria
1332 3292 1507 3364 gloria
1542 3294 1733 3365 implet
1766 3293 2011 3360 domum,

427 3384 732 3439 ostendens
764 3381 884 3439 fore
918 3390 981 3438 ut
1007 3399 1118 3439 non
1149 3384 1330 3440 solum
1362 3385 1686 3450 aediﬁcetur,
1723 3388 1820 3443 sed
1845 3389 2013 3444 etiam

427 3474 614 3530 divina
663 3476 873 3530 virtute
911 3477 1275 3548 compleatur.
1325 3497 1344 3529 ‹
1378 3477 1446 3533 Et
1496 3480 1582 3534 vir
1641 3480 1797 3535 stetit
1844 3495 2017 3552 prope

420 3583 538 3622 me.
577 3585 596 3618 ι
631 3566 891 3624 Ostendit
925 3568 1183 3640 angelum
1218 3568 1398 3626 fuisse
1435 3571 1533 3641 qui
1588 3570 2014 3628 aediﬁcationem

429 3672 659 3713 mensus
723 3663 828 3724 est,
888 3665 943 3714 et
965 3657 1083 3714 haec
1129 3660 1420 3716 ostendit:
1457 3672 1514 3717 et
1577 3661 1879 3718 verisimile
1928 3671 2017 3720 est

422 3747 614 3818 ipsum
643 3757 898 3802 sanctum
928 3747 1250 3806 Michaelem
1275 3751 1472 3816 fuisse,
1509 3753 1601 3808 cui
1635 3753 1826 3824 populi
1875 3768 2012 3810 cura

422 3839 731 3897 commissa
759 3839 959 3896 fuerat.

501 4003 671 4063 Vitas.
707 4007 758 4064 7.
807 4008 871 4063 Et
911 4011 1050 4065 dixit
1069 4011 1138 4066 ad
1162 4030 1242 4068 me
1281 4014 1415 4085 (non
1457 4020 1706 4090 angelus,
1759 4021 1856 4076 sed
1907 4021 2015 4078 Do-

431 4097 637 4168 minus)
668 4117 682 4155 :
711 4100 939 4172 .1028
987 4102 1197 4171 Vidisti,
1225 4107 1307 4175 ﬁli
1333 4107 1579 4176 hominis,
1615 4111 1788 4168 locum
1837 4116 2012 4171 throni

430 4191 552 4256 mei,
585 4200 637 4246 et
678 4192 850 4246 locum
911 4196 1116 4266 vestigii
1170 4198 1360 4268 pedum
1410 4218 1666 4260 meorum.
1715 4207 1792 4261 Ita
1847 4209 2012 4264 etiam

429 4280 628 4338 beatus
675 4282 848 4339 David
909 4289 1215 4343 scabellum
1275 4289 1371 4347 Dei
1427 4293 1675 4352 divinum
1746 4301 2012 4370 templum

430 4371 703 4429 nominat.
741 4393 760 4428 ι
807 4374 1050 4432 Adorate
1083 4379 1229 4434 enim
1252 4422 1266 4447 ,
1301 4381 1518 4453 inquit,
1582 4388 1651 4442 ad
1703 4391 2009 4448 scabellum

2115 545 2213 600 ὅτε
2240 549 2714 620 εἰσεπορευόμην
2728 547 2835 602 τοῦ
2862 549 3067 616 χρίσαι
3094 547 3141 579 ³⁸
3161 544 3278 614 τὴν
3291 545 3495 596 πόλιν.
3523 540 3694 595 Πάλιν

2113 638 2393 694 κάνταῦθα
2426 642 2521 695 καὶ
2544 641 2694 712 παρὰ
2715 642 2792 714 τῷ
2807 641 2989 714 Σύρῳ,
3017 644 3115 694 καὶ
3137 637 3290 709 παρὰ
3317 633 3396 706 τῷ
3428 633 3688 706 Ἑϐραίῳ,

2113 726 2275 803 εὗρον
2295 747 2311 764 ο
2348 750 2368 784 ι
2404 731 2532 785 Ὅτε
2557 732 2812 802 εἰσῆλθον
2837 731 3105 786 ἀπολέσαι
3135 729 3233 800 τὴν
3262 727 3437 782 πόλιν.
3480 745 3498 778 ι
3532 725 3696 796 Δηλοῖ

2112 822 2170 875 δέ
2207 822 2308 892 τὴν
2335 822 2598 895 δευτέραν
2626 823 2920 888 ὀπτασίαν,
2959 823 3018 875 ἐν
3108 821 3406 885 ἐθεάσατο,
3441 817 3538 872 καὶ
3567 816 3696 880 τοὺς

2113 913 2544 984 ἐπιφερομένους
2573 913 2701 977 τοὺς
2734 914 3004 978 πελέκεις,
3035 912 3130 966 καὶ
3156 911 3255 983 τὴν
3283 910 3438 964 πόλιν
3467 911 3698 964 κόπτον-

2111 1022 2232 1069 τας,
2273 1008 2367 1060 καὶ
2390 1006 2484 1060 τὸν
2512 1007 2638 1069 τοὺς
2665 1005 2948 1077 ἄνθρακας
2973 1005 3111 1058 κατά
3138 1003 3322 1072 πάσης
3352 1005 3451 1073 τῆς
3485 1002 3698 1064 πόλεως

2112 1098 2578 1163 διασκεδάσαντα,
2625 1097 2715 1151 ὅτε
2749 1097 2846 1150 καὶ
2896 1096 2960 1149 τὸ
2998 1099 3226 1168 σημεῖον
3269 1090 3412 1148 εἶδεν
3446 1092 3696 1147 ἐπιτεθέν

2112 1188 2227 1251 τοῖς
2274 1188 2619 1252 στενάζουσιν
2674 1187 2769 1239 ἐπὶ
2816 1188 2940 1248 ταῖς
2983 1186 3078 1239 τοῦ
3124 1185 3256 1238 λαοῦ
3301 1183 3692 1255 παρανομίαις.

2114 1280 2226 1332 Καὶ
2257 1280 2404 1342 εἰκὸς
2427 1280 2556 1342 τοὺς
2608 1279 3016 1349 Ἐϐδομήκοντα
3055 1279 3121 1348 τῇ
3149 1275 3360 1346 διανοίᾳ
3396 1291 3699 1345 προσεσχη-

2114 1371 2280 1434 κότας
2309 1370 2515 1438 κρίσιν
2559 1370 2790 1424 καλέσαι
2813 1370 2911 1440 τὴν
2957 1369 3066 1422 τῶν
3099 1367 3369 1439 μετώπων
3396 1367 3696 1438 σημείωσιν

2113 1462 2222 1516 τῶν
2271 1462 2700 1530 ἀπαλλαγέντων
2749 1461 2848 1532 τῆς
2892 1460 3001 1515 τῶν
3044 1458 3355 1514 κοπτόντων
3398 1457 3694 1528 τιμωρίας.

2121 1575 2140 1606 ι
2173 1555 2286 1610 Καὶ
2307 1556 2340 1624 ἡ
2371 1555 2560 1628 ὅρασις
2591 1554 2648 1607 δέ
2676 1552 2771 1607 τοῦ
2796 1553 3042 1624 ἅρματος
3066 1553 3108 1584 ⁸⁷
3141 1551 3303 1622 ἐῴκει
3322 1553 3390 1622 τῇ
3415 1550 3604 1621 ὁράσει
3626 1549 3694 1614 ³³,

2113 1645 2180 1716 ἣν
2214 1641 2356 1698 εἶδον
2387 1645 2482 1698 ἐπὶ
2515 1645 2610 1698 τοῦ
2651 1642 2896 1714 ποταμοῦ
2925 1642 3020 1696 τοῦ
3043 1641 3086 1676 ³⁸
3128 1640 3335 1712 Χοὸἁρ.
3380 1659 3398 1692 ι
3439 1639 3614 1704 Εὐθὺς
3637 1639 3696 1693 δὲ

2117 1737 2474 1808 θεασάμενοςο

2189 1923 2480 1988 Ἔπεσον,
2531 1923 2716 1992 φησίν.
2754 1922 2865 1992 (δ’.)
2902 1922 2975 1978 Ἡ
3015 1921 3084 1975 δὲ
3121 1919 3227 1976 τοῦ
3281 1921 3502 1990 Κυρίου
3545 1919 3699 1986 δόξα

2113 2009 2402 2078 εἰσῆλθεν
2422 2011 2510 2075 εἰς
2533 2009 2638 2065 τὸν
2667 2007 2838 2065 οἷκον
2865 2012 3016 2064 κατὰ
3037 2012 3154 2080 τὴν
3173 2010 3319 2065 όδὸν
3348 2011 3458 2077 τῆς
3486 2011 3690 2078 πύλης

2114 2101 2227 2170 τῆς
2253 2102 2614 2171 ,βλεπούσης
2649 2102 2800 2158 κατὰ
2837 2103 3158 2170 ἀνατολάς.
3191 2104 3303 2156 Καὶ
3333 2103 3436 2157 οὐκ
3472 2103 3574 2174 ἔφη
3601 2103 3697 2156 τὸν

2114 2194 2327 2265 Κύριον
2379 2195 2828 2266 είσεληλυθέναι’
2893 2197 3272 2268 ἀπερίγραφός
3322 2198 3429 2267 γὰρ
3487 2198 3521 2267 ὴ
3577 2195 3698 2250 θεία

2115 2285 2278 2355 φύσις
2306 2301 2318 2315 ο
2355 2285 2494 2340 ἀλλὰ
2541 2286 2650 2342 τοῦ
2673 2288 2899 2357 Κυρίου
2927 2287 3043 2357 τὴν
3065 2287 3278 2355 δόξαν,
3316 2288 3562 2342 τουτέστι
3594 2286 3696 2358 τὴν

2112 2375 2373 2444 ὀφθεῖσαν
2401 2374 2652 2446 θεωρίαν.

2186 2473 2248 2530 ε’,
2283 2465 2357 2531 ς’.
2394 2464 2504 2521 Καὶ
2534 2465 2792 2521 ἀνέλαϐέ
2815 2485 2894 2538 με
2936 2467 3180 2538 Πνεῦμα
3204 2510 3219 2535 ,
3267 2467 3367 2522 καὶ
3414 2465 3700 2537 είσήγαγέ

2110 2575 2186 2628 με
2207 2561 2293 2625 εἰς
2323 2558 2438 2628 τὴν
2461 2558 2658 2628 αὐλὴν
2681 2559 2796 2627 τὴν
2827 2560 3149 2630 ἐσωτέραν,
3178 2560 3280 2615 καί
3306 2559 3436 2614 ἰδοὺ
3457 2559 3701 2630 πλήρης

2115 2650 2301 2718 δόξης
2356 2653 2390 2706 ὁ
2443 2647 2606 2714 οἶκος
2667 2652 2892 2721 Κυρίου
2919 2653 2983 2708 ⁸⁸.
3035 2652 3206 2709 Kal“
3246 2653 3438 2721 ἐστην
3467 2655 3535 2718 ",
3596 2652 3698 2706 καὶ

2117 2745 2247 2800 ἰδοὺ
2295 2745 2465 2814 φωνὴ
2519 2745 2590 2798 ἐκ
2631 2745 2740 2800 τοῦ
2794 2744 2966 2799 οἴκου
3012 2743 3353 2812 λαλοῦντος
3410 2745 3562 2813 πρός
3595 2758 3696 2814 με.

2128 2836 2348 2908 Ἐπειδὴ
2391 2835 2500 2907 γάρ
2559 2836 2654 2890 καὶ⁵
2710 2836 2876 2908 ἡνίκα
2944 2836 3044 2908 τὴν
3095 2835 3301 2908 σκηνὴν
3347 2836 3376 2888 ό
3429 2834 3701 2906 μακάριος

2115 2929 2286 3002 ἔπηξε
2313 2930 2546 3000 Μωσῆς,
2577 2931 2610 3000 ἡ
2637 2927 2766 2994 δόξα
2791 2928 3000 3000 Κυρίου
3034 2926 3356 2999 ἐπλήρωσεν
3376 2927 3568 2998 αὐτὴν,
3602 2926 3700 2980 καὶ

2115 3025 2206 3078 ὅτε
2239 3019 2492 3093 Σολομὼν
2531 3021 2628 3076 τοῦ
2671 3020 2778 3075 νεὼ
2805 3020 2905 3091 τὴν
2937 3019 3249 3090 οἰκοδομίαν
3289 3017 3701 3090 συμπληρώσας

2113 3113 2214 3185 τὴν
2239 3111 2350 3166 τῶν
2380 3111 2675 3181 ἐγκαινίων
2705 3111 3026 3166 ἐπετέλεσεν
3067 3109 3259 3184 ἐορτὴν
3279 3151 3293 3175 ,
3332 3109 3495 3163 πάλιν
3520 3108 3701 3162 ώσαύ-

2115 3222 2225 3268 τως
2256 3206 2292 3276 ἠ
2328 3203 2456 3268 δόξα
2484 3203 2694 3274 Κυρίου
2725 3202 3012 3273 ἐπλήρωσε
3049 3201 3143 3255 τὸν
3186 3199 3356 3265 οἷκον,
3380 3201 3699 3270 ἀναγκαίως

2119 3296 2213 3350 καὶ
2257 3297 2462 3367 ταύτης
2491 3295 2592 3364 τῆς
2629 3293 2942 3365 οἰκοδομίας
2973 3293 3282 3365 δειχθείσης
3303 3336 3318 3358 ,
3349 3295 3442 3348 καὶ
3478 3295 3701 3362 ἐπιφαί-

2116 3406 2270 3443 νεται
2303 3391 2332 3442 ὀ
2365 3388 2665 3458 Δεσπότης,
2695 3387 2788 3440 καὶ
2815 3387 2913 3458 τῆς
2961 3387 3168 3450 οἰκείας
3212 3387 3375 3457 δόξης
3418 3387 3508 3440 τὸν
3539 3381 3694 3442 οἷκον

2110 3479 2334 3554 -πληροῖ,
2365 3478 2600 3544 δεικνὺς,
2628 3479 2710 3532 ὅτι
2737 3477 2798 3530 οὐ
2828 3476 2988 3546 μόνον
3017 3477 3527 3548 οἰκοδομηθήσεται,
3561 3475 3701 3530 ἀλλά

2116 3573 2211 3630 καὶ
2271 3574 2370 3644 τῆς
2427 3572 2580 3636 θείας
2629 3570 2913 3642 ἐνεργείας
2970 3569 3416 3641 πληρωθήσεται.
3455 3588 3473 3620 ι
3522 3569 3634 3623 Καὶ
3669 3570 3698 3623 ό

2116 3667 2257 3738 ἀνὴρ
2303 3667 2546 3736 εἱστήκει
2579 3665 2838 3736 ἐχόμενος
2871 3661 3029 3733 ἐμοῦ.
3081 3681 3100 3713 ι
3139 3661 3381 3726 Ἐδειξεν
3428 3661 3504 3724 ώς
3534 3661 3699 3730 ἄγγε-

2116 3761 2209 3824 λος
2236 3754 2304 3830 ἦν
2335 3759 2364 3812 ὁ
2386 3760 2487 3829 τὴν
2516 3754 2831 3827 οἰκοδομίαν
2865 3755 3147 3826 μετρήσας
3176 3771 3236 3809 τε
3269 3754 3364 3808 καὶ
3389 3751 3698 3817 ὑποδείξας,

2118 3853 2212 3906 καὶ
2240 3851 2387 3914 είκδς
2408 3849 2498 3903 τὸν
2526 3848 2680 3918 ἅγιον
2710 3847 2875 3902 αὐτὸν
2907 3841 3049 3901 εῖναι
3079 3847 3304 3918 Μιχαήλ
3331 3863 3344 3875 ·
3382 3845 3547 3910 αὐτὸς
3587 3844 3701 3917 γὰρ

2115 3943 2216 4015 τὴν
2252 3940 2346 3996 τοῦ
2384 3939 2514 3994 λαοῦ
2545 3939 2872 4012 κηδεμονίαν
2910 3938 3310 4010 ἐγκεχείριστο.

2186 4033 2250 4101 ζ’.
2294 4034 2403 4090 Καὶ
2437 4027 2569 4087 εἷπε
2624 4032 2779 4096 πρός
2806 4046 2886 4099 με
2925 4029 3059 4100 (οὐγ
3111 4031 3140 4082 ό
3185 4029 3454 4099 ἄγγελος,
3500 4027 3616 4083 ἀλλ’
3669 4027 3704 4082 δ

2117 4126 2433 4198 Δεσπότης)
2463 4142 2478 4156 ο
2531 4111 2824 4193 Ἑώρακας
2852 4161 2870 4188 ,
2931 4123 3027 4178 υἱὲ
3085 4121 3403 4190 ἀνθρώπου
3423 4121 3491 4187 ⁸³,
3528 4121 3636 4174 τὸν
3655 4119 3704 4154 ⁸⁸

2115 4222 2303 4275 τόπον
2328 4217 2435 4272 τοῦ
2463 4217 2680 4284 θρόνου
2706 4232 2848 4285 μου,
2881 4214 2980 4269 καὶ
3010 4212 3120 4268 τὸν
3141 4213 3328 4268 τόπον
3363 4211 3470 4266 τοῦ
3489 4213 3704 4281 ἴχνους

2115 4310 2235 4366 τῶν
2265 4308 2467 4365 ποδῶν
2491 4326 2632 4378 μου.
2659 4305 2815 4360 Οὕτω
2841 4305 2938 4360 καὶ
2982 4305 3011 4358 ὁ
3047 4303 3321 4376 μακάριος
3359 4303 3523 4357 Δαϐὶδ
3567 4303 3702 4356 ὐπο-

2116 4403 2299 4458 πόδιον
2353 4398 2448 4454 τοῦ
2495 4397 2630 4452 Θεοῦ
2663 4397 2754 4452 τὸν
2781 4397 2924 4452 θετον
2971 4395 3226 4468 ὀνομάζει
3264 4394 3419 4450 νεών.
3466 4411 3485 4445 ι
3523 4394 3703 4465 Προσ-

429 4465 633 4536 pedum
689 4467 830 4538 ejus,
871 4473 1133 4539 quoniam
1184 4483 1416 4532 sanctus
1455 4479 1612 4534 esti.
1648 4500 1666 4532 ι
1718 4481 1786 4537 Ει
1832 4483 2007 4538 locum

2116 4496 2328 4550 κυνεῖτε
2360 4491 2492 4563 γὰρ,
2529 4490 2686 4561 φησὶ,
2721 4487 2800 4559 τῷ
2837 4465 3116 4556 ὑποποδίω
3153 4485 3261 4539 τῶν
3297 4483 3474 4540 ποδῶν
3507 4485 3699 4550 αὐτοῦ,

431 4560 610 4614 throni
640 4572 786 4615 nunc
819 4563 1139 4632 appellavit,
1190 4574 1454 4638 tanquam
1504 4572 1559 4626 in
1602 4589 1713 4644 quo
1749 4575 1866 4646 ipse
1930 4591 2008 4632 re-

429 4650 706 4719 quiescat.
757 4648 855 4707 His
911 4653 1141 4723 subiicit
1189 4674 1202 4709 :
1263 4677 1281 4709 ι
1325 4659 1428 4715 Ubi
1480 4661 1750 4720 habitabit
1808 4683 2008 4724 nomen

429 4757 610 4798 meum
653 4744 708 4796 in
745 4743 926 4800 medio
957 4745 1158 4802 domus
1187 4749 1406 4808 lsraelis
1439 4753 1496 4808 in
1521 4757 1807 4814 sasculum.
1837 4777 1855 4810 ι
1887 4758 2011 4816 Non

429 4832 588 4899 dixit,
617 4833 898 4903 habitavit,
933 4837 1029 4893 sed
1059 4838 1362 4898 habitabit:
1401 4845 1676 4902 habitabit
1707 4859 1890 4907 autem
1948 4854 2008 4909 in

429 4933 756 4996 perpetuum
787 4927 840 4981 in
869 4929 1056 4985 medio
1088 4940 1430 5000 sanctorum,
1471 4948 1528 4992 et
1547 4953 1738 4996 eorum
1763 4944 1858 5014 qui
1885 4960 2014 5001 vere

429 5015 596 5072 Israel
629 5018 995 5088 appellantur,
1027 5025 1238 5092 quioue
1282 5027 1474 5084 videre
1513 5030 1695 5101 ipsum
1745 5047 2006 5105 possunt,

507 5197 527 5236 ί
555 5192 704 5253 Psal.
737 5211 926 5262 xcvm,
967 5197 1024 5252 5.

2111 4589 2193 4642 ὅτι
2225 4585 2382 4654 and;
2407 4585 2575 4636 ἐστιν.
2627 4599 2645 4631 ι
2689 4578 2883 4634 Τόπον
2905 4578 2964 4631 δὲ
2997 4578 3216 4647 θρόνου
3255 4575 3444 4630 τοῦτον
3483 4575 3702 4644 ὠνόμα-

2114 4695 2226 4741 σεν,
2253 4677 2328 4739 ὡς
2360 4671 2844 4741 ἐπαναπαυόμενος
2876 4668 2963 4723 ἐπ’
2994 4667 3164 4740 αὐτῷ.
3200 4667 3426 4732 Τούτοις
3455 4667 3655 4736 ἐπάγει
3679 4681 3696 4697 ο

2123 4788 2142 4821 ι
2184 4761 2259 4822 Οὖ
2292 4761 2712 4834 κατασκηνώσει
2734 4761 2781 4793 ⁵⁸
2825 4760 2893 4813 to
2916 4759 3090 4830 όνομά
3138 4777 3239 4830 μου
3273 4761 3331 4814 ἐν
3364 4759 3515 4830 μέσῳ
3544 4758 3699 4811 οἴκου

2127 4855 2346 4928 Ἰσραὴλ
2381 4855 2460 4917 εἰς
2479 4853 2525 4885 ⁵⁸
2564 4851 2658 4905 τὸν
2691 4851 2885 4906 αίῶνα.
2928 4869 2947 4904 ›
2992 4850 3107 4904 Οὐκ
3149 4846 3291 4915 εἷπε,
3324 4847 3704 4916 κατεσκήνω-

2116 4963 2252 5013 σεν,
2292 4944 2429 4999 ἀλλά
2472 4941 2957 5012 κατασκηνώσει·
3013 4937 3430 5010 κατασκηνώσει
3465 4938 3522 4992 δέ
3551 4939 3633 5000 εις
3653 4937 3699 4968 ⁸⁷

2113 5037 2208 5094 τὸν
2233 5035 2406 5091 αἰῶνα
2437 5034 2610 5106 ἀγίων
2652 5036 2712 5090 ἐν
2745 5033 2916 5104 μέσῳ,
2959 5032 3053 5086 καὶ
3081 5030 3192 5086 τῶν
3226 5029 3443 5101 ἀληθῶς
3482 5027 3701 5100 Ἰσραὴλ

1675 5359 1910 5416 VARI/IS
1950 5362 2352 5422 LECTIONES.

497 5508 894 5593 3."XPid’a-t..ll:'l
949 5510 997 5561 oi
1027 5507 1194 5593 exn,
1213 5510 1317 5593 sed
1367 5511 1782 5593 contra_llel_tr.,
1820 5527 1879 5571 ut
1931 5533 1998 5593 ea
2058 5521 2642 5593 sgqttentibusrliquet.

2757 5523 2801 5595 f1
2823 5522 2937 5595 ,τοῦ
2977 5522 3244 5595 ἅρματος.
3273 5521 3399 5595 Des.
3435 5520 3492 5595 in
3523 5519 3699 5595 H_ebr,

429 5576 472 5676 ῖς
510 5573 671 5700 ipsis;
703 5582 767 5648 τῇ
795 5580 1005 5701 egeam.
1041 5580 1086 5632 Α
1119 5573 1189 5632 ob,
1213 5580 1340 5648 ἴδον,
1369 5583 1514 5664 κατά
1539 5584 1638 5654 τὴν
1675 5573 1884 5655 ὅρασιν.
1949 5573 2010 5620 7³⁸
2032 5573 2153 5645 “toﬁ:
2175 5573 2558 5648 ῠέξζῖιῖᾸἘῐ
2675 5592 2720 5625 ’⁸ο
2746 5593 2792 5645 Α
2815 5573 3399 5665 δόξῆςῖξῧῇιὲὶῖἓπίἦρ
3418 5573 3499 5656 ⁷δ
3524 5573 3697 5653 die;

563 5649 618 5701 at
641 5679 710 5690 -
737 5663 814 5714 πρ
847 5667 873 5713 ς
907 5665 994 5714 με.
1033 5649 1196 5704 llebr.
1227 5659 1281 5705 et
1310 5653 1493 5707 audm
1534 5655 1846 5714 loquentem
1880 5673 2099 5714 mecum
2136 5677 2167 5714 e
2197 5661 2364 5714 domo
2417 5663 2542 5714 ista.
2618 5665 2664 5694 “
2702 5665 2745 5714 Α
2785 5665 2936 5714 ἔστη.
3015 5664 3060 5695 ⁸³
3099 5665 3178 5714 υἱὲ
3205 5609 3522 5714 ὰνϐοἶίλεε.
3546 5663 3602 5714 ἱη
3629 5665 3696 5713 A.

3310 5681 3360 5733 ρ.

428 5648 468 5718 f‘
511 5649 618 5701 Καὶ
641 5679 710 5690 -
737 5648 873 5718 πρός

431 5716 474 5748 ιδ
508 5719 600 5772 τὸν
634 5749 702 5759 __.
727 5716 848 5790 μου.
888 5716 928 5771 Β
952 5721 1041 5774 τὸν
1073 5719 1264 5785 θρόνον
1294 5739 1416 5794 μου.

907 5665 994 5723 με.
1033 5649 1196 5723 Hebr.
1227 5659 1281 5705 et
1310 5653 1493 5707 audivi
1534 5649 1846 5723 loquentem
1880 5673 2099 5714 mecum
2136 5677 2167 5716 e
2197 5661 2364 5717 domo
2417 5663 2542 5718 ista.

2618 5665 2664 5694 “
2702 5665 2745 5715 Α
2777 5665 2936 5734 έστη.
3015 5664 3063 5734 ⁸ξ
3090 5662 3360 5734 ὐίὲγάνθρ.
3391 5662 3522 5734 Des.
3546 5663 3602 5734 in
3629 5665 3696 5734 ξ.

1513 5723 1558 5756 ⁴⁸
1597 5721 1640 5778 Ᾱ
1667 5726 1724 5779 ἐν
1754 5721 1834 5790 οἷς
1865 5729 2289 5803 κατασκηνώση.
2364 5732 2411 5765 ⁸⁸
2450 5735 2548 5795 εἰς.
2586 5731 2712 5789 Des.
2773 5733 2827 5789 in
2871 5721 2916 5788 A'
2953 5742 3006 5788 ct
3036 5733 3095 5787 Β.
3175 5733 3217 5765 ⁸⁷
3258 5721 3358 5799 εἰς.
3389 5732 3511 5789 Des.
3547 5731 3600 5787 in
3636 5729 3698 5783 Β.
