4070 6412
367 421 507 486 1229

1495 425 1574 484 IN
1612 421 2060 483 EZECHIELIS
2097 422 2255 488 CAP.
2283 423 2498 484 XLIII.

3479 425 3613 490 1230

361 531 824 604 ὀνομαζομένων,
875 534 972 588 καὶ
1019 533 1152 605 όρᾷν
1185 531 1347 586 αὑτὸν
1364 531 1408 563 ⁸⁸
1458 531 1804 603 δυναμένων,
1860 531 1937 594 ὼς

2045 538 2320 600 quatenus
2349 529 2562 585 homini
2601 529 2790 585 videre
2827 532 2974 596 licet,
3026 547 3134 587 non
3159 548 3214 587 In
3271 532 3466 603 ﬁgura,
3519 535 3616 589 sed

365 623 496 676 ίδείν
525 623 797 694 ἀνθρώπῳ
823 623 1076 678 δυνατόν·
1107 624 1209 677 οὐκ
1234 625 1291 677 ἐν
1317 623 1394 694 τῷ
1418 622 1596 695 τύπῳ,
1630 624 1743 677 ἀλλ’
1774 625 1832 676 ἐν
1870 625 1938 695 τῇ

362 715 616 786 ἀληθείᾳ.
671 714 854 780 Τύπος
906 716 964 768 δὲ
1027 713 1096 788 ἦν
1157 716 1267 769 τῶν
1335 715 1680 785 ἐπουρανίων
1731 717 1935 768 ἐκεῖνα,

369 826 388 858 ι
423 808 566 876 Ὅρα
605 807 734 877 γάρ,
787 809 944 878 φησὶ,
982 807 1217 880 ποιήσῃς
1257 807 1433 860 πάντα
1480 808 1620 861 κατὰ
1646 808 1734 861 τὸν
1767 808 1939 860 τύπον

361 896 455 949 τὸν
482 897 762 967 δειχθέντα
801 915 883 950 σοι
927 899 986 950 ἐν
1014 896 1091 967 τῷ
1133 897 1270 967 ὄρει.
1313 916 1331 947 ι
1379 896 1641 966 Ἀψευδὴς
1686 897 1866 949 τοίνυν
1905 897 1938 966 ἡ

361 986 660 1056 ὑπόσχεσις
691 1003 706 1017 ⁸
763 988 859 1039 καὶ
905 987 1014 1056 γὰρ
1069 989 1098 1040 6
1143 988 1422 1054 Δεσπότης
1467 986 1701 1057 Χριστὸς
1735 987 1940 1056 ταύτην

363 1077 604 1146 βεϐαιῶν
633 1077 770 1147 πρὸς
815 1077 942 1141 τοὺς
979 1079 1160 1150 ἱεροὺς
1189 1077 1522 1140 ἀποστόλους
1551 1077 1659 1147 ἔφη
1689 1094 1702 1108 ο
1743 1096 1761 1128 ι
1801 1077 1940 1130 Πολ-

360 1167 456 1220 λαὶ
487 1169 647 1238 μοναὶ
672 1167 824 1238 παρά
853 1167 929 1237 τῷ
963 1168 1138 1240 Πατρί
1173 1186 1274 1238 μου
1307 1184 1322 1200 ’
1364 1169 1496 1222 είδέ
1527 1171 1602 1239 μή
1635 1185 1721 1237 γε,
1755 1168 1940 1237 ἔλεγον

361 1260 446 1311 ὅτι
479 1259 818 1329 πορεύσομαι
843 1299 857 1324 ,
887 1259 983 1312 καὶ
1012 1259 1287 1328 ἑτοιμάσω
1318 1259 1482 1312 τόπον
1517 1260 1644 1330 ὑμῖν
1671 1277 1684 1291 ·
1717 1259 1877 1314 πάλιν
1896 1260 1939 1293 ⁸⁸

361 1349 696 1418 ἐλεύσομαι,
737 1349 832 1402 καὶ
877 1348 1265 1420 παραλήψομαι
1302 1345 1444 1420 ὑμᾶς
1496 1349 1631 1419 πρὸς
1681 1348 1938 1418 ἐμαυτὸν,

363 1441 454 1493 ἵνα
497 1440 630 1492 ὅπου
664 1440 781 1508 είμὶ
827 1438 959 1507 ἐγὼ,
997 1440 1089 1492 καὶ
1121 1441 1275 1510 ὑμεῖς
1314 1435 1433 1510 ἦτε.
1474 1457 1493 1490 ι
1538 1439 1626 1492 Ἑν
1670 1438 1750 1508 τῷ
1787 1438 1942 1509 τύπῳ

361 1533 547 1586 τοίνυν
608 1532 734 1586 οὔτε
780 1534 1195 1600 κατεσκήνωσεν
1221 1573 1236 1598 ,
1300 1533 1425 1587 οὔτε
1467 1531 1877 1604 κατασκηνώσει
1914 1532 1944 1584 6

361 1626 500 1690 Θεὸς
545 1627 625 1689 είς
691 1626 782 1679 τὸν
831 1626 1039 1679 αἰῶνα·
1111 1626 1521 1697 κατεψηφίσατο
1575 1625 1686 1697 γὰρ
1741 1624 1941 1689 αὐτῶν,

360 1714 570 1783 λέγων’
627 1734 644 1766 ι
695 1715 823 1768 Ἰδοὺ
881 1717 1099 1784 ἀφίεται
1155 1718 1184 1768 6
1241 1712 1390 1779 οἶκος
1449 1715 1602 1786 ὑμῶν
1657 1714 1880 1785 ἕρημος.
1919 1732 1938 1765 ι

363 1807 642 1876 Προσήκει
673 1806 852 1861 τοίνυν
883 1807 992 1860 ἀπὸ
1030 1807 1136 1876 τῶν
1169 1805 1354 1860 τύπων
1407 1807 1500 1859 ἐπὶ
1543 1805 1639 1875 τὴν
1686 1803 1943 1875 ἀλήθειαν

2040 635 2247 676 revera.
2269 619 2363 674 llla
2384 635 2510 675 vero
2533 635 2700 691 supra
2719 622 3028 677 ccelestium
3047 633 3207 678 erant
3229 624 3422 695 ﬁgura.
3450 626 3619 682 «Vide

2038 711 2183 764 enim
2203 710 2473 775 utl'acias,
2508 714 2704 780 inquit,
2744 713 2932 766 omnia
2963 715 3269 768 secundum
3308 720 3615 788 exemplar,

2039 800 2188 868 quod
2221 801 2322 856 tibi
2351 811 2717 858 monstratum
2749 812 2839 858 est
2886 804 2941 858 in
2985 813 3171 859 monte
3192 809 3238 859 ⁸.
3285 827 3302 858 ι
3346 807 3618 864 Mendacii

2042 892 2211 962 igitur
2233 907 2432 963 expers
2453 901 2535 948 est
2577 895 2910 962 promissio:
2945 910 3111 965 quam
3149 898 3414 952 Dominus
3449 901 3618 954 Chri-

2041 990 2162 1038 stus
2203 985 2381 1040 sacris
2434 985 2700 1054 apostolis
2759 985 3115 1052 conﬁrmans,
3163 988 3305 1041 dixit
3341 1009 3354 1044 :
3389 1006 3412 1042 ι
3441 989 3622 1045 Multa:

2042 1085 2173 1131 sunt
2209 1078 2530 1132 mansiones
2574 1076 2719 1147 apud
2750 1078 2967 1133 Patrem
3014 1094 3234 1145 meum;
3271 1081 3358 1136 sin
3410 1082 3616 1148 minus,

2043 1166 2309 1223 dixissem
2333 1168 2491 1224 vobis
2519 1186 2534 1223 :
2561 1167 2656 1222 Ibo
2703 1176 2759 1223 et
2801 1169 3008 1238 parabo
3037 1169 3194 1225 vobis
3251 1171 3470 1237 locum;
3514 1174 3620 1228 ite-

2043 1275 2165 1314 rum
2196 1261 2436 1325 veniam,
2463 1269 2517 1316 et
2544 1261 2803 1331 recipiam
2845 1275 2944 1316 vos
2995 1262 3060 1316 ad
3096 1277 3202 1326 me,
3248 1272 3307 1317 ut
3350 1264 3442 1319 ubi
3498 1280 3620 1320 sum

2043 1367 2163 1422 ego,
2197 1360 2251 1406 et
2275 1366 2373 1408 vos
2394 1357 2411 1374 ‘
2439 1353 2562 1409 sitis
2585 1354 2636 1407 ιι.
2676 1372 2695 1402 ι
2725 1352 2783 1406 ln
2817 1352 2992 1424 ﬁgura
3024 1352 3192 1425 igitur
3243 1368 3354 1408 non
3409 1355 3624 1411 habita-

2043 1443 2142 1510 vit,
2166 1458 2343 1513 neque
2369 1443 2642 1500 habitabit
2665 1443 2812 1500 Deus
2852 1444 2909 1499 in
2951 1453 3276 1514 perpetuum
3311 1465 3324 1501 :
3357 1448 3623 1502 condem-

2044 1534 2198 1589 navit
2223 1534 2372 1590 enim
2414 1535 2592 1605 ipsos,
2630 1533 2825 1591 dicens
2859 1558 2872 1589 :
2917 1553 2936 1586 ‹
2978 1535 3124 1591 Ecce
3163 1537 3496 1606 relinquitur
3527 1538 3626 1594 do-

2047 1641 2170 1681 mus
2199 1634 2381 1681 vestra
2419 1624 2638 1680 deserta
2664 1628 2706 1680 ί.
2742 1645 2760 1677 ι
2806 1625 3040 1696 Oportet
3064 1627 3234 1696 igitur
3265 1643 3294 1680 a
3329 1629 3626 1698 ﬁgurissad

2045 1716 2333 1770 veritatem
2406 1715 2741 1780 ascendere,
2792 1725 2845 1769 et
2883 1715 3035 1768 illam
3082 1714 3180 1768 Dei
3226 1715 3627 1774 habitationem

2048 1814 2388 1876 exspectare.
2425 1806 2491 1860 Et
2518 1822 2641 1876 qua:
2676 1816 3007 1877 sequuntur,
3034 1807 3201 1862 modo
3241 1807 3402 1862 dictae.
3455 1808 3630 1864 inter-

361 1899 699 1967 ἀναϐαίνειν,
731 1899 993 1970 κάκείνην
1019 1900 1312 1970 ἀναμένειν
1343 1898 1437 1952 τοῦ
1477 1897 1614 1952 Θεοῦ
1645 1897 1742 1969 τὴν
1769 1913 1943 1950 κατα-

2049 1899 2346 1969 pretationi
2391 1898 2767 1954 consentiunt.
2835 1917 2852 1949 ‹
2917 1897 2984 1953 Et
3054 1912 3164 1953 non
3229 1898 3624 1968 profanabunt,

363 1992 660 2061 σκήνωσιν.
702 1992 810 2044 Καὶ
846 1992 915 2045 τὰ
943 1993 1259 2062 ὲπαγόμενα
1304 1993 1371 2063 τῇ
1426 1989 1787 2061 προλεχθείσῃ
1820 2006 1944 2042 συν-

359 2080 620 2149 ομολογεῖ
661 2080 950 2151 ἑρμηνείᾳ.
989 2100 1006 2132 ι
1048 2081 1161 2134 Kal
1208 2081 1269 2133 οὐ
1320 2080 1721 2151 βεϐηλώσουσι,
1755 2080 1942 2149 φησὶν,

360 2172 550 2225 οὐκέτι
582 2175 610 2225 ὁ
644 2169 788 2236 οἶκος
829 2173 1044 2244 Ἰσραὴλ
1071 2173 1133 2226 τὸ
1165 2174 1337 2244 ὄνομά
1366 2191 1468 2243 μου
1496 2172 1556 2224 τὸ
1581 2171 1754 2241 ἅγιον,
1789 2171 1946 2223 αὐτοὶ

362 2265 462 2316 καὶ
492 2266 539 2316 οἱ
593 2263 886 2335 ἡγούμενοι
904 2266 950 2295 ⁵⁰
991 2265 1208 2328 αὐτῶν,
1257 2267 1319 2318 ἐν
1362 2268 1430 2335 τῇ
1467 2265 1693 2336 πορνείᾳ
1741 2263 1941 2326 αὐτῶν,

364 2359 462 2411 καὶ
486 2359 545 2409 ἐν
571 2359 682 2421 τοῖς
707 2356 1121 2429 παραπτώμασι
1139 2360 1181 2390 ⁸⁸
1213 2358 1323 2412 τῶν
1353 2358 1673 2428 ἡγουμένων
1702 2355 1880 2409 αὐτῶν
1897 2356 1943 2391 ⁸·

362 2451 423 2503 ἐν
465 2451 615 2521 μέσῳ
657 2451 840 2504 αὐτῶν
862 2450 928 2505 ⁵³.
979 2470 998 2503 ›
1039 2451 1210 2505 Τοῦτο
1261 2452 1318 2505 δὲ
1367 2452 1422 2503 ετ
1467 2467 1550 2513 τις
1600 2449 1729 2519 περὶ
1749 2448 1792 2479 ⁵⁸
1848 2446 1942 2501 τοῦ

373 2542 594 2613 Ἰσραὴλ
627 2542 812 2606 ἁπλῶς
852 2542 1026 2605 λάϐοι,
1064 2543 1258 2612 ψευδὲς
1298 2543 1522 2612 εὑρήσει
1546 2558 1559 2572 ο
1597 2540 1798 2609 πολλὴν
1835 2537 1944 2610 γὰρ

359 2632 547 2686 αὐτῶν
578 2634 670 2687 καὶ
695 2632 835 2703 μετά
856 2634 953 2705 τὴν
979 2634 1235 2687 ἐπάνοδον
1260 2632 1514 2686 ἀσέϐειαν
1535 2632 1629 2686 καὶ
1651 2633 1680 2684 6
1710 2630 1945 2700 Ἔσδρας

362 2729 688 2796 κατηγορεῖ,
725 2725 819 2779 καὶ¹
853 2726 962 2778 τῶν
989 2724 1368 2779 Μακκαϐαίων
1395 2727 1428 2795 ἡ
1466 2723 1708 2794 ἱστορία·
1757 2722 1854 2775 καὶ
1879 2721 1942 2772 ού

361 2816 530 2885 μόνον
551 2817 657 2870 τῶν
685 2816 861 2870 ἄλλων
904 2815 1280 2888 Ἰσραηλιτῶν,
1304 2815 1442 2868 ἀλλὰ
1471 2814 1564 2869 καὶ
1594 2815 1704 2867 τῶν
1750 2814 1942 2883 ἱερέων

361 2909 458 2959 καὶ
486 2907 596 2959 τῶν
621 2907 942 2979 ἀρχιερέων.
992 2907 1056 2960 Ἦ
1082 2907 1139 2959 δὲ
1169 2907 1310 2960 κατά
1350 2907 1445 2960 τοῦ
1477 2906 1749 2959 Δεσπότου
1779 2905 1946 2958 λύττα

360 2995 527 3048 ποίαν
574 2997 832 3060 ἀσεϐείας
875 2996 1182 3067 ὑπερϐολὴν
1211 2995 1570 3060 καταλείπει;
1616 2994 1748 3048 Οὐδὲ
1778 2993 1946 3046 ταῦτα

358 3088 545 3142 τοίνυν
576 3089 760 3153 ἁπλῶς
793 3089 871 3158 τῷ
899 3088 1113 3159 Ἰσραὴλ
1159 3087 1440 3158 ἁρμόττει,
1479 3085 1616 3140 ἀλλά
1639 3087 1753 3148 τοῖς
1784 3086 1948 3138 καθα-

2041 1987 2245 2058 inquit,
2282 1987 2516 2058 amplius
2547 1987 2645 2056 qui
2682 1995 2812 2041 sunt
2844 1987 2914 2042 de
2945 1987 3112 2042 domo
3143 1987 3386 2052 lsraelis,
3423 2003 3628 2044 nomen

2043 2096 2223 2136 meum
2258 2087 2534 2148 sanctum,
2561 2080 2668 2149 ipsi
2702 2087 2758 2135 et
2789 2079 2962 2135 duces
3007 2080 3222 2150 1029
3247 2080 3520 2152 ipsorum,
3570 2081 3630 2135 in

2044 2172 2411 2228 fornicatione
2464 2188 2588 2238 sua,
2619 2179 2675 2224 et
2715 2173 2768 2226 in
2831 2171 3011 2228 ruinis
3062 2173 3266 2228 ducum
3301 2188 3528 2230 suorum
3571 2175 3630 2228 in

2043 2265 2224 2320 medio
2269 2279 2486 2320 eorum.
2523 2282 2542 2316 ι
2579 2263 2696 2318 Hoc
2729 2271 2912 2320 autem
2962 2266 3008 2320 si
3070 2267 3198 2338 quis
3255 2265 3322 2321 de
3361 2267 3630 2322 lsraelitis

2051 2355 2378 2426 simpliciter
2405 2356 2665 2425 accipiat,
2693 2355 2891 2411 falsum
2927 2357 3254 2427 comperiet,
3279 2364 3468 2427 utpote
3487 2371 3628 2428 quos
3721 2379 3724 2382 ’

2050 2447 2217 2502 etiam
2252 2454 2381 2517 post
2426 2447 2663 2503 reditum
2715 2449 2902 2503 multae
2955 2449 3255 2519 impietatis
3311 2458 3368 2505 et
3427 2447 3629 2504 Esdras

2052 2543 2299 2600 accusat,
2334 2546 2388 2591 ct
2428 2535 2866 2592 Machabseorum
2914 2537 3170 2604 historia,
3207 2546 3262 2594 et
3304 2555 3415 2594 non
3448 2540 3630 2596 solum

2052 2629 2192 2684 alios
2217 2628 2522 2692 lsraelitas,
2553 2630 2648 2685 sed
2679 2631 2849 2685 etiam
2886 2631 3206 2687 sacerdotes
3259 2639 3315 2687 et
3347 2632 3629 2702 principes

2052 2721 2424 2778 sacerdotum.
2461 2720 2661 2779 Rabies
2685 2737 2816 2778 vero
2853 2737 3046 2778 contra
3073 2725 3364 2780 Dominum
3405 2725 3628 2780 cuinam

2043 2813 2340 2884 impietatis
2354 2816 2759 2885 exsuperantiae
2781 2815 2963 2870 locum
2987 2816 3285 2886 relinquit?
3310 2816 3496 2887 Neque
3513 2816 3630 2870 ha‘c

2045 2903 2233 2960 lsraeli
2284 2913 2498 2959 tantum
2559 2905 2947 2963 conveniunt.
2986 2921 3082 2962 seu
3121 2907 3192 2963 iis
3235 2923 3478 2978 quoque,
3531 2909 3629 2978 qui

2044 3009 2179 3064 pura
2214 2996 2414 3051 mentis
2463 2997 2581 3051 acie
2627 2997 2841 3067 praediti
2891 3005 3044 3063 sunt,
3087 3012 3152 3052 ac
3202 2999 3390 3053 videre
3454 2996 3631 3052 Deum

2045 3097 2301 3156 possunt,
2335 3087 2542 3156 quique
2567 3087 2910 3157 spiritualem
2943 3089 3156 3143 cultum
3193 3091 3624 3160 amplectuntur.

363 3181 461 3249 ρὸν
519 3181 701 3250 ἔχουσι
753 3182 855 3251 τῆς
900 3181 1140 3244 διανοίας
1180 3180 1244 3234 τδ
1297 3181 1491 3252 ὄμμα,
1550 3181 1644 3232 καὶ
1691 3180 1824 3250 όρᾷν
1870 3179 1960 3234 τὸν
2007 3178 2141 3234 Θεὸν
2185 3179 2544 3252 δυναμένοις,
2605 3181 2700 3236 καὶ
2769 3181 2870 3253 τὴν
2933 3183 3315 3254 πνευματικήν
3374 3182 3636 3254 λατρείαν

359 3275 784 3346 ἀσπαζομένοις.

434 3373 506 3438 η’.
547 3369 644 3420 Ἐν
689 3367 770 3432 τῷ
812 3367 1032 3422 τιθέναι
1081 3367 1305 3433 αὐτοὺς
1345 3368 1416 3436 τρ
1449 3366 1750 3436 πρόθυρόν
1802 3384 1940 3436 μου,

2118 3357 2285 3415 Vens.
2319 3359 2372 3413 8.
2406 3356 2540 3414 Cum
2568 3365 2819 3427 ponerent
2848 3357 2947 3426 ipsi
2979 3359 3291 3414 vestibulum
3320 3378 3513 3431 meum,
3552 3366 3634 3421 in-

360 3460 552 3529 φησὶν,
577 3460 647 3512 ἐν
689 3458 811 3525 τοῖς
848 3460 1167 3527 προθύροις
1209 3458 1428 3523 αὐτῶν,
1462 3459 1563 3514 καὶ
1610 3459 1716 3524 τὰς
1762 3457 1948 3527 φλιάς

358 3563 480 3616 μου
505 3551 796 3622 ἐχομένας
823 3550 943 3606 τῶν
972 3545 1170 3620 φλιῶν
1209 3550 1427 3618 αὐτῶν,
1458 3551 1556 3604 καὶ
1588 3551 1820 3605 ἔδωκαν
1842 3551 1950 3604 τὸν

360 3642 573 3712 τοῖχόν
610 3661 752 3714 μου,
794 3645 874 3708 ὡς
927 3645 1342 3713 συνεχόμενον
1379 3639 1526 3711 ἐμοῦ
1574 3642 1672 3696 καὶ
1727 3641 1944 3709 αὐτῶν,

361 3735 469 3790 καὶ
505 3735 891 3805 ὲϐεϐήλωσαν
925 3735 988 3790 τὸ
1018 3734 1206 3805 ὄνομά
1229 3736 1406 3804 μου⁸³
1427 3735 1494 3788 τὸ
1536 3734 1706 3805 ἅγιον
1730 3735 1800 3788 ἐν
1819 3733 1948 3799 ταῖς

361 3828 643 3897 drop/au;
668 3829 887 3894 αὐτῶν,
909 3828 983 3894 ἂς
995 3830 1041 3862 ⁸⁸
1063 3828 1331 3882 ἐποίουν.
1348 3829 1444 3882 Διὰ
1462 3829 1676 3883 πάντων
1705 3827 1947 3882 διδάσκει

358 3917 443 3985 ὡς
473 3921 597 3974 οὑδέ
635 3923 820 3985 αὐτοῖς
855 3923 997 3993 ἱερὸς
1016 3922 1062 3953 ⁸⁷
1095 3921 1189 3975 καὶ
1221 3923 1249 3974 6
1297 3919 1439 3983 Θεῖος
1479 3919 1612 3983 νεὼς
1641 3917 1942 3990 ἐνομίζετο,

361 4014 442 4076 ὡς
463 4013 641 4066 πάντα
669 4014 728 4066 ἐν
752 4014 946 4085 ἐκείνῳ
970 4015 1122 4086 δρᾷν,
1141 4014 1178 4068 ἀ
1206 4014 1262 4066 ἐν
1275 4013 1322 4046 ⁵⁸
1336 4015 1456 4076 ταῖς
1488 4013 1689 4074 οἰκίαις
1705 4010 1941 4065 ἐποίουν.

361 4099 444 4158 υῦ
481 4105 644 4174 χάριν
675 4104 809 4175 φησί
843 4122 857 4136 ο
908 4124 926 4155 ι
951 4105 1059 4158 Kal.
1114 4103 1436 4158 συνετέλεσα
1459 4105 1508 4135 ⁵⁵
1540 4103 1740 4164 αὐτοὺς
1779 4103 1838 4154 ἐν
1867 4099 1948 4170 τῷ

361 4194 524 4266 θυμῷ
563 4213 666 4267 μου
690 4236 705 4260 ,
740 4197 834 4249 καὶ
869 4199 926 4251 ἐν
962 4196 1108 4266 φόνῳ
1142 4195 1208 4250 ⁸ο.
1257 4213 1278 4246 ι
1316 4193 1481 4258 Δίκας
1522 4193 1749 4257 αὐτοὺς,
1773 4191 1945 4260 φησὶ,

358 4288 467 4358 τῆς
497 4287 842 4359 παρανομίας
867 4286 1214 4358 ἐπραξάμην,
1244 4287 1339 4340 καὶ
1362 4287 1541 4357 σφαγῇ
1581 4285 1778 4348 αὐτοὺς
1807 4300 1948 4354 παρ-

360 4376 570 4432 έδωκα.
619 4375 752 4433 Εἶτα
794 4381 1048 4450 παραινεῖ
1091 4378 1414 4433 καταλιπεῖν
1453 4377 1650 4440 αὐτοὺς
1681 4377 1782 4448 τὴν
1815 4393 1949 4447 προ-

2047 3450 2187 3522 quit,
2211 3449 2267 3503 in
2290 3448 2558 3503 vestibulis
2592 3449 2726 3512 suis,
2760 3456 2809 3500 et
2854 3457 3027 3516 postes
3061 3464 3201 3503 meos
3237 3449 3400 3518 juxta
3456 3463 3629 3519 postes

2048 3560 2211 3608 suos;
2244 3552 2293 3596 et
2331 3541 2589 3596 dederunt
2623 3541 2880 3610 parietem
2921 3557 3092 3595 meum
3138 3544 3291 3612 quasi
3339 3560 3630 3600 connexum

2048 3638 2185 3690 inter
2206 3652 2261 3690 se
2286 3644 2335 3690 et
2367 3651 2467 3699 me,
2495 3643 2543 3689 et
2565 3635 2924 3703 profanarum
2959 3650 3146 3688 nomen
3184 3651 3356 3688 nteant
3387 3647 3632 3692 sanctum

2045 3712 2416 3796 iniquitatibus
2468 3728 2602 3791 suis,
2660 3742 2794 3796 quas
2852 3725 3144 3794 faciebant.
3209 3723 3307 3782 His
3371 3731 3633 3788 omnibus

2048 3818 2210 3873 docet
2254 3833 2323 3874 ne
2350 3817 2488 3888 ipsis
2523 3816 2742 3887 quidem
2791 3830 3012 3872 sacrum
3044 3826 3099 3872 et
3150 3817 3396 3872 divinum
3453 3821 3631 3877 visum

2049 3907 2222 3965 fuisse
2253 3910 2548 3978 templum,
2586 3908 2660 3962 ita
2690 3916 2750 3962 ut
2779 3908 2965 3962 omnia
2997 3907 3053 3961 in
3086 3922 3153 3961 eo
3198 3911 3462 3974 facerent,
3508 3929 3635 3982 quae

2047 3999 2193 4055 domi
2221 3999 2404 4055 facere
2433 4006 2866 4054 consueverunt.
2900 3997 3106 4066 Quare,
3156 4017 3175 4048 ι
3217 3998 3284 4052 Et
3313 4003 3633 4071 consumpsi

2046 4107 2164 4157 eos,
2193 4090 2394 4160 inquit,
2420 4090 2476 4143 in
2508 4090 2589 4144 ira
2614 4103 2754 4153 mea,
2783 4097 2840 4144 et
2865 4089 2919 4142 in
2947 4089 3114 4144 caede.
3137 4107 3155 4141 ι
3177 4087 3396 4154 Poenas,
3427 4091 3630 4161 inquit,

2049 4183 2319 4239 scelerum
2351 4181 2420 4235 ab
2455 4180 2593 4250 ipsis
2623 4180 2800 4250 exegi,
2832 4195 3042 4249 eosque
3072 4180 3276 4235 occidi.
3311 4181 3388 4252 [9’]
3423 4181 3634 4240 Deinde

2050 4275 2333 4341 admonet,
2367 4281 2424 4328 ut
2451 4274 2556 4345 ipsi
2593 4272 2786 4328 relicta
2831 4273 3066 4342 pristina
3096 4272 3184 4325 via
3237 4272 3305 4326 ab
3354 4273 3634 4342 impietate

2049 4367 2332 4430 deﬁciant,
2361 4373 2417 4420 et
2455 4365 2594 4434 ipsr,
2638 4364 2890 4433 inquam,
2916 4370 2972 4418 et
3014 4363 3186 4418 duces
3241 4364 3486 4434 ipsorum
3520 4382 3534 4419 :
3567 4379 3634 4420 ac

358 4471 532 4542 τέραν
562 4470 702 4538 ὁδὸν,
735 4471 834 4525 καὶ
868 4471 966 4541 τῆς
995 4469 1250 4534 ἀσεϐείας
1289 4468 1691 4541 ἀπαλλαγῆναι,
1728 4467 1822 4522 καὶ
1851 4466 1943 4519 αὑ-

2050 4459 2367 4530 pollicetur,
2395 4457 2441 4513 si
2472 4457 2587 4512 haec
2625 4455 2792 4519 ﬁant,
2829 4469 2890 4510 se
2938 4455 2996 4509 in
3044 4453 3230 4510 medio
3286 4454 3532 4523 ipsorum
3573 4456 3634 4510 in

358 4565 514 4630 τοὺς,
543 4563 639 4618 καὶ
670 4564 798 4627 τοὺς
826 4563 1163 4634 ἡγουμένους
1207 4563 1387 4616 αὐτῶν
1408 4579 1422 4594 ο
1461 4565 1554 4616 καὶ
1586 4563 1943 4631 ὑπισχνεῖται,

2050 4558 2373 4621 perpetuum
2392 4548 2765 4603 habitaturum
2785 4561 2930 4602 esse.
2961 4544 3026 4599 Et
3059 4547 3175 4601 haec
3203 4546 3474 4617 promissa
3495 4561 3601 4602 con
3623 4581 3638 4590 -

359 4656 572 4709 τούτων
603 4655 966 4725 γιγνομένων,
1024 4651 1400 4724 κατασκηνοῦν
1455 4652 1514 4708 ἐν
1568 4652 1718 4723 μέσῳ
1767 4649 1943 4703 αὐτῶν

2052 4642 2230 4699 secuti
2259 4647 2467 4704 essent,
2521 4639 2734 4710 1030
2780 4638 2829 4693 si
2863 4636 3174 4702 Dominum,
3222 4639 3316 4708 qui
3369 4637 3436 4692 ad
3479 4638 3632 4709 ipsos

361 4747 448 4808 εις
471 4745 514 4776 ⁸⁸
545 4720 637 4798 τὸν
665 4720 858 4798 αίῶνα.
894 4720 1002 4797 Kal.
1032 4743 1222 4814 ἔτυχον
1250 4720 1316 4797 ἀν
1359 4742 1468 4798 τῶν
1501 4720 1868 4812 ὑποσχέσεων,
1899 4740 1943 4792 εί

2057 4734 2224 4797 venit,
2249 4733 2598 4803 excepissent
2625 4750 2638 4784 :
2679 4728 2776 4786 sed
2791 4729 2943 4800 quia,
2972 4744 3096 4782 cum
3128 4728 3393 4784 vidissent
3427 4729 3631 4799 ipsum,

361 4834 818 4905 παραγενόμενον
842 4833 976 4905 πρὸς
1010 4834 1210 4898 αὐτοὺς
1243 4835 1334 4887 τὸν
1359 4832 1634 4902 Δεσπότην
1662 4825 1943 4894 ἐδέξαντο·

2049 4829 2310 4883 dixerunt
2343 4827 2484 4880 inter
2517 4839 2577 4879 se
2608 4841 2622 4876 :
2657 4842 2675 4875 ι
2711 4822 2809 4876 llic
2842 4829 2928 4877 est
2951 4821 3150 4883 haeres,
3180 4822 3387 4887 venite,
3408 4822 3636 4878 occida-

363 4928 555 5000 ἐπειδὴ
573 4928 631 4982 δὲ
655 4928 855 4991 ίδόντες
873 4926 1035 4982 αὑτὸν
1056 4926 1266 4995 ἔφασαν
1279 4925 1413 4996 πρὸς
1437 4922 1697 4994 ἀλλήλους
1717 4935 1730 4950 ο
1744 4941 1762 4972 ‹
1783 4915 1943 4983 Οὗτός

2051 4935 2176 4975 nius
2206 4932 2354 4982 eum,
2386 4924 2440 4971 et
2469 4915 2795 4970 habebimus
2833 4911 3205 4966 limreditatcm
3229 4913 3381 4982 ejusi
3409 4930 3424 4979 ;
3460 4934 3478 4966 ι
3511 4914 3635 4969 illos

360 5025 517 5075 ἐστιν
549 5021 578 5072 6
612 5019 964 5090 κληρονόμος,
999 5016 1186 5081 δεῦτε,
1209 5015 1622 5087 ἀποκτείνωμεν
1647 5013 1829 5078 αὐτὸν,
1857 5013 1943 5066 καὶ

2049 5009 2275 5081 quidem
2298 5007 2366 5062 de
2397 5008 2553 5063 vinea
2576 5005 2825 5073 deiectos
2859 5003 2914 5057 in
2948 5003 3138 5058 orbem
3168 5011 3445 5060 terrarum
3466 5006 3637 5062 dissi-

360 5112 526 5186 ήμῶν
560 5110 713 5164 ἔσται
744 5113 778 5181 ή
835 5108 1168 5180 κληρονομία
1187 5109 1255 5174 ⁸⁸,
1287 5126 1306 5158 ι
1341 5108 1581 5168 ἐκείνους
1617 5104 1716 5171 μὲν
1747 5105 1810 5157 ἐκ
1855 5101 1943 5156 τοῦ

2051 5101 2224 5172 pavit,
2261 5099 2478 5154 vineam
2513 5109 2645 5152 vero
2682 5093 2912 5149 tradidit
2940 5095 3060 5150 aliis
3092 5095 3374 5167 agricolis,
3405 5097 3635 5167 quibus-

443 5251 662 5308 3Exod.
704 5265 833 5317 xxv,
866 5248 956 5305 40.
1034 5248 1064 5289 h
1093 5245 1253 5303 Joan.
1277 5260 1393 5310 xiv,
1423 5244 1480 5310 2,
1505 5243 1560 5298 3.
1644 5244 1659 5282 ί
1705 5240 1896 5296 Matth.
1942 5255 2098 5303 xxiii,
2121 5237 2211 5294 58.
2293 5247 2308 5286 ι
2344 5234 2536 5290 Matth.
2567 5248 2681 5299 ut,
2710 5231 2798 5286 38.

1655 5374 1894 5430 VARle
1935 5371 2340 5432 LECTIONES.

440 5485 487 5518 “
530 5483 572 5537 Β
597 5483 798 5538 αὐτῶν.
876 5481 922 5513 δ’
961 5479 1143 5533 πάλιν.
1168 5476 1312 5532 Loco
1336 5475 1433 5530 cit.
1467 5469 1781 5543 praecedunt
1826 5469 2108 5523 nonnulla.
2145 5467 2278 5520 Aliae
2306 5475 2526 5533 quoque
2567 5459 2831 5514 lectiones
2872 5467 2999 5539 sunt
3022 5457 3146 5536 loco
3171 5457 3268 5512 cit.
3346 5459 3392 5489 ⁸ο
3430 5470 3634 5576 Ἠουμ,

440 5558 514 5576 ,ιη
566 5569 719 5576 _-___-
841 5552 884 5576 ιιι
926 5567 1038 5576 __-
1099 5550 1123 5576 Α
1173 5548 1354 5576 ..χυλα
1454 5545 1499 5575 ιι
1538 5543 1639 5576 ηιίφ
1701 5538 1802 5576 nnc
1855 5540 1910 5576 in
1954 5539 1984 5576 Δ
2089 5537 2136 5568 ει
2175 5538 2232 5576 ευ
2263 5552 2317 5576 η,
2351 5533 2473 5576 αὐτ-
2514 5528 2675 5576 Hebr.
2705 5529 2937 5576 excelsis
2966 5543 3101 5576 suis-
3179 5528 3224 5559 "'
3265 5525 3409 5576 πεοί.
3519 5525 3631 5576 ἐπί.

367 5525 798 5624 Harii-35;"
841 5552 884 5584 "
1171 5525 1431 5616 ᾧόὗᾶιξζ⁷⁷
1454 5525 1911 5624 ’ξραύτκῡεεκὶηη
2072 5537 2141 5624 '5:
2175 5538 2232 5590 ἐν
2256 5525 2687 5624 μίαύιὲᾖξςὺνὸ

367 5593 753 5696 ςῖᾝᾱυῗῧῖ
787 5593 1373 5696 ροηίίίιῗροξιτὸιέιον.
1475 5593 1604 5665 "1i
1635 5593 1806 5696 algu;
1838 5610 1882 5696 5.7
1925 5610 2000 5696 (1)“;
2033 5607 2155 5661 οὐδὲ
2211 5593 2394 5688 αύτοῖς
2433 5599 2614 5696 ΙΙίιιερός.
2647 5599 2688 5696 1}
2725 5597 3108 5696 ύίςὶὲύδεμίαν
3146 5593 3440 5696 Eax?th

369 5662 753 5764 καῖἔέέτΐίέυῖῖ
776 5662 1433 5764 ἆῖέὶὲὲἓέινῖἷίλᾶῗέδᾶδς
1467 5662 1719 5764 ειεῠῖῖῖέιζ
1761 5680 1807 5710 ⁸³
1846 5681 1922 5764 ἓν·
1951 5662 1997 5764 β
2026 5693 2211 5764 ντεειξιο
2241 5662 2700 5764 κῗιέῑξεῘῖξῗῖνεηῖξ
2737 5662 3633 5764 é-é€.€:eiti;...iff§:1£13233:

371 5734 594 5821 δὶα.Ἷᾶ
607 5734 1063 5825 'ii'E'b'r.m5"£z";'.'
1243 5734 1430 5812 ίὶῖὖῗ
1466 5734 1525 5786 δῖ
1548 5734 1798 5824 ήίμῘ-ἐστ.
1845 5752 1878 5820 ή
1915 5734 2073 5821 κληρ.
2127 5748 2253 5803 ιιεε.
2287 5741 2447 5798 lectio
2477 5741 2597 5796 loco
2631 5740 2722 5794 cit.
2755 5745 2842 5794 est
2869 5734 3228 5807 κατάσχωμεν
3259 5735 3356 5805 τὴν
3390 5734 3634 5804 κληρονο-

374 5837 507 5912 μίαν
539 5834 725 5889 αὑτοϋ.
2309 5911 2311 5914 ῳ
2391 5880 2426 5922 ,ι

2421 5921 2479 5941 λυ.
