4070 6458
459 455 587 518 1231

1439 453 1920 514 THEODORETI
1951 454 2287 515 EPISCOPI
2319 456 2681 519 CYRENSIS

3564 460 3699 524 1:282

455 584 580 621 cum
607 568 662 620 in
704 577 1028 638 perpetuum
1088 566 1315 632 habitat,
1383 568 1435 620 in
1490 577 1734 637 tempore
1787 567 1855 621 ab
1894 566 2021 637 ipsis

2131 571 2452 640 ἀμπελῶνος
2495 572 2739 626 ἐκϐαλὼν
2790 577 2871 639 είς
2916 575 3013 646 τὴν
3040 576 3362 648 οἰκουμένην
3402 574 3698 645 διέσπειρεο
3759 640 3768 646 ν

455 661 696 712 lructum
730 659 1057 727 percipiens.
1107 656 1332 728 [10-15]
1369 657 1576 712 Deinde
1615 659 1866 729 praecipit
1904 674 2031 730 pro-

453 753 648 818 piratae,
705 758 764 803 ιιι
802 750 1008 819 p0pulo
1061 751 1320 805 ostendat
1373 751 1560 820 templi
1610 751 1924 816 aediﬁcium,
1972 760 2032 806 ut

451 854 673 914 propter
702 844 950 898 beneﬁcii
979 845 1414 915 magnitudinem
1439 851 1494 899 et
1525 861 1678 916 spem
1722 846 2030 902 restitutio-

449 937 538 991 nis
559 934 616 990 in
641 935 934 1006 pristinum
976 942 1209 999 statum,
1240 935 1452 1007 pudore
1481 936 1679 991 suﬁ‘usi
1708 935 2031 1006 delinquere

446 1027 737 1092 desinant,
794 1035 852 1082 et
895 1028 1003 1083 ab‘
1053 1028 1339 1098 impietate
1371 1027 1652 1083 deﬁciant.
1688 1026 1810 1082 Non
1849 1028 2026 1082 solum

447 1125 628 1175 autem
679 1118 872 1174 leviter
929 1118 1297 1183 adumbrare,
1350 1127 1400 1174 et
1456 1119 1659 1188 populo
1714 1118 2028 1173 describere

445 1208 636 1278 templi
674 1206 1094 1262 aediﬁcationem
1121 1206 1315 1275 jussus
1355 1213 1460 1270 est,
1510 1205 1605 1260 sed
1656 1205 1822 1260 etiam
1879 1205 2028 1258 illius

445 1300 811 1356 ccremonias
839 1307 896 1354 et
921 1298 1358 1354 consuetudines
1397 1295 1691 1351 ostendere
1713 1334 1728 1358 ,
1772 1302 1832 1348 ut
1889 1295 2026 1364 ipso-

445 1408 567 1448 rum
595 1389 985 1448 observatione
1023 1390 1313 1445 Dominum
1369 1388 1572 1442 colant.
1608 1386 1824 1442 Asserit
1871 1386 2024 1451 item,

447 1499 508 1541 se
529 1483 957 1553 contemplatum
991 1495 1115 1538 esse
1137 1480 1305 1536 etiam
1351 1479 1778 1549 thymiamatum
1828 1477 2023 1540 altare,

446 1576 607 1646 cujus
633 1573 866 1630 altitudo
885 1574 1120 1629 duorum
1156 1571 1493 1635 cubitorum,
1515 1568 1806 1640 longitudo
1837 1569 2023 1635 unius,

446 1673 501 1722 et
529 1665 764 1721 latitudo
799 1663 1048 1734 ejusdem
1082 1676 1356 1716 mensurae
1382 1669 1522 1716 erat.
1561 1659 1627 1714 Et
1656 1661 1768 1715 duo
1799 1675 1861 1716 se
1889 1660 2026 1714 alta-

444 1756 528 1811 ria
572 1755 925 1826 eonspexisse
965 1755 1062 1820 ait,
1125 1769 1234 1807 non
1300 1752 1531 1822 :equalis
1585 1767 1880 1816 mensurae,
1930 1751 2023 1808 sed

445 1848 680 1902 alterum
709 1846 910 1914 majus,
953 1845 1184 1900 alterum
1215 1843 1422 1898 minus.
1471 1844 1831 1899 Commodum
1892 1858 2024 1898 vero

2132 658 2222 711 τὸν
2249 659 2305 712 δὲ
2337 661 2632 730 ἀμπελῶνα
2678 661 2887 727 ἐξέδοτο
2919 664 3098 728 ἄλλοις
3137 668 3424 735 γεωργοῖς,
3477 663 3598 735 μεθ’
3627 656 3702 716 ὧν

2131 753 2210 816 είς
2242 752 2335 805 τὸν
2377 753 2549 807 αίῶνα
2580 757 2946 825 κατασκηνοῖ,
2975 757 3056 819 εἰς
3105 757 3294 827 καιρὸν
3341 757 3470 825 παρ’
3521 752 3702 808 αὐτῶν

2130 845 2256 906 τοὺς
2297 845 2540 914 καρποὺς
2579 845 2954 915 κομιζόμενος.
2991 840 3126 900 Εἶτα
3166 845 3598 918 παρακελεύεται
3624 842 3703 913 τῷ

2130 935 2386 1008 προφήτῃ
2416 933 2584 999 δεῖξαι
2615 935 2693 1006 τῷ
2726 935 2839 1007 λαῷ
2881 936 2976 989 τοῦ
3006 935 3113 991 νεὼ
3148 938 3245 1008 τὴν
3267 935 3596 1006 οἰκοδομίαν,
3617 935 3702 987 ἵνα

2127 1025 2214 1079 διὰ
2249 1028 2310 1079 τὸ
2341 1027 2569 1096 μέγεθος
2593 1027 2692 1099 τῆς
2727 1027 3043 1098 εὐεργεσίας
3076 1027 3172 1082 καὶ
3221 1028 3320 1099 τῆς
3363 1027 3574 1090 ἐλπίδος
3601 1025 3701 1094 τῆς

2126 1117 2478 1188 ἀνακλήσεως
2524 1117 2912 1189 ἐντραπέντες,
2955 1118 3048 1172 τοῦ
3084 1118 3426 1188 πλημμελεῖν
3453 1118 3545 1169 καὶ
3579 1115 3701 1167 δυσ-

2128 1207 2304 1259 σεϐεῖν
2355 1207 2690 1262 παύσωνται.
2749 1209 2826 1261 Ού
2893 1208 3054 1279 μόνον
3104 1208 3160 1262 δὲ
3213 1206 3576 1277 σκαριφεῦσαι
3609 1205 3701 1258 καὶ

2124 1295 2417 1366 διαγράψαι
2444 1296 2542 1367 τὴν
2567 1297 2876 1368 οἰκοδομίαν
2908 1296 2986 1367 τῷ
3020 1296 3136 1368 λαῷ
3169 1285 3532 1368 προσετάχθη,
3566 1293 3702 1348 ἀλλὰ

2127 1390 2218 1440 καὶ
2232 1387 2417 1440 τούτου
2443 1385 2946 1458 καὶ⁶³δικαιώματα
2971 1389 3064 1441 καὶ⁷
3084 1387 3152 1440 τὰ
3177 1388 3381 1458 νόμιμα
3403 1385 3697 1449 ὑποδεῖξαι,

2125 1475 2212 1528 ῖνα
2236 1477 2302 1546 τῇ
2321 1473 2527 1527 τούτων
2550 1474 2762 1545 φυλακῇ
2806 1475 3185 1544 θεραπεύσωσι
3207 1475 3252 1506 ⁸⁵
3281 1475 3370 1528 τὸν
3403 1474 3697 1542 Δεσπότην.

2123 1565 2287 1634 Λέγει
2314 1565 2372 1618 δὲ
2422 1565 2712 1618 τεθεᾶσθαι
2743 1568 2836 1618 καὶ
2864 1566 2924 1618 τὸ
2969 1565 3077 1618 τῶν
3129 1565 3487 1635 θυμιαμάτων
3518 1563 3701 1617 θυσια-

2126 1661 2365 1730 στήριον,
2397 1657 2458 1712 τὸ
2488 1659 2588 1729 μὲν
2617 1658 2749 1728 ὕψος
2780 1659 2876 1712 δύο
2908 1660 3149 1729 πήχεων,
3189 1658 3250 1712 τὸ
3291 1657 3349 1711 δὲ
3395 1658 3568 1728 μῆκος
3595 1657 3700 1726 nﬁ-

2123 1769 2281 1822 χεως,
2313 1752 2599 1822 ίσόμετρον
2617 1752 2662 1784 ⁸⁸
2690 1751 2750 1804 δὲ
2775 1746 2951 1822 εὖρος.
2976 1751 3140 1820 Λέγει
3160 1751 3253 1803 καὶ
3282 1749 3375 1803 δύο
3409 1747 3697 1802 τεθεᾶσθαι

2126 1842 2435 1914 ῖλαστήρια,
2466 1843 2568 1896 ούκ
2601 1843 2648 1875 ⁸⁸
2673 1841 2958 1912 ίσόμετρα,
2989 1841 3126 1895 ἀλλὰ
3155 1841 3214 1894 τὸ
3244 1840 3342 1910 μὲν
3363 1839 3600 1905 ἔλαττον,
3636 1839 3699 1890 τὸ

447 1936 612 1992 fuerit
645 1943 706 1989 ut
735 1935 1102 2004 inquiramus,
1128 1948 1248 1998 cur,
1276 1948 1403 1987 cum
1427 1932 1621 1988 beatus
1645 1931 1824 1988 Moses
1851 1948 2018 1987 unum

2123 1933 2176 1986 δὲ
2239 1933 2442 2003 μεῖζον.
2495 1933 2816 2002 ’Δναγκαῖον
2849 1931 3106 2003 ζητῆσαι,
3145 1931 3196 1984 τί
3226 1932 3425 2002 δήποτε
3469 1928 3563 1982 τοῦ
3596 1946 3699 1999 μα-

443 2027 887 2099 propitiatorium
915 2025 1216 2082 secundum
1249 2024 1502 2080 divinum
1556 2032 1890 2095 praeceptum
1937 2022 2021 2079 fe-

443 2118 605 2181 cerit,
629 2116 718 2170 hic
747 2115 1012 2186 propheta
1034 2113 1144 2170 duo
1166 2113 1598 2184 contempletur.
1622 2113 1877 2167 Arbitror
1920 2129 2022 2166 au-

443 2215 574 2271 tem,
631 2205 686 2260 id
740 2203 886 2275 quod
929 2205 1095 2259 breve
1151 2209 1237 2259 est
1298 2203 1527 2273 majoris
1579 2216 1704 2259 esse
1765 2202 2016 2273 ﬁguram.

443 2296 644 2368 Figura
681 2297 826 2352 enim
851 2302 968 2350 erat
994 2295 1282 2362 antiquum
1316 2294 1454 2349 illud
1483 2291 1622 2348 Novi
1659 2293 2018 2359 Testamenti,

441 2399 499 2445 et
529 2387 970 2459 propitiatorium
1003 2385 1138 2441 illud
1171 2386 1350 2441 nostri
1401 2385 1772 2458 prepitiatorii
1805 2404 1817 2439 :
1854 2383 2017 2440 Chri-

441 2491 564 2538 stus
609 2488 792 2537 autern
826 2479 1152 2551 propitiatio
1199 2488 1392 2534 nostra
1418 2489 1526 2545 est,
1561 2477 1708 2533 sicut
1742 2477 1821 2532 ait
1857 2477 2018 2532 divus

441 2572 736 2644 Apostolus
757 2613 771 2637 ,
809 2589 827 2623 ι
849 2571 1020 2639 Quem
1051 2570 1343 2642 proposuit
1380 2569 1524 2626 Deus
1566 2569 2017 2640 propitiationem

440 2667 498 2719 in
574 2662 842 2735 sanguine
923 2661 1135 2732 ipsius,
1217 2661 1284 2716 ad
1357 2660 1733 2716 ostensionem
1791 2659 2023 2729 justitim

447 2755 654 2827 103],
690 2770 803 2810 suae
821 2754 870 2810 Ιι.
910 2772 929 2806 ι
957 2753 1049 2807 Ait
1077 2753 1230 2816 item,
1263 2752 1407 2807 inter
1434 2751 1548 2807 duo
1576 2749 1774 2805 altaria
1801 2749 2021 2806 cubitos

441 2854 678 2918 quatuor
709 2860 834 2901 esse
884 2845 1088 2899 divinis
1117 2843 1430 2911 Evangeliis
1468 2857 1698 2898 numero
1732 2841 1972 2912 aquales
2005 2861 2018 2896 :

442 2941 584 2994 inter
617 2938 791 3008 legem
823 2938 970 2992 enim
1000 2943 1057 2992 et
1114 2943 1332 3006 sperata
1381 2935 1546 2999 bona,
1596 2935 2021 3006 Evangeliorum

442 3031 620 3100 gratia
657 3028 974 3084 hominibus
1008 3027 1136 3083 data
1166 3037 1275 3083 est.

513 3139 682 3198 Vsus.
720 3140 806 3196 16.
843 3139 914 3194 Et
939 3139 1114 3205 Ariel,
1141 3138 1358 3210 inquit,
1403 3137 1700 3192 cubitorum
1743 3137 2020 3192 duodecim

2123 2024 2315 2095 καρίου
2335 2023 2577 2088 Μωσέως
2605 2025 2663 2078 ἐν
2693 2023 3002 2094 ἱλαστήριον
3025 2021 3167 2076 κατά
3185 2024 3284 2093 τὴν
3299 2020 3451 2074 θείαν
3477 2018 3699 2088 ἐντολὴν

2123 2115 2504 2187 πεποιηκότος,
2521 2113 2754 2169 ἐνταῦθα
2773 2113 2868 2168 δύο
2891 2114 3088 2186 θεωρεῖ
3115 2117 3143 2167 ὁ
3165 2114 3468 2184 προφήτης.
3505 2109 3698 2178 Ἥγοῦ-

2125 2225 2222 2278 μαι
2248 2207 2304 2261 δὲ
2341 2207 2416 2271 ὡς
2451 2206 2514 2260 τὸ
2547 2205 2720 2277 βραχὺ
2758 2204 2928 2268 τύπος
2951 2203 3047 2257 τοῦ
3077 2203 3319 2276 μείζονος
3342 2218 3358 2233 ο
3390 2201 3560 2264 τύπος
3589 2201 3698 2271 γὰρ

2122 2303 2156 2370 ἡ
2196 2297 2408 2354 Παλαιὰ
2445 2299 2547 2368 τῆς
2605 2298 2751 2362 Νέας
2790 2296 3101 2366 Διαθήκης,
3133 2296 3227 2348 καὶ
3266 2294 3326 2346 τὸ
3386 2293 3700 2363 ἱλαστήριον

2122 2393 2300 2445 ἐκεῖνο
2347 2388 2442 2443 τοῦ
2488 2388 2761 2461 ἡμετέρου
2810 2387 3125 2458 ῖλαστηρίου
3159 2403 3172 2416 ·
3203 2384 3436 2456 Χριστὸς
3479 2383 3538 2437 δέ
3580 2386 3698 2436 ἐστι

2124 2484 2185 2536 τὸ
2204 2482 2471 2553 ἡμέτερον
2493 2473 2882 2554 ῖλαοτήριον,ᾖ
2912 2496 3078 2550 φησιν
3110 2480 3138 2532 ό
3166 2477 3308 2542 θεῖος
3353 2475 3697 2539 Ἀπόστολος,

2131 2594 2150 2628 ι
2167 2578 2261 2630 Ὃν
2278 2575 2541 2647 προέθετο
2554 2577 2582 2628 ό
2598 2574 2730 2638 Θεὸς
2751 2573 3065 2644 ἱλαστήριον
3079 2572 3121 2603 ⁸⁷
3137 2571 3195 2624 ὲν
3210 2570 3286 2640 τῷ
3302 2569 3465 2622 αὐτοῦ
3481 2567 3696 2638 αἵματι,

2129 2667 2209 2728 εἰς
2231 2664 2455 2728 ἔνδειξιν
2472 2664 2570 2732 τῆς
2593 2662 2942 2732 δικαιοσύνης
2968 2659 3154 2714 αὑτοῦ.
3182 2677 3202 2712 ι
3222 2658 3383 2726 Λέγει
3408 2657 3465 2711 δὲ
3485 2658 3580 2711 καὶ
3602 2673 3703 2727 με·

2122 2757 2255 2823 ταξὺ
2277 2755 2388 2810 τῶν
2417 2755 2512 2809 δύο
2530 2754 2855 2827 ίλαστηρίων
2873 2755 3069 2825 πήχεις
3093 2747 3231 2804 εἷναι
3259 2749 3552 2821 τέσσαρας,
3583 2749 3702 2810 τοῖς

2123 2851 2290 2915 θείοις
2317 2849 2671 2918 Εὑαγγελίοις
2701 2847 3022 2919 ἰσαρίθμους
3053 2861 3067 2874 ·
3105 2843 3308 2914 μεταξὺ
3341 2840 3450 2912 γάρ
3477 2838 3570 2894 τοῦ
3612 2839 3701 2890 v6-

2125 2959 2228 3012 μου
2251 2943 2345 2994 καὶ
2380 2941 2490 2994 τῶν
2522 2938 2895 3010 ἐλπιζομένων
2939 2934 3182 3005 ἀγαθῶν,
3218 2934 3324 2988 τῶν
3353 2929 3702 3000 Εύαγγελίων

2123 3037 2156 3106 ή
2180 3035 2340 3106 χάρις
2373 3036 2485 3096 τοῖς
2515 3031 2824 3103 ἀνθρώποις
2850 3029 3026 3100 ἐδόθη.

2194 3145 2291 3212 ις’.
2328 3144 2439 3201 Καὶ
2462 3144 2528 3199 τὸ
2569 3143 2790 3212 Ἀριὴλ,
2817 3143 2976 3214 φησὶ,
3007 3139 3220 3211 πηχῶν
3242 3141 3468 3194 δώδεκα
3493 3139 3559 3192 τὸ
3585 3137 3702 3208 μῆ-

444 3233 809 3304 longitudine,
850 3241 899 3288 et
941 3231 1230 3285 latitudine
1278 3231 1521 3284 totidem.
1569 3228 1717 3283 Ariel
1749 3244 1877 3285 vero
1913 3227 2020 3285 He-

2123 3256 2230 3304 κος
2250 3237 2294 3270 ⁵⁸
2321 3237 2421 3291 καὶ
2451 3237 2495 3268 ⁶⁹
2524 3237 2589 3290 τὸ
2627 3233 2856 3301 πλάτος
2908 3233 3244 3303 ισόμετρον.
3286 3231 3360 3284 Τὸ
3393 3229 3448 3283 δὲ
3491 3228 3702 3298 Ἀριὴλ

442 3327 712 3381 braeorum
732 3323 919 3395 lingua
941 3320 1277 3392 montemﬁei
1296 3320 1594 3392 signiﬁcat,
1610 3319 1695 3377 vel
1713 3321 2016 3376 secundum

443 3419 604 3471 aliam
637 3415 1152 3486 interpretationem
1175 3455 1190 3479 ,
1218 3413 1391 3467 lumen
1416 3411 1548 3466 'Dei.
1582 3411 1676 3467 Sic
1706 3422 1887 3469 autem
1907 3454 1924 3479 ,
1957 3421 2018 3468 ut

439 3523 539 3578 ego
559 3507 820 3570 arbitror,
834 3514 995 3560 vocat
1022 3504 1215 3558 altaris
1238 3505 1416 3560 basin.
1433 3500 1613 3574 Atque
1635 3503 1726 3559 hic
1750 3519 2017 3563 numerus

441 3600 754 3654 cubitorum
801 3612 928 3651 cum
982 3595 1160 3652 sacris
1204 3595 1472 3666 apostolis
1529 3597 1856 3660 consentit,
1919 3595 2015 3665 qui

445 3691 608 3768 bases
657 3698 713 3744 et
756 3687 1070 3768 crepidines
1122 3687 1322 3742 divina:
1379 3688 1571 3758 gratiae
1634 3689 1899 3752 fuerunt,
1961 3695 2018 3741 et

442 3765 705 3837 EcclEsim
750 3765 1177 3835 fundamentum
1215 3788 1270 3835 et
1319 3779 1568 3851 crepido.
1607 3795 1628 3830 ι
1663 3777 1744 3831 Tu
1777 3779 1923 3834 enim
1954 3794 2016 3835 es

443 3871 672 3938 Petrus,
713 3870 926 3942 inquit,
974 3877 1028 3923 et
1073 3883 1241 3938 super
1276 3868 1418 3923 hanc
1464 3879 1675 3939 petram
1725 3867 2016 3923 aediﬁcabo

442 3962 740 4020 Ecclesiam
777 3977 988 4028 meam,
1021 3980 1041 4014 ι
1085 3959 1226 4016 dixit
1273 3958 1538 4017 Dominus
1571 3959 1614 4015 ι.
1651 3961 1718 4016 Ει
1757 3977 1954 4019 rursus
1998 3979 2011 4017 :

446 4076 465 4109 ι
502 4055 612 4112 Vos
638 4057 772 4112 estis
795 4055 888 4110 lux
921 4054 1112 4109 mundi
1149 4066 1211 4108 ω.
1241 4073 1259 4106 ι
1298 4052 1414 4126 [l7]
1445 4053 1510 4108 Et
1537 4056 1716 4126 ipsum
1745 4056 2014 4127 propitia-

440 4146 643 4201 torium
683 4145 902 4201 duobus
943 4145 1144 4200 cubitis
1196 4144 1396 4199 asserit
1442 4145 1623 4215 majus
1665 4161 1791 4201 csse
1849 4162 2013 4216 quam

439 4237 620 4302 Ariel,
655 4245 709 4291 et
743 4235 1118 4306 longitudine,
1158 4242 1212 4290 et
1269 4234 1585 4290 latitudine.
1637 4233 1827 4306 Neque
1862 4237 2013 4293 enim

439 4328 555 4385 sola
605 4326 930 4390 divinitate,
988 4327 1085 4383 sed
1133 4325 1297 4382 etiam
1349 4335 1630 4398 assumpta
1701 4327 2013 4383 humanita-

439 4427 522 4484 te,
557 4417 778 4473 inﬁnito
822 4419 1112 4473 intervallo
1145 4419 1322 4488 major
1373 4427 1459 4474 est
1510 4419 1691 4475 servis
1721 4419 2013 4476 Dominus.

442 4509 644 4583 [18-27]
677 4511 882 4567 Deinde
908 4514 1191 4582 propheta:
1231 4513 1471 4582 imperat
1524 4522 1721 4568 auctor
1765 4512 2013 4568 omnium

2123 3327 2378 3399 σημαίνει
2435 3330 2500 3399 τῇ
2565 3325 2836 3398 Ἐϐραίων
2863 3327 3016 3396 φωνῇ
3075 3324 3212 3393 ὄρος
3276 3321 3453 3388 Θεοῦ,
3502 3321 3536 3394 ἢ
3577 3322 3701 3375 κατ’

2119 3417 2286 3487 ἀλλην
2340 3416 2660 3489 ἑρμηνείαν,
2699 3416 2823 3486 φῶς
2872 3415 3021 3471 Θεοῦ
3045 3431 3061 3448 ⁸
3097 3415 3256 3469 καλεῖ
3285 3414 3342 3468 δὲ
3401 3412 3593 3479 οὕτως,
3623 3412 3703 3476 ὡς

2119 3509 2383 3580 ήγοῢμαι,
2406 3509 2502 3562 τοῦ
2558 3508 2872 3580 ιλαστηρίου
2928 3507 3028 3578 τὴν
3075 3505 3254 3577 βάσιν.
3309 3505 3603 3577 Συμϐαίνει
3640 3503 3701 3557 δὲ

2121 3601 2215 3654 καὶ
2241 3595 2392 3664 οὗτος
2423 3599 2533 3653 τῶν
2567 3600 2784 3670 πήχεων
2813 3601 2842 3652 ό
2874 3597 3106 3670 ἀριθμὸς
3131 3601 3244 3662 τοῖς
3274 3600 3438 3670 ίεροῖς
3465 3596 3698 3652 ἀποστό-

2119 3693 2342 3758 λοις,οϊ
2391 3691 2579 3762 βάσεις
2630 3692 2725 3746 καὶ
2781 3691 3064 3754 ἐπιϐάσεις
3094 3691 3192 3762 τῆς
3246 3689 3396 3753 θείας
3449 3689 3702 3759 ἐγένοντο

2118 3785 2362 3854 χάριτος,
2397 3781 2608 3852 καὶτῆς
2645 3781 2975 3852 Ἐκκλησίας
3015 3779 3302 3851 ὑποϐάθρα
3335 3779 3431 3832 κα)⁸
3461 3777 3698 3849 κρηπίςο

2127 3894 2147 3928 ι
2173 3877 2246 3930 Σὺ
2269 3875 2378 3946 γὰρ
2409 3870 2461 3929 εἴ
2497 3873 2722 3945 Πέτρος,
2762 3874 2919 3945 φησὶ,
2952 3873 3046 3927 καὶ
3089 3872 3182 3925 ἐπὶ
3205 3871 3378 3944 ταύτῃ
3405 3871 3471 3941 τῇ
3524 3867 3701 3940 πέτρᾳ

2120 3967 2456 4040 οἰκοδομήσω
2494 3983 2595 4038 μου
2653 3967 2752 4038 τὴν
2791 3965 3140 4036 Ἐκκλησίαν,
3177 3982 3197 4016 ι
3236 3963 3265 4016 ὁ
3313 3962 3516 4034 Κύριος
3567 3959 3696 4030 ἔφη.

2121 4062 2230 4116 Καὶ
2250 4059 2440 4115 πάλιν·
2477 4079 2496 4112 ι
2519 4059 2707 4132 Ὑμεῖς
2736 4060 2859 4112 ὲστε
2890 4057 2950 4110 τὸ
2975 4057 3090 4126 φῶς
3111 4056 3206 4110 τοῦ
3235 4055 3462 4125 κόσμου.
3501 4070 3520 4104 ι
3555 4051 3700 4105 Αὐτὸ

2117 4155 2174 4208 δὲ
2200 4155 2261 4208 τὸ
2307 4154 2621 4225 ἱλαστήριον
2666 4151 2758 4205 δύο
2789 4153 2987 4222 πήχεσι
3035 4149 3183 4218 λέγει
3217 4146 3401 4219 μεῖζον
3437 4140 3576 4198 εἶναι
3600 4143 3698 4198 τοῦ

2133 4243 2336 4316 Ἀριὴλ,
2366 4244 2459 4298 καὶ
2494 4243 2630 4298 κατά
2671 4243 2733 4297 τὸ
2773 4243 2970 4314 μῆκος,
3014 4242 3111 4295 καὶ
3143 4239 3285 4295 κατά
3316 4237 3378 4292 τὸ
3410 4232 3566 4307 εὖρος
3592 4250 3608 4267 ⁶
3633 4237 3698 4291 ού

2117 4335 2225 4407 γὰρ
2281 4337 2419 4408 μόνῃ
2447 4335 2514 4406 τῇ
2570 4334 2807 4406 θεότητι,
2843 4332 2981 4388 ἀλλά
3027 4331 3121 4386 καὶ
3173 4332 3242 4402 τῇ
3283 4325 3698 4400 προσληφθείσῃ

2117 4427 2521 4499 ἁνθρωπότητι,
2555 4426 2770 4497 ἀπείρῳ
2800 4423 2879 4496 τῷ
2915 4424 3098 4495 μέτρῳ
3130 4421 3332 4493 μείζων
3358 4422 3386 4474 ό
3420 4418 3698 4489 Δεσπότης

2117 4518 2228 4572 τῶν
2251 4518 2472 4572 δούλων.
2510 4513 2643 4571 Εἶτα
2681 4516 3116 4588 παρακελεύεται
3142 4512 3222 4585 τῷ
3249 4513 3500 4584 προφήτῃ
3534 4513 3562 4565 ὁ
3587 4511 3699 4564 τῶν

439 4617 623 4657 rerum
655 4601 829 4666 Deus,
857 4609 916 4656 ut
950 4600 1351 4657 sacriﬁciorum
1385 4602 1535 4673 leges
1564 4602 1795 4659 edoceat
1825 4618 2014 4659 sacer-

2123 4611 2254 4665 ὖλων
2284 4611 2436 4674 Θεὸς,
2453 4611 2582 4672 τοὺς
2606 4610 2737 4680 περὶ
2764 4609 2873 4665 τῶν
2902 4608 3104 4663 θυσιῶν
3123 4607 3319 4678 νόμους
3339 4604 3546 4670 διδάξαι
3571 4605 3698 4668 τοὺς

441 4693 636 4760 dotes,
681 4703 735 4749 et
786 4693 1251 4764 quemadmodum
1306 4703 1563 4764 oporteat
1621 4707 1724 4766 pro
1783 4702 2016 4764 peccato

440 4787 670 4842 vitulum
720 4797 776 4844 et
802 4788 997 4843 aﬁ‘erre
1018 4829 1032 4852 ,
1066 4795 1120 4842 et
1150 4785 1474 4841 sacrillcare
1495 4827 1509 4852 ,
1557 4792 1613 4841 et
1638 4785 1731 4840 ubi
1764 4793 2017 4854 oporteat

440 4881 704 4937 desistere
747 4899 759 4934 :
799 4889 852 4936 et
882 4879 1344 4951 quemadmodum
1385 4878 1516 4933 item
1566 4879 1762 4934 altaris
1802 4892 2015 4933 cornua

439 4971 649 5027 circum
687 4971 1026 5042 aspergenda
1074 4972 1219 5036 sint,
1264 4979 1320 5026 et
1370 4969 1746 5041 propitiatorii
1791 4969 2013 5040 anguli,

440 5063 635 5118 deinde
666 5077 768 5132 pro
805 5067 1028 5132 peccato
1077 5061 1216 5116 hzndi
1265 5061 1334 5116 ab
1381 5061 1530 5116 omni
1584 5061 1800 5115 macula
1850 5060 2011 5116 liberi

437 5151 746 5218 oﬁ'erendi;
790 5162 845 5206 et
889 5166 1084 5206 rursus
1125 5151 1403 5220 quomodo
1437 5149 1630 5204 eodem
1683 5149 1845 5204 modo
1885 5163 2010 5204 san-

439 5244 604 5315 guine
647 5243 665 5264 ⁹
704 5242 877 5297 altare
907 5243 1342 5312 perfundendum
1377 5241 1472 5300 sit.
1519 5241 1586 5294 Et
1625 5241 1735 5306 ita,
1779 5241 1996 5310 inquit,

2119 4699 2323 4770 ἱερέας,
2355 4700 2450 4752 καῖ⁵
2477 4700 2626 4761 ὅπως
2647 4699 2730 4751 δεῖ
2747 4698 2839 4750 τὸν
2895 4697 3024 4768 περὶ
3059 4697 3158 4766 τῆς
3191 4692 3466 4766 ἁμαρτίας
3499 4691 3699 4764 μόσχον

2119 4789 2215 4840 καὶ
2261 4790 2658 4857 προσαγαγεῖν,
2717 4788 2812 4841 καὶ
2862 4787 3062 4851 θῦσαι,
3095 4785 3191 4840 καὶ
3243 4784 3374 4838 ἔνθα
3428 4781 3698 4854 προσήκει

2120 4877 2492 4944 καταπαῦσαι,
2532 4878 2625 4930 καὶ
2669 4877 2816 4940 ὅπως
2844 4877 2925 4930 δεῖ
2943 4877 3270 4949 περιρρᾶναι
3299 4874 3393 4928 τοῦ
3415 4891 3474 4926 τε
3504 4872 3696 4926 θυσια-

2121 4970 2343 5041 στηρίου
2365 4969 2432 5024 τὰ
2464 4969 2692 5041 κέρατα,
2732 4969 2826 5022 καὶ
2865 4969 2958 5022 τοῦ
2998 4968 3306 5038 ίλαστηρίου
3335 4966 3432 5030 τάς
3459 4965 3694 5034 γωνίαςο

2118 5057 2237 5115 εἶτα
2265 5062 2391 5125 τοὺς
2418 5062 2546 5133 περὶ
2570 5061 2843 5132 ἁμαρτίας
2863 5059 3086 5130 ἐρίφους
3111 5058 3305 5130 μώμου
3329 5054 3529 5119 παντὸς
3555 5054 3700 5107 ὲλευ-

2119 5152 2312 5224 θέρους
2341 5151 2497 5215 ὄντας
2535 5151 2909 5221 προσαγαγεῖν
2935 5162 2950 5178 ⁸
2983 5149 3079 5204 καὶ
3125 5148 3287 5203 πάλιν
3328 5144 3592 5209 ὡσαύτως
3617 5144 3699 5214 τῷ

2110 5244 2304 5298 αἵματι
2335 5245 2666 5315 περιρῤᾶναι
2690 5243 2752 5297 τὸ
2784 5241 3186 5313 θυσιαστήριον.
3234 5238 3391 5294 Οὕτω
3425 5237 3505 5306 δὲ,
3539 5235 3696 5308 φησι,

515 5417 541 5456 ι
579 5416 739 5471 Rom.
779 5428 866 5481 ιη,
893 5414 985 5468 25.
1069 5412 1086 5453 Ι
1117 5415 1310 5469 Matth.
1343 5431 1457 5482 xw,
1500 5415 1588 5470 l8.
1667 5422 1706 5445 "‘
1736 5413 1928 5470 Mattlt.
1954 5433 2006 5483 ν,
2041 5415 2127 5470 ιι.

1679 5570 1917 5627 VARle
1945 5572 2346 5632 LECTIONES.

513 5692 558 5725 ⁵⁸
597 5691 710 5746 καί.
741 5689 782 5742 Β
806 5690 899 5762 τά.
953 5688 998 5720 ⁸⁸
1020 5687 1058 5762 β
1084 5687 1454 5762 θεραπεύωσι.
1491 5689 1536 5721 ⁸³
1560 5690 1601 5740 Β
1635 5689 1970 5760 ἰσόπλευρον,
1993 5694 2234 5762 ascripta
2265 5704 2447 5748 tamen
2468 5694 2702 5752 lectione
2729 5697 2920 5752 altera.
2966 5695 3149 5750 “oux.
3180 5695 3224 5748 Β
3251 5691 3364 5748 καί.
3441 5691 3488 5724 ⁸⁷
3517 5691 3694 5762 ίλαστ.

447 5761 997 5842 Loco_cit._seqnitu.r
1019 5759 1107 5811 διὰ
1132 5759 1238 5842 τῆς
1264 5759 1501 5842 πίστεως
1524 5799 1538 5822 ,
1571 5774 1690 5828 qua:
1721 5759 1886 5817 etiam
1919 5759 2332 5830 exstant-infra,
2376 5764 2431 5820 in
2471 5773 2621 5822 textu
2655 5767 2760 5823 loci
2795 5767 2966 5823 citati.
3044 5767 3088 5800 ⁸⁸
3126 5767 3169 5819 Α
3203 5765 3435 5836 μήκους.
3515 5763 3562 5797 ⁶⁹
3601 5760 3698 5819 καὶ

446 5856 504 5868 --
534 5829 676 5899 ίσόμ.
710 5830 754 5882 Α
783 5831 875 5881 ἐπὶ
909 5830 1104 5899 πήχεις
1136 5828 1344 5882 δώδεκα
1373 5828 1624 5890 πλάτους.
