4070 6454
452 416 590 481 1233

1583 424 1660 481 ΙΝ
1687 424 2131 484 EZECHIELIS
2161 426 2318 483 CAP.
2348 425 2545 484 XLIV.

3580 427 3712 487 1:72.11

445 531 653 583 τούτων
675 533 994 599 γινομένων,
1026 533 1119 586 καὶ
1159 535 1252 586 τοῦ
1289 534 1424 605 ὑπὲρ
1462 535 1559 604 τῆς
1609 536 1881 606 ἁμαρτίας
1919 537 2023 588 ἱλα-

2136 551 2258 590 cum
2297 535 2409 588 luec
2443 535 2585 587 facta
2619 534 2820 586 fuerint
2843 576 2855 597 ,
2891 544 2943 588 et
2976 534 3230 590 absoluta
3263 536 3579 606 propitiatio
3616 555 3714 606 pro

345 615 358 626 ⁸
447 618 589 689 σμοῦ
642 619 1043 690 πληρωθέντος,
1078 624 1426 694 προσοίσουσι
1472 625 1675 696 μόσχον
1701 627 1795 680 καὶ
1825 628 2026 698 πρόϐα-

442 725 558 770 τον,
592 708 790 779 μώμου
822 710 917 764 καὶ¹
954 711 1095 765 αὑτά
1127 712 1554 783 ἀπηλλαγμένα,
1583 717 1678 769 καὶ
1713 716 1850 786 μετά
1879 716 2026 771 ἀλῶν

442 799 542 870 τὴν
577 799 770 854 θυσίαν
797 802 845 833 ⁷ο
870 803 1296 858 ὲπιτελέσουσιν.
1319 807 1560 877 Μήνυμα
1586 807 1642 861 δὲ
1668 809 1717 862 oi
1751 808 1897 876 ἅλες
1939 809 2026 862 λοι

441 891 670 962 γισμοῦ,
693 893 789 948 καὶ
827 894 1172 969 διακρίσεως,
1208 898 1301 953 καὶ
1339 900 1685 970 φρονήματος
1734 901 2021 966 εὐσεϐοῦς·

438 985 543 1054 οὐχ
588 985 780 1052 ἁπλῶς
829 988 960 1059 γὰρ,
993 988 1117 1044 οὔτε
1151 990 1226 1055 ὡς
1285 991 1395 1045 ἔθει
1452 992 1815 1061 δουλεύοντες,
1856 995 2028 1051 ταῦτα

441 1076 785 1146 ποιήσουσιν,
815 1079 954 1140 ἀλλὰ
1007 1082 1148 1152 μετά
1188 1100 1334 1147 τινος
1367 1084 1526 1153 λόγου
1567 1087 1662 1141 καὶ
1691 1087 1895 1142 σκοποῦ
1931 1089 2025 1142 εὐ-

440 1165 626 1222 σεϐεῖν
664 1172 1118 1242 προαιρουμένου.
1171 1175 1466 1244 Ποιήσουσι
1508 1178 1586 1242 δὲ,
1645 1181 1810 1250 φησὶν
1838 1220 1854 1246 ,
1885 1180 2026 1235 έπτὰ

435 1258 659 1329 ἡμέρας
696 1261 795 1324 τὰς
833 1264 1046 1318 τοιάσδε
1103 1263 1322 1330 θυσίας’
1359 1269 1468 1322 ἀπὸ
1494 1265 1550 1322 δὲ
1597 1272 1696 1340 τῆς
1715 1271 1907 1342 ὀγδόης
1931 1275 2027 1328 καὶ

435 1350 698 1406 ἐπέκεινα
726 1393 742 1417 ,
773 1356 991 1410 τοιάσδε
1031 1357 1222 1422 θυσίας
1247 1361 1325 1426 τί,
1361 1361 1452 1416 ἵνα
1505 1363 1582 1437 μή
1628 1363 1753 1418 καθ’
1797 1365 2025 1422 ἕκαστον

433 1441 644 1507 διεξίω.

1028 1540 1427 1598 ΚΕΦΔΛΑΙΟΝ
1455 1545 1588 1599 MA‘.

523 1624 806 1696 ’Υπέδειξε
835 1628 893 1684 δέ
919 1647 1010 1701 μοι
1025 1634 1121 1688 καὶ
1135 1635 1236 1706 τὴν
1259 1635 1568 1710 πύλην,τὴν
1587 1637 1726 1710 πρὸς
1756 1639 2024 1707 ἀνατολὰς

432 1720 849 1792 τετραμμένην,
918 1725 1336 1800 κεκλεισμένην,
1384 1731 1479 1784 καὶ
1530 1733 1894 1803 παρηγγύησε
1945 1735 2025 1789 δι-

2131 633 2394 696 peccato.
2433 623 2644 694 1032
2690 623 2918 679 afferent
2948 625 3179 680 vitulum
3223 633 3278 680 et
3325 640 3479 681 ovem
3506 666 3520 692 ,
3563 628 3714 697 ipsos

2129 731 2350 788 quoque
2371 715 2553 770 omnis
2575 716 2803 769 maculae
2822 725 3095 785 expertes,
3118 724 3172 772 et
3203 731 3326 772 cum
3357 718 3472 774 sale
3503 719 3714 774 sacriti-

2129 808 2276 863 cium
2339 815 2623 877 peragent.
2661 807 2758 862 Sal
2796 819 2976 864 autem
3029 808 3301 866 rationem
3349 819 3404 865 ct
3443 811 3713 880 judicium

2129 897 2420 968 designat,
2448 904 2504 953 et
2535 898 2682 968 piam
2714 900 3054 969 opinionem.
3090 900 3280 973 Neque
3318 905 3468 958 enim
3499 905 3712 974 simpli-

2128 991 2297 1056 citer,
2338 999 2436 1046 aut
2465 992 2855 1048 consuetudini
2889 994 3275 1061 inservientes,
3308 995 3424 1051 beet:
3457 995 3663 1053 facient
3697 1016 3710 1050 :

2128 1081 2226 1136 sed
2256 1081 2492 1152 quadam
2526 1097 2654 1138 cum
2693 1082 2907 1140 ratione
2954 1092 3010 1140 et
3048 1086 3321 1152 consilio,
3374 1087 3518 1155 quod
3566 1097 3713 1141 recte

2127 1185 2291 1242 agere
2339 1171 2665 1228 instituerit.
2721 1173 2786 1228 Et
2837 1173 3067 1242 facient,
3116 1176 3334 1246 inquit,
3381 1193 3473 1247 per
3503 1188 3711 1249 septem

2124 1264 2244 1321 dies
2288 1265 2677 1336 hujuscemodi
2721 1270 3040 1333 sacrilicia;
3103 1286 3134 1326 a
3197 1272 3285 1326 die
3328 1289 3454 1328 vero
3515 1285 3712 1328 octavo

2125 1361 2180 1407 et
2201 1354 2366 1420 ultra,
2399 1355 2529 1410 talia
2563 1356 2796 1414 oﬂerent
2825 1358 3119 1427 sacriﬁcia,
3149 1375 3220 1416 ne
3250 1361 3468 1432 singula
3490 1380 3712 1433 percurr

2125 1459 2264 1501 ram.

2524 1597 2526 1599 .
2696 1538 2930 1595 CAPUT
2959 1540 3146 1596 XLIV.

2196 1627 2340 1703 [1,2]
2384 1628 2638 1686 Ostendit
2689 1639 2876 1686 autem
2929 1632 3065 1687 mihi
3117 1649 3341 1704 quoque
3385 1644 3595 1706 portam
3646 1636 3724 1690 ad

2123 1721 2395 1778 orientem
2440 1737 2766 1778 conversam
2815 1723 3100 1790 clausam,
3156 1728 3528 1797 praecepitque
3574 1729 3714 1783 lianc

432 1811 658 1881 ηνεκῶς
673 1812 877 1885 ταύτην
894 1816 1227 1881 κεκλεῖσθαι,
1244 1821 1337 1873 καὶ
1353 1820 1764 1895 ἀπονεμηθῆναι
1780 1825 1930 1897 αὐτῷ
1944 1826 2023 1897 τῷ

2128 1812 2477 1868 continenter
2499 1813 2703 1880 claudi,
2732 1823 2788 1869 et
2821 1815 3046 1870 attribui
3076 1816 3177 1883 ipsi
3209 1819 3423 1871 auctori
3459 1819 3711 1874 omnium

433 1901 554 1955 τῶν
589 1903 726 1957 ὅλων
766 1905 1048 1979 Δεσπότῃ·
1082 1909 1184 1962 οὐκ
1227 1911 1414 1982 ἐπειδὴ
1449 1893 1621 1983 θύρας
1657 1893 2023 1988 ἔχρῃζεννείσλ

2128 1921 2317 1961 rerum
2340 1905 2595 1973 Domino,
2625 1922 2734 1963 non
2766 1907 2912 1978 quod
2943 1919 3098 1978 porta
3131 1909 3424 1980 indigeret.
3454 1926 3581 1964 cum
3625 1913 3711 1967 in-

435 1991 582 2046 ιέναι
612 1992 936 2067 βουλόμενος
965 1999 993 2050 6
1034 2002 1312 2072 πανταχοῦ
1348 2004 1540 2073 παρὼν
1583 2008 1678 2059 καὶ
1727 2010 1842 2072 τοῖς
1887 2009 2027 2065 πᾶσι

432 2086 872 2157 παριστάμενος.
913 2089 1040 2154 Πῶς
1076 2092 1186 2163 γὰρ
1213 2093 1280 2147 ἂν
1308 2096 1404 2149 καὶ
1439 2081 1660 2168 είσῆλθε
1697 2100 1902 2173 ταύτης
1935 2119 2028 2156 κε-

432 2176 790 2250 κλεισμένης,
846 2181 1007 2253 είπερ
1067 2185 1296 2239 εἰσιέναι
1353 2188 1443 2242 διά
1493 2189 1670 2262 θυρῶν
1721 2193 2022 2262 ὲπεφύκει;

446 2268 612 2326 Ἀλλὰ
647 2273 768 2335 ταῖς
798 2273 1219 2348 ἀσθενεστέραις
1268 2281 1578 2349 συγκατιὼν
1624 2283 1814 2347 ἀκοαῖς
1852 2285 2024 2339 ταῦτα

431 2362 706 2418 διατυποῖ.
743 2365 906 2430 Εἰκὸς
955 2369 1013 2422 δὲ
1047 2369 1092 2402 τ’
1126 2371 1216 2424 διὰ
1265 2373 1474 2428 τούτων
1507 2377 1644 2445 ἡμῖν
1689 2377 2024 2431 αἰνίττεσθαι

433 2454 535 2507 καὶ
579 2454 678 2526 τὴν
713 2455 1064 2529 Παρθενικὴν
1089 2461 1325 2532 μήτραν,
1352 2463 1418 2516 δι’
1459 2459 1527 2536 ἦς
1554 2465 1680 2519 οὕτε
1708 2466 2024 2537 είσελήλυθέ

431 2556 541 2604 τις,
569 2539 694 2593 οὔτε
747 2543 1067 2615 ἐξελήλυθεν
1093 2587 1106 2613 ,
1157 2549 1190 2619 ἢ
1241 2551 1402 2620 μόνος
1444 2553 1607 2617 αὐτὸς
1649 2555 1678 2607 6
1719 2557 2019 2629 Δεσπότης.

431 2631 746 2702 Προσέταξε
774 2634 832 2687 δὲ
865 2637 1016 2706 παρά
1048 2639 1145 2711 τὴν
1177 2641 1222 2673 ⁷³
1255 2642 1424 2714 θύραν
1455 2645 1549 2699 καὶ
1575 2647 1665 2700 τὸν
1699 2649 2020 2720 ἡγούμενον,

427 2721 683 2813 τουτέστι
710 2721 802 2776 τὸν
832 2725 1118 2798 ἀρχιερέα,
1148 2731 1249 2801 τῆς
1285 2735 1490 2806 τροφῆς
1528 2737 1855 2805 ἀπολαύειν,
1882 2759 2024 2813 παρ-

431 2811 577 2868 ιέναι
641 2815 700 2868 δὲ
754 2816 846 2870 διὰ
900 2818 995 2874 τοῦ
1051 2823 1426 2894 προπυλαίου,
1469 2830 1565 2882 καὶ
1618 2831 1887 2900 ἀπιόντα,
1928 2811 2024 2888 καὶ

427 2904 655 2960 ἀνιόντα
679 2906 724 2939 ⁷³
749 2925 761 2940 α
790 2910 951 2964 τοῦτο
969 2915 1079 2984 γὰρ
1105 2915 1361 2970 ἐκάλεσεν
1388 2918 1593 2989 αίλάμ.
1627 2921 1783 2976 οὕτω
1819 2922 1876 2977 δὲ
1899 2924 2024 2978 τού·

426 3016 544 3053 των
579 3002 673 3056 καὶ
705 3001 1052 3074 λαληθέντων
1084 3009 1179 3060 καὶ
1215 3009 1560 3080 δειχθέντων,
1601 3013 1765 3068 πάλιν
1788 3016 1894 3087 ὁρᾷ
1925 3015 2020 3071 τοῦ

426 3088 570 3142 Θεοῦ
600 3091 696 3162 τήν
723 3091 882 3160 δόξαν
913 3095 970 3146 ὲν
999 3099 1064 3168 τῇ
1107 3096 1250 3170 πύλῃ
1285 3103 1350 3170 τῇ
1383 3101 1520 3172 πρὸς
1553 3101 1650 3176 βοῤ
1663 3106 1794 3175 ρἅ,
1830 3107 1925 3160 καὶ
1946 3110 2023 3162 εί-

429 3182 560 3235 πεῖν
608 3183 891 3238 κελεύεται
935 3186 1014 3257 τῷ
1063 3192 1560 3263 παραπικραίνοντι
1609 3195 1818 3268 λαῷ,ἢ
1854 3216 2024 3270 προσ-

429 3275 626 3344 εριστῇ
649 3275 746 3328 καὶ
767 3273 1060 3348 φιλονείκῳ
1083 3296 1095 3308 ·
1124 3278 1297 3343 οὕτως
1323 3283 1430 3354 γὰρ
1456 3283 1552 3336 καὶ
1577 3285 1628 3337 οί
1663 3287 1814 3340 ἄλλοι
1843 3289 2021 3360 έρμηο

428 3365 624 3419 νευταὶ
654 3368 1066 3438 ήρμηνεύκασιν
1085 3386 1099 3400 '
1124 3372 1463 3443 ἀρκεσθῆναι
1479 3379 1544 3448 τῇ
1573 3378 1816 3450 προτέρᾳ
1843 3395 2022 3452 παρα-

427 3455 619 3526 νομίᾳ,
654 3458 721 3528 ἣν
772 3458 1084 3530 τολμῶντες
1139 3462 1447 3520 διετέλεσαν
1471 3505 1486 3532 ,
1538 3467 1877 3540 ἀλλοφύλους
1928 3473 2022 3526 καὶ

427 3549 843 3624 ἀπεριτμήτους
893 3557 974 3619 είς
1007 3555 1101 3609 τὸν
1149 3557 1292 3610 θεῖον
1319 3559 1635 3628 είσάγοντες
1661 3561 1827 3615 νεών*
1860 3563 1923 3618 τὸ
1965 3564 2022 3618 δὲ

430 3641 695 3713 μέγιστον
742 3644 850 3698 τῶν
885 3646 1268 3719 ἐγκλημάτων,
1301 3650 1384 3704 ὅτι
1431 3651 1493 3704 οὐ
1524 3652 1686 3722 μόνον
1713 3653 1811 3724 τὴν
1843 3657 2024 3727 σάρκα

427 3733 808 3808 ἀπερίτμητον
852 3734 1020 3809 εἶχον,
1070 3739 1211 3795 ἀλλά
1256 3741 1352 3795 καὶ
1396 3743 1502 3816 πρὸ
1551 3744 1650 3814 τῆς
1680 3746 1881 3818 σαρκὸς
1924 3747 2023 3818 τὴν

426 3827 714 3882 διάνοιανο
740 3829 816 3892 ικ
864 3827 1005 3884 εἶναι
1050 3831 1210 3902 δῆλον
1239 3871 1254 3898 ,
1285 3833 1367 3888 ὅτι
1412 3835 1510 3906 τῆς
1557 3836 1660 3906 μὲν
1711 3838 1941 3908 καρδίας
1988 3841 2021 3909 ἡ

429 3917 706 3994 περιτομὴ
731 3921 1079 3993 δικαιοσύνης
1113 3925 1484 3995 κατόρθωσις,
1517 3931 1549 3998 ή
1585 3929 1642 3981 δὲ
1684 3930 1786 3999 τῆς
1820 3930 2024 4002 σαρκὸς

431 4015 706 4084 περιτομὴ
729 4014 829 4085 τῆς
866 4014 1009 4068 κατὰ
1037 4015 1277 4070 διάνοιαν
1303 4021 1606 4090 περιτομῆς
1650 4024 1876 4090 σημεῖόν
1904 4023 2023 4076 ἐστι

430 4104 530 4158 καὶ
563 4105 822 4176 σφραγίς.
847 4107 1147 4180 Παρεγγυᾷ
1165 4109 1345 4163 τοίνυν
1375 4111 1404 4163 6
1433 4110 1542 4164 τῶν
1560 4111 1697 4165 ὅλων
1720 4112 1874 4176 Θεὸς,
1897 4114 2024 4176 τοὺς

433 4197 536 4267 μὲν
564 4197 660 4251 καὶ
709 4199 851 4253 κατά
891 4199 1070 4273 ψυχὴν
1101 4201 1532 4274 ἀπεριτμήτους,
1560 4204 1656 4257 καὶ
1685 4205 1828 4258 κατά
1864 4204 2024 4274 σῶμα

429 4289 747 4360 ἀλλογενεῖς
774 4291 871 4346 καὶ
892 4293 1228 4363 ἀλλοφύλους
1255 4294 1543 4367 πόρρωθεν
1573 4295 1684 4349 τῶν
1711 4295 1874 4350 θείων
1911 4297 2025 4366 μεῖ-

431 4401 522 4436 ναι
546 4383 870 4457 περιϐόλων,
896 4387 1024 4449 τοὺς
1076 4387 1133 4440 δὲ
1183 4388 1418 4450 Λευῖτας
1466 4388 1906 4458 κοινωνήσαντας
1954 4389 2022 4459 τῇ

430 4475 527 4528 τοῦ
556 4475 688 4529 λαοῦ
707 4478 1045 4550 παρανομίᾳ,
1078 4480 1171 4534 καὶ
1189 4480 1296 4533 τῶν
1324 4481 1568 4534 εἰδώλων.
1595 4481 1696 4553 τὴν
1723 4481 2025 4553 θεραπείαν

2128 1999 2284 2069 gredi
2313 2000 2496 2067 vellet,
2525 2001 2621 2071 qui
2653 2000 2859 2070 ubique
2883 2001 3115 2055 interest
3150 2008 3205 2056 et
3248 2002 3508 2058 omnibus
3533 2002 3708 2058 adest.

2129 2089 2421 2157 Quomodo
2449 2093 2596 2148 enim
2625 2093 2732 2148 hac
2763 2094 2956 2148 clausa
2985 2092 3276 2160 ingressus
3304 2101 3454 2148 esset
3479 2133 3492 2153 .
3538 2095 3584 2148 si
3619 2109 3714 2162 per

2131 2192 2318 2253 portas
2343 2184 2555 2255 ingredi
2578 2184 3000 2241 consuevisset?
3025 2183 3226 2238 Verum
3254 2183 3713 2239 imbecillioribus

2129 2278 2359 2333 auribus
2384 2292 2506 2332 sese
2539 2275 2966 2332 accommodans
2995 2276 3114 2330 haec
3153 2276 3423 2346 designat.
3465 2274 3531 2328 Et
3568 2276 3715 2330 veri--

2127 2369 2309 2426 simile
2338 2377 2455 2434 est,
2483 2385 2579 2440 per
2609 2369 2725 2424 haec
2754 2369 2915 2424 nobis
2944 2366 3287 2440 Virginalem
3319 2374 3534 2423 uterum
3569 2367 3714 2421 indi-

2127 2461 2266 2526 cari,
2306 2477 2403 2528 per
2427 2476 2592 2532 quem
2623 2475 2804 2531 neque
2847 2461 3134 2531 ingressus
3160 2501 3178 2526 ,
3223 2474 3402 2532 neque
3453 2475 3711 2531 egressus

2125 2561 2210 2607 est
2253 2553 2543 2623 quisquam
2593 2552 2778 2625 alius,
2833 2568 2999 2622 quam
3049 2552 3209 2608 solus
3252 2553 3371 2623 ipse
3421 2551 3708 2607 Dominus.

2128 2641 2206 2714 [ὅ]
2231 2642 2498 2714 Praecepit
2520 2643 2650 2698 item
2673 2683 2690 2708 ,
2721 2642 2868 2714 apud
2900 2642 3045 2698 hanc
3072 2643 3244 2713 ipsam
3274 2651 3488 2713 portam
3510 2642 3708 2698 ducem

2119 2727 2368 2802 quoque,
2394 2733 2498 2789 hoc
2520 2741 2627 2798 est,
2654 2733 2970 2803 principem
2996 2732 3374 2798 sacerdotum,
3394 2733 3520 2789 cibo
3538 2734 3709 2799 vesci,

2125 2832 2181 2879 et
2214 2839 2311 2894 per
2345 2824 2682 2880 vestibulum
2718 2825 2960 2880 transire
3011 2831 3067 2880 et
3108 2824 3402 2880 abeuntem
3451 2831 3508 2880 et
3549 2839 3711 2880 acce-

2125 2913 2348 2970 dentem
2389 2931 2403 2969 :
2443 2915 2549 2970 hoc
2589 2915 2738 2971 enim
2781 2914 3002 2970 vocavit
3044 2914 3222 2972 cctam.
3274 2895 3441 2988 [ξπ-8]
3489 2912 3568 2969 lta
3623 2914 3710 2968 his

2124 3007 2376 3063 narratis
2407 3013 2463 3062 et
2496 3006 2740 3063 ostensis
2763 3044 2777 3070 ,
2812 3019 3012 3060 rursus
3054 3003 3304 3060 intuetur
3341 3002 3558 3058 Domini
3595 3002 3712 3073 glo-

2124 3098 2266 3152 riam
2291 3099 2346 3152 in
2375 3105 2530 3170 porta
2561 3097 2631 3152 ad
2665 3097 2980 3168 aquilonem
3019 3095 3164 3161 sita,
3197 3101 3252 3150 et
3276 3092 3710 3161 dicerejubetur

2123 3189 2480 3244 exacerbanti
2513 3190 2715 3260 populo
2733 3227 2750 3254 ,
2776 3188 2859 3244 vel
2884 3188 3123 3259 litigioso
3145 3194 3198 3242 et
3220 3187 3572 3243 contentioso
3596 3186 3614 3258 (
3634 3187 3710 3240 ita

2128 3280 2340 3352 1033
2370 3281 2518 3336 enim
2546 3288 2602 3336 et
2628 3282 2720 3335 alii
2751 3279 3099 3351 interpretati
3127 3278 3339 3350 sunt),
3377 3285 3436 3333 ut
3461 3278 3709 3333 contenti

2121 3373 2233 3426 sint
2261 3372 2511 3442 pristinis
2537 3371 2904 3439 facinoribus,
2933 3386 3058 3442 qum
3092 3380 3312 3442 patrare
3344 3385 3464 3426 ausr
3493 3377 3705 3433 essent,

2123 3465 2462 3537 alienigenas
2478 3471 2532 3520 et
2551 3464 2974 3520 incircumcisos
2991 3462 3046 3517 in
3071 3477 3292 3520 sacrum
3315 3461 3410 3517 Dei
3440 3460 3708 3529 templum

2122 3557 2539 3614 introducentes
2560 3575 2572 3611 :
2591 3563 2642 3611 et
2660 3555 2808 3626 quod
2829 3556 3129 3611 maximum
3147 3553 3444 3609 criminum
3461 3560 3566 3619 est,
3581 3552 3711 3624 quia

2125 3666 2235 3704 non
2269 3650 2447 3706 solum
2488 3664 2710 3705 carnem
2755 3648 3208 3705 incircumcisam
3263 3645 3574 3709 habebant,
3612 3644 3711 3700 sed

2124 3744 2292 3798 etiam
2323 3740 2561 3812 amplius
2595 3755 2763 3795 carne
2788 3748 3026 3796 mentem
3063 3739 3261 3810 ipsam.
3299 3737 3377 3791 Ita
3410 3744 3468 3791 ut
3499 3735 3713 3807 perspi-

2125 3850 2289 3890 cuum
2326 3834 2418 3900 sit,
2443 3833 2630 3890 cordis
2649 3832 3130 3888 circumcisionem
3156 3830 3389 3901 justitiae
3416 3827 3711 3898 perfectio-

2125 3941 2252 3981 nem
2270 3940 2393 3980 esse
2417 3926 2634 3980 :carnis
2655 3939 2786 3979 vero
2806 3923 3310 3986 circumeisionem,
3329 3921 3451 3988 ejus
3471 3918 3712 3974 circum-

2125 4016 2358 4074 cisionis
2372 4032 2494 4087 qua
2512 4014 3106 4080 mentisest,indicium
3125 4028 3248 4067 esse
3265 4021 3318 4067 et
3333 4011 3707 4081 signaculum.

2129 4106 2308 4180 [9—16]
2333 4106 2588 4176 Praecipit
2617 4106 2785 4176 igitur
2825 4113 3024 4159 auctor
3047 4103 3295 4158 omnium
3325 4117 3508 4157 rerum
3539 4099 3708 4162 Deus,

2125 4214 2222 4256 eos
2249 4199 2344 4269 qui
2372 4198 2558 4252 animo
2579 4195 2964 4252 incircumcisi
2981 4206 3158 4258 erant,
3181 4202 3238 4249 et
3259 4208 3498 4263 corpore
3516 4192 3711 4246 alicui-

2127 4305 2280 4360 genae
2304 4291 2392 4345 et‘
2421 4287 2718 4359 peregrini,
2749 4285 2938 4356 procul
2957 4300 3004 4350 ,a
3032 4284 3238 4341 divinis
3270 4284 3443 4353 septis
3479 4281 3706 4346 morari,

2127 4380 2344 4437 Levitas
2365 4389 2575 4446 autem,
2597 4378 2690 4450 qui
2710 4378 2981 4436 scelerum
3003 4376 3190 4448 popuii
3209 4375 3509 4447 participes
3533 4373 3706 4438 fuere,

2125 4482 2181 4529 et
2197 4471 2469 4528 idolorum
2491 4471 2701 4526 cultum
2717 4470 2976 4540 amplexi,
2992 4470 3059 4524 ab
3075 4468 3271 4525 ordine
3289 4483 3390 4523 suo
3414 4465 3708 4528 removeri,

429 4567 882 4638 ἀσπασαμένους,
915 4571 1012 4640 τῆς
1065 4573 1274 4636 οἰκείας
1322 4572 1530 4637 τάξεως
1574 4575 1902 4644 ἀποστῆναι,
1929 4574 2023 4628 καὶ

2130 4581 2307 4636 neque
2330 4565 2636 4636 janitorum
2671 4562 2850 4618 oﬂicio
2882 4561 3072 4634 fungi,
3108 4576 3286 4631 neque
3317 4559 3707 4615 holocaustqu

435 4660 575 4729 μήτε
628 4661 942 4731 πυλωρεῖν,
978 4663 1117 4733 μήτε
1171 4664 1426 4732 σφάττειν
1476 4665 1577 4736 τὴν
1629 4665 2019 4732 ὁλοκαύτωσιν,

433 4751 530 4804 καὶ
583 4751 680 4823 τὴν
737 4753 866 4824 περὶ
916 4754 1191 4826 ἁμαρτίας
1246 4755 1475 4821 θυσίαν,
1515 4759 1652 4828 μήτε
1711 4757 1819 4829 μὴν
1854 4758 2020 4813 πελά-

434 4841 551 4907 ζειν
596 4846 710 4908 τοῖς
757 4846 940 4914 ἱεροῖς,
974 4845 1112 4898 ἀλλά
1157 4847 1255 4918 τῆς
1288 4848 1494 4912 οἰκείας
1543 4849 1801 4913 ἀσεϐείας
1838 4849 2022 4904 λαϐεῖν

431 4936 648 5008 καρπὸν
677 4937 779 5006 τὴν.
819 4936 1042 5008 ἀτιμίαν
1066 4955 1077 4966 ·
1115 4937 1276 5008 μόνον
1301 4939 1357 4991 δὲ
1405 4939 1500 4993 τοῦ
1531 4941 1742 4996 Σαδοὺκ
1775 4942 1833 4995 τὸ
1865 4942 2022 5010 γένος

429 5027 526 5079 ἐπὶ
558 5026 658 5095 τῆς
691 5025 951 5097 πατρῴας
1004 5030 1184 5098 μεῖναι
1217 5029 1520 5094 εὐσεϐείας,
1555 5031 1649 5084 καὶ
1694 5033 2022 5102 ἱερουργεῖν,

432 5120 528 5172 καὶ¹
559 5117 874 5186 φυλάττειν,
901 5121 994 5173 καὶ
1015 5120 1083 5173 τὰ
1104 5120 1239 5173 ἄλλα
1261 5121 1439 5173 πάντα
1465 5121 1729 5193 πληροῦν.
1748 5125 2024 5194 Προσήκει

429 5212 490 5266 δὲ
506 5211 726 5278 αὐτοὺς,
747 5212 903 5287 φησὶ,
917 5216 1030 5276 τοῖς
1051 5214 1151 5284 μὲν
1170 5213 1227 5280 ἐξ
1259 5213 1424 5283 ἐρίων
1450 5213 1734 5285 ὑφάσμασι
1759 5215 2024 5286 μηδαμῶς

431 5306 771 5377 κεχρῆσθαι,
815 5305 1099 5377 ἐσθήματα
1125 5307 1181 5359 δὲ
1224 5307 1346 5360 λινᾶ
1395 5307 1816 5378 περιϐάλλεσθαι
1848 5307 2021 5378 μόνα,

431 5398 576 5451 κατὰ
606 5398 698 5450 τὸν
728 5398 828 5468 τῆς
865 5399 1178 5469 ἱερουργίας
1205 5399 1416 5468 καιρὸν,
1447 5400 1541 5453 καὶ
1567 5399 1779 5469 κίδαριν
1804 5399 1861 5452 δὲ
1890 5398 2022 5452 ἕκα-

431 5506 560 5554 στος
581 5491 648 5562 τῇ
679 5490 890 5561 κεφαλῇ
915 5489 1261 5560 περιτιθέτω,
1281 5490 1374 5544 καὶ
1395 5490 1560 5556 διαζώ
1569 5509 1712 5563 ματα
1735 5492 1790 5546 δὲ
1813 5490 2021 5546 ἔνδοθεν

2122 4659 2401 4730 jugulare,
2440 4665 2530 4712 aut
2563 4655 2904 4714 sacrificium
2944 4671 3045 4726 pro
3075 4664 3320 4724 peccato,
3347 4667 3530 4721 neque
3555 4650 3712 4704 insu-

2128 4767 2224 4824 per
2254 4751 2432 4807 sacris
2459 4745 2906 4821 apprOpinquare
2929 4787 2942 4813 ,
2985 4747 3079 4802 sed
3119 4745 3415 4816 impietatis
3448 4758 3562 4800 suae
3597 4742 3713 4795 fru-

2126 4853 2278 4900 ctum
2328 4843 2685 4914 ignominiam
2729 4840 3049 4912 percipere;
3090 4853 3264 4911 genus
3301 4851 3432 4892 vero
3473 4835 3710 4900 Sadoei,

2127 4937 2277 5008 quod
2321 4936 2557 5008 patriam
2600 4935 2862 5005 pietatem
2910 4931 3189 4998 servavit,
3236 4929 3506 4984 duntaxat
3552 4929 3716 4984 mini-

2134 5042 2330 5095 strare,
2356 5034 2409 5083 et
2436 5025 2744 5082 custodiam
2780 5031 2986 5087 tenere,
3019 5029 3074 5077 et
3100 5022 3206 5075 alia
3232 5020 3419 5075 omnia
3453 5020 3717 5077 sacerdo-

2135 5131 2249 5177 tum
2277 5132 2506 5177 munera
2529 5117 2704 5171 obire.
2735 5111 2954 5188 [ΓΙ-ΞΒ]
2989 5112 3058 5166 Et
3086 5111 3244 5168 decet
3280 5113 3463 5183 ipsos,
3499 5112 3713 5182 inquit,

2132 5213 2376 5269 vestibus
2407 5229 2436 5268 e
2471 5211 2614 5264 lanis
2651 5208 2927 5264 contextis
2973 5221 3322 5277 nequaquam
3361 5206 3440 5260 uti
3469 5247 3482 5269 ,
3521 5204 3616 5260 sed
3653 5204 3716 5258 li-

2133 5308 2254 5364 neis
2277 5315 2491 5362 tantum
2525 5303 2872 5358 vestimentis
2910 5300 3066 5356 indui
3099 5308 3345 5372 tempore
3379 5296 3672 5353 ministerii
3700 5335 3714 5360 ,

2131 5408 2183 5453 et
2206 5409 2658 5466 unumquemque
2678 5392 2845 5463 capiti
2878 5405 3160 5460 unponere
3182 5389 3442 5448 Cidarim.
3491 5393 3548 5440 et
3593 5383 3717 5440 sub-

2131 5490 2382 5562 ligaculis
2438 5488 2591 5542 intus
2644 5500 2703 5541 se
2743 5483 3116 5555 praecingere,
3169 5490 3332 5539 atque
3357 5485 3618 5533 exeuntes
3647 5475 3713 5529 ad

1719 5667 1958 5723 VARI/13'
1996 5662 2410 5724 LECTIONES.

519 5809 567 5878 ἵθ
608 5806 729 5858 θυσ.
783 5806 831 5878 Β
877 5805 1066 5871 θείαν,
1112 5806 1167 5862 in
1199 5808 1448 5878 margine
1479 5809 1692 5863 θυσίαν.

435 5881 484 5911 ⁷⁵
525 5877 566 5933 Β
601 5877 917 5932 ἐπανιόντα.
1331 5877 1346 5878 ί
1693 5913 1700 5921 .

1774 5811 1815 5842 τι
1860 5806 2130 5865 θυσ.[)ι;8.
2176 5809 2228 5863 in
2259 5808 2315 5861 Β.

2398 5806 2441 5837 ⁷³
2477 5804 2552 5857 δέ.
2589 5801 2709 5858 Des.
2743 5799 2798 5854 in
2831 5797 2888 5849 Β.
2967 5796 3011 5826 ⁷³
3051 5791 3167 5861 τήν.
3193 5787 3232 5838 Β
3266 5803 3451 5858 pultm.
3482 5785 3705 5858 ταύτην.
