4070 6456
385 426 521 491 1235

1339 428 1829 489 THEODORETI
1859 431 2198 494 EPISCOPI
2219 433 2584 498 CYRENSIS

3504 436 3643 502 1236

384 544 654 613 populum
678 583 692 608 ,
721 550 904 596 vestes
953 539 1125 594 cultui
1161 537 1447 594 dedicatas
1481 555 1716 604 exuere,
1759 549 1811 594 et
1843 541 1963 598 aliis

2075 545 2408 617 περικείσθω
2427 564 2442 578 ο
2479 547 2712 612 ἐξιόντες
2735 546 2791 600 δὲ
2825 547 2962 619 πρὸς
2989 545 3080 601 τὸν
3112 504 3261 612 λαὸν,
3287 545 3384 611 τὰς
3419 549 3518 618 μὲν
3541 550 3650 604 λει-
3701 603 3712 613 ,

384 635 614 690 indutos
666 643 820 688 extra
850 640 1038 700 portas
1067 630 1275 700 egredi.
1300 627 1486 698 Neque
1517 630 1664 683 enim
1690 629 1772 684 fas
1803 639 1908 694 est,
1935 646 1966 685 a

387 725 699 780 sacerdotio
733 724 970 777 alienum
1015 720 1455 776 sacerdotalibus
1503 721 1751 777 vestibus
1799 722 1965 778 indu-

387 831 500 871 tum
549 816 1012 886 appropinquare.
1054 814 1246 884 Capita
1299 829 1521 884 quoque
1572 829 1682 868 nou
1735 815 1966 884 radent,

387 907 533 977 quod
588 905 768 960 facere
810 913 1218 960 consueverant
1268 905 1543 961 idolorum
1595 906 1961 964 sacerdotes:

393 1019 411 1050 ι
450 997 516 1051 Ει
557 1012 747 1052 comas
794 1011 928 1052 suas
968 1011 1077 1051 non
1122 995 1428 1051 nudabunt.
1462 1016 1481 1048 ι
1521 995 1785 1054 Hebraeus
1835 1013 1967 1054 vero

391 1091 603 1163 1034
637 1099 692 1147 ει
735 1091 910 1162 Syrus
948 1107 1053 1146 non
1087 1091 1319 1145 nutriant
1357 1090 1564 1147 dixere.
1601 1091 1787 1162 Neque
1819 1093 1964 1147 enim

385 1187 504 1240 radi
532 1187 714 1256 ipsos,
747 1185 962 1254 inquit,
998 1191 1220 1254 oportet
1240 1223 1256 1247 ,
1297 1199 1473 1252 neque
1500 1198 1684 1239 comas
1712 1185 1924 1238 nutrire
1948 1225 1964 1248 ,

385 1277 483 1332 sed
528 1285 775 1332 tonsura:
824 1276 1260 1332 mediocritatem
1315 1275 1632 1330 observare.
1680 1274 1792 1328 Hoc
1821 1276 1966 1329 enim

386 1368 715 1438 signiﬁcavit
736 1411 750 1437 ,
778 1383 904 1423 cum
939 1367 1075 1422 dixit
1111 1385 1124 1421 :
1175 1386 1194 1420 ι
1225 1367 1618 1436 Cooperientes
1645 1367 1968 1435 cooperient

387 1461 571 1530 capita
607 1477 728 1516 sua.
763 1479 781 1511 ›
818 1459 1045 1530 Oportet
1077 1461 1206 1514 item
1241 1459 1394 1528 ipsos
1426 1473 1491 1512 eo
1527 1466 1775 1527 tempore
1800 1499 1815 1527 ,
1853 1473 1964 1528 quo

388 1552 703 1607 sacerdotio
747 1551 1082 1623 fungendum
1125 1559 1228 1615 est,
1270 1565 1300 1603 a
1329 1549 1438 1603 vini
1474 1557 1605 1618 potu
1646 1548 1962 1606 abstinere:

389 1659 476 1710 ac,
507 1645 553 1700 si
583 1645 753 1698 velint
784 1659 1008 1698 uxorem
1035 1642 1263 1706 ducere,
1292 1656 1467 1709 neque
1491 1640 1712 1695 viduam
1737 1684 1750 1707 ,
1784 1655 1965 1711 neque

387 1737 732 1805 repudiatam
759 1735 1049 1790 mulierem
1085 1735 1323 1797 ducere,
1359 1732 1453 1787 sed
1485 1732 1776 1802 virginem.
1805 1731 1962 1798 Quod

384 1828 431 1883 si
458 1829 622 1882 etiam
645 1827 825 1897 aliqua
848 1826 1014 1881 fuerit
1044 1825 1353 1881 sacerdotis
1385 1839 1524 1878 uxor
1550 1823 1716 1880 vidua
1745 1823 1960 1890 relicta,

2067 639 2365 708 τουργικάς
2398 639 2818 692 ἀποδυέσθωσαν
2841 638 3051 703 στολὰς,
3083 637 3274 709 ἐτέρας
3313 637 3370 690 δὲ
3399 639 3646 710 ἀμπεχό-

2071 746 2222 800 μενοι
2248 729 2348 792 τάς
2401 727 2575 790 πύλας
2603 728 2866 792 ἐξίτωσαν
2885 744 2898 758 ο
2933 726 3058 780 οὗτε
3096 725 3204 797 γὰρ
3239 725 3396 795 θέμις
3423 726 3516 779 τὸν
3545 727 3649 797 τῆς

2069 820 2374 892 ἱερωσύνης
2391 819 2666 890 ἀλλότριον
2681 821 2800 882 ταῖς
2822 820 3120 891 ἱερατικαῖς
3135 816 3390 880 πελάζειν
3409 817 3644 882 στολαῖς.

2067 915 2179 970 Καὶ
2205 915 2303 978 τὰς
2329 914 2573 984 κεφαλὰς
2601 915 2659 968 δὲ
2701 916 2761 968 οὐ
2815 911 3157 984 ξυρήσονται,
3201 912 3358 966 τοῦτο
3389 911 3497 982 γάρ
3524 910 3646 974 έθος

2065 1003 2135 1079 ἦν
2174 1010 2348 1061 ποιεῖν
2378 1010 2488 1071 τοῖς
2517 1007 2626 1060 τῶν
2668 1005 2902 1062 εἰδώλων
2933 1005 3170 1078 ἱερεῦσι·
3207 1025 3225 1058 ι
3269 1006 3378 1061 Καὶ
3404 1004 3505 1068 τὰς
3550 1004 3646 1058 x6-

2069 1114 2178 1169 μας
2231 1098 2413 1153 αὐτῶν
2452 1099 2512 1152 οὐ
2552 1097 2898 1167 ψιλώσουσιν.
2933 1115 2952 1149 ι
3003 1097 3060 1150 '0
3101 1097 3159 1149 δὲ
3195 1083 3467 1167 Ἑϐραῖος,
3496 1095 3590 1148 καὶ
3617 1095 3646 1148 ό

2067 1189 2259 1259 Σύρος,
2288 1191 2360 1244 οὐ
2411 1187 2746 1258 θρέψουσιν
2773 1186 3001 1258 ἔφασαν.
3049 1185 3186 1240 Οΰτε
3223 1186 3332 1256 γὰρ
3367 1185 3645 1257 ξυρεῖσθαι

2066 1280 2286 1342 αὐτοὺς,
2323 1281 2494 1351 φησὶ,
2523 1281 2813 1352 προσήκει,
2846 1279 2970 1333 οὒτε
3023 1279 3200 1348 κόμας
3235 1279 3476 1349 τρέφειν,
3509 1277 3646 1331 ἀλλά

2070 1371 2346 1442 μεσότητα
2400 1373 2604 1442 κουρᾶς
2650 1373 2970 1443 ἀγαπῆσαι·
3000 1371 3158 1424 τοῦτο
3211 1370 3320 1441 γάρ
3366 1369 3642 1441 ἐσήμηνεν

2066 1463 2336 1534 εἰρηκώς·
2379 1481 2399 1516 ι
2455 1463 2836 1529 Καλύπτοντες
2889 1462 3190 1533 καλύψουσι
3251 1463 3353 1526 τὰς
3397 1461 3641 1531 κεφαλὰς

2066 1555 2270 1610 αὐτῶν.
2299 1575 2316 1608 ι
2339 1558 2430 1609 Δεῖ
2459 1557 2517 1611 δὲ
2545 1558 2741 1621 αὐτοὺς
2766 1556 2905 1611 κατά
2931 1557 3023 1610 τὸν
3054 1555 3367 1627 ἱερουργίας
3381 1555 3430 1587 ⁷⁸
3452 1553 3643 1624 καιρὸν

2065 1650 2375 1713 οἱνοποσίας
2412 1649 2750 1720 ἀπέχεσθαι·
2800 1649 2962 1719 γάμῳ
3011 1648 3067 1700 δὲ
3117 1646 3470 1718 βουλομένους
3512 1647 3640 1712 ὁμιο

2066 1739 2202 1803 λεῖν,
2240 1740 2379 1810 μήτε
2395 1738 2592 1810 χήραν,
2623 1739 2762 1808 μήτε
2798 1737 3206 1808 ἐκϐεϐλημένην
3239 1738 3474 1806 γυναῖκα
3501 1734 3641 1806 λαμ⁶

2066 1830 2271 1895 ϐάνειν,
2303 1829 2441 1884 ἀλλά
2487 1830 2773 1900 παρθένον.
2806 1830 2870 1882 Εἰ
2915 1829 2971 1882 δὲ
3005 1829 3101 1882 καὶ
3144 1828 3334 1898 ἱερέως
3373 1843 3458 1889 τις
3486 1841 3642 1896 γενο-

383 1927 437 1974 et
472 1917 707 1974 voluerit
743 1918 944 1987 aliquis
993 1933 1114 1972 eam
1158 1916 1362 1972 ducere
1386 1958 1400 1981 ,
1451 1931 1520 1972 ne
1565 1915 1703 1971 tales
1741 1912 1961 1984 quidem

2069 1927 2206 1996 μένη
2253 1925 2393 1994 γυνὴ
2436 1922 2748 1994 χηρεύσειε,
2779 1926 2870 1975 καὶ
2899 1919 3186 1992 βουληθείη
3221 1937 3306 1984 τις
3336 1919 3507 1990 αὐτὴν
3541 1918 3644 1989 γῆ·

383 2010 591 2079 nuptiae
623 2023 653 2062 a
685 2009 800 2076 lege
834 2007 1236 2062 interdicentur
1264 2025 1278 2061 :
1322 2005 1597 2076 siquidem
1640 2005 1962 2059 inviolatum

385 2110 571 2157 manet
603 2102 896 2157 sacerdotii
926 2117 1123 2172 genus,
1160 2102 1205 2155 si
1240 2117 1363 2171 quae
1405 2099 1682 2155 sacerdoti
1709 2097 1961 2168 copulata

383 2196 491 2248 fuit
540 2195 818 2249 sacerdoti
867 2210 1063 2250 rursus
1113 2194 1502 2264 coniungatur.
1565 2191 1715 2258 Quos
1767 2205 1967 2246 rursus

385 2295 608 2356 oportet
649 2289 816 2342 etiam
870 2287 1134 2357 populum
1179 2286 1439 2353 erudire,
1479 2293 1535 2341 et
1578 2285 1958 2341 communium

385 2391 784 2447 sacrorumque
820 2377 1121 2432 discrimen
1152 2375 1372 2432 docere.
1418 2374 1527 2446 lpsi
1562 2374 1729 2430 etiam
1762 2387 1964 2429 causas

385 2468 453 2522 ad
472 2469 648 2523 ea:ch
678 2468 1020 2538 pertinentes
1051 2466 1328 2536 judicent,
1359 2472 1414 2520 et
1436 2464 1576 2519 alias
1606 2464 1733 2518 lites
1762 2461 1965 2518 dissol-

382 2564 535 2620 vant,
571 2571 785 2627 semper
817 2556 871 2610 id
899 2555 1047 2626 quod
1081 2555 1293 2625 justum
1323 2563 1410 2611 est
1433 2598 1448 2622 ,
1481 2553 1860 2624 praeferentes.
1899 2550 1965 2604 Et

383 2647 740 2704 celebritates
776 2647 1079 2704 secundum
1111 2647 1286 2716 legem
1311 2652 1601 2715 peragant,
1639 2651 1693 2699 et
1721 2643 1963 2698 Sabbata

384 2741 570 2812 quiete
617 2750 672 2796 et.
715 2742 839 2796 aliis
886 2738 1053 2795 rebus
1089 2737 1381 2792 honorent.
1432 2755 1450 2788 ι
1482 2734 1547 2789 Ει
1596 2734 1664 2789 ad
1720 2729 1961 2788 animant

383 2832 626 2888 hominis
657 2847 764 2886 non
789 2829 1192 2901 ingredientur,
1223 2837 1282 2883 at
1304 2828 1642 2898 polluantur,
1674 2844 1692 2878 ι
1722 2825 1830 2880 hoc
1855 2831 1961 2888 est,

386 2925 455 2981 ad
486 2925 722 2980 cadaver
750 2925 856 2996 (sic
899 2923 1047 2980 enim
1079 2932 1133 2978 et
1160 2921 1458 2988 Hebraeus,
1485 2927 1539 2976 et
1569 2919 1743 2990 Syrus
1773 2915 1963 2985 dixit),

389 3038 410 3068 ι
438 3018 534 3072 sed
571 3017 639 3071 ad
679 3017 857 3073 solum
896 3024 1104 3087 patrem
1137 3023 1192 3071 et
1230 3023 1500 3079 matrem,
1535 3012 1757 3082 inquit,
1795 3009 1964 3064 tilium

382 3116 437 3164 et
469 3108 636 3162 tiliam
661 3150 676 3175 ,
718 3107 948 3164 fratrem
989 3115 1042 3164 et
1071 3111 1332 3178 isororem
1375 3105 1620 3161 nondum
1653 3112 1900 3175 nuptam.
1939 3120 1957 3153 ι

384 3199 639 3274 [26-51]
693 3199 901 3256 Deinde
955 3199 1251 3272 praecipit,
1315 3196 1596 3269 quomodo
1648 3195 1965 3250 immundus

384 3291 769 3348 emundandus
799 3292 891 3356 sit,
918 3299 981 3346 ut
1008 3291 1084 3345 ita
1114 3289 1290 3361 possit
1319 3289 1387 3344 ad
1419 3288 1732 3344 obeundum
1765 3303 1965 3342 munus

383 3384 693 3441 accedere:
749 3401 860 3439 non
904 3383 1033 3454 quia
1081 3398 1271 3438 revera
1309 3387 1325 3404 '
1365 3381 1767 3437 exsecrandum
1817 3387 1969 3435 esset

382 3487 635 3536 mortuos
670 3477 946 3549 inSpicere
980 3478 1049 3547 (si
1081 3477 1227 3532 enim
1265 3491 1392 3531 vere
1431 3475 1538 3530 hoc
1569 3474 1837 3538 laesisset,
1876 3473 1968 3527 lae-

383 3569 550 3626 sisset
578 3568 744 3623 etiam
779 3569 980 3622 mortui
1013 3567 1186 3637 patris
1209 3606 1224 3630 ,
1281 3575 1376 3620 aut
1408 3567 1623 3632 matris,
1653 3574 1748 3619 aut
1778 3565 1968 3620 fratris

384 3661 688 3731 aspectus)
737 3677 751 3714 :
801 3658 898 3714 sed
942 3675 1036 3728 per
1086 3659 1200 3712 haec
1247 3659 1542 3714 ostendere
1582 3659 1723 3723 vult,
1771 3657 1965 3726 majori

383 3748 744 3804 observantia
768 3747 993 3818 dignum
1023 3750 1167 3819 apud
1197 3747 1442 3813 Iudaeos,
1477 3750 1570 3820 qui
1598 3765 1764 3819 parva
1793 3749 1966 3803 extol-

385 3836 502 3891 lere
537 3835 889 3902 didicerant,
923 3852 1047 3892 esse
1077 3839 1445 3894 sacerdotem.
1482 3837 1686 3894 Deinde
1719 3839 1963 3908 praecipit

389 3927 601 3999 1035
632 3928 977 3985 sacerdotem
1015 3947 1237 4002 quoque
1286 3946 1386 4001 pro
1435 3931 1618 4002 seipso
1677 3931 1874 3986 offerre
1906 3931 1962 3985 in

384 4030 575 4075 sancta
615 4021 995 4091 ingressurum
1026 4041 1040 4077 :
1089 4038 1267 4092 neque
1297 4030 1508 4092 partem
1545 4022 1798 4091 accipere
1836 4037 1963 4077 eum

384 4112 510 4167 ﬁliis
558 4112 781 4168 lsraelis
829 4113 883 4166 in
925 4111 1318 4168 distributione
1353 4119 1534 4167 terrae.
1595 4131 1613 4164 ι
1651 4110 1764 4182 Ego
1804 4112 1956 4167 enim

384 4206 717 4273 hzereditas,
743 4205 960 4276 inquit,
991 4207 1264 4276 ipsorum,
1293 4212 1348 4261 et
1382 4203 1667 4275 possessio
1689 4218 1905 4259 eorum.
1937 4222 1955 4254 ι

384 4297 513 4352 Mihi
545 4300 691 4354 enim
727 4300 908 4355 oblata
949 4300 1344 4371 primogenita,
1377 4305 1432 4353 et
1479 4296 1754 4368 primitias
1780 4334 1796 4358 .
1825 4297 1964 4365 ipsis

383 4391 451 4446 ad
500 4390 795 4446 fruendum
851 4383 975 4446 dedi
1005 4432 1020 4454 ,
1065 4401 1120 4446 et
1158 4399 1347 4462 partes
1383 4405 1412 4442 a
1461 4387 1755 4444 sacrificiis
1802 4387 1962 4442 abla-

384 4494 467 4538 tas
510 4499 711 4540 rursus
757 4486 838 4540 eis
883 4485 1137 4541 attribui.
1181 4484 1292 4556 Ego
1327 4483 1476 4539 enim
1517 4480 1666 4535 nulla
1714 4494 1773 4534 re
1813 4479 1962 4535 indi-

384 4588 504 4649 gen.

955 4684 1187 4741 CAPUT
1227 4685 1392 4742 XLV.

457 4780 605 4853 [l~8]
650 4781 816 4840 lubet
846 4787 1028 4834 autem
1065 4794 1290 4857 quoque
1321 4788 1525 4835 terram
1567 4779 1863 4850 quamdam
1903 4779 1962 4833 in

383 4870 721 4927 suburbanis
752 4869 971 4929 deliniri
1014 4870 1400 4926 sacerdotibus
1423 4909 1438 4934 ,
1488 4869 1557 4923 ab
1594 4869 1807 4924 oriente
1844 4867 1964 4922 sole

386 4960 455 5019 ad
483 4977 768 5028 occasum,
798 4961 988 5018 decem
1021 4963 1197 5020 millia
1228 4960 1582 5026 cubitorum,
1618 4968 1674 5014 et
1699 4961 1768 5016 ab
1800 4961 1963 5029 aqui-

386 5053 514 5112 lone
539 5053 604 5108 ad
630 5053 912 5110 meridiem
936 5055 1130 5125 viginti
1153 5054 1400 5124 quinque
1422 5053 1627 5108 millia:
1650 5063 1729 5118 ut,
1759 5052 1960 5123 inquit,

388 5143 651 5201 habentes
677 5145 780 5220 ipsi
805 5147 1071 5210 decimas,
1097 5155 1152 5202 et
1176 5146 1473 5216 primitias,
1497 5153 1550 5201 et
1575 5145 1961 5219 primogenita,

389 5243 444 5290 et
469 5236 877 5293 sacrificiorum
911 5248 1194 5308 separatas
1220 5244 1424 5308 partes,
1456 5246 1511 5293 et
1539 5253 1570 5292 a
1599 5245 1743 5290 terra
1769 5251 1964 5291 conso-

390 5328 649 5389 lationem
681 5371 694 5395 ,
738 5332 791 5390 id
817 5331 978 5403 quod
1011 5331 1227 5398 justum.
1266 5337 1349 5385 est
1385 5329 1829 5399 amplectantur,
1863 5342 1966 5383 nec

391 5421 625 5498 amplius
665 5424 1102 5499 concupiscant,
1143 5437 1318 5498 neque
1360 5423 1561 5492 populo
1595 5427 1864 5486 noceant,
1901 5435 1967 5474 eo

392 5509 639 5568 fruentes
681 5530 791 5584 quo
834 5511 1087 5566 contenti
1135 5524 1257 5566 esse
1295 5519 1533 5580 queant.
1572 5509 1782 5566 Idcirco
1832 5509 1966 5564 sub-

388 5603 554 5676 jecit:

2070 2035 2187 2090 μαι,
2205 2016 2327 2072 οὐδὲ
2353 2017 2382 2069 ό
2403 2015 2642 2077 τοιοῦτος
2664 2015 2842 2085 γάμος
2871 2013 3188 2085 παράνομος
3204 2027 3219 2036 ·
3238 2011 3516 2080 ἀνέπαφον
3537 2006 3648 2082 γὰρ

2065 2109 2165 2180 τῆς
2201 2108 2500 2180 ἱερωσύνης
2523 2108 2673 2179 μένει
2701 2107 2763 2160 τὸ
2792 2106 2968 2176 γένος,
2993 2105 3094 2175 τῆς
3122 2106 3262 2174 ἱερεῖ
3277 2102 3640 2173 συναφθείσης

2064 2201 2143 2272 τῷ
2179 2202 2316 2271 ἱερεῖ
2343 2199 2506 2253 πάλιν
2534 2197 2970 2269 συναπτομένης.
2997 2196 3118 2268 Χρὴ
3144 2195 3199 2248 δὲ
3231 2192 3455 2257 τούτους
3483 2192 3647 2248 πάλιν

2065 2291 2283 2345 καὶτὸν
2315 2289 2444 2344 λαὸν
2490 2289 2839 2344 ὲκπαιδεύειν
2871 2287 2983 2341 τῶν
3035 2303 3096 2340 τε
3144 2285 3340 2340 κοινῶν
3392 2284 3491 2338 καὶ
3534 2283 3651 2339 τῶν

2052 2384 2232 2454 ’ἱερῶν
2260 2383 2320 2436 τὺ
2348 2382 2626 2454 διάφορον.
2652 2379 2817 2435 Αὐτοὶ
2845 2380 2903 2434 δὲ
2932 2379 3028 2433 καὶ
3055 2381 3178 2442 ταῖς
3214 2379 3460 2446 φονικαῖς
3491 2377 3648 2432 δικα-

2067 2473 2318 2526 σάτωσαν
2335 2470 2534 2534 δίκαις,
2561 2467 2658 2522 καὶ
2682 2467 2782 2530 τάς
2810 2466 2978 2530 ἄλλας
3005 2467 3062 2521 δὲ
3089 2465 3417 2535 ἀμφιϐολίας
3447 2464 3648 2518 λυέτω-

2052 2581 2187 2626 -σαν,
2227 2559 2506 2632 πανταχοῦ
2530 2558 2800 2631 τιμῶντες
2823 2558 2884 2612 τὸ
2927 2559 3154 2612 δίκαιον.
3188 2558 3297 2612 Καὶ
3327 2556 3426 2620 τάς
3453 2557 3646 2628 ἑορτὰς

2065 2656 2122 2710 δὲ
2149 2654 2293 2709 κατὰ
2323 2653 2416 2706 τὸν
2468 2653 2634 2722 νόμον
2674 2649 3117 2713 ὲπιτελείτωσαν,
3145 2650 3242 2702 καὶ
3281 2647 3353 2700 τά
3392 2645 3646 2699 Σάϐϐατα

2064 2750 2131 2818 τῇ
2165 2745 2333 2817 ἀργίᾳ
2382 2744 2479 2798 καὶ
2524 2745 2639 2804 τοῖς
2681 2741 2859 2804 ἀλλοις
2918 2739 3269 2810 τιμάτωσαν.
3315 2755 3338 2789 ι
3393 2737 3506 2790 Καὶ
3550 2735 3649 2790 ἐπὶ

2065 2837 2245 2909 ψυχὴν
2269 2835 2560 2906 ἀνθρώπου
2603 2835 2704 2887 οὐκ
2732 2831 3124 2886 εἰσελεύσονται
3153 2829 3248 2883 τοῦ
3279 2827 3593 2899 μιανθῆναι,
3619 2846 3642 2879 ι

2064 2925 2350 2980 τουτέστιν
2381 2924 2473 2976 ἐπὶ
2503 2921 2682 2993 νεκρῷ
2706 2939 2720 2953 ο
2757 2921 2899 2974 οὓτω
2926 2920 3036 2991 γὰρ
3085 2920 3179 2972 καὶ
3203 2923 3232 2972 ὁ
3272 2917 3521 2989 Ἐϐραῖος
3547 2917 3649 2972 καὶ

2064 3018 2094 3070 ὁ
2127 3015 2300 3085 Σύρος
2343 3013 2480 3084 ἔφη’
2522 3031 2541 3064 ι
2575 3013 2690 3066 ἀλλ’
2738 3012 2832 3065 ἐπὶ
2868 3011 3043 3083 μόνῳ,
3104 3010 3278 3080 φησὶ,
3333 3009 3504 3078 πατρὶ
3552 3009 3650 3064 καὶ

2070 3106 2260 3179 μητρὶ,
2294 3105 2396 3176 υίῷ
2430 3106 2526 3159 καὶ
2552 3103 2806 3175 θυγατρὶ,
2823 3101 3037 3173 ἀδελφῷ
3059 3104 3151 3157 καὶ
3177 3101 3377 3174 ἀδελφῇ
3418 3101 3648 3173 μηδέπω

2066 3217 2136 3270 γη
2146 3198 2384 3269 μαμένῃ.
2406 3217 2424 3250 ›
2452 3193 2586 3250 Εἶτα
2605 3197 2894 3267 παρεγγυᾷ
2907 3196 2975 3259 ⁷⁸,
2995 3194 3113 3258 πῶς
3129 3194 3211 3248 δεῖ
3224 3194 3315 3247 τὸν
3340 3194 3649 3264 ἀκάθαρτον

2070 3290 2432 3361 καθαρθῆναι,
2483 3289 2578 3342 καὶ
2626 3287 2770 3341 οὓτω
2801 3289 2868 3358 τῇ
2915 3287 3199 3358 ἱερουργίᾳ
3244 3287 3516 3342 πελάσαι·
3545 3287 3650 3339 οὐκ

2069 3381 2256 3452 ἐπειδὴ
2277 3380 2354 3451 τῷ
2382 3381 2495 3434 bim
2528 3374 2866 3450 μυσαρὸνῆν
2897 3379 2960 3432 τὸ
2983 3380 3114 3442 τοὺς
3148 3377 3452 3441 τεθνεῶτας
3480 3379 3645 3449 όρᾷν·

2070 3476 2118 3526 εἰ
2170 3475 2278 3543 γὰρ
2321 3470 2538 3540 ἀληθῶς
2589 3470 2853 3533 ὲλωϐἄτο,
2886 3470 3192 3541 ἐλυμήνατο
3228 3468 3296 3524 ἂν
3349 3471 3441 3523 καὶ
3473 3471 3507 3539 ἡ
3551 3468 3649 3521 τοῦ

2067 3566 2362 3628 τεθνεῶτος
2400 3565 2624 3635 πατρὸς,
2654 3565 2688 3635 ἦ
2742 3563 2952 3634 μητρὸς
2973 3604 2988 3629 ,
3016 3563 3050 3635 ἢ
3087 3562 3318 3633 ἀδελφοῦ
3352 3563 3449 3617 θέα
3471 3579 3485 3594 ο
3511 3561 3650 3616 ἀλλά

2067 3656 2155 3711 διά
2183 3656 2389 3709 τούτων
2439 3653 2863 3725 αἱδεσιμὼτερον
2909 3655 3064 3727 παρά
3099 3657 3212 3719 τοῖς
3250 3655 3318 3709 τὰ
3353 3654 3528 3728 μικρά
3555 3670 3648 3706 σε-

2071 3749 2290 3820 μνύνειν
2323 3747 2702 3819 μεμαθηκόσιν
2747 3747 3022 3811 Ἰουδαίοις
3062 3747 3152 3800 τὸν
3184 3747 3334 3818 ἱερέα
3359 3743 3498 3800 εἶναι
3525 3747 3638 3816 βου-

2068 3842 2313 3912 λόμενος.
2346 3839 2479 3894 Εἱτα
2517 3839 2956 3912 παρακελεύεται
2990 3839 3085 3893 καὶ
3122 3841 3222 3910 τὴν
3265 3840 3406 3911 ὑπὲρ
3452 3837 3650 3892 ἑαυτοῦ

2068 3932 2258 3987 θυσίαν
2287 3935 2676 4002 προσενεγκεῖν
2715 3931 2806 3984 τδν
2842 3932 2990 4003 ἱερέα
3017 3932 3281 4002 μέλλοντα
3307 3933 3387 3995 εἰς
3414 3931 3482 3984 τά
3516 3933 3650 4000 ἅγια

2068 4025 2293 4079 εἰσιέναι
2326 4041 2341 4056 ο
2377 4023 2472 4078 καὶ
2531 4023 2724 4094 μερίδα
2780 4022 2854 4093 μὴ
2916 4023 3103 4078 λαϐεῖν
3165 4023 3302 4093 μετά
3356 4023 3466 4076 τῶν
3517 4023 3652 4076 υἱῶν

2081 4116 2294 4189 Ἰσραὴλ
2314 4117 2372 4169 ὲν
2399 4118 2466 4187 τῇ
2498 4116 2726 4187 διανομῇ
2756 4115 2858 4185 τῆς
2883 4114 3008 4185 γῆς.
3059 4133 3078 4165 ι
3125 4115 3266 4184 Ἐγὼ
3294 4115 3424 4186 γὰρ,
3460 4116 3648 4186 φησὶν,

2064 4211 2098 4280 ἡ
2133 4208 2466 4280 κληρονομία
2514 4208 2693 4262 αὐτῶν
2744 4209 2840 4262 καλ⁹
2897 4207 3229 4280 κατάσχεσις
3277 4208 3478 4261 αὐτῶν.
3513 4227 3530 4258 ι
3566 4208 3652 4262 Τὰ

2065 4301 2175 4372 γὰρ
2189 4301 2314 4372 ἐμοὶ
2338 4299 2758 4371 προσφερόμενα
2787 4299 3129 4370 πρωτότοκα,
3152 4299 3246 4352 καὶ¹
3271 4300 3368 4362 τὰς
3391 4300 3652 4371 ἀπαρχὰς

2065 4394 2248 4456 αὐτοῖς
2279 4393 2358 4456 εἱς
2379 4391 2678 4446 ἀπόλαυσιν
2716 4390 2933 4461 δίδωμι,
2962 4392 3058 4444 καὶ
3074 4390 3140 4445 τὰ
3169 4389 3276 4443 ἀπὸ
3299 4389 3409 4443 τῶν
3449 4389 3652 4442 θυσιῶν

2065 4482 2438 4555 ἀφοριζόμενα
2458 4482 2620 4536 πάλιν
2647 4482 2832 4545 αὐτοῖς
2860 4481 3154 4552 ἁπένειμα.
3192 4480 3333 4549 Ἐγὼ
3355 4480 3463 4552 γὰρ
3492 4481 3651 4535 ἀνεν-

1993 4597 2038 4652 o
2063 4573 2208 4646 δεής-

2576 4686 2972 4740 ΚΕΦΑΛΛΙΟΝ
3010 4688 3145 4744 ME’.

2139 4777 2366 4832 Κελεύει
2399 4777 2456 4830 δὲ
2505 4778 2596 4831 καὶ
2637 4777 2742 4846 γῆν
2771 4794 2892 4832 τινα
2922 4777 3282 4851 ἀφορισθῆναι
3323 4777 3649 4849 προάστειον

2065 4873 2180 4933 τοῖς
2210 4869 2415 4941 ἱερεῦσι
2445 4885 2458 4898 ’
2507 4869 2615 4925 ἀπὸ
2652 4869 2750 4937 μὲν
2780 4870 3091 4940 ἀνίσχοντος
3122 4871 3272 4941 ἡλίου
3307 4870 3443 4942 πρὸς
3481 4871 3648 4924 ἑσπέ-

2071 4979 2192 5034 ραν,
2237 4961 2369 5014 δέκα
2415 4959 2658 5031 χιλιάδας
2707 4961 2928 5032 πήχεων
2954 4978 2970 4993 ·
3016 4962 3124 5017 ἀπὸ
3163 4963 3219 5016 δὲ
3260 4963 3463 5034 ἄρκτου
3512 4964 3650 5036 πρὸς

2071 5052 2417 5125 μεσημϐρίαν
2445 5054 2620 5106 εἰκοσι
2646 5053 2741 5107 καὶ
2771 5054 2934 5108 πέντε
2968 5055 3232 5125 χιλιάδας,
3264 5055 3427 5119 ὥστε,
3457 5056 3647 5126 φησὶν,

2067 5151 2291 5221 ἔχοντας
2326 5147 2524 5210 αὐτοὺς
2551 5145 2649 5205 τὰς
2680 5145 2932 5212 δεκάτας,
2970 5147 3063 5200 καὶ
3108 5147 3207 5210 τάς
3237 5146 3514 5217 ἀπαρχὰς,
3555 5147 3651 5200 καὶ

2059 5238 2128 5292 τά
2176 5236 2519 5308 πρωτότοκα,
2567 5234 2660 5289 καὶ
2708 5234 2817 5288 τῶν
2870 5235 3070 5289 θυσιῶν
3115 5241 3216 5299 τὰς
3256 5236 3650 5308 ἀφωρισμένας

2065 5331 2281 5401 μοίρας,
2322 5328 2417 5383 καὶ
2443 5328 2543 5399 τὴν
2569 5327 2678 5381 ἀπὸ
2711 5328 2810 5397 τῆς
2846 5329 2951 5397 γῆς
2993 5329 3344 5400 παραψυχὴν,
3394 5330 3650 5400 στέργειν

2062 5421 2122 5476 τὸ
2168 5421 2406 5485 δίκαιον,
2455 5421 2549 5474 καὶ
2601 5419 2696 5474 τοῦ
2759 5420 3002 5484 πλείονος
3049 5421 3123 5493 μὴ
3177 5421 3461 5491 ἐφίεσθαι,
3513 5420 3650 5491 μηδὲ

2065 5512 2270 5566 ἀδικεῖν
2301 5511 2392 5565 τὸν
2421 5512 2570 5577 λαὸν,
2619 5512 2717 5583 τῆς
2753 5512 3083 5584 αὐταρκείας
3119 5513 3514 5579 ἀπολαύοντας.
3555 5514 3649 5568 Διδ

2066 5603 2342 5675 ἐπήγαγεν
2355 5619 2369 5632 '

1625 5730 1860 5787 VARIJE
1896 5731 2298 5789 LECTIONES.

463 5847 510 5883 "
551 5850 651 5924 ἱερ.
687 5850 727 5901 Β
754 5866 936 5922 ιιινωιιι.
975 5853 1093 5921 τῆς,
1169 5854 1212 5884 ⁷⁸
1257 5868 1387 5920 παρ.
1424 5880 1492 5892 -—
1526 5849 1687 5905 ακαθ.
1729 5851 1767 5902 Β
1793 5851 1892 5922 τὴν
1931 5890 1941 5900 .
1973 5888 2025 5905 ..

2061 5868 2124 5903 αν
2161 5848 2544 5920 (ἀκαθαρσίαν,
2583 5863 2638 5909 ιιι
2670 5852 2906 5924 videtur)
2941 5855 3200 5926 ἐννόμως.
