4070 6398
453 380 592 446 1237

1577 389 1656 450 IN
1695 391 2138 456 EZECHIELIS
2161 397 2318 458 CAP.
2356 398 2555 460 XLVI.

3567 398 3708 464 ta‘s

519 491 586 546 0'.
641 489 1005 548 ⁹Ῑκανούσθω
1040 494 1205 565 ὑμῖν,
1241 499 1294 549 οἱ
1337 496 1738 566 ἀφηγούμενοι
1767 501 1876 555 τοῦ
1919 504 2020 558 ⁹1σ‹

2205 509 2370 564 Vens.
2396 512 2450 563 9.
2479 509 2714 580 Sufﬁciat
2737 509 2899 575 vobis,
2930 510 3086 563 duces
3109 508 3374 566 Incolis:
3393 510 3718 582 injustitimu

434 582 605 650 ραήλ
631 598 643 611 ·
685 583 928 638 ἀδικίαν
977 586 1075 640 καὶ
1115 588 1524 658 ταλαιπωρίαν
1570 591 1942 662 ἀπορρίψατε
1963 596 2030 659 ⁷⁷,

443 675 548 728 καὶ
600 675 780 746 κρῖμα
847 675 946 730 καὶ
1007 676 1405 747 δικαιοσύνην
1453 681 1778 750 ποιήσατε,
1856 685 1958 738 καί
1987 686 2032 716 ⁷⁸

441 769 698 837 ἐξάρατε
723 769 1244 826 καταδυναστείαν
1305 772 1424 827 ἀπὸ
1449 773 1557 827 τοῦ
1584 774 1738 829 λαοῦ
1754 777 1822 842 ⁷³,
1865 776 2029 846 λέγει

454 859 709 915 Ἄδων-αϊ
747 863 984 930 Κύριος.
1026 857 1159 916 Εῑτα
1201 863 1331 934 περὶ
1361 863 1566 932 ζυγῶν,
1619 866 1714 918 καὶ
1748 867 2026 938 σταθμῶν,

441 953 541 1007 καὶ
575 955 792 1024 μέτρων
824 953 1126 1024 νομοθετεῖ,
1179 955 1269 1010 καὶ
1300 956 1446 1024 λέγει
1496 957 1587 1010 καὶ
1616 957 1790 1012 ταῦτα
1824 959 2028 1030 ἰσότητι

440 1042 539 1096 καὶ
562 1043 643 1114 τῷ
666 1042 862 1114 δικαίῳ
899 1045 1183 1116 τιμᾶσθαι,
1219 1045 1314 1100 καὶ
1363 1047 1796 1119 παρακελεύεται
1823 1049 2026 1104 εἰσόδου

416 1125 537 1185 Ξιιαίί.
577 1133 760 1198 ἐξόδου
793 1134 852 1188 ἓν
883 1131 1022 1191 εἶναι
1057 1136 1276 1210 μέτρον.
1329 1137 1439 1192 Καὶ
1468 1137 1711 1192 διδάσκει
1755 1142 1902 1210 ἡμᾶς
1937 1141 2029 1194 τὸν

441 1225 546 1293 μὲν
572 1225 734 1296 κόρον
766 1226 914 1297 ἔχειν
941 1228 1114 1300 γομὸρ
1143 1228 1293 1293 δέκα,
1323 1227 1554 1284 ἕκαστον
1581 1230 1637 1282 δὲ
1666 1231 1839 1302 γομὺρ
1862 1231 2027 1302 χοίνι-

436 1332 546 1380 κας
569 1317 729 1384 δέκα,
780 1319 856 1384 ῶς
895 1315 1034 1375 εἶναι
1067 1321 1160 1374 τὸν
1193 1321 1352 1392 κόρον
1385 1322 1637 1392 χοινίκων
1667 1324 1877 1378 ἑκατόν.
1918 1323 2029 1378 Καὶ

440 1407 502 1460 τὸ
536 1408 636 1478 ὑφὶ
663 1409 720 1463 δὲ
762 1409 910 1480 λέγει
947 1411 1234 1484 ίσόμετρον
1268 1408 1510 1483 εἶναιτῷ
1534 1415 1752 1485 χοίνικι.
1794 1416 1904 1469 Καὶ
1930 1413 2028 1484 τὴν

436 1501 585 1568 μνᾶν
620 1501 1055 1572 παρακελεύεται
1090 1503 1235 1574 ἔχειν
1263 1504 1480 1569 σίκλους
1509 1509 1866 1576 πεντήκοντα,
1898 1507 2028 1560 ἑκα-

433 1605 572 1642 στον
609 1590 668 1644 δὲ
708 1591 891 1648 σίκλον
921 1592 1142 1657 ὀϐολοὺς
1173 1594 1346 1648 είκοσι
1373 1610 1386 1625 ⁸
1437 1596 1532 1647 καὶ
1563 1595 1660 1658 τὰς
1691 1595 1822 1648 δέκα
1847 1597 1903 1650 δὲ
1930 1595 2024 1649 τοῦ

433 1680 628 1734 ὲλαίου
655 1682 889 1746 κοτύλας
916 1685 1093 1756 γομδρ
1122 1685 1298 1751 καλεῖ,
1333 1687 1470 1758 ὅπερ
1496 1685 1600 1757 ἔφη
1628 1687 1858 1741 δέκατον
1884 1685 2025 1742 εἶναι

432 1770 534 1824 τοῦ
561 1771 748 1843 κόρου.
791 1771 1022 1828 Κελεύει
1051 1775 1108 1828 δὲ
1157 1776 1252 1829 καὶ
1286 1777 1386 1847 τὴν
1423 1777 1677 1847 ἀπαρχὴν
1709 1777 1810 1850 τὴν
1853 1795 2021 1848 προσ-

2135 607 2183 651 et
2229 599 2554 652 vexationem
2601 598 2890 668 projicite,
2941 607 2992 653 et
3023 598 3296 667 judicium
3346 617 3409 654 ac
3446 599 3718 674 justitiam

2135 689 2314 758 facile,
2347 697 2396 742 et
2420 691 2623 759 auferte
2662 690 3052 760 oppressionem
3092 706 3126 743 a
3157 690 3380 758 populo,
3411 691 3542 745 dicit
3574 691 3722 744 Ado-

2135 781 2226 834 nai
2256 779 2534 836 Dominus.
2571 781 2808 856 [ιο-12]
2847 783 3053 840 Deinde
3094 784 3164 839 de
3197 785 3422 840 stateris
3443 825 3458 852 ,
3491 792 3753 855 et-pou--‘.

2133 871 2405 936 deribus.
2453 881 2510 928 et
2561 876 2842 932 mensuris
2899 877 3180 947 praecipit,
3232 890 3354 946 qua
3410 875 3714 932 secundum

2132 963 2502 1034 aequalitatem
2567 973 2621 1020 et
2679 966 2949 1037 justitiam
3011 967 3088 1022 ait
3143 983 3267 1022 esse
3320 957 3710 1022 observanda:

2129 1058 2395 1128 iubetque
2424 1055 2690 1114 introitus
2715 1067 2770 1115 et
2795 1061 2975 1116 exitus
3009 1074 3174 1114 unam
3209 1075 3332 1116 esse
3362 1071 3710 1113 mensuram.

2129 1149 2197 1205 Et
2229 1153 2392 1209 docet
2440 1166 2564 1220 nos,
2611 1166 2806 1206 eorum
2845 1151 3135 1208 continere
3177 1166 3376 1222 gomor
3401 1149 3588 1206 decem
3612 1191 3626 1215 ,
3659 1155 3714 1203 et

2130 1246 2566 1316 unumquodque
2602 1258 2794 1315 gomor
2809 1243 3096 1300 chtenicas
3119 1243 3330 1309 decem,
3356 1249 3417 1296 ut
3443 1241 3516 1297 sit
3545 1255 3713 1295 corus

2129 1334 2441 1390 chmuicum
2472 1345 2715 1390 centum.
2761 1334 2826 1388 Et
2865 1334 2989 1404 cphi
3039 1333 3174 1388 dicit
3209 1332 3457 1388 eamdem
3510 1331 3714 1385 habere

2128 1441 2450 1482 mensuram
2481 1466 2497 1492 ,
2553 1443 2720 1498 quam
2773 1427 2996 1482 cboenix
3037 1443 3052 1491 ;
3106 1434 3162 1482 et
3211 1425 3416 1480 minam
3464 1422 3727 1494 praecipit.

2128 1515 2535 1589 quinquaginta.
2566 1518 2739 1574 siclos
2787 1518 3076 1573 continere
3101 1556 3116 1581 ,
3156 1524 3213 1572 et
3263 1529 3715 1585 unumquemque

2127 1608 2329 1664 siclum
2396 1610 2590 1666 obolos
2661 1609 2879 1679 viginti.
2948 1609 3015 1663 Et
3075 1609 3265 1664 decem
3329 1607 3435 1663 olei
3499 1606 3714 1677 cotylas

2131 1693 2347 1766 1036
2388 1695 2516 1750 item
2569 1711 2764 1765 gomor
2820 1707 3018 1761 vocat,
3065 1711 3233 1766 quam
3275 1695 3548 1751 decimam
3586 1709 3714 1751 esse

2127 1785 2346 1842 dixerat
2374 1787 2490 1842 cori
2522 1796 2757 1859 partem.
2795 1785 3015 1860 [15-15]
3051 1785 3219 1842 Jubet
3245 1787 3408 1842 etiam
3437 1786 3711 1858 primitias

432 1868 750 1936 φερομένην
782 1865 890 1919 ἀπό
917 1883 977 1919 τε
1004 1867 1213 1937 πυρῶν,
1241 1868 1336 1921 καὶ
1364 1867 1588 1939 κριθῶν,
1613 1868 1676 1921 τὸ
1705 1869 1863 1922 ἕκτον
1883 1869 2020 1940 ἔχειν

2127 1877 2346 1934 oblatas
2393 1878 2651 1934 frumenti
2694 1888 2748 1934 et
2782 1859 2974 1936 liordei
3015 1887 3228 1934 sextam
3273 1893 3464 1949 gomor
3497 1885 3709 1949 partem

431 1955 533 2012 τοῦ
564 1959 762 2031 γομὺρ,
810 1960 872 2013 τὸ
920 1959 1252 2030 καλούμενον
1288 1961 1414 2030 παρ’
1451 1961 1583 2030 ἡμῖν
1617 1960 1980 2032 ἡμιμέδιμνον
2007 1978 2020 1990 ·

429 2051 730 2121 τριάκοντα
779 2050 890 2121 γὰρ
943 2050 1218 2120 μεδίμνων
1254 2049 1405 2112 ὄντος
1446 2048 1539 2102 τοῦ
1587 2050 1782 2120 κόρου,
1827 2050 1922 2103 τοῦ
1967 2050 2024 2104 δὲ

430 2143 614 2214 γομδρ
659 2143 886 2197 δέκατον
929 2141 1220 2213 κληθέντος
1247 2141 1342 2196 τοῦ
1372 2145 1568 2214 κόρου,
1613 2141 1826 2214 ἀνάγκη
1855 2141 2023 2214 τριῶν

429 2230 576 2287 εἶναι
607 2233 882 2305 μεδίμνων
909 2233 970 2288 τὸ
997 2233 1192 2306 γομὸρ,
1231 2233 1340 2286 τῶν
1369 2233 1425 2286 δὲ
1453 2232 1620 2304 τριῶν
1662 2233 1934 2303 μεδίμνων
1960 2233 2023 2285 τὸ

427 2325 596 2379 ἕκτον
622 2325 988 2397 ήμιμέδιμνόν
1019 2327 1158 2380 ἐστι.
1202 2322 1505 2397 Προσέταξε
1548 2325 1604 2378 δὲ
1647 2324 1741 2378 καὶ
1771 2324 1878 2378 ἀπὸ
1911 2324 2022 2376 τῶν

427 2419 569 2473 δέκα
601 2417 843 2473 κοτυλῶν
879 2419 1008 2488 μίαν
1052 2419 1282 2488 κοτύλην
1327 2417 1767 2489 προσφέρεσθαι,
1796 2417 2021 2472 καὶτῶν

429 2511 726 2584 ⁶προϐάτων
754 2511 811 2565 δὲ
833 2510 1094 2573 ὡσαύτως
1115 2509 1215 2572 τὰς
1239 2509 1494 2572 δεκάτας.
1522 2508 1706 2562 Ταῦτα
1737 2507 1795 2562 δὲ
1817 2507 2020 2575 πάντα,

428 2603 590 2673 φησι,
639 2603 799 2655 δώσει
843 2601 874 2654 ὁ
919 2601 1048 2665 λαὸς
1077 2599 1154 2671 τῷ
1183 2599 1556 2672 ἀφηγουμένῳ
1594 2601 1674 2664 είς
1701 2599 1801 2672 τὴν
1829 2601 2020 2672 χρείαν

427 2692 541 2746 τῶν
567 2692 790 2758 θυσιῶν,
822 2693 900 2756 ὡς
940 2693 1043 2746 κάν
1071 2695 1190 2756 ταῖς
1221 2693 1436 2764 ἑορταῖς
1475 2693 1569 2746 καὶ
1585 2692 1633 2724 ⁸ο
1673 2695 1793 2757 ταῖς
1817 2710 2021 2764 νουμη-

427 2784 596 2849 νίαις,
643 2786 747 2840 κάν
781 2787 895 2849 τοῖς
923 2784 1197 2840 Σάϐϐασιν
1241 2784 1332 2838 ὑπ’
1379 2783 1544 2838 αὐτοῦ
1579 2783 1678 2848 τὰς
1707 2784 2020 2856 ἱερουργίας

426 2876 801 2948 πληροῦσθαι,
825 2878 924 2932 καὶ
955 2877 1270 2932 ἱλάσκεσθαι
1297 2875 1389 2932 τὸν
1415 2875 1548 2930 Θεὸν
1575 2875 1715 2948 ὑπὲρ
1737 2877 1832 2930 τοῦ
1863 2875 2017 2933 λαοῦ.

426 2962 566 3020 Εἶτα
592 2967 853 3033 διδάσκει,
881 2967 1003 3022 τίνα
1037 2969 1306 3040 προσήκει
1334 2971 1508 3023 ποιεῖν
1535 2971 1600 3041 τῇ
1629 2969 1895 3042 νουμηνίᾳ
1925 2968 2020 3024 τοῦ

425 3057 660 3114 δεκάτου
697 3061 888 3132 μηνὸς,
915 3062 1008 3114 καὶ
1041 3062 1163 3115 τίνα
1189 3065 1256 3134 τῇ
1295 3061 1889 3134 τεσσαρεσκαιδεκάτῃ,
1926 3063 2022 3117 καὶ

425 3149 552 3204 τίνα
577 3151 740 3206 πάλιν
770 3151 847 3223 τῷ
882 3151 1097 3223 ἑϐδόμῳ
1129 3153 1280 3224 μηνί.
1326 3154 1438 3225 Τὴν
1479 3153 1537 3208 δὲ
1569 3153 2020 3226 προσφερομένην

427 3242 714 3312 σεμίδαλιν
745 3244 968 3300 θυσίαν
1011 3244 1200 3299 καλεῖ·
1261 3263 1279 3296 ι
1308 3247 1418 3300 Καὶ
1465 3244 1656 3300 θυσίαν
1693 3244 1822 3316 γὰρ,
1860 3245 2016 3316 φησὶ,

425 3333 629 3404 πέμμα
659 3334 701 3367 ⁸¹
742 3334 820 3406 τῷ
851 3335 1058 3407 μόσχῳ,
1105 3338 1201 3390 καὶ
1241 3337 1439 3409 πέμμα
1468 3336 1545 3407 τῷ
1575 3335 1716 3408 κριῷ
1748 3337 2016 3407 ποιήσεις,

425 3425 528 3479 καὶ
556 3425 740 3481 ἐλαίου
768 3427 831 3481 τὸ
865 3427 918 3483 ἲν
940 3427 1019 3498 τῷ
1048 3428 1318 3500 πέμματι.
1356 3449 1373 3480 ι
1431 3431 1506 3484 Τὸ
1525 3431 1569 3463 ⁸²
1599 3429 1658 3484 δὲ
1684 3430 1738 3485 ἲν
1767 3429 1917 3501 παρὰ
1942 3428 2020 3500 τῷ

426 3515 590 3590 Σύρῳ
612 3517 812 3590 ἡμίναν
834 3512 1012 3591 εὗρον.

963 3635 1364 3690 κεφΑΑΑιυΝ
1397 3637 1551 3706 Μετ’.

500 3743 729 3800 Κελεύει
759 3745 818 3799 δὲ
849 3747 944 3801 καὶ
973 3747 1072 3819 τὴν
1102 3747 1277 3820 πύλην
1303 3749 1401 3820 τὴν
1432 3749 1571 3816 πρὸς
1593 3750 1860 3814 ἀνατολὰς
1888 3750 2016 3822 βλέ-

427 3851 640 3889 πουσαν
663 3837 722 3888 ὲν
744 3838 864 3900 ταῖς
885 3835 945 3901 ἓξ
973 3837 1072 3908 τῆς
1102 3837 1397 3909 ἑϐδομάδος
1421 3838 1657 3910 ἡμέραις
1681 3841 2012 3907 κεκλεῖσθαι,

425 3925 487 3978 έν
509 3925 568 3979 δὲ
585 3925 664 3998 τῷ
684 3925 947 3998 Σαϐϐάτῳ
966 3927 1055 3982 διὰ
1079 3928 1260 4000 πάσης
1287 3927 1634 3997 άνοίγνυσθαι
1655 3930 1753 4001 τῆς
1775 3931 2012 4004 ἡμέρας.

425 4016 553 4074 Τῶν
579 4018 654 4084 δὲ,
680 4019 865 4090 φησὶν,
893 4019 1082 4091 ἱερέων
1107 4019 1207 4084 τὰς
1230 4020 1372 4091 ὑπὲρ
1398 4020 1492 4073 τοῦ
1519 4022 1823 4093 ἀρχιερέως
1847 4041 2016 4096 προσ-

427 4107 706 4176 φερόντων
751 4106 975 4173 Θυσίας,
1028 4108 1189 4173 αὐτὸς
1237 4109 1330 4162 ἐπὶ
1381 4109 1484 4180 τῆς
1532 4110 1708 4182 πύλης
1756 4113 2015 4184 στήσεται

424 4197 653 4268 ταύτης,
691 4197 786 4252 καὶ
831 4199 932 4269 τῆς
976 4199 1169 4265 θυσίας
1210 4202 1682 4273 προσφερομένης,
1718 4203 1888 4266 ἑστὼς
1918 4205 2014 4260 ἐπὶ

423 4284 522 4341 τοῦ
552 4285 824 4358 προθύρου
858 4287 1247 4357 προσκυνήσει,
1299 4289 1393 4341 καὶ
1431 4287 1605 4353 οὕτως
1632 4289 1972 4356 ἐξελεύσεται
1995 4307 2014 4323 ι

425 4375 525 4429 καὶ
580 4378 689 4439 πᾶς
737 4376 794 4430 δὲ
837 4378 866 4430 ό
911 4377 1040 4441 λαὸς
1084 4377 1191 4450 πρὸ
1237 4377 1440 4450 ταύτης
1492 4379 1592 4451 τῆς
1628 4379 1801 4450 θύρας
1841 4380 2014 4446 ἑστὼς

426 4468 712 4540 προσοίσει
736 4468 816 4541 τῷ
843 4469 962 4540 Θεῷ
992 4471 1091 4542 τὴν
1127 4469 1520 4544 προσκύνησιν,
1559 4471 1616 4524 έν
1641 4489 1702 4525 τε
1731 4475 1843 4536 τοῖς
1870 4473 2009 4526 Σάϐέ

2122 1971 2454 2037 continere,
2495 1986 2618 2040 qua:
2661 1970 2807 2043 apud
2857 1985 2958 2027 nos
3000 1970 3454 2026 semimedimnus
3484 1984 3705 2024 nuncu-

2123 2069 2309 2131 patur.
2341 2061 2479 2117 Cum
2522 2064 2672 2118 enim
2707 2077 2877 2120 corus
2908 2062 3133 2134 triginta
3167 2061 3241 2118 sit
3277 2060 3705 2125 medimnorum,

2122 2165 2320 2221 gomor
2349 2168 2480 2208 vero
2511 2153 2732 2209 dicatur
2755 2153 2965 2209 decima
2993 2167 3123 2224 pars
3152 2152 3300 2216 cori,
3333 2166 3564 2208 necesse
3619 2159 3707 2208 est

2119 2257 2312 2313 gomor
2338 2243 2505 2298 trium
2536 2260 2663 2300 esse
2691 2244 3099 2300 medimnorum
3132 2261 3146 2297 :
3177 2243 3346 2298 trium
3377 2251 3560 2297 autem
3591 2258 3706 2297 me—

2119 2330 2437 2388 dimnorum
2495 2341 2651 2388 sexta
2696 2349 2825 2404 pars
2871 2332 3328 2396 semimedimnus
3378 2339 3485 2388 est.
3529 2331 3706 2388 Iussit

2120 2423 2250 2480 item
2277 2425 2346 2482 de
2373 2425 2562 2482 decem
2601 2427 3008 2496 cotylisunam
3047 2426 3287 2496 cotylam
3325 2423 3513 2480 oﬁ‘erri
3536 2465 3551 2489 ,
3598 2425 3613 2443 ⁵
3649 2431 3705 2478 et

2118 2514 2304 2570 ovium
2335 2515 2524 2571 itidem
2555 2515 2821 2572 decimas.
2869 2514 2983 2588 [16,
3024 2514 3114 2587 17]
3147 2514 3272 2570 Haec
3307 2522 3486 2570 autem
3518 2512 3702 2569 omnia

2118 2602 2297 2671 dabit,
2330 2606 2534 2679 inquit,
2569 2607 2810 2678 populus
2831 2606 2960 2662 duci
2983 2603 3052 2659 ad
3083 2604 3485 2660 sacriﬁciorum
3516 2617 3701 2664 usum,

2120 2702 2180 2749 ut
2211 2695 2267 2750 in
2299 2696 2743 2762 celebritatibus,
2775 2705 2830 2752 et
2860 2695 3187 2760 neomeniis,
3217 2702 3270 2749 et
3303 2691 3593 2752 Sabbatis,
3633 2691 3704 2744 ab

2120 2788 2244 2858 ipso
2277 2803 2505 2844 sacrum
2539 2802 2740 2842 munus
2773 2787 3043 2852 obeatur,
3081 2793 3136 2842 et
3195 2799 3296 2856 pro
3323 2784 3529 2855 papulo
3563 2781 3706 2836 Deus

2120 2879 2390 2950 placetur.
2426 2879 2666 2952 [18-25]
2695 2879 2968 2934 Praeterea
3003 2879 3197 2941 docet,
3239 2890 3490 2947 quaenam
3524 2873 3708 2928 facere

2122 2974 2420 3030 conveniat
2470 2973 2756 3029 neomenia
2801 2970 3004 3026 decimi
3059 2969 3296 3034 mensis,
3343 2981 3464 3038 qua:
3506 2969 3705 3034 quarta

2121 3066 2336 3123 decima
2360 3109 2375 3134 ,
2428 3075 2486 3122 et
2521 3082 2643 3137 qua:
2683 3081 2880 3122 rursus
2915 3065 3150 3134 septimo
3198 3076 3409 3116 mense.
3451 3058 3704 3112 Oblatam

2124 3169 2309 3214 autem
2365 3159 2644 3228 siliginem
2701 3157 3028 3226 sacri/icium
3072 3163 3252 3209 vocat.
3301 3169 3320 3203 ι
3357 3148 3703 3205 Sacriﬁcium

2122 3249 2292 3316 enim,
2328 3250 2532 3319 inquit,
2569 3248 2883 3304 coctionem
2903 3246 3098 3311 vitulo,
3129 3252 3185 3299 et
3207 3241 3519 3298 coctionem
3545 3238 3703 3293 arieti

2121 3340 2312 3406 facies,
2343 3347 2398 3396 et
2416 3340 2523 3395 olei
2557 3341 2649 3395 bin
2678 3340 2976 3397 coctioni.»
3019 3336 3124 3397 Hin
3153 3351 3285 3392 vero
3319 3334 3476 3395 iuxta
3503 3332 3700 3407 Syrqu

2119 3433 2397 3490 heminam
2423 3447 2554 3491 esse
2578 3433 2844 3504 comperi.

2675 3630 2909 3690 CAPUT
2948 3629 3137 3687 XLVI.

2191 3745 2335 3819 [1-3]
2355 3744 2518 3804 Iubet
2532 3761 2758 3818 quoque
2779 3753 3147 3815 portam.qua3
3175 3740 3403 3812 respicit
3419 3738 3504 3795 ad'
3518 3738 3706 3794 orien—

2117 3843 2354 3900 tem,sex
2378 3833 2738 3892 hebdomadis
2760 3834 2959 3889 diebus
2978 3831 3183 3892 claudi.
3205 3829 3446 3886 Sabbato
3465 3841 3595 3883 vero
3609 3840 3706 3894 per

2118 3931 2292 3978 totum
2311 3923 2456 3978 diem
2480 3932 2725 3994 apertam
2748 3932 2953 3990 patere.
2993 3923 3058 3975 Et
3077 3920 3481 3981 sacerdotibus,
3504 3917 3704 3988 inquit.

2116 4029 2218 4085 pro
2247 4015 2492 4085 principe
2510 4015 2860 4069 sacerdotum
2891 4012 3164 4068 sacriﬁcia
3189 4009 3568 4072 offerentibus.
3586 4009 3705 4077 ipse

2117 4122 2285 4179 super
2316 4107 2418 4160 bac
2441 4115 2597 4175 porta
2613 4106 3018 4169 stabit,etcum
3049 4102 3388 4158 sacriﬁciqu
3417 4099 3702 4167 oﬂ'eretur,

2117 4207 2274 4257 stans
2297 4199 2352 4252 in
2371 4197 2646 4252 vestibulo
2675 4195 3021 4260 adorabit,et
3042 4194 3117 4248 ita
3145 4192 3461 4264 egredietur
3489 4201 3705 4247 :etom-

2116 4295 2201 4349 nis
2225 4291 2459 4363 populus
2482 4297 2608 4344 ante
2627 4289 2771 4342 hanc
2788 4295 3006 4358 portam
3026 4295 3182 4341 stans
3214 4285 3426 4355 1037
3455 4285 3563 4340 Deo
3585 4285 3704 4340 cul-

2118 4378 2596 4437 tumexbibebitin
2624 4376 2884 4432 Sabbatis
2919 4383 2974 4429 et
3018 4375 3412 4438 neomeniis,et
3439 4373 3702 4428 holocau-

2116 4483 2258 4529 stum
2274 4470 2640 4527 Sabbatorum
2655 4467 2844 4524 offeret
2856 4467 3112 4537 princeps
3124 4466 3470 4522 sacerdotum
3493 4483 3506 4520 :
3524 4466 3701 4535 ipsum

427 4561 582 4629 ϐασι,
632 4561 729 4615 καὶ
774 4565 832 4616 ὲν
879 4565 1002 4624 ταῖς
1040 4562 1362 4634 νουμηνίαις
1387 4580 1402 4594 ·
1452 4563 1512 4616 τὸ
1545 4563 1601 4616 δὲ
1653 4563 2015 4636 όλοκαύτιυμα

2123 4563 2266 4618 cnim
2303 4562 2488 4614 ducem
2515 4569 2698 4616 vocat.
2741 4557 2890 4630 [4-7]
2932 4557 3201 4612 Recensot
3237 4556 3401 4610 etiam
3436 4555 3703 4612 sacerdo-

424 4650 538 4704 τῶν
581 4650 875 4705 Σαϐϐάτων
920 4651 950 4704 ό
993 4651 1282 4722 ἀρχιερεὺς
1329 4651 1630 4723 προσοίσει.
1683 4653 1856 4706 Αὐτὸν
1904 4654 2014 4722 γάρ

427 4743 592 4798 καλεῖ
625 4744 1072 4813 ἀφηγούμενον.
1105 4744 1270 4812 Λέγει
1299 4744 1356 4798 δὲ
1385 4743 1475 4797 καὶ
1505 4744 1612 4797 τῶν
1643 4744 1834 4817 ἱερέων
1849 4746 1894 4778 ⁸³
1921 4747 2015 4800 τὸν

426 4831 669 4904 ἀριθμόν
688 4849 703 4866 ⁸
735 4834 1000 4897 ὡσαύτως
1025 4831 1082 4886 δὲ
1111 4835 1205 4886 καὶ
1231 4833 1351 4887 τίνα
1371 4833 1452 4886 δεῖ
1470 4834 1529 4888 ὲν
1553 4836 1671 4897 ταῖς
1697 4835 2016 4906 νουμηνίαις

427 4926 765 4996 προσφέρειν
793 4924 1053 4977 διδάσκει.
1089 4923 1164 4978 Τὸ
1199 4924 1257 4977 δὲ
1304 4923 1488 4995 μαναὰ
1531 4927 1629 4995 τὴν
1660 4926 1759 4996 τῆς
1791 4926 2018 4996 σεμιδά-

426 5013 568 5077 λεως
594 5014 786 5068 θυσίαν
823 5012 1124 5066 άποκαλεί’
1172 5013 1314 5066 οὕτω
1354 5013 1463 5085 γάρ
1507 5014 1602 5066 καὶ
1639 5017 1668 5068 ό
1710 5015 1880 5086 Σύρος
1915 5017 2016 5088 ἡρ-

432 5107 690 5180 μήνευσε.
744 5103 1186 5176 Παρακελεύεται
1225 5105 1283 5158 δὲ
1331 5107 1425 5158 καὶ
1471 5106 1596 5169 τοὺς
1629 5108 1896 5172 εἰσιόντας
1941 5111 2020 5173 εἰς

431 5197 806 5267 προσκύνησιν
847 5195 940 5248 τοῦ
989 5195 1125 5248 Θεοῦ
1155 5197 1236 5258 είς
1281 5195 1380 5266 τὴν
1427 5194 1697 5266 ὲξωτέραν
1727 5197 1918 5268 αὐλὴν,
1966 5201 2014 5251 εί

433 5287 536 5357 μὲν
559 5287 668 5340 ἀπὸ
690 5288 787 5358 τῆς
817 5287 993 5357 πύλης
1022 5286 1123 5354 τῆς
1158 5285 1294 5356 πρὸς
1334 5285 1536 5356 βορρᾶν
1578 5285 1889 5349 είσέλθοιεν,
1924 5287 2014 5340 διὰ

430 5379 530 5449 τῆς
560 5378 696 5448 πρὸς
731 5375 1079 5449 μεσημϐρίαν
1109 5375 1321 5448 δρώσης
1349 5374 1550 5441 ἐξιέναι
1570 5394 1583 5409 ο
1617 5377 1742 5432 εἰδὲ
1763 5377 2013 5432 ἐντεῦθεν

2121 4666 2238 4712 tum
2264 4670 2554 4711 numerum
2581 4696 2595 4720 ,
2632 4661 2688 4709 et
2727 4652 3017 4718 similiter,
3061 4666 3186 4721 qua:
3231 4648 3535 4704 ncomcniis
3570 4647 3703 4702 olfe-

2123 4748 2292 4804 renda
2323 4747 2474 4811 sint,
2517 4746 2700 4801 docet.
2753 4742 2944 4797 Manaa
2980 4757 3109 4797 vero
3163 4739 3496 4810 similaginis
3534 4740 3703 4794 sacri-

2125 4843 2306 4910 ficium
2349 4846 2634 4908 nuncupat
2683 4856 2696 4892 :
2746 4836 2822 4890 ita
2862 4835 3008 4890 enim
3053 4832 3228 4906 Syrus
3265 4848 3490 4902 quoque
3529 4833 3702 4886 inter-

2125 4939 2375 5002 pretatus
2408 4937 2512 4984 est.
2555 4927 2735 4999 [8-10]
2763 4925 3130 4997 Praecipitque
3169 4940 3266 4979 cos
3289 4964 3302 4987 ,
3334 4925 3427 4993 qui
3466 4924 3702 4993 ingrcssi

2125 5016 2334 5070 fuerint
2369 5014 2437 5068 ad
2475 5014 2814 5069 adorandum
2847 5012 3016 5068 Deum
3046 5012 3100 5066 in
3133 5013 3462 5067 exteriorem
3493 5013 3718 5078 aulam,’

2124 5107 2170 5164 si
2203 5123 2232 5160 ει
2270 5114 2425 5178 porta
2450 5121 2570 5178 qua:
2598 5113 2683 5160 est
2721 5105 2788 5160 ad
2821 5106 3133 5175 aquilonem
3169 5105 3573 5180 ingrediantur,
3607 5122 3705 5176 per

2118 5215 2239 5254 eam
2273 5213 2396 5269 quae
2418 5205 2506 5254 est
2535 5197 2604 5250 ad
2638 5196 2950 5261 meridiem,
2974 5195 3126 5250 exire
3152 5211 3174 5246 τι
3202 5195 3357 5266 quod
3372 5197 3417 5252 si
3441 5211 3536 5266 per
3561 5196 3704 5250 hanc

2123 5290 2362 5360 ingressi
2402 5289 2603 5344 fuerint
2634 5329 2650 5355 ,
2704 5303 2804 5359 per
2855 5287 3096 5342 alteram
3139 5288 3292 5342 exire
3325 5327 3339 5351 ,
3392 5296 3452 5342 ut
3507 5286 3704 5342 ordine

2124 5383 2361 5454 ingrcssi
2397 5390 2453 5438 et
2489 5381 2708 5451 egressi
2744 5380 2863 5436 sine
2909 5381 3019 5436 ulla
3066 5379 3482 5450 perturbatione
3529 5375 3698 5432 Deum

1779 5553 2011 5609 VARUS
2061 5554 2462 5611 LEGTIONES.

502 5645 548 5677 ⁷⁷
586 5647 684 5698 ἀπ.
713 5645 758 5698 Α
790 5643 1076 5712 ἀφέλεσθε.
1158 5645 1204 5675 ⁷⁸
1237 5645 1348 5699 καί.
1381 5645 1502 5702 Des.
1544 5647 1597 5700 in
1633 5646 1695 5701 Α.

1773 5648 1818 5680 ⁷³
1858 5647 2008 5701 λαοῦ.
2036 5649 2074 5700 Α
2105 5647 2226 5701 add.
2261 5665 2388 5719 μου.

2463 5646 2509 5678 ⁸⁰
2539 5648 2578 5700 Β
2611 5647 2731 5700 κάν.
2809 5647 2852 5678 ⁸⁸
2885 5647 3098 5716 πέμμα.
3129 5645 3284 5716 Hebr.
3317 5639 3486 5716 Eplga.
3531 5639 3609 5716 ᾖξ’
3639 5640 3698 5716 τὸ

433 5714 625 5793 (editio
654 5715 804 5784 prior
843 5710 998 5793 'hab._
1022 5713 1123 5793 τῶ)
1152 5714 1208 5768 δὲ
1238 5748 1301 5756 -
1336 5712 1515 5787 εὖρον.
1555 5716 1676 5773 Vid.
1717 5733 1904 5790 supra,
1938 5735 2060 5792 pag.
2107 5719 2234 5786 7M,
2261 5710 2352 5774 'ad
2389 5734 2511 5790 cap.
2553 5735 2626 5783 iV,
2666 5718 2747 5782 ll,
2805 5725 2856 5771 et
2887 5710 3078 5774 Manu:
3115 5718 3168 5770 iu
3225 5710 3450 5784 llcxa'pl.
3480 5710 3544 5766 ad
3575 5711 3629 5767 li.
3659 5713 3696 5766 l.

429 5785 476 5816 ⁸³
517 5785 645 5855 Leg.
675 5801 796 5841 esse
825 5793 955 5856 puto
986 5783 1166 5855 ἱερῶν.
