4070 6458
390 421 525 484 1239

1410 412 1906 476 THEODORETI
1939 411 2289 476 EPISCOPI
2317 412 2680 474 CYBENSIS

3532 411 3671 480 1240

388 532 656 596 adorent,
701 534 871 597 utque
911 519 1267 580 sacerdotum
1313 518 1573 591 princeps
1601 560 1617 585 .
1670 518 1802 574 dum
1854 517 1960 578 btet

2080 519 2186 592 τὴν
2209 517 2412 573 είσοδον
2445 519 2780 591 ποιήσαιντο,
2813 519 2901 574 διὰ
2929 518 3028 590 τῆς
3057 517 3250 591 ἑτέρας
3276 519 3550 575 ποιεῖσθαι
3573 522 3674 592 τὴν

389 621 529 676 ﬁunt
551 663 567 686 ,
606 620 860 682 intersit,
893 611 1188 682 nt'majori
1227 612 1564 669 verecundia
1600 611 1785 669 cultus
1812 612 1973 671 exhi-

391 714 612 768 beatur.
637 709 752 782 [i2]
778 708 844 763 Et
862 705 1010 763 omni
1043 703 1247 775 populo
1278 703 1540 762 Sabbatis
1575 712 1632 762 et
1667 703 1794 760 aliis
1819 707 1971 762 cele-

392 800 692 855 britatibus
715 805 929 868 portam
959 793 1163 865 aperiri
1189 794 1379 866 jussit,
1408 809 1537 865 quae
1567 804 1654 854 est
1683 795 1752 850 ad
1776 795 1973 853 orien-

386 903 498 947 tem
525 909 538 943 :
576 887 815 960 principi
836 901 969 944 vero
997 887 1370 954 sacerdotum,
1394 886 1769 944 voluntarium
1790 887 1972 944 sacri-

389 979 574 1035 ﬁcium
595 995 662 1034 ex
691 978 995 1034 abundanti
1015 976 1215 1035 oﬁ’erre
1240 977 1351 1036 Deo
1378 979 1608 1046 volenti,
1635 993 1972 1051 quocunque

385 1070 479 1127 die
520 1071 759 1127 voluerit
808 1070 1146 1127 sacriﬁcium
1181 1087 1482 1144 peragere,
1521 1072 1717 1140 liceat,
1753 1070 1968 1142 inquit,

384 1168 601 1230 portam
633 1161 868 1232 aperire.
899 1161 1092 1218 Simile
1128 1162 1279 1220 enim
1313 1164 1452 1229 erit,
1482 1164 1697 1234 inquit,
1723 1162 1970 1218 oblatum

387 1253 460 1307 ab
497 1253 621 1324 ipso
654 1253 990 1310 sacriﬁcium
1019 1254 1386 1312 Sabbatorum
1419 1255 1714 1314 sacriﬁcio.
1753 1253 1967 1327 [16-18]

386 1341 456 1396 Ει
497 1359 566 1400 ex
599 1343 824 1400 deﬁnita
864 1343 972 1416 ipsi
1000 1352 1184 1415 terra,
1233 1347 1280 1403 si
1326 1347 1417 1403 cui
1464 1347 1704 1403 ﬁliorum
1752 1345 1973 1402 tradere

386 1433 670 1500 voluerit,
718 1435 915 1504 ipsius,
941 1436 1161 1506 inquit,
1210 1437 1307 1508 qui
1349 1438 1599 1508 accepit,
1637 1445 1970 1510 perpetuum

383 1523 483 1592 jus
514 1526 531 1544 ‘
587 1525 875 1582 obtineat:
934 1526 1082 1598 quod
1112 1528 1160 1584 si
1207 1542 1366 1584 servo
1413 1529 1542 1584 data
1583 1529 1770 1597 fuerit,
1822 1531 1970 1586 illius

391 1613 641 1672 dominio
683 1615 928 1683 potiatur
980 1632 1154 1687 usque
1200 1617 1269 1673 ad
1313 1618 1666 1676 remissionis
1720 1635 1967 1676 annum:

387 1713 444 1758 et
484 1717 632 1760 anno
676 1706 804 1770 illo,
830 1707 922 1778 qui
955 1707 1391 1766 bebdomadicus
1431 1712 1767 1782 appellatur,
1810 1713 1968 1785 prin-

386 1794 498 1864 cipi
543 1797 892 1852 sacerdotum
942 1797 1139 1854 reddet
1192 1800 1600 1860 brereditatem.
1652 1801 1771 1858 Soli
1816 1803 1968 1859 enim

2077 612 2282 678 ἔξοδον,
2314 609 2456 666 ὥστε
2481 610 2624 666 κατά
2650 610 2804 677 τάξιν
2833 611 3031 675 αὐτοὺς
3061 610 3333 676 εἰσιόντας
3361 614 3458 666 καὶ
3496 610 3674 676 ἐξιόν-

2073 723 2178 770 τας
2220 703 2452 775 θορύϐου
2483 704 2605 776 δίχα
2649 705 2854 767 παντὸς
2899 703 3236 774 προσφέρειν
3283 703 3363 774 τῷ
3411 702 3534 774 Θεῷ
3569 703 3673 775 τὴν

2075 794 2450 866 προσκύνησιν
2477 809 2491 824 ·
2523 792 2785 865 παρέστω
2817 791 2874 846 δὲ
2900 791 2995 846 καὶ
3032 792 3062 844 ὁ
3092 791 3408 862 ἀρχιερεὺς,
3457 790 3672 846 τούτων

2074 885 2404 956 γινομένων,
2452 885 2595 939 ὥστε
2629 883 2768 957 μετὰ
2792 882 3040 946 πλείονος
3070 881 3253 948 αίδοῦς
3287 882 3542 952 γενέσθαι
3566 884 3672 956 τὴν

2075 976 2468 1050 προσκύνησιν.
2500 977 2610 1033 Καὶ
2637 976 2803 1030 παντὶ
2829 976 2928 1046 μὲν
2949 973 3029 1047 τῷ
3052 973 3168 1046 λαῷ
3197 975 3254 1029 ὲν
3281 976 3394 1038 τοῖς
3423 974 3670 1030 Σάὸδασι

2073 1071 2171 1126 καὶ
2199 1072 2258 1126 έν
2285 1073 2405 1135 ταῖς
2451 1069 2642 1132 ἄλλαις
2675 1069 2911 1139 ἑορταῖς,
2960 1065 3314 1136 ἀνοίγνυσθαι
3359 1065 3668 1136 προσέταξε

2071 1165 2173 1234 τὴν
2191 1163 2328 1234 πρὸς
2349 1163 2425 1215 ἕω
2448 1161 2618 1233 θύραν
2644 1176 2659 1190 ·
2694 1159 2773 1230 τῷ
2802 1159 2860 1212 δὲ
2888 1159 3139 1230 ἀρχιερεῖ
3158 1157 3447 1228 γνωμικὴν
3470 1156 3669 1211 θυσίαν

2070 1255 2138 1310 ὲκ
2161 1254 2480 1326 περιουσίας
2507 1253 2896 1324 προσενεγκεῖν
2921 1250 2998 1322 τῷ
3029 1248 3151 1320 Θεῷ
3185 1249 3514 1321 βουλομένῳ,
3537 1248 3667 1303 καθ’

2071 1348 2141 1417 ἢν
2203 1345 2270 1400 ἂν
2341 1344 2584 1417 βούλοιτο
2645 1342 2860 1414 ἡμέραν
2915 1341 3015 1412 τὴν
3081 1339 3274 1395 θυσίαν
3352 1339 3622 1394 ἐπιτελεῖν
3646 1379 3666 1405 ,

2069 1438 2331 1507 ἀνοίγειν,
2384 1437 2571 1508 φησὶν,
2627 1433 2830 1500 ἐξέστω
2879 1433 2980 1504 τὴν
3033 1431 3227 1502 θύραν.
3269 1431 3465 1504 Ὁμοία
3516 1431 3664 1503 γὰρ,

2072 1530 2242 1600 φησὶ,
2304 1528 2447 1583 ἔστω
2505 1529 2540 1599 ἡ
2601 1525 2734 1598 παρ’
2794 1523 2962 1580 αὐτοῦ
3020 1522 3444 1596 προσφερομένη
3499 1521 3666 1577 θυσία

2070 1621 2138 1689 τῇ
2170 1617 2280 1672 τῶν
2311 1617 2608 1674 Σαδδάτων
2655 1613 2836 1687 θυσίᾳ.
2895 1613 2992 1668 Ἐκ
3019 1615 3119 1686 τῆς
3163 1614 3222 1668 δὲ
3267 1612 3664 1685 ἀφωρισμένης

2070 1709 2221 1781 αὐτῷ
2252 1710 2356 1782 γῆς
2385 1709 2438 1764 εῑ
2459 1726 2568 1764 τινι
2591 1708 2699 1763 τῶν
2725 1707 2887 1762 υἱέων
2919 1704 3105 1761 δοῦναι
3134 1704 3447 1777 βουληθείη,
3482 1705 3662 1775 διηνε-

2071 1801 2204 1868 κῶς,
2227 1801 2383 1872 φησὶ,
2404 1799 2596 1855 τούτου
2624 1800 2724 1871 τὴν
2745 1797 3068 1853 δεσποτείαν
3092 1797 3120 1851 ό
3138 1797 3432 1869 λαμϐάνων
3454 1795 3656 1866 exesor

387 1887 717 1944 sacerdotali
749 1889 937 1960 generi
963 1889 1080 1948 btec
1109 1891 1404 1948 hereditas
1433 1894 1690 1951 dedicata
1713 1902 1818 1952 est.
1846 1893 1960 1951 Non

2071 1893 2122 1945 εί
2149 1891 2208 1945 δὲ
2229 1869 2418 1964 οἰκέτῃ
2457 1889 2661 1960 δοθείη,
2681 1869 2869 1961 -ὲχέτω
2902 1890 2932 1942 ό
2963 1887 3184 1958 οἰκέτης
3213 1887 3313 1958 τὴν
3337 1885 3660 1942 δεσποτείαν

383 1977 530 2034 enim
580 1979 770 2046 decet,
826 1989 1059 2054 paterna
1113 1983 1436 2042 haereditate
1476 1987 1694 2059 1038
1737 1988 1969 2059 privatis

385 2067 516 2125 ﬁliis
549 2077 605 2124 et
645 2072 938 2142 spoliatis,
989 2075 1058 2130 ad
1106 2074 1348 2146 injurias
1387 2079 1581 2150 populi
1626 2080 1966 2149 procedere,

382 2159 492 2214 alia
512 2175 706 2218 rursus
724 2163 1110 2221 sacerdotibus
1139 2181 1242 2238 pro
1262 2169 1718 2238 compensatione
1739 2169 1968 2226 deﬁnita

383 2258 552 2306 terra.
580 2251 666 2308 Sit
694 2254 862 2323 igitur
886 2254 1130 2314 deﬁnitae
1154 2259 1545 2317 sacerdotibus
1598 2267 1762 2317 terrae
1789 2261 1968 2320 haeres

379 2356 580 2410 genus.
617 2342 858 2420 [l9~24]
907 2347 975 2402 Et
1011 2350 1288 2415 ostendit,
1329 2352 1543 2424 inquit,
1607 2352 1740 2409 mihi
1792 2355 1962 2410 alium

378 2432 564 2487 locum
615 2435 786 2492 situm
840 2438 910 2494 ad
960 2454 1259 2509 occasum,
1307 2450 1364 2500 et
1415 2443 1698 2514 aquilonis
1743 2445 1965 2503 exedris

376 2527 755 2598 propinquum
777 2569 791 2595 ,
822 2545 987 2602 quem
1025 2532 1169 2590 dixit
1202 2533 1272 2591 ad
1308 2534 1663 2606 coquendum
1697 2536 1962 2592 sacerdo-

378 2614 527 2671 tibus
556 2616 872 2686 destinari,
922 2626 987 2676 ut
1020 2635 1124 2693 pro
1153 2622 1472 2692 ignorantia
1520 2633 1577 2679 et
1623 2634 1853 2695 peccato
1886 2626 1962 2682 ibi

375 2718 666 2779 coquant,
709 2717 767 2766 et
815 2726 1013 2769 manaa
1058 2715 1134 2770 ibi
1171 2725 1436 2787 coquant.
1485 2715 1676 2788 Neque
1699 2719 1846 2775 enim
1881 2719 1962 2777 fas

373 2808 460 2853 est
485 2837 501 2864 ,
535 2799 758 2872 inquit,
795 2818 918 2874 quae
947 2806 1119 2862 semel
1152 2817 1413 2878 separata
1447 2817 1584 2866 sunt
1615 2818 1670 2866 et
1708 2812 1960 2867 sanctiﬁ-

373 2899 498 2942 cata
521 2930 539 2957 ,
570 2905 636 2946 ea
669 2895 990 2950 communia
1038 2895 1226 2954 facere
1256 2908 1416 2955 extra
1450 2900 1700 2956 ferendo.
1754 2902 1821 2956 Et
1849 2902 1960 2958 vidi

374 2978 516 3039 alias
545 2981 704 3036 aulas
732 2981 828 3038 illa
863 2983 1152 3043 breviores
1180 3029 1195 3054 ,
1246 2989 1397 3046 circa
1442 2992 1740 3048 maximam
1776 2993 1958 3048 aulam

376 3069 549 3134 sitas.
594 3081 649 3126 et
691 3090 1040 3148 unaquaque
1079 3079 1316 3137 habebat
1353 3083 1694 3156 longitudine
1742 3086 1960 3142 cubitos

2075 1983 2236 2056 μέχρι
2279 1982 2374 2038 τοῦ
2423 1981 2577 2048 ἔτους
2626 1982 2726 2053 τῆς
2755 1980 3024 2052 ἀφέσεως,
3072 1980 3173 2035 καὶ
3211 1978 3292 2052 τῷ
3331 1979 3661 2050 καλουμένῳ

2070 2074 2410 2146 ἐϐδομαδικῷ
2435 2075 2545 2130 ἔτει
2573 2073 2844 2129 ἀποδώσει
2874 2072 2952 2144 τῷ
2983 2074 3234 2146 ἀρχιερεῖ
3268 2072 3368 2145 τὴν
3399 2071 3660 2143 κληρονοο

2072 2167 2203 2239 μίαν
2231 2183 2245 2198 ⁸
2294 2167 2441 2239 μόνῳ
2473 2166 2583 2238 γὰρ
2627 2166 2706 2238 τῷ
2737 2164 2996 2236 ἱερατικῷ
3024 2165 3172 2233 γένει
3199 2158 3354 2227 οὗτος
3386 2165 3415 2218 ό
3453 2163 3659 2234 κλῆρος

2067 2260 2395 2332 ἀφώρισται.
2423 2260 2498 2313 Οὐ
2532 2258 2641 2331 γὰρ
2677 2259 2949 2330 προσήκει
2974 2257 3074 2328 τῆς
3100 2257 3361 2330 πατρῴας
3394 2257 3658 2327 κληρονο-

2071 2353 2200 2422 μίας
2232 2352 2340 2405 τῶν
2378 2352 2540 2405 υἱέων
2583 2349 2959 2421 στερηθέντων
2990 2349 3086 2404 καὶ
3119 2348 3537 2420 γυμνωθέντων,
3573 2348 3661 2410 εἰς

2063 2444 2157 2498 τὸν
2210 2443 2341 2498 λαὸν
2388 2443 2633 2514 χωρῆσαι
2680 2441 2781 2514 τὴν
2822 2441 3074 2508 ἀδικίαν,
3121 2441 3289 2512 ἀλλης
3329 2439 3493 2500 πάλιν
3541 2441 3656 2503 τοϊς

2069 2534 2309 2605 ἱερεῦσιν
2345 2533 2752 2605 ἀφοριζομένης
2799 2533 2880 2596 είς
2912 2531 3268 2605 παραμυθίαν
3311 2532 3415 2602 γῆς
3443 2548 3457 2562 ·
3511 2530 3659 2584 ἔστω

2063 2626 2239 2680 τοίνυν
2254 2625 2353 2695 τῆς
2367 2625 2758 2696 ἀφωρισμένης
2771 2628 2882 2688 τοῖς
2901 2622 3105 2696 ἱερεῦσι
3121 2623 3225 2694 γῆς
3243 2620 3578 2693 κληρονόμον
3594 2620 3658 2672 τὸ

2063 2716 2239 2787 γένος.
2274 2716 2482 2781 Ἔδειξε
2509 2716 2568 2770 δέ
2599 2733 2712 2785 μοι,
2761 2717 2919 2788 φησὶ,
2956 2715 3052 2770 καὶ
3080 2715 3267 2787 ἕτερον
3310 2714 3476 2767 τόπον
3512 2711 3656 2782 πρὸς

2061 2807 2292 2877 δυσμαῖς
2316 2806 2588 2877 κείμενον,
2609 2807 2728 2869 ταῖς
2756 2805 3036 2878 ἀρκτῴαις
3055 2804 3299 2875 ἐξέδραις
3322 2801 3655 2868 πελάζοντα,

2063 2897 2159 2952 καὶ
2187 2896 2292 2968 ἔφη
2324 2896 2516 2952 τοῦτον
2538 2898 2617 2960 είς
2641 2897 2838 2970 ἕψησιν
2861 2897 3220 2968 ἀφορίζεσθαι
3249 2900 3362 2961 τοῖς
3385 2893 3650 2968 ἱερεῦσιν,

2061 2991 2204 3048 ὥστε
2236 2989 2305 3046 τὰ
2354 2991 2482 3062 περὶ
2513 2991 2740 3059 ἀγνοίας
2788 2991 2886 3047 καὶ
2930 2989 3207 3062 ἁμαρτίας
3243 2989 3432 3045 αὐτόθι
3474 2987 3650 3058 ἐψεῖν,

2065 3082 2226 3136 κάκεῖ
2248 3080 2311 3134 τὸ
2338 3080 2520 3151 μαναά
2547 3081 2776 3136 πέπτειν
2795 3081 2864 3138 ⁸⁸.
2896 3081 3034 3136 Οὔτε
3056 3081 3164 3152 γὰρ
3190 3080 3370 3152 θέμις,
3399 3080 3555 3150 φησὶ,
3582 3081 3654 3134 τὰ

375 3161 628 3267 triginta,
664 3165 958 3225 latitudine
987 3171 1356 3244 quadraginta
1389 3191 1402 3228 :
1445 3175 1592 3246 apud
1620 3191 1758 3246 quas
1788 3175 1958 3233 aediﬁ-

2062 3173 2210 3240 ἅπαξ
2245 3173 2610 3243 ἀφορισθέντα
2641 3174 2736 3227 καὶ
2778 3173 3114 3243 ἁγιασθέντα
3161 3173 3318 3228 κοινὰ
3363 3175 3537 3228 ποιεῖν
3569 3172 3655 3243 τῷ

375 3260 515 3308 catae
537 3255 734 3314 domus
757 3267 940 3323 erant.
968 3277 1109 3333 quas
1141 3265 1363 3322 exedras
1396 3268 1638 3337 vocavit,
1665 3268 1721 3324 in
1750 3267 1953 3338 quibus

2063 3263 2170 3331 ἔξω
2216 3264 2484 3334 κομίζειν.
2535 3259 2692 3322 Εἶδον
2737 3265 2796 3318 δὲ.
2838 3267 2932 3319 καὶ
2965 3265 3159 3335 ἑτέρας
3205 3265 3376 3329 αὐλὰς
3431 3264 3651 3335 ἐκείνης

375 3346 559 3420 populi
592 3348 865 3406 sacriﬁcia
901 3355 1067 3425 coqui
1095 3358 1376 3428 praecepit.

2063 3355 2426 3428 βραχυτέρας,
2456 3355 2643 3426 κύκλῳ
2663 3356 2762 3426 τῆς
2789 3357 3052 3428 μεγίστης
3072 3356 3422 3428 διακειμένας
3441 3355 3613 3424 αὐλῆς
3632 3371 3647 3385 ’

372 3416 487 3504 έῖχε
517 3435 574 3490 δὲ
598 3438 801 3512 ἑκάστη
826 3442 886 3496 τὸ
923 3416 1021 3515 μὲν
1043 3416 1217 3518 μέρεος
1248 3416 1443 3522 πήχεις
1470 3449 1783 3522 τριάκοντα,
1833 3449 1894 3502 τὸ
1919 3448 1978 3506 δὲ
2013 3416 2652 3519 εέροςητεσσαράκονταό
2704 3416 3056 3518 ᾠκοδόμηντο
3078 3444 3136 3500 δὲ
3167 3416 3300 3518 παρ’
3333 3416 3507 3510 αὑτὰς

370 3525 532 3597 οἶκοι,
575 3530 642 3595 ἃς
672 3531 920 3602 ἐξέδρας
955 3538 1234 3606 ἐκάλεσεν,
1293 3543 1350 3596 ὲν
1393 3537 1474 3606 οἷς
1531 3541 1758 3613 ἕψεσθαι
1800 3538 2161 3613 παρηγγύησε
2195 3537 2262 3592 τὰ
2287 3536 2381 3591 τοῦ
2416 3536 2547 3590 λαοῦ
2587 3535 2825 3607 θύματα.

902 3631 1134 3688 CAPUT
1191 3634 1404 3692 XLVII.

443 3713 610 3772 Vens.
636 3719 752 3774 1-5..
781 3719 848 3774 Et
869 3721 990 3777 inde
1016 3741 1095 3779 me
1125 3743 1313 3782 rursus
1343 3745 1618 3783 assumens
1649 3728 1952 3783 introduxit

371 3805 441 3862 ad
472 3809 732 3869 vestibula
762 3811 974 3883 domus,
1005 3824 1054 3870 et
1070 3833 1183 3872 ecce
1221 3835 1358 3889 aqua
1387 3819 1756 3891 egrediebatur
1780 3804 1953 3875 θέαι-

368 3896 506 3952 diali
538 3899 651 3954 loco
693 3900 906 3971 domus,
953 3903 1023 3959 ad
1060 3908 1338 3976 orientem,
1385 3911 1512 3982 quia
1555 3911 1719 3982 [acies
1764 3912 1952 3970 domus

369 3989 685 4058 respiciebat
727 3993 798 4046 ad
845 3995 1122 4062 Orientem,
1179 4008 1231 4054 et
1280 4016 1422 4069 aqua
1477 3999 1827 4058 descendebat
1884 4002 1950 4064 ab

369 4080 560 4149 angulo
608 4081 796 4139 domus
839 4084 1051 4143 dextero
1083 4089 1148 4142 ab
1198 4100 1384 4146 austro
1417 4091 1488 4145 ad
1534 4094 1725 4150 altare.
1772 4093 1850 4150 Ita
1884 4110 1949 4152 ea

367 4187 490 4240 qua:
539 4173 607 4227 ad
657 4175 927 4232 sacriﬁcia
986 4181 1290 4250 pertinent,
1344 4181 1597 4254 edoctus,
1654 4195 1948 4259 postquam

365 4263 558 4321 didicit
620 4266 899 4324 oﬁ‘erenda
945 4285 1070 4327 esse
1104 4272 1385 4330 sacriﬁcia
1432 4291 1532 4346 pro
1578 4287 1811 4348 peccato
1862 4295 1949 4334 se-

365 4355 605 4413 cundum
643 4357 895 4431 ﬁguram,
932 4363 1165 4420 docetur
1200 4367 1513 4424 animarum
1545 4386 1727 4426 veram
1757 4373 1949 4443 expia-

365 4446 568 4502 tionem
599 4464 669 4506 ex
697 4465 841 4523 aqua
872 4462 929 4510 et
978 4456 1179 4527 spiritu
1223 4457 1361 4514 ﬁeri.
1396 4459 1557 4518 Videt
1588 4475 1771 4519 autem
1802 4463 1947 4518 hanc

2575 3630 2974 3686 ΚΕΦΔΛΑΙΟΝ
3010 3631 3142 3684 MZ'.

2127 3722 2196 3778 α’.
2251 3720 2518 3776 Ἐκεῖθέν
2533 3739 2610 3792 με
2643 3720 2832 3775 πάλιν
2861 3719 3063 3776 λαϐὼν
3090 3719 3417 3791 εισήγαγεν
3442 3719 3542 3774 ἐπὶ
3572 3719 3651 3776 τὰ

2056 3814 2324 3881 πρόθυρα
2364 3811 2473 3866 τοῦ
2521 3811 2710 3873 οἵκου,
2749 3809 2848 3864 καί
2889 3809 3018 3864 ιδοὺ
3047 3810 3204 3880 ὕδωρ
3248 3810 3647 3878 ἐξεπορεύετο

2056 3901 2446 3959 ὑποκάτωθεν
2484 3901 2592 3957 τοῦ
2624 3902 2854 3970 αίθρίου
2889 3901 2998 3956 τοῦ
3032 3902 3206 3957 οἴκου
3247 3901 3397 3957 κατὰ
3429 3902 3650 3957 ἄνατος

2055 3994 2192 4061 λάς,
2229 3995 2320 4048 ὅτι
2349 3995 2419 4047 τὸ
2450 3995 2776 4063 πρόσωπον
2797 3993 2904 4049 τοῦ
2939 3995 3112 4050 οἴκου
3134 3995 3473 4050 ἀπέϐλεπεν
3492 3994 3648 4050 κατὰ

2051 4086 2376 4154 ἀνατολὰς,
2410 4087 2512 4148 καὶ
2550 4087 2617 4141 τὸ
2649 4087 2808 4156 ὕδωρ
2841 4086 3188 4142 κατέϐαινεν
3225 4087 3343 4144 ἀπὸ
3373 4086 3480 4142 τοῦ
3511 4088 3647 4142 κλί-

2051 4199 2195 4249 τους
2229 4181 2336 4235 τοῦ
2387 4180 2621 4235 οἷκου⁸⁸
2660 4179 2767 4234 τοῦ
2795 4179 2997 4244 δεξιοῦ
3042 4181 3162 4235 ἀπὸ
3206 4182 3388 4235 νότου
3429 4179 3528 4234 ἐπὶ
3572 4176 3648 4232 τὸ

2054 4272 2512 4343 θυσιαστήριον.
2537 4271 2696 4326 Οὕτω
2738 4272 2808 4325 τά
2835 4271 2962 4341 περὶ
2985 4271 3095 4325 τῶν
3123 4270 3322 4325 θυσιῶν
3347 4270 3642 4342 διδαχθεὶς,

2055 4368 2149 4423 καὶ
2203 4364 2413 4439 μαθὼν,
2464 4365 2611 4428 ὅπως
2659 4362 2730 4416 τὰ
2761 4363 2891 4435 περὶ
2930 4364 3037 4417 τῶν
3070 4362 3356 4435 ἁμαρτιῶν
3393 4361 3646 4428 τυπικῶς

2053 4460 2135 4512 δεῖ
2164 4457 2498 4530 προσφέρειν
2527 4456 2766 4526 θύματα,
2801 4455 3113 4511 διδάσκεται
3152 4455 3260 4510 τῶν
3306 4455 3493 4527 ψυχῶν
3540 4455 3643 4526 τὴν

365 4553 562 4609 aquam
612 4555 642 4594 a
690 4543 864 4612 portis
909 4546 1109 4604 domus
1164 4559 1478 4618 exeuntem,
1533 4563 1589 4609 et
1637 4570 1734 4624 per
1776 4554 1948 4609 altare

2062 4546 2312 4618 ἀληθινὴν
2363 4545 2664 4616 κάθαρσιν,
2712 4543 2810 4616 τὴν
2846 4544 2904 4612 ἐξ
2951 4544 3142 4611 ὕδατος
3191 4547 3287 4599 καὶ
3330 4546 3643 4617 πνεύματος

365 4638 766 4701 transeuntem,
782 4652 881 4706 per
897 4646 1083 4707 partes
1112 4641 1287 4712 magis
1301 4643 1653 4713 aquilonares
1673 4645 1738 4701 ad
1761 4646 1916 4700 orien
1934 4674 1951 4686 -

365 4730 472 4784 tem
527 4725 852 4793 procedere.
887 4727 964 4784 Ex
1009 4728 1218 4788 Iudaeis
1263 4736 1413 4791 enim
1449 4738 1605 4793 salus
1640 4738 1707 4796 ad
1758 4745 1951 4808 gentes

365 4815 642 4882 pervenit,
673 4826 729 4871 et
763 4817 1022 4877 Christus
1051 4838 1116 4877 ex
1164 4823 1378 4896 1039
1405 4825 1608 4882 Davidc
1643 4825 1948 4884 secundum

367 4918 593 4960 carnem
624 4923 690 4964 ex
717 4911 971 4983 virginali
996 4921 1176 4984 utero,
1212 4918 1380 4973 veluti
1411 4935 1476 4974 ex
1499 4919 1829 4990 quibusdam
1862 4917 1950 4973 di-

363 4993 508 5050 vinis
551 4999 840 5059 vesﬁbulis
872 5019 1166 5076 apparens,
1209 5022 1308 5080 per
1353 5023 1553 5080 aquam
1593 5020 1647 5065 et
1694 5009 1947 5082 spiritum

365 5091 836 5156 regenerationem
870 5099 990 5153 orbi
1024 5106 1300 5156 terrarum
1337 5111 1420 5158 est
1454 5103 1786 5174 impertitns.
1825 5100 1949 5156 llaec

359 5177 492 5235 item
517 5179 712 5240 beatus
755 5184 926 5246 Isaias
957 5192 1318 5258 vaticinatur,
1364 5194 1599 5251 dicens:
1639 5214 1658 5246 ι
1698 5195 1816 5250 Erit
1860 5194 1949 5250 die

362 5269 475 5336 illo,
519 5273 662 5359 sicut
691 5276 889 5338 ﬂuvius
929 5283 1022 5352 qui
1072 5283 1248 5338 fertur
1281 5285 1558 5355 gloriosus
1603 5287 1658 5340 in
1692 5293 1842 5340 terra
1877 5287 1951 5339 si—

361 5364 527 5421 tiente
561 5373 608 5420 '.
656 5387 675 5420 ι
707 5369 775 5424 Et
804 5375 1000 5432 beatus
1051 5374 1354 5438 Zacharias
1402 5379 1664 5449 praedicta
1721 5377 1947 5434 salutari

429 5528 453 5555 τι
484 5519 648 5577 Zacli.
684 5541 797 5596 xw,
825 5527 877 5580 7.

2050 4639 2365 4710 γινομένην.
2393 4637 2590 4691 Βλέπει
2620 4638 2676 4693 δὲ
2701 4634 2861 4690 τοῦτο
2891 4637 3037 4711 ὕδωρ
3065 4638 3174 4692 ἀπὸ
3205 4639 3315 4692 τῶν
3343 4639 3522 4710 θυρῶν
3545 4639 3642 4691 τοῦ

2049 4731 2198 4784 οἴκου
2226 4729 2388 4797 ἐξιὸν,
2425 4730 2520 4783 καὶ
2566 4729 2652 4782 διὰ
2694 4727 2788 4782 τοῦ
2825 4728 3210 4803 θυσιαστηρίου
3241 4729 3396 4797 διιὸν,
3430 4730 3526 4786 καὶ
3551 4727 3645 4784 διὰ

2048 4825 2157 4878 τῶν
2187 4823 2540 4895 βορειοτέρων
2573 4822 2755 4894 μερῶν
2779 4823 2873 4876 ἐπὶ
2901 4822 2970 4878 τὰ
2999 4807 3110 4894 ἑῷα
3129 4823 3363 4895 χωροῦν.
3407 4824 3500 4876 Ἐκ
3528 4822 3642 4895 γὰρ

2047 4917 2157 4971 τῶν
2189 4916 2462 4970 Ἰουδαίων
2494 4917 2528 4985 ἡ
2573 4914 2817 4987 σωτηρία
2841 4918 2952 4980 τοῖς
2981 4916 3178 4978 ἔθνεσι,
3203 4918 3297 4970 καὶ
3320 4919 3347 4970 ό
3381 4918 3445 4970 ἐκ
3471 4915 3647 4969 Δαϐὶδ

2049 5010 2190 5067 κατὰ
2223 5008 2321 5080 τὴν
2345 5011 2524 5078 σάρκα
2553 5008 2808 5084 Χριστὸς,
2842 5009 2908 5063 ὲκ
2932 5009 3033 5080 τῆς
3063 5009 3397 5080 παρθενικῆς
3419 5007 3637 5079 νηδύος,

2048 5098 2161 5157 οἷον
2193 5101 2302 5158 ἀπό
2331 5119 2495 5156 τινων
2534 5101 2692 5156 θείων
2745 5099 3033 5173 προθύρων
3082 5102 3400 5170 ἀναφανεὶς,
3439 5100 3536 5170 τὴν
3567 5100 3641 5154 δι’

2050 5191 2242 5256 ὕδατος
2271 5193 2367 5247 καὶ
2403 5192 2714 5262 πνεύματος
2747 5191 3105 5262 ἀναγέννησιν
3129 5194 3198 5262 τῇ
3227 5189 3522 5262 οἰκουμένῃ
3551 5188 3640 5245 δε-

2047 5287 2309 5358 δώρηται.
2342 5284 2530 5340 Ταῦτα
2563 5284 2660 5338 καὶ
2693 5285 2722 5336 ό
2765 5284 3034 5357 μακάριος
3067 5285 3298 5350 Ἡσαΐας
3330 5283 3636 5354 προθεσπί-

2051 5378 2152 5446 ζει,
2189 5378 2362 5448 λέγων
2389 5395 2401 5411 ·
2455 5397 2474 5430 ι
2502 5377 2756 5431 Ἕσται¹³⁸
2790 5379 2846 5432 ὲν
2878 5380 2943 5450 τῇ
2977 5378 3159 5450 ἡμέρᾳ
3195 5378 3402 5451 ἐκείνῃ,
3435 5377 3510 5441 ὡς
3538 5392 3636 5429 πο-

1644 5679 1884 5734 V'ARle
1926 5685 2326 5748 LECTIONES.

428 5767 553 5844 “.B
581 5770 815 5844 πέττειν.
894 5771 942 5801 ⁸⁸
991 5771 1083 5844 τού
1116 5773 1286 5824 οἴκου.
1327 5771 1452 5844 Πςε.
1491 5774 1547 5844 in,
1574 5776 1638 5825 Α.

362 5842 632 5912 respicere
665 5843 922 5902 videntur
951 5842 1017 5900 ad
1055 5843 1159 5896 lsa.
1197 5857 1342 5904 XLVI,
1371 5842 1442 5911 3;
1469 5843 1594 5897 coll.
1620 5859 1785 5910 xxxv,
1816 5845 1866 5895 (ἰ.

1741 5772 1789 5801 ⁸⁵
1819 5773 1979 5859 fita:
2045 5813 2107 5821 ν-
2135 5784 2360 5856 διψὼοῃ.
2396 5791 2471 5843 Ad
2509 5791 2608 5846 lsa.
2664 5810 2757 5858 LII,
2794 5796 2848 5859 '2,
2889 5795 3002 5848 haec
3057 5795 3245 5850 retulit
3305 5793 3493 5858 Sirnn,
3534 5791 3635 5852 sed
