4070 6408
332 447 468 513 1241

1435 455 1518 517 IN
1567 455 2018 517 EZECHIELIS
2055 457 2212 519 CAP.
2237 458 2474 522 XLVII.

3469 458 3606 519 1242

333 561 510 635 ταμδς
532 562 836 634 φερόμενος
865 562 1076 632 ἔνδοξος
1101 562 1160 620 ὲν
1190 566 1261 637 γῇ
1285 563 1516 638 διψώσῃ.
1547 585 1568 618 ›
1622 568 1733 623 Καὶ
1759 569 1788 621 ὸ
1819 587 1920 640 μα-

2027 569 2308 638 passione,
2358 575 2415 624 et
2460 582 2528 626 ea
2571 583 2696 641 quae
2742 569 2944 626 accidit
2973 569 3362 626 obscuritate:
3422 587 3442 621 ι
3487 568 3608 623 Non

335 653 527 727 κάριος
545 653 604 708 δὶ
619 655 898 728 Ζαχαρίας
920 656 1334 729 προαγορεύσας
1355 657 1417 712 τὸ
1439 661 1703 732 σωτήριον
1726 660 1916 728 πάθος,

332 749 430 801 καὶ
448 747 512 801 τὺ
536 747 929 819 ἐπιγενόμενον
955 749 1144 812 σκότος
1165 765 1181 781 ο
1220 769 1240 802 ι
1270 749 1383 820 Ούχ
1404 748 1586 822 ἡμέρα
1610 750 1740 823 γὰρ,
1762 755 1918 823 φησὶ,

331 838 430 893 καὶ
459 838 521 892 οὐ
552 839 672 906 νὺξ,
702 840 798 894 καὶ
825 841 859 912 ἡ
894 841 1080 913 ἡμέρα
1111 841 1292 911 ἐκείνη
1327 843 1542 913 γνωστὴ
1573 842 1651 914 τῷ
1689 845 1878 916 Κυρίῳ
1899 860 1917 878 ο

327 927 459 982 οὔτε
503 927 638 1001 γὰρ.
688 929 846 1001 φησιν
888 930 1104 1001 πλήρης
1137 930 1341 1002 ἡμέραν
1385 930 1512 986 οὔτε
1551 931 1764 1006 πλήρης
1797 935 1916 1002 νὺξ,

332 1017 610 1090 μεσούσης
652 1019 763 1093 γὰρ
791 1020 890 1089 τῆς
912 1021 1124 1092 ¹ἡμέρας
1151 1023 1338 1087 σκότος
1371 1023 1585 1092 ἐγένετο
1609 1040 1624 1054 ·
1664 1045 1684 1078 ι
1713 1029 1922 1098 ιέπήγιι,⁶

327 1122 429 1174 γεν
454 1123 470 1138 ⁶
528 1125 549 1160 ι
595 1107 685 1163 Ἐν
719 1111 788 1181 τῇ
818 1110 1004 1182 ἡμέρᾳ
1039 1111 1225 1186 ἐκείνῃ
1268 1112 1610 1178 ἐξελεύσεται
1637 1115 1782 1188 ὕδωρ
1811 1117 1920 1183 ζῶν

328 1197 392 1264 ἐξ
428 1197 789 1272 Ἰερουσαλήμ
813 1218 828 1233 ο
874 1201 937 1254 τὸ
966 1202 1138 1273 ἥμισυ
1185 1203 1351 1258 αὐτοῦ
1398 1207 1478 1270 είς
1506 1207 1607 1278 τὴν
1645 1207 1919 1263 θάλασσαν

327 1285 431 1359 τὴν
468 1288 733 1360 ἐσχάτην,
764 1289 859 1343 καλ⁸
897 1290 959 1344 τὸ
989 1293 1161 1362 ἣμισυ
1192 1294 1356 1348 αὐτοῦ
1401 1297 1483 1359 είς
1507 1295 1607 1369 τὴν
1647 1297 1919 1352 θάλασσαν

326 1377 431 1450 τὴν
465 1379 716 1452 πρώτην.
750 1399 770 1433 ι
816 1382 978 1453 Δηλοῖ
1006 1384 1064 1436 δὲ
1090 1383 1180 1438 διά
1208 1385 1411 1439 τούτων
1456 1387 1526 1440 τὰ
1570 1388 1680 1460 ὲῷα
1713 1389 1809 1444 καὶ
1850 1390 1921 1444 τὰ

327 1469 591 1538 ἑσπέρια,
626 1472 696 1526 δι’
722 1465 799 1526 ὧν
823 1475 855 1545 ἡ
883 1474 1176 1548 οἰκουμένη
1219 1478 1371 1532 πᾶσα
1400 1481 1626 1533 νοεῖται.
1661 1481 1825 1550 Λέγει
1861 1481 1919 1535 δὲ

329 1562 427 1614 καὶ
459 1562 565 1630 τῆς
591 1563 940 1629 ἀναύλύσεως
989 1566 1080 1621 τὸν
1119 1567 1332 1639 καιρόν.
1379 1587 1399 1620 ι
1432 1569 1520 1623 Ἐν
1553 1569 1722 1642 θέρει,
1760 1573 1915 1643 φησὶ,

328 1652 429 1708 καὶ
461 1652 586 1723 ἔαρι
618 1655 773 1710 ἔσται
799 1654 993 1720 οὕτως.
1025 1676 1045 1709 ι
1099 1656 1270 1712 Τοῦτο
1297 1661 1394 1714 καὶ
1432 1663 1460 1714 ὁ
1487 1660 1691 1732 Κύριος
1714 1665 1780 1733 τῇ
1813 1665 1919 1718 Σα-

332 1741 580 1821 μαρίτιδί
605 1759 800 1814 φησιν·
841 1763 861 1796 ι
888 1746 986 1810 Ὃς
1022 1746 1088 1800 ἂν
1119 1748 1218 1822 πίῃ
1247 1750 1312 1802 ὲκ
1337 1747 1435 1803 τοῦ
1472 1750 1685 1817 ὓδατος,
1716 1749 1777 1808 οὗ
1808 1753 1919 1822 ἐγὼ

325 1825 495 1884 δώσω
517 1832 686 1903 αὐτῷ,
709 1833 770 1888 οὐ
796 1834 869 1904 μὴ
891 1834 1092 1908 διψήσῃ
1113 1838 1193 1900 είς
1217 1837 1308 1892 τὸν
1336 1838 1530 1903 αἰῶνα,
1555 1840 1667 1893 ἀλλ’
1687 1841 1731 1872 ⁸⁷
1765 1841 1919 1897 ἔσται

326 1921 395 1974 τὸ
419 1919 590 1994 ὕδωρ,
619 1923 648 1976 δ
675 1922 787 1993 ἐγὼ
815 1923 972 1980 δώσω
995 1927 1164 1997 αὐτῷ,
1199 1927 1350 2000 πηγὴ
1383 1926 1575 1993 ὕδατος
1598 1929 1799 1995 ζῶντος
1829 1933 1923 1986 ἀλ-
1953 1936 1996 1991 Β

325 2008 560 2080 λομένου
603 2013 686 2076 είς
716 2012 862 2085 ζωὴν
894 2014 1132 2071 αίώνιον.
1165 2036 1184 2070 ι
1229 2018 1340 2072 Καὶ
1367 2019 1594 2090 ἑτέρωθι
1617 2036 1632 2051 ·
1689 2040 1707 2073 ι
1740 2022 1809 2075 Εί
1831 2039 1917 2088 τις

321 2101 483 2174 διψᾷ,
511 2103 760 2175 ἐρχέσθω
793 2106 930 2177 πρός
958 2124 1048 2177 με,
1083 2109 1179 2163 καὶ
1208 2109 1411 2164 πινέτω
1430 2128 1443 2142 ο
1481 2113 1510 2165 ὁ
1535 2112 1807 2167 πιστεύων
1836 2115 1917 2178 είς

323 2193 456 2264 ἐμὲ,
484 2194 671 2260 καθὼς
697 2192 853 2252 εἷπεν
895 2199 929 2269 ἡ
971 2199 1186 2270 Γραφὴ,
1219 2202 1456 2273 ποταμοὶ
1483 2205 1546 2256 ὲκ
1580 2203 1675 2274 τῆς
1707 2205 1918 2270 κοιλίας

318 2285 496 2342 αὑτοῦ
533 2287 820 2359 ῥεύσουσιν
860 2289 1054 2356 ὓδατος
1087 2292 1306 2357 ζῶντος.
1338 2312 1358 2346 ι
1416 2293 1587 2348 Τοῦτο
1618 2296 1679 2350 τὸ
1710 2296 1854 2370 ὕδωρ
1887 2300 1916 2352 ὁ

318 2375 620 2444 θεσπέσιος
644 2376 784 2435 εἶδεν
820 2381 1082 2454 Ἰεζεκιὴλ
1111 2385 1398 2456 προκύψαν
1429 2385 1526 2458 μὲν
1551 2389 1618 2441 ὲκ
1648 2388 1758 2443 τῶν
1779 2406 1916 2461 προ-

318 2468 515 2540 θύρων
541 2470 640 2526 τοῦ
683 2473 835 2530 οἴκου
864 2491 878 2506 ο
929 2475 1017 2530 διὰ
1048 2476 1157 2547 γάρ
1184 2476 1276 2532 τοῦ
1294 2477 1470 2547 νόμου
1503 2479 1600 2533 καὶ
1626 2479 1736 2534 τῶν
1779 2499 1913 2552 προς

318 2561 520 2632 φητῶν
545 2563 616 2617 τὰ
645 2565 895 2638 ἡμέτερα
940 2567 1122 2636 ἀγαθὰ
1152 2569 1457 2640 προερῥέθη
1483 2586 1498 2600 ⁶
1552 2572 1647 2624 καὶ
1676 2573 1829 2628 ἐλθὸν
1855 2575 1914 2628 δὲ

311 2652 415 2711 διὰ
469 2653 565 2708 τοῦ
612 2656 1038 2728 θυσιαστηρίουο
1089 2661 1308 2732 παρόδῳ
1355 2660 1465 2732 γὰρ
1507 2663 1642 2736 μόνῃ
1684 2663 1773 2719 διὰ
1801 2665 1912 2719 τῶν

329 2742 610 2798 Ἰουδαίων
641 2745 917 2817 ἐχρήσατο
938 2763 955 2784 θ
994 2747 1269 2819 ἐπειδὴδὲ
1297 2749 1702 2821 ἀπιστήσαντες
1727 2751 1914 2808 δοῦναι

311 2835 425 2906 τῆς
456 2836 694 2902 πίστεως
723 2840 849 2902 τοὺς
876 2839 1125 2910 καρποὺς
1162 2841 1264 2894 οὐκ
1307 2841 1600 2913 ἠθέλησαν,
1635 2841 1914 2914 ἐχώρησεν

315 2927 404 2989 είς
437 2925 508 2980 τὰ
539 2925 704 2998 ἔθνη,
753 2929 852 2981 καὶ
892 2929 984 2982 τὸν
1031 2930 1285 3001 μέγιστον
1337 2932 1432 2985 καὶ⁵
1471 2932 1755 2986 κάλλιστον
1804 2933 1916 2988 τῶν

329 3019 679 3090 Ἐκκλησιῶν
723 3019 944 3092 ἀρδεύει
989 3021 1341 3093 παράδεισον.
1373 3018 1509 3077 Εἶτα
1539 3022 1688 3092 λέγει
1717 3023 1915 3078 τεθεω-

315 3108 557 3181 ρηκέναι
591 3109 717 3164 τινὰ
765 3111 1116 3183 μετρήσαντα
1150 3111 1355 3181 χιλίους
1382 3113 1442 3164 ὲν
1469 3113 1547 3182 τῷ
1579 3113 1784 3184 μέτρῳ,
1819 3113 1916 3168 καὶ

310 3199 554 3254 διελθεῖν
574 3200 767 3272 μέχρις
799 3201 1160 3274 ἀστραγάλων
1177 3218 1193 3233 ο
1213 3203 1376 3257 πάλιν
1397 3203 1454 3258 δὲ
1481 3203 1581 3273 τὴν
1609 3204 1780 3276 αὐτὴν
1810 3221 1910 3274 με·

2024 657 2144 716 dies
2171 661 2341 728 enim,
2392 659 2594 731 inquit,
2626 668 2680 716 et
2713 675 2824 715 non
2866 676 3001 728 nox,
3053 671 3109 718 et
3151 661 3270 717 dies
3304 659 3398 714 ille
3441 665 3608 714 notus

2023 750 2275 808 Domino.
2317 751 2506 824 Neque
2541 753 2688 808 enim
2727 755 2926 824 plenus
2963 754 3105 818 dies,
3147 753 3350 823 inquit,
3383 766 3564 821 neque
3588 751 3610 774 "

2021 844 2185 915 plena
2213 860 2322 900 nox
2359 863 2374 900 :
2400 846 2582 901 medio
2608 847 2754 902 enim
2783 848 2870 903 die
2898 847 3139 904 tenebrae
3171 853 3308 900 orta:
3340 851 3471 898 sunt
3504 850 3550 896 ο.
3583 860 3602 893 ι

2022 953 2231 1012 Deinde
2259 957 2341 1012 sic
2372 957 2549 1029 pergit
2578 976 2592 1013 :
2633 977 2651 1010 ι
2699 958 2797 1014 Die
2831 959 2929 1013 illo
2954 957 3268 1030 egredietur
3309 969 3451 1024 aqua
3483 954 3606 1006 viva

2022 1046 2090 1102 de
2121 1045 2525 1118 Hierosolyma,
2569 1049 2861 1103 dimidium
2916 1049 3037 1118 ejus
3083 1049 3139 1103 in
3183 1063 3336 1102 mare
3366 1044 3609 1101 novissi-

2020 1153 2197 1203 mum,
2229 1146 2283 1193 et
2312 1137 2602 1195 dimidium
2634 1141 2754 1210 ejus
2786 1141 2842 1196 in
2876 1155 3026 1196 mare
3069 1139 3332 1210 primum.
3358 1156 3375 1190 ι
3408 1137 3476 1191 Ει
3509 1150 3608 1208 per

2020 1229 2139 1285 haec
2171 1229 2417 1286 declarat
2451 1238 2634 1285 ortum
2669 1240 2724 1286 et
2755 1246 3041 1299 occasum,
3076 1231 3279 1301 quibus
3313 1238 3466 1284 totus
3490 1237 3605 1283 ter-

2019 1336 2208 1376 rarum
2245 1321 2399 1376 orbis
2429 1322 2779 1392 intelligitur.
2826 1323 3239 1378 Commemorat
3287 1321 3451 1376 etiam
3485 1334 3607 1374 sca-

2019 1414 2264 1469 turiendi
2293 1421 2532 1486 tempus.
2572 1434 2591 1466 ι
2629 1415 2688 1469 In
2719 1422 2932 1481 testate,
2963 1413 3168 1484 inquit,
3206 1419 3261 1467 et
3289 1412 3345 1466 in
3368 1425 3495 1467 vere
3523 1409 3606 1465 sic

2019 1507 2145 1561 erit.
2175 1525 2194 1560 ›
2224 1505 2341 1563 Hoc
2366 1507 2532 1563 etiam
2559 1507 2922 1562 Samaritana:
2940 1507 3083 1563 dixit
3112 1506 3380 1561 Dominus
3415 1525 3428 1560 :
3457 1525 3476 1558 ι
3500 1503 3604 1571 Qui

2020 1610 2224 1667 biberit
2258 1610 2326 1667 de
2355 1627 2518 1683 aqua,
2553 1627 2716 1682 quam
2747 1627 2848 1682 ego
2898 1611 3042 1667 dabo
3074 1611 3146 1678 ei,
3195 1626 3305 1665 non
3353 1609 3502 1665 sitiet
3548 1609 3603 1664 in

2019 1710 2310 1769 aeternum,
2359 1703 2455 1760 sed
2495 1703 2601 1760 erit
2650 1719 2814 1774 aqua,
2866 1719 3030 1775 quam
3068 1719 3172 1776 ego
3199 1701 3341 1757 dabo
3373 1702 3445 1765 ei,
3478 1700 3606 1756 fons

2021 1810 2178 1866 aquae
2201 1795 2337 1850 vivae
2365 1795 2616 1851 salientis
2646 1795 2702 1850 in
2743 1795 2912 1849 vitam
2954 1802 3220 1850 aeternam
3267 1803 3319 1848 ιι.
3348 1810 3367 1843 ι
3403 1791 3470 1846 Ει
3495 1791 3606 1846 alio

2022 1885 2148 1941 loco
2181 1903 2194 1939 :
2236 1904 2255 1938 ι
2304 1885 2363 1940 Si
2394 1885 2520 1956 quis
2569 1884 2686 1940 sitit
2719 1885 2906 1938 veniat
2956 1884 3024 1939 ad
3060 1899 3144 1938 me
3187 1891 3242 1937 et
3274 1881 3429 1937 bibat
3459 1898 3473 1934 :
3508 1880 3604 1950 qui

2021 1977 2198 2034 credit
2219 1977 2276 2032 in
2305 1993 2413 2043 me,
2444 1977 2588 2032 sicut
2616 1975 2752 2031 dicit
2775 1975 3090 2046 Scriptura,
3128 1973 3354 2028 ﬂumina
3376 1971 3444 2027 de
3470 1986 3604 2026 ven-

2020 2077 2105 2124 tre
2133 2069 2253 2139 ejus
2283 2069 2557 2139 proﬂuent
2594 2083 2748 2138 aquae
2775 2069 2913 2123 vivae
2943 2077 2993 2123 α.
3037 2086 3054 2119 ι
3091 2065 3247 2120 lianc
3283 2079 3485 2134 aquam
3517 2062 3602 2116 di-

2021 2159 2184 2216 vinus
2214 2160 2466 2216 Ezechiel
2509 2158 2665 2227 vidit,
2704 2159 3065 2231 proﬂuentem
3109 2173 3138 2212 a
3170 2156 3461 2214 vestibulis
3504 2156 3603 2210 do-

2016 2267 2141 2306 mus
2173 2251 2296 2323 (per
2328 2251 2500 2323 legem
2533 2251 2678 2306 enim
2716 2257 2771 2306 et
2817 2250 3114 2321 prophetas
3155 2247 3417 2318 praedicta
3448 2244 3602 2300 fuere

2018 2350 2208 2399 nostra
2241 2343 2408 2415 bona)
2440 2351 2495 2399 et
2537 2351 2912 2398 transeuntem
2946 2355 3046 2412 per
3086 2339 3278 2404 altare,
3324 2339 3453 2409 quia
3500 2353 3599 2408 per

2017 2433 2236 2490 Iudaeos
2272 2435 2541 2489 duntaxat
2575 2433 2837 2489 transiit:
2874 2433 2972 2503 qui
3020 2431 3113 2487 ubi
3157 2446 3268 2487 non
3306 2428 3599 2486 credentes

2023 2525 2240 2598 1040
2267 2525 2391 2580 ﬁdei
2420 2523 2639 2580 fructus
2671 2523 2901 2579 reddere
2929 2523 3253 2586 noluerunt,
3281 2520 3498 2574 transiit
3530 2517 3599 2573 ad

2015 2625 2225 2686 gentes,
2254 2624 2306 2670 et
2335 2615 2632 2668 maximum
2657 2620 2822 2682 atque
2854 2610 3288 2682 pulcherrimum
3326 2606 3600 2663 Ecclesia-

2014 2720 2140 2760 rum
2173 2704 2368 2775 irrigat.
2399 2701 2743 2773 paradisum.
2780 2698 2933 2772 [5-5]
2977 2699 3067 2752 Ait
3119 2697 3321 2753 deinde
3363 2710 3423 2750 se
3467 2707 3601 2748 con-

2015 2797 2268 2868 spexisse
2295 2794 2610 2866 quemdam,
2637 2791 2730 2863 qui
2759 2806 2984 2846 mensus
3013 2790 3086 2846 sit
3108 2788 3258 2843 mille
3287 2788 3342 2842 in
3375 2800 3601 2840 mensu-

2016 2927 2100 2980 ra,
2151 2918 2206 2966 et
2240 2907 2527 2964 transierit
2558 2920 2738 2976 usque
2782 2905 2850 2960 ad
2898 2903 3040 2959 talos
3071 2922 3084 2958 :
3128 2915 3368 2970 eumque
3402 2901 3614 2953 rursus

2017 3001 2264 3060 eamdem
2300 2999 2614 3055 dimensum
2646 3012 2772 3052 esse
2801 2993 3185 3065 quantitatem,
3217 2998 3273 3047 et
3311 2987 3603 3044 transiissc

2018 3110 2195 3167 usque
2225 3092 2292 3148 ad
2315 3106 2498 3164 genua
2523 3109 2536 3145 :
2561 3097 2614 3145 et
2643 3088 2807 3145 tertio
2830 3086 3077 3142 adhibita
3104 3083 3296 3140 eadem
3319 3094 3601 3142 mensura,

2018 3185 2310 3241 transiisse
2332 3197 2508 3251 usque
2533 3179 2602 3234 ad
2630 3179 2872 3235 lumbos.
2900 3175 2968 3230 At
3002 3176 3092 3231 ubi
3115 3182 3370 3244 quartum
3405 3169 3602 3241 imple-

307 3293 532 3364 τρῆσαι
557 3261 855 3364 ἑωυὲὲττίτα,
885 3261 1237 3348 καίδιελθεῖν
1261 3295 1366 3359 ἕως
1399 3261 1644 3364 γονάτων
1668 3310 1683 3326 ·
1713 3261 1835 3366 τρὶς
1857 3295 1915 3348 δὲ

2019 3277 2095 3333 vit
2126 3289 2444 3337 numerum,
2475 3280 2720 3337 torrens,
2756 3268 2959 3340 inquit,
2989 3266 3171 3321 factus
3197 3274 3282 3320 est
3302 3261 3600 3322 maximus,

308 3387 385 3440 ςδ
437 3385 635 3459 μέτρον
680 3388 1036 3457 ἐπενεγκεῖν,
1089 3387 1183 3442 καὶ
1237 3387 1466 3443 διελθεῖν
1514 3388 1618 3452 ἕως
1671 3385 1909 3458 ὀσφύος·

311 3477 518 3549 ἐπειδὴ
544 3478 601 3533 δὲ
623 3478 718 3536 τὸν
745 3478 1006 3550 τέταρτον
1035 3481 1356 3553 ἐπλήρωσεν
1384 3481 1639 3552 ἀριθμὸν,
1664 3483 1914 3556 Χειμάρ-

315 3571 480 3636 ρους,
516 3571 703 3640 φησὶν,
732 3570 950 3640 ἐγένετο
984 3570 1267 3642 μέγιστος,
1296 3571 1355 3626 δν
1381 3573 1479 3643 οὐχ
1507 3567 1620 3626 οἷον
1664 3572 1914 3640 διελθεῖν,

311 3662 412 3716 ὅτι
439 3661 709 3733 ὲκόράζον
753 3662 816 3716 τὸ
851 3661 1018 3734 ὕδωρ,
1061 3663 1138 3727 ὡς
1169 3663 1345 3735 ῥοῖζος
1392 3664 1719 3736 χειμάῤῥου,
1752 3666 1812 3719 ὃν
1853 3665 1915 3721 οὐ

311 3752 644 3822 διαϐήσεταί
671 3770 777 3817 τις.
814 3754 1053 3821 Ἐδίδαξε
1083 3754 1142 3808 δὲ
1173 3756 1325 3826 ἡμᾶς
1356 3755 1443 3810 διὰ
1478 3755 1704 3821 τούτων,
1736 3757 1819 3811 ὅτι
1857 3757 1917 3812 ὲν

312 3847 473 3918 ἀρχῇ
504 3845 602 3918 μὲν
633 3847 696 3900 τὸ
723 3845 1079 3916 εὐαγγελικὸν
1111 3848 1378 3920 κήρυγμα
1402 3848 1618 3917 ὀλίγους
1640 3850 1708 3920 τῇ
1738 3865 1918 3921 σωτηα

319 3938 424 4010 ρίᾳ
477 3938 740 4010 προσάξει
763 3955 778 3969 ο
826 3936 946 3992 εἶτα
987 3938 1211 4004 τούτους
1257 3940 1624 4008 διπλασιάσει,
1671 3941 1768 3994 καὶ
1799 3957 1918 4012 τρι-

313 4027 621 4084 πλασιάσει
643 4046 658 4062 °
691 4030 830 4100 μετά
849 4029 909 4083 δὲ
935 4029 1111 4084 ταῦτα
1136 4029 1418 4101 πληρώσει
1439 4030 1538 4103 τὴν
1562 4029 1914 4100 οἰκουμένην,

314 4119 471 4176 κατά
493 4120 593 4190 τὴν
626 4121 968 4192 προφητείαν
1011 4123 1114 4192 τὴν
1147 4122 1413 4191 λέγουσαν
1439 4137 1452 4152 ⁸
1497 4139 1516 4174 ι
1547 4120 1917 4192 Πληρωθήσε-

313 4229 415 4268 ται
435 4211 482 4243 ⁸⁸
515 4213 550 4282 ἡ
582 4199 847 4282 σύμπασα
877 4213 947 4284 γῆ
973 4214 1018 4246 ⁸⁸
1046 4212 1140 4266 τοῦ
1177 4213 1384 4281 γνῶναι
1427 4212 1520 4267 τὸν
1562 4212 1794 4284 Κύριον,
1841 4213 1919 4276 ὡς

317 4304 474 4376 ὓδωρ
501 4304 638 4358 πολὺ
668 4305 1058 4375 κατακαλύψαι
1085 4305 1386 4370 θαλάσσας.
1416 4323 1436 4358 t
1498 4305 1820 4375 Ἐπιστῆσαι
1859 4305 1917 4358 δὲ

313 4397 616 4468 προσήκει,
638 4396 715 4460 ὼς
738 4397 998 4470 τετράκις
1029 4397 1326 4469 ὲμέτρησε,
1360 4399 1449 4452 καὶ
1479 4401 1594 4462 τοῖς
1619 4399 1782 4462 θείοις
1813 4399 1919 4452 Εὑ-

316 4487 603 4556 αγγελίοις
635 4488 922 4559 ἰσάριθμον
949 4488 1010 4542 τὸ
1051 4490 1250 4561 μέτρον
1281 4491 1680 4561 προσήνεγκεν.
1721 4488 1919 4557 Ἦγοῦ-

324 4595 427 4650 μαι
458 4578 516 4632 δὲ
549 4578 611 4632 τὺ
660 4580 924 4652 τέταρτον
961 4581 1160 4653 μέτρον
1195 4581 1290 4636 τοῦ
1339 4582 1625 4637 θεσπεσίου
1665 4583 1915 4636 Ἰωάννου

325 4669 679 4742 παραδηλῶν
728 4673 792 4726 τὸ
825 4672 1179 4741 Εὐαγγέλιον,
1235 4673 1514 4743 θεολογίαν
1559 4674 1683 4744 ἕχον
1719 4674 1918 4728 ἄϐατον

323 4761 637 4834 ἀνθρώποις
670 4763 766 4818 καὶ
811 4763 1210 4834 ἀνυπέρϐατον.
1255 4765 1353 4830 Τίς
1411 4765 1521 4836 γὰρ
1583 4764 1652 4818 ἂν
1701 4765 1914 4833 γένοιτο

326 4848 456 4912 νοῦς
490 4851 750 4904 ἐπέκεινα
777 4851 872 4904 τοῦ
907 4852 1005 4905 Ἐν
1040 4851 1200 4922 ἀρχῇ
1212 4869 1232 4917 ;
1259 4853 1342 4917 τίς
1379 4853 1424 4908 δ’
1456 4854 1523 4908 ἂν
1552 4854 1829 4927 ὑπερϐαίη
1858 4856 1920 4910 τὺ

326 4935 480 5006 Ἦνς
513 4941 606 4994 Διὸ
634 4942 729 4995 καὶ
767 4942 1039 5013 ὲκὸράζον
1069 4943 1131 4996 τὸ
1165 4943 1330 5015 ὕδωρ,
1365 4945 1438 5009 ὡς
1475 4945 1654 5016 ῥοῖζον
1683 4946 1919 5017 χειμάρ-

331 5037 455 5105 ῥου,
495 5033 556 5087 ὃν
588 5034 650 5087 οὐ
699 5034 1016 5106 διαϐήσεταί
1042 5052 1148 5100 τις,
1193 5035 1299 5106 ἔφη
1346 5036 1574 5103 ἐξιέναι.
1631 5038 1811 5100 Εὐθὺς
1839 5037 1916 5105 δὲ,

335 5127 498 5198 φησὶ,
533 5129 630 5182 καὶ
674 5127 1022 5199 παραχρῆμα
1048 5127 1297 5193 ὑπέδειξέ
1333 5146 1423 5199 μοι
1453 5129 1606 5200 παρά
1635 5129 1734 5200 τὴν
1757 5129 1923 5202 ὄχθην

328 5217 431 5273 τοῦ
471 5219 664 5282 ὓδατος
706 5219 898 5291 δένδρα
953 5219 1329 5284 παντοδαποὺς
1379 5221 1611 5292 βρύοντα
1649 5220 1918 5292 καρπούς.

339 5311 439 5366 Ἐν
473 5311 714 5382 ἑκατέρᾳ
755 5311 813 5365 δὲ
855 5311 992 5386 ὄχθῃ
1018 5311 1190 5366 ταῦτα
1221 5309 1290 5383 ἦν
1330 5313 1399 5367 τὰ
1442 5314 1636 5385 δένδρα
1659 5330 1673 5344 ·
1720 5315 1781 5366 οὐ
1813 5313 1923 5382 γὰρ

417 5492 442 5519 ο
465 5481 633 5539 Zach.
659 5482 838 5550 xlv,8.
918 5485 1130 5544 PJoan.
1160 5491 1234 5555 iv,
1278 5490 1365 5544 l4.
1445 5500 1472 5539 ς
1499 5491 1657 5546 Joan.
1679 5506 1775 5556 vn,
1805 5491 1896 5555 57,
1926 5488 2014 5544 58.

2015 3367 2115 3439 qui
2139 3364 2470 3438 pertransiri
2504 3377 2616 3418 non
2640 3368 2849 3432 posset,
2874 3359 3004 3431 quia
3045 3355 3344 3414 ebulliebat
3375 3367 3518 3423 aqua
3540 3358 3603 3407 ut

2015 3461 2257 3532 impetus
2290 3455 2576 3522 torrentis,
2621 3468 2784 3527 quem
2831 3467 2938 3507 non
2972 3448 3332 3522 pertransibit
3371 3443 3597 3515 aliquis.

2015 3570 2330 3640 Docuitque
2355 3583 2459 3624 nos
2486 3582 2583 3640 per
2607 3566 2744 3631 haec,
2778 3563 2898 3620 fore
2930 3569 2992 3616 ut
3020 3559 3178 3616 initio
3215 3555 3601 3628 evangelicum

2018 3661 2356 3734 praeconium
2390 3673 2598 3731 paucos
2632 3656 2700 3712 ad
2725 3656 2960 3712 salutem
2991 3652 3252 3716 adducat,
3285 3648 3485 3706 deinde
3507 3660 3603 3702 eos

2017 3755 2263 3826 duplicet
2287 3769 2354 3810 ac
2371 3752 2636 3824 triplicet,
2665 3766 2729 3806 ac
2756 3757 2950 3821 postea
2977 3755 3155 3802 totum
3175 3740 3606 3814 impleatorbem

2019 3857 2315 3912 terrarum,
2350 3845 2659 3903 secundum
2709 3841 3056 3914 prophetiam
3099 3840 3292 3894 illam:
3339 3855 3357 3890 ι
3401 3833 3604 3904 Reple-

2019 3939 2167 3995 bitur
2196 3937 2456 3993 universa
2486 3947 2634 3992 terra
2655 3934 2973 4005 cognitione
2999 3929 3242 3994 Domini,
3269 3928 3414 3982 sicut
3447 3939 3608 3995 aqua

2018 4030 2206 4085 multa:
2237 4043 2364 4098 quae
2397 4027 2654 4097 operiunt
2689 4025 2869 4080 maria
2899 4034 2948 4078 τ.
2997 4042 3018 4076 ι
3057 4022 3122 4076 Ει
3163 4018 3606 4075 animadvertere

2019 4136 2203 4191 operae
2236 4119 2478 4190 pretium
2515 4127 2620 4183 est,
2652 4124 2850 4187 quater
2875 4115 3029 4169 illum
3054 4112 3366 4168 dimensum
3404 4107 3600 4170 fuisse,

2017 4223 2074 4270 et
2119 4211 2325 4268 divinis
2366 4209 2684 4279 Evangeliis
2721 4207 2988 4277 aequalem
3021 4217 3254 4260 numero
3284 4213 3600 4256 mensuram

2019 4305 2362 4361 adhibuisse.
2386 4301 2652 4357 Existimo
2694 4315 2830 4357 vero
2863 4307 3120 4369 quartam
3155 4307 3472 4349 mensuram
3510 4291 3599 4345 di-

2017 4395 2132 4450 vini
2159 4392 2389 4449 Joannis
2408 4391 2764 4463 Evangelium
2795 4387 3064 4452 indicare,
3095 4383 3245 4456 quod
3269 4381 3603 4452 theologiam

2020 4486 2266 4542 continet
2292 4485 2658 4549 inaccessam,
2689 4490 2746 4537 et
2775 4495 2940 4552 quam
2971 4478 3292 4534 hominibus
3323 4487 3603 4532 transcen-

2021 4580 2152 4633 dere
2185 4576 2413 4632 minime
2443 4578 2626 4631 liceat.
2685 4573 2821 4642 Quae
2869 4571 3016 4629 enim
3064 4585 3222 4626 mens
3284 4569 3433 4624 ultra
3464 4564 3606 4622 illud

2022 4668 2091 4724 In
2121 4668 2380 4738 principio
2416 4676 2729 4738 penetrare,
2764 4673 2819 4721 et
2856 4679 2981 4734 qua:
3008 4663 3142 4718 illud
3167 4670 3282 4716 erat
3309 4669 3605 4714 transcen-

2017 4762 2148 4818 dere
2174 4761 2409 4833 poterit?
2435 4775 2608 4831 quare
2638 4760 2994 4815 ebullientem
3036 4771 3260 4828 aquam,
3293 4753 3452 4824 quasi
3485 4763 3604 4806 tor-

2017 4852 2191 4908 rentis
2225 4851 2475 4916 ﬂuctum,
2511 4865 2676 4920 quem
2711 4863 2873 4904 nemo
2898 4847 3238 4918 pertransire
3260 4851 3446 4915 queat,
3469 4842 3608 4897 dixit

2016 4944 2241 4999 exiisse.
2275 4941 2350 5013 [6,
2405 4940 2452 5010 1]
2488 4939 2555 4994 Et
2582 4939 2789 5006 statim,
2837 4938 3053 5008 inquit,
3106 4943 3274 5006 atque
3303 4950 3335 4991 e
3364 4931 3612 5003 vestigio

2017 5032 2262 5089 ostendit
2296 5032 2432 5086 mihi
2472 5029 2617 5100 apud
2650 5031 2828 5100 ripam
2858 5041 3016 5097 aquae
3045 5025 3280 5083 arbores
3305 5024 3487 5081 omnis
3512 5038 3611 5094 gea

2029 5125 2180 5180 neris
2213 5123 2579 5194 producentes
2631 5121 2862 5176 fructus.
2904 5123 2970 5176 Et
3016 5120 3072 5175 in
3107 5129 3341 5189 utraque
3374 5117 3493 5187 ripa
3525 5115 3614 5170 hat

2028 5217 2257 5272 arbores
2273 5224 2432 5271 erant
2459 5232 2472 5268 :
2510 5230 2689 5284 neque
2721 5213 2869 5268 enim
2899 5213 3058 5268 ﬁdem
3087 5221 3301 5268 tantum
3333 5211 3388 5264 in
3413 5211 3612 5272 Deum,

2029 5309 2123 5364 sed
2156 5307 2321 5364 etiam
2355 5306 2630 5362 actionem
2665 5306 2974 5361 secundum
3003 5305 3176 5362 Deum
3209 5305 3324 5360 hmo
3349 5317 3516 5374 aqua,
3548 5308 3612 5356 ut.

2095 5496 2116 5524 τ
2149 5484 2254 5542 lsa.
2283 5499 2344 5553 ιι,
2371 5483 2404 5538 9
2428 5501 2444 5552 ;
2468 5481 2748 5548 HabacJI,
2775 5483 2863 5540 14.

1685 5649 1923 5706 νΑιιιΑῐ
1963 5647 2354 5706 LECTIONES

437 5785 482 5864 '_'
525 5786 640 5864 ἀλλ’
667 5820 735 5864 -_—-
763 5789 916 5864 αίῲν.
955 5793 1123 5848 Aliter
1154 5793 1274 5864 loco
1300 5794 1392 5847 cit.
1415 5791 1539 5864 leg:
1613 5792 1658 5825 ⁸⁸
1702 5794 1864 5864 πληρ.
1899 5792 2095 5861 Supra,
2134 5807 2257 5862 pag.
2290 5791 2419 5854 252,
2455 5800 2569 5846 erat
2602 5787 2926 5861 ἐνεπλήσθη.
2961 5783 3128 5847 Infra,
3152 5777 3217 5831 ad
3253 5775 3389 5829 Dan-
3421 5789 3478 5835 II.
3513 5773 3606 5836 δι,

331 5858 421 5919 liii,
461 5858 565 5928 leg.
605 5859 920 5931 ἐπληρώθη.
1057 5865 1077 5895 ⁰
1119 5864 1209 5932 γῆ.
1253 5863 1376 5919 Des.
1413 5863 1465 5916 in
1510 5861 1566 5913 Β.
