4070 6404
315 430 458 498 1245

1418 437 1505 500 ΙΝ
1544 437 2001 499 EZECHIELIS
2031 439 2191 502 CAP.
2222 443 2490 505 XLVIII.

3445 444 3583 509 1246

311 545 375 599 οὐ
410 541 605 614 βαθέα,
631 541 750 598 ἀλλ’
780 543 843 609 ἐξ
865 544 1132 617 ἐπιπολῆς
1153 544 1267 617 ἔχει
1296 545 1357 599 τὸ
1390 545 1554 619 ὕδωρ.
1585 548 1725 611 τοὺς
1752 546 1887 600 οὕτω

1998 550 2284 605 continent
2315 567 2536 623 aquam.
2595 552 2702 608 Eos
2735 554 2901 625 igitur
2944 554 3038 624 qui
3088 554 3159 608 ita
3211 553 3393 608 aﬂ'ecti
3453 563 3586 610 sunt

311 636 495 691 τοίνυν
520 635 904 706 διακειμένους
930 638 1081 705 λέγει
1115 638 1414 708 θεραπείας
1476 638 1552 708 μὴ
1589 637 1897 709 τυγχάνειν.

321 726 489 781 ,Αλλὰ
534 727 633 781 καὶ
653 726 821 792 οὕτω,
853 728 1041 797 φησὶν,
1068 729 1170 782 οὐκ
1204 729 1468 800 ἄχρηστοι
1502 733 1616 794 τοῖς
1658 731 1894 794 λοιποῖς.

310 819 693 889 παιδευόμενοι
722 820 832 890 γάρ
861 820 1134 890 πρόφασις
1161 821 1260 885 τῆς
1295 821 1465 893 ἄλλης
1506 822 1773 891 ὠφελείας
1802 839 1897 892 γε-

307 912 589 982 νήσονται.
613 905 690 965 Οὔ
720 912 899 983 χάριν,
917 912 1020 981 ἔφη
1048 932 1067 963 ι
1096 914 1178 978 είς
1208 913 1342 979 άλας
1365 914 1675 985 δοθήσεται.
1700 934 1719 967 t
1766 917 1895 987 Ἀρ-

308 1002 467 1056 τύειν
495 1002 608 1073 γὰρ
633 999 744 1056 οἶδέ
780 1019 899 1067 πως
930 1004 1100 1074 ἡμᾶς,
1133 1004 1228 1058 καὶ
1254 1004 1527 1074 ὠφελεᾶις
1549 1005 1810 1077 πληροῦν,
1832 1005 1894 1059 ού

308 1096 478 1165 μόνον
509 1095 539 1148 δ
570 1094 891 1159 διδάσκαλος
916 1098 937 1128 ¹
958 1095 1136 1164 λόγος,
1167 1096 1302 1150 ἀλλὰ
1324 1098 1419 1151 καὶ
1457 1099 1492 1168 ὴ
1522 1097 1894 1169 ἐπιφερομένη

304 1186 409 1257 τῆς
439 1185 994 1258 ἁμαρτίαςτιμωρία.
1018 1187 1174 1241 υῦτω
1191 1188 1260 1241 τά
1280 1189 1422 1243 κατὰ
1459 1191 1587 1254 τοὺς
1616 1190 1896 1261 ῥᾳθύμους

303 1277 942 1355 προαγορεύσαςηπάλάν
968 1279 1075 1332 τῶν
1107 1280 1414 1334 σπουδαίων
1449 1282 1543 1335 καὶ
1582 1281 1691 1335 τῶν
1722 1282 1895 1350 άγίων

300 1371 437 1433 τοὺς
456 1371 708 1440 καρποὺς
734 1370 1023 1440 διηγεῖται,
1057 1372 1153 1424 καὶ
1184 1372 1268 1425 δτι
1293 1372 1443 1425 οὐδὲν
1470 1373 1719 1444 ἄκαρπον
1758 1374 1894 1443 παρ’

303 1462 516 1526 αὐτοῖς,
541 1460 680 1515 ἀλλὰ
712 1461 889 1515 πάντα
927 1461 1203 1533 βρώσιμα.
1239 1463 1384 1536 Πρὸς
1431 1462 1489 1516 δὲ
1538 1462 1617 1535 τῷ
1669 1464 1890 1536 καρπῷ,

306 1553 482 1623 φησί’

377 1646 472 1716 ιβ’.
500 1644 614 1701 Καί
638 1646 660 1678 ³
686 1644 753 1700 τὸ
785 1646 1028 1715 φύλλον
1048 1645 1237 1701 αὐτοῦ
1273 1647 1385 1701 οὐκ
1422 1645 1889 1716 ἁπορῤυήσεται,

302 1736 453 1792 οὐδὲ
483 1737 508 1769 ⁵
541 1735 629 1806 μὴ
660 1736 972 1805 παλαιωθῇ
1000 1737 1093 1790 ἐπ’
1126 1738 1148 1769 ⁸
1180 1737 1388 1803 αὐτοῦ,
1430 1737 1558 1792 οὐδ’
1584 1738 1657 1791 οὐ
1680 1736 1767 1806 μὴ
1792 1737 1891 1791 ἐκ·

301 1828 492 1896 λείπῃ
524 1830 562 1883 ό
589 1826 822 1895 καρπὸς
853 1825 1041 1881 αὐτοῦ
1072 1827 1094 1858 ⁸
1126 1825 1239 1894 τῆς
1270 1827 1624 1895 καινότητος
1642 1826 1832 1881 αὐτοῦ
1865 1827 1886 1857 ⁷

2003 641 2203 695 asserit
2266 644 2491 698 minime
2540 646 2806 715 consequi
2856 644 3182 699 remedium.
3239 643 3345 698 Sed
3396 652 3452 699 et
3503 645 3586 697 sic

2000 732 2165 787 etiam
2198 733 2313 797 isti,
2375 734 2474 799 ait,
2529 736 2760 807 reliquis
2818 751 2927 790 non
2995 736 3268 790 inutiles:
3325 735 3582 803 castigati

1998 822 2144 877 enim
2182 824 2444 880 utilitatis
2476 825 2602 881 aliis
2635 840 2804 881 causa
2843 834 3030 881 erunt.
3064 824 3435 892 Quamobrem
3475 841 3494 873 ι
3526 823 3584 878 in

1998 914 2146 970 sales
2171 914 2452 970 dabuntur
2488 935 2508 968 ι
2561 917 2720 972 dixit.
2767 917 3051 972 lnstrucre
3093 918 3242 971 enim
3290 930 3392 970 nos
3440 930 3584 986 quo-

1998 1007 2316 1070 dammodo,
2346 1019 2400 1062 et
2434 1008 2676 1062 utilitate
2725 1008 2954 1078 implere
2986 1009 3297 1071 consuevit,
3340 1023 3450 1062 non
3482 1023 3578 1063 so-

1998 1095 2110 1149 lum
2139 1098 2320 1150 oratio
2353 1098 2582 1162 docens,
2615 1098 2709 1152 sed
2744 1099 2913 1153 etiam
2957 1098 3171 1152 illatum
3218 1113 3317 1168 pro
3349 1106 3580 1169 peccato

1997 1186 2354 1257 supplicium.
2386 1187 2600 1260 1043
2633 1190 2712 1243 Ita
2747 1189 2816 1245 iis
2858 1189 3160 1260 praedictis,
3208 1205 3330 1259 qum
3375 1190 3443 1246 ad
3490 1206 3579 1247 se-

1994 1294 2129 1348 gnes
2166 1279 2423 1342 attinent,
2467 1295 2665 1336 rursus
2712 1280 3090 1336 studiosorum
3146 1289 3580 1353 sant-torumque

1993 1368 2208 1424 fructus
2240 1378 2658 1437 commemorat,
2687 1378 2742 1423 et
2771 1369 2908 1424 nihil
2951 1369 3095 1439 apud
3145 1369 3299 1439 ipsos
3339 1385 3462 1425 esse
3490 1371 3579 1425 in-

1994 1457 2363 1523 fructuosum,
2395 1458 2489 1513 sed
2526 1459 2714 1514 omnia
2744 1460 3019 1529 ejusmodi
3045 1475 3169 1530 quae
3202 1459 3417 1516 comedi
3444 1475 3577 1531 pos-

1994 1550 2125 1607 sint.
2155 1550 2361 1606 Praeter
2390 1550 2633 1605 fructum
2670 1562 2876 1615 autem,
2917 1552 3121 1623 inquit,

2064 1643 2231 1699 Vens.
2267 1643 2355 1699 12.
2399 1643 2581 1698 Etiam
2616 1644 2805 1713 folium
2848 1643 2964 1712 ejus
3013 1660 3118 1697 non
3161 1643 3378 1713 deﬂuet,
3415 1660 3581 1715 neque

1992 1737 2332 1790 inveterascet
2377 1751 2534 1805 super
2570 1752 2651 1800 eo,
2705 1750 2867 1804 neque
2917 1734 3126 1799 deﬁciet
3181 1735 3390 1804 {ructus
3436 1735 3576 1804 ejus,

1993 1829 2245 1883 novitatis
2277 1827 2413 1898 ejus,
2465 1830 2522 1881 in
2568 1844 2772 1882 menses
2823 1828 2940 1896 ejus
2968 1841 2989 1881 :
3035 1828 3307 1896 primitiva
3363 1827 3574 1897 afferet.

301 1921 398 1985 εις
426 1891 623 1984 ⁸τοὺς
637 1891 840 1987 μῆνας
866 1917 1056 1972 αὑτοῦ
1076 1934 1091 1950 ·
1117 1891 1767 1987 πρωτοϐολήσξειξδιότι
1817 1919 1887 1973 τὰ

1993 1921 2121 1991 quia
2147 1934 2300 1991 aqua:
2341 1934 2524 1973 eorum
2576 1918 2643 1972 de
2690 1919 2891 1973 sanctis
2946 1918 3310 1987 egrediuntur,
3368 1926 3419 1971 et
3472 1915 3576 1970 erit

301 2010 503 2064 ὕδατα
532 2008 736 2064 αὐτῶν
765 2009 837 2064 ἐκ
872 1998 1209 2077 τᾶν-’ἁγίων
1245 2009 1433 2064 ταῦτα
1480 2010 1887 2078 ἐκπορεύεται,

304 2101 409 2156 καὶ
458 2101 636 2156 ἔσται
695 2103 730 2156 ὁ
756 2100 987 2168 καρπὸς
1017 2099 1220 2155 αὐτῶν
1263 2103 1353 2167 είς
1390 2100 1647 2170 βιῶσιν.
1695 2103 1795 2157 καί
1846 2102 1888 2171 ἡ

297 2192 604 2259 ἀνάδοσις
634 2192 658 2225 ⁹
704 2190 908 2246 αὐτῶν
947 2194 1036 2259 εις
1076 2194 1330 2263 ὑγίειαν.
1368 2192 1577 2257 Ταῦτα,
1625 2194 1780 2265 φησι,
1819 2193 1890 2248 τά

296 2285 500 2356 δένδρα
566 2284 747 2339 πάντα
787 2283 1049 2355 ἐδώδιμον
1075 2285 1215 2339 οίσει
1256 2285 1472 2357 καρπὸν
1517 2284 1707 2338 τοῦτον
1734 2285 1779 2316 ¹⁶
1809 2284 1890 2337 δι-

294 2375 539 2445 ηνεκῶς.
560 2377 638 2429 Οὐ
666 2374 778 2445 γάρ
808 2374 955 2439 ana:
974 2373 1070 2428 τοῦ
1099 2375 1273 2440 ἔτους,
1299 2376 1434 2429 ἀλλὰ
1453 2374 1593 2429 κατὰ
1627 2376 1794 2446 μῆνα·
1824 2376 1886 2429 οὐ

295 2468 414 2539 γὰρ
445 2470 505 2521 ἐν
528 2468 744 2538 ἑορταῖς
775 2467 1095 2521 εὐσεϐοῦσιν
1120 2468 1170 2520 oi
1207 2466 1373 2536 ἆγιοι,
1404 2468 1668 2538 διηνεκῶς
1696 2470 1752 2522 δὲ
1788 2469 1888 2540 τὴν

291 2559 411 2613 τῶν
446 2558 612 2612 θείων
650 2558 832 2629 νόμων
872 2557 1209 2630 ἐκπληροῦσι
1263 2558 1530 2631 φυλακήν.
1575 2559 1737 2613 Ἀλλὰ
1792 2560 1887 2614 καὶ

303 2651 422 2706 «Τά
454 2650 654 2720 φύλλα,
682 2652 872 2723 φησὶν,
912 2652 1015 2704 οὐκ
1044 2651 1458 2724 άπορρυήσεται
1496 2653 1594 2707 ἀπ’
1624 2652 1825 2709 αὐτῶν.
1860 2671 1881 2704 ι

296 2742 532 2813 Ἔχουσι
569 2742 681 2813 γὰρ
721 2745 789 2813 τῇ
822 2745 922 2813 τῆς
959 2742 1161 2813 ἀρετῆς
1212 2743 1449 2814 ἐργασίᾳ
1469 2744 1570 2815 τὴν
1619 2744 1889 2816 θυμηδίαν

290 2833 726 2888 ἀκολουθοῦσαν.
749 2853 769 2885 ι
793 2835 851 2888 '0
886 2834 945 2888 δὲ
978 2835 1191 2906 καρπὸς
1223 2835 1401 2889 αὐτῶν
1444 2836 1566 2901 ὅλος
1613 2840 1694 2901 είς
1743 2837 1887 2908 βρῶ-

294 2942 408 2981 σιν.
447 2944 467 2977 t
499 2926 818 2997 Θαυμάζειν
873 2925 985 2998 γὰρ
1042 2925 1315 2997 εἰώθαμεν
1372 2930 1502 2991 τοὺς
1538 2928 1638 2999 τῆς
1684 2927 1887 2999 ἀρετῆς

289 3014 565 3086 ἀθλητάς.
601 3035 620 3067 ι
668 3017 783 3069 Kal.
809 3018 842 3087 ἡ
866 3016 1118 3080 ἀνάδοσις
1146 3017 1328 3072 αὐτῶν
1356 3019 1439 3083 είς
1460 3019 1691 3087 ὑγίειαν.
1723 3036 1742 3071 ι
1781 3020 1888 3073 Λο-

290 3107 583 3178 γιξόμενοι
624 3107 734 3179 γὰρ
763 3109 888 3162 ὅσον
938 3107 1144 3177 ἀγαθὸν
1173 3109 1207 3180 ὴ
1241 3109 1385 3163 κατὰ
1430 3110 1565 3163 Θεὸν
1596 3108 1732 3181 ζωὴ.
1787 3109 1887 3179 τὴν

289 3199 554 3254 ἐντεῦθεν
596 3199 868 3269 ὠφέλειαν
895 3199 1277 3271 καρπούμεθα,
1301 3201 1395 3255 καὶ
1423 3201 1525 3273 τῆς
1573 3200 1718 3255 κατὰ
1754 3200 1887 3254 θεὸν

290 3290 515 3360 ὑγιείας
539 3291 905 3362 τυγχάνομεν.
947 3290 1230 3345 Ἐντεῦθεν
1262 3292 1574 3347 διδάσκεται
1598 3293 1629 3345 δ
1675 3293 1890 3364 προφή-

286 3399 420 3454 της,
475 3384 597 3436 τίνα
639 3383 709 3436 τὰ
755 3384 881 3455 ὅρια
944 3382 1041 3436 τοῦ
1085 3383 1323 3453 Ἰσραήλ.
1374 3384 1508 3437 Ἀπὸ
1558 3384 1733 3456 βορρᾶ
1788 3389 1889 3454 μέν

289 3490 435 3544 φησι
467 3472 568 3543 τὴν
592 3472 711 3526 ὁδὸν
731 3467 873 3526 εἶναι
903 3472 1001 3543 τὴν
1044 3472 1222 3543 Ἤμάθ
1278 3473 1553 3542 άναμέσον
1577 3474 1690 3526 τῶν
1723 3474 1889 3544 ὁρίων

289 3561 616 3634 Δαμασκοῦ.
664 3563 841 3633 Ὴμὰθ
861 3563 918 3616 δὲ
950 3563 1050 3635 τὴν
1087 3563 1443 3631 Ἐπιφάνειαν
1465 3562 1715 3630 καλοῦσι,
1745 3563 1888 3627 τινὲς

287 3655 354 3708 δὲ
386 3655 490 3724 τὴν
531 3655 784 3725 Ἐμίσαν.
833 3656 948 3710 Kal.
989 3656 1099 3727 γὰρ
1126 3658 1159 3726 ἠ
1195 3655 1317 3710 θεία
1362 3657 1555 3728 Γραφὴ
1612 3656 1706 3711 δύο
1748 3652 1888 3710 οῐδεν

288 3745 623 3817 ὁμωνύμους
643 3760 658 3778 ⁸
699 3745 847 3816 λέγει
885 3746 1028 3818 γάρ·
1072 3764 1090 3797 ι
1128 3747 1221 3811 El;
1255 3747 1434 3818 Ἦμάο
1462 3747 1560 3821 τὴν
1583 3748 1880 3821 μεγάλην.»

305 3837 445 3891 Ἀπδ
477 3836 754 3891 ἀνατολῶν
781 3837 838 3890 δὲ
864 3837 1014 3906 λέγει
1036 3837 1129 3891 τὸν
1169 3838 1444 3910 Ἰορδάνην
1474 3839 1645 3911 δριον,
1674 3843 1767 3895 καὶ
1793 3842 1887 3896 τὸν

286 3929 437 3998 πρὶς
462 3927 728 3991 ἀνατολὰς
771 3927 1105 3997 φοινικῶναο
1142 3928 1252 3982 άπὸ
1284 3928 1341 3982 δὲ
1378 3930 1748 4002 μεσημϐρίας,
1780 3931 1888 3996 ἕως

284 4019 507 4074 ὑδάτων
532 4019 870 4089 ἀντιλογίαςο
906 4018 1050 4074 οὕτω
1081 4020 1189 4092 γὰρ
1224 4020 1284 4073 το
1336 4021 1614 4092 Μαριμὼθ
1658 4025 1688 4076 δ
1714 4024 1885 4094 Σύρος

282 4111 678 4182 ήρμήνευσεν·
743 4111 853 4165 άπὸ
907 4110 1118 4177 δύσεως
1175 4112 1234 4166 δὲ
1276 4112 1377 4183 τὴν
1421 4112 1697 4167 θάλασσαν
1734 4114 1884 4184 δριον

282 4196 457 4256 εἶναι.
490 4200 713 4271 Ταύτην
740 4201 799 4254 δὲ
837 4200 1173 4273 προσέταξεν
1220 4201 1282 4255 οὐ
1331 4201 1491 4272 μόνον
1527 4204 1641 4265 τοῖς
1683 4203 1749 4255 ὲκ
1787 4202 1883 4257 τοῦ

299 4290 530 4364 Ἰσραὴλ
547 4291 612 4345 τὺ
635 4293 798 4360 γένος
845 4293 1151 4363 κατάγουσι
1182 4293 1599 4365 διανεμηθῆναι,
1624 4294 1763 4349 ἀλλὰ
1789 4296 1884 4351 καὶ

279 4387 404 4448 τοῖς
438 4384 825 4457 προσηλύτοις,
868 4389 984 4452 τοϊς
1025 4387 1385 4459 παροικοῦσιν
1412 4390 1472 4441 ὲν
1504 4387 1655 4459 μέσῳ
1680 4389 1881 4457 αὐτῶν,

281 4476 528 4541 οἵτινες,
562 4479 747 4548 φησὶν,
773 4478 1072 4551 ἐγέννησαν
1100 4481 1251 4544 υίοὺς
1278 4482 1338 4534 ὲν
1361 4480 1513 4551 μέσῳ
1533 4481 1740 4551 ύμῶν.ι
1770 4482 1883 4535 Καὶ

1993 2013 2201 2082 [ructus
2228 2026 2415 2065 earum
2448 2011 2504 2064 in
2537 2008 2734 2073 cibum,
2769 2018 2818 2064 et
2846 2008 3163 2080 germinatio
3184 2023 3367 2062 earum
3389 2005 3458 2060 ad
3481 2022 3575 2061 sa-

1993 2105 2237 2158 nitatem.
2277 2101 2392 2170 Hte,
2427 2101 2637 2172 inquit,
2680 2101 2908 2157 arbores
2946 2115 3139 2156 omnes
3171 2101 3238 2155 ad
3269 2113 3424 2155 esum
3466 2098 3575 2153 uti-

1992 2197 2096 2252 lem
2132 2195 2442 2266 produrent
2470 2193 2735 2257 fructum,
2762 2200 2929 2263 atque
2958 2191 3108 2247 hunc
3139 2191 3194 2246 in
3220 2198 3573 2262 perpetuum.

1989 2286 2108 2341 Non
2147 2285 2293 2340 enim
2329 2287 2499 2342 semel
2544 2285 2598 2339 in
2644 2297 2814 2347 anno,
2845 2282 2943 2339 sed
2995 2283 3197 2354 quovis
3231 2296 3443 2345 mense,
3474 2296 3575 2336 ne-

1989 2392 2098 2449 que
2128 2376 2184 2430 in
2210 2374 2631 2432 celebritatibus
2663 2382 2877 2429 tantum
2905 2373 2995 2445 pie
3017 2373 3213 2428 vivunt
3248 2372 3453 2435 sancti,
3475 2371 3575 2427 sed

1988 2469 2347 2524 continenter
2394 2466 2613 2521 divinas
2652 2464 2802 2535 leges
2856 2464 3176 2521 observant.
3228 2461 3374 2531 Quin
3408 2462 3575 2518 etiam

1994 2578 2013 2611 ι
2045 2558 2218 2623 Folia,
2268 2558 2473 2629 inquit,
2528 2573 2639 2611 non
2674 2554 2917 2611 detinent
2972 2555 3044 2611 ab
3098 2555 3258 2626 ipsis.
3303 2574 3323 2607 υ
3360 2552 3575 2608 Habent

1987 2653 2135 2708 enim
2158 2653 2381 2706 virtutis
2406 2648 2792 2706 exercitationi
2829 2654 3229 2718 congruentem
3274 2644 3444 2700 animi
3484 2644 3576 2697 lte-

1988 2743 2189 2808 titiam,
2229 2750 2286 2797 et
2339 2761 2359 2793 ι
2400 2740 2638 2795 Fructus
2687 2739 2936 2809 ipsarum
2989 2745 3142 2793 totus
3193 2738 3249 2792 in
3299 2737 3505 2792 cibum.
3549 2752 3572 2785 ι

1988 2835 2261 2890 Admirari
2296 2834 2444 2889 enim
2470 2832 2869 2887 consuevimus
2893 2830 3120 2884 virtutis
3158 2828 3419 2883 athletas.
3454 2845 3473 2878 ι
3509 2824 3579 2881 Et

1989 2924 2321 2995 germinatio
2382 2938 2579 2979 earum
2639 2921 2708 2977 ad
2771 2922 3092 2977 sanitatem.
3151 2938 3171 2971 ›
3232 2919 3577 2989 Reputantes

1987 3020 2135 3073 enim
2167 3026 2437 3088 quantum
2478 3018 2552 3074 sit
2586 3017 2793 3072 bonum
2839 3016 2951 3070 vita
3003 3012 3308 3070 secundum
3357 3011 3449 3067 Dei
3479 3026 3577 3065 vo-

1990 3113 2259 3167 lnntatem
2285 3111 2617 3180 composita,
2655 3110 2784 3165 hinc
2811 3109 3107 3163 utilitatem
3137 3104 3495 3176 percipimus,
3519 3111 3576 3157 et

1914 3230 1959 3290 ε
1991 3206 2284 3261 sanitatem
2318 3219 2441 3272 quae
2467 3211 2552 3259 est
2598 3201 2904 3258 secundum
2946 3199 3115 3255 Deum
3145 3197 3571 3290 consequimur.

1994 3294 2233 3370 [lli-20.]
2266 3294 2540 3364 Deinceps
2576 3291 2845 3347 educetur
2877 3291 3173 3362 prepheta,
3208 3288 3434 3358 quinam
3462 3284 3576 3340 sint

1990 3390 2127 3445 lines
2162 3388 2402 3443 lsraelis.
2435 3387 2518 3440 Ah
2544 3386 2806 3456 aquilone
2839 3384 2918 3438 ait
2938 3384 3082 3437 viam
3105 3396 3232 3437 esse
3254 3378 3449 3434 Emth
3480 3393 3577 3449 per

1992 3482 2128 3536 ﬁnes
2175 3479 2445 3534 Damasci.
2483 3477 2679 3532 Ematlt
2725 3485 2911 3530 autem
2957 3471 3320 3545 Epiphaniam
3353 3475 3574 3532 vocant,

1989 3577 2043 3625 et
2072 3568 2295 3639 quidam
2327 3566 2593 3621 Emisam.
2628 3563 2843 3619 Etenim
2888 3562 3076 3617 divina
3105 3559 3396 3630 Scriptura
3431 3557 3574 3612 duas

1989 3659 2145 3714 novit
2186 3656 2433 3727 ejusdem
2485 3654 2750 3720 nominis,
2788 3651 2925 3706 dicit
2956 3651 3106 3706 enim
3148 3667 3163 3705 :
3205 3670 3224 3700 ι
3265 3648 3346 3703 Ad
3375 3646 3574 3702 Emth

1988 3764 2264 3821 magnam.
2301 3765 2319 3799 ι
2354 3746 2419 3800 Et
2450 3746 2520 3800 ab
2556 3756 2681 3801 ortu
2713 3746 2791 3800 ait
2820 3742 3119 3799 Jordanem
3160 3741 3350 3807 linem,
3379 3747 3435 3794 et
3456 3739 3578 3809 pal-

1987 3851 2191 3899 metum
2214 3840 2364 3912 quod
2388 3838 2555 3895 estad
2587 3839 2858 3893 orientem
2890 3851 2905 3889 :
2940 3852 2970 3890 a
2999 3834 3229 3891 meridie
3247 3831 3460 3906 10M
3481 3847 3578 3886 ve-

1986 3953 2073 4000 ro,
2122 3950 2304 4006 usque
2336 3937 2353 3954 '
2395 3932 2463 3987 ad
2507 3947 2681 4002 aquas
2750 3929 3244 3991 contradictionis;
3306 3929 3388 3981 sic
3422 3925 3572 3979 enim

1988 4024 2281 4082 Marimoth
2326 4023 2501 4092 Syrus
2535 4024 2939 4092 interpretatus
2978 4026 3066 4075 est
3101 4036 3116 4073 :
3148 4017 3220 4072 ab
3246 4030 3450 4072 occasu
3481 4031 3575 4069 ve-

1987 4130 2072 4180 ro,
2104 4128 2259 4168 mare
2291 4112 2451 4167 linem
2476 4125 2623 4166 esse.
2654 4108 2745 4180 [21
2763 4108 2885 4179 -25J
2919 4107 2983 4161 Et
3008 4109 3149 4162 hanc
3172 4105 3433 4176 pracepit
3462 4119 3573 4157 non

1985 4207 2168 4264 solum
2206 4204 2277 4259 iis
2313 4202 2409 4274 qni
2439 4202 2511 4257 ab
2539 4200 2742 4257 lsraele
2765 4214 2940 4269 genus
2969 4198 3262 4261 ducerent,
3292 4195 3572 4258 distribui,

1985 4303 2081 4359 sed
2129 4302 2294 4357 etiam
2331 4298 2627 4370 proselytis
2668 4296 2815 4350 inter
2858 4310 2958 4351 eos
2992 4292 3378 4349 habitantibus
3412 4306 3426 4342 :
3474 4288 3571 4359 qui

1986 4395 2149 4456 ﬁlios.
2187 4393 2389 4464 inquit,
2427 4392 2481 4445 in
2513 4391 2667 4445 vobis
2696 4387 3020 4460 genuerint.
3079 4403 3098 4437 ι
3148 4385 3213 4439 Et
3242 4395 3575 4452 unaquaque

1985 4488 2042 4544 in
2098 4487 2269 4551 tribu,
2330 4484 2530 4555 inquit,
2583 4482 2897 4538 habitantes
2936 4477 3203 4551 proselyti
3237 4489 3364 4531 cum
3423 4471 3573 4526 tribu

276 4569 336 4621 οί
395 4569 632 4641 ἑκάστῃ,
690 4572 827 4642 φησὶ
852 4614 867 4638 ,
931 4574 1072 4644 φυλῇ
1114 4573 1493 4637 συνοικοῦντες
1549 4575 1880 4645 προσήλυτοι
1912 4562 1958 4619 Ῑ)
1987 4578 2369 4636 ιιίρτρίιῑιειιειη
2412 4576 2657 4648 capiant.
2695 4592 2716 4625 ι

281 4660 433 4729 μετὰ
455 4660 555 4730 τῆς
587 4661 757 4732 αὐτῆς
778 4663 955 4733 φυλῆς
978 4663 1081 4736 τὴν
1109 4663 1475 4736 κληρονομίαν
1504 4663 1875 4719 λαϐέτωσαν.»

804 4755 1202 4810 ΚΕΦΑΛΑΙΟΝ
1253 4754 1397 4810 MH’.

353 4839 495 4897 Εἶτα
535 4843 747 4898 κελεύει
778 4844 1005 4917 πρώτην
1054 4846 1154 4917 μὲν
1197 4846 1382 4902 λαϐεῖν
1413 4848 1514 4920 τὴν
1560 4848 1738 4921 φυλὴν
1770 4851 1881 4904 Adv

275 4935 399 4990 ἀπὸ
423 4936 618 5009 βορρᾶ,
648 4937 916 5010 δευτέραν
949 4937 1049 5010 τὴν
1096 4937 1285 5010 Ἀσὴρ,
1319 4938 1511 5009 τρίτην
1542 4940 1643 5010 τὴν
1669 4937 1882 5008 Νεφθαο

274 5030 437 5101 λεὶμ,
458 5029 732 5102 τετάρτην
752 5030 854 5103 τὴν
873 5030 1163 5103 Μανασσὴ,
1180 5032 1440 5102 πέμπτην
1473 5032 1574 5103 τὴν
1614 5032 1879 5105 Ἐφραῒμ,

274 5122 453 5192 ἕκτην
506 5122 610 5193 τὴν
644 5122 895 5194 Ῥουϐὴν,
957 5123 1197 5193 ἑϐδόμην
1226 5122 1325 5194 τὴν
1371 5122 1567 5177 Ἰούδαο
1622 5120 1742 5177 εἶτα
1778 5125 1879 5197 τὴν

272 5217 397 5279 τοῖς
427 5215 672 5285 ίερεῦσιν
727 5215 1143 5288 άφορισθεῖσαν,
1182 5217 1346 5270 πέντε
1399 5217 1500 5288 μὲν
1554 5217 1652 5271 καὶ
1703 5218 1878 5271 εῐκοσι

275 5301 542 5373 χιλιάδων
570 5303 631 5357 τὺ
663 5299 844 5376 εὖρος,
877 5304 1012 5358 δέκα
1042 5304 1100 5358 δὲ
1133 5304 1390 5375 χιλιάδων
1418 5305 1480 5357 τὸ
1529 5305 1735 5376 μῆκος
1784 5323 1879 5359 κε-

2514 4748 2753 4807 CAPUT
2810 4746 3042 4803 XLVIII.

2058 4848 2201 4923 [I-7]
2241 4845 2449 4903 Deinde
2503 4843 2755 4915 praecipit
2797 4851 2858 4894 ut
2898 4840 3134 4910 primam
3170 4833 3356 4923 capiat
3394 4830 3574 4923 tribus

1984 4922 2102 4997 Dan
2133 4942 2205 4997 ab
2238 4940 2519 5010 aquilone,
2576 4937 2806 4990 alteram
2839 4933 2999 4994 Aser,
3036 4927 3257 4983 tertiam
3287 4922 3573 4993 Nephtha-

1981 5028 2107 5096 lim,
2138 5036 2393 5100 quartam
2434 5025 2711 5088 Manasse,
2740 5022 2992 5091 quintam
3030 5015 3316 5086 Ephraim,
3354 5020 3570 5067 sextam

1985 5117 2203 5181 Ruben,
2230 5116 2519 5187 septimam
2544 5112 2717 5179 .luda;
2746 5109 2925 5184 [8-H]
2949 5117 3065 5162 tum
3093 5122 3212 5162 eam
3237 5120 3358 5175 qua:
3389 5116 3574 5159 sacer-

1981 5210 2207 5265 dotibus
2240 5208 2504 5262 attributa
2544 5214 2652 5269 est,
2704 5203 2954 5272 quinque
2996 5209 3051 5255 et
3093 5197 3289 5269 viginti
3332 5194 3570 5251 millium

1979 5303 2352 5363 latitudinem,
2395 5300 2585 5353 decem
2630 5295 2865 5349 tnillinm
2903 5290 3302 5363 longitudinem
3337 5286 3571 5349 habere;

274 5392 433 5447 λεύει
459 5392 519 5447 δὲ
549 5392 743 5449 τούτου
786 5394 826 5426 ¹¹
861 5394 955 5448 τὸν
1000 5393 1203 5466 κλῆρον
1243 5379 1375 5465 Δίερ).
1429 5394 1600 5466 αὐτὴν
1651 5395 1875 5466 τεθῆναι

1988 5395 2240 5462 iubetque
2293 5391 2460 5463 hujus
2506 5387 2876 5445 ltzereditatem
2932 5386 3084 5441 circa
3136 5384 3315 5455 ipsam
3376 5379 3569 5433 urbem

1633 5552 1868 5609 VARI/li
1908 5550 2315 5609 LECTIONES.

352 5707 458 5780 ’-Β
484 5705 882 5780 διδασκαλική.
938 5708 982 5780 ᾼ³
1021 5708 1114 5780 καὶ
1146 5707 1441 5780 -ἀπορελ
1474 5708 1600 5780 Des.
1633 5710 1687 5763 in
1713 5709 1778 5765 A.
1856 5710 1877 5741 ⁸
1916 5709 2037 5763 οὐδὲ
2083 5738 2153 5749 -
2201 5706 2388 5780 αὐτοῦ.
2440 5706 2670 5780 Gemina
2709 5714 2794 5762 est
2838 5699 3233 5780 interpretata».
3312 5696 3333 5728 '
3374 5693 3562 5780 Batti.

284 5778 306 5807 ⁸⁵
346 5778 476 5833 ain.
510 5777 639 5831 Des.
673 5779 727 5832 in
758 5779 822 5832 A.
935 5778 956 5810 "
993 5778 1094 5840 τῆς
1124 5796 1269 5832 καιν.
1302 5777 1424 5833 αὐτ.
1470 5779 1593 5835 Des.
1621 5781 1675 5834 in
1708 5781 1773 5835 A.

285 5846 505 5903 fructus
536 5847 680 5917 ejus.
790 5850 811 5881 '
852 5850 897 5905 Δ
930 5846 1214 5925 ἀνάϐασις.
1252 5849 1414 5905 Hebr.
1445 5850 1637 5906 lolium
1672 5852 1816 5922 ejus.

1849 5782 1871 5811 "
1910 5782 1991 5844 είς
2038 5810 2106 5820 --
2150 5777 2394 5901 σὲρωτοϐ.
2455 5776 2618 5831 Hebr.
2658 5778 2942 5832 mensibus
2975 5772 3092 5851 suis
3123 5776 3454 5824 maturescet
3483 5779 3566 5821 sc.

1896 5852 1938 5882 ¹⁰
1975 5850 2122 5901 τοῦτ.
2258 5864 2444 5901 omni.
2475 5848 2612 5900 οἴσει
2640 5846 2717 5901 δέ.
2801 5848 2837 5878 ’³
2883 5846 2925 5896 Β
2959 5856 3171 5894 τουτον.

1975 5867 2122 5905 τουτ.

2257 5864 2444 5920 prtem.
2475 5848 2612 5900 οἴσει
2640 5846 2717 5903 δέ.
2801 5848 2837 5878 ’³
2883 5846 2925 5896 Β
2959 5841 3171 5894 τοῦτον.
