4070 6424
473 433 606 498 1247

1465 426 1953 487 THEODORETI
1984 427 2323 489 EPISCOPI
2352 430 2716 493 CYRENSIS

3580 432 3721 496 1248

457 545 611 615 poni.
652 564 673 599 ι
714 547 835 603 Erit
861 544 1009 602 enim
1038 538 1409 599 sanctiﬁcatio
1428 550 1571 599 mea.
1603 536 1805 606 inquit,
1844 534 1898 589 in
1930 551 2045 591 me-

2175 537 2244 608 ίὴν
2275 540 2446 596 πόλιν.
2483 561 2502 593 ι
2540 543 2732 597 Ἔσται
2764 541 2870 614 γάρ
2900 544 2960 596 τὸ
2987 542 3237 615 άγιασμά
3262 561 3368 614 μου
3396 542 3440 574 ⁸⁸
3477 546 3536 598 ἐν
3572 545 3727 616 μέσῳ

459 633 553 691 dio
589 634 861 705 ipsorum,
903 630 1292 689 sacerdotibus
1325 626 1689 684 sanctiﬁcatis
1731 625 1825 680 lilii
1864 624 2042 681 Sado—

462 723 552 788 ci,
607 722 1069 778 custodientibus
1111 717 1405 776 custodias
1457 716 1678 775 domus.
1732 736 1751 769 ι
1799 716 2048 791 [ιεοιη

461 814 732 872 Praeterea
764 814 1098 886 quingentos
1140 828 1342 869 rursus
1372 810 1561 882 templi
1597 810 1815 868 cubitus
1851 810 2052 867 dividit

462 921 560 976 per
611 903 854 960 medium
900 904 1076 959 urbis.
1137 901 1253 975 [I8]
1318 901 1460 958 Cum
1498 916 1632 958 vero
1686 902 2052 959 a'diiicabitur

462 996 618 1063 urbs,
648 995 854 1067 inquit,
889 995 1058 1066 hujus
1079 1003 1242 1051 terrae
1269 993 1487 1051 fructus
1515 993 1896 1050 attribuantur
1920 994 2052 1051 ardi-

465 1088 783 1144 ﬁcantibus.
829 1086 1047 1160 [25-27]
1081 1086 1291 1144 Deinde
1328 1095 1456 1157 post
1495 1085 1644 1141 hunc
1678 1085 2054 1141 haereditatem

466 1192 665 1248 capere
689 1176 851 1247 jubet
878 1176 1285 1248 Benjaminem,
1315 1183 1371 1232 et
1390 1183 1516 1247 post
1537 1176 1693 1232 illum
1718 1175 2055 1242 Simeonem,

468 1283 584 1329 tum
606 1270 976 1335 lssacharem,
996 1270 1195 1328 deinde
1212 1270 1575 1334 Zahulonem,
1607 1276 1891 1340 postremo
1913 1268 2053 1324 Gud.

470 1363 693 1437 [δί-54]
728 1364 817 1419 Ait
852 1371 1034 1420 autem
1075 1371 1269 1433 portas
1312 1361 1432 1417 fore
1466 1362 1592 1419 urbi
1636 1361 1954 1427 duodecim,
1992 1362 2048 1417 in

473 1471 803 1529 unaquaque
831 1463 989 1527 parte
1017 1465 1151 1517 tres,
1187 1468 1519 1523 omnemque
1540 1453 1838 1510 circuitum
1863 1452 2057 1510 decem

474 1557 530 1606 et
560 1556 689 1605 octo
726 1547 961 1603 millium
992 1546 1311 1603 cubitorum
1338 1544 1498 1601 dixit.

538 1722 749 1796 1055
768 1721 1032 1777 Vans.35.
1052 1718 1261 1774 Nomen
1274 1726 1453 1773 autent
1474 1717 1856 1788 urbis,inquit,
1873 1733 1939 1773 ea;
1958 1734 2060 1789 quo

2148 629 2350 696 αὐτῶν,
2374 633 2487 693 τοῖς
2508 632 2714 703 ἱερεῦσι
2731 635 2848 698 τοῖς
2876 634 3238 705 ἡγιασμένοις
3259 634 3306 668 ⁸³
3334 635 3472 698 υίοῖς
3490 633 3720 702 Σαδοίικ,

2148 718 2263 782 τοῖς
2287 717 2619 786 φυλάσσουσι
2646 719 2749 784 τὰς
2771 720 3019 791 φυλακὰς
3047 722 3141 777 τοῦ
3166 723 3342 779 οῐκου.
3378 740 3400 776 ι
3434 718 3572 778 Εἶτα
3588 738 3721 777 πεν-

2148 812 2436 876 τακοσίους
2459 811 2623 867 πάλιν
2653 814 2778 878 τοὺς
2797 813 2894 868 τοῦ
2927 813 3058 869 ναοῦ
3096 804 3309 887 πήχεις
3342 815 3543 886 διαιρεῖ
3579 815 3729 869 κατὰ

2155 903 2320 973 μέσον
2346 904 2447 975 τῆς
2477 901 2706 968 πόλεως.
2753 905 2842 959 Ἐν
2871 905 2928 960 δὲ
2959 906 3060 976 τῷ,
3100 906 3290 977 φησὶν,
3321 906 3726 977 οἰκοδομεῖσθαι

2151 996 2252 1065 τὴν
2273 994 2449 1060 πόλιν,
2475 996 2526 1050 οἰ
2548 995 2753 1067 ταύτης
2779 998 2879 1069 τῆς
2901 998 3003 1068 γῆς
3037 999 3240 1071 καρττοί
3270 997 3730 1069 ἁφορισθήτωσαν

2152 1088 2267 1151 τοῖς
2294 1088 2394 1158 τὴν
2444 1088 2757 1161 οἰκοδομίαν
2788 1088 3199 1161 ἐργαζομένοις.
3248 1087 3386 1144 Είτα
3420 1088 3561 1161 μετά
3600 1088 3729 1143 τοῦ-

2152 1196 2269 1245 τον,
2322 1180 2414 1236 τὸν
2442 1181 2645 1253 κλῆρον
2685 1182 2897 1238 κελεύει
2930 1184 3116 1239 λαϐεῖν
3143 1185 3235 1240 τὸν
3281 1180 3566 1256 Βενιαμὶν,
3607 1184 3727 1255 μετ’

2155 1271 2364 1325 tum;
2389 1271 2446 1327 δέ
2464 1275 2558 1327 τὸν
2584 1273 2830 1344 Συμεὼν,
2854 1270 2975 1329 εῐτα
2997 1276 3088 1331 τὸν
3124 1276 3383 1348 Ἰσσάχαρ
3422 1276 3486 1342 ³⁸,
3514 1277 3609 1330 καὶ
3634 1276 3733 1330 τὸν

2157 1359 2445 1415 Ζαϐουλὼν
2494 1360 2635 1432 μετὰ
2696 1360 2890 1417 τοῦτον
2908 1401 2926 1427 ,
2980 1363 3073 1417 τὸν
3129 1363 3189 1418 δέ
3236 1363 3342 1418 Γὰδ
3396 1363 3729 1417 τελευταῖον.

2158 1450 2324 1521 Λέγει
2370 1450 2429 1506 δὲ
2470 1452 2567 1507 καὶ
2608 1452 2786 1518 πύλας
2829 1457 2896 1526 τῇ
2947 1454 3100 1509 πόλει
3149 1454 3474 1524 γενήσεσθαι
3511 1454 3734 1509 δυοκαῖο

2159 1542 2311 1609 δεκα,
2356 1544 2414 1598 ἐν
2451 1544 2669 1617 ἑκάστῳ
2708 1547 2962 1618 τμήματι
3014 1549 3162 1619 τρεῖς
3189 1563 3205 1579 ο
3270 1547 3488 1602 ἅπαντα
3532 1548 3591 1601 δὲ
3638 1547 3735 1602 τὸν

2161 1635 2361 1691 κύκλον
2385 1636 2758 1694 ὀκτωκαίδεκα
2779 1638 3033 1711 χιλιάδων
3055 1639 3158 1711 ἔφη
3189 1640 3232 1674 ¹⁸
3254 1639 3498 1710 πήχεων.

2232 1728 2326 1783 λε’.
2373 1729 2442 1783 Τὸ
2473 1728 2544 1782 δὲ
2581 1729 2772 1800 ὄνομα
2803 1730 2916 1801 τῆς
2943 1733 3195 1798 πόλεως,
3217 1731 3404 1802 φησιν,
3427 1729 3529 1799 ἀφ’
3552 1724 3629 1802 ἧς
3657 1729 3740 1785 ἂν

479 1817 625 1887 facta
656 1814 839 1882 fuerit,
867 1813 968 1868 erit
985 1828 1175 1867 nomen
1193 1811 1329 1881 ejus.
1351 1808 1470 1865 Non
1501 1810 1649 1881 quod
1677 1810 1911 1866 alterum
1934 1819 2064 1881 post

2175 1820 2392 1889 ἡμέρας
2418 1819 2684 1891 γένηται,
2725 1822 2900 1878 ἔσται
2932 1823 2976 1855 ³⁸
3021 1822 3092 1877 τὸ
3127 1821 3318 1892 ὄνομα
3361 1821 3572 1891 αὐτῆς.
3621 1822 3743 1875 Οὐκ

475 1906 899 1964 aediﬁcationem
932 1920 1131 1960 nomen
1161 1903 1443 1974 acceperit
1475 1902 1881 1975 (Hierosolyma
1914 1905 2062 1958 enim

2175 1881 2573 1983 ἐπειδὴνὲτερον
2602 1881 2742 1984 μετὰ
2768 1912 2868 1984 τὴν
2915 1881 3698 1984 οἱκοδομίανέῖληφενιδνομα
3720 1930 3741 1947 δ

475 2001 645 2057 etiam
674 2006 802 2071 post
830 1997 1227 2054 Zurobabelem
1256 2004 1450 2053 vocata
1479 1995 1627 2067 fuit),
1658 1996 1756 2053 sed
1789 1997 2063 2069 insignem

478 2107 601 2147 eam
645 2091 832 2147 denuo
880 2090 1127 2146 futuram
1163 2103 1292 2148 esse
1325 2104 1423 2160 per
1460 2089 1577 2144 haec
1631 2089 1920 2144 indicavit.
1973 2090 2065 2144 Si-

477 2185 704 2256 quidem
737 2184 1032 2241 consuevit
1073 2182 1266 2239 divina
1296 2180 1592 2252 Scriptura
1641 2198 1835 2236 nomen
1888 2182 2066 2252 ipsam

481 2278 716 2347 gloriam
747 2264 951 2333 vocare
987 2293 1004 2330 :
1041 2275 1188 2332 sicut
1218 2275 1363 2332 idem
1395 2291 1619 2346 quoque
1668 2274 1939 2345 propheta
1998 2273 2067 2329 ad

480 2367 926 2441 Hierosolymam
954 2384 1022 2426 ex
1055 2383 1298 2440 persona
1331 2368 1427 2425 Dei
1457 2368 1599 2425 dixit
1633 2388 1647 2424 :
1685 2387 1705 2420 ι
1739 2368 1805 2423 Ει
1835 2367 1937 2422 l'uit
1966 2366 2069 2422 tibi

482 2476 709 2519 nomen.
739 2480 760 2514 ι
797 2459 925 2517 Haec
953 2460 1110 2517 urbis
1140 2459 1434 2518 aediﬁcatio
1469 2468 1593 2532 post
1628 2460 1868 2516 reditum
1904 2474 1937 2515 e
1964 2457 2071 2514 Ba-

481 2551 691 2622 bylone
719 2565 751 2605 a
773 2549 1118 2607 Zorobabele
1148 2550 1331 2620 primo
1383 2549 1530 2606 facta
1560 2556 1671 2617 est,
1706 2550 1882 2605 multo
1924 2556 2071 2605 tem-

482 2658 618 2715 pore
647 2643 840 2714 templi
886 2643 1273 2699 exstructione
1318 2651 1654 2715 consumpto
1684 2650 1913 2712 propter
1950 2641 2074 2697 [ini-

487 2736 751 2793 timorum
795 2736 997 2792 bellum
1039 2755 1053 2792 :
1091 2736 1295 2791 moenia
1356 2751 1490 2793 vero
1552 2736 1734 2791 erexit
1794 2732 2073 2801 Neemias,

486 2838 615 2902 post
669 2828 977 2884 absolutam
1030 2829 1224 2900 templi
1275 2828 1702 2885 arditicationem
1762 2826 2076 2896 interjectis

490 2917 655 2974 annis
699 2919 1007 2990 octoginta.
1043 2918 1112 2973 Et
1162 2918 1499 2976 Machabmis
1556 2919 1687 2976 item
1746 2917 2077 2975 ﬂorentibus

490 3011 665 3066 multa
703 3026 831 3066 cum
885 3011 1151 3068 felicitate
1205 3022 1531 3069 renovatum
1599 3013 1775 3069 estz‘
1842 3019 1899 3069 et
1952 3020 2080 3084 post

492 3100 622 3160 illos
653 3118 851 3161 rursus
883 3102 1133 3161 Herodes
1182 3104 1319 3160 illud
1360 3104 1607 3161 nobilius
1640 3103 1846 3161 cﬂ‘ecit.
1897 3106 1969 3160 At
1999 3105 2080 3159 fa-

2178 2003 2537 2075 Ἰερουσαλὴμ
2586 2003 2696 2076 γάρ
2741 2005 2836 2059 καὶ
2864 2003 3004 2076 μετὰ
3032 2003 3125 2058 τὸν
3157 2003 3466 2076 Ζοροϐάϐελ
3497 2003 3700 2076 ἐκλήθη
3723 2021 3741 2035 ο

2168 2094 2304 2150 ἀλλὰ
2321 2095 2384 2149 τὸ
2399 2094 2668 2167 ἐπίσημον
2694 2095 2864 2167 αὐτὴν
2888 2096 3050 2151 πάλιν
3071 2097 3401 2168 γενήσεσθαι
3430 2094 3518 2149 διὰ
3536 2095 3747 2149 τούτων

2168 2184 2406 2256 ᾐνίξατο.
2444 2186 2656 2257 Ὄνομα
2678 2185 2788 2257 γὰρ
2807 2185 3068 2250 πολλάκις
3084 2179 3225 2240 οἶδεν
3250 2188 3283 2257 ἡ
3305 2185 3498 2257 Γραφὴ
3524 2185 3619 2238 καὶ
3642 2184 3747 2254 τὴν

2167 2276 2327 2343 δόξαν
2372 2277 2684 2347 ὀνομάζειν,
2717 2277 2911 2348 ὥσπερ
2945 2277 3143 2348 ἀμέλει
3178 2280 3209 2331 ό
3237 2277 3403 2341 αὐτὸς
3457 2277 3751 2347 προφήτης

2169 2367 2305 2438 πρὸς
2330 2367 2430 2439 τὴν
2465 2366 2823 2439 Ἰερουσαλὴμ
2846 2368 2912 2422 ἐκ
2944 2366 3238 2439 προσώπου
3268 2366 3365 2420 τοῦ
3417 2366 3554 2420 Θεοῦ
3598 2365 3707 2436 ἔφη
3726 2377 3751 2397 ⁸

2176 2479 2195 2515 ι
2239 2461 2349 2516 Καὶ
2373 2460 2592 2530 ἐγένετό
2635 2477 2719 2515 σοι
2742 2460 2805 2514 τὸ
2830 2460 3023 2530 ὄνομα.
3061 2478 3080 2512 ι
3126 2458 3343 2531 Ταύτην
3388 2457 3487 2528 τῆς
3536 2458 3752 2521 πόλεως

2169 2552 2271 2623 τὴν
2298 2553 2611 2624 οἰκοδομίαν
2668 2563 2809 2623 μετα
2838 2552 2941 2623 τὴν
2969 2552 3036 2605 ἐκ
3064 2550 3386 2615 Βαϐυλῶνος
3433 2548 3692 2604 ἐπάνοδον
3719 2549 3751 2601 ὁ

2173 2643 2476 2715 Ζοροϐάϐελ
2508 2645 2807 2715 ἐποιήσατο
2827 2642 3064 2715 πρῶτος,
3092 2642 3187 2697 ἐπὶ
3227 2642 3405 2714 χρόνῳ
3431 2639 3610 2710 πολλῷ
3637 2639 3752 2693 δει-

2178 2736 2421 2808 μάμενος
2451 2735 2543 2791 τὸν
2572 2736 2730 2802 νεὼν,
2755 2736 2845 2791 διὰ
2877 2734 2970 2790 τὸν
2997 2734 3134 2806 πρὸς
3163 2735 3293 2798 τοὺς
3337 2732 3752 2803 γειτνιάζοντας

2174 2829 2442 2900 πόλεμον·
2478 2830 2607 2893 τοὺς
2653 2829 2713 2882 δὲ
2768 2826 3090 2901 περιϐόλους
3131 2824 3429 2898 άνώρθωσε
3484 2821 3749 2893 Νεεμίας,

2179 2920 2320 2991 μετὰ
2346 2920 2406 2974 τὸ
2442 2919 2596 2983 τέλος
2643 2921 2746 2991 τῆς
2779 2916 2878 2972 τοῦ
2910 2916 3021 2971 νεὼ
3065 2914 3377 2986 οἰκοδομίας
3418 2912 3756 2982 ὁγδοήκοντα

2179 3011 2383 3083 μεταξὺ
2411 3010 2728 3065 διελθόντων
2753 3008 3043 3065 ἐνιαυτῶν.
3071 3006 3184 3063 Καὶ
3209 3007 3303 3061 ἐπὶ
3360 3003 3468 3059 τῶν
3517 3004 3755 3058 Μακκα-

2178 3104 2349 3159 ϐαἱων
2378 3103 2438 3157 δὲ
2490 3103 2656 3158 πάλιν
2704 3102 2909 3174 πολλῆς
2959 3100 3263 3173 εὐπραξίας
3320 3098 3415 3153 καί
3469 3093 3761 3165 νεουργίας

493 3191 707 3251 bulosis
758 3194 1179 3251 narrationibus
1228 3196 1480 3266 gaudens
1533 3194 1914 3265 Apolinarius,
1956 3204 2011 3252 et
2045 3211 2073 3251 a

2182 3197 2518 3270 ἀπήλαυσεν,
2565 3198 2659 3252 καὶ
2718 3198 2837 3269 μετ’
2864 3195 3110 3259 ἐκείνους
3165 3194 3223 3248 δέ
3276 3192 3440 3248 πάλιν
3508 3187 3763 3291 Ἡρώδης

493 3286 697 3343 vetulis
729 3287 959 3344 fabellas
984 3287 1380 3344 enarrantibus
1412 3287 1549 3343 nihil
1577 3286 1862 3353 diﬁereus,
1907 3288 2073 3343 aliam

2182 3290 2571 3361 λαμπροτέραν
2596 3289 2768 3361 αὐτὴν
2788 3289 3077 3360 πεποίηκε.
3116 3287 3178 3341 Ὅ
3224 3286 3283 3340 δὲ
3319 3286 3364 3317 ¹⁷
3410 3280 3767 3355 μυθολογίαις

495 3392 716 3449 quoque
752 3377 917 3434 nobis
962 3377 1261 3448 pollicetur
1311 3376 1708 3448 Hierosolyma;
1757 3378 2080 3435 aediﬁcatio-

498 3481 647 3531 nem,
670 3475 724 3522 et
745 3468 955 3524 cultum
989 3469 1151 3540 juxta
1183 3466 1497 3525 Iudaeorum
1537 3470 1715 3539 legem
1740 3469 2078 3537 institutum,

496 3566 557 3615 et
585 3569 782 3629 praeter
810 3560 950 3631 legis
974 3561 1440 3626 observationem,
1468 3563 1523 3617 in
1561 3561 1853 3618 Dominum
1876 3561 2084 3630 ﬁdem;

500 3649 704 3707 deinde
740 3667 934 3711 rursus
985 3651 1251 3709 ecclesias
1293 3662 1487 3709 mutuo
1533 3653 1641 3710 sibi
1688 3654 2079 3717 adversantes.

502 3755 626 3796 eam
655 3758 779 3811 quae
808 3758 877 3798 ex
922 3744 1183 3814 gentibus
1212 3753 1433 3802 constet
1462 3754 1621 3802 extra
1651 3747 1829 3817 legem
1893 3746 2084 3801 viven-

504 3838 648 3901 tem,
674 3842 727 3889 et
755 3849 879 3904 quae
905 3850 972 3893 ex
1006 3834 1231 3904 Iudaeis,
1272 3838 1579 3896 secundum
1622 3841 1799 3911 legem
1852 3854 2084 3909 rempu-

504 3922 709 3980 blicam
739 3942 894 3982 suam
925 3927 1426 3986 administrantem.
1479 3928 1670 4001 Neque
1708 3932 1967 4003 cognovit
2002 3932 2086 3987 vir

506 4016 957 4086 sapientissimus
985 4019 1302 4077 divinarum
1337 4022 1741 4078 sententiarum
1771 4023 2082 4079 veritatem.

504 4102 642 4162 Nam
667 4108 735 4164 de
759 4107 966 4168 Iudaeis
986 4110 1129 4168 dixit
1156 4131 1169 4168 :
1201 4129 1220 4163 ι
1252 4111 1425 4169 Malos
1470 4112 1614 4168 male
1648 4111 1864 4183 perdet,
1905 4121 1962 4169 et
2004 4101 2101 4168 vim.

505 4212 668 4254 neam
720 4201 928 4257 locabit
971 4202 1100 4260 aliis
1151 4204 1438 4274 agricolis,
1473 4204 1567 4273 qui
1613 4203 1853 4260 reddent
1887 4204 1937 4260 ei
1983 4220 2090 4262 suo

511 4290 726 4364 1056
754 4302 1003 4365 tempore
1021 4296 1261 4352 fructum
1283 4296 1328 4352 ί.
1368 4314 1388 4349 ι
1424 4295 1489 4352 Et
1515 4297 1718 4352 iterum
1747 4316 1761 4352 :
1789 4315 1810 4349 ι
1835 4296 1947 4368 Ego
1963 4297 2089 4354 veni

508 4384 567 4438 in
596 4386 819 4442 nomine
851 4385 1036 4443 Patris
1071 4386 1204 4453 mei,
1222 4396 1277 4443 et
1307 4402 1420 4443 non
1454 4387 1786 4458 suscepistis
1826 4403 1914 4443 me
1941 4405 1955 4440 :
1988 4402 2091 4443 ve-

508 4475 624 4531 niet
657 4476 802 4533 alius
835 4476 891 4532 in
917 4492 1020 4533 suo
1052 4478 1301 4544 nomine,
1338 4487 1390 4533 et
1431 4478 1587 4533 illum
1640 4478 2019 4547 suscipietis“.
2063 4498 2085 4532 ι

2183 3381 2392 3453 χαίρων
2431 3380 2825 3453 Ἀπολινάριος,
2847 3381 2943 3435 καὶ
2995 3379 3105 3433 τῶν
3135 3377 3341 3449 μύθους
3373 3371 3760 3446 ἐξηγουμένων

2185 3472 2446 3543 γραῖδίων
2470 3475 2589 3528 κατ’
2612 3472 2766 3527 οὐδὲν
2784 3471 3079 3543 διαφέρων,
3105 3469 3299 3542 ἑτέραν
3324 3468 3457 3539 ἡμῖν
3478 3464 3769 3535 ὑπισχνεῖο

2186 3582 2276 3619 ται
2300 3564 2397 3635 τῆς
2430 3563 2789 3636 Ἰερουσαλὴμ
2823 3562 3155 3634 οἰκοδομίαν,
3186 3562 3280 3615 καὶ
3300 3560 3399 3631 τὴν
3424 3557 3565 3612 κατὰ
3597 3556 3768 3626 νόμον

2187 3656 2298 3711 τῶν
2335 3655 2603 3710 Ἰουδαίων
2626 3654 2903 3727 λατρείαν,
2928 3652 3188 3725 καὶπρὸς
3214 3654 3280 3723 τῇ
3328 3650 3425 3705 τοῦ
3459 3648 3624 3719 νόμου
3662 3664 3769 3717 (pu-

2189 3753 2327 3822 λακῇ
2357 3751 2458 3823 τὴν
2486 3751 2568 3814 εἰς
2596 3748 2690 3803 τὸν
2719 3747 2927 3819 Κύριον
2948 3746 3160 3801 πίστιν·
3195 3742 3316 3800 εἶτα
3358 3744 3523 3799 πάλιν
3565 3742 3767 3813 ἐκκλη-

2191 3842 2315 3905 σίας
2348 3840 2608 3910 ἀλλήλαις
2638 3838 2990 3904 ἀντιπάλους,
3022 3836 3123 3909 τὴν
3172 3836 3272 3908 μὲν
3329 3833 3390 3899 ἐξ
3437 3832 3607 3887 ἐθνῶν
3661 3830 3770 3896 ἔξω

2189 3934 2285 3989 τοῦ
2329 3934 2496 4004 νόμου
2528 3931 2731 3998 ζῶσαν,
2765 3931 2860 4003 τὴν
2905 3930 2962 3984 δὲ
3016 3929 3077 3996 ἐξ
3126 3928 3397 3983 Ἰουδαίων
3433 3924 3576 3980 κατὰ
3600 3924 3772 3996 νόμον

2192 4022 2637 4095 πολιτευομένην.
2678 4022 2792 4077 Καὶ
2815 4019 2878 4073 οὐ
2920 4019 3159 4074 συνεῖδεν
3185 4019 3215 4072 ὁ
3242 4015 3551 4086 σοφώτατος
3570 4013 3633 4067 τὸ
3657 4012 3774 4066 τῶν

2192 4114 2352 4169 θείων
2379 4113 2710 4183 ἀποφάσεων
2737 4111 2988 4183 ἀψευδές.
3019 4111 3158 4183 Περί
3209 4110 3309 4181 μὲν
3338 4108 3448 4180 γὰρ
3497 4105 3777 4162 Ἰουδαίων

2192 4205 2318 4277 εφη,
2351 4207 2436 4261 ὅτι
2470 4224 2490 4257 ι
2531 4204 2752 4269 Κακοὺς
2780 4203 2967 4267 κακῶς
3002 4201 3255 4258 ἀπολέσει
3287 4200 3486 4262 αὐτοὺς
3506 4238 3522 4266 ,
3559 4196 3774 4252 καὶτὸν

2193 4293 2496 4366 ἀμπελῶνα
2526 4292 2826 4347 ἐκδώσεται
2850 4289 3034 4354 ἄλλοις
3079 4289 3371 4360 γεωργοῖς,
3412 4286 3611 4349 οἵτινες
3636 4284 3682 4316 ¹⁸
3714 4285 3775 4337 ἐν

2195 4379 2377 4451 καιρῷ
2415 4378 2648 4438 δώσουσι
2693 4380 2787 4434 τὸν
2840 4377 3055 4449 καρπὸν
3101 4374 3294 4433 αὑτοῦ.
3328 4394 3349 4430 ι
3388 4374 3502 4430 Καὶ
3563 4370 3728 4428 πάλιν
3755 4389 3776 4405 ’

2202 4491 2221 4527 ι
2272 4471 2415 4543 Ἐγὼ
2437 4473 2479 4506 ¹⁹
2513 4469 2678 4545 ἦλθον
2706 4473 2766 4527 ἐν
2784 4471 2864 4543 τῷ
2886 4471 3110 4543 ὀνόματι
3146 4468 3236 4523 τοῦ
3261 4465 3478 4540 Πατρός
3501 4483 3627 4539 μου.
3676 4465 3778 4519 καὶ

510 4562 589 4622 De
619 4567 824 4638 templo
853 4583 985 4623 vero
1019 4568 1097 4622 ait
1143 4569 1385 4638 primum
1418 4570 1642 4640 quidem
1672 4589 1687 4625 :
1722 4590 1741 4622 ι
1772 4568 1893 4625 Νοιι
1919 4571 2073 4626 relin-

2197 4565 2297 4621 οὐκ
2324 4564 2580 4632 ἐδέξασθέ
2620 4581 2690 4635 με
2707 4580 2722 4595 '
2758 4562 2975 4635 ἔρχεται
2999 4563 3160 4626 ἄλλος
3187 4562 3249 4617 ἐν
3270 4559 3350 4631 τῷ
3385 4559 3501 4630 ἰδίῳ
3524 4557 3779 4627 ὀνόματι,

510 4668 710 4726 quetur
741 4658 831 4711 hic
860 4659 1002 4727 lapis
1041 4674 1209 4729 super
1259 4659 1495 4730 lapidem
1540 4660 1634 4730 qui
1688 4676 1802 4715 non
1845 4660 2096 4716 deStrua-

514 4754 666 4801 tur'.
716 4767 734 4799 ι
764 4746 1012 4803 Deinde:
1049 4767 1069 4800 ι
1100 4748 1242 4805 Ecce
1278 4750 1624 4820 relinquetur
1679 4749 1840 4806 vobis
1897 4751 2094 4806 domus

511 4844 697 4892 vestra
746 4837 964 4894 deserta
986 4848 1036 4894 ι.
1097 4858 1115 4890 ι
1164 4838 1232 4893 Ει
1278 4839 1452 4896 lsaias
1505 4855 1729 4911 quoque
1777 4841 2093 4898 exclamat:

521 4946 538 4978 ι
567 4926 867 4998 lmpiornm
892 4929 1088 4987 civitas
1107 4931 1163 4985 in
1190 4939 1459 4986 aeternum
1484 4945 1595 4985 non
1617 4930 1987 4986 mdilicabitur
2004 4939 2093 4984 Υ.)

516 5013 584 5075 Et
617 5036 631 5072 :
672 5036 690 5069 ι
726 5016 932 5073 Domus
956 5017 1126 5076 lsracl
1157 5018 1382 5085 cecidit,
1430 5032 1542 5074 non
1599 5019 1840 5090 amplius
1904 5035 2095 5076 resur-

593 5197 611 5230 '
641 5195 834 5251 Matth.
863 5211 975 5259 xxi,
996 5197 1085 5252 41.
1195 5205 1225 5235 ιι
1255 5195 1417 5252 Joan.
1449 5213 1503 5263 ν,
1522 5196 1612 5252 45.

1703 5205 1731 5234 '
1757 5196 1949 5256 Matth.
1984 5215 2134 5266 xxiv,
2157 5197 2212 5252 2.

2193 4659 2442 4712 κάκεῖνον
2467 4653 2725 4727 λήψεσθε.
2756 4674 2777 4707 ι
2811 4655 2950 4726 Περί
2987 4653 3047 4709 δὲ
3083 4653 3181 4708 τοῦ
3206 4650 3336 4707 ναοῦ
3369 4667 3525 4721 φησι,
3555 4646 3780 4718 πρῶτον

2195 4748 2314 4818 μὲν,
2339 4748 2423 4801 ὅτι
2473 4765 2492 4797 ι
2528 4747 2604 4800 Οὐ
2639 4746 2716 4817 μὴ
2767 4746 2928 4818 μείνῃ
2961 4747 3007 4779 ’⁸
3036 4738 3140 4801 ὧδε
3191 4743 3339 4807 λίθος
3395 4742 3488 4795 ἐπὶ
3514 4740 3691 4805 λίθον,
3717 4736 3781 4801 ὃς

2190 4839 2251 4891 οὐ
2283 4838 2362 4909 μὴ
2384 4837 2683 4909 καταλυθῇ.
2724 4855 2745 4888 ι
2780 4838 3041 4892 Ἔπειτα·
3090 4855 3110 4890 ί
3157 4836 3289 4891 Ἰδοὺ
3336 4832 3559 4903 ἀφίεται
3590 4830 3721 4900 ὑμῖν
3750 4833 3783 4884 ὁ

2192 4929 2339 4994 οἶκος
2388 4929 2542 5001 ὑμῶν
2577 4930 2806 5003 ἔρημος.
2836 4950 2855 4983 ι
2895 4929 3002 5001 Βοᾷ
3049 4929 3107 4983 δὲ
3146 4930 3245 4983 καὶ
3288 4927 3553 4986 Ἠσαῖαςο
3583 4941 3602 4975 ι
3653 4921 3787 4976 Τῶν

2197 5021 2412 5078 ἀσεϐῶν
2437 5023 2591 5087 πόλις
2616 5024 2697 5087 εἰς
2719 5022 2809 5077 τὸν
2836 5021 3010 5078 αἰῶνα
3037 5021 3100 5076 οὐ
3125 5019 3202 5092 μὴ
3227 5015 3617 5088 οἱκοδομηθῇ.»
3643 5012 3784 5068 Καί·

2319 5209 2344 5237 κ
2404 5200 2598 5257 Matth.
2631 5217 2791 5269 xxnl,
2823 5205 2912 5262 38.
2988 5209 3015 5249 ιτ
3044 5199 3152 5255 lsa.
3196 5212 3323 5262 xxv,
3345 5195 3401 5253 2.

1789 5335 2028 5393 ΥΑΒΙᾹΞ
2069 5337 2476 5396 LECTIONES.

605 5480 647 5511 ι’
689 5477 750 5531 τὸ
777 5479 871 5543 άγ.

523 5549 733 5620 σαχάραι
763 5548 803 5599 Β
842 5545 1079 5620 “edixer-

908 5491 1031 5544 μου.
1070 5477 1113 5528 Λ
1145 5475 1205 5527 τὸ
1240 5473 1367 5543 ὅρος
1404 5474 1515 5528 τῶν
1569 5473 1760 5542 ἁγίων.
1821 5473 1986 5529 Hebr.
2053 5473 2439 5533 Sanctuarinm
2483 5479 2719 5535 Jchovm.

2853 5486 2880 5508 "
2917 5478 2960 5530 B
3013 5492 3075 5531 το
3120 5481 3391 5545 αγίασμα.
3456 5544 3461 5545 ί
3504 5473 3549 5507 ¹⁶
3586 5473 3634 5527 Δ
3676 5475 3788 5529 Ἰσ-

1160 5544 1202 5624 ξδ
1242 5544 1369 5624 ἔφη.
1404 5546 1459 5624 In
1491 5547 1534 5596 Β
1555 5544 1780 5624 ponitur
1805 5553 1932 5614 post
1956 5552 2205 5624 muscum
2276 5549 2321 5580 “
2355 5549 2534 5605 ἔσται.
2569 5552 2609 5602 Α
2641 5549 3077 5624 ψέξῃ-Κύριος
3100 5544 3235 5601 ἐκεῖ.
3298 5544 3356 5577 “¹⁷
3396 5546 3425 5597 ὁ
3447 5544 3522 5608 δὲ,
3552 5561 3692 5624 κητ.
3728 5546 3785 5601 λ.

523 5614 690 5690 τ’έόιρ
724 5618 863 5690 hanc
881 5614 1186 5690 Apolinarii
1209 5614 1537 5690 sententiam
1552 5614 1665 5690 jam
1696 5614 2069 5690 impugnataiij
2098 5619 2335 5673 vidimus
2365 5634 2553 5690 supra,
2579 5614 2701 5690 pag.
2742 5619 2896 5682 iOl8,
2921 5614 2986 5673 ad
3020 5616 3180 5690 ﬁnem
3206 5630 3523 5690 (κινητικῆς
3550 5652 3565 5667 .
3598 5615 3786 5690 Aper—

525 5691 634 5760 tius
663 5687 731 5742 de
761 5688 851 5743 illa
885 5683 1129 5760 loquitur
1155 5683 1329 5760 infra,
1361 5693 1598 5740 exeunte
1618 5683 2027 5760 Commentario
2054 5688 2107 5742 in
2136 5690 2414 5760 Aggmum.
2437 5683 2632 5760 Exilis
2652 5683 2900 5760 suppleri
2922 5696 3113 5760 potest
3144 5683 3301 5760 lucus
3324 5686 3434 5760 iste
3455 5686 3607 5760 Hier.
3636 5684 3781 5760 (‘90.,

526 5759 621 5826 lib.
653 5774 730 5815 Iv.
761 5773 881 5826 cap.
912 5753 971 5812 8.
1043 5754 1085 5788 ⁵⁸
1124 5755 1329 5826 οἵτινες
1350 5783 1421 5826 -τ
1444 5771 1622 5826 καρπ.
1648 5753 1766 5826 αυτ.
1801 5755 1974 5812 Aliter
1998 5758 2119 5815 loco
2146 5753 2241 5815 cit:

529 5824 673 5880 Loco
708 5827 800 5879 cit.
833 5822 917 5882 est
951 5826 1142 5897 ἀφεθῇ,
1171 5833 1227 5880 ct
1252 5822 1447 5879 deinde
1470 5822 1922 5895 καταλυθήσεται.

2320 5760 2362 5793 ιι
2414 5756 2576 5829 Ἐγὼ,
2602 5778 2653 5814 κ,
2686 5755 2810 5816 τζλ.
2848 5755 3019 5814 Aliter
3055 5758 3176 5812 loco
3201 5757 3292 5812 cit.
3322 5756 3425 5826 leg.
3505 5756 3551 5786 ²⁰
3591 5755 3780 5827 μείνῃ.
