4070 6456
399 431 542 497 1249

1525 428 1606 489 ΙΝ
1631 424 2073 488 EZECHIELIS
2107 425 2264 486 CAP.
2315 425 2579 488 XLVIII.

3519 423 3652 490 1250

404 564 424 597 ι
475 546 538 600 '0
586 562 733 608 οικος
787 544 1004 617 Ἰσραὴλ
1058 547 1272 611 ἔπεσεν,
1310 545 1411 598 οὐκ
1455 542 1536 597 ἔτι
1570 543 1645 614 μὴ
1678 543 1904 612 ἀναστῇ.
1946 558 1966 592 ι

2075 549 2225 612 εειτ.
2269 559 2287 593 ι
2323 539 2442 596 Non
2468 540 2676 595 audivit
2709 547 2914 604 autem,
2956 547 3018 595 ut
3053 555 3154 611 par
3196 548 3303 607 est,
3328 540 3482 596 Pauli
3516 542 3648 596 doc-

395 637 516 690 υύκ
545 636 744 706 ἧκουσε
771 636 850 699 δὲ,
886 637 960 701 ὡς
983 637 1177 700 ἔοικεν,
1201 635 1322 690 οὐδὲ
1346 636 1445 704 τῆς
1472 634 1686 688 Παύλου
1718 634 1974 688 διδασκα-

392 726 539 790 λίας,
567 725 637 796 ἢν
663 724 931 787 Γαλάταις
983 725 1345 798 προσήνεγκε,
1374 724 1578 794 λέγων’
1614 741 1633 776 ι
1676 724 1884 787 Οἴτινες
1914 725 1974 777 ὲν

392 817 549 888 νόμῳ
579 816 910 884 δικαιοῦσθε,
939 821 1038 887 τῆς
1066 819 1288 890 χάριτος
1325 817 1636 882 ἐξεπέσατε.
1667 833 1686 868 ι
1715 816 1826 870 Kal.
1869 818 1974 870 πά-

391 907 516 960 λινο
560 925 579 958 ι
614 907 760 960 Διότι
797 908 842 939 ²¹
875 907 936 972 ἐξ
983 907 1161 979 έργων
1222 908 1388 979 νόμου
1439 908 1499 960 οὐ
1555 906 1972 976 δικαιωθήσεται

392 996 552 1049 πᾶσα
579 996 736 1066 σὰρξ,
785 995 922 1049 ἀλλὰ
945 996 1032 1049 διὰ
1062 996 1297 1059 πίστεως
1339 994 1516 1066 Ἰησοῦ
1567 995 1826 1064 Χριστοῦ.
1854 1013 1873 1046 ι
1904 1023 1974 1034 --

393 1104 417 1136 c
459 1086 522 1139 '0
573 1087 684 1157 γάρ
735 1086 902 1157 νόμος
949 1086 1116 1158 ὀργὴν
1153 1087 1571 1156 κατεργάζεται.
1605 1079 1680 1140 Οἵ)
1725 1085 1834 1156 γὰρ
1873 1084 1973 1138 οὐκ

388 1176 512 1230 ἐστι
545 1177 729 1248 νόμος,
755 1178 876 1231 οὐδὲ
901 1178 1235 1250 παράϐασις.
1267 1196 1285 1230 ι
1314 1178 1425 1232 Καὶ
1475 1178 1667 1231 πάλιν·
1697 1197 1717 1228 ι
1757 1177 1830 1230 Τὸ
1863 1177 1970 1246 γὰρ

387 1267 662 1321 ἀδύνατον
707 1268 803 1321 τοῦ
850 1268 1016 1339 νόμου
1042 1309 1058 1334 ,
1108 1269 1168 1322 ἐν
1210 1261 1255 1336 ᾧ
1287 1268 1505 1338 ἠσθένει
1549 1268 1638 1321 διὰ
1683 1267 1784 1337 τῆς
1841 1283 1972 1337 σαρ-

390 1359 515 1424 κὸς,
553 1359 582 1410 ὁ
622 1359 755 1422 Θεὸς
785 1360 878 1413 τὸν
904 1359 1099 1412 ἑαυτοῦ
1147 1359 1273 1413 Υἱὸν
1303 1359 1523 1430 πέμψας
1577 1360 1636 1412 ὲν
1663 1359 1969 1429 ὁμοιώματι

390 1449 602 1519 σαρκὸς
633 1450 929 1520 ἁμαρτίας,
959 1451 1053 1504 καὶ
1109 1450 1239 1521 περὶ
1269 1451 1544 1521 ἁμαρτίας
1582 1451 1650 1516 ¹²,
1681 1449 1970 1521 κατέκρινε

386 1540 495 1609 τὴν
536 1540 813 1610 ἁμαρτίαν
857 1542 918 1594 ὲν
953 1544 1019 1613 τῇ
1048 1543 1230 1613 σαρκὶ,
1271 1542 1359 1595 ἵνα
1383 1540 1443 1594 τὸ
1469 1541 1746 1612 δικαίωμα
1762 1541 1856 1595 τοῦ
1886 1542 1970 1594 νό-

389 1649 502 1702 μου
536 1633 799 1704 πληρωθῇ
825 1635 883 1687 ὲν
932 1637 1064 1705 ἡμῖν
1091 1637 1204 1698 τοῖς
1234 1634 1309 1706 μὴ
1335 1635 1475 1688 κατὰ
1504 1633 1680 1706 σάρκα
1735 1649 1970 1705 περιπαο

385 1724 604 1790 τοῦσιν,
623 1724 759 1779 ἀλλὰ
781 1725 924 1778 κατὰ
943 1725 1191 1797 Πνεῦμα.
1227 1745 1246 1778 ι
1283 1727 1393 1779 Kal.
1422 1726 1648 1797 ἑτέρωθι
1667 1742 1712 1777 ἰ
1746 1733 1971 1779 Δικαιω-

388 1819 584 1880 θέντες
609 1813 702 1873 οὖν
733 1820 798 1872 ὲκ
840 1818 1078 1884 πίστεως
1126 1820 1352 1890 εἰρήνην
1393 1817 1606 1888 ἔχωμεν
1634 1820 1679 1850 ³³
1715 1819 1851 1890 πρὸς
1879 1818 1969 1872 τὸν

387 1906 528 1961 Θεὸν
560 1907 650 1962 διὰ
696 1907 790 1961 τοῦ
831 1883 1247 1980 Κυρίουήμῶν
1292 1883 1465 1979 Ἰησοῦ
1508 1883 1776 1980 Χριστοῦ.
1804 1927 1823 1961 ι
1858 1910 1968 1962 Καὶ
2003 1883 2044 1939 Β

389 1999 470 2070 τῷ
501 1999 694 2071 Πέτρῳ
739 1999 797 2052 δὲ
851 2001 1318 2072 σχηματισαμένῳ
1357 2001 1454 2073 τὴν
1480 2001 1576 2054 τοῦ
1605 2002 1770 2072 νόμου
1801 2001 1968 2070 φυλα-

389 2091 522 2161 κὴν,
565 2093 655 2144 διὰ
697 2090 795 2161 τὴν
836 2091 945 2145 τῶν
995 2093 1254 2164 μαθητῶν
1302 2093 1608 2156 ἀσθένειαν,
1657 2092 1967 2163 ἔμπροσθεν

387 2184 615 2237 πάντων
673 2182 814 2254 ἔφη’
855 2201 875 2236 ι
938 2184 1004 2236 Et
1069 2184 1156 2251 σὺ,
1202 2185 1451 2247 Ἰουδαῖος
1495 2182 1570 2237 ὢν
1613 2185 1680 2251 ’³,
1739 2184 1970 2246 ἐθνικῶς

387 2273 516 2346 ζῇς,
586 2275 680 2328 καὶ
725 2274 828 2328 οὐκ
887 2274 1228 2340 Ἰουδαϊκῶς,
1267 2276 1321 2329 τί
1368 2277 1438 2330 τὰ
1476 2275 1602 2346 ἔθνη
1642 2275 1968 2344 ἀναγκάζεις

401 2365 755 2433 Ἰουδαῖζειν;
817 2386 837 2420 ι
891 2363 1027 2422 Εἶτα
1084 2368 1281 2436 ἐπάγει
1319 2385 1332 2398 ο
1384 2385 1403 2420 ι
1481 2367 1672 2438 Ἡμεῖς
1718 2368 1878 2436 φύσει
1923 2369 1968 2401 ⁸³

400 2458 683 2525 Ἰουδαῖοι,
727 2459 822 2513 καὶ
850 2461 950 2514 οὐκ
999 2460 1060 2527 ἐξ
1102 2461 1273 2514 ἐθνῶν
1309 2460 1644 2531 ἁμαρτωλοί.
1678 2461 1897 2524 Εἰδότες
1921 2461 1968 2493 ³⁸

385 2547 448 2600 δὲ
484 2546 567 2600 ὅτι
599 2548 660 2600 οὐ
685 2548 988 2602 δικαιοῦται
1009 2548 1295 2621 ἄνθρωπος
1321 2548 1382 2614 ἐξ
1407 2549 1583 2618 ἔργων
1612 2550 1799 2620 νόμου,
1831 2549 1968 2604 ἀλλά

384 2637 460 2692 δι’
510 2638 682 2709 ἀκοῆς
737 2638 997 2704 πίστεως,
1033 2641 1126 2694 καὶ
1161 2641 1323 2712 ἡμεῖς
1354 2642 1434 2702 εἰς
1479 2639 1686 2708 Ἰησοῦν
1735 2640 1970 2711 Χριστὸν

385 2731 819 2802 ἐπιστεύσαμεν,
847 2731 935 2787 ἵνα
961 2733 1026 2785 ὲκ
1062 2731 1300 2795 πίστεως
1326 2730 1725 2801 δικαιωθῶμεν.
1763 2750 1784 2783 ι
1815 2731 1972 2786 Οὕτω

387 2822 643 2885 Γαλάτας
671 2822 1079 2895 περιτμηθῆναι
1129 2821 1268 2893 μετὰ
1310 2821 1409 2892 τὴν
1441 2821 1626 2874 πίστιν
1666 2821 1974 2892 ἀνασχομέ-

389 2933 522 2979 νους
553 2915 853 2982 ἀνοήτους
881 2917 1168 2970 ἀποκαλεῖ.
1211 2914 1322 2970 Καὶ
1350 2915 1732 2985 Φιλιππησίοις
1772 2914 1826 2967 δὲ
1855 2916 1974 2968 ἑπι-

392 3007 667 3073 στέλλων,
709 3008 806 3061 καὶ
853 3008 962 3062 τῶν
1009 3007 1182 3062 ταῦτα
1229 3007 1587 3062 διδασκόντων
1627 3007 1971 3079 κατηγορῶν,

389 3098 584 3164 κύνας
609 3099 906 3165 ἀποκαλεῖ,
943 3099 1138 3164 λέγων’
1179 3118 1198 3152 ι
1216 3099 1451 3154 Βλέπετε
1475 3102 1604 3164 τοὺς
1631 3098 1824 3167 κύνας,
1853 3099 1970 3170 βλέο

389 3206 530 3243 πετε
558 3191 687 3255 τοὺς
715 3193 917 3256 κακοὺς
947 3191 1208 3263 ἐργάτας,
1238 3192 1465 3264 βλέπετε
1492 3191 1590 3262 τὴν
1618 3193 1936 3264 κατατομήν
1954 3207 1970 3222 ·

2077 635 2302 702 trinam,
2331 649 2501 704 quam
2558 633 2773 690 Calatis
2801 636 3055 704 protulit,
3102 635 3297 692 dicens
3330 654 3342 690 :
3382 655 3399 687 ι
3451 635 3556 701 Qui
3596 634 3652 689 in

2075 727 2821 798 legejustiﬁcamlni,gratia
2853 727 3209 782 excidistisa.
3250 747 3270 781 ι
3307 728 3374 784 Ει
3405 743 3601 784 rursus
3622 736 3649 780 ':

2077 836 2100 870 ι
2135 818 2430 889 Propterea
2452 820 2599 889 quod
2632 820 2897 889 operibus
2923 819 3061 888 legis
3099 833 3211 874 non
3246 819 3653 888 justiﬁcabitur

2073 912 2256 966 omnis
2286 925 2440 976 caro,
2475 911 2571 966 sed
2597 927 2696 981 per
2732 911 2894 966 ﬁdem
2917 909 3048 966 Jesu
3072 910 3279 966 Christi
3305 911 3354 962 ιι.
3383 927 3508 962 ›-‹
3537 909 3649 964 Lex

2073 1002 2222 1057 enim
2283 1003 2423 1056 iram
2470 1013 2755 1071 operatur.
2815 1001 2920 1057 Ubi
2980 1001 3125 1056 enim
3168 1016 3278 1056 non
3311 1011 3397 1056 est
3435 1001 3542 1063 lex,
3571 1000 3647 1054 ibi

2073 1107 2291 1162 quoque
2315 1107 2426 1147 non
2447 1100 2532 1147 est
2573 1093 2950 1162 praevaricatio
2979 1103 3024 1146 ο.
3057 1110 3076 1144 ι
3124 1091 3364 1162 Itemque
3393 1108 3408 1145 :
3450 1108 3471 1142 ‹
3509 1089 3647 1143 Nam

2070 1184 2220 1253 quod
2251 1183 2596 1253 impossibile
2639 1192 2759 1238 erat
2814 1183 2952 1252 legi,
2994 1183 3050 1236 in
3105 1197 3218 1252 quo
3263 1180 3648 1235 inﬁrmabatur

2072 1291 2171 1345 per
2202 1290 2451 1341 carnem,
2474 1275 2620 1330 Deus
2643 1274 2843 1329 Filium
2870 1289 3032 1331 suum
3048 1274 3274 1328 mittens
3296 1273 3350 1326 in
3390 1271 3648 1326 similitu-

2071 1367 2199 1422 dine
2219 1369 2404 1421 carnis
2431 1367 2666 1436 peccati,
2706 1373 2761 1420 et
2792 1381 2890 1435 pro
2934 1375 3184 1434 peccato,
3220 1363 3500 1418 damnavit
3523 1377 3649 1431 pec-

2070 1464 2256 1512 catum
2280 1458 2336 1512 in
2364 1473 2553 1521 carne,
2589 1468 2648 1511 ut
2681 1456 3009 1526 justiﬁeatio
3050 1454 3188 1524 legis
3231 1452 3551 1523 impleretur
3592 1451 3648 1505 in

2072 1547 2255 1612 nobis,
2293 1549 2388 1618 qui
2425 1561 2531 1601 non
2566 1547 2871 1603 secundum
2897 1560 3122 1600 carnem
3157 1543 3524 1603 ambulamus,
3553 1543 3648 1597 sed

2071 1641 2376 1696 secundum
2410 1638 2740 1710 Spiritumd.
2780 1657 2800 1688 ι
2831 1637 2898 1690 Ει
2937 1637 3046 1691 alio
3080 1637 3200 1690 loco
3236 1654 3251 1689 :
3293 1655 3314 1686 ι
3353 1633 3649 1690 Justiﬁcati

2071 1734 2242 1804 igitur
2269 1747 2336 1786 ex
2376 1729 2481 1785 ﬁde
2529 1744 2718 1799 pacem
2768 1727 3068 1782 habeamus
3115 1725 3258 1794 apud
3311 1724 3504 1787 Deum,
3553 1738 3652 1793 pcr

2073 1827 2365 1882 Dominum
2395 1831 2644 1877 nostrum
2681 1819 2869 1876 Jesum
2917 1818 3199 1874 Christum
3223 1829 3269 1870 ο.
3317 1836 3334 1869 ι
3365 1815 3430 1870 Ει
3463 1816 3647 1876 Petro,

2072 1920 2168 1992 qui
2199 1919 2335 1988 legis
2380 1913 2826 1971 observationem
2874 1911 3257 1974 simulaverat,
3291 1915 3515 1979 pr0pter
3559 1907 3650 1961 di-

2073 2011 2414 2080 scipulorum
2449 2005 2902 2068 imbecillitatem,
2932 2017 3118 2058 coram
3167 2001 3426 2056 omnibus
3458 1998 3596 2054 dixit
3632 2015 3647 2051 :

2077 2121 2097 2156 ‹
2136 2100 2194 2156 Si
2234 2110 2316 2165 tu,
2353 2114 2477 2154 cum
2499 2095 2724 2152 Judazus
2756 2095 2858 2158 sis,
2886 2093 3180 2164 gentilium
3204 2089 3367 2145 modo
3401 2089 3564 2150 vivis.
3596 2097 3652 2144 et

2072 2211 2184 2250 non
2211 2191 2466 2255 Judaice,
2503 2187 2780 2259 quomodo
2808 2193 3003 2256 gentes
3026 2183 3184 2253 cogis
3208 2180 3502 2236 Judaizare
3523 2179 3541 2217 ί
3565 2180 3587 2233 ?
3625 2198 3645 2230 ι

2070 2285 2279 2340 Deinde
2333 2282 2605 2352 subjicit:
2649 2298 2670 2331 ‹
2704 2277 2822 2333 Nos
2878 2284 3078 2332 natura
3123 2273 3334 2346 1047
3373 2271 3567 2334 Judaei,
3600 2279 3654 2325 ct

2071 2393 2180 2434 non
2212 2394 2280 2432 ex
2315 2375 2571 2446 gentibus
2602 2379 2946 2444 peccatores.
3004 2367 3255 2424 Scientes
3297 2373 3479 2420 autem
3539 2379 3652 2418 non

2066 2467 2361 2540 justiﬁcari
2393 2465 2673 2521 hominem
2710 2479 2778 2518 ex
2814 2462 3078 2533 operibus
3099 2460 3259 2528 legis,
3287 2457 3382 2512 sed
3419 2470 3516 2526 per
3553 2469 3652 2508 au-

2072 2562 2246 2616 ditum
2280 2560 2426 2624 ﬁdei,
2457 2566 2512 2614 et
2540 2571 2642 2612 nos
2668 2557 2724 2610 in
2755 2553 2942 2610 Jesuin
2963 2552 3245 2609 Christum
3292 2550 3649 2612 credidimus,

2073 2661 2132 2708 ut
2167 2668 2229 2708 ex
2273 2651 2380 2706 ﬁde
2401 2650 2775 2721 justiﬁcemur
2795 2649 2841 2702 ³.
2873 2664 2892 2698 ι
2930 2645 3009 2699 lta
3047 2644 3308 2710 Galatas,
3341 2643 3432 2712 qui
3482 2641 3654 2698 susti-

2073 2753 2308 2799 nuerant
2342 2749 2466 2810 post
2493 2740 2653 2794 ﬁdem
2692 2735 3047 2801 circumdidi,
3095 2750 3252 2790 sensu
3289 2743 3527 2788 carentes
3556 2747 3652 2786 vo-

2074 2846 2160 2891 cat
2182 2836 2234 2898 ιι,
2261 2843 2317 2888 et
2351 2834 2419 2888 ad
2441 2831 2821 2901 Philippenses
2852 2828 3121 2887 scribens.
3154 2841 3364 2896 eosque
3385 2839 3655 2880 accusans

2076 2927 2168 2996 qui
2227 2925 2345 2979 haec
2391 2924 2683 2985 docerent,
2743 2934 2899 2973 canes
2955 2916 3194 2988 appellat
3242 2930 3362 2978 eos,
3412 2915 3650 2969 dicens:

2083 3039 2101 3072 ι
2137 3017 2333 3073 Videte
2371 3030 2540 3072 canes
2563 3056 2578 3080 ,
2636 3013 2820 3067 videte
2879 3009 3058 3064 malos
3097 3007 3417 3078 operarios,
3475 3004 3658 3060 videte

2075 3110 2476 3167 concisionem.
2510 3105 2623 3162 Nos
2651 3104 2798 3160 enim
2831 3116 3024 3158 sumus
3050 3098 3426 3161 circumcisio,
3452 3098 3546 3167 qui
3599 3096 3656 3149 in

2078 3203 2278 3272 spiritu
2333 3200 2607 3257 servimus
2652 3195 2799 3260 Deo,
2831 3202 2886 3250 et
2921 3208 3033 3248 non
3073 3191 3128 3246 in
3180 3199 3349 3246 carne
3397 3188 3655 3243 ﬁduciam

389 3284 560 3353 ἡμεῖς
599 3281 709 3353 γάρ
741 3283 908 3354 ἐσμεν
953 3285 988 3355 ὴ
1035 3285 1335 3356 περιτομὴ,
1383 3285 1434 3338 οἱ
1474 3284 1746 3356 πνεύματι
1784 3285 1905 3356 θεῷ
1928 3287 1973 3318 ³⁷

2082 3293 2414 3350 habentesi.
2458 3309 2478 3342 ›
2514 3288 2578 3344 Et
2617 3304 2686 3344 ne
2710 3290 2839 3358 quis
2888 3286 3071 3355 ipsum
3120 3283 3441 3353 opinaretur
3490 3279 3657 3349 spiri-

390 3372 774 3444 λατρεύοντες,
808 3376 906 3429 καὶ
930 3373 976 3406 ⁸³
1011 3377 1113 3429 οὐκ
1138 3376 1198 3430 ἐν
1233 3377 1398 3449 σαρκὶ
1426 3377 1768 3441 πεποιθότες.
1807 3395 1826 3428 ι
1865 3378 1977 3431 Καὶ

389 3463 473 3525 ὡς
507 3463 575 3516 ἀν
619 3464 779 3534 μήτις
809 3465 971 3521 αὐτὸν
995 3466 1255 3522 ὑπολάϐοι
1301 3471 1415 3533 τοῖς
1444 3474 1838 3541 πνευματικοῖς
1871 3474 1972 3525 ἐπ-

390 3552 725 3624 ερείδεσθαι,
777 3554 853 3619 ὡς
895 3556 1227 3627 ἀμοιροῦντα
1261 3559 1370 3612 τῶν
1420 3560 1721 3631 σαρκικῶν,
1751 3562 1976 3626 εἰκότως

392 3646 684 3715 ἐπήγαγε·
726 3666 745 3698 ι
783 3648 1003 3719 Καίπερ
1025 3650 1069 3681 ²⁹
1099 3649 1212 3718 ἐγὼ
1250 3651 1392 3722 ἔχων
1436 3653 1761 3724 πεποίθησιν
1787 3657 1882 3708 καὶ
1917 3657 1976 3708 ὲν

394 3737 588 3808 σαρκί.
633 3738 706 3792 Et
741 3755 824 3803 τις
872 3740 1020 3794 δοκεί
1049 3740 1206 3807 ἄλλος
1251 3744 1570 3799 πεποιθέναι
1596 3745 1642 3778 ³ο
1673 3748 1729 3798 ὲν
1787 3746 1973 3817 σαρκὶ,

395 3826 514 3896 ἐγὼ
555 3829 778 3898 μᾶλλον.
815 3850 836 3884 ι
893 3833 1002 3886 Kal
1041 3833 1309 3906 διηγεῖται
1345 3836 1413 3890 τὰ
1455 3837 1723 3891 Ἰουδαίων
1765 3839 1973 3908 σεμνά·

401 3939 423 3972 ε
467 3919 807 3992 ΙῙεριιτομῇ⁸ι
843 3924 1206 3996 ὀκταήμερος.
1239 3945 1256 3979 ι
1289 3927 1449 3982 Κατὰ
1475 3929 1658 3999 νόμον,
1698 3931 1852 4001 φησὶ,
1878 3930 1978 4000 τήν

391 4015 708 4085 περιτομὴν
723 4016 1014 4087 ἐδεξάμην.
1045 4019 1156 4072 Καὶ
1183 4019 1370 4092 ἐπειδὴ
1401 4020 1706 4088 συνέϐαινε,
1738 4022 1832 4076 καὶ
1853 4023 1977 4086 τοὺς

393 4105 512 4158 τῶν
546 4107 899 4178 προσηλύτων
934 4110 1071 4173 υἱεῖς
1099 4110 1239 4164 κατὰ
1269 4110 1458 4166 τοῦτον
1493 4112 1602 4165 τῶν
1631 4113 1854 4182 ἡμερῶν
1889 4114 1980 4168 τὸν

393 4197 635 4268 ἀριθμὸν
661 4201 1106 4270 περιτέμνεσθαι,
1130 4201 1446 4272 ἀναγκαίως
1465 4205 1746 4275 ἐπήγαγεν
1771 4223 1783 4235 ·
1821 4223 1841 4256 ι
1886 4205 1980 4258 Ἐκ

397 4287 721 4358 σπέρματος
740 4290 784 4322 ³¹
844 4292 1078 4363 Ἰσραήλ.
1113 4311 1132 4344 ι
1177 4294 1288 4346 Καὶ
1328 4294 1430 4346 οὐκ
1469 4295 1723 4364 ἀρκεῖται
1771 4297 1838 4365 τῇ
1885 4293 1977 4347 τοῦ

395 4379 747 4452 πατριάρχου
796 4385 1138 4457 προσηγορίᾳ
1188 4384 1326 4439 ἀλλὰ
1369 4385 1466 4439 καὶ
1501 4385 1603 4456 τῆς
1650 4385 1822 4456 φυλῆς
1847 4385 1892 4418 ³³
1919 4386 1981 4438 τὸ

396 4467 574 4542 ὄνομα
622 4473 793 4542 λέγει,
821 4475 1059 4540 δεικνὺς
1088 4477 1149 4529 τὸ
1191 4478 1483 4550 ἐπίσημον,
1530 4495 1550 4528 ‹
1586 4476 1760 4548 φυλῆς
1799 4478 1982 4532 Βενια-

2080 3385 2325 3441 tualibus
2377 3382 2561 3444 inniti.
2597 3389 2858 3449 tanquam
2909 3391 3098 3433 eorum
3133 3391 3254 3447 quae
3298 3376 3483 3430 carnis
3527 3382 3657 3428 sunt

2077 3485 2378 3546 expertem,
2428 3473 2624 3527 merito
2666 3467 2943 3539 subjecit:
2981 3485 3000 3518 ι
3057 3465 3382 3535 Quanquam
3420 3479 3524 3534 ego
3555 3463 3654 3516 ha-

2079 3571 2235 3624 beam
2257 3565 2512 3621 ﬁduciam
2533 3562 2661 3618 etin
2682 3575 2874 3615 carne.
2902 3559 2959 3613 Si
2982 3559 3106 3628 quis
3127 3557 3268 3612 alius
3285 3554 3501 3610 videtur
3525 3567 3656 3607 con-

2080 3660 2249 3716 ﬁdere
2275 3659 2330 3713 in
2347 3671 2539 3720 carne,
2563 3669 2665 3725 ego
2703 3653 2883 3724 magis
2904 3651 2917 3702 i
2935 3692 2948 3705 .
2972 3670 2990 3703 ι
3020 3650 3333 3719 Narratque
3362 3662 3426 3702 ca
3453 3646 3657 3717 quibus

2079 3750 2257 3805 Judaei
2281 3748 2664 3820 gloriabantur
2697 3765 2709 3801 :
2746 3763 2765 3797 ι
2797 3745 3006 3801 Octavo
3033 3744 3124 3799 die
3165 3739 3530 3797 circumcisus
3547 3738 3596 3791 Ιι.
3633 3758 3652 3790 ι

2083 3842 2398 3899 Secundum
2463 3840 2660 3911 legem,
2712 3837 2915 3906 inquit,
2959 3834 3328 3890 circumcisus
3381 3845 3528 3885 sum.
3592 3828 3660 3882 Et

2079 3935 2211 4004 quia
2236 3931 2464 3998 accidit,
2487 3938 2548 3985 ut
2573 3928 2981 4000 proselytorum
3002 3939 3221 3996 quoque
3237 3923 3334 3978 ﬁlii
3352 3919 3658 3978 secundum

2078 4026 2232 4080 hunc
2254 4023 2469 4079 dierum
2499 4033 2793 4076 numerum
2819 4014 3376 4079 circumciderentur,
3403 4025 3660 4068 necessa-

2079 4118 2165 4172 rio
2184 4114 2408 4185 adjecit,
2448 4130 2468 4164 ι
2507 4127 2574 4168 ex
2606 4110 2814 4166 semine
2835 4108 3080 4165 lsraelis.
3111 4125 3131 4158 ι
3157 4105 3345 4175 Neque
3370 4109 3661 4159 contentus

2080 4207 2410 4281 patriarchae
2443 4202 2826 4275 appellatione,
2857 4200 3040 4254 tribus
3069 4211 3288 4269 quoque
3313 4209 3512 4249 nomen
3544 4207 3661 4246 me-

2081 4307 2284 4365 morat,
2337 4296 2685 4352 nobilitatem
2720 4291 3041 4355 ostendens,
3078 4309 3099 4342 ι
3139 4288 3208 4344 de
3253 4287 3398 4341 tribu
3460 4284 3662 4353 Benja-

2080 4392 2217 4448 min.
2247 4408 2267 4441 ι
2301 4388 2346 4442 Α
2386 4385 2624 4441 Rachele
2682 4381 2830 4439 enim
2896 4379 3113 4452 1048
3161 4379 3400 4441 dilecta,
3457 4373 3658 4444 inquit,

2083 4497 2206 4538 sum
2232 4478 2524 4537 oriundus.
2559 4475 2680 4531 Non
2711 4476 2862 4531 enim
2902 4475 3082 4530 solum
3127 4486 3195 4528 ex
3249 4470 3318 4527 iis
3357 4482 3467 4524 non
3513 4479 3661 4528 sum.

401 4562 518 4633 μιν.
555 4582 576 4617 ι
631 4563 725 4619 Ἐκ
755 4568 853 4637 τῆς
871 4568 920 4599 ³⁵
954 4569 1156 4640 Ῥαχὴλ
1185 4568 1316 4640 γὰρ,
1353 4570 1512 4641 φησὶ,
1542 4570 1643 4640 τῆς
1673 4569 1975 4641 ἀγαπωμέ-

2085 4573 2178 4646 qui
2209 4580 2343 4629 sunt
2371 4569 2682 4632 semiservi,
2719 4567 2814 4622 sed
2847 4567 3013 4622 etiam
3058 4563 3248 4620 liberis
3289 4569 3511 4633 pratsto,
3540 4566 3666 4613 tan-

2737 4659 2748 4670 ο
2893 4649 2923 4672 ι’
3029 4671 3035 4672 ,
3102 4671 3107 4672 ,
3131 4664 3199 4672 _._
3257 4652 3356 4672 [με.
3411 4659 3454 4672 ,ι
3510 4649 3665 4672 ...ΙΛΙΔ

397 4671 501 4723 νης
535 4657 761 4726 κατάγω
806 4659 865 4713 τὸ
910 4659 1085 4729 γένος.
1115 4662 1189 4715 Ού
1234 4662 1332 4733 γάρ
1372 4665 1531 4733 μόνον
1574 4663 1676 4715 ούκ
1722 4663 1841 4733 εἰμὶ
1869 4663 1975 4716 τῶν

2085 4680 2249 4736 quam
2275 4680 2342 4720 ex
2374 4678 2439 4718 ea
2491 4676 2614 4732 quae
2670 4659 2824 4730 prius
2877 4649 3210 4728 desponsata
3256 4652 3360 4708 iuit
3405 4659 3460 4706 et
3510 4649 3668 4703 valde

398 4747 733 4819 ήμιδούλων,
759 4752 898 4807 ἀλλὰ
927 4754 1025 4808 καὶ
1053 4755 1190 4826 πρὸς
1217 4757 1343 4819 τοὺς
1375 4755 1698 4826 ἐλευθέρους
1731 4755 1840 4826 ἔχω
1866 4756 1978 4810 δια-

377 4950 380 4953 -
477 4923 502 4951 ι
532 4914 641 4966 Isa.
675 4926 829 4977 xxxx,
861 4910 957 4966 20.
1035 4923 1060 4954 ιι
1097 4912 1274 4967 Galat.
1326 4929 1381 4976 ν,
1409 4913 1465 4966 4.

1571 4914 1600 4954 b
1624 4911 1799 4969 Galat.
1830 4929 1902 4979 ιι,
1927 4913 2017 4974 16,

409 4984 427 5021 ί
463 4982 642 5039 Galat.
673 4999 749 5050 ιι,
792 4981 880 5037 14.
961 4986 987 5024 ε
1021 4982 1149 5037 ibid.
1187 4983 1388 5050 15,16.
1463 4984 1491 5022 h
1532 4983 1713 5039 Galat.
1745 4999 1830 5048 ιιι,
1869 4985 1926 5051 1,
1952 4984 2008 5040 3.

2086 4757 2312 4820 dilecta,
2347 4754 2645 4810 briundus.
2674 4751 2740 4807 Et
2766 4751 2897 4805 hinc
2920 4749 2988 4804 ad
3020 4746 3388 4818 antiquiorem
3435 4742 3665 4811 stirpem

2095 4924 2119 4952 ο
2158 4914 2318 4967 Rom.
2352 4925 2430 4974 iv,
2469 4909 2557 4964 15.
2635 4906 2661 4946 ἀ
2688 4905 2844 4962 Rom.
2872 4919 2992 4964 vni.
3028 4903 3192 4974 v3.41
3221 4973 3228 4974 γ
3254 4912 3280 4974 _'
3307 4899 3466 4974 Dom.
3504 4913 3567 4963 ν,
3613 4897 3664 4950 l.

2089 4969 2672 5053 iPhilipp.ttI,9.,3.
2753 4975 3020 5030 iibid.4.
3098 4971 3291 5028 kibid.
3325 4969 3378 5024 5.

1681 5134 1925 5192 VARUE
1965 5133 2374 5191 LECTIONES.

481 5297 524 5329 “
561 5294 1027 5418 διότι-Χριστοῦ.
1063 5293 1184 5349 Haec
1215 5307 1448 5374 sensum
1467 5291 1571 5346 loci
1599 5291 1719 5373 cit.,
1760 5291 2062 5372 non-verba
2093 5291 2428 5362 exprimunt.
2510 5289 2530 5318 ¹
2598 5286 2691 5340 καὶ
2735 5302 2796 5338 π.
2828 5285 2927 5366 ἅμ.
2961 5283 3088 5339 Des.
3119 5282 3176 5336 in
3206 5279 3268 5335 B.
3346 5280 3394 5313 ³³

481 5385 488 5418 ι
515 5379 736 5418 auonue
762 5381 817 5418 in
848 5381 937 5418 ra.
969 5373 1103 5418 tom.
1136 5363 1225 5418 lll.
1254 5365 1374 5418 loco
1401 5371 1520 5418 cit..
1551 5363 1768 5418 legitur.
1804 5361 1911 5415 Aln
1947 5362 2146 5416 habent
2180 5361 2399 5418 ἐγομεν.
2476 5359 2522 5392 ³⁵
2564 5355 2661 5410 ὢν.
2692 5354 2842 5410 Loco
2862 5362 2959 5409 crt.
2986 5361 3072 5410 est
3095 5351 3380 5418 ὑπάρχων.
3457 5374 3459 5381 ι

848 5381 937 5429 ra,
969 5373 1103 5419 tom.
1136 5363 1225 5427 lll,
1254 5365 1374 5419 loco
1401 5363 1520 5425 cit.,
1551 5362 1768 5432 legitur.
1804 5360 1911 5415 Alii
1932 5362 2146 5432 habent
2167 5360 2345 5430 ’ἐχομε

402 5369 488 5422 ita
515 5379 736 5435 quoque
762 5367 817 5419 in

2351 5297 2428 5344 nt.
2510 5289 2530 5318 ’
2598 5287 2691 5340 καὶ
2735 5302 2796 5338 π.
2828 5287 2927 5366 ἀμ.
2961 5287 3088 5339 Des.
3119 5287 3176 5336 in
3206 5287 3268 5335 Β.
3346 5287 3394 5313 ³³
3431 5287 3668 5383 εᾰωμςν.

2349 5377 2399 5414 ν.
2476 5359 2522 5392 ³⁵
2564 5355 2661 5410 ὢν.
2692 5354 2842 5410 Loco
2862 5362 2959 5409 οη.
2986 5361 3072 5410 est
3095 5351 3380 5416 ὑπάρχων.
3543 5365 3668 5416 φυσ.

403 5387 488 5422 lla
515 5387 736 5435 quoque
762 5387 937 5429 Inlra,
971 5387 1103 5419 tum.
1136 5387 1225 5427 III,
1255 5387 1374 5419 IUCU
1401 5387 1520 5425 υιι.,
1552 5387 1768 5432 legitur.
1804 5387 1911 5415 mu
1947 5387 2146 5416 navent
2180 5387 2399 5430 εχυμιν.
2476 5387 2518 5392 --
2564 5387 2661 5410 ων.
2692 5387 2842 5410 μυκυ
2862 5387 2959 5409 ιιι.
2986 5387 3072 5410 σοι
3097 5387 3245 5423 ναι-νιν
3282 5387 3380 5407 ων.
3543 5387 3672 5416 γυνθ

403 5437 592 5491 Editio
623 5437 774 5506 prior
797 5435 1032 5506 habebat
1064 5433 1246 5506 φησίν.
1325 5433 1370 5464 ³⁸
1407 5433 1703 5506 εἰδότες-το
1727 5430 2153 5506 δικαιωθῶμεν.-
2181 5432 2333 5506 Alias
2363 5430 2634 5506 lectiones
2679 5425 2805 5506 δείδιε
2819 5423 2994 5506 “intra
3015 5465 3030 5489 ,
3075 5431 3213 5506 tom:
3246 5387 3672 5506 l’le,-.adAGala-t:

403 5522 530 5575 cap.
561 5521 622 5559 ιι.

733 5505 776 5539 ³⁷
816 5505 859 5555 Β
885 5503 1040 5558 Θεοῦ.
1075 5491 1150 5557 ita
1181 5517 1400 5573 quoque
1439 5491 1890 5573 apud'Nostrum
1917 5491 2019 5572 leg:
2052 5499 2230 5573 infra,
2253 5499 2320 5573 _l.
2357 5501 2475 5573 cit.,
2511 5507 2648 5573 tom.
2683 5495 2769 5573 l‘ll.
2819 5494 3080 5573 Eamdem
3108 5491 3166 5573 h'.
3200 5493 3237 5546 Ι.
3267 5491 3581 5573 lectionem,
3613 5495 3676 5568 ut

403 5556 649 5642 videtur,
682 5575 872 5629 habuit
903 5556 1041 5628 liber
1069 5556 1489 5642 ἰδιιιῖμιίοῖιιειιε⁸
1516 5579 1606 5642 εεέ
1626 5556 1998 5642 Ψθίδιοηέυεέ
2025 5570 2072 5603 ³⁸
2091 5556 2230 5642 καθ’
2250 5568 2374 5642 D935-
2410 5556 2511 5623 ¹¹ὁ⁰
2546 5571 2670 5642 ¹⁰ιῗ⁰
2699 5561 3327 5642 Ῐδίθο.καὶ.καυᾉὼξ¹”⁸ἶ’⁰ι
3358 5561 3417 5611 ἐν
3452 5558 3535 5642 XF
3543 5556 3676 5642 ‘91.?

420 5637 645 5718 Ἰησοῦ(
695 5645 822 5718 ”__B
846 5642 1045 5718 καίτοι.
1121 5644 1165 5718 ‘_°
1203 5637 1258 5694 ἐῐ
1280 5659 1374 5718 τις
1387 5642 1534 5718 δοκεῖ
1560 5640 1676 5718 alii:
1701 5657 1834 5693 πεπ.
1858 5640 1900 5691 Β
1927 5637 2212 5718 εἷταῌκατά
2247 5639 2552 5718 σύγκρισιν·
2588 5641 2635 5718 εἰ

2669 5653 2752 5698 τις
2779 5633 3062 5688 πέποιθεν.
3093 5631 3299 5685 Deinde
3327 5642 3422 5697 per
3449 5640 3675 5698 compa-

409 5695 697 5790 τρἴιὶιῆέω,
729 5713 786 5768 Si
803 5695 1204 5790 ‘quis,rinquit,
1227 5695 1557 5790 confideret.
1638 5711 1679 5790 ’.ί
1717 5713 2011 5790 περιτομῇ.
2052 5709 2220 5790 Sirm.
2248 5695 2540 5790 περιτομή,
2573 5695 2767 5790 sicque
2801 5704 2966 5790 intra,
2996 5695 3539 5790 tom.rlll,1lolc‘o:it...
3565 5695 3674 5790 lt-‘g.

408 5785 519 5861 Sed
549 5779 771 5861 praestat
802 5779 961 5861 lectio
989 5779 1278 5861 περιτομῇ.
1342 5781 1385 5812 ³⁸
1409 5781 1612 5861 σπέρμ.
1651 5779 2074 5861 lnl'ra'Ll._c."est
2106 5780 2320 5861 γένους,
2347 5779 2669 5861 Ῑιιιιιιι-ςορ..
2691 5779 2822 5861 lect.

2921 5771 2966 5804 ta
2984 5771 3106 5838 φυλ.
3137 5770 3176 5838 Β
3215 5766 3370 5838 addit
3394 5764 3672 5838 Βενιαμξν,

412 5835 519 5912 §éJ
538 5835 767 5924 Sanan?
784 5835 987 5910 additis
1019 5835 1118 5925 pro
1150 5835 1307 5923 sig'no
1337 5835 1720 5908 correctionis.
1799 5835 1841 5883 ⁵⁵
1885 5852 1948 5904 ἐκ
1971 5851 2085 5920 τῆς,
2208 5866 2258 5902 τ.
2279 5835 2364 5902 ’λδ
2379 5847 2589 5903 Similia
2625 5845 2738 5902 vid.
2778 5843 2936 5908 infra,
2967 5835 3098 5895 tom.
3133 5837 3222 5904 Ill,
3256 5835 3322 5892 ad
3359 5835 3534 5890 locum
3567 5835 3662 5888 cit.
