4070 6458
419 427 554 494 1251

1407 417 1887 480 THEODORET]
1922 415 2260 476 EPISCOPI
2287 415 2650 476 CYRENSIS

3533 412 3668 477 1252

422 537 768 609 progreditur
801 553 815 592 :
842 554 861 587 ι
891 532 1153 588 Hebraeus
1185 545 1252 584 ex
1277 528 1574 585 Hebraeis.»
1604 526 1821 582 Hebraei
1845 529 1992 582 enim

2116 523 2292 594 ροράν,
2328 524 2404 588 ὡς
2430 526 2494 578 ἐκ
2519 525 2623 594 τῆς
2656 523 3202 596 προμνηστευθείσης
3234 526 3330 580 καὶ
3353 524 3494 595 ἄγαν
3527 516 3662 596 ἀγα-

421 633 490 684 ab
524 630 739 684 llebero
769 625 1022 698 appellati
1050 629 1204 679 sunt.
1237 621 1382 686 Quin
1448 621 1612 675 etiam
1664 619 1994 675 honestissi—

423 739 521 776 mae
553 729 734 784 sectae,
760 719 956 788 inquit,
987 715 1096 769 fui:
1122 713 1454 769 «secundum
1478 712 1652 780 legem
1674 709 1821 764 enim
1851 707 1996 762 Pha-

422 813 680 869 ristcusl.
714 811 939 881 nNeque
984 809 1162 864 solum
1222 822 1427 861 nomen
1476 803 1693 875 pietatis
1739 798 1997 865 obtinui,

421 906 515 959 sed
537 906 701 959 etiam
733 919 793 958 re
838 902 1024 957 ornari
1075 899 1246 955 alacri
1273 898 1460 952 animo
1491 895 1776 952 studebam
1805 911 1819 947 :
1850 912 1869 943 ‹
1902 891 2004 945 Se-

421 998 659 1051 cundum
719 996 893 1049 zelum
945 994 1090 1048 enim
1131 1005 1510 1062 persequens,
1562 987 1766 1055 inquit,
1818 983 2004 1038 Eccle-

421 1086 634 1139 siamm.
667 1103 685 1136 ι
724 1082 801 1136 Ita
831 1083 1119 1145 omnibus,
1152 1082 1221 1136 de
1255 1079 1456 1150 quibus
1480 1075 1826 1148 gloriandum
1861 1071 2008 1127 vide-

421 1187 593 1237 retur,
617 1174 915 1237 enarratis,
953 1172 1198 1243 adjecit:
1239 1189 1258 1222 ι
1289 1168 1396 1224 Sed
1429 1185 1549 1239 quae
1593 1167 1726 1221 mihi
1779 1164 2004 1220 fuerunt

422 1276 599 1333 lucra,
637 1270 754 1323 Isaac
781 1270 1083 1322 arbitratus
1115 1282 1234 1322 sum
1270 1271 1491 1334 propter
1511 1260 1796 1314 Christum
1835 1255 2005 1310 detri-

423 1371 667 1415 mentum
714 1379 728 1414 :
778 1369 832 1413 et
872 1360 1114 1412 arbitror
1177 1357 1362 1411 omnia
1423 1361 1676 1408 stercora
1733 1363 1877 1413 esse,
1941 1351 2006 1400 ut

423 1453 706 1506 Christum
735 1449 1146 1503 htcrifaciam".
1194 1466 1211 1498 ι
1247 1445 1352 1500 Sed
1383 1459 1505 1513 quze
1555 1443 1752 1496 beatus
1797 1438 2006 1492 Paulus

424 1544 798 1596 detrimentum
827 1548 879 1595 ct
905 1552 1141 1593 stercora
1184 1537 1500 1607 appellavit,
1539 1549 1662 1588 cum
1696 1528 2008 1600 spirituali-

428 1637 531 1689 bus
582 1635 806 1696 collata,
850 1631 961 1684 haec
1019 1629 1470 1698 sapientissimus
1524 1623 1888 1694 Apolinarius
1938 1621 2008 1675 ab

2098 614 2366 685 πηθείσης
2401 614 2728 686 βλαστήσας.
2772 614 3051 668 Ἐντεῦθεν
3077 616 3169 668 ἐπὶ
3189 615 3288 684 τὴν
3311 617 3673 689 ἀρχαιοτέραν

2099 705 2380 759 ἀναϐαίνει
2442 705 2596 776 ῥίζαν
2652 707 2753 771 τὸ,
2814 725 2832 756 ι
2896 705 3146 777 Ἑϐραῖος
3195 707 3254 772 ἐξ
3320 707 3608 778 Ἐϐραίων.
3646 727 3668 761 ι

2111 795 2353 867 Ἑϐραῖοι
2383 795 2492 867 γὰρ
2515 798 2580 849 ἐκ
2604 796 2698 850 τοῦ
2733 797 2891 870 Ἐϐἐρ
2925 796 3467 868 προσηγορεύθησαν.
3512 801 3674 854 Ἀλλὰ

2113 889 2209 942 καὶ
2249 889 2533 960 αἱρέσεως,
2590 889 2753 960 φησὶ,
2802 888 3098 959 καλλίστης
3145 891 3447 961 ἐγενόμην,
3488 894 3676 948 «κατά

2101 986 2265 1054 νόμον
2295 982 2403 1052 γάρ
2449 983 2760 1052 Φαρισαῖος.
2803 999 2821 1032 ι
2867 979 2984 1035 Οὐκ
3033 981 3201 1050 ὄνομα
3232 981 3288 1034 δέ
3329 982 3487 1052 μόνον
3530 981 3676 1055 εῐχον

2101 1075 2405 1139 εὐσεϐείας,
2445 1073 2580 1128 ἀλλά
2609 1074 2702 1126 καὶ
2730 1072 2809 1143 τῷ
2838 1073 3123 1144 πράγματι
3149 1073 3469 1143 κοσμεῖσθαι
3504 1079 3676 1146 πρού-

2103 1166 2390 1236 θυμούμην
2415 1181 2459 1215 ⁸(
2488 1164 2640 1217 Κατά
2667 1161 2827 1232 ζῆλον
2858 1163 2986 1233 γὰρ,
3015 1164 3169 1234 φησὶ,
3185 1163 3395 1218 διώκων
3416 1168 3514 1238 τὴν
3549 1169 3679 1222 Ἐκ-

2105 1257 2334 1329 κλησίαν
2354 1257 2418 1310 ³⁵.
2443 1275 2460 1306 ι
2488 1255 2672 1317 Οὕτως
2691 1255 2905 1308 ἅπαντα
2921 1255 2989 1308 τὰ
3007 1255 3267 1309 δοκοῦντα
3291 1258 3464 1327 σεμνά
3486 1259 3679 1329 διηγη-

2105 1353 2359 1423 σάμενος,
2418 1352 2692 1419 ἐπήγαγεν
2786 1366 2804 1397 ι
2859 1347 2997 1400 Ἀλλ’
3029 1341 3187 1402 ἅτινα
3237 1344 3306 1420 ἦν
3361 1366 3450 1420 μοι
3485 1352 3674 1422 κέρδη,

2103 1446 2279 1499 ταῦτα
2307 1445 2518 1513 ἥγημαι
2546 1440 2633 1494 διὰ
2664 1439 2897 1510 Χριστὸν
2921 1440 2964 1471 ³⁵
2997 1439 3220 1510 ζημίαν,
3247 1442 3342 1495 καὶ
3367 1441 3607 1512 ἠγοῦμαι
3629 1444 3674 1474 ιν

2105 1538 2284 1590 πάντα
2307 1532 2353 1564 ³⁸
2389 1531 2630 1586 σκύϐαλα
2685 1525 2849 1594 εἶναι,
2904 1531 2991 1584 ἵνα
3035 1531 3269 1601 Χριστὸν
3321 1532 3590 1602 κερδήσω.
3652 1553 3670 1583 ι

2119 1629 2259 1681 Ἀλλ’
2288 1628 2424 1697 ὅπερ
2455 1629 2482 1678 ὁ
2515 1626 2785 1696 μακάριος
2817 1623 3024 1687 Παῦλος
3064 1624 3266 1695 ζημίαν
3300 1627 3394 1679 καὶ
3431 1627 3680 1682 σκύϐαλα

429 1723 783 1778 Ειὶιιιιιιιαξίε
829 1721 1180 1788 praedicatum
1239 1720 1327 1781 iri,
1375 1729 1430 1770 ct
1489 1718 1558 1771 ab
1611 1716 1732 1784 ipso
1785 1712 2008 1768 Christo

2116 1719 2535 1791 προσηγόρευσε,
2554 1719 2664 1780 τοῖς
2688 1719 3073 1787 πνευματικοῖς
3091 1717 3489 1788 παρεξετάσας,
3505 1719 3679 1773 ταῦτα

430 1817 660 1870 Domino
722 1810 1094 1868 conﬁrmanda
1141 1811 1258 1863 fore
1316 1808 1476 1862 dixit.
1535 1807 1656 1872 Qua
1703 1806 1770 1860 de
1835 1817 2004 1858 causa

2116 1816 2136 1867 δ
2170 1811 2478 1880 σοφώτατος
2521 1811 2894 1880 Ἀπολινάριος
2920 1810 3023 1863 ὑπὸ
3055 1809 3154 1878 μὲν
3197 1810 3377 1862 Ἠλιοῦ
3405 1811 3683 1882 κηρυχθή-

427 1917 633 1969 autem,
662 1906 814 1959 dicat
849 1905 962 1966 ille,
989 1903 1058 1956 iis
1083 1902 1175 1972 qui
1209 1919 1239 1955 c
1267 1899 1470 1954 ludatis
1497 1907 1678 1961 erunt,
1711 1911 2008 1951 conversa-

2116 1905 2301 1959 σεσθαι
2343 1905 2452 1968 τοῖς
2485 1902 2780 1968 Ἰουδαίοις,
2832 1902 2922 1954 ὑπ’
2959 1901 3121 1954 αὐτοῦ
3168 1899 3223 1953 δέ
3268 1900 3361 1954 τοῦ
3407 1901 3680 1955 Δεσπότου

425 2001 629 2052 tionem
660 1997 815 2050 dabit
841 1995 1144 2049 secundmn
1185 1993 1380 2062 legem,
1415 1994 1574 2060 quasi
1607 1990 1742 2045 ﬁdes
1773 1989 2008 2043 salutem

2116 1998 2344 2070 Χριστοῦ
2382 1994 2844 2067 βεϐαιωθήσεσθαι
2872 1994 2996 2066 ἔφη.
3022 1995 3086 2046 Τί
3114 1993 3312 2065 δήποτε
3341 1994 3418 2055 δὲ.
3448 1995 3679 2059 είπάτω,

427 2091 561 2143 dare
587 2087 941 2156 nequeat?et
973 2101 1074 2139 cur
1107 2084 1250 2137 hanc
1292 2085 1448 2138 nobis
1478 2084 1733 2137 omnibus
1758 2083 2011 2152 gentibus

2116 2095 2220 2156 τοῖς
2267 2091 2325 2158 ἐξ
2357 2089 2624 2143 Ἰουδαίων
2667 2088 2764 2159 τὴν
2794 2087 2936 2141 κατὰ
2979 2088 3142 2157 νόμον
3186 2087 3345 2140 δώσει
3381 2086 3681 2152 πολιτείαν,

432 2179 682 2244 tradidit,
723 2187 782 2232 ut
812 2179 949 2248 ipsis
1001 2175 1302 2247 perfectam
1343 2176 1583 2244 praebeat
1634 2173 1904 2230 salutem?
1951 2171 2011 2226 Si

432 2285 615 2325 autetn
648 2279 706 2324 ut
740 2269 846 2323 ﬁde
882 2267 1188 2323 sufﬁciente
1229 2267 1294 2321 ad
1361 2267 1597 2321 salutem
1655 2264 2010 2330 aﬁ'erendam,

426 2374 486 2419 et
513 2363 924 2419 conciliandum
973 2361 1134 2414 nobis
1161 2374 1386 2430 regnum
1417 2358 1708 2423 cmlorum,
1744 2357 1879 2427 legis
1910 2355 2009 2410 ob-

429 2455 801 2510 servationem
832 2452 1140 2522 abrogavit,
1172 2465 1279 2520 qua
1312 2449 1381 2503 de
1414 2463 1583 2504 causa
1636 2448 1835 2518 legem,
1890 2461 2013 2516 quae

427 2547 641 2599 salvum
674 2545 891 2598 facere'
924 2543 1138 2613 nequit,
1171 2555 1369 2595 rursus
1411 2538 1616 2595 Iuda-is
1668 2537 2015 2595 constituet?

311 2701 316 2705 _
430 2636 566 2689 Nam
595 2635 830 2705 plurima
864 2634 1036 2703 ipsius
1078 2634 1262 2703 (legis)
1313 2633 1518 2686 nullam
1573 2629 1774 2684 afferre
1823 2629 2012 2683 obser-

431 2727 692 2780 vantibus
718 2725 1010 2794 justitiam,
1070 2723 1188 2794 ipse
1246 2722 1460 2794 1049
1516 2720 1662 2775 Deus
1706 2736 1804 2788 per
1865 2719 2014 2772 hunc

428 2820 750 2890 prophetam
787 2832 889 2871 nos
928 2815 1138 2871 docuit.
1171 2834 1188 2866 ι
1229 2815 1360 2869 Dedi
1403 2815 1551 2870 enim
1610 2813 1769 2881 ipsis,
1811 2811 2009 2880 inquit,

431 2919 706 2982 praecepta
728 2925 838 2964 non
862 2910 1032 2974 bona,
1064 2919 1117 2963 et
1143 2907 1576 2977 justificationes
1599 2904 1654 2957 in
1680 2902 1883 2972 quibus
1905 2915 2013 2954 non

431 3007 674 3059 vivent°.
717 3022 735 3054 ι
772 3001 1058 3069 Quomodo
1091 3001 1262 3070 igitur
1287 3013 1399 3053 non
1458 2997 1627 3060 bona,
1676 3008 1908 3065 quaeque
1928 2993 2014 3047 vi-

429 3109 542 3150 tam
588 3094 831 3164 praebere
888 3101 1192 3164 nequeant,
1239 3089 1446 3145 Judaeis
1497 3103 1702 3143 rursus
1747 3087 2013 3155 imponet,

2111 2184 2186 2247 ὡς
2215 2184 2313 2253 τῆς
2343 2183 2578 2244 πίστεως
2613 2181 2673 2234 ού
2704 2180 3009 2250 δυναμένης
3039 2179 3221 2232 δοῦναι
3255 2179 3349 2250 τὴν
3372 2179 3682 2250 σωτηρίαν;

2113 2277 2223 2329 Kal
2275 2275 2414 2336 τίνος
2461 2275 2647 2326 ’ἐνεκεν
2698 2271 2793 2325 καὶ
2839 2271 3043 2340 ταύτην
3078 2273 3242 2324 πᾶσιν
3271 2273 3406 2341 ἡμῖν
3441 2271 3685 2342 παρέσχε

2111 2369 2222 2428 τοῖς
2252 2364 2480 2426 ἔθνεσιν,
2514 2363 2579 2414 ἵν’
2619 2361 2801 2424 αὐτοῖς
2831 2359 3042 2413 τελείαν
3079 2359 3337 2432 παράσχῃ
3377 2361 3476 2430 τὴν
3519 2377 3690 2432 σωτη-

2117 2456 2272 2526 ρίαν;
2307 2455 2368 2508 Εἰ
2415 2455 2473 2508 δὲ
2503 2452 2579 2515 ὡς
2621 2451 2722 2520 τῆς
2767 2449 3002 2514 πίστεως
3041 2448 3317 2520 ἀρκούσης
3363 2451 3457 2502 καὶ
3487 2449 3687 2515 σῶσαι,

2113 2548 2211 2601 καὶ
2241 2546 2348 2600 τῶν
2382 2543 2624 2615 οὐρανῶν
2653 2543 2983 2614 προξενῆσαι
3010 2541 3110 2612 τὴν
3140 2540 3440 2611 βασιλείαν,
3461 2541 3560 2612 τὴν
3589 2540 3688 2594 τοῦ

2113 2639 2278 2707 νόμου
2331 2637 2648 2689 κατέπαυσε
2697 2633 2966 2703 φυλακὴν,
3000 2631 3144 2695 τίνος
3201 2634 3360 2703 χάριν
3391 2630 3482 2684 τὸν
3513 2631 3689 2684 σῶσαι

2119 2728 2193 2799 μὴ
2214 2727 2510 2796 δυνάμενον
2539 2725 2702 2794 νόμον
2723 2725 2886 2778 πάλιν
2916 2723 3199 2791 ἐπιστήσει
3227 2726 3337 2785 τοῖς
3379 2722 3688 2788 Ἰουδαίοιςς

2117 2818 2238 2869 Ὀτι
2273 2816 2382 2884 γὰρ
2421 2814 2583 2867 αὑτοῦ
2625 2815 2694 2868 τὰ
2739 2815 2968 2867 πλεῖστα
3017 2813 3273 2883 οὐδεμίαν
3324 2815 3438 2876 τοῖς
3485 2814 3692 2883 φυλάτ-

2114 2923 2267 2960 τουσι
2308 2903 2654 2974 δικαιοσύνην
2691 2903 2940 2975 παρέχει,
2978 2905 3139 2968 αὐτὸς
3170 2906 3198 2957 ὁ
3231 2903 3363 2967 Θεὸς
3399 2904 3488 2959 διὰ
3531 2904 3696 2961 τοῦδε

2116 2999 2260 3068 ἡμᾶς
2303 2995 2503 3060 ἐδίδαξε
2540 2996 2640 3048 τοῦ
2670 2998 2945 3067 προφήτου
2968 3012 2980 3024 ·
3027 3015 3046 3048 ι
3091 2996 3306 3050 Ἔδωκσ
3332 2997 3460 3067 γὰρ,
3499 2999 3692 3068 φησὶν,

2117 3091 2301 3153 αὐτοῖς
2336 3088 2736 3161 προστάγματα
2767 3089 2829 3141 οὐ
2875 3088 3036 3152 καλὰ,
3091 3089 3185 3142 καὶ
3237 3089 3582 3160 δικαιώματα
3632 3091 3695 3142 ἐν

428 3203 558 3241 cum
592 3201 688 3242 eos
732 3187 946 3241 salvare
993 3183 1146 3247 velit,
1207 3189 1264 3236 et
1319 3195 1434 3236 non
1481 3178 1750 3249 perdere?
1800 3175 1868 3230 Et.
1906 3175 2011 3230 alia

2117 3176 2197 3246 οἷς
2225 3183 2285 3235 οὐ
2319 3181 2571 3253 ζήσονται
2610 3181 2668 3233 ἐν
2698 3181 2904 3244 αὐτοῖς.
2941 3200 2958 3234 ι
3000 3181 3122 3244 Πῶς
3145 3182 3320 3234 τοίνυν
3340 3180 3408 3234 τά
3436 3181 3497 3233 οὐ
3526 3181 3691 3246 καλά,

430 3292 652 3347 quoque
687 3275 899 3328 ratione
927 3272 1088 3326 facile
1117 3277 1203 3325 est
1231 3271 1349 3324 haec
1395 3267 1772 3337 exspectantis
1822 3281 2013 3320 amen-

428 3369 563 3422 tiam
595 3379 955 3436 cognoscere.
992 3361 1050 3416 Si
1083 3361 1234 3417 enim
1279 3375 1371 3416 res
1417 3357 1734 3414 Iudaeorum
1792 3365 2014 3412 nostra-

432 3473 552 3510 rum
585 3471 770 3511 rerum
800 3456 978 3524 ﬁgura
1009 3452 1186 3516 fuere,
1218 3451 1362 3520 quod
1400 3451 1519 3521 ipse
1547 3450 1866 3516 conﬁtetur,
1918 3464 2016 3504 ne-

428 3563 540 3618 que
573 3555 870 3617 repugnat,
910 3545 1131 3598 ubinam
1162 3543 1424 3598 anniculo
1449 3557 1594 3613 agno
1614 3558 1754 3612 opus
1785 3551 1869 3599 est
1890 3550 2016 3612 post

433 3635 777 3691 immaculati
832 3634 1121 3705 agni,qui
1178 3633 1404 3690 sustulit
1467 3633 2013 3704 peccatum-mundi,

431 3728 805 3784 sacriﬁcium?
837 3737 892 3782 et
923 3742 1046 3796 quae
1075 3742 1403 3797 azymorum
1437 3727 1652 3782 utilitas
1695 3733 1822 3796 post
1853 3726 2017 3781 C(ele-

432 3830 574 3874 stem
606 3819 944 3888 panem?vel
990 3818 1281 3873 Paschatis
1318 3817 1483 3887 typici
1523 3827 1647 3886 post
1695 3817 2017 3888 spirituale?

435 3909 543 3964 Sed
571 3923 749 3978 neque
783 3908 1030 3964 divinum
1086 3907 1412 3980 Apostolum
1450 3907 1645 3973 audit,
1698 3907 1968 3962 dicentem
1998 3923 2012 3961 :

438 4019 460 4053 ι
483 3999 767 4054 Feriemur
796 3999 983 4070 itaque
1001 4012 1111 4053 non
1143 3996 1198 4052 in
1223 3995 1497 4052 fermento
1526 3997 1722 4063 veteri,
1752 4012 1934 4068 neque
1959 3997 2014 4051 in

435 4091 706 4147 fermento
739 4092 960 4146 malitiae
988 4097 1044 4146 et
1077 4089 1366 4160 nequitiae,
1396 4089 1492 4146 sed
1543 4090 1599 4144 in
1643 4091 1850 4163 azymis
1899 4090 2016 4144 sin-

432 4181 678 4236 ceritatis
709 4189 764 4237 et
798 4182 1054 4238 veritatis
1070 4191 1119 4236 P.
1144 4211 1215 4222 ——
1242 4179 1459 4236 Etenim
1495 4181 1700 4251 pascha
1750 4191 2007 4238 nostrum

433 4287 534 4342 pro
561 4271 727 4327 nobis
757 4272 1076 4327 immolatus
1099 4279 1185 4327 est
1212 4271 1543 4327 Christusqz
1573 4291 1592 4324 ›
1624 4287 1802 4343 neque
1830 4272 2016 4328 Domi-

433 4378 564 4416 num
598 4362 904 4433 discipulos
936 4379 1072 4418 suos
1107 4363 1433 4428 docentem,
1473 4379 1602 4419 cum
1636 4364 1771 4420 dicit
1804 4383 1818 4419 :
1851 4384 1868 4417 ι
1902 4364 2016 4419 Hoc

431 4464 519 4510 est
545 4468 752 4525 corpus
783 4470 990 4520 meum,
1025 4455 1172 4526 quod
1206 4470 1307 4526 pro
1356 4455 1518 4511 vobis
1563 4455 1859 4527 frangitur,
1912 4457 2016 4510 hoc

2123 3275 2215 3328 καὶ
2243 3274 2388 3344 ζωὴν
2410 3273 2670 3345 παρέχειν
2693 3276 2754 3326 οὺ
2776 3273 3068 3342 δυνάμενα,
3108 3273 3271 3326 πάλιν
3301 3272 3551 3344 ἐπιθήσει
3579 3275 3694 3336 τοῖς

2122 3364 2398 3426 Ἰουδαίοις
2419 3403 2436 3429 ,
2469 3363 2642 3417 σῶσαι
2671 3363 2888 3428 αὐτοὺς,
2924 3363 3038 3417 ἀλλ’
3068 3363 3168 3415 οὐκ
3200 3363 3461 3416 ἀπολέσαι
3508 3363 3695 3433 βουλό-

2126 3473 2316 3527 μενος;
2370 3455 2480 3510 Καὶ
2511 3453 2776 3526 ἑτέρωθεν
2809 3455 2864 3507 δέ
2893 3455 3076 3525 ῥᾴδιον
3113 3453 3343 3508 συνιδεῖν
3387 3453 3481 3507 τοῦ
3518 3453 3696 3507 ταῦτα

2123 3547 2528 3619 προσδοκῶντος
2556 3547 2656 3619 τὴν
2683 3548 2890 3602 ἄνοιαν.
2922 3545 2985 3598 Εἰ
3013 3546 3120 3617 γὰρ
3141 3546 3209 3600 τὰ
3229 3547 3499 3601 Ἰουδαίων
3526 3548 3700 3612 τύπος

2122 3641 2228 3693 τῶν
2253 3640 2539 3710 ἡμετέρων
2559 3658 2572 3670 ο
2601 3637 2951 3709 συνομολογεί
2981 3638 3087 3708 γὰρ
3122 3638 3300 3704 τοῦτο,
3335 3640 3431 3693 καὶ
3456 3641 3558 3693 οὐκ
3589 3642 3691 3694 ἀν-

2122 3731 2357 3800 τιλέγειο
2397 3729 2501 3784 ποῦ
2543 3730 2700 3802 χρεία
2747 3729 2841 3783 τοῦ
2872 3730 3207 3784 ἐνιαυσιαίου
3242 3731 3517 3802 προϐάτου
3555 3733 3697 3803 μετά

2120 3823 2220 3894 τὴν
2266 3822 2455 3876 θυσίαν
2499 3819 2595 3874 τοῦ
2649 3820 2880 3891 ἀμώμου
2930 3820 3124 3892 ἀμνοῦ,
3173 3821 3268 3875 τοῦ
3319 3823 3550 3894 ἄραντος
3595 3825 3700 3895 τὴν

2123 3917 2397 3988 ἁμαρτίαν
2437 3915 2531 3969 τοῦ
2559 3915 2803 3984 κόσμου;
2834 3913 2993 3966 Ποῖον
3020 3913 3077 3966 δὲ
3106 3913 3216 3968 τῶν
3253 3913 3479 3986 ἀζύμων
3503 3917 3699 3987 ὄφελος

2127 4009 2263 4081 μετά
2292 4008 2380 4063 τὸν
2419 4009 2742 4079 ἐπουράνιον
2763 4008 2949 4080 ἄρτον,
2978 4007 3011 4077 ἢ
3044 4006 3228 4077 πάσχα
3257 4008 3490 4062 τυπικοῦ
3555 4011 3700 4079 μετὰ

2123 4102 2182 4156 τὸ
2231 4101 2639 4171 πνευματικόν;
2684 4099 2824 4152 Ἀλλ’
2859 4097 2984 4152 οὔτε
3033 4101 3130 4151 τοῦ
3175 4098 3317 4152 θείου
3366 4101 3697 4155 ’Δποστόλου

2123 4191 2310 4246 ἀκούει
2344 4192 2626 4258 λέγοντος·
2678 4210 2696 4241 ι
2736 4190 2900 4242 Ὥστε
2941 4189 3308 4260 ἑορτάζωμεν,
3349 4190 3425 4262 μὴ
3458 4192 3515 4246 ἐν
3545 4192 3698 4266 ζύμῃ

2122 4283 2353 4354 παλαιᾷ,
2391 4283 2525 4352 μηδέ
2557 4283 2614 4335 ἐν
2646 4281 2794 4354 ζύμῃ
2825 4280 3024 4343 κακίας
3053 4281 3147 4334 καὶ
3175 4282 3460 4352 πονηρίας,
3493 4283 3609 4336 ἀλλ’
3636 4287 3700 4336 ἐν

2123 4369 2352 4440 ἀζύμοις
2412 4369 2762 4440 είλικρινείας
2815 4370 2908 4422 καὶ
2989 4367 3264 4438 ἀληθείας.
3310 4371 3420 4424 Καὶ
3472 4371 3582 4442 γὰρ
3633 4373 3700 4426 τὸ

2124 4460 2312 4530 Πάσχα
2345 4459 2503 4529 ήμῶν
2537 4459 2678 4530 ὑπὲρ
2706 4459 2864 4528 ἡμῶν
2891 4458 3054 4530 ἐτύθη
3092 4460 3326 4530 Χριαός
3347 4479 3360 4492 ·
3402 4481 3420 4513 ι
3452 4463 3573 4517 οὕτε
3600 4466 3700 4519 τοῦ

434 4543 595 4599 facile
627 4545 681 4599 in
723 4560 897 4599 meam
932 4547 1546 4602 commemorationem.
1573 4565 1591 4597 ι
1620 4546 1724 4601 Et:
1758 4565 1777 4598 ι
1804 4545 1906 4602 Hic
1933 4555 2011 4602 est

2121 4552 2348 4621 Κυρίου,
2391 4551 2517 4612 τοὺς
2546 4550 2742 4603 ἐαυτοῦ
2775 4550 3116 4612 διδάσκοντος
3149 4552 3419 4623 μαθητάς,
3465 4556 3558 4610 καὶ
3605 4557 3702 4611 λέ-

431 4635 658 4705 sanguis
691 4651 866 4700 meus,
903 4637 996 4706 qui
1033 4652 1134 4707 pro
1159 4637 1317 4693 vobis
1337 4637 1638 4693 eﬂ'unditur
1660 4641 1714 4693 in
1737 4638 2017 4693 remissio-

433 4738 559 4777 nem
587 4731 965 4792 peccatorum,
1001 4725 1107 4780 hoc
1135 4723 1306 4781 facite
1335 4728 1390 4782 in
1423 4741 1598 4782 meam
1623 4741 2020 4783 commemora-

434 4812 640 4868 tionem
670 4824 752 4868 τ.»
789 4815 853 4868 Et
873 4816 1030 4884 alibi,
1053 4833 1178 4872 cum
1203 4818 1439 4874 dixisset
1467 4815 1712 4873 Judaeis'
1743 4837 1789 4873 τι
1825 4818 2018 4873 Patres

437 4903 604 4958 vestri
635 4905 1116 4962 manducaverunt
1145 4923 1354 4964 manna
1394 4910 1448 4963 in
1482 4907 1703 4964 deserto
1729 4951 1744 4974 ,
1781 4921 1838 4964 et
1867 4924 2016 4962 mor-

435 4993 513 5046 tui
564 5002 716 5062 snnt,
753 5015 771 5047 ι
809 4997 1054 5064 adjecit:
1097 5018 1116 5051 ι
1148 4999 1250 5053 Hic
1293 5006 1379 5055 est
1429 4999 1592 5069 panis
1641 4999 1804 5064 vitae,
1851 5007 1912 5052 ut
1970 4999 2017 5054 si

435 5085 560 5152 quis
589 5101 655 5139 ex
695 5086 814 5156 ipso
875 5090 1320 5155 manducaverit,
1356 5105 1467 5144 non
1527 5089 1864 5144 moriatur‘.
1895 5109 1913 5141 ι
1950 5089 2016 5145 Ει

437 5185 496 5231 ιιι
524 5177 630 5231 alia
666 5195 787 5249 quae
842 5183 1056 5239 inﬁnita
1113 5190 1263 5250 sunt,
1299 5185 1547 5237 omittam
1572 5225 1588 5251 ,
1627 5184 1930 5239 etiamnum
1963 5186 2017 5239 in

511 5335 792 5409 ‘Rhilipp.
820 5357 902 5408 ιιι,
925 5343 979 5397 5.
1057 5353 1096 5382 ιη
1126 5341 1262 5396 ibid.
1297 5341 1351 5397 6.

437 5405 630 5476 2-6-28;
653 5408 674 5462 1
704 5405 833 5467 Cor.
873 5405 953 5476 xu,
980 5411 1072 5478 at,
1096 5412 1188 5465 es.

1429 5351 1456 5378 ιι
1487 5341 1622 5396 ibid.
1651 5343 1716 5417 -ἶ,
1745 5341 1820 5417 8.7
1869 5343 2143 5417 fﬁzech.
2183 5362 2275 5412 xx,
2306 5346 2398 5401 25.
2476 5357 2502 5396 1)
2527 5347 2544 5402 l
2571 5347 2696 5404 Cor.
2724 5365 2778 5417 v,
2806 5348 2861 5404 8.
2903 5359 2930 5399 ιι
2963 5350 3095 5406 ibid.
3139 5351 3194 5408 7.

1283 5420 1305 5447 ³
1333 5411 1496 5468 Joan.
1529 5426 1604 5477 vr,
1640 5412 1728 5466 49.
1811 5416 1830 5448 ι
1868 5411 2000 5466 ibid.
2029 5413 2117 5468 50.

2125 4657 2341 4709 γοντος’
2397 4663 2414 4693 ι
2464 4641 2634 4694 Τοῦτὸ
2676 4641 2778 4711 μού
2824 4645 2940 4699 ἐστι
2973 4646 3034 4698 τὸ
3072 4646 3251 4715 σῶμα,
3277 4647 3338 4699 τὸ
3374 4647 3515 4719 ὑπὲρ
3544 4649 3702 4718 ὑμῶν

2125 4730 2401 4800 κλώμενον
2421 4746 2435 4759 ’
2474 4729 2632 4783 τοῦτο
2663 4735 2866 4785 ποιεῖτε
2895 4735 2974 4799 είς
3010 4735 3108 4806 τὴν
3138 4737 3276 4807 ἐμὴν
3307 4736 3634 4809 ἀνάμνησιν.
3673 4761 3693 4793 ο

2125 4820 2272 4874 Καί·
2312 4839 2330 4870 ι
2373 4821 2542 4873 Τοῦτό
2571 4823 2672 4891 μού
2702 4823 2815 4876 ἐστι
2853 4825 2913 4878 τὸ
2947 4824 3086 4898 αἷμα
3113 4828 3252 4898 ὑπὲρ
3283 4829 3328 4860 "
3357 4830 3511 4900 ὑμῶν
3542 4831 3704 4902 ἐκχυ-

2123 4911 2345 4979 νόμενον
2370 4913 2446 4976 είς
2478 4913 2670 4982 ἄφεσιν
2702 4915 2987 4986 ἁμαρτιῶν
3013 4936 3025 4949 ·
3053 4920 3213 4973 τοῦτο
3239 4923 3445 4974 ποιεῖτε
3477 4923 3558 4986 είς
3599 4923 3703 4994 τὴν

2124 5002 2266 5072 ἐμὴν
2318 5002 2648 5072 ἀνάμνησιν.
2691 5023 2710 5057 ι
2757 5009 2865 5061 Καὶ
2919 5009 3153 5080 ἀλλαχοῦ
3201 5011 3258 5063 δέ
3303 5009 3542 5083 εἰρηκὼς
3587 5017 3703 5078 τοῖς

2139 5094 2407 5158 Ἰουδαίοις
2428 5111 2440 5123 ·
2482 5114 2501 5146 ι
2537 5097 2599 5149 Οἱ
2640 5099 2874 5170 πατέρες
2909 5101 3064 5171 ὑμῶν
3103 5101 3305 5171 ἔφαγον
3340 5103 3403 5156 τὺ
3434 5104 3611 5172 μάννα
3641 5107 3705 5158 ἐν

2124 5188 2190 5259 τῇ
2217 5188 2432 5258 ἐρήμῳ,
2461 5189 2556 5242 καὶ
2586 5190 2876 5256 ἀπέθανον,
2911 5211 2930 5243 ι
2959 5193 3239 5264 ἐπήγαγεν
3258 5212 3271 5225 ο
3305 5215 3324 5247 ι
3359 5187 3530 5259 Οὗτός
3555 5197 3707 5250 ἐστιν

3277 5363 3298 5391 τ
3320 5351 3512 5410 Matth.
3546 5371 3701 5422 xxvt,

1725 5571 1961 5626 VARIE
1996 5571 2398 5629 LECTIONES.

510 5648 555 5745 ζ’
600 5653 950 5745 Ἐκκλησίαν.
981 5657 1107 5745 Des.
1139 5662 1249 5745 hoc
1276 5664 1396 5720 loco
1421 5666 1631 5745 reliqua
1665 5681 1732 5718 ex
1763 5663 1982 5745 vers._6.
2025 5665 2105 5745 ﬂ”
2143 5667 2244 5745 x9.
2283 5665 2433 5745 Loro
2465 5665 2556 5745 rit.
2575 5681 2770 5745 prtem.
2805 5669 3030 5745 τόκα-³⁷-
3053 5670 3147 5723 καὶ
3179 5670 3438 5745 ἡγοῦμαι,
3473 5691 3526 5727 κ.
3566 5689 3618 5726 τ.
3647 5671 3700 5745 7:.

441 5715 850 5808 ρςῇίιοοοιοοο
882 5743 1005 5799 quae
1037 5731 1154 5788 loco
1182 5735 1301 5804 cit.,
1334 5715 1955 5804 vcrsT-g,‘prteceuuut.
1973 5715 1981 5717 ﬁ
2023 5735 2070 5767 ³⁸
2110 5715 2480 5793 ﬁliisfiliis;
2500 5715 2976 5808 'i'..r'.'-5‘,"ii$n{."tit,
3017 5715 3147 5797 loco
3171 5715 3266 5797 cit.

445 5801 634 5853 praem.
673 5793 753 5844 τό.

3381 5745 3424 5779 ”
3463 5745 3624 5815 ὑπέρ.
3660 5741 3702 5795 Β

3190 5907 3282 5923 1....
