4070 6414
343 372 484 438 1253

1495 364 1574 424 IN
1609 361 2058 423 EZECHIELIS
2088 363 2246 424 CAP.
2279 365 2543 430 XLVIII.

3473 377 3614 444 1254

338 487 368 541 ὁ
393 487 560 558 ἄρτος
578 483 679 554 τῆς
715 482 860 555 ζωῆς
884 483 952 551 ιθ,
985 483 1071 537 ἵνα
1104 499 1187 545 τις
1219 481 1368 551 φάγῃ
1417 479 1474 546 ἐξ
1512 478 1678 533 αὺτοῦ
1717 478 1812 532 καὶ
1849 476 1918 547 μὴ

2030 477 2430 551 Hierosolymis
2465 491 2519 536 et
2551 483 2742 540 crucis
2770 486 2986 557 1050
3010 489 3300 560 templum,
3336 497 3390 545 et
3428 505 3616 546 resur-

340 574 612 646 ἀποθάνῃ.
648 591 667 624 ι
719 573 830 628 Καὶ
858 572 946 626 ἴνα
976 571 1044 625 τά
1069 571 1206 624 ἀλλα
1243 569 1524 623 καταλίπω
1567 568 1734 639 μυρία
1765 568 1913 631 ὄντα,

339 665 421 717 ἔτι
445 664 490 696 ⁸⁸
529 663 623 716 νῦν
656 663 714 716 ἑν
756 663 871 724 τοῖς
912 660 1340 732 Ἱεροσολύμοις,
1377 661 1411 730 ἦ
1454 676 1512 712 τε
1540 658 1635 712 τοῦ
1680 656 1916 727 σταυροῦ

337 756 632 827 ἐκκλησία,
673 754 766 808 καὶ
796 755 830 824 ἡ
874 754 1192 817 ἀνάστασις,
1221 755 1316 807 καὶ
1359 754 1392 822 ή
1441 752 1727 822 ἀνάληψις,
1759 752 1914 820 καὶὴ

336 849 398 901 ὲν
427 850 497 919 τῇ
524 845 663 901 Σιὼν
689 844 975 917 ἐκκλησία,
1004 844 1100 898 καὶ
1124 846 1157 916 ἡ
1187 844 1309 916 ίερά
1337 843 1603 913 Βηθλεὲμ,
1626 844 1719 896 καὶ¹
1741 842 1918 911 ἕτεροι

334 937 395 990 δὲ
442 937 726 1006 εὺκτὴριοι
775 934 930 988 τόποι
984 933 1189 1004 μυρίοι.
1255 931 1362 986 Τοῦ
1427 931 1696 986 Ἰουδαίων
1739 932 1918 985 τοίνυν

335 1026 834 1098 ἀνῳκοδομημένου
867 1024 995 1090 νεὼ,
1022 1025 1345 1097 λυθήσονται
1371 1018 1537 1088 οὗτοι,
1569 1025 1603 1095 ἢ
1639 1024 1734 1078 καὶ
1762 1023 1918 1075 αὐτοὶ

337 1116 566 1190 μενοῦσι
597 1116 933 1188 τιμώμενοι;
981 1115 1327 1187 διαμένοντες
1368 1115 1425 1168 δὲ
1461 1115 1554 1168 ἐπὶ
1595 1116 1693 1184 τῆς
1724 1112 1918 1185 προτέ-

337 1229 443 1280 ρας
492 1210 676 1281 τιμῆς,
711 1208 1108 1280 τιμηθήσονται
1149 1208 1254 1262 ὑπὸ
1294 1208 1588 1272 Ἰουδαίων,
1641 1209 1674 1279 ἢ
1718 1209 1918 1276 ἀτιμα-

337 1303 668 1373 σθήσονται;
723 1300 789 1353 Εί
844 1301 943 1371 μὲν
993 1296 1084 1355 οὖν
1132 1300 1494 1372 ἀτιμάσουσι,
1543 1300 1639 1354 καὶ
1677 1299 1770 1352 ἐπὶ
1816 1297 1919 1368 τῆς

335 1397 616 1469 προτέρας
661 1394 881 1466 μενοῦσι
913 1394 1133 1464 μανίας,
1165 1393 1263 1448 xal.
1291 1395 1443 1448 οὐδὲν
1483 1393 1676 1464 ὄφελος
1717 1394 1782 1447 ἐκ
1807 1392 1918 1447 τῶν

335 1489 436 1542 τοῦ
491 1487 727 1558 μεγάλου
772 1486 952 1540 Ἡλιοῦ
990 1485 1250 1558 λήψονται
1303 1486 1704 1558 κηρυγμάτων
1763 1486 1812 1537 εί
1861 1484 1917 1538 δὲ

335 1581 656 1652 τιμήσουσι,
696 1581 848 1632 ποῖον
878 1578 986 1650 ἄρα
1017 1578 1124 1632 τῶν
1151 1578 1458 1650 εὐκτηρίων
1486 1578 1680 1644 πλέον;
1709 1577 1800 1630 τὸν
1821 1575 1916 1630 τοῦ

341 1670 604 1743 σταυροῦ,
643 1670 677 1741 ἢ
716 1670 818 1739 τῆς
859 1669 1243 1737 ἀναστάσεως,
1284 1671 1316 1741 ἢ
1357 1669 1450 1722 τὸν
1495 1668 1918 1740 οίκοδομηθησό-

342 1780 538 1834 μενον;
591 1763 653 1815 Εί
711 1762 810 1832 μὲν
853 1761 964 1832 γὰρ
1009 1763 1214 1814 ἐκεῖνον
1263 1761 1446 1825 πλέον,
1494 1761 1568 1825 ὡς
1607 1762 1668 1814 οὐ
1706 1761 1917 1814 τελείαν

337 1857 558 1925 ἔχοντες
603 1853 805 1923 γνῶσιν
863 1852 1024 1906 τοῦτο
1074 1856 1391 1924 ποιήσουσιν
1427 1868 1442 1882 ο
1497 1855 1546 1906 εἰ
1593 1852 1650 1905 δὲ
1691 1852 1916 1916 τούτους
1949 1834 1992 1888 Β

338 1941 762 2019 προτιμήσουσι,
811 1948 1040 2020 περιττὴ
1092 1948 1125 2018 ἡ
1171 1947 1379 2000 ἐκείνου
1418 1945 1700 2017 οἰκοδομία
1727 1961 1739 1974 ·
1775 1947 1822 1997 εί
1859 1944 1917 1997 δὲ

336 2039 440 2109 τὴν
475 2039 595 2108 τσην
637 2038 1044 2109 ἀπονεμήσουσι
1092 2037 1262 2108 τιμὴν
1306 2036 1516 2100 τούτοις
1554 2053 1613 2089 τε
1653 2036 1912 2106 κάκείνῳ,

339 2128 691 2198 προσοίσουσι
739 2129 838 2199 μὲν
889 2129 1008 2182 ἐκεῖ
1038 2127 1135 2191 τὰς
1185 2127 1398 2194 θυσίας,
1438 2125 1672 2182 ἐνταῦθα
1716 2125 1771 2178 δὲ
1807 2124 1915 2177 τῶν

340 2216 503 2286 ἱερῶν
537 2216 938 2272 ἀπολαύσονται
973 2216 1316 2288 μυστηρίων.
1369 2217 1478 2271 Καὶ
1531 2216 1646 2279 πῶς
1698 2210 1810 2270 οἷόν
1854 2233 1914 2269 τε

339 2309 438 2361 σὺν
470 2311 584 2372 τοῖς
626 2307 685 2373 ἐξ
730 2306 900 2361 ὲθνῶν
932 2307 1321 2361 πεπιστευκόσι
1365 2307 1472 2359 τῶν
1521 2305 1682 2358 θείων
1717 2306 1915 2369 αὐτοὺς

337 2400 636 2455 ἀπολαύειν
668 2400 1011 2474 μυστηρίων,
1046 2399 1142 2454 τοῦ
1173 2401 1338 2471 νόμου
1377 2399 1477 2468 τὴν
1509 2399 1644 2471 πρὸς
1682 2397 1752 2452 τά
1785 2399 1913 2469 ἔθνη

335 2491 622 2562 ἐπιμιξίαν
648 2491 986 2558 κωλύοντος;
1017 2492 1279 2546 Λείπεται
1318 2491 1517 2556 τοίνυν,
1560 2493 1617 2544 ἐν
1661 2489 1807 2561 αὐτῷ
1835 2489 1914 2560 τῷ

333 2586 453 2657 ναῷ
489 2588 585 2641 καὶ
610 2586 679 2641 τά
703 2587 1056 2656 εὐαγγελικά,
1106 2587 1202 2640 καὶ
1232 2585 1299 2640 τά
1339 2585 1539 2655 νομικά
1575 2584 1914 2656 πληροῦσθαι

335 2682 479 2739 κατά
533 2683 760 2738 ταυτόνο
807 2683 904 2737 καὶ
949 2683 1164 2754 ἀνάγκη
1194 2680 1358 2734 πάλιν
1405 2680 1586 2750 μάχην
1635 2677 1774 2734 εἷναι
1818 2677 1914 2733 καὶ

334 2773 454 2847 ἔριν
474 2815 489 2841 ,
533 2773 693 2846 ήμῶν
737 2773 837 2845 μὲν
871 2773 994 2827 καθ’
1030 2773 1254 2837 ἑαυτοὺς
1287 2769 1735 2841 πολιτευομένων,
1767 2769 1914 2823 ὲκεί-

332 2883 443 2920 νων
467 2865 526 2920 δὲ
551 2866 651 2937 τὴν
678 2867 822 2922 κατὰ
863 2865 953 2920 τὸν
973 2867 1019 2898 ⁸³
1062 2866 1225 2937 νόμον
1254 2866 1511 2939 λατρείαν
1549 2863 1916 2936 προαιρουμέ-

333 2975 465 3012 νων.
509 2957 624 3012 Καὶ
677 2956 794 3020 πῶς
832 2957 1087 3030 ἀληθεύει
1137 2958 1348 3024 Παῦλος
1395 2958 1610 3027 λέγων’
1651 2955 1917 3027 (Χριστός

331 3049 488 3101 ἐστιν
521 3048 555 3118 ὴ
607 3049 797 3120 εἰρήνη
832 3047 1010 3120 ήμῶν,
1044 3050 1072 3102 ὁ
1121 3049 1355 3121 ποιήσας
1397 3050 1468 3102 τά
1515 3048 1801 3118 ἀμφότερα
1833 3045 1912 3110 ἓν,

332 3141 432 3195 καὶ
455 3140 520 3194 τὸ
550 3140 865 3212 μεσότοιχον
892 3139 984 3194 τοῦ
1015 3141 1273 3212 φραγμοῦ
1296 3141 1485 3206 λύσας,
1513 3143 1613 3211 τὴν
1635 3140 1833 3211 ἔχθραν
1855 3141 1913 3193 ὲν
1941 3177 1985 3235 C

331 3231 403 3300 τῇ
436 3229 601 3301 σαρκὶ
627 3230 814 3298 αὑτοῦ,
852 3231 945 3285 τὸν
988 3231 1152 3301 νόμον
1181 3231 1291 3285 τῶν
1319 3231 1546 3286 ἐντολῶν
1577 3234 1636 3285 ὲν
1682 3231 1914 3301 δόγμασι

333 3323 718 3394 καταργήσας,
751 3322 839 3377 ἵνα
872 3324 996 3386 τοὺς
1027 3322 1120 3376 δύο
1153 3323 1338 3396 κτίσῃ,
1362 3323 1630 3388 τουτέστι,
1663 3323 1755 3377 τὸν
1779 3323 1915 3377 ἐθνι-

332 3413 434 3468 κδν
473 3413 570 3466 καὶ
617 3413 710 3467 τὸν
751 3414 1072 3480 Ἰουδαϊκὸν,
1112 3417 1192 3478 είς
1217 3415 1263 3447 ⁸³
1314 3416 1411 3469 ἕνα
1464 3415 1651 3469 καινὸν
1697 3414 1914 3487 ἄνθρω-

335 3522 440 3559 πον
463 3503 531 3572 ⁸⁵,
579 3507 674 3560 καὶ
724 3506 1144 3578 ἀποκαταλλάξῃ
1195 3509 1320 3571 τοὺς
1366 3508 1711 3578 ἀμφοτέρους
1745 3508 1803 3559 ὲν
1836 3507 1916 3560 ἑνὶ

334 3598 612 3668 πνεύματι
654 3599 790 3670 πρὸς
825 3599 915 3652 τὸν
955 3599 1174 3671 Πατέρα
1192 3599 1276 3664 “’;
1315 3619 1332 3650 ι
1368 3600 1479 3653 Καὶ
1512 3599 1702 3654 πάλιν
1747 3619 1766 3652 ι
1803 3601 1918 3654 Οὐκ

332 3690 419 3743 ενι
449 3691 702 3756 Ἰουδαῖός
725 3708 785 3744 τε
805 3692 897 3745 καὶ
922 3693 1123 3762 Ἕλλην
1147 3693 1214 3747 ⁸⁸.
1248 3713 1265 3743 ι
1290 3694 1400 3747 Καὶ
1415 3693 1648 3764 ἀλλαχοῦ
1664 3711 1678 3727 ο
1705 3715 1722 3745 ι
1739 3696 1913 3747 Ὀπου

331 3783 439 3838 οὐκ
459 3782 538 3837 ἔνι
575 3783 826 3847 Ἰουδαῖός
857 3801 916 3837 τε
948 3785 1041 3838 καὶ
1069 3781 1291 3855 Ἕλλην,
1312 3786 1583 3857 περιτομὴ
1615 3788 1710 3838 καὶ
1741 3785 1914 3856 ἀκρο-

334 3873 570 3940 ϐυστία,
603 3875 756 3930 -ἀλλά
776 3875 818 3908 ⁸⁷
853 3877 920 3930 τά
953 3875 1133 3930 πάντα
1172 3877 1266 3930 καὶ
1306 3879 1364 3930 ὲν
1407 3879 1540 3930 πᾶσι
1574 3877 1835 3948 Χριστός.
1890 3895 1908 3928 ι

332 3965 470 4033 Ναὶ,
503 3966 667 4038 φησὶν
694 3968 723 4020 ό
770 3967 1080 4037 σοφώτατος
1098 3969 1164 4033 ⁸⁸,
1210 3969 1305 4022 καὶ
1337 3967 1430 4020 ἐπὶ
1457 3968 1568 4022 τῶν
1601 3968 1912 4022 ἀποστόλων

331 4055 385 4109 οί
440 4056 500 4107 ὲν
553 4055 945 4126 Ἰεροσολύμοις
999 4057 1075 4128 τῷ
1122 4057 1438 4130 κηρύγματι
1489 4059 1917 4122 πεπιστευκότες

342 4139 594 4194 Ἰουδαῖοι
623 4141 720 4213 τὴν
757 4145 898 4197 κατά
930 4146 1093 4216 νόμον
1133 4146 1389 4217 λατρείαν
1435 4147 1734 4215 ἐφύλαττον
1755 4189 1769 4213 ,
1804 4148 1915 4203 τῶν

322 4231 514 4289 ἄλλων
565 4234 903 4306 Ἐκκλησεῶν
952 4237 1056 4302 ἔξω
1103 4236 1198 4291 τοῦ
1244 4238 1410 4310 νόμου
1455 4238 1912 4310 πολιτευομένων.

321 4323 448 4378 Kal.
471 4327 532 4378 οὐ
564 4326 833 4398 συνίησιν,
868 4329 950 4382 ὅτι
976 4332 1042 4400 τῇ
1069 4330 1292 4385 εκείνων
1316 4329 1571 4404 ἀσθενείᾳ
1599 4331 1915 4400 συγκατιόν-
1947 4395 1951 4398 _

323 4433 427 4479 τες
452 4418 502 4472 οἱ
530 4417 663 4487 ίεροὶ
686 4419 976 4490 ἀπόστολοι
1005 4420 1163 4476 τοῦτο
1189 4422 1492 4492 τηνικαῦτα
1516 4422 1762 4492 γίνεσθαι
1783 4438 1914 4476 συν-

2021 571 2212 636 rectio,
2243 580 2299 626 et
2330 573 2384 627 in
2409 575 2610 629 caelum
2633 580 2960 648 assumptio,
2989 589 3040 635 et
3061 583 3324 652 templum
3348 583 3404 638 in
3424 582 3611 645 Sione,

2019 671 2074 716 et
2133 680 2291 719 sacra
2334 666 2611 724 Bethleem
2637 709 2652 733 ,
2680 678 2737 725 et
2769 671 2874 726 alia
2915 673 3138 728 inﬁnita
3170 676 3413 730 oratoria
3463 677 3615 731 exsi-

2020 761 2191 808 stunt.
2214 754 2522 812 lnstaurato
2544 759 2712 830 igitur
2739 760 3052 817 Judaeorum
3075 765 3300 834 templo,
3322 765 3614 821 destruen-

2019 858 2110 904 tur
2143 849 2268 917 ista,
2299 852 2383 906 vel
2423 853 2615 908 eodem
2662 856 2718 910 in
2764 857 2974 913 honore
3025 858 3423 913 habebuntur?
3461 869 3516 915 et
3551 862 3610 916 in

2021 940 2256 1010 pristino
2290 941 2501 998 honore
2530 950 2967 1014 perseverantia,
3007 965 3037 1002 a
3073 948 3282 1006 Iudaeis
3321 951 3606 1012 celentur,

2018 1033 2102 1088 vel
2133 1035 2432 1106 ignominia
2461 1026 2804 1093 adicientur?
2835 1040 2893 1094 Si
2935 1041 3104 1111 igitur
3138 1041 3439 1112 ignominia
3491 1041 3609 1094 alli-

2020 1125 2188 1192 cient,
2228 1128 2361 1182 etin
2395 1129 2628 1197 pristina
2673 1130 2889 1186 insania
2947 1132 3368 1200 permanebunt,
3399 1143 3452 1184 et
3485 1133 3608 1184 nul-

2020 1216 2126 1270 lam
2159 1218 2470 1288 percipient
2501 1220 2798 1276 utilitatem
2823 1236 2890 1276 ex
2928 1222 3115 1290 magni
3168 1222 3300 1275 Eliae
3336 1221 3608 1290 prmdica-

2019 1307 2282 1362 tionibus.
2315 1308 2472 1374 Quod
2518 1311 2562 1364 si
2601 1311 2655 1364 in
2687 1311 2902 1365 honore
2951 1312 3264 1374 habebunt,
3309 1327 3602 1381 quemnam

2019 1401 2289 1456 orationis
2314 1402 2495 1455 locum
2537 1403 2714 1470 magis
2746 1403 3138 1458 :estimabunt?
3174 1418 3242 1456 an
3275 1403 3458 1458 crucis
3480 1446 3494 1468 ,
3521 1405 3605 1457 vel

2021 1491 2492 1547 resurrectionis?
2515 1507 2584 1546 an
2615 1507 2741 1547 eum
2764 1492 2858 1561 qui
2889 1492 3292 1548 instaurandus
3326 1494 3442 1548 est?
3468 1492 3604 1546 Nam

2021 1583 2068 1639 si
2105 1584 2259 1638 illum
2301 1572 2573 1654 amplihs,
2611 1585 2772 1654 quasi
2821 1601 2930 1639 non
2988 1586 3234 1654 perfecta
3287 1586 3607 1655 cognitione

2020 1676 2232 1744 prmditi
2263 1676 2365 1729 hoc
2399 1675 2620 1730 facient.
2674 1674 2831 1740 Quod
2890 1675 2935 1730 si
2993 1676 3107 1729 haec
3158 1678 3604 1746 anteposuerint,

2021 1781 2425 1834 supervacanea
2481 1767 2588 1820 erit
2641 1766 2904 1820 illorum‘
2944 1765 3238 1819 aedificatio
3295 1784 3309 1818 :
3359 1765 3406 1819 si
3473 1780 3606 1820 vero

2021 1857 2284 1925 atqualem
2317 1856 2578 1911 honorem
2609 1856 2855 1912 tribuent
2887 1863 2942 1910 et
2979 1856 3104 1911 istis
3129 1868 3183 1912 et
3216 1857 3320 1922 illi,
3371 1857 3604 1911 offerent

2023 1950 2245 2020 quidem
2269 1949 2344 2004 ibi
2366 1948 2665 2014 sacrificia,
2689 1949 2784 2005 sed
2804 1949 2896 2003 hic
2912 1949 3093 2005 sacris
3119 1949 3397 2020 mysteriis
3416 1949 3604 2004 fruen-

2023 2042 2211 2096 tur.Et
2228 2041 2506 2111 quomodo
2529 2041 2646 2096 fieri
2664 2047 2848 2110 potest
2869 2048 2928 2095 ut
2947 2055 3053 2095 una
3073 2056 3197 2095 cum
3223 2041 3290 2096 iis
3313 2041 3405 2111 qui
3424 2056 3455 2095 e
3473 2055 3605 2109 gen-

2021 2136 2171 2190 tibus
2187 2135 2495 2201 credidere,
2516 2135 2726 2190 divinis
2754 2135 2860 2205 ipsi
2878 2135 3159 2206 mysteriis
3183 2134 3600 2201 fruantur,cum

2020 2227 2105 2281 lex
2169 2226 2418 2295 ipsorum
2473 2225 2868 2280 commercium
2924 2240 3050 2279 cum
3108 2225 3362 2295 gentibus
3407 2223 3602 2293 prohi-

2019 2317 2176 2372 beat?
2203 2316 2494 2386 Reliquum
2531 2317 2702 2387 igitur
2734 2322 2840 2378 est,
2871 2321 2932 2369 ut
2971 2315 3162 2370 eodem
3211 2315 3267 2369 in
3312 2315 3514 2383 templo
3547 2321 3604 2368 et

2015 2409 2334 2479 evangelica
2367 2416 2421 2463 et
2449 2408 2644 2479 legalia
2667 2409 2858 2463 eodem
2903 2419 3151 2478 tempore
3195 2407 3554 2462 absolvantur
3583 2423 3597 2460 :

2017 2513 2082 2552 ac
2113 2513 2311 2554 1⁸111⁵8118
2346 2513 2580 2553 necesse
2606 2505 2710 2563 ρει,
2738 2504 2792 2551 ει
2809 2511 3048 2566 pugnam
3087 2504 3140 2551 61.
3187 2497 3600 2550 contentionem

2016 2588 2380 2652 intercedere,
2417 2588 2581 2644 nobis
2603 2587 2825 2657 quidem
2857 2587 3164 2642 secundum
3197 2587 3344 2656 leges
3380 2594 3601 2641 nostras

2016 2679 2362 2750 degentibus,
2391 2679 2501 2734 illis
2526 2694 2660 2734 vero
2689 2678 2898 2732 cultum
2925 2676 3233 2732 secundum
3270 2677 3443 2748 legem
3469 2691 3603 2746 prae-

2019 2768 2348 2826 ferentibus.
2380 2769 2445 2823 Et
2469 2770 2748 2840 quomodo
2779 2783 2908 2823 vere
2939 2768 3076 2823 dicit
3106 2767 3312 2821 Paulus
3351 2786 3363 2821 :
3395 2787 3412 2818 ι
3441 2766 3603 2820 Chri-

2018 2868 2139 2917 stus
2163 2871 2248 2916 est
2292 2876 2397 2930 pax
2446 2868 2664 2926 nostra,
2720 2857 2813 2929 qui
2870 2857 3000 2912 fecit
3057 2866 3294 2928 utraque
3319 2873 3514 2922 unum,
3546 2864 3602 2910 et

2018 2954 2260 3008 medium
2319 2952 2581 3023 parietem
2639 2953 2893 3006 maceriae
2946 2950 3202 3015 solvens,
3253 2947 3600 3002 inimicitiam

2018 3059 2185 3100 carne
2217 3059 2338 3110 sua,
2388 3045 2559 3115 legem
2594 3044 2986 3098 mandatorum
3020 3042 3265 3097 decretis
3300 3056 3599 3100 evacuaus,

2019 3144 2078 3191 ut
2115 3137 2253 3192 duos
2286 3135 2510 3199 condat,
2557 3134 2668 3188 hoc
2717 3143 2822 3200 est,
2873 3133 3132 3205 gentilem
3172 3141 3225 3187 et
3261 3131 3465 3201 1051
3504 3130 3603 3184 Ju-

2019 3233 2262 3295 datcum,
2300 3231 2352 3284 in
2380 3243 2550 3284 unum
2588 3243 2790 3282 novum
2842 3228 3145 3288 hominem,
3175 3235 3229 3280 et
3279 3224 3603 3279 reconciliet

2017 3325 2210 3379 ambos
2237 3323 2294 3377 in
2328 3337 2441 3389 uno
2469 3322 2671 3391 spiritu
2721 3335 2849 3375 cum
2901 3319 3144 3373 Patre“?
3183 3337 3202 3368 ι
3246 3319 3322 3372 Ac
3362 3331 3598 3370 rursus:

2024 3436 2042 3468 ι
2068 3415 2186 3472 Non
2211 3423 2294 3470 est
2325 3413 2569 3476 Judatus,
2603 3429 2778 3482 neque
2818 3411 3103 3466 GraecusV.
3138 3430 3157 3462 ι
3195 3409 3260 3462 Ει
3291 3409 3400 3462 alio
3428 3409 3549 3460 loco
3581 3424 3596 3461 :

2022 3525 2043 3560 ι
2071 3507 2174 3563 Ubi
2211 3523 2323 3562 non
2353 3515 2436 3564 est
2471 3505 2717 3566 Judaaus.
2756 3520 2934 3574 neque
2958 3503 3203 3566 Graecus,
3243 3501 3601 3556 circumcisio

2015 3610 2070 3656 et
2092 3599 2442 3670 praputium,
2469 3597 2562 3652 sed
2588 3598 2773 3651 omnia
2796 3606 2850 3651 ct
2880 3597 2932 3650 in
2956 3595 3216 3650 omnibus
3235 3593 3594 3649 Christusx?»

2015 3691 2130 3759 Nae,
2167 3692 2347 3762 inquit
2391 3691 2838 3761 sapientissimus
2860 3730 2874 3751 .
2921 3690 3088 3744 etiam
3122 3687 3367 3758 tempore
3393 3703 3458 3743 eo
3492 3701 3602 3757 quo

2017 3785 2252 3854 apostoli
2306 3784 2706 3852 praedicabant,
2741 3783 2834 3851 qui
2877 3782 2931 3835 in
2976 3780 3370 3852 Hierosolymis
3405 3795 3604 3848 praeco-

2018 3877 2111 3930 nio
2140 3875 2430 3930 credidere
2458 3873 2657 3938 Judaei,
2684 3875 2892 3927 cultum
2924 3873 3230 3928 secundum
3287 3873 3460 3940 legem
3500 3873 3600 3927 ob-

2017 3966 2338 4029 servabant,
2381 3965 2504 4018 aliis
2539 3963 2809 4018 Ecclesiis
2845 3975 3001 4017 extra
3061 3963 3197 4032 legis
3245 3964 3452 4016 cultum
3506 3963 3602 4017 de-

2017 4059 2299 4128 gentibus.
2333 4056 2522 4126 Neque
2562 4055 2845 4124 iutelligit,
2898 4069 3087 4108 sacros
3132 4055 3436 4122 apostolos,
3474 4053 3598 4108 illo-

2016 4166 2137 4204 rum
2157 4163 2279 4204 sese
2303 4147 2796 4202 accommodantes
2821 4145 3214 4209 imbecillitati,
3247 4145 3352 4199 hoc
3383 4159 3447 4199 eo
3463 4153 3601 4198 teru-

2016 4254 2150 4312 pore
2184 4239 2300 4294 fieri
2331 4237 2678 4309 permisisse,
2705 4237 2802 4291 sed
2837 4237 2989 4306 ipsos
3039 4235 3211 4292 libere
3259 4235 3438 4306 legem
3487 4248 3599 4288 non

2016 4335 2346 4390 observasse
2401 4344 2614 4400 :quam
2672 4328 2884 4383 violare
2934 4327 3364 4398 haudquaquam
3431 4326 3600 4382 susti-

2018 4428 2295 4494 nuissent,
2329 4424 2374 4481 si
2406 4423 2546 4494 legis
2590 4421 3042 4477 observationem
3081 4419 3458 4475 necessariam
3501 4433 3600 4473 co-

323 4507 644 4579 εχὼρησαν,
692 4499 847 4564 αὐτοὶ
879 4511 935 4563 δὲ
983 4512 1075 4567 τὸν
1126 4513 1289 4584 νόμον
1335 4513 1666 4585 παρέϐαινον
1714 4513 1908 4582 ἀδεῶς,

2017 4518 2361 4590 gnovissent.
2395 4514 2726 4583 Verumipsi
2767 4528 2894 4567 cum
2953 4512 3164 4582 optime
3220 4520 3450 4567 nossent
3500 4525 3601 4565 su-

321 4601 434 4655 οὐκ
469 4599 557 4666 ἂν,
594 4604 754 4672 είπερ
782 4602 976 4673 ᾔδεσαν
1006 4604 1312 4673 ἀναγκαίαν
1344 4605 1439 4660 τοῦ
1467 4605 1634 4677 νόμου
1669 4605 1770 4677 τὴν
1808 4623 1911 4675 φυ-

327 4690 541 4762 λακὴν,
574 4691 933 4763 ἀνασχόμενοι
961 4695 1298 4767 παραϐῆναι.
1322 4696 1465 4749 Ἀλλ’
1499 4697 1655 4750 αὐτοὶ
1689 4697 1810 4767 μὲν,
1839 4697 1916 4760 ὡς

327 4781 540 4847 εἰδότες
561 4784 822 4855 περιττήν
846 4784 945 4856 τὴν
970 4785 1113 4841 κατά
1133 4787 1296 4858 νόμον
1313 4788 1612 4857 πολιτείαν,
1636 4789 1728 4844 τὸν
1746 4789 1914 4858 εὐαγ-

328 4873 554 4944 γελικδν
586 4874 857 4946 μετῄεσαν
889 4877 1030 4947 βίον·
1055 4881 1167 4943 τοῖς
1185 4880 1241 4933 δὲ
1272 4879 1514 4945 ἀσθενῶς
1545 4880 1916 4953 διακειμένοις

323 4967 431 5035 τῆς
465 4965 559 5020 τοῦ
603 4966 772 5038 νόμου
822 4969 1072 5042 φυλακῆς
1117 4970 1497 5044 παρεχώρουν,
1551 4974 1694 5028 κατά
1751 4975 1917 5047 μέρος

2009 4623 2408 4682 pervaeaneam
2453 4621 2579 4663 esse
2636 4605 2940 4660 secundum
2985 4605 3158 4675 legem
3216 4602 3601 4658 conversatio-
3643 4656 3648 4659 .

2009 4718 2158 4768 nem,
2191 4699 2570 4771 evangelicam
2606 4697 2773 4750 vitam
2825 4704 3148 4765 transegere
3176 4713 3190 4749 :
3218 4694 3288 4749 iis
3339 4709 3473 4748 vero
3501 4693 3599 4762 qui

2010 4793 2348 4850 imbecillius
2375 4789 2560 4846 affecti
2602 4799 2764 4844 erant
2819 4788 2957 4858 legis
2985 4786 3436 4841 observationem
3467 4798 3600 4838 con-

2011 4886 2306 4951 cedebant,
2343 4883 2606 4955 paulatim
2651 4898 2747 4938 eos
2811 4880 2877 4934 ad
2921 4878 3251 4950 perfectiora
3311 4877 3595 4932 ducentes.

2009 4977 2088 5032 Ita
2117 4977 2475 5032 Timotheum
2506 4974 2707 5030 beatus
2730 4971 2939 5028 Paulus
2981 4970 3379 5025 circumcisum
3434 4983 3600 5024 evan-

404 5154 432 5182 ιι
461 5141 661 5214 Ephes.
703 5163 763 5212 ιι,
790 5147 974 5204 14-16.
1051 5156 1079 5188 ν
1104 5149 1281 5204 Galat.
1320 5164 1402 5217 ιιι,
1433 5151 1526 5208 28.
1610 5166 1635 5193 ι
1664 5152 1886 5210 Coloss.
1917 5171 2002 5219 ιιι,
2044 5155 2135 5209 Η.

1615 5309 1852 5365 VARIIE
1894 5309 2308 5368 LECTIONES.

440 5486 490 5518 ⁸⁸
527 5487 627 5556 τῆς
657 5486 822 5561 ζωῆς.
846 5485 1005 5561 Διοοο
1031 5488 1322 5561 οἰιτλθειηδ
1346 5489 1411 5561 ἐκ
1432 5489 1527 5544 τοῦ
1552 5489 1784 5561 οὐρανοῦ
1820 5493 2186 5548 καταϐαίνων.
2263 5493 2307 5524 ’⁸³
2349 5493 2391 5544 Β
2420 5491 2558 5545 ἔστι.
2633 5489 2679 5523 δ’
2717 5489 2830 5544 τόν.
2860 5488 2986 5544 Des.
3018 5487 3158 5561 in_B.
3235 5486 3296 5561 “_
3318 5487 3418 5549 είς.
3455 5484 3597 5561 Loco

330 5561 428 5616 cit.
462 5553 807 5634 prape‘digév
839 5557 1038 5634 saeviit.
1095 5557 1161 5634 _“
1199 5557 1354 5634 ἀνθρ.
1385 5557 1527 5634 [ﬂeo
1557 5553 1650 5614 cii.
1691 5562 1963 5634 sequitur,
2003 5564 2176 5634 ποιῶν
2223 5564 2472 5634 εἰρήνην,
2546 5562 2591 5593 δ’
2630 5577 2724 5634 πν.
2757 5577 2852 5634 πρ.
2900 5557 3227 5634 τιμπτμιέοοο
3251 5557 3344 5610 cit.
3373 5553 3594 5634 est_a¢b-

333 5624 493 5754 Luam,
519 5626 598 5697 τῷ
629 5625 766 5697 Θεῷ.
843 5627 889 5658 ⁸⁸
927 5624 1058 5711 lico.
1095 5629 1257 5684 lectio
1295 5624 1381 5684 est
1411 5629 1612 5700 Ἕλλην
1655 5631 1751 5683 καὶ
1774 5624 1956 5716 ’Ἰουδζ
2001 5631 2204 5705 Sicque
2247 5624 2413 5697 infra,
2461 5633 2584 5687 loco
2612 5631 2733 5699 cit.,
2765 5624 2872 5714 legt
2946 5631 2990 5663 "
3029 5626 3186 5708 ἀλλά,
3213 5643 3265 5706 κε
3296 5642 3348 5677 τ.
3383 5624 3431 5680 λ.
3468 5625 3591 5703 ρος.

371 5713 441 5756 oc
470 5698 593 5751 loco
623 5711 742 5756 (tua:
763 5697 888 5753 loco
914 5707 1009 5754 ett.
1033 5698 1371 5756 praecedunt.
1402 5698 1676 5756 ϐάρϐαρος
1705 5730 1772 5742 --
1804 5700 2107 5756 ελευθεοοε.
2222 5704 2267 5736 ⁸⁸
2304 5706 2332 5756 6
2367 5702 2697 5756 σοφώτατος.
2743 5700 2964 5756 Setltcet
2988 5697 3335 5756 Anolmanus
3363 5707 3458 5756 βοΐ
3489 5707 3591 5748 "‘0-

409 5716 441 5755 c
470 5698 593 5776 loco
623 5711 742 5776 qua;
763 5697 888 5753 loco
914 5700 1009 5776 cit.
1033 5698 1371 5776 praecedunt,
1401 5697 1676 5772 βάρϐαρος
1705 5730 1772 5742 -—
1804 5700 2107 5776 ἐλεύθερος.

331 5769 484 5824 niam
511 5765 595 5825 sic
623 5765 808 5825 dictus
831 5808 846 5827 .
885 5775 943 5823 ut
980 5765 1053 5825 iu'
1076 5765 1472 5841 superioribus.

2222 5704 2267 5736 ⁸⁸
2304 5706 2332 5758 6
2367 5693 2697 5773 σοφώτατος.
2720 5693 2964 5758 ’δςῖίὶοοι
2988 5695 3335 5769 Apolinarius
3363 5707 3458 5764 per
3489 5693 3599 5748 iro-
