  <div class='ocr_page' id='page_1' title='image "/cluster/home/n/w/nwhite01/storage/ocr_20150623/81:no.2/coo.31924054869825/636.png"; bbox 0 0 4070 6394; ppageno 0'>
   <div class='ocr_carea' id='block_1_1' title="bbox 322 351 457 415">
    <p class='ocr_par' dir='ltr' id='par_1_1' title="bbox 322 351 457 415">
     <span class='ocr_line' id='line_1_1' title="bbox 322 351 457 415; baseline 0.022 -3"><span class='ocrx_word' id='word_1_1' title='bbox 322 351 457 415; x_wconf 68' lang='grc'><strong>1257</strong></span> 
     </span>
    </p>
   </div>
   <div class='ocr_carea' id='block_1_2' title="bbox 1474 335 2543 420">
    <p class='ocr_par' dir='ltr' id='par_1_2' title="bbox 1474 335 2543 420">
     <span class='ocr_line' id='line_1_2' title="bbox 1474 335 2543 420; baseline 0.006 -6"><span class='ocrx_word' id='word_1_2' title='bbox 1474 356 1553 414; x_wconf 83' lang='lat' dir='ltr'><strong>IN</strong></span> <span class='ocrx_word' id='word_1_3' title='bbox 1607 349 2002 413; x_wconf 79' lang='lat' dir='ltr'><strong>DANIELEM</strong></span> <span class='ocrx_word' id='word_1_4' title='bbox 2049 350 2462 420; x_wconf 58' lang='lat' dir='ltr'><strong>ramento.</strong></span> <span class='ocrx_word' id='word_1_5' title='bbox 2536 335 2543 340; x_wconf 82' lang='grc'><em>’</em></span> 
     </span>
    </p>
   </div>
   <div class='ocr_carea' id='block_1_3' title="bbox 3441 360 3577 424">
    <p class='ocr_par' dir='ltr' id='par_1_3' title="bbox 3441 360 3577 424">
     <span class='ocr_line' id='line_1_3' title="bbox 3441 360 3577 424; baseline 0.029 -4"><span class='ocrx_word' id='word_1_6' title='bbox 3441 360 3577 424; x_wconf 77' lang='lat'><strong>1258</strong></span> 
     </span>
    </p>
   </div>
   <div class='ocr_carea' id='block_1_4' title="bbox 316 458 1906 540">
    <p class='ocr_par' dir='ltr' id='par_1_4' title="bbox 316 458 1892 533">
     <span class='ocr_line' id='line_1_4' title="bbox 316 458 1892 533; baseline -0.002 -17"><span class='ocrx_word' id='word_1_7' title='bbox 316 463 480 532; x_wconf 82' lang='grc' dir='ltr'>τικῆς</span> <span class='ocrx_word' id='word_1_8' title='bbox 508 461 748 525; x_wconf 78' lang='grc' dir='ltr'><strong>διανοίας</strong></span> <span class='ocrx_word' id='word_1_9' title='bbox 778 462 1209 533; x_wconf 79' lang='grc' dir='ltr'>ἑφικνουμένων’</span> <span class='ocrx_word' id='word_1_10' title='bbox 1266 462 1452 531; x_wconf 79' lang='grc' dir='ltr'>ἐπειδὴ</span> <span class='ocrx_word' id='word_1_11' title='bbox 1502 460 1579 524; x_wconf 79' lang='grc' dir='ltr'><strong>δὲ,</strong></span> <span class='ocrx_word' id='word_1_12' title='bbox 1616 461 1746 531; x_wconf 91' lang='grc' dir='ltr'>μίαν</span> <span class='ocrx_word' id='word_1_13' title='bbox 1794 458 1892 529; x_wconf 77' lang='grc' dir='ltr'><strong>μὲν</strong></span> 
     </span>
    </p>
   </div>
   <div class='ocr_carea' id='block_1_5' title="bbox 2007 458 3575 540">
    <p class='ocr_par' dir='ltr' id='par_1_5' title="bbox 2007 462 3575 540">
     <span class='ocr_line' id='line_1_5' title="bbox 2007 462 3575 540; baseline 0.01 -26"><span class='ocrx_word' id='word_1_14' title='bbox 2007 462 2211 519; x_wconf 76' lang='lat' dir='ltr'><strong>cunctis</strong></span> <span class='ocrx_word' id='word_1_15' title='bbox 2265 464 2383 536; x_wconf 88' lang='lat' dir='ltr'><strong>ipsa</strong></span> <span class='ocrx_word' id='word_1_16' title='bbox 2435 468 2671 524; x_wconf 83' lang='lat' dir='ltr'><strong>lectione</strong></span> <span class='ocrx_word' id='word_1_17' title='bbox 2736 471 3187 540; x_wconf 86' lang='lat' dir='ltr'><strong>percipientibus.</strong></span> <span class='ocrx_word' id='word_1_18' title='bbox 3239 469 3377 536; x_wconf 81' lang='lat' dir='ltr'><strong>Quia</strong></span> <span class='ocrx_word' id='word_1_19' title='bbox 3426 487 3575 538; x_wconf 85' lang='lat' dir='ltr'><strong>vero,</strong></span> 
     </span>
    </p>
   </div>
   <div class='ocr_carea' id='block_1_6' title="bbox 317 552 1898 625">
    <p class='ocr_par' dir='ltr' id='par_1_6' title="bbox 317 552 1898 625">
     <span class='ocr_line' id='line_1_6' title="bbox 317 552 1898 625; baseline -0.003 -16"><span class='ocrx_word' id='word_1_20' title='bbox 317 555 561 615; x_wconf 76' lang='grc' dir='ltr'>ἅπαντες</span> <span class='ocrx_word' id='word_1_21' title='bbox 584 554 604 586; x_wconf 83' lang='grc'><em>³</em></span> <span class='ocrx_word' id='word_1_22' title='bbox 658 555 819 623; x_wconf 82' lang='grc' dir='ltr'>φύσιν</span> <span class='ocrx_word' id='word_1_23' title='bbox 876 555 1140 625; x_wconf 79' lang='grc' dir='ltr'><strong>ἐλάχομεν</strong></span> <span class='ocrx_word' id='word_1_24' title='bbox 1163 598 1177 621; x_wconf 92' lang='grc'><strong>,</strong></span> <span class='ocrx_word' id='word_1_25' title='bbox 1216 555 1315 607; x_wconf 73' lang='grc' dir='ltr'><strong>οὐκ</strong></span> <span class='ocrx_word' id='word_1_26' title='bbox 1349 555 1471 624; x_wconf 83' lang='grc' dir='ltr'>ἴσην</span> <span class='ocrx_word' id='word_1_27' title='bbox 1512 553 1568 607; x_wconf 80' lang='grc' dir='ltr'>δὲ</span> <span class='ocrx_word' id='word_1_28' title='bbox 1616 553 1854 615; x_wconf 74' lang='grc' dir='ltr'>ἅπαντες</span> <span class='ocrx_word' id='word_1_29' title='bbox 1877 552 1898 584; x_wconf 65' lang='grc'>⁸</span> 
     </span>
    </p>
   </div>
   <div class='ocr_carea' id='block_1_7' title="bbox 316 645 1896 719">
    <p class='ocr_par' dir='ltr' id='par_1_7' title="bbox 316 645 1896 719">
     <span class='ocr_line' id='line_1_7' title="bbox 316 645 1896 719; baseline -0.001 -20"><span class='ocrx_word' id='word_1_30' title='bbox 316 647 525 715; x_wconf 82' lang='grc' dir='ltr'>γνῶσιν</span> <span class='ocrx_word' id='word_1_31' title='bbox 557 646 825 717; x_wconf 73' lang='grc' dir='ltr'>ἐλάϐομεν</span> <span class='ocrx_word' id='word_1_32' title='bbox 855 648 915 716; x_wconf 76' lang='grc' dir='ltr'>(ι</span> <span class='ocrx_word' id='word_1_33' title='bbox 937 647 1185 718; x_wconf 83' lang='grc' dir='ltr'>Ἐκάστῳ</span> <span class='ocrx_word' id='word_1_34' title='bbox 1225 647 1333 719; x_wconf 74' lang='grc' dir='ltr'><strong>γὰρ</strong></span> <span class='ocrx_word' id='word_1_35' title='bbox 1379 646 1603 712; x_wconf 77' lang='grc' dir='ltr'><strong>δίδοται,</strong></span> <span class='ocrx_word' id='word_1_36' title='bbox 1645 645 1829 717; x_wconf 67' lang='grc' dir='ltr'>φησὶν,</span> <span class='ocrx_word' id='word_1_37' title='bbox 1863 646 1896 715; x_wconf 82' lang='grc' dir='ltr'><strong>ἡ</strong></span> 
     </span>
    </p>
   </div>
   <div class='ocr_carea' id='block_1_8' title="bbox 316 737 1899 811">
    <p class='ocr_par' dir='ltr' id='par_1_8' title="bbox 316 737 1899 811">
     <span class='ocr_line' id='line_1_8' title="bbox 316 737 1899 811; baseline -0.002 -19"><span class='ocrx_word' id='word_1_38' title='bbox 316 739 634 810; x_wconf 72' lang='grc' dir='ltr'><strong>φανέρωσις</strong></span> <span class='ocrx_word' id='word_1_39' title='bbox 657 738 752 792; x_wconf 79' lang='grc' dir='ltr'>τοῦ</span> <span class='ocrx_word' id='word_1_40' title='bbox 799 740 1112 811; x_wconf 82' lang='grc' dir='ltr'>Πνεύματος</span> <span class='ocrx_word' id='word_1_41' title='bbox 1153 739 1288 810; x_wconf 73' lang='grc' dir='ltr'>πρὸς</span> <span class='ocrx_word' id='word_1_42' title='bbox 1328 738 1387 791; x_wconf 87' lang='grc' dir='ltr'><strong>τὸ</strong></span> <span class='ocrx_word' id='word_1_43' title='bbox 1432 738 1708 809; x_wconf 84' lang='grc' dir='ltr'>συμφέρον</span> <span class='ocrx_word' id='word_1_44' title='bbox 1728 739 1772 804; x_wconf 80' lang='grc'>⁸,</span> <span class='ocrx_word' id='word_1_45' title='bbox 1804 737 1899 790; x_wconf 77' lang='grc' dir='ltr'><strong>καὶ</strong></span> 
     </span>
    </p>
   </div>
   <div class='ocr_carea' id='block_1_9' title="bbox 315 829 1897 902">
    <p class='ocr_par' dir='ltr' id='par_1_9' title="bbox 315 829 1897 902">
     <span class='ocr_line' id='line_1_9' title="bbox 315 829 1897 902; baseline -0.001 -16"><span class='ocrx_word' id='word_1_46' title='bbox 315 831 466 902; x_wconf 80' lang='grc' dir='ltr'>ἄλλῳ</span> <span class='ocrx_word' id='word_1_47' title='bbox 491 832 513 864; x_wconf 77' lang='grc'>⁸</span> <span class='ocrx_word' id='word_1_48' title='bbox 545 832 643 902; x_wconf 79' lang='grc' dir='ltr'><strong>μὲν</strong></span> <span class='ocrx_word' id='word_1_49' title='bbox 673 832 870 886; x_wconf 76' lang='grc' dir='ltr'>δίδοται</span> <span class='ocrx_word' id='word_1_50' title='bbox 893 834 913 864; x_wconf 90' lang='grc'><strong>⁷</strong></span> <span class='ocrx_word' id='word_1_51' title='bbox 940 832 1026 886; x_wconf 82' lang='grc' dir='ltr'><strong>διὰ</strong></span> <span class='ocrx_word' id='word_1_52' title='bbox 1044 829 1139 885; x_wconf 81' lang='grc' dir='ltr'>τοῦ</span> <span class='ocrx_word' id='word_1_53' title='bbox 1162 829 1300 884; x_wconf 89' lang='grc' dir='ltr'>Πνεύ</span> <span class='ocrx_word' id='word_1_54' title='bbox 1309 847 1476 901; x_wconf 89' lang='grc' dir='ltr'>ματος</span> <span class='ocrx_word' id='word_1_55' title='bbox 1495 831 1653 898; x_wconf 86' lang='grc' dir='ltr'>λόγος</span> <span class='ocrx_word' id='word_1_56' title='bbox 1686 829 1897 899; x_wconf 83' lang='grc' dir='ltr'>σοφίας,</span> 
     </span>
    </p>
   </div>
   <div class='ocr_carea' id='block_1_10' title="bbox 316 921 1900 993">
    <p class='ocr_par' dir='ltr' id='par_1_10' title="bbox 316 921 1900 993">
     <span class='ocr_line' id='line_1_10' title="bbox 316 921 1900 993; baseline -0.003 -16"><span class='ocrx_word' id='word_1_57' title='bbox 316 923 466 991; x_wconf 76' lang='grc' dir='ltr'>ἄλλῳ</span> <span class='ocrx_word' id='word_1_58' title='bbox 490 923 546 976; x_wconf 88' lang='grc' dir='ltr'>δὲ</span> <span class='ocrx_word' id='word_1_59' title='bbox 571 923 728 991; x_wconf 86' lang='grc' dir='ltr'>λόγος</span> <span class='ocrx_word' id='word_1_60' title='bbox 750 924 1006 993; x_wconf 79' lang='grc' dir='ltr'>γνώσεως</span> <span class='ocrx_word' id='word_1_61' title='bbox 1036 922 1178 977; x_wconf 74' lang='grc' dir='ltr'>κατὰ</span> <span class='ocrx_word' id='word_1_62' title='bbox 1200 923 1260 975; x_wconf 87' lang='grc' dir='ltr'><strong>τὸ</strong></span> <span class='ocrx_word' id='word_1_63' title='bbox 1290 922 1422 976; x_wconf 76' lang='grc' dir='ltr'>αὐτὸ</span> <span class='ocrx_word' id='word_1_64' title='bbox 1453 921 1699 993; x_wconf 71' lang='grc' dir='ltr'>Πνεῦμα,</span> <span class='ocrx_word' id='word_1_65' title='bbox 1731 921 1900 991; x_wconf 76' lang='grc' dir='ltr'>ἑτέρῳ</span> 
     </span>
    </p>
   </div>
   <div class='ocr_carea' id='block_1_11' title="bbox 311 1012 1900 1087">
    <p class='ocr_par' dir='ltr' id='par_1_11' title="bbox 311 1012 1900 1087">
     <span class='ocr_line' id='line_1_11' title="bbox 311 1012 1900 1087; baseline -0.003 -17"><span class='ocrx_word' id='word_1_66' title='bbox 311 1017 374 1070; x_wconf 82' lang='grc' dir='ltr'>δὲ</span> <span class='ocrx_word' id='word_1_67' title='bbox 409 1015 595 1079; x_wconf 89' lang='grc' dir='ltr'>πίστις</span> <span class='ocrx_word' id='word_1_68' title='bbox 628 1017 686 1068; x_wconf 81' lang='grc' dir='ltr'>ὲν</span> <span class='ocrx_word' id='word_1_69' title='bbox 713 1015 791 1085; x_wconf 84' lang='grc' dir='ltr'>τῷ</span> <span class='ocrx_word' id='word_1_70' title='bbox 837 1014 987 1086; x_wconf 82' lang='grc' dir='ltr'>αύτῷ</span> <span class='ocrx_word' id='word_1_71' title='bbox 1034 1014 1312 1087; x_wconf 88' lang='grc' dir='ltr'>Πνεύματι</span> <span class='ocrx_word' id='word_1_72' title='bbox 1338 1029 1351 1044; x_wconf 87' lang='grc'>⁶</span> <span class='ocrx_word' id='word_1_73' title='bbox 1386 1034 1405 1067; x_wconf 76' lang='grc' dir='ltr'><strong>ι</strong></span> <span class='ocrx_word' id='word_1_74' title='bbox 1462 1015 1555 1069; x_wconf 74' lang='grc' dir='ltr'><strong>καὶ</strong></span> <span class='ocrx_word' id='word_1_75' title='bbox 1584 1013 1651 1068; x_wconf 81' lang='grc' dir='ltr'><strong>τὰ</strong></span> <span class='ocrx_word' id='word_1_76' title='bbox 1686 1013 1811 1084; x_wconf 79' lang='grc' dir='ltr'>ἑξῆς</span> <span class='ocrx_word' id='word_1_77' title='bbox 1844 1012 1900 1066; x_wconf 80' lang='grc' dir='ltr'>δὲ</span> 
     </span>
    </p>
   </div>
   <div class='ocr_carea' id='block_1_12' title="bbox 306 1101 1898 1177">
    <p class='ocr_par' dir='ltr' id='par_1_12' title="bbox 306 1101 1898 1177">
     <span class='ocr_line' id='line_1_12' title="bbox 306 1101 1898 1177; baseline -0.004 -17"><span class='ocrx_word' id='word_1_78' title='bbox 306 1105 586 1169; x_wconf 75' lang='grc' dir='ltr'><strong>ὡσαύτως</strong></span> <span class='ocrx_word' id='word_1_79' title='bbox 610 1105 751 1159; x_wconf 68' lang='grc' dir='ltr'>κατὰ</span> <span class='ocrx_word' id='word_1_80' title='bbox 790 1105 1052 1177; x_wconf 82' lang='grc' dir='ltr'>διαίρεσιν</span> <span class='ocrx_word' id='word_1_81' title='bbox 1093 1104 1307 1159; x_wconf 74' lang='grc' dir='ltr'>ἅπαντα</span> <span class='ocrx_word' id='word_1_82' title='bbox 1344 1103 1713 1174; x_wconf 83' lang='grc' dir='ltr'>διανέμεται)·</span> <span class='ocrx_word' id='word_1_83' title='bbox 1744 1101 1898 1155; x_wconf 83' lang='grc' dir='ltr'>οὐδὲν</span> 
     </span>
    </p>
   </div>
   <div class='ocr_carea' id='block_1_13' title="bbox 310 1188 1902 1265">
    <p class='ocr_par' dir='ltr' id='par_1_13' title="bbox 310 1188 1902 1265">
     <span class='ocr_line' id='line_1_13' title="bbox 310 1188 1902 1265; baseline -0.003 -16"><span class='ocrx_word' id='word_1_84' title='bbox 310 1194 552 1259; x_wconf 83' lang='grc' dir='ltr'>ἀπεικὸς</span> <span class='ocrx_word' id='word_1_85' title='bbox 590 1188 746 1265; x_wconf 76' lang='grc' dir='ltr'>οἶμαι</span> <span class='ocrx_word' id='word_1_86' title='bbox 787 1196 977 1258; x_wconf 85' lang='grc' dir='ltr'>ποιεῖν,</span> <span class='ocrx_word' id='word_1_87' title='bbox 1013 1194 1062 1246; x_wconf 82' lang='grc' dir='ltr'><strong>εί</strong></span> <span class='ocrx_word' id='word_1_88' title='bbox 1100 1195 1214 1258; x_wconf 85' lang='grc' dir='ltr'>τοῖς</span> <span class='ocrx_word' id='word_1_89' title='bbox 1247 1192 1502 1262; x_wconf 78' lang='grc' dir='ltr'>ἀγνοοῦσι</span> <span class='ocrx_word' id='word_1_90' title='bbox 1532 1192 1600 1246; x_wconf 79' lang='grc' dir='ltr'>τὰ</span> <span class='ocrx_word' id='word_1_91' title='bbox 1631 1192 1749 1246; x_wconf 85' lang='grc' dir='ltr'>θεῖα</span> <span class='ocrx_word' id='word_1_92' title='bbox 1778 1190 1902 1244; x_wconf 85' lang='grc' dir='ltr'>τού-</span> 
     </span>
    </p>
   </div>
   <div class='ocr_carea' id='block_1_14' title="bbox 308 1284 1902 1359">
    <p class='ocr_par' dir='ltr' id='par_1_14' title="bbox 308 1284 1902 1359">
     <span class='ocr_line' id='line_1_14' title="bbox 308 1284 1902 1359; baseline -0.001 -19"><span class='ocrx_word' id='word_1_93' title='bbox 308 1302 429 1341; x_wconf 76' lang='grc' dir='ltr'><strong>των</strong></span> <span class='ocrx_word' id='word_1_94' title='bbox 473 1285 883 1356; x_wconf 84' lang='grc' dir='ltr'>συγγράμματα</span> <span class='ocrx_word' id='word_1_95' title='bbox 931 1284 1211 1357; x_wconf 79' lang='grc' dir='ltr'>ἔγγραφον</span> <span class='ocrx_word' id='word_1_96' title='bbox 1259 1285 1591 1359; x_wconf 74' lang='grc' dir='ltr'>παραδῴηνθ</span> <span class='ocrx_word' id='word_1_97' title='bbox 1645 1285 1902 1339; x_wconf 81' lang='grc' dir='ltr'>διδασκα-</span> 
     </span>
    </p>
   </div>
   <div class='ocr_carea' id='block_1_15' title="bbox 315 1378 1901 1450">
    <p class='ocr_par' dir='ltr' id='par_1_15' title="bbox 315 1378 1901 1450">
     <span class='ocr_line' id='line_1_15' title="bbox 315 1378 1901 1450; baseline -0.001 -18"><span class='ocrx_word' id='word_1_98' title='bbox 315 1379 466 1443; x_wconf 86' lang='grc' dir='ltr'>λίαν,</span> <span class='ocrx_word' id='word_1_99' title='bbox 497 1378 752 1432; x_wconf 82' lang='grc' dir='ltr'>παιδόθεν</span> <span class='ocrx_word' id='word_1_100' title='bbox 789 1378 888 1448; x_wconf 82' lang='grc' dir='ltr'>μὲν</span> <span class='ocrx_word' id='word_1_101' title='bbox 934 1378 1117 1443; x_wconf 84' lang='grc' dir='ltr'>αὐτοῖς</span> <span class='ocrx_word' id='word_1_102' title='bbox 1152 1378 1457 1450; x_wconf 75' lang='grc' dir='ltr'>ἐντραφεὶς,</span> <span class='ocrx_word' id='word_1_103' title='bbox 1511 1378 1662 1450; x_wconf 76' lang='grc' dir='ltr'>παρὰ</span> <span class='ocrx_word' id='word_1_104' title='bbox 1691 1378 1901 1432; x_wconf 78' lang='grc' dir='ltr'>πολλῶν</span> 
     </span>
    </p>
   </div>
   <div class='ocr_carea' id='block_1_16' title="bbox 312 1469 1901 1545">
    <p class='ocr_par' dir='ltr' id='par_1_16' title="bbox 312 1469 1901 1545">
     <span class='ocr_line' id='line_1_16' title="bbox 312 1469 1901 1545; baseline -0.001 -19"><span class='ocrx_word' id='word_1_105' title='bbox 312 1474 373 1526; x_wconf 83' lang='grc' dir='ltr'>δὲ</span> <span class='ocrx_word' id='word_1_106' title='bbox 401 1470 768 1545; x_wconf 77' lang='grc' dir='ltr'>συγγραφέων</span> <span class='ocrx_word' id='word_1_107' title='bbox 795 1469 1039 1524; x_wconf 82' lang='grc' dir='ltr'>εὐσεϐῶν</span> <span class='ocrx_word' id='word_1_108' title='bbox 1074 1470 1317 1543; x_wconf 88' lang='grc' dir='ltr'>σμικράν</span> <span class='ocrx_word' id='word_1_109' title='bbox 1345 1488 1470 1526; x_wconf 91' lang='grc' dir='ltr'>τινα</span> <span class='ocrx_word' id='word_1_110' title='bbox 1496 1471 1696 1540; x_wconf 87' lang='grc' dir='ltr'>γνῶσιν</span> <span class='ocrx_word' id='word_1_111' title='bbox 1724 1472 1901 1542; x_wconf 74' lang='grc' dir='ltr'>ἐρανι-</span> 
     </span>
    </p>
   </div>
   <div class='ocr_carea' id='block_1_17' title="bbox 315 1561 1902 1634">
    <p class='ocr_par' dir='ltr' id='par_1_17' title="bbox 315 1561 1902 1634">
     <span class='ocr_line' id='line_1_17' title="bbox 315 1561 1902 1634; baseline -0.001 -17"><span class='ocrx_word' id='word_1_112' title='bbox 315 1565 579 1634; x_wconf 83' lang='grc' dir='ltr'>σάμενος-</span> <span class='ocrx_word' id='word_1_113' title='bbox 596 1562 694 1617; x_wconf 73' lang='grc' dir='ltr'><strong>καὶ</strong></span> <span class='ocrx_word' id='word_1_114' title='bbox 718 1562 789 1631; x_wconf 80' lang='grc' dir='ltr'>γὰ</span> <span class='ocrx_word' id='word_1_115' title='bbox 797 1578 827 1633; x_wconf 92' lang='grc' dir='ltr'><strong>ρ</strong></span> <span class='ocrx_word' id='word_1_116' title='bbox 843 1562 871 1614; x_wconf 81' lang='grc' dir='ltr'>ὁ</span> <span class='ocrx_word' id='word_1_117' title='bbox 889 1561 1034 1626; x_wconf 83' lang='grc' dir='ltr'>θεῖος</span> <span class='ocrx_word' id='word_1_118' title='bbox 1048 1561 1483 1634; x_wconf 84' lang='grc' dir='ltr'>παρακελεύεται</span> <span class='ocrx_word' id='word_1_119' title='bbox 1501 1563 1685 1633; x_wconf 82' lang='grc' dir='ltr'>νόμος,</span> <span class='ocrx_word' id='word_1_120' title='bbox 1697 1562 1732 1616; x_wconf 80' lang='grc' dir='ltr'>ἃ</span> <span class='ocrx_word' id='word_1_121' title='bbox 1753 1561 1902 1631; x_wconf 80' lang='grc' dir='ltr'>παρὰ</span> 
     </span>
    </p>
   </div>
   <div class='ocr_carea' id='block_1_18' title="bbox 313 1652 1898 1725">
    <p class='ocr_par' dir='ltr' id='par_1_18' title="bbox 313 1652 1898 1725">
     <span class='ocr_line' id='line_1_18' title="bbox 313 1652 1898 1725; baseline -0.002 -18"><span class='ocrx_word' id='word_1_122' title='bbox 313 1656 429 1709; x_wconf 80' lang='grc' dir='ltr'><strong>τῶν</strong></span> <span class='ocrx_word' id='word_1_123' title='bbox 455 1653 709 1724; x_wconf 75' lang='grc' dir='ltr'>πατέρων</span> <span class='ocrx_word' id='word_1_124' title='bbox 737 1653 1158 1725; x_wconf 79' lang='grc' dir='ltr'>μεμαθήκαμεν,</span> <span class='ocrx_word' id='word_1_125' title='bbox 1181 1655 1307 1717; x_wconf 84' lang='grc' dir='ltr'>τοὺς</span> <span class='ocrx_word' id='word_1_126' title='bbox 1332 1653 1586 1723; x_wconf 81' lang='grc' dir='ltr'>ἐγγόνους</span> <span class='ocrx_word' id='word_1_127' title='bbox 1608 1652 1898 1706; x_wconf 75' lang='grc' dir='ltr'>διδάσκειν.</span> 
     </span>
    </p>
   </div>
   <div class='ocr_carea' id='block_1_19' title="bbox 320 1744 1903 1817">
    <p class='ocr_par' dir='ltr' id='par_1_19' title="bbox 320 1744 1903 1817">
     <span class='ocr_line' id='line_1_19' title="bbox 320 1744 1903 1817; baseline 0 -18"><span class='ocrx_word' id='word_1_128' title='bbox 320 1767 342 1799; x_wconf 71' lang='grc' dir='ltr'><strong>ι</strong></span> <span class='ocrx_word' id='word_1_129' title='bbox 366 1744 613 1814; x_wconf 78' lang='grc' dir='ltr'>Διδάξεις</span> <span class='ocrx_word' id='word_1_130' title='bbox 630 1747 736 1816; x_wconf 79' lang='grc' dir='ltr'>γὰρ</span> <span class='ocrx_word' id='word_1_131' title='bbox 757 1744 897 1799; x_wconf 77' lang='grc' dir='ltr'>αὐτὰ</span> <span class='ocrx_word' id='word_1_132' title='bbox 918 1746 960 1809; x_wconf 85' lang='grc'>⁹,</span> <span class='ocrx_word' id='word_1_133' title='bbox 1002 1746 1155 1817; x_wconf 71' lang='grc' dir='ltr'>φησὶ,</span> <span class='ocrx_word' id='word_1_134' title='bbox 1182 1745 1309 1809; x_wconf 78' lang='grc' dir='ltr'>τοὺς</span> <span class='ocrx_word' id='word_1_135' title='bbox 1335 1745 1483 1810; x_wconf 88' lang='grc' dir='ltr'>υἱούς</span> <span class='ocrx_word' id='word_1_136' title='bbox 1496 1763 1612 1810; x_wconf 82' lang='grc' dir='ltr'>σου,</span> <span class='ocrx_word' id='word_1_137' title='bbox 1648 1745 1742 1799; x_wconf 82' lang='grc' dir='ltr'><strong>καὶ</strong></span> <span class='ocrx_word' id='word_1_138' title='bbox 1779 1746 1903 1809; x_wconf 84' lang='grc' dir='ltr'>τοὺς</span> 
     </span>
    </p>
   </div>
   <div class='ocr_carea' id='block_1_20' title="bbox 310 1829 1905 1908">
    <p class='ocr_par' dir='ltr' id='par_1_20' title="bbox 310 1829 1905 1908">
     <span class='ocr_line' id='line_1_20' title="bbox 310 1829 1905 1908; baseline -0.003 -14"><span class='ocrx_word' id='word_1_139' title='bbox 310 1841 471 1902; x_wconf 81' lang='grc' dir='ltr'>υἱοὺς</span> <span class='ocrx_word' id='word_1_140' title='bbox 494 1836 605 1891; x_wconf 87' lang='grc' dir='ltr'><strong>τῶν</strong></span> <span class='ocrx_word' id='word_1_141' title='bbox 646 1837 777 1890; x_wconf 78' lang='grc' dir='ltr'>υἱῶν</span> <span class='ocrx_word' id='word_1_142' title='bbox 798 1852 893 1889; x_wconf 88' lang='grc' dir='ltr'><strong>σου</strong></span> <span class='ocrx_word' id='word_1_143' title='bbox 917 1852 929 1866; x_wconf 79' lang='lat'>&#39;</span> <span class='ocrx_word' id='word_1_144' title='bbox 944 1829 1032 1889; x_wconf 73' lang='grc' dir='ltr'><strong>»οὗ</strong></span> <span class='ocrx_word' id='word_1_145' title='bbox 1062 1836 1221 1908; x_wconf 86' lang='grc' dir='ltr'>χάριν</span> <span class='ocrx_word' id='word_1_146' title='bbox 1245 1836 1338 1891; x_wconf 71' lang='grc' dir='ltr'><strong>καὶ</strong></span> <span class='ocrx_word' id='word_1_147' title='bbox 1365 1835 1905 1908; x_wconf 80' lang='grc' dir='ltr'>ὁμέγαςδιδάσκαλος</span> 
     </span>
    </p>
   </div>
   <div class='ocr_carea' id='block_1_21' title="bbox 313 1926 1901 1999">
    <p class='ocr_par' dir='ltr' id='par_1_21' title="bbox 313 1926 1901 1999">
     <span class='ocr_line' id='line_1_21' title="bbox 313 1926 1901 1999; baseline -0.003 -15"><span class='ocrx_word' id='word_1_148' title='bbox 313 1930 508 1995; x_wconf 77' lang='grc' dir='ltr'>Δαϐὶδ,</span> <span class='ocrx_word' id='word_1_149' title='bbox 546 1947 566 1980; x_wconf 80' lang='grc' dir='ltr'><strong>ι</strong></span> <span class='ocrx_word' id='word_1_150' title='bbox 603 1927 931 1999; x_wconf 77' lang='grc' dir='ltr'>Προσέχετε,</span> <span class='ocrx_word' id='word_1_151' title='bbox 960 1927 1089 1992; x_wconf 83' lang='grc' dir='ltr'>λαός</span> <span class='ocrx_word' id='word_1_152' title='bbox 1127 1945 1248 1998; x_wconf 88' lang='grc' dir='ltr'>μου,</span> <span class='ocrx_word' id='word_1_153' title='bbox 1282 1928 1437 1998; x_wconf 72' lang='grc' dir='ltr'>φησὶ,</span> <span class='ocrx_word' id='word_1_154' title='bbox 1470 1926 1562 1981; x_wconf 81' lang='grc' dir='ltr'><strong>τὸν</strong></span> <span class='ocrx_word' id='word_1_155' title='bbox 1584 1926 1747 1999; x_wconf 88' lang='grc' dir='ltr'>νόμον</span> <span class='ocrx_word' id='word_1_156' title='bbox 1778 1944 1901 1998; x_wconf 88' lang='grc' dir='ltr'>μου,</span> 
     </span>
    </p>
   </div>
   <div class='ocr_carea' id='block_1_22' title="bbox 310 2016 1905 2092">
    <p class='ocr_par' dir='ltr' id='par_1_22' title="bbox 310 2016 1905 2092">
     <span class='ocr_line' id='line_1_22' title="bbox 310 2016 1905 2092; baseline -0.003 -14"><span class='ocrx_word' id='word_1_157' title='bbox 310 2023 544 2079; x_wconf 74' lang='grc' dir='ltr'>κλίνατε</span> <span class='ocrx_word' id='word_1_158' title='bbox 593 2021 654 2074; x_wconf 85' lang='grc' dir='ltr'><strong>τὸ</strong></span> <span class='ocrx_word' id='word_1_159' title='bbox 687 2016 781 2084; x_wconf 82' lang='grc' dir='ltr'>οὖς</span> <span class='ocrx_word' id='word_1_160' title='bbox 821 2020 976 2091; x_wconf 83' lang='grc' dir='ltr'>ὑμῶν</span> <span class='ocrx_word' id='word_1_161' title='bbox 1010 2022 1091 2084; x_wconf 87' lang='grc' dir='ltr'><strong>είς</strong></span> <span class='ocrx_word' id='word_1_162' title='bbox 1136 2020 1206 2074; x_wconf 87' lang='grc' dir='ltr'>τὰ</span> <span class='ocrx_word' id='word_1_163' title='bbox 1247 2022 1469 2092; x_wconf 79' lang='grc' dir='ltr'>ῥήματα</span> <span class='ocrx_word' id='word_1_164' title='bbox 1505 2018 1598 2074; x_wconf 81' lang='grc' dir='ltr'>τοῦ</span> <span class='ocrx_word' id='word_1_165' title='bbox 1636 2019 1905 2090; x_wconf 82' lang='grc' dir='ltr'>στόματός</span> 
     </span>
    </p>
   </div>
   <div class='ocr_carea' id='block_1_23' title="bbox 320 2111 1904 2187">
    <p class='ocr_par' dir='ltr' id='par_1_23' title="bbox 320 2111 1904 2187">
     <span class='ocr_line' id='line_1_23' title="bbox 320 2111 1904 2187; baseline -0.002 -18"><span class='ocrx_word' id='word_1_166' title='bbox 320 2134 426 2187; x_wconf 86' lang='grc' dir='ltr'><strong>μου</strong></span> <span class='ocrx_word' id='word_1_167' title='bbox 445 2132 459 2145; x_wconf 81' lang='grc'><strong><em>-</em></strong></span> <span class='ocrx_word' id='word_1_168' title='bbox 497 2113 695 2179; x_wconf 79' lang='grc' dir='ltr'>ἀνοίξω</span> <span class='ocrx_word' id='word_1_169' title='bbox 720 2115 778 2166; x_wconf 76' lang='grc' dir='ltr'>ἐν</span> <span class='ocrx_word' id='word_1_170' title='bbox 809 2111 1143 2184; x_wconf 88' lang='grc' dir='ltr'>παραϐολαῖς</span> <span class='ocrx_word' id='word_1_171' title='bbox 1167 2112 1228 2165; x_wconf 76' lang='grc' dir='ltr'><strong>τὸ</strong></span> <span class='ocrx_word' id='word_1_172' title='bbox 1251 2114 1424 2184; x_wconf 84' lang='grc' dir='ltr'>στόμα</span> <span class='ocrx_word' id='word_1_173' title='bbox 1453 2129 1574 2185; x_wconf 83' lang='grc' dir='ltr'>μου,</span> <span class='ocrx_word' id='word_1_174' title='bbox 1604 2112 1904 2182; x_wconf 79' lang='grc' dir='ltr'>φθέγξομαι</span> 
     </span>
    </p>
   </div>
   <div class='ocr_carea' id='block_1_24' title="bbox 310 2198 1905 2278">
    <p class='ocr_par' dir='ltr' id='par_1_24' title="bbox 310 2198 1905 2278">
     <span class='ocr_line' id='line_1_24' title="bbox 310 2198 1905 2278; baseline -0.001 -20"><span class='ocrx_word' id='word_1_175' title='bbox 310 2204 688 2278; x_wconf 78' lang='grc' dir='ltr'>προϐλήματα</span> <span class='ocrx_word' id='word_1_176' title='bbox 718 2202 813 2257; x_wconf 84' lang='grc' dir='ltr'><strong>ἀπ’</strong></span> <span class='ocrx_word' id='word_1_177' title='bbox 842 2203 1038 2274; x_wconf 78' lang='grc' dir='ltr'>ἀρχῆς.</span> <span class='ocrx_word' id='word_1_178' title='bbox 1074 2221 1091 2254; x_wconf 78' lang='grc' dir='ltr'><strong>ι</strong></span> <span class='ocrx_word' id='word_1_179' title='bbox 1128 2198 1264 2256; x_wconf 73' lang='grc' dir='ltr'>Εἶτα</span> <span class='ocrx_word' id='word_1_180' title='bbox 1293 2203 1511 2268; x_wconf 82' lang='grc' dir='ltr'>δεικνὺς</span> <span class='ocrx_word' id='word_1_181' title='bbox 1541 2204 1707 2257; x_wconf 87' lang='grc' dir='ltr'>πόθεν</span> <span class='ocrx_word' id='word_1_182' title='bbox 1730 2203 1905 2257; x_wconf 80' lang='grc' dir='ltr'>ταῦτα</span> 
     </span>
    </p>
   </div>
   <div class='ocr_carea' id='block_1_25' title="bbox 312 2293 1902 2368">
    <p class='ocr_par' dir='ltr' id='par_1_25' title="bbox 312 2293 1902 2368">
     <span class='ocr_line' id='line_1_25' title="bbox 312 2293 1902 2368; baseline -0.003 -18"><span class='ocrx_word' id='word_1_183' title='bbox 312 2297 681 2368; x_wconf 78' lang='grc' dir='ltr'>μεμάθηκεν,</span> <span class='ocrx_word' id='word_1_184' title='bbox 708 2315 729 2346; x_wconf 72' lang='grc' dir='ltr'><strong>ι</strong></span> <span class='ocrx_word' id='word_1_185' title='bbox 761 2295 902 2348; x_wconf 81' lang='grc' dir='ltr'>Ὅσα</span> <span class='ocrx_word' id='word_1_186' title='bbox 949 2293 1287 2364; x_wconf 80' lang='grc' dir='ltr'>ἠκούσαμεν,</span> <span class='ocrx_word' id='word_1_187' title='bbox 1324 2295 1480 2363; x_wconf 81' lang='grc' dir='ltr'>φησὶ,</span> <span class='ocrx_word' id='word_1_188' title='bbox 1522 2294 1617 2348; x_wconf 75' lang='grc' dir='ltr'>καὶ</span> <span class='ocrx_word' id='word_1_189' title='bbox 1658 2293 1902 2365; x_wconf 76' lang='grc' dir='ltr'>ἔγνωμεν</span> 
     </span>
    </p>
   </div>
   <div class='ocr_carea' id='block_1_26' title="bbox 316 2385 1903 2459">
    <p class='ocr_par' dir='ltr' id='par_1_26' title="bbox 316 2385 1903 2459">
     <span class='ocr_line' id='line_1_26' title="bbox 316 2385 1903 2459; baseline -0.002 -17"><span class='ocrx_word' id='word_1_190' title='bbox 316 2389 462 2443; x_wconf 79' lang='grc' dir='ltr'>αὐτὰ</span> <span class='ocrx_word' id='word_1_191' title='bbox 483 2389 553 2453; x_wconf 71' lang='grc'><strong>³⁸,</strong></span> <span class='ocrx_word' id='word_1_192' title='bbox 580 2389 678 2442; x_wconf 77' lang='grc' dir='ltr'><strong>καὶ</strong></span> <span class='ocrx_word' id='word_1_193' title='bbox 702 2389 756 2441; x_wconf 79' lang='lat' dir='ltr'><strong>oi</strong></span> <span class='ocrx_word' id='word_1_194' title='bbox 790 2386 1028 2459; x_wconf 80' lang='grc' dir='ltr'>πατέρες</span> <span class='ocrx_word' id='word_1_195' title='bbox 1070 2386 1227 2458; x_wconf 87' lang='grc' dir='ltr'>ήμῶν</span> <span class='ocrx_word' id='word_1_196' title='bbox 1259 2386 1588 2457; x_wconf 78' lang='grc' dir='ltr'>διηγήσαντο</span> <span class='ocrx_word' id='word_1_197' title='bbox 1618 2388 1769 2457; x_wconf 70' lang='grc' dir='ltr'>ἡμῖν,</span> <span class='ocrx_word' id='word_1_198' title='bbox 1802 2385 1903 2439; x_wconf 80' lang='grc' dir='ltr'><strong>οὐκ</strong></span> 
     </span>
    </p>
   </div>
   <div class='ocr_carea' id='block_1_27' title="bbox 314 2475 1895 2551">
    <p class='ocr_par' dir='ltr' id='par_1_27' title="bbox 314 2475 1895 2551">
     <span class='ocr_line' id='line_1_27' title="bbox 314 2475 1895 2551; baseline -0.003 -19"><span class='ocrx_word' id='word_1_199' title='bbox 314 2479 533 2551; x_wconf 75' lang='grc' dir='ltr'>ἐκρύϐη</span> <span class='ocrx_word' id='word_1_200' title='bbox 557 2478 666 2532; x_wconf 81' lang='grc' dir='ltr'><strong>ἀπὸ</strong></span> <span class='ocrx_word' id='word_1_201' title='bbox 694 2477 804 2531; x_wconf 89' lang='grc' dir='ltr'><strong>τῶν</strong></span> <span class='ocrx_word' id='word_1_202' title='bbox 830 2476 1037 2530; x_wconf 83' lang='grc' dir='ltr'>τέκνων</span> <span class='ocrx_word' id='word_1_203' title='bbox 1071 2475 1271 2541; x_wconf 79' lang='grc' dir='ltr'>αὐτῶν,</span> <span class='ocrx_word' id='word_1_204' title='bbox 1304 2479 1385 2540; x_wconf 86' lang='grc' dir='ltr'><strong>είς</strong></span> <span class='ocrx_word' id='word_1_205' title='bbox 1412 2475 1607 2544; x_wconf 85' lang='grc' dir='ltr'>γενεὰν</span> <span class='ocrx_word' id='word_1_206' title='bbox 1639 2475 1849 2546; x_wconf 77' lang='grc' dir='ltr'>ἑτέραν.</span> <span class='ocrx_word' id='word_1_207' title='bbox 1875 2492 1895 2527; x_wconf 70' lang='grc' dir='ltr'><strong>ι</strong></span> 
     </span>
    </p>
   </div>
   <div class='ocr_carea' id='block_1_28' title="bbox 317 2567 1897 2643">
    <p class='ocr_par' dir='ltr' id='par_1_28' title="bbox 317 2567 1897 2643">
     <span class='ocr_line' id='line_1_28' title="bbox 317 2567 1897 2643; baseline -0.003 -18"><span class='ocrx_word' id='word_1_208' title='bbox 317 2572 433 2626; x_wconf 78' lang='grc' dir='ltr'><strong>Καὶ</strong></span> <span class='ocrx_word' id='word_1_209' title='bbox 451 2574 553 2643; x_wconf 86' lang='grc' dir='ltr'><strong>τῆς</strong></span> <span class='ocrx_word' id='word_1_210' title='bbox 584 2569 840 2640; x_wconf 80' lang='grc' dir='ltr'>γνώσεως</span> <span class='ocrx_word' id='word_1_211' title='bbox 865 2571 963 2642; x_wconf 84' lang='grc' dir='ltr'><strong>τὴν</strong></span> <span class='ocrx_word' id='word_1_212' title='bbox 982 2570 1157 2624; x_wconf 78' lang='grc' dir='ltr'>αἰτίαν</span> <span class='ocrx_word' id='word_1_213' title='bbox 1196 2569 1483 2633; x_wconf 82' lang='grc' dir='ltr'>διδάσκων,</span> <span class='ocrx_word' id='word_1_214' title='bbox 1518 2588 1536 2619; x_wconf 74' lang='grc' dir='ltr'><strong>ι</strong></span> <span class='ocrx_word' id='word_1_215' title='bbox 1561 2568 1743 2639; x_wconf 86' lang='grc' dir='ltr'>Νόμον</span> <span class='ocrx_word' id='word_1_216' title='bbox 1767 2567 1897 2639; x_wconf 82' lang='grc' dir='ltr'>γὰρ,</span> 
     </span>
    </p>
   </div>
   <div class='ocr_carea' id='block_1_29' title="bbox 318 2661 1905 2735">
    <p class='ocr_par' dir='ltr' id='par_1_29' title="bbox 318 2661 1905 2735">
     <span class='ocr_line' id='line_1_29' title="bbox 318 2661 1905 2735; baseline 0 -19"><span class='ocrx_word' id='word_1_217' title='bbox 318 2665 507 2734; x_wconf 76' lang='grc' dir='ltr'>φησὶν,</span> <span class='ocrx_word' id='word_1_218' title='bbox 539 2663 691 2716; x_wconf 73' lang='grc' dir='ltr'>ἔθετο</span> <span class='ocrx_word' id='word_1_219' title='bbox 712 2664 772 2717; x_wconf 77' lang='grc' dir='ltr'>ὲν</span> <span class='ocrx_word' id='word_1_220' title='bbox 816 2663 1035 2735; x_wconf 81' lang='grc' dir='ltr'>Ἰσραήλ</span> <span class='ocrx_word' id='word_1_221' title='bbox 1053 2677 1066 2691; x_wconf 85' lang='grc'><strong>·</strong></span> <span class='ocrx_word' id='word_1_222' title='bbox 1095 2662 1197 2715; x_wconf 83' lang='grc' dir='ltr'><strong>ὅσα</strong></span> <span class='ocrx_word' id='word_1_223' title='bbox 1223 2661 1526 2714; x_wconf 75' lang='grc' dir='ltr'>ἐνετείλατο</span> <span class='ocrx_word' id='word_1_224' title='bbox 1553 2664 1663 2725; x_wconf 85' lang='grc' dir='ltr'>τοῖς</span> <span class='ocrx_word' id='word_1_225' title='bbox 1692 2663 1905 2731; x_wconf 84' lang='grc' dir='ltr'>πατρά-</span> 
     </span>
    </p>
   </div>
   <div class='ocr_carea' id='block_1_30' title="bbox 320 2753 1900 2828">
    <p class='ocr_par' dir='ltr' id='par_1_30' title="bbox 320 2753 1900 2828">
     <span class='ocr_line' id='line_1_30' title="bbox 320 2753 1900 2828; baseline -0.001 -19"><span class='ocrx_word' id='word_1_226' title='bbox 320 2774 407 2809; x_wconf 82' lang='grc' dir='ltr'><strong>σιν</strong></span> <span class='ocrx_word' id='word_1_227' title='bbox 430 2756 589 2828; x_wconf 82' lang='grc' dir='ltr'>ἡμῶν</span> <span class='ocrx_word' id='word_1_228' title='bbox 615 2757 680 2821; x_wconf 85' lang='grc'>¹¹,</span> <span class='ocrx_word' id='word_1_229' title='bbox 706 2754 803 2809; x_wconf 77' lang='grc' dir='ltr'>τοῦ</span> <span class='ocrx_word' id='word_1_230' title='bbox 840 2755 1110 2826; x_wconf 82' lang='grc' dir='ltr'>γνωρίσαι</span> <span class='ocrx_word' id='word_1_231' title='bbox 1145 2754 1283 2808; x_wconf 80' lang='grc' dir='ltr'>αὐτὰ</span> <span class='ocrx_word' id='word_1_232' title='bbox 1313 2755 1425 2817; x_wconf 86' lang='grc' dir='ltr'>τοῖς</span> <span class='ocrx_word' id='word_1_233' title='bbox 1457 2755 1592 2817; x_wconf 87' lang='grc' dir='ltr'>υίοῖς</span> <span class='ocrx_word' id='word_1_234' title='bbox 1621 2753 1802 2808; x_wconf 80' lang='grc' dir='ltr'>αὐτῶν</span> <span class='ocrx_word' id='word_1_235' title='bbox 1832 2756 1900 2820; x_wconf 78' lang='grc'>¹¹,</span> 
     </span>
    </p>
   </div>
   <div class='ocr_carea' id='block_1_31' title="bbox 319 2843 1898 2917">
    <p class='ocr_par' dir='ltr' id='par_1_31' title="bbox 319 2843 1898 2917">
     <span class='ocr_line' id='line_1_31' title="bbox 319 2843 1898 2917; baseline -0.002 -17"><span class='ocrx_word' id='word_1_236' title='bbox 319 2849 472 2911; x_wconf 86' lang='grc' dir='ltr'>ὅπως</span> <span class='ocrx_word' id='word_1_237' title='bbox 503 2847 569 2900; x_wconf 83' lang='grc' dir='ltr'>ἂν</span> <span class='ocrx_word' id='word_1_238' title='bbox 596 2846 640 2877; x_wconf 78' lang='grc'><strong>¹³</strong></span> <span class='ocrx_word' id='word_1_239' title='bbox 666 2845 780 2916; x_wconf 80' lang='grc' dir='ltr'>γνῷ</span> <span class='ocrx_word' id='word_1_240' title='bbox 807 2844 969 2915; x_wconf 84' lang='grc' dir='ltr'>γενεὰ</span> <span class='ocrx_word' id='word_1_241' title='bbox 1018 2845 1198 2917; x_wconf 87' lang='grc' dir='ltr'>έτέρα,</span> <span class='ocrx_word' id='word_1_242' title='bbox 1246 2843 1353 2898; x_wconf 74' lang='grc' dir='ltr'>υἱοὶ</span> <span class='ocrx_word' id='word_1_243' title='bbox 1393 2843 1781 2915; x_wconf 83' lang='grc' dir='ltr'>τεχθησόμενοι</span> <span class='ocrx_word' id='word_1_244' title='bbox 1822 2844 1866 2876; x_wconf 64' lang='grc'>³⁸</span> <span class='ocrx_word' id='word_1_245' title='bbox 1885 2860 1898 2876; x_wconf 90' lang='grc'><strong>·</strong></span> 
     </span>
    </p>
   </div>
   <div class='ocr_carea' id='block_1_32' title="bbox 321 2932 1903 3008">
    <p class='ocr_par' dir='ltr' id='par_1_32' title="bbox 321 2932 1903 3008">
     <span class='ocr_line' id='line_1_32' title="bbox 321 2932 1903 3008; baseline -0.001 -19"><span class='ocrx_word' id='word_1_246' title='bbox 321 2938 420 2991; x_wconf 77' lang='grc' dir='ltr'><strong>καὶ</strong></span> <span class='ocrx_word' id='word_1_247' title='bbox 465 2937 886 3008; x_wconf 81' lang='grc' dir='ltr'>ἀναστήσονται,</span> <span class='ocrx_word' id='word_1_248' title='bbox 944 2936 1040 2989; x_wconf 78' lang='grc' dir='ltr'><strong>καὶ</strong></span> <span class='ocrx_word' id='word_1_249' title='bbox 1093 2932 1488 3004; x_wconf 86' lang='grc' dir='ltr'>ἅναγγελοῦσιν</span> <span class='ocrx_word' id='word_1_250' title='bbox 1522 2936 1564 2968; x_wconf 84' lang='grc'>¹⁸</span> <span class='ocrx_word' id='word_1_251' title='bbox 1619 2935 1760 2989; x_wconf 80' lang='grc' dir='ltr'>αὐτὰ</span> <span class='ocrx_word' id='word_1_252' title='bbox 1790 2937 1903 3000; x_wconf 84' lang='grc' dir='ltr'>τοῖς</span> 
     </span>
    </p>
   </div>
   <div class='ocr_carea' id='block_1_33' title="bbox 320 3026 1902 3099">
    <p class='ocr_par' dir='ltr' id='par_1_33' title="bbox 320 3026 1902 3099">
     <span class='ocr_line' id='line_1_33' title="bbox 320 3026 1902 3099; baseline 0.001 -19"><span class='ocrx_word' id='word_1_253' title='bbox 320 3031 461 3091; x_wconf 77' lang='grc' dir='ltr'>υἱοῖς</span> <span class='ocrx_word' id='word_1_254' title='bbox 487 3028 686 3081; x_wconf 78' lang='grc' dir='ltr'>αὐτῶν.</span> <span class='ocrx_word' id='word_1_255' title='bbox 722 3048 742 3081; x_wconf 72' lang='grc' dir='ltr'><strong>ι</strong></span> <span class='ocrx_word' id='word_1_256' title='bbox 779 3028 891 3082; x_wconf 70' lang='grc' dir='ltr'><strong>Καὶ</strong></span> <span class='ocrx_word' id='word_1_257' title='bbox 914 3028 1013 3099; x_wconf 84' lang='grc' dir='ltr'>τὴν</span> <span class='ocrx_word' id='word_1_258' title='bbox 1042 3029 1107 3081; x_wconf 83' lang='grc' dir='ltr'>ὲκ</span> <span class='ocrx_word' id='word_1_259' title='bbox 1135 3030 1234 3098; x_wconf 86' lang='grc' dir='ltr'>τῆς</span> <span class='ocrx_word' id='word_1_260' title='bbox 1261 3026 1608 3091; x_wconf 83' lang='grc' dir='ltr'>διδασκαλίας</span> <span class='ocrx_word' id='word_1_261' title='bbox 1635 3027 1902 3097; x_wconf 82' lang='grc' dir='ltr'>ὠφέλειαν</span> 
     </span>
    </p>
   </div>
   <div class='ocr_carea' id='block_1_34' title="bbox 2001 548 3574 623">
    <p class='ocr_par' dir='ltr' id='par_1_34' title="bbox 2001 548 3574 623">
     <span class='ocr_line' id='line_1_34' title="bbox 2001 548 3574 623; baseline 0.007 -22"><span class='ocrx_word' id='word_1_262' title='bbox 2001 548 2102 603; x_wconf 88' lang='lat' dir='ltr'><strong>etsi</strong></span> <span class='ocrx_word' id='word_1_263' title='bbox 2127 564 2316 607; x_wconf 88' lang='lat' dir='ltr'><strong>omnes</strong></span> <span class='ocrx_word' id='word_1_264' title='bbox 2343 570 2504 609; x_wconf 87' lang='lat' dir='ltr'><strong>unam</strong></span> <span class='ocrx_word' id='word_1_265' title='bbox 2530 556 2710 611; x_wconf 88' lang='lat' dir='ltr'><strong>sortiti</strong></span> <span class='ocrx_word' id='word_1_266' title='bbox 2739 573 2931 613; x_wconf 86' lang='lat' dir='ltr'><strong>smnus</strong></span> <span class='ocrx_word' id='word_1_267' title='bbox 2953 568 3225 623; x_wconf 79' lang='lat' dir='ltr'><strong>naturain,</strong></span> <span class='ocrx_word' id='word_1_268' title='bbox 3243 565 3426 612; x_wconf 83' lang='lat' dir='ltr'><strong>tamen</strong></span> <span class='ocrx_word' id='word_1_269' title='bbox 3466 576 3574 614; x_wconf 82' lang='lat' dir='ltr'><strong>nun</strong></span> 
     </span>
    </p>
   </div>
   <div class='ocr_carea' id='block_1_35' title="bbox 2002 641 3573 717">
    <p class='ocr_par' dir='ltr' id='par_1_35' title="bbox 2002 641 3573 717">
     <span class='ocr_line' id='line_1_35' title="bbox 2002 641 3573 717; baseline 0.008 -26"><span class='ocrx_word' id='word_1_270' title='bbox 2002 641 2257 696; x_wconf 86' lang='lat' dir='ltr'><strong>omnibus</strong></span> <span class='ocrx_word' id='word_1_271' title='bbox 2296 658 2396 714; x_wconf 84' lang='lat' dir='ltr'><strong>par</strong></span> <span class='ocrx_word' id='word_1_272' title='bbox 2440 646 2807 717; x_wconf 77' lang='lat' dir='ltr'><strong>cognoscendi</strong></span> <span class='ocrx_word' id='word_1_273' title='bbox 2851 647 3084 703; x_wconf 78' lang='lat' dir='ltr'><strong>facultas</strong></span> <span class='ocrx_word' id='word_1_274' title='bbox 3131 663 3396 703; x_wconf 84' lang='lat' dir='ltr'><strong>concessa</strong></span> <span class='ocrx_word' id='word_1_275' title='bbox 3445 658 3573 705; x_wconf 85' lang='lat' dir='ltr'><strong>est:</strong></span> 
     </span>
    </p>
   </div>
   <div class='ocr_carea' id='block_1_36' title="bbox 2010 729 3577 811">
    <p class='ocr_par' dir='ltr' id='par_1_36' title="bbox 2010 729 3577 811">
     <span class='ocr_line' id='line_1_36' title="bbox 2010 729 3577 811; baseline 0.008 -29"><span class='ocrx_word' id='word_1_276' title='bbox 2010 748 2029 781; x_wconf 86' lang='grc'><em>‹</em></span> <span class='ocrx_word' id='word_1_277' title='bbox 2057 729 2364 805; x_wconf 82' lang='lat' dir='ltr'><strong>Unicuique</strong></span> <span class='ocrx_word' id='word_1_278' title='bbox 2391 738 2535 791; x_wconf 90' lang='lat' dir='ltr'><strong>enim</strong></span> <span class='ocrx_word' id='word_1_279' title='bbox 2570 738 2748 803; x_wconf 84' lang='lat' dir='ltr'><strong>datur,</strong></span> <span class='ocrx_word' id='word_1_280' title='bbox 2785 739 2998 810; x_wconf 91' lang='lat' dir='ltr'><strong>inquit,</strong></span> <span class='ocrx_word' id='word_1_281' title='bbox 3042 738 3419 794; x_wconf 80' lang='lat' dir='ltr'><strong>manifestatio</strong></span> <span class='ocrx_word' id='word_1_282' title='bbox 3452 740 3577 811; x_wconf 86' lang='lat' dir='ltr'><strong>Spi-</strong></span> 
     </span>
    </p>
   </div>
   <div class='ocr_carea' id='block_1_37' title="bbox 2003 823 3572 901">
    <p class='ocr_par' dir='ltr' id='par_1_37' title="bbox 2003 823 3572 901">
     <span class='ocr_line' id='line_1_37' title="bbox 2003 823 3572 901; baseline 0.006 -25"><span class='ocrx_word' id='word_1_283' title='bbox 2003 823 2144 878; x_wconf 90' lang='lat' dir='ltr'><strong>ritus</strong></span> <span class='ocrx_word' id='word_1_284' title='bbox 2176 825 2245 879; x_wconf 89' lang='lat' dir='ltr'><strong>ad</strong></span> <span class='ocrx_word' id='word_1_285' title='bbox 2292 826 2604 892; x_wconf 83' lang='lat' dir='ltr'><strong>utilitatem,</strong></span> <span class='ocrx_word' id='word_1_286' title='bbox 2643 837 2698 885; x_wconf 90' lang='lat' dir='ltr'><strong>et</strong></span> <span class='ocrx_word' id='word_1_287' title='bbox 2736 830 2828 885; x_wconf 84' lang='lat' dir='ltr'><strong>alii</strong></span> <span class='ocrx_word' id='word_1_288' title='bbox 2888 830 3109 901; x_wconf 87' lang='lat' dir='ltr'><strong>quidem</strong></span> <span class='ocrx_word' id='word_1_289' title='bbox 3161 846 3258 901; x_wconf 86' lang='lat' dir='ltr'><strong>per</strong></span> <span class='ocrx_word' id='word_1_290' title='bbox 3305 831 3572 901; x_wconf 84' lang='lat' dir='ltr'><strong>Spiritum</strong></span> 
     </span>
    </p>
   </div>
   <div class='ocr_carea' id='block_1_38' title="bbox 2008 913 3575 989">
    <p class='ocr_par' dir='ltr' id='par_1_38' title="bbox 2008 913 3575 989">
     <span class='ocr_line' id='line_1_38' title="bbox 2008 913 3575 989; baseline 0.006 -22"><span class='ocrx_word' id='word_1_291' title='bbox 2008 913 2221 986; x_wconf 57' lang='lat' dir='ltr'><strong>105E.</strong></span> <span class='ocrx_word' id='word_1_292' title='bbox 2244 915 2405 970; x_wconf 88' lang='lat' dir='ltr'><strong>datur</strong></span> <span class='ocrx_word' id='word_1_293' title='bbox 2438 933 2619 973; x_wconf 87' lang='lat' dir='ltr'><strong>sermo</strong></span> <span class='ocrx_word' id='word_1_294' title='bbox 2640 920 2959 989; x_wconf 60' lang='lat' dir='ltr'><strong>sapientiae;</strong></span> <span class='ocrx_word' id='word_1_295' title='bbox 2991 922 3082 975; x_wconf 88' lang='lat' dir='ltr'><strong>alii</strong></span> <span class='ocrx_word' id='word_1_296' title='bbox 3113 937 3295 977; x_wconf 86' lang='lat' dir='ltr'><strong>sermo</strong></span> <span class='ocrx_word' id='word_1_297' title='bbox 3331 923 3575 977; x_wconf 65' lang='lat' dir='ltr'><strong>s‘cientize</strong></span> 
     </span>
    </p>
   </div>
   <div class='ocr_carea' id='block_1_39' title="bbox 2003 1003 3573 1079">
    <p class='ocr_par' dir='ltr' id='par_1_39' title="bbox 2003 1003 3573 1079">
     <span class='ocr_line' id='line_1_39' title="bbox 2003 1003 3573 1079; baseline 0.006 -23"><span class='ocrx_word' id='word_1_298' title='bbox 2003 1003 2306 1058; x_wconf 83' lang='lat' dir='ltr'><strong>secundum</strong></span> <span class='ocrx_word' id='word_1_299' title='bbox 2340 1007 2589 1061; x_wconf 90' lang='lat' dir='ltr'><strong>eumdem</strong></span> <span class='ocrx_word' id='word_1_300' title='bbox 2620 1007 2923 1079; x_wconf 81' lang='lat' dir='ltr'><strong>Spiritum;</strong></span> <span class='ocrx_word' id='word_1_301' title='bbox 2951 1011 3106 1066; x_wconf 91' lang='lat' dir='ltr'><strong>alteri</strong></span> <span class='ocrx_word' id='word_1_302' title='bbox 3133 1011 3268 1068; x_wconf 84' lang='lat' dir='ltr'><strong>ﬁdes</strong></span> <span class='ocrx_word' id='word_1_303' title='bbox 3297 1012 3351 1066; x_wconf 92' lang='lat' dir='ltr'><strong>in</strong></span> <span class='ocrx_word' id='word_1_304' title='bbox 3382 1013 3573 1067; x_wconf 89' lang='lat' dir='ltr'><strong>eodem</strong></span> 
     </span>
    </p>
   </div>
   <div class='ocr_carea' id='block_1_40' title="bbox 2005 1091 3574 1175">
    <p class='ocr_par' dir='ltr' id='par_1_40' title="bbox 2005 1091 3574 1175">
     <span class='ocr_line' id='line_1_40' title="bbox 2005 1091 3574 1175; baseline 0.008 -30"><span class='ocrx_word' id='word_1_305' title='bbox 2005 1091 2214 1162; x_wconf 91' lang='lat' dir='ltr'><strong>Spiritu</strong></span> <span class='ocrx_word' id='word_1_306' title='bbox 2235 1098 2343 1160; x_wconf 60' lang='grc' dir='ltr'><strong>αρ’</strong></span> <span class='ocrx_word' id='word_1_307' title='bbox 2371 1105 2419 1152; x_wconf 88' lang='lat' dir='ltr'><strong>et</strong></span> <span class='ocrx_word' id='word_1_308' title='bbox 2455 1114 2579 1168; x_wconf 71' lang='lat' dir='ltr'><strong>quae</strong></span> <span class='ocrx_word' id='word_1_309' title='bbox 2605 1100 2861 1171; x_wconf 85' lang='lat' dir='ltr'><strong>deinceps</strong></span> <span class='ocrx_word' id='word_1_310' title='bbox 2887 1114 3212 1173; x_wconf 86' lang='lat' dir='ltr'><strong>sequuntur,</strong></span> <span class='ocrx_word' id='word_1_311' title='bbox 3248 1105 3430 1159; x_wconf 86' lang='lat' dir='ltr'><strong>omnia</strong></span> <span class='ocrx_word' id='word_1_312' title='bbox 3459 1110 3574 1175; x_wconf 86' lang='lat' dir='ltr'><strong>pari</strong></span> 
     </span>
    </p>
   </div>
   <div class='ocr_carea' id='block_1_41' title="bbox 2003 1182 3575 1266">
    <p class='ocr_par' dir='ltr' id='par_1_41' title="bbox 2003 1182 3575 1266">
     <span class='ocr_line' id='line_1_41' title="bbox 2003 1182 3575 1266; baseline 0.009 -29"><span class='ocrx_word' id='word_1_313' title='bbox 2003 1182 2294 1243; x_wconf 82' lang='lat' dir='ltr'><strong>divisionis</strong></span> <span class='ocrx_word' id='word_1_314' title='bbox 2363 1190 2577 1245; x_wconf 79' lang='lat' dir='ltr'><strong>ratione</strong></span> <span class='ocrx_word' id='word_1_315' title='bbox 2627 1191 2926 1248; x_wconf 89' lang='lat' dir='ltr'><strong>distributa</strong></span> <span class='ocrx_word' id='word_1_316' title='bbox 2980 1195 3170 1249; x_wconf 77' lang='lat' dir='ltr'><strong>:niliil</strong></span> <span class='ocrx_word' id='word_1_317' title='bbox 3212 1211 3319 1261; x_wconf 91' lang='lat' dir='ltr'><strong>me,</strong></span> <span class='ocrx_word' id='word_1_318' title='bbox 3365 1197 3511 1266; x_wconf 87' lang='lat' dir='ltr'><strong>quod</strong></span> <span class='ocrx_word' id='word_1_319' title='bbox 3546 1212 3575 1250; x_wconf 90' lang='lat' dir='ltr'><strong>a</strong></span> 
     </span>
    </p>
   </div>
   <div class='ocr_carea' id='block_1_42' title="bbox 2004 1277 3577 1352">
    <p class='ocr_par' dir='ltr' id='par_1_42' title="bbox 2004 1277 3577 1352">
     <span class='ocr_line' id='line_1_42' title="bbox 2004 1277 3577 1352; baseline 0.01 -23"><span class='ocrx_word' id='word_1_320' title='bbox 2004 1277 2215 1334; x_wconf 88' lang='lat' dir='ltr'><strong>ratione</strong></span> <span class='ocrx_word' id='word_1_321' title='bbox 2247 1280 2564 1348; x_wconf 85' lang='lat' dir='ltr'><strong>abhorreat,</strong></span> <span class='ocrx_word' id='word_1_322' title='bbox 2590 1284 2834 1340; x_wconf 87' lang='lat' dir='ltr'><strong>arbitror</strong></span> <span class='ocrx_word' id='word_1_323' title='bbox 2854 1284 3130 1341; x_wconf 77' lang='lat' dir='ltr'><strong>facturum</strong></span> <span class='ocrx_word' id='word_1_324' title='bbox 3150 1304 3292 1352; x_wconf 84' lang='lat' dir='ltr'><strong>esse,</strong></span> <span class='ocrx_word' id='word_1_325' title='bbox 3322 1289 3367 1343; x_wconf 89' lang='lat' dir='ltr'><strong>si</strong></span> <span class='ocrx_word' id='word_1_326' title='bbox 3394 1290 3577 1344; x_wconf 77' lang='lat' dir='ltr'><strong>divina</strong></span> 
     </span>
    </p>
   </div>
   <div class='ocr_carea' id='block_1_43' title="bbox 2003 1365 3576 1444">
    <p class='ocr_par' dir='ltr' id='par_1_43' title="bbox 2003 1365 3576 1444">
     <span class='ocr_line' id='line_1_43' title="bbox 2003 1365 3576 1444; baseline 0.006 -24"><span class='ocrx_word' id='word_1_327' title='bbox 2003 1365 2198 1422; x_wconf 88' lang='lat' dir='ltr'><strong>horum</strong></span> <span class='ocrx_word' id='word_1_328' title='bbox 2251 1371 2454 1441; x_wconf 86' lang='lat' dir='ltr'><strong>scripta</strong></span> <span class='ocrx_word' id='word_1_329' title='bbox 2487 1373 2873 1444; x_wconf 79' lang='lat' dir='ltr'><strong>ignorantibus</strong></span> <span class='ocrx_word' id='word_1_330' title='bbox 2909 1377 3229 1432; x_wconf 91' lang='lat' dir='ltr'><strong>eorumdem</strong></span> <span class='ocrx_word' id='word_1_331' title='bbox 3268 1377 3576 1432; x_wconf 71' lang='lat' dir='ltr'><strong>doctrinam</strong></span> 
     </span>
    </p>
   </div>
   <div class='ocr_carea' id='block_1_44' title="bbox 2004 1454 3578 1537">
    <p class='ocr_par' dir='ltr' id='par_1_44' title="bbox 2004 1454 3578 1537">
     <span class='ocr_line' id='line_1_44' title="bbox 2004 1454 3578 1537; baseline 0.008 -28"><span class='ocrx_word' id='word_1_332' title='bbox 2004 1454 2160 1513; x_wconf 88' lang='lat' dir='ltr'><strong>libris</strong></span> <span class='ocrx_word' id='word_1_333' title='bbox 2196 1460 2418 1530; x_wconf 79' lang='lat' dir='ltr'><strong>scriptis</strong></span> <span class='ocrx_word' id='word_1_334' title='bbox 2456 1462 2763 1534; x_wconf 85' lang='lat' dir='ltr'><strong>impertiar,</strong></span> <span class='ocrx_word' id='word_1_335' title='bbox 2796 1466 2892 1536; x_wconf 88' lang='lat' dir='ltr'><strong>qui</strong></span> <span class='ocrx_word' id='word_1_336' title='bbox 2927 1481 2958 1520; x_wconf 90' lang='lat' dir='ltr'><strong>a</strong></span> <span class='ocrx_word' id='word_1_337' title='bbox 2999 1482 3170 1537; x_wconf 91' lang='lat' dir='ltr'><strong>puero</strong></span> <span class='ocrx_word' id='word_1_338' title='bbox 3202 1468 3258 1522; x_wconf 92' lang='lat' dir='ltr'><strong>in</strong></span> <span class='ocrx_word' id='word_1_339' title='bbox 3291 1469 3399 1524; x_wconf 88' lang='lat' dir='ltr'><strong>illis</strong></span> <span class='ocrx_word' id='word_1_340' title='bbox 3441 1470 3578 1523; x_wconf 85' lang='lat' dir='ltr'><strong>edu-</strong></span> 
     </span>
    </p>
   </div>
   <div class='ocr_carea' id='block_1_45' title="bbox 2003 1553 3577 1629">
    <p class='ocr_par' dir='ltr' id='par_1_45' title="bbox 2003 1553 3577 1629">
     <span class='ocr_line' id='line_1_45' title="bbox 2003 1553 3577 1629; baseline 0.007 -26"><span class='ocrx_word' id='word_1_341' title='bbox 2003 1556 2185 1617; x_wconf 81' lang='lat' dir='ltr'><strong>catus,</strong></span> <span class='ocrx_word' id='word_1_342' title='bbox 2213 1566 2242 1605; x_wconf 86' lang='lat' dir='ltr'><strong>a</strong></span> <span class='ocrx_word' id='word_1_343' title='bbox 2273 1553 2472 1608; x_wconf 86' lang='lat' dir='ltr'><strong>multis</strong></span> <span class='ocrx_word' id='word_1_344' title='bbox 2494 1555 2657 1609; x_wconf 92' lang='lat' dir='ltr'><strong>etiam</strong></span> <span class='ocrx_word' id='word_1_345' title='bbox 2697 1557 2805 1627; x_wconf 90' lang='lat' dir='ltr'><strong>piis</strong></span> <span class='ocrx_word' id='word_1_346' title='bbox 2846 1558 3214 1629; x_wconf 85' lang='lat' dir='ltr'><strong>scriptoribus</strong></span> <span class='ocrx_word' id='word_1_347' title='bbox 3245 1560 3577 1615; x_wconf 86' lang='lat' dir='ltr'><strong>mediocrem</strong></span> 
     </span>
    </p>
   </div>
   <div class='ocr_carea' id='block_1_46' title="bbox 2003 1642 3580 1720">
    <p class='ocr_par' dir='ltr' id='par_1_46' title="bbox 2003 1642 3580 1720">
     <span class='ocr_line' id='line_1_46' title="bbox 2003 1642 3580 1720; baseline 0.007 -26"><span class='ocrx_word' id='word_1_348' title='bbox 2003 1642 2296 1712; x_wconf 86' lang='lat' dir='ltr'><strong>quamdam</strong></span> <span class='ocrx_word' id='word_1_349' title='bbox 2328 1645 2698 1716; x_wconf 84' lang='lat' dir='ltr'><strong>cognitionem</strong></span> <span class='ocrx_word' id='word_1_350' title='bbox 2731 1650 2972 1720; x_wconf 86' lang='lat' dir='ltr'><strong>percepi.</strong></span> <span class='ocrx_word' id='word_1_351' title='bbox 3005 1648 3221 1705; x_wconf 86' lang='lat' dir='ltr'><strong>Etenim</strong></span> <span class='ocrx_word' id='word_1_352' title='bbox 3264 1650 3450 1705; x_wconf 81' lang='lat' dir='ltr'><strong>divina</strong></span> <span class='ocrx_word' id='word_1_353' title='bbox 3492 1651 3580 1705; x_wconf 83' lang='lat' dir='ltr'><strong>lex</strong></span> 
     </span>
    </p>
   </div>
   <div class='ocr_carea' id='block_1_47' title="bbox 2006 1735 3579 1810">
    <p class='ocr_par' dir='ltr' id='par_1_47' title="bbox 2006 1735 3579 1810">
     <span class='ocr_line' id='line_1_47' title="bbox 2006 1735 3579 1810; baseline 0.006 -22"><span class='ocrx_word' id='word_1_354' title='bbox 2006 1735 2281 1806; x_wconf 62' lang='lat' dir='ltr'><strong>praecipit,</strong></span> <span class='ocrx_word' id='word_1_355' title='bbox 2313 1745 2373 1792; x_wconf 89' lang='lat' dir='ltr'><strong>ut</strong></span> <span class='ocrx_word' id='word_1_356' title='bbox 2403 1753 2524 1808; x_wconf 65' lang='lat' dir='ltr'><strong>quae</strong></span> <span class='ocrx_word' id='word_1_357' title='bbox 2554 1754 2584 1794; x_wconf 88' lang='lat' dir='ltr'><strong>a</strong></span> <span class='ocrx_word' id='word_1_358' title='bbox 2620 1742 2942 1810; x_wconf 89' lang='lat' dir='ltr'><strong>parentibus</strong></span> <span class='ocrx_word' id='word_1_359' title='bbox 2971 1742 3286 1810; x_wconf 87' lang='lat' dir='ltr'><strong>didicimus,</strong></span> <span class='ocrx_word' id='word_1_360' title='bbox 3328 1759 3391 1799; x_wconf 85' lang='lat' dir='ltr'><strong>ea</strong></span> <span class='ocrx_word' id='word_1_361' title='bbox 3436 1744 3579 1798; x_wconf 81' lang='lat' dir='ltr'><strong>ﬁlios</strong></span> 
     </span>
    </p>
   </div>
   <div class='ocr_carea' id='block_1_48' title="bbox 2006 1829 3578 1907">
    <p class='ocr_par' dir='ltr' id='par_1_48' title="bbox 2006 1829 3578 1907">
     <span class='ocr_line' id='line_1_48' title="bbox 2006 1829 3578 1907; baseline 0.005 -25"><span class='ocrx_word' id='word_1_362' title='bbox 2006 1836 2227 1884; x_wconf 89' lang='lat' dir='ltr'><strong>nostros</strong></span> <span class='ocrx_word' id='word_1_363' title='bbox 2252 1829 2600 1889; x_wconf 88' lang='lat' dir='ltr'><strong>edoceamus.</strong></span> <span class='ocrx_word' id='word_1_364' title='bbox 2630 1850 2649 1884; x_wconf 76' lang='grc' dir='ltr'><strong>ι</strong></span> <span class='ocrx_word' id='word_1_365' title='bbox 2686 1833 2919 1891; x_wconf 87' lang='lat' dir='ltr'><strong>Docebis</strong></span> <span class='ocrx_word' id='word_1_366' title='bbox 2933 1838 3079 1891; x_wconf 89' lang='lat' dir='ltr'><strong>enim</strong></span> <span class='ocrx_word' id='word_1_367' title='bbox 3101 1851 3189 1902; x_wconf 87' lang='lat' dir='ltr'><strong>ea,</strong></span> <span class='ocrx_word' id='word_1_368' title='bbox 3215 1836 3414 1907; x_wconf 79' lang='lat' dir='ltr'><strong>inquit,</strong></span> <span class='ocrx_word' id='word_1_369' title='bbox 3437 1837 3578 1891; x_wconf 81' lang='lat' dir='ltr'><strong>ﬁlios</strong></span> 
     </span>
    </p>
   </div>
   <div class='ocr_carea' id='block_1_49' title="bbox 2008 1926 3578 1999">
    <p class='ocr_par' dir='ltr' id='par_1_49' title="bbox 2008 1926 3578 1999">
     <span class='ocr_line' id='line_1_49' title="bbox 2008 1926 3578 1999; baseline 0.006 -27"><span class='ocrx_word' id='word_1_370' title='bbox 2008 1926 2133 1975; x_wconf 90' lang='lat' dir='ltr'><strong>tuos</strong></span> <span class='ocrx_word' id='word_1_371' title='bbox 2162 1928 2215 1976; x_wconf 86' lang='lat' dir='ltr'><strong>et</strong></span> <span class='ocrx_word' id='word_1_372' title='bbox 2257 1932 2479 1993; x_wconf 86' lang='lat' dir='ltr'><strong>nepotes</strong></span> <span class='ocrx_word' id='word_1_373' title='bbox 2517 1934 2644 1983; x_wconf 91' lang='lat' dir='ltr'><strong>tuos</strong></span> <span class='ocrx_word' id='word_1_374' title='bbox 2677 1926 2728 1982; x_wconf 70' lang='grc' dir='ltr'>ιι.</span> <span class='ocrx_word' id='word_1_375' title='bbox 2768 1945 2787 1979; x_wconf 75' lang='grc' dir='ltr'><strong>ι</strong></span> <span class='ocrx_word' id='word_1_376' title='bbox 2810 1926 2990 1994; x_wconf 82' lang='lat' dir='ltr'><strong>Quare</strong></span> <span class='ocrx_word' id='word_1_377' title='bbox 3018 1928 3182 1983; x_wconf 88' lang='lat' dir='ltr'><strong>etiam</strong></span> <span class='ocrx_word' id='word_1_378' title='bbox 3211 1943 3441 1999; x_wconf 81' lang='lat' dir='ltr'><strong>magnus</strong></span> <span class='ocrx_word' id='word_1_379' title='bbox 3490 1928 3578 1982; x_wconf 85' lang='lat' dir='ltr'><strong>ille</strong></span> 
     </span>
    </p>
   </div>
   <div class='ocr_carea' id='block_1_50' title="bbox 2004 2011 3576 2091">
    <p class='ocr_par' dir='ltr' id='par_1_50' title="bbox 2004 2011 3576 2091">
     <span class='ocr_line' id='line_1_50' title="bbox 2004 2011 3576 2091; baseline 0.006 -26"><span class='ocrx_word' id='word_1_380' title='bbox 2004 2011 2199 2067; x_wconf 90' lang='lat' dir='ltr'><strong>doctor</strong></span> <span class='ocrx_word' id='word_1_381' title='bbox 2229 2012 2433 2072; x_wconf 85' lang='lat' dir='ltr'><strong>David:</strong></span> <span class='ocrx_word' id='word_1_382' title='bbox 2477 2035 2496 2069; x_wconf 81' lang='grc' dir='ltr'><strong>ι</strong></span> <span class='ocrx_word' id='word_1_383' title='bbox 2549 2018 2848 2085; x_wconf 83' lang='lat' dir='ltr'><strong>Attendite,</strong></span> <span class='ocrx_word' id='word_1_384' title='bbox 2893 2019 3093 2090; x_wconf 85' lang='lat' dir='ltr'><strong>inquit,</strong></span> <span class='ocrx_word' id='word_1_385' title='bbox 3136 2021 3337 2091; x_wconf 89' lang='lat' dir='ltr'><strong>popnle</strong></span> <span class='ocrx_word' id='word_1_386' title='bbox 3382 2020 3479 2085; x_wconf 87' lang='lat' dir='ltr'><strong>tui,</strong></span> <span class='ocrx_word' id='word_1_387' title='bbox 3508 2018 3576 2074; x_wconf 83' lang='lat' dir='ltr'><strong>ad</strong></span> 
     </span>
    </p>
   </div>
   <div class='ocr_carea' id='block_1_51' title="bbox 2006 2103 3577 2174">
    <p class='ocr_par' dir='ltr' id='par_1_51' title="bbox 2006 2103 3577 2174">
     <span class='ocr_line' id='line_1_51' title="bbox 2006 2103 3577 2174; baseline 0.006 -18"><span class='ocrx_word' id='word_1_388' title='bbox 2006 2103 2178 2174; x_wconf 78' lang='lat' dir='ltr'><strong>legero</strong></span> <span class='ocrx_word' id='word_1_389' title='bbox 2207 2120 2408 2173; x_wconf 85' lang='lat' dir='ltr'><strong>meam,</strong></span> <span class='ocrx_word' id='word_1_390' title='bbox 2428 2107 2694 2165; x_wconf 90' lang='lat' dir='ltr'><strong>inclinate</strong></span> <span class='ocrx_word' id='word_1_391' title='bbox 2720 2125 2907 2165; x_wconf 89' lang='lat' dir='ltr'><strong>aurem</strong></span> <span class='ocrx_word' id='word_1_392' title='bbox 2922 2124 3159 2166; x_wconf 81' lang='lat' dir='ltr'><strong>vestram</strong></span> <span class='ocrx_word' id='word_1_393' title='bbox 3179 2111 3247 2165; x_wconf 88' lang='lat' dir='ltr'><strong>ad</strong></span> <span class='ocrx_word' id='word_1_394' title='bbox 3273 2111 3436 2166; x_wconf 86' lang='lat' dir='ltr'><strong>verba</strong></span> <span class='ocrx_word' id='word_1_395' title='bbox 3461 2114 3577 2166; x_wconf 85' lang='lat' dir='ltr'><strong>oris</strong></span> 
     </span>
    </p>
   </div>
   <div class='ocr_carea' id='block_1_52' title="bbox 2007 2196 3581 2272">
    <p class='ocr_par' dir='ltr' id='par_1_52' title="bbox 2007 2196 3581 2272">
     <span class='ocr_line' id='line_1_52' title="bbox 2007 2196 3581 2272; baseline 0.004 -23"><span class='ocrx_word' id='word_1_396' title='bbox 2007 2196 2148 2251; x_wconf 89' lang='lat' dir='ltr'><strong>mei:</strong></span> <span class='ocrx_word' id='word_1_397' title='bbox 2187 2198 2429 2266; x_wconf 87' lang='lat' dir='ltr'><strong>aperiam</strong></span> <span class='ocrx_word' id='word_1_398' title='bbox 2476 2199 2531 2253; x_wconf 90' lang='lat' dir='ltr'><strong>in</strong></span> <span class='ocrx_word' id='word_1_399' title='bbox 2576 2201 2852 2270; x_wconf 84' lang='lat' dir='ltr'><strong>parabolis</strong></span> <span class='ocrx_word' id='word_1_400' title='bbox 2883 2216 2945 2256; x_wconf 92' lang='lat' dir='ltr'><strong>os</strong></span> <span class='ocrx_word' id='word_1_401' title='bbox 2985 2217 3189 2269; x_wconf 91' lang='lat' dir='ltr'><strong>meum,</strong></span> <span class='ocrx_word' id='word_1_402' title='bbox 3226 2203 3424 2272; x_wconf 86' lang='lat' dir='ltr'><strong>loquar</strong></span> <span class='ocrx_word' id='word_1_403' title='bbox 3454 2217 3581 2272; x_wconf 76' lang='lat' dir='ltr'><strong>pro-</strong></span> 
     </span>
    </p>
   </div>
   <div class='ocr_carea' id='block_1_53' title="bbox 2004 2285 3580 2357">
    <p class='ocr_par' dir='ltr' id='par_1_53' title="bbox 2004 2285 3580 2357">
     <span class='ocr_line' id='line_1_53' title="bbox 2004 2285 3580 2357; baseline 0.004 -15"><span class='ocrx_word' id='word_1_404' title='bbox 2004 2285 2312 2357; x_wconf 85' lang='lat' dir='ltr'><strong>positiones</strong></span> <span class='ocrx_word' id='word_1_405' title='bbox 2346 2290 2415 2344; x_wconf 91' lang='lat' dir='ltr'><strong>ab</strong></span> <span class='ocrx_word' id='word_1_406' title='bbox 2444 2290 2600 2345; x_wconf 88' lang='lat' dir='ltr'><strong>initio</strong></span> <span class='ocrx_word' id='word_1_407' title='bbox 2631 2301 2680 2346; x_wconf 76' lang='grc' dir='ltr'>α.</span> <span class='ocrx_word' id='word_1_408' title='bbox 2724 2310 2744 2345; x_wconf 80' lang='grc' dir='ltr'><strong>ι</strong></span> <span class='ocrx_word' id='word_1_409' title='bbox 2780 2290 3010 2356; x_wconf 88' lang='lat' dir='ltr'><strong>Deinde,</strong></span> <span class='ocrx_word' id='word_1_410' title='bbox 3043 2292 3189 2348; x_wconf 83' lang='lat' dir='ltr'><strong>unde</strong></span> <span class='ocrx_word' id='word_1_411' title='bbox 3227 2293 3342 2347; x_wconf 83' lang='lat' dir='ltr'><strong>haec</strong></span> <span class='ocrx_word' id='word_1_412' title='bbox 3376 2292 3580 2348; x_wconf 88' lang='lat' dir='ltr'><strong>didice-</strong></span> 
     </span>
    </p>
   </div>
   <div class='ocr_carea' id='block_1_54' title="bbox 2005 2378 3581 2454">
    <p class='ocr_par' dir='ltr' id='par_1_54' title="bbox 2005 2378 3581 2454">
     <span class='ocr_line' id='line_1_54' title="bbox 2005 2378 3581 2454; baseline 0.005 -22"><span class='ocrx_word' id='word_1_413' title='bbox 2005 2378 2098 2443; x_wconf 85' lang='lat' dir='ltr'><strong>rit,</strong></span> <span class='ocrx_word' id='word_1_414' title='bbox 2128 2379 2408 2436; x_wconf 85' lang='lat' dir='ltr'><strong>ostendit:</strong></span> <span class='ocrx_word' id='word_1_415' title='bbox 2442 2398 2461 2431; x_wconf 76' lang='grc' dir='ltr'><strong>ι</strong></span> <span class='ocrx_word' id='word_1_416' title='bbox 2505 2380 2722 2447; x_wconf 87' lang='lat' dir='ltr'><strong>Quanta</strong></span> <span class='ocrx_word' id='word_1_417' title='bbox 2771 2383 3110 2451; x_wconf 86' lang='lat' dir='ltr'><strong>audivimus,</strong></span> <span class='ocrx_word' id='word_1_418' title='bbox 3160 2385 3358 2454; x_wconf 84' lang='lat' dir='ltr'><strong>inquit,</strong></span> <span class='ocrx_word' id='word_1_419' title='bbox 3390 2393 3444 2440; x_wconf 91' lang='lat' dir='ltr'><strong>et</strong></span> <span class='ocrx_word' id='word_1_420' title='bbox 3489 2400 3581 2440; x_wconf 84' lang='lat' dir='ltr'><strong>co-</strong></span> 
     </span>
    </p>
   </div>
   <div class='ocr_carea' id='block_1_55' title="bbox 2005 2472 3576 2542">
    <p class='ocr_par' dir='ltr' id='par_1_55' title="bbox 2005 2472 3576 2542">
     <span class='ocr_line' id='line_1_55' title="bbox 2005 2472 3576 2542; baseline 0.005 -19"><span class='ocrx_word' id='word_1_421' title='bbox 2005 2472 2298 2540; x_wconf 79' lang='lat' dir='ltr'><strong>gnovimus</strong></span> <span class='ocrx_word' id='word_1_422' title='bbox 2326 2486 2410 2536; x_wconf 89' lang='lat' dir='ltr'><strong>ea,</strong></span> <span class='ocrx_word' id='word_1_423' title='bbox 2443 2480 2498 2526; x_wconf 91' lang='lat' dir='ltr'><strong>et</strong></span> <span class='ocrx_word' id='word_1_424' title='bbox 2541 2481 2726 2542; x_wconf 84' lang='lat' dir='ltr'><strong>patres</strong></span> <span class='ocrx_word' id='word_1_425' title='bbox 2769 2474 2944 2530; x_wconf 86' lang='lat' dir='ltr'><strong>nostri</strong></span> <span class='ocrx_word' id='word_1_426' title='bbox 2978 2483 3349 2530; x_wconf 82' lang='lat' dir='ltr'><strong>narraverunt</strong></span> <span class='ocrx_word' id='word_1_427' title='bbox 3384 2477 3540 2532; x_wconf 90' lang='lat' dir='ltr'><strong>nobis</strong></span> <span class='ocrx_word' id='word_1_428' title='bbox 3563 2518 3576 2540; x_wconf 88' lang='lat'><strong>,</strong></span> 
     </span>
    </p>
   </div>
   <div class='ocr_carea' id='block_1_56' title="bbox 2006 2565 3581 2639">
    <p class='ocr_par' dir='ltr' id='par_1_56' title="bbox 2006 2565 3581 2639">
     <span class='ocr_line' id='line_1_56' title="bbox 2006 2565 3581 2639; baseline 0.006 -24"><span class='ocrx_word' id='word_1_429' title='bbox 2006 2576 2115 2615; x_wconf 92' lang='lat' dir='ltr'><strong>non</strong></span> <span class='ocrx_word' id='word_1_430' title='bbox 2163 2570 2293 2617; x_wconf 90' lang='lat' dir='ltr'><strong>sunt</strong></span> <span class='ocrx_word' id='word_1_431' title='bbox 2340 2565 2612 2620; x_wconf 88' lang='lat' dir='ltr'><strong>occultata</strong></span> <span class='ocrx_word' id='word_1_432' title='bbox 2649 2581 2681 2619; x_wconf 89' lang='lat' dir='ltr'><strong>a</strong></span> <span class='ocrx_word' id='word_1_433' title='bbox 2722 2567 2848 2622; x_wconf 90' lang='lat' dir='ltr'><strong>ﬁliis</strong></span> <span class='ocrx_word' id='word_1_434' title='bbox 2890 2583 3081 2623; x_wconf 88' lang='lat' dir='ltr'><strong>eorum</strong></span> <span class='ocrx_word' id='word_1_435' title='bbox 3132 2568 3187 2623; x_wconf 92' lang='lat' dir='ltr'><strong>in</strong></span> <span class='ocrx_word' id='word_1_436' title='bbox 3229 2570 3581 2639; x_wconf 79' lang='lat' dir='ltr'><strong>generatione</strong></span> 
     </span>
    </p>
   </div>
   <div class='ocr_carea' id='block_1_57' title="bbox 2006 2650 3581 2731">
    <p class='ocr_par' dir='ltr' id='par_1_57' title="bbox 2006 2650 3581 2731">
     <span class='ocr_line' id='line_1_57' title="bbox 2006 2650 3581 2731; baseline 0.006 -26"><span class='ocrx_word' id='word_1_437' title='bbox 2006 2650 2238 2708; x_wconf 71' lang='lat' dir='ltr'><strong>alterad.</strong></span> <span class='ocrx_word' id='word_1_438' title='bbox 2266 2670 2285 2704; x_wconf 74' lang='grc' dir='ltr'><strong>ι</strong></span> <span class='ocrx_word' id='word_1_439' title='bbox 2310 2651 2633 2724; x_wconf 87' lang='lat' dir='ltr'><strong>Docensque</strong></span> <span class='ocrx_word' id='word_1_440' title='bbox 2662 2655 2989 2725; x_wconf 84' lang='lat' dir='ltr'><strong>cognitionis</strong></span> <span class='ocrx_word' id='word_1_441' title='bbox 3023 2672 3245 2714; x_wconf 87' lang='lat' dir='ltr'><strong>causam</strong></span> <span class='ocrx_word' id='word_1_442' title='bbox 3272 2676 3287 2712; x_wconf 89' lang='lat'><strong>:</strong></span> <span class='ocrx_word' id='word_1_443' title='bbox 3320 2679 3341 2711; x_wconf 76' lang='grc' dir='ltr'><strong>ι</strong></span> <span class='ocrx_word' id='word_1_444' title='bbox 3385 2658 3581 2731; x_wconf 76' lang='lat' dir='ltr'><strong>Legem</strong></span> 
     </span>
    </p>
   </div>
   <div class='ocr_carea' id='block_1_58' title="bbox 2005 2744 3584 2820">
    <p class='ocr_par' dir='ltr' id='par_1_58' title="bbox 2005 2744 3584 2820">
     <span class='ocr_line' id='line_1_58' title="bbox 2005 2744 3584 2820; baseline 0.006 -23"><span class='ocrx_word' id='word_1_445' title='bbox 2005 2744 2209 2813; x_wconf 87' lang='lat' dir='ltr'><strong>posuit,</strong></span> <span class='ocrx_word' id='word_1_446' title='bbox 2230 2745 2433 2815; x_wconf 90' lang='lat' dir='ltr'><strong>inquit,</strong></span> <span class='ocrx_word' id='word_1_447' title='bbox 2452 2746 2504 2800; x_wconf 91' lang='lat' dir='ltr'><strong>in</strong></span> <span class='ocrx_word' id='word_1_448' title='bbox 2521 2744 2744 2802; x_wconf 90' lang='lat' dir='ltr'><strong>lsraele.</strong></span> <span class='ocrx_word' id='word_1_449' title='bbox 2763 2746 2985 2813; x_wconf 84' lang='lat' dir='ltr'><strong>Quanta</strong></span> <span class='ocrx_word' id='word_1_450' title='bbox 3019 2750 3299 2805; x_wconf 90' lang='lat' dir='ltr'><strong>mandavit</strong></span> <span class='ocrx_word' id='word_1_451' title='bbox 3332 2752 3584 2820; x_wconf 80' lang='lat' dir='ltr'><strong>patribus</strong></span> 
     </span>
    </p>
   </div>
   <div class='ocr_carea' id='block_1_59' title="bbox 2004 2837 3586 2912">
    <p class='ocr_par' dir='ltr' id='par_1_59' title="bbox 2004 2837 3586 2912">
     <span class='ocr_line' id='line_1_59' title="bbox 2004 2837 3586 2912; baseline 0.003 -21"><span class='ocrx_word' id='word_1_452' title='bbox 2004 2837 2211 2893; x_wconf 84' lang='lat' dir='ltr'><strong>nostris</strong></span> <span class='ocrx_word' id='word_1_453' title='bbox 2244 2843 2374 2891; x_wconf 87' lang='lat' dir='ltr'><strong>nota</strong></span> <span class='ocrx_word' id='word_1_454' title='bbox 2407 2838 2586 2893; x_wconf 81' lang='lat' dir='ltr'><strong>facere</strong></span> <span class='ocrx_word' id='word_1_455' title='bbox 2615 2852 2682 2893; x_wconf 87' lang='lat' dir='ltr'><strong>ea</strong></span> <span class='ocrx_word' id='word_1_456' title='bbox 2714 2838 2843 2894; x_wconf 88' lang='lat' dir='ltr'><strong>ﬁliis</strong></span> <span class='ocrx_word' id='word_1_457' title='bbox 2871 2838 3398 2911; x_wconf 76' lang='lat' dir='ltr'><strong>suis,utcognoscat</strong></span> <span class='ocrx_word' id='word_1_458' title='bbox 3420 2856 3586 2912; x_wconf 80' lang='lat' dir='ltr'><strong>gene-</strong></span> 
     </span>
    </p>
   </div>
   <div class='ocr_carea' id='block_1_60' title="bbox 1988 2928 3586 3002">
    <p class='ocr_par' dir='ltr' id='par_1_60' title="bbox 1988 2928 3586 3002">
     <span class='ocr_line' id='line_1_60' title="bbox 1988 2928 3586 3002; baseline -0.001 -18"><span class='ocrx_word' id='word_1_459' title='bbox 1988 2929 2148 2984; x_wconf 82' lang='lat' dir='ltr'><strong>ratio</strong></span> <span class='ocrx_word' id='word_1_460' title='bbox 2193 2929 2389 2994; x_wconf 83' lang='lat' dir='ltr'><strong>altera,</strong></span> <span class='ocrx_word' id='word_1_461' title='bbox 2424 2928 2522 2983; x_wconf 93' lang='lat' dir='ltr'><strong>ﬁlii</strong></span> <span class='ocrx_word' id='word_1_462' title='bbox 2564 2930 2660 3000; x_wconf 92' lang='lat' dir='ltr'><strong>qui</strong></span> <span class='ocrx_word' id='word_1_463' title='bbox 2702 2938 3039 2997; x_wconf 87' lang='lat' dir='ltr'><strong>nascentur;</strong></span> <span class='ocrx_word' id='word_1_464' title='bbox 3087 2937 3141 2985; x_wconf 86' lang='lat' dir='ltr'><strong>et</strong></span> <span class='ocrx_word' id='word_1_465' title='bbox 3183 2938 3503 3002; x_wconf 79' lang='lat' dir='ltr'><strong>exsurgent,</strong></span> <span class='ocrx_word' id='word_1_466' title='bbox 3528 2939 3586 2985; x_wconf 83' lang='lat' dir='ltr'><strong>et</strong></span> 
     </span>
    </p>
   </div>
   <div class='ocr_carea' id='block_1_61' title="bbox 2007 3021 3586 3094">
    <p class='ocr_par' dir='ltr' id='par_1_61' title="bbox 2007 3021 3586 3094">
     <span class='ocr_line' id='line_1_61' title="bbox 2007 3021 3586 3094; baseline 0.003 -19"><span class='ocrx_word' id='word_1_467' title='bbox 2007 3022 2311 3079; x_wconf 86' lang='lat' dir='ltr'><strong>narrabunt</strong></span> <span class='ocrx_word' id='word_1_468' title='bbox 2342 3038 2406 3078; x_wconf 90' lang='lat' dir='ltr'><strong>ea</strong></span> <span class='ocrx_word' id='word_1_469' title='bbox 2432 3022 2560 3079; x_wconf 87' lang='lat' dir='ltr'><strong>ﬁliis</strong></span> <span class='ocrx_word' id='word_1_470' title='bbox 2587 3023 2704 3079; x_wconf 89' lang='lat' dir='ltr'><strong>suis</strong></span> <span class='ocrx_word' id='word_1_471' title='bbox 2738 3033 2785 3078; x_wconf 74' lang='grc' dir='ltr'>θ.</span> <span class='ocrx_word' id='word_1_472' title='bbox 2821 3041 2840 3074; x_wconf 78' lang='grc' dir='ltr'><strong>ι</strong></span> <span class='ocrx_word' id='word_1_473' title='bbox 2891 3021 3196 3079; x_wconf 88' lang='lat' dir='ltr'><strong>Utilitatem</strong></span> <span class='ocrx_word' id='word_1_474' title='bbox 3230 3024 3417 3080; x_wconf 88' lang='lat' dir='ltr'><strong>itidem</strong></span> <span class='ocrx_word' id='word_1_475' title='bbox 3466 3040 3586 3094; x_wconf 75' lang='lat' dir='ltr'><strong>qua:</strong></span> 
     </span>
    </p>
   </div>
   <div class='ocr_carea' id='block_1_62' title="bbox 320 3114 1906 3194">
    <p class='ocr_par' dir='ltr' id='par_1_62' title="bbox 320 3115 1903 3192">
     <span class='ocr_line' id='line_1_62' title="bbox 320 3115 1903 3192; baseline 0.004 -25"><span class='ocrx_word' id='word_1_476' title='bbox 320 3115 538 3177; x_wconf 76' lang='grc' dir='ltr'>δεικνὺς</span> <span class='ocrx_word' id='word_1_477' title='bbox 588 3115 783 3192; x_wconf 78' lang='grc' dir='ltr'>ἐπάγει</span> <span class='ocrx_word' id='word_1_478' title='bbox 810 3117 873 3148; x_wconf 82' lang='grc'><strong>¹⁸·</strong></span> <span class='ocrx_word' id='word_1_479' title='bbox 909 3135 931 3168; x_wconf 74' lang='grc' dir='ltr'><strong>ι</strong></span> <span class='ocrx_word' id='word_1_480' title='bbox 990 3118 1108 3170; x_wconf 83' lang='grc' dir='ltr'>Ἵνα</span> <span class='ocrx_word' id='word_1_481' title='bbox 1157 3115 1355 3170; x_wconf 83' lang='grc' dir='ltr'>θῶνται</span> <span class='ocrx_word' id='word_1_482' title='bbox 1395 3117 1489 3171; x_wconf 71' lang='grc' dir='ltr'><strong>ἐπὶ</strong></span> <span class='ocrx_word' id='word_1_483' title='bbox 1516 3118 1608 3170; x_wconf 83' lang='grc' dir='ltr'><strong>τὸν</strong></span> <span class='ocrx_word' id='word_1_484' title='bbox 1645 3119 1777 3171; x_wconf 84' lang='grc' dir='ltr'>Θεὸν</span> <span class='ocrx_word' id='word_1_485' title='bbox 1803 3119 1903 3188; x_wconf 82' lang='grc' dir='ltr'>τὴν</span> 
     </span>
    </p>
   </div>
   <div class='ocr_carea' id='block_1_63' title="bbox 2007 3114 3586 3194">
    <p class='ocr_par' dir='ltr' id='par_1_63' title="bbox 2007 3114 3586 3186">
     <span class='ocr_line' id='line_1_63' title="bbox 2007 3114 3586 3186; baseline 0.001 -18"><span class='ocrx_word' id='word_1_486' title='bbox 2007 3114 2075 3169; x_wconf 90' lang='lat' dir='ltr'><strong>ab</strong></span> <span class='ocrx_word' id='word_1_487' title='bbox 2107 3115 2212 3170; x_wconf 86' lang='lat' dir='ltr'><strong>hac</strong></span> <span class='ocrx_word' id='word_1_488' title='bbox 2255 3115 2509 3170; x_wconf 87' lang='lat' dir='ltr'><strong>doctrina</strong></span> <span class='ocrx_word' id='word_1_489' title='bbox 2546 3114 2920 3185; x_wconf 88' lang='lat' dir='ltr'><strong>proﬁciscitur</strong></span> <span class='ocrx_word' id='word_1_490' title='bbox 2963 3116 3371 3182; x_wconf 85' lang='lat' dir='ltr'><strong>demonstrans,</strong></span> <span class='ocrx_word' id='word_1_491' title='bbox 3407 3117 3586 3186; x_wconf 83' lang='lat' dir='ltr'><strong>subji-</strong></span> 
     </span>
    </p>
   </div>
   <div class='ocr_carea' id='block_1_64' title="bbox 322 3196 1905 3279">
    <p class='ocr_par' dir='ltr' id='par_1_64' title="bbox 322 3196 1905 3279">
     <span class='ocr_line' id='line_1_64' title="bbox 322 3196 1905 3279; baseline 0.004 -25"><span class='ocrx_word' id='word_1_492' title='bbox 322 3205 523 3258; x_wconf 70' lang='grc' dir='ltr'>ἐλπίδα</span> <span class='ocrx_word' id='word_1_493' title='bbox 552 3204 749 3267; x_wconf 71' lang='grc' dir='ltr'>αὐτῶν,</span> <span class='ocrx_word' id='word_1_494' title='bbox 799 3206 894 3258; x_wconf 79' lang='grc' dir='ltr'><strong>καὶ</strong></span> <span class='ocrx_word' id='word_1_495' title='bbox 937 3206 1012 3276; x_wconf 82' lang='grc' dir='ltr'>μὴ</span> <span class='ocrx_word' id='word_1_496' title='bbox 1047 3196 1414 3259; x_wconf 78' lang='grc' dir='ltr'>ἐπιλάθωνται</span> <span class='ocrx_word' id='word_1_497' title='bbox 1448 3206 1556 3259; x_wconf 90' lang='grc' dir='ltr'><strong>τῶν</strong></span> <span class='ocrx_word' id='word_1_498' title='bbox 1589 3206 1768 3279; x_wconf 79' lang='grc' dir='ltr'>ἔργων</span> <span class='ocrx_word' id='word_1_499' title='bbox 1809 3208 1905 3262; x_wconf 80' lang='grc' dir='ltr'>τοῦ</span> 
     </span>
    </p>
   </div>
   <div class='ocr_carea' id='block_1_65' title="bbox 318 3294 1907 3369">
    <p class='ocr_par' dir='ltr' id='par_1_65' title="bbox 318 3294 1907 3369">
     <span class='ocr_line' id='line_1_65' title="bbox 318 3294 1907 3369; baseline 0.002 -22"><span class='ocrx_word' id='word_1_500' title='bbox 318 3295 463 3347; x_wconf 71' lang='grc' dir='ltr'>Θεοῦ</span> <span class='ocrx_word' id='word_1_501' title='bbox 493 3297 557 3359; x_wconf 72' lang='grc'><strong>⁸⁷,</strong></span> <span class='ocrx_word' id='word_1_502' title='bbox 598 3297 694 3349; x_wconf 74' lang='grc' dir='ltr'><strong>καὶ</strong></span> <span class='ocrx_word' id='word_1_503' title='bbox 723 3296 821 3359; x_wconf 86' lang='grc' dir='ltr'>τὰς</span> <span class='ocrx_word' id='word_1_504' title='bbox 850 3296 1069 3359; x_wconf 78' lang='grc' dir='ltr'>ἐντολὰς</span> <span class='ocrx_word' id='word_1_505' title='bbox 1097 3296 1265 3349; x_wconf 78' lang='grc' dir='ltr'>αὐτοῦ</span> <span class='ocrx_word' id='word_1_506' title='bbox 1297 3294 1666 3369; x_wconf 79' lang='grc' dir='ltr'>ἐκζητήσωσι.</span> <span class='ocrx_word' id='word_1_507' title='bbox 1702 3316 1720 3350; x_wconf 84' lang='grc'>›</span> <span class='ocrx_word' id='word_1_508' title='bbox 1762 3298 1907 3354; x_wconf 76' lang='grc' dir='ltr'>Ταύο</span> 
     </span>
    </p>
   </div>
   <div class='ocr_carea' id='block_1_66' title="bbox 322 3383 1910 3461">
    <p class='ocr_par' dir='ltr' id='par_1_66' title="bbox 322 3383 1910 3461">
     <span class='ocr_line' id='line_1_66' title="bbox 322 3383 1910 3461; baseline 0.005 -25"><span class='ocrx_word' id='word_1_509' title='bbox 322 3401 428 3455; x_wconf 81' lang='grc' dir='ltr'><strong>την</strong></span> <span class='ocrx_word' id='word_1_510' title='bbox 456 3383 634 3437; x_wconf 82' lang='grc' dir='ltr'>τοίνυν</span> <span class='ocrx_word' id='word_1_511' title='bbox 656 3385 754 3456; x_wconf 83' lang='grc' dir='ltr'><strong>τὴν</strong></span> <span class='ocrx_word' id='word_1_512' title='bbox 777 3384 1129 3440; x_wconf 79' lang='grc' dir='ltr'>διδασκαλίαν</span> <span class='ocrx_word' id='word_1_513' title='bbox 1157 3387 1308 3458; x_wconf 73' lang='grc' dir='ltr'>παρὰ</span> <span class='ocrx_word' id='word_1_514' title='bbox 1335 3389 1443 3443; x_wconf 84' lang='grc' dir='ltr'><strong>τῶν</strong></span> <span class='ocrx_word' id='word_1_515' title='bbox 1476 3388 1727 3460; x_wconf 82' lang='grc' dir='ltr'>πατέρων</span> <span class='ocrx_word' id='word_1_516' title='bbox 1759 3390 1910 3461; x_wconf 84' lang='grc' dir='ltr'>δεχό-</span> 
     </span>
    </p>
   </div>
   <div class='ocr_carea' id='block_1_67' title="bbox 329 3477 1908 3551">
    <p class='ocr_par' dir='ltr' id='par_1_67' title="bbox 329 3477 1908 3551">
     <span class='ocr_line' id='line_1_67' title="bbox 329 3477 1908 3551; baseline 0.003 -21"><span class='ocrx_word' id='word_1_517' title='bbox 329 3495 511 3549; x_wconf 85' lang='grc' dir='ltr'>μενοι,</span> <span class='ocrx_word' id='word_1_518' title='bbox 547 3477 707 3548; x_wconf 86' lang='grc' dir='ltr'>χρέος</span> <span class='ocrx_word' id='word_1_519' title='bbox 724 3477 933 3531; x_wconf 90' lang='grc' dir='ltr'>δίκαιον</span> <span class='ocrx_word' id='word_1_520' title='bbox 964 3481 1076 3542; x_wconf 84' lang='grc' dir='ltr'>τοῖς</span> <span class='ocrx_word' id='word_1_521' title='bbox 1106 3478 1226 3548; x_wconf 83' lang='grc' dir='ltr'>μεθ’</span> <span class='ocrx_word' id='word_1_522' title='bbox 1255 3480 1399 3550; x_wconf 83' lang='grc' dir='ltr'>ὑμᾶς</span> <span class='ocrx_word' id='word_1_523' title='bbox 1428 3480 1739 3551; x_wconf 78' lang='grc' dir='ltr'>γενομένοις</span> <span class='ocrx_word' id='word_1_524' title='bbox 1762 3481 1806 3513; x_wconf 69' lang='grc'><strong>’⁸</strong></span> <span class='ocrx_word' id='word_1_525' title='bbox 1847 3498 1908 3535; x_wconf 86' lang='grc' dir='ltr'><strong>τε</strong></span> 
     </span>
    </p>
   </div>
   <div class='ocr_carea' id='block_1_68' title="bbox 324 3568 1908 3643">
    <p class='ocr_par' dir='ltr' id='par_1_68' title="bbox 324 3568 1908 3643">
     <span class='ocr_line' id='line_1_68' title="bbox 324 3568 1908 3643; baseline 0.003 -21"><span class='ocrx_word' id='word_1_526' title='bbox 324 3569 428 3622; x_wconf 66' lang='grc' dir='ltr'><strong>καὶ</strong></span> <span class='ocrx_word' id='word_1_527' title='bbox 456 3568 737 3638; x_wconf 76' lang='grc' dir='ltr'>ἐσομένοις</span> <span class='ocrx_word' id='word_1_528' title='bbox 769 3568 1080 3640; x_wconf 78' lang='grc' dir='ltr'>ὀφείλομεν,</span> <span class='ocrx_word' id='word_1_529' title='bbox 1136 3572 1232 3623; x_wconf 76' lang='grc' dir='ltr'><strong>καὶ</strong></span> <span class='ocrx_word' id='word_1_530' title='bbox 1260 3570 1530 3641; x_wconf 84' lang='grc' dir='ltr'>προσήκει</span> <span class='ocrx_word' id='word_1_531' title='bbox 1571 3570 1760 3625; x_wconf 84' lang='grc' dir='ltr'>τούτου</span> <span class='ocrx_word' id='word_1_532' title='bbox 1811 3572 1908 3643; x_wconf 80' lang='grc' dir='ltr'><strong>τὴν</strong></span> 
     </span>
    </p>
   </div>
   <div class='ocr_carea' id='block_1_69' title="bbox 322 3659 1906 3735">
    <p class='ocr_par' dir='ltr' id='par_1_69' title="bbox 322 3659 1906 3735">
     <span class='ocr_line' id='line_1_69' title="bbox 322 3659 1906 3735; baseline 0.003 -22"><span class='ocrx_word' id='word_1_533' title='bbox 322 3659 540 3714; x_wconf 81' lang='grc' dir='ltr'>ἔκτισιν</span> <span class='ocrx_word' id='word_1_534' title='bbox 568 3660 926 3731; x_wconf 84' lang='grc' dir='ltr'>εὐγνωμόνως</span> <span class='ocrx_word' id='word_1_535' title='bbox 959 3661 1311 3734; x_wconf 87' lang='grc' dir='ltr'>ποιήσασθαι.</span> <span class='ocrx_word' id='word_1_536' title='bbox 1335 3664 1408 3716; x_wconf 86' lang='grc' dir='ltr'><strong>Οὐ</strong></span> <span class='ocrx_word' id='word_1_537' title='bbox 1436 3662 1595 3734; x_wconf 83' lang='grc' dir='ltr'>μόνον</span> <span class='ocrx_word' id='word_1_538' title='bbox 1614 3663 1670 3717; x_wconf 76' lang='grc' dir='ltr'>δὲ</span> <span class='ocrx_word' id='word_1_539' title='bbox 1695 3665 1839 3735; x_wconf 80' lang='grc' dir='ltr'>ήμᾶς</span> <span class='ocrx_word' id='word_1_540' title='bbox 1864 3666 1906 3698; x_wconf 81' lang='grc'><strong>¹⁹</strong></span> 
     </span>
    </p>
   </div>
   <div class='ocr_carea' id='block_1_70' title="bbox 318 3753 1909 3830">
    <p class='ocr_par' dir='ltr' id='par_1_70' title="bbox 318 3753 1909 3830">
     <span class='ocr_line' id='line_1_70' title="bbox 318 3753 1909 3830; baseline 0.003 -23"><span class='ocrx_word' id='word_1_541' title='bbox 318 3756 352 3807; x_wconf 78' lang='grc' dir='ltr'><strong>ὁ</strong></span> <span class='ocrx_word' id='word_1_542' title='bbox 384 3754 532 3816; x_wconf 79' lang='grc' dir='ltr'>θεῖος</span> <span class='ocrx_word' id='word_1_543' title='bbox 558 3753 819 3825; x_wconf 87' lang='grc' dir='ltr'>διεγείρει</span> <span class='ocrx_word' id='word_1_544' title='bbox 848 3755 1031 3824; x_wconf 87' lang='grc' dir='ltr'>νόμος,</span> <span class='ocrx_word' id='word_1_545' title='bbox 1062 3755 1199 3808; x_wconf 79' lang='grc' dir='ltr'><strong>ἀλλά</strong></span> <span class='ocrx_word' id='word_1_546' title='bbox 1232 3755 1329 3810; x_wconf 79' lang='grc' dir='ltr'><strong>καὶ</strong></span> <span class='ocrx_word' id='word_1_547' title='bbox 1354 3756 1541 3810; x_wconf 73' lang='grc' dir='ltr'>πολλοὶ</span> <span class='ocrx_word' id='word_1_548' title='bbox 1568 3756 1676 3810; x_wconf 90' lang='grc' dir='ltr'><strong>τῶν</strong></span> <span class='ocrx_word' id='word_1_549' title='bbox 1710 3758 1909 3830; x_wconf 80' lang='grc' dir='ltr'>ὲπισή-ιι</span> 
     </span>
    </p>
   </div>
   <div class='ocr_carea' id='block_1_71' title="bbox 326 3843 1911 3922">
    <p class='ocr_par' dir='ltr' id='par_1_71' title="bbox 326 3843 1911 3922">
     <span class='ocr_line' id='line_1_71' title="bbox 326 3843 1911 3922; baseline 0.004 -25"><span class='ocrx_word' id='word_1_550' title='bbox 326 3862 453 3915; x_wconf 83' lang='grc' dir='ltr'><strong>μων</strong></span> <span class='ocrx_word' id='word_1_551' title='bbox 505 3843 750 3915; x_wconf 86' lang='grc' dir='ltr'>συνήθων</span> <span class='ocrx_word' id='word_1_552' title='bbox 771 3845 839 3913; x_wconf 68' lang='grc'>⁸⁸,</span> <span class='ocrx_word' id='word_1_553' title='bbox 869 3845 1086 3918; x_wconf 86' lang='grc' dir='ltr'>θερμῶς</span> <span class='ocrx_word' id='word_1_554' title='bbox 1132 3848 1280 3922; x_wconf 82' lang='grc' dir='ltr'>ήμᾶς</span> <span class='ocrx_word' id='word_1_555' title='bbox 1313 3847 1738 3919; x_wconf 84' lang='grc' dir='ltr'>λιπαρήσαντες,</span> <span class='ocrx_word' id='word_1_556' title='bbox 1778 3848 1911 3920; x_wconf 81' lang='grc' dir='ltr'>θαῤ-</span> 
     </span>
    </p>
   </div>
   <div class='ocr_carea' id='block_1_72' title="bbox 327 3936 1905 4012">
    <p class='ocr_par' dir='ltr' id='par_1_72' title="bbox 327 3936 1905 4012">
     <span class='ocr_line' id='line_1_72' title="bbox 327 3936 1905 4012; baseline 0.006 -23"><span class='ocrx_word' id='word_1_557' title='bbox 327 3937 498 4007; x_wconf 80' lang='grc' dir='ltr'><strong>ρἧαι</strong></span> <span class='ocrx_word' id='word_1_558' title='bbox 536 3936 625 3990; x_wconf 81' lang='grc' dir='ltr'><strong>τὸν</strong></span> <span class='ocrx_word' id='word_1_559' title='bbox 642 3938 685 3969; x_wconf 82' lang='grc'>¹¹</span> <span class='ocrx_word' id='word_1_560' title='bbox 719 3937 907 4006; x_wconf 81' lang='grc' dir='ltr'>ἀγῶνα</span> <span class='ocrx_word' id='word_1_561' title='bbox 939 3937 1127 3992; x_wconf 78' lang='grc' dir='ltr'>τοῦτον</span> <span class='ocrx_word' id='word_1_562' title='bbox 1155 3939 1494 4012; x_wconf 77' lang='grc' dir='ltr'>ἠνάγκασαν.</span> <span class='ocrx_word' id='word_1_563' title='bbox 1534 3940 1672 4011; x_wconf 84' lang='grc' dir='ltr'>Φέρε</span> <span class='ocrx_word' id='word_1_564' title='bbox 1705 3942 1905 4004; x_wconf 87' lang='grc' dir='ltr'>τοίνυν.</span> 
     </span>
    </p>
   </div>
   <div class='ocr_carea' id='block_1_73' title="bbox 322 4027 1910 4104">
    <p class='ocr_par' dir='ltr' id='par_1_73' title="bbox 322 4027 1910 4104">
     <span class='ocr_line' id='line_1_73' title="bbox 322 4027 1910 4104; baseline 0.005 -24"><span class='ocrx_word' id='word_1_565' title='bbox 322 4027 427 4081; x_wconf 79' lang='grc' dir='ltr'>τοῦ</span> <span class='ocrx_word' id='word_1_566' title='bbox 472 4028 750 4084; x_wconf 83' lang='grc' dir='ltr'>θειοτάτου</span> <span class='ocrx_word' id='word_1_567' title='bbox 794 4029 994 4100; x_wconf 81' lang='grc' dir='ltr'>Δανιὴλ</span> <span class='ocrx_word' id='word_1_568' title='bbox 1032 4030 1131 4099; x_wconf 84' lang='grc' dir='ltr'>τὴν</span> <span class='ocrx_word' id='word_1_569' title='bbox 1171 4030 1526 4101; x_wconf 85' lang='grc' dir='ltr'>προφητείαν,</span> <span class='ocrx_word' id='word_1_570' title='bbox 1548 4031 1625 4094; x_wconf 82' lang='grc' dir='ltr'>ὡς</span> <span class='ocrx_word' id='word_1_571' title='bbox 1648 4031 1727 4085; x_wconf 76' lang='grc' dir='ltr'>ἔνι</span> <span class='ocrx_word' id='word_1_572' title='bbox 1754 4034 1910 4104; x_wconf 81' lang='grc' dir='ltr'>μάλι-</span> 
     </span>
    </p>
   </div>
   <div class='ocr_carea' id='block_1_74' title="bbox 326 4120 1909 4192">
    <p class='ocr_par' dir='ltr' id='par_1_74' title="bbox 326 4120 1909 4192">
     <span class='ocr_line' id='line_1_74' title="bbox 326 4120 1909 4192; baseline 0.004 -19"><span class='ocrx_word' id='word_1_573' title='bbox 326 4136 456 4181; x_wconf 82' lang='grc' dir='ltr'>στα,</span> <span class='ocrx_word' id='word_1_574' title='bbox 484 4120 631 4191; x_wconf 83' lang='grc' dir='ltr'>σαφῆ</span> <span class='ocrx_word' id='word_1_575' title='bbox 663 4123 776 4184; x_wconf 74' lang='grc' dir='ltr'>τοῖς</span> <span class='ocrx_word' id='word_1_576' title='bbox 801 4121 1055 4190; x_wconf 82' lang='grc' dir='ltr'>ἀγνοοῦσι</span> <span class='ocrx_word' id='word_1_577' title='bbox 1102 4123 1439 4192; x_wconf 81' lang='grc' dir='ltr'>ποιήσωμεν.</span> <span class='ocrx_word' id='word_1_578' title='bbox 1474 4123 1634 4182; x_wconf 83' lang='grc' dir='ltr'>Ἴσως</span> <span class='ocrx_word' id='word_1_579' title='bbox 1672 4123 1748 4190; x_wconf 85' lang='grc' dir='ltr'><strong>δὲ,</strong></span> <span class='ocrx_word' id='word_1_580' title='bbox 1786 4126 1909 4179; x_wconf 79' lang='grc' dir='ltr'>οὐδὲ</span> 
     </span>
    </p>
   </div>
   <div class='ocr_carea' id='block_1_75' title="bbox 324 4209 1933 4284">
    <p class='ocr_par' dir='ltr' id='par_1_75' title="bbox 324 4209 1933 4284">
     <span class='ocr_line' id='line_1_75' title="bbox 324 4209 1933 4284; baseline 0.002 -18"><span class='ocrx_word' id='word_1_581' title='bbox 324 4214 445 4274; x_wconf 83' lang='grc' dir='ltr'>τοῖς</span> <span class='ocrx_word' id='word_1_582' title='bbox 494 4210 750 4280; x_wconf 78' lang='grc' dir='ltr'>γνώσεως</span> <span class='ocrx_word' id='word_1_583' title='bbox 779 4212 1108 4283; x_wconf 73' lang='grc' dir='ltr'>ἠξιωμένοις</span> <span class='ocrx_word' id='word_1_584' title='bbox 1155 4213 1428 4284; x_wconf 79' lang='grc' dir='ltr'>ἄχρηστος</span> <span class='ocrx_word' id='word_1_585' title='bbox 1471 4209 1628 4279; x_wconf 72' lang='grc' dir='ltr'>οὗτος</span> <span class='ocrx_word' id='word_1_586' title='bbox 1672 4218 1702 4270; x_wconf 88' lang='grc' dir='ltr'>ὁ</span> <span class='ocrx_word' id='word_1_587' title='bbox 1747 4217 1933 4282; x_wconf 80' lang='grc' dir='ltr'>πόνος</span> 
     </span>
    </p>
   </div>
   <div class='ocr_carea' id='block_1_76' title="bbox 326 4299 1910 4377">
    <p class='ocr_par' dir='ltr' id='par_1_76' title="bbox 326 4299 1910 4377">
     <span class='ocr_line' id='line_1_76' title="bbox 326 4299 1910 4377; baseline 0.006 -26"><span class='ocrx_word' id='word_1_588' title='bbox 326 4301 626 4369; x_wconf 78' lang='grc' dir='ltr'>γενήσεται</span> <span class='ocrx_word' id='word_1_589' title='bbox 645 4318 660 4332; x_wconf 89' lang='grc'><strong>·</strong></span> <span class='ocrx_word' id='word_1_590' title='bbox 693 4301 726 4372; x_wconf 85' lang='grc' dir='ltr'>ἢ</span> <span class='ocrx_word' id='word_1_591' title='bbox 757 4303 867 4372; x_wconf 84' lang='grc' dir='ltr'><strong>γὰρ</strong></span> <span class='ocrx_word' id='word_1_592' title='bbox 908 4302 1127 4356; x_wconf 82' lang='grc' dir='ltr'>πλείονα</span> <span class='ocrx_word' id='word_1_593' title='bbox 1155 4304 1479 4375; x_wconf 72' lang='grc' dir='ltr'>εὑρήσουσιν</span> <span class='ocrx_word' id='word_1_594' title='bbox 1517 4299 1592 4359; x_wconf 84' lang='grc' dir='ltr'>ὧν</span> <span class='ocrx_word' id='word_1_595' title='bbox 1623 4306 1910 4377; x_wconf 76' lang='grc' dir='ltr'>νενομίκαο</span> 
     </span>
    </p>
   </div>
   <div class='ocr_carea' id='block_1_77' title="bbox 329 4393 1906 4469">
    <p class='ocr_par' dir='ltr' id='par_1_77' title="bbox 329 4393 1906 4469">
     <span class='ocr_line' id='line_1_77' title="bbox 329 4393 1906 4469; baseline 0.004 -23"><span class='ocrx_word' id='word_1_596' title='bbox 329 4410 419 4446; x_wconf 85' lang='grc' dir='ltr'><strong>σιν</strong></span> <span class='ocrx_word' id='word_1_597' title='bbox 442 4395 512 4457; x_wconf 82' lang='grc'>²²,</span> <span class='ocrx_word' id='word_1_598' title='bbox 552 4394 587 4465; x_wconf 78' lang='grc' dir='ltr'>ἢ</span> <span class='ocrx_word' id='word_1_599' title='bbox 619 4393 686 4447; x_wconf 79' lang='grc' dir='ltr'>τὰ</span> <span class='ocrx_word' id='word_1_600' title='bbox 728 4394 910 4447; x_wconf 77' lang='grc' dir='ltr'>αὐτῶν</span> <span class='ocrx_word' id='word_1_601' title='bbox 955 4397 1012 4449; x_wconf 76' lang='grc' dir='ltr'>ὲν</span> <span class='ocrx_word' id='word_1_602' title='bbox 1054 4397 1168 4460; x_wconf 84' lang='grc' dir='ltr'>τοῖς</span> <span class='ocrx_word' id='word_1_603' title='bbox 1215 4396 1501 4467; x_wconf 83' lang='grc' dir='ltr'>ἡμετέροις</span> <span class='ocrx_word' id='word_1_604' title='bbox 1544 4398 1906 4469; x_wconf 83' lang='grc' dir='ltr'>εὑρίσκοντες,</span> 
     </span>
    </p>
   </div>
   <div class='ocr_carea' id='block_1_78' title="bbox 330 4471 1985 4561">
    <p class='ocr_par' dir='ltr' id='par_1_78' title="bbox 330 4471 1985 4561">
     <span class='ocr_line' id='line_1_78' title="bbox 330 4471 1985 4561; baseline 0.004 -25"><span class='ocrx_word' id='word_1_605' title='bbox 330 4482 698 4553; x_wconf 82' lang='grc' dir='ltr'>βεϐαιώσουσι</span> <span class='ocrx_word' id='word_1_606' title='bbox 719 4487 786 4555; x_wconf 80' lang='grc' dir='ltr'>τῇ</span> <span class='ocrx_word' id='word_1_607' title='bbox 817 4485 1074 4556; x_wconf 82' lang='grc' dir='ltr'>κοινωνίᾳ</span> <span class='ocrx_word' id='word_1_608' title='bbox 1099 4485 1161 4539; x_wconf 79' lang='grc' dir='ltr'><strong>τὸ</strong></span> <span class='ocrx_word' id='word_1_609' title='bbox 1193 4486 1296 4538; x_wconf 75' lang='grc' dir='ltr'>ὑπὸ</span> <span class='ocrx_word' id='word_1_610' title='bbox 1327 4485 1477 4554; x_wconf 78' lang='grc' dir='ltr'>σφῶν</span> <span class='ocrx_word' id='word_1_611' title='bbox 1502 4487 1680 4541; x_wconf 79' lang='grc' dir='ltr'>αὐτῶν</span> <span class='ocrx_word' id='word_1_612' title='bbox 1712 4488 1908 4561; x_wconf 81' lang='grc' dir='ltr'>θηρευ-</span> <span class='ocrx_word' id='word_1_613' title='bbox 1938 4471 1985 4526; x_wconf 77' lang='grc' dir='ltr'><strong>Ῑ)</strong></span> 
     </span>
    </p>
   </div>
   <div class='ocr_carea' id='block_1_79' title="bbox 325 4564 1909 4647">
    <p class='ocr_par' dir='ltr' id='par_1_79' title="bbox 325 4564 1909 4647">
     <span class='ocr_line' id='line_1_79' title="bbox 325 4564 1909 4647; baseline 0.002 -19"><span class='ocrx_word' id='word_1_614' title='bbox 325 4574 460 4628; x_wconf 74' lang='grc' dir='ltr'>θέντ</span> <span class='ocrx_word' id='word_1_615' title='bbox 500 4574 643 4644; x_wconf 84' lang='grc' dir='ltr'>φιλεῖ</span> <span class='ocrx_word' id='word_1_616' title='bbox 678 4574 787 4645; x_wconf 86' lang='grc' dir='ltr'><strong>γάρ</strong></span> <span class='ocrx_word' id='word_1_617' title='bbox 833 4593 949 4639; x_wconf 84' lang='grc' dir='ltr'><strong>πως</strong></span> <span class='ocrx_word' id='word_1_618' title='bbox 994 4578 1027 4647; x_wconf 86' lang='grc' dir='ltr'><strong>ή</strong></span> <span class='ocrx_word' id='word_1_619' title='bbox 1061 4564 1178 4630; x_wconf 69' lang='grc' dir='ltr'>’τῶν</span> <span class='ocrx_word' id='word_1_620' title='bbox 1218 4575 1479 4631; x_wconf 86' lang='grc' dir='ltr'>πλειόνων</span> <span class='ocrx_word' id='word_1_621' title='bbox 1512 4578 1909 4646; x_wconf 84' lang='grc' dir='ltr'>συγκατάθεσις</span> 
     </span>
    </p>
   </div>
   <div class='ocr_carea' id='block_1_80' title="bbox 326 4665 1907 4743">
    <p class='ocr_par' dir='ltr' id='par_1_80' title="bbox 326 4665 1907 4743">
     <span class='ocr_line' id='line_1_80' title="bbox 326 4665 1907 4743; baseline 0.003 -23"><span class='ocrx_word' id='word_1_622' title='bbox 326 4665 626 4736; x_wconf 78' lang='grc' dir='ltr'>κρατύνειν</span> <span class='ocrx_word' id='word_1_623' title='bbox 655 4666 724 4720; x_wconf 85' lang='grc' dir='ltr'>τὰ</span> <span class='ocrx_word' id='word_1_624' title='bbox 747 4666 1027 4735; x_wconf 76' lang='grc' dir='ltr'>νοηθέντα.</span> <span class='ocrx_word' id='word_1_625' title='bbox 1059 4668 1259 4722; x_wconf 79' lang='grc' dir='ltr'>Τοῦτον</span> <span class='ocrx_word' id='word_1_626' title='bbox 1285 4668 1342 4722; x_wconf 81' lang='grc' dir='ltr'>δὲ</span> <span class='ocrx_word' id='word_1_627' title='bbox 1363 4670 1454 4723; x_wconf 82' lang='grc' dir='ltr'><strong>τὸν</strong></span> <span class='ocrx_word' id='word_1_628' title='bbox 1480 4670 1768 4743; x_wconf 82' lang='grc' dir='ltr'>προφήτην</span> <span class='ocrx_word' id='word_1_629' title='bbox 1812 4670 1907 4724; x_wconf 74' lang='grc' dir='ltr'>ἐπὶ</span> 
     </span>
    </p>
   </div>
   <div class='ocr_carea' id='block_1_81' title="bbox 323 4756 1909 4835">
    <p class='ocr_par' dir='ltr' id='par_1_81' title="bbox 323 4756 1909 4835">
     <span class='ocr_line' id='line_1_81' title="bbox 323 4756 1909 4835; baseline 0.004 -25"><span class='ocrx_word' id='word_1_630' title='bbox 323 4756 427 4811; x_wconf 73' lang='grc' dir='ltr'>τοῦ</span> <span class='ocrx_word' id='word_1_631' title='bbox 479 4758 747 4835; x_wconf 83' lang='grc' dir='ltr'>παρόντος</span> <span class='ocrx_word' id='word_1_632' title='bbox 789 4758 1111 4828; x_wconf 78' lang='grc' dir='ltr'>ἑρμηνεύειν</span> <span class='ocrx_word' id='word_1_633' title='bbox 1157 4759 1498 4831; x_wconf 84' lang='grc' dir='ltr'>πειρώμεθα,</span> <span class='ocrx_word' id='word_1_634' title='bbox 1543 4761 1643 4832; x_wconf 86' lang='grc' dir='ltr'><strong>οὐχ</strong></span> <span class='ocrx_word' id='word_1_635' title='bbox 1679 4762 1754 4826; x_wconf 86' lang='grc' dir='ltr'>ὡς</span> <span class='ocrx_word' id='word_1_636' title='bbox 1800 4762 1909 4817; x_wconf 90' lang='grc' dir='ltr'><strong>τῶν</strong></span> 
     </span>
    </p>
   </div>
   <div class='ocr_carea' id='block_1_82' title="bbox 326 4830 1910 4926">
    <p class='ocr_par' dir='ltr' id='par_1_82' title="bbox 326 4830 1910 4926">
     <span class='ocr_line' id='line_1_82' title="bbox 326 4830 1910 4926; baseline 0.006 -27"><span class='ocrx_word' id='word_1_637' title='bbox 326 4846 512 4900; x_wconf 77' lang='grc' dir='ltr'>ἄλλων</span> <span class='ocrx_word' id='word_1_638' title='bbox 562 4830 1054 4918; x_wconf 68' lang='grc' dir='ltr'>καταφρονοῦντες,</span> <span class='ocrx_word' id='word_1_639' title='bbox 1107 4848 1183 4920; x_wconf 87' lang='grc' dir='ltr'><strong>μὴ</strong></span> <span class='ocrx_word' id='word_1_640' title='bbox 1215 4830 1455 4918; x_wconf 74' lang='grc' dir='ltr'>γένοιτοο</span> <span class='ocrx_word' id='word_1_641' title='bbox 1507 4830 1752 4915; x_wconf 78' lang='grc' dir='ltr'>ἅπαντας</span> <span class='ocrx_word' id='word_1_642' title='bbox 1800 4854 1910 4926; x_wconf 85' lang='grc' dir='ltr'>γὰρ</span> 
     </span>
    </p>
   </div>
   <div class='ocr_carea' id='block_1_83' title="bbox 330 4937 1913 5016">
    <p class='ocr_par' dir='ltr' id='par_1_83' title="bbox 330 4937 1913 5016">
     <span class='ocr_line' id='line_1_83' title="bbox 330 4937 1913 5016; baseline 0.006 -25"><span class='ocrx_word' id='word_1_643' title='bbox 330 4937 499 5008; x_wconf 69' lang='grc' dir='ltr'>ταμεν</span> <span class='ocrx_word' id='word_1_644' title='bbox 543 4938 641 4992; x_wconf 81' lang='grc' dir='ltr'><strong>τοῦ</strong></span> <span class='ocrx_word' id='word_1_645' title='bbox 674 4937 820 4993; x_wconf 82' lang='grc' dir='ltr'>θείου</span> <span class='ocrx_word' id='word_1_646' title='bbox 876 4938 1192 5011; x_wconf 84' lang='grc' dir='ltr'>Πνεύματος</span> <span class='ocrx_word' id='word_1_647' title='bbox 1235 4941 1475 5012; x_wconf 79' lang='grc' dir='ltr'>ὄργανα·</span> <span class='ocrx_word' id='word_1_648' title='bbox 1527 4942 1661 4998; x_wconf 81' lang='grc' dir='ltr'>ἀλλὰ</span> <span class='ocrx_word' id='word_1_649' title='bbox 1700 4945 1913 5016; x_wconf 86' lang='grc' dir='ltr'>πρῶτον</span> 
     </span>
    </p>
   </div>
   <div class='ocr_carea' id='block_1_84' title="bbox 2008 3205 3585 3277">
    <p class='ocr_par' dir='ltr' id='par_1_84' title="bbox 2008 3205 3585 3277">
     <span class='ocr_line' id='line_1_84' title="bbox 2008 3205 3585 3277; baseline 0 -17"><span class='ocrx_word' id='word_1_650' title='bbox 2008 3206 2121 3260; x_wconf 88' lang='lat' dir='ltr'><strong>cit:</strong></span> <span class='ocrx_word' id='word_1_651' title='bbox 2162 3223 2181 3256; x_wconf 75' lang='grc' dir='ltr'><strong>ι</strong></span> <span class='ocrx_word' id='word_1_652' title='bbox 2218 3205 2291 3261; x_wconf 91' lang='lat' dir='ltr'><strong>Ut</strong></span> <span class='ocrx_word' id='word_1_653' title='bbox 2320 3212 2526 3275; x_wconf 83' lang='lat' dir='ltr'><strong>ponant</strong></span> <span class='ocrx_word' id='word_1_654' title='bbox 2567 3205 2623 3259; x_wconf 91' lang='lat' dir='ltr'><strong>in</strong></span> <span class='ocrx_word' id='word_1_655' title='bbox 2657 3205 2769 3261; x_wconf 90' lang='lat' dir='ltr'><strong>Deo</strong></span> <span class='ocrx_word' id='word_1_656' title='bbox 2801 3221 2953 3277; x_wconf 87' lang='lat' dir='ltr'><strong>spem</strong></span> <span class='ocrx_word' id='word_1_657' title='bbox 2983 3222 3164 3270; x_wconf 89' lang='lat' dir='ltr'><strong>suam,</strong></span> <span class='ocrx_word' id='word_1_658' title='bbox 3216 3214 3271 3261; x_wconf 90' lang='lat' dir='ltr'><strong>et</strong></span> <span class='ocrx_word' id='word_1_659' title='bbox 3309 3222 3422 3262; x_wconf 89' lang='lat' dir='ltr'><strong>non</strong></span> <span class='ocrx_word' id='word_1_660' title='bbox 3449 3207 3585 3261; x_wconf 77' lang='lat' dir='ltr'><strong>obli~</strong></span> 
     </span>
    </p>
   </div>
   <div class='ocr_carea' id='block_1_85' title="bbox 2011 3296 3586 3368">
    <p class='ocr_par' dir='ltr' id='par_1_85' title="bbox 2011 3296 3586 3368">
     <span class='ocr_line' id='line_1_85' title="bbox 2011 3296 3586 3368; baseline 0.001 -17"><span class='ocrx_word' id='word_1_661' title='bbox 2011 3296 2294 3352; x_wconf 85' lang='lat' dir='ltr'><strong>viscantur</strong></span> <span class='ocrx_word' id='word_1_662' title='bbox 2321 3312 2547 3367; x_wconf 89' lang='lat' dir='ltr'><strong>operum</strong></span> <span class='ocrx_word' id='word_1_663' title='bbox 2581 3296 2697 3362; x_wconf 89' lang='lat' dir='ltr'><strong>Dei,</strong></span> <span class='ocrx_word' id='word_1_664' title='bbox 2729 3306 2783 3352; x_wconf 92' lang='lat' dir='ltr'><strong>et</strong></span> <span class='ocrx_word' id='word_1_665' title='bbox 2811 3297 3070 3352; x_wconf 86' lang='lat' dir='ltr'><strong>mandata</strong></span> <span class='ocrx_word' id='word_1_666' title='bbox 3093 3297 3215 3367; x_wconf 83' lang='lat' dir='ltr'><strong>ejus</strong></span> <span class='ocrx_word' id='word_1_667' title='bbox 3244 3297 3454 3368; x_wconf 79' lang='lat'><strong>1055</strong></span> <span class='ocrx_word' id='word_1_668' title='bbox 3485 3315 3586 3353; x_wconf 75' lang='lat' dir='ltr'><strong>ex-</strong></span> 
     </span>
    </p>
   </div>
   <div class='ocr_carea' id='block_1_86' title="bbox 2010 3384 3585 3456">
    <p class='ocr_par' dir='ltr' id='par_1_86' title="bbox 2010 3384 3585 3456">
     <span class='ocr_line' id='line_1_86' title="bbox 2010 3384 3585 3456; baseline 0.003 -16"><span class='ocrx_word' id='word_1_669' title='bbox 2010 3387 2235 3456; x_wconf 88' lang='lat' dir='ltr'><strong>quirant</strong></span> <span class='ocrx_word' id='word_1_670' title='bbox 2271 3385 2314 3440; x_wconf 71' lang='grc' dir='ltr'>ῖ.</span> <span class='ocrx_word' id='word_1_671' title='bbox 2357 3405 2375 3436; x_wconf 75' lang='grc' dir='ltr'><strong>ι</strong></span> <span class='ocrx_word' id='word_1_672' title='bbox 2416 3384 2569 3440; x_wconf 83' lang='lat' dir='ltr'><strong>Hanc</strong></span> <span class='ocrx_word' id='word_1_673' title='bbox 2616 3386 2802 3455; x_wconf 85' lang='lat' dir='ltr'><strong>itaque</strong></span> <span class='ocrx_word' id='word_1_674' title='bbox 2838 3386 3147 3441; x_wconf 86' lang='lat' dir='ltr'><strong>doctrinam</strong></span> <span class='ocrx_word' id='word_1_675' title='bbox 3191 3402 3223 3440; x_wconf 88' lang='lat' dir='ltr'><strong>a</strong></span> <span class='ocrx_word' id='word_1_676' title='bbox 3263 3388 3585 3456; x_wconf 87' lang='lat' dir='ltr'><strong>parentibus</strong></span> 
     </span>
    </p>
   </div>
   <div class='ocr_carea' id='block_1_87' title="bbox 2010 3478 3585 3549">
    <p class='ocr_par' dir='ltr' id='par_1_87' title="bbox 2010 3478 3585 3549">
     <span class='ocr_line' id='line_1_87' title="bbox 2010 3478 3585 3549; baseline 0.002 -17"><span class='ocrx_word' id='word_1_677' title='bbox 2010 3485 2316 3548; x_wconf 84' lang='lat' dir='ltr'><strong>acceptam,</strong></span> <span class='ocrx_word' id='word_1_678' title='bbox 2352 3480 2503 3532; x_wconf 89' lang='lat' dir='ltr'><strong>velut</strong></span> <span class='ocrx_word' id='word_1_679' title='bbox 2550 3493 2628 3534; x_wconf 70' lang='lat' dir='ltr'><strong>ms</strong></span> <span class='ocrx_word' id='word_1_680' title='bbox 2671 3478 2934 3544; x_wconf 89' lang='lat' dir='ltr'><strong>alienum,</strong></span> <span class='ocrx_word' id='word_1_681' title='bbox 2970 3486 3102 3531; x_wconf 88' lang='lat' dir='ltr'><strong>natu</strong></span> <span class='ocrx_word' id='word_1_682' title='bbox 3138 3478 3442 3534; x_wconf 86' lang='lat' dir='ltr'><strong>minoribus</strong></span> <span class='ocrx_word' id='word_1_683' title='bbox 3486 3496 3585 3549; x_wconf 89' lang='lat' dir='ltr'><strong>po—</strong></span> 
     </span>
    </p>
   </div>
   <div class='ocr_carea' id='block_1_88' title="bbox 2011 3566 3589 3640">
    <p class='ocr_par' dir='ltr' id='par_1_88' title="bbox 2011 3566 3589 3640">
     <span class='ocr_line' id='line_1_88' title="bbox 2011 3566 3589 3640; baseline 0 -17"><span class='ocrx_word' id='word_1_684' title='bbox 2011 3568 2178 3624; x_wconf 88' lang='lat' dir='ltr'><strong>steris</strong></span> <span class='ocrx_word' id='word_1_685' title='bbox 2228 3568 2431 3623; x_wconf 87' lang='lat' dir='ltr'><strong>nostris</strong></span> <span class='ocrx_word' id='word_1_686' title='bbox 2482 3567 2773 3635; x_wconf 85' lang='lat' dir='ltr'><strong>debemus,</strong></span> <span class='ocrx_word' id='word_1_687' title='bbox 2816 3573 3089 3640; x_wconf 81' lang='lat' dir='ltr'><strong>gratoque</strong></span> <span class='ocrx_word' id='word_1_688' title='bbox 3131 3566 3315 3622; x_wconf 86' lang='lat' dir='ltr'><strong>animo</strong></span> <span class='ocrx_word' id='word_1_689' title='bbox 3358 3566 3457 3638; x_wconf 75' lang='lat' dir='ltr'><strong>p&#39;ar</strong></span> <span class='ocrx_word' id='word_1_690' title='bbox 3502 3579 3589 3626; x_wconf 84' lang='lat' dir='ltr'><strong>est</strong></span> 
     </span>
    </p>
   </div>
   <div class='ocr_carea' id='block_1_89' title="bbox 2013 3659 3587 3734">
    <p class='ocr_par' dir='ltr' id='par_1_89' title="bbox 2013 3659 3587 3734">
     <span class='ocr_line' id='line_1_89' title="bbox 2013 3659 3587 3734; baseline -0.001 -16"><span class='ocrx_word' id='word_1_691' title='bbox 2013 3662 2349 3734; x_wconf 86' lang='lat' dir='ltr'><strong>persolvere.</strong></span> <span class='ocrx_word' id='word_1_692' title='bbox 2394 3660 2583 3732; x_wconf 87' lang='lat' dir='ltr'><strong>Neque</strong></span> <span class='ocrx_word' id='word_1_693' title='bbox 2637 3662 2817 3717; x_wconf 82' lang='lat' dir='ltr'><strong>solum</strong></span> <span class='ocrx_word' id='word_1_694' title='bbox 2872 3675 2975 3717; x_wconf 91' lang='lat' dir='ltr'><strong>nos</strong></span> <span class='ocrx_word' id='word_1_695' title='bbox 3019 3659 3207 3716; x_wconf 87' lang='lat' dir='ltr'><strong>divina</strong></span> <span class='ocrx_word' id='word_1_696' title='bbox 3245 3660 3330 3717; x_wconf 83' lang='lat' dir='ltr'><strong>lex</strong></span> <span class='ocrx_word' id='word_1_697' title='bbox 3361 3662 3587 3728; x_wconf 81' lang='lat' dir='ltr'><strong>excitat,</strong></span> 
     </span>
    </p>
   </div>
   <div class='ocr_carea' id='block_1_90' title="bbox 2013 3753 3589 3830">
    <p class='ocr_par' dir='ltr' id='par_1_90' title="bbox 2013 3753 3589 3830">
     <span class='ocr_line' id='line_1_90' title="bbox 2013 3753 3589 3830; baseline -0.002 -18"><span class='ocrx_word' id='word_1_698' title='bbox 2013 3773 2202 3813; x_wconf 89' lang='lat' dir='ltr'><strong>verum</strong></span> <span class='ocrx_word' id='word_1_699' title='bbox 2235 3757 2400 3813; x_wconf 89' lang='lat' dir='ltr'><strong>etiam</strong></span> <span class='ocrx_word' id='word_1_700' title='bbox 2435 3757 2689 3830; x_wconf 88' lang='lat' dir='ltr'><strong>plerique</strong></span> <span class='ocrx_word' id='word_1_701' title='bbox 2715 3759 2964 3814; x_wconf 89' lang='lat' dir='ltr'><strong>illustres</strong></span> <span class='ocrx_word' id='word_1_702' title='bbox 2993 3755 3121 3822; x_wconf 89' lang='lat' dir='ltr'><strong>viri,</strong></span> <span class='ocrx_word' id='word_1_703' title='bbox 3151 3755 3314 3811; x_wconf 88' lang='lat' dir='ltr'><strong>nobis</strong></span> <span class='ocrx_word' id='word_1_704' title='bbox 3349 3753 3589 3811; x_wconf 82' lang='lat' dir='ltr'><strong>familia-</strong></span> 
     </span>
    </p>
   </div>
   <div class='ocr_carea' id='block_1_91' title="bbox 2011 3849 3588 3920">
    <p class='ocr_par' dir='ltr' id='par_1_91' title="bbox 2011 3849 3588 3920">
     <span class='ocr_line' id='line_1_91' title="bbox 2011 3849 3588 3920; baseline 0.001 -16"><span class='ocrx_word' id='word_1_705' title='bbox 2011 3849 2177 3904; x_wconf 90' lang='lat' dir='ltr'><strong>ritate</strong></span> <span class='ocrx_word' id='word_1_706' title='bbox 2199 3849 2826 3920; x_wconf 86' lang='lat' dir='ltr'><strong>conjuncti,ardentiori</strong></span> <span class='ocrx_word' id='word_1_707' title='bbox 2856 3849 3043 3906; x_wconf 89' lang='lat' dir='ltr'><strong>studio</strong></span> <span class='ocrx_word' id='word_1_708' title='bbox 3073 3849 3494 3916; x_wconf 89' lang='lat' dir='ltr'><strong>contendentes,</strong></span> <span class='ocrx_word' id='word_1_709' title='bbox 3526 3862 3588 3906; x_wconf 89' lang='lat' dir='ltr'><strong>ut</strong></span> 
     </span>
    </p>
   </div>
   <div class='ocr_carea' id='block_1_92' title="bbox 2012 3938 3589 4011">
    <p class='ocr_par' dir='ltr' id='par_1_92' title="bbox 2012 3938 3589 4011">
     <span class='ocr_line' id='line_1_92' title="bbox 2012 3938 3589 4011; baseline 0.001 -18"><span class='ocrx_word' id='word_1_710' title='bbox 2012 3941 2117 3995; x_wconf 79' lang='lat' dir='ltr'><strong>hoc</strong></span> <span class='ocrx_word' id='word_1_711' title='bbox 2144 3944 2422 3995; x_wconf 86' lang='lat' dir='ltr'><strong>certamen</strong></span> <span class='ocrx_word' id='word_1_712' title='bbox 2451 3939 2718 3995; x_wconf 85' lang='lat' dir='ltr'><strong>audacter</strong></span> <span class='ocrx_word' id='word_1_713' title='bbox 2755 3941 3045 4006; x_wconf 90' lang='lat' dir='ltr'><strong>iniremus,</strong></span> <span class='ocrx_word' id='word_1_714' title='bbox 3083 3938 3443 4009; x_wconf 88' lang='lat' dir='ltr'><strong>impulerunt.</strong></span> <span class='ocrx_word' id='word_1_715' title='bbox 3474 3940 3589 4011; x_wconf 79' lang='lat' dir='ltr'><strong>Age</strong></span> 
     </span>
    </p>
   </div>
   <div class='ocr_carea' id='block_1_93' title="bbox 2011 4029 3586 4102">
    <p class='ocr_par' dir='ltr' id='par_1_93' title="bbox 2011 4029 3586 4102">
     <span class='ocr_line' id='line_1_93' title="bbox 2011 4029 3586 4102; baseline 0 -17"><span class='ocrx_word' id='word_1_716' title='bbox 2011 4031 2199 4102; x_wconf 88' lang='lat' dir='ltr'><strong>itaque</strong></span> <span class='ocrx_word' id='word_1_717' title='bbox 2234 4030 2542 4086; x_wconf 88' lang='lat' dir='ltr'><strong>beatissimi</strong></span> <span class='ocrx_word' id='word_1_718' title='bbox 2585 4029 2832 4086; x_wconf 87' lang='lat' dir='ltr'><strong>Danielis</strong></span> <span class='ocrx_word' id='word_1_719' title='bbox 2875 4031 3245 4100; x_wconf 87' lang='lat' dir='ltr'><strong>prophetiam,</strong></span> <span class='ocrx_word' id='word_1_720' title='bbox 3273 4045 3437 4101; x_wconf 86' lang='lat' dir='ltr'><strong>quam</strong></span> <span class='ocrx_word' id='word_1_721' title='bbox 3467 4047 3586 4085; x_wconf 88' lang='lat' dir='ltr'><strong>ma-</strong></span> 
     </span>
    </p>
   </div>
   <div class='ocr_carea' id='block_1_94' title="bbox 2012 4119 3586 4192">
    <p class='ocr_par' dir='ltr' id='par_1_94' title="bbox 2012 4119 3586 4192">
     <span class='ocr_line' id='line_1_94' title="bbox 2012 4119 3586 4192; baseline 0.001 -17"><span class='ocrx_word' id='word_1_722' title='bbox 2012 4121 2158 4176; x_wconf 80' lang='lat' dir='ltr'><strong>xime</strong></span> <span class='ocrx_word' id='word_1_723' title='bbox 2187 4120 2336 4188; x_wconf 86' lang='lat' dir='ltr'><strong>licet,</strong></span> <span class='ocrx_word' id='word_1_724' title='bbox 2385 4119 2594 4192; x_wconf 77' lang='lat' dir='ltr'><strong>ignaris</strong></span> <span class='ocrx_word' id='word_1_725' title='bbox 2622 4120 2979 4191; x_wconf 85' lang='lat' dir='ltr'><strong>perspicuam</strong></span> <span class='ocrx_word' id='word_1_726' title='bbox 3032 4120 3328 4178; x_wconf 78' lang='lat' dir='ltr'><strong>faciamus.</strong></span> <span class='ocrx_word' id='word_1_727' title='bbox 3364 4121 3428 4176; x_wconf 89' lang='lat' dir='ltr'><strong>Et</strong></span> <span class='ocrx_word' id='word_1_728' title='bbox 3471 4121 3586 4177; x_wconf 82' lang='lat' dir='ltr'><strong>for-</strong></span> 
     </span>
    </p>
   </div>
   <div class='ocr_carea' id='block_1_95' title="bbox 2012 4213 3583 4285">
    <p class='ocr_par' dir='ltr' id='par_1_95' title="bbox 2012 4213 3583 4285">
     <span class='ocr_line' id='line_1_95' title="bbox 2012 4213 3583 4285; baseline 0.001 -17"><span class='ocrx_word' id='word_1_729' title='bbox 2012 4222 2163 4270; x_wconf 88' lang='lat' dir='ltr'><strong>tasse</strong></span> <span class='ocrx_word' id='word_1_730' title='bbox 2216 4228 2286 4270; x_wconf 91' lang='lat' dir='ltr'><strong>ne</strong></span> <span class='ocrx_word' id='word_1_731' title='bbox 2335 4214 2404 4271; x_wconf 88' lang='lat' dir='ltr'><strong>iis</strong></span> <span class='ocrx_word' id='word_1_732' title='bbox 2456 4215 2680 4285; x_wconf 89' lang='lat' dir='ltr'><strong>quidem</strong></span> <span class='ocrx_word' id='word_1_733' title='bbox 2726 4213 2820 4283; x_wconf 88' lang='lat' dir='ltr'><strong>qui</strong></span> <span class='ocrx_word' id='word_1_734' title='bbox 2870 4215 3215 4284; x_wconf 79' lang='lat' dir='ltr'><strong>intelligendi</strong></span> <span class='ocrx_word' id='word_1_735' title='bbox 3271 4216 3583 4271; x_wconf 81' lang='lat' dir='ltr'><strong>facultatem</strong></span> 
     </span>
    </p>
   </div>
   <div class='ocr_carea' id='block_1_96' title="bbox 2012 4305 3586 4371">
    <p class='ocr_par' dir='ltr' id='par_1_96' title="bbox 2012 4305 3586 4371">
     <span class='ocr_line' id='line_1_96' title="bbox 2012 4305 3586 4371; baseline -0.001 -10"><span class='ocrx_word' id='word_1_736' title='bbox 2012 4305 2298 4362; x_wconf 87' lang='lat' dir='ltr'><strong>consecuti</strong></span> <span class='ocrx_word' id='word_1_737' title='bbox 2331 4314 2485 4371; x_wconf 87' lang='lat' dir='ltr'><strong>sunt,</strong></span> <span class='ocrx_word' id='word_1_738' title='bbox 2521 4306 2679 4361; x_wconf 87' lang='lat' dir='ltr'><strong>labor</strong></span> <span class='ocrx_word' id='word_1_739' title='bbox 2707 4306 2797 4360; x_wconf 86' lang='lat' dir='ltr'><strong>hic</strong></span> <span class='ocrx_word' id='word_1_740' title='bbox 2833 4314 3026 4361; x_wconf 88' lang='lat' dir='ltr'><strong>noster</strong></span> <span class='ocrx_word' id='word_1_741' title='bbox 3054 4306 3161 4361; x_wconf 88' lang='lat' dir='ltr'><strong>erit</strong></span> <span class='ocrx_word' id='word_1_742' title='bbox 3187 4306 3420 4363; x_wconf 89' lang='lat' dir='ltr'><strong>inutilis.</strong></span> <span class='ocrx_word' id='word_1_743' title='bbox 3450 4305 3586 4361; x_wconf 86' lang='lat' dir='ltr'><strong>Nam</strong></span> 
     </span>
    </p>
   </div>
   <div class='ocr_carea' id='block_1_97' title="bbox 2014 4397 3584 4470">
    <p class='ocr_par' dir='ltr' id='par_1_97' title="bbox 2014 4397 3584 4470">
     <span class='ocr_line' id='line_1_97' title="bbox 2014 4397 3584 4470; baseline 0.003 -21"><span class='ocrx_word' id='word_1_744' title='bbox 2014 4399 2100 4454; x_wconf 84' lang='lat' dir='ltr'><strong>vel</strong></span> <span class='ocrx_word' id='word_1_745' title='bbox 2150 4398 2308 4468; x_wconf 90' lang='lat' dir='ltr'><strong>plura</strong></span> <span class='ocrx_word' id='word_1_746' title='bbox 2356 4397 2636 4470; x_wconf 86' lang='lat' dir='ltr'><strong>reperient</strong></span> <span class='ocrx_word' id='word_1_747' title='bbox 2670 4412 2832 4468; x_wconf 79' lang='lat' dir='ltr'><strong>quam</strong></span> <span class='ocrx_word' id='word_1_748' title='bbox 2881 4398 3087 4468; x_wconf 88' lang='lat' dir='ltr'><strong>opinati</strong></span> <span class='ocrx_word' id='word_1_749' title='bbox 3117 4398 3250 4463; x_wconf 85' lang='lat' dir='ltr'><strong>sint,</strong></span> <span class='ocrx_word' id='word_1_750' title='bbox 3284 4399 3368 4454; x_wconf 82' lang='lat' dir='ltr'><strong>vel</strong></span> <span class='ocrx_word' id='word_1_751' title='bbox 3396 4413 3498 4454; x_wconf 86' lang='lat' dir='ltr'><strong>sua</strong></span> <span class='ocrx_word' id='word_1_752' title='bbox 3530 4399 3584 4453; x_wconf 91' lang='lat' dir='ltr'><strong>in</strong></span> 
     </span>
    </p>
   </div>
   <div class='ocr_carea' id='block_1_98' title="bbox 2013 4486 3585 4560">
    <p class='ocr_par' dir='ltr' id='par_1_98' title="bbox 2013 4486 3585 4560">
     <span class='ocr_line' id='line_1_98' title="bbox 2013 4486 3585 4560; baseline 0.001 -18"><span class='ocrx_word' id='word_1_753' title='bbox 2013 4489 2224 4544; x_wconf 90' lang='lat' dir='ltr'><strong>nostris</strong></span> <span class='ocrx_word' id='word_1_754' title='bbox 2268 4486 2770 4560; x_wconf 86' lang='lat' dir='ltr'><strong>deprehendentes,</strong></span> <span class='ocrx_word' id='word_1_755' title='bbox 2802 4487 2953 4559; x_wconf 89' lang='lat' dir='ltr'><strong>quod</strong></span> <span class='ocrx_word' id='word_1_756' title='bbox 2988 4504 3017 4542; x_wconf 92' lang='lat' dir='ltr'><strong>a</strong></span> <span class='ocrx_word' id='word_1_757' title='bbox 3042 4503 3101 4544; x_wconf 89' lang='lat' dir='ltr'><strong>se</strong></span> <span class='ocrx_word' id='word_1_758' title='bbox 3121 4488 3436 4559; x_wconf 79' lang='lat' dir='ltr'><strong>iudagatum</strong></span> <span class='ocrx_word' id='word_1_759' title='bbox 3466 4488 3585 4544; x_wconf 79' lang='lat' dir='ltr'><strong>fue-</strong></span> 
     </span>
    </p>
   </div>
   <div class='ocr_carea' id='block_1_99' title="bbox 2011 4579 3586 4637">
    <p class='ocr_par' dir='ltr' id='par_1_99' title="bbox 2011 4579 3586 4637">
     <span class='ocr_line' id='line_1_99' title="bbox 2011 4579 3586 4637; baseline 0.001 -3"><span class='ocrx_word' id='word_1_760' title='bbox 2011 4580 2083 4634; x_wconf 88' lang='lat' dir='ltr'><strong>rit</strong></span> <span class='ocrx_word' id='word_1_761' title='bbox 2121 4581 2402 4635; x_wconf 88' lang='lat' dir='ltr'><strong>communi</strong></span> <span class='ocrx_word' id='word_1_762' title='bbox 2441 4595 2719 4636; x_wconf 90' lang='lat' dir='ltr'><strong>consensu</strong></span> <span class='ocrx_word' id='word_1_763' title='bbox 2749 4580 3056 4636; x_wconf 87' lang='lat' dir='ltr'><strong>stabilient.</strong></span> <span class='ocrx_word' id='word_1_764' title='bbox 3087 4579 3389 4637; x_wconf 89' lang='lat' dir='ltr'><strong>Consuevit</strong></span> <span class='ocrx_word' id='word_1_765' title='bbox 3440 4583 3586 4636; x_wconf 88' lang='lat' dir='ltr'><strong>enim</strong></span> 
     </span>
    </p>
   </div>
   <div class='ocr_carea' id='block_1_100' title="bbox 2015 4671 3588 4742">
    <p class='ocr_par' dir='ltr' id='par_1_100' title="bbox 2015 4671 3588 4742">
     <span class='ocr_line' id='line_1_100' title="bbox 2015 4671 3588 4742; baseline -0.002 -15"><span class='ocrx_word' id='word_1_766' title='bbox 2015 4671 2423 4742; x_wconf 85' lang='lat' dir='ltr'><strong>quodammodo</strong></span> <span class='ocrx_word' id='word_1_767' title='bbox 2455 4671 2699 4742; x_wconf 86' lang='lat' dir='ltr'><strong>plurium</strong></span> <span class='ocrx_word' id='word_1_768' title='bbox 2731 4686 3044 4727; x_wconf 88' lang='lat' dir='ltr'><strong>consensus</strong></span> <span class='ocrx_word' id='word_1_769' title='bbox 3089 4672 3368 4726; x_wconf 82' lang='lat' dir='ltr'><strong>intellecta</strong></span> <span class='ocrx_word' id='word_1_770' title='bbox 3399 4686 3588 4727; x_wconf 87' lang='lat' dir='ltr'><strong>corro-</strong></span> 
     </span>
    </p>
   </div>
   <div class='ocr_carea' id='block_1_101' title="bbox 2014 4762 3589 4834">
    <p class='ocr_par' dir='ltr' id='par_1_101' title="bbox 2014 4762 3589 4834">
     <span class='ocr_line' id='line_1_101' title="bbox 2014 4762 3589 4834; baseline -0.003 -14"><span class='ocrx_word' id='word_1_771' title='bbox 2014 4765 2236 4820; x_wconf 89' lang='lat' dir='ltr'><strong>borare.</strong></span> <span class='ocrx_word' id='word_1_772' title='bbox 2270 4762 2430 4818; x_wconf 83' lang='lat' dir='ltr'><strong>Hunc</strong></span> <span class='ocrx_word' id='word_1_773' title='bbox 2455 4772 2640 4820; x_wconf 89' lang='lat' dir='ltr'><strong>autem</strong></span> <span class='ocrx_word' id='word_1_774' title='bbox 2676 4763 3002 4834; x_wconf 84' lang='lat' dir='ltr'><strong>prophetam</strong></span> <span class='ocrx_word' id='word_1_775' title='bbox 3035 4763 3088 4816; x_wconf 84' lang='lat' dir='ltr'><strong>in</strong></span> <span class='ocrx_word' id='word_1_776' title='bbox 3123 4765 3375 4833; x_wconf 70' lang='lat' dir='ltr'><strong>praesenti</strong></span> <span class='ocrx_word' id='word_1_777' title='bbox 3406 4778 3589 4817; x_wconf 75' lang='lat' dir='ltr'><strong>cona-</strong></span> 
     </span>
    </p>
   </div>
   <div class='ocr_carea' id='block_1_102' title="bbox 2016 4854 3583 4927">
    <p class='ocr_par' dir='ltr' id='par_1_102' title="bbox 2016 4854 3583 4927">
     <span class='ocr_line' id='line_1_102' title="bbox 2016 4854 3583 4927; baseline -0.003 -16"><span class='ocrx_word' id='word_1_778' title='bbox 2016 4870 2142 4911; x_wconf 86' lang='lat' dir='ltr'><strong>mur</strong></span> <span class='ocrx_word' id='word_1_779' title='bbox 2195 4854 2572 4927; x_wconf 88' lang='lat' dir='ltr'><strong>interpretari,</strong></span> <span class='ocrx_word' id='word_1_780' title='bbox 2623 4870 2733 4909; x_wconf 88' lang='lat' dir='ltr'><strong>non</strong></span> <span class='ocrx_word' id='word_1_781' title='bbox 2786 4855 2944 4924; x_wconf 86' lang='lat' dir='ltr'><strong>quasi</strong></span> <span class='ocrx_word' id='word_1_782' title='bbox 2993 4854 3156 4920; x_wconf 88' lang='lat' dir='ltr'><strong>alios,</strong></span> <span class='ocrx_word' id='word_1_783' title='bbox 3194 4854 3340 4924; x_wconf 90' lang='lat' dir='ltr'><strong>quod</strong></span> <span class='ocrx_word' id='word_1_784' title='bbox 3394 4855 3583 4918; x_wconf 91' lang='lat' dir='ltr'><strong>absit,</strong></span> 
     </span>
    </p>
   </div>
   <div class='ocr_carea' id='block_1_103' title="bbox 2023 4946 3587 5006">
    <p class='ocr_par' dir='ltr' id='par_1_103' title="bbox 2023 4946 3587 5006">
     <span class='ocr_line' id='line_1_103' title="bbox 2023 4946 3587 5006; baseline -0.003 -1"><span class='ocrx_word' id='word_1_785' title='bbox 2023 4957 2704 5006; x_wconf 78' lang='lat' dir='ltr'><strong>contemnenteszomnes</strong></span> <span class='ocrx_word' id='word_1_786' title='bbox 2751 4947 2902 5001; x_wconf 87' lang='lat' dir='ltr'><strong>enim</strong></span> <span class='ocrx_word' id='word_1_787' title='bbox 2939 4946 3193 5003; x_wconf 89' lang='lat' dir='ltr'><strong>novimus</strong></span> <span class='ocrx_word' id='word_1_788' title='bbox 3238 4961 3364 5003; x_wconf 89' lang='lat' dir='ltr'><strong>esse</strong></span> <span class='ocrx_word' id='word_1_789' title='bbox 3414 4947 3587 5003; x_wconf 91' lang='lat' dir='ltr'><strong>divini</strong></span> 
     </span>
    </p>
   </div>
   <div class='ocr_carea' id='block_1_104' title="bbox 406 5090 1906 5170">
    <p class='ocr_par' dir='ltr' id='par_1_104' title="bbox 406 5090 1906 5170">
     <span class='ocr_line' id='line_1_104' title="bbox 406 5090 1906 5170; baseline 0.006 -22"><span class='ocrx_word' id='word_1_790' title='bbox 406 5090 740 5163; x_wconf 66' lang='lat' dir='ltr'><strong>‘ICOI‘.XII,</strong></span> <span class='ocrx_word' id='word_1_791' title='bbox 782 5094 834 5161; x_wconf 89' lang='lat'><strong>7,</strong></span> <span class='ocrx_word' id='word_1_792' title='bbox 856 5093 911 5150; x_wconf 86' lang='lat'><strong>9.</strong></span> <span class='ocrx_word' id='word_1_793' title='bbox 988 5097 1016 5136; x_wconf 72' lang='grc' dir='ltr'>ιι</span> <span class='ocrx_word' id='word_1_794' title='bbox 1057 5095 1212 5152; x_wconf 84' lang='lat' dir='ltr'><strong>Deut.</strong></span> <span class='ocrx_word' id='word_1_795' title='bbox 1247 5112 1321 5164; x_wconf 90' lang='lat' dir='ltr'><strong>tv,</strong></span> <span class='ocrx_word' id='word_1_796' title='bbox 1346 5099 1398 5154; x_wconf 88' lang='lat'><strong>9.</strong></span> <span class='ocrx_word' id='word_1_797' title='bbox 1478 5110 1499 5138; x_wconf 77' lang='grc' dir='ltr'><strong>ο</strong></span> <span class='ocrx_word' id='word_1_798' title='bbox 1528 5098 1673 5157; x_wconf 84' lang='lat' dir='ltr'><strong>Psal.</strong></span> <span class='ocrx_word' id='word_1_799' title='bbox 1704 5118 1906 5170; x_wconf 69' lang='lat' dir='ltr'><strong>Lxrvn,</strong></span> 
     </span>
    </p>
   </div>
   <div class='ocr_carea' id='block_1_105' title="bbox 2007 5090 3304 5170">
    <p class='ocr_par' dir='ltr' id='par_1_105' title="bbox 2017 5097 3304 5167">
     <span class='ocr_line' id='line_1_105' title="bbox 2017 5097 3304 5167; baseline -0.002 -9"><span class='ocrx_word' id='word_1_800' title='bbox 2017 5104 2074 5159; x_wconf 77' lang='lat'><strong>‘2.</strong></span> <span class='ocrx_word' id='word_1_801' title='bbox 2150 5104 2178 5142; x_wconf 70' lang='grc' dir='ltr'>ά</span> <span class='ocrx_word' id='word_1_802' title='bbox 2203 5103 2338 5160; x_wconf 89' lang='lat' dir='ltr'><strong>ibid.</strong></span> <span class='ocrx_word' id='word_1_803' title='bbox 2370 5101 2508 5167; x_wconf 57' lang='grc' dir='ltr'>ΞΑ.</span> <span class='ocrx_word' id='word_1_804' title='bbox 2592 5112 2615 5141; x_wconf 75' lang='grc' dir='ltr'><strong>ε</strong></span> <span class='ocrx_word' id='word_1_805' title='bbox 2645 5100 2781 5156; x_wconf 85' lang='lat' dir='ltr'><strong>ibid.</strong></span> <span class='ocrx_word' id='word_1_806' title='bbox 2814 5099 2872 5163; x_wconf 85' lang='lat'><strong>5,</strong></span> <span class='ocrx_word' id='word_1_807' title='bbox 2900 5098 2953 5154; x_wconf 88' lang='grc'><strong>6.</strong></span> <span class='ocrx_word' id='word_1_808' title='bbox 3037 5097 3058 5137; x_wconf 71' lang='grc' dir='ltr'><strong>ί</strong></span> <span class='ocrx_word' id='word_1_809' title='bbox 3092 5098 3224 5155; x_wconf 90' lang='lat' dir='ltr'><strong>ibid.</strong></span> <span class='ocrx_word' id='word_1_810' title='bbox 3252 5101 3304 5156; x_wconf 85' lang='lat'><strong>7.</strong></span> 
     </span>
    </p>
   </div>
   <div class='ocr_carea' id='block_1_106' title="bbox 1643 5260 2322 5324">
    <p class='ocr_par' dir='ltr' id='par_1_106' title="bbox 1643 5260 2322 5324">
     <span class='ocr_line' id='line_1_106' title="bbox 1643 5260 2322 5324; baseline 0.013 -9"><span class='ocrx_word' id='word_1_811' title='bbox 1643 5260 1879 5318; x_wconf 68' lang='lat' dir='ltr'><strong>VARUE</strong></span> <span class='ocrx_word' id='word_1_812' title='bbox 1918 5264 2322 5324; x_wconf 77' lang='lat' dir='ltr'><strong>LECTIONES.</strong></span> 
     </span>
    </p>
   </div>
   <div class='ocr_carea' id='block_1_107' title="bbox 407 5330 1450 5421">
    <p class='ocr_par' dir='ltr' id='par_1_107' title="bbox 407 5330 1450 5421">
     <span class='ocr_line' id='line_1_107' title="bbox 407 5330 1450 5421; baseline -0.002 -19"><span class='ocrx_word' id='word_1_813' title='bbox 407 5350 430 5382; x_wconf 85' lang='grc'><strong><em>⁸</em></strong></span> <span class='ocrx_word' id='word_1_814' title='bbox 467 5348 566 5421; x_wconf 77' lang='grc' dir='ltr'><strong>ἆπ.</strong></span> <span class='ocrx_word' id='word_1_815' title='bbox 600 5348 659 5421; x_wconf 74' lang='lat' dir='ltr'><strong>in</strong></span> <span class='ocrx_word' id='word_1_816' title='bbox 686 5348 728 5403; x_wconf 85' lang='grc' dir='ltr'><strong>Β</strong></span> <span class='ocrx_word' id='word_1_817' title='bbox 756 5351 977 5421; x_wconf 78' lang='lat' dir='ltr'><strong>ponitur</strong></span> <span class='ocrx_word' id='word_1_818' title='bbox 1013 5357 1134 5421; x_wconf 85' lang='lat' dir='ltr'><strong>post</strong></span> <span class='ocrx_word' id='word_1_819' title='bbox 1163 5330 1450 5421; x_wconf 60' lang='grc' dir='ltr'>ἐλάχομεν.</span> 
     </span>
    </p>
   </div>
   <div class='ocr_carea' id='block_1_108' title="bbox 326 5413 1252 5488">
    <p class='ocr_par' dir='ltr' id='par_1_108' title="bbox 326 5413 1252 5488">
     <span class='ocr_line' id='line_1_108' title="bbox 326 5413 1252 5488; baseline -0.001 -15"><span class='ocrx_word' id='word_1_820' title='bbox 326 5421 361 5473; x_wconf 78' lang='grc' dir='ltr'><strong>ὁ</strong></span> <span class='ocrx_word' id='word_1_821' title='bbox 390 5413 771 5483; x_wconf 79' lang='grc' dir='ltr'>Ἀπόστολος.’</span> <span class='ocrx_word' id='word_1_822' title='bbox 844 5421 866 5451; x_wconf 81' lang='grc'><strong>⁸</strong></span> <span class='ocrx_word' id='word_1_823' title='bbox 901 5413 1065 5488; x_wconf 68' lang='grc' dir='ltr'>ἄλλω.</span> <span class='ocrx_word' id='word_1_824' title='bbox 1090 5420 1131 5472; x_wconf 91' lang='grc' dir='ltr'>Β</span> <span class='ocrx_word' id='word_1_825' title='bbox 1188 5413 1252 5487; x_wconf 81' lang='grc' dir='ltr'>ᾧ,</span> 
     </span>
    </p>
   </div>
   <div class='ocr_carea' id='block_1_109' title="bbox 334 5557 1456 5623">
    <p class='ocr_par' dir='ltr' id='par_1_109' title="bbox 334 5557 1456 5623">
     <span class='ocr_line' id='line_1_109' title="bbox 334 5557 1456 5623; baseline -0.002 -10"><span class='ocrx_word' id='word_1_826' title='bbox 334 5559 472 5613; x_wconf 78' lang='lat' dir='ltr'><strong>ibid.</strong></span> <span class='ocrx_word' id='word_1_827' title='bbox 588 5559 632 5589; x_wconf 84' lang='grc'>¹¹</span> <span class='ocrx_word' id='word_1_828' title='bbox 668 5562 781 5623; x_wconf 85' lang='grc' dir='ltr'>τοῖς</span> <span class='ocrx_word' id='word_1_829' title='bbox 816 5557 952 5622; x_wconf 77' lang='grc' dir='ltr'>υἱοῖς</span> <span class='ocrx_word' id='word_1_830' title='bbox 986 5557 1107 5612; x_wconf 62' lang='lat' dir='ltr'><strong>aut.</strong></span> <span class='ocrx_word' id='word_1_831' title='bbox 1138 5558 1263 5612; x_wconf 85' lang='lat' dir='ltr'><strong>Des.</strong></span> <span class='ocrx_word' id='word_1_832' title='bbox 1322 5557 1456 5611; x_wconf 87' lang='lat' dir='ltr'><strong>ibid.</strong></span> 
     </span>
    </p>
   </div>
   <div class='ocr_carea' id='block_1_110' title="bbox 1543 5349 3588 5427">
    <p class='ocr_par' dir='ltr' id='par_1_110' title="bbox 1543 5349 3588 5427">
     <span class='ocr_line' id='line_1_110' title="bbox 1543 5349 3588 5427; baseline 0.009 -25"><span class='ocrx_word' id='word_1_833' title='bbox 1543 5354 1565 5385; x_wconf 68' lang='grc' dir='ltr'>δ</span> <span class='ocrx_word' id='word_1_834' title='bbox 1591 5349 1851 5427; x_wconf 54' lang='grc' dir='ltr'><strong>ὀίπέιιντεςἶ</strong></span> <span class='ocrx_word' id='word_1_835' title='bbox 1882 5353 2005 5409; x_wconf 85' lang='lat' dir='ltr'><strong>Des.</strong></span> <span class='ocrx_word' id='word_1_836' title='bbox 2032 5357 2142 5427; x_wconf 73' lang='lat' dir='ltr'><strong>inec</strong></span> <span class='ocrx_word' id='word_1_837' title='bbox 2178 5356 2319 5427; x_wconf 68' lang='lat' dir='ltr'><strong>loco</strong></span> <span class='ocrx_word' id='word_1_838' title='bbox 2353 5358 2405 5411; x_wconf 92' lang='lat' dir='ltr'><strong>in</strong></span> <span class='ocrx_word' id='word_1_839' title='bbox 2438 5356 2511 5427; x_wconf 78' lang='grc' dir='ltr'><strong>Β.</strong></span> <span class='ocrx_word' id='word_1_840' title='bbox 2574 5357 2605 5427; x_wconf 19' lang='grc' dir='ltr'><strong>δέ</strong></span> <span class='ocrx_word' id='word_1_841' title='bbox 2641 5374 2813 5427; x_wconf 85' lang='grc' dir='ltr'>συμφ.</span> <span class='ocrx_word' id='word_1_842' title='bbox 2849 5355 2907 5411; x_wconf 83' lang='grc' dir='ltr'>1η</span> <span class='ocrx_word' id='word_1_843' title='bbox 2952 5357 2993 5411; x_wconf 97' lang='grc' dir='ltr'><strong>Β</strong></span> <span class='ocrx_word' id='word_1_844' title='bbox 3024 5358 3293 5427; x_wconf 79' lang='lat' dir='ltr'><strong>sequitur,</strong></span> <span class='ocrx_word' id='word_1_845' title='bbox 3318 5355 3396 5418; x_wconf 81' lang='grc' dir='ltr'><strong>ὥς</strong></span> <span class='ocrx_word' id='word_1_846' title='bbox 3424 5371 3588 5424; x_wconf 77' lang='grc' dir='ltr'>φησιν</span> 
     </span>
    </p>
   </div>
   <div class='ocr_carea' id='block_1_111' title="bbox 1303 5419 3585 5495">
    <p class='ocr_par' dir='ltr' id='par_1_111' title="bbox 1303 5419 3585 5495">
     <span class='ocr_line' id='line_1_111' title="bbox 1303 5419 3585 5495; baseline 0.003 -22"><span class='ocrx_word' id='word_1_847' title='bbox 1303 5419 1456 5495; x_wconf 69' lang='lat' dir='ltr'><strong>juxta</strong></span> <span class='ocrx_word' id='word_1_848' title='bbox 1500 5433 1611 5495; x_wconf 59' lang='lat' dir='ltr'><strong>tjec:</strong></span> <span class='ocrx_word' id='word_1_849' title='bbox 1665 5422 1815 5495; x_wconf 86' lang='lat' dir='ltr'><strong>lect._</strong></span> <span class='ocrx_word' id='word_1_850' title='bbox 1838 5424 1960 5477; x_wconf 85' lang='lat' dir='ltr'><strong>loco</strong></span> <span class='ocrx_word' id='word_1_851' title='bbox 1996 5425 2093 5479; x_wconf 88' lang='lat' dir='ltr'><strong>cit.</strong></span> <span class='ocrx_word' id='word_1_852' title='bbox 2143 5426 2209 5495; x_wconf 14' lang='grc' dir='ltr'><strong>βτί</strong></span> <span class='ocrx_word' id='word_1_853' title='bbox 2237 5426 2457 5495; x_wconf 84' lang='grc' dir='ltr'>δίδοται.</span> <span class='ocrx_word' id='word_1_854' title='bbox 2497 5426 2550 5480; x_wconf 91' lang='lat' dir='ltr'><strong>In</strong></span> <span class='ocrx_word' id='word_1_855' title='bbox 2586 5426 2627 5479; x_wconf 90' lang='grc' dir='ltr'>Β</span> <span class='ocrx_word' id='word_1_856' title='bbox 2650 5419 2867 5495; x_wconf 76' lang='lat' dir='ltr'><strong>ponitur</strong></span> <span class='ocrx_word' id='word_1_857' title='bbox 2896 5419 3232 5495; x_wconf 40' lang='lat' dir='ltr'><strong>amelli-70;,</strong></span> <span class='ocrx_word' id='word_1_858' title='bbox 3257 5419 3585 5495; x_wconf 30' lang='lat' dir='ltr'><strong>juxta’jec.</strong></span> 
     </span>
    </p>
   </div>
   <div class='ocr_carea' id='block_1_112' title="bbox 332 5487 2393 5564">
    <p class='ocr_par' dir='ltr' id='par_1_112' title="bbox 332 5487 2393 5564">
     <span class='ocr_line' id='line_1_112' title="bbox 332 5487 2393 5564; baseline 0.004 -24"><span class='ocrx_word' id='word_1_859' title='bbox 332 5490 655 5564; x_wconf 55' lang='lat' dir='ltr'><strong>lectionem.</strong></span> <span class='ocrx_word' id='word_1_860' title='bbox 732 5490 813 5564; x_wconf 64' lang='grc' dir='ltr'><strong>ξΒ</strong></span> <span class='ocrx_word' id='word_1_861' title='bbox 838 5487 1171 5564; x_wconf 51' lang='grc' dir='ltr'><strong>παραδοίηνζ</strong></span> <span class='ocrx_word' id='word_1_862' title='bbox 1231 5487 1733 5564; x_wconf 37' lang='grc' dir='ltr'>’διδηαύτάχ-Ιιροο</span> <span class='ocrx_word' id='word_1_863' title='bbox 1756 5492 1864 5564; x_wconf 59' lang='lat' dir='ltr'><strong>cit.</strong></span> <span class='ocrx_word' id='word_1_864' title='bbox 1895 5500 1985 5564; x_wconf 82' lang='lat' dir='ltr'><strong>est</strong></span> <span class='ocrx_word' id='word_1_865' title='bbox 2014 5493 2393 5564; x_wconf 83' lang='grc' dir='ltr'>συμϐιϐάσεις.</span> 
     </span>
    </p>
   </div>
   <div class='ocr_carea' id='block_1_113' title="bbox 2483 5491 3585 5566">
    <p class='ocr_par' dir='ltr' id='par_1_113' title="bbox 2483 5491 3585 5566">
     <span class='ocr_line' id='line_1_113' title="bbox 2483 5491 3585 5566; baseline -0.007 -15"><span class='ocrx_word' id='word_1_866' title='bbox 2483 5496 2527 5527; x_wconf 74' lang='grc'>³⁸</span> <span class='ocrx_word' id='word_1_867' title='bbox 2563 5491 2722 5550; x_wconf 75' lang='grc' dir='ltr'>αὐτά.</span> <span class='ocrx_word' id='word_1_868' title='bbox 2755 5495 2881 5550; x_wconf 86' lang='lat' dir='ltr'><strong>Des.</strong></span> <span class='ocrx_word' id='word_1_869' title='bbox 2921 5497 2975 5550; x_wconf 91' lang='lat' dir='ltr'><strong>in</strong></span> <span class='ocrx_word' id='word_1_870' title='bbox 3006 5493 3065 5551; x_wconf 87' lang='grc' dir='ltr'><strong>Β.</strong></span> <span class='ocrx_word' id='word_1_871' title='bbox 3128 5491 3138 5495; x_wconf 77' lang='grc'><em>’</em></span> <span class='ocrx_word' id='word_1_872' title='bbox 3169 5491 3225 5528; x_wconf 49' lang='grc'><strong>¹¹⁷</strong></span> <span class='ocrx_word' id='word_1_873' title='bbox 3253 5491 3426 5566; x_wconf 75' lang='grc' dir='ltr'>ήμῶν.</span> <span class='ocrx_word' id='word_1_874' title='bbox 3462 5491 3585 5566; x_wconf 80' lang='lat' dir='ltr'><strong>Des.</strong></span> 
     </span>
    </p>
   </div>
   <div class='ocr_carea' id='block_1_114' title="bbox 1554 5559 3583 5636">
    <p class='ocr_par' dir='ltr' id='par_1_114' title="bbox 1554 5559 3583 5636">
     <span class='ocr_line' id='line_1_114' title="bbox 1554 5559 3583 5636; baseline 0.002 -26"><span class='ocrx_word' id='word_1_875' title='bbox 1554 5559 1611 5636; x_wconf 84' lang='lat'><strong>&quot;_</strong></span> <span class='ocrx_word' id='word_1_876' title='bbox 1636 5559 2049 5636; x_wconf 12' lang='lat' dir='ltr'><strong>&amp;V._De§.iibid.</strong></span> <span class='ocrx_word' id='word_1_877' title='bbox 2085 5559 2096 5564; x_wconf 77' lang='grc'><em>’</em></span> <span class='ocrx_word' id='word_1_878' title='bbox 2131 5564 2174 5596; x_wconf 73' lang='grc'><strong>³⁸</strong></span> <span class='ocrx_word' id='word_1_879' title='bbox 2210 5567 2360 5634; x_wconf 85' lang='grc' dir='ltr'>τεχθ.</span> <span class='ocrx_word' id='word_1_880' title='bbox 2395 5565 2592 5634; x_wconf 86' lang='lat' dir='ltr'><strong>Supra,</strong></span> <span class='ocrx_word' id='word_1_881' title='bbox 2635 5576 2766 5619; x_wconf 88' lang='lat' dir='ltr'><strong>tom.</strong></span> <span class='ocrx_word' id='word_1_882' title='bbox 2800 5566 2839 5631; x_wconf 86' lang='lat' dir='ltr'><strong>l;</strong></span> <span class='ocrx_word' id='word_1_883' title='bbox 2885 5582 3006 5636; x_wconf 80' lang='lat' dir='ltr'><strong>pag.</strong></span> <span class='ocrx_word' id='word_1_884' title='bbox 3070 5565 3227 5631; x_wconf 76' lang='lat'><strong>“50,</strong></span> <span class='ocrx_word' id='word_1_885' title='bbox 3272 5559 3466 5636; x_wconf 65' lang='lat' dir='ltr'><strong>prtem.</strong></span> <span class='ocrx_word' id='word_1_886' title='bbox 3512 5562 3583 5636; x_wconf 82' lang='lat' dir='ltr'><strong>o_!.</strong></span> 
     </span>
    </p>
   </div>
   <div class='ocr_carea' id='block_1_115' title="bbox 337 5627 3582 5703">
    <p class='ocr_par' dir='ltr' id='par_1_115' title="bbox 337 5627 3582 5703">
     <span class='ocr_line' id='line_1_115' title="bbox 337 5627 3582 5703; baseline 0.002 -23"><span class='ocrx_word' id='word_1_887' title='bbox 337 5629 388 5703; x_wconf 60' lang='lat' dir='ltr'>ff</span> <span class='ocrx_word' id='word_1_888' title='bbox 419 5629 470 5703; x_wconf 68' lang='grc' dir='ltr'><strong>Β</strong></span> <span class='ocrx_word' id='word_1_889' title='bbox 493 5628 917 5703; x_wconf 74' lang='grc' dir='ltr'>ἀπαγγελοῦσιν.</span> <span class='ocrx_word' id='word_1_890' title='bbox 947 5630 1347 5703; x_wconf 75' lang='lat' dir='ltr'><strong>Sicqnesnpra</strong></span> <span class='ocrx_word' id='word_1_891' title='bbox 1369 5668 1383 5690; x_wconf 92' lang='lat'><strong>,</strong></span> <span class='ocrx_word' id='word_1_892' title='bbox 1416 5629 1535 5703; x_wconf 71' lang='lat' dir='ltr'><strong>loco</strong></span> <span class='ocrx_word' id='word_1_893' title='bbox 1567 5627 1659 5703; x_wconf 90' lang='lat' dir='ltr'><strong>cit_.</strong></span> <span class='ocrx_word' id='word_1_894' title='bbox 1741 5631 1784 5661; x_wconf 75' lang='lat'>“</span> <span class='ocrx_word' id='word_1_895' title='bbox 1823 5631 1865 5682; x_wconf 91' lang='grc' dir='ltr'><strong>Β</strong></span> <span class='ocrx_word' id='word_1_896' title='bbox 1894 5634 2191 5703; x_wconf 76' lang='grc' dir='ltr'>ἐπήγαγεν.</span> <span class='ocrx_word' id='word_1_897' title='bbox 2274 5627 2316 5667; x_wconf 56' lang='grc' dir='ltr'>ίῖ</span> <span class='ocrx_word' id='word_1_898' title='bbox 2354 5636 2449 5689; x_wconf 79' lang='grc' dir='ltr'>τοῦ</span> <span class='ocrx_word' id='word_1_899' title='bbox 2478 5627 2641 5689; x_wconf 70' lang='grc' dir='ltr'>Θεοῦ.</span> <span class='ocrx_word' id='word_1_900' title='bbox 2704 5627 2903 5703; x_wconf 61' lang='lat' dir='ltr'><strong>Supra,</strong></span> <span class='ocrx_word' id='word_1_901' title='bbox 2935 5627 3055 5690; x_wconf 70' lang='lat' dir='ltr'><strong>loco</strong></span> <span class='ocrx_word' id='word_1_902' title='bbox 3095 5636 3183 5689; x_wconf 89' lang='lat' dir='ltr'><strong>cit.</strong></span> <span class='ocrx_word' id='word_1_903' title='bbox 3199 5627 3351 5692; x_wconf 49' lang='lat' dir='ltr'><strong>{erat</strong></span> <span class='ocrx_word' id='word_1_904' title='bbox 3375 5628 3582 5703; x_wconf 63' lang='grc' dir='ltr'>αὐτού.</span> 
     </span>
    </p>
   </div>
   <div class='ocr_carea' id='block_1_116' title="bbox 336 5697 3588 5785">
    <p class='ocr_par' dir='ltr' id='par_1_116' title="bbox 336 5697 3588 5785">
     <span class='ocr_line' id='line_1_116' title="bbox 336 5697 3588 5785; baseline 0.001 -33"><span class='ocrx_word' id='word_1_905' title='bbox 336 5697 384 5785; x_wconf 58' lang='grc' dir='ltr'>ξς</span> <span class='ocrx_word' id='word_1_906' title='bbox 419 5699 873 5785; x_wconf 55' lang='grc' dir='ltr'>Βχεννωμξιοις,</span> <span class='ocrx_word' id='word_1_907' title='bbox 911 5698 1132 5785; x_wconf 68' lang='lat' dir='ltr'><strong>omissis</strong></span> <span class='ocrx_word' id='word_1_908' title='bbox 1156 5698 1467 5785; x_wconf 39' lang='lat' dir='ltr'><strong>illiirs‘xal</strong></span> <span class='ocrx_word' id='word_1_909' title='bbox 1491 5697 1789 5785; x_wconf 63' lang='grc' dir='ltr'>ἐσομένοις.</span> <span class='ocrx_word' id='word_1_910' title='bbox 1826 5760 1839 5785; x_wconf 37' lang='grc' dir='ltr'>θ</span> <span class='ocrx_word' id='word_1_911' title='bbox 1875 5703 1915 5733; x_wconf 81' lang='grc'><strong>¹⁹</strong></span> <span class='ocrx_word' id='word_1_912' title='bbox 1955 5697 2123 5772; x_wconf 70' lang='grc' dir='ltr'>ἡμᾶς.</span> <span class='ocrx_word' id='word_1_913' title='bbox 2159 5702 2215 5758; x_wconf 93' lang='lat' dir='ltr'><strong>In</strong></span> <span class='ocrx_word' id='word_1_914' title='bbox 2241 5704 2280 5756; x_wconf 90' lang='lat' dir='ltr'><strong>B</strong></span> <span class='ocrx_word' id='word_1_915' title='bbox 2308 5706 2531 5775; x_wconf 86' lang='lat' dir='ltr'><strong>ponitur</strong></span> <span class='ocrx_word' id='word_1_916' title='bbox 2555 5715 2678 5777; x_wconf 86' lang='lat' dir='ltr'><strong>post</strong></span> <span class='ocrx_word' id='word_1_917' title='bbox 2738 5697 2900 5770; x_wconf 73' lang='grc' dir='ltr'>θέίοςζ</span> <span class='ocrx_word' id='word_1_918' title='bbox 2978 5706 3023 5738; x_wconf 83' lang='grc'><strong>²⁰</strong></span> <span class='ocrx_word' id='word_1_919' title='bbox 3064 5704 3332 5774; x_wconf 82' lang='grc' dir='ltr'>συνήθων.</span> <span class='ocrx_word' id='word_1_920' title='bbox 3374 5699 3493 5754; x_wconf 79' lang='lat' dir='ltr'><strong>Des.</strong></span> <span class='ocrx_word' id='word_1_921' title='bbox 3530 5698 3588 5754; x_wconf 88' lang='lat' dir='ltr'><strong>itt</strong></span> 
     </span>
    </p>
   </div>
   <div class='ocr_carea' id='block_1_117' title="bbox 341 5765 1727 5839">
    <p class='ocr_par' dir='ltr' id='par_1_117' title="bbox 341 5765 1727 5839">
     <span class='ocr_line' id='line_1_117' title="bbox 341 5765 1727 5839; baseline 0.001 -19"><span class='ocrx_word' id='word_1_922' title='bbox 341 5765 399 5820; x_wconf 78' lang='grc' dir='ltr'><strong>Β.</strong></span> <span class='ocrx_word' id='word_1_923' title='bbox 480 5769 523 5799; x_wconf 85' lang='grc'><strong>²¹</strong></span> <span class='ocrx_word' id='word_1_924' title='bbox 562 5765 685 5823; x_wconf 62' lang='grc' dir='ltr'>τόνζ</span> <span class='ocrx_word' id='word_1_925' title='bbox 713 5767 753 5821; x_wconf 87' lang='grc' dir='ltr'><strong>Β</strong></span> <span class='ocrx_word' id='word_1_926' title='bbox 782 5784 967 5838; x_wconf 62' lang='lat' dir='ltr'><strong>praem.</strong></span> <span class='ocrx_word' id='word_1_927' title='bbox 1007 5769 1164 5839; x_wconf 85' lang='grc' dir='ltr'>πρός.</span> <span class='ocrx_word' id='word_1_928' title='bbox 1241 5768 1285 5798; x_wconf 82' lang='grc'><strong>²¹</strong></span> <span class='ocrx_word' id='word_1_929' title='bbox 1325 5767 1366 5817; x_wconf 91' lang='grc' dir='ltr'><strong>Β</strong></span> <span class='ocrx_word' id='word_1_930' title='bbox 1393 5772 1727 5836; x_wconf 79' lang='grc' dir='ltr'>νενοήκασιν.</span> 
     </span>
    </p>
   </div>
   <div class='ocr_carea' id='block_1_118' title="bbox 667 5858 1397 5943">
    <p class='ocr_par' dir='ltr' id='par_1_118' title="bbox 667 5858 1397 5943">
     <span class='ocr_line' id='line_1_118' title="bbox 667 5858 1397 5943; baseline -0.003 -21"><span class='ocrx_word' id='word_1_931' title='bbox 667 5861 941 5923; x_wconf 64' lang='lat' dir='ltr'><strong>Parnm...</strong></span> <span class='ocrx_word' id='word_1_932' title='bbox 974 5860 1091 5921; x_wconf 77' lang='lat' dir='ltr'><strong>Gn.</strong></span> <span class='ocrx_word' id='word_1_933' title='bbox 1129 5858 1397 5943; x_wconf 64' lang='lat' dir='ltr'><strong>LXXXI.</strong></span> 
     </span>
    </p>
   </div>
   <div class='ocr_carea' id='block_1_119' title="bbox 3116 5857 3192 5919">
    <p class='ocr_par' dir='ltr' id='par_1_119' title="bbox 3116 5857 3192 5919">
     <span class='ocr_line' id='line_1_119' title="bbox 3116 5857 3192 5919; baseline -0.013 0"><span class='ocrx_word' id='word_1_934' title='bbox 3116 5857 3192 5919; x_wconf 65' lang='grc' dir='ltr'><strong>1ιο</strong></span> 
     </span>
    </p>
   </div>
  </div>
