4070 6456
462 404 599 472 I265

1632 398 1714 461 IN
1746 393 2137 460 DANIELEM
2174 394 2586 468 PRZEFATIO.

3576 403 3712 468 1266
3730 439 3737 454 ι

463 518 960 596 μετονομασθέντα.
1006 518 1114 574 Καὶ
1144 499 1329 572 τοῦτον
1376 518 1433 572 δὲ
1480 517 1509 570 6
1554 518 1823 587 μακάριος
1871 516 2036 587 Ἰερε-

2140 512 2365 569 dextera
2394 530 2537 581 mea,
2573 513 2700 570 inde
2730 515 2958 572 evellam
2988 523 3063 583 te,
3096 524 3151 575 et
3186 517 3397 575 tradam
3437 521 3563 577 tein
3595 540 3705 578 ma-

467 618 597 685 μίας
630 614 659 666 ό
690 612 980 683 προφήτης
1035 611 1287 682 Ἰεχονίαν
1334 609 1610 679 ὀνομάζει.
1651 627 1669 660 ι
1707 609 1793 661 Ζῶ
1831 608 1938 679 γάρ
1962 609 2031 675 ⁷⁷,

457 705 621 776 φησὶ,
646 702 796 771 λέγει
824 701 1049 770 Κύριος.
1078 701 1172 755 ἐὰν
1193 705 1484 772 γενόμενος
1509 700 1732 771 γένηται
1759 699 2032 770 Ἰεχονίας,

457 796 579 860 υίὸς
621 796 876 865 Ἰωακεὶμ
896 793 1162 864 βασιλέως
1198 793 1390 857 Ἰούδα,
1422 792 1855 863 ἀποσφράγισμα
1879 793 1969 846 ἐπὶ
1990 794 2036 825 ⁷⁸

458 890 564 957 τῆς
590 885 774 958 χειρός
805 902 906 957 μου
945 885 1048 955 τῆς
1078 884 1282 953 δεξιᾶς,
1317 885 1524 938 ἐκεῖθεν
1554 886 1812 938 ὲκσπάσω
1834 903 1913 953 σε,
1942 886 2038 939 καὶ

459 976 775 1049 παραδώσω
818 993 879 1030 σε
906 978 986 1041 είς
1017 979 1207 1049 χεῖρας
1247 976 1553 1050 ζητούντων
1589 977 1684 1050 τὴν
1710 976 1887 1049 ψυχήν
1918 996 2036 1044 σου,

458 1065 541 1126 ὧν
571 1071 639 1125 σὺ
666 1071 869 1143 εὐλαϐῇ
900 1073 1009 1126 ἀπὸ
1036 1073 1327 1144 προσώπου
1359 1075 1559 1141 αὐτῶν,
1607 1076 1687 1135 εἰς
1714 1077 1902 1146 χεῖρας
1929 1071 2037 1126 τῶν

461 1162 768 1218 Χαλδαίων.
806 1183 826 1217 ι
878 1165 988 1218 Καὶ
1033 1164 1222 1219 τούτου
1268 1166 1449 1220 τοίνυν
1496 1170 1645 1238 τρεῖς
1695 1168 1869 1238 μῆνας
1901 1164 2038 1237 πρὸς

460 1254 677 1323 ὀλίγαις
723 1254 963 1327 ἡμέραις
1017 1256 1117 1328 τὴν
1189 1256 1466 1328 βασιλείαν
1531 1258 2036 1330 πρυτανεύσαντος,

458 1345 587 1398 τότε
603 1345 654 1378 ’⁸
682 1345 845 1400 πάλιν
872 1347 901 1400 6
934 1346 1429 1420 Ναϐουχοδονόσορ,
1473 1350 1503 1403 6
1544 1351 1653 1404 τῶν
1685 1348 2039 1404 Βαϐυλωνίων

463 1432 745 1504 βασιλεὺς,
798 1436 1058 1508 στρατιὰν
1080 1437 1128 1471 ⁸⁸
1185 1438 1512 1503 ἀποστείλας
1564 1440 1654 1492 καὶ
1711 1439 2037 1512 στρατηγὸν,

459 1524 657 1578 τοῦτον
705 1525 805 1595 μὲν
862 1525 1211 1596 αἰχμάλωτον
1257 1527 1547 1599 ἀπήγαγεν
1592 1530 1672 1593 είς
1720 1528 1819 1602 τήν
1863 1529 2041 1582 Βαϐυ-

459 1615 613 1668 λῶνα
630 1614 699 1679 ⁸⁸,
730 1615 810 1687 τῷ
853 1616 909 1671 δὲ
953 1617 1179 1690 Σεδεκίᾳ
1212 1619 1343 1690 θείῳ
1379 1618 1517 1691 πρὸς
1548 1620 1755 1693 πατρὸς
1807 1619 1972 1674 αὐτοῦ
1992 1621 2043 1654 ⁸⁸

456 1704 587 1759 ὄντι
613 1705 716 1777 τήν
752 1706 1030 1776 βασιλείαν
1058 1709 1356 1781 ἐνεχείρισε
1378 1726 1394 1742 ο
1425 1711 1520 1764 καὶ
1548 1712 1740 1766 τούτου
1769 1712 1828 1765 δὲ
1856 1713 2039 1766 ἐνιαυ-

457 1797 557 1851 τὸν
583 1796 681 1851 ἕνα
701 1798 838 1869 πρὸς
868 1802 984 1864 τοῖς
1020 1800 1155 1856 δέκα
1203 1801 1641 1874 βασιλεύσαντος,
1671 1802 1790 1860 εἶτα
1828 1805 1920 1860 τὸν
1945 1806 2039 1874 ὲγ-

460 1888 720 1959 κείμενον
739 1889 786 1923 ”
824 1888 886 1943 οὐ
930 1890 1225 1956 δεδωκότος
1261 1892 1446 1965 φόρον,
1501 1893 1642 1964 μετά
1684 1894 1887 1965 πολλῆς
1940 1894 2038 1963 μὲν

459 1979 748 2051 δυνάμεως
774 1982 1155 2054 ἐπιστρατεύει
1173 1987 1287 2049 τοῖς
1316 1985 1711 2058 Ἰεροσολύμοις
1731 1987 1840 2041 τῶν
1863 1987 2040 2040 Βαϐυ-

461 2067 672 2123 λωνίων
721 2071 751 2124 6
806 2070 1089 2141 βασιλεὺς,
1139 2071 1333 2127 ἔπειτα
1387 2074 1779 2147 πολιορκήσας,
1829 2075 1923 2129 καὶ
1961 2075 2039 2146 τῷ

457 2158 610 2232 λιμῷ
638 2162 761 2216 κατ’
784 2163 965 2219 αὐτῶν
992 2166 1265 2237 συμμάχῳ
1283 2166 1647 2238 χρησάμενος,
1672 2167 1767 2222 καὶ
1790 2166 2037 2239 μηχανή-

462 2266 611 2318 ματα
635 2252 750 2316 τοῖς
776 2252 1087 2323 περιϐόλοις
1118 2256 1526 2326 προσενεγκὼν,
1561 2259 1792 2329 ῥήγνυσι
1839 2259 1939 2328 μὲν
1976 2256 2039 2310 τὸ

455 2341 661 2411 τεῖχος,
709 2342 927 2415 ἀναιρεῖ
967 2343 1026 2398 δὲ
1068 2346 1196 2411 τοὺς
1239 2346 1545 2415 πλείστους,
1575 2350 1701 2413 τοὺς
1728 2350 1785 2403 δὲ
1816 2349 2039 2412 λοιποὺς

458 2429 926 2501 ἐξανδραποδίσας
971 2433 1176 2503 ἀπάγει
1225 2434 1620 2508 δορυαλώτους,
1667 2436 1803 2507 πυρὶ
1846 2438 1945 2508 τήν
1978 2454 2038 2490 τε

458 2520 622 2575 πόλιν
652 2522 746 2576 καὶ
779 2522 840 2577 τὸ
867 2522 1012 2596 ἱερὸν
1035 2506 1329 2596 παραδούς.
1369 2528 1507 2581 Ἀλλ’
1528 2530 1556 2583 6
1582 2528 1689 2583 τῶν
1716 2506 1852 2584 ὅλων
1881 2506 2033 2595 Οεὸς,
2062 2506 2069 2517 ⁸

458 2616 489 2667 ὁ
534 2614 712 2669 ταῦτα
759 2615 954 2671 παθεῖν
995 2618 1285 2684 Ἰουδαίους
1327 2618 1416 2673 διά
1465 2624 1564 2692 τήν
1613 2621 1817 2694 πολλὴν
1858 2621 2038 2676 αὐτῶν

464 2708 830 2779 συγχωρήσας
881 2711 1228 2781 παρανομίαν
1252 2753 1266 2777 ,
1314 2710 1438 2766 οὔτε
1475 2712 1720 2778 κολάζων
1757 2714 2040 2778 παντελῶς

460 2796 665 2861 αὐτοὺς
693 2798 794 2870 τῆς
813 2799 1025 2864 οἰκείας
1041 2803 1367 2874 κηδεμονίας
1389 2805 1705 2875 ἐγύμνωσεν
1720 2822 1735 2838 ο
1769 2806 1905 2862 ἀλλά
1926 2809 2040 2871 τοῖς

465 2889 569 2956 μὲν
598 2889 659 2942 ὲν
690 2891 758 2960 τῇ
804 2891 1036 2964 Ἰουδαίᾳ
1060 2888 1172 2948 οἶόν
1200 2913 1354 2960 τινας
1379 2899 1736 2969 παιδονόμους
1766 2899 2035 2966 ἐδεδώκει,

459 2977 556 3030 τόν
582 2995 645 3032 τε
690 2980 896 3051 Οὐρίαν
936 2983 1027 3036 τὸν
1073 2980 1336 3056 Σαμαίου,
1386 2991 1480 3042 καὶ
1524 2969 1793 3060 Ἰερεμίαν
1821 2990 1913 3045 τὸν
1943 2991 2038 3045 τοῦ

462 3067 720 3136 Χελκίου,
742 3071 909 3142 ἄνδρα
929 3070 976 3105 ⁸⁸
997 3076 1266 3148 ἱερωσύνῃ
1287 3076 1381 3131 καὶ
1405 3081 1714 3152 προφητείᾳ
1735 3080 2036 3151 λάμπονταο

2137 621 2242 660 nus
2272 607 2634 676 qumrentium
2680 609 2918 663 animam
2949 618 3119 676 tuam,
3153 626 3388 681 quorum
3428 622 3482 668 tu
3522 612 3708 669 farmi-

2137 696 2235 753 das
2277 697 2491 763 faciem,
2522 699 2574 752 in
2630 714 2824 755 manus
2855 698 3233 756 Chaldaeorum
3287 701 3328 757 l‘.
3368 722 3388 754 ι
3424 703 3560 759 Cum
3608 705 3710 774 igi-

2138 798 2230 845 tur
2271 790 2361 844 hic
2398 791 2565 846 etiam
2612 807 2840 862 regnum
2883 807 3098 849 menses
3132 800 3262 859 tres,
3295 796 3413 850 dies
3446 804 3708 865 praeterea

2139 896 2343 953 paucos
2375 881 2838 950 administrasset,
2870 891 3000 938 tunc
3041 900 3234 940 rursus
3269 885 3706 941 Nabuchodonou

2140 989 2233 1030 sor
2262 973 2695 1046 Babyloniorum
2741 990 2859 1041 rex,
2894 976 3066 1031 misso
3093 976 3231 1031 duce
3278 992 3401 1031 cum
3436 977 3703 1037 exercitu,

2140 1065 2320 1137 ipsum
2358 1066 2638 1136 captivum
2670 1067 3001 1138 Babylonem
3035 1069 3438 1139 perducendum
3468 1069 3703 1129 curavit,

2140 1166 2193 1213 et
2246 1157 2510 1224 Sedecize,
2569 1159 2693 1230 ejus
2749 1168 2967 1231 patruo,
3024 1177 3251 1232 regnum
3302 1162 3546 1217 tradidit.
3602 1164 3704 1231 Qui

2140 1265 2265 1305 cum
2326 1266 2504 1306 annos
2562 1252 2821 1307 undecim
2884 1261 3190 1323 regnasset,
3243 1268 3305 1308 ac
3360 1262 3546 1325 postea
3596 1271 3705 1310 non

2110 1342 2500 1413 ‘persolrisset
2547 1343 2867 1415 impositum
2905 1344 3010 1400 sibi
3052 1345 3342 1410 tributum,
3380 1361 3501 1400 cum
3539 1348 3709 1400 maxi-

2142 1434 2245 1489 mis
2301 1435 2478 1505 copiis
2520 1433 2950 1507 Babyloniorum
3005 1450 3099 1490 rex
3151 1435 3227 1489 ad‘
3279 1435 3706 1508 Hierosolymam

2142 1525 2552 1596 proficiscitur;
2619 1526 2710 1596 qui
2765 1526 2963 1582 deinde
3026 1527 3368 1583 obsidionem
3431 1527 3708 1588 formans.

2143 1617 2347 1671 auxilio
2372 1616 2532 1673 famis
2571 1616 2639 1671 ad
2660 1617 2711 1671 id
2731 1617 2845 1673 sibi
2867 1617 3340 1689 upitulanlisusus
3366 1618 3713 1689 admotisque

2143 1707 2415 1763 machinis
2446 1722 2638 1764 muros
2675 1707 2993 1771 demolitur,
3024 1715 3078 1762 et
3108 1708 3360 1779 plurimis
3388 1708 3589 1763 occisis
3626 1724 3713 1762 re»

2143 1800 2328 1870 liquos
2374 1799 2430 1855 in
2468 1800 2787 1856 servitutem
2849 1800 3106 1855 redactos
3152 1800 3710 1870 captivos'abducit,

2142 1892 2266 1964 igne
2293 1900 2349 1949 et
2393 1893 2532 1948 urbe
2571 1898 2628 1947 et
2674 1891 2879 1962 templo
2916 1891 3222 1946 succensis.
3269 1891 3469 1945 Verum
3522 1898 3712 1945 auctor

2139 1985 2381 2040 omnium
2403 1983 2567 2051 Deus,
2593 1984 2687 2054 qui
2707 1983 2823 2038 inec
2847 1981 3064 2039 Judmos
3084 1990 3304 2053 propter
3332 1998 3516 2037 eorum
3547 1983 3712 2035 nmlta

2140 2078 2349 2133 scelera
2380 2076 2494 2147 pati
2540 2075 2810 2147 permisit,
2848 2091 2915 2131 ne
2958 2075 3179 2146 penitus
3227 2074 3440 2145 quidem
3474 2089 3571 2128 eos
3610 2090 3713 2149 pu-

2137 2170 2297 2225 nicns
2329 2168 2504 2222 tutela
2546 2180 2646 2224 sua
2684 2165 2958 2234 destituit,
2983 2167 3209 2237 .1062
3259 2166 3357 2221 sed
3401 2166 3469 2221 iis
3513 2166 3604 2236 qui
3657 2167 3710 2220 lu

2135 2258 2322 2314 Iudaea
2370 2266 2563 2324 erant,
2630 2259 2788 2328 quasi
2864 2272 3156 2329 puerorum
3220 2256 3517 2326 magistrcs
3567 2256 3713 2311 dedit

2139 2349 2328 2405 Uriam
2370 2347 2589 2415 Samaei,
2621 2357 2675 2403 et
2707 2346 3000 2403 Jcrcmiam
3026 2346 3285 2411 Chelciae,
3311 2348 3491 2401 virum
3524 2362 3711 2403 sacer-

2139 2441 2294 2497 dotio
2346 2448 2402 2495 et
2440 2440 2729 2509 prophetia
2770 2439 3139 2494 clarissimum
3169 2456 3182 2492 :
3215 2438 3280 2491 iis
3325 2453 3474 2500 vero,
3523 2439 3619 2508 qui
3660 2439 3719 2493 in
3752 2506 3759 2512 θ

2137 2531 2312 2602 prima
2352 2529 2668 2601 captivitate
2694 2529 2839 2584 bello
2876 2530 3019 2598 capti
3051 2528 3274 2583 abducti
3307 2527 3458 2585 l‘uere
3495 2528 3719 2599 Babylo-

2137 2638 2287 2687 nem,
2322 2636 2431 2676 una
2468 2636 2593 2676 cum
2627 2621 2788 2676 beato
2825 2619 3047 2675 Daniele
3085 2618 3237 2674 misit
3268 2619 3631 2686 Ezechielem,
3661 2627 3719 2675 et

2138 2713 2429 2778 Ananiam,
2458 2720 2513 2767 et
2542 2712 2822 2776 Azariam,
2869 2718 2926 2766 et
2970 2710 3274 2775 Misaelcm,
3335 2721 3398 2767 ut
3444 2711 3716 2766 habentes

2094 2801 2101 2809 ’
2137 2804 2418 2877 perfectos
2437 2802 2879 2860 conversationis
2892 2802 3194 2858 secundum
3208 2801 3380 2872 legem
3395 2801 3709 2871 magistros;

2139 2896 2286 2951 haud
2324 2895 2557 2949 multum
2597 2907 2662 2948 ex
2696 2893 3056 2948 barbarorum
3102 2890 3432 2948 commercio
3472 2890 3715 2962 percipe-

2140 2993 2264 3041 rent
2291 2981 2631 3046 detrimenti,
2651 2983 2746 3039 sed
2783 2983 3031 3053 exempla
3065 2982 3353 3045 haberent,
3383 2995 3502 3050 qua:
3525 2981 3717 3051 patriae

2140 3077 2363 3132 virtutis
2394 3091 2458 3132 ac
2488 3075 2771 3146 sapientiae
2801 3075 2953 3145 ipsos
2997 3072 3551 3129 commonefacerent.
3580 3071 3717 3125 Tan-

463 3159 581 3222 τοῖς
609 3158 666 3213 δὲ
699 3161 838 3217 κατά
873 3163 975 3235 τὴν
1005 3163 1231 3238 πρώτην
1269 3167 1646 3238 αἰχμαλωσίαν
1684 3170 2041 3242 δορυαλώτοις

2145 3179 2253 3224 tam
2289 3168 2536 3223 omnium
2582 3181 2766 3221 rerum
2800 3173 2996 3221 auctor
3032 3164 3175 3221 Deus
3206 3162 3425 3218 adhibet
3467 3163 3715 3233 regendis

468 3249 797 3320 ἀπαχθεῖσιν
825 3252 907 3317 είς
953 3256 1271 3320 Βαϐυλῶνα,
1318 3259 1446 3324 τοὺς
1475 3261 1604 3331 περὶ
1647 3261 1741 3315 τὸν
1774 3262 2043 3333 μακάριον

464 3340 671 3410 Δανιὴλ
723 3344 1167 3412 συναπέστειλεν,
1219 3348 1471 3423 Ἐζεκιὴλ
1493 3349 1561 3417 ⁸⁵,
1618 3352 1714 3406 καὶ
1770 3352 2045 3419 Ἀνανίαν,

465 3432 566 3486 καὶ
593 3431 879 3505 Ἀζαρίαν,
907 3437 1003 3492 καὶ
1035 3439 1259 3512 Μισαήλ
1277 3458 1292 3471 °
1340 3443 1408 3496 ἵν’
1434 3443 1650 3514 ἔχοντες
1684 3444 1783 3515 τῆς
1813 3445 2043 3515 νομικῆς

463 3519 746 3586 πολιτείας
763 3523 1011 3596 ἀκριϐεῖς
1032 3527 1080 3562 ⁸⁸
1111 3527 1483 3597 διδασκάλους,
1512 3532 1593 3604 μὴ
1622 3532 1822 3606 πολλὴν
1856 3536 1921 3586 ὲκ
1944 3533 2046 3604 τῆς

464 3608 578 3666 τῶν
613 3610 904 3684 βαρϐάρων
927 3614 1209 3685 ἐπιμιξίας
1236 3619 1493 3686 δέξωνται
1524 3620 1725 3694 λώϐην,
1756 3623 1871 3677 ἀλλ’
1904 3621 2044 3695 έχω-

468 3716 569 3786 σιιί
604 3702 890 3772 ἀρχέτυπα
940 3710 1040 3778 τῆς
1091 3715 1422 3784 προγονικῆς
1455 3714 1654 3779 αὐτοὺς
1699 3716 1903 3786 ἀρετῆς
1949 3714 2046 3769 καὶ

467 3776 791 3862 φιλοσοφίας
834 3776 1341 3870 ἀναμιμνήσκοντα.
1376 3776 1658 3878 Ἰοσαύτην
1690 3809 1719 3860 6
1742 3776 1872 3862 τῶν·
1905 3806 2045 3862 ὅλων

467 3880 606 3946 Θεὸς
635 3883 747 3938 τῶν
773 3885 1112 3959 ἁμαρτωλῶν
1151 3897 1386 3949 ποιεῖται
1420 3898 1784 3969 προμήθειαν,
1811 3899 1895 3954 ὄτι
1917 3900 2048 3963 τοὺς

467 3973 732 4039 εὐνοϊκῶς
778 3977 926 4048 αὐτῷ
958 3980 1331 4050 δουλεύοντας,
1377 3987 1473 4040 καὶ
1517 3988 1842 4060 θεραπεύειν
1879 3988 2045 4042 αὐτὸν

465 4066 764 4133 διαπαντὸς
791 4070 1292 4146 προθυμουμένους,
1315 4077 1417 4149 τῆς
1443 4078 1664 4134 ἐκείνων
1688 4080 1873 4134 ἕνεκεν
1899 4079 2045 4149 ὠφε-

467 4158 624 4223 λείας
680 4160 1063 4232 αίχμαλώτους
1124 4168 1503 4241 συνεχώρησεν
1563 4171 1897 4242 ἀπαχθῆναι,
1950 4172 2046 4224 καὶ

466 4251 720 4305 δουλείαν
754 4246 995 4327 χαλεπὴν
1028 4257 1342 4328 ὑπομεῖναι,
1392 4262 1485 4314 καὶ
1528 4261 1744 4326 πολλοῖς
1777 4263 2045 4331 κινδύνοις

469 4347 813 4415 περιπεσεῖν,
849 4348 944 4401 καὶ
967 4348 1056 4404 διὰ
1093 4352 1354 4422 κυμάτων
1395 4354 1488 4408 καὶ
1532 4352 1796 4420 κλύδωνος
1829 4356 2045 4410 ὁδεῦσαι

467 4436 563 4491 τὸν
613 4438 751 4509 βίον.
805 4441 962 4496 Οὕτω
1010 4440 1119 4513 γὰρ
1151 4443 1244 4496 καί
1288 4443 1378 4498 διὰ
1435 4444 1593 4516 Ὠσηὲ
1634 4445 1727 4499 τοῦ
1764 4449 2046 4518 προφήτου

2147 3259 2533 3331 peccatoribus
2569 3257 2999 3329 providentiam,
3059 3264 3118 3310 ut
3161 3271 3257 3311 eos
3298 3254 3391 3325 qui
3433 3270 3499 3310 ex
3533 3254 3715 3308 animo

2148 3356 2165 3375 '
2198 3350 2275 3405 illi
2314 3350 2645 3412 serviebant,
2672 3363 2909 3418 eumque
2939 3347 3043 3403 sibi
3070 3347 3123 3401 in
3155 3346 3305 3401 omni
3327 3346 3436 3401 vita
3468 3343 3717 3400 studioso

2146 3441 2440 3498 colendum
2490 3446 2916 3512 proposuerant,
2962 3438 3217 3493 utilitatis
3258 3438 3501 3508 ipsorum
3547 3450 3715 3490 causa

2145 3536 2393 3605 captivos
2424 3531 2645 3597 abduci,
2688 3530 2964 3586 difﬁcilem
3007 3528 3328 3585 servitutem
3361 3531 3525 3595 ferre,
3567 3533 3623 3582 et
3659 3529 3713 3582 in

2146 3621 2316 3675 multa
2346 3619 2588 3688 pericula
2619 3617 2881 3684 incidere,
2912 3630 2976 3672 ac
3007 3632 3104 3688 per
3124 3615 3326 3673 ﬂuctus
3343 3627 3391 3672 et
3416 3623 3713 3686 tempesta-

2146 3719 2255 3767 tem
2304 3711 2471 3766 vitam
2511 3710 2837 3773 traducere,
2886 3709 3216 3781 permiserit.
3285 3708 3367 3764 Ita
3417 3707 3563 3764 enim
3620 3723 3717 3777 per

2147 3799 2343 3859 Oseam
2387 3802 2706 3873 prophetam
2740 3799 2985 3870 loquitur
3017 3816 3031 3854 :
3080 3817 3100 3850 ι
3148 3796 3378 3870 Propter
3409 3813 3507 3853 vos
3541 3796 3718 3853 occidi

2148 3892 2443 3962 prophetas
2467 3892 2636 3946 verbo
2674 3892 2790 3948 oris
2825 3879 2933 3946 mei
2968 3898 3029 3945 ³.
3059 3908 3079 3942 ι
3123 3888 3195 3944 Ita
3222 3891 3384 3946 etiam
3427 3888 3575 3945 orbis
3608 3895 3723 3944 tero

2146 3998 2333 4036 rarum
2379 3982 2612 4039 salutem
2653 3996 2981 4052 procurans,
3029 3988 3252 4035 sanctos
3290 3979 3544 4048 permisit
3588 3994 3719 4049 apo~

2147 4074 2317 4127 stolos
2342 4087 2405 4127 ea
2440 4072 2549 4141 pati
2589 4088 2711 4140 qua:
2754 4072 2953 4126 litteris
2993 4067 3377 4125 commendata
3420 4075 3569 4123 sunt.
3604 4067 3715 4125 Hac

2146 4165 2333 4220 eadem
2362 4155 2707 4233 providentia
2745 4160 2963 4216 Iudaeos
2986 4159 3292 4231 excipiens,
3321 4160 3539 4214 beatum
3579 4175 3716 4228 quo-

2146 4271 2252 4326 que
2281 4254 2558 4309 Danielem
2593 4269 2716 4308 cum
2754 4253 2890 4324 ipsis
2926 4251 3257 4323 Babylonem
3304 4250 3589 4321 pervenire
3619 4266 3716 4303 cu-

2146 4346 2307 4400 ravit.
2345 4344 2603 4412 Quicum
2632 4353 2686 4400 et
2719 4344 2938 4413 juvenis
2967 4349 3139 4409 esset,
3182 4350 3237 4396 et
3272 4340 3447 4395 forma
3470 4339 3711 4402 ﬂoreret,

2149 4454 2273 4494 cum
2316 4439 2418 4509 piis
2455 4438 2561 4493 illis
2595 4435 3038 4492 adolescentibus
3079 4433 3131 4487 in
3167 4434 3311 4503 regia
3345 4431 3628 4495 educatus,
3661 4439 3716 4485 ct

469 4530 661 4599 φησὶν,
689 4531 774 4585 ὅτι
812 4551 832 4585 ι
872 4533 1197 4588 Ἀπὲκτεινα
1217 4535 1263 4567 ⁸⁷
1298 4535 1364 4589 δι’
1387 4536 1532 4606 ὑμᾶς
1552 4538 1677 4601 τοὺς
1697 4515 1979 4611 προιρήτας
2002 4541 2041 4577 ⁸⁸

2153 4546 2182 4585 a
2216 4544 2385 4600 puero
2414 4528 2469 4582 in
2530 4542 2591 4582 se
2626 4526 2899 4596 vigentem
2926 4524 3165 4579 divinam
3197 4523 3426 4593 gratiam
3461 4521 3710 4590 adeptus,

469 4619 530 4673 ὲν
562 4619 770 4690 ῥήματι
802 4623 1072 4693 στόματός
1103 4640 1227 4694 μου.
1265 4642 1284 4676 ι
1333 4622 1489 4678 Οὕτω
1518 4625 1617 4695 τὴν
1650 4627 1749 4696 τῆς
1789 4627 2047 4698 οἰκουμέ-

467 4725 571 4781 νης
617 4714 1141 4784 πραγματευόμενος
1194 4714 1490 4785 σωτηρίαν,
1519 4715 1645 4779 τοὺς
1692 4716 1878 4785 ἁγίους
1922 4735 2051 4772 συν-

469 4799 755 4872 εχώρησεν
784 4804 1116 4869 ἀποστόλους
1153 4806 1334 4860 ἐκεῖνα
1369 4805 1561 4859 παθεῖν
1603 4807 1673 4861 τὰ
1719 4809 2049 4880 ἀνάγραπτα

471 4890 902 4965 πάθη..ταύτην
943 4895 1053 4950 τῶν
1089 4895 1359 4950 Ἰουδαίων
1402 4896 1721 4968 ποιούμενος
1770 4902 2047 4970 πρόνοιαν,

472 4983 569 5037 καὶ
596 4984 725 5050 τοὺς
752 4988 883 5059 περὶ
925 4987 1017 5042 τὸν
1067 4988 1337 5060 μακάριον
1366 4989 1565 5059 Δανιὴλ
1590 4977 1907 5063 ᾧκονόμησε
1949 4993 2046 5045 σὺν

470 5073 658 5139 αὐτοῖς
690 5073 790 5147 τήν
813 5076 1109 5131 Βαϐυλῶνα
1131 5076 1482 5146 καταλαϐεῖν,
1500 5070 1559 5143 ὃς
1588 5078 1665 5143 ὡς
1682 5079 1728 5112 ⁸⁸
1762 5080 1879 5143 νέος
1904 5077 1978 5133 ὢν
1999 5080 2044 5113 ὀ

510 5254 521 5259 ’
585 5250 605 5292 ι
645 5251 849 5311 Jerem.
877 5269 1015 5324 χιιι,
1038 5254 1130 5320 24,
1162 5254 1254 5311 25.
1330 5266 1371 5297 ιιι
1406 5254 1544 5315 Osee
1572 5274 1647 5325 vr,
1677 5259 1731 5315 5.

2149 4620 2359 4692 1063
2411 4618 2670 4688 omnique
2717 4616 2999 4688 sapientiae
3042 4620 3097 4670 et
3140 4611 3472 4684 cognitionis
3519 4624 3717 4681 genere

2141 4712 2404 4775 imbutus,
2437 4710 2663 4766 multam
2694 4709 2836 4779 apud
2881 4707 3185 4778 principem
3218 4701 3474 4773 loquendi
3522 4710 3719 4756 nactus

2142 4811 2226 4859 est
2285 4803 2617 4866 libertatem,
2676 4807 2731 4853 et
2780 4800 2931 4854 vocis
2990 4794 3264 4867 praeconio
3334 4789 3714 4848 commendata

2140 4894 2428 4966 religione,
2464 4893 2541 4947 illi
2586 4906 2807 4962 quoque
2854 4889 3106 4944 utilitatis
3136 4894 3330 4940 auctor
3365 4883 3503 4938 fuit:
3540 4898 3720 4953 neque

2150 4988 2227 5042 illi
2253 4986 2377 5052 soli,
2405 4985 2499 5041 sed
2528 4983 2783 5039 omnibus
2810 4982 2971 5036 etiam
3003 4979 3150 5034 illius
3172 4976 3402 5048 imperio
3433 4973 3715 5044 subjectis.

2153 5060 2286 5141 Quae.
2311 5074 2455 5130 enim
2487 5090 2553 5130 ex
2594 5072 2757 5144 hujus
2791 5071 3043 5128 doctrina
3071 5067 3262 5125 didicit
3301 5068 3413 5135 ille,
3442 5081 3506 5121 ca
3536 5072 3717 5121 trans-

1774 5412 2011 5469 VARIIE
2046 5412 2452 5471 LECTIONES.

518 5570 763 5659 ,πλάτει
797 5569 984 5659 ’ἐπιδά-
1014 5571 1139 5659 ad»
1218 5571 1264 5602 "
1302 5572 1428 5659 se.
1454 5573 1494 5659 ι

471 5658 643 5711 αυτῳ,

1713 5575 1758 5606 ⁷⁵
1794 5574 1933 5627 τότε.
1987 5571 2112 5630 Des.
2164 5573 2219 5628 in

717 5641 764 5673 ⁸³
802 5641 844 5692 B
856 5641 1261 5714 §_1:t_xetpevov._
1302 5641 1350 5673 ⁸⁵
1390 5642 1430 5695 Β
1458 5642 1677 5714 ἄνδρας,
1721 5653 1776 5714 et
1830 5643 2028 5699 deinde
2069 5645 2402 5714 λάμποντας.

2442 5571 2487 5604 ⁸ο
2528 5572 2568 5623 Β
2608 5571 2916 5641 στρατείαν.
2990 5569 3032 5603 ⁸³
3066 5571 3109 5624 Β
3145 5566 3539 5641 Βαϐυλωνίαν.-
3593 5563 3638 5595 ⁸¹
3682 5564 3725 5641 1i

2478 5641 2524 5673 ⁸³
2575 5634 2756 5717 Ἐξέκ-
2787 5639 3174 5717 Βοττιιιςβαί-
3277 5636 3324 5667 ’⁸
3363 5638 3480 5712 τέολ·
3517 5635 3649 5717 διξερε
3682 5634 3723 5683 Β

472 5700 783 5785 ἀκρίϐείιμς.
855 5707 901 5785 ff
942 5700 1140 5785 ἀπξς-
1170 5711 1327 5785 στρμέ
1363 5729 1480 5780 μου.
1523 5700 1693 5769 Aliter
1726 5712 1831 5785 leg.
1868 5714 2027 5780 infra,
2062 5700 2180 5770 loco
2214 5714 2307 5770 cit.
2364 5700 2435 5746 ’³⁸
2473 5700 2919 5782 προφίΒίιταεὶιι.
2945 5708 3159 5769 δούλους
3192 5722 3292 5776 μου
3310 5702 3455 5768 τοῦς.
3533 5700 3715 5766 ’θ’ὼς.

475 5778 601 5836 Des.
633 5781 687 5835 in
710 5779 774 5834 Β.
854 5780 899 5811 °°
939 5779 1029 5834 ὢν.
1068 5779 1107 5833 Β
1143 5778 1280 5837 add.
1300 5778 1398 5834 ἔτι.
