4070 6464
369 378 503 447 12m
1340 375 1827 438 THEODORETI
1859 377 2196 440 EPISCOPI
2232 381 2594 442 CYRENSIS
3481 392 3619 458 1268

369 492 634 564 mittenda
666 492 732 548 ad
758 507 854 549 eos
889 489 1125 554 curavit,
1161 487 1255 558 qui
1288 487 1341 540 in
1380 501 1479 542 sua
1511 485 1720 540 ditionc
1761 493 1938 550 erant,
1974 541 1976 549 λ

2049 490 2140 543 καὶ
2173 493 2238 562 τῇ
2259 491 2302 522 ⁹¹
2340 490 2459 562 ὥρα
2507 489 2762 561 λάμπων,
2815 489 2911 547 σὺν
2938 493 3051 558 τοϊς
3096 495 3364 564 φιλοθέοις
3393 497 3624 566 ἐκείνοις

369 589 626 658 imposita
668 588 806 656 lege,
835 599 958 655 qua
999 581 1175 652 palam
1220 579 1461 648 juberet,
1513 583 1574 630 ut
1608 593 1800 632 omnes
1836 577 1943 633 sibi

2053 581 2357 652 μειρακίοις
2381 582 2438 633 ἐν
2468 582 2577 644 τοῖς
2607 579 2898 650 βασιλείοις
2929 582 3282 655 ἀνατραφεὶς,
3311 588 3405 643 καὶ
3433 591 3621 646 παιδό-

371 678 603 748 subjecti
650 680 816 732 Deum
858 691 1017 746 quem
1058 672 1248 727 Daniel
1292 670 1706 741 prmdieaverat,
1740 671 1942 726 adora-

2048 671 2141 724 θεν
2173 670 2272 741 τὴν
2316 670 2466 724 θείαν
2503 671 2663 741 χάριν
2711 670 2964 742 ἐσχηκὼς
3007 673 3370 743 ἐπανθοῦσαν,
3431 682 3623 750 σοφίας

374 777 511 824 rent.
569 767 688 832 Quo
717 775 963 835 tempore
1009 763 1176 834 igitur
1203 759 1540 832 Babylonem
1595 759 1942 818 admirabilis

2048 763 2399 833 παντοδαπῆς
2419 765 2463 795 θ’
2497 763 2590 815 καὶ
2620 762 2887 827 συνέσεως
2920 765 3174 836 ἔμπλεως
3209 771 3468 838 γεγονὼς,
3495 774 3626 826 πολ.

372 860 474 914 iste
504 858 784 928 prepheta,
827 865 882 912 et
913 871 1020 926 qua
1054 855 1120 910 de
1155 867 1324 910 causa
1360 852 1637 908 abductus
1669 853 1857 918 fuerit,
1890 862 1945 909 et

2048 852 2146 922 λὴν
2189 853 2288 923 μὲν
2316 853 2586 925 ἐκτήσατο
2613 854 2765 925 παρά
2796 853 2873 926 τῷ
2900 856 3190 927 κρατοῦντι
3220 858 3314 930 τὴν
3335 861 3382 893 ⁸³
3407 866 3625 934 παρρη-

370 956 501 1018 quot
531 947 800 1001 bonorum
849 960 959 1001 non
1001 944 1068 999 iis
1098 943 1286 1005 modo,
1339 943 1543 1013 quibus
1583 951 1704 999 erat
1738 958 1944 1014 cogna-

2051 944 2193 1010 σίαν,
2229 942 2321 998 τὸν
2349 943 2406 997 δὲ
2432 944 2532 1014 τῆς
2557 943 2838 1008 εὐσεϐείας
2867 945 3110 1017 κηρύξας
3142 948 3318 1017 λόγον,
3355 951 3621 1020 ὠφελείας

369 1039 516 1093 tione
543 1038 899 1107 eonjunetus,
930 1037 1024 1092 sed
1059 1035 1226 1092 etiam
1257 1035 1510 1091 barbaris
1543 1034 1710 1090 fuerit
1735 1043 1949 1100 auctor,

2045 1035 2283 1106 κάκείνῳ
2340 1035 2634 1105 γεγένηται
2671 1035 2720 1067 ⁸³
2771 1035 3069 1104 πρόξενος·
3141 1039 3241 1092 οὐκ
3295 1042 3490 1112 ἐκείνῳ
3565 1043 3623 1096 δὲ

368 1128 604 1182 breviter
637 1127 1026 1183 disseruimus.
1081 1125 1263 1196 Ipsius
1299 1140 1434 1179 vero
1491 1126 1795 1196 prophetia:
1838 1125 1950 1181 vim

2051 1125 2195 1198 μόνῳ
2221 1125 2289 1192 ’⁵,
2323 1127 2459 1180 ἀλλά
2485 1127 2579 1179 καὶ
2605 1129 2739 1180 πᾶσι
2766 1130 2878 1189 τοῖς
2904 1128 3166 1199 ὑπηκόοις
3185 1146 3200 1162 ο
3227 1131 3263 1184 ἃ
3289 1132 3402 1204 γὰρ
3421 1133 3637 1204 ἔμαθεν,

369 1235 465 1288 per
495 1219 1037 1290 interpretationem,
1087 1232 1253 1289 quam
1298 1217 1364 1271 ad
1402 1217 1619 1289 singula
1661 1217 1950 1285 dabimus,

2047 1217 2253 1282 ἐκεῖνος
2309 1218 2396 1272 διὰ
2439 1219 2540 1290 τῆς
2589 1217 2780 1271 τούτου
2825 1217 3192 1285 διδασκαλίας,
3235 1222 3315 1286 είς
3360 1225 3486 1286 τοὺς
3521 1224 3626 1278 ὑπ·-

370 1312 685 1368 accuratius
711 1312 1057 1367 docebimus.
1091 1310 1301 1364 Divina:
1327 1309 1512 1379 itaque
1539 1309 1726 1380 gratia:
1755 1309 1954 1380 implo-

2046 1309 2244 1381 ηκόους
2301 1309 2654 1382 παρέπεμψε,
2715 1309 2880 1382 νόμον
2917 1310 3177 1377 τεθεικὼς
3207 1313 3300 1367 τὸν
3324 1313 3623 1385 διαρρήδην

372 1412 492 1457 rato
521 1404 750 1467 auxilio,
790 1418 909 1459 eam
943 1402 1290 1472 interpretari
1323 1401 1697 1456 exordiamur.

2050 1402 2449 1473 παρεγγυῶντα
2498 1401 2745 1466 ἅπαντας
2801 1403 2930 1467 τοὺς
2979 1404 3319 1476 ἀρχομένους
3375 1406 3467 1459 τὸν
3520 1405 3625 1458 ὑπὸ

371 1495 560 1550 τούτου
600 1499 1036 1570 πρεσϐευόμενον
1069 1499 1392 1568 προσκυνεῖν
1425 1495 1580 1552 Θεόν.
1614 1496 1742 1549 Ὅτε
1763 1496 1810 1529 ⁹⁶
1845 1497 1944 1568 μὲν
1983 1491 2076 1553 οὖν
2131 1499 2210 1562 είς
2258 1499 2358 1570 τὴν
2411 1496 2708 1551 Βαϐυλῶνα
2772 1499 2800 1553 6
2867 1498 3157 1563 θεσπέσιος
3203 1495 3358 1564 οὗτος
3402 1499 3624 1572 ἀπήχθη

375 1592 683 1661 προφήτης,
713 1593 809 1645 καὶ
838 1591 984 1655 τίνος
1021 1591 1228 1658 ἔνεκεν,
1305 1591 1399 1645 καὶ⁹
1447 1590 1588 1644 ὅσων
1636 1592 1859 1659 ἀγαθῶν
1905 1593 2198 1664 γεγένηται
2228 1592 2512 1664 πρόξενος,
2576 1591 2639 1644 οὐ
2665 1594 2778 1657 τοῖς
2803 1590 3098 1662 ὁμοφύλοις
3129 1593 3310 1663 μόνον,
3337 1594 3474 1647 ἀλλὰ.
3531 1596 3625 1648 καὶ

372 1684 486 1745 τοῖς
517 1683 844 1754 Βαρϐάροις,
888 1685 1168 1756 συντόμως
1202 1684 1540 1756 εἰρήκαμεν·
1590 1689 1692 1758 τῆς
1732 1685 1791 1740 δὲ
1825 1688 2164 1758 προφητείας
2195 1685 2292 1758 τὴν
2322 1685 2553 1756 δύναμιν
2620 1686 2686 1739 ἐκ
2734 1686 2835 1757 τῆς
2901 1683 3047 1738 κατά
3123 1684 3287 1756 μέρος
3327 1686 3626 1758 ἑρμηνείας

373 1775 758 1848 ἀκριϐέστερον
783 1776 1083 1849 θησόμεθα.
1117 1778 1230 1849 Τὴν
1260 1777 1413 1833 θείαν
1443 1779 1623 1834 τοίνυν
1658 1779 1820 1852 χάριν
1855 1780 2186 1845 καλέσαντες
2220 1778 2480 1852 συνεργὸν
2516 1777 2811 1850 σαφηνείας
2833 1778 2878 1810 ⁸⁷
2913 1775 3235 1849 ἀρξώμεθα.

1655 1963 1890 2020 ἾΑΒῙᾹΞ
1945 1960 2358 2019 LECTIONES.

444 2096 491 2171 ⁸]
529 2097 617 2171 τῇ.
655 2095 1000 2171 ΒοεηῖῐιηΒ.-
1047 2097 1094 2129 "
1134 2097 1441 2171 παντοδαπέ
1469 2096 1512 2151 Β
1547 2097 1844 2171 ρτιειηζδέ.
1885 2099 1933 2134 ’³
1969 2099 2088 2171 τήν.
2120 2096 2248 2153 Des.
2280 2097 2335 2152 in
2362 2096 2426 2154 B.
2501 2096 2549 2129 “
2586 2113 2708 2166 γεγ.
2739 2094 2798 2152 In
2840 2096 2881 2151 Β
2905 2097 3131 2170 ponitur
3174 2104 3298 2169 post
3342 2096 3622 2169 πρόξενος.

373 2168 418 2198 ³⁸
458 2167 499 2220 Β
527 2165 711 2237 μόνον.
787 2167 834 2200 ’⁸
871 2167 1084 2222 Βπότε.
1160 2170 1203 2200 ⁸⁷
1247 2185 1377 2239 σαφ.
1409 2168 1451 2222 Β
1480 2165 1667 2240 prtem.
1695 2165 1816 2238 τῆς.
2022 2165 2034 2171 ⁷
2109 2205 2112 2208 ~

1711 2567 2095 2660 ΤΟΜΟΣ
2142 2559 2254 2659 Ᾱ’.

1947 2798 2017 2818 dh—

1469 2973 1500 3009 “
1553 2966 1900 3057 LIBER
2038 2964 2532 3057 PRIMUS.

1020 3307 1252 3412 CAPUT
1286 3352 1326 3409 l;
1991 3364 2035 3421 Β
2573 3347 2970 3406 summa:
3009 3343 3087 3400 A'.

451 3463 617 3522 Vens.
654 3465 704 3522 l.
747 3484 766 3518 ι
809 3465 967 3522 Anno
997 3467 1165 3522 tertio
1195 3466 1350 3539 regni
1386 3464 1642 3534 Joacimi,
1684 3467 1831 3539 regis
1859 3468 1956 3525 Ju-

379 3560 482 3628 (ιω,
504 3556 1178 3616 venitNabuchodonosor
1197 3574 1290 3614 rex
1314 3559 1610 3630 Babylonis
1638 3558 1956 3632 Hierosoly-

382 3666 550 3715 mam,
579 3657 633 3706 et
663 3649 887 3704 obsedit
923 3665 1068 3705 eam.
1108 3667 1127 3703 ι
1165 3650 1430 3722 Apposite
1462 3659 1589 3707 ante
1616 3653 1724 3707 alia
1747 3655 1955 3719 omnia,

380 3749 436 3798 et
471 3745 638 3810 regis,
673 3742 767 3810 qui
820 3749 954 3797 tunc
1001 3743 1289 3813 regnabat,
1345 3744 1682 3799 mentionem
1710 3744 1859 3809 fecit,
1904 3753 1958 3800 et

381 3843 599 3903 tempus
629 3848 728 3888 nos
759 3832 1000 3899 edocuit,
1041 3842 1101 3890 ut
1134 3837 1326 3906 primae
1359 3835 1700 3907 captivitatis
1739 3843 1958 3906 tempus

383 3941 412 3980 ιι
449 3927 612 3983 nobis
649 3927 820 3997 possit
845 3935 1036 3997 aperte
1070 3930 1352 4000 cognosci.
1386 3911 1546 3984 Anno
1594 3929 1740 3984 enim
1797 3927 1958 3984 tertio

381 4020 532 4090 regni
555 4018 805 4085 Joacimi,
826 4020 918 4091 qui
939 4019 1164 4075 Eliaeim
1184 4036 1406 4092 quoque
1424 4022 1607 4076 dictus
1628 4029 1732 4085 est,
1756 4021 1960 4091 quique

384 4117 505 4179 post
535 4107 869 4166 Joachasum
912 4111 1167 4182 regnavit
1216 4113 1394 4181 (pater
1443 4121 1626 4167 autem
1686 4110 1791 4165 fuit
1828 4111 1959 4167 Joa-

381 4201 534 4256 chasi
591 4201 744 4271 ejus,
785 4200 880 4271 qui
931 4211 985 4258 et
1042 4202 1256 4274 1065.
1295 4201 1506 4257 Joacim
1548 4209 1603 4258 et
1663 4199 1960 4260 Jechonias

381 4295 808 4366 appellabatur),
833 4294 1008 4365 prima
1031 4295 1153 4350 vice
1177 4303 1338 4365 capta
1373 4294 1395 4348 ι’
1401 4307 1528 4350 uere
1553 4295 1956 4369 Hierosolyma.

381 4386 562 4455 Atque
582 4386 732 4451 hinc,
765 4386 912 4457 quod
940 4401 1154 4458 regum,
1180 4386 1274 4456 qui
1306 4394 1441 4441 tunc
1473 4395 1652 4453 erant,
1675 4396 1730 4443 et
1748 4397 1962 4458 tempo~

382 4495 504 4533 rum
536 4479 870 4545 meminerit,
907 4478 1271 4550 propheticus
1311 4479 1607 4534 character
1663 4477 1957 4534 indicatur.

382 4563 461 4621 Ita
493 4567 639 4623 enim
673 4568 812 4624 alios
849 4583 1069 4638 quoque
1093 4567 1392 4638 prophetas
1445 4567 1647 4623 fecisse
1684 4568 1961 4638 comperi-

2128 3472 2200 3527 α’.
2247 3491 2266 3523 ι
2308 3469 2398 3524 Ἐν
2441 3467 2551 3522 ἔτει
2599 3465 2767 3536 τρίτῳ
2807 3463 2907 3532 τῆς
2938 3461 2986 3494 ⁸⁸
3039 3453 3317 3530 βασιλείας
3354 3452 3632 3522 Ίωακεὶμ,

2061 3564 2325 3636 βασιλέως
2371 3560 2564 3623 Ἰούδα,
2597 3554 2729 3629 ἦλθε
2770 3551 3272 3624 Ναϐουχοδονόσορ,
3321 3546 3570 3617 βασιλεὺς
3587 3545 3635 3576 ⁹⁹

2059 3655 2399 3717 Βαϐυλῶνος,
2424 3653 2502 3714 είς
2533 3646 2911 3720 Ἰερουσαλὴμ,
2942 3644 3038 3698 καὶ
3068 3640 3372 3711 ἐπολιόρκει
3398 3637 3587 3707 αὐτήν.
3612 3653 3630 3685 ι

2072 3745 2412 3815 ’Λναγκαίως
2438 3742 2545 3814 πρὸ
2575 3740 2682 3794 τῶν
2710 3737 2884 3792 ἄλλων
2927 3734 3202 3796 ἁπάντων,
3236 3732 3329 3785 καὶ
3359 3728 3452 3783 τοῦ
3487 3745 3639 3796 τηνι·

2061 3839 2191 3894 κάδε
2227 3833 2488 3907 βασιλέως
2526 3828 2920 3900 ἐμνημόνευσε,
2971 3823 3068 3879 καὶ
3112 3823 3202 3876 τὸν
3251 3820 3441 3892 χρόνον
3487 3818 3639 3886 ἡμᾶς

2061 3929 2315 3994 ἐδίδαξεν,
2355 3926 2442 3980 ἵνα
2475 3922 2688 3993 ἔχωμεν
2717 3918 2913 3972 εἰδέναι
2949 3913 3134 3985 σαφῶς
3164 3913 3256 3966 τὸν
3284 3913 3384 3980 τῆς
3416 3908 3640 3979 πρώτης

2062 4018 2438 4090 αἰχμαλωσίας
2469 4012 2674 4084 καιρόν.
2713 4011 2802 4062 Ἐν
2833 4009 2942 4078 γὰρ
2969 4005 3048 4077 τῷ
3080 4003 3248 4076 τρίτῳ
3277 4003 3384 4054 ἔτει
3409 4003 3506 4069 τῆς
3540 3999 3638 4068 βα-

2063 4111 2268 4175 σιλείας
2308 4107 2582 4177 Ἰωακείμ,
2617 4102 2711 4156 τοῦ
2744 4101 2840 4155 καὶ
2883 4097 3184 4166 Ἐλιακείμ,
3235 4094 3292 4157 ὃς
3324 4093 3639 4146 ἐϐασίλευσε

2065 4203 2203 4274 μετὰ
2256 4201 2347 4255 τὸν
2389 4195 2637 4269 ’Ῑωάχαζ,
2672 4191 2853 4263 πατὴρ
2881 4190 2938 4244 δὲ
2985 4188 3203 4258 ἐγένετο
3248 4185 3342 4239 τοῦ
3386 4182 3637 4252 Ἰωᾶχαζ,

2061 4295 2120 4358 ὃς
2151 4281 2245 4348 καὶ
2281 4292 2539 4362 Ἱωακεὶμ
2586 4289 2679 4342 καὶ
2725 4284 2982 4356 Ἰεχονίας
3010 4281 3345 4351 ὠνομάζετο,
3385 4279 3417 4348 ὴ
3448 4275 3638 4347 πρώτη

2062 4387 2265 4450 ἅλωσις
2289 4386 2394 4440 τῶν
2424 4379 2817 4455 Ἱεροσολύμων
2849 4378 3085 4445 ἐγένετο.
3118 4373 3228 4427 Καὶ
3257 4371 3389 4424 αὐτὸ
3418 4369 3474 4424 δὲ
3513 4365 3642 4421 τοῦ-

2063 4496 2145 4544 το,
2180 4477 2288 4531 τῶν
2313 4477 2468 4530 τότε¹
2500 4473 2764 4544 βασιλέων
2798 4466 3127 4541 μεμνῆσθαι,
3160 4464 3388 4518 καὶτῶν
3409 4463 3639 4532 χρόνων,

2064 4570 2155 4624 τὸν
2190 4565 2531 4640 προφητικὸν
2568 4563 2916 4618 ὑποδείκνυσι
2947 4557 3292 4630 χαρακτῆρα.
3336 4554 3493 4609 Οὕτω
3535 4551 3641 4622 γὰρ

383 4675 528 4716 mus.
559 4677 578 4712 ι
617 4659 752 4714 Nam
783 4660 950 4726 visio,
979 4659 1180 4729 inquit,
1204 4673 1370 4729 quam
1417 4659 1553 4714 vidit
1595 4661 1768 4716 Isaias
1818 4659 1962 4714 ﬁlius
1989 4698 2032 4754 ε
2066 4660 2315 4724 καὶτοὺς
2355 4659 2550 4720 ἄλλους
2595 4655 2894 4754 προφήτας
2927 4647 3044 4706 ἔστι
3099 4649 3389 4716 ποιοῦντας
3440 4648 3639 4754 εὑρεῖν.

383 4751 569 4805 Amosi
602 4751 660 4804 in
684 4750 886 4806 diebus
921 4747 1067 4805 Ozite
1096 4755 1153 4805 et
1190 4748 1493 4817 Joathami,
1548 4756 1602 4803 et
1629 4751 1857 4817 Achasi,
1910 4761 1961 4808 et

387 4841 655 4908 Ezechim,
676 4843 770 4914 qui
791 4837 1395 4913 regnaveruntinLJuda
1411 4851 1460 4897 ιι.
1484 4860 1502 4894 ι
1532 4841 1634 4896 Et:
1669 4861 1688 4895 ι
1727 4841 1958 4897 Factum

383 4941 469 4988 est
505 4934 735 4989 verbum
763 4933 980 4990 Domini
1005 4934 1073 4988 ad
1107 4931 1400 4989 Jeremiam
1443 4935 1499 4989 in
1552 4935 1748 4990 diebus
1797 4933 1962 4990 Josia:

388 5023 699 5082 ﬁliiAmosi
747 5027 892 5099 regis
933 5025 1089 5082 Iuda:
1145 5041 1292 5080 anno
1328 5024 1542 5080 decimo
1594 5027 1754 5081 tertio
1810 5025 1964 5098 regni

2071 4773 2090 4806 ι
2115 4755 2342 4823 ’Ὀρασις
2369 4751 2498 4820 γὰρ,
2536 4748 2723 4818 φησὶν,
2752 4747 2819 4816 ἣν
2845 4739 2983 4799 εἶδεν
3022 4743 3269 4805 Ἡσαΐας,
3296 4741 3408 4803 υίὸς
3437 4737 3640 4807 ’Λμὼς,

2067 4847 2123 4898 ἐν
2158 4843 2394 4914 ἡμέραις
2453 4840 2666 4905 Ὦζίου,
2710 4839 2801 4892 καὶ
2855 4837 3110 4906 Ἷωάθαμ,
3159 4835 3252 4888 καὶ
3301 4831 3496 4902 Ἄχας,
3547 4829 3645 4882 καὶ

2077 4933 2363 4999 Ἐζεκίου,
2418 4931 2468 4986 οἳ
2517 4931 2873 4985 ἐϐασίλευσαν
2925 4928 3026 4999 τῆς
3082 4925 3362 4989 Ἰουδαίας.
3405 4943 3424 4977 ι
3490 4922 3641 4977 Καί·

2072 5046 2091 5080 ι
2127 5025 2390 5097 Ἐγενήθη
2414 5027 2434 5057 ¹
2468 5023 2625 5092 λόγος
2666 5022 2875 5094 Κυρίου
2912 5019 3048 5090 πρὸς
3097 5017 3368 5090 Ἰερεμίαν
3407 5019 3465 5071 ἐν
3505 5013 3643 5088 ἡμέ-

387 5116 566 5187 cjus'.
595 5135 614 5167 ι
647 5117 715 5173 Et
742 5117 1020 5182 Ezechiel,
1057 5125 1111 5173 et
1151 5118 1246 5172 alii
1305 5131 1498 5174 omnes
1557 5117 1854 5189 propheta},
1905 5125 1967 5172 ut
2071 5134 2194 5190 ραις
2239 5115 2462 5181 Ἰωσίου,
2509 5113 2625 5168 υἱοῦ
2682 5113 2887 5183 Ἀμὼς,
2937 5111 3199 5182 βασιλέως
3251 5108 3442 5172 Ἰούδα,
3491 5107 3643 5170 ἔτους

389 5209 686 5278 plurimum
737 5211 844 5268 hoc
889 5209 1197 5283 prophetia:
1245 5208 1518 5282 prooemio
1563 5210 1649 5266 usi
1692 5217 1844 5266 sunt.
1893 5209 1960 5264 Et

458 5391 624 5447 ﬂIsa.
651 5407 690 5457 ι,
724 5390 776 5445 1.
853 5396 878 5424 ο
919 5385 1123 5443 Jerem.
1148 5403 1190 5456 ι,
1223 5387 1279 5443 2.

2065 5208 2518 5281 τρισκαιδεκάτου
2563 5207 2621 5261 ἐν
2654 5207 2725 5277 τῇ
2755 5204 3003 5277 βασιλείᾳ
3035 5201 3222 5258 αὑτοῦ.
3267 5220 3286 5256 ι
3339 5202 3450 5258 Καὶ
3495 5200 3641 5266 Ἐζε-

1629 5540 1862 5598 VARUE
1893 5541 2296 5602 LECTIONES.

401 5774 417 5802 ’
454 5707 914 5830 ἓὲτῆς--σ-Ίούδα.
951 5709 990 5762 Α
1027 5704 1298 5782 βασιλείας
1344 5705 1529 5762 Ἰούδα.

553 5787 753 5830 γενετον

553 5787 755 5847 γένετο,

1633 5709 1676 5740 9°
1719 5707 1838 5778 βασ.
1878 5707 1919 5760 Β
1957 5724 2142 5778 prmm.
2179 5711 2220 5765 ὁ.
2258 5708 2392 5767 Vide
2441 5723 2629 5780 supra,
2676 5724 2798 5783 pag.
2849 5709 2972 5764 67L
3053 5708 3067 5741 ¹
3111 5725 3158 5763 τ.
3201 5707 3338 5764 τότε.
3366 5706 3489 5762 Βτὸ
3512 5707 3647 5763 τῶν.
