4070 6448
423 404 563 471 1269

1658 409 1743 469 ΙΝ
1801 403 2160 469 DANIELIS
2215 405 2372 467 CAP.
2440 407 2481 468 Ι.

3544 412 3679 475 1270

420 516 585 584 κιὴλ³
611 514 694 580 δὲ,
739 513 834 570 καὶ
859 513 967 568 τῶν
998 514 1173 571 ἄλλων
1202 515 1495 587 προφητῶν
1535 517 1783 583 ἕκαστος,
1823 519 1899 583 ὡς
1928 518 1997 572 τά

2112 516 2206 571 hoc
2238 517 2406 587 igitur
2452 515 2521 570 ad
2563 514 2994 583 com-incendam
3055 516 3368 573 Judseorum
3418 516 3681 587 iniquita-

420 606 596 661 πολλὰ
614 607 790 677 τούτῳ
810 606 888 677 τῷ
913 606 1184 678 προοιμίῳ
1202 607 1300 678 τῆς
1325 609 1664 679 προφητείας
1684 590 1947 682 κέχρηται
1960 611 2001 665 ⁸.

432 698 686 769 Ἀπόχρη
713 697 1002 768 τοιγαροῦν
1037 699 1131 752 καὶ
1172 698 1331 754 τοῦτο
1356 699 1456 769 τὴν
1498 700 1765 755 Ἰουδαίων
1791 700 2007 769 ἐλέγξαι

422 788 797 859 παρανομίαν,
845 789 940 842 καὶ
984 788 1192 856 διδάξαι
1218 790 1240 823 ⁵
1298 792 1586 864 προφήτην
1639 793 1730 847 τὸν
1776 792 1854 864 τῷ
1895 792 2006 848 ὄντι

420 882 739 952 προφήτην.

496 971 563 1041 β’.
615 991 633 1025 ι
665 972 776 1026 Καὶ
804 972 972 1027 ἔδωκε
1005 972 1208 1045 Κύριος
1233 976 1290 1029 ὲν
1318 973 1498 1045 χειρί⁸
1526 975 1692 1030 αὑτοῦ
1720 976 1811 1030 τὸν
1853 978 2007 1031 Ἰωα-

422 1064 579 1133 κείμ,
622 1063 849 1134 βασιλέα
903 1064 1095 1130 Ἰούδα,
1127 1068 1222 1121 καί
1263 1067 1372 1121 ἀπὸ
1420 1068 1621 1140 μέρους
1653 1070 1761 1123 τῶν
1796 1071 2007 1126 σκευῶν

421 1157 578 1211 οἴκου
609 1157 704 1213 τοῦ
734 1157 870 1220 Θεοῦ
887 1158 929 1214 ⁷.
981 1176 1000 1210 ι
1058 1161 1172 1214 Καὶ
1199 1160 1359 1216 τοῦτο
1397 1162 1454 1216 δὲ
1493 1162 1593 1234 τὴν
1633 1165 2008 1236 πνευματικήν

421 1245 597 1300 αὑτοῦ
639 1245 878 1301 δείκνυσι
925 1248 1104 1321 χάριν.
1152 1248 1289 1305 Οὔτε
1329 1251 1437 1324 γὰρ
1478 1252 1693 1308 πάντων
1720 1255 1873 1310 ἐστί⁸
1908 1254 2008 1320 τὰς

422 1336 583 1399 θείας
609 1337 923 1409 οἰκονομίας
958 1338 1200 1394 εἰδέναι·
1256 1336 1411 1408 οὗτος
1449 1344 1507 1401 δὲ
1541 1346 1635 1399 τοῦ
1668 1345 1812 1401 θείου
1839 1348 2008 1402 Ilvati-

426 1446 603 1499 ματος
635 1429 961 1501 ἠξιωμένος,
991 1431 1085 1497 καὶ
1124 1432 1268 1504 ἔγνω
1300 1436 1509 1505 σαφῶς,
1539 1439 1633 1499 καὶ
1660 1439 1787 1504 τοὺς
1814 1439 2008 1506 ἄλλους

419 1521 688 1589 διδάσκει,
716 1525 801 1579 ὅτι
826 1522 923 1578 τοῦ
950 1524 1085 1581 Θεοῦ
1118 1525 1228 1581 τῶν
1252 1526 1390 1587 ὅλων
1419 1531 1892 1601 συγχωρήσαντος,
1919 1531 2009 1589 διά

420 1629 487 1668 τε
513 1611 616 1684 τὴν
642 1614 739 1669 τοῦ
783 1614 913 1671 λαοῦ
945 1616 1041 1670 καὶ
1076 1616 1172 1675 τοῦ
1220 1616 1486 1685 βασιλέως
1513 1621 1878 1693 παρανομίαν,
1914 1622 2008 1678 καὶ

420 1706 528 1775 τὴν
573 1704 774 1776 πολλὴν
818 1706 1095 1773 ἀσέϐειαν,
1143 1710 1238 1764 καὶ
1277 1710 1311 1781 ἡ
1362 1710 1516 1774 πόλις
1561 1712 1722 1778 ἑάλω,
1764 1714 1863 1768 καὶ
1897 1714 2008 1769 τῶν

424 1797 597 1867 ἱερῶν
623 1797 834 1858 σκευῶν
863 1798 983 1860 ἔνια
1029 1800 1134 1859 ὑπὸ
1175 1800 1272 1872 τὴν
1305 1801 1415 1855 τῶν
1457 1803 1730 1875 πολεμίων
1758 1805 2008 1870 ἐξουσίαν

422 1865 668 1952 ἐγένετο.
691 1887 802 1949 Καὶ
826 1887 945 1943 λίαν
971 1889 1029 1944 δὲ
1057 1865 1373 1958 ἀναγκαίως
1394 1865 1607 1948 τέθεικε
1631 1896 1720 1949 τό·
1762 1913 1783 1948 ι
1799 1865 2007 1953 ’ῖΕδωκε
2037 1865 2079 1921 Β

423 1974 637 2048 Κύριος
658 1977 718 2030 ὲν
748 1978 896 2050 χειρὶ
922 1980 1085 2039 αὐτοῦ
1109 1981 1199 2036 τὸν
1238 1983 1517 2055 Ἰωακείμ,
1539 1985 1762 2055 βασιλέα
1777 1988 2001 2051 ’ἰούδαη

428 2067 520 2126 ἵνα
578 2068 653 2138 μή
696 2086 784 2133 τις
828 2070 1077 2144 ὑπολάϐῃ
1124 2074 1302 2145 οἰκείᾳ
1343 2074 1570 2145 δυνάμει
1608 2078 1699 2131 τὸν
1732 2079 2008 2151 Ναϐουχο-

423 2160 653 2232 δονόσορ
681 2162 1025 2234 χρησάμενον
1058 2165 1159 2235 τῆς
1192 2165 1272 2237 τῷ
1300 2166 1419 2238 Θεῷ
1447 2168 1813 2243 ἀνακειμένης
1850 2189 2007 2243 περι-

425 2251 724 2317 γενέσθαι⁹
759 2254 1002 2319 πόλεως·
1057 2257 1301 2329 μάθωσιν
1335 2259 1573 2325 ἅπαντες
1616 2264 1708 2317 καὶ
1738 2263 2004 2338 ἀκριϐῶς,

312 2398 315 2401 λ
424 2341 511 2396 ὃτι
544 2342 642 2398 τοῦ
670 2345 808 2401 Θεοῦ
836 2348 1254 2420 προδεδωκότος,
1290 2353 1384 2406 καὶ
1412 2354 1513 2425 τὴν
1537 2354 1706 2411 πάλαι
1739 2358 2009 2429 φρουροῦ-

427 2453 534 2495 σαν
562 2438 662 2508 τήν
694 2439 850 2495 πόλιν
884 2442 1294 2514 ἀποστήσαντος
1339 2445 1520 2517 χάριν,
1558 2445 1665 2503 ὑπὸ
1689 2451 1817 2514 τοὺς
1848 2452 2009 2505 πολε-

430 2526 590 2597 μίους
613 2529 914 2597 ὲγένετοίθ.
966 2533 1137 2591 Τοῦτο
1169 2535 1264 2589 καὶ
1296 2535 1382 2591 διὰ
1419 2537 1641 2592 Ἡσαΐου
1670 2540 1765 2594 τοῦ
1797 2545 2010 2616 προφή-

424 2634 523 2672 του
554 2620 725 2687 σαφὲς
753 2622 925 2676 ποιῶν
959 2624 1121 2687 αὐτὸς
1153 2625 1181 2677 ὁ
1208 2625 1317 2678 τῶν
1346 2626 1484 2680 ὅλων
1513 2628 1645 2692 Θεὸς
1677 2630 1819 2686 οὕτω
1843 2636 2005 2704 φησί’

432 2710 586 2780 (Mi;
629 2708 1019 2784 δοξασθήσεται
1075 2715 1230 2788 ἀξίνη
1286 2718 1415 2773 ἄνευ
1465 2720 1560 2773 τοῦ
1606 2722 1897 2787 κόπτοντος
1954 2728 2009 2779 ἐν

424 2798 608 2871 aerii;
655 2800 689 2874 ἢ
722 2803 1069 2874 ὑψωθήσεται
1100 2806 1278 2878 πρίων
1318 2808 1445 2864 ἄνευ
1486 2810 1580 2863 τοῦ
1622 2812 1873 2879 ἕλκοντος
1914 2818 2011 2871 αὺ-

422 2890 553 2957 τόν;
576 2909 598 2941 ι
629 2891 893 2949 Διδάσκει
907 2894 965 2949 δὲ
991 2895 1080 2950 διά
1109 2896 1340 2963 τούτων,
1373 2899 1450 2964 ὡς
1481 2901 1645 2966 αὐτὸς
1667 2904 1780 2967 τοῖς
1805 2904 2013 2978 ἀνθρώ-

425 2999 554 3046 ποις
583 2984 838 3057 ἐπιφέρει
867 2987 967 3051 τάς
994 2989 1285 3061 τιμωρίας,
1319 2990 1581 3062 κέχρηται
1602 2993 1642 3025 ¹¹
1679 2994 1737 3048 δὲ
1760 2995 2014 3066 ὀργάνοις

423 3077 543 3137 τοῖς
561 3077 643 3139 είς
662 3077 820 3131 τοῦτο
839 3079 1185 3150 ἐπιτηδείοις.
1218 3101 1237 3136 ι
1258 3084 1368 3147 Καὶ
1387 3084 1617 3154 ἤνεγκεν
1638 3086 1800 3152 αὐτὰ,
1825 3089 2010 3158 φησὶν,

2110 614 2243 674 lem,
2273 615 2329 662 et
2376 606 2693 679 prophetam
2744 622 2935 664 revera
2988 609 3317 682 prophetam
3382 610 3676 667 ostenden-

2108 695 2259 765 dum,
2283 698 2417 754 satis
2443 708 2547 753 est.

2180 983 2348 1041 Vsus.
2379 983 2434 1037 θ.
2476 1000 2497 1035 ι
2527 981 2595 1039 Ει
2622 983 2853 1047 tradidit
2882 984 3148 1045 Dominus
3178 986 3229 1039 in
3280 999 3504 1041 manum
3558 984 3679 1052 ejus

2108 1074 2419 1133 Joacimum
2453 1091 2636 1147 regem
2663 1074 2835 1139 Judm,
2860 1084 2912 1134 et
2946 1086 3152 1147 partem
3189 1091 3449 1131 vasorum
3482 1076 3677 1132 domus

2110 1167 2230 1225 Dei.
2267 1186 2287 1221 ›
2334 1166 2447 1223 Hoc
2467 1181 2690 1238 quoque
2721 1168 2954 1236 gratiam
3001 1169 3150 1225 illius
3190 1167 3532 1237 spiritualcm
3586 1167 3680 1221 de-

2108 1258 2311 1319 clarat.
2358 1255 2548 1327 Neque
2602 1257 2749 1313 enim
2796 1257 3039 1317 omnium
3097 1265 3183 1313 est
3244 1256 3482 1309 divinam
3536 1256 3680 1309 scire

2107 1348 2602 1420 dispensationem.
2628 1346 2729 1404 llic
2759 1360 2938 1407 autem
2961 1348 3147 1409 divino
3180 1348 3386 1417 Spiritu
3419 1347 3676 1409 donatus,

2107 1448 2163 1497 et
2189 1448 2378 1511 aperte
2411 1440 2589 1505 novit,
2636 1449 2693 1495 et
2727 1440 2869 1499 alios
2915 1438 3097 1505 ducet,
3140 1438 3387 1493 auctoris
3432 1436 3679 1497 omniqu

2106 1547 2293 1591 rerum
2319 1532 2417 1593 Dei
2457 1532 2762 1604 permissu,
2798 1539 3024 1602 propter
3055 1530 3242 1601 populi
3278 1538 3332 1586 et
3377 1532 3521 1599 regis
3559 1545 3680 1585 scc-

2107 1624 2224 1680 lera
2273 1607 2661 1699 ingentemque
2687 1608 3047 1691 impietatem,
3081 1626 3194 1673 tum
3228 1618 3423 1673 urbem
3444 1624 3679 1686 captam,

2110 1722 2227 1777 tum
2263 1729 2549 1773 sacrorum
2583 1727 2844 1768 vasorum
2894 1720 3104 1782 partem
3155 1710 3213 1762 in
3244 1708 3487 1765 hostium
3528 1713 3683 1776 pote-

2109 1814 2308 1867 statem
2362 1804 2724 1863 concessisse.
2790 1801 2857 1855 Et
2918 1798 3216 1855 admodum
3288 1797 3683 1855 convenienter

2108 1898 2311 1968 adjecit
2340 1911 2355 1952 :
2387 1917 2405 1949 ‹
2435 1895 2683 1951 Tradidit
2714 1892 2983 1951 Dominus
3020 1892 3074 1946 in
3114 1883 3336 1944 manum
3383 1888 3504 1953 ejus
3554 1885 3684 1941 Joa-

2109 1986 2312 2045 ciuium
2342 2000 2522 2056 regem
2552 1982 2727 2050 Iudae,
2768 2002 2787 2033 ι
2827 1997 2894 2037 ne
2930 1981 3055 2051 quis
3105 1978 3506 2050 suspicaretur,
3557 1990 3684 2045 pro-

2108 2078 2245 2148 priis
2272 2078 2482 2134 viribus
2519 2081 2680 2131 uSum
2713 2073 3306 2131 Nabuchodonosorem
3331 2068 3523 2127 urbem
3569 2065 3681 2122 Deo

2108 2166 2344 2233 dicatam
2388 2176 2701 2236 superasse,
2734 2177 3034 2233 onmesque
3065 2159 3273 2233 1065
3314 2159 3473 2230 plane
3522 2156 3682 2211 intel-

2110 2259 2305 2329 ligant,
2342 2266 2634 2328 propterea
2657 2256 2801 2326 quod
2835 2255 2976 2310 Deus
3023 2268 3146 2309 eam
3198 2263 3324 2306 ante
3366 2248 3679 2312 tradiderit,

2109 2359 2165 2405 et
2194 2365 2315 2406 eam
2343 2351 2598 2420 gratiam,
2624 2364 2748 2419 quae
2775 2347 3052 2403 civitatem
3082 2344 3292 2416 pridem
3313 2340 3680 2404 custodiebat,

2111 2441 2408 2508 ademerit,
2434 2431 2646 2495 idcirco
2669 2455 2788 2496 eam
2827 2437 3132 2508 subiectam
3187 2435 3360 2491 fuisse
3407 2432 3679 2488 hostibus.

2110 2530 2227 2587 Hoc
2254 2532 2384 2587 item
2412 2546 2509 2603 per
2546 2531 2744 2589 Isaiam
2782 2531 3105 2601 prophetam
3154 2527 3444 2582 declarans
3486 2535 3682 2580 auctor

2111 2623 2358 2679 omnium
2392 2638 2575 2679 rerum
2625 2624 2792 2687 Deus,
2825 2623 2900 2677 ita
2924 2623 3040 2676 ait:
3072 2639 3091 2674 ‹
3124 2620 3386 2690 Nunquid
3426 2617 3686 2689 gloriabi-

2114 2725 2201 2772 tur
2233 2718 2447 2772 securis
2476 2719 2592 2774 sine
2622 2734 2706 2783 eo,
2754 2717 2848 2788 qui
2907 2722 3055 2772 secat
3089 2715 3187 2768 ea?
3215 2722 3312 2768 aut
3355 2712 3687 2768 exailabitur

2113 2824 2267 2865 serra
2326 2810 2446 2864 sine
2507 2823 2574 2863 eo
2620 2823 2651 2862 a
2695 2823 2807 2877 quo
2859 2805 3097 2861 trahitur
3117 2805 3243 2883 P?)¢
3268 2802 3365 2857 llis
3417 2817 3545 2855 vero
3585 2813 3687 2852 nos

2114 2899 2376 2955 admonet
2422 2916 2482 2956 se
2519 2898 2839 2955 hominibus
2880 2896 3087 2952 inferre
3150 2894 3447 2964 supplicia,
3493 2898 3548 2946 et
3605 2889 3690 2943 in-

2115 2989 2442 3046 strumentis
2473 2990 2540 3044 ad
2572 2989 2674 3042 hoc
2696 2986 2911 3042 idoneis
2950 2986 3048 3042 uti.
3081 3002 3099 3035 ι
3145 2983 3207 3036 Et
3241 2981 3560 3053 asportavit,
3601 2979 3689 3032 in-

2115 3084 2258 3154 quit,
2291 3097 2354 3136 ea
2391 3081 2446 3136 in
2474 3089 2675 3137 terram
2712 3078 2981 3141 Scnnaar,
3015 3077 3071 3130 in
3096 3076 3318 3130 domum
3352 3074 3437 3127 dei
3486 3071 3594 3137 sui,
3636 3077 3691 3125 et

425 3167 510 3229 εἰς
537 3167 641 3236 γῆν
668 3168 933 3242 Σενναὰρ,
965 3172 1047 3236 εἰς
1072 3165 1222 3226 οἷκον
1250 3170 1375 3225 θεοῦ
1401 3173 1589 3239 αὑτοῦ,
1620 3176 1716 3230 καὶ
1741 3177 1809 3231 τὰ
1841 3178 2009 3251 σκεύη

2114 3191 2247 3234 vasa
2271 3174 2460 3231 intulit
2490 3174 2546 3227 in
2581 3172 2806 3227 domum
2849 3168 3093 3225 thesauri
3129 3167 3215 3223 dei
3270 3166 3380 3221 sui.
3420 3183 3439 3216 ι
3483 3163 3691 3217 Dixerit

427 3259 751 3328 εἰσήνεγκεν
775 3261 857 3325 εἰς
883 3258 1034 3318 οἷκον
1060 3261 1154 3317 τοῦ
1186 3264 1461 3337 θησαυροῦ
1489 3265 1582 3319 τοῦ
1616 3267 1739 3322 θεοῦ
1775 3268 1962 3327 αὑτοῦ.
1989 3289 2007 3323 ι

426 3351 544 3405 Καὶ
589 3351 722 3417 ἴσως
772 3353 839 3410 άν
880 3372 967 3420 τις
1013 3357 1177 3411 εἴποι*
1210 3357 1276 3411 Τί
1320 3357 1523 3429 δήποτε
1562 3360 1671 3414 τῶν
1708 3361 2013 3434 ἀνθρώπων

427 3441 857 3515 ἡμαρτηκότων,
910 3446 979 3499 τὰ.
1006 3447 1140 3516 ἅγια
1174 3448 1365 3519 σκεύη,
1395 3449 1466 3503 τὰ
1505 3449 1586 3521 τῷ
1631 3452 1753 3524 Θεῷ
1789 3456 2013 3511 ἀνακεί-

430 3547 595 3603 μενα,
643 3536 918 3609 παρεδόθη
953 3538 1274 3595 δυσσεϐέσιν
1304 3542 1345 3575 ¹¹
1394 3542 1739 3615 ἀνθρώποις;
1785 3549 1923 3603 Φασί
1953 3548 2013 3602 δὲ

425 3622 607 3679 ταῦτα
641 3627 691 3680 οἰ
717 3627 828 3683 τῶν
857 3628 1017 3684 θείων
1049 3632 1375 3704 οἰκονομιῶν
1406 3635 1499 3691 τὸν
1530 3637 1730 3691 σκοπὸν
1756 3638 2016 3708 ἀγνοοῦν-

426 3714 563 3780 τες(
597 3734 618 3768 σ
648 3717 893 3789 Ψυχικὸς
936 3721 1045 3795 γὰρ
1098 3723 1389 3795 ἄνθρωπος
1433 3728 1495 3781 οὐ
1547 3728 1760 3799 δέχεται
1801 3730 1870 3785 τὰ
1917 3730 2012 3785 τοῦ

427 3809 751 3879 Πνεύματος
784 3813 880 3867 τοῦ
911 3815 1048 3869 Θεοῦ
1072 3833 1086 3848 ·
1135 3817 1316 3886 μωρία
1345 3819 1454 3890 γὰρ
1486 3819 1637 3891 αὐτῷ
1669 3822 1818 3875 ἐστιν
1844 3838 1857 3851 ⁸
1901 3824 1930 3875 ὁ
1954 3822 2012 3876 δὲ

430 3903 806 3972 πνευματικὸς
852 3906 1138 3979 ἀνακρίνει
1177 3910 1436 3975 adurat",
1484 3932 1502 3964 ι
1555 3913 1696 3967 κατὰ
1740 3914 1832 3967 τὸν
1872 3913 2013 3970 θεῖον

439 3992 769 4059 ’Δπόστολον
788 4012 803 4028 ⁸
836 3999 931 4053 καὶ
957 4000 1248 4055 πέπεισται
1281 4002 1378 4073 μὲν
1430 4004 1512 4058 ὅτι
1538 4006 1714 4077 μάτην
1737 4006 1888 4060 οὐδὲν
1910 4008 2015 4062 ὑπὸ

425 4084 532 4155 τῆς
563 4083 715 4151 θείας
755 4089 1098 4161 προμηθείας
1128 4094 1514 4163 οἰκονομεῖται,
1553 4096 1924 4167 φωτιζόμενος
1958 4099 2015 4153 δὲ

427 4176 539 4231 ὑπὸ
560 4178 656 4232 τοῦ
684 4178 831 4241 θείου
862 4183 1199 4253 Πνεύματος,
1231 4188 1326 4241 καὶ
1358 4188 1458 4250 τὰς
1491 4188 1674 4252 αἰτίας
1706 4189 1972 4259 μανθάνει
1995 4205 2010 4221 ο

425 4267 621 4342 ὥσπερ
650 4271 844 4342 ἀμέλει
873 4275 971 4331 καὶ
998 4276 1059 4329 τὸ
1086 4276 1182 4330 νῦν
1231 4277 1565 4349 ζητούμενον
1608 4278 1725 4333 ἔστι
1759 4297 2013 4351 καταμα-

427 4359 546 4421 θεῖν
577 4362 669 4416 τὸν
714 4369 1103 4437 πνευματικῶς
1136 4373 1278 4424 νοεῖν
1319 4371 1775 4443 προαιρούμενον.
1839 4374 2014 4446 Πολλὴ

2115 3266 2354 3323 fortasse
2375 3264 2598 3335 aliquis,
2618 3278 2742 3326 cur,
2765 3277 2891 3319 cum
2922 3261 3176 3316 homines
3210 3258 3520 3329 peccarint,
3556 3271 3692 3312 sane

2113 3368 2202 3415 cta
2242 3373 2374 3414 vasa
2419 3357 2529 3412 Deu
2566 3355 2824 3411 dedicata
2876 3352 3060 3422 impiis
3106 3349 3425 3406 hominibus
3489 3347 3691 3402 tradita

2115 3450 2273 3507 sint?
2309 3450 2508 3515 Verum
2539 3448 2653 3503 htec
2688 3447 2847 3502 aiunt
2887 3444 2949 3511 ii,
2996 3442 3205 3514 quibus
3248 3441 3450 3496 divinm
3505 3438 3693 3509 provi-

2114 3543 2317 3600 dentiae
2374 3556 2578 3611 scopus
2620 3539 2931 3609 incognitus
2977 3542 3082 3591 est.
3149 3553 3169 3587 ί
3224 3530 3494 3589 Animalis
3542 3528 3691 3585 enim

2114 3635 2280 3692 homo
2314 3648 2423 3689 non
2454 3630 2695 3704 percipit
2726 3644 2789 3686 ea
2818 3643 2943 3699 quae
2968 3634 3098 3686 sunt
3129 3624 3370 3695 Spiritus
3400 3621 3532 3690 Dei;
3555 3620 3694 3676 stul-

2114 3728 2240 3797 titia
2275 3727 2422 3783 enim
2463 3732 2548 3781 est
2581 3723 2693 3791 illi;
2723 3720 3029 3793 spiritualis
3070 3725 3277 3783 autem,
3320 3733 3340 3768 ι
3387 3712 3690 3769 secundum

2115 3822 2365 3877 divinum
2391 3817 2735 3889 Apostolum,
2761 3833 2779 3866 ι
2806 3810 3219 3885 judicatomnia
3242 3819 3295 3874 (ζ,
3329 3805 3692 3889 ietexplora-

2114 3921 2231 3971 tum
2280 3913 2444 3967 habet
2503 3926 2533 3971 a
2585 3909 2771 3965 divina
2847 3903 3194 3976 providentia
3272 3898 3409 3957 nihil
3483 3896 3694 3965 frustra

2114 3997 2541 4055 administrari:
2576 4012 2605 4051 ιι
2646 3995 2837 4051 divino
2887 4002 3068 4049 autem
3125 3989 3337 4059 Spiritu
3385 3987 3692 4041 illustratus

2113 4090 2278 4146 etiam
2332 4102 2534 4143 causas
2600 4082 2899 4154 perdiscit;
2944 4079 3220 4148 siquidem
3277 4076 3409 4145 illud
3474 4090 3694 4145 quoque

2116 4181 2262 4251 quod
2315 4192 2464 4233 nunc
2502 4174 2766 4245 quaeritur
2811 4171 2882 4231 ab
2928 4184 2994 4224 eo
3038 4165 3435 4238 comprehendi
3489 4172 3694 4235 potest,

2115 4274 2209 4343 qui
2267 4266 2570 4325 secundum
2631 4263 2895 4335 Spiritum
2974 4258 3186 4321 institui
3244 4256 3499 4312 voluerit.
3556 4253 3693 4309 Hinc

2115 4364 2266 4421 enim
2297 4376 2406 4416 non
2438 4357 2649 4413 Judaeis
2680 4350 3035 4417 tantum,sed
3067 4349 3202 4419 ipsis
3237 4349 3403 4404 etiam
3441 4345 3695 4405 barbaris

425 4452 543 4526 γὰρ
587 4455 840 4514 ἐντεῦθεν
858 4432 992 4531 ὀὐχὶ
1012 4461 1057 4499 ίδ
1108 4432 1386 4529 Ἰουδαίοις
1433 4432 1685 4537 μόνονἠ,
1733 4466 1872 4522 ἀλλὰ
1919 4432 2011 4522 καί

2118 4455 2283 4509 allata
2313 4456 2398 4506 est
2422 4448 2653 4504 utilitas.
2687 4443 2933 4501 Primum
2992 4439 3137 4495 cnim
3192 4437 3375 4505 edocti
3417 4443 3548 4495 sunt
3607 4432 3697 4488 Ju-

427 4524 621 4611 αὐτοῖς
669 4551 782 4612 τοῖς
809 4524 1107 4623 βαρέάροις
1147 4524 1385 4623 ὠφέλεια
1430 4524 1745 4625 γεγένηται.
1785 4558 2011 4630 Πρῶτον

2120 4547 2246 4612 daei,
2275 4539 2547 4614 ejusmodi
2591 4552 2716 4597 esse
2751 4535 2996 4597 divinam
3054 4539 3313 4599 naturam
3368 4544 3489 4599 quae
3544 4524 3694 4587 nulla

432 4631 535 4704 μὲν
561 4633 671 4707 γὰρ
695 4636 1049 4710 ἐδιδάχθησαν
1100 4643 1343 4698 Ἰουδαῖοι
1373 4645 1434 4698 τὸ
1468 4646 1565 4716 τῆς
1600 4646 1752 4711 θείας
1795 4648 2014 4718 φύσεως

428 4723 680 4788 ἀνενδεές
699 4742 713 4757 ·
751 4729 814 4782 οὐ
840 4730 949 4803 γὰρ
973 4732 1049 4796 ὡς
1073 4733 1326 4806 δεόμενος
1345 4738 1389 4769 ¹⁶
1416 4737 1525 4791 τῶν
1544 4739 1584 4771 ¹⁷
1618 4740 1755 4795 ὅλων
1789 4742 1922 4806 Θεὸς
1946 4743 2015 4796 τὰ

428 4811 587 4901 παρὰ
617 4812 729 4868 τῶν
753 4815 796 4848 ¹⁸
824 4817 1129 4890 ἀνθρώπων
1156 4826 1576 4897 προσφερόμενα
1618 4829 1856 4901 δέχεται,
1891 4831 2013 4884 ἀλλ’

428 4900 679 4993 ἐκείνους
707 4906 1135 4983 εὐγνωμοσύνην
1183 4914 1470 4984 διδάσκων,
1497 4920 1593 4973 καὶ
1639 4900 1815 4986 διδοὺς
1849 4921 2012 4993 θερα-

429 4992 665 5049 πείανη
700 5014 761 5052 τε
805 4999 902 5054 καὶ
949 5003 1273 5071 ἀντιδόσεως
1309 5009 1586 5082 ἀφορμήν.
1640 5012 1766 5076 Πῶς
1811 4992 1921 5084 γὰρ
1946 5013 2013 5069 ἂν

425 5085 639 5158 ἑτέρως
685 5089 1056 5165 ἠδυνήθημεν,
1104 5098 1245 5170 ὑπὲρ
1295 5094 1371 5155 ὧν
1425 5104 1889 5177 εὐεργετήθημεν,
1938 5106 2016 5170 ὡς

426 5177 656 5244 δυνατὸν
696 5182 1037 5255 ἀμείψασθαι
1087 5188 1181 5244 τὸν
1210 5191 1509 5265 εὐεργέτην
1551 5195 1707 5263 Θεὸν,
1737 5200 1787 5251 εἰ
1823 5197 1898 5269 μὴ
1944 5197 2013 5252 τὰ

501 5299 533 5341 ιι
563 5290 670 5348 lsa.
699 5308 755 5361 x,
785 5295 875 5353 l5.
967 5308 995 5349 ει
1030 5298 1201 5359 iCor.
1227 5318 1267 5358 ιι
1320 5306 1408 5373 14,
1440 5305 1528 5360 t5.

2115 4657 2178 4697 re
2204 4650 2439 4710 prorsus
2470 4631 2737 4701 indigeat.
2770 4627 2959 4698 Neque
2993 4625 3143 4691 enim
3182 4631 3241 4693 ut
3272 4620 3530 4692 indigens
3575 4632 3694 4672 om-

2116 4735 2273 4789 nium
2315 4742 2503 4783 rerum
2543 4733 2733 4781 auctor
2763 4720 2911 4776 Deus
2942 4717 3143 4786 accipit
3198 4731 3282 4779 ca,
3340 4728 3461 4784 quae
3500 4712 3567 4777 ab
3605 4710 3699 4763 ho-

2117 4822 2363 4881 minibus
2390 4818 2735 4881 offeruntur;
2766 4812 2860 4873 sed
2884 4820 2942 4865 ut
2965 4810 3091 4867 illos
3115 4816 3304 4878 gratos
3339 4803 3551 4876 1036
3572 4817 3695 4857 esse

2118 4917 2337 4979 doceat,
2366 4912 2561 4980 eisque
2601 4906 2687 4963 sui
2736 4901 2979 4966 colendi,
3010 4907 3064 4956 ct
3095 4899 3311 4970 gratiae,
3348 4911 3512 4966 quam
3565 4908 3696 4965 pos-

2117 5009 2257 5070 sint,
2288 4999 2595 5059 referendae
2634 4994 2830 5055 θεῖοι-οι
2859 4991 3233 5053 occasionem.
3261 4988 3378 5053 Qua
3400 4986 3546 5041 enim
3590 4983 3697 5037 alia

2117 5099 2335 5154 ratione
2364 5091 2742 5164 potuissemus
2766 5099 2864 5155 pro
2913 5079 3199 5145 beneﬁciis
3235 5076 3479 5148 acceptis
3514 5073 3686 5173 Deum

2119 5192 2260 5247 bene
2289 5186 2356 5241 de
2384 5181 2548 5241 nobis
2596 5177 2852 5240 meritum
2905 5188 3007 5246 pro
3056 5170 3270 5229 viribus
3329 5170 3692 5239 remunerari,

1723 5413 1961 5470 VARIAE‘.
2015 5404 2426 5466 LECTIONES.

504 5502 528 5536 ⁸
567 5502 610 5556 Β
653 5504 932 5571 Ἰεζεκιήλ.
1010 5504 1033 5536 ⁸
1068 5503 1233 5577 Βκέχ
1311 5525 1454 5576 νται,
1502 5507 1740 5579 positum
1776 5514 1902 5563 ante
1946 5504 2047 5575 τῆς
2093 5521 2135 5555 π
2246 5517 2332 5570 ητ-

504 5587 622 5633 πω,
653 5577 741 5633 τῇ.
770 5569 803 5608 Ὺ
840 5572 936 5627 τοῦ
973 5572 1131 5630 Θεοῦ.
1159 5581 1205 5633 Δ
1239 5524 1466 5633 motos.
1543 5578 1565 5609 ⁸
1604 5578 1644 5629 Β
1673 5576 1872 5633 παντὸς
1908 5569 1998 5633 ἦν.
2073 5573 2095 5605 ⁹
2135 5518 2332 5633 mem

770 5569 803 5608 Ὺ
840 5569 936 5627 τοῦ
973 5572 1131 5630 Θεοῦ.
1159 5569 1466 5648 Α”Κυρίου’.
1504 5569 1521 5579 ’
1543 5578 1565 5609 ⁸
1604 5578 1644 5629 Β
1673 5576 1872 5638 παντὸς
1908 5569 2015 5644 ἦν.”
2073 5573 2095 5605 ⁹
2135 5569 2176 5624 Β
2205 5569 2653 5639 περιγενέσεσθαι
2682 5569 2862 5630 (sic).
2945 5569 3047 5610 ’νυ
3077 5569 3188 5639 τοις
3241 5569 3338 5608 πο).

765 5645 808 5697 Β
832 5643 1188 5714 κεχρημένος.
1268 5648 1310 5679 “
1347 5649 1499 5704 δυσσ.
1532 5648 1575 5700 Β
1603 5660 1790 5719 praun.
1831 5642 2023 5698 ταῦτα.
2101 5642 2146 5674 ’³
2181 5641 2359 5697 πάντα
2432 5635 2600 5697 Infra,
2664 5638 2821 5712 tom;
2839 5627 2927 5691 111,
2962 5630 3082 5681 loco
3114 5637 3205 5681 cit.
3243 5640 3343 5718 apu

765 5733 810 5764 :.
840 5715 879 5764 B
912 5729 1098 5764 nrmm.
1131 5719 1248 5764 uév-
1329 5720 1371 5751 ιδ
1409 5720 1448 5764 Β
1477 5718 1597 5764 οὐκ-
1676 5718 1720 5751 ι⁸
1760 5716 1802 5764 Β
1832 5715 2030 5764 μόνοις.
2111 5713 2153 5745 ¹⁶
2195 5712 2236 5764 Β
2260 5708 2594 5764 ἐνδεόμενος.
2671 5702 2714 5734 ¹⁷
2752 5716 2882 5754 των.
2910 5698 2950 5752 Β
2976 5712 3158 5764 pra‘m.
3187 5698 3233 5748 ὁ.
3312 5698 3329 5725 ⁸

2290 5721 2407 5762 νοεο
2415 5721 2594 5776 μενος.

428 5586 622 5676 ἒξεπιιν
653 5569 806 5676 si;
832 5569 1138 5676 533.36.213;
1159 5569 1205 5633 ε

432 5658 605 5697 νοντο.
683 5646 699 5676 ⁸

437 5712 549 5787 δεῇ
581 5714 817 5787 πάντες,
840 5715 879 5767 Β
901 5712 1098 5787 prim“.
1129 5719 1249 5787 μέν.
1329 5720 1371 5751 ³³
1408 5720 1448 5772 Β
1477 5712 1622 5773 οὐκί
1676 5718 1720 5751 ”
1760 5716 1802 5768 B
1831 5715 2030 5786 μόνοις.

435 5783 491 5837 in
514 5782 556 5835 Β
652 5785 695 5817 ι’
736 5784 775 5835 Β
799 5784 1113 5853 θεραπείας.

2440 5497 2461 5566 Ψ
2500 5495 2542 5546 Β
2568 5490 2767 5566 δεῖξαι..
2822 5557 2834 5566 “
2869 5488 2889 5521 ⁸
2928 5488 3093 5566 χειρί.
3128 5486 3338 5566 ξηραὶ,
3382 5499 3504 5566 pag.
3564 5482 3689 5566 θταξ,

2205 5553 2862 5639 περιγενέσεσθαίβίο).
2928 5553 3047 5610 ’ίθΒ
3077 5553 3514 5674 τοζξπολῗιίοις
3570 5553 3695 5619 ὲγέ-

2205 5641 2355 5674 "tu-..
2432 5635 2597 5674 Infra.
2664 5638 2799 5674 lnm-
2839 5627 2927 5674 111-
2962 5630 3082 5674 Imm
3114 5637 3205 5674 ml.
3243 5640 3343 5674 anu
3431 5618 3692 5674 Nostrum

2671 5702 2714 5734 ¹⁷
2752 5698 2882 5754 τῶν.
2910 5689 2950 5752 Β
2976 5712 3158 5768 prtem.
3187 5698 3233 5748 ὁ.
3278 5689 3353 5725 ’⁸⁸
3391 5691 3520 5743 τῶν.
3565 5689 3691 5744 Des.
