4070 6408
448 398 584 458 1275

1464 389 1952 456 THEODORETI
1989 385 2331 449 EPISCOPI
2358 386 2722 448 CYRENSIS

3571 388 3705 456 1276

518 505 685 564 Vsus.
715 508 834 572 5,6.
873 529 891 562 ι
929 508 990 563 Ει
1018 507 1304 563 constituit
1327 507 1409 563 eis
1435 524 1530 563 rex
1554 505 1936 577 quotidianum
1962 503 2010 559 ci

2206 511 2268 568 ε’,
2299 511 2372 570 ς’.
2432 506 2594 558 t-Kat
2638 502 2882 568 ἔταξεν⁸³
2931 501 3112 566 αὐτοῖς
3147 502 3176 555 ὁ
3207 501 3454 573 βασιλεὺς
3498 505 3559 558 τδ
3610 510 3707 578 τῆς

445 597 575 650 bum
607 597 674 652 dc
707 613 891 654 mensa
925 599 1093 667 regis,
1124 606 1178 652 et
1201 599 1268 652 de
1298 598 1426 653 vino
1459 599 1604 653 unde
1627 597 1853 652 bibebat
1883 595 2020 665 ipse,

448 696 501 742 ct
543 696 601 741 ut
634 690 978 743 nutrirentur
997 705 1093 758 per
1123 697 1235 746 tres
1259 705 1455 753 annos,
1486 698 1540 743 et
1575 696 1766 760 postea
1813 694 2025 743 starent

446 779 551 845 ipsi
599 779 651 831 in
680 791 976 847 conspectu
1013 781 1178 851 regis.
1218 781 1283 836 Et
1330 781 1554 836 fuerunt
1582 782 1636 835 in
1673 781 1754 835 eis
1786 779 1854 834 de
1889 777 2022 832 ﬁliis

447 869 615 926 Jmlae.
650 873 852 936 Daniel,
887 883 938 927 et
983 874 1244 936 Ananias,
1299 882 1354 927 ct
1397 874 1646 938 Azarias,
1703 871 1917 941 1070
1967 876 2021 924 et

447 961 648 1016 Misacl.
684 982 698 1013 ι
738 963 834 1018 llic
867 966 1031 1034 igitur
1053 981 1154 1021 nos
1188 966 1335 1036 regis
1363 966 1524 1020 docet
1557 961 2020 1025 munificentiam,

446 1051 536 1119 qui
569 1067 700 1115 non,
740 1066 796 1107 ut
835 1055 977 1110 bello
1021 1057 1219 1125 captis,
1252 1056 1382 1110 vilia
1419 1055 1693 1125 quaedam,
1745 1061 1799 1107 ct
1833 1051 2020 1122 qualia

446 1158 638 1197 servos
693 1144 887 1200 decent
935 1148 1167 1215 praebuit
1220 1149 1511 1213 alimenta,
1567 1147 1662 1202 sed
1715 1161 1811 1201 eos
1874 1143 2024 1214 regia

447 1248 633 1287 mensa
696 1237 803 1290 l'rui
832 1238 1021 1307 jussit.
1052 1240 1128 1293 Ac
1175 1242 1338 1310 paulo
1383 1247 1504 1312 post
1538 1253 1716 1301 suam,
1745 1243 1800 1291 et
1843 1235 2026 1290 socio-

445 1337 568 1375 rum
591 1325 1009 1393 continentiam,
1045 1330 1562 1400 philosophiamque
1589 1327 1838 1381 declarat
1865 1341 1878 1378 :
1913 1337 2022 1378 non

447 1413 638 1482 gloriae
661 1419 964 1486 cupiditate
991 1421 1045 1475 id
1088 1420 1332 1488 faciens,
1357 1421 1450 1476 sed
1487 1419 1781 1474 utilitatem
1834 1430 2024 1486 ρει-δοσ-

447 1507 746 1573 quentibus
771 1510 1027 1566 utilitatis
1063 1511 1323 1567 doctrina
1375 1511 1681 1582 proposita.
1733 1507 1885 1562 Licet
1921 1519 2022 1560 au-

447 1603 554 1649 tem
587 1599 787 1654 mentis
819 1601 966 1656 illius
1017 1603 1218 1658 intueri
1269 1603 1617 1657 modestiam.
1678 1600 1815 1655 Cum
1879 1597 2022 1653 enim

447 1699 613 1754 supra
644 1688 863 1756 dixerit,
904 1691 1207 1761 imperasse
1260 1709 1467 1764 regem,
1508 1701 1568 1746 ut
1617 1692 1962 1761 eligerentur
1991 1702 2023 1743 e

445 1778 617 1845 stirpe
645 1780 791 1850 regia
823 1781 1054 1848 juvenes
1083 1781 1259 1837 forma
1305 1785 1618 1855 conSpicui,
1657 1790 1712 1836 et
1747 1778 2024 1850 magnitu-

2123 595 2341 666 ἡμέρας
2363 595 2485 650 καθ’
2507 595 2716 666 ἡμέραν
2737 595 2844 648 ἀπὸ
2872 595 2970 663 τῆς
2995 594 3274 666 τραπέζης
3300 595 3392 648 τοῦ
3417 595 3704 665 βασιλέως,

2125 687 2220 740 καὶ
2263 687 2371 740 ἀπὸ
2414 679 2508 740 τοῦ
2539 687 2682 740 οίνου
2713 686 2808 739 τοῦ
2857 686 3023 740 πότου
3052 686 3144 739 τοῦ
3176 693 3224 726 δι
3266 688 3454 753 αὐτοῦ,
3489 690 3584 743 καὶ
3612 691 3706 743 ὲκ-

2125 774 2322 848 θρέψαι
2355 775 2399 808 ⁸⁵
2450 776 2647 838 αὐτοὺς
2680 775 2774 844 έτη
2809 776 2956 846 τρία,
3001 776 3093 828 καὶ
3142 777 3280 846 μετὰ
3311 778 3483 832 ταῦτα
3515 781 3704 850 στῆναι

2125 869 2320 930 αὐτοὺς
2347 867 2393 899 ⁸⁸
2433 867 2660 920 ἐνώπιον
2690 865 2784 919 τοῦ
2820 865 3102 935 βασιλέως.
3146 868 3257 920 Καὶ
3285 870 3501 936 ἐγένετο
3529 871 3587 922 ὲν
3614 871 3708 923 αὐ-

2123 962 2234 1022 τοῖς
2252 961 2293 992 ⁵⁷
2324 960 2388 1012 ἐκ
2415 959 2523 1012 τῶν
2549 958 2678 1012 υίῶν
2713 959 2900 1024 Ἰούδα,
2931 959 3148 1028 Δανιὴλ,
3185 959 3278 1012 καὶ
3314 960 3585 1024 ’Δνανίας,
3608 962 3704 1015 καὶ

2138 1049 2474 1120 Ἀζαρίας⁸⁸,
2529 1050 2624 1104 καὶ
2673 1051 2910 1121 Μισαήλ.
2957 1069 2976 1104 ι
3046 1049 3313 1105 Ἐνταῦθα
3347 1051 3446 1122 μὲν
3477 1048 3572 1106 οῦν
3602 1053 3704 1124 τὴν

2123 1139 2215 1191 τοῦ
2245 1139 2512 1209 βασιλέως
2544 1141 2694 1211 ἡμᾶς
2725 1139 2968 1194 διδάσκει
2997 1141 3328 1210 φιλοτιμίαν,
3371 1142 3452 1195 ὅτι
3498 1143 3596 1213 οὐχ
3625 1144 3704 1208 ὡς

2122 1230 2484 1302 δορυαλώτοις
2531 1232 2722 1302 εὐτελῆ
2771 1249 2894 1285 τινα
2945 1232 3042 1286 καὶ⁵
3091 1232 3432 1303 δουλοπρεπῆ
3478 1237 3704 1306 παρεῖχε

2123 1323 2360 1394 τροφὴν,
2412 1324 2549 1378 ἀλλὰ
2571 1326 2617 1361 ⁸⁸
2648 1323 2750 1394 τῆς
2788 1323 3076 1394 βασιλικῆς
3121 1325 3320 1387 αὐτοὺς
3350 1323 3632 1396 τραπέζης
3653 1327 3702 1358 ⁸⁸

2124 1413 2416 1469 ἀπολαύειν
2463 1415 2740 1471 ἐκέλευσε.
2790 1416 2947 1470 Μετὰ
3001 1415 3208 1487 βραχέα
3251 1415 3370 1469 δὲ’ι
3399 1415 3500 1488 τὴν
3551 1417 3703 1486 σφῶν

2123 1505 2302 1560 αὐτῶν
2336 1507 2660 1578 ἐγκράτειαν
2693 1507 2788 1561 καὶ
2821 1506 3136 1576 φιλοσοφίαν
3175 1507 3434 1575 διδάσκει,
3463 1508 3526 1561 οὐ
3556 1508 3707 1577 φιλοο

2122 1595 2281 1667 τιμία
2333 1594 2613 1666 χρώμενος
2639 1635 2655 1662 ,
2709 1595 2822 1651 ἀλλ’
2869 1596 3138 1665 ὠφελείας
3185 1597 3536 1651 διδασκαλίαν
3589 1599 3706 1661 τοῖς

2124 1685 2448 1756 ὠφελεῖσθαι
2495 1688 2946 1760 προαιρουμένοις
2994 1687 3382 1758 προτεθεικώς.
3439 1691 3597 1743 Ἐστι
3644 1688 3705 1743 δὲ

2125 1777 2288 1832 αὐτοῦ
2316 1779 2444 1832 ἰδεῖν
2472 1781 2568 1833 καὶ
2590 1779 2650 1832 τὸ
2682 1779 2901 1850 μέτριον
2928 1781 3022 1833 τοῦ
3053 1781 3399 1849 φρονήματος
3421 1793 3433 1806 ·
3464 1778 3706 1850 είρηκὼς

445 1866 573 1921 dine
597 1869 807 1937 decori,
837 1881 891 1927 et
936 1873 1027 1928 hic
1063 1890 1428 1944 personarum
1479 1875 1705 1930 nomina
1742 1870 2015 1943 posuerit,

2126 1869 2236 1941 γὰρ
2289 1870 2437 1934 ἀνω,
2490 1871 2571 1924 ὅτι
2619 1843 2728 1924 ἀπὸ
2779 1843 2873 1924 τοῦ
2921 1872 3023 1940 τῆς
3066 1843 3343 1939 ἰβ-ασιλείας
3390 1869 3706 1940 σπέρματος

445 1956 622 2013 tribus
647 1959 800 2016 Iudae
833 1965 1161 2034 simpliciter
1211 1968 1545 2022 mentionem
1610 1965 1764 2030 fecit,
1826 1971 1882 2017 et
1935 1974 2023 2015 rc-

440 2046 584 2116 giam
622 2053 1008 2119 cognationem
1055 2057 1384 2110 occultavit.

2129 1961 2457 2032 προσέταξεν
2489 1965 2517 2015 ὁ
2552 1962 2804 2032 βασιλεὺς
2847 1964 3138 2034 ὲκλεγῆναι
3181 1963 3396 2026 νεανίας
3412 1964 3478 2029 “,
3515 1962 3706 2016 κάλλει

2125 2052 2462 2124 λάμποντας,
2498 2055 2592 2108 καὶ
2625 2055 2842 2126 μεγέθει
2871 2055 3287 2125 διαπρέποντας,
3319 2055 3410 2108 καὶ
3443 2052 3704 2118 τεθεικὼς

439 2139 669 2194 ἐνταῦθα
691 2143 757 2196 τὰ
777 2145 884 2200 τῶν
909 2147 1217 2218 προσώπων
1257 2148 1521 2221 ὀνόματα,
1557 2149 1655 2220 τῆς
1689 2145 1857 2203 Ἰούδα
1880 2140 2053 2215 φυλῆς
2092 2145 2296 2238 ἁπλῶς,
2329 2147 2734 2217 ἐμνημόνευσε,
2786 2149 2880 2200 καὶ
2917 2148 3017 2218 τὴν
3079 2146 3179 2216 τῆς
3233 2145 3513 2216 βασιλείας
3567 2163 3702 2214 συγ-

437 2234 653 2301 γένειαν
685 2235 905 2305 ἔκρυψε.

506 2322 674 2382 Vsas.
708 2327 758 2380 7.
797 2346 815 2378 ι
853 2328 919 2382 Ει
965 2330 1229 2402 imposuit
1281 2333 1364 2389 eis
1409 2333 1669 2404 princeps
1721 2331 2006 2387 eunucho-

436 2428 559 2468 rum
589 2416 832 2482 nomina,
861 2417 1071 2473 Danieli
1122 2420 1390 2484 Baltasar,
1414 2432 1468 2476 et
1496 2422 1725 2476 Ananiae
1751 2421 2008 2485 Sidi-ach,

433 2512 488 2558 et
516 2504 726 2564 Misaeli
776 2506 1008 2572 Misach,
1049 2521 1103 2567 et
1133 2513 1346 2568 Azarize
1375 2514 1699 2584 Abdenago.
1727 2532 1746 2565 ι
1777 2518 1795 2536 ⁶
1820 2513 2011 2568 Ethoc

432 2596 657 2652 dominii
689 2599 780 2669 jus
819 2602 958 2670 apud
983 2587 1251 2673 quosdam
1293 2614 1379 2662 est
1403 2608 1458 2660 in
1489 2623 1661 2671 more,
1689 2607 1784 2676 qui
1822 2621 2013 2661 servos

431 2699 676 2749 ementes
711 2708 902 2748 eorum
934 2706 1151 2752 mutant
1175 2700 1422 2762 nomina,
1460 2709 1519 2754 ut
1553 2699 1794 2755 nominis
1831 2708 2010 2754 muta-

431 2780 579 2836 tione
609 2786 926 2841 scrritutem
970 2799 1295 2860 agnoscant.
1336 2789 1494 2855 Quod
1531 2791 1618 2844 hic
1663 2805 1886 2860 quoque
1947 2790 2016 2846 ab

431 2875 810 2930 cunuchorum
837 2878 1088 2950 principe
1117 2880 1322 2936 factum
1348 2890 1432 2937 est
1460 2901 1472 2936 :
1498 2897 1623 2935 nam
1645 2883 1882 2951 demptis
1904 2880 2014 2938 He-

430 2964 635 3020 braicis
659 2969 1002 3036 nominibus,
1040 2969 1342 3027 Chaldaica
1394 2973 1506 3028 illis
1557 2974 1825 3043 imposuit
1867 2993 1880 3028 :
1936 2975 2014 3030 si-

430 3054 649 3122 quidem
699 3066 754 3112 et
781 3074 875 3114 rex
921 3060 1194 3130 jusserat,
1225 3072 1282 3118 ut
1327 3061 1715 3120 Chaldaeorum
1766 3065 2011 3137 linguam

425 3141 658 3212 juvenes
685 3146 758 3202 illi
787 3147 1091 3206 discerent.

499 3317 665 3376 Vens.
694 3321 746 3378 8.
781 3342 800 3378 ι
829 3325 893 3379 Ει
929 3327 1220 3384 constituit
1258 3327 1451 3387 Daniel
1497 3331 1552 3387 in
1579 3334 1747 3390 corde
1773 3351 1896 3400 suo,
1941 3353 2011 3392 nc
2037 3307 2082 3366 ο

427 3409 769 3479 pollueretur
816 3430 1002 3471 mensa
1057 3419 1244 3489 regis,
1301 3427 1356 3477 et
1406 3423 1532 3477 vino
1592 3425 1800 3494 1071
1845 3435 2012 3497 potus

427 3499 570 3569 ejus,
605 3511 657 3556 et
691 3506 903 3588 rogavit
934 3508 1239 3580 principem
1290 3515 1700 3583 cunuchorum,
1755 3534 1824 3572 ne
1875 3534 2011 3573 con-

431 3593 813 3651 taminaretur.
849 3615 869 3648 ι
899 3591 985 3652 Pii
1030 3601 1174 3656 enim
1240 3606 1492 3663 homines
1558 3607 1750 3675 Deum,
1811 3611 1906 3678 qui
1952 3611 2010 3665 in

428 3683 684 3738 omnibus
708 3693 813 3749 est,
841 3704 948 3744 non
977 3691 1033 3746 in
1067 3693 1189 3749 loco
1219 3708 1473 3767 quazrunt
1507 3717 1520 3753 :
1547 3701 1642 3755 sed
1673 3716 2009 3771 quocunque

427 3777 799 3842 pervenerint,
835 3782 1193 3840 eodemillum
1230 3789 1394 3844 cultu
1423 3799 1784 3858 venerantur,
1805 3802 1855 3846 et
1881 3809 2006 3848 eum

427 3865 675 3924 adversis
726 3872 892 3930 rebus
947 3877 1302 3948 alliiguntur,
1360 3897 1524 3937 suum
1567 3883 1755 3938 itidem
1816 3887 2006 3941 colunt

427 3954 710 4025 Opiﬁcem.
742 3961 936 4033 ingens
955 3974 1120 4036 atque
1155 3970 1416 4026 eximium
1446 3971 1578 4025 licet
1616 3972 1720 4026 hoc
1744 3973 1870 4029 loco
1903 3991 2006 4032 no-

425 4047 512 4102 bis
544 4053 783 4119 reperire
818 4057 1170 4115 miraculum.
1209 4061 1372 4114 Pueri
1415 4061 1563 4116 enim
1606 4064 1750 4133 apud
1781 4065 2002 4125 Judaeos

422 4137 662 4202 educati,
707 4141 966 4216 doctique
1014 4147 1184 4204 Deum
1226 4150 1281 4204 in
1327 4158 1482 4206 certo
1532 4152 1655 4207 loco
1706 4155 1999 4213 colendum

420 4239 563 4292 esse,
596 4229 798 4287 deinde
825 4243 1070 4291 cxteram
1103 4238 1385 4308 regionem
1422 4239 1757 4310 incolentes,
1791 4262 1856 4301 ac
1881 4263 2001 4303 ser-

420 4318 538 4372 vire
572 4324 1100 4394 compulsijuvenili
1133 4327 1432 4384 admodum
1467 4341 1649 4399 aetate,
1687 4346 1741 4392 et
1792 4339 1992 4397 alienis

419 4408 631 4481 legibus
673 4415 858 4471 vivere
896 4419 1098 4498 coacti,
1137 4421 1374 4490 patriam
1437 4425 1696 4493 pietatem
1753 4432 1998 4488 retinere

2179 2320 2243 2387 ζ’.
2276 2341 2295 2374 ι
2327 2324 2439 2377 Kal.
2468 2293 2736 2394 ἐπέθηκεν
2762 2324 2946 2388 αὐτοῖς
2969 2327 2996 2378 ὁ
3020 2325 3405 2396 ἀρχιευνοῦχος
3427 2328 3698 2400 ὀνόματα.

2107 2413 2187 2484 τῷ
2207 2415 2404 2486 Δανιὴλ
2425 2415 2731 2487 Βαλτάσαρ,
2757 2417 2852 2470 καὶ
2868 2417 2942 2486 τῷ
2977 2417 3196 2488 Ἀνανίᾳ
3217 2419 3412 2489 Σιδράχ
3431 2422 3494 2484 ⁸³,
3515 2425 3606 2475 καὶ
3623 2425 3703 2495 τῷ
3807 2471 3818 2487 ,

2108 2507 2328 2577 Μισαὴλ
2379 2510 2565 2579 Μισάχ
2582 2510 2648 2573 ⁸³⁵,
2686 2509 2881 2580 καὶτῷ
2913 2509 3137 2580 ’Λζαρίᾳ
3179 2511 3502 2579 Ἀϐδεναγώ.
3536 2533 3552 2564 ι
3590 2517 3702 2569 Καὶ

2110 2601 2268 2655 τοῦτο
2293 2603 2351 2655 δὲ
2383 2605 2534 2675 παρά
2571 2622 2680 2658 τισι
2709 2605 3023 2668 δεσποτείας
3047 2608 3090 2643 ⁸³
3117 2606 3427 2675 νενόμισται
3456 2608 3664 2664 δίκαιον
3684 2627 3698 2641 ο

2113 2694 2408 2765 ὠνούμενοι
2441 2696 2550 2767 γὰρ
2575 2697 2792 2760 οἰκέτας
2819 2696 2916 2758 τὰς
2948 2696 3317 2766 προσηγορίας
3349 2697 3697 2767 ἀμείϐουσιν,

2115 2785 2202 2838 ἵνα
2235 2787 2326 2840 καὶ
2372 2790 2436 2858 τῇ
2471 2789 2569 2856 τῆς
2601 2786 2971 2858 προσηγορίας
3018 2789 3284 2858 ὲναλλαγῇ
3318 2788 3416 2859 τὴν
3453 2791 3705 2848 δουλείαν

2117 2879 2446 2950 γνωρίζωσι.
2476 2880 2586 2932 Καὶ
2610 2878 2767 2932 τοῦτο
2787 2881 2832 2914 ⁸⁸
2861 2880 2953 2932 καὶ
2989 2879 3221 2933 ἐνταῦθα
3251 2881 3279 2933 δ
3310 2882 3702 2957 ἀρχιευνοῦχος

2115 2969 2358 3038 ἐποίησε,
2411 2972 2504 3024 καὶ
2555 2971 2654 3033 τὰς
2709 2971 3002 3041 Ἐὅραῖκάς
3035 2972 3250 3040 ἀφελὼν
3302 2978 3698 3048 προσηγορίας,

2110 3058 2423 3124 Χαλδαῖκάς
2465 3061 2802 3115 ἐπιτέθεικεν
2824 3065 2890 3131 ⁸⁷,
2935 3066 3122 3137 ἐπειδὴ
3149 3067 3242 3120 καὶ
3285 3069 3380 3140 τὴν
3417 3071 3700 3127 Χαλδαίων

2114 3153 2366 3222 γλῶσσαν
2402 3154 2591 3225 μαθεῖν
2619 3155 2744 3219 τοὺς
2775 3157 2990 3221 νεανίας
3007 3159 3051 3194 ⁸⁸
3080 3159 3109 3211 ὁ
3139 3159 3392 3229 βασιλεὺς
3419 3179 3700 3236 παρενηγ-

2114 3244 2287 3316 γύησε
2305 3248 2375 3297 θ’.

2183 3343 2254 3404 η’.
2301 3355 2320 3388 ι
2343 3337 2454 3390 Καὶ
2484 3337 2635 3392 ἔθετο
2674 3340 2873 3411 Δανιὴλ
2914 3341 3007 3395 ἐπὶ
3049 3342 3148 3414 τὴν
3182 3345 3409 3416 καρδίαν
3426 3347 3471 3380 ⁷⁸
3506 3347 3698 3415 αὑτοῦ,

2113 3427 2206 3482 τοῦ
2248 3428 2322 3499 μὴ
2367 3430 2727 3502 ἀλισγηθῆναι
2746 3433 2789 3463 ⁷⁸
2817 3434 2876 3485 ὲν
2905 3435 2970 3504 τῇ
3005 3435 3256 3508 τραπέζῃ
3284 3435 3378 3489 τοῦ
3407 3437 3696 3507 βασιλέως,

2113 3518 2205 3572 καὶ
2253 3519 2310 3572 ὲν
2355 3519 2432 3590 τῷ
2459 3521 2588 3591 οῐνῳ
2631 3521 2725 3574 τοῦ
2753 3523 2798 3554 ⁷¹
2827 3522 2990 3576 πότου
3023 3523 3208 3590 αὐτοῦ,
3242 3527 3336 3579 καὶ
3373 3527 3573 3595 ἠξίωσε
3601 3527 3700 3582 τὸν

2111 3608 2519 3680 άρχιευνοῦχον,
2552 3613 2700 3674 ὅπως
2734 3612 2808 3682 μὴ
2823 3613 2870 3644 ⁷³
2901 3613 3192 3685 ἀλισγηθῇ.
3229 3632 3247 3665 ι
3308 3615 3371 3669 Οἱ
3401 3615 3510 3686 γὰρ
3546 3616 3697 3685 φιλό-

2111 3698 2222 3753 θεοι
2254 3701 2352 3754 οὐκ
2385 3703 2442 3754 ὲν
2469 3703 2620 3771 τόπῳ
2651 3701 2876 3772 ζητοῦσι
2905 3705 2995 3757 τὸν
3025 3705 3118 3757 ἐπὶ
3146 3707 3364 3760 πάντων
3391 3707 3545 3769 Θεὸν,
3575 3706 3695 3760 ἀλλ’

2110 3791 2239 3846 ἔνθα
2268 3793 2333 3848 ἂν
2361 3793 2664 3862 ἀφίκωνται
2691 3795 2788 3866 τὴν
2817 3797 2986 3866 αὐτὴν
3015 3797 3164 3868 αὐτῷ
3196 3798 3493 3869 θεραπείαν
3518 3817 3695 3870 προσ-

2110 3883 2358 3952 φέρουσι,
2407 3885 2500 3938 καὶ
2547 3885 2606 3937 ὲν
2655 3886 3059 3956 κακοπραγίαις
3107 3887 3258 3951 ὄντες
3291 3888 3552 3952 ὡσαύτως
3598 3892 3694 3943 τὸν

2105 3975 2303 4030 οἰκεῖον
2334 3975 2697 4044 προσκυνοῦσι
2726 3977 3147 4047 Δημιουργόντκ.
3190 3978 3456 4032 Ἐνταῦθα
3481 3980 3538 4032 δὲ
3571 3980 3697 4032 πολ-

2103 4063 2201 4136 λὴν
2232 4064 2378 4117 ἔστιν
2421 4066 2599 4135 εὑρεῖν
2637 4066 2914 4136 θαύματος
2959 4067 3265 4137 ὑπερϐολήν
3289 4085 3304 4101 ο
3360 4070 3550 4132 παῖδες
3580 4069 3694 4140 γὰρ

2103 4155 2256 4226 παρὰ
2306 4155 2576 4220 Ἰουδαίοις
2620 4157 3008 4228 τεθραμμένοι,
3065 4160 3159 4211 καὶ
3193 4161 3291 4230 τὴν
3325 4161 3554 4229 τοπικὴν
3591 4163 3690 4214 τοῦ

2101 4249 2236 4303 Θεοῦ
2270 4249 2524 4317 λατρείαν
2553 4251 2958 4321 μεμαθηκότες,
2999 4247 3119 4304 εἶτα
3154 4251 3250 4320 τὴν
3285 4251 3443 4323 ξένην
3469 4254 3690 4307 οἰκοῦν-

2099 4355 2210 4404 τες,
2239 4342 2332 4392 καὶ
2360 4341 2630 4394 δουλεύειν
2656 4341 3058 4410 ἠναγκασμένοι
3086 4341 3209 4394 νέαν
3235 4343 3457 4410 ἄγοντες
3483 4345 3684 4417 κομιδῇ

2099 4429 2195 4498 τὴν
2225 4431 2462 4500 ἡλικίαν,
2501 4432 2605 4486 ὑπὸ
2633 4432 2817 4501 νόμοις
2850 4432 3056 4502 ἑτέροις
3086 4433 3520 4502 ἀναγκαζόμενοι
3559 4434 3682 4506 ζῇν,

415 4513 678 4595 accurate
709 4508 957 4564 student.
1020 4509 1086 4566 Et
1147 4512 1280 4580 quia
1344 4515 1605 4572 videbant
1667 4519 1996 4592 Babylonios

2116 4523 2193 4593 ςὴν
2225 4523 2481 4595 πατρῴαν
2514 4522 2793 4576 εὐσέΰειαν
2819 4523 3108 4593 φυλάττειν
3135 4526 3495 4590 σπουδάζουσι
3523 4544 3536 4559 ·
3585 4529 3686 4582 καὶ

418 4591 689 4653 idolorum
715 4597 1104 4669 imploratione
1132 4604 1365 4662 obsonia
1394 4591 1991 4678 inquinantegrvirium

2116 4613 2288 4683 ιπειδὴ
2326 4613 2450 4676 τοὺς
2482 4613 2858 4677 Βαῦυλωνίους
2887 4616 3075 4685 ἐώρων
3109 4618 3227 4679 ταῖς
3257 4617 3355 4686 μὲν
3387 4617 3495 4671 τῶν
3521 4618 3682 4671 εἰδώ-

415 4695 596 4741 autem
625 4690 986 4749 lihationibus
1019 4696 1358 4770 polluentes,
1389 4704 1640 4773 neglecta
1686 4721 1747 4760 ea
1781 4723 1905 4774 quae
1936 4709 1993 4764 in

2116 4718 2204 4757 ιων
2231 4703 2547 4774 ἐπικλήσεσι
2571 4703 2639 4756 τὰ
2662 4703 2765 4772 ὄψα
2791 4703 3200 4774 μολύνανταςτδ,
3235 4707 3486 4769 σπονδαῖς
3509 4707 3566 4760 δὲ
3585 4708 3684 4762 τὸν

414 4779 604 4832 oculos
631 4780 886 4848 incurrit,
913 4787 1110 4853 salute,
1141 4799 1194 4845 et
1221 4793 1548 4848 conculcata
1586 4797 1721 4865 regii
1746 4801 1993 4856 convivii

2116 4789 2243 4850 δίκον
2278 4795 2622 4863 μιαίνοντας,
2676 4795 2776 4864 τῆς
2822 4798 3106 4868 ὁρωμένης
3161 4801 3682 4870 καταφρονήσαντες

415 4869 662 4924 omnium
695 4873 940 4931 ciborum
975 4895 1174 4950 genere
1215 4883 1406 4938 referti
1455 4886 1762 4956 voluptate,
1815 4905 1995 4947 eunu-

2116 4883 2390 4956 ιωτηρίας,
2425 4885 2519 4940 καὶ
2547 4887 2644 4956 τῆς
2678 4885 2961 4958 βασιλικῆς
3004 4889 3325 4953 πανδαισίας
3350 4869 3679 4961 τὴννὴδονὴν

414 4957 649 5015 chorum
687 4965 949 5034 praefecto
984 4973 1322 5043 supplicant,
1359 4982 1421 5028 ut
1476 4977 1582 5032 sibi
1619 4980 1799 5050 regios
1835 4983 1992 5040 cibos

2116 4976 2456 5046 πατήσαντες,
2500 4977 2590 5029 τὸν
2635 4977 3022 5048 ἀρχιευνοῦχον
3068 4979 3371 5033 ἱκετεύουσι
3411 4997 3679 5052 παραχω-

416 5058 806 5117 recusantibus
835 5061 946 5120 illis
977 5079 1168 5121 carere
1198 5066 1490 5126 concedat.

2116 5069 2262 5139 >ἧσαι
2294 5067 2477 5136 σφίσιν
2510 5069 2756 5130 αὐτοῖς⁷⁶
2788 5068 2896 5124 τῶν
2929 5069 3226 5141 βασιλικῶν
3255 5070 3438 5126 σιτίων
3475 5087 3677 5142 παραι-

2091 5179 2188 5218 του
2195 5160 2376 5234 μένοις
2404 5160 2748 5232 μεταλαϐεῖν.

1724 5294 1960 5352 varum:
2004 5267 2420 5355 LECTIONES.

412 5368 530 5463 μή
561 5371 608 5427 Α
635 5381 690 5463 ει
718 5373 765 5463 Ξ
787 5377 1053 5463 διέταξεν.
1108 5380 1174 5463 ,⁵⁸
1194 5381 1254 5463 _A_
1282 5381 1407 5463 et}
1441 5387 1628 5463 ποτοῦ,
1660 5389 1867 5463 omisso
1894 5390 1987 5444 τοῦ
2023 5391 2172 5463 quod
2201 5387 2754 5463 hocloco‘sequitlltg
2777 5460 2787 5463 _
2823 5389 2877 5463 _”
2892 5389 2962 5463 _A
2994 5389 3210 5463 θρέψαι·
3287 5391 3492 5463 δέλαῦτο
3538 5391 3668 5448 D95-

411 5441 466 5493 in
499 5441 562 5496 Δ.
589 5515 600 5526 ι
641 5445 684 5477 ³⁷
723 5446 766 5498 Β
791 5441 1038 5510 ἐγένοντο
1063 5449 1263 5515 αὐτοῖς.
1340 5455 1387 5486 ⁸⁸
1424 5473 1477 5511 κ.
1517 5441 1705 5526 Ἀζαρ.
1737 5441 1869 5522 ιιίζᾹ
1895 5441 2579 5566 P'dniiiiéﬁdsi'méaﬁil‘
2619 5441 2860 5513 “sane.
2887 5441 3240 5522 ιῑωιῖιῖτιῐάι.
3318 5441 3667 5533 σοῖὲῥᾱιπῗιῖί

411 5507 452 5560 Β
479 5522 698 5566 Domtur
731 5525 854 5566 post
885 5517 1045 5566 ἀπολ.
1145 5520 1186 5552 σι
1225 5523 1279 5566 δέ
1331 5525 1372 5566 n
1401 5542 1457 5566 τε·
1583 5527 1628 5558 6!
1671 5525 1710 5566 R
1765 5544 1887 5566 tit-nu
1915 5549 2078 5566 mm...
2177 5531 2221 5563 ea
2267 5530 2296 5566 Δ
2329 5539 2376 5566 οι
2410 5529 2678 5566 arcanam
2790 5531 2835 5560 ιι
2890 5531 2928 5566 n
2965 5531 3187 5566 ’Δνηηιη
3225 5530 3408 5566 Μηνιη
3463 5533 3552 5566 wn
3585 5535 3667 5566 -::.

410 5507 704 5604 P.3‘1'1ilux
723 5507 1045 5604 Ρεθὶάτῖολ·
1083 5589 1097 5604 .
1145 5507 1302 5604 ’Ἂέέο
1331 5507 1480 5604 Bisi
1531 5507 1710 5604 "1‘3
1738 5507 2117 5604 ἶέέιῖεξέτέὧέιὲῗ
2150 5507 2928 5604 "‘15'ﬁjiESPéx-f‘iﬁ
2961 5507 3198 5604 ῗᾸξοὶρῖᾷ
3205 5507 3567 5604 'Mcgix1’¥éi'
3585 5507 3668 5603 ἐῶ

409 5578 628 5672 ﬁliai).
661 5578 997 5672 1,λξθδεναγώι
1003 5589 1170 5672 “culpa
1198 5578 1427 5672 librarii,
1471 5605 1528 5652 ιιι
1557 5578 2382 5672 videtur;"‘IﬁiégarrOtsiatg
2407 5578 2826 5672 itii—iiiibseo.
2860 5578 3191 5672 Βέτδ
3224 5578 3665 5672 ’ἀί

412 5648 926 5742 ῗζίξέλέ-ἔγέῑξουςέ.
976 5648 1116 5740 "-13'
1134 5648 1543 5742 παρεγγύτίρέέο
1569 5648 1669 5742 ’,⁷⁸
1709 5648 1876 5742 ἔπειτ.
1907 5648 1982 5742 ?
2001 5648 2389 5742 ιῐῖιῖἷὲέἀΫῧ
2419 5669 2475 5742 ἐν
2503 5648 3065 5742 τῇᾎρἆίᾷξίτίέῐῧ
3085 5648 3183 5742 ’ρἶ
3216 5648 3470 5740 ἀλιὲγῖ

416 5722 487 5784 μὴ
521 5722 806 5792 ἀλισγηθῇ.
881 5728 926 5759 ’⁸
967 5729 1076 5783 τοῦ.
1121 5732 1162 5783 Α
1191 5722 1373 5800 prtem.
1411 5722 1537 5788 ἀπό.
1574 5735 1616 5787 Β
1656 5736 1839 5790 ποτοῦ.
1917 5741 1961 5769 ⁷³
1999 5722 2144 5803 δὼς
2375 5722 2566 5804 αὑτοῦξ
2593 5722 2881 5820 ὡςόύ
2978 5722 3661 5814 ⁷⁸ίδημῖουργί-ιῖριῖᾶιιιιξ

413 5784 544 5842 θεὸν
568 5790 682 5844 καί.
754 5794 799 5825 ’⁵
842 5796 882 5847 Β
907 5798 1250 5866 μολύνοντας.
1330 5803 1376 5835 ⁷⁸
1415 5805 1564 5871 σφίσ.
1590 5805 1793 5870 αὐτοῖς.
1831 5808 1903 5863 ita
1941 5809 1976 5863 Β
2012 5825 2110 5876 pro
2143 5810 2328 5878 φησίν,
2355 5819 2412 5864 ιιι
2441 5809 2564 5863 hab.
2597 5809 2762 5864 editio
2786 5825 2954 5879 prior.

459 5819 543 5842 ςυν
571 5819 682 5844 mu.
759 5819 798 5825 -ν
843 5819 882 5847 ι)
907 5819 1250 5866 μολύνοντας.
1336 5819 1376 5835 ’ν
1415 5819 1564 5871 σφισ.
1590 5819 1793 5870 συτοις.
1831 5819 1903 5863 tta
1941 5819 1976 5863 Β
2012 5825 2110 5876 pro
2143 5819 2328 5876 φησιν,
2355 5819 2412 5864 ut
2441 5819 2564 5863 hab.
2597 5819 2762 5864 cdtt’to
2786 5819 2954 5876 prior.
