4070 6406
308 5337 313 5341 .
420 5238 434 5301 ί

483 416 616 480 ιετο

1473 393 2331 466 THEODORETIEPISCOPI
2365 395 2730 458 CYRENSIS

3605 385 3743 451 ιε)εο
3854 356 3859 357 ί

482 535 703 599 damus,
721 540 776 587 et
799 544 994 601 aquam
1015 526 1310 591 bibamus;
1336 542 1355 575 ι
1390 529 1444 580 et
1462 530 1583 579 esto
1621 530 1681 576 tu
1702 518 1954 574 vultuum
1973 512 2054 587 ju-

2160 509 2257 565 θεαὶ
2287 510 2527 567 δότωσαν
2571 512 2704 583 ἡμῖν
2750 508 2859 564 άπὸ
2897 508 3004 564 τῶν
3040 506 3394 577 σπερμάτων,
3427 504 3523 560 καὶ
3560 508 3747 575 φαγίλ-

482 623 610 679 dex.
652 611 807 688 Quod
842 620 890 676 si
921 617 1206 674 inveneris
1235 630 1333 687 per
1367 610 1688 683 bujusmodi
1740 610 2060 665 alimentum

484 712 812 781 corporibus
843 709 1093 781 (nostris)
1125 705 1445 763 detrimenti
1492 703 1706 774 aliquid
1749 701 2057 766 accidisse,

484 803 857 873 quodcunque
889 800 988 855 libi
1021 801 1202 855 visum
1234 795 1680 865 luerit,jubebis,
1711 810 1814 850 nos
1838 793 2063 849 minime

484 892 937 963 repugnabimus.
970 890 1206 946 Tantam
1232 890 1426 945 habuit
1452 904 1483 942 a
1510 902 1683 959 puero
1705 886 1928 942 divinus
1956 884 2063 940 iste

483 984 593 1048 vir,
623 991 678 1039 et
707 982 1027 1037 divinarum
1055 982 1238 1053 legum
1272 995 1486 1047 curam,
1525 987 1580 1036 et
1619 993 1745 1050 erga
1776 976 2060 1048 legislato—

483 1089 599 1128 rem
636 1072 818 1129 ﬁdem.
847 1071 909 1127 Et
933 1074 1024 1128 hic
1053 1072 1279 1144 quidem
1311 1072 1427 1127 haec
1467 1072 1627 1139 dixit,
1658 1071 1763 1126 iste
1789 1082 1920 1125 vero
1946 1082 2063 1137 prc-

484 1166 646 1219 cibus
668 1165 981 1220 consensit.

567 1258 729 1312 Vsas.
756 1256 844 1319 14,
871 1258 953 1311 l5.
985 1274 1003 1308 ι
1036 1255 1100 1311 Et
1123 1256 1425 1322 exaudivit,
1461 1254 1661 1325 inquit,
1687 1268 1784 1309 eos
1810 1252 1865 1307 in
1892 1249 2062 1307 verbo

486 1346 615 1411 hoc,
638 1358 691 1402 et
731 1348 963 1403 tentavit
992 1364 1091 1404 eos
1115 1364 1212 1418 per
1234 1348 1354 1403 dies
1392 1348 1605 1402 decem.
1641 1345 1710 1399 Et
1732 1352 1858 1415 post
1895 1343 2060 1400 ﬁnem

488 1436 678 1493 decem
709 1438 922 1494 dierum
957 1440 1241 1510 conspecti
1265 1448 1393 1495 sunt
1429 1439 1612 1493 vultus
1660 1452 1851 1492 eorum
1904 1435 2059 1501 boni,

486 1536 542 1584 et
570 1529 674 1600 ipsi
720 1529 892 1587 fortes
935 1530 1196 1587 carnibus
1261 1546 1373 1601 prae
1422 1531 1608 1600 pueris
1644 1527 2062 1586 comedentibus

489 1620 561 1677 de
589 1636 778 1677 mensa
808 1622 977 1692 regis.
1020 1640 1040 1674 ι
1075 1622 1382 1678 Assecutus
1421 1628 1506 1677 est
1537 1620 1684 1678 enim
1717 1635 1842 1691 qua:
1864 1620 2058 1685 voluit,

487 1710 709 1766 divinus
760 1710 865 1766 iste
905 1710 1203 1780 prOpbeta,
1232 1719 1286 1766 et
1317 1710 1748 1781 pollicitationes
1802 1722 1935 1766 suas
1982 1708 2057 1776 ei,

484 1801 574 1855 cui
605 1799 854 1870 ipsorum
886 1816 1016 1857 cura
1041 1801 1343 1858 commissa
1372 1801 1579 1868 fuerat,
1600 1817 1763 1858 veras
1793 1799 2056 1858 ostendit.

484 1888 681 1946 Divina
713 1892 860 1948 enim
911 1894 1086 1964 gratia
1129 1893 1286 1964 potiti
1327 1893 1542 1966 1074
1584 1894 1747 1964 longe
1790 1901 2061 1964 praestan-

482 1983 695 2041 tiores‘
727 1986 1011 2056 conspecti
1054 1985 1292 2053 suntiis,
1323 1987 1419 2057 qui
1475 1985 1627 2056 regia
1673 1999 1867 2043 mensa
1905 1985 2061 2042 fruc-

482 2081 693 2131 rentur.

553 2250 722 2309 Vsus.
751 2251 870 2307 l6.«
900 2252 965 2309 Et
987 2253 1274 2312 Amelasar
1300 2253 1587 2313 auferebat
1607 2270 1820 2313 coenam
1843 2270 2058 2323 eorum,

479 2349 538 2397 et
566 2342 755 2397 vinum
778 2350 945 2413 potus
994 2345 1266 2415 ipsorum,
1304 2346 1583 2417 dabatque
1635 2347 1720 2403 eis
1768 2347 2002 2403 semina.
2035 2364 2055 2399 ι

478 2429 547 2486 Et
578 2431 854 2502 duplicem
886 2443 1157 2506 quaestum
1183 2438 1374 2493 retulit
1409 2454 1424 2490 :
1464 2437 1702 2508 primum
1736 2439 1887 2494 enim
1913 2437 2060 2493 didi-

477 2525 555 2581 cit
612 2540 777 2596 posse
805 2527 1046 2598 aliquem
1073 2528 1158 2583 vel
1199 2528 1417 2600 jejunio
1466 2529 1720 2600 corporis
1775 2529 1949 2585 robur
2002 2534 2060 2585 et

477 2618 732 2674 decorem
779 2618 885 2674 sibi
948 2634 1312 2690 comparare:
1344 2620 1547 2677 deinde
1602 2622 1886 2686 alimenta,
1938 2637 2062 2692 quae

478 2705 591 2761 illis
625 2706 1039 2776 przebebantur,
1085 2709 1206 2779 ipse
1263 2709 1571 2780 accipiens,
1617 2714 1928 2781 promptius
1977 2713 2058 2771 eis

477 2797 687 2853 semina
717 2800 1102 2869 suppeditabat
1135 2815 1259 2870 qua:
1296 2801 1651 2870 appetebant.
1677 2801 1896 2870 Postea,
1926 2805 2059 2875 quia

477 2887 713 2961 (Daniel)
744 2890 811 2946 de
835 2906 897 2947 se
922 2891 1043 2947 solo
1070 2888 1361 2958 disseruit,
1385 2891 1571 2949 socios
1592 2908 1813 2966 quoque
1837 2895 2056 2967 pietatis

477 2983 532 3037 in
577 2984 816 3044 medium
854 2993 1038 3052 vocat,
1071 2993 1127 3042 et
1165 2987 1283 3040 ait:

550 3245 717 3306 Vens.
749 3250 837 3305 Π.
866 3267 886 3303 ι
928 3250 997 3308 Et
1048 3248 1236 3320 pueris
1286 3250 1375 3308 bis
1427 3260 1663 3323 quatuor
1710 3257 1861 3315 dedit
1906 3260 2052 3320 Deus

472 3339 836 3407 intellectum,
873 3350 927 3397 et
960 3340 1309 3412 prudentiam
1356 3343 1411 3398 in
1438 3346 1588 3402 omni
1642 3348 1954 3408 litteratura
2004 3363 2081 3411 et,

471 3430 768 3500 sapientia.
801 3449 822 3484 ι
864 3429 988 3512 Non
1020 3431 1166 3487 enim
1196 3432 1599 3500 Chaldaeorum,
1639 3436 1845 3510 inquit,
1895 3443 2059 3498 insti-

471 3522 615 3577 tutio
642 3521 1018 3593 intelligentes
1040 3537 1138 3579 eos
1176 3523 1323 3590 fecit,
1352 3534 1407 3581 et
1448 3528 1600 3583 omni
1638 3532 1908 3600 sapientia
1953 3534 2058 3589 im-

470 3612 612 3677 buit,
650 3628 840 3668 verum
868 3628 934 3669 ex
963 3614 1151 3670 divina
1197 3617 1395 3685 gratia,
1438 3618 1805 3692 intelligentia
1855 3634 1909 3680 ct
1964 3642 2049 3683 sa.

471 3702 705 3773 pientia,
733 3715 898 3775 atque
937 3705 1075 3762 adeo
1114 3708 1265 3763 omni
1302 3709 1539 3764 scientia
1590 3712 1882 3781 impertiti,
1913 3731 2056 3786 prae-

471 3793 781 3851 stantiores
840 3797 1101 3853 omnibus
1154 3799 1424 3854 declarati
1485 3808 1633 3855 sunt.
1666 3801 1786 3856 «Et
1838 3803 2052 3874 Daniel,

468 3883 672 3954 inquit,
714 3885 984 3943 intellexit
1024 3888 1080 3944 in
1110 3891 1261 3945 omni
1303 3890 1522 3947 visione
1562 3899 1620 3947 et
1672 3896 1923 3953 somniis.
1959 3916 1979 3950 ι
2007 3899 2052 3952 Α

466 3988 642 4044 puero
673 3974 841 4044 enim,
878 3992 1002 4047 quae
1045 3979 1153 4034 sibi
1206 3979 1476 4036 divinitus
1530 3984 1941 4054 revelabantur,
1969 3991 2054 4046 vi-

466 4066 653 4131 debat,
692 4083 801 4123 nou
829 4068 884 4124 in
922 4071 1141 4127 somnis
1177 4078 1420 4137 tantum,
1455 4076 1550 4130 sed
1582 4078 1748 4133 etiam
1790 4082 2047 4154 vigilans.

466 4157 532 4212 Et
564 4168 802 4230 poterat,
834 4177 957 4232 quae
992 4163 1118 4217 aliis
1155 4162 1607 4230 ostenderentur,
1649 4170 2052 4243 interpretari:

464 4248 569 4303 ιιοο
599 4250 746 4307 enim
798 4251 1064 4308 declarat.
1100 4253 1240 4308 illud
1291 4255 1520 4312 verbum
1570 4260 1854 4320 intellexit.
1909 4265 2049 4323 Hinc

462 4340 625 4395 etiam
672 4342 937 4399 docemur
1007 4352 1286 4399 auctorem
1334 4348 1581 4404 omnium
1637 4369 1818 4409 rerum
1873 4356 2045 4413 Deum

461 4430 669 4485 nullam
707 4434 887 4489 aetatis
919 4434 1192 4488 rationem
1220 4434 1454 4505 habere,
1487 4440 1583 4496 sed
1622 4445 1884 4513 pietatem
1926 4456 2048 4503 tan-

2079 3207 2126 3271 C

2164 601 2326 674 μεθα,
2363 603 2458 657 καὶ
2485 601 2629 673 ὕδωρ
2654 599 2930 673 ιπιὼμεθιι⁸
2965 620 2984 654 ι
3024 601 3119 654 καὶ
3147 599 3307 669 γενοῦ
3340 600 3406 653 σὺ
3436 598 3542 651 τῶν
3572 615 3747 669 προσ-

2160 694 2326 747 ώπων
2347 694 2542 765 κριτής
2563 710 2577 723 ·
2605 691 2709 753 κᾶν
2727 691 2897 766 εὕρῃς
2929 691 3133 763 βλάὸην
3159 689 3283 745 τινὰ
3315 691 3608 762 γινομένην
3629 694 3746 752 τοῖς

2163 782 2414 855 σώμασιν
2449 784 2512 837 ἐκ
2538 783 2639 850 τῆς
2667 780 2928 852 τοιαύτης
2952 783 3181 853 τροφῆς,
3202 777 3262 832 τὸ
3293 780 3393 850 μὲν
3425 779 3618 833 δοκοῦν
3656 795 3745 831 σοι

2162 874 2464 939 κελεύσεις,
2488 875 2653 946 ἡμεῖς
2682 874 2740 928 δὲ
2783 874 2883 927 οὐκ
2926 873 3296 942 άντιλέξομεν.
3319 872 3603 943 Τοσαύτην
3626 871 3745 943 εἶχε

2161 966 2416 1021 παιδόθεν
2458 967 2489 1021 6
2531 967 2673 1031 θεῖος
2699 960 2855 1029 οὗτος
2899 965 3060 1038 ἀνὴρ,
3094 967 3189 1020 καὶ
3215 964 3325 1020 τῶν
3345 965 3526 1021 νθείων
3556 967 3747 1037 νόμων

2162 1059 2439 1130 φροντίδα,
2463 1063 2560 1115 xal
2594 1059 2777 1114 πίστιν
2804 1059 2935 1131 περὶ
2972 1060 3066 1113 τὸν
3093 1058 3417 1131 νομοθέτην·
3452 1059 3550 1114 καὶ
3575 1060 3603 1112 6
3638 1059 3747 1130 μὲν

2159 1154 2333 1207 ταῦτα
2362 1152 2570 1221 ἔλεγεν,
2607 1152 2636 1205 ό
2660 1150 2718 1205 δὲ
2747 1152 2848 1222 τὴν
2879 1149 3114 1204 ἱκετείαν
3151 1151 3380 1221 ἐδέχετο.

2235 1242 2316 1311 ιδ’,
2339 1242 2421 1298 ιε’.
2457 1261 2478 1296 ι
2512 1243 2624 1297 Kal
2644 1243 2931 1315 είσήκουσε
2955 1242 3065 1315 γάρ
3106 1243 3285 1299 αὐτῶν
3306 1245 3353 1277 ’θ
3371 1283 3387 1309 ,
3419 1246 3603 1316 φησὶν,
3621 1246 3700 1311 είς
3721 1246 3741 1278 ί

2161 1336 2223 1390 τὸ
2254 1336 2406 1408 ῥῆμα
2423 1334 2582 1389 τοῦτο
2601 1375 2616 1401 ,
2645 1334 2742 1388 καὶ
2780 1333 3070 1406 ἐπείρασεν
3099 1335 3295 1400 αὐτοὺς
3333 1336 3546 1407 ἡμέρας
3581 1337 3740 1393 δέκα.

2161 1427 2274 1480 Kal
2301 1426 2440 1498 μετὰ
2484 1426 2547 1481 τδ
2580 1425 2734 1489 τέλος
2763 1425 2871 1480 τῶν
2896 1424 3030 1480 δέκα
3060 1427 3282 1499 ἡμερῶν
3316 1427 3640 1499 ἑωράθησαν
3679 1430 3744 1482 al

2165 1515 2300 1571 ίδέαι
2353 1516 2532 1572 αὐτῶν
2563 1516 2800 1586 ἀγαθαὶ,
2836 1516 2932 1570 καὶ
2955 1516 3111 1571 αὐτοὶ
3140 1518 3381 1589 ίσχυροὶ¹
3404 1520 3524 1583 ταῖς
3548 1519 3756 1592 σαρξὶν,

2162 1608 2303 1679 ὑπὲρ
2351 1607 2421 1663 τὰ
2476 1607 2738 1680 παιδάρια
2781 1608 2851 1662 τά
2890 1605 3141 1662 ἐσθίοντα
3187 1608 3286 1680 τὴν
3326 1609 3605 1678 τράπεζαν
3640 1612 3744 1667 τοῦ

2162 1696 2450 1769 βασιλέως.
2490 1714 2510 1750 ι
2549 1698 2748 1767 Ἔτυχε
2788 1696 2899 1769 γὰρ
2926 1690 3003 1751 ὧν
3047 1694 3313 1768 ἠθέλησεν
3345 1700 3373 1752 6
3409 1696 3549 1763 θεῖος
3580 1694 3745 1765 οὗτος

2163 1789 2481 1861 προφήτης,
2515 1788 2612 1843 καὶ
2637 1788 2737 1852 τάς
2765 1787 3085 1859 ὑποσχέσεις
3116 1788 3393 1854 ὑπέδειξεν
3420 1790 3637 1862 ἀληθεῖς
3657 1791 3744 1864 τῷ

2163 1880 2263 1952 τὴν
2327 1878 2644 1951 ἐπιμέλειαν
2698 1878 2885 1932 ἀὐτῶν
2937 1878 3400 1950 ἐγκεχειρισμένῳ
3425 1897 3439 1912 ο
3473 1881 3575 1951 τῆς
3624 1882 3743 1955 γάρ

2165 1972 2317 2037 θείας
2368 1972 2592 2043 χάριτος
2644 1970 3097 2034 άπολαύσαντες⁸
3126 1969 3387 2042 ὤφθησαν
3436 1971 3745 2043 άμείνουςδ

2164 2064 2345 2137 πολλῷ
2394 2064 2503 2120 τῶν
2565 2064 2669 2135 τῆς
2732 2062 3017 2136 βασιλικῆς
3082 2063 3461 2119 ἀπολαυόντων
3530 2066 3745 2137 τραπέ-

2163 2156 2281 2230 ζης.
2932 2199 2939 2213 ,

2235 2255 2332 2315 ις’.
2369 2269 2389 2303 ι
2440 2250 2554 2305 Kal
2604 2251 2823 2321 ἐγένετο
2880 2250 3191 2323 Ἀμελάσαρ
3239 2250 3631 2323 ἀναιρούμενος
3674 2251 3746 2306 τὸ

2160 2341 2372 2396 δεῖπνον
2402 2340 2603 2407 αὐτῶν,
2637 2341 2735 2396 καὶ
2777 2340 2871 2395 τὸν
2921 2337 3065 2395 οἶνον
3112 2339 3208 2394 τοῦ
3244 2342 3487 2411 πόματος
3531 2340 3738 2407 αὐτῶν,

2160 2436 2259 2491 καὶ
2314 2435 2484 2490 ἐδίδου
2521 2435 2705 2500 αὐτοῖς
2756 2435 3070 2507 σπέρματα.
3108 2455 3126 2488 ι
3172 2434 3283 2489 Kal
3329 2433 3550 2488 διπλοῦν
3575 2435 3746 2507 ἐκαρ-

2161 2526 2384 2583 πώσατο
2433 2527 2662 2599 κέρδοςο
2715 2526 2929 2599 πρῶτον
2970 2526 3068 2597 μὲν
3124 2526 3232 2598 γὰρ
3286 2527 3627 2598 μεμάθηκεν,
3660 2527 3745 2592 ὡς

2159 2619 2381 2673 δυνατὸν
2430 2618 2525 2673 καὶ
2561 2619 2787 2690 νηστεία
2838 2617 3122 2689 χρώμενον
3177 2615 3493 2689 σωματικὴν
3540 2617 3743 2688 ῥώμην

2158 2711 2256 2767 καὶ
2278 2710 2613 2783 εὐπρέπειαν
2643 2710 2952 2782 κτήσασθαι
2985 2726 2999 2741 ’
3024 2708 3215 2765 ἔπειτα
3238 2709 3294 2763 δὲ
3328 2710 3425 2763 καὶ
3453 2708 3553 2780 τὴν
3587 2709 3742 2762 ἐκεί-

2156 2820 2270 2870 νοις
2313 2802 2732 2876 χορηγουμένην
2780 2801 2942 2866 αὐτὸς
2988 2801 3283 2871 λαμϐάνων
3326 2801 3531 2873 τροφὴν
3556 2836 3572 2869 ,
3599 2819 3743 2874 προ-

2158 2896 2461 2967 θυμότερον
2482 2895 2666 2960 αὐτοῖς
2691 2895 2947 2966 ἐχορήγει
2975 2894 3042 2948 τὰ
3071 2892 3378 2965 ποθούμενα
3404 2894 3699 2965 σπέρματα
3722 2912 3739 2927 ·

2155 2984 2294 3054 εἶτα,
2326 2987 2515 3060 ἐπειδὴ
2532 2989 2553 3020 ⁸
2578 2987 2705 3060 περὶ
2733 2985 2925 3041 ἐαυτοῦ
2944 2986 2964 3019 ⁸
2999 2986 3161 3058 μόνου
3179 2987 3476 3058 διηγήσατο
3491 2987 3535 3053 ⁷,
3565 2987 3743 3056 ἀναγ-

2156 3079 2328 3145 καίως
2361 3081 2455 3135 καὶ
2503 3081 2631 3145 τοὺς
2666 3079 2956 3144 κοινωνοὺς
3000 3078 3099 3150 τῆς
3128 3078 3410 3145 εὐσεϐείας
3447 3079 3528 3143 είς
3570 3078 3743 3149 μέσον

2154 3172 2331 3239 καλεῖ,
2354 3172 2447 3226 καί
2474 3189 2606 3243 φησι
2625 3188 2640 3205 ο

2231 3261 2318 3327 ιζ’.
2352 3283 2370 3316 ι
2404 3264 2549 3317 KalII
2576 3265 2691 3327 τοῖς
2741 3261 3049 3333 παιδαρίοις
3077 3263 3187 3325 τοῖς
3219 3259 3512 3333 τέσσαρσιν
3535 3261 3745 3318 ἔδωκεν

2157 3356 2344 3418 αὐτοῖς
2369 3357 2397 3409 6
2425 3355 2559 3418 Θεὸς
2603 3355 2822 3409 σύνεσιν
2857 3355 2949 3409 καὶ
2994 3353 3255 3425 φρόνησιν
3288 3352 3348 3406 ἐν
3372 3352 3524 3426 πάσῃ
3549 3370 3742 3425 γραμ-

2162 3449 2366 3519 ματικῇ
2418 3446 2582 3518 σοφίᾳ
2603 3447 2646 3501 ⁸.
2688 3465 2706 3498 υ
2741 3443 2826 3500 Οὐ’
2865 3446 3034 3518 γὰρὴ
3071 3443 3376 3511 Χαλδαίων,
3404 3445 3561 3514 φησι,
3603 3462 3744 3499 παι-

2154 3538 2272 3592 δεία
2306 3538 2562 3602 συνετοὺς
2592 3537 2788 3601 αὐτοὺς
2816 3537 3083 3606 ἀπέφηνε,
3112 3534 3208 3590 καὶ
3229 3535 3271 3567 ¹⁶
3300 3533 3490 3604 σοφίας
3515 3536 3745 3606 ἁπάσης

2156 3629 2476 3703 ἐνέπλησεν,
2507 3629 2621 3684 ἀλλ’
2653 3630 2718 3683 ἐκ
2763 3627 2915 3693 θείας
2951 3628 3175 3700 χάριτος
3208 3628 3303 3681 καὶ
3336 3629 3601 3692 συνέσεως
3638 3630 3745 3683 καὶ

2156 3721 2349 3792 σοφίας
2378 3722 2473 3775 καὶ
2502 3721 2682 3792 πάσης
2717 3721 3028 3792 ἐπιστήμης
3071 3719 3415 3786 ἀξιωθέντες,
3451 3721 3744 3793 κρείττους

2154 3813 2411 3868 ἁπάντων
2437 3811 2833 3884 ἐδείχθησανη.
2873 3831 2891 3863 ι
2928 3812 3040 3865 Kal
3058 3813 3279 3884 Δανιὴλ,
3309 3813 3463 3883 φησὶ,
3498 3814 3743 3883 συνῆκεν

2153 3906 2211 3958 ἐν
2238 3903 2389 3977 πάσῃ
2422 3904 2652 3975 δράσει,
2683 3904 2779 3957 καὶ
2829 3902 3101 3966 ἐνυπνίοις
3140 3904 3202 3958 η.
3249 3921 3268 3955 ι
3308 3903 3576 3958 Παιδόθεν
3624 3905 3743 3978 γάρ

2152 3995 2305 4059 θείας
2338 3993 2713 4063 ἀποκαλύψεις
2738 3994 2906 4066 ἐώρα,
2944 3994 3044 4048 ούκ
3084 3993 3219 4065 ὄναρ
3257 3994 3437 4066 μόνον,
3471 3994 3606 4049 ἀλλὰ
3638 3998 3745 4051 καὶ

2150 4086 2301 4158 ὕπαρ
2333 4103 2348 4120 ’
2384 4085 2481 4139 καὶ
2527 4083 2855 4157 ἑρμηνεύειν
2900 4084 2958 4139 δὲ
3010 4085 3242 4157 ἠδύνατο
3286 4086 3354 4140 τά
3406 4088 3519 4151 τοῖς
3550 4087 3739 4153 ἄλλοις

2149 4177 2642 4249 ἀποκαλυπτόμενα
2658 4177 2719 4208 ¹³⁶
2744 4178 2804 4228 τὸ
2830 4175 2939 4248 γὰρ
2964 4176 3199 4246 συνῆκε
3221 4177 3378 4230 τοῦτο
3408 4178 3740 4251 παραδηλοῖ,

2147 4266 2523 4338 Διδασκόμεθα
2569 4266 2631 4320 δὲ
2682 4265 3016 4332 κάντεῦθεν,
3046 4267 3122 4328 ὡς
3171 4266 3273 4319 οὐκ
3327 4261 3467 4319 οἶδεν
3515 4266 3743 4336 ἡλικίας

2145 4354 2408 4427 διαφορὰν
2430 4357 2468 4429 ῥ
2510 4355 2621 4409 τῶν
2653 4354 2789 4407 ὅλων
2835 4353 2971 4417 Θεὸς
2990 4392 3008 4418 ,
3044 4354 3161 4408 ἀλλ’
3187 4355 3470 4410 εὐσέϐειαν
3506 4358 3666 4427 μόνον
3686 4358 3740 4391 ³⁸

2147 4444 2245 4499 καὶ
2279 4445 2559 4515 φιλοθεταν
2596 4444 2785 4516 ζητεῖ’
2812 4443 2915 4499 κᾶν
2950 4445 3088 4518 ε’ύρῃ
3124 4447 3332 4517 ταύτην
3358 4449 3418 4501 ἐν
3447 4449 3574 4519 νέῳ,
3595 4449 3738 4502 πολ-

461 4528 578 4576 tum
602 4538 668 4579 ac
695 4526 982 4595 religionis
1006 4526 1250 4581 studium
1277 4531 1560 4600 requirere
1584 4550 1597 4588 :
1622 4551 1730 4604 qua
1756 4537 1810 4591 in
1846 4539 2052 4608 juvene

2157 4536 2260 4589 λῶν
2303 4535 2494 4592 τοῦτον
2540 4535 2829 4607 προτίθησι
2891 4536 3298 4608 πρεσϐυτέρων.
3324 4537 3397 4592 Τὸ
3448 4539 3640 4593 αύτδ¹⁸
3672 4539 3739 4594 δὲ

459 4626 764 4685 comperta,
797 4617 986 4674 multis
1027 4632 1154 4672 eum
1185 4627 1319 4674 natu
1377 4622 1682 4693 majoribus
1732 4631 2041 4699 anteponit.

459 4702 617 4770 Quod
651 4705 795 4761 idem
828 4721 962 4777 erga
996 4706 1297 4780 Josephum
1345 4711 1523 4782 ipsum
1578 4713 1778 4774 fecisse
1823 4734 2047 4793 compe-

456 4795 657 4859 rimus,
686 4811 788 4851 nec
811 4813 921 4853 non
946 4814 1076 4871 erga
1101 4799 1411 4858 Samuelcm
1449 4804 1662 4876 1075
1694 4811 2041 4881 prophetam.

456 4884 592 4942 Nam
621 4903 791 4958 puero
827 4890 1121 4948 admodum
1157 4894 1349 4964 juveni
1398 4898 1660 4967 apparuit
1679 4885 1726 4964 ι’,
1777 4908 1834 4957 et
1876 4902 2045 4972 jussit

458 4978 580 5032 seni
614 4979 886 5049 supplicia
916 4984 1242 5053 praedicere,
1281 4991 1343 5037 ut
1374 4999 1437 5039 ea
1469 5001 1528 5041 re
1563 4995 1619 5042 et
1647 4990 1805 5045 senio
1851 4993 2043 5051 conle-

459 5076 607 5123 ctum
639 5083 951 5141 accusaret,
981 5081 1038 5131 et
1064 5075 1300 5148 gratiam
1327 5077 1383 5131 in
1405 5076 1825 5139 adolescentulo
1853 5084 2041 5157 vigen-

458 5162 568 5212 tem
599 5160 936 5219 ostenderet.

526 5289 553 5318 κ
585 5289 605 5345 l
644 5289 776 5363 Reg.
806 5308 890 5357 nt,
931 5291 992 5347 ll
1023 5306 1176 5365 seqq.
1199 5309 1311 5353 see.
1337 5293 1502 5352 LXX.

2152 4628 2247 4683 καὶ
2278 4628 2373 4682 ἐπὶ
2405 4627 2499 4682 τοῦ
2552 4626 2751 4699 Ἰωσὴφ
2778 4627 2925 4681 ἔστιν
2956 4629 3118 4682 αὑτὸν
3149 4630 3329 4700 εὑρεῖν
3363 4630 3732 4701 πεποιηκότα,

2151 4718 2244 4771 καὶ
2293 4718 2390 4771 ἐπὶ
2433 4715 2686 4788 Σαμουὴλ
2714 4716 2806 4771 τοῦ
2856 4719 3134 4790 προφήτου
3172 4735 3187 4751 ο
3220 4720 3417 4790 παιδίῳ
3462 4720 3572 4791 γὰρ
3612 4719 3734 4775 ὄντι

2152 4808 2351 4879 κομιδῇ
2390 4808 2497 4879 νέῳ
2521 4848 2536 4875 ,
2568 4808 2662 4863 καὶ
2706 4811 2975 4882 ἐπεφάνη,
3005 4812 3100 4865 καὶ
3148 4812 3249 4877 τὰς
3276 4812 3417 4866 κατά
3452 4812 3546 4866 τοῦ
3577 4831 3735 4885 πρε-

2153 4899 2349 4955 σ6ύτου
2380 4900 2649 4973 τιμωρίας
2680 4903 3078 4974 προαγορεύειν
3121 4904 3428 4969 ἐκέλευσεν,
3464 4905 3544 4968 είς
3586 4922 3731 4958 κατ-

2148 4991 2381 5063 ηγορίαν
2412 4991 2512 5062 μὲν
2531 4991 2625 5045 τοῦ
2657 4994 3050 5063 γεγηρακότος,
3085 4994 3364 5064 ἀπόδειξιν
3394 4994 3451 5049 δὲ
3478 4994 3581 5067 τῆς
3620 4996 3729 5051 ἐπ-

2148 5083 2417 5156 ανθούσης
2444 5082 2521 5155 τῷ
2550 5085 2820 5157 μειρακίῳ
2851 5084 3090 5157 χάριτος.
3462 5084 3469 5093 ’

1816 5445 2050 5504 γΑιιιΑε
2083 5399 2485 5505 ιεοτιοΝεε.

531 5594 577 5627 ⁸³
617 5594 724 5665 γὰρ
759 5592 939 5665 αὐτῶν
992 5594 1031 5652 Β
1054 5599 1241 5657 αὐτοῦ.

1354 5605 1371 5677 ξ
1410 5604 1492 5677 είς
1524 5634 1593 5677 τ-
1625 5604 1802 5677 τοῦτο.
1840 5605 1964 5677 Des.
2023 5608 2078 5662 in
2137 5609 2200 5662 A.
2279 5610 2299 5640 ³
2327 5606 2465 5677 αὐτ,
2509 5605 2618 5677 lux.
2643 5607 2687 5660 Α
2725 5607 2961 5677 ἰσχυραί.
3043 5608 3063 5640 ³
3102 5608 3547 5677 Βάπολαύοντες.
3623 5616 3645 5647 ⁸
3684 5616 3737 5672 Β

462 5663 706 5754 stafiva:
740 5663 870 5754 ’λθ
899 5667 1083 5754 ἐπειῆ
1116 5671 1193 5754 δέ.
1273 5663 2125 5754 ξΒξὺὴᾷκξϐμδιεξῆλθενό
2157 5675 2377 5754 asyla.
2423 5675 2474 5754 ,ι
2690 5663 2822 5754 Des".
2853 5663 3009 5754 ius,
3085 5681 3107 5754 ι
3148 5697 3266 5754 σοφ.
3302 5663 3721 5754 Ᾰὲίῑϊὼωυῐ

462 5731 577 5786 καί.
657 5731 700 5763 ¹⁶
739 5731 1104 5791 καὶ-ἐνέπλ.
1142 5740 1266 5796 Dcs.
1294 5741 1347 5798 in
1384 5743 1445 5796 Β.

1526 5746 1568 5818 “_
1610 5745 1651 5798 Β
1682 5745 2087 5818 ἀνεδείχθησαν.

2166 5750 2208 5779 ¹¹
2249 5744 2535 5819 ἐνυπνίοις.
2570 5746 2710 5804 Ειίίῑ.
2742 5748 2892 5819 prior
2924 5748 3049 5805 hab.
3093 5751 3153 5807 ἐν
3202 5744 3410 5817 limam.
3490 5744 3545 5787 ¹³’
3575 5755 3721 5812 Εάίι.

467 5803 616 5869 prior
648 5800 772 5853 ltab.
796 5803 1274 5877 ἁποκαλυψόμενα.
1354 5813 1396 5846 ιδ
1433 5812 1474 5867 Β
1504 5800 1697 5888 μόνηνξ
1758 5800 1811 5850 7"
1850 5800 1912 5871 τὶ
1942 5800 2091 5873 αὑτό.
2121 5817 2164 5868 Β
2190 5815 2361 5870 τοῦτο.

586 6094 645 6189 λ
