4070 6394
374 308 520 375 1285
564 258 577 273 ’

1651 323 1734 384 ΙΝ
1758 324 1910 385 ΒΑΝ
1916 326 2116 389 IELIS
2137 330 2297 392 CAP.
2332 333 2414 394 ΙΙ.

3519 353 3660 417 12ἓὸ

366 423 631 490 ἐνταῦθα,
664 425 742 490 ὡς
771 427 866 482 toﬁ
899 428 1084 502 τρίτου
1112 431 1264 497 ἔτους
1305 434 1404 506 τῆς
1429 434 1702 505 βασιλείας
1731 438 1950 510 πληρου

2071 441 2292 503 Judaeos
2314 449 2621 506 exercitum
2651 452 2906 511 duxisse.
2935 458 3077 513 Anni
3103 475 3234 518 vero
3262 465 3446 534 quarti
3470 467 3657 535 initio,

369 515 541 585 μένου
599 517 679 587 τῷ
729 518 988 592 Ἰωακεὶμ
1050 522 1376 593 βασιλεύσας
1428 528 1457 581 6
1493 527 1961 601 Ναϐουχοδονόσορ

364 605 469 677 τὴν
525 608 670 661 κατά
728 610 840 662 τῶν
882 612 1153 668 Ἰουδαίων
1204 612 1494 687 στρατείαν
1539 620 1869 691 ἐποιήσατοσ
1903 623 1962 675 ὲν

365 696 517 781 ἀρχῇ
561 698 761 753 δὲ’τοῦ
792 703 1053 774 τετάρτου
1093 703 1247 769 έτους
1277 708 1306 759 ό
1344 708 1635 780 προφήτης
1689 710 1961 781 Ἱερεμίας

364 778 696 860 παραίνεσιν
719 793 797 863 τῷ
834 793 950 865 λαῷ
985 799 1329 869 προσφέρων,
1366 778 1469 872 ἔφη
1516 778 1730 872 πρῶτον
1759 778 1959 858 eiust“

360 879 561 933 τοῦτον
595 883 685 935 τὸν
732 884 977 939 ἐνιαυτὸν
1012 887 1091 957 τῷ
1147 887 1359 957 βασιλεί
1386 890 1435 922 ⁸³
1464 892 1954 968 Ναϐουχοδονόσορ.

362 973 479 1025 Καὶ
508 975 536 1025 6
574 975 841 1045 μακάριος
870 978 926 1049 δὲ
963 978 1159 1049 Δανιὴλ
1186 979 1282 1051 τὴν
1325 980 1547 1053 πρώτην
1579 985 1956 1054 αἰχμαλωσίαν

359 1064 612 1133 εἰρηκὼς
663 1068 991 1138 γεγενῆσθαι
1037 1070 1095 1123 ἐν
1146 1070 1257 1125 ἔτει
1301 1073 1468 1145 τρίτῳ
1524 1076 1624 1147 τῆς
1679 1076 1957 1145 βασιλείας

356 1153 627 1225 Ἰωακεὶμ
656 1155 920 1225 βασιλέως
955 1159 1146 1224 Ἰούδα,
1168 1162 1414 1231 ἐπήγαγε
1438 1164 1532 1218 νῦν
1559 1181 1572 1196 ·
1598 1185 1618 1216 ι
1641 1165 1731 1218 Ἐν
1753 1167 1826 1238 τῷ
1848 1168 1957 1222 ἔτει

357 1242 444 1314 τῷ
482 1246 724 1318 δευτέρῳ
762 1250 859 1318 τῆς
891 1250 1169 1319 βασιλείας
1210 1254 1679 1327 Ναϐουχοδονόσορ
1700 1259 1957 1313 ἐνυπνιά-

362 1334 468 1403 σθη
503 1335 794 1392 evomam
812 1357 832 1389 ι
867 1338 1054 1391 Ταῦτα
1094 1340 1149 1392 δὲ
1173 1341 1270 1411 οὐχ
1295 1343 1485 1404 ἁπλῶς
1510 1343 1865 1414 προστέθεικε
1886 1347 1954 1413 ⁸δ,

2064 533 2340 595 Jeremias
2359 541 2629 610 propheta
2661 547 2921 616 pupulum
2955 533 3484 623 cotttnmnefaciens,
3511 533 3660 616 hunc

2068 640 2194 681 esse
2223 632 2465 685 asseruit
2517 646 2725 688 annum
2786 636 3027 705 primum
3081 639 3658 703 Nabuchodonosoris

2067 719 2239 786 regis.
2277 718 2481 776 Beatus
2517 738 2740 792 quoque
2768 725 2981 794 Daniel,
3017 744 3449 790 commemorata
3478 739 3655 806 prima

2067 810 2389 877 captivitate
2458 812 2772 870 Juda‘orum
2829 833 2952 887 qum
3004 814 3237 894 c'ontigit
3286 840 3434 879 anno
3488 830 3656 899 tertio

2066 901 2222 970 regni
2256 900 2488 959 Joaeimi
2524 907 2670 975 regis
2703 906 2879 972 Judie,
2913 912 3149 980 subjecit
3184 931 3331 971 nunc
3375 937 3390 973 :
3437 938 3456 971 ι
3492 922 3653 975 Anno

2065 993 2314 1047 secundo
2356 1000 2508 1064 regni
2539 996 3105 1059 Nabuchodonosoris
3151 1010 3453 1064 somniavit
3498 1028 3650 1067 som-

2063 1081 2239 1136 nium.
2273 1102 2291 1136 ι
2333 1083 2399 1137 Ει
2437 1088 2551 1142 haec
2591 1090 2822 1157 addidit,
2870 1109 2979 1148 non
3029 1098 3147 1152 sine
3186 1115 3378 1163 causa,
3427 1104 3520 1157 sed
3590 1115 3649 1159 ut

2064 1173 2234 1227 etiam
2286 1187 2504 1246 tempus
2538 1197 2666 1235 vere
2723 1188 3148 1255 percipercmus.
3207 1190 3418 1246 Idcirco
3476 1194 3645 1249 divini

2065 1275 2286 1331 quoque
2308 1268 2610 1333 pmphetze,
2644 1287 2834 1341 regum
2870 1279 3148 1333 mentione
3171 1279 3336 1347 laeta,
3372 1298 3643 1338 atinorum

2062 1366 2349 1408 numerum
2391 1359 2735 1415 describunt.

357 1425 481 1477 ἀλλ’
532 1427 618 1480 ἵνα
680 1429 775 1480 καὶ
832 1430 922 1484 τὸν
974 1416 1167 1502 χρόνον
1220 1435 1462 1505 ἀκριϐῶς
1515 1437 1944 1508 καταμάθωμεν.
1987 1441 2187 1497 Τούτου
2224 1449 2383 1519 χάριν
2408 1452 2451 1482 ⁸⁸
2480 1454 2575 1507 καὶ
2626 1456 2676 1507 οἰ
2716 1454 2850 1510 θεῖοι
2924 1461 3239 1532 προφῆται,
3307 1470 3643 1539 μεμνημένοι

354 1520 475 1574 τῶν
508 1522 794 1590 βασιλέων,
840 1526 934 1577 καὶ
979 1526 1071 1580 τὸν
1123 1529 1356 1599 ἀριθμὸν
1397 1531 1504 1585 τῶν
1537 1532 1674 1585 ἐτῶν
1712 1530 2140 1604 ἀύαγρὰφονσιν.

439 1613 564 1664 «Ἑν
622 1614 703 1683 τῷ
736 1616 782 1645 ⁵⁸
816 1614 926 1669 ἔτει
952 1618 1132 1672 τοίνυν
1158 1619 1234 1689 τῷ
1263 1620 1501 1693 δευτέρῳ
1539 1623 1639 1692 τῆς
1675 1624 1951 1693 βασιλείας

355 1700 838 1774 Ναϐουχοδονόσορ
867 1707 1201 1779 ἐνυωιάσθη
1243 1710 1514 1775 ἐνύπνιον,
1544 1714 1638 1766 καὶ
1672 1714 1864 1786 ἐξέστη
1890 1716 1952 1770 τὸ

357 1792 589 1862 πνεῦμα
622 1794 811 1859 αὐτοῦ,
841 1798 935 1851 καὶ
972 1800 1001 1851 6
1024 1798 1187 1863 ὕπνος
1221 1802 1429 1873 ἀπέστη
1445 1804 1489 1835 ⁵⁷
1514 1805 1610 1856 ἀπ’
1631 1805 1816 1859 αὐτοῦ.
1839 1807 1951 1880 (β’.)

2134 1652 2155 1685 ι
2190 1635 2350 1691 Anno
2374 1640 2559 1710 itaque
2587 1647 2837 1703 secundo
2873 1634 3024 1718 regni
3078 1649 3645 1711 Nabuchodonosoris

2056 1730 2360 1785 somniavit
2388 1736 2688 1803 somnium,
2728 1750 2783 1795 et
2816 1740 3239 1811 obstupefactus
3286 1754 3371 1798 est
3413 1747 3644 1815 spiritus

2059 1817 2182 1885 ejus
2221 1829 2272 1875 et
2301 1824 2574 1879 somnium
2619 1828 2756 1900 fugit
2787 1832 2858 1886 ab
2903 1847 2991 1886 eo.
3050 1830 3241 1901 (Vsus.
3272 1832 3348 1903 2.)
3386 1833 3452 1887 Bt
3499 1835 3642 1890 dixit

356 1885 497 1963 Καὶ,
512 1881 664 1939 εἶπεν
700 1890 730 1941 6
761 1888 1013 1958 βασιλεὺς
1049 1892 1143 1945 τοῦ
1165 1893 1211 1925 ⁸⁸
1246 1893 1469 1947 καλέσαι
1497 1896 1622 1959 τοὺς
1648 1889 1950 1963 ὲπαὸιδοὺς,

2060 1925 2154 1966 rex
2216 1921 2275 1968 ut
2338 1881 2783 1975 convocarenjur
2844 1881 3066 1993 1079‘
3116 1881 3528 1990 incantatores,
3584 1936 3641 1982 et

356 1976 460 2029 καὶ
486 1978 614 2041 τοὺς
638 1979 867 2048 μάγους,
902 1982 996 2035 καὶ
1023 1984 1149 2046 τοὺς
1172 1987 1521 2055 φαρμακοὺς,
1544 1988 1641 2041 καὶ
1663 1990 1792 2053 τοὺς
1809 1990 1952 2043 Xa).-

356 2066 570 2133 δαίους,
588 2067 685 2120 τοῦ
718 2070 1035 2138 ἀναγγεῖλαι
1051 2072 1127 2141 τῷ
1146 2072 1354 2142 βασιλεί
1376 2074 1437 2127 τὸ
1463 2075 1712 2131 ἐνύπνιον
1728 2077 1912 2131 αὐτοῦ.
1928 2097 1947 2130 ι

370 2157 441 2212 Ἦ
460 2158 561 2227 μὲν
593 2155 688 2214 οὖν
706 2161 857 2214 ⁵⁹τοῦ
892 2162 1026 2216 Θεοῦ
1047 2163 1327 2234 οἰκονομία
1356 2168 1467 2229 τοῖς
1494 2166 1750 2239 ὲχέιρροσι
1773 2169 1909 2241 δήλη
1934 2182 1948 2198 ’

354 2248 643 2322 γνώριμον
663 2255 771 2324 γὰρ
796 2253 961 2307 αὐτοῦ
979 2255 1025 2287 ⁶⁰
1050 2255 1110 2308 τὺ
1156 2256 1406 2311 ἐνύπνιον
1437 2260 1659 2330 ποιῆσαι
1690 2260 1954 2332 βουλόμε-

353 2360 452 2407 νος
478 2344 573 2396 τὸν
607 2346 806 2398 οἰκεῖον
852 2347 1156 2418 προφήτην,
1197 2347 1283 2401 ἴνα
1326 2348 1425 2414 τὰς
1454 2351 1665 2419 ἀγαθὰς
1710 2354 1806 2406 καὶ
1843 2370 1953 2407 σω-

352 2434 586 2506 τηρίους
628 2434 886 2490 ἐντεῦθεν
920 2436 963 2468 ⁶¹
998 2438 1213 2507 δέξηται
1261 2444 1630 2511 παραινέσεις,
1662 2434 1954 2499 δεδίττεται

354 2529 464 2600 μὲν
509 2528 673 2583 αὑτὸν
712 2530 791 2601 τῷ
831 2532 1088 2602 ἐνυπνίῳ,
1128 2533 1444 2605 ἀφαιρεῖται
1469 2536 1525 2590 δὲ
1569 2536 1664 2589 τοῦ
1699 2539 1951 2594 ἐνυπνίου

350 2619 456 2692 τὴν
488 2623 735 2692 μνήμην.
784 2622 928 2676 Ἀλλ’
964 2622 1156 2693 ὥσπερ
1198 2624 1333 2697 δήλη
1365 2626 1460 2680 τοῦ
1505 2627 1642 2681 Θεοῦ
1671 2629 1779 2683 τῶν
1815 2631 1952 2685 ὅλων

349 2713 388 2782 ἡ
433 2713 787 2784 προμήθεια,
820 2715 966 2768 οὓτω
1019 2718 1294 2787 γνώριμος
1333 2717 1503 2773 ἀπασι
1549 2722 1662 2784 τοῖς
1705 2720 1951 2776 εὐσεϐέσι

352 2804 452 2857 καὶ
482 2806 517 2875 ή
542 2804 632 2857 τοῦ
662 2805 925 2875 βασιλέως
960 2809 1230 2875 παράνοια
1253 2809 1316 2864 ⁸³.
1350 2808 1474 2871 Πῶς
1504 2809 1610 2881 γὰρ
1645 2810 1744 2863 οὐκ
1775 2810 1952 2882 ἄκρας

352 2894 751 2967 παραπληξίας
800 2896 861 2949 τὸ
914 2899 1046 2966 παρ’
1078 2897 1283 2969 ἑτέρων
1330 2897 1520 2967 ζητεῖν
1560 2899 1655 2953 τοῦ
1696 2900 1947 2954 ἐνυπνίου

350 2986 456 3056 τὴν
486 2988 707 3057 μνήμην
738 3003 753 3052 ;
791 2986 930 3039 Ἀλλ’
960 2989 1129 3058 ὅμως,
1188 2988 1480 3060 κληθέντες
1501 3029 1516 3055 ,
1573 2991 1757 3062 φησὶν,
1801 3010 1819 3044 ι
1854 2987 1951 3063 ἦλ-

355 3075 472 3141 θον,
503 3078 595 3130 καὶ
624 3077 859 3149 ἔστησαν
886 3076 1115 3132 ἐνώπιον
1141 3079 1236 3132 τοῦ
1264 3079 1580 3149 βασιλέως.»

427 3174 502 3237 γ’,
540 3169 602 3223 δ’.
646 3189 665 3222 ι
707 3170 818 3223 Καὶ
864 3165 1018 3223 εἶπεν
1054 3170 1236 3235 αὐτοῖς
1266 3173 1295 3224 6
1329 3169 1616 3241 βασιλεύςο
1660 3173 1945 3229 Ἐνυπνιά-

2059 2004 2226 2073 magi,
2257 2007 2340 2060 ct‘
2371 2010 2626 2072 maleﬁci,
2663 2020 2718 2067 et
2747 2014 3009 2078 Chaldaei,
3044 2022 3103 2067 ut
3135 2015 3475 2083 explicarent
3518 2018 3635 2089 regi

2057 2097 2335 2151 somnium
2393 2097 2536 2164 ejus.
2579 2119 2596 2151 ι
2638 2101 2730 2157 Dei
2792 2104 2963 2174 igitur
3009 2104 3363 2174 providentia
3414 2105 3484 2161 iis
3536 2107 3635 2176 qui

2056 2188 2258 2243 mentis
2317 2201 2602 2261 compotes
2646 2202 2799 2261 sunt,
2850 2196 3141 2265 perspicua
3188 2203 3271 2251 est
3308 2196 3456 2266 τηιιὶ
3509 2211 3634 2252 cum

2054 2278 2219 2332 vellet
2253 2280 2321 2334 ab
2350 2284 2535 2337 amico
2563 2298 2668 2339 suo
2699 2287 2966 2355 propheta
2996 2286 3273 2342 somnium
3308 2286 3454 2344 illius
3487 2296 3638 2359 pate-

1950 2384 1991 2447 δ
2044 2363 2196 2432 ﬁeri,
2227 2377 2285 2420 ut
2318 2369 2451 2425 inde
2496 2372 2682 2427 .‘honas
2730 2388 2795 2428 ac
2828 2375 3082 2431 salubres
3114 2377 3400 2447 acciperet
3444 2378 3637 2433 admo-

2052 2456 2318 2525 nitiones,
2352 2462 2570 2515 somnio
2620 2464 2799 2533 ipsum
2855 2464 3097 2521 deterret
3150 2467 3468 2538 somniique
3512 2470 3634 2524 adi-

2053 2547 2642 2606 mit'recordationem.
2675 2551 2874 2607 Verum
2918 2557 3383 2624 quemadmodum
3438 2566 3633 2612 aucto-

2052 2639 2130 2695 ris
2156 2641 2406 2695 omnium
2442 2658 2626 2697 rerum
2664 2643 2755 2699 Dei
2781 2647 3130 2715 providentia
3162 2650 3462 2720 perspicua
3490 2651 3627 2706 fuit:

2051 2732 2127 2785 ita
2154 2733 2262 2803 piis
2297 2735 2556 2789 onitnihus
2602 2737 2823 2805 cognita
2873 2749 2957 2794 est
2988 2742 3151 2795 etiam
3195 2742 3338 2812 regis
3388 2743 3629 2800 insania.

2051 2820 2340 2886 Quomodo
2372 2823 2519 2878 enim
2560 2839 2674 2879 non
2725 2835 2986 2883 extremae
3046 2830 3343 2886 dementire
3403 2841 3507 2897 est,
3563 2848 3630 2889 ex

2050 2912 2174 2967 aliis
2196 2928 2448 2982 quaerere
2470 2915 2674 2970 somnii
2721 2919 3626 2987 recordationem?Verumtamen,

2049 3000 2266 3067 vocati,
2324 3002 2547 3074 inquit,
2593 3021 2612 3054 ι
2659 3016 2931 3063 venerunt
2989 3019 3045 3064 et
3098 3019 3375 3067 steterunt
3443 3028 3626 3068 coram

2047 3084 2192 3138 rege.
2230 3089 2249 3121 ι

2119 3160 2283 3217 Vens.
2320 3165 2374 3230 '5,
2420 3164 2474 3220 4.
2522 3185 2541 3219 ι
2576 3167 2643 3222 Ει
2688 3171 2827 3227 dixit
2858 3170 2939 3225 eis
2989 3180 3082 3227 rex
3113 3188 3126 3226 :
3157 3172 3438 3229 Somniavi
3479 3189 3627 3229 som-

287 3300 311 3317 .
355 3261 496 3331 σθην
550 3261 901 3329 ἐνύπνιον⁶³,
943 3263 1039 3316 καὶ
1070 3263 1263 3335 ἐξέστη
1314 3263 1377 3316 τὸ
1430 3263 1649 3332 τινεῦμά
1703 3283 1807 3336 μου
1850 3268 1946 3321 τοῦ

2051 3250 2227 3319 nium,
2289 3264 2344 3309 et
2398 3256 2815 3328 obstupefactus
2873 3270 2957 3317 est
3024 3261 3258 3331 spiritus
3337 3278 3491 3320 meus
3556 3280 3626 3320 ne

349 3354 567 3423 γνῶναι
626 3356 688 3408 τὸ
749 3356 1026 3411 ἐνύπνιον.
1094 3355 1206 3410 Καὶ
1256 3355 1529 3427 ἐλάλησαν
1576 3358 1627 3411 οἰ
1692 3359 1948 3414 Χαλδαῖοι

349 3445 438 3516 τῷ
487 3444 695 3516 βασιλεῖ
724 3447 971 3519 Συριστὶ,
1018 3447 1112 3501 καὶ
1145 3442 1299 3500 εἷπον
1320 3447 1387 3479 ⁸⁵⁸
1424 3447 1690 3515 Βασιλεΰ,
1730 3451 1812 3514 εἰς
1857 3450 1949 3505 τὸν

358 3538 541 3593 αἰῶνα
559 3541 603 3572 ⁸⁸
636 3539 760 3610 ζῆθι
783 3556 796 3571 ·
854 3541 918 3594 σὺ
952 3540 1075 3593 εἰπέ
1108 3539 1171 3593 τὸ
1200 3539 1452 3594 ἐνύπνιον
1491 3544 1599 3604 τοῖς
1646 3540 1800 3594 παισί
1831 3559 1947 3608 σου,

352 3630 457 3684 καὶ
488 3630 589 3702 τὴν
645 3629 934 3703 σύγκρισιν
959 3632 1011 3666 ⁸⁸
1050 3630 1216 3684 αὑτοῦ
1239 3630 1658 3703 ἀπαγγελοῦμεν
1682 3633 1746 3686 ⁸⁷.
1783 3652 1801 3685 ι
1836 3635 1948 3689 Καὶ

353 3720 457 3792 τὴν
519 3721 620 3792 μὲν
671 3722 890 3793 αττησιν
929 3721 1007 3793 τῷ
1057 3721 1172 3778 ὄντι
1231 3722 1525 3775 ἀκόλουθον
1579 3722 1904 3794 ἐποιήσαντο
1930 3740 1947 3759 ο

355 3810 687 3884 ἀλαζονικὴν
716 3812 775 3866 δὲ
811 3813 911 3884 τὴν
936 3813 1231 3884 ὑπόσχεσιν
1253 3829 1268 3845 ’
1298 3812 1424 3868 οὔτε
1457 3815 1567 3885 γὰρ
1590 3814 1947 3887 ἀνθρωπίνης

354 3900 426 3976 ἦν
457 3903 697 3968 διανοίας
733 3904 887 3969 θείας
926 3904 1255 3976 ἑρμηνεύειν
1281 3905 1660 3975 ἀποκαλύψεις
1691 3906 1816 3976 δίχα
1840 3906 1945 3977 τῆς

354 3993 571 4048 ἀνωθεν
628 3995 949 4066 συνεργείας
968 3994 1036 4048 ⁸⁸.
1092 3994 1317 4066 Συριστί⁵
1369 3993 1429 4047 δὲ
1482 3996 1583 4066 τὴν
1627 3995 1863 4064 διάλεξιν
1895 3998 1946 4050 οἰ

354 4084 617 4138 Χαλδαῖοι
645 4084 994 4155 πεποίηνται,
1025 4084 1102 4149 ὠς
1119 4085 1164 4118 θ’
1199 4085 1264 4138 ἐκ
1290 4083 1565 4156 διαφόρων
1596 4085 1945 4159 συνειλεγμέ-

355 4176 501 4230 vos"
530 4174 737 4241 ἐθνῶν,
794 4177 889 4231 καὶ
940 4176 1076 4231 ἰδίαν
1114 4176 1214 4248 μὲν
1259 4175 1505 4245 γλῶτταν
1544 4177 1777 4248 ἐχόντων
1819 4178 1947 4234 ἐκά-

357 4282 487 4320 στου
506 4266 593 4331 ⁷¹,
647 4268 802 4338 κοινῇ
856 4266 915 4321 δὲ
977 4266 1203 4320 πάντων
1255 4270 1323 4337 τῇ
1379 4265 1566 4338 Σύρων
1621 4268 1943 4339 χρωμένων,

356 4356 572 4423 διδάξαι
590 4360 637 4391 "
670 4359 988 4431 βουλόμενοι
1018 4357 1080 4412 τὸ
1113 4359 1214 4430 τῆς
1246 4358 1599 4431 ἀποκρίσεως
1626 4360 1941 4416 ἀκόλουθον.

369 4450 513 4504 Ἀλλ’
556 4449 677 4504 οὐδὲ
714 4449 888 4514 οὕτως
922 4449 1152 4504 ἔπεισαν
1200 4449 1292 4504 τὸν
1329 4449 1570 4514 ἀλαζόνα
1601 4449 1829 4521 βασιλέα
1867 4452 1944 4526 μή

356 4539 615 4593 ἀπαιτεῖν
646 4539 777 4611 παρ’
812 4538 1117 4612 ἀνθρώπων
1143 4539 1211 4593 τὰ
1239 4539 1393 4612 παρά
1417 4541 1518 4612 τὴν
1553 4539 1717 4610 φύσιν
1740 4543 1808 4597 ⁷³.

2051 3344 2251 3399 scirem
2292 3349 2589 3405 somnium.
2618 3352 2686 3406 Et
2715 3352 2884 3408 locuti
2914 3361 3044 3408 sunt
3078 3353 3315 3409 Chaldaei
3350 3370 3473 3410 cum
3499 3371 3626 3428 rege

2051 3434 2292 3508 Syrisce,
2317 3450 2371 3495 et
2393 3441 2652 3497 dixerunt
2679 3460 2691 3495 :
2719 3443 2834 3500 Rex
2869 3445 2925 3499 in
2946 3446 3223 3500 saeulum
3249 3446 3408 3514 vive;
3445 3454 3502 3501 tu
3534 3448 3623 3503 dic

2051 3529 2325 3585 somnium
2362 3535 2538 3589 servis
2566 3534 2697 3603 tuis,
2739 3543 2793 3592 et
2826 3537 3331 3606 interpretationem
3374 3538 3494 3608 ejus
3524 3554 3622 3593 an-

2049 3620 2451 3680 nuntiabimus.
2493 3643 2512 3679 ι
2550 3625 2619 3681 Et
2668 3628 2819 3698 quod
2864 3629 3161 3699 petierunt,
3198 3629 3253 3685 id
3304 3644 3496 3686 revera
3541 3631 3621 3685 rei

2050 3720 2485 3770 consentaneum
2531 3727 2669 3783 erat,
2701 3719 2798 3776 sed
2845 3735 3036 3775 eorum
3068 3720 3422 3790 promissum,
3471 3736 3625 3775 arro-

2049 3816 2184 3872 gans
2217 3821 2230 3858 :
2265 3819 2441 3876 neque
2478 3809 2623 3863 enim
2655 3809 2879 3866 humani
2916 3811 3120 3882 ingenii
3147 3821 3286 3875 erat,
3318 3827 3443 3882 quae
3478 3812 3623 3867 divi-

2048 3893 2200 3949 nitus
2231 3897 2470 3951 revelata
2503 3898 2745 3964 fuerant,
2766 3901 2976 3971 absque
3005 3902 3212 3956 auxilio
3239 3917 3490 3971 superna:
3519 3903 3626 3957 vir-

2048 3985 2183 4040 tutis
2244 3984 2619 4057 interpretari.
2643 3987 2710 4042 Et
2751 3989 2976 4061 Syriace
3000 3992 3165 4047 locuti
3198 4001 3328 4048 sunt
3359 3991 3621 4058 Chaldaei,

2048 4076 2247 4144 utqui,
2279 4090 2402 4131 cum
2447 4092 2514 4132 ex
2555 4079 2791 4135 diversis
2837 4082 3157 4137 nationibus
3196 4081 3372 4138 coacti
3404 4090 3618 4144 .essent,

2047 4179 2112 4219 ac
2137 4168 2411 4247 propriam
2440 4167 2644 4240 singuli
2678 4169 2919 4241 linguam
2941 4171 3228 4239 haberent,
3255 4175 3621 4230 communiter

2047 4264 2229 4312 tamen
2260 4257 2524 4328 Syrorum
2557 4260 2743 4331 lingua
2776 4269 3083 4326 uterentur,
3108 4264 3397 4321 studentes
3429 4276 3618 4322 osten-

2045 4348 2177 4405 dere
2202 4365 2262 4406 se
2307 4350 2523 4422 1080
2577 4354 2970 4409 convenienter
3015 4356 3369 4426 respondere.
3416 4355 3615 4413 Verum

2046 4457 2115 4499 ne
2165 4442 2248 4498 sic
2295 4444 2516 4515 quidem
2554 4444 2796 4515 superbo
2827 4446 2940 4517 regi
2996 4456 3414 4517 persuaserunt,
3447 4466 3517 4506 ne
3548 4452 3617 4506 ab

2047 4535 2364 4593 hominibus
2408 4536 2717 4611 requireret
2745 4553 2867 4608 quae
2904 4546 3103 4596 essent
3140 4554 3306 4611 supra
3338 4549 3613 4599 naturam.

430 4633 494 4693 ε’,
528 4634 604 4693 ς’.
645 4647 663 4680 ι
706 4593 1008 4701 ’λπεκρθίθη
1048 4629 1158 4700 γὰρ
1194 4593 1357 4692 εὐθὺς
1390 4593 1713 4699 ὁβασίλεὺς
1731 4593 1813 4699 ⁷⁸,
1848 4632 1942 4687 καὶ

2116 4627 2284 4683 Vens.
2315 4628 2371 4693 5,
2399 4627 2452 4683 6.
2541 4593 2847 4699 Respondit
2875 4593 3617 4696 enimstat‘itnr

355 4711 486 4771 εἷπε
520 4719 635 4781 τοῖς
690 4717 981 4783 Χαλδαίοις
1006 4733 1019 4747 ·
1068 4718 1126 4771 '0
1148 4717 1305 4786 λόγος
1354 4718 1562 4791 ἀπέστη
1621 4736 1724 4790 μου
1744 4720 1812 4752 ⁷⁸⁸
1846 4721 1941 4776 ἐὰν

354 4803 453 4862 οὖν
476 4809 525 4841 ⁷⁸
572 4808 648 4880 μὴ
683 4808 991 4881 γνωρίσητέ
1021 4826 1113 4880 μοι
1146 4808 1208 4863 τὸ
1253 4808 1527 4875 ἐνύπνιον,
1561 4808 1656 4863 καὶ
1686 4811 1783 4881 τὴν
1811 4811 1942 4881 σύγ-

356 4917 543 4972 κρισιν
577 4901 783 4968 αὑτοῦ,
828 4904 909 4967 εἰς
959 4900 1237 4956 ἀπώλειαν
1288 4900 1511 4969 ἔσεσθε,
1560 4901 1661 4955 καὶ
1701 4902 1753 4955 οἱ
1804 4899 1944 4959 οἶκοι

2047 4718 2318 4776 Chaldaeis
2352 4737 2365 4773 :
2400 4717 2594 4774 Sermo
2623 4720 2853 4775 recessit
2882 4734 2913 4774 a
2954 4735 3041 4776 me
3074 4738 3088 4775 :
3120 4722 3164 4776 si
3195 4721 3361 4791 igitur
3395 4736 3503 4776 non
3534 4724 3618 4776 in-

2050 4809 2375 4866 dicaveritis
2433 4808 2568 4863 mihi
2634 4810 2947 4875 somnium,
2997 4817 3053 4865 et
3110 4810 3615 4880 interpretationem

2050 4901 2192 4973 ejus,
2221 4901 2500 4975 perihitis,
2533 4908 2590 4958 et
2615 4901 2812 4958 domus
2837 4908 3032 4958 vestra:
3056 4900 3404 4971 diripientur.
3430 4897 3489 4956 Si
3519 4915 3617 4956 au-

1630 5079 1721 5136 VA
1731 5078 1870 5135 Rl/E
1909 5079 2313 5137 LECTIONES.

451 5196 504 5229 "
541 5191 701 5249 εἶναι.
728 5193 773 5247 Β
798 5208 987 5265 praem.
1027 5193 1146 5265 μέν.
1232 5193 1280 5226 ⁸³
1320 5193 1443 5264 βασ.
1480 5195 1608 5249 Des.
1646 5194 1791 5275 in_B.
1882 5195 2009 5277 “.B
2042 5195 2415 5282 προστέθεικα.
2511 5195 2558 5228 ⁸⁸
2582 5193 2722 5316 ,κάς
2753 5193 2796 5246 Β
2834 5209 3020 5284 praem;

452 5266 512 5316 Β.
589 5266 631 5297 ⁸⁷
672 5265 905 5316 ἀπέστη.
941 5262 1138 5316 Supra.
1164 5262 1478 5316 ἀπεγένετο.
1555 5264 1603 5296 ⁵⁸
1639 5281 1754 5316 του.
1791 5264 1916 5316 Des.
1950 5282 2002 5316 ιιι
2030 5265 2094 5316 Β.
2171 5267 2215 5298 ⁸³
2253 5282 2366 5316 ουν.
2410 5264 2532 5316 Des.
2581 5281 2635 5316 ιιι
2719 5303 2733 5316 .
2810 5265 2855 5296 ⁶⁰
2885 5265 2927 5316 Β
2961 5283 3020 5316 au

357 5269 419 5323 in
452 5266 512 5318 Β.
589 5266 631 5297 ⁵⁷
672 5262 905 5333 ἀπέστη.
941 5262 1138 5335 supra,
1164 5262 1478 5331 ἀπεγένετο.
1555 5264 1603 5296 ⁵⁸
1639 5264 1754 5318 τοῦ.
1791 5264 1916 5321 Des.
1950 5266 2002 5320 in
2030 5262 2100 5322 ΒΣ
2171 5267 2215 5298 ⁵³
2253 5262 2366 5335 οὖν.
2410 5264 2532 5335 Des.
2581 5262 2635 5318 in
2673 5262 2733 5318 Β.
2772 5265 2855 5335 ,⁸⁸
2885 5265 2927 5335 Β
2961 5262 3170 5318 αὐτζέ
3193 5281 3359 5335 προφ.

1717 5335 1759 5366 ⁸⁸
1806 5337 1913 5390 ἐντ.
1973 5335 2097 5389 Des.
2160 5334 2313 5388 in‘B.
2392 5336 2435 5367 ⁶¹
2469 5333 2509 5387 Β
2567 5333 2837 5403 παροινία.

1861 5406 1906 5438 ⁶⁶
1940 5404 2223 5475 σύγκρισις
2263 5404 2316 5457 Ιι.
2350 5404 2484 5475 l._et
2501 5402 2655 5458 vers.
2683 5403 2734 5460 5.
2749 5403 2817 5475 _(i,
2849 5404 2989 5475 idem
3046 5417 3131 5459 est
3196 5402 3613 5475 ιοησύγκριμα.

355 5337 452 5415 τξιν
482 5337 678 5415 οἰκεῖον
690 5332 929 5415 Ἆποιῆσαι
946 5332 1287 5415 ,βουλόμενος
1306 5335 1624 5415 προφήτην..

359 5405 411 5439 ⁶⁴
438 5406 533 5459 καὶ
551 5401 662 5458 εῐπ.
690 5401 898 5458 Βεεζὶιι
932 5401 998 5458 AL
1100 5401 1205 5456 “A
1237 5410 1290 5457 et
1316 5401 1500 5467 Βτοὺς
1531 5401 1753 5467 αἰῶνας.

359 5492 507 5529 vere.
543 5475 636 5540 ‘25,
670 5473 814 5544 quod
866 5472 1058 5528 Noster
1081 5470 1244 5537 infra,
1276 5472 1342 5526 ad
1378 5487 1429 5526 ο.
1466 5489 1519 5532 v.
1544 5472 1635 5536 ‘2“,
1670 5488 1766 5542 per
1797 5470 2062 5544 ἑρμηνεία
2086 5470 2349 5544 explicat.
2390 5471 2594 5527 Gabius
2625 5473 2786 5526 vertit
2822 5473 3159 5544 conjectura.

359 5544 649 5595 γελοῦαεν.
747 5544 791 5579 ⁸⁸
827 5542 869 5595 Β
900 5543 1200 5595 ἐνεργείας.
1301 5543 1345 5577 ⁸⁵
1369 5542 1464 5595 ὡς.
1499 5540 1539 5594 Β
1569 5540 1715 5595 τούς.
1820 5544 1864 5576 ⁷ο
1900 5543 1951 5595 B'
1968 5543 2434 5595 συνειλεγμένους.
2510 5543 2554 5573 ⁷⁸
2613 5540 2654 5594 Β
2696 5543 2939 5595 ἑκάστων
2977 5544 3159 5595 ὲνόντιι

843 5543 869 5596 Β
900 5543 1200 5614 ἐνεργείας.
1301 5543 1345 5577 ⁸⁵
1369 5543 1464 5604 ὡς.
1499 5543 1539 5594 Β
1569 5543 1715 5606 τούς.
1820 5544 1864 5576 ⁷ο
1900 5543 2434 5613 Β¹συνειλεγμένους.
2510 5543 2554 5573 ⁷¹
2694 5543 2939 5625 έκάστων
2977 5544 3222 5613 ἑχόντων.
3348 5543 3393 5569 ⁷¹
3418 5543 3523 5626 ’διδι
3560 5543 3613 5614 ,υ

843 5612 891 5646 ⁷³
925 5611 964 5666 Β
996 5613 1205 5683 πέρατα
1251 5611 1349 5683 τῆς
1381 5610 1613 5680 φύσεως.
1717 5611 1762 5643 ⁷⁴
1785 5613 1899 5670 εὑθ.
1935 5615 1963 5667 6
2000 5613 2123 5685 βασ.
2176 5614 2215 5666 Β
2245 5614 2394 5685 φησί.
2444 5613 2486 5665 Α
2532 5620 2732 5669 omittit
2764 5613 2941 5676 εὐθύς.
3019 5615 3065 5645 ’⁵
3098 5628 3215 5682 μου.
3260 5609 3302 5663 Β
3339 5604 3415 5660 ἀπ
3458 5604 3613 5673 ἑμου.

357 5544 649 5613 τελοῦμεν.
687 5540 703 5544 ”
747 5544 791 5579 ⁸⁸
827 5542 1200 5614 Βᾉένεργείας.
1287 5543 1345 5614 _°'
1369 5542 1464 5614 ὡς.
1499 5540 1539 5594 Β
1569 5540 1715 5606 τούς.

362 5631 412 5682 ιιι
428 5629 551 5685 azm-
579 5616 727 5685 φωνῇ

362 5680 520 5738 θθῡῦ)
569 5683 606 5736 Β
631 5680 707 5737 ὖέ.

3268 5194 3314 5227 ⁸⁸
3351 5193 3449 5280 τίξιὶ.
3487 5192 3612 5280 Des;

3469 5279 3617 5331 αυτῳ

3428 5333 3480 5384 in
3545 5332 3613 5384 Α.

2834 5209 3023 5267 praem.
3064 5196 3193 5267 γάρ.

2915 5334 2960 5366 ⁸³
3006 5337 3194 5389 avom.
3241 5333 3370 5387 Des.

3264 5469 3399 5521 οιΑ

3511 5482 3614 5537 ατς

3348 5538 3393 5569 ⁷¹
3426 5536 3523 5587 διδ.
3577 5536 3617 5587 Β

2510 5543 2554 5573 ⁷⁸
2613 5540 2654 5594 Β
2696 5540 2941 5597 ἑκάστων
2977 5544 3222 5613 ἑχόντων.
