4070 6428
455 375 588 439 1281

1442 354 1930 423 THEODORETI
1955 350 2292 412 EPISCOPI
2316 353 2685 414 CYRENSIS

3571 353 3706 420 1288

449 501 561 544 tem
590 485 864 545 somnium
893 493 947 537 et
979 478 1489 550 interpretationem
1530 475 1653 542 ejus
1691 466 2025 525 indicaveri—

2129 463 2283 534 ὑμῶν
2315 464 2806 536 διαρπαγήσονται.
2863 463 2986 520 Ἐὰν
3019 465 3075 518 δὲ
3115 465 3174 519 τὸ
3211 465 3463 519 ἐνύπνιον
3492 468 3584 519 καὶ
3607 469 3705 537 τὴν

450 581 522 633 tis
545 579 700 642 mihi,
729 577 869 631 dona
898 583 954 627 et
989 584 1244 636 munera,
1271 579 1325 624 et
1354 569 1622 622 honorem
1658 564 1891 617 multum
1931 574 2023 614 ae-

451 675 671 745 ('ipietis
717 688 747 726 ιι
776 684 900 725 me:
933 674 1307 722 verumtamen
1345 663 1619 719 somnium
1653 669 1708 714 et
1747 661 2024 728 interpre-

454 766 715 820 tationem
750 763 871 832 ejus
917 759 1243 813 annuntiate
1275 756 1428 810 mihi.
1465 773 1484 805 ι
1519 754 1645 808 llaec
1696 761 1878 805 autem
1912 764 2023 804 non

453 856 630 910 solum
663 853 837 922 ipsius
877 850 1242 905 temeritatem
1286 862 1350 902 ac
1397 845 1698 910 feritatem,
1731 843 1827 899 sed
1853 841 2022 896 etiam

450 959 726 1000 summam
780 942 1073 997 stultitiam
1111 940 1381 994 indicant.
1412 939 1682 992 Extrema:
1730 934 1877 989 enim
1929 932 2026 986 de-

449 1030 667 1085 mentiae
714 1039 819 1090 est.
847 1029 1084 1099 opinari,
1121 1029 1206 1083 vel
1254 1025 1686 1082 comminatione
1732 1023 2021 1086 malorum,

447 1121 534 1176 vel
571 1121 837 1175 bonorum
875 1120 1293 1191 pollicitatione,
1321 1117 1583 1184 majorem
1624 1114 1897 1169 Chaldaeis
1926 1125 2024 1166 co-

448 1212 750 1283 gnitionem
804 1213 1187 1281 ingeneratum
1243 1210 1334 1265 iri.
1379 1208 1456 1281 [7]
1491 1208 1688 1262 Statim
1729 1203 1914 1275 itaqu'e
1947 1203 2022 1257 illi

451 1304 557 1373 ipsi
594 1303 852 1359 dixerunt
885 1321 898 1358 :
935 1322 953 1355 ι
990 1303 1088 1357 Dic
1142 1303 1420 1357 somnium
1469 1309 1623 1355 tuum
1668 1299 1844 1354 servis
1886 1296 2022 1360 tuis,

451 1400 506 1449 et
546 1393 1061 1463 interpretationem
1110 1392 1232 1461 ejus
1260 1388 1735 1444 annuntiabimus.
1776 1404 1794 1436 ι
1837 1385 2023 1439 Servi-

452 1492 623 1541 tutem
658 1487 803 1540 enim
853 1484 1111 1546 fatemur,
1149 1484 1324 1544 aiunt,
1359 1494 1545 1535 verum
1581 1478 1749 1535 etiam
1796 1476 2022 1532 humani

455 1575 663 1642 ingenii
691 1576 836 1630 vires
882 1576 1152 1629 novimus.
1184 1574 1248 1627 Et
1275 1575 1293 1594 ‘
1333 1573 1654 1642 poterimus,
1687 1569 1733 1624 si
1764 1569 2024 1625 didiceri-

455 1682 614 1732 mus,
650 1665 998 1734 interpretari
1035 1664 1303 1719 somnium
1336 1681 1350 1717 :
1379 1672 1435 1717 at
1464 1662 1647 1731 ipsum
1691 1673 2025 1715 commemo-

454 1771 600 1821 rare,
626 1755 769 1826 qqod
810 1756 905 1810 tibi
941 1767 1223 1810 ostensum
1269 1763 1374 1822 cst,
1408 1769 1472 1809 ac
1504 1753 1707 1809 deinde
1735 1768 1766 1807 a
1798 1761 1849 1807 te
1885 1753 2019 1806 obli-

2127 556 2419 626 σύγκρισιν
2472 557 2639 610 αὑτοῦ
2662 559 2708 587 ⁷⁷
2741 558 3053 627 γνωρίσητε
3089 575 3202 627 μοι,
3222 558 3449 628 ίδὸματα
3484 559 3574 611 καὶ
3602 560 3704 611 δω-

2126 651 2278 720 ρεὰς,
2306 649 2400 703 καὶ
2419 648 2582 719 τιμὴν
2616 631 2815 718 πολλὴν
2839 649 3076 720 λήψεσθε
3111 652 3239 722 παρ’
3269 651 3402 720 ἐμοῦ
3426 669 3437 681 ·
3472 651 3612 722 πλὴν
3645 652 3706 704 τὸ

2123 734 2374 789 ἐνύπνιον
2395 736 2490 790 καὶ
2512 736 2611 807 τὴν
2641 736 2929 808 σύγκρισιν
2953 739 3119 791 αὐτοῦ
3151 740 3518 807 ἀπαγγείλατέ
3541 758 3649 809 μοι.
3680 760 3699 792 ι

2123 826 2307 881 Ταῦτα
2343 826 2400 880 δέ
2455 828 2516 880 οὐ
2568 828 2727 898 μόνον
2756 830 2918 883 αὐτοῦ
2964 831 3025 884 τὸ
3074 831 3248 901 θρασὺ
3284 831 3379 884 καὶ
3412 831 3705 901 θηριῶδες,

2123 919 2261 973 ἀλλά
2284 920 2380 973 καὶ
2415 920 2475 973 τὸ
2508 919 2628 973 λίαν
2664 921 2891 992 ἀνόητον
2923 923 3298 975 ὑποδείκνυσιν
3324 939 3338 954 θ
3372 925 3558 987 ἀνοίας
3591 924 3704 993 γάρ

2125 1011 2357 1081 ἐσχάτης
2399 1011 2461 1064 τὸ
2502 1013 2751 1082 νομίσαι,
2785 1013 2817 1084 ἢ
2852 1015 2917 1084 τῇ
2944 1014 3141 1084 ἀπειλῇ
3174 1014 3282 1067 τῶν
3314 1014 3497 1066 κακῶν
3524 1055 3537 1075 ,
3571 1016 3602 1083 ἢ
3635 1018 3702 1084 τῇ

2126 1104 2415 1173 ὑποσχέσει
2441 1103 2548 1157 τῶν
2578 1104 2801 1172 ἀγαθῶν
2820 1145 2836 1169 ,
2892 1105 3113 1159 πλείονα
3139 1108 3251 1169 τοῖς
3284 1105 3575 1167 Χαλδαίοις
3608 1107 3704 1171 ἐγ-

2124 1194 2448 1265 γενήσεσθαι
2466 1195 2687 1264 γνῶσιν.
2709 1194 2822 1266 (ζ’.)
2847 1196 3055 1249 Λύτίκα
3087 1194 3265 1248 τοίνυν
3287 1197 3483 1248 ἐκεῖνοι
3508 1195 3644 1264 πρὸς
3659 1194 3705 1225 ⁷⁸

2126 1286 2287 1340 αὐτὸν
2322 1286 2530 1356 ἔφησαν
2548 1288 2592 1321 ⁷ο
2618 1305 2630 1318 ·
2667 1307 2685 1339 ι
2723 1287 2858 1341 Είπέ
2897 1288 2956 1340 τὸ
2985 1288 3234 1342 ἐνύπνιόν
3263 1305 3357 1340 σου
3397 1291 3511 1353 τοῖς
3550 1290 3708 1344 παισί

2124 1394 2244 1440 σου,
2276 1377 2369 1429 καὶ
2399 1375 2499 1447 τὴν
2528 1376 2816 1448 σύγκρισιν
2851 1376 3018 1430 αὑτοῦ
3049 1378 3494 1449 ἀπαγγελοῦμεν.
3542 1399 3560 1431 ι
3594 1379 3707 1450 Τὴν

2128 1469 2227 1539 μὲν
2273 1470 2382 1540 γὰρ
2424 1470 2688 1534 δουλείαν,
2735 1472 2922 1540 φησὶν,
2977 1470 3379 1542 ὁμολογοῦμεν,
3427 1471 3563 1527 ἀλλὰ
3611 1472 3711 1527 καὶ

2124 1558 2224 1630 τὴν
2272 1551 2434 1627 (ῥύσιν
2486 1559 2865 1631 γινώσκομενο
2922 1562 3018 1614 καὶ
3080 1563 3417 1632 ἑρμηνεῦσαι
3474 1564 3609 1633 μὲν,
3657 1564 3709 1619 εί

2129 1650 2417 1721 μάθοιμεν,
2467 1651 2527 1704 τὸ
2556 1651 2804 1707 ἐνύπνιον
2835 1652 3195 1724 δυνησόμεθα,
3232 1657 3376 1725 ἐρεῖν
3391 1655 3435 1687 ³⁰
3463 1654 3520 1708 δέ
3551 1655 3707 1719 αὐτὸ,

2129 1741 2211 1793 σοὶ
2244 1741 2342 1811 μὲν
2368 1740 2689 1811 γνωρισθέν,
2724 1740 2844 1796 εἶτα
2890 1742 3029 1813 λήθῃ
3070 1743 3394 1815 παραδοθὲν,
3444 1744 3506 1798 οὺ
3539 1744 3708 1798 δυνά-

455 1820 599 1899 vioni
633 1820 910 1911 traditum,
951 1860 1297 1915 nequaquam
1348 1820 1665 1915 possumus.
1699 1842 1805 1897 Sed
1831 1842 2026 1896 nihilo-

2133 1832 2292 1901 μεθα.
2347 1831 2486 1884 Ἀλλ’
2539 1832 2692 1886 οὐδὲν
2730 1827 2892 1906 ἦττον
2943 1836 2973 1887 6
3025 1833 3255 1905 μάταιος
3308 1837 3559 1890 ἐπέκειτο
3610 1836 3708 1891 τοῦ

452 1934 639 1989 minus
708 1950 886 1990 vanus
972 1935 1064 1991 ille
1160 1935 1403 1990 instabat
1492 1948 1743 2004 qumrere
1823 1932 2024 1988 somnii

453 2025 853 2093 repetitionem.
885 2022 1191 2095 Respondit
1245 2025 1393 2081 enim
1449 2040 1568 2093 rex,
1604 2024 1803 2095 inquit,
1837 2031 1892 2079 et
1941 2023 2028 2077 di-

452 2115 534 2169 xit
566 2132 581 2170 :
1482 2123 1495 2143 ’

527 2204 606 2278 [8]
638 2224 658 2258 ι
697 2203 755 2259 lu
781 2205 1009 2261 veritate
1039 2204 1179 2269 scio,
1202 2212 1423 2274 tempus
1448 2218 1548 2259 vos
1578 2201 1871 2265 redimere,
1897 2200 2027 2270 quia

452 2297 674 2362 videtis,
720 2296 1049 2352 discessisse
1112 2311 1143 2350 a
1185 2312 1272 2350 me
1315 2293 1566 2350 verbum.
1610 2290 1802 2362 (Vens.
1841 2290 1922 2360 9.)
1971 2288 2028 2345 Si

454 2387 622 2457 igitur
680 2388 954 2443 somniqu
1011 2402 1123 2442 non
1186 2384 1650 2441 annuntiaveritis
1715 2383 1873 2449 mihi,
1921 2397 2028 2437 una

454 2486 542 2534 est
600 2479 872 2534 sententia
941 2478 1010 2533 de
1075 2478 1252 2543 vobis,
1316 2484 1371 2532 et
1435 2476 1555 2531 scio
1629 2489 1730 2531 vos
1794 2474 2028 2531 verbum

460 2569 669 2639 1081
706 2569 937 2624 mendax
969 2578 1028 2624 et
1060 2575 1382 2638 corruptum
1412 2566 1808 2636 composuisse,
1844 2573 1904 2619 ut
1944 2563 2030 2619 di-

452 2662 597 2716 catis
618 2674 801 2716 coram
827 2677 937 2727 me,
956 2661 1131 2716 donec
1160 2668 1380 2730 tempus
1410 2664 1719 2729 praetereat.
1742 2657 2030 2711 Somnium

455 2766 637 2807 meum
685 2752 853 2807 dicite
901 2753 1059 2814 mihi,
1085 2759 1140 2806 et
1175 2752 1346 2806 sciam
1378 2751 1496 2806 fore
1551 2757 1613 2804 ut
1645 2750 1813 2806 etiam
1858 2750 2031 2805 inter-

455 2843 821 2912 pretationem
866 2844 988 2913 ejns
1030 2843 1370 2898 annuntielis
1414 2841 1573 2897 mihi.
1615 2861 1634 2895 ι
1671 2840 1878 2896 llorum
1910 2855 2031 2895 ver-

457 2935 651 2989 borum
711 2950 915 3004 procax
962 2933 1186 3003 quidem
1220 2940 1275 2988 et
1318 2935 1512 2989 insana
1559 2941 1646 2989 est
1691 2932 2028 3004 elIlagitatio,

455 3026 551 3081 sed
603 3026 888 3081 accusatio
918 3025 1214 3079 admodum
1255 3041 1401 3081 vera.
1446 3023 1623 3079 Vultis
1673 3025 1820 3080 enim
1877 3039 2027 3079 som-

453 3119 631 3181 nium,
669 3118 868 3189 inquit,
920 3118 1238 3187 percipere,
1281 3123 1341 3171 ut
1399 3117 1771 3172 communiter
1828 3115 2025 3170 falsam

452 3209 749 3278 quamdam
787 3208 1304 3277 interpretationem
1343 3207 1662 3272 commenti,
1694 3221 1781 3262 me
1822 3208 2028 3262 usitato

452 3315 607 3356 more
647 3300 962 3370 accipiatis,
994 3300 1202 3357 auxilio
1233 3301 1389 3357 vobis
1430 3301 1698 3371 temporis
1727 3300 2031 3370 longitudi-

452 3407 577 3447 nem
609 3400 976 3455 accersentes,
1007 3407 1069 3446 ac
1104 3401 1320 3463 tempus
1348 3401 1579 3449 eventus
1618 3399 2026 3462 exspectantes.

452 3482 555 3538 llis
604 3483 830 3550 auditis,
879 3483 1142 3549 Chaldaei,
1197 3485 1292 3555 qui
1343 3493 1403 3539 ut
1453 3499 1552 3554 par
1603 3492 1724 3539 erat
1767 3482 2031 3552 majorem

454 3575 598 3647 apud
629 3577 811 3646 ipsum
852 3578 1068 3632 caeteris
1099 3577 1425 3632 obtinebant
1480 3565 1749 3646 loquendi
1793 3574 2032 3629 liberta-

452 3669 669 3735 tem,in
720 3670 998 3757 reliquum
1055 3670 1277 3726 deﬁnite
1325 3685 1451 3725 cum
1500 3684 1566 3724 eo
1617 3668 1923 3730 disserunt,
1968 3666 2033 3720 ac

452 3758 686 3834 prorsus
713 3774 910 3834 negant
951 3764 1227 3819 somnium
1261 3760 1683 3819 commemorari
1715 3773 1902 3830 posse.

449 3922 457 3931 _
498 3852 640 3932 _[IO]
681 3874 698 3907 ι
736 3854 853 3909 Νοη
886 3864 971 3910 est
1000 3856 1170 3919 enim,
1209 3854 1492 3917 dixerunt,
1527 3852 1693 3907 homo
1725 3866 1894 3922 super
1917 3859 2029 3907 ter-

452 3962 593 4011 ram,
620 3946 713 4016 qui
745 3946 921 4015 possit
952 3946 1085 4001 illud
1118 3946 1365 4001 indicare
1393 3946 1533 4015 regi,
1564 3945 1693 4014 quia
1718 3945 1905 4001 nullus
1934 3957 2032 3999 rex

451 4053 687 4110 magnus
725 4045 778 4093 et
829 4038 1086 4109 princeps
1120 4036 1349 4091 verbum
1401 4035 1513 4089 tale
1561 4035 1866 4104 interrogat
1913 4048 2032 4087 ma-

450 4146 576 4200 gum
609 4138 661 4183 et
701 4129 1038 4184 Chaldaeum.
1072 4125 1261 4197 (Vens.
1293 4124 1405 4189 ll.)
1440 4123 1579 4191 Quia
1624 4139 1826 4190 sermo,
1860 4138 2022 4194 quem

449 4233 545 4273 rex
596 4220 922 4288 interrogat,
969 4216 1175 4289 gravis,
1215 4222 1271 4270 et
1320 4230 1431 4270 non
1471 4223 1558 4270 est
1607 4215 1700 4286 qui
1748 4214 2030 4270 renuntiet

450 4321 572 4362 eum
607 4324 790 4363 coram
820 4323 967 4378 rege,
997 4318 1194 4377 praner
1221 4306 1377 4371 deos,
1400 4321 1639 4376 quorum
1672 4320 1784 4361 non
1812 4314 1896 4360 est
1930 4304 2031 4359 ha-

451 4400 647 4453 bitatio
692 4414 815 4453 cum
866 4400 1014 4452 omni
1076 4413 1260 4452 carne.
1309 4416 1326 4450 ι
1369 4396 1555 4464 Quare
1612 4414 1721 4452 non
1766 4397 1896 4452 licet
1950 4395 2027 4449 ita

2132 1922 2384 1976 ἐνυπνίου
2445 1922 2626 1995 ζητῶν
2682 1924 2782 1997 τὴν
2837 1927 3168 1998 ἀνάμνησιν.
3221 1928 3521 1999 ’Λπεκρίθη
3573 1928 3705 2000 γὰρ,

2132 2014 2297 2085 φησὶν
2317 2016 2383 2082 ⁸⁸,
2419 2018 2448 2069 6
2479 2013 2753 2085 βασιλεὺς,
2788 2019 2884 2075 καὶ
2920 2014 3073 2073 εἶπεν
3100 2035 3115 2049 ο

2201 2201 2271 2266 η’.
2302 2214 2321 2247 ‹
2361 2196 2476 2249 Ἐπ’
2496 2195 2752 2266 ἀληθείας
2780 2192 2896 2250 οἶδα
2912 2196 2979 2263 ⁸⁸,
3006 2197 3088 2251 ὅτι
3115 2198 3305 2269 καιρὸν
3330 2199 3487 2270 ὑμεῖς
3516 2200 3707 2270 ἐξαγοο

2114 2290 2329 2363 -ράζετε
2350 2291 2420 2356 ⁸³,
2459 2291 2648 2346 καθότι
2687 2292 2912 2346 είδετεκι
2936 2295 3016 2347 ὅτι
3050 2294 3262 2364 ἀπέστη
3292 2293 3388 2346 ἀπ’
3409 2293 3455 2325 ⁸⁵
3484 2292 3620 2363 ἐμοῦ
3646 2291 3713 2348 τὸ

2090 2440 2103 2461 ι
2135 2384 2305 2455 ῥῆμα.
2345 2384 2459 2455 (θ’.)
2508 2385 2633 2439 Ἐάν
2653 2380 2746 2439 οὖν
2787 2385 2847 2439 τὸ
2879 2386 3130 2439 ἐνύπνιον
3164 2386 3237 2457 μὴ
3271 2385 3640 2455 ἐπαγγείλητὲ
3661 2385 3711 2417 ⁸⁸

2136 2491 2248 2545 μοι,
2289 2475 2347 2529 ἓν
2364 2476 2408 2507 ⁸⁷
2460 2477 2576 2529 ἐστι
2621 2476 2681 2531 τὸ
2715 2476 2894 2548 δόγμα
2929 2478 3103 2549 ὑμῶν,
3138 2477 3236 2531 καὶ
3271 2473 3386 2532 οἶδα
3417 2477 3501 2530 ὅτι
3554 2477 3715 2548 ῥῆμα

2130 2565 2323 2635 ψευδὲς
2344 2564 2440 2618 καὶ
2484 2565 2882 2637 διεφθαρμένον
2914 2566 3205 2621 συνέθεσθε
3252 2568 3424 2621 εἰπεῖν
3477 2567 3712 2621 ἐνώπιόν

2136 2674 2261 2728 μου,
2296 2658 2400 2722 ἕως
2432 2651 2495 2711 οὗ
2541 2658 2571 2709 6
2619 2659 2809 2730 καιρὸς
2849 2658 3095 2732 παρέλθῃ
3128 2672 3145 2688 '
3192 2660 3253 2713 τὸ
3296 2658 3546 2714 ἐνύπνιόν
3605 2676 3709 2732 μου

2132 2750 2323 2805 εἴπατέ
2356 2767 2466 2819 μοι,
2503 2752 2597 2803 καὶ
2616 2751 2897 2823 γνώσομαι
2923 2752 3006 2805 ὅτι
3031 2752 3129 2822 τὴν
3147 2752 3193 2786 ⁸⁸
3227 2751 3518 2823 σύγκρισιν
3540 2750 3709 2805 αὐτοῦ

2132 2842 2482 2912 ἀναγγελείτέ
2503 2843 2549 2876 ⁸⁹
2590 2861 2700 2913 μοι.
2742 2862 2760 2894 ι
2795 2843 3012 2900 Τούτων
3050 2843 3108 2896 δέ
3148 2844 3258 2898 τῶν
3290 2844 3465 2914 λόγων
3508 2846 3543 2915 ή
3608 2844 3709 2915 μὲν

2133 2934 2429 3005 ἀπαίτησις
2444 2934 2693 3005 ἀὐθάδης
2721 2935 2815 2989 καὶ
2849 2936 3073 3008 μανικὴ,
3109 2937 3142 3006 ἡ
3170 2937 3227 2991 δὲ
3257 2937 3561 3007 κατηγορία
3586 2936 3710 2991 λίαν

2133 3025 2368 3095 ἀληθής·
2402 3024 2666 3079 Βούλεσθε
2696 3026 2826 3098 γάρ,
2851 3026 2983 3099 φησὶ
3009 3028 3077 3093 ⁸⁸,
3112 3026 3304 3098 μαθεῖν
3336 3028 3398 3080 τὸ
3432 3026 3706 3091 ἐνύπνιον,

2136 3116 2224 3170 ἵνα
2286 3119 2494 3189 κοινῇ⁹¹
2547 3136 2669 3173 τινα
2742 3118 3082 3188 πλασάμενοι
3142 3120 3438 3191 ἑρμηνείαν
3514 3120 3709 3190 ψευδῆ,

2133 3208 2461 3280 φενακίσητέ
2514 3226 2578 3281 με
2636 3210 2917 3280 συνήθως,
2971 3211 3230 3281 συνεργὸν
3278 3211 3643 3282 λαμϐάνοντες
3662 3212 3709 3245 ἐ

2129 3299 2223 3352 τοῦ
2258 3298 2448 3370 χρόνου
2479 3299 2539 3351 τὸ
2571 3299 2765 3369 μῆκος,
2798 3300 2894 3353 καὶ
2933 3299 3036 3369 τῆς
3066 3299 3345 3362 ἐκϐάσεως
3371 3299 3462 3352 τὸν
3509 3300 3707 3370 καιρὸν
3754 3330 3763 3339 -

2131 3390 2512 3461 ἀναμένοντες.
2558 3390 2776 3444 Τούτων
2800 3390 3155 3455 ’ἀκούσαντες
3190 3392 3241 3444 oi
3279 3391 3536 3445 Χαλδαῖοι
3586 3394 3603 3458 (
3631 3394 3710 3455 ὡς

2130 3482 2241 3554 γὰρ
2297 3482 2503 3547 ἔοικεν,
2547 3476 2691 3537 οὗτοι
2740 3483 2962 3537 πλείονα
3013 3483 3121 3537 τῶν
3169 3483 3343 3538 ἄλλων
3395 3481 3540 3554 εἶχον
3575 3489 3709 3556 παρ’

2132 3573 2283 3646 αὐτῷ
2327 3574 2694 3646 παρρησίαν),
2721 3575 3112 3645 ἀποφαντικῶς
3128 3576 3173 3611 ’³
3218 3576 3405 3630 λοιπὸν
3434 3576 3711 3646 διαλέγον-

2132 3682 2245 3734 ται,
2280 3666 2375 3720 καὶ
2408 3664 2684 3730 παντελῶς
2733 3666 3142 3738 ἀπαγορεύουσι
3171 3666 3266 3721 τοῦ
3316 3668 3574 3721 ἐνυπνίου
3605 3669 3709 3741 τὴν

2135 3758 2459 3829 ἀνάμνησιν.

2203 3854 2258 3902 ι’.
2282 3869 2299 3900 ι
2325 3850 2437 3903 Οὐκ
2458 3848 2572 3903 ἐστι
2595 3849 2724 3922 γὰρ,
2740 3848 2946 3918 ἔλεγον,
2973 3850 3255 3920 ἄνθρωπος
3282 3851 3372 3904 ἐπὶ⁵
3393 3853 3491 3923 τῆς
3514 3852 3709 3924 ξηρᾶς,

2133 3943 2282 4006 ὅστις
2329 3942 2616 4013 δυνήσεται
2633 3942 2680 3974 ⁵³
2709 3941 2973 4013 γνωρίσαι
3023 3942 3085 3995 τὸ
3134 3942 3344 4013 ρῆμα⁹⁸
3371 3941 3448 4015 τῷ
3478 3944 3711 4015 βασιλεῖ,

2133 4035 2323 4089 καθότι
2375 4034 2545 4098 πᾶς⁹⁶
2601 4033 2854 4104 βασιλεὺς
2927 4034 3101 4104 μέγας
3155 4035 3249 4087 καὶ
3306 4034 3491 4106 ἄρχων
3554 4036 3710 4108 ῥῆμα

2131 4123 2374 4181 τοιοῦτον
2397 4125 2442 4159 ⁸⁷
2495 4125 2597 4177 οὐκ
2649 4123 2903 4193 ἐπερωτᾷ
2934 4122 3184 4176 ἐπαοιδὸν
3202 4123 3249 4156 ’⁸
3293 4125 3386 4177 καὶ
3415 4123 3707 4179 Χαλδαίον.

2133 4214 2272 4288 (ια’.)
2299 4217 2421 4269 Ὅτι
2448 4215 2477 4268 6
2504 4214 2681 4283 λόγος,
2704 4214 2763 4267 ὃν
2790 4214 2818 4267 6
2849 4214 3102 4283 βασιλεὺς
3130 4216 3384 4287 ἐπερωτᾷ
3401 4219 3468 4282 ³³,
3498 4215 3670 4288 βαρύς
3691 4235 3705 4247 ο
3808 4208 3821 4213 ’

2132 4308 2229 4362 καὶ
2261 4308 2443 4378 ἕτερος
2474 4307 2573 4359 οὐκ
2613 4304 2781 4370 ἔστιν,
2812 4306 2870 4368 ὃς
2904 4307 3208 4374 ἀπαγγελεῖ
3230 4307 3244 4336 ³
3280 4307 3442 4361 αὐτὸν
3474 4308 3710 4362 ἐνώπιον

2131 4400 2223 4452 τοῦ
2254 4398 2514 4469 βασιλέως
2537 4438 2552 4464 ,
2589 4397 2702 4451 ἀλλ’
2732 4397 2800 4468 ἠ’
2836 4398 2948 4450 θεοὶ
2971 4437 2986 4463 ,
3028 4391 3102 4451 ὧν
3129 4399 3230 4452 οὐκ
3263 4399 3411 4453 ἐστιν
3449 4401 3480 4470 ἡ
3526 4417 3712 4454 κατοι-

452 4488 589 4554 ﬁeri,
621 4490 763 4544 sicut
812 4497 992 4558 putas.
1027 4486 1303 4554 Humana,
1350 4490 1528 4554 aiunt,
1566 4504 1595 4543 a
1631 4489 1791 4544 nobis
1835 4485 2024 4557 requi-

2131 4490 2260 4545 κία³
2317 4488 2456 4561 μετά
2518 4490 2699 4561 πάσης
2758 4476 2978 4560 σαρκός.
3016 4507 3036 4542 ι
3068 4489 3230 4543 Ὅθεν
3278 4490 3377 4544 ούκ
3431 4490 3709 4561 ἐνδέχεται

450 4580 578 4644 rito,
622 4595 728 4634 non
762 4595 826 4633 ea
881 4594 1001 4647 qua:
1046 4580 1157 4634 sint
1211 4594 1378 4650 supra
1414 4588 1691 4635 naturam.
1741 4578 2026 4648 Siquidem

450 4669 700 4724 omnium
754 4668 991 4724 maxime
1034 4669 1254 4740 regibus
1303 4672 1566 4725 c0nvenit
1606 4669 1755 4738 justc
1798 4683 2029 4738 regnum

452 4762 863 4826 administrare,
909 4769 963 4816 et
1007 4777 1071 4817 ea
1109 4778 1231 4835 quae
1277 4762 1393 4818 ﬁeri
1423 4762 1639 4834 possint
1689 4777 1719 4815 a
1763 4761 2030 4830 subjectis

450 4853 778 4924 requirere:
820 4866 943 4922 quae
987 4868 1120 4907 vero
1165 4869 1312 4909 nunc
1365 4852 1640 4922 postulas,
1683 4851 1828 4905 haud
1877 4850 2032 4920 juste

451 4944 734 5014 postulas;
765 4957 942 5012 neque
972 4943 1117 4999 enim
1149 4945 1454 5007 hominum,
1480 4944 1572 5013 qui
1611 4942 1823 5012 1082
1859 4957 2027 4997 carne

451 5030 778 5090 circumdati
820 5042 972 5100 sunt,
1027 5034 1415 5104 hujuscemodi
1464 5041 1547 5087 est
1603 5032 1871 5102 cognitio,
1924 5032 2018 5088 sed

2131 4582 2387 4651 γενέσθαι
2451 4581 2703 4651 καθάπερ
2758 4582 2884 4635 οἴει.
2954 4580 3329 4653 Ἀνθρὼπινα,
3375 4583 3535 4651 φασὶ,
3574 4584 3711 4653 παρ’

2131 4673 2286 4744 ἡμῶν
2325 4672 2673 4743 ἐπιζήτησον,
2710 4672 2783 4742 μὴ
2810 4672 2876 4726 τὰ
2907 4674 3058 4744 παρᾶ
3086 4672 3186 4743 τὴν
3218 4673 3377 4742 φύσιν
3398 4673 3421 4703 ⁴
3446 4690 3460 4705 ο
3490 4674 3710 4726 πάντων

2131 4764 2241 4832 γὰρ
2272 4762 2504 4833 μάλιστα
2538 4761 2848 4830 βασιλεῦσιν
2878 4764 3140 4834 ἁρμόττει
3172 4763 3398 4827 δικαίως
3429 4762 3525 4835 τὴν
3552 4762 3710 4834 βασι-

2130 4849 2280 4904 λείαν
2316 4850 2552 4916 ίθύνειν,
2605 4850 2698 4905 καί
2742 4851 2812 4905 τὰ
2838 4852 3041 4908 δυνατὰ
3097 4853 3249 4924 παρὰ
3294 4852 3404 4925 τῶν
3449 4854 3708 4923 ὑπηκόων

2134 4942 2304 4995 αἰτεῖν
2333 4956 2347 4972 '
2380 4940 2415 4994 ἃ
2447 4940 2504 4995 δέ
2537 4941 2632 4994 νῦν
2659 4945 2929 5009 ἀπαιτεῖς,
2963 4946 3023 4997 οὐ
3056 4945 3277 5008 δικαίως
3306 4945 3558 5008 ἀπαιτεῖς
3580 4960 3594 4975 ⁸
3644 4943 3708 4996 οὐ

2131 5030 2240 5117 γάρ
2290 5033 2439 5085 ἐστιν
2487 5030 2788 5104 ἀνθρώπων
2846 5034 2954 5089 τῶν
3005 5035 3183 5108 σάρκα
3231 5034 3635 5109 περικειμένων
3668 5035 3703 5105 ἠ

1778 5207 2008 5265 νΑΒΙιιΕ
2049 5208 2451 5268 LECTIONES.

519 5325 568 5360 ⁷⁷
592 5323 715 5380 αὐτ.
743 5324 869 5401 Des.
902 5327 957 5381 in
981 5325 1044 5401 Β.
1080 5324 1346 5401 ιτθςπρός.
1381 5322 1420 5377 Β
1446 5338 1629 5394 praem.
1656 5322 2306 5401 ﬁdltv.-_7:B_€fpaaav_.h
2345 5327 2394 5401 εἳ
2431 5328 2513 5399 ἐρ.
2538 5328 2580 5401 Β
2606 5328 2840 5401 εὑρεῖν.-
2882 5329 3076 5401 σξῌγάρθ
3106 5349 3234 5401 φησ.
3269 5333 3310 5387 ῃ
3340 5332 3416 5388 δέ,
3490 5336 3536 5369 οι
3567 5332 3702 5390 οῖδα,

451 5400 492 5456 Β
518 5411 702 5467 praem.
739 5397 869 5465 ἐγώ,
902 5396 1046 5467 quod
1078 5394 1208 5467 in}
1240 5391 1417 5467 sequ.
1447 5391 1584 5467 post
1627 5391 1760 5467 οἴδα.

449 5475 496 5518 σε
536 5468 576 5520 Β
620 5467 1013 5536 ἀπαγγείλητε.

450 5537 497 5580 0°
550 5534 704 5607 φησί.
751 5532 1165 5607 Εκῌιιέιψριη
1222 5533 1343 5607 "__B
1373 5532 1490 5607 κοιν

1855 5392 1900 5429 ⁸³
1922 5393 1977 5465 ΑΒ
2020 5394 2452 5465 ἐξαγοράζεσθε.

1110 5464 1152 5495 ⁸⁷
1186 5464 1245 5517 ἓν
1278 5462 1346 5503 -Ᾰ
1397 5462 1572 5533 ὑμῶν.
1612 5463 1727 5533 καί.
1755 5462 1874 5533 Des.
1919 5463 1972 5533 in
2003 5462 2065 5518 Α.

1531 5551 1578 5588 ν,
1685 5531 1731 5563 ⁹²
1763 5529 1803 5583 Β
1832 5530 2106 5598 λαϐόντες.

2527 5397 2573 5431 ⁸⁸
2596 5397 2725 5471 καθ.
2771 5398 2870 5453 εἴδ.
2901 5397 3038 5454 Des.‘
3068 5397 3128 5455 ini
3154 5397 3215 5456 Ᾱ.
3295 5408 3339 5441 ⁸⁸
3379 5404 3492 5458 ἀπ’.
3532 5405 3570 5457 Α
3624 5407 3703 5471 ἐξ.

2173 5467 2381 5539 “silv.
2411 5467 2454 5518 Λ
2493 5473 2546 5521 et
2594 5466 2864 5539 ngraatn.
2929 5471 3042 5524 καί.
3154 5473 3199 5506 ⁸⁸
3252 5470 3288 5526 Β
3320 5466 3701 5539 ἁπαγγελεῖτὲ.

2196 5536 2263 5604 (⁸³
2293 5536 2334 5588 Β
2362 5537 2736 5604 ἀποφατικῶς,
2776 5539 2987 5593 omisso
3022 5540 3228 5595 λοιπόν.
3307 5544 3353 5576 ⁸⁸
3389 5542 3429 5596 Β
3455 5536 3704 5597 δύναται.

450 5537 497 5580 9⁸
550 5534 704 5618 φησί.
754 5535 831 5589 Ex
861 5534 1118 5602 B‘suppl.
1222 5535 1266 5567 ἰ
1302 5534 1343 5586 Β
1373 5534 1578 5658 κοινὲν.
1685 5534 1731 5563 ⁹²
1763 5534 1803 5583 Β
1832 5534 2106 5598 λαὸόντες.
2196 5536 2263 5614 ,ξ’
2293 5534 2334 5588 Β
2362 5534 2987 5619 ἀποφατικῶςηοιιιίεεο
3022 5540 3228 5595 λοιπόν.
3307 5544 3353 5576 ⁸⁸
3389 5542 3429 5596 Β
3451 5534 3704 5597 δύναται.

450 5609 577 5679 "ab
617 5609 788 5679 ῥημα,
817 5604 897 5679 Ex
940 5603 977 5654 Β
1012 5604 1189 5679 suppl.
1262 5603 1465 5679 “ﬁde.
1493 5672 1525 5679 ﬁ
1551 5619 1585 5679 ΧΔ
1605 5602 1648 5655 Β
1678 5600 1862 5679 ευμρῇ
1926 5603 1981 5679 f7
2011 5605 2057 5679 fl
2083 5620 2311 5679 τοιουτο.
2355 5605 2436 5679 _'°
2463 5607 2824 5679 Αᾲέπαοιδων,
2864 5609 3074 5679 μάγων,
3119 5612 3423 5667 Χαλδαέω).
3455 5612 3497 5666 Β
3528 5615 3708 5667 πάντα

455 5675 626 5744 μάγον
649 5675 930 5744 Χαλδαίον.

451 5739 626 5798 αὐτῶν
739 5743 762 5773 ‘
799 5742 840 5795 Β
867 5743 963 5812 τῆς
992 5739 1222 5810 φύσεως.

1022 5671 1068 5752 ⁹ξ⁵
1098 5671 1137 5722 Β
1165 5675 1359 5745 ἐρωτᾷ.
1442 5674 1456 5705 ¹
1493 5672 1532 5726 Β
1564 5671 1870 5740 ἀναγγελεῖ·
1947 5672 1967 5702 ³
2007 5673 2061 5741 ἦ.
2098 5671 2173 5728 lta
2202 5679 2245 5728 Δ
2273 5673 2412 5741 etB,
2442 5676 2536 5732 sed
2576 5676 2708 5732 edit.
2742 5671 2892 5748 prio}
2934 5671 3071 5737 Iul).
3106 5684 3173 5734 οἱ.
3253 5682 3273 5713 ³
3307 5683 3347 5736 Β
3388 5682 3707 5752 κατοίκησις
