4070 6398
357 365 496 420 1Σῦξί

1576 348 1654 407 IX
1689 347 2041 406 DANIELIS
2084 346 2239 404 CM).
2277 345 2357 403 II.

3460 345 3602 417 1Ξῦοί

349 463 579 532 τοιαύτη
602 463 623 493 ⁵
659 459 879 528 γνῶσις,
931 457 1064 511 ἀλλὰ
1118 456 1216 525 τῆς
1249 453 1542 525 ἀσωμάτου
1581 455 1798 522 φύσεως
1831 455 1929 524 τῆς

2041 459 2244 505 naturae
2309 450 2492 512 illius,
2547 465 2668 519 quae
2720 465 2847 505 eum
2911 453 2982 506 sit
3043 467 3296 522 corporis
3362 469 3592 524 expers,

349 552 601 623 ἁκριῦῶς
626 552 844 605 ᾶπαντα
888 547 1278 617 γινωσκούσης.
1308 545 1494 599 Ταῦτα
1530 545 1626 614 μὲν
1659 541 1751 598 οῦν
1780 544 1931 612 παρά

349 649 462 702 τῶν
507 644 799 702 ,Χαλδαίων
840 640 1038 713 ἐρρέθη
1065 681 1080 703 ,
1143 635 1620 709 προῳκονομείτο⁶
1664 635 1720 687 δὲ
1769 636 1801 704 ἡ
1837 633 1930 685 τοῦ

350 739 554 809 Δανιὴλ
613 736 939 807 ἀνᾴρῤησις.
998 731 1215 784 Τούτων
1276 728 1384 797 γὰρ
1442 726 1764 797 εἰρηκότων,
1818 725 1932 776 Οὐκ

349 832 375 884 ε
385 849 500 884 στιν
525 829 860 898 ἀνθρώπων,
891 823 1006 876 ἀλλ’
1035 823 1069 893 ἢ
1091 823 1109 852 τ
1138 820 1300 883 θεῶν,
1338 819 1395 872 τὸ
1423 818 1593 871 ταῦτα
1622 817 1929 884 γινώσκειν,

350 926 378 975 ό
411 921 698 981 Θεσπέσιος
731 915 930 986 Δανιὴλ
977 913 1388 983 ἀναμιμνήσκει
1421 909 1522 978 μὲν
1553 908 1648 960 τοῦ
1675 906 1929 960 ἐνυπνίου

350 1013 445 1063 τὸν
470 1009 712 1079 βασιλέα,
741 1005 984 1076 ἀκρισῶς
1011 1005 1068 1057 δὲ
1095 1003 1214 1056 λίαν
1232 1002 1253 1032 ⁸
1279 1001 1372 1054 καὶ
1395 998 1580 1066 σαφῶς
1605 995 1893 1068 έρμηνεύει
1915 1012 1928 1026 ·

348 1104 595 1163 διδάσκει
623 1100 680 1153 δὲ
712 1099 803 1149 τὸν
843 1093 1100 1166 βασιλέα,
1148 1093 1230 1146 ὅτι
1265 1089 1564 1160 ἡτοιαύτη
1599 1088 1799 1156 γνῶσις
1833 1086 1933 1139 οὐκ

352 1189 662 1261 ἀνθρώπων
698 1186 833 1248 ἐστὶ,
880 1183 988 1236 τῶν
1030 1182 1125 1236 ἐπὶ
1151 1181 1289 1248 τῆς⁹
1333 1179 1435 1250 γῆς
1478 1177 1776 1246 ἑρπόντων,
1808 1173 1931 1226 οὔτε

351 1282 466 1351 μὴν
501 1279 639 1333 θεῶν
671 1276 780 1329 τῶν
811 1275 911 1328 οὐκ
951 1273 1143 1336 ὄντων,
1177 1269 1312 1324 ἀλλά
1343 1268 1436 1322 τοῦ
1465 1267 1535 1319 τὰ
1569 1267 1860 1334 σύμπαντα
1887 1265 1929 1296 ¹⁰

352 1367 716 1437 πεποιηκότος
773 1363 930 1418 Θεοῦ.
989 1362 1151 1414 Ἀλλά
1198 1360 1402 1412 τούτων
1445 1357 1544 1427 μὲν
1593 1355 1824 1409 ἕκαστον
1875 1356 1932 1406 ἐν

350 1461 433 1530 τῷ
466 1458 650 1528 οἰκείῳ
691 1454 875 1525 χωρίῳ
925 1453 1021 1523 τὴν
1060 1450 1440 1521 ἁρμόττουσαν
1492 1445 1792 1516 ἑρμηνείαν
1845 1443 1933 1495 δέ-

350 1552 511 1618 ξεται
533 1550 596 1602 ⁸⁸.

431 1641 523 1711 ιβ’,
556 1646 644 1706 ιγ’.
683 1656 703 1689 ι
739 1636 872 1690 Τότε
894 1675 908 1700 ,
941 1635 1128 1704 φησὶν,
1159 1633 1188 1684 ὁ
1219 1629 1466 1700 βασιλεὺς
1486 1628 1542 1680 ὲν
1567 1626 1722 1697 θυμῷ
1755 1625 1934 1695 πολλῷ

351 1733 452 1785 καὶ
476 1732 612 1802 ὀργῇ
645 1731 686 1763 ³³
716 1725 868 1781 εἶπεν
894 1725 1154 1779 ἀπολέσαι
1197 1723 1406 1784 πάντας
1434 1719 1562 1781 τοὺς
1594 1719 1790 1786 σοφοὺς
1824 1717 1931 1770 Βα·

2033 545 2216 597 omnia
2255 543 2500 612 perfecte
2531 543 2835 612 cognoscit.
2865 542 2990 599 Haec
3036 545 3202 613 igitur
3249 561 3277 598 a
3324 546 3596 605 Chaldaeis

2036 635 2186 689 fuere
2236 635 2408 697 dicta,
2458 642 2513 690 et
2558 634 2730 704 ipsius
2771 634 3015 690 Danielis
3047 637 3460 706 praeparabatur
3497 652 3596 695 oc-

2033 727 2280 779 elaratio.
2307 725 2445 779 Cum
2489 726 2634 780 enim
2666 725 2939 780 dixissent
2963 726 3063 787 illi,
3095 741 3202 780 non
3252 741 3374 782 esse
3417 729 3596 783 homi-

2033 829 2186 879 num,
2218 816 2314 870 sed
2343 815 2596 878 deormu,
2634 815 2750 868 hazc
2778 829 3132 883 cognoscere,
3162 815 3380 870 divinus
3409 815 3596 872 Daniel

2033 921 2212 975 regem
2249 905 2450 961 somnii
2485 905 2763 967 admonet,
2788 915 2840 959 et
2887 912 3146 960 accurate
3189 906 3479 960 admodum
3515 915 3619 972 at:

2032 1014 2138 1068 que
2173 1008 2360 1067 aperte
2407 997 2544 1051 illud
2595 997 2994 1066 interpretatur
3028 1015 3040 1050 :
3073 996 3342 1066 docetque
3388 1012 3594 1068 regem,

2033 1090 2198 1144 talem
2238 1089 2606 1158 cognitionem
2643 1103 2752 1141 non
2799 1101 2920 1141 esse
2949 1086 3234 1141 hominum
3275 1089 3367 1158 qui
3394 1089 3448 1142 in
3488 1097 3597 1144 ter-

2032 1178 2109 1230 ris
2156 1178 2436 1234 incedant.
2468 1176 2601 1244 quin
2655 1178 2818 1229 etiam
2877 1191 3054 1244 neque
3099 1175 3327 1230 deorum
3360 1179 3452 1246 qui
3489 1165 3613 1232 non.

2032 1269 2162 1330 sint,
2195 1269 2290 1323 sed
2335 1267 2428 1322 Dei
2464 1268 2616 1321 illius
2659 1267 2750 1334 qui
2790 1265 3038 1321 condidit
3069 1267 3351 1322 universa.
3391 1266 3597 1322 Verum

2034 1357 2465 1426 unumquodque
2513 1357 2712 1411 borum
2763 1371 2864 1411 suo
2915 1356 3036 1410 loco
3084 1357 3476 1411 convenienter
3516 1356 3601 1410 in-

2035 1451 2484 1521 terpretabimur.

2106 1620 2268 1676 Vens.
2321 1621 2408 1684 12,
2455 1621 2539 1674 15.
2594 1639 2612 1671 ι
2657 1617 2838 1682 Tunc,
2893 1567 3092 1688 (liquit,
3151 1635 3246 1674 rex
3304 1621 3358 1674 in
3416 1591 3602 1677 furore

2039 1713 2210 1766 multo
2233 1714 2249 1731 ⁶
2275 1719 2329 1765 et
2361 1714 2440 1765 ira
2495 1711 2630 1766 dixit
2660 1718 2722 1763 ut
2757 1710 3053 1779 perderent
3083 1721 3280 1765 omnes
3320 1712 3601 1780 sapientes

350 1801 616 1884 ὃυλῶνος.
653 1819 764 1873 Καὶ
806 1817 865 1869 τὸ
905 1815 1080 1884 δόγμα
1120 1812 1334 1881 ἐξῆλθε,
1401 1811 1493 1863 καὶ
1524 1809 1573 1860 οί
1629 1807 1784 1875 σοφοὶ
1827 1808 1934 1859 ἀπ-

2041 1803 2352 1874 Babylonis.
2385 1801 2451 1856 Et
2499 1802 2772 1856 sententia
2823 1817 3048 1872 egressa
3093 1813 3194 1867 est,
3225 1810 3279 1856 et
3322 1803 3601 1871 sapientes

352 1911 680 1972 εκτείνοντο,
717 1909 808 1962 καὶ
829 1905 1098 1976 ἐζήτησαν
1124 1904 1212 1955 τὸν
1243 1901 1440 1969 Δανιὴλ
1463 1901 1556 1953 καὶ
1589 1899 1714 1958 τοὺς
1746 1897 1931 1966 φίλους

352 1996 526 2050 αὐτοῦ
572 1997 800 2048 ἀνελεῖν.
838 2013 856 2045 ι
896 1991 1266 2064 Τυραννικὸν,
1303 1990 1414 2042 ἀλλ’
1462 1988 1522 2042 οὺ
1573 1986 1846 2056 βασιλικὸν
1873 1985 1932 2039 τὸ

352 2088 706 2160 ἐγχείρημα,
763 2085 1006 2140 ἄδικον¹⁸
1043 2082 1379 2156 προφανῶς,
1433 2081 1526 2133 καὶ
1582 2077 1931 2141 δικαιοσύνης

352 2181 600 2252 ἔρημονο
637 2180 927 2244 ἀλαζονεία
961 2181 1071 2251 γὰρ
1109 2178 1200 2232 κιιί⁵
1253 2177 1420 2245 τῦφος
1472 2173 1791 2244 προσλαϐὼν
1842 2172 1930 2236 ἐξ-

351 2272 569 2336 ουσίαν,
591 2270 812 2340 ὄλεθρον
838 2255 1146 2341 μηχανᾶται
1169 2269 1278 2330 τοῖς
1301 2264 1558 2337 ὑπηκόοις
1587 2263 1927 2326 Ἰουδαίοιςίί⁸

369 2363 516 2416 Ἀλλ’
544 2363 572 2414 ὁ
616 2362 888 2422 θειότατος
921 2359 1120 2429 Δανιὴλ
1145 2359 1243 2428 τὴν
1278 2358 1460 2412 ἄδικον
1487 2354 1692 2425 ταύτην
1715 2353 1932 2424 σφαγὴν

356 2453 720 2522 θεασάμενος,
754 2450 1084 2504 πυνθάνεται
1115 2448 1208 2502 τοῦ
1255 2447 1474 2517 Ἀριὼχ,
1505 2446 1564 2508 ὃς
1601 2446 1690 2498 τὸν
1715 2445 1929 2514 ὠμότα-

357 2562 451 2597 τον
481 2543 671 2597 τοῦτον
699 2541 1036 2612 ἐνεχειρίσθη
1069 2541 1248 2610 φόνον,
1281 2539 1453 2606 λέγων
1478 2554 1491 2567 ·
1532 2555 1549 2588 ι
1594 2538 1808 2605 ’Ἄρχων
1836 2535 1928 2588 τοῦ

359 2636 648 2706 βασιλέως,
676 2635 805 2704 περὶ
825 2633 967 2695 τίνος
990 2634 1031 2665 ¹⁵
1060 2631 1335 2701 ἐξῆλθενὴ
1364 2626 1554 2698 γνώμη
1588 2629 1622 2698 ἡ
1654 2626 1930 2696 ἀναιδὴς¹⁶

361 2730 429 2779 ἐκ
481 2724 772 2796 προσώπου
818 2724 912 2777 τοῦ
969 2723 1266 2792 βασιλέωςς
1311 2740 1328 2771 ι
1394 2719 1605 2786 Ἠγνόει
1661 2718 1804 2789 γὰρ,
1856 2718 1931 2780 ώς

359 2817 560 2878 ἔοικεν,
591 2815 685 2869 ἆτε
705 2816 742 2845 ¹⁷
771 2815 844 2884 μὴ
865 2814 1079 2884 κληθεὶς
1111 2815 1192 2876 εἰς
1217 2813 1306 2866 τὸν
1335 2810 1588 2878 σύλλογον
1616 2810 1722 2863 τῶν
1753 2808 1932 2876 σοφῶν

361 2905 681 2966 Βαϐυλῶνος
705 2919 718 2932 ·
754 2904 968 2956 οὐδέπω
1012 2902 1118 2971 γὰρ
1158 2898 1230 2954 τὰ
1267 2899 1390 2969 τρία
1426 2897 1788 2968 παρεληλύθει
1813 2897 1930 2968 ἐτη,

357 2997 419 3049 ἐν
445 2991 525 3060 οἷς
551 2994 748 3056 αὐτοὺς
773 2996 839 3063 τῇ
866 2993 1117 3062 βασιλικῇ
1145 2992 1453 3062 τραφέντας
1481 2992 1654 3060 τροφῇ
1681 2988 1816 3056 μετὰ
1843 2988 1934 3039 τὸν

361 3087 530 3156 ῥητὸν
581 3083 832 3136 τοῦτονυ*
904 3082 1092 3154 χρόνον
1163 3079 1481 3150 εἰσαχθῆναι
1537 3078 1872 3150 προσέταξεν
1893 3078 1933 3110 ¹⁹

2039 1893 2530 1953 interficiebantur,
2560 1899 2612 1946 et
2645 1892 2984 1960 quaesierunt
3003 1891 3280 1946 Danielem
3307 1900 3363 1947 et
3393 1892 3601 1947 amicos

2035 1985 2177 2052 ejus,
2209 1991 2268 2037 ut
2301 1983 2692 2037 interficerent.
2733 2000 2753 2032 ›
2790 1979 3158 2051 Tyrannicus,
3186 1990 3238 2035 et
3272 1998 3378 2037 non
3414 1983 3602 2052 regius

2037 2081 2289 2136 conatus,
2319 2073 2668 2142 apertissime
2700 2072 2963 2140 injustus,
2997 2087 3308 2140 expersque
3338 2073 3597 2141 justitiae:

2037 2163 2305 2233 siquidem
2342 2163 2652 2231 arrogantia
2693 2169 2746 2215 et
2793 2162 3050 2232 superbia
3087 2161 3396 2217 facultatem
3439 2171 3601 2218 nacta

2036 2253 2301 2323 subjectis
2357 2251 2568 2308 Iudaeis
2614 2253 2933 2322 perniciem
2960 2253 3324 2308 machinatur.
3364 2253 3474 2326 [ια
3510 2252 3600 2325 15]

2035 2344 2300 2400 ϐαδιεῖ-ψη
2326 2343 2706 2399 sanctissimus
2725 2342 2934 2404 Daniel,
2954 2343 3213 2413 injustam
3234 2344 3376 2398 hanc
3397 2343 3602 2401 eadem

2036 2432 2422 2501 conspicatus,
2472 2429 2541 2485 de
2596 2431 2837 2485 Ariocbo
2889 2431 2979 2484 cui
3045 2432 3439 2488 crudelissima
3497 2434 3600 2487 ista

2037 2539 2141 2577 ncx
2196 2521 2489 2576 commissa
2557 2520 2757 2584 fuerat,
2823 2530 3182 2591 percontatur
3230 2523 3316 2578 his
3364 2525 3599 2578 verbis:

2043 2633 2060 2663 ‹
2091 2613 2354 2681 Princeps
2391 2612 2558 2682 regis,
2588 2628 2694 2681 qua
2726 2613 2793 2666 de
2821 2627 2989 2667 causa
3017 2613 3308 2682 impudens
3335 2615 3450 2669 haec
3484 2631 3614 2678 sen-_

2038 2707 2211 2760 tentia
2235 2719 2454 2774 egressa
2481 2711 2567 2757 est
2594 2717 2624 2756 a
2656 2704 2797 2758 facie
2824 2704 3006 2773 regis?
3042 2725 3060 2756 ι
3107 2705 3396 2772 lgnorabat
3424 2705 3600 2768 enim.

2038 2805 2099 2853 ut
2123 2796 2366 2858 videtur,
2405 2803 2592 2864 utpote
2641 2795 2735 2864 qui
2789 2795 2845 2848 in
2880 2801 3086 2851 emtum
3139 2796 3452 2864 sapientum
3497 2795 3601 2850 Ba-

2038 2887 2255 2958 bylonis
2286 2901 2395 2940 non
2433 2869 2733 2939 advocatus
2766 2885 2982 2940 fuisset.
3017 2885 3272 2940 Nondum
3307 2887 3455 2940 enim
3492 2894 3610 2943 tres

2040 2979 2168 3030 anni
2220 2977 2298 3029 illi
2353 2975 2766 3045 praeterieram,
2811 2971 3011 3045 quibus
3049 2991 3147 3031 eos
3191 2976 3402 3045 1083
3457 2977 3622 3047 regio!

2044 3067 2165 3122 cibo
2206 3066 2467 3129 nutritos,
2507 3065 2811 3119 constituto
2858 3067 3209 3133 postmodum
3257 3072 3500 3134 tempore
3536 3065 3607 3130 ad

539 3177 648 3230 τῶν
679 3147 1032 3231 Βαϐυλωνίων
1059 3177 1085 3226 ό
1116 3147 1390 3243 βασιλεῦςξ
1421 3173 1482 3224 Εἰ
1507 3170 1564 3223 δὲ
1586 3147 1704 3240 ’πρὸ
1732 3169 1936 3223 τούτων

2042 3175 2099 3212 se
2152 3157 2396 3226 iusserat
2435 3155 2860 3226 Babyloniorum
2906 3171 3004 3210 rex
3055 3154 3351 3209 introduci.
3378 3154 3534 3220 Quod
3559 3156 3617 3219 si,

357 3270 661 3340 διηγήσατο
709 3269 799 3321 τὸν
847 3267 1007 3333 λόγον
1031 3265 1096 3327 ⁸⁸,
1133 3264 1213 3316 ὃτι
1247 3263 1340 3316 καὶ
1374 3260 1651 3328 εἰσῆλθον,
1689 3260 1783 3312 καὶ
1832 3259 1939 3312 τῶν

357 3362 540 3414 ἄλλων
570 3359 975 3430 προεκρίθησαν
1009 3355 1265 3426 ἀμείνους
1291 3351 1568 3421 ὀφθέντες,
1614 3347 1940 3418 θαυμαζέτω

365 3450 559 3520 μηδείς
581 3467 594 3481 ο
629 3452 801 3502 έκεῖνο
834 3448 944 3519 γὰρ
987 3447 1047 3499 τὸ
1081 3446 1326 3516 διήγημα
1354 3443 1699 3512 συμπερᾶναι
1749 3440 1940 3510 βουλη-

366 3541 562 3603 Osis",
597 3539 811 3592 ἅπαντα
865 3537 1051 3604 σαφῶς
1105 3533 1309 3598 ἐδίδαξε
1347 3534 1413 3587 τὰ
1463 3533 1763 3603 τηνικαῦτα
1799 3548 1939 3601 συμ-

369 3633 574 3686 ϐάντα·
608 3627 726 3686 εἶτα
773 3631 1085 3704 μεταϐαίνει
1133 3629 1318 3682 λοιπὸν
1346 3625 1432 3695 ἐφ’
1483 3626 1671 3696 ἕτερον
1699 3625 1942 3696 διήγημα

363 3725 476 3776 τῶν
507 3726 565 3776 ὲν
601 3722 679 3793 τῷ
718 3719 920 3793 μεταξὺ
974 3719 1154 3790 χρόνῳ
1205 3718 1606 3788 γεγενημένων.
1661 3716 1784 3769 "Ott
1834 3715 1943 3784 γὰρ

363 3815 580 3867 οὐδέπω
609 3813 717 3866 τῶν
767 3812 1077 3885 παρρησίαν
1120 3809 1354 3880 ὲχόντων
1388 3804 1456 3879 ἦν
1487 3805 1624 3877 πρὸς
1653 3805 1744 3859 τὸν
1792 3804 1944 3874 βασι-

366 3904 487 3968 λέα,
518 3904 681 3975 ἡνίκα
713 3904 840 3965 τοὺς
870 3903 1067 3975 σοφοὺς
1099 3901 1371 3970 συνήγαγε
1407 3895 1747 3956 Βαὸυλῶνος,
1781 3895 1814 3964 ἡ
1845 3893 1943 3963 τῆς

368 3995 556 4048 ἀδίκου
615 3993 830 4062 σφαγῆς
880 3992 1072 4058 ἄγνοια
1142 3989 1448 4058 μαρτυρεῖ·
1509 3983 1710 4053 ταύτην
1732 3986 1776 4015 ’³
1835 3983 1944 4054 γὰρ

366 4088 580 4157 ἀγνοῶν
621 4087 720 4156 τὴν
761 4085 944 4139 αἰτίαν
984 4083 1074 4138 τὸν
1118 4079 1320 4151 Ἀριὼχ
1359 4077 1568 4149 ἠρώτα.
1602 4077 1712 4128 Καὶ
1757 4075 1944 4143 ἐπειδὴ

370 4176 566 4247 ἔμαθε,
610 4177 804 4248 θαρρεῖ
839 4175 937 4244 μὲν
972 4174 1071 4244 τὴν
1104 4171 1261 4242 πρὸς,
1290 4170 1380 4226 τὸν
1429 4165 1654 4237 βασιλέα
1686 4164 1941 4229 διάλεξιν,

371 4269 514 4334 ἀξιοί
549 4267 604 4320 δὲ
634 4267 796 4318 αὑτὸν
826 4265 1006 4332 ὀλίγον
1036 4262 1187 4330 αὐτῷ
1216 4259 1406 4330 χρόνον
1453 4254 1696 4308 ἐνδοῦναι
1727 4256 1808 4315 εἰς
1843 4253 1942 4323 τὴν

370 4355 464 4410 τοῦ
495 4356 746 4408 ἐνυπνίου
783 4357 1027 4426 ζήτησιν,
1056 4353 1154 4406 καὶ
1179 4351 1278 4422 τῆς
1317 4347 1613 4420 ἑρμηνείας
1666 4345 1765 4417 τὴν
1790 4342 1946 4414 εὗρε·

373 4465 456 4500 σιν
482 4462 496 4476 ⁸
530 4443 648 4500 εἶτα
694 4446 934 4500 διδάσκει
977 4444 1127 4515 ἡμᾶς
1170 4442 1260 4495 τὸν
1288 4440 1387 4510 τῆς
1418 4439 1687 4510 εὑρέσεως
1722 4437 1940 4508 τρόπον,

368 4538 473 4592 οὐκ
493 4537 656 4600 αὐτὸς
685 4533 1155 4604 φιλοτιμούμενος,
1181 4529 1295 4584 ἀλλ’
1323 4530 1470 4600 ἡμᾶς
1502 4528 1594 4581 ἐπὶ
1621 4526 1718 4597 τὴν
1750 4525 1943 4598 ὁμοίαν

373 4627 608 4698 σπουδὴν
636 4623 1056 4693 ἐκκαλούμενος.

445 4717 531 4782 ιζ’,
564 4725 652 4786 ιη’.
685 4735 703 4768 ι
740 4712 972 4783 Εἰσῆλθε
999 4712 1128 4780 γὰρ,
1156 4709 1309 4779 φησὶ,
1342 4706 1542 4777 Δανιὴλ
1571 4707 1651 4770 εἰς
1681 4704 1772 4757 τὸν
1797 4699 1945 4758 οἷκον

369 4807 572 4867 αὑτοῦ.
603 4807 699 4861 καὶ
736 4803 814 4875 τῷ
855 4802 1112 4874 Ἀνανίᾳ,
1158 4802 1252 4854 καὶ
1294 4798 1372 4868 τῷ
1414 4797 1673 4868 Ἀζαρία,
1729 4795 1819 4851 καὶ
1867 4795 1946 4866 τῷ

370 4899 612 4969 Μισαὴλ,
642 4899 753 4961 τοῖς
785 4895 958 4965 φίλοις
987 4891 1152 4947 αὑτοῦ
1190 4889 1455 4961 ἐγνώρισε
1495 4890 1556 4942 τὸ
1604 4887 1773 4957 ῥῆμα.
1831 4887 1946 4938 Καὶ

369 4989 692 5060 οἰκτιρμοὺς
742 4988 966 5058 ἐζήτουν
1027 4982 1178 5054 παρά
1231 4981 1323 5034 τοῦ
1376 4979 1513 5033 Θεοῦ
1567 4976 1662 5030 τοῦ
1710 4974 1942 5047 οὐρανοῦ

370 5082 513 5150 ὑπὲρ
560 5078 654 5132 τοῦ
703 5076 1002 5148 μυστηρίου
1058 5073 1248 5127 τούτου
1273 5110 1288 5134 ,
1321 5071 1467 5131 ὅπως
1519 5068 1592 5137 μὴ
1640 5067 1948 5120 ἀπόλωνται

374 5173 577 5244 Δανιὴλ
616 5171 712 5224 καὶ
738 5171 787 5223 οἰ
833 5168 976 5236 φίλοι
1023 5163 1210 5225 αὐτοῦ,
1249 5161 1388 5230 μετὰ
1439 5159 1545 5213 τῶν
1587 5157 1882 5212 ἐπιλοίπων
1903 5155 1949 5188 ³³

2042 3259 2203 3304 antea
2237 3249 2487 3303 narravit
2538 3264 2635 3304 eos
2681 3249 2964 3318 ingressos
2997 3246 3189 3314 fuisse,
3219 3257 3273 3302 et
3317 3249 3440 3303 aliis
3468 3265 3610 3318 prae-

2044 3341 2204 3404 latos,
2235 3346 2294 3392 ut
2321 3338 2414 3407 qui
2448 3339 2856 3408 praestantiores
2882 3336 2986 3393 visi
3019 3337 3150 3401 sint,
3176 3351 3334 3391 nemo
3356 3339 3606 3392 miretur.

2041 3428 2178 3480 Cum
2239 3427 2388 3480 enim
2444 3427 2608 3479 vellet
2662 3426 3036 3480 narrationem
3093 3425 3240 3478 illam
3300 3426 3609 3492 absolvere,

2043 3517 2226 3570 Omnia
2263 3532 2385 3586 quae
2415 3524 2548 3570 tunc
2585 3516 2928 3580 acciderunt,
2950 3525 3138 3585 aperte
3173 3516 3614 3574 docuitzdeinde

2048 3621 2244 3661 rursus
2321 3605 2387 3658 ad
2457 3620 2521 3660 ea
2582 3604 2863 3660 narranda
2911 3605 3078 3670 redit,
3143 3620 3266 3674 quae
3324 3605 3616 3674 inttrjecto

2046 3708 2286 3766 tempore
2338 3702 2494 3766 gesta
2543 3703 2693 3750 sunt.
2739 3695 2993 3750 Nondum
3051 3696 3196 3750 enim
3254 3696 3406 3749 illum
3471 3696 3615 3766 apud

2048 3802 2230 3857 regem
2262 3787 2568 3843 obtinuisse
2598 3777 3224 3857 libertatem’loquendi,
3263 3786 3484 3857 quando
3514 3787 3617 3842 Ba-

2047 3881 2262 3951 bylonis
2294 3881 2571 3950 sapientes
2595 3881 2970 3952 congregavit,
3004 3881 3226 3949 iujustaa
3265 3882 3432 3937 caedis
3466 3883 3635 3953 igno-‘

2048 3972 2192 4024 ratio
2246 3978 2500 4024 testatur.
2531 3970 2685 4026 llanc
2724 3972 2869 4026 enim
2903 3986 3128 4028 causam
3174 3972 3433 4040 ignorans
3457 3973 3620 4026 Ario-

2048 4061 2213 4114 chum
2267 4059 2662 4129 interrogabat.
2704 4058 2818 4131 [16]
2857 4059 2921 4113 Et
2971 4060 3061 4114 ubi
3111 4060 3325 4123 didicit,
3359 4062 3621 4116 audacter

2047 4165 2171 4204 cum
2220 4165 2344 4219 rege
2394 4151 2724 4211 collocutus,
2759 4151 2825 4204 ab
2868 4151 2985 4220 ipso
3021 4152 3154 4219 petit
3195 4152 3454 4222 exiguum
3513 4153 3618 4206 sibi

2047 4241 2311 4310 temporis
2338 4234 2577 4310 spatium
2609 4239 2726 4294 dari
2773 4241 2840 4295 ad
2881 4241 3152 4295 somnium
3200 4241 3618 4312 inquirendum,

2049 4330 2310 4401 illiusque
2331 4330 2843 4399 interpretationem
2877 4330 3265 4401 indagandam.
3291 4332 3428 4386 Tum
3459 4334 3622 4386 docet

2051 4438 2174 4488 nos,
2210 4436 2320 4492 qua
2361 4420 2575 4476 ratione
2618 4434 2682 4474 ea
2740 4419 3033 4484 invenerit,
3065 4436 3176 4475 non
3225 4423 3411 4494 gloriae
3463 4424 3622 4494 cupi«

1975 4485 2023 4546 θ
2050 4485 2242 4579 ditate,
2271 4511 2368 4569 sed
2397 4519 2456 4566 ut
2489 4510 2559 4566 ad
2595 4511 2778 4568 simile
2806 4511 3048 4570 studium
3083 4528 3186 4569 nos
3211 4485 3493 4585 provocet.

2123 4695 2289 4748 Vens.
2323 4692 2408 4755 Π,
2447 4690 2530 4745 18.
2568 4710 2584 4741 ι
2620 4687 2913 4761 Ingressus
2956 4696 3042 4744 est
3084 4688 3255 4753 enim,
3294 4688 3494 4758 inquit,
3521 4673 3623 4742 Da-

2052 4786 2158 4840 niel
2212 4786 2266 4840 in
2322 4784 2545 4838 domum
2593 4796 2768 4845 suam,
2817 4790 2871 4836 et
2911 4781 3161 4844 Ananiae,
3193 4788 3246 4835 et
3293 4779 3524 4843 Μαι-ἰαί,
3569 4787 3627 4851 ει

2052 4878 2260 4935 Misaeii
2311 4876 2503 4930 amicis
2544 4872 2662 4928 suis
2712 4870 2979 4926 indicavit
3019 4871 3265 4924 verbum.
3305 4870 3372 4924 Et
3411 4883 3626 4940 quaere:

2053 4973 2187 5028 bant
2223 4967 2608 5024 miserationes
2648 4979 2676 5017 a
2709 4962 2818 5017 Deo
2843 4961 2964 5018 caeli
2998 4976 3164 5032 super
3196 4961 3462 5033 mysterio
3497 4962 3624 5035 hoc,

2055 5071 2113 5115 ut
2144 5075 2252 5114 non
2282 5057 2528 5128 perirent
2555 5054 2741 5108 Daniel
2769 5063 2822 5107 et
2857 5052 3020 5107 amici
3049 5052 3194 5121 ejus,
3229 5068 3352 5107 cum
3399 5053 3625 5122 reliquis

2056 5147 2403 5219 sapientibus
2455 5141 2770 5212 Babylonis.
2806 5159 2824 5190 ι
2865 5139 3011 5194 Inter
3046 5139 3332 5194 veritatem
3377 5153 3442 5192 ac
3471 5153 3626 5193 men-

1666 5307 1900 5365 VARUE
1942 5301 2346 5360 LECTIONES.

441 5448 463 5480 ⁸
494 5443 536 5498 Β
556 5442 754 5498 τοιάδε.

374 5518 416 5549 u
446 5513 554 5578 διε,
588 5514 630 5568 Β
655 5513 825 5576 addit,
854 5508 945 5560 ἐπὶ
969 5506 1027 5560 δὲ
1055 5506 1122 5559 τὰ
1149 5506 1345 5578 συνεχῆ

632 5583 692 5654 At:
857 5579 896 5631 Β
924 5591 1134 5654 _preem-
1156 5567 1305 5654 fit:
1460 5567 1621 5654 ἺρυδῘ
1674 5567 1851 5654 [Ἓξ-,ν’

1155 5645 1196 5674 ¹⁹
1238 5656 1332 5708 πρ.
1365 5638 1408 5692 Β
1458 5652 1644 5706 prtem.
1694 5638 1908 5695 αὐτούς.

856 5439 879 5511 ἒ
909 5439 950 5511 Β
975 5433 1415 5511 προῳκονόμητο.
1437 5498 1461 5510 _
1489 5427 1512 5457 "
1537 5426 1651 5511 ἀλλ’

375 5657 418 5688 ’⁸
455 5648 710 5714 ῤ.”τοῦτ.
767 5652 808 5707 Β
848 5648 1048 5719 τρίτον.

369 5722 417 5756 ³³
447 5726 488 5780 Β
534 5721 754 5776 λοιπῶν.

697 5820 961 5877 PATML.
997 5815 1108 5871 Gn.
1146 5805 1395 5868 LXXXI.

1721 5465 1735 5479 .
1770 5425 1812 5483 Β
1843 5424 1999 5480 ἀλλά.
2075 5421 2097 5453 ⁸
2122 5420 2259 5473 λίαν.
2293 5415 2332 5472 Β
2381 5414 2548 5482 λέγει.

1402 5498 1508 5572 τῆς
1551 5492 1787 5572 ἰστορίας
1846 5495 1938 5572 τρν
1961 5492 2149 5572 ’λόγον

1719 5581 1797 5619 es.
1870 5565 1924 5617 in
1961 5563 2020 5618 Β.
2070 5558 2202 5611 "A
2236 5558 2308 5611 τί.

1955 5634 2028 5663 ’¹⁰
2053 5629 2092 5684 Β
2133 5629 2238 5682 τῶν
2290 5625 2484 5692 λόγων.

2650 5423 2670 5454 θ
2702 5413 2822 5482 τῆς.
2863 5412 2990 5468 Des.
3031 5411 3086 5468 in
3114 5408 3174 5465 Β.
3258 5410 3322 5482 _"
3347 5410 3386 5464 Β
3415 5408 3615 5482 παπαὶ

2215 5476 2647 5557 μετενέγκωμεν.
2729 5476 2870 5535 ηπ.
2941 5499 2990 5536 κ.
3043 5481 3201 5552 ὀργῇ.
3258 5479 3297 5532 Β
3344 5479 3436 5531 καὶ
3477 5476 3618 5549 ὀργῇ

2236 5558 2308 5608 τί.
2391 5556 2430 5586 ³⁸
2455 5555 2541 5605 ἀν.
2597 5553 2638 5607 Β
2678 5551 2800 5608 add.
2864 5550 3023 5608 αῦτη.
3084 5549 3264 5603 ηὸτι.
3306 5545 3615 5608 Βθάιί.δή.

2455 5569 2541 5605 αν.
2597 5569 2638 5607 15
2678 5569 2800 5608 auo.
2864 5569 3023 5621 αυτη.
3087 5569 3264 5603 "ars.
3306 5569 3615 5612 0300.013.

2455 5642 2484 5674 ν.
2595 5625 2635 5652 ²¹
2693 5623 2730 5674 Β
2763 5623 3102 5694 βουλόμενος.
3210 5620 3251 5649 ’³
3305 5615 3344 5668 Β
3395 5613 3618 5683 ταύτης.

3262 5777 3330 5841 ιι
