4070 6394
449 346 586 418 1291

1451 335 1937 407 THEODORETI
1973 334 2310 399 EPISCOPI
2332 334 2699 399 CYRENSIS

3575 327 3715 397 1292

454 467 670 522 itacium
733 475 921 517 revera
972 457 1204 514 multum
1261 454 1510 509 interest.
1567 448 1702 505 Nam
1755 445 2025 503 mendacii

2137 444 2314 514 σοφῶν
2367 443 2705 509 Βαϐυλῶνος.
2739 463 2758 496 ι
2814 443 3057 515 Ἀληθῶς
3109 444 3243 498 πολὺ
3299 445 3398 516 τῆς
3456 444 3724 516 ἀληθείας

453 555 683 629 opifices
730 567 762 608 a
810 551 995 607 divina
1048 547 1316 603 societate
1367 541 1598 606 deserti,
1631 539 1879 609 solisque
1926 537 2030 592 bu-

454 650 634 705 manis
698 642 1015 700 rationibus
1071 654 1100 693 a
1168 639 1371 710 pietate
1432 636 1622 690 vacuis
1689 633 2028 696 innitentes,

453 741 636 796 omnia
669 745 786 792 tum
819 733 1036 794 dicunt,
1060 739 1175 785 tum
1207 728 1439 793 faciunt,
1472 734 1534 781 ut
1567 724 1822 781 homines
1864 719 2032 778 sedu-

451 838 604 896 eant;
632 836 686 883 at
718 823 936 897 1085.
960 822 1209 880 veritatis
1265 819 1475 874 alumni
1530 817 1742 887 absque
1789 826 2034 883 superno

452 916 657 972 auxilio
682 914 822 969 nihil
854 925 1034 982 neque
1065 909 1273 970 dicere,
1299 922 1478 979 neque
1515 905 1701 962 facere
1730 905 2030 966 sustinent,

395 1045 405 1056 ι
450 1009 546 1066 sed
592 1007 893 1079 petitiones
933 1019 1065 1060 suas
1091 993 1164 1057 ad
1209 1013 1500 1070 cam,qua2
1533 995 1719 1053 omnia
1753 996 2028 1056 intuetur,

449 1097 853 1172 providentiam
900 1094 1228 1156 referentes,
1255 1093 1273 1113 ‘
1317 1090 1632 1145 immobiles
1679 1092 2027 1158 permanent,

451 1207 722 1266 nusquam
759 1189 1046 1262 exagitati,
1071 1201 1256 1256 neque
1294 1183 1406 1238 huc
1435 1192 1602 1252 atque
1632 1181 1762 1234 illuc
1790 1179 2035 1234 circum-

452 1286 570 1354 iati,
600 1285 714 1340 imo
744 1283 814 1339 ab
852 1283 1220 1336 humanarum
1259 1275 1660 1347 cogitationum
1705 1279 2032 1340 tempestate

452 1378 783 1434 incolumes.
812 1371 972 1440 Quod
1017 1369 1239 1426 divinus
1269 1365 1455 1420 Daniel
1492 1371 1746 1427 testatur,
1769 1361 1862 1432 qui
1900 1375 2030 1415 cum

455 1468 525 1525 ad
578 1463 967 1537 inquirendum
1016 1458 1290 1516 somnium
1339 1456 1597 1526 exiguum
1651 1453 1756 1509 sibi
1813 1460 2030 1523 tempus

455 1560 573 1614 dari
598 1557 873 1629 petiisset,
901 1567 1010 1608 non
1043 1552 1324 1605 incassum
1359 1545 1496 1602 illud
1529 1546 1583 1600 in
1617 1543 2027 1605 ratiocinando,

454 1647 549 1705 sed
599 1648 655 1701 in
700 1642 956 1716 precibus
1003 1653 1068 1695 ac
1107 1635 1608 1708 supplicationibus
1648 1631 2026 1701 consumpsit,

456 1737 600 1794 haud
659 1750 719 1790 se
773 1733 893 1789 solo
945 1729 1142 1793 fretus,
1182 1727 1280 1783 sed
1339 1725 1614 1780 similibus
1673 1737 1895 1794 quoque
1941 1719 2028 1778 sui

453 1827 758 1901 :cqualibus
793 1823 863 1878 ad
917 1819 1286 1876 communiter
1347 1814 1771 1886 supplicandum
1815 1811 2027 1868 ascitis.
2063 1799 2105 1855 Β

453 1919 638 1991 Neque
657 1929 783 1972 eum
809 1929 932 1984 spes
965 1910 1184 1967 fefellit.

519 2089 690 2145 Vens.
722 2084 906 2142 19-22.
941 2101 959 2136 ι
995 2080 1152 2137 Tunc
1179 2081 1349 2145 enim,
1384 2079 1584 2152 inquit,
1617 2076 1836 2134 Danieli
1869 2077 1925 2132 in
1953 2077 2036 2131 vi-

455 2180 610 2236 sione
647 2177 828 2233 noctis
851 2173 1173 2245 mysterium
1202 2170 1505 2226 revelatum
1531 2177 1638 2233 est,
1670 2177 1726 2223 et
1756 2168 2036 2222 benedixit

455 2272 646 2328 Daniel
686 2269 798 2326 Deo
833 2268 982 2324 caeli.
1029 2265 1095 2321 Et
1124 2265 1302 2320 dixit:
1327 2263 1414 2318 Sit
1455 2277 1657 2318 nomen
1687 2261 1906 2316 Domini
1938 2260 2034 2316 Dei

455 2363 806 2422 benedictum
848 2375 877 2414 a
922 2358 1127 2415 saculo
1177 2364 1232 2412 et
1273 2371 1449 2424 usque
1483 2355 1540 2410 in
1589 2354 1872 2420 saculutn,
1904 2353 2034 2424 quia

454 2453 723 2526 sapientia
782 2463 836 2508 et
890 2449 1207 2505 intellectus
1262 2446 1384 2516 ejus
1433 2452 1538 2500 est.
1585 2444 1654 2499 Et
1709 2444 1823 2515 ipse
1857 2450 2037 2498 mutat

455 2559 705 2619 tempora
742 2553 799 2601 et
847 2557 1048 2608 annos,
1077 2540 1371 2598 constituit
1423 2553 1606 2611 reges,
1637 2545 1694 2593 et
1744 2535 2034 2603 transfert,

444 2638 595 2694 ttians
628 2635 954 2707 sapientiam
994 2632 1358 2704 sapientibus,
1389 2639 1440 2685 et
1470 2629 1818 2702 prudentiam
1854 2629 2036 2684 scien-

445 2729 607 2784 tibus
635 2727 996 2782 intellectum.
1022 2722 1146 2793 Ipse
1175 2723 1382 2778 revelat
1407 2721 1682 2791 profunda
1707 2728 1761 2775 et
1793 2719 2034 2776 abscon-

441 2813 594 2876 'dita,
620 2825 964 2880 cognoscens
990 2825 1054 2865 ea
1078 2825 1200 2880 quae
1229 2812 1284 2864 in
1313 2809 1556 2865 tenebris
1585 2816 1735 2874 sunt,
1769 2818 1822 2862 et
1845 2809 2032 2863 lumen

441 2918 584 2958 ecum
617 2917 685 2959 eo
713 2910 816 2957 est.
845 2919 867 2954 ι
903 2901 957 2956 lu
986 2901 1244 2956 omnibus
1289 2899 1432 2971 grati
1469 2899 1638 2953 animi
1670 2913 1781 2969 prae
1828 2913 1890 2954 se
1927 2898 2034 2954 fert

446 2994 819 3066 probitatem,
856 2991 1237 3061 hymnumque
1291 2991 1466 3046 nectit
1515 3005 1627 3046 non
1678 2990 2030 3061 simpliciter,

2139 537 2234 591 καὶ
2268 536 2363 590 τοῦ
2394 535 2625 607 ψεύδους
2667 537 2730 590 τὸ
2770 537 2966 608 μέσονο
3015 539 3067 591 οι
3095 537 3195 608 μὲν
3231 537 3342 606 γάρ
3369 535 3464 590 τοῦ
3491 536 3723 606 ψεύδους

2138 630 2368 700 ἐργάται
2419 631 2518 700 τῆς
2555 632 2709 691 Θείας
2767 632 2906 686 είσὶν
2957 633 3157 704 ἔρημοι
3210 633 3571 705 συμμαχίας,
3626 631 3724 685 καὶ

2137 720 2416 793 λογισμοῖς
2469 721 2652 792 μόνοις
2694 722 3058 794 ἀνθρωπίνοις
3106 723 3390 787 εὐσεϐείας
3425 739 3720 792 γεγυμνω-

2143 812 2326 881 μένοις
2357 810 2650 882 χρώμενοι,
2684 812 2866 867 πάντα
2889 815 2984 868 καὶ
3014 813 3234 884 λέγουσι
3264 813 3361 867 καὶ
3382 813 3723 885 πράττουσιν

2137 903 2218 965 είς
2251 904 2467 974 ἀπάτην
2497 902 2800 976 ἀνθρώπων
2825 921 2840 937 ο
2873 905 2924 959 οἱ
2953 905 3010 959 δὲ
3038 906 3298 978 τρόφιμοι
3338 905 3436 975 τῆς
3463 903 3722 975 ἀληθείας

2137 992 2315 1061 λέγειν
2335 996 2380 1025 ⁸³
2413 993 2446 1064 ἦ
2486 995 2748 1065 πράττειν
2774 995 3058 1065 ἀνέχονται
3096 995 3250 1050 ούδέν
3285 995 3412 1066 δίχα
3446 995 3548 1064 τῆς
3580 995 3725 1051 άνωο

2139 1080 2230 1135 θεν
2270 1082 2522 1154 βοηθείας
2547 1100 2560 1113 ο
2601 1083 2670 1138 τά
2712 1084 2772 1138 δέ
2829 1084 2979 1155 σφῶν
3008 1084 3188 1139 αὐτῶν
3232 1087 3512 1156 αίτήματα
3528 1086 3574 1116 ³³
3623 1085 3726 1156 τῆς

2137 1173 2316 1228 πάντα
2363 1173 2648 1246 ἀφορώσης
2699 1175 3043 1248 προμηθείας
3106 1176 3460 1242 ἐξάπτοντες,
3514 1178 3726 1231 ἱστᾶσιν

2135 1266 2406 1336 ἀκίνητοι,
2448 1267 2524 1339 μὴ
2562 1268 2934 1339 κλονούμενοι,
2989 1269 3124 1341 μηδέ
3150 1271 3278 1342 τῇδε
3307 1271 3534 1324 κάκεῖσε
3563 1286 3724 1340 περι·-

2137 1359 2466 1430 φερόμενοι,
2509 1359 2648 1414 άλλά
2693 1361 2795 1433 τῆς
2829 1359 3000 1432 ζάλης
3030 1361 3139 1416 τῶν
3178 1360 3539 1434 ἀνθρωπίνων
3567 1361 3720 1432 λογι-

2138 1451 2291 1522 σμῶν
2314 1451 2750 1524 ἀπηλλαγμένοι.
2782 1453 2894 1506 Καὶ
2921 1453 3114 1507 τούτου
3145 1453 3354 1524 μάρτυς
3379 1454 3408 1506 ὀ
3435 1452 3726 1517 θεσπέσιος

2136 1541 2364 1613 Δανιὴλ,
2419 1542 2599 1612 ὀλίγον
2648 1545 2746 1615 μὲν
2805 1544 2997 1615 χρόνον
3047 1545 3280 1616 αίτήσας
3335 1545 3417 1608 είς
3471 1545 3572 1616 τὴν
3625 1545 3724 1601 τοῦ

2136 1631 2392 1685 ἐνυπνίου
2421 1631 2666 1703 εὕρεσιν,
2706 1634 2806 1687 οὐκ
2853 1636 2934 1699 είς
2966 1634 3268 1705 λογισμοὺς
3313 1634 3370 1688 δέ
3417 1634 3603 1700 ἁπλῶς
3632 1637 3727 1691 τδν
3781 1684 3786 1688 .

2136 1723 2328 1795 καιρὸν
2358 1722 2698 1794 δαπανήσας,
2734 1724 2851 1780 ἀλλ’
2895 1727 2975 1791 είς
2996 1727 3238 1780 ἱκετείαν
3268 1727 3361 1781 καὶ
3389 1729 3724 1800 προσευχὴν,

2136 1813 2231 1866 καὶ
2268 1814 2389 1868 οὐδὲ
2436 1815 2613 1888 ἐαυτῷ
2653 1816 2798 1888 μόνῳ
2842 1815 3161 1890 θαρρήσας,
3203 1816 3348 1900 ρλλά
3399 1817 3494 1871 καὶ
3516 1818 3563 1850 ⁸⁸
3594 1817 3727 1880 τοὺς

2135 1905 2474 1974 ὁμοτρόπους
2513 1909 2594 1970 είς
2628 1907 2917 1961 κοινωνίαν
2950 1908 3050 1980 τῆς
3095 1908 3332 1972 ἱκετείας
3364 1907 3544 1962 λαϐὼν
3565 1925 3582 1941 ο
3627 1909 3727 1961 καὶ

2137 1996 2239 2050 οὐκ
2269 1995 2506 2068 ἐψεύσθη
2541 1997 2642 2069 τῆς
2681 1997 2915 2062 ἐλπίδος.

2209 2089 2417 2161 ιθ¹οκβ’.
2457 2111 2476 2143 ι
2507 2091 2640 2146 Τότε
2669 2092 2796 2165 γὰρ,
2833 2092 2988 2163 φησὶ,
3039 2091 3118 2164 τῷ
3162 2091 3358 2164 Δανιὴλ
3397 2094 3455 2148 ἐν
3483 2095 3726 2167 ὁράματι

2134 2185 2235 2254 τῆς
2257 2184 2451 2247 νυκτὸς
2477 2183 2538 2238 τὸ
2560 2185 2605 2216 ’⁷
2655 2185 2955 2256 μυστήριον
3002 2183 3362 2256 ἀπεκαλύφθη
3385 2225 3400 2247 ,
3440 2186 3533 2240 καὶ
3561 2185 3726 2256 ηύλό-

2136 2290 2274 2345 γησε
2312 2274 2512 2346 Δανιὴλ
2535 2275 2582 2308 ”
2636 2275 2731 2328 τὸν
2780 2273 2912 2328 Θεὸν
2963 2274 3060 2329 τοῦ
3093 2275 3348 2346 ούρανοῦ.
3384 2277 3494 2330 Καὶ
3527 2272 3683 2330 εἶπεν
3704 2292 3724 2308 ο

2137 2360 2240 2433 Είη
2277 2363 2339 2416 τὺ
2385 2363 2556 2434 ὄνομα
2585 2363 2794 2435 Κυρίου
2818 2364 2863 2395 ²⁹
2911 2361 3008 2415 τοῦ
3049 2361 3186 2416 Θεοῦ
3217 2363 3584 2436 εύλογημένον
3615 2365 3729 2420 ἀπὸ

2134 2453 2231 2508 τοῦ
2261 2453 2460 2517 αἰῶνος
2490 2455 2586 2508 καὶ
2615 2453 2720 2516 ἓως
2762 2453 2858 2507 τοῦ
2890 2452 3106 2518 αἰῶνος,
3159 2453 3242 2507 ὅτι
3281 2456 3314 2525 ἡ
3350 2455 3512 2524 σοφία
3559 2458 3654 2510 καὶ
3690 2458 3726 2527 η

2139 2545 2354 2609 σύνεσις
2376 2545 2424 2578 ⁸⁸
2453 2542 2618 2600 αὑτοῦ
2647 2545 2788 2598 ἐστι.
2823 2544 2934 2598 Καὶ
2956 2543 3118 2608 αὐτὸς
3147 2544 3351 2599 ἀλλοιοῖ
3371 2547 3600 2617 καιροὺς
3627 2549 3729 2601 καὶ

2135 2635 2381 2706 χρόνους,
2409 2635 2644 2706 καθιστᾷ
2673 2633 2913 2705 βασιλεῖς
2935 2635 3030 2689 καὶ
3056 2633 3308 2707 μεθιστᾷ,
3329 2634 3505 2699 διδοὺς
3530 2637 3729 2706 σοφίαν

2133 2728 2246 2790 τοῖς
2274 2728 2477 2794 σοφοῖς,
2507 2727 2602 2780 καὶ
2625 2727 2888 2798 φρόνησιν
2907 2729 3022 2791 τοῖς
3042 2727 3209 2782 εἰδόσι
3234 2727 3471 2782 σύνεσιν.
3491 2727 3664 2793 Αὐτὸς
3677 2729 3721 2760 ³⁸

2134 2816 2510 2870 ἀποκαλύπτει
2566 2817 2739 2887 βαθέα
2784 2819 2879 2872 καὶ
2929 2819 3262 2890 ἀπόκρυφα,
3321 2819 3607 2888 γινώσκων
3651 2821 3727 2874 τά

2135 2907 2196 2961 ἐν
2244 2907 2324 2978 τῷ
2368 2907 2582 2976 σκότει,
2633 2910 2787 2963 xei”
2856 2909 2974 2979 φῶς
3028 2910 3148 2982 μετ’
3196 2909 3363 2964 αὐτοῦ
3415 2913 3563 2965 ἐστιν
3582 2912 3649 2966 ³³.
3692 2929 3710 2962 s

2134 2997 2233 3051 Διά
2253 2999 2471 3052 πάντων
2498 2999 2598 3071 τὴν
2629 3001 2836 3055 οίκείαν
2879 3001 3306 3073 εὐγνωμοσύνην
3335 3003 3598 3066 δείκνυσι,
3629 3004 3729 3057 καὶ

445 3085 554 3140 sed
607 3085 758 3139 illius
817 3083 1072 3138 nectendi
1129 3091 1516 3154 argumentum
1564 3081 1778 3137 faciens
1828 3082 2030 3137 somnii

2139 3092 2328 3146 πλέκειν
2357 3091 2448 3146 τὸν
2473 3091 2643 3163 ὕμνον
2667 3093 2766 3163 οὐχ
2813 3093 3017 3156 ἁπλῶς,
3051 3093 3186 3147 ἀλλά
3211 3096 3310 3165 τῆς
3353 3093 3563 3165 πλοκῆς
3591 3093 3728 3167 ὕλην

448 3179 635 3248 ipsius
669 3177 1064 3232 inventionem.
1091 3175 1257 3231 Decet
1288 3173 1678 3245 enim,inquit,
1706 3181 2033 3245 perpetuum

458 3287 524 3327 ac
563 3271 960 3341 sempiternum
991 3267 1162 3323 Deum
1205 3268 1558 3323 continenter
1597 3267 1905 3332 celebrare,
1942 3281 2034 3322 sa-

453 3363 677 3435 pientis:
721 3370 777 3417 et
833 3360 1211 3431 intelligentia:
1264 3358 1494 3424 fontem,
1547 3369 1697 3415 recte
1758 3367 1814 3414 et
1865 3358 2036 3430 probe

457 3455 642 3510 omnia
693 3453 1110 3519 moderantem,
1152 3465 1450 3522 rerumque
1500 3451 1901 3507 mutationibus
1949 3466 2036 3506 ar-

457 3553 714 3614 guentem
771 3543 1032 3596 humanae
1090 3539 1517 3609 tranquillitatis
1577 3539 2032 3602 inconstantiam,

461 3633 680 3706 1085
715 3633 1084 3703 omnibusque
1130 3644 1288 3686 suam
1333 3637 1520 3700 aperte
1562 3629 1862 3700 potentiam
1894 3628 2036 3684 indi-

458 3736 674 3779 cantem
703 3741 717 3778 :
743 3722 1015 3792 siquidem
1051 3735 1208 3792 reges
1236 3733 1435 3776 creans
1460 3734 1656 3775 rursus
1686 3721 1841 3790 ipsos
1865 3733 2036 3790 regno

457 3812 620 3870 facile
668 3813 922 3878 abdicat,
967 3812 1328 3882 tribuensque
1379 3819 1743 3883 potestatem,
1787 3813 2035 3868 eamdem

461 3907 584 3958 eum
631 3902 754 3958 vult
817 3901 1037 3966 adimit;
1103 3901 1540 3972 sapientiamque
1592 3916 1656 3956 ac
1685 3903 2034 3974 prudentiam

459 3995 579 4066 ipse
610 3992 922 4064 suppeditat
951 4009 966 4046 :
994 4006 1157 4064 quam
1189 4000 1373 4048 tamen
1400 3993 1546 4048 haud
1581 4000 1787 4048 temere
1831 3993 2037 4065 imper-

461 4083 624 4149 titur,
662 4083 760 4139 sed
799 4082 868 4137 iis
893 4083 987 4153 qui
1024 4082 1169 4138 illius
1205 4083 1577 4154 cognoscendi
1609 4083 1794 4140 studio
1838 4092 2034 4141 tenen-

461 4179 572 4236 tur,
605 4173 943 4245 revelatque,
995 4181 1160 4244 prout
1201 4174 1461 4239 voluerit,
1502 4189 1567 4230 ea
1602 4190 1726 4245 quae
1759 4191 2034 4247 nusquam

459 4271 748 4333 apparent,
766 4263 861 4319 sed
885 4264 1049 4319 veluti
1079 4265 1317 4335 quodam
1352 4265 1634 4337 profundo
1660 4268 2032 4331 occultantur,

459 4365 586 4405 cum
617 4350 860 4405 nondum
894 4351 1041 4406 facta
1078 4353 1193 4407 sint
1223 4368 1237 4406 :
1270 4363 1327 4408 et
1354 4367 1478 4409 cum
1520 4353 1596 4410 sit
1642 4355 1854 4419 lumen,
1889 4353 2034 4424 quod

2139 3183 2465 3253 ποιούμενος
2489 3182 2583 3237 τοῦ
2612 3182 2865 3238 ἐνυπνίου
2888 3185 2988 3255 τὴν
3016 3183 3253 3256 εὕρεσιν.
3288 3187 3562 3257 Προσήκει
3589 3187 3727 3258 γὰρ,

2138 3274 2310 3342 φησὶ,
2363 3273 2457 3327 τὸν
2506 3273 2676 3327 ἀΐδιον
2733 3274 2830 3328 καὶ
2879 3273 3100 3329 αίώνιον
3157 3275 3423 3348 διηνεκῶς
3461 3279 3724 3350 άνυμνείν

2136 3361 2270 3416 Θεὸν
2295 3401 2312 3428 ,
2365 3363 2559 3432 σοφίας
2607 3363 2738 3418 ὄντα
2788 3365 2881 3418 καὶ
2942 3367 3210 3432 συνέσεως
3264 3368 3486 3440 πηγὴν,
3547 3369 3729 3440 ὀρθῶς

2137 3454 2354 3508 ἃπαντα
2385 3455 2481 3508 καὶ
2524 3455 2746 3524 άγαθῶς
2803 3458 3210 3528 πρυτανεύοντα
3236 3500 3251 3523 ,
3299 3461 3395 3514 καὶ
3447 3463 3571 3524 ταῖς
3617 3461 3730 3514 τῶν

2137 3545 2481 3615 πραγμάτων
2531 3546 2855 3616 μεταϐολαίς
2907 3548 3201 3618 ἐλέγχοντα
3250 3551 3348 3620 μέν
3389 3551 3451 3605 τὸ
3491 3550 3592 3622 τῆς
3629 3553 3726 3604 ἀν-

2137 3634 2416 3707 θρωπίνης
2442 3637 2742 3708 εὐημερίας
2792 3639 3068 3704 ἀϐέϐαιον.
3105 3641 3390 3698 δεικνύντα
3419 3642 3474 3696 δέ
3520 3642 3729 3698 ἅπασιν

2137 3726 2386 3798 ἐναργῶς
2425 3729 2524 3800 τὴν
2574 3730 2783 3785 οἰκείαν
2816 3730 2968 3801 ίσχύν
2993 3746 3007 3763 ⁸
3063 3733 3387 3805 χειροτονῶν
3428 3734 3538 3806 γάρ
3566 3733 3727 3804 βασι-

2137 3819 2287 3884 λέας,
2318 3820 2480 3875 πάλιν
2505 3822 2700 3886 αὐτοὺς
2731 3823 3138 3894 ἀποχειροτονεί
3169 3824 3388 3896 ῥᾳδίως,
3422 3826 3518 3881 καὶ
3546 3825 3727 3888 διδοὺς

2137 3909 2388 3976 ἐξουσίαν
2419 3911 2733 3984 ἀφαιρεῖται
2763 3912 2990 3983 ταύτην,
3018 3913 3147 3968 ὅταν
3177 3914 3364 3986 ἐθέλῃ·
3403 3916 3498 3969 καὶ
3524 3915 3726 3984 σοφίας

2136 4001 2195 4055 δέ
2223 4002 2318 4056 καὶ
2350 4005 2665 4073 φρονήσεως
2697 3996 2854 4067 οὗτός
2877 4002 2926 4036 ⁸⁵
2967 4005 3085 4058 ἐστι
3119 4005 3354 4076 χορηγός
3374 4018 3393 4034 °
3435 4004 3618 4059 δίδωσι
3664 4004 3726 4058 δὲ

2135 4093 2342 4167 ταύτην
2373 4095 2472 4165 οὐχ
2496 4095 2704 4160 άπλῶς,
2739 4095 2879 4150 ἀλλά
2908 4098 3022 4160 τοῖς
3051 4096 3294 4150 συνιέναι
3323 4096 3488 4150 αὐτὸν
3513 4097 3557 4130 ³⁵
3592 4096 3724 4168 βου-

2137 4183 2383 4256 λομένοις
2408 4201 2424 4218 ·
2458 4185 2832 4240 ἀποκαλύπτει
2879 4185 2939 4239 δέ
2978 4186 3055 4250 ὡς
3069 4185 3118 4218 ⁸⁸
3153 4185 3327 4240 ἐθέλει
3356 4188 3424 4241 τά
3455 4187 3725 4261 μηδαμῶς

2137 4277 2456 4349 φαινόμενα,
2489 4279 2606 4333 ἀλλ’
2635 4274 2748 4334 οἷόν
2784 4297 2889 4334 τινι
2931 4279 3080 4352 βυθῷ
3117 4283 3473 4354 κρυπτόμενα
3503 4282 3581 4353 τῷ
3613 4300 3725 4353 μη-

2136 4367 2287 4424 δέπω
2333 4370 2626 4438 γενέσθαι·
2669 4371 2764 4426 καὶ
2809 4371 2926 4440 φῶς
2973 4373 3234 4445 ὑπάρχων
3259 4374 3480 4446 νοερὸν,
3534 4374 3650 4444 φῶς
3674 4377 3720 4407 ⁸⁷

460 4447 643 4496 mente
693 4441 1014 4512 percipitur,
1056 4442 1238 4498 lucem
1293 4443 1612 4500 inhabitans
1669 4445 2034 4501 inaccessibi-

2137 4461 2302 4516 οἰκῶν
2352 4462 2647 4532 ἀπρόσιτον
2672 4502 2686 4527 ,
2744 4462 2988 4533 ἀκριϐῶς
3018 4441 3234 4519 ᾶπαντα
3266 4441 3528 4534 γινῶσκει
3548 4441 3628 4518 Ἵτά
3658 4466 3722 4520 ἐν

461 4531 568 4585 lem
600 4529 654 4598 τι,
690 4545 811 4602 quae
860 4531 918 4586 in
957 4532 1200 4588 tenebris
1254 4543 1522 4604 geruntur
1567 4535 1752 4590 omnia
1793 4534 2037 4606 perfecte

461 4624 763 4694 cognoscit.

539 4708 709 4770 Vsus.
741 4711 833 4769 25.
875 4731 894 4766 ι
934 4713 1117 4782 Quare
1147 4715 1269 4782 tibi,
1304 4714 1450 4774 Deus
1513 4727 1730 4789 patrum
1767 4735 2039 4786 meorum,

461 4797 749 4866 conﬁteor,
766 4808 821 4856 et
843 4801 1009 4859 laudo
1033 4802 1161 4874 (te),
1183 4805 1313 4874 quia
1341 4807 1670 4877 sapientiam
1694 4819 1750 4867 et
1773 4809 2038 4866 virtutem

462 4887 660 4945 dedisti
707 4891 861 4958 mihi,
892 4901 948 4951 et
988 4909 1139 4951 nunc
1193 4895 1452 4954 indicasti
1494 4900 1652 4968 mihi,
1697 4916 1821 4972 quae
1873 4917 2037 4974 roga-

464 4977 642 5065 vimus
688 4993 724 5034 a
765 4989 840 5046 te,
889 4985 1019 5054 quia
1067 4987 1341 5043 visionem
1399 4991 1544 5062 regis
1601 5003 1790 5050 notam
1851 4993 2035 5052 fecisti

466 5157 478 5165 '
535 5155 560 5194 ά
589 5155 609 5208 1
639 5156 779 5211 Tim.
805 5172 880 5221 vr,
912 5159 1001 5215 16.

2138 4550 2215 4621 τῷ
2246 4552 2428 4608 σκότει
2458 4551 2737 4623 γινόμενα.

2209 4733 2315 4795 κγ’.
2362 4745 2380 4778 ι
2413 4727 2503 4782 Διό
2534 4745 2638 4792 σοι,
2670 4731 2698 4781 ὁ
2723 4729 2855 4791 Θεὸς
2882 4731 2990 4784 τῶν
3023 4731 3275 4802 πατέρων
3301 4747 3428 4802 μου,
3451 4729 3494 4762 ³⁸
3523 4730 3719 4800 ἐξομο-

2138 4815 2404 4887 λογοῦμαι
2437 4819 2532 4871 καὶ
2557 4817 2713 4882 αίνῶ,
2740 4819 2822 4872 δτι
2854 4821 3044 4888 σοφίαν
3072 4822 3165 4876 καὶ
3194 4820 3425 4892 δύναμιν
3444 4819 3488 4853 ⁸⁸
3512 4818 3722 4880 ἔδωκάς

2147 4924 2260 4978 μοι,
2314 4907 2408 4962 καὶ
2441 4907 2601 4961 νῦν⁶⁶
2651 4908 2953 4980 ἐγνώρισάς
2991 4929 3082 4984 μοι
3131 4912 3168 4967 ἀ
3217 4911 3534 4983 ἠξιώσαμεν
3565 4910 3722 4981 παρά

2146 4997 2278 5065 σοῦ,
2325 4999 2498 5053 ὅτιτὸ
2545 5001 2726 5072 ὅραμα
2747 5002 2789 5034 ⁵³
2836 5002 2930 5056 τοῦ
2980 5002 3244 5072 βασιλέως
3283 5000 3585 5075 ἐγνώρισάς
3629 5018 3722 5072 μοι

1736 5261 1974 5337 νΑιιιΕ
2007 5278 2414 5342 LECTIONES.

771 5423 1039 5512 ῼ-ιάνέχ,
1073 5426 1132 5512 in
1231 5428 1609 5512 p'oniturpost
1640 5431 1948 5512 βοηθείας.-
2006 5436 2191 5512 ποετ.
2221 5437 2265 5492 Β
2293 5439 2591 5512 πείσματα.
2667 5441 2714 5474 ’⁸
2738 5442 2854 5512 καί.
2889 5442 3014 5498 Des.
3059 5444 3112 5497 in
3149 5441 3209 5497 Β.
3290 5444 3333 5474 ’⁷
3363 5443 3443 5499 τό.
3475 5441 3554 5498 Ex
3585 5443 3626 5496 Α
3663 5451 3719 5497 et

752 5487 1122 5591 (Aemili-ii
1147 5487 1290 5591 et“?
1310 5487 1547 5591 ζβυρξιῖιᾼι·
1573 5487 1699 5591 post
1721 5487 1971 5591 ῥῡξωξὸῡ.
2005 5577 2018 5591 ἱ
2049 5487 2275 5591 ’ῖςιῖυξ

2730 5511 2774 5544 ⁸⁸
2813 5528 2931 5567 συν.
2979 5513 3174 5570 Chald.
3226 5513 3418 5569 robur.
3507 5513 3555 5545 ⁸⁸
3588 5514 3713 5565 αὐτ.

461 5561 507 5648 ἐξ
533 5575 726 5648 praem;
752 5562 868 5648 καί.
911 5563 1117 5648 ν³¹κςιι.
1151 5564 1277 5648 Des.
1310 5561 1366 5623 i'n
1402 5569 1462 5648 β’,
1488 5561 1610 5648 ,ιυρ
1641 5573 1692 5648 ε
1714 5561 2053 5648 ⁸ιιείικειμκςιιι
2077 5561 2346 5648 esse;
2374 5561 2454 5611 ’ὖ
2486 5561 2627 5634 ’ἑὲςὶ
2679 5561 3174 5637 οιηιξιῗιιηῑίίῖάζ
3227 5561 3432 5640 ’ἶσόξέ
3464 5561 3713 5648 satis;

461 5629 655 5715 ξξαύτ.
685 5629 726 5683 Β
762 5647 950 5715 prima):
975 5635 1093 5715 καὶ
1107 5636 1332 5715 γνῶναι.
1553 5635 1846 5715 οἷςᾼθέλῃη
1894 5643 1940 5676 ⁸¹¹
1979 5629 2342 5714 φῶςξΒἮ-(Ῐύ.
2395 5664 2479 5703 τε.

462 5701 695 5756 σύνεσιν.
762 5701 833 5736 ’⁸⁸
887 5701 1004 5763 νῦν.
1054 5701 1181 5764 Des.
1211 5707 1267 5762 in
1286 5709 1352 5762 A.
1426 5709 1471 5743 “
1501 5711 1581 5766 ὅτι
1611 5701 1673 5768 τὸ
1699 5701 1797 5786 ὅρῗ
1820 5712 1865 5772 Δ
1894 5701 2269 5790 καῖτὸᾋῆμαξ

2579 5650 2624 5682 ³⁸
2655 5668 2780 5726 μου.
2811 5649 2887 5708 Ex
2918 5652 2963 5707 A
3011 5662 3061 5710 et
3109 5652 3151 5707 Β
3181 5654 3360 5726 suppl.
3453 5652 3500 5686 ”
3527 5651 3643 5707 δύν.
3673 5647 3717 5704 Β
