4070 6442
492 358 636 425 1293'

1665 367 1745 432 IN
1781 374 2133 434 DANIELIS
2156 374 2311 435 CAP.
2345 372 2434 441 ΙΙ.

3603 375 3741 440 1294

488 482 586 534 τοῦ
600 485 644 514 δ’
670 483 936 556 γνωρίσαι
963 478 1043 556 τῷ
1077 486 1304 556 βασιλεῖ.
1337 507 1354 538 ι
1405 488 1660 542 Τοιαῦται
1688 491 1796 542 τῶν
1827 491 2052 544 εύσεϐῶι

2171 489 2327 553 mihi,
2368 499 2425 544 ut
2469 489 2769 546 indicarem
2820 491 2952 562 regi.
2997 510 3014 543 ι
3055 490 3214 548 Tales
3260 492 3475 562 piorum
3519 494 3736 556 anima,

489 576 546 628 αἰ
573 574 763 645 ψυχαὶ,
794 577 889 630 καὶ
922 579 979 630 ἐν
1023 581 1141 642 ταῖς
1171 579 1382 650 χρείαις
1422 581 1512 632 τὸν
1541 581 1672 634 Θεὸν
1703 584 2066 655 ἐπιστάμεναι

489 666 747 738 χορηγὸν,
781 668 878 722 καὶ
905 671 1018 732 τοῖς
1049 669 1214 724 αὐτοῦ
1243 670 1425 740 λιμέσι
1469 673 1926 744 προστρέχουσαι,
1972 678 2070 730 καὶ

491 756 633 827 μετά
659 757 760 828 τὴν
789 759 899 813 τῶν
929 759 1149 829 ἀγαθῶν
1168 761 1432 833 χορηγίαν
1451 763 1550 816 οὐκ
1578 764 1902 836 ἀνεχόμεναι
1930 766 2068 840 λήθῃ

489 849 846 921 παραδιδόναι
889 852 999 908 τῶν
1041 851 1259 923 δωρεῶν
1298 853 1395 923 τὴν
1433 855 1674 926 μνήμην,
1717 853 1832 910 ἀλλ’
1876 857 2069 929 ὕμνοις

485 939 850 1012 ἀμειϐόμεναι
874 943 968 995 τὸν
994 943 1294 1014 εὐεργέτην
1321 941 1475 1000 Θεόν.
1504 947 1687 1012 Ἄξιον
1710 947 1768 1002 δὲ
1794 949 2070 1021 ἐπισημή-

485 1030 802 1085 νασθαιτοῦ
829 1031 974 1086 θείου
1005 1033 1199 1088 τούτου
1231 1035 1423 1106 ἀνδρὸς
1449 1036 1544 1089 καὶ
1582 1038 1644 1091 τὸ
1679 1039 1896 1110 μέτριον
1929 1041 2067 1110 φρό-

485 1138 639 1192 νημα
659 1140 675 1154 ·
705 1122 924 1196 καὶγὰρ
954 1126 1050 1180 καί⁵
1066 1125 1112 1159 ⁸³
1138 1126 1236 1197 τὴν
1259 1127 1474 1199 αἴτησιν
1507 1130 1844 1202 ποιούμενος,
1874 1149 2065 1187 κοινω-

483 1213 613 1278 νοὺς
639 1212 800 1268 ἔλαϐε
827 1216 956 1280 τοὺς
977 1217 1318 1288 ὁμοτρόπους
1346 1222 1448 1289 τῆς
1483 1225 1809 1293 προσευχῆς,
1845 1223 1940 1278 καὶ
1971 1225 2064 1278 τὸν

485 1302 659 1375 ὕμνον
684 1306 930 1375 ὑφαίνων
975 1308 1118 1379 ὑπὲρ
1146 1301 1223 1364 ὧν
1251 1309 1433 1376 ἔλαϐε,
1485 1312 1647 1366 πάλιν
1685 1315 1863 1369 αὐτῶν
1895 1316 2065 1386 ἐμνη-

485 1397 767 1465 μόνευσεν.
791 1400 866 1454 οὐ
888 1401 996 1475 γὰρ
1027 1397 1198 1465 εἶπεν,
1233 1398 1564 1474 Ἐγνώρισάς
1590 1421 1683 1474 μοι
1703 1405 1738 1460 ἀ
1754 1405 1962 1475 ὴξίωσά
1978 1426 2059 1472 σε,

479 1490 623 1554 ἀλλ’,
661 1509 684 1543 ί
719 1490 756 1546 ἀ
803 1491 1120 1564 ὴξιώσαμεν
1159 1494 1309 1564 παρά
1355 1494 1470 1550 σοῦ.
1513 1516 1533 1549 ι
1578 1495 1735 1552 Οὕτω
1777 1498 1868 1552 τὸν
1919 1499 2062 1554 θεῖον

480 1583 844 1656 ωμπεράνας
874 1583 1044 1655 ῢμνον
1069 1601 1086 1619 ο

569 1672 666 1726 κδ’.
742 1692 762 1725 ι
808 1674 918 1728 Καὶ
962 1675 1123 1741 εὐθὺς
1144 1677 1190 1708 ’⁵⁸
1231 1672 1397 1747 ἦλθε,
1448 1679 1582 1750 φησί
1613 1721 1627 1747 ,
1677 1680 1877 1753 Δανιὴλ
1923 1681 2058 1754 πρὸς

488 1761 726 1836 ’Δριὼχ,
774 1763 833 1818 δν
884 1766 1218 1839 κατέστησεν
1257 1769 1288 1821 ὁ
1334 1769 1585 1840 βασιλεὺς
1627 1772 1890 1828 ἀπολέσαι
1932 1775 2058 1838 τοὺς

2171 587 2529 652 agnoscentes
2563 581 2736 636 Deum
2774 597 2899 638 esse
2958 583 3138 650 illum,
3171 583 3266 654 qui
3296 583 3365 638 ad
3396 585 3742 641 necessarios

2170 686 2308 728 usus
2355 681 2667 743 opportuna
2714 674 3126 738 subministrat,
3164 685 3219 730 et
3265 674 3333 730 ad
3378 677 3502 744 ejus
3549 684 3743 746 portus

2168 763 2575 832 confugientes,
2601 780 2666 820 ac
2690 774 2817 837 post
2845 767 3193 838 suppeditata
3229 767 3373 822 bona
3397 767 3544 822 haud
3571 768 3743 824 susti-

2166 861 2363 911 nentes
2397 855 2790 912 beneﬁciorum
2843 858 3160 914 memoriam
3207 859 3486 914 oblivione
3533 858 3742 922 delere,

2165 956 2356 997 verum
2396 943 2586 1000 laudes
2619 944 2687 1000 de
2737 961 2799 1002 se
2832 946 2971 1002 bene
3019 947 3221 1003 merito
3263 946 3376 1004 Deo
3423 949 3740 1006 reddentes.

2165 1029 2362 1101 Operae
2403 1040 2590 1089 autem
2629 1041 2711 1090 est
2765 1035 3002 1104 pretium
3043 1036 3220 1092 divini
3249 1037 3416 1110 hujus
3443 1044 3460 1062 ‘
3491 1040 3595 1095 viri
3639 1055 3739 1096 no-

2164 1131 2283 1178 tare
2323 1124 2675 1180 modestiam.
2721 1124 2858 1181 Nam
2901 1135 2956 1182 et
3008 1143 3201 1198 preces
3249 1129 3504 1195 fundens,
3551 1133 3738 1188 socios

2163 1213 2573 1272 obsecrationis
2626 1217 2734 1272 sibi
2772 1218 2983 1275 similes
3030 1219 3247 1286 ascivit,
3279 1228 3333 1277 et
3363 1236 3465 1290 pro
3495 1221 3585 1288 iis,
3617 1236 3739 1294 qua:

2163 1317 2499 1362 consecutus
2537 1314 2676 1373 erat,
2712 1307 2929 1363 laudern
2967 1317 3292 1378 contexens,
3319 1327 3517 1370 rursus
3545 1329 3735 1372 eorum

2164 1394 2494 1449 mentionem
2539 1393 2690 1451 fecit.
2745 1395 2935 1467 Neque
2989 1398 3136 1453 enim
3191 1400 3377 1455 dixit:
3417 1421 3436 1454 ι
3471 1403 3736 1461 lndicasti

2161 1484 2293 1538 mihi
2326 1502 2344 1535 ι
2375 1499 2498 1555 qua:
2523 1485 2654 1555 petii
2685 1500 2714 1539 a
2743 1494 2820 1550 te,
2845 1488 2940 1543 sed
2981 1506 3000 1539 ι
3039 1504 3163 1560 quae
3192 1492 3507 1562 rogavimus
3539 1509 3568 1548 a
3593 1503 3664 1549 te.
3713 1514 3730 1546 ι

2161 1575 2238 1629 Ita
2266 1576 2519 1632 absoluta
2548 1576 2734 1632 divina
2757 1577 2917 1632 laude
2944 1594 2959 1632 :

2232 1664 2398 1722 Vens.
2430 1665 2522 1720 24.
2564 1685 2583 1718 ι
2623 1665 2690 1720 Et
2741 1667 2926 1722 statim
2973 1667 3144 1732 venit,
3187 1668 3387 1740 inquit,
3432 1670 3618 1728 Daniel
3666 1669 3732 1726 ad

2159 1759 2482 1822 Ariochum,
2533 1774 2697 1830 quem
2745 1758 3035 1814 constituit
3062 1774 3180 1824 rex,
3225 1768 3286 1815 ut
3330 1763 3584 1832 perderet
3644 1777 3735 1818 sa-

479 1856 680 1923 σοφοὺς
712 1855 1053 1922 Βαϐυλῶνος.
1097 1859 1192 1914 καὶ
1239 1855 1393 1914 εἷπεν
1439 1862 1588 1933 αὐτῷ
1613 1877 1626 1890 ·
1676 1863 1816 1930 Τοὺς
1859 1867 2052 1935 σοφοὺς

2161 1851 2374 1921 pientes
2402 1851 2718 1924 Babylonis,
2740 1859 2795 1907 et
2815 1851 2950 1906 dixit
2971 1852 3019 1907 ei
3044 1872 3056 1907 :
3080 1851 3367 1923 Sapientes
3402 1855 3619 1928 1086
3635 1855 3734 1911 Ba-

476 1942 800 2008 Βαϐυλῶνος
834 1946 909 2018 μὴ
941 1946 1215 2020 ἀπολέσῃς
1234 1990 1249 2014 ,
1302 1951 1563 2019 εἰσάγαγε
1608 1951 1666 2006 δέ
1714 1970 1782 2023 με
1828 1952 2058 2008 ἐνώπιον

475 2034 574 2088 τοῦ
612 2033 901 2104 βασιλέως,
947 2039 1040 2092 καὶ
1078 2040 1178 2112 τὴν
1229 2040 1517 2113 σύγκρισιν
1568 2044 1661 2098 τοῦ
1712 2047 1987 2118 ὁράματος
2011 2049 2061 2080 ⁸⁸

474 2126 764 2194 ἀναγγελῶ
788 2127 866 2199 τῷ
897 2127 1125 2199 βασιλεῖ.
1169 2149 1188 2180 ι
1246 2133 1480 2204 Πρέπων
1513 2136 1606 2190 καὶ
1637 2129 1789 2202 οὗτος
1819 2137 1898 2209 τῷ
1923 2154 2057 2210 rspo-

475 2217 624 2290 φήτῃ
647 2218 794 2284 ἔλεος
809 2219 856 2252 ³⁸
875 2236 887 2248 ·
912 2221 975 2274 οὐ
995 2221 1104 2294 γὰρ
1125 2221 1382 2296 ἠνέσχετο
1411 2228 1570 2297 μόνος
1593 2229 1732 2298 μετά
1753 2229 1862 2284 τῶν
1885 2231 2056 2300 φίλων

472 2309 576 2379 τῆς
622 2309 806 2364 ἀδίκου
822 2311 866 2344 δ’
909 2313 1291 2384 ἀπαλλαγῆναι
1337 2318 1574 2386 σφαγῆς,
1622 2319 1758 2373 ἀλλά
1804 2322 1902 2374 καὶ
1945 2323 2057 2385 τοῖς

471 2400 761 2466 Χαλδαίοις
809 2404 1258 2475 πραγματεύεται
1309 2409 1621 2480 σωτηρίαν,
1682 2410 1917 2476 ἐλπίζων
1965 2412 2054 2467 διὰ

471 2491 629 2548 τοῦδε
658 2493 753 2547 τοῦ
781 2492 1084 2564 θαύματος,
1121 2497 1216 2550 καὶ
1245 2497 1344 2567 τῆς
1369 2497 1626 2563 ἀσεϐείας
1654 2497 1850 2563 αὐτοὺς
1879 2502 2053 2554 ἀπαλι

471 2582 677 2649 λάξειν,
703 2585 799 2639 καὶ
829 2584 906 2656 τῷ
941 2585 1050 2639 τῶν
1080 2586 1217 2642 ὅλων
1247 2588 1540 2658 προσάξειν
1566 2589 1686 2662 Θεῷ

543 2675 642 2729 κε’.
683 2692 702 2726 ι
743 2677 802 2729 '0
824 2676 882 2729 δὲ
900 2675 946 2708 ⁸⁸
984 2674 1204 2748 Ἀριὼχ,
1238 2676 1444 2731 τούτων
1467 2678 1705 2745 ἀκούσας
1725 2681 1834 2735 τῶν
1854 2682 2048 2752 λόγων,

472 2764 680 2837 σπουδῇ
705 2765 796 2819 τδν
821 2766 1020 2838 Δανιὴλ
1045 2770 1338 2839 εἰσήγαγεν
1370 2770 1601 2826 ἐνώπιον
1625 2772 1720 2826 τοῦ
1765 2773 2049 2844 βασιλέως,

468 2857 566 2911 καὶ
595 2853 750 2911 εἴπεν
777 2857 931 2928 αὐτῷ
951 2875 965 2888 ·
1005 2858 1232 2931 Εὖρηκα
1273 2860 1442 2932 ἀνδρα
1484 2864 1550 2916 ὲκ
1584 2862 1693 2915 τῶν
1727 2862 1858 2916 υἱῶν
1875 2864 1921 2896 ’δ’
1953 2865 2050 2934 τῆς

469 2947 854 3018 αἰχμαλωσίας
885 2950 982 3020 τῆς
1026 2951 1306 3019 Ἰουδαίας,
1335 2953 1484 3015 ὅστις
1511 2953 1570 3007 τὸ
1593 2954 1638 2986 ⁸⁰
1669 2953 1948 3024 σύγκριμα
1972 2954 2051 3026 τῷ

469 3037 682 3108 βασιλεί
709 3041 1019 3110 ἀναγγελεῖ,
1054 3061 1071 3092 ι
1118 3043 1289 3097 Πάλιν
1318 3043 1571 3098 ἐντεῦθεν
1599 3046 1769 3114 σαφὲς
1801 3049 1933 3117 ἡμῖν
1958 3047 2050 3115 γέ-

465 3146 647 3197 γονεν,
678 3131 760 3186 ὃτι
803 3132 1013 3188 οὐδέπω
1056 3133 1154 3204 τῆς
1202 3133 1294 3188 τοῦ
1325 3135 1522 3208 Δανιὴλ
1548 3137 1751 3208 ἀρετῆς
1798 3141 1993 3209 πεῖραν
2020 3141 2048 3192 ὁ

2161 1942 2379 2015 bylonis
2423 1958 2492 1998 ne
2529 1943 2744 2014 perdas,
2801 1942 3056 1998 introduc
3101 1951 3284 2000 autem
3345 1961 3433 2002 me
3497 1949 3552 2002 in
3597 1963 3734 2005 con-

2160 2042 2414 2104 spectum
2436 2035 2610 2106 regis,
2633 2043 2688 2090 et
2710 2033 3216 2104 interpretationem
3246 2033 3482 2094 visionis
3511 2053 3729 2094 annuno

2159 2126 2308 2180 tiabo
2342 2126 2481 2197 regi.
2525 2145 2544 2177 ι
2576 2125 2703 2182 Haec
2737 2142 2956 2198 quoque
2996 2127 3376 2184 misericordia
3402 2129 3730 2200 prophetam

2157 2216 2332 2272 decet.
2371 2216 2557 2287 Neque
2596 2221 2744 2273 enim
2776 2219 2947 2273 voluit
2976 2219 3132 2274 solus
3162 2232 3286 2273 cum
3319 2220 3515 2276 amicis
3546 2221 3617 2276 ab
3647 2221 3732 2278 in-

2152 2311 2304 2382 justa
2343 2311 2492 2368 caede
2519 2313 2746 2368 liberari
2772 2331 2786 2368 :
2813 2314 2910 2369 sed
2939 2315 3106 2368 etiam
3133 2312 3404 2369 Chaldaeis
3431 2314 3729 2371 incolumi-

2144 2411 2328 2473 tatem
2367 2404 2624 2467 molitur,
2658 2404 2946 2460 conlidens
2982 2419 3041 2460 se
3077 2404 3182 2459 hoc
3224 2404 3497 2461 miraculo
3533 2420 3633 2463 eos
3660 2407 3729 2463 ab

2157 2496 2435 2566 impietate
2470 2497 2536 2550 ad
2573 2496 2818 2551 omnium
2855 2511 3039 2550 rerum
3091 2502 3373 2552 auctorem
3410 2493 3581 2553 Deum
3633 2497 3730 2552 ad-

2153 2587 2450 2642 ducturum
2480 2602 2623 2643 esse.
2657 2585 2758 2642 His
2794 2585 3002 2644 auditis
3035 2605 3048 2640 :

2227 2676 2395 2734 Vens.
2422 2678 2514 2732 25.
2561 2696 2580 2730 ι
2619 2677 2819 2734 Ariocb
2855 2693 2980 2733 cum
3035 2677 3387 2734 festinatione
3419 2679 3729 2734 introduxit

2154 2768 2435 2824 Danielem
2465 2767 2521 2823 in
2551 2775 2910 2838 conspectum
2954 2769 3122 2839 regis,
3157 2775 3214 2823 et
3245 2767 3388 2822 dixit
3420 2769 3470 2823 ei
3498 2784 3512 2820 :
3538 2766 3727 2824 inveni

2154 2861 2332 2914 virum
2363 2859 2433 2915 de
2468 2859 2600 2916 liliis
2633 2858 2977 2931 captivitatis
3001 2857 3226 2922 Iudaeae,
3269 2860 3361 2930 qui
3397 2858 3729 2930 interpreta-

2152 2952 2358 3007 tionem
2390 2952 2508 3023 ι’εεί
2541 2950 2914 3007 annuntiabit.
2949 2969 2968 3004 ι
2999 2950 3214 3007 Rursus
3245 2950 3376 3006 hinc
3408 2950 3573 3007 nobis
3599 2965 3725 3022 per-

2151 3043 2405 3114 spicuum
2460 3041 2540 3105 lit,
2575 3057 2608 3096 a
2666 3056 2794 3113 rege
2837 3041 3080 3098 nondum
3131 3040 3200 3096 de
3247 3039 3493 3098 Danielis
3526 3041 3728 3097 virtute

2153 3133 2354 3189 factum
2390 3132 2562 3189 fuisse
2596 3133 2927 3205 periculum.
2963 3131 3150 3203 Neque
3181 3133 3352 3199 enim,
3387 3133 3436 3190 si
3471 3132 3726 3206 cognitus

468 3223 725 3292 βασιλεὺς
752 3224 985 3294 εἰλήφει.
1019 3226 1094 3279 Οὐ
1112 3201 1313 3297 7&9".
1337 3201 1495 3298 εἴπερ
1523 3201 1867 3296 ἐγινώσκετο,
1895 3201 2048 3299 ἀορί-

2151 3229 2243 3284 ille
2266 3227 2484 3293 fuisset,
2521 3201 2668 3284 haud
2698 3226 2982 3283 indeﬁnite
3010 3201 3246 3285 dixisset
3269 3228 3474 3284 Arioch
3508 3201 3586 3282 εἰ
3627 3226 3722 3283 ιη-

466 3329 610 3378 στως
647 3308 797 3367 εἶπεν
821 3316 850 3367 ὁ
883 3313 1082 3385 ’Λριώχ
1113 3329 1128 3345 ⁸
1183 3333 1202 3367 ‹
1235 3314 1462 3389 Εὖρηκα
1494 3317 1662 3389 ἀνδρα
1691 3321 1756 3373 ὲκ
1780 3319 1889 3373 τῶν
1918 3319 2048 3375 υἰῶν

462 3407 566 3476 τῆς
599 3406 975 3477 αἰχμαλωσίας
1005 3408 1105 3478 τῆς
1152 3407 1434 3475 Ἰουδαίας,
1464 3410 1610 3474 ὅστις
1658 3411 1721 3464 τὸ
1768 3411 2047 3484 σύγκριμα

463 3496 546 3567 τῷ
575 3496 784 3566 βασιλεί
816 3497 1127 3567 ἀναγγελεῖ.
1173 3518 1192 3551 ι

532 3594 646 3654 κς’.
693 3608 710 3640 ι
749 3590 808 3642 '0
841 3589 897 3643 δὲ
931 3590 1185 3661 βασιλεὺς
1232 3591 1541 3664 περιχαρὴς
1590 3591 1879 3663 γενόμενος
1921 3589 2044 3647 εἰπε

457 3678 541 3750 τῷ
571 3680 790 3752 Δανιὴλ,
833 3675 896 3736 οὗ
938 3681 1000 3734 τὸ
1043 3681 1214 3752 ὄνομα
1261 3681 1547 3754 Βαλτάσαρ
1573 3697 1588 3712 ·
1643 3682 1708 3736 Εἰ
1750 3681 1975 3737 δύνασαι
1996 3683 2043 3716 ⁸¹

459 3772 778 3840 ἀναγγεῖλαι
797 3773 845 3806 ⁵³
868 3773 930 3827 τὸ
959 3772 1230 3840 ἐνύπνιον,
1264 3773 1292 3827 ὃ
1320 3769 1482 3841 εἶδον,
1507 3774 1604 3829 καί¹
1631 3772 1730 3846 τὴν
1759 3773 2044 3843 σύγκρισιν

459 3863 660 3929 absab;
695 3883 715 3915 ι
764 3864 1241 3936 Ἐπισημήνασθαι
1274 3865 1354 3918 δεῖ
1388 3867 1481 3920 καὶ
1511 3865 1686 3933 τοῦτο,
1713 3866 1796 3920 ὅτι
1830 3865 2041 3920 Βαλτά-

460 3972 568 4026 σαρ
599 3954 761 4010 αὑτὸν
784 3957 885 4009 οὐκ
910 3956 997 4009 ἀεὶ
1025 3954 1441 4027 προσαγορεύει,
1473 3955 1591 4010 ἀλλ’
1619 3957 1710 4010 ὅτε
1729 3955 1807 4026 τῷ
1832 3955 2042 4026 βασιλεί

455 4045 782 4114 διαλέγεται,
826 4046 1090 4116 ταύτηνιδ
1131 4046 1280 4116 αὑτῷ
1323 4045 1422 4117 τὴν
1455 4047 1827 4118 προσηγορίαν
1859 4049 2040 4100 imre.

456 4134 682 4190 θεικότι.
731 4136 1062 4208 Ἐρωτηθεὶς
1101 4135 1159 4190 δὲ
1204 4136 1390 4204 ὅμως,
1439 4136 1486 4188 εἰ
1519 4133 1736 4188 δύναιτο
1761 4135 1808 4167 ⁸³
1841 4133 1936 4188 καὶ
1980 4133 2038 4187 τὸ

453 4223 732 4291 ἐνύπνιον,
766 4225 860 4279 καὶ
891 4224 990 4296 τὴν
1017 4223 1316 4296 ἑρμηνείαν
1345 4223 1734 4292 ὲπαγγεῖλαι⁸⁵
1763 4223 1842 4294 τῷ
1880 4223 2035 4292 βασι-

453 4315 556 4377 λεῖ,
593 4315 928 4384 ἀπεκρίνατο
958 4313 1132 4384 λέγων
1163 4329 1178 4344 ·

523 4403 627 4469 κζ’.
657 4423 676 4456 ι
706 4405 749 4457 Τ
751 4403 781 4458 δ
805 4404 1104 4477 μυστήριον
1132 4403 1162 4458 δ
1180 4405 1208 4459 ὁ
1225 4403 1479 4474 βασιλεὺς
1501 4405 1774 4476 ἐπερωτᾷ,
1798 4405 1898 4460 οὐκ
1917 4403 2033 4458 ἔστι

453 4493 638 4566 σοφῶν
657 4538 672 4562 ,
732 4497 925 4566 μάγων
946 4533 962 4560 ,
1015 4495 1284 4550 ἐπαοιδῶν
1307 4535 1323 4560 ,
1379 4494 1711 4568 Γαζαρηνῶν
1764 4497 2028 4564 ἀναγγεῖ·
2060 4527 2109 4587 D

447 4588 600 4644 λαι³⁷
628 4587 706 4658 τῷ
736 4587 963 4658 βασιλεῖ.
997 4589 1151 4661 (κη’.)
1198 4587 1338 4642 Ἀλλ’
1365 4587 1483 4644 ἔστι
1507 4588 1641 4654 Θεὸς
1657 4589 1704 4623 ⁸⁸
1729 4591 1788 4644 εν
1817 4587 2032 4662 οὐρανῷ

447 4679 855 4736 ἀποκαλύπτων
891 4682 1185 4754 μυστήρια.
1219 4699 1240 4735 ι
1282 4681 1626 4753 Θαυμαστῶς
1654 4682 1754 4752 τῆς
1777 4682 2034 4737 διδασκα-

445 4771 565 4835 λίας
590 4768 794 4842 ὴρξατο
817 4787 833 4802 ο
869 4769 1118 4825 ἔκϐαλὼν
1138 4770 1247 4844 γὰρ
1279 4770 1370 4826 τὸν
1399 4771 1510 4824 τῶν
1535 4769 1788 4843 ἀφρόνων
1807 4770 2034 4825 ἐκείνων

446 4863 629 4934 χορὸν,
661 4861 759 4916 καὶ
783 4859 1083 4931 γυμνώσας
1109 4862 1288 4916 αὐτῶν
1318 4862 1420 4934 τὴν
1451 4862 1756 4927 ἀσθένειαν,
1788 4862 1880 4917 τὸν
1900 4861 2033 4916 θεὸν

445 4950 588 5007 εἷναι
640 4952 744 5023 ἔφη
792 4951 894 5022 τῆς
940 4951 1050 5006 τῶν
1096 4953 1412 5026 μυστηρίων
1446 4953 1842 5025 ἀποκαλύψεως
1885 4952 2032 5007 διδά-

447 5044 667 5099 σκαλον·
705 5042 1059 5117 προστέθεικε
1084 5042 1162 5108 δὲ,
1193 5042 1263 5096 ἐν
1283 5044 1532 5116 οὐρανῷ.
1557 5048 1684 5110 τοὺς
1713 5045 1864 5099 κάτω
1893 5061 2033 5112 γινο-

450 5137 648 5206 μένους
676 5137 721 5170 ⁸⁹
764 5137 860 5190 καὶ
917 5135 1427 5204 προσκυνουμένους
1485 5134 1731 5191 ἐκϐαλὼν
1754 5136 1800 5168 ⁸⁸
1850 5132 2024 5196 θεούς.

2147 3319 2270 3374 veni
2297 3321 2474 3376 virum
2520 3320 2591 3375 de
2630 3320 2760 3375 ﬁliis
2806 3319 3144 3390 captivitatis
3175 3319 3394 3388 ludam,
3419 3320 3514 3391 qui
3551 3319 3724 3376 inter-

2146 3410 2507 3478 pretationem
2543 3409 2658 3480 regi
2691 3409 3064 3468 annuntiabit.
3106 3429 3125 3462 ι

2217 3583 2387 3641 Vens.
2419 3583 2510 3642 26.
2551 3603 2570 3639 ι
2617 3583 2736 3642 Rex
2776 3595 2981 3652 autem,
3025 3586 3319 3643 admodum
3366 3587 3546 3657 laetus,
3586 3589 3721 3648 dixit

2147 3677 2381 3743 Danieli,
2408 3678 2573 3747 cujus
2619 3692 2816 3735 nomen
2850 3677 3104 3736 Baltasar
3144 3678 3266 3735 :An
3297 3689 3458 3752 potes
3501 3695 3720 3738 annun-

2143 3771 2283 3828 tiare
2345 3771 2624 3827 somnium
2678 3769 2828 3843 quod
2884 3771 3046 3836 vidi,
3097 3780 3152 3828 et
3209 3772 3721 3844 interpretationem

2141 3861 2302 3930 ejus?
2336 3879 2354 3913 ι
2380 3858 2495 3916 Hoc
2538 3875 2762 3932 quoque
2815 3859 3371 3918 animadvertendum
3418 3873 3532 3929 est,
3573 3864 3718 3934 quod

2142 3951 2322 4020 ipsum
2357 3965 2468 4006 non
2517 3965 2733 4022 semper
2778 3951 3032 4008 Baltasar
3067 3953 3325 4024 appellet,
3365 3954 3462 4010 sed
3491 3955 3719 4026 quando

2140 4056 2265 4097 cum
2301 4057 2453 4113 rege,
2480 4043 2574 4114 qui
2625 4042 2733 4114 ipsi
2769 4042 2874 4098 hoc
2910 4058 3111 4099 nomen
3147 4045 3508 4115 imposuerat,
3544 4048 3718 4102 collo—

2112 4133 2347 4202 quitur.
2399 4130 2794 4189 Verumtamen
2849 4132 3246 4204 interrogatus,
3287 4149 3356 4189 an
3407 4145 3593 4208 posset
3662 4148 3720 4192 et

2138 4223 2415 4278 somnium
2459 4231 2516 4280 et
2543 4222 3059 4292 interpretationem
3105 4229 3437 4283 annuntiare
3465 4226 3602 4300 regi,
3643 4229 3715 4282 ita

2136 4314 2426 4386 respondit
2463 4333 2478 4370 :

2207 4405 2322 4480 [ειη
2361 4424 2380 4456 ‹
2412 4405 2760 4478 Mysterium,
2803 4405 2950 4478 quod
2984 4420 3081 4461 rex
3113 4407 3444 4481 interrogat,
3471 4424 3580 4465 non
3627 4419 3713 4465 est

2134 4498 2467 4569 sapientum,
2515 4510 2830 4568 magorum,
2887 4496 3321 4564 incantatorum,
3367 4499 3709 4569 aruspicum.

2133 4588 2464 4646 annuntiare
2496 4588 2630 4658 regi.
2663 4585 2856 4659 (Vsus.
2878 4587 2994 4659 28.)
3040 4586 3149 4644 Sed
3196 4596 3282 4646 est
3313 4589 3524 4662 1087
3564 4589 3709 4648 Deus

2128 4680 2186 4736 in
2227 4679 2372 4734 ctelo
2419 4677 2672 4733 revelans
2717 4675 3004 4748 mysteria.
3069 4696 3088 4730 ι
3141 4675 3560 4733 Admirabiliter
3607 4679 3708 4736 do-

2130 4768 2325 4823 ctrina
2355 4765 2485 4823 fecit
2516 4766 2760 4823 initium.
2794 4765 2988 4835 Ejecto
3032 4766 3178 4822 enim
3214 4767 3594 4837 insipientium
3639 4769 3709 4824 ιι.
3813 4796 3822 4805 -

2130 4862 2308 4917 lorum
2327 4859 2520 4922 choro,
2545 4872 2849 4930 eorumque
2873 4857 3087 4915 detecta
3107 4857 3507 4926 imbecillitate,
3539 4862 3707 4916 Deum

2127 4966 2257 5008 esse
2295 4949 2534 5005 asseruit
2575 4962 2773 5004 arcana
2824 4946 3103 5003 revelandi
3137 4950 3490 5018 magistrum,
3518 4960 3573 5006 et
3609 4951 3708 5006 ad-

2129 5042 2261 5113 jecit
2299 5041 2353 5095 in
2381 5040 2530 5102 calo,
2563 5039 2630 5094 iis
2664 5038 2792 5104 diis,
2823 5038 2914 5106 qui
2948 5035 3207 5093 deorsum
3239 5047 3526 5096 versantes
3553 5041 3705 5096 cole-

2136 5139 2351 5193 rentur,
2371 5127 2610 5199 rejectis.
2629 5126 2695 5180 Et
2713 5126 2975 5197 singulari
2998 5125 3220 5197 quidem
3240 5130 3462 5184 nomine
3479 5130 3706 5190 deorum

1714 5286 1950 5344 VARUE
1989 5285 2393 5344 LECTIONES.

519 5453 568 5487 η
594 5452 689 5508 τοῦ
723 5483 793 5497 ,-

867 5468 960 5506 ασ.
1007 5450 1130 5507 Des.
1173 5451 1228 5506 in
1254 5451 1297 5505 Δ
1327 5458 1380 5505 et
1416 5449 1470 5504 in
1504 5456 1654 5503 tealu
1688 5445 1883 5501 Chald.
1962 5447 2006 5478 ⁸³
2029 5446 2144 5500 καί.
2193 5444 2318 5501 Des.
2361 5443 2414 5497 in
2455 5441 2515 5496 B.
2595 5440 2641 5472 “
2682 5440 2801 5495 εύΘ.
2829 5441 2952 5498 Dos.
3002 5441 3056 5497 in
3095 5441 3209 5494 Aet
3237 5439 3291 5493 in
3318 5437 3697 5507 textuChAald.

441 5524 493 5557 δ’
524 5501 684 5578 τούδ.
703 5524 806 5594 ἀμ.
987 5501 1676 5577 Invitet—invtestithald.
1753 5515 1798 5546 “
1819 5515 1895 5570 ελ.
1933 5515 1975 5569 Β
2005 5531 2194 5585 prtem.
2225 5517 2271 5568 ὁ.
2329 5513 2372 5544 ⁸⁷
2407 5529 2456 5565 τ.
2489 5509 2572 5564 άδ.
2604 5508 2660 5566 In
2775 5515 2998 5582 ponitur
3025 5517 3149 5583 post
3172 5507 3370 5592 61:11)...
3447 5506 3512 5540 ⁸⁸·
3532 5501 3592 5558 '0
3615 5507 3695 5559 δέ.

446 5595 568 5649 Aet
591 5540 822 5650 Βλότε.
899 5591 1110 5645 δὐἰῶν.
1145 5589 1224 5648 Ex
1257 5593 1299 5644 Α
1337 5598 1390 5644 et
1421 5587 1668 5650 Bsuppl.
1765 5585 1809 5618 '°
1835 5585 1913 5638 τό.
1949 5583 2026 5640 Ex
2066 5590 2104 5641 A
2137 5595 2187 5640 et
2231 5585 2272 5638 Β
2328 5583 2509 5650 suppl.
2586 5579 2627 5611 "
2671 5598 2779 5650 γαρ
2819 5583 2859 5635 Β
2885 5582 3011 5641 add.
3058 5582 3143 5638 ἄν.
3219 5577 3419 5650 {udum
3469 5575 3518 5629 Λ
3561 5583 3616 5650 ﬁt
3659 5573 3695 5626 Β

446 5595 490 5649 Α
513 5601 568 5647 et
591 5587 822 5650 ἰλτότε.
899 5591 1110 5645 "om.
1145 5589 1224 5648 Es
1257 5593 1299 5644 Α
1337 5598 1390 5644 et
1421 5588 1463 5642 B
1485 5587 1668 5656 suppl.

445 5664 654 5717 addunt
690 5678 800 5734 μοι.
877 5660 922 5692 ⁸³
945 5661 987 5734 B
1012 5659 1366 5734 ἀτταγγείλειἶ

445 5724 731 5805 pi'aetitisso
765 5731 1101 5800 δυναμένων.
1145 5724 1237 5762 ’³⁸
1268 5727 1413 5790 Θεός.
1447 5724 1488 5779 Β
1521 5741 1706 5797 prtem.
1737 5728 1783 5779 ὁ.

1765 5585 1809 5618 ιθ
1835 5585 1913 5638 τό.
1949 5579 2026 5640 Ei
2066 5590 2104 5641 A
2137 5595 2187 5640 et
2231 5585 2272 5654 Β
2310 5583 2509 5654 supple
2586 5579 2859 5654 ’ἊΥᾷνρίΒ
2885 5579 3143 5654 θάάοῘᾶν·

1461 5657 1508 5688 ⁸⁵
1537 5654 1690 5710 esse.
1714 5655 1756 5712 Β
1783 5671 1966 5727 prmm.
1995 5654 2088 5724 ιῷ.
2166 5655 2210 5686 ⁸⁸
2240 5654 2276 5706 Β
2302 5654 2379 5707 δύη

1461 5726 1488 5778 Β
1521 5741 1706 5794 prtem.
1737 5728 1783 5779 ὁ.
1875 5725 1918 5756 θ’
1963 5725 2002 5777 Β
2034 5725 2379 5794 γενομένους.

3219 5577 3265 5610 ⁸⁸
3301 5576 3413 5629 δὺν.
3469 5575 3518 5629 Λ
3562 5583 3616 5629 εἰ
3659 5573 3698 5626 Β

2166 5655 2210 5686 ⁸⁵
2240 5653 2276 5706 Β
2302 5639 2538 5707 δύναται.
2642 5639 2694 5684 ’δ
2721 5639 2760 5704 Β
2790 5639 3125 5720 ἀναγγεῖλαι.
3206 5649 3250 5680 ⁸⁷
3275 5639 3320 5699 Β
3345 5642 3693 5712 ἀὲᾱττῑηαι,
3770 5695 3774 5698 .

2475 5722 2524 5749 ⁵⁸
2545 5721 2586 5775 Β
2611 5721 2902 5777 ἐκϐάλλων.
3715 5761 3720 5764 .
