4070 6408
373 333 505 396 1295

1337 323 1821 388 THEODORETI
1852 323 2190 384 EPISCOI’I
2224 323 2585 384 CYRENSIS

3469 331 3611 396 1295

366 449 459 516 qui
487 431 599 501 nou
624 451 775 510 sunt,
801 442 1024 514 expellit
1047 439 1456 496 multitudinem
1480 459 1492 493 :
1517 454 1585 496 eo
1610 454 1764 503 vero,
1791 439 1929 508 quod

2043 439 2151 492 Kal.
2194 437 2272 508 τῷ
2315 439 2410 508 μέν
2442 437 2602 508 ἐνικῷ
2633 438 2854 506 ὀνόματι
2902 442 2962 493 τὺ
2997 441 3194 512 πλῆθος
3227 443 3477 497 ἐκϐάλλει
3503 445 3616 498 τῶν

368 541 420 592 in
448 535 590 591 crelo
617 533 812 604 degere
839 533 1015 602 ipsum
1045 529 1205 594 dixit,
1237 544 1332 583 eos
1358 528 1450 597 qui
1493 528 1752 584 deorsum
1782 543 1934 583 com-

367 633 649 699 parerent,
695 639 805 679 non
847 638 969 677 esse
1034 620 1168 675 deos
1212 621 1476 686 ostendit,
1529 620 1625 676 sed
1684 620 1936 676 fraudem

365 721 435 774 ab
468 721 486 738 ‘
518 718 757 772 humano
801 713 1037 768 artificio
1087 711 1412 782 profectam.
1451 732 1467 764 ι
1507 713 1614 769 Hic
1661 711 1807 768 Deus
1845 713 1933 766 in-

364 812 567 867 dicavit
612 805 1167 870 Nabuchodonosori,
1229 821 1352 876 qua:
1401 813 1650 875 oporteat
1701 805 1822 861 fieri
1880 805 1936 859 in

364 900 682 957 nevissimis
732 897 951 952 diebus.
990 915 1009 948 ι
1047 895 1127 951 lta
1161 912 1394 952 exorsus
1446 911 1648 953 rursus
1702 897 1938 966 benigne

363 991 684 1062 appellando
711 989 816 1045 sibi
841 988 909 1043 ad
943 988 1276 1044 audiendum
1312 989 1459 1058 regis
1493 988 1934 1043 benevolentiam

363 1082 639 1137 conciliat.
673 1099 692 1132 ι
733 1080 871 1146 Rex,
918 1079 1128 1149 inquit,
1185 1080 1243 1133 in
1305 1080 1503 1133 saecula
1551 1079 1691 1133 vive.
1735 1096 1754 1130 ι
1801 1077 1937 1132 Nam

363 1173 490 1243 quia
539 1172 818 1227 somnium
862 1171 1119 1226 dicturus
1175 1179 1282 1233 est,
1317 1178 1371 1224 et
1426 1169 1936 1239 interpretationem

363 1263 660 1324 sllaturus,
705 1263 927 1332 ipsique
971 1262 1123 1330 regni
1173 1262 1514 1316 eversionem
1548 1262 1936 1330 pmdicturus,

379 1353 454 1406 ita
494 1350 758 1422 praefatur
803 1351 1046 1420 :Cnpio,
1084 1352 1280 1419 inquit,
1311 1365 1411 1419 ego
1450 1351 1634 1404 animo
1689 1366 1827 1413 meo.
1885 1351 1939 1404 in

363 1451 691 1512 perpetuum
725 1442 909 1495 vivere
956 1448 1044 1505 te;
1096 1456 1164 1496 ne
1194 1441 1380 1508 itaque
1430 1441 1563 1494 mihi
1607 1443 1938 1510 ascripseris

363 1533 511 1602 quod
573 1533 674 1586 tibi
729 1546 825 1600 per
877 1532 1148 1585 somnium
1206 1529 1542 1584 declaratur.
1598 1529 1736 1584 Tum
1804 1535 1934 1588 ait:

372 1642 388 1672 ι
433 1622 718 1678 Somnium
750 1630 926 1686 tuum,
958 1630 1013 1676 et
1039 1623 1280 1678 visiones
1315 1623 1518 1691 capitis
1550 1623 1627 1677 tui
1677 1625 1732 1678 in
1763 1626 1934 1680 cubili

2039 529 2136 582 ούκ
2163 530 2331 583 ὄντων
2361 528 2514 593 θεῶν,
2539 532 2604 600 τῇ
2633 529 2687 584 δὲ
2717 532 2774 582 ἐν
2803 531 3016 602 οὐρανῷ
3041 532 3286 605 διαγωγῇ
3310 535 3437 599 τοὺς
3459 535 3614 593 κάτω

2038 619 2391 689 φαινομένους
2413 619 2682 673 δείκνυσιν
2705 621 2768 674 οὐ
2791 622 2966 686 θεοὺς,
2986 611 3338 695 amnem
3356 627 3612 697 ἀφορμὴν

2036 709 2265 780 ἔχουσαν
2297 709 2404 764 τῶν
2427 709 2727 782 ἀνθρώπων
2756 713 2854 783 τὴν
2881 713 3097 784 τέχνην.
3140 733 3158 766 ι
3182 707 3348 777 Οὗτος
3371 717 3415 760 “.
3441 716 3612 784 ἐγνώ-

2037 818 2189 872 ρισεν
2221 803 2250 854 ὁ
2276 802 2407 865 Θεὸς
2437 801 2515 872 τῷ
2554 802 2761 872 βασιλεῖ
2794 804 3262 874 Ναϐουχοδονόσορ
3286 803 3323 860 ἃ
3351 805 3432 859 δεῖ
3453 806 3612 874 γενέ,

2039 891 2163 946 σθαι
2195 892 2280 945 ἐπ’
2309 893 2607 962 ὲσχάτων⁶⁸
2637 893 2744 946 τῶν
2782 894 3028 966 ἡμερῶν.
3061 913 3080 946 ι
3125 881 3282 948 Οὕτω
3309 887 3614 968 προοιμιαηι

2039 985 2310 1056 σάμενος,
2349 985 2511 1050 πάλιν
2562 988 2860 1041 ἐπισπᾶται
2913 991 2982 1058 τῇ
3015 987 3236 1058 εὐλογίᾳ
3277 989 3358 1052 είς
3402 987 3616 1042 εὔνοιαν

2036 1077 2130 1132 τοῦ
2159 1077 2424 1147 βασιλέως
2461 1079 2558 1148 τὴν
2594 1078 2781 1150 ἀκοήν.
2847 1097 2864 1128 ι
2901 1078 3128 1131 Βασιλεῦ
3149 1079 3214 1147 ⁸³,
3248 1077 3388 1149 γάρ,
3426 1078 3614 1150 φησὶν,

2037 1170 2119 1233 είς
2146 1172 2272 1233 τοὺς
2301 1169 2503 1232 αἰῶνας
2533 1169 2678 1240 ζῆθι.
2722 1189 2742 1222 ι
2799 1171 3019 1240 Ἐπειδὴ
3050 1171 3160 1243 γὰρ
3213 1172 3395 1243 μέλλει
3427 1172 3520 1226 καὶ
3553 1172 3618 1225 τὸ

2040 1261 2288 1316 ἐνύπνιον
2335 1262 2551 1331 λέγειν,
2601 1264 2694 1317 καὶ
2733 1262 2835 1332 τὴν
2879 1264 3177 1334 ἑρμηνείαν
3225 1265 3478 1334 ἐπάγειν,
3521 1263 3618 1319 καὶ

2041 1353 2331 1424 προλέγειν
2360 1354 2508 1424 αύτῷ
2539 1354 2638 1424 τὴν
2670 1356 2767 1421 τῆς
2808 1353 3088 1423 βασιλείας
3121 1357 3438 1424 κατάλυσιν,
3483 1372 3618 1426 προ-τ

2041 1443 2451 1513 οιμιαζὸμενοςο
2506 1444 2734 1515 Εύχὴυδ,
2784 1445 2976 1515 φησὶν,
3025 1447 3174 1499 ἐστὶν
3205 1447 3358 1516 ἐμοὶ,
3410 1445 3510 1517 ζῇν
3556 1462 3615 1500 σε

2043 1534 2335 1605 διηνεκῶς·
2372 1536 2445 1606 μὴ
2482 1535 2659 1588 τοίνυν
2700 1537 2824 1604 ἐμοὶ
2853 1536 3163 1607 ἐπιγράψεις
3189 1535 3250 1589 τὸ
3275 1535 3380 1590 ὑπὸ
3405 1535 3498 1593 τοῦ
3528 1537 3616 1590 ἐν-

2045 1626 2236 1681 υπνίου
2265 1625 2611 1696 δηλούμενον.
2645 1622 2778 1682 Εἶτά
2825 1644 2996 1698 φησι·
3057 1647 3076 1678 ι
3105 1627 3178 1680 Τὸ
3215 1628 3466 1682 ἐνύπνιόν
3495 1644 3614 1690 σου,

365 1725 478 1782 tuo,
514 1716 618 1769 hoc
660 1719 765 1777 est,
809 1726 926 1768 rex.
962 1731 985 1764 ι
1026 1710 1081 1766 ld
1110 1723 1212 1777 est,
1240 1728 1362 1783 quae
1395 1722 1559 1770 nocte
1579 1715 1785 1780 vidisti,
1824 1718 1929 1772 luet

2047 1717 2143 1771 καὶ
2186 1718 2242 1770 ai
2283 1718 2568 1786 ὁράσεις⁶⁸
2595 1718 2692 1788 τῆς
2733 1718 2977 1790 κεφαλῆς
3018 1735 3134 1782 σου,
3183 1719 3276 1772 ἐπὶ
3301 1719 3398 1789 τῆς
3429 1717 3616 1788 κοίτης

363 1813 527 1860 sunt:

433 1976 600 2032 Vens.
623 1974 715 2029 ΩΒ.
755 1993 774 2026 ι
804 1972 1190 2050 Cogitationes
1207 1983 1312 2030 tuae
1342 1974 1397 2028 in
1426 1973 1599 2032 cubili
1628 1981 1724 2030 tuo
1752 1988 1941 2030 ascen-

362 2069 580 2131 derunt,
611 2067 678 2123 de
698 2067 766 2122 iis
791 2081 913 2136 quae
945 2053 1197 2136 oporteat
1226 2066 1344 2122 fieri
1387 2075 1509 2136 post
1543 2066 1679 2122 haec.
1712 2084 1730 2117 ι
1771 2066 1939 2137 Cogi-

363 2162 540 2225 tabas,
574 2161 776 2229 inquit,
811 2159 865 2214 in
895 2159 1042 2213 lecto
1071 2159 1306 2222 cubans,
1337 2173 1408 2213 an
1448 2175 1665 2230 semper
1690 2160 1938 2214 victurus

359 2265 533 2313 esses,
573 2263 642 2303 an
689 2261 821 2307 vero
874 2248 1130 2302 humanae
1178 2257 1392 2303 natura;
1436 2249 1552 2320 lege
1591 2249 1938 2305 moriturus?

358 2339 634 2411 Cupiebas
673 2348 854 2394 autem
913 2354 1000 2402 ea,
1051 2355 1173 2410 qua:
1229 2341 1475 2396 nondum
1521 2342 1794 2410 accidere,
1841 2359 1933 2399 co-

358 2444 645 2500 gnoscere.
700 2428 765 2482 Et
791 2428 839 2486 is
870 2430 961 2499 qui
1005 2444 1207 2486 arcana
1256 2431 1482 2498 revelat,
1523 2431 1786 2487 indicavit
1833 2434 1934 2488 tibi

355 2536 480 2591 quae
500 2529 753 2592 oporteat
785 2521 1028 2575 evenire.
1053 2518 1270 2590 Ubique
1305 2531 1486 2588 autem
1513 2523 1736 2594 1088
1766 2540 1933 2579 unum

361 2613 526 2669 Deum
568 2612 849 2684 praedicat,
888 2619 945 2667 ut
992 2613 1367 2669 multitudinis
1408 2614 1638 2668 deorum
1680 2615 1936 2670 excludat

357 2716 644 2761 errorem:
694 2700 894 2762 deinde
933 2701 1136 2756 mentis
1183 2715 1405 2770 quoque
1454 2715 1570 2756 suae
1605 2702 1933 2759 modestiam

354 2792 702 2862 comprobat.

437 2882 594 2936 Vens.
631 2880 721 2938 '50.
765 2901 784 2935 ι
828 2881 956 2938 Mihi
1008 2883 1184 2945 enim,
1233 2885 1436 2954 inquit,
1467 2899 1578 2939 non
1615 2884 1672 2938 in
1714 2886 1933 2955 sapien-

355 2973 453 3038 tia,
484 2987 610 3043 quae
633 2981 720 3026 est
759 2973 813 3027 in
857 2989 942 3027 me
970 2980 1168 3041 praeter
1199 2988 1391 3041 omnes
1431 2975 1699 3041 viventes,
1729 2985 1935 3050 myste-

357 3066 498 3120 rium
530 3063 633 3120 hoc
676 3065 978 3118 revelatum
1017 3076 1101 3118 est
1137 3083 1149 3119 :
1193 3065 1288 3121 sed
1336 3066 1458 3122 ideo
1494 3075 1552 3120 ut
1602 3067 1935 3137 interpreta-

354 3155 559 3210 tionem
608 3155 720 3224 rcgi
751 3150 1077 3218 indicarem,
1115 3163 1170 3226 et
1209 3165 1270 3210 ut
1309 3171 1614 3226 cognoscas
1644 3160 1935 3230 cogitatio-

355 3259 453 3302 nes
493 3246 679 3300 cordis
713 3246 814 3309 tui.
854 3264 873 3298 ι
914 3246 1238 3310 Assecutus,
1294 3247 1492 3319 inquit,
1529 3265 1675 3313 sum,
1722 3259 1780 3304 ut
1829 3251 1932 3306 hoc

355 3335 487 3388 mihi
526 3336 887 3398 revelaretur,
936 3353 1043 3391 non
1089 3337 1251 3407 quasi
1291 3339 1395 3393 sim
1423 3340 1728 3410 sapientior
1754 3344 1933 3396 omni-

355 3427 455 3479 bus
490 3426 826 3493 hominibus,
870 3427 966 3482 sed
1007 3436 1065 3481 ut
1098 3437 1156 3485 tu
1189 3444 1491 3500 cognoscas
1543 3447 1666 3501 quae
1719 3431 1931 3490 discere

351 3516 682 3586 concupisti,
716 3532 914 3586 meque
935 3527 994 3572 ut
1024 3517 1230 3573 famulo
1263 3535 1366 3574 suo
1403 3520 1570 3590 hujus
1596 3523 1929 3592 cognitionis

352 3605 602 3660 ministro
631 3622 765 3662 usus
793 3617 878 3661 est
917 3607 1083 3664 Deus.
1113 3609 1412 3678 Exorditur
1447 3612 1637 3681 itaque
1662 3614 1931 3682 narratio-

350 3710 494 3758 nem,
527 3710 592 3750 ac
622 3697 858 3768 primum
890 3699 1069 3766 ipsum
1101 3699 1258 3754 aﬂ‘ert
1280 3702 1580 3756 somnium.

423 3785 588 3840 \‘sns.
629 3786 824 3841 fil-'55.
863 3808 880 3838 ι
920 3786 1026 3853 Tu,
1071 3804 1186 3854 rex,
1226 3791 1472 3854 videbas,
1505 3801 1557 3847 et
1579 3808 1708 3848 ecce
1749 3795 1929 3867 imago

347 3891 474 3939 una,
509 3877 697 3943 multa,
734 3877 913 3948 imago
943 3881 1038 3933 illa
1086 3895 1304 3948 magna,
1344 3892 1398 3936 et
1432 3881 1603 3939 facies
1646 3886 1768 3954 ejus
1810 3889 1924 3943 cle-

344 3974 469 4019 vata
496 3975 652 4022 stans
680 3983 710 4021 a
744 3967 884 4023 facie
906 3977 1020 4035 tua,
1051 3979 1106 4024 ct
1132 3973 1273 4027 visio
1304 3973 1426 4043 ejus
1457 3975 1742 4032 terribilis.
1779 3978 1922 4033 Inta-

343 4073 430 4125 βο,
469 4057 634 4126 cujus
675 4067 843 4129 caput
876 4062 995 4116 auri
1023 4063 1194 4132 puri;
1247 4080 1466 4132 manus,
1509 4075 1563 4122 et
1608 4079 1820 4139 pectus,
1867 4082 1922 4126 et

345 4147 566 4200 brachia
606 4149 727 4218 ejus
779 4162 1036 4221 argentea
1080 4171 1095 4212 :
1144 4162 1334 4210 venter
1387 4163 1442 4211 et
1492 4156 1703 4214 femora
1753 4176 1918 4216 terea.

342 4237 407 4289 Et
444 4239 594 4294 tibiae
641 4241 852 4308 ferreae,
905 4245 1073 4313 pedes
1129 4248 1327 4315 partim
1383 4247 1569 4314 ferrei,
1617 4262 1669 4307 et
1720 4256 1917 4322 partim

341 4329 554 4385 lietiles.
609 4354 626 4382 ι
685 4331 1116 4404 Quadruplicem
1170 4339 1457 4394 materiam
1512 4356 1610 4411 per
1656 4347 1916 4413 praedicta

1973 1787 2015 1844 Β
2046 1823 2160 1872 σου,
2196 1806 2354 1860 τοῦτό
2372 1807 2416 1838 ⁸⁸
2440 1809 2576 1872 ἐστι,
2603 1787 2847 1876 βασιλεῦ.
2884 1825 2902 1858 ι
2934 1787 3096 1861 λΔντὶ
3126 1805 3219 1858 τοῦ
3244 1822 3258 1836 ο
3291 1787 3364 1870 "AV
3398 1787 3616 1877 νύκτωρ

2041 1897 2272 1962 ἐθεάσω,
2296 1897 2468 1953 ταῦτά
2496 1900 2662 1951 ἐστιν·
3143 1945 3150 1951 .

2110 1991 2212 2043 κθθ.
2263 2010 2280 2042 ι
2311 1991 2374 2044 Ol
2403 1987 2743 2059 διαλογισμοί
2805 2006 2896 2042 σου
2927 1989 3021 2042 ἐπὶ
3048 1987 3148 2057 τῆς
3172 1987 3359 2057 κοίτης
3389 2004 3484 2040 σου
3522 1987 3615 2040 άν-

2040 2080 2264 2150 έϐησαν,
2311 2079 2346 2134 ὃ.
2380 2079 2421 2111 ⁸⁷
2455 2079 2536 2132 δεῖ
2567 2078 2818 2148 γενέσθαι
2851 2079 2988 2150 μετὰ
3012 2078 3204 2133 ταῦτα.
3251 2097 3269 2132 ι
3315 2078 3611 2146 Ἐλογίζου,

2039 2172 2194 2241 φησι,
2245 2171 2642 2239 κατακείμενος
2697 2170 2788 2222 ἐπὶ
2830 2170 2930 2241 τῆς
2987 2171 3194 2242 κλίνης,
3250 2171 3359 2224 εἴτε
3399 2171 3480 2233 είς
3525 2171 3614 2224 ἀεὶ

2038 2261 2197 2334 ζήσῃ,
2228 2263 2338 2317 εἴτε
2365 2262 2441 2332 τῷ
2471 2263 2619 2332 νόμῳ
2642 2263 2748 2316 τῶν
2776 2261 3080 2332 ἀνθρώπων
3123 2263 3228 2316 ὑπὸ
3265 2262 3357 2317 τὸν
3385 2262 3612 2318 θάνατον

2036 2356 2240 2424 γενήσῃ
2266 2371 2280 2385 ’
2316 2353 2612 2423 ἐπεθύμεις
2637 2353 2693 2407 δὲ
2719 2351 2910 2423 μαθεῖν
2943 2355 3036 2408 καὶ
3064 2353 3133 2408 τά
3179 2354 3345 2424 μήπω
3371 2354 3416 2386 ⁸⁸
3448 2369 3612 2424 γεγεο

2035 2443 2260 2515 νημένα.
2293 2444 2404 2497 Καὶ
2437 2445 2465 2496 ὁ
2495 2443 2894 2497 ἀποκαλύπτων
2929 2445 3199 2514 μυστήρια
3229 2443 3492 2516 ἐγνώρισέ
3527 2460 3613 2500 σοι

2035 2537 2070 2590 ἃ
2095 2538 2176 2589 δεῖ
2203 2535 2475 2604 γενέσθαι.
2507 2534 2793 2605 Πανταχοῦ
2822 2535 2881 2590 δὲ
2905 2535 2995 2589 τὸν
3021 2535 3118 2589 ἕνα
3169 2535 3431 2607 κηρύττει
3457 2535 3611 2602 Θεὸν,

2033 2628 2132 2698 τῆς
2164 2627 2453 2688 πολυθεῖας
2483 2626 2728 2680 ἐκϐαλὼν
2746 2626 2790 2658 ⁸⁸
2820 2628 2919 2698 τὴν
2953 2628 3163 2698 πλάνην
3185 2643 3199 2656 ⁸
3251 2622 3370 2681 εἶτα
3398 2627 3490 2681 καὶ
3515 2626 3612 2681 τοῦ

2033 2717 2233 2770 οἰκείου
2264 2718 2614 2788 φρονήματος
2646 2717 2743 2788 τὴν
2775 2718 3104 2788 μετριότητα
3139 2716 3432 2772 δείκνυσιν.

2103 2892 2167 2945 λ’.
2216 2907 2233 2941 ι
2277 2895 2428 2960 Ἐμοὶ
2455 2896 2584 2960 γάρ,
2619 2891 2804 2960 φησιν,
2846 2891 2947 2943 ούκ
2977 2893 3035 2944 ἐν
3077 2891 3239 2962 σοφίᾳ
3269 2892 3335 2962 τῇ
3373 2888 3507 2962 οὔσῃ
3552 2890 3617 2946 ἐν

2033 2983 2158 3052 ἐμοὶ
2188 2982 2339 3054 παρὰ
2373 2982 2581 3046 πάντας
2615 2984 2739 3046 τοὺς
2764 2982 2997 3048 ζῶντας,
3029 2983 3091 3036 τὸ
3125 2984 3425 3054 μυστήριον
3455 2984 3611 3036 τοῦτο

2036 3073 2413 3144 ἀπεκαλύφθη,
2466 3073 2578 3126 ἀλλ’
2613 3074 2799 3128 ἕνεκεν
2831 3074 2923 3127 τοῦ
2952 3074 3051 3143 τὴν
3087 3075 3371 3145 σύγκρισιν
3401 3073 3479 3145 τῷ
3515 3073 3610 3144 βαέ

2039 3163 2176 3215 σιλεῖ
2200 3162 2482 3232 γνωρίσαι,
2525 3161 2618 3214 καὶ
2649 3162 2736 3215 ἵνα
2769 3161 2911 3232 γνῷς
2942 3163 3068 3225 τοὺς
3098 3161 3480 3231 διαλογισμοὺς
3511 3165 3610 3232 τῆς

2036 3256 2263 3327 καρδίας
2291 3271 2404 3308 σου.
2434 3272 2452 3305 ι
2494 3253 2712 3324 Ταύτης
2739 3253 2868 3324 γάρ,
2898 3253 3054 3323 φησὶ,
3081 3252 3182 3323 τῆς
3214 3251 3608 3322 ἀποκαλύψεως

2033 3347 2244 3416 ἔτυχον,
2275 3348 2374 3400 οὑκ
2409 3346 2597 3416 ἐπειδὴ
2639 3345 2856 3399 πάντων
2896 3345 3012 3414 είμλ⁷
3045 3346 3154 3398 τῶν
3181 3344 3484 3415 ἀνθρώπων
3514 3361 3608 3410 σοέ

2033 3437 2297 3508 φώτερος,
2333 3436 2448 3490 ἀλλ’
2476 3438 2563 3490 ἴνα
2595 3437 2659 3490 σὺ
2693 3435 2869 3507 μάθῃς
2901 3435 2936 3489 ἃ
2971 3435 3165 3504 μαθεῖν
3212 3435 3562 3507 ἐπεθύμησας
3590 3453 3606 3468 ·

2031 3529 2156 3599 ἐμοὶ
2191 3529 2247 3581 δὲ
2289 3529 2521 3599 διακόνῳ
2551 3527 2755 3599 ταύτης
2783 3529 3053 3599 ἐχρήσατο
3084 3526 3184 3596 τῆς
3221 3527 3496 3597 γνώσεως,
3531 3528 3608 3592 ὡς

2029 3619 2211 3690 οἰκείῳ
2254 3619 2566 3690 θεράποντι.
2615 3620 2876 3690 Ἀρχεται
2915 3619 3096 3672 τοίνυν
3135 3618 3234 3689 τῆς
3271 3616 3604 3689 ἐξηγήσεως,

2030 3709 2122 3764 καὶ
2151 3708 2363 3777 λέγειτθ
2390 3710 2607 3779 πρῶτον
2641 3708 2774 3762 αὐτὸ
2797 3709 2858 3760 τὸ
2887 3707 3162 3762 ἐνύπνιον.
3476 3705 3478 3708 ’

2099 3801 2314 3869 ).α’-λγ¹.
2363 3821 2382 3853 ι
2411 3802 2506 3865 Σὺ,
2549 3799 2793 3871 βασιλεῦ,
2829 3799 3103 3871 ἐθεώρεις,
3145 3800 3238 3852 καὶ
3282 3799 3390 3852 ίδοὺ
3440 3797 3605 3853 είκὼν

2029 3893 2150 3963 μία,
2198 3892 2366 3962 πολλὴ
2387 3893 2455 3958 τ’,
2506 3893 2538 3962 ή
2570 3890 2732 3945 εἰκὼν
2781 3890 3010 3962 μεγάλη,
3061 3890 3155 3944 καὶ
3188 3892 3221 3960 ὴ
3254 3890 3377 3958 ὄψις
3409 3889 3602 3960 αὐτῆς,

2027 3985 2342 4056 ὑπερφερὴς
2370 3983 2582 4038 ἑστῶσα
2613 3985 2720 4056 πρὸ
2749 3985 3040 4053 προσώπου
3070 3999 3185 4045 σου,
3232 3983 3326 4036 καὶ
3353 3983 3386 4054 ή
3411 3983 3604 4053 ὅρασις

2023 4071 2193 4142 αὐτῆς
2217 4071 2444 4142 φοϐερά.
2469 4071 2672 4138 Εἰκὼν,
2700 4067 2769 4141 ἧς
2795 4073 2829 4142 ἡ
2854 4071 3063 4142 κεφαλὴ
3090 4070 3311 4142 χρυσίου
3335 4071 3600 4141 καθαροῦ,

2022 4165 2078 4216 ai
2113 4167 2290 4234 χεῖρες
2307 4163 2374 4229 ⁷³,
2415 4164 2510 4218 καὶ
2547 4163 2606 4218 τὸ
2655 4162 2867 4234 στῆθος,
2901 4163 2994 4216 καὶ
3033 4161 3084 4213 οί
3120 4159 3406 4232 βραχίονες
3432 4159 3602 4231 αὐτῆς

2022 4255 2271 4324 ἀργυροῖ,
2310 4254 2403 4306 καὶ
2440 4254 2618 4307 κοιλία
2645 4254 2738 4306 καὶ
2768 4254 2817 4305 oi
2854 4253 3018 4324 μηροὶ
3045 4251 3255 4323 χαλκοῖ.
3289 4252 3355 4303 Αἱ
3389 4252 3600 4321 κνῆμαι

2022 4343 2256 4416 σιδηραῖ,
2282 4346 2332 4397 oi.
2365 4343 2522 4406 πόδες
2553 4344 2718 4414 μέρος
2759 4344 2861 4414 μέν
2888 4361 2939 4396 τι
2969 4343 3187 4414 σιδήρου
3204 4343 3274 4407 ’³,
3311 4344 3406 4396 καί
3434 4344 3598 4415 μέρος

338 4429 688 4499 significavit,
720 4444 938 4494 aurum,
987 4437 1294 4500 argentum,
1331 4446 1428 4497 aes,
1481 4431 1688 4488 ferrum
1735 4455 1748 4490 :
1787 4451 1913 4492 nam

2030 4434 2074 4487 5ἐ
2098 4451 2151 4488 τι
2175 4435 2512 4506 ὁστράκινον.
2549 4454 2569 4488 ι
2613 4435 2890 4506 Τέτταρας
2919 4435 3020 4505 μὲν
3045 4434 3176 4497 ὔλας
3208 4433 3297 4487 διά
3327 4434 3434 4488 τῶν
3464 4451 3599 4504 προ-

336 4530 530 4583 testam
561 4521 708 4576 haud
742 4537 841 4591 per
877 4537 960 4588 se,
1013 4521 1109 4576 sed
1153 4522 1305 4578 ferro
1353 4524 1702 4582 commistam
1754 4527 1914 4582 dixit.

337 4615 514 4681 Atque
548 4627 644 4682 per
676 4613 792 4674 haec
813 4612 1451 4682 maximalatissimeque
1483 4615 1727 4684 patentia
1747 4630 1914 4687 regna

336 4702 620 4764 declarat,
673 4716 797 4770 qua:
846 4715 974 4755 cum
1021 4700 1129 4756 sibi
1170 4699 1437 4770 deinceps
1489 4703 1913 4770 successissent,

2019 4525 2327 4595 ειρημένων
2367 4526 2635 4596 ἐσήμανε,
2671 4525 2760 4578 τὸν
2806 4526 3025 4595 χρυσὸν,
3071 4525 3162 4579 τὸν
3208 4525 3469 4596 ἄργυρον,
3506 4525 3599 4578 τὸν

2017 4614 2355 4693 χαλκδνμτὸν
2384 4615 2600 4688 σίδηρον
2624 4632 2636 4644 °
2669 4615 2934 4687 ὄστρακον
2965 4615 3133 4688 γάρτδ
3164 4615 3225 4669 ού
3257 4617 3378 4669 κατ’
3403 4615 3535 4669 αὐτὸ
3550 4617 3597 4648 ⁷⁵

2016 4701 2190 4770 εἶπεν,
2217 4705 2350 4760 ἀλλὰ
2375 4705 2454 4776 τῷ
2485 4706 2686 4776 σιδήρῳ
2717 4706 3187 4777 συμμεμιγμένον.
3224 4706 3386 4776 Δηλοῖ
3414 4704 3472 4759 δὲ
3507 4705 3596 4760 διὰ

337 4792 634 4846 innximam
679 4791 832 4848 orbis
867 4799 1140 4865 terrarum
1185 4799 1400 4860 partem
1444 4791 1753 4848 obtinuere.
1791 4793 1913 4847 Alia

2030 4795 2219 4850 τούτων
2266 4796 2362 4860 τὰς
2409 4796 2671 4865 μεγίστας
2717 4813 2778 4848 τε
2823 4797 2918 4849 καὶ
2963 4795 3402 4865 καθολικωτάτας
3443 4787 3596 4866 βασι-

333 4879 479 4934 enim
512 4895 680 4950 regna
720 4880 986 4950 viguisse,
1021 4883 1170 4949 etin
1202 4881 1218 4899 ‘
1255 4879 1510 4948 presenti
1547 4881 1751 4951 vigere,
1787 4897 1910 4950 per-

335 4972 586 5039 spicuum
616 4978 701 5026 est
733 4989 746 5024 :
801 4986 910 5032 non
943 4979 1125 5026 tamen
1176 4970 1462 5032 omnibus,
1499 4977 1596 5026 aut
1627 4973 1905 5042 pluribus,

337 5057 554 5130 ιοω
585 5061 681 5116 sed
723 5061 818 5117 uni
857 5071 952 5116 aut
985 5061 1200 5117 duabus
1235 5060 1418 5118 solum
1458 5062 1777 5137 nationibus
1817 5065 1907 5118 illa

2016 4885 2196 4948 λείας,
2247 4884 2303 4937 αἳ
2339 4883 2433 4937 τοῦ
2482 4885 2734 4951 πλείστου
2770 4886 2867 4957 τῆς
2921 4887 3246 4958 οἰκουμένης
3283 4887 3594 4958 ἐκράτησαν

2017 4974 2254 5045 ἀλλήλας
2283 4973 2680 5046 διαδεξάμεναι.
2718 4977 2839 5030 Ὅτι
2871 4977 2969 5045 μὲν
2994 4978 3104 5051 γὰρ
3131 4979 3224 5032 καὶ
3251 4977 3406 5031 ἄλλαι
3441 4976 3593 5048 βασι-

2015 5066 2152 5119 λεῖαι
2182 5066 2536 5138 συνέστησαν,
2563 5067 2658 5122 καὶ
2681 5067 2772 5121 ἐπὶ
2794 5067 2889 5122 τοῦ
2911 5068 3175 5140 παρόντος
3200 5067 3255 5122 δὲ
3281 5069 3588 5133 συνεστᾶσι,

333 5151 656 5220 imperantia
688 5151 876 5206 videre
925 5153 1071 5206 licet.
1124 5152 1369 5206 Primum
1421 5152 1608 5223 itaque
1661 5155 1906 5211 omnium

2030 5157 2170 5230 Ξῆλὸν
2199 5159 2344 5212 ἐστι·
2393 5159 2454 5213 ού
2501 5159 2608 5232 μὴν
2650 5159 2758 5214 τῶν
2787 5162 2834 5192 ⁷⁸
2875 5160 3092 5214 πάντων
3122 5160 3156 5230 ἢ
3188 5160 3296 5215 τῶν
3332 5160 3590 5214 πλειόνων

1575 5268 1810 5324 VARUS
1845 5269 2245 5326 LECTIONES.
2287 5302 2290 5305 -

400 5355 443 5385 “
469 5354 513 5408 Β
533 5349 710 5418 οὗτος,
743 5354 930 5424 φησὶν,
959 5356 987 5406 ὁ
1009 5354 1141 5420 Θεὸς
1178 5357 1463 5477 ἐγνώιρισε,
1499 5374 1552 5410 κ.
1603 5375 1654 5410 τ.
1715 5357 1764 5411 λ.
1835 5359 1878 5391 ⁶¹
1907 5358 1949 5412 Β
1971 5360 2219 5430 ἐσχάτου.

407 5463 420 5477 .
453 5421 497 5477 Β
521 5424 689 5477 φησιν
715 5424 795 5476 δτι
825 5425 950 5477 ἐμοὶ
974 5424 1128 5477 εὐνή.
1233 5426 1278 5456 ⁸⁵
1386 5427 1418 5477 ἠ
1448 5425 1660 5477 ὅρασις.
1770 5429 1818 5460 ³⁸
1841 5428 1999 5477 τοῦτο
2028 5457 2094 5470 --
2127 5430 2219 5477 ἐστ

1233 5426 1278 5456 ⁸⁵
1304 5426 1346 5477 Β
1371 5427 1420 5505 ή
1448 5426 1660 5496 ὅρασις.
1770 5429 1818 5460 ³⁸
1841 5428 1999 5480 τοῦτο
2028 5426 2094 5470 3-
2127 5430 2294 5483 ἐστιν.
2333 5428 2374 5481 Β
2402 5426 2727 5495 τουτέστιν,
2752 5429 2788 5482 ἃ
2820 5429 3036 5500 νύκτωρ
3063 5430 3302 5495 ἐθεάσω,
3339 5430 3586 5500 βασςλεῦ,

1233 5535 1237 5546 .
1339 5495 1383 5524 ⁸
1416 5494 1457 5548 Β
1500 5497 1745 5553 μηδέπω.
1842 5497 1950 5551 “B
1977 5499 2270 5553 ἐκϐάλλων.
2377 5499 2422 5530 ⁷⁸
2451 5500 2566 5553 λέγ.
2601 5500 2676 5551 lta
2701 5514 2824 5553 cum
2857 5499 2898 5551 Β
2936 5500 3187 5553 legimus.
3234 5502 3400 5553 Sirm.
3437 5501 3584 5553 άγει.

327 5425 427 5503 χήι
521 5424 689 5503 φησὶν
715 5421 1128 5503 ὅτιλεμοὶεύχίμ

1386 5427 1438 5496 ἡ-
1448 5425 1637 5496 ὅρασις
1646 5465 1660 5478 .

325 5492 503 5550 ταῦτά
533 5492 700 5548 ἐστιν.
795 5492 838 5524 ⁸⁷
859 5492 920 5547 ἃ.
943 5495 986 5545 Α
1017 5504 1070 5547 et
1095 5492 1144 5546 Β
1166 5494 1237 5548 τί.

1339 5495 1383 5524 ι
1411 5494 1457 5548 Β
1481 5494 1745 5564 μηδέπω.

3416 5361 3462 5392 ιι
3493 5363 3586 5414 εὖ,

2336 5359 2525 5430 ξ³βασο
2566 5389 2632 5398 ——
2661 5359 2804 5430 ζῆθι.
2848 5359 2972 5430 Des.
3009 5361 3062 5414 in
3122 5360 3314 5415 Chald.

2377 5499 2422 5530 ⁷⁸
2451 5500 2566 5566 λέγ.
2601 5500 2676 5551 lta
2701 5514 2824 5553 cum
2857 5499 2898 5551 Β
2936 5499 3187 5567 legimus.
3234 5499 3400 5554 Sirm.
3437 5501 3584 5567 άγει.

327 5517 503 5550 ταυτα
533 5517 700 5548 εστιν.
797 5517 834 5524 ’-
866 5517 920 5547 α.
943 5517 986 5545 ιι
1017 5517 1070 5547 «τι
1103 5517 1144 5546 ι)
1166 5517 1237 5548 τι.
1340 5517 1383 5524 ἐ-
1416 5517 1457 5548 D
1500 5517 1745 5564 μηοεπω.
1843 5517 1885 5528 "
1907 5517 1929 5551 ι

327 5561 372 5639 ⁷ξ
401 5561 651 5639 πολλὴ-
671 5561 812 5639 ὄψιςΣ
838 5561 881 5616 Β
919 5565 1128 5639 μεγάλη
1229 5562 1620 5639 είκὼνᾲέκείνη
1639 5583 1670 5639 '_
1692 5566 1902 5636 μεγάλη

2030 5517 2270 5553 εοαΛΛων.
2380 5517 2421 5530 ·-
2451 5517 2566 5566 Αεγ.
2601 5517 2676 5551 tta
2701 5517 2824 5553 cum
2857 5517 2898 5551 ι)
2936 5517 3187 5567 tegimus.
3234 5517 3400 5554 διε-ω.
3437 5517 3474 5554 α
3547 5519 3584 5554 ι.

2058 5570 2090 5628 ή
2131 5567 2412 5638 πρόσοψις.
2455 5568 2552 5639 lta_
2578 5568 2691 5639 fere
2743 5568 2808 5639 Α,
2867 5569 2966 5638 qui
3023 5577 3205 5623 tamen
3237 5571 3399 5625 habet
3437 5517 3584 5639 δῌς.

326 5631 600 5702 ει-ῑοιιιὶιιὶι
653 5631 861 5702 μεγάλη
903 5631 1023 5702 post
1077 5631 1279 5701 ἐκείνη.

328 5696 373 5730 ’⁵
406 5697 447 5751 Β
476 5700 535 5751 τὸ
573 5696 678 5770 γάρ
703 5696 988 5774 ὄστρακον.
1092 5703 1138 5735 ⁷⁸
1167 5702 1202 5756 Β
1249 5696 1428 5756 lauro.
1531 5696 1574 5736 ⁷¹’⁶

1379 5634 1582 5704 ’νἀῐχ.
1610 5634 1764 5688 Βέθ.
1826 5634 1898 5690 ἱιι
1939 5646 2085 5691 textu
2140 5634 2335 5695 C'hald'.

1613 5705 1741 5759 τῶν.
1780 5705 1896 5760 Des.
1935 5708 1987 5762 in
2019 5705 2074 5760 Β.

2440 5639 2497 5676 ⁷³ι
2522 5637 2562 5690 Β
2590 5637 2870 5710 σιδηροῦν,
2893 5637 3087 5708 μέρος.
3113 5639 3168 5693 δέ
3209 5657 3260 5692 τι
3291 5637 3583 5712 ὀστράκου.
