  <div class='ocr_page' id='page_1' title='image "/cluster/home/n/w/nwhite01/storage/ocr_20150623/81:no.2/coo.31924054869825/656.png"; bbox 0 0 4070 6386; ppageno 0'>
   <div class='ocr_carea' id='block_1_1' title="bbox 407 423 546 500">
    <p class='ocr_par' dir='ltr' id='par_1_1' title="bbox 407 423 546 500">
     <span class='ocr_line' id='line_1_1' title="bbox 407 423 546 500; baseline -0.007 -10"><span class='ocrx_word' id='word_1_1' title='bbox 407 423 546 500; x_wconf 62' lang='grc'><strong>1397</strong></span> 
     </span>
    </p>
   </div>
   <div class='ocr_carea' id='block_1_2' title="bbox 1682 425 2474 517">
    <p class='ocr_par' dir='ltr' id='par_1_2' title="bbox 1682 425 2474 517">
     <span class='ocr_line' id='line_1_2' title="bbox 1682 425 2474 517; baseline 0.003 -33"><span class='ocrx_word' id='word_1_2' title='bbox 1682 426 1763 486; x_wconf 80' lang='lat' dir='ltr'><strong>1N</strong></span> <span class='ocrx_word' id='word_1_3' title='bbox 1797 425 2154 517; x_wconf 54' lang='lat' dir='ltr'><strong>mutnus</strong></span> <span class='ocrx_word' id='word_1_4' title='bbox 2202 426 2360 486; x_wconf 83' lang='lat' dir='ltr'><strong>CAP.</strong></span> <span class='ocrx_word' id='word_1_5' title='bbox 2393 427 2474 486; x_wconf 89' lang='lat' dir='ltr'><strong>II.</strong></span> 
     </span>
    </p>
   </div>
   <div class='ocr_carea' id='block_1_3' title="bbox 3541 417 3676 481">
    <p class='ocr_par' dir='ltr' id='par_1_3' title="bbox 3541 417 3676 481">
     <span class='ocr_line' id='line_1_3' title="bbox 3541 417 3676 481; baseline 0 0"><span class='ocrx_word' id='word_1_6' title='bbox 3541 417 3676 481; x_wconf 75' lang='lat'><strong>1298</strong></span> 
     </span>
    </p>
   </div>
   <div class='ocr_carea' id='block_1_4' title="bbox 406 528 1997 606">
    <p class='ocr_par' dir='ltr' id='par_1_4' title="bbox 406 532 1997 605">
     <span class='ocr_line' id='line_1_4' title="bbox 406 532 1997 605; baseline -0.001 -17"><span class='ocrx_word' id='word_1_7' title='bbox 406 537 556 588; x_wconf 70' lang='grc' dir='ltr'>εστιν</span> <span class='ocrx_word' id='word_1_8' title='bbox 603 532 774 596; x_wconf 76' lang='grc' dir='ltr'>αὑτὰς</span> <span class='ocrx_word' id='word_1_9' title='bbox 810 534 1115 604; x_wconf 77' lang='grc' dir='ltr'><strong>κρατούσας</strong></span> <span class='ocrx_word' id='word_1_10' title='bbox 1159 533 1306 598; x_wconf 83' lang='grc' dir='ltr'>ίδεῖν,</span> <span class='ocrx_word' id='word_1_11' title='bbox 1358 533 1472 604; x_wconf 76' lang='grc' dir='ltr'>ἀλλ’</span> <span class='ocrx_word' id='word_1_12' title='bbox 1501 533 1597 604; x_wconf 80' lang='grc' dir='ltr'><strong>ἢττ</strong></span> <span class='ocrx_word' id='word_1_13' title='bbox 1641 534 1780 598; x_wconf 72' lang='grc' dir='ltr'>ἐνὸς,</span> <span class='ocrx_word' id='word_1_14' title='bbox 1826 534 1859 605; x_wconf 83' lang='grc' dir='ltr'>ἢ</span> <span class='ocrx_word' id='word_1_15' title='bbox 1905 533 1997 586; x_wconf 88' lang='grc' dir='ltr'><strong>δύο</strong></span> 
     </span>
    </p>
   </div>
   <div class='ocr_carea' id='block_1_5' title="bbox 2098 528 3676 606">
    <p class='ocr_par' dir='ltr' id='par_1_5' title="bbox 2105 528 3676 606">
     <span class='ocr_line' id='line_1_5' title="bbox 2105 528 3676 606; baseline -0.002 -19"><span class='ocrx_word' id='word_1_16' title='bbox 2105 532 2278 590; x_wconf 79' lang='lat' dir='ltr'><strong>fuisse</strong></span> <span class='ocrx_word' id='word_1_17' title='bbox 2326 536 2680 606; x_wconf 91' lang='lat' dir='ltr'><strong>Assyriorum</strong></span> <span class='ocrx_word' id='word_1_18' title='bbox 2739 535 2938 592; x_wconf 72' lang='lat' dir='ltr'><strong>asSerit</strong></span> <span class='ocrx_word' id='word_1_19' title='bbox 2975 530 3292 603; x_wconf 86' lang='lat' dir='ltr'><strong>imperium,</strong></span> <span class='ocrx_word' id='word_1_20' title='bbox 3343 528 3488 600; x_wconf 90' lang='lat' dir='ltr'><strong>quod</strong></span> <span class='ocrx_word' id='word_1_21' title='bbox 3532 531 3676 584; x_wconf 83' lang='lat' dir='ltr'><strong>idem</strong></span> 
     </span>
    </p>
   </div>
   <div class='ocr_carea' id='block_1_6' title="bbox 408 623 1999 695">
    <p class='ocr_par' dir='ltr' id='par_1_6' title="bbox 408 623 1999 695">
     <span class='ocr_line' id='line_1_6' title="bbox 408 623 1999 695; baseline 0.001 -18"><span class='ocrx_word' id='word_1_22' title='bbox 408 626 574 694; x_wconf 84' lang='grc' dir='ltr'>μόνον</span> <span class='ocrx_word' id='word_1_23' title='bbox 601 623 794 678; x_wconf 61' lang='grc' dir='ltr'>ἐθνῶν.</span> <span class='ocrx_word' id='word_1_24' title='bbox 831 625 993 692; x_wconf 77' lang='grc' dir='ltr'>Λέγει</span> <span class='ocrx_word' id='word_1_25' title='bbox 1018 624 1193 678; x_wconf 82' lang='grc' dir='ltr'>τοίνυν</span> <span class='ocrx_word' id='word_1_26' title='bbox 1223 623 1446 695; x_wconf 84' lang='grc' dir='ltr'>πρώτην</span> <span class='ocrx_word' id='word_1_27' title='bbox 1481 624 1739 679; x_wconf 80' lang='grc' dir='ltr'>ἁπάντων</span> <span class='ocrx_word' id='word_1_28' title='bbox 1768 625 1999 694; x_wconf 76' lang='grc' dir='ltr'>γεγενῆο</span> 
     </span>
    </p>
   </div>
   <div class='ocr_carea' id='block_1_7' title="bbox 406 714 1997 788">
    <p class='ocr_par' dir='ltr' id='par_1_7' title="bbox 406 714 1997 788">
     <span class='ocr_line' id='line_1_7' title="bbox 406 714 1997 788; baseline 0.001 -20"><span class='ocrx_word' id='word_1_29' title='bbox 406 717 535 769; x_wconf 79' lang='grc' dir='ltr'>σθαι</span> <span class='ocrx_word' id='word_1_30' title='bbox 590 714 688 786; x_wconf 84' lang='grc' dir='ltr'>τὴν</span> <span class='ocrx_word' id='word_1_31' title='bbox 738 714 847 768; x_wconf 87' lang='grc' dir='ltr'><strong>τῶν</strong></span> <span class='ocrx_word' id='word_1_32' title='bbox 903 715 1201 786; x_wconf 75' lang='grc' dir='ltr'><strong>Ἀσσυρίων</strong></span> <span class='ocrx_word' id='word_1_33' title='bbox 1254 717 1574 787; x_wconf 80' lang='grc' dir='ltr'>ἠγεμονίαν,</span> <span class='ocrx_word' id='word_1_34' title='bbox 1627 717 1749 787; x_wconf 70' lang='grc' dir='ltr'>ἥτις</span> <span class='ocrx_word' id='word_1_35' title='bbox 1793 718 1997 788; x_wconf 67' lang='grc' dir='ltr'><strong>αὕτη⁷⁸</strong></span> 
     </span>
    </p>
   </div>
   <div class='ocr_carea' id='block_1_8' title="bbox 403 805 1996 882">
    <p class='ocr_par' dir='ltr' id='par_1_8' title="bbox 403 805 1996 882">
     <span class='ocr_line' id='line_1_8' title="bbox 403 805 1996 882; baseline 0.002 -23"><span class='ocrx_word' id='word_1_36' title='bbox 403 807 558 860; x_wconf 77' lang='grc' dir='ltr'>εστὶν</span> <span class='ocrx_word' id='word_1_37' title='bbox 608 810 642 878; x_wconf 77' lang='grc' dir='ltr'><strong>ἡ</strong></span> <span class='ocrx_word' id='word_1_38' title='bbox 678 807 788 861; x_wconf 83' lang='grc' dir='ltr'><strong>τῶν</strong></span> <span class='ocrx_word' id='word_1_39' title='bbox 837 807 1194 862; x_wconf 87' lang='grc' dir='ltr'>Βαϐυλωνίων</span> <span class='ocrx_word' id='word_1_40' title='bbox 1223 826 1236 839; x_wconf 89' lang='grc'><strong>·</strong></span> <span class='ocrx_word' id='word_1_41' title='bbox 1301 809 1575 882; x_wconf 82' lang='grc' dir='ltr'><strong>Ἀσσύριοι</strong></span> <span class='ocrx_word' id='word_1_42' title='bbox 1625 811 1735 881; x_wconf 83' lang='grc' dir='ltr'>γὰρ</span> <span class='ocrx_word' id='word_1_43' title='bbox 1756 811 1802 842; x_wconf 75' lang='grc'><strong>⁷³</strong></span> <span class='ocrx_word' id='word_1_44' title='bbox 1851 805 1996 865; x_wconf 81' lang='grc' dir='ltr'>οὗτοι</span> 
     </span>
    </p>
   </div>
   <div class='ocr_carea' id='block_1_9' title="bbox 408 898 1994 976">
    <p class='ocr_par' dir='ltr' id='par_1_9' title="bbox 408 898 1994 976">
     <span class='ocr_line' id='line_1_9' title="bbox 408 898 1994 976; baseline 0.003 -24"><span class='ocrx_word' id='word_1_45' title='bbox 408 900 654 954; x_wconf 79' lang='grc' dir='ltr'>κάκεῖνοι</span> <span class='ocrx_word' id='word_1_46' title='bbox 682 915 697 930; x_wconf 89' lang='grc'><strong>·</strong></span> <span class='ocrx_word' id='word_1_47' title='bbox 764 898 902 954; x_wconf 81' lang='grc' dir='ltr'>ἀλλὰ</span> <span class='ocrx_word' id='word_1_48' title='bbox 955 901 1085 954; x_wconf 79' lang='grc' dir='ltr'>ποτὲ</span> <span class='ocrx_word' id='word_1_49' title='bbox 1143 901 1242 971; x_wconf 84' lang='grc' dir='ltr'>μὲν</span> <span class='ocrx_word' id='word_1_50' title='bbox 1291 901 1352 955; x_wconf 75' lang='grc' dir='ltr'>ὲν</span> <span class='ocrx_word' id='word_1_51' title='bbox 1398 904 1464 973; x_wconf 80' lang='grc' dir='ltr'><strong>τῇ</strong></span> <span class='ocrx_word' id='word_1_52' title='bbox 1517 902 1702 973; x_wconf 84' lang='grc' dir='ltr'><strong>Νίνῳ,</strong></span> <span class='ocrx_word' id='word_1_53' title='bbox 1747 905 1816 974; x_wconf 83' lang='grc' dir='ltr'>τῇ</span> <span class='ocrx_word' id='word_1_54' title='bbox 1865 903 1994 976; x_wconf 80' lang='grc' dir='ltr'>παρ’</span> 
     </span>
    </p>
   </div>
   <div class='ocr_carea' id='block_1_10' title="bbox 404 991 1991 1065">
    <p class='ocr_par' dir='ltr' id='par_1_10' title="bbox 404 991 1991 1065">
     <span class='ocr_line' id='line_1_10' title="bbox 404 991 1991 1065; baseline 0.003 -21"><span class='ocrx_word' id='word_1_55' title='bbox 404 991 691 1062; x_wconf 77' lang='grc' dir='ltr'>Ἑϐραίοις</span> <span class='ocrx_word' id='word_1_56' title='bbox 716 992 917 1062; x_wconf 88' lang='grc' dir='ltr'>Νινευῆ</span> <span class='ocrx_word' id='word_1_57' title='bbox 947 992 1280 1064; x_wconf 81' lang='grc' dir='ltr'>καλουμένῃ,</span> <span class='ocrx_word' id='word_1_58' title='bbox 1314 993 1382 1048; x_wconf 84' lang='grc' dir='ltr'>τὰ</span> <span class='ocrx_word' id='word_1_59' title='bbox 1416 993 1659 1064; x_wconf 86' lang='grc' dir='ltr'>βασίλεια</span> <span class='ocrx_word' id='word_1_60' title='bbox 1705 997 1991 1065; x_wconf 80' lang='grc' dir='ltr'>ἐσχήκασι,</span> 
     </span>
    </p>
   </div>
   <div class='ocr_carea' id='block_1_11' title="bbox 411 1081 1996 1156">
    <p class='ocr_par' dir='ltr' id='par_1_11' title="bbox 411 1081 1996 1156">
     <span class='ocr_line' id='line_1_11' title="bbox 411 1081 1996 1156; baseline 0.002 -20"><span class='ocrx_word' id='word_1_61' title='bbox 411 1083 543 1136; x_wconf 79' lang='grc' dir='ltr'>ποτὲ</span> <span class='ocrx_word' id='word_1_62' title='bbox 570 1081 628 1135; x_wconf 81' lang='grc' dir='ltr'>δὲ</span> <span class='ocrx_word' id='word_1_63' title='bbox 660 1084 720 1136; x_wconf 77' lang='grc' dir='ltr'>ὲν</span> <span class='ocrx_word' id='word_1_64' title='bbox 747 1081 1114 1139; x_wconf 70' lang='grc' dir='ltr'>Βαϐυλῶνιδο.</span> <span class='ocrx_word' id='word_1_65' title='bbox 1153 1085 1276 1138; x_wconf 88' lang='grc' dir='ltr'><strong>Ὅτι</strong></span> <span class='ocrx_word' id='word_1_66' title='bbox 1307 1083 1364 1137; x_wconf 87' lang='grc' dir='ltr'>δὲ</span> <span class='ocrx_word' id='word_1_67' title='bbox 1394 1084 1494 1155; x_wconf 91' lang='grc' dir='ltr'><strong>μία</strong></span> <span class='ocrx_word' id='word_1_68' title='bbox 1519 1085 1666 1139; x_wconf 74' lang='grc' dir='ltr'>ἐστὶν</span> <span class='ocrx_word' id='word_1_69' title='bbox 1693 1087 1726 1155; x_wconf 86' lang='grc' dir='ltr'><strong>ἡ</strong></span> <span class='ocrx_word' id='word_1_70' title='bbox 1752 1085 1996 1156; x_wconf 87' lang='grc' dir='ltr'>βασιλεία</span> 
     </span>
    </p>
   </div>
   <div class='ocr_carea' id='block_1_12' title="bbox 404 1173 1992 1246">
    <p class='ocr_par' dir='ltr' id='par_1_12' title="bbox 404 1173 1992 1246">
     <span class='ocr_line' id='line_1_12' title="bbox 404 1173 1992 1246; baseline 0.001 -19"><span class='ocrx_word' id='word_1_71' title='bbox 404 1173 615 1227; x_wconf 81' lang='grc' dir='ltr'>τούτων</span> <span class='ocrx_word' id='word_1_72' title='bbox 650 1174 938 1237; x_wconf 80' lang='grc' dir='ltr'>κάκείνων,</span> <span class='ocrx_word' id='word_1_73' title='bbox 970 1174 1063 1227; x_wconf 78' lang='grc' dir='ltr'>καὶ</span> <span class='ocrx_word' id='word_1_74' title='bbox 1095 1174 1257 1238; x_wconf 74' lang='grc' dir='ltr'>αὐτὸς</span> <span class='ocrx_word' id='word_1_75' title='bbox 1295 1176 1324 1228; x_wconf 89' lang='grc' dir='ltr'><strong>ό</strong></span> <span class='ocrx_word' id='word_1_76' title='bbox 1359 1175 1641 1246; x_wconf 82' lang='grc' dir='ltr'>προφήτης</span> <span class='ocrx_word' id='word_1_77' title='bbox 1685 1178 1992 1246; x_wconf 79' lang='grc' dir='ltr'>μαρτυρεῖ·</span> 
     </span>
    </p>
   </div>
   <div class='ocr_carea' id='block_1_13' title="bbox 408 1265 1994 1338">
    <p class='ocr_par' dir='ltr' id='par_1_13' title="bbox 408 1265 1994 1338">
     <span class='ocr_line' id='line_1_13' title="bbox 408 1265 1994 1338; baseline -0.001 -19"><span class='ocrx_word' id='word_1_78' title='bbox 408 1265 730 1338; x_wconf 70' lang='grc' dir='ltr'><strong>ἑρμηνεύων</strong></span> <span class='ocrx_word' id='word_1_79' title='bbox 759 1266 868 1335; x_wconf 83' lang='grc' dir='ltr'><strong>γὰρ</strong></span> <span class='ocrx_word' id='word_1_80' title='bbox 902 1265 963 1318; x_wconf 83' lang='grc' dir='ltr'>τὸ</span> <span class='ocrx_word' id='word_1_81' title='bbox 992 1265 1266 1329; x_wconf 75' lang='grc' dir='ltr'>ἐνύπνιον,</span> <span class='ocrx_word' id='word_1_82' title='bbox 1319 1267 1486 1336; x_wconf 85' lang='grc' dir='ltr'>φησίν</span> <span class='ocrx_word' id='word_1_83' title='bbox 1511 1282 1523 1294; x_wconf 94' lang='grc'><strong>·</strong></span> <span class='ocrx_word' id='word_1_84' title='bbox 1553 1285 1573 1317; x_wconf 73' lang='grc' dir='ltr'><strong>ι</strong></span> <span class='ocrx_word' id='word_1_85' title='bbox 1619 1266 1682 1319; x_wconf 83' lang='grc' dir='ltr'><em>Ἢ</em></span> <span class='ocrx_word' id='word_1_86' title='bbox 1719 1265 1927 1337; x_wconf 84' lang='grc' dir='ltr'>κεφαλὴ</span> <span class='ocrx_word' id='word_1_87' title='bbox 1960 1267 1994 1337; x_wconf 81' lang='grc' dir='ltr'>ἡ</span> 
     </span>
    </p>
   </div>
   <div class='ocr_carea' id='block_1_14' title="bbox 399 1353 1994 1429">
    <p class='ocr_par' dir='ltr' id='par_1_14' title="bbox 399 1353 1994 1429">
     <span class='ocr_line' id='line_1_14' title="bbox 399 1353 1994 1429; baseline 0 -19"><span class='ocrx_word' id='word_1_88' title='bbox 399 1357 590 1429; x_wconf 68' lang='grc' dir='ltr'>,χρυσῆ</span> <span class='ocrx_word' id='word_1_89' title='bbox 618 1356 683 1410; x_wconf 79' lang='grc' dir='ltr'>σὺ</span> <span class='ocrx_word' id='word_1_90' title='bbox 713 1354 784 1420; x_wconf 84' lang='grc' dir='ltr'><strong>εί,</strong></span> <span class='ocrx_word' id='word_1_91' title='bbox 819 1353 1064 1427; x_wconf 79' lang='grc' dir='ltr'>βασιλεῦ.</span> <span class='ocrx_word' id='word_1_92' title='bbox 1094 1376 1111 1409; x_wconf 71' lang='grc' dir='ltr'><strong><em>ο</em></strong></span> <span class='ocrx_word' id='word_1_93' title='bbox 1146 1358 1255 1410; x_wconf 79' lang='grc' dir='ltr'><strong>Καὶ</strong></span> <span class='ocrx_word' id='word_1_94' title='bbox 1281 1359 1310 1411; x_wconf 89' lang='grc' dir='ltr'><strong>ό</strong></span> <span class='ocrx_word' id='word_1_95' title='bbox 1342 1357 1611 1428; x_wconf 85' lang='grc' dir='ltr'>μακάριος</span> <span class='ocrx_word' id='word_1_96' title='bbox 1635 1356 1694 1410; x_wconf 81' lang='grc' dir='ltr'>δὲ</span> <span class='ocrx_word' id='word_1_97' title='bbox 1725 1357 1994 1428; x_wconf 83' lang='grc' dir='ltr'><strong>Ἱερεμίας</strong></span> 
     </span>
    </p>
   </div>
   <div class='ocr_carea' id='block_1_15' title="bbox 403 1434 1994 1519">
    <p class='ocr_par' dir='ltr' id='par_1_15' title="bbox 403 1434 1994 1519">
     <span class='ocr_line' id='line_1_15' title="bbox 403 1434 1994 1519; baseline 0.001 -20"><span class='ocrx_word' id='word_1_98' title='bbox 403 1449 435 1499; x_wconf 84' lang='grc' dir='ltr'>ὁ</span> <span class='ocrx_word' id='word_1_99' title='bbox 462 1446 751 1518; x_wconf 81' lang='grc' dir='ltr'><strong>προφήτης</strong></span> <span class='ocrx_word' id='word_1_100' title='bbox 784 1447 956 1518; x_wconf 83' lang='grc' dir='ltr'>φησί·</span> <span class='ocrx_word' id='word_1_101' title='bbox 1022 1466 1041 1498; x_wconf 71' lang='grc' dir='ltr'><strong>ι</strong></span> <span class='ocrx_word' id='word_1_102' title='bbox 1072 1448 1339 1519; x_wconf 78' lang='grc' dir='ltr'>Ποτήριον</span> <span class='ocrx_word' id='word_1_103' title='bbox 1379 1446 1615 1519; x_wconf 79' lang='grc' dir='ltr'>χρυσοῦν</span> <span class='ocrx_word' id='word_1_104' title='bbox 1648 1434 1904 1503; x_wconf 84' lang='grc' dir='ltr'>Βαϐυλὼν</span> <span class='ocrx_word' id='word_1_105' title='bbox 1935 1450 1994 1502; x_wconf 72' lang='grc' dir='ltr'>ἑν</span> 
     </span>
    </p>
   </div>
   <div class='ocr_carea' id='block_1_16' title="bbox 403 1537 1990 1610">
    <p class='ocr_par' dir='ltr' id='par_1_16' title="bbox 403 1537 1990 1610">
     <span class='ocr_line' id='line_1_16' title="bbox 403 1537 1990 1610; baseline 0.004 -21"><span class='ocrx_word' id='word_1_106' title='bbox 403 1538 556 1607; x_wconf 79' lang='grc' dir='ltr'>χειρὶ</span> <span class='ocrx_word' id='word_1_107' title='bbox 585 1538 811 1608; x_wconf 78' lang='grc' dir='ltr'>Κυρίου,</span> <span class='ocrx_word' id='word_1_108' title='bbox 848 1537 1120 1609; x_wconf 86' lang='grc' dir='ltr'>μεθύσκον</span> <span class='ocrx_word' id='word_1_109' title='bbox 1146 1542 1326 1594; x_wconf 80' lang='grc' dir='ltr'>πᾶσαν</span> <span class='ocrx_word' id='word_1_110' title='bbox 1349 1540 1447 1610; x_wconf 84' lang='grc' dir='ltr'>τὴν</span> <span class='ocrx_word' id='word_1_111' title='bbox 1476 1539 1580 1610; x_wconf 81' lang='grc' dir='ltr'>γῆν</span> <span class='ocrx_word' id='word_1_112' title='bbox 1603 1556 1617 1571; x_wconf 77' lang='grc'><strong><em>⁸</em></strong></span> <span class='ocrx_word' id='word_1_113' title='bbox 1651 1541 1758 1595; x_wconf 83' lang='grc' dir='ltr'><strong>ἀπὸ</strong></span> <span class='ocrx_word' id='word_1_114' title='bbox 1783 1541 1927 1595; x_wconf 82' lang='grc' dir='ltr'>οἴνου</span> <span class='ocrx_word' id='word_1_115' title='bbox 1946 1542 1990 1574; x_wconf 79' lang='grc'>⁸⁸</span> 
     </span>
    </p>
   </div>
   <div class='ocr_carea' id='block_1_17' title="bbox 401 1631 1996 1706">
    <p class='ocr_par' dir='ltr' id='par_1_17' title="bbox 401 1631 1996 1706">
     <span class='ocr_line' id='line_1_17' title="bbox 401 1631 1996 1706; baseline 0.004 -23"><span class='ocrx_word' id='word_1_116' title='bbox 401 1631 578 1699; x_wconf 70' lang='grc' dir='ltr'><strong>¹αὐτῆς</strong></span> <span class='ocrx_word' id='word_1_117' title='bbox 621 1631 906 1684; x_wconf 79' lang='grc' dir='ltr'>ὲπίοσαν⁸¹</span> <span class='ocrx_word' id='word_1_118' title='bbox 934 1631 1066 1701; x_wconf 75' lang='grc' dir='ltr'>ιθνη</span> <span class='ocrx_word' id='word_1_119' title='bbox 1089 1649 1106 1665; x_wconf 78' lang='grc' dir='ltr'><strong><em>ο</em></strong></span> <span class='ocrx_word' id='word_1_120' title='bbox 1156 1632 1247 1687; x_wconf 79' lang='grc' dir='ltr'><strong>διὰ</strong></span> <span class='ocrx_word' id='word_1_121' title='bbox 1278 1633 1435 1686; x_wconf 81' lang='grc' dir='ltr'>τοῦτο</span> <span class='ocrx_word' id='word_1_122' title='bbox 1474 1633 1868 1706; x_wconf 77' lang='grc' dir='ltr'>ἐσαλεύθησαν,</span> <span class='ocrx_word' id='word_1_123' title='bbox 1900 1637 1996 1689; x_wconf 74' lang='grc' dir='ltr'>καὶ</span> 
     </span>
    </p>
   </div>
   <div class='ocr_carea' id='block_1_18' title="bbox 408 1720 1995 1796">
    <p class='ocr_par' dir='ltr' id='par_1_18' title="bbox 408 1720 1995 1796">
     <span class='ocr_line' id='line_1_18' title="bbox 408 1720 1995 1796; baseline 0.004 -23"><span class='ocrx_word' id='word_1_124' title='bbox 408 1722 567 1789; x_wconf 78' lang='grc' dir='ltr'>ἄφνω</span> <span class='ocrx_word' id='word_1_125' title='bbox 597 1720 760 1774; x_wconf 74' lang='grc' dir='ltr'>ἔπεσε</span> <span class='ocrx_word' id='word_1_126' title='bbox 789 1721 1068 1785; x_wconf 85' lang='grc' dir='ltr'>Βαϐυλὼν,</span> <span class='ocrx_word' id='word_1_127' title='bbox 1102 1722 1198 1778; x_wconf 75' lang='grc' dir='ltr'>καὶ</span> <span class='ocrx_word' id='word_1_128' title='bbox 1229 1723 1538 1796; x_wconf 84' lang='grc' dir='ltr'>συνετρίϐη.</span> <span class='ocrx_word' id='word_1_129' title='bbox 1577 1743 1597 1777; x_wconf 66' lang='grc' dir='ltr'><strong>ι</strong></span> <span class='ocrx_word' id='word_1_130' title='bbox 1654 1725 1714 1778; x_wconf 81' lang='lat' dir='ltr'><strong>El</strong></span> <span class='ocrx_word' id='word_1_131' title='bbox 1742 1725 1799 1779; x_wconf 81' lang='grc' dir='ltr'>δὲ</span> <span class='ocrx_word' id='word_1_132' title='bbox 1832 1727 1995 1796; x_wconf 74' lang='grc' dir='ltr'>ἑτέρα</span> 
     </span>
    </p>
   </div>
   <div class='ocr_carea' id='block_1_19' title="bbox 406 1809 1997 1889">
    <p class='ocr_par' dir='ltr' id='par_1_19' title="bbox 406 1809 1997 1889">
     <span class='ocr_line' id='line_1_19' title="bbox 406 1809 1997 1889; baseline 0.003 -24"><span class='ocrx_word' id='word_1_133' title='bbox 406 1809 480 1886; x_wconf 76' lang='grc' dir='ltr'>ἦν</span> <span class='ocrx_word' id='word_1_134' title='bbox 517 1813 666 1884; x_wconf 78' lang='grc' dir='ltr'>παρὰ</span> <span class='ocrx_word' id='word_1_135' title='bbox 693 1813 896 1885; x_wconf 85' lang='grc' dir='ltr'>ταύτην</span> <span class='ocrx_word' id='word_1_136' title='bbox 942 1815 976 1885; x_wconf 82' lang='grc' dir='ltr'><strong>ἡ</strong></span> <span class='ocrx_word' id='word_1_137' title='bbox 1027 1814 1134 1868; x_wconf 87' lang='grc' dir='ltr'><strong>τῶν</strong></span> <span class='ocrx_word' id='word_1_138' title='bbox 1174 1815 1474 1884; x_wconf 82' lang='grc' dir='ltr'>Ἀσσυρίων</span> <span class='ocrx_word' id='word_1_139' title='bbox 1518 1815 1764 1886; x_wconf 86' lang='grc' dir='ltr'>βασιλεία</span> <span class='ocrx_word' id='word_1_140' title='bbox 1789 1818 1997 1889; x_wconf 82' lang='grc' dir='ltr'>ταύτης</span> 
     </span>
    </p>
   </div>
   <div class='ocr_carea' id='block_1_20' title="bbox 408 1890 2066 1978">
    <p class='ocr_par' dir='ltr' id='par_1_20' title="bbox 408 1890 2066 1978">
     <span class='ocr_line' id='line_1_20' title="bbox 408 1890 2066 1978; baseline 0.005 -22"><span class='ocrx_word' id='word_1_141' title='bbox 408 1904 780 1975; x_wconf 75' lang='grc' dir='ltr'>πρεσϐυτέρα,</span> <span class='ocrx_word' id='word_1_142' title='bbox 831 1905 992 1960; x_wconf 75' lang='grc' dir='ltr'>ποίαν</span> <span class='ocrx_word' id='word_1_143' title='bbox 1039 1905 1106 1960; x_wconf 76' lang='grc' dir='ltr'>ἄν</span> <span class='ocrx_word' id='word_1_144' title='bbox 1159 1923 1245 1970; x_wconf 88' lang='grc' dir='ltr'><strong>τις</strong></span> <span class='ocrx_word' id='word_1_145' title='bbox 1289 1905 1421 1977; x_wconf 77' lang='grc' dir='ltr'>ὓλην</span> <span class='ocrx_word' id='word_1_146' title='bbox 1465 1907 1632 1978; x_wconf 79' lang='grc' dir='ltr'>αὐτὴν</span> <span class='ocrx_word' id='word_1_147' title='bbox 1670 1909 1990 1973; x_wconf 81' lang='grc' dir='ltr'>καλέσειεν;</span> <span class='ocrx_word' id='word_1_148' title='bbox 2026 1890 2066 1944; x_wconf 76' lang='grc' dir='ltr'><strong>Β</strong></span> 
     </span>
    </p>
   </div>
   <div class='ocr_carea' id='block_1_21' title="bbox 405 1996 1994 2070">
    <p class='ocr_par' dir='ltr' id='par_1_21' title="bbox 405 1996 1994 2070">
     <span class='ocr_line' id='line_1_21' title="bbox 405 1996 1994 2070; baseline 0.003 -22"><span class='ocrx_word' id='word_1_149' title='bbox 405 1996 696 2067; x_wconf 79' lang='grc' dir='ltr'>Μαρτυρεῖ</span> <span class='ocrx_word' id='word_1_150' title='bbox 733 1996 789 2049; x_wconf 83' lang='grc' dir='ltr'>δὲ</span> <span class='ocrx_word' id='word_1_151' title='bbox 837 1999 930 2051; x_wconf 82' lang='grc' dir='ltr'>καὶ</span> <span class='ocrx_word' id='word_1_152' title='bbox 960 1997 989 2049; x_wconf 80' lang='grc' dir='ltr'>ὁ</span> <span class='ocrx_word' id='word_1_153' title='bbox 1022 1997 1296 2061; x_wconf 84' lang='grc' dir='ltr'>θειότατος</span> <span class='ocrx_word' id='word_1_154' title='bbox 1343 1999 1549 2070; x_wconf 83' lang='grc' dir='ltr'>Μωσῆς</span> <span class='ocrx_word' id='word_1_155' title='bbox 1565 1999 1611 2031; x_wconf 81' lang='grc'><strong>⁸³</strong></span> <span class='ocrx_word' id='word_1_156' title='bbox 1638 2000 1790 2053; x_wconf 81' lang='grc' dir='ltr'>ταῦθ’</span> <span class='ocrx_word' id='word_1_157' title='bbox 1820 2000 1994 2064; x_wconf 79' lang='grc' dir='ltr'>οὕτως</span> 
     </span>
    </p>
   </div>
   <div class='ocr_carea' id='block_1_22' title="bbox 405 2085 1994 2160">
    <p class='ocr_par' dir='ltr' id='par_1_22' title="bbox 405 2085 1994 2160">
     <span class='ocr_line' id='line_1_22' title="bbox 405 2085 1994 2160; baseline 0.003 -22"><span class='ocrx_word' id='word_1_158' title='bbox 405 2085 554 2154; x_wconf 72' lang='grc' dir='ltr'>ἔχειν</span> <span class='ocrx_word' id='word_1_159' title='bbox 580 2101 593 2115; x_wconf 92' lang='grc'><strong>·</strong></span> <span class='ocrx_word' id='word_1_160' title='bbox 627 2087 686 2139; x_wconf 85' lang='grc' dir='ltr'>ὲν</span> <span class='ocrx_word' id='word_1_161' title='bbox 710 2087 818 2158; x_wconf 84' lang='grc' dir='ltr'>γὰρ</span> <span class='ocrx_word' id='word_1_162' title='bbox 853 2090 919 2157; x_wconf 78' lang='grc' dir='ltr'><strong>τῇ</strong></span> <span class='ocrx_word' id='word_1_163' title='bbox 952 2087 1313 2158; x_wconf 75' lang='grc' dir='ltr'>κοσμογενεία</span> <span class='ocrx_word' id='word_1_164' title='bbox 1339 2088 1466 2159; x_wconf 82' lang='grc' dir='ltr'>περὶ</span> <span class='ocrx_word' id='word_1_165' title='bbox 1489 2086 1580 2142; x_wconf 80' lang='grc' dir='ltr'><strong>τοῦ</strong></span> <span class='ocrx_word' id='word_1_166' title='bbox 1613 2088 1930 2160; x_wconf 77' lang='grc' dir='ltr'>Νεϐρώδους</span> <span class='ocrx_word' id='word_1_167' title='bbox 1948 2089 1994 2120; x_wconf 66' lang='grc'><strong>⁸⁸</strong></span> 
     </span>
    </p>
   </div>
   <div class='ocr_carea' id='block_1_23' title="bbox 402 2177 1987 2251">
    <p class='ocr_par' dir='ltr' id='par_1_23' title="bbox 402 2177 1987 2251">
     <span class='ocr_line' id='line_1_23' title="bbox 402 2177 1987 2251; baseline 0.003 -21"><span class='ocrx_word' id='word_1_168' title='bbox 402 2177 666 2247; x_wconf 79' lang='grc' dir='ltr'>είρηκὼς,</span> <span class='ocrx_word' id='word_1_169' title='bbox 697 2179 779 2233; x_wconf 84' lang='grc' dir='ltr'>ὅτι</span> <span class='ocrx_word' id='word_1_170' title='bbox 812 2179 976 2246; x_wconf 84' lang='grc' dir='ltr'>γίγας</span> <span class='ocrx_word' id='word_1_171' title='bbox 1024 2179 1262 2249; x_wconf 79' lang='grc' dir='ltr'>κυνηγὸς</span> <span class='ocrx_word' id='word_1_172' title='bbox 1297 2179 1342 2211; x_wconf 81' lang='grc'><strong>⁸⁸</strong></span> <span class='ocrx_word' id='word_1_173' title='bbox 1385 2179 1564 2233; x_wconf 79' lang='grc' dir='ltr'>ἔναντι</span> <span class='ocrx_word' id='word_1_174' title='bbox 1611 2179 1839 2251; x_wconf 85' lang='grc' dir='ltr'>Κυρίου,</span> <span class='ocrx_word' id='word_1_175' title='bbox 1891 2183 1987 2234; x_wconf 70' lang='grc' dir='ltr'>επ-</span> 
     </span>
    </p>
   </div>
   <div class='ocr_carea' id='block_1_24' title="bbox 403 2270 1989 2343">
    <p class='ocr_par' dir='ltr' id='par_1_24' title="bbox 403 2270 1989 2343">
     <span class='ocr_line' id='line_1_24' title="bbox 403 2270 1989 2343; baseline 0.002 -21"><span class='ocrx_word' id='word_1_176' title='bbox 403 2274 581 2340; x_wconf 73' lang='grc' dir='ltr'>ήγαγε</span> <span class='ocrx_word' id='word_1_177' title='bbox 609 2285 623 2300; x_wconf 77' lang='grc' dir='ltr'><strong>ο</strong></span> <span class='ocrx_word' id='word_1_178' title='bbox 657 2288 677 2321; x_wconf 73' lang='grc' dir='ltr'><strong>ι</strong></span> <span class='ocrx_word' id='word_1_179' title='bbox 708 2270 816 2324; x_wconf 70' lang='grc' dir='ltr'><strong>Καὶ</strong></span> <span class='ocrx_word' id='word_1_180' title='bbox 841 2271 1058 2338; x_wconf 75' lang='grc' dir='ltr'>ἐγένετο</span> <span class='ocrx_word' id='word_1_181' title='bbox 1090 2272 1122 2340; x_wconf 85' lang='grc' dir='ltr'>ἠ</span> <span class='ocrx_word' id='word_1_182' title='bbox 1155 2270 1298 2343; x_wconf 80' lang='grc' dir='ltr'><strong>ἀρχὴ</strong></span> <span class='ocrx_word' id='word_1_183' title='bbox 1316 2271 1361 2304; x_wconf 78' lang='grc'><strong>⁸⁸</strong></span> <span class='ocrx_word' id='word_1_184' title='bbox 1385 2272 1483 2341; x_wconf 86' lang='grc' dir='ltr'><strong>τῆς</strong></span> <span class='ocrx_word' id='word_1_185' title='bbox 1523 2272 1800 2342; x_wconf 84' lang='grc' dir='ltr'>βασιλείας</span> <span class='ocrx_word' id='word_1_186' title='bbox 1824 2271 1989 2326; x_wconf 79' lang='grc' dir='ltr'>αὐτοῦ</span> 
     </span>
    </p>
   </div>
   <div class='ocr_carea' id='block_1_25' title="bbox 405 2358 1988 2431">
    <p class='ocr_par' dir='ltr' id='par_1_25' title="bbox 405 2358 1988 2431">
     <span class='ocr_line' id='line_1_25' title="bbox 405 2358 1988 2431; baseline 0.003 -20"><span class='ocrx_word' id='word_1_187' title='bbox 405 2358 684 2423; x_wconf 85' lang='grc' dir='ltr'>Βαϐυλὼν,</span> <span class='ocrx_word' id='word_1_188' title='bbox 731 2358 888 2429; x_wconf 77' lang='grc' dir='ltr'>Ὀρὲχ</span> <span class='ocrx_word' id='word_1_189' title='bbox 916 2359 1010 2412; x_wconf 80' lang='grc' dir='ltr'>καὶ</span> <span class='ocrx_word' id='word_1_190' title='bbox 1035 2359 1281 2430; x_wconf 85' lang='grc' dir='ltr'>Χαλάνη.</span> <span class='ocrx_word' id='word_1_191' title='bbox 1356 2379 1376 2413; x_wconf 72' lang='grc' dir='ltr'><strong>ι</strong></span> <span class='ocrx_word' id='word_1_192' title='bbox 1419 2362 1528 2414; x_wconf 79' lang='grc' dir='ltr'>Καὶ</span> <span class='ocrx_word' id='word_1_193' title='bbox 1553 2361 1603 2414; x_wconf 89' lang='grc' dir='ltr'><strong>οί</strong></span> <span class='ocrx_word' id='word_1_194' title='bbox 1632 2360 1737 2428; x_wconf 75' lang='grc' dir='ltr'>ἔξω</span> <span class='ocrx_word' id='word_1_195' title='bbox 1767 2362 1824 2415; x_wconf 83' lang='grc' dir='ltr'>δὲ</span> <span class='ocrx_word' id='word_1_196' title='bbox 1856 2379 1988 2431; x_wconf 80' lang='grc' dir='ltr'>συγ-</span> 
     </span>
    </p>
   </div>
   <div class='ocr_carea' id='block_1_26' title="bbox 404 2449 1991 2528">
    <p class='ocr_par' dir='ltr' id='par_1_26' title="bbox 404 2449 1991 2528">
     <span class='ocr_line' id='line_1_26' title="bbox 404 2449 1991 2528; baseline 0.001 -24"><span class='ocrx_word' id='word_1_197' title='bbox 404 2452 638 2522; x_wconf 77' lang='grc' dir='ltr'>γραφεῖς</span> <span class='ocrx_word' id='word_1_198' title='bbox 659 2449 783 2528; x_wconf 78' lang='grc' dir='ltr'>τρὺς</span> <span class='ocrx_word' id='word_1_199' title='bbox 818 2450 1189 2515; x_wconf 78' lang='grc' dir='ltr'>Βαϐυλωνίους</span> <span class='ocrx_word' id='word_1_200' title='bbox 1213 2452 1530 2522; x_wconf 82' lang='grc' dir='ltr'>Ἀσσυρίους</span> <span class='ocrx_word' id='word_1_201' title='bbox 1556 2453 1991 2524; x_wconf 76' lang='grc' dir='ltr'>προσαγορεύου-</span> 
     </span>
    </p>
   </div>
   <div class='ocr_carea' id='block_1_27' title="bbox 405 2542 1990 2616">
    <p class='ocr_par' dir='ltr' id='par_1_27' title="bbox 405 2542 1990 2616">
     <span class='ocr_line' id='line_1_27' title="bbox 405 2542 1990 2616; baseline 0.001 -20"><span class='ocrx_word' id='word_1_202' title='bbox 405 2561 480 2613; x_wconf 75' lang='grc' dir='ltr'><strong>σε,</strong></span> <span class='ocrx_word' id='word_1_203' title='bbox 527 2544 620 2597; x_wconf 75' lang='grc' dir='ltr'>καὶ</span> <span class='ocrx_word' id='word_1_204' title='bbox 667 2545 832 2614; x_wconf 81' lang='grc' dir='ltr'>μέχρι</span> <span class='ocrx_word' id='word_1_205' title='bbox 863 2543 919 2597; x_wconf 79' lang='grc' dir='ltr'>δὲ</span> <span class='ocrx_word' id='word_1_206' title='bbox 949 2542 1042 2596; x_wconf 85' lang='grc' dir='ltr'>τοῦ</span> <span class='ocrx_word' id='word_1_207' title='bbox 1073 2545 1338 2615; x_wconf 83' lang='grc' dir='ltr'>παρόντος</span> <span class='ocrx_word' id='word_1_208' title='bbox 1383 2545 1672 2616; x_wconf 87' lang='grc' dir='ltr'>Ἀσσυρίαν</span> <span class='ocrx_word' id='word_1_209' title='bbox 1722 2545 1764 2577; x_wconf 84' lang='grc'><strong>⁸⁷</strong></span> <span class='ocrx_word' id='word_1_210' title='bbox 1822 2546 1990 2616; x_wconf 76' lang='grc' dir='ltr'>αὐτὴν</span> 
     </span>
    </p>
   </div>
   <div class='ocr_carea' id='block_1_28' title="bbox 400 2633 1989 2708">
    <p class='ocr_par' dir='ltr' id='par_1_28' title="bbox 400 2633 1989 2708">
     <span class='ocr_line' id='line_1_28' title="bbox 400 2633 1989 2708; baseline 0.001 -20"><span class='ocrx_word' id='word_1_211' title='bbox 400 2633 728 2706; x_wconf 78' lang='grc' dir='ltr'>ὀνομάζουσι</span> <span class='ocrx_word' id='word_1_212' title='bbox 757 2636 982 2706; x_wconf 81' lang='grc' dir='ltr'>Πέρσαι.</span> <span class='ocrx_word' id='word_1_213' title='bbox 1025 2635 1235 2691; x_wconf 79' lang='grc' dir='ltr'>Οὐκοῦν</span> <span class='ocrx_word' id='word_1_214' title='bbox 1269 2637 1302 2708; x_wconf 80' lang='grc' dir='ltr'><strong>ἡ</strong></span> <span class='ocrx_word' id='word_1_215' title='bbox 1350 2637 1447 2708; x_wconf 75' lang='grc' dir='ltr'>μὲν</span> <span class='ocrx_word' id='word_1_216' title='bbox 1479 2637 1671 2708; x_wconf 86' lang='grc' dir='ltr'>πρώτη</span> <span class='ocrx_word' id='word_1_217' title='bbox 1704 2636 1825 2707; x_wconf 78' lang='grc' dir='ltr'>ὕλη,</span> <span class='ocrx_word' id='word_1_218' title='bbox 1866 2637 1989 2707; x_wconf 78' lang='grc' dir='ltr'>ἥτις</span> 
     </span>
    </p>
   </div>
   <div class='ocr_carea' id='block_1_29' title="bbox 402 2727 1986 2800">
    <p class='ocr_par' dir='ltr' id='par_1_29' title="bbox 402 2727 1986 2800">
     <span class='ocr_line' id='line_1_29' title="bbox 402 2727 1986 2800; baseline -0.001 -19"><span class='ocrx_word' id='word_1_219' title='bbox 402 2728 604 2792; x_wconf 66' lang='grc' dir='ltr'>ἐστὶνό</span> <span class='ocrx_word' id='word_1_220' title='bbox 637 2727 890 2796; x_wconf 83' lang='grc' dir='ltr'>χρυσὸς,</span> <span class='ocrx_word' id='word_1_221' title='bbox 923 2729 1021 2800; x_wconf 81' lang='grc' dir='ltr'>τὴν</span> <span class='ocrx_word' id='word_1_222' title='bbox 1059 2728 1358 2800; x_wconf 83' lang='grc' dir='ltr'>Ἀσσυρίων</span> <span class='ocrx_word' id='word_1_223' title='bbox 1391 2729 1486 2783; x_wconf 58' lang='grc' dir='ltr'><strong>καί¹</strong></span> <span class='ocrx_word' id='word_1_224' title='bbox 1504 2729 1859 2782; x_wconf 87' lang='grc' dir='ltr'>Βαϐυλωνίων</span> <span class='ocrx_word' id='word_1_225' title='bbox 1888 2746 1986 2800; x_wconf 85' lang='grc' dir='ltr'>ση-</span> 
     </span>
    </p>
   </div>
   <div class='ocr_carea' id='block_1_30' title="bbox 407 2818 1988 2893">
    <p class='ocr_par' dir='ltr' id='par_1_30' title="bbox 407 2818 1988 2893">
     <span class='ocr_line' id='line_1_30' title="bbox 407 2818 1988 2893; baseline 0.001 -22"><span class='ocrx_word' id='word_1_226' title='bbox 407 2818 590 2890; x_wconf 82' lang='grc' dir='ltr'>μαίνει</span> <span class='ocrx_word' id='word_1_227' title='bbox 620 2819 900 2889; x_wconf 88' lang='grc' dir='ltr'>βασιλείαν</span> <span class='ocrx_word' id='word_1_228' title='bbox 924 2838 938 2854; x_wconf 81' lang='grc'>⁶</span> <span class='ocrx_word' id='word_1_229' title='bbox 995 2822 1274 2890; x_wconf 68' lang='grc' dir='ltr'>κεφαλὴν</span> <span class='ocrx_word' id='word_1_230' title='bbox 1301 2821 1358 2875; x_wconf 85' lang='grc' dir='ltr'>δὲ</span> <span class='ocrx_word' id='word_1_231' title='bbox 1391 2821 1561 2893; x_wconf 79' lang='grc' dir='ltr'>αὐτὴν</span> <span class='ocrx_word' id='word_1_232' title='bbox 1607 2820 1882 2890; x_wconf 77' lang='grc' dir='ltr'>ὀνομάζει,</span> <span class='ocrx_word' id='word_1_233' title='bbox 1913 2819 1988 2884; x_wconf 85' lang='grc' dir='ltr'><strong>ὡς</strong></span> 
     </span>
    </p>
   </div>
   <div class='ocr_carea' id='block_1_31' title="bbox 407 2910 1989 2985">
    <p class='ocr_par' dir='ltr' id='par_1_31' title="bbox 407 2910 1989 2985">
     <span class='ocr_line' id='line_1_31' title="bbox 407 2910 1989 2985; baseline 0 -19"><span class='ocrx_word' id='word_1_234' title='bbox 407 2910 632 2982; x_wconf 75' lang='grc' dir='ltr'>πρώτην</span> <span class='ocrx_word' id='word_1_235' title='bbox 672 2913 1045 2984; x_wconf 81' lang='grc' dir='ltr'>γεγενημένην</span> <span class='ocrx_word' id='word_1_236' title='bbox 1073 2931 1088 2944; x_wconf 73' lang='grc' dir='ltr'><strong>ο</strong></span> <span class='ocrx_word' id='word_1_237' title='bbox 1134 2916 1166 2985; x_wconf 86' lang='grc' dir='ltr'><strong>ή</strong></span> <span class='ocrx_word' id='word_1_238' title='bbox 1208 2914 1434 2985; x_wconf 81' lang='grc' dir='ltr'>δευτέρα</span> <span class='ocrx_word' id='word_1_239' title='bbox 1479 2914 1557 2979; x_wconf 87' lang='grc' dir='ltr'>δὲ,</span> <span class='ocrx_word' id='word_1_240' title='bbox 1601 2915 1722 2983; x_wconf 81' lang='grc' dir='ltr'>ἥτις</span> <span class='ocrx_word' id='word_1_241' title='bbox 1770 2915 1916 2968; x_wconf 75' lang='grc' dir='ltr'>ἐστὶν</span> <span class='ocrx_word' id='word_1_242' title='bbox 1961 2915 1989 2966; x_wconf 90' lang='grc' dir='ltr'><strong>ὀ</strong></span> 
     </span>
    </p>
   </div>
   <div class='ocr_carea' id='block_1_32' title="bbox 403 3000 1989 3076">
    <p class='ocr_par' dir='ltr' id='par_1_32' title="bbox 403 3000 1989 3076">
     <span class='ocr_line' id='line_1_32' title="bbox 403 3000 1989 3076; baseline 0.003 -22"><span class='ocrx_word' id='word_1_243' title='bbox 403 3000 693 3070; x_wconf 71' lang='grc' dir='ltr'>ᾇργιφος,</span> <span class='ocrx_word' id='word_1_244' title='bbox 743 3003 1027 3074; x_wconf 81' lang='grc' dir='ltr'>ήΠερσῶν</span> <span class='ocrx_word' id='word_1_245' title='bbox 1073 3006 1189 3058; x_wconf 70' lang='grc' dir='ltr'>ἔστι</span> <span class='ocrx_word' id='word_1_246' title='bbox 1240 3005 1335 3057; x_wconf 78' lang='grc' dir='ltr'>καὶ</span> <span class='ocrx_word' id='word_1_247' title='bbox 1384 3005 1602 3075; x_wconf 77' lang='grc' dir='ltr'>Μήδων.</span> <span class='ocrx_word' id='word_1_248' title='bbox 1648 3004 1832 3076; x_wconf 78' lang='grc' dir='ltr'>Κῦρος</span> <span class='ocrx_word' id='word_1_249' title='bbox 1880 3004 1989 3075; x_wconf 87' lang='grc' dir='ltr'><strong>γὰρ</strong></span> 
     </span>
    </p>
   </div>
   <div class='ocr_carea' id='block_1_33' title="bbox 406 3090 1984 3165">
    <p class='ocr_par' dir='ltr' id='par_1_33' title="bbox 406 3090 1984 3165">
     <span class='ocr_line' id='line_1_33' title="bbox 406 3090 1984 3165; baseline 0.003 -23"><span class='ocrx_word' id='word_1_250' title='bbox 406 3090 746 3160; x_wconf 72' lang='grc' dir='ltr'>ἑκατέρωθεν</span> <span class='ocrx_word' id='word_1_251' title='bbox 774 3093 1129 3162; x_wconf 79' lang='grc' dir='ltr'>ὁρμώμενος,</span> <span class='ocrx_word' id='word_1_252' title='bbox 1189 3094 1455 3164; x_wconf 84' lang='grc' dir='ltr'>μητρόθεν</span> <span class='ocrx_word' id='word_1_253' title='bbox 1503 3095 1601 3163; x_wconf 83' lang='grc' dir='ltr'>μὲν</span> <span class='ocrx_word' id='word_1_254' title='bbox 1653 3094 1718 3148; x_wconf 85' lang='grc' dir='ltr'>ὲκ</span> <span class='ocrx_word' id='word_1_255' title='bbox 1765 3095 1984 3165; x_wconf 81' lang='grc' dir='ltr'>Μήδων,</span> 
     </span>
    </p>
   </div>
   <div class='ocr_carea' id='block_1_34' title="bbox 407 3182 2058 3274">
    <p class='ocr_par' dir='ltr' id='par_1_34' title="bbox 407 3182 2058 3274">
     <span class='ocr_line' id='line_1_34' title="bbox 407 3182 2058 3274; baseline 0.004 -41"><span class='ocrx_word' id='word_1_256' title='bbox 407 3182 677 3274; x_wconf 76' lang='grc' dir='ltr'>πατρόθεν</span> <span class='ocrx_word' id='word_1_257' title='bbox 708 3183 764 3236; x_wconf 81' lang='grc' dir='ltr'>δὲ</span> <span class='ocrx_word' id='word_1_258' title='bbox 795 3186 858 3236; x_wconf 80' lang='grc' dir='ltr'>ἐκ</span> <span class='ocrx_word' id='word_1_259' title='bbox 887 3185 1127 3255; x_wconf 85' lang='grc' dir='ltr'>Περσῶν,</span> <span class='ocrx_word' id='word_1_260' title='bbox 1167 3185 1428 3240; x_wconf 86' lang='grc' dir='ltr'>κατέλυσε</span> <span class='ocrx_word' id='word_1_261' title='bbox 1460 3185 1559 3256; x_wconf 84' lang='grc' dir='ltr'>μὲν</span> <span class='ocrx_word' id='word_1_262' title='bbox 1601 3186 1898 3256; x_wconf 86' lang='grc' dir='ltr'>Ἀσσυρίων</span> <span class='ocrx_word' id='word_1_263' title='bbox 1919 3186 1984 3251; x_wconf 83' lang='grc'><strong>⁸⁸,</strong></span> <span class='ocrx_word' id='word_1_264' title='bbox 2017 3219 2058 3274; x_wconf 75' lang='lat' dir='ltr'><strong>C</strong></span> 
     </span>
    </p>
   </div>
   <div class='ocr_carea' id='block_1_35' title="bbox 408 3273 1990 3347">
    <p class='ocr_par' dir='ltr' id='par_1_35' title="bbox 408 3273 1990 3347">
     <span class='ocr_line' id='line_1_35' title="bbox 408 3273 1990 3347; baseline 0.001 -17"><span class='ocrx_word' id='word_1_265' title='bbox 408 3274 586 3330; x_wconf 77' lang='grc' dir='ltr'>εἷτουν</span> <span class='ocrx_word' id='word_1_266' title='bbox 616 3273 993 3342; x_wconf 88' lang='grc' dir='ltr'>Βαϐυλωνίων,</span> <span class='ocrx_word' id='word_1_267' title='bbox 1044 3277 1145 3346; x_wconf 80' lang='grc' dir='ltr'>τὴν</span> <span class='ocrx_word' id='word_1_268' title='bbox 1192 3275 1492 3346; x_wconf 86' lang='grc' dir='ltr'>βασιλείαν,</span> <span class='ocrx_word' id='word_1_269' title='bbox 1544 3277 1895 3347; x_wconf 81' lang='grc' dir='ltr'>μετατέϐεικε</span> <span class='ocrx_word' id='word_1_270' title='bbox 1931 3278 1990 3332; x_wconf 86' lang='grc' dir='ltr'>δὲ</span> 
     </span>
    </p>
   </div>
   <div class='ocr_carea' id='block_1_36' title="bbox 407 3363 1998 3440">
    <p class='ocr_par' dir='ltr' id='par_1_36' title="bbox 407 3363 1998 3440">
     <span class='ocr_line' id='line_1_36' title="bbox 407 3363 1998 3440; baseline 0.003 -23"><span class='ocrx_word' id='word_1_271' title='bbox 407 3365 509 3436; x_wconf 83' lang='grc' dir='ltr'><strong>τὴν</strong></span> <span class='ocrx_word' id='word_1_272' title='bbox 536 3363 814 3434; x_wconf 77' lang='grc' dir='ltr'>βασιλείαν</span> <span class='ocrx_word' id='word_1_273' title='bbox 831 3366 876 3398; x_wconf 76' lang='grc'><strong>⁸³</strong></span> <span class='ocrx_word' id='word_1_274' title='bbox 918 3368 998 3430; x_wconf 84' lang='grc' dir='ltr'><strong>είς</strong></span> <span class='ocrx_word' id='word_1_275' title='bbox 1047 3366 1283 3438; x_wconf 83' lang='grc' dir='ltr'>Πέρσας.</span> <span class='ocrx_word' id='word_1_276' title='bbox 1315 3367 1543 3436; x_wconf 77' lang='grc' dir='ltr'>Στῆθος</span> <span class='ocrx_word' id='word_1_277' title='bbox 1567 3367 1624 3420; x_wconf 79' lang='grc' dir='ltr'>δὲ</span> <span class='ocrx_word' id='word_1_278' title='bbox 1650 3368 1809 3422; x_wconf 83' lang='grc' dir='ltr'>αὐτὸν</span> <span class='ocrx_word' id='word_1_279' title='bbox 1839 3385 1998 3440; x_wconf 90' lang='grc' dir='ltr'>προσ-</span> 
     </span>
    </p>
   </div>
   <div class='ocr_carea' id='block_1_37' title="bbox 408 3455 1998 3529">
    <p class='ocr_par' dir='ltr' id='par_1_37' title="bbox 408 3455 1998 3529">
     <span class='ocr_line' id='line_1_37' title="bbox 408 3455 1998 3529; baseline 0.003 -21"><span class='ocrx_word' id='word_1_280' title='bbox 408 3455 682 3525; x_wconf 82' lang='grc' dir='ltr'>ηγόρευσε</span> <span class='ocrx_word' id='word_1_281' title='bbox 731 3457 826 3509; x_wconf 76' lang='grc' dir='ltr'>καὶ</span> <span class='ocrx_word' id='word_1_282' title='bbox 885 3457 1243 3524; x_wconf 67' lang='grc' dir='ltr'>βραχίονας,</span> <span class='ocrx_word' id='word_1_283' title='bbox 1275 3457 1361 3510; x_wconf 84' lang='grc' dir='ltr'>ἵνα</span> <span class='ocrx_word' id='word_1_284' title='bbox 1407 3456 1554 3529; x_wconf 78' lang='grc' dir='ltr'>δείξῃ</span> <span class='ocrx_word' id='word_1_285' title='bbox 1596 3457 1694 3528; x_wconf 73' lang='grc' dir='ltr'>τὴν</span> <span class='ocrx_word' id='word_1_286' title='bbox 1726 3457 1860 3529; x_wconf 74' lang='grc' dir='ltr'>πρὸς</span> <span class='ocrx_word' id='word_1_287' title='bbox 1905 3459 1998 3513; x_wconf 84' lang='grc' dir='ltr'><strong>δύο</strong></span> 
     </span>
    </p>
   </div>
   <div class='ocr_carea' id='block_1_38' title="bbox 410 3547 1995 3620">
    <p class='ocr_par' dir='ltr' id='par_1_38' title="bbox 410 3547 1995 3620">
     <span class='ocr_line' id='line_1_38' title="bbox 410 3547 1995 3620; baseline 0.002 -19"><span class='ocrx_word' id='word_1_288' title='bbox 410 3548 540 3618; x_wconf 66' lang='grc' dir='ltr'>ἔθνη</span> <span class='ocrx_word' id='word_1_289' title='bbox 578 3547 900 3616; x_wconf 79' lang='grc' dir='ltr'>συγγένειαν</span> <span class='ocrx_word' id='word_1_290' title='bbox 929 3565 943 3579; x_wconf 90' lang='grc'><strong>·</strong></span> <span class='ocrx_word' id='word_1_291' title='bbox 989 3549 1079 3602; x_wconf 78' lang='grc' dir='ltr'>διὰ</span> <span class='ocrx_word' id='word_1_292' title='bbox 1135 3551 1234 3620; x_wconf 75' lang='grc' dir='ltr'>μὲν</span> <span class='ocrx_word' id='word_1_293' title='bbox 1274 3549 1384 3620; x_wconf 76' lang='grc' dir='ltr'>γὰρ</span> <span class='ocrx_word' id='word_1_294' title='bbox 1423 3549 1521 3620; x_wconf 83' lang='grc' dir='ltr'>τῆς</span> <span class='ocrx_word' id='word_1_295' title='bbox 1569 3549 1749 3616; x_wconf 82' lang='grc' dir='ltr'>δεξιᾶς</span> <span class='ocrx_word' id='word_1_296' title='bbox 1794 3551 1854 3604; x_wconf 84' lang='grc' dir='ltr'>τὸ</span> <span class='ocrx_word' id='word_1_297' title='bbox 1890 3567 1995 3604; x_wconf 84' lang='grc' dir='ltr'>πα-</span> 
     </span>
    </p>
   </div>
   <div class='ocr_carea' id='block_1_39' title="bbox 411 3637 1998 3712">
    <p class='ocr_par' dir='ltr' id='par_1_39' title="bbox 411 3637 1998 3712">
     <span class='ocr_line' id='line_1_39' title="bbox 411 3637 1998 3712; baseline 0.009 -22"><span class='ocrx_word' id='word_1_298' title='bbox 411 3637 588 3709; x_wconf 77' lang='grc' dir='ltr'>τρῷυν</span> <span class='ocrx_word' id='word_1_299' title='bbox 619 3638 785 3693; x_wconf 80' lang='grc' dir='ltr'>αὐτοῦ</span> <span class='ocrx_word' id='word_1_300' title='bbox 815 3639 1071 3709; x_wconf 87' lang='grc' dir='ltr'>σημαίνει</span> <span class='ocrx_word' id='word_1_301' title='bbox 1103 3639 1278 3707; x_wconf 82' lang='grc' dir='ltr'>γένος,</span> <span class='ocrx_word' id='word_1_302' title='bbox 1334 3641 1586 3712; x_wconf 84' lang='grc' dir='ltr'>μητρῷον</span> <span class='ocrx_word' id='word_1_303' title='bbox 1613 3643 1658 3674; x_wconf 78' lang='grc'><strong>⁹⁰</strong></span> <span class='ocrx_word' id='word_1_304' title='bbox 1697 3642 1754 3695; x_wconf 75' lang='grc' dir='ltr'>δὲ</span> <span class='ocrx_word' id='word_1_305' title='bbox 1786 3641 1876 3695; x_wconf 75' lang='grc' dir='ltr'>διὰ</span> <span class='ocrx_word' id='word_1_306' title='bbox 1898 3641 1998 3712; x_wconf 82' lang='grc' dir='ltr'>τῆς</span> 
     </span>
    </p>
   </div>
   <div class='ocr_carea' id='block_1_40' title="bbox 411 3725 1995 3804">
    <p class='ocr_par' dir='ltr' id='par_1_40' title="bbox 411 3725 1995 3804">
     <span class='ocr_line' id='line_1_40' title="bbox 411 3725 1995 3804; baseline 0.001 -20"><span class='ocrx_word' id='word_1_307' title='bbox 411 3731 718 3802; x_wconf 78' lang='grc' dir='ltr'>εὐωνύμου,</span> <span class='ocrx_word' id='word_1_308' title='bbox 749 3725 824 3786; x_wconf 81' lang='grc' dir='ltr'><strong>ὧν</strong></span> <span class='ocrx_word' id='word_1_309' title='bbox 853 3733 954 3803; x_wconf 82' lang='grc' dir='ltr'>τὴν</span> <span class='ocrx_word' id='word_1_310' title='bbox 985 3734 1280 3802; x_wconf 82' lang='grc' dir='ltr'>συνάφειαν</span> <span class='ocrx_word' id='word_1_311' title='bbox 1307 3733 1367 3786; x_wconf 83' lang='grc' dir='ltr'>τὸ</span> <span class='ocrx_word' id='word_1_312' title='bbox 1395 3734 1591 3804; x_wconf 78' lang='grc' dir='ltr'>στῆθος</span> <span class='ocrx_word' id='word_1_313' title='bbox 1615 3735 1995 3798; x_wconf 86' lang='grc' dir='ltr'>πεπίστευται,</span> 
     </span>
    </p>
   </div>
   <div class='ocr_carea' id='block_1_41' title="bbox 410 3821 1999 3898">
    <p class='ocr_par' dir='ltr' id='par_1_41' title="bbox 410 3821 1999 3898">
     <span class='ocr_line' id='line_1_41' title="bbox 410 3821 1999 3898; baseline 0.004 -24"><span class='ocrx_word' id='word_1_314' title='bbox 410 3821 511 3893; x_wconf 77' lang='grc' dir='ltr'>τὴν</span> <span class='ocrx_word' id='word_1_315' title='bbox 536 3823 764 3893; x_wconf 84' lang='grc' dir='ltr'>καρδίαν</span> <span class='ocrx_word' id='word_1_316' title='bbox 792 3823 912 3893; x_wconf 72' lang='grc' dir='ltr'>ἕχον</span> <span class='ocrx_word' id='word_1_317' title='bbox 937 3823 1046 3877; x_wconf 86' lang='grc' dir='ltr'>τῶν</span> <span class='ocrx_word' id='word_1_318' title='bbox 1078 3824 1353 3895; x_wconf 83' lang='grc' dir='ltr'>λογισμῶν</span> <span class='ocrx_word' id='word_1_319' title='bbox 1385 3825 1444 3878; x_wconf 84' lang='grc' dir='ltr'>τὸ</span> <span class='ocrx_word' id='word_1_320' title='bbox 1473 3828 1720 3894; x_wconf 77' lang='grc' dir='ltr'>ταμεῖον,</span> <span class='ocrx_word' id='word_1_321' title='bbox 1754 3826 1999 3898; x_wconf 89' lang='grc' dir='ltr'>λογισμῷ</span> 
     </span>
    </p>
   </div>
   <div class='ocr_carea' id='block_1_42' title="bbox 411 3914 2000 3987">
    <p class='ocr_par' dir='ltr' id='par_1_42' title="bbox 411 3914 2000 3987">
     <span class='ocr_line' id='line_1_42' title="bbox 411 3914 2000 3987; baseline 0.003 -19"><span class='ocrx_word' id='word_1_322' title='bbox 411 3914 472 3968; x_wconf 76' lang='grc' dir='ltr'>δὲ</span> <span class='ocrx_word' id='word_1_323' title='bbox 496 3915 681 3970; x_wconf 78' lang='grc' dir='ltr'>καὶτὰ</span> <span class='ocrx_word' id='word_1_324' title='bbox 703 3917 918 3985; x_wconf 81' lang='grc' dir='ltr'>γαμικὰ</span> <span class='ocrx_word' id='word_1_325' title='bbox 942 3915 1174 3969; x_wconf 84' lang='grc' dir='ltr'>τελεῖται</span> <span class='ocrx_word' id='word_1_326' title='bbox 1204 3933 1266 3969; x_wconf 92' lang='grc' dir='ltr'>συ</span> <span class='ocrx_word' id='word_1_327' title='bbox 1277 3916 1524 3986; x_wconf 81' lang='grc' dir='ltr'>μϐόλαια.</span> <span class='ocrx_word' id='word_1_328' title='bbox 1549 3919 1652 3970; x_wconf 81' lang='grc' dir='ltr'><strong>Τὸν</strong></span> <span class='ocrx_word' id='word_1_329' title='bbox 1679 3918 1735 3970; x_wconf 79' lang='grc' dir='ltr'>δὲ</span> <span class='ocrx_word' id='word_1_330' title='bbox 1767 3919 2000 3987; x_wconf 74' lang='grc' dir='ltr'><strong>χαλκὸν</strong></span> 
     </span>
    </p>
   </div>
   <div class='ocr_carea' id='block_1_43' title="bbox 414 4006 1999 4078">
    <p class='ocr_par' dir='ltr' id='par_1_43' title="bbox 414 4006 1999 4078">
     <span class='ocr_line' id='line_1_43' title="bbox 414 4006 1999 4078; baseline 0.002 -21"><span class='ocrx_word' id='word_1_331' title='bbox 414 4007 824 4078; x_wconf 86' lang='grc' dir='ltr'>προσηγόρευσε</span> <span class='ocrx_word' id='word_1_332' title='bbox 855 4008 952 4076; x_wconf 82' lang='grc' dir='ltr'>τὴν</span> <span class='ocrx_word' id='word_1_333' title='bbox 981 4007 1359 4074; x_wconf 82' lang='grc' dir='ltr'>Μακεδονικὴν</span> <span class='ocrx_word' id='word_1_334' title='bbox 1389 4006 1666 4076; x_wconf 87' lang='grc' dir='ltr'>βασιλείαν</span> <span class='ocrx_word' id='word_1_335' title='bbox 1715 4007 1852 4077; x_wconf 83' lang='grc' dir='ltr'>μετὰ</span> <span class='ocrx_word' id='word_1_336' title='bbox 1899 4008 1999 4078; x_wconf 76' lang='grc' dir='ltr'>τὴν</span> 
     </span>
    </p>
   </div>
   <div class='ocr_carea' id='block_1_44' title="bbox 414 4098 1999 4170">
    <p class='ocr_par' dir='ltr' id='par_1_44' title="bbox 414 4098 1999 4170">
     <span class='ocr_line' id='line_1_44' title="bbox 414 4098 1999 4170; baseline -0.001 -16"><span class='ocrx_word' id='word_1_337' title='bbox 414 4098 690 4170; x_wconf 79' lang='grc' dir='ltr'>Περσικὴν</span> <span class='ocrx_word' id='word_1_338' title='bbox 712 4101 1101 4166; x_wconf 83' lang='grc' dir='ltr'>ἀναφανεῖσαν,</span> <span class='ocrx_word' id='word_1_339' title='bbox 1127 4098 1222 4152; x_wconf 72' lang='grc' dir='ltr'>καὶ</span> <span class='ocrx_word' id='word_1_340' title='bbox 1253 4098 1420 4168; x_wconf 73' lang='grc' dir='ltr'>αὐτὴν</span> <span class='ocrx_word' id='word_1_341' title='bbox 1446 4099 1648 4167; x_wconf 77' lang='grc' dir='ltr'>ὁμοίως</span> <span class='ocrx_word' id='word_1_342' title='bbox 1665 4100 1708 4131; x_wconf 76' lang='grc'><strong>⁹¹</strong></span> <span class='ocrx_word' id='word_1_343' title='bbox 1743 4099 1999 4153; x_wconf 75' lang='grc' dir='ltr'>ἁπάντων</span> 
     </span>
    </p>
   </div>
   <div class='ocr_carea' id='block_1_45' title="bbox 414 4189 1999 4263">
    <p class='ocr_par' dir='ltr' id='par_1_45' title="bbox 414 4189 1999 4263">
     <span class='ocr_line' id='line_1_45' title="bbox 414 4189 1999 4263; baseline 0 -19"><span class='ocrx_word' id='word_1_344' title='bbox 414 4191 793 4263; x_wconf 81' lang='grc' dir='ltr'>κρατήσασαν.</span> <span class='ocrx_word' id='word_1_345' title='bbox 845 4191 1094 4245; x_wconf 72' lang='grc' dir='ltr'>Κοιιίίαν</span> <span class='ocrx_word' id='word_1_346' title='bbox 1111 4190 1156 4221; x_wconf 82' lang='grc'><strong>⁹¹</strong></span> <span class='ocrx_word' id='word_1_347' title='bbox 1197 4189 1253 4243; x_wconf 80' lang='grc' dir='ltr'>δὲ</span> <span class='ocrx_word' id='word_1_348' title='bbox 1296 4189 1430 4260; x_wconf 69' lang='grc' dir='ltr'>αὖ,τῇ</span> <span class='ocrx_word' id='word_1_349' title='bbox 1474 4191 1566 4242; x_wconf 79' lang='grc' dir='ltr'>καὶ</span> <span class='ocrx_word' id='word_1_350' title='bbox 1602 4189 1728 4253; x_wconf 81' lang='grc' dir='ltr'>τοὺς</span> <span class='ocrx_word' id='word_1_351' title='bbox 1768 4191 1999 4260; x_wconf 78' lang='grc' dir='ltr'>μηροὺς</span> 
     </span>
    </p>
   </div>
   <div class='ocr_carea' id='block_1_46' title="bbox 411 4281 1999 4354">
    <p class='ocr_par' dir='ltr' id='par_1_46' title="bbox 411 4281 1999 4354">
     <span class='ocr_line' id='line_1_46' title="bbox 411 4281 1999 4354; baseline -0.001 -18"><span class='ocrx_word' id='word_1_352' title='bbox 411 4282 702 4352; x_wconf 78' lang='grc' dir='ltr'>ἀπένειμε,</span> <span class='ocrx_word' id='word_1_353' title='bbox 735 4283 835 4354; x_wconf 79' lang='grc' dir='ltr'>τήν</span> <span class='ocrx_word' id='word_1_354' title='bbox 864 4299 922 4336; x_wconf 92' lang='grc' dir='ltr'><strong>τε</strong></span> <span class='ocrx_word' id='word_1_355' title='bbox 957 4283 1254 4352; x_wconf 77' lang='grc' dir='ltr'>μοναρχίαν</span> <span class='ocrx_word' id='word_1_356' title='bbox 1283 4281 1378 4334; x_wconf 75' lang='grc' dir='ltr'>τοῦ</span> <span class='ocrx_word' id='word_1_357' title='bbox 1414 4281 1762 4352; x_wconf 71' lang='grc' dir='ltr'>Ἀλεξάνδρου</span> <span class='ocrx_word' id='word_1_358' title='bbox 1785 4282 1874 4336; x_wconf 64' lang='grc' dir='ltr'><strong>διὰ</strong></span> <span class='ocrx_word' id='word_1_359' title='bbox 1900 4283 1999 4351; x_wconf 80' lang='grc' dir='ltr'>τῆς</span> 
     </span>
    </p>
   </div>
   <div class='ocr_carea' id='block_1_47' title="bbox 415 4373 2000 4446">
    <p class='ocr_par' dir='ltr' id='par_1_47' title="bbox 415 4373 2000 4446">
     <span class='ocr_line' id='line_1_47' title="bbox 415 4373 2000 4446; baseline -0.001 -18"><span class='ocrx_word' id='word_1_360' title='bbox 415 4376 651 4440; x_wconf 76' lang='grc' dir='ltr'>κοιλίας</span> <span class='ocrx_word' id='word_1_361' title='bbox 699 4375 942 4446; x_wconf 85' lang='grc' dir='ltr'>μηνύων,</span> <span class='ocrx_word' id='word_1_362' title='bbox 991 4376 1086 4428; x_wconf 68' lang='grc' dir='ltr'>καὶ</span> <span class='ocrx_word' id='word_1_363' title='bbox 1115 4375 1201 4428; x_wconf 78' lang='grc' dir='ltr'><strong>διὰ</strong></span> <span class='ocrx_word' id='word_1_364' title='bbox 1227 4374 1335 4426; x_wconf 84' lang='grc' dir='ltr'><strong>τῶν</strong></span> <span class='ocrx_word' id='word_1_365' title='bbox 1362 4373 1572 4443; x_wconf 66' lang='grc' dir='ltr'>μηρῶν</span> <span class='ocrx_word' id='word_1_366' title='bbox 1603 4373 1702 4442; x_wconf 80' lang='grc' dir='ltr'>τὴν</span> <span class='ocrx_word' id='word_1_367' title='bbox 1733 4374 1871 4446; x_wconf 83' lang='grc' dir='ltr'>μετᾶ</span> <span class='ocrx_word' id='word_1_368' title='bbox 1901 4374 2000 4443; x_wconf 81' lang='grc' dir='ltr'>τὴν</span> 
     </span>
    </p>
   </div>
   <div class='ocr_carea' id='block_1_48' title="bbox 416 4464 1997 4536">
    <p class='ocr_par' dir='ltr' id='par_1_48' title="bbox 416 4464 1997 4536">
     <span class='ocr_line' id='line_1_48' title="bbox 416 4464 1997 4536; baseline -0.002 -17"><span class='ocrx_word' id='word_1_369' title='bbox 416 4464 624 4519; x_wconf 65' lang='grc' dir='ltr'>ἑκείνου</span> <span class='ocrx_word' id='word_1_370' title='bbox 650 4465 907 4536; x_wconf 83' lang='grc' dir='ltr'>τελευτὴν</span> <span class='ocrx_word' id='word_1_371' title='bbox 949 4466 1321 4536; x_wconf 80' lang='grc' dir='ltr'>γεγενημένην</span> <span class='ocrx_word' id='word_1_372' title='bbox 1335 4466 1380 4498; x_wconf 82' lang='grc'><strong>³³</strong></span> <span class='ocrx_word' id='word_1_373' title='bbox 1408 4469 1506 4536; x_wconf 81' lang='grc' dir='ltr'>τῆς</span> <span class='ocrx_word' id='word_1_374' title='bbox 1553 4464 1830 4535; x_wconf 82' lang='grc' dir='ltr'>βασιλείας</span> <span class='ocrx_word' id='word_1_375' title='bbox 1859 4465 1997 4519; x_wconf 67' lang='grc' dir='ltr'>διαίη</span> 
     </span>
    </p>
   </div>
   <div class='ocr_carea' id='block_1_49' title="bbox 2101 620 3674 698">
    <p class='ocr_par' dir='ltr' id='par_1_49' title="bbox 2101 620 3674 698">
     <span class='ocr_line' id='line_1_49' title="bbox 2101 620 3674 698; baseline -0.004 -18"><span class='ocrx_word' id='word_1_376' title='bbox 2101 636 2189 681; x_wconf 88' lang='lat' dir='ltr'><strong>est</strong></span> <span class='ocrx_word' id='word_1_377' title='bbox 2227 641 2291 680; x_wconf 90' lang='lat' dir='ltr'><strong>ac</strong></span> <span class='ocrx_word' id='word_1_378' title='bbox 2324 625 2755 697; x_wconf 81' lang='lat' dir='ltr'><strong>Babyloniorum</strong></span> <span class='ocrx_word' id='word_1_379' title='bbox 2789 625 3026 698; x_wconf 79' lang='lat' dir='ltr'><strong>(Assyrii</strong></span> <span class='ocrx_word' id='word_1_380' title='bbox 3059 624 3206 679; x_wconf 91' lang='lat' dir='ltr'><strong>enim</strong></span> <span class='ocrx_word' id='word_1_381' title='bbox 3243 629 3297 678; x_wconf 87' lang='lat' dir='ltr'><strong>et</strong></span> <span class='ocrx_word' id='word_1_382' title='bbox 3345 622 3401 676; x_wconf 82' lang='lat' dir='ltr'><strong>lii</strong></span> <span class='ocrx_word' id='word_1_383' title='bbox 3444 632 3499 676; x_wconf 86' lang='lat' dir='ltr'><strong>et</strong></span> <span class='ocrx_word' id='word_1_384' title='bbox 3531 620 3633 690; x_wconf 90' lang='lat' dir='ltr'><strong>illi)</strong></span> <span class='ocrx_word' id='word_1_385' title='bbox 3661 639 3674 651; x_wconf 84' lang='lat'><strong>-</strong></span> 
     </span>
    </p>
   </div>
   <div class='ocr_carea' id='block_1_50' title="bbox 2101 712 3682 790">
    <p class='ocr_par' dir='ltr' id='par_1_50' title="bbox 2101 712 3682 790">
     <span class='ocr_line' id='line_1_50' title="bbox 2101 712 3682 790; baseline -0.004 -16"><span class='ocrx_word' id='word_1_386' title='bbox 2101 718 2198 774; x_wconf 90' lang='lat' dir='ltr'><strong>sed</strong></span> <span class='ocrx_word' id='word_1_387' title='bbox 2236 733 2383 773; x_wconf 88' lang='lat' dir='ltr'><strong>nunc</strong></span> <span class='ocrx_word' id='word_1_388' title='bbox 2412 719 2466 774; x_wconf 93' lang='lat' dir='ltr'><strong>in</strong></span> <span class='ocrx_word' id='word_1_389' title='bbox 2502 719 2666 786; x_wconf 84' lang='lat' dir='ltr'><strong>Nino,</strong></span> <span class='ocrx_word' id='word_1_390' title='bbox 2700 734 2821 790; x_wconf 74' lang='lat' dir='ltr'><strong>qua:</strong></span> <span class='ocrx_word' id='word_1_391' title='bbox 2863 717 3007 788; x_wconf 86' lang='lat' dir='ltr'><strong>apud</strong></span> <span class='ocrx_word' id='word_1_392' title='bbox 3045 714 3302 770; x_wconf 82' lang='lat' dir='ltr'><strong>Hebraeos</strong></span> <span class='ocrx_word' id='word_1_393' title='bbox 3347 712 3552 769; x_wconf 80' lang='lat' dir='ltr'><strong>Nineve</strong></span> <span class='ocrx_word' id='word_1_394' title='bbox 3584 729 3682 767; x_wconf 85' lang='lat' dir='ltr'><strong>vo-</strong></span> 
     </span>
    </p>
   </div>
   <div class='ocr_carea' id='block_1_51' title="bbox 2098 805 3682 881">
    <p class='ocr_par' dir='ltr' id='par_1_51' title="bbox 2098 805 3682 881">
     <span class='ocr_line' id='line_1_51' title="bbox 2098 805 3682 881; baseline -0.006 -16"><span class='ocrx_word' id='word_1_395' title='bbox 2098 818 2293 874; x_wconf 87' lang='lat' dir='ltr'><strong>catur,</strong></span> <span class='ocrx_word' id='word_1_396' title='bbox 2353 825 2500 866; x_wconf 86' lang='lat' dir='ltr'><strong>nunc</strong></span> <span class='ocrx_word' id='word_1_397' title='bbox 2555 813 2608 865; x_wconf 89' lang='lat' dir='ltr'><strong>in</strong></span> <span class='ocrx_word' id='word_1_398' title='bbox 2665 810 2942 881; x_wconf 90' lang='lat' dir='ltr'><strong>Babylone</strong></span> <span class='ocrx_word' id='word_1_399' title='bbox 2989 808 3194 878; x_wconf 78' lang='lat' dir='ltr'><strong>regiam</strong></span> <span class='ocrx_word' id='word_1_400' title='bbox 3241 806 3552 860; x_wconf 88' lang='lat' dir='ltr'><strong>obtinuere.</strong></span> <span class='ocrx_word' id='word_1_401' title='bbox 3614 805 3682 857; x_wconf 83' lang='lat' dir='ltr'><strong>Et</strong></span> 
     </span>
    </p>
   </div>
   <div class='ocr_carea' id='block_1_52' title="bbox 2100 896 3677 974">
    <p class='ocr_par' dir='ltr' id='par_1_52' title="bbox 2100 896 3677 974">
     <span class='ocr_line' id='line_1_52' title="bbox 2100 896 3677 974; baseline -0.006 -17"><span class='ocrx_word' id='word_1_402' title='bbox 2100 918 2272 957; x_wconf 90' lang='lat' dir='ltr'><strong>unum</strong></span> <span class='ocrx_word' id='word_1_403' title='bbox 2304 903 2500 957; x_wconf 90' lang='lat' dir='ltr'><strong>horum</strong></span> <span class='ocrx_word' id='word_1_404' title='bbox 2533 913 2697 974; x_wconf 89' lang='lat' dir='ltr'><strong>atque</strong></span> <span class='ocrx_word' id='word_1_405' title='bbox 2726 903 2951 958; x_wconf 90' lang='lat' dir='ltr'><strong>illorum</strong></span> <span class='ocrx_word' id='word_1_406' title='bbox 2983 914 3214 971; x_wconf 80' lang='lat' dir='ltr'><strong>regnum</strong></span> <span class='ocrx_word' id='word_1_407' title='bbox 3245 913 3370 954; x_wconf 87' lang='lat' dir='ltr'><strong>esse</strong></span> <span class='ocrx_word' id='word_1_408' title='bbox 3410 896 3677 967; x_wconf 72' lang='lat' dir='ltr'><strong>propheta</strong></span> 
     </span>
    </p>
   </div>
   <div class='ocr_carea' id='block_1_53' title="bbox 2095 986 3672 1065">
    <p class='ocr_par' dir='ltr' id='par_1_53' title="bbox 2095 986 3672 1065">
     <span class='ocr_line' id='line_1_53' title="bbox 2095 986 3672 1065; baseline -0.006 -16"><span class='ocrx_word' id='word_1_409' title='bbox 2095 994 2262 1049; x_wconf 88' lang='lat' dir='ltr'><strong>etiam</strong></span> <span class='ocrx_word' id='word_1_410' title='bbox 2296 994 2412 1063; x_wconf 88' lang='lat' dir='ltr'><strong>ipse</strong></span> <span class='ocrx_word' id='word_1_411' title='bbox 2428 1003 2680 1059; x_wconf 86' lang='lat' dir='ltr'><strong>testatur,</strong></span> <span class='ocrx_word' id='word_1_412' title='bbox 2711 995 2801 1065; x_wconf 89' lang='lat' dir='ltr'><strong>qui</strong></span> <span class='ocrx_word' id='word_1_413' title='bbox 2836 994 3108 1048; x_wconf 90' lang='lat' dir='ltr'><strong>somnium</strong></span> <span class='ocrx_word' id='word_1_414' title='bbox 3137 992 3532 1058; x_wconf 88' lang='lat' dir='ltr'><strong>interpretans,</strong></span> <span class='ocrx_word' id='word_1_415' title='bbox 3559 986 3635 1040; x_wconf 86' lang='lat' dir='ltr'><strong>ait</strong></span> <span class='ocrx_word' id='word_1_416' title='bbox 3661 1004 3672 1040; x_wconf 94' lang='lat'>:</span> 
     </span>
    </p>
   </div>
   <div class='ocr_carea' id='block_1_54' title="bbox 2104 1078 3677 1156">
    <p class='ocr_par' dir='ltr' id='par_1_54' title="bbox 2104 1078 3677 1156">
     <span class='ocr_line' id='line_1_54' title="bbox 2104 1078 3677 1156; baseline -0.003 -18"><span class='ocrx_word' id='word_1_417' title='bbox 2104 1107 2123 1138; x_wconf 87' lang='grc'><strong><em>‹</em></strong></span> <span class='ocrx_word' id='word_1_418' title='bbox 2167 1087 2344 1156; x_wconf 86' lang='lat' dir='ltr'><strong>Caput</strong></span> <span class='ocrx_word' id='word_1_419' title='bbox 2375 1100 2600 1142; x_wconf 90' lang='lat' dir='ltr'><strong>aureum</strong></span> <span class='ocrx_word' id='word_1_420' title='bbox 2643 1095 2703 1140; x_wconf 92' lang='lat' dir='ltr'><strong>tu</strong></span> <span class='ocrx_word' id='word_1_421' title='bbox 2767 1101 2848 1154; x_wconf 91' lang='lat' dir='ltr'><strong>es,</strong></span> <span class='ocrx_word' id='word_1_422' title='bbox 2891 1101 3006 1141; x_wconf 80' lang='lat' dir='ltr'><strong>rex.</strong></span> <span class='ocrx_word' id='word_1_423' title='bbox 3047 1103 3066 1135; x_wconf 70' lang='grc' dir='ltr'><strong>ι</strong></span> <span class='ocrx_word' id='word_1_424' title='bbox 3102 1081 3300 1137; x_wconf 83' lang='lat' dir='ltr'><strong>Beatus</strong></span> <span class='ocrx_word' id='word_1_425' title='bbox 3348 1080 3478 1133; x_wconf 86' lang='lat' dir='ltr'><strong>item</strong></span> <span class='ocrx_word' id='word_1_426' title='bbox 3523 1078 3677 1134; x_wconf 81' lang='lat' dir='ltr'><strong>Jere-</strong></span> 
     </span>
    </p>
   </div>
   <div class='ocr_carea' id='block_1_55' title="bbox 2101 1171 3677 1249">
    <p class='ocr_par' dir='ltr' id='par_1_55' title="bbox 2101 1171 3677 1249">
     <span class='ocr_line' id='line_1_55' title="bbox 2101 1171 3677 1249; baseline -0.004 -17"><span class='ocrx_word' id='word_1_427' title='bbox 2101 1179 2246 1234; x_wconf 83' lang='lat' dir='ltr'><strong>mias</strong></span> <span class='ocrx_word' id='word_1_428' title='bbox 2275 1178 2545 1249; x_wconf 85' lang='lat' dir='ltr'><strong>propheta</strong></span> <span class='ocrx_word' id='word_1_429' title='bbox 2572 1197 2586 1233; x_wconf 91' lang='lat'><strong>:</strong></span> <span class='ocrx_word' id='word_1_430' title='bbox 2629 1198 2646 1229; x_wconf 78' lang='grc' dir='ltr'><strong>ι</strong></span> <span class='ocrx_word' id='word_1_431' title='bbox 2691 1178 2867 1242; x_wconf 82' lang='lat' dir='ltr'><strong>Calix,</strong></span> <span class='ocrx_word' id='word_1_432' title='bbox 2897 1175 3097 1247; x_wconf 82' lang='lat' dir='ltr'><strong>inquit,</strong></span> <span class='ocrx_word' id='word_1_433' title='bbox 3132 1188 3332 1229; x_wconf 88' lang='lat' dir='ltr'><strong>aureus</strong></span> <span class='ocrx_word' id='word_1_434' title='bbox 3355 1171 3595 1244; x_wconf 84' lang='lat' dir='ltr'><strong>Babylon</strong></span> <span class='ocrx_word' id='word_1_435' title='bbox 3619 1171 3677 1225; x_wconf 88' lang='lat' dir='ltr'><strong>in</strong></span> 
     </span>
    </p>
   </div>
   <div class='ocr_carea' id='block_1_56' title="bbox 2097 1262 3677 1335">
    <p class='ocr_par' dir='ltr' id='par_1_56' title="bbox 2097 1262 3677 1335">
     <span class='ocr_line' id='line_1_56' title="bbox 2097 1262 3677 1335; baseline -0.004 -12"><span class='ocrx_word' id='word_1_436' title='bbox 2097 1281 2263 1324; x_wconf 86' lang='lat' dir='ltr'><strong>manu</strong></span> <span class='ocrx_word' id='word_1_437' title='bbox 2295 1269 2534 1335; x_wconf 88' lang='lat' dir='ltr'><strong>Domini,</strong></span> <span class='ocrx_word' id='word_1_438' title='bbox 2567 1271 2856 1325; x_wconf 77' lang='lat' dir='ltr'><strong>inebrians</strong></span> <span class='ocrx_word' id='word_1_439' title='bbox 2901 1281 3122 1325; x_wconf 89' lang='lat' dir='ltr'><strong>omnem</strong></span> <span class='ocrx_word' id='word_1_440' title='bbox 3163 1272 3366 1320; x_wconf 89' lang='lat' dir='ltr'><strong>terram</strong></span> <span class='ocrx_word' id='word_1_441' title='bbox 3399 1282 3411 1317; x_wconf 91' lang='lat'>:</span> <span class='ocrx_word' id='word_1_442' title='bbox 3455 1262 3523 1318; x_wconf 88' lang='lat' dir='ltr'><strong>de</strong></span> <span class='ocrx_word' id='word_1_443' title='bbox 3550 1263 3677 1317; x_wconf 83' lang='lat' dir='ltr'><strong>vino</strong></span> 
     </span>
    </p>
   </div>
   <div class='ocr_carea' id='block_1_57' title="bbox 2095 1361 3679 1434">
    <p class='ocr_par' dir='ltr' id='par_1_57' title="bbox 2095 1361 3679 1434">
     <span class='ocr_line' id='line_1_57' title="bbox 2095 1361 3679 1434; baseline -0.005 -17"><span class='ocrx_word' id='word_1_444' title='bbox 2095 1363 2221 1432; x_wconf 87' lang='lat' dir='ltr'><strong>ejus</strong></span> <span class='ocrx_word' id='word_1_445' title='bbox 2253 1362 2515 1417; x_wconf 89' lang='lat' dir='ltr'><strong>biberunt</strong></span> <span class='ocrx_word' id='word_1_446' title='bbox 2563 1371 2778 1434; x_wconf 91' lang='lat' dir='ltr'><strong>gentes,</strong></span> <span class='ocrx_word' id='word_1_447' title='bbox 2828 1361 2951 1416; x_wconf 91' lang='lat' dir='ltr'><strong>ideo</strong></span> <span class='ocrx_word' id='word_1_448' title='bbox 2989 1365 3279 1415; x_wconf 63' lang='lat' dir='ltr'><strong>commotae</strong></span> <span class='ocrx_word' id='word_1_449' title='bbox 3309 1363 3458 1421; x_wconf 88' lang='lat' dir='ltr'><strong>sunt,</strong></span> <span class='ocrx_word' id='word_1_450' title='bbox 3504 1368 3557 1412; x_wconf 91' lang='lat' dir='ltr'><strong>et</strong></span> <span class='ocrx_word' id='word_1_451' title='bbox 3585 1371 3679 1413; x_wconf 86' lang='lat' dir='ltr'><strong>su-</strong></span> 
     </span>
    </p>
   </div>
   <div class='ocr_carea' id='block_1_58' title="bbox 2096 1445 3680 1523">
    <p class='ocr_par' dir='ltr' id='par_1_58' title="bbox 2096 1445 3680 1523">
     <span class='ocr_line' id='line_1_58' title="bbox 2096 1445 3680 1523; baseline -0.003 -16"><span class='ocrx_word' id='word_1_452' title='bbox 2096 1452 2210 1507; x_wconf 86' lang='lat' dir='ltr'><strong>bito</strong></span> <span class='ocrx_word' id='word_1_453' title='bbox 2240 1453 2441 1507; x_wconf 89' lang='lat' dir='ltr'><strong>cecidit</strong></span> <span class='ocrx_word' id='word_1_454' title='bbox 2469 1452 2734 1523; x_wconf 85' lang='lat' dir='ltr'><strong>Babylon,</strong></span> <span class='ocrx_word' id='word_1_455' title='bbox 2769 1462 2822 1507; x_wconf 91' lang='lat' dir='ltr'><strong>et</strong></span> <span class='ocrx_word' id='word_1_456' title='bbox 2851 1445 3092 1506; x_wconf 80' lang='lat' dir='ltr'><strong>contrita</strong></span> <span class='ocrx_word' id='word_1_457' title='bbox 3123 1459 3208 1507; x_wconf 87' lang='lat' dir='ltr'><strong>est</strong></span> <span class='ocrx_word' id='word_1_458' title='bbox 3236 1451 3340 1508; x_wconf 72' lang='grc' dir='ltr'><strong>οοτ.</strong></span> <span class='ocrx_word' id='word_1_459' title='bbox 3374 1469 3394 1503; x_wconf 72' lang='grc' dir='ltr'><strong>ι</strong></span> <span class='ocrx_word' id='word_1_460' title='bbox 3429 1447 3586 1517; x_wconf 86' lang='lat' dir='ltr'><strong>Quod</strong></span> <span class='ocrx_word' id='word_1_461' title='bbox 3633 1449 3680 1504; x_wconf 83' lang='lat' dir='ltr'><strong>si</strong></span> 
     </span>
    </p>
   </div>
   <div class='ocr_carea' id='block_1_59' title="bbox 2098 1542 3681 1618">
    <p class='ocr_par' dir='ltr' id='par_1_59' title="bbox 2098 1542 3681 1618">
     <span class='ocr_line' id='line_1_59' title="bbox 2098 1542 3681 1618; baseline -0.001 -20"><span class='ocrx_word' id='word_1_462' title='bbox 2098 1546 2247 1599; x_wconf 84' lang='lat' dir='ltr'><strong>aliud</strong></span> <span class='ocrx_word' id='word_1_463' title='bbox 2305 1548 2375 1600; x_wconf 90' lang='lat' dir='ltr'><strong>ab</strong></span> <span class='ocrx_word' id='word_1_464' title='bbox 2437 1547 2544 1600; x_wconf 83' lang='lat' dir='ltr'><strong>hoc</strong></span> <span class='ocrx_word' id='word_1_465' title='bbox 2605 1546 2804 1602; x_wconf 83' lang='lat' dir='ltr'><strong>fuisset</strong></span> <span class='ocrx_word' id='word_1_466' title='bbox 2858 1545 3214 1618; x_wconf 83' lang='lat' dir='ltr'><strong>Assyriorum</strong></span> <span class='ocrx_word' id='word_1_467' title='bbox 3268 1559 3498 1617; x_wconf 87' lang='lat' dir='ltr'><strong>regnum</strong></span> <span class='ocrx_word' id='word_1_468' title='bbox 3559 1542 3681 1613; x_wconf 87' lang='lat' dir='ltr'><strong>ipso</strong></span> 
     </span>
    </p>
   </div>
   <div class='ocr_carea' id='block_1_60' title="bbox 2097 1631 3682 1708">
    <p class='ocr_par' dir='ltr' id='par_1_60' title="bbox 2097 1631 3682 1708">
     <span class='ocr_line' id='line_1_60' title="bbox 2097 1631 3682 1708; baseline -0.002 -17"><span class='ocrx_word' id='word_1_469' title='bbox 2097 1638 2402 1708; x_wconf 85' lang='lat' dir='ltr'><strong>antiquius,</strong></span> <span class='ocrx_word' id='word_1_470' title='bbox 2445 1652 2696 1707; x_wconf 78' lang='lat' dir='ltr'><strong>quaenam</strong></span> <span class='ocrx_word' id='word_1_471' title='bbox 2731 1638 2961 1693; x_wconf 88' lang='lat' dir='ltr'><strong>materia</strong></span> <span class='ocrx_word' id='word_1_472' title='bbox 3003 1638 3192 1692; x_wconf 86' lang='lat' dir='ltr'><strong>vocari</strong></span> <span class='ocrx_word' id='word_1_473' title='bbox 3225 1636 3457 1707; x_wconf 77' lang='lat' dir='ltr'><strong>posset?</strong></span> <span class='ocrx_word' id='word_1_474' title='bbox 3491 1631 3682 1690; x_wconf 85' lang='lat' dir='ltr'><strong>Testa-</strong></span> 
     </span>
    </p>
   </div>
   <div class='ocr_carea' id='block_1_61' title="bbox 2097 1726 3676 1786">
    <p class='ocr_par' dir='ltr' id='par_1_61' title="bbox 2097 1726 3676 1786">
     <span class='ocr_line' id='line_1_61' title="bbox 2097 1726 3676 1786; baseline -0.002 -4"><span class='ocrx_word' id='word_1_475' title='bbox 2097 1736 2190 1784; x_wconf 92' lang='lat' dir='ltr'><strong>tur</strong></span> <span class='ocrx_word' id='word_1_476' title='bbox 2221 1729 2352 1784; x_wconf 87' lang='lat' dir='ltr'><strong>item</strong></span> <span class='ocrx_word' id='word_1_477' title='bbox 2384 1729 2775 1786; x_wconf 89' lang='lat' dir='ltr'><strong>sanctissimus</strong></span> <span class='ocrx_word' id='word_1_478' title='bbox 2822 1728 3000 1786; x_wconf 82' lang='lat' dir='ltr'><strong>Moses</strong></span> <span class='ocrx_word' id='word_1_479' title='bbox 3041 1729 3158 1783; x_wconf 80' lang='lat' dir='ltr'><strong>haec</strong></span> <span class='ocrx_word' id='word_1_480' title='bbox 3206 1727 3282 1782; x_wconf 91' lang='lat' dir='ltr'><strong>ita</strong></span> <span class='ocrx_word' id='word_1_481' title='bbox 3326 1743 3387 1782; x_wconf 90' lang='lat' dir='ltr'><strong>se</strong></span> <span class='ocrx_word' id='word_1_482' title='bbox 3429 1726 3676 1781; x_wconf 87' lang='lat' dir='ltr'><strong>habere:</strong></span> 
     </span>
    </p>
   </div>
   <div class='ocr_carea' id='block_1_62' title="bbox 2096 1816 3673 1890">
    <p class='ocr_par' dir='ltr' id='par_1_62' title="bbox 2096 1816 3673 1890">
     <span class='ocr_line' id='line_1_62' title="bbox 2096 1816 3673 1890; baseline -0.003 -16"><span class='ocrx_word' id='word_1_483' title='bbox 2096 1819 2192 1890; x_wconf 73' lang='lat' dir='ltr'><strong>qui</strong></span> <span class='ocrx_word' id='word_1_484' title='bbox 2228 1836 2354 1875; x_wconf 92' lang='lat' dir='ltr'><strong>cum</strong></span> <span class='ocrx_word' id='word_1_485' title='bbox 2402 1821 2458 1876; x_wconf 91' lang='lat' dir='ltr'><strong>in</strong></span> <span class='ocrx_word' id='word_1_486' title='bbox 2496 1821 2776 1876; x_wconf 88' lang='lat' dir='ltr'><strong>creatione</strong></span> <span class='ocrx_word' id='word_1_487' title='bbox 2808 1821 2996 1875; x_wconf 89' lang='lat' dir='ltr'><strong>mundi</strong></span> <span class='ocrx_word' id='word_1_488' title='bbox 3029 1818 3096 1875; x_wconf 86' lang='lat' dir='ltr'><strong>de</strong></span> <span class='ocrx_word' id='word_1_489' title='bbox 3123 1816 3384 1874; x_wconf 84' lang='lat' dir='ltr'><strong>Nimrodo</strong></span> <span class='ocrx_word' id='word_1_490' title='bbox 3423 1817 3673 1882; x_wconf 84' lang='lat' dir='ltr'><strong>dixisset,</strong></span> 
     </span>
    </p>
   </div>
   <div class='ocr_carea' id='block_1_63' title="bbox 2098 1907 3674 1985">
    <p class='ocr_par' dir='ltr' id='par_1_63' title="bbox 2098 1907 3674 1985">
     <span class='ocr_line' id='line_1_63' title="bbox 2098 1907 3674 1985; baseline -0.003 -19"><span class='ocrx_word' id='word_1_491' title='bbox 2098 1913 2271 1968; x_wconf 77' lang='lat' dir='ltr'><strong>fuisse</strong></span> <span class='ocrx_word' id='word_1_492' title='bbox 2315 1914 2471 1969; x_wconf 90' lang='lat' dir='ltr'><strong>illum</strong></span> <span class='ocrx_word' id='word_1_493' title='bbox 2508 1914 2782 1985; x_wconf 76' lang='lat' dir='ltr'><strong>gigantem</strong></span> <span class='ocrx_word' id='word_1_494' title='bbox 2824 1920 3142 1968; x_wconf 81' lang='lat' dir='ltr'><strong>venatorem</strong></span> <span class='ocrx_word' id='word_1_495' title='bbox 3181 1924 3366 1966; x_wconf 87' lang='lat' dir='ltr'><strong>coram</strong></span> <span class='ocrx_word' id='word_1_496' title='bbox 3424 1907 3674 1970; x_wconf 86' lang='lat' dir='ltr'><strong>Domino,</strong></span> 
     </span>
    </p>
   </div>
   <div class='ocr_carea' id='block_1_64' title="bbox 2103 1998 3676 2075">
    <p class='ocr_par' dir='ltr' id='par_1_64' title="bbox 2103 1998 3676 2075">
     <span class='ocr_line' id='line_1_64' title="bbox 2103 1998 3676 2075; baseline -0.005 -15"><span class='ocrx_word' id='word_1_497' title='bbox 2103 2005 2339 2071; x_wconf 88' lang='lat' dir='ltr'><strong>subjecit</strong></span> <span class='ocrx_word' id='word_1_498' title='bbox 2375 2025 2386 2059; x_wconf 96' lang='lat'>:</span> <span class='ocrx_word' id='word_1_499' title='bbox 2421 2023 2440 2057; x_wconf 77' lang='grc' dir='ltr'><strong>ι</strong></span> <span class='ocrx_word' id='word_1_500' title='bbox 2475 2003 2538 2057; x_wconf 85' lang='grc' dir='ltr'>Ει</span> <span class='ocrx_word' id='word_1_501' title='bbox 2574 2003 2678 2058; x_wconf 79' lang='lat' dir='ltr'><strong>fuit</strong></span> <span class='ocrx_word' id='word_1_502' title='bbox 2715 2003 3050 2075; x_wconf 88' lang='lat' dir='ltr'><strong>principium</strong></span> <span class='ocrx_word' id='word_1_503' title='bbox 3079 2000 3234 2073; x_wconf 78' lang='lat' dir='ltr'><strong>regni</strong></span> <span class='ocrx_word' id='word_1_504' title='bbox 3265 2001 3387 2071; x_wconf 87' lang='lat' dir='ltr'><strong>ejus</strong></span> <span class='ocrx_word' id='word_1_505' title='bbox 3407 1998 3676 2070; x_wconf 75' lang='lat' dir='ltr'><strong>Babylon&quot;,</strong></span> 
     </span>
    </p>
   </div>
   <div class='ocr_carea' id='block_1_65' title="bbox 2094 2089 3679 2162">
    <p class='ocr_par' dir='ltr' id='par_1_65' title="bbox 2094 2089 3679 2162">
     <span class='ocr_line' id='line_1_65' title="bbox 2094 2089 3679 2162; baseline -0.003 -15"><span class='ocrx_word' id='word_1_506' title='bbox 2094 2093 2271 2148; x_wconf 83' lang='lat' dir='ltr'><strong>Orech</strong></span> <span class='ocrx_word' id='word_1_507' title='bbox 2327 2102 2382 2148; x_wconf 87' lang='lat' dir='ltr'><strong>et</strong></span> <span class='ocrx_word' id='word_1_508' title='bbox 2423 2092 2668 2149; x_wconf 88' lang='lat' dir='ltr'><strong>Chalane</strong></span> <span class='ocrx_word' id='word_1_509' title='bbox 2702 2096 2748 2149; x_wconf 72' lang='grc' dir='ltr'><strong>ε.</strong></span> <span class='ocrx_word' id='word_1_510' title='bbox 2795 2112 2812 2144; x_wconf 73' lang='grc' dir='ltr'><strong>ι</strong></span> <span class='ocrx_word' id='word_1_511' title='bbox 2871 2092 3060 2148; x_wconf 81' lang='lat' dir='ltr'><strong>Exteri</strong></span> <span class='ocrx_word' id='word_1_512' title='bbox 3104 2105 3326 2162; x_wconf 86' lang='lat' dir='ltr'><strong>quoque</strong></span> <span class='ocrx_word' id='word_1_513' title='bbox 3375 2089 3679 2160; x_wconf 82' lang='lat' dir='ltr'><strong>scriptores</strong></span> 
     </span>
    </p>
   </div>
   <div class='ocr_carea' id='block_1_66' title="bbox 2102 2178 3678 2257">
    <p class='ocr_par' dir='ltr' id='par_1_66' title="bbox 2102 2178 3678 2257">
     <span class='ocr_line' id='line_1_66' title="bbox 2102 2178 3678 2257; baseline -0.003 -19"><span class='ocrx_word' id='word_1_514' title='bbox 2102 2184 2432 2257; x_wconf 88' lang='lat' dir='ltr'><strong>Babylonios</strong></span> <span class='ocrx_word' id='word_1_515' title='bbox 2462 2186 2723 2256; x_wconf 86' lang='lat' dir='ltr'><strong>Assyrios</strong></span> <span class='ocrx_word' id='word_1_516' title='bbox 2752 2178 3049 2255; x_wconf 84' lang='lat' dir='ltr'><strong>appellant,</strong></span> <span class='ocrx_word' id='word_1_517' title='bbox 3081 2192 3135 2238; x_wconf 91' lang='lat' dir='ltr'><strong>et</strong></span> <span class='ocrx_word' id='word_1_518' title='bbox 3165 2196 3342 2252; x_wconf 91' lang='lat' dir='ltr'><strong>usque</strong></span> <span class='ocrx_word' id='word_1_519' title='bbox 3371 2178 3550 2234; x_wconf 91' lang='lat' dir='ltr'><strong>adhuc</strong></span> <span class='ocrx_word' id='word_1_520' title='bbox 3571 2178 3678 2235; x_wconf 77' lang='lat' dir='ltr'><strong>As-</strong></span> 
     </span>
    </p>
   </div>
   <div class='ocr_carea' id='block_1_67' title="bbox 2093 2272 3680 2347">
    <p class='ocr_par' dir='ltr' id='par_1_67' title="bbox 2093 2272 3680 2347">
     <span class='ocr_line' id='line_1_67' title="bbox 2093 2272 3680 2347; baseline -0.003 -17"><span class='ocrx_word' id='word_1_521' title='bbox 2093 2277 2298 2347; x_wconf 89' lang='lat' dir='ltr'><strong>syriam</strong></span> <span class='ocrx_word' id='word_1_522' title='bbox 2335 2276 2506 2346; x_wconf 82' lang='lat' dir='ltr'><strong>ipsam</strong></span> <span class='ocrx_word' id='word_1_523' title='bbox 2543 2276 2726 2332; x_wconf 67' lang='lat' dir='ltr'><strong>Persae</strong></span> <span class='ocrx_word' id='word_1_524' title='bbox 2769 2277 3080 2331; x_wconf 89' lang='lat' dir='ltr'><strong>nominant.</strong></span> <span class='ocrx_word' id='word_1_525' title='bbox 3121 2272 3307 2330; x_wconf 88' lang='lat' dir='ltr'><strong>Prima</strong></span> <span class='ocrx_word' id='word_1_526' title='bbox 3349 2272 3517 2343; x_wconf 86' lang='lat' dir='ltr'><strong>igitur</strong></span> <span class='ocrx_word' id='word_1_527' title='bbox 3562 2287 3680 2326; x_wconf 86' lang='lat' dir='ltr'><strong>ma-</strong></span> 
     </span>
    </p>
   </div>
   <div class='ocr_carea' id='block_1_68' title="bbox 2093 2363 3677 2440">
    <p class='ocr_par' dir='ltr' id='par_1_68' title="bbox 2093 2363 3677 2440">
     <span class='ocr_line' id='line_1_68' title="bbox 2093 2363 3677 2440; baseline -0.003 -18"><span class='ocrx_word' id='word_1_528' title='bbox 2093 2369 2229 2422; x_wconf 87' lang='lat' dir='ltr'><strong>teria</strong></span> <span class='ocrx_word' id='word_1_529' title='bbox 2251 2408 2266 2431; x_wconf 91' lang='lat'><strong>,</strong></span> <span class='ocrx_word' id='word_1_530' title='bbox 2290 2383 2412 2438; x_wconf 69' lang='lat' dir='ltr'><strong>quae</strong></span> <span class='ocrx_word' id='word_1_531' title='bbox 2435 2385 2625 2422; x_wconf 82' lang='lat' dir='ltr'><strong>aurum</strong></span> <span class='ocrx_word' id='word_1_532' title='bbox 2648 2376 2756 2434; x_wconf 89' lang='lat' dir='ltr'><strong>est,</strong></span> <span class='ocrx_word' id='word_1_533' title='bbox 2787 2367 3142 2440; x_wconf 82' lang='lat' dir='ltr'><strong>Assyriorum</strong></span> <span class='ocrx_word' id='word_1_534' title='bbox 3174 2373 3228 2422; x_wconf 91' lang='lat' dir='ltr'><strong>et</strong></span> <span class='ocrx_word' id='word_1_535' title='bbox 3251 2363 3677 2436; x_wconf 88' lang='lat' dir='ltr'><strong>Babyloniorum</strong></span> 
     </span>
    </p>
   </div>
   <div class='ocr_carea' id='block_1_69' title="bbox 2094 2458 3682 2532">
    <p class='ocr_par' dir='ltr' id='par_1_69' title="bbox 2094 2458 3682 2532">
     <span class='ocr_line' id='line_1_69' title="bbox 2094 2458 3682 2532; baseline -0.003 -17"><span class='ocrx_word' id='word_1_536' title='bbox 2094 2460 2375 2532; x_wconf 86' lang='lat' dir='ltr'><strong>signiﬁcat</strong></span> <span class='ocrx_word' id='word_1_537' title='bbox 2410 2476 2661 2532; x_wconf 88' lang='lat' dir='ltr'><strong>regnum,</strong></span> <span class='ocrx_word' id='word_1_538' title='bbox 2698 2461 2990 2532; x_wconf 89' lang='lat' dir='ltr'><strong>ipsumque</strong></span> <span class='ocrx_word' id='word_1_539' title='bbox 3018 2469 3176 2530; x_wconf 81' lang='lat' dir='ltr'><strong>caput</strong></span> <span class='ocrx_word' id='word_1_540' title='bbox 3202 2458 3458 2530; x_wconf 88' lang='lat' dir='ltr'><strong>appellat,</strong></span> <span class='ocrx_word' id='word_1_541' title='bbox 3494 2465 3682 2526; x_wconf 88' lang='lat' dir='ltr'><strong>utpote</strong></span> 
     </span>
    </p>
   </div>
   <div class='ocr_carea' id='block_1_70' title="bbox 2091 2550 3680 2621">
    <p class='ocr_par' dir='ltr' id='par_1_70' title="bbox 2091 2550 3680 2621">
     <span class='ocr_line' id='line_1_70' title="bbox 2091 2550 3680 2621; baseline -0.002 -16"><span class='ocrx_word' id='word_1_542' title='bbox 2091 2551 2237 2620; x_wconf 91' lang='lat' dir='ltr'><strong>quod</strong></span> <span class='ocrx_word' id='word_1_543' title='bbox 2269 2551 2506 2621; x_wconf 89' lang='lat' dir='ltr'><strong>primum</strong></span> <span class='ocrx_word' id='word_1_544' title='bbox 2541 2552 2730 2607; x_wconf 78' lang='lat' dir='ltr'><strong>fuerit.</strong></span> <span class='ocrx_word' id='word_1_545' title='bbox 2768 2551 2958 2606; x_wconf 79' lang='lat' dir='ltr'><strong>Altera</strong></span> <span class='ocrx_word' id='word_1_546' title='bbox 2989 2560 3200 2614; x_wconf 89' lang='lat' dir='ltr'><strong>autem,</strong></span> <span class='ocrx_word' id='word_1_547' title='bbox 3243 2550 3296 2605; x_wconf 89' lang='lat' dir='ltr'><strong>id</strong></span> <span class='ocrx_word' id='word_1_548' title='bbox 3342 2559 3428 2605; x_wconf 87' lang='lat' dir='ltr'><strong>est</strong></span> <span class='ocrx_word' id='word_1_549' title='bbox 3492 2566 3680 2620; x_wconf 81' lang='lat' dir='ltr'><strong>argen-</strong></span> 
     </span>
    </p>
   </div>
   <div class='ocr_carea' id='block_1_71' title="bbox 2092 2638 3681 2713">
    <p class='ocr_par' dir='ltr' id='par_1_71' title="bbox 2092 2638 3681 2713">
     <span class='ocr_line' id='line_1_71' title="bbox 2092 2638 3681 2713; baseline 0.001 -18"><span class='ocrx_word' id='word_1_550' title='bbox 2092 2652 2222 2708; x_wconf 82' lang='lat' dir='ltr'><strong>tum,</strong></span> <span class='ocrx_word' id='word_1_551' title='bbox 2263 2643 2557 2699; x_wconf 87' lang='lat' dir='ltr'><strong>Persarum</strong></span> <span class='ocrx_word' id='word_1_552' title='bbox 2606 2659 2838 2713; x_wconf 88' lang='lat' dir='ltr'><strong>regnum</strong></span> <span class='ocrx_word' id='word_1_553' title='bbox 2882 2651 2966 2699; x_wconf 89' lang='lat' dir='ltr'><strong>est</strong></span> <span class='ocrx_word' id='word_1_554' title='bbox 3019 2650 3074 2699; x_wconf 85' lang='lat' dir='ltr'><strong>et</strong></span> <span class='ocrx_word' id='word_1_555' title='bbox 3145 2641 3450 2698; x_wconf 88' lang='lat' dir='ltr'><strong>Medorum.</strong></span> <span class='ocrx_word' id='word_1_556' title='bbox 3502 2638 3681 2712; x_wconf 88' lang='lat' dir='ltr'><strong>Cyrus</strong></span> 
     </span>
    </p>
   </div>
   <div class='ocr_carea' id='block_1_72' title="bbox 2090 2735 3683 2806">
    <p class='ocr_par' dir='ltr' id='par_1_72' title="bbox 2090 2735 3683 2806">
     <span class='ocr_line' id='line_1_72' title="bbox 2090 2735 3683 2806; baseline 0.001 -17"><span class='ocrx_word' id='word_1_557' title='bbox 2090 2738 2234 2790; x_wconf 86' lang='lat' dir='ltr'><strong>enim</strong></span> <span class='ocrx_word' id='word_1_558' title='bbox 2282 2738 2544 2806; x_wconf 87' lang='lat' dir='ltr'><strong>utrinque</strong></span> <span class='ocrx_word' id='word_1_559' title='bbox 2582 2737 2797 2806; x_wconf 77' lang='lat'><strong>1090</strong></span> <span class='ocrx_word' id='word_1_560' title='bbox 2846 2735 3153 2806; x_wconf 86' lang='lat' dir='ltr'><strong>profectus,</strong></span> <span class='ocrx_word' id='word_1_561' title='bbox 3203 2743 3258 2790; x_wconf 92' lang='lat' dir='ltr'><strong>et</strong></span> <span class='ocrx_word' id='word_1_562' title='bbox 3293 2741 3551 2789; x_wconf 82' lang='lat' dir='ltr'><strong>materno</strong></span> <span class='ocrx_word' id='word_1_563' title='bbox 3589 2750 3683 2806; x_wconf 80' lang='lat' dir='ltr'><strong>ge-</strong></span> 
     </span>
    </p>
   </div>
   <div class='ocr_carea' id='block_1_73' title="bbox 2093 2824 3684 2897">
    <p class='ocr_par' dir='ltr' id='par_1_73' title="bbox 2093 2824 3684 2897">
     <span class='ocr_line' id='line_1_73' title="bbox 2093 2824 3684 2897; baseline -0.001 -16"><span class='ocrx_word' id='word_1_564' title='bbox 2093 2842 2221 2882; x_wconf 88' lang='lat' dir='ltr'><strong>nere</strong></span> <span class='ocrx_word' id='word_1_565' title='bbox 2250 2843 2282 2882; x_wconf 89' lang='lat' dir='ltr'><strong>a</strong></span> <span class='ocrx_word' id='word_1_566' title='bbox 2301 2826 2495 2892; x_wconf 81' lang='lat' dir='ltr'><strong>Medis,</strong></span> <span class='ocrx_word' id='word_1_567' title='bbox 2532 2824 2763 2897; x_wconf 83' lang='lat' dir='ltr'><strong>paterno</strong></span> <span class='ocrx_word' id='word_1_568' title='bbox 2781 2835 2961 2882; x_wconf 89' lang='lat' dir='ltr'><strong>autem</strong></span> <span class='ocrx_word' id='word_1_569' title='bbox 2996 2843 3024 2881; x_wconf 90' lang='lat' dir='ltr'><strong>a</strong></span> <span class='ocrx_word' id='word_1_570' title='bbox 3051 2825 3240 2882; x_wconf 88' lang='lat' dir='ltr'><strong>Persis</strong></span> <span class='ocrx_word' id='word_1_571' title='bbox 3269 2824 3562 2888; x_wconf 87' lang='lat' dir='ltr'><strong>oriundus,</strong></span> <span class='ocrx_word' id='word_1_572' title='bbox 3587 2827 3684 2886; x_wconf 83' lang='lat' dir='ltr'><strong>As.</strong></span> 
     </span>
    </p>
   </div>
   <div class='ocr_carea' id='block_1_74' title="bbox 2089 2918 3680 2990">
    <p class='ocr_par' dir='ltr' id='par_1_74' title="bbox 2089 2918 3680 2990">
     <span class='ocr_line' id='line_1_74' title="bbox 2089 2918 3680 2990; baseline 0.001 -18"><span class='ocrx_word' id='word_1_573' title='bbox 2089 2920 2363 2989; x_wconf 83' lang='lat' dir='ltr'><strong>syriorum</strong></span> <span class='ocrx_word' id='word_1_574' title='bbox 2391 2920 2506 2975; x_wconf 87' lang='lat' dir='ltr'><strong>sive</strong></span> <span class='ocrx_word' id='word_1_575' title='bbox 2526 2918 3195 2990; x_wconf 48' lang='lat' dir='ltr'><strong>Babyloniorumfregnum</strong></span> <span class='ocrx_word' id='word_1_576' title='bbox 3215 2931 3467 2972; x_wconf 82' lang='lat' dir='ltr'><strong>eversum</strong></span> <span class='ocrx_word' id='word_1_577' title='bbox 3491 2922 3680 2975; x_wconf 85' lang='lat' dir='ltr'><strong>trans-</strong></span> 
     </span>
    </p>
   </div>
   <div class='ocr_carea' id='block_1_75' title="bbox 2090 3007 3682 3078">
    <p class='ocr_par' dir='ltr' id='par_1_75' title="bbox 2090 3007 3682 3078">
     <span class='ocr_line' id='line_1_75' title="bbox 2090 3007 3682 3078; baseline 0 -17"><span class='ocrx_word' id='word_1_578' title='bbox 2090 3009 2216 3062; x_wconf 83' lang='lat' dir='ltr'><strong>tulit</strong></span> <span class='ocrx_word' id='word_1_579' title='bbox 2255 3008 2322 3063; x_wconf 92' lang='lat' dir='ltr'><strong>ad</strong></span> <span class='ocrx_word' id='word_1_580' title='bbox 2374 3007 2594 3064; x_wconf 83' lang='lat' dir='ltr'><strong>Persas.</strong></span> <span class='ocrx_word' id='word_1_581' title='bbox 2663 3007 2856 3064; x_wconf 77' lang='lat' dir='ltr'><strong>Pectus</strong></span> <span class='ocrx_word' id='word_1_582' title='bbox 2908 3019 3090 3064; x_wconf 85' lang='lat' dir='ltr'><strong>autem</strong></span> <span class='ocrx_word' id='word_1_583' title='bbox 3144 3008 3322 3078; x_wconf 90' lang='lat' dir='ltr'><strong>ipsum</strong></span> <span class='ocrx_word' id='word_1_584' title='bbox 3371 3007 3588 3062; x_wconf 86' lang='lat' dir='ltr'><strong>vocavit</strong></span> <span class='ocrx_word' id='word_1_585' title='bbox 3626 3016 3682 3062; x_wconf 86' lang='lat' dir='ltr'><strong>et</strong></span> 
     </span>
    </p>
   </div>
   <div class='ocr_carea' id='block_1_76' title="bbox 2093 3096 3678 3168">
    <p class='ocr_par' dir='ltr' id='par_1_76' title="bbox 2093 3096 3678 3168">
     <span class='ocr_line' id='line_1_76' title="bbox 2093 3096 3678 3168; baseline -0.002 -18"><span class='ocrx_word' id='word_1_586' title='bbox 2093 3097 2332 3160; x_wconf 82' lang='lat' dir='ltr'><strong>brachia,</strong></span> <span class='ocrx_word' id='word_1_587' title='bbox 2367 3105 2425 3151; x_wconf 85' lang='lat' dir='ltr'><strong>ut</strong></span> <span class='ocrx_word' id='word_1_588' title='bbox 2455 3098 2710 3153; x_wconf 89' lang='lat' dir='ltr'><strong>ostendat</strong></span> <span class='ocrx_word' id='word_1_589' title='bbox 2754 3113 2880 3153; x_wconf 89' lang='lat' dir='ltr'><strong>cum</strong></span> <span class='ocrx_word' id='word_1_590' title='bbox 2923 3098 3138 3153; x_wconf 91' lang='lat' dir='ltr'><strong>duabus</strong></span> <span class='ocrx_word' id='word_1_591' title='bbox 3183 3096 3438 3168; x_wconf 87' lang='lat' dir='ltr'><strong>gentibus</strong></span> <span class='ocrx_word' id='word_1_592' title='bbox 3469 3111 3678 3166; x_wconf 76' lang='lat' dir='ltr'><strong>cogna-</strong></span> 
     </span>
    </p>
   </div>
   <div class='ocr_carea' id='block_1_77' title="bbox 2091 3188 3684 3261">
    <p class='ocr_par' dir='ltr' id='par_1_77' title="bbox 2091 3188 3684 3261">
     <span class='ocr_line' id='line_1_77' title="bbox 2091 3188 3684 3261; baseline -0.001 -19"><span class='ocrx_word' id='word_1_593' title='bbox 2091 3191 2320 3245; x_wconf 90' lang='lat' dir='ltr'><strong>tionem.</strong></span> <span class='ocrx_word' id='word_1_594' title='bbox 2343 3189 2448 3245; x_wconf 87' lang='lat' dir='ltr'><strong>Per</strong></span> <span class='ocrx_word' id='word_1_595' title='bbox 2469 3189 2754 3244; x_wconf 80' lang='lat' dir='ltr'><strong>dexteram</strong></span> <span class='ocrx_word' id='word_1_596' title='bbox 2777 3189 2924 3244; x_wconf 93' lang='lat' dir='ltr'><strong>enim</strong></span> <span class='ocrx_word' id='word_1_597' title='bbox 2947 3199 3265 3261; x_wconf 90' lang='lat' dir='ltr'><strong>paternum,</strong></span> <span class='ocrx_word' id='word_1_598' title='bbox 3287 3205 3382 3260; x_wconf 89' lang='lat' dir='ltr'><strong>per</strong></span> <span class='ocrx_word' id='word_1_599' title='bbox 3400 3188 3684 3244; x_wconf 89' lang='lat' dir='ltr'><strong>sinistram</strong></span> 
     </span>
    </p>
   </div>
   <div class='ocr_carea' id='block_1_78' title="bbox 2099 3279 3684 3351">
    <p class='ocr_par' dir='ltr' id='par_1_78' title="bbox 2099 3279 3684 3351">
     <span class='ocr_line' id='line_1_78' title="bbox 2099 3279 3684 3351; baseline -0.001 -17"><span class='ocrx_word' id='word_1_600' title='bbox 2099 3290 2403 3336; x_wconf 86' lang='lat' dir='ltr'><strong>maternum</strong></span> <span class='ocrx_word' id='word_1_601' title='bbox 2434 3280 2706 3351; x_wconf 83' lang='lat' dir='ltr'><strong>signiﬁcat</strong></span> <span class='ocrx_word' id='word_1_602' title='bbox 2733 3296 2929 3351; x_wconf 83' lang='lat' dir='ltr'><strong>genus,</strong></span> <span class='ocrx_word' id='word_1_603' title='bbox 2970 3295 3204 3351; x_wconf 89' lang='lat' dir='ltr'><strong>quarum</strong></span> <span class='ocrx_word' id='word_1_604' title='bbox 3245 3279 3562 3348; x_wconf 89' lang='lat' dir='ltr'><strong>conjunctio</strong></span> <span class='ocrx_word' id='word_1_605' title='bbox 3592 3293 3684 3349; x_wconf 35' lang='lat' dir='ltr'><strong>pes</strong></span> 
     </span>
    </p>
   </div>
   <div class='ocr_carea' id='block_1_79' title="bbox 2097 3371 3682 3441">
    <p class='ocr_par' dir='ltr' id='par_1_79' title="bbox 2097 3371 3682 3441">
     <span class='ocr_line' id='line_1_79' title="bbox 2097 3371 3682 3441; baseline -0.001 -15"><span class='ocrx_word' id='word_1_606' title='bbox 2097 3371 2234 3426; x_wconf 82' lang='lat' dir='ltr'><strong>ctori</strong></span> <span class='ocrx_word' id='word_1_607' title='bbox 2265 3372 2564 3426; x_wconf 88' lang='lat' dir='ltr'><strong>commissa</strong></span> <span class='ocrx_word' id='word_1_608' title='bbox 2585 3379 2688 3438; x_wconf 88' lang='lat' dir='ltr'><strong>est,</strong></span> <span class='ocrx_word' id='word_1_609' title='bbox 2723 3388 2821 3426; x_wconf 91' lang='lat' dir='ltr'><strong>cor</strong></span> <span class='ocrx_word' id='word_1_610' title='bbox 2850 3373 3029 3441; x_wconf 91' lang='lat' dir='ltr'><strong>ipsum</strong></span> <span class='ocrx_word' id='word_1_611' title='bbox 3055 3374 3334 3426; x_wconf 89' lang='lat' dir='ltr'><strong>rationum</strong></span> <span class='ocrx_word' id='word_1_612' title='bbox 3373 3387 3516 3440; x_wconf 90' lang='lat' dir='ltr'><strong>penu</strong></span> <span class='ocrx_word' id='word_1_613' title='bbox 3544 3385 3682 3426; x_wconf 80' lang='lat' dir='ltr'><strong>con-</strong></span> 
     </span>
    </p>
   </div>
   <div class='ocr_carea' id='block_1_80' title="bbox 2099 3462 3685 3533">
    <p class='ocr_par' dir='ltr' id='par_1_80' title="bbox 2099 3462 3685 3533">
     <span class='ocr_line' id='line_1_80' title="bbox 2099 3462 3685 3533; baseline 0 -16"><span class='ocrx_word' id='word_1_614' title='bbox 2099 3464 2333 3529; x_wconf 89' lang='lat' dir='ltr'><strong>tinenti;</strong></span> <span class='ocrx_word' id='word_1_615' title='bbox 2373 3465 2590 3519; x_wconf 86' lang='lat' dir='ltr'><strong>ratione</strong></span> <span class='ocrx_word' id='word_1_616' title='bbox 2619 3473 2801 3518; x_wconf 90' lang='lat' dir='ltr'><strong>autem</strong></span> <span class='ocrx_word' id='word_1_617' title='bbox 2834 3464 3166 3518; x_wconf 85' lang='lat' dir='ltr'><strong>commercia</strong></span> <span class='ocrx_word' id='word_1_618' title='bbox 3213 3477 3436 3533; x_wconf 90' lang='lat' dir='ltr'><strong>quoque</strong></span> <span class='ocrx_word' id='word_1_619' title='bbox 3465 3462 3685 3532; x_wconf 85' lang='lat' dir='ltr'><strong>nuptia-</strong></span> 
     </span>
    </p>
   </div>
   <div class='ocr_carea' id='block_1_81' title="bbox 2099 3550 3684 3624">
    <p class='ocr_par' dir='ltr' id='par_1_81' title="bbox 2099 3550 3684 3624">
     <span class='ocr_line' id='line_1_81' title="bbox 2099 3550 3684 3624; baseline -0.002 -15"><span class='ocrx_word' id='word_1_620' title='bbox 2099 3555 2170 3609; x_wconf 90' lang='lat' dir='ltr'><strong>lia</strong></span> <span class='ocrx_word' id='word_1_621' title='bbox 2195 3553 2587 3623; x_wconf 89' lang='lat' dir='ltr'><strong>perﬁciuntur.</strong></span> <span class='ocrx_word' id='word_1_622' title='bbox 2630 3554 2734 3609; x_wconf 57' lang='lat' dir='ltr'><strong>1E3</strong></span> <span class='ocrx_word' id='word_1_623' title='bbox 2788 3569 2919 3610; x_wconf 85' lang='lat' dir='ltr'><strong>vero</strong></span> <span class='ocrx_word' id='word_1_624' title='bbox 2981 3550 3397 3608; x_wconf 80' lang='lat' dir='ltr'><strong>Macedonicum</strong></span> <span class='ocrx_word' id='word_1_625' title='bbox 3455 3568 3684 3624; x_wconf 88' lang='lat' dir='ltr'><strong>regnum</strong></span> 
     </span>
    </p>
   </div>
   <div class='ocr_carea' id='block_1_82' title="bbox 2097 3646 3684 3718">
    <p class='ocr_par' dir='ltr' id='par_1_82' title="bbox 2097 3646 3684 3718">
     <span class='ocr_line' id='line_1_82' title="bbox 2097 3646 3684 3718; baseline 0.001 -18"><span class='ocrx_word' id='word_1_626' title='bbox 2097 3649 2453 3716; x_wconf 81' lang='lat' dir='ltr'><strong>nuncupavit,</strong></span> <span class='ocrx_word' id='word_1_627' title='bbox 2485 3647 2632 3718; x_wconf 90' lang='lat' dir='ltr'><strong>quod</strong></span> <span class='ocrx_word' id='word_1_628' title='bbox 2668 3655 2792 3717; x_wconf 90' lang='lat' dir='ltr'><strong>post</strong></span> <span class='ocrx_word' id='word_1_629' title='bbox 2819 3647 3057 3703; x_wconf 88' lang='lat' dir='ltr'><strong>deletum</strong></span> <span class='ocrx_word' id='word_1_630' title='bbox 3092 3646 3377 3703; x_wconf 83' lang='lat' dir='ltr'><strong>Persicum</strong></span> <span class='ocrx_word' id='word_1_631' title='bbox 3427 3647 3684 3702; x_wconf 75' lang='lat' dir='ltr'><strong>omnibus</strong></span> 
     </span>
    </p>
   </div>
   <div class='ocr_carea' id='block_1_83' title="bbox 2098 3736 3686 3810">
    <p class='ocr_par' dir='ltr' id='par_1_83' title="bbox 2098 3736 3686 3810">
     <span class='ocr_line' id='line_1_83' title="bbox 2098 3736 3686 3810; baseline -0.002 -17"><span class='ocrx_word' id='word_1_632' title='bbox 2098 3753 2318 3810; x_wconf 86' lang='lat' dir='ltr'><strong>quoque</strong></span> <span class='ocrx_word' id='word_1_633' title='bbox 2340 3741 2594 3796; x_wconf 88' lang='lat' dir='ltr'><strong>similiter</strong></span> <span class='ocrx_word' id='word_1_634' title='bbox 2625 3741 2936 3810; x_wconf 84' lang='lat' dir='ltr'><strong>imperavit.</strong></span> <span class='ocrx_word' id='word_1_635' title='bbox 2980 3738 3337 3808; x_wconf 84' lang='lat' dir='ltr'><strong>Ventremque</strong></span> <span class='ocrx_word' id='word_1_636' title='bbox 3365 3737 3470 3808; x_wconf 91' lang='lat' dir='ltr'><strong>ipsi</strong></span> <span class='ocrx_word' id='word_1_637' title='bbox 3513 3751 3578 3792; x_wconf 89' lang='lat' dir='ltr'><strong>ac</strong></span> <span class='ocrx_word' id='word_1_638' title='bbox 3606 3736 3686 3806; x_wconf 76' lang='lat' dir='ltr'><strong>{e-</strong></span> 
     </span>
    </p>
   </div>
   <div class='ocr_carea' id='block_1_84' title="bbox 2101 3825 3689 3899">
    <p class='ocr_par' dir='ltr' id='par_1_84' title="bbox 2101 3825 3689 3899">
     <span class='ocr_line' id='line_1_84' title="bbox 2101 3825 3689 3899; baseline -0.001 -17"><span class='ocrx_word' id='word_1_639' title='bbox 2101 3845 2250 3883; x_wconf 85' lang='lat' dir='ltr'><strong>mora</strong></span> <span class='ocrx_word' id='word_1_640' title='bbox 2285 3829 2558 3892; x_wconf 86' lang='lat' dir='ltr'><strong>attribuit,</strong></span> <span class='ocrx_word' id='word_1_641' title='bbox 2591 3845 2687 3899; x_wconf 89' lang='lat' dir='ltr'><strong>per</strong></span> <span class='ocrx_word' id='word_1_642' title='bbox 2722 3839 2952 3883; x_wconf 77' lang='lat' dir='ltr'><strong>ventrem</strong></span> <span class='ocrx_word' id='word_1_643' title='bbox 2997 3827 3297 3882; x_wconf 82' lang='lat' dir='ltr'><strong>Alexandri</strong></span> <span class='ocrx_word' id='word_1_644' title='bbox 3327 3827 3502 3882; x_wconf 89' lang='lat' dir='ltr'><strong>solius</strong></span> <span class='ocrx_word' id='word_1_645' title='bbox 3532 3825 3689 3895; x_wconf 74' lang='lat' dir='ltr'><strong>prin-</strong></span> 
     </span>
    </p>
   </div>
   <div class='ocr_carea' id='block_1_85' title="bbox 2099 3916 3687 3990">
    <p class='ocr_par' dir='ltr' id='par_1_85' title="bbox 2099 3916 3687 3990">
     <span class='ocr_line' id='line_1_85' title="bbox 2099 3916 3687 3990; baseline -0.001 -16"><span class='ocrx_word' id='word_1_646' title='bbox 2099 3921 2339 3990; x_wconf 86' lang='lat' dir='ltr'><strong>cipatum</strong></span> <span class='ocrx_word' id='word_1_647' title='bbox 2368 3919 2699 3989; x_wconf 80' lang='lat' dir='ltr'><strong>signiﬁcans,</strong></span> <span class='ocrx_word' id='word_1_648' title='bbox 2742 3934 2835 3988; x_wconf 89' lang='lat' dir='ltr'><strong>per</strong></span> <span class='ocrx_word' id='word_1_649' title='bbox 2866 3920 3088 3988; x_wconf 79' lang='lat' dir='ltr'><strong>femora,</strong></span> <span class='ocrx_word' id='word_1_650' title='bbox 3132 3917 3334 3972; x_wconf 83' lang='lat' dir='ltr'><strong>factam</strong></span> <span class='ocrx_word' id='word_1_651' title='bbox 3366 3924 3490 3985; x_wconf 91' lang='lat' dir='ltr'><strong>post</strong></span> <span class='ocrx_word' id='word_1_652' title='bbox 3513 3916 3687 3985; x_wconf 85' lang='lat' dir='ltr'><strong>ipsius</strong></span> 
     </span>
    </p>
   </div>
   <div class='ocr_carea' id='block_1_86' title="bbox 2099 4007 3685 4082">
    <p class='ocr_par' dir='ltr' id='par_1_86' title="bbox 2099 4007 3685 4082">
     <span class='ocr_line' id='line_1_86' title="bbox 2099 4007 3685 4082; baseline -0.004 -16"><span class='ocrx_word' id='word_1_653' title='bbox 2099 4012 2308 4066; x_wconf 90' lang='lat' dir='ltr'><strong>obitum</strong></span> <span class='ocrx_word' id='word_1_654' title='bbox 2331 4012 2486 4082; x_wconf 88' lang='lat' dir='ltr'><strong>regni</strong></span> <span class='ocrx_word' id='word_1_655' title='bbox 2527 4011 2874 4066; x_wconf 81' lang='lat' dir='ltr'><strong>divisionem.</strong></span> <span class='ocrx_word' id='word_1_656' title='bbox 2913 4009 3143 4064; x_wconf 86' lang='lat' dir='ltr'><strong>Ferrum</strong></span> <span class='ocrx_word' id='word_1_657' title='bbox 3166 4017 3344 4063; x_wconf 87' lang='lat' dir='ltr'><strong>autem</strong></span> <span class='ocrx_word' id='word_1_658' title='bbox 3376 4007 3685 4062; x_wconf 75' lang='lat' dir='ltr'><strong>Romanum</strong></span> 
     </span>
    </p>
   </div>
   <div class='ocr_carea' id='block_1_87' title="bbox 2101 4097 3682 4170">
    <p class='ocr_par' dir='ltr' id='par_1_87' title="bbox 2101 4097 3682 4170">
     <span class='ocr_line' id='line_1_87' title="bbox 2101 4097 3682 4170; baseline -0.003 -16"><span class='ocrx_word' id='word_1_659' title='bbox 2101 4099 2396 4170; x_wconf 83' lang='lat' dir='ltr'><strong>appellavit</strong></span> <span class='ocrx_word' id='word_1_660' title='bbox 2427 4113 2681 4169; x_wconf 88' lang='lat' dir='ltr'><strong>regnum,</strong></span> <span class='ocrx_word' id='word_1_661' title='bbox 2732 4101 2749 4118; x_wconf 79' lang='lat'><strong><em>&#39;</em></strong></span> <span class='ocrx_word' id='word_1_662' title='bbox 2800 4099 2948 4168; x_wconf 85' lang='lat' dir='ltr'><strong>quod</strong></span> <span class='ocrx_word' id='word_1_663' title='bbox 2989 4097 3404 4152; x_wconf 87' lang='lat' dir='ltr'><strong>Macedonicum</strong></span> <span class='ocrx_word' id='word_1_664' title='bbox 3445 4097 3682 4166; x_wconf 77' lang='lat' dir='ltr'><strong>excepit,</strong></span> 
     </span>
    </p>
   </div>
   <div class='ocr_carea' id='block_1_88' title="bbox 2101 4187 3686 4262">
    <p class='ocr_par' dir='ltr' id='par_1_88' title="bbox 2101 4187 3686 4262">
     <span class='ocr_line' id='line_1_88' title="bbox 2101 4187 3686 4262; baseline -0.002 -17"><span class='ocrx_word' id='word_1_665' title='bbox 2101 4192 2316 4262; x_wconf 86' lang='lat' dir='ltr'><strong>ipsique</strong></span> <span class='ocrx_word' id='word_1_666' title='bbox 2344 4190 2501 4244; x_wconf 80' lang='lat' dir='ltr'><strong>tibias</strong></span> <span class='ocrx_word' id='word_1_667' title='bbox 2542 4191 2866 4258; x_wconf 85' lang='lat' dir='ltr'><strong>assignavit,</strong></span> <span class='ocrx_word' id='word_1_668' title='bbox 2899 4197 3088 4260; x_wconf 79' lang='lat' dir='ltr'><strong>utpote</strong></span> <span class='ocrx_word' id='word_1_669' title='bbox 3131 4204 3253 4259; x_wconf 71' lang='lat' dir='ltr'><strong>quae</strong></span> <span class='ocrx_word' id='word_1_670' title='bbox 3291 4187 3356 4243; x_wconf 89' lang='lat' dir='ltr'><strong>ad</strong></span> <span class='ocrx_word' id='word_1_671' title='bbox 3393 4187 3556 4243; x_wconf 84' lang='lat' dir='ltr'><strong>ﬁnem</strong></span> <span class='ocrx_word' id='word_1_672' title='bbox 3601 4196 3686 4242; x_wconf 93' lang='lat' dir='ltr'><strong>to-</strong></span> 
     </span>
    </p>
   </div>
   <div class='ocr_carea' id='block_1_89' title="bbox 2101 4280 3682 4352">
    <p class='ocr_par' dir='ltr' id='par_1_89' title="bbox 2101 4280 3682 4352">
     <span class='ocr_line' id='line_1_89' title="bbox 2101 4280 3682 4352; baseline -0.001 -16"><span class='ocrx_word' id='word_1_673' title='bbox 2101 4285 2210 4338; x_wconf 76' lang='lat' dir='ltr'><strong>tius</strong></span> <span class='ocrx_word' id='word_1_674' title='bbox 2241 4283 2490 4352; x_wconf 87' lang='lat' dir='ltr'><strong>corporis</strong></span> <span class='ocrx_word' id='word_1_675' title='bbox 2517 4282 2636 4335; x_wconf 75' lang='lat' dir='ltr'><strong>sita:</strong></span> <span class='ocrx_word' id='word_1_676' title='bbox 2658 4289 2832 4336; x_wconf 91' lang='lat' dir='ltr'><strong>totum</strong></span> <span class='ocrx_word' id='word_1_677' title='bbox 2856 4283 3020 4337; x_wconf 90' lang='lat' dir='ltr'><strong>etiam</strong></span> <span class='ocrx_word' id='word_1_678' title='bbox 3046 4295 3247 4350; x_wconf 90' lang='lat' dir='ltr'><strong>corpus</strong></span> <span class='ocrx_word' id='word_1_679' title='bbox 3271 4280 3412 4336; x_wconf 76' lang='lat' dir='ltr'><strong>ferre</strong></span> <span class='ocrx_word' id='word_1_680' title='bbox 3439 4281 3682 4348; x_wconf 84' lang='lat' dir='ltr'><strong>valeant;</strong></span> 
     </span>
    </p>
   </div>
   <div class='ocr_carea' id='block_1_90' title="bbox 2102 4373 3686 4447">
    <p class='ocr_par' dir='ltr' id='par_1_90' title="bbox 2102 4373 3686 4447">
     <span class='ocr_line' id='line_1_90' title="bbox 2102 4373 3686 4447; baseline -0.004 -17"><span class='ocrx_word' id='word_1_681' title='bbox 2102 4376 2414 4447; x_wconf 78' lang='lat' dir='ltr'><strong>pedumque</strong></span> <span class='ocrx_word' id='word_1_682' title='bbox 2456 4376 2618 4430; x_wconf 86' lang='lat' dir='ltr'><strong>bases</strong></span> <span class='ocrx_word' id='word_1_683' title='bbox 2650 4384 2702 4429; x_wconf 89' lang='lat' dir='ltr'><strong>et</strong></span> <span class='ocrx_word' id='word_1_684' title='bbox 2738 4375 2886 4444; x_wconf 88' lang='lat' dir='ltr'><strong>ipsas</strong></span> <span class='ocrx_word' id='word_1_685' title='bbox 2941 4373 3168 4439; x_wconf 82' lang='lat' dir='ltr'><strong>ferreas,</strong></span> <span class='ocrx_word' id='word_1_686' title='bbox 3209 4373 3305 4429; x_wconf 87' lang='lat' dir='ltr'><strong>sed</strong></span> <span class='ocrx_word' id='word_1_687' title='bbox 3341 4380 3496 4428; x_wconf 71' lang='lat' dir='ltr'><strong>testae</strong></span> <span class='ocrx_word' id='word_1_688' title='bbox 3535 4384 3686 4426; x_wconf 87' lang='lat' dir='ltr'><strong>com-</strong></span> 
     </span>
    </p>
   </div>
   <div class='ocr_carea' id='block_1_91' title="bbox 2103 4460 3687 4535">
    <p class='ocr_par' dir='ltr' id='par_1_91' title="bbox 2103 4460 3687 4535">
     <span class='ocr_line' id='line_1_91' title="bbox 2103 4460 3687 4535; baseline -0.004 -14"><span class='ocrx_word' id='word_1_689' title='bbox 2103 4468 2316 4522; x_wconf 87' lang='lat' dir='ltr'><strong>mistas.</strong></span> <span class='ocrx_word' id='word_1_690' title='bbox 2352 4466 2420 4520; x_wconf 87' lang='lat' dir='ltr'><strong>Et</strong></span> <span class='ocrx_word' id='word_1_691' title='bbox 2446 4467 2549 4520; x_wconf 87' lang='lat' dir='ltr'><strong>hac</strong></span> <span class='ocrx_word' id='word_1_692' title='bbox 2593 4481 2652 4521; x_wconf 91' lang='lat' dir='ltr'><strong>re</strong></span> <span class='ocrx_word' id='word_1_693' title='bbox 2687 4480 2794 4520; x_wconf 89' lang='lat' dir='ltr'><strong>non</strong></span> <span class='ocrx_word' id='word_1_694' title='bbox 2824 4465 2972 4521; x_wconf 90' lang='lat' dir='ltr'><strong>aliud</strong></span> <span class='ocrx_word' id='word_1_695' title='bbox 3000 4464 3178 4520; x_wconf 89' lang='lat' dir='ltr'><strong>innuit</strong></span> <span class='ocrx_word' id='word_1_696' title='bbox 3220 4478 3469 4535; x_wconf 89' lang='lat' dir='ltr'><strong>regnum,</strong></span> <span class='ocrx_word' id='word_1_697' title='bbox 3505 4460 3600 4516; x_wconf 88' lang='lat' dir='ltr'><strong>sed</strong></span> <span class='ocrx_word' id='word_1_698' title='bbox 3629 4461 3687 4514; x_wconf 88' lang='lat' dir='ltr'><strong>ll-</strong></span> 
     </span>
    </p>
   </div>
   <div class='ocr_carea' id='block_1_92' title="bbox 421 4551 1997 4629">
    <p class='ocr_par' dir='ltr' id='par_1_92' title="bbox 421 4556 1997 4629">
     <span class='ocr_line' id='line_1_92' title="bbox 421 4556 1997 4629; baseline 0.001 -20"><span class='ocrx_word' id='word_1_699' title='bbox 421 4573 588 4622; x_wconf 84' lang='grc' dir='ltr'>ρεσιν.</span> <span class='ocrx_word' id='word_1_700' title='bbox 619 4556 877 4626; x_wconf 77' lang='grc' dir='ltr'>Σίδηρον</span> <span class='ocrx_word' id='word_1_701' title='bbox 904 4557 962 4609; x_wconf 80' lang='grc' dir='ltr'>δὲ</span> <span class='ocrx_word' id='word_1_702' title='bbox 991 4556 1088 4627; x_wconf 83' lang='grc' dir='ltr'>τὴν</span> <span class='ocrx_word' id='word_1_703' title='bbox 1123 4558 1436 4628; x_wconf 84' lang='grc' dir='ltr'>Ῥωμαϊκὴν</span> <span class='ocrx_word' id='word_1_704' title='bbox 1461 4559 1867 4629; x_wconf 78' lang='grc' dir='ltr'>προσηγόρευσε</span> <span class='ocrx_word' id='word_1_705' title='bbox 1905 4557 1997 4628; x_wconf 87' lang='grc' dir='ltr'><strong>βα-</strong></span> 
     </span>
    </p>
   </div>
   <div class='ocr_carea' id='block_1_93' title="bbox 2098 4551 3685 4629">
    <p class='ocr_par' dir='ltr' id='par_1_93' title="bbox 2105 4551 3685 4626">
     <span class='ocr_line' id='line_1_93' title="bbox 2105 4551 3685 4626; baseline -0.003 -17"><span class='ocrx_word' id='word_1_706' title='bbox 2105 4556 2193 4611; x_wconf 86' lang='lat' dir='ltr'><strong>lud</strong></span> <span class='ocrx_word' id='word_1_707' title='bbox 2223 4571 2284 4612; x_wconf 89' lang='lat' dir='ltr'><strong>se</strong></span> <span class='ocrx_word' id='word_1_708' title='bbox 2312 4556 2430 4626; x_wconf 90' lang='lat' dir='ltr'><strong>ipso</strong></span> <span class='ocrx_word' id='word_1_709' title='bbox 2460 4555 2788 4610; x_wconf 88' lang='lat' dir='ltr'><strong>imbecillius</strong></span> <span class='ocrx_word' id='word_1_710' title='bbox 2829 4554 3099 4616; x_wconf 76' lang='lat' dir='ltr'><strong>futurum,</strong></span> <span class='ocrx_word' id='word_1_711' title='bbox 3122 4562 3176 4610; x_wconf 92' lang='lat' dir='ltr'><strong>et</strong></span> <span class='ocrx_word' id='word_1_712' title='bbox 3208 4562 3363 4609; x_wconf 66' lang='lat' dir='ltr'><strong>testae</strong></span> <span class='ocrx_word' id='word_1_713' title='bbox 3392 4551 3685 4606; x_wconf 89' lang='lat' dir='ltr'><strong>imbecilli-</strong></span> 
     </span>
    </p>
   </div>
   <div class='ocr_carea' id='block_1_94' title="bbox 421 4649 2004 4720">
    <p class='ocr_par' dir='ltr' id='par_1_94' title="bbox 421 4649 2004 4720">
     <span class='ocr_line' id='line_1_94' title="bbox 421 4649 2004 4720; baseline 0.002 -19"><span class='ocrx_word' id='word_1_714' title='bbox 421 4650 626 4704; x_wconf 84' lang='grc' dir='ltr'>σιλείαν</span> <span class='ocrx_word' id='word_1_715' title='bbox 651 4667 664 4680; x_wconf 82' lang='lat'><strong><em>°</em></strong></span> <span class='ocrx_word' id='word_1_716' title='bbox 718 4649 859 4720; x_wconf 72' lang='grc' dir='ltr'>αὕτη</span> <span class='ocrx_word' id='word_1_717' title='bbox 885 4649 942 4702; x_wconf 84' lang='grc' dir='ltr'>δὲ</span> <span class='ocrx_word' id='word_1_718' title='bbox 973 4649 1070 4720; x_wconf 80' lang='grc' dir='ltr'>τὴν</span> <span class='ocrx_word' id='word_1_719' title='bbox 1097 4651 1474 4720; x_wconf 80' lang='grc' dir='ltr'>Μακεδονικὴν</span> <span class='ocrx_word' id='word_1_720' title='bbox 1535 4650 1806 4716; x_wconf 77' lang='grc' dir='ltr'>διεδέξατο</span> <span class='ocrx_word' id='word_1_721' title='bbox 1834 4668 1846 4681; x_wconf 89' lang='grc'><strong>·</strong></span> <span class='ocrx_word' id='word_1_722' title='bbox 1895 4651 2004 4704; x_wconf 75' lang='grc' dir='ltr'><strong>ἀπ⁴</strong></span> 
     </span>
    </p>
   </div>
   <div class='ocr_carea' id='block_1_95' title="bbox 420 4740 2007 4813">
    <p class='ocr_par' dir='ltr' id='par_1_95' title="bbox 420 4740 2007 4813">
     <span class='ocr_line' id='line_1_95' title="bbox 420 4740 2007 4813; baseline 0.002 -21"><span class='ocrx_word' id='word_1_723' title='bbox 420 4741 604 4810; x_wconf 71' lang='grc' dir='ltr'>ἔνειμε</span> <span class='ocrx_word' id='word_1_724' title='bbox 639 4740 695 4795; x_wconf 73' lang='grc' dir='ltr'>δὲ</span> <span class='ocrx_word' id='word_1_725' title='bbox 742 4741 881 4811; x_wconf 83' lang='grc' dir='ltr'>αὐτῇ</span> <span class='ocrx_word' id='word_1_726' title='bbox 930 4740 1028 4804; x_wconf 75' lang='grc' dir='ltr'><strong>τὰς</strong></span> <span class='ocrx_word' id='word_1_727' title='bbox 1069 4740 1322 4810; x_wconf 78' lang='grc' dir='ltr'>κνήμας,</span> <span class='ocrx_word' id='word_1_728' title='bbox 1350 4741 1444 4795; x_wconf 81' lang='grc' dir='ltr'>ἆτε</span> <span class='ocrx_word' id='word_1_729' title='bbox 1493 4741 1557 4812; x_wconf 82' lang='grc' dir='ltr'>δὴ</span> <span class='ocrx_word' id='word_1_730' title='bbox 1605 4742 1732 4813; x_wconf 77' lang='grc' dir='ltr'>περὶ</span> <span class='ocrx_word' id='word_1_731' title='bbox 1759 4742 1819 4796; x_wconf 87' lang='grc' dir='ltr'>τὸ</span> <span class='ocrx_word' id='word_1_732' title='bbox 1850 4743 2007 4806; x_wconf 87' lang='grc' dir='ltr'>τέλος</span> 
     </span>
    </p>
   </div>
   <div class='ocr_carea' id='block_1_96' title="bbox 418 4829 2003 4902">
    <p class='ocr_par' dir='ltr' id='par_1_96' title="bbox 418 4829 2003 4902">
     <span class='ocr_line' id='line_1_96' title="bbox 418 4829 2003 4902; baseline 0.001 -17"><span class='ocrx_word' id='word_1_733' title='bbox 418 4829 588 4896; x_wconf 81' lang='grc' dir='ltr'>οὔσας</span> <span class='ocrx_word' id='word_1_734' title='bbox 638 4831 731 4885; x_wconf 81' lang='grc' dir='ltr'>τοῦ</span> <span class='ocrx_word' id='word_1_735' title='bbox 781 4831 982 4894; x_wconf 75' lang='grc' dir='ltr'>παντὸς</span> <span class='ocrx_word' id='word_1_736' title='bbox 1023 4830 1294 4901; x_wconf 81' lang='grc' dir='ltr'>σώματος,</span> <span class='ocrx_word' id='word_1_737' title='bbox 1327 4833 1422 4885; x_wconf 78' lang='grc' dir='ltr'>καὶ</span> <span class='ocrx_word' id='word_1_738' title='bbox 1451 4833 1636 4902; x_wconf 80' lang='grc' dir='ltr'>φέρειν</span> <span class='ocrx_word' id='word_1_739' title='bbox 1672 4834 1817 4888; x_wconf 72' lang='grc' dir='ltr'>ἅπαν</span> <span class='ocrx_word' id='word_1_740' title='bbox 1843 4834 2003 4887; x_wconf 89' lang='grc' dir='ltr'>δυνα-</span> 
     </span>
    </p>
   </div>
   <div class='ocr_carea' id='block_1_97' title="bbox 423 4923 2004 4996">
    <p class='ocr_par' dir='ltr' id='par_1_97' title="bbox 423 4923 2004 4996">
     <span class='ocr_line' id='line_1_97' title="bbox 423 4923 2004 4996; baseline 0.002 -20"><span class='ocrx_word' id='word_1_741' title='bbox 423 4923 592 4993; x_wconf 81' lang='grc' dir='ltr'>μένας</span> <span class='ocrx_word' id='word_1_742' title='bbox 621 4923 682 4976; x_wconf 53' lang='lat' dir='ltr'><strong>ea</strong></span> <span class='ocrx_word' id='word_1_743' title='bbox 716 4923 877 4993; x_wconf 84' lang='grc' dir='ltr'>σῶμα</span> <span class='ocrx_word' id='word_1_744' title='bbox 904 4944 916 4955; x_wconf 94' lang='grc'><strong>·</strong></span> <span class='ocrx_word' id='word_1_745' title='bbox 960 4924 1056 4987; x_wconf 86' lang='grc' dir='ltr'>τὰς</span> <span class='ocrx_word' id='word_1_746' title='bbox 1087 4925 1143 4978; x_wconf 78' lang='grc' dir='ltr'>δὲ</span> <span class='ocrx_word' id='word_1_747' title='bbox 1170 4925 1276 4976; x_wconf 80' lang='grc' dir='ltr'>τῶν</span> <span class='ocrx_word' id='word_1_748' title='bbox 1325 4923 1502 4976; x_wconf 83' lang='grc' dir='ltr'>ποδῶν</span> <span class='ocrx_word' id='word_1_749' title='bbox 1534 4925 1738 4995; x_wconf 83' lang='grc' dir='ltr'>βάσεις,</span> <span class='ocrx_word' id='word_1_750' title='bbox 1779 4927 2004 4996; x_wconf 78' lang='grc' dir='ltr'>σιδηρᾶς</span> 
     </span>
    </p>
   </div>
   <div class='ocr_carea' id='block_1_98' title="bbox 424 5014 2001 5085">
    <p class='ocr_par' dir='ltr' id='par_1_98' title="bbox 424 5014 2001 5085">
     <span class='ocr_line' id='line_1_98' title="bbox 424 5014 2001 5085; baseline -0.001 -17"><span class='ocrx_word' id='word_1_751' title='bbox 424 5015 527 5084; x_wconf 86' lang='grc' dir='ltr'>μὲν</span> <span class='ocrx_word' id='word_1_752' title='bbox 553 5017 647 5069; x_wconf 73' lang='grc' dir='ltr'>καὶ</span> <span class='ocrx_word' id='word_1_753' title='bbox 675 5015 867 5078; x_wconf 77' lang='grc' dir='ltr'>αὐτὰς,</span> <span class='ocrx_word' id='word_1_754' title='bbox 923 5015 1177 5085; x_wconf 68' lang='grc' dir='ltr'>ὀστράκῳ</span> <span class='ocrx_word' id='word_1_755' title='bbox 1205 5015 1261 5067; x_wconf 81' lang='grc' dir='ltr'>δὲ</span> <span class='ocrx_word' id='word_1_756' title='bbox 1290 5014 1767 5085; x_wconf 80' lang='grc' dir='ltr'>ἀναμεμιγμένας.</span> <span class='ocrx_word' id='word_1_757' title='bbox 1819 5017 1916 5068; x_wconf 79' lang='grc' dir='ltr'><strong>Διὰ</strong></span> <span class='ocrx_word' id='word_1_758' title='bbox 1945 5015 2001 5067; x_wconf 83' lang='grc' dir='ltr'>δὲ</span> 
     </span>
    </p>
   </div>
   <div class='ocr_carea' id='block_1_99' title="bbox 422 5105 2002 5177">
    <p class='ocr_par' dir='ltr' id='par_1_99' title="bbox 422 5105 2002 5177">
     <span class='ocr_line' id='line_1_99' title="bbox 422 5105 2002 5177; baseline -0.003 -16"><span class='ocrx_word' id='word_1_759' title='bbox 422 5106 612 5161; x_wconf 81' lang='grc' dir='ltr'>τούτου</span> <span class='ocrx_word' id='word_1_760' title='bbox 655 5107 754 5176; x_wconf 78' lang='grc' dir='ltr'><strong>οὺχ</strong></span> <span class='ocrx_word' id='word_1_761' title='bbox 789 5105 982 5177; x_wconf 79' lang='grc' dir='ltr'>ἑτέραν</span> <span class='ocrx_word' id='word_1_762' title='bbox 1027 5106 1320 5159; x_wconf 74' lang='grc' dir='ltr'>αἰνίττεται</span> <span class='ocrx_word' id='word_1_763' title='bbox 1371 5105 1671 5174; x_wconf 83' lang='grc' dir='ltr'>βασιλείαν,</span> <span class='ocrx_word' id='word_1_764' title='bbox 1720 5105 1858 5158; x_wconf 77' lang='grc' dir='ltr'>ἀλλὰ</span> <span class='ocrx_word' id='word_1_765' title='bbox 1906 5105 2002 5176; x_wconf 74' lang='grc' dir='ltr'>τὴν</span> 
     </span>
    </p>
   </div>
   <div class='ocr_carea' id='block_1_100' title="bbox 421 5195 2000 5268">
    <p class='ocr_par' dir='ltr' id='par_1_100' title="bbox 421 5195 2000 5268">
     <span class='ocr_line' id='line_1_100' title="bbox 421 5195 2000 5268; baseline -0.002 -17"><span class='ocrx_word' id='word_1_766' title='bbox 421 5198 594 5268; x_wconf 75' lang='grc' dir='ltr'>αὐτὴν</span> <span class='ocrx_word' id='word_1_767' title='bbox 635 5197 1034 5249; x_wconf 82' lang='grc' dir='ltr'>ἀσθενεστέοαν</span> <span class='ocrx_word' id='word_1_768' title='bbox 1069 5195 1268 5265; x_wconf 70' lang='grc' dir='ltr'>ἑαυτῆς</span> <span class='ocrx_word' id='word_1_769' title='bbox 1311 5196 1612 5266; x_wconf 79' lang='grc' dir='ltr'>ἐσομένην,</span> <span class='ocrx_word' id='word_1_770' title='bbox 1668 5197 1759 5248; x_wconf 70' lang='grc' dir='ltr'><strong>καὶ</strong></span> <span class='ocrx_word' id='word_1_771' title='bbox 1809 5199 1873 5266; x_wconf 83' lang='grc' dir='ltr'><strong>τῇ</strong></span> <span class='ocrx_word' id='word_1_772' title='bbox 1907 5197 2000 5248; x_wconf 79' lang='grc' dir='ltr'>τοῦ</span> 
     </span>
    </p>
   </div>
   <div class='ocr_carea' id='block_1_101' title="bbox 2109 4644 3684 4715">
    <p class='ocr_par' dir='ltr' id='par_1_101' title="bbox 2109 4644 3684 4715">
     <span class='ocr_line' id='line_1_101' title="bbox 2109 4644 3684 4715; baseline -0.004 -14"><span class='ocrx_word' id='word_1_773' title='bbox 2109 4650 2207 4704; x_wconf 88' lang='lat' dir='ltr'><strong>tati</strong></span> <span class='ocrx_word' id='word_1_774' title='bbox 2228 4649 2603 4703; x_wconf 83' lang='lat' dir='ltr'><strong>commistum.</strong></span> <span class='ocrx_word' id='word_1_775' title='bbox 2639 4647 2707 4701; x_wconf 87' lang='lat' dir='ltr'><strong>Et</strong></span> <span class='ocrx_word' id='word_1_776' title='bbox 2737 4649 2982 4704; x_wconf 70' lang='lat' dir='ltr'><strong>materiae</strong></span> <span class='ocrx_word' id='word_1_777' title='bbox 3010 4648 3374 4703; x_wconf 83' lang='lat' dir='ltr'><strong>diﬁ&#39;erentiam</strong></span> <span class='ocrx_word' id='word_1_778' title='bbox 3406 4644 3684 4715; x_wconf 85' lang='lat' dir='ltr'><strong>apposuit,</strong></span> 
     </span>
    </p>
   </div>
   <div class='ocr_carea' id='block_1_102' title="bbox 2107 4734 3685 4806">
    <p class='ocr_par' dir='ltr' id='par_1_102' title="bbox 2107 4734 3685 4806">
     <span class='ocr_line' id='line_1_102' title="bbox 2107 4734 3685 4806; baseline -0.003 -11"><span class='ocrx_word' id='word_1_779' title='bbox 2107 4757 2217 4795; x_wconf 89' lang='lat' dir='ltr'><strong>non</strong></span> <span class='ocrx_word' id='word_1_780' title='bbox 2256 4750 2316 4794; x_wconf 92' lang='lat' dir='ltr'><strong>ut</strong></span> <span class='ocrx_word' id='word_1_781' title='bbox 2355 4739 2601 4806; x_wconf 89' lang='lat' dir='ltr'><strong>honoris,</strong></span> <span class='ocrx_word' id='word_1_782' title='bbox 2633 4739 2730 4795; x_wconf 92' lang='lat' dir='ltr'><strong>sed</strong></span> <span class='ocrx_word' id='word_1_783' title='bbox 2762 4749 2820 4793; x_wconf 93' lang='lat' dir='ltr'><strong>ut</strong></span> <span class='ocrx_word' id='word_1_784' title='bbox 2850 4740 3050 4793; x_wconf 87' lang='lat' dir='ltr'><strong>virium</strong></span> <span class='ocrx_word' id='word_1_785' title='bbox 3091 4738 3388 4795; x_wconf 86' lang='lat' dir='ltr'><strong>discrimen</strong></span> <span class='ocrx_word' id='word_1_786' title='bbox 3429 4734 3685 4791; x_wconf 85' lang='lat' dir='ltr'><strong>ostende-</strong></span> 
     </span>
    </p>
   </div>
   <div class='ocr_carea' id='block_1_103' title="bbox 2109 4828 3690 4898">
    <p class='ocr_par' dir='ltr' id='par_1_103' title="bbox 2109 4828 3690 4898">
     <span class='ocr_line' id='line_1_103' title="bbox 2109 4828 3690 4898; baseline -0.004 -12"><span class='ocrx_word' id='word_1_787' title='bbox 2109 4839 2192 4887; x_wconf 88' lang='lat' dir='ltr'><strong>ret</strong></span> <span class='ocrx_word' id='word_1_788' title='bbox 2231 4847 2243 4884; x_wconf 90' lang='lat'>:</span> <span class='ocrx_word' id='word_1_789' title='bbox 2273 4843 2410 4884; x_wconf 86' lang='lat' dir='ltr'><strong>auro</strong></span> <span class='ocrx_word' id='word_1_790' title='bbox 2442 4830 2587 4884; x_wconf 89' lang='lat' dir='ltr'><strong>enim</strong></span> <span class='ocrx_word' id='word_1_791' title='bbox 2625 4828 2848 4884; x_wconf 87' lang='lat' dir='ltr'><strong>densius</strong></span> <span class='ocrx_word' id='word_1_792' title='bbox 2881 4837 2965 4884; x_wconf 83' lang='lat' dir='ltr'><strong>est</strong></span> <span class='ocrx_word' id='word_1_793' title='bbox 2993 4836 3302 4898; x_wconf 87' lang='lat' dir='ltr'><strong>argentum,</strong></span> <span class='ocrx_word' id='word_1_794' title='bbox 3355 4837 3582 4896; x_wconf 84' lang='lat' dir='ltr'><strong>argento</strong></span> <span class='ocrx_word' id='word_1_795' title='bbox 3614 4841 3690 4880; x_wconf 59' lang='lat' dir='ltr'><strong>aes</strong></span> 
     </span>
    </p>
   </div>
   <div class='ocr_carea' id='block_1_104' title="bbox 2107 4918 3682 4991">
    <p class='ocr_par' dir='ltr' id='par_1_104' title="bbox 2107 4918 3682 4991">
     <span class='ocr_line' id='line_1_104' title="bbox 2107 4918 3682 4991; baseline -0.005 -13"><span class='ocrx_word' id='word_1_796' title='bbox 2107 4922 2358 4985; x_wconf 89' lang='lat' dir='ltr'><strong>solidius,</strong></span> <span class='ocrx_word' id='word_1_797' title='bbox 2407 4932 2461 4975; x_wconf 88' lang='lat' dir='ltr'><strong>at</strong></span> <span class='ocrx_word' id='word_1_798' title='bbox 2499 4920 2703 4975; x_wconf 83' lang='lat' dir='ltr'><strong>ferrum</strong></span> <span class='ocrx_word' id='word_1_799' title='bbox 2760 4920 2879 4991; x_wconf 90' lang='lat' dir='ltr'><strong>ipso</strong></span> <span class='ocrx_word' id='word_1_800' title='bbox 2917 4921 3083 4974; x_wconf 88' lang='lat' dir='ltr'><strong>etiam</strong></span> <span class='ocrx_word' id='word_1_801' title='bbox 3115 4935 3225 4976; x_wconf 78' lang='lat' dir='ltr'><strong>aere</strong></span> <span class='ocrx_word' id='word_1_802' title='bbox 3261 4920 3434 4974; x_wconf 90' lang='lat' dir='ltr'><strong>multo</strong></span> <span class='ocrx_word' id='word_1_803' title='bbox 3469 4918 3682 4972; x_wconf 75' lang='lat' dir='ltr'><strong>ﬁrmius</strong></span> 
     </span>
    </p>
   </div>
   <div class='ocr_carea' id='block_1_105' title="bbox 2108 5009 3676 5082">
    <p class='ocr_par' dir='ltr' id='par_1_105' title="bbox 2108 5009 3676 5082">
     <span class='ocr_line' id='line_1_105' title="bbox 2108 5009 3676 5082; baseline -0.004 -14"><span class='ocrx_word' id='word_1_804' title='bbox 2108 5022 2211 5068; x_wconf 89' lang='lat' dir='ltr'><strong>est.</strong></span> <span class='ocrx_word' id='word_1_805' title='bbox 2251 5012 2458 5082; x_wconf 78' lang='lat'><strong>1091</strong></span> <span class='ocrx_word' id='word_1_806' title='bbox 2499 5009 2811 5067; x_wconf 79' lang='lat' dir='ltr'><strong>Diﬁ‘erentia</strong></span> <span class='ocrx_word' id='word_1_807' title='bbox 2860 5012 3042 5082; x_wconf 84' lang='lat' dir='ltr'><strong>itaque</strong></span> <span class='ocrx_word' id='word_1_808' title='bbox 3081 5026 3190 5066; x_wconf 90' lang='lat' dir='ltr'><strong>non</strong></span> <span class='ocrx_word' id='word_1_809' title='bbox 3223 5011 3278 5065; x_wconf 93' lang='lat' dir='ltr'><strong>in</strong></span> <span class='ocrx_word' id='word_1_810' title='bbox 3313 5011 3545 5075; x_wconf 86' lang='lat' dir='ltr'><strong>honore,</strong></span> <span class='ocrx_word' id='word_1_811' title='bbox 3581 5011 3676 5066; x_wconf 84' lang='lat' dir='ltr'><strong>sed</strong></span> 
     </span>
    </p>
   </div>
   <div class='ocr_carea' id='block_1_106' title="bbox 2111 5101 3692 5174">
    <p class='ocr_par' dir='ltr' id='par_1_106' title="bbox 2111 5101 3692 5174">
     <span class='ocr_line' id='line_1_106' title="bbox 2111 5101 3692 5174; baseline -0.002 -18"><span class='ocrx_word' id='word_1_812' title='bbox 2111 5105 2164 5156; x_wconf 92' lang='lat' dir='ltr'><strong>in</strong></span> <span class='ocrx_word' id='word_1_813' title='bbox 2209 5104 2419 5158; x_wconf 87' lang='lat' dir='ltr'><strong>viribus</strong></span> <span class='ocrx_word' id='word_1_814' title='bbox 2456 5102 2812 5174; x_wconf 87' lang='lat' dir='ltr'><strong>potentiaque</strong></span> <span class='ocrx_word' id='word_1_815' title='bbox 2853 5103 3130 5158; x_wconf 89' lang='lat' dir='ltr'><strong>consistit.</strong></span> <span class='ocrx_word' id='word_1_816' title='bbox 3180 5101 3320 5158; x_wconf 82' lang='lat' dir='ltr'><strong>Illud</strong></span> <span class='ocrx_word' id='word_1_817' title='bbox 3370 5110 3550 5157; x_wconf 87' lang='lat' dir='ltr'><strong>autem</strong></span> <span class='ocrx_word' id='word_1_818' title='bbox 3597 5116 3692 5154; x_wconf 83' lang='lat' dir='ltr'><strong>ne~</strong></span> 
     </span>
    </p>
   </div>
   <div class='ocr_carea' id='block_1_107' title="bbox 2110 5194 3692 5264">
    <p class='ocr_par' dir='ltr' id='par_1_107' title="bbox 2110 5194 3692 5264">
     <span class='ocr_line' id='line_1_107' title="bbox 2110 5194 3692 5264; baseline -0.003 -16"><span class='ocrx_word' id='word_1_819' title='bbox 2110 5194 2354 5249; x_wconf 81' lang='lat' dir='ltr'><strong>ccssario</strong></span> <span class='ocrx_word' id='word_1_820' title='bbox 2379 5194 2732 5262; x_wconf 68' lang='lat' dir='ltr'><strong>quaerendum</strong></span> <span class='ocrx_word' id='word_1_821' title='bbox 2766 5205 2870 5258; x_wconf 87' lang='lat' dir='ltr'><strong>est,</strong></span> <span class='ocrx_word' id='word_1_822' title='bbox 2918 5211 3026 5264; x_wconf 88' lang='lat' dir='ltr'><strong>qua</strong></span> <span class='ocrx_word' id='word_1_823' title='bbox 3063 5195 3127 5249; x_wconf 87' lang='lat' dir='ltr'><strong>de</strong></span> <span class='ocrx_word' id='word_1_824' title='bbox 3166 5209 3332 5251; x_wconf 88' lang='lat' dir='ltr'><strong>causa</strong></span> <span class='ocrx_word' id='word_1_825' title='bbox 3366 5195 3418 5248; x_wconf 92' lang='lat' dir='ltr'><strong>in</strong></span> <span class='ocrx_word' id='word_1_826' title='bbox 3457 5195 3692 5262; x_wconf 55' lang='lat' dir='ltr'><strong>imagine</strong></span> 
     </span>
    </p>
   </div>
   <div class='ocr_carea' id='block_1_108' title="bbox 500 5370 2550 5441">
    <p class='ocr_par' dir='ltr' id='par_1_108' title="bbox 500 5370 2550 5441">
     <span class='ocr_line' id='line_1_108' title="bbox 500 5370 2550 5441; baseline -0.004 -10"><span class='ocrx_word' id='word_1_827' title='bbox 500 5379 574 5415; x_wconf 67' lang='grc' dir='ltr'>’σί</span> <span class='ocrx_word' id='word_1_828' title='bbox 606 5378 808 5433; x_wconf 81' lang='lat' dir='ltr'><strong>Jerem.</strong></span> <span class='ocrx_word' id='word_1_829' title='bbox 831 5391 902 5432; x_wconf 89' lang='lat' dir='ltr'><strong>LI.</strong></span> <span class='ocrx_word' id='word_1_830' title='bbox 941 5376 993 5441; x_wconf 81' lang='lat'><strong>7,</strong></span> <span class='ocrx_word' id='word_1_831' title='bbox 1034 5378 1087 5437; x_wconf 84' lang='lat'><strong>8,</strong></span> <span class='ocrx_word' id='word_1_832' title='bbox 1119 5373 1199 5427; x_wconf 75' lang='lat' dir='ltr'><strong>vel</strong></span> <span class='ocrx_word' id='word_1_833' title='bbox 1237 5372 1395 5441; x_wconf 80' lang='lat' dir='ltr'><strong>juxta</strong></span> <span class='ocrx_word' id='word_1_834' title='bbox 1425 5370 1600 5436; x_wconf 72' lang='lat' dir='ltr'><strong>LXX;</strong></span> <span class='ocrx_word' id='word_1_835' title='bbox 1633 5387 1824 5430; x_wconf 71' lang='lat' dir='ltr'><strong>xxviii.</strong></span> <span class='ocrx_word' id='word_1_836' title='bbox 1856 5372 1909 5434; x_wconf 89' lang='lat'><strong>7,</strong></span> <span class='ocrx_word' id='word_1_837' title='bbox 1937 5371 1988 5422; x_wconf 88' lang='lat'><strong>8.</strong></span> <span class='ocrx_word' id='word_1_838' title='bbox 2070 5373 2094 5410; x_wconf 75' lang='grc' dir='ltr'><strong>ε</strong></span> <span class='ocrx_word' id='word_1_839' title='bbox 2122 5371 2255 5425; x_wconf 78' lang='lat' dir='ltr'><strong>Gen.</strong></span> <span class='ocrx_word' id='word_1_840' title='bbox 2286 5387 2340 5434; x_wconf 60' lang='grc' dir='ltr'>κ,</span> <span class='ocrx_word' id='word_1_841' title='bbox 2373 5371 2426 5437; x_wconf 89' lang='lat'><strong>9,</strong></span> <span class='ocrx_word' id='word_1_842' title='bbox 2468 5371 2550 5424; x_wconf 78' lang='grc'><strong>10.</strong></span> 
     </span>
    </p>
   </div>
   <div class='ocr_carea' id='block_1_109' title="bbox 1666 5527 2342 5584">
    <p class='ocr_par' dir='ltr' id='par_1_109' title="bbox 1666 5527 2342 5584">
     <span class='ocr_line' id='line_1_109' title="bbox 1666 5527 2342 5584; baseline 0.009 -5"><span class='ocrx_word' id='word_1_843' title='bbox 1666 5527 1899 5582; x_wconf 70' lang='lat' dir='ltr'><strong>VARle</strong></span> <span class='ocrx_word' id='word_1_844' title='bbox 1941 5527 2342 5584; x_wconf 79' lang='lat' dir='ltr'><strong>LECTIONES.</strong></span> 
     </span>
    </p>
   </div>
   <div class='ocr_carea' id='block_1_110' title="bbox 500 5625 956 5695">
    <p class='ocr_par' dir='ltr' id='par_1_110' title="bbox 500 5625 956 5695">
     <span class='ocr_line' id='line_1_110' title="bbox 500 5625 956 5695; baseline -0.011 -14"><span class='ocrx_word' id='word_1_845' title='bbox 500 5628 544 5656; x_wconf 80' lang='lat'><strong>&quot;</strong></span> <span class='ocrx_word' id='word_1_846' title='bbox 581 5625 632 5695; x_wconf 75' lang='grc' dir='ltr'>ἦ.</span> <span class='ocrx_word' id='word_1_847' title='bbox 663 5627 784 5683; x_wconf 86' lang='lat' dir='ltr'><strong>Des.</strong></span> <span class='ocrx_word' id='word_1_848' title='bbox 819 5627 870 5681; x_wconf 84' lang='lat' dir='ltr'><strong>in</strong></span> <span class='ocrx_word' id='word_1_849' title='bbox 898 5625 956 5677; x_wconf 82' lang='lat' dir='ltr'><strong>B.</strong></span> 
     </span>
    </p>
   </div>
   <div class='ocr_carea' id='block_1_111' title="bbox 426 5693 1654 5762">
    <p class='ocr_par' dir='ltr' id='par_1_111' title="bbox 426 5693 1654 5762">
     <span class='ocr_line' id='line_1_111' title="bbox 426 5693 1654 5762; baseline -0.007 -11"><span class='ocrx_word' id='word_1_850' title='bbox 426 5699 474 5729; x_wconf 80' lang='lat'>“</span> <span class='ocrx_word' id='word_1_851' title='bbox 518 5697 556 5750; x_wconf 80' lang='grc' dir='ltr'><strong>Β</strong></span> <span class='ocrx_word' id='word_1_852' title='bbox 603 5693 776 5750; x_wconf 72' lang='grc' dir='ltr'>ἔπιον.</span> <span class='ocrx_word' id='word_1_853' title='bbox 891 5697 936 5726; x_wconf 74' lang='grc'><strong>⁸⁸</strong></span> <span class='ocrx_word' id='word_1_854' title='bbox 972 5693 1011 5746; x_wconf 76' lang='grc' dir='ltr'><strong>Β</strong></span> <span class='ocrx_word' id='word_1_855' title='bbox 1055 5695 1340 5755; x_wconf 74' lang='grc' dir='ltr'>θεσπέσιος</span> <span class='ocrx_word' id='word_1_856' title='bbox 1398 5694 1654 5762; x_wconf 78' lang='grc' dir='ltr'>Μωῦσῆς.</span> 
     </span>
    </p>
   </div>
   <div class='ocr_carea' id='block_1_112' title="bbox 429 5767 893 5892">
    <p class='ocr_par' dir='ltr' id='par_1_112' title="bbox 429 5767 893 5892">
     <span class='ocr_line' id='line_1_112' title="bbox 429 5767 893 5892; baseline 0.006 -77"><span class='ocrx_word' id='word_1_857' title='bbox 429 5785 618 5892; x_wconf 55' lang='lat' dir='ltr'><strong>Eram.</strong></span> <span class='ocrx_word' id='word_1_858' title='bbox 641 5767 714 5829; x_wconf 79' lang='grc' dir='ltr'>ὡς</span> <span class='ocrx_word' id='word_1_859' title='bbox 738 5767 893 5838; x_wconf 84' lang='grc' dir='ltr'>φασί.</span> 
     </span>
     <span class='ocr_line' id='line_1_113' title="bbox 498 5840 871 5892; baseline 0 0"><span class='ocrx_word' id='word_1_860' title='bbox 498 5840 716 5892; x_wconf 73' lang='lat' dir='ltr'><strong>tionitur</strong></span> <span class='ocrx_word' id='word_1_861' title='bbox 752 5850 871 5892; x_wconf 67' lang='lat' dir='ltr'><strong>post</strong></span> 
     </span>
    </p>
   </div>
   <div class='ocr_carea' id='block_1_113' title="bbox 497 5832 1897 5908">
    <p class='ocr_par' dir='ltr' id='par_1_113' title="bbox 497 5832 1897 5908">
     <span class='ocr_line' id='line_1_114' title="bbox 497 5832 1897 5908; baseline -0.004 -17"><span class='ocrx_word' id='word_1_862' title='bbox 497 5840 716 5908; x_wconf 76' lang='lat' dir='ltr'><strong>ponitur</strong></span> <span class='ocrx_word' id='word_1_863' title='bbox 750 5832 871 5907; x_wconf 67' lang='lat' dir='ltr'><strong>post</strong></span> <span class='ocrx_word' id='word_1_864' title='bbox 907 5837 1181 5890; x_wconf 66' lang='grc' dir='ltr'>ἁπάντων.</span> <span class='ocrx_word' id='word_1_865' title='bbox 1262 5837 1304 5865; x_wconf 66' lang='grc'><strong>³³</strong></span> <span class='ocrx_word' id='word_1_866' title='bbox 1335 5833 1471 5887; x_wconf 69' lang='grc' dir='ltr'>κοιλ.</span> <span class='ocrx_word' id='word_1_867' title='bbox 1499 5832 1535 5886; x_wconf 83' lang='grc' dir='ltr'><strong>Β</strong></span> <span class='ocrx_word' id='word_1_868' title='bbox 1569 5849 1754 5903; x_wconf 64' lang='lat' dir='ltr'><strong>premit.</strong></span> <span class='ocrx_word' id='word_1_869' title='bbox 1780 5835 1897 5904; x_wconf 66' lang='grc' dir='ltr'>τήν.</span> 
     </span>
    </p>
   </div>
   <div class='ocr_carea' id='block_1_114' title="bbox 1037 5621 2440 5692">
    <p class='ocr_par' dir='ltr' id='par_1_114' title="bbox 1037 5621 2440 5692">
     <span class='ocr_line' id='line_1_115' title="bbox 1037 5621 2440 5692; baseline 0 -16"><span class='ocrx_word' id='word_1_870' title='bbox 1037 5626 1080 5655; x_wconf 78' lang='grc'><strong>⁷⁸</strong></span> <span class='ocrx_word' id='word_1_871' title='bbox 1109 5624 1230 5677; x_wconf 72' lang='grc' dir='ltr'>αὖτ.</span> <span class='ocrx_word' id='word_1_872' title='bbox 1269 5623 1392 5676; x_wconf 60' lang='lat' dir='ltr'><strong>Dus.</strong></span> <span class='ocrx_word' id='word_1_873' title='bbox 1429 5621 1564 5676; x_wconf 79' lang='lat' dir='ltr'><strong>ibid.</strong></span> <span class='ocrx_word' id='word_1_874' title='bbox 1643 5623 1688 5654; x_wconf 72' lang='grc' dir='ltr'><strong>τ’</strong></span> <span class='ocrx_word' id='word_1_875' title='bbox 1716 5623 1843 5692; x_wconf 80' lang='grc' dir='ltr'>γὰρ.</span> <span class='ocrx_word' id='word_1_876' title='bbox 1877 5622 1936 5676; x_wconf 83' lang='grc' dir='ltr'><strong>Β.</strong></span> <span class='ocrx_word' id='word_1_877' title='bbox 1977 5623 2126 5676; x_wconf 80' lang='lat' dir='ltr'><strong>addit</strong></span> <span class='ocrx_word' id='word_1_878' title='bbox 2151 5624 2264 5677; x_wconf 78' lang='grc' dir='ltr'>καί.</span> <span class='ocrx_word' id='word_1_879' title='bbox 2363 5624 2440 5690; x_wconf 65' lang='lat'><strong>&quot;1</strong></span> 
     </span>
    </p>
   </div>
   <div class='ocr_carea' id='block_1_115' title="bbox 1731 5692 2487 5760">
    <p class='ocr_par' dir='ltr' id='par_1_115' title="bbox 1731 5692 2487 5760">
     <span class='ocr_line' id='line_1_116' title="bbox 1731 5692 2487 5760; baseline 0.001 -16"><span class='ocrx_word' id='word_1_880' title='bbox 1731 5692 2108 5760; x_wconf 69' lang='grc' dir='ltr'>⁸³ΒΝεϐρώο.</span> <span class='ocrx_word' id='word_1_881' title='bbox 2201 5695 2246 5725; x_wconf 75' lang='grc'><strong>⁸³⁵</strong></span> <span class='ocrx_word' id='word_1_882' title='bbox 2270 5713 2388 5747; x_wconf 85' lang='grc' dir='ltr'>κυν.</span> <span class='ocrx_word' id='word_1_883' title='bbox 2448 5693 2487 5745; x_wconf 85' lang='grc' dir='ltr'><strong>Β</strong></span> 
     </span>
    </p>
   </div>
   <div class='ocr_carea' id='block_1_116' title="bbox 969 5763 2611 5836">
    <p class='ocr_par' dir='ltr' id='par_1_116' title="bbox 969 5763 2611 5836">
     <span class='ocr_line' id='line_1_117' title="bbox 969 5763 2611 5836; baseline 0.001 -20"><span class='ocrx_word' id='word_1_884' title='bbox 969 5767 1013 5796; x_wconf 72' lang='grc'>⁸⁸</span> <span class='ocrx_word' id='word_1_885' title='bbox 1057 5766 1208 5817; x_wconf 74' lang='grc' dir='ltr'>Ἀσσ.</span> <span class='ocrx_word' id='word_1_886' title='bbox 1242 5764 1279 5815; x_wconf 92' lang='grc' dir='ltr'><strong>Β</strong></span> <span class='ocrx_word' id='word_1_887' title='bbox 1316 5764 1656 5836; x_wconf 27' lang='grc' dir='ltr'>πῖναι-ιιιᾌτών.</span> <span class='ocrx_word' id='word_1_888' title='bbox 1732 5763 1776 5792; x_wconf 66' lang='grc'><strong>³³</strong></span> <span class='ocrx_word' id='word_1_889' title='bbox 1813 5781 1931 5836; x_wconf 83' lang='grc' dir='ltr'>μετ.</span> <span class='ocrx_word' id='word_1_890' title='bbox 1960 5763 2097 5836; x_wconf 8' lang='grc' dir='ltr'>6.,τὲ</span> <span class='ocrx_word' id='word_1_891' title='bbox 2114 5764 2235 5832; x_wconf 81' lang='grc' dir='ltr'>βασ.</span> <span class='ocrx_word' id='word_1_892' title='bbox 2266 5764 2338 5816; x_wconf 73' lang='lat' dir='ltr'><strong>Ex</strong></span> <span class='ocrx_word' id='word_1_893' title='bbox 2373 5764 2611 5836; x_wconf 81' lang='lat' dir='ltr'><strong>Bsuppl.</strong></span> 
     </span>
    </p>
   </div>
   <div class='ocr_carea' id='block_1_117' title="bbox 1996 5833 2458 5904">
    <p class='ocr_par' dir='ltr' id='par_1_117' title="bbox 1996 5833 2458 5904">
     <span class='ocr_line' id='line_1_118' title="bbox 1996 5833 2458 5904; baseline -0.004 -18"><span class='ocrx_word' id='word_1_894' title='bbox 1996 5834 2040 5866; x_wconf 73' lang='grc'><strong>³⁵³</strong></span> <span class='ocrx_word' id='word_1_895' title='bbox 2068 5833 2106 5886; x_wconf 84' lang='grc' dir='ltr'><strong>Β</strong></span> <span class='ocrx_word' id='word_1_896' title='bbox 2142 5835 2458 5904; x_wconf 63' lang='grc' dir='ltr'>γενομένην.</span> 
     </span>
    </p>
   </div>
   <div class='ocr_carea' id='block_1_118' title="bbox 2363 5620 3684 5677">
    <p class='ocr_par' dir='ltr' id='par_1_118' title="bbox 2363 5620 3684 5677">
     <span class='ocr_line' id='line_1_119' title="bbox 2363 5620 3684 5677; baseline -0.011 0"><span class='ocrx_word' id='word_1_897' title='bbox 2363 5625 2408 5655; x_wconf 72' lang='grc' dir='ltr'>⁸ο</span> <span class='ocrx_word' id='word_1_898' title='bbox 2432 5623 2565 5676; x_wconf 83' lang='grc' dir='ltr'>Βαϐ.</span> <span class='ocrx_word' id='word_1_899' title='bbox 2599 5623 2637 5677; x_wconf 89' lang='grc' dir='ltr'><strong>Β</strong></span> <span class='ocrx_word' id='word_1_900' title='bbox 2671 5639 2854 5677; x_wconf 70' lang='lat' dir='ltr'><strong>ouem.</strong></span> <span class='ocrx_word' id='word_1_901' title='bbox 2889 5626 2977 5677; x_wconf 78' lang='grc' dir='ltr'>τῆ.</span> <span class='ocrx_word' id='word_1_902' title='bbox 3076 5625 3114 5653; x_wconf 84' lang='lat'>&#39;”</span> <span class='ocrx_word' id='word_1_903' title='bbox 3159 5623 3254 5673; x_wconf 72' lang='grc' dir='ltr'>εἴν.</span> <span class='ocrx_word' id='word_1_904' title='bbox 3287 5620 3322 5671; x_wconf 83' lang='grc' dir='ltr'><strong>Β</strong></span> <span class='ocrx_word' id='word_1_905' title='bbox 3352 5632 3534 5677; x_wconf 68' lang='lat' dir='ltr'><strong>praem.</strong></span> <span class='ocrx_word' id='word_1_906' title='bbox 3571 5631 3684 5666; x_wconf 75' lang='grc' dir='ltr'>του.</span> 
     </span>
    </p>
   </div>
   <div class='ocr_carea' id='block_1_119' title="bbox 2527 5636 3692 5764">
    <p class='ocr_par' dir='ltr' id='par_1_119' title="bbox 2527 5636 3692 5764">
     <span class='ocr_line' id='line_1_120' title="bbox 2527 5636 3684 5696; baseline -0.011 -21"><span class='ocrx_word' id='word_1_907' title='bbox 2527 5636 2565 5676; x_wconf 71' lang='grc'>5.</span> <span class='ocrx_word' id='word_1_908' title='bbox 2599 5636 2637 5677; x_wconf 81' lang='grc' dir='ltr'><strong>Β</strong></span> <span class='ocrx_word' id='word_1_909' title='bbox 2671 5639 2854 5693; x_wconf 64' lang='lat' dir='ltr'><strong>puum.</strong></span> <span class='ocrx_word' id='word_1_910' title='bbox 2889 5636 2977 5696; x_wconf 70' lang='grc' dir='ltr'>τῇ.</span> <span class='ocrx_word' id='word_1_911' title='bbox 3076 5636 3114 5653; x_wconf 85' lang='lat'><strong>&#39;”</strong></span> <span class='ocrx_word' id='word_1_912' title='bbox 3159 5636 3254 5673; x_wconf 68' lang='grc' dir='ltr'>εἰν.</span> <span class='ocrx_word' id='word_1_913' title='bbox 3289 5636 3322 5671; x_wconf 67' lang='grc' dir='ltr'>ις</span> <span class='ocrx_word' id='word_1_914' title='bbox 3352 5636 3534 5686; x_wconf 60' lang='lat' dir='ltr'><strong>praeui.</strong></span> <span class='ocrx_word' id='word_1_915' title='bbox 3571 5636 3684 5666; x_wconf 75' lang='grc' dir='ltr'>του.</span> 
     </span>
     <span class='ocr_line' id='line_1_121' title="bbox 2527 5683 3692 5764; baseline -0.009 -19"><span class='ocrx_word' id='word_1_916' title='bbox 2527 5709 2710 5762; x_wconf 73' lang='lat' dir='ltr'><strong>praeui.</strong></span> <span class='ocrx_word' id='word_1_917' title='bbox 2739 5691 2826 5764; x_wconf 84' lang='grc' dir='ltr'>ἦν.</span> <span class='ocrx_word' id='word_1_918' title='bbox 2931 5694 3042 5764; x_wconf 32' lang='grc' dir='ltr'><strong>⁸⁶ᾼΒ</strong></span> <span class='ocrx_word' id='word_1_919' title='bbox 3070 5695 3126 5744; x_wconf 84' lang='grc' dir='ltr'>ἐν</span> <span class='ocrx_word' id='word_1_920' title='bbox 3154 5693 3318 5764; x_wconf 24' lang='grc' dir='ltr'>ἀρχῇ-.</span> <span class='ocrx_word' id='word_1_921' title='bbox 3397 5683 3692 5764; x_wconf 36' lang='grc' dir='ltr'><strong>⁸⁷ῌἈσσκη</strong></span> 
     </span>
    </p>
   </div>
   <div class='ocr_carea' id='block_1_120' title="bbox 2710 5733 3692 5834">
    <p class='ocr_par' dir='ltr' id='par_1_120' title="bbox 2710 5733 3692 5834">
     <span class='ocr_line' id='line_1_122' title="bbox 2710 5733 3692 5834; baseline -0.007 -20"><span class='ocrx_word' id='word_1_922' title='bbox 2710 5733 2940 5834; x_wconf 36' lang='lat' dir='ltr'><strong>«In...</strong></span> <span class='ocrx_word' id='word_1_923' title='bbox 2976 5733 3328 5832; x_wconf 55' lang='grc' dir='ltr'><strong>ηνρῑιιῑιῖλέί.</strong></span> <span class='ocrx_word' id='word_1_924' title='bbox 3433 5733 3692 5825; x_wconf 42' lang='lat' dir='ltr'><strong>mea...</strong></span> 
     </span>
    </p>
   </div>
  </div>
