4070 6428
397 446 532 508 1299

1380 446 1864 507 THEODORETI
1895 447 2230 509 EPISCOPI
2266 449 2629 510 CY'RENSIS

3502 437 3641 505 I300

393 558 715 630 multiplicis
737 560 965 631 hujusce
986 560 1230 614 materiae
1251 559 1448 614 viderit
1472 561 1956 632 compositionem.

2084 565 2331 638 ιστράκου
2352 565 2607 634 ἀσθενειᾳ
2628 559 3110 632 πμμεμιγμέήν.
3142 557 3254 630 τὴν
3282 556 3339 612 δὲ
3369 556 3478 609 τῶν
3503 555 3646 610 ὑλῶν

393 648 539 705 Nihil
567 651 712 706 enim
758 659 961 706 temere
999 666 1176 721 neque
1204 651 1412 707 frustra
1455 653 1526 708 ab
1569 661 1797 710 auctore
1843 670 1962 708 om-

395 741 550 796 nium
590 756 768 797 rerum
805 743 912 796 Deo
941 743 1234 799 revelatur.
1265 745 1451 814 Imago
1483 744 1708 815 ﬁguras,
1731 744 1827 800 sed
1855 760 1965 800 non

396 847 486 888 res
515 832 696 889 habet.
729 831 878 888 Talis
911 842 995 888 est
1023 844 1077 887 et
1098 849 1342 904 prazsens
1371 834 1502 900 vita,
1530 850 1657 904 quae
1689 835 1825 890 nihil
1869 836 1967 890 ha-

395 922 487 978 bet
518 931 862 992 perpetuum,
909 940 1086 995 neque
1131 926 1346 980 stabile.
1379 925 1561 992 Quare
1598 926 1788 985 beatus
1831 941 1972 997 quo-

394 1029 503 1083 que
541 1011 747 1068 Paulus
798 1016 1184 1071 exclamabat:
1228 1035 1246 1070 ι
1305 1017 1555 1072 Praeterit
1605 1017 1777 1089 ﬁgura
1803 1018 1970 1088 hujus

398 1105 588 1160 mundi
615 1107 667 1161 h.
705 1125 724 1156 ι
764 1106 829 1162 Et
873 1109 982 1163 alio
1012 1110 1142 1166 loco
1169 1111 1538 1181 praecipiens:
1582 1131 1598 1163 ι
1639 1111 1840 1180 Nolite,
1885 1114 1964 1167 in-

395 1197 538 1265 quit,
568 1198 912 1254 couformari
939 1201 1068 1257 huic
1097 1205 1300 1257 szeculo
1340 1206 1382 1257 ί.
1427 1223 1445 1255 ι
1477 1205 1542 1259 Ει
1584 1205 1774 1259 beatus
1801 1203 1970 1260 David

397 1285 652 1342 humana
689 1291 1115 1360 tranquillitatis
1161 1308 1396 1364 arguens
1427 1294 1724 1350 vanitatem
1760 1313 1774 1350 :
1807 1311 1828 1347 ι
1865 1293 1974 1349 Ve-

397 1385 734 1446 rumtamen,
779 1380 982 1452 inquit,
1025 1383 1281 1440 universa
1321 1385 1553 1447 vanitas,
1591 1386 1774 1442 omnis
1808 1385 1973 1441 homo

397 1467 593 1522 vivens
625 1467 672 1524 ἱ.
711 1488 730 1522 ι
765 1469 1033 1526 Caeterum
1066 1475 1122 1530 in
1158 1475 1395 1546 imagine
1435 1476 1735 1544 pertransit
1780 1477 1969 1541 homo,

397 1555 692 1614 thesauros
718 1561 947 1633 colligit,
977 1572 1030 1618 et
1070 1564 1284 1635 ignorat
1321 1565 1411 1620 cui
1437 1575 1874 1638 congregaturus
1904 1571 1976 1624 sit

397 1661 486 1701 ea.
520 1648 751 1715 Quando
801 1652 984 1723 itaque
1015 1670 1259 1724 praesens
1288 1658 1453 1713 etiam
1499 1659 1610 1713 vita
1656 1659 1973 1718 celerrimas

399 1737 564 1793 habet
597 1743 928 1799 mutationes
957 1745 1234 1814 (mortalia
1271 1749 1416 1803 enim
1448 1750 1653 1816 omnia,
1685 1766 1806 1821 quae
1836 1765 1974 1806 con-

400 1824 734 1893 spiciuntur,
794 1829 865 1884 ad
903 1831 1170 1903 exiguum
1207 1842 1425 1906 tempus
1473 1838 1877 1907 permanentia,
1919 1846 1975 1892 et

2067 656 2330 727 διαφορὰν
2357 655 2627 724 ἀνέθηκεν
2645 653 2713 719 ’⁸,
2742 652 2802 706 οὺ
2831 651 2930 722 τῆς
2959 651 3145 721 τιμῆς,
3174 648 3310 704 ἀλλά
3339 649 3438 718 τῆς
3461 646 3644 719 ἰσχύος

2067 746 2279 808 δεικνὺς
2303 745 2362 798 τὸ
2397 745 2652 814 διάφορον
2675 761 2689 774 ·
2727 743 2822 797 τοῦ
2854 743 2951 815 μὲν
2979 742 3086 815 γὰρ
3117 740 3320 812 χρυσοῦ
3347 741 3376 793 6
3407 741 3645 811 ἄργυρος

2071 835 2469 907 στεγανώτερος
2503 849 2518 866 ⁸
2585 835 2680 888 τοῦ
2728 834 2786 888 δὲ
2829 834 3072 905 ἀργύρου
3134 832 3486 905 στερρότερος
3513 830 3563 864 ’³
3615 831 3648 883 6

2071 928 2268 998 χαλκός
2295 947 2308 959 ·
2346 931 2374 981 6
2399 929 2457 982 δὲ
2494 928 2712 999 σίδηρος
2737 927 2830 980 καὶ
2857 925 3022 980 αὐτοῦ
3039 928 3085 959 ’⁸
3113 925 3208 978 τοῦ
3237 924 3439 995 χαλκοῦ
3467 922 3648 994 πολλῷ

2070 1021 2149 1092 τῷ
2183 1021 2366 1093 μέτρῳ
2401 1019 2880 1091 περεμνιώτερος.
2910 1018 2973 1072 Ἦ
3000 1016 3231 1087 διαφορά
3259 1015 3436 1070 τοίνυν
3458 1016 3556 1070 οὒκ
3589 1017 3647 1068 ἐν

2069 1114 2135 1181 τῇ
2168 1114 2321 1181 τιμῇ,
2343 1110 2459 1165 ἀλλ’
2488 1111 2546 1165 ὲν
2574 1113 2641 1182 τῇ
2675 1110 2818 1180 ἰσχύϊ
2844 1126 2904 1163 τε
2932 1108 3023 1162 καὶ
3051 1106 3296 1177 δυνάμει.
3321 1105 3647 1174 Ἀναγκαῖον

2071 1204 2128 1256 δὲ
2176 1201 2445 1272 ζητῆσαι,
2491 1203 2544 1255 τί
2577 1201 2776 1272 δήποτε
2810 1203 2869 1255 ὲν
2921 1199 3088 1254 εἰκόνι
3122 1198 3230 1251 τῶν
3271 1197 3413 1251 ὑλῶν
3443 1196 3648 1250 τούτων

2072 1293 2333 1349 ἐθεάσατο
2357 1294 2456 1365 τὴν
2487 1293 2757 1364 συνθήκην
2785 1309 2798 1322 ³
2839 1291 2990 1345 οὐδὲν
3017 1291 3126 1366 γὰρ
3159 1289 3367 1356 ἁπλῶς,
3391 1290 3512 1343 οὐδὲ
3545 1291 3650 1360 μά-

2072 1401 2172 1456 την
2201 1384 2307 1438 ὑπὸ
2331 1383 2426 1438 τοῦ
2446 1384 2582 1438 Θεοῦ
2604 1384 2712 1438 τῶν
2739 1383 2877 1437 ὅλων
2905 1381 3367 1436 ἀποκαλύπτεται.
3402 1381 3467 1434 Ἥ
3486 1379 3650 1434 εἰκὼν

2075 1477 2350 1548 σχήματα,
2395 1475 2510 1528 ἀλλ’
2537 1476 2599 1528 οὐ
2630 1475 2954 1545 πράγματα,
3009 1472 3142 1544 ἔχει.
3184 1469 3434 1536 Τοιοῦτος
3475 1471 3592 1524 6t"
3621 1475 3652 1524 6

2075 1564 2267 1635 παρὼν
2296 1563 2426 1634 βίος,
2449 1563 2603 1617 οὐδὲν
2626 1563 2822 1634 ἔχωνη
2849 1562 3089 1633 διαρκὲς,
3124 1562 3243 1616 οὐδὲ
3274 1561 3500 1631 μόνιμον
3523 1575 3538 1593 ο
3571 1561 3654 1613 διδ

2073 1657 2170 1710 καὶ
2188 1658 2217 1710 6
2241 1655 2508 1728 μακάριος
2536 1655 2746 1719 Παῦλος
2767 1654 2915 1720 ἐϐόα,
2941 1655 3024 1709 ὅτι
3057 1673 3076 1706 ι
3102 1653 3347 1725 Παράγει
3376 1651 3438 1705 τδ
3470 1651 3655 1722 σχῆμα

2073 1746 2168 1801 τοῦ
2200 1748 2406 1818 κόσμου
2437 1746 2647 1801 τούτου.
2679 1764 2697 1798 θ
2735 1745 2848 1800 Καὶ
2881 1745 3114 1816 ἀλλαχοῦ
3148 1743 3428 1816 παραινῶν
3463 1743 3610 1810 λέγει
3633 1760 3649 1773 ·

2081 1855 2100 1888 ι
2129 1836 2221 1907 Μὴ
2256 1837 2727 1907 ωσχηματίζεσθε
2750 1835 2829 1907 τῷ
2857 1835 3014 1889 αἰῶνι
3046 1835 3241 1906 τούτῳ.
3280 1854 3301 1889 r
3354 1835 3463 1889 Καὶ
3487 1837 3514 1888 6
3551 1851 3656 1905 μα-

399 1913 605 1970 caduca
635 1919 804 1990 sunt),
843 1929 898 1976 et
928 1921 1108 1995 imago
1149 1940 1333 1981 rerum
1367 1927 1477 1982 vim
1521 1929 1668 1984 haud
1698 1929 1968 1994 continet,

2084 1926 2270 1999 κάριος
2312 1927 2477 1981 Δαϐ“ιδ
2507 1926 2607 1996 τῆς
2649 1925 3000 1998 ἀνθρωπίνης
3027 1927 3326 1998 εὐημερίας
3366 1924 3658 1994 διελέγχων

401 2006 497 2061 sed
537 2009 686 2064 solas
729 2025 918 2082 regum
956 2030 1022 2069 ac
1059 2017 1400 2088 principum,
1432 2019 1652 2084 illisque
1701 2021 1984 2092 subjecto-

402 2110 524 2148 rum
563 2096 764 2168 ﬁguras
800 2103 1066 2170 ostendit,
1105 2105 1173 2160 ad
1216 2107 1332 2163 haec
1376 2109 1496 2179 ipsa
1533 2125 1754 2180 quoque
1807 2111 1984 2184 ﬁgura

403 2186 660 2243 facillime
707 2189 932 2250 dissolvi
989 2205 1205 2264 potest:
1266 2199 1462 2254 merito
1510 2215 1694 2255 rerum
1735 2202 1982 2256 omnium

404 2284 597 2331 auctor
624 2276 787 2345 Deus,
815 2284 911 2352 qui
937 2286 1233 2355 superbum
1263 2303 1444 2359 regem
1481 2290 1635 2345 illum
1655 2291 1854 2348 docere
1885 2307 1984 2347 vo-

405 2367 525 2431 luit,
557 2380 761 2439 quauta
789 2375 861 2428 sit
897 2375 1123 2430 humani
1153 2379 1437 2448 supercilii
1481 2382 1723 2449 vanitas,
1750 2393 1804 2436 et
1836 2381 1982 2453 quod

406 2459 718 2515 facillimam
760 2463 996 2523 habeant
1025 2483 1112 2524 res
1148 2468 1400 2524 humana:
1427 2472 1807 2537 mutationem,
1840 2473 1982 2526 ima-

404 2550 585 2621 ginem
639 2551 741 2625 ipsi
787 2555 840 2610 in
892 2560 1102 2614 somnis
1160 2563 1440 2632 proponit.
1499 2563 1734 2633 ejusque
1796 2571 1984 2632 partes

405 2643 691 2713 multiplici
717 2649 948 2704 materia
976 2651 1285 2722 distinguit.
1308 2655 1536 2710 crebras
1566 2669 1756 2724 regum
1778 2656 1986 2710 docens

405 2733 547 2790 alius
573 2746 696 2806 post
720 2739 886 2799 alium
916 2744 1323 2806 successiones.
1351 2745 1726 2815 omnibusque
1755 2762 1986 2816 persua-

405 2830 563 2894 dens,
597 2844 657 2885 se
706 2831 886 2886 solum
924 2844 1192 2903 perpetuo
1229 2835 1462 2905 imperio
1495 2837 1682 2907 potiri,
1729 2853 1985 2907 regnum.

405 2934 512 2990 que
540 2927 594 2974 et
628 2921 902 2992 principio
939 2931 993 2978 et
1031 2925 1137 2980 ﬁne
1171 2941 1396 2994 carens,
1439 2935 1495 2984 et
1520 2929 1747 2984 omnino
1783 2929 1991 2998 sempi-

405 3017 620 3064 ternum
654 3008 922 3067 obtinere.
962 3012 1174 3085 1092
1210 3012 1412 3071 Postea
1443 3017 1638 3072 beatus
1682 3015 1869 3072 Daniel
1907 3033 1989 3072 re-

2085 2019 2149 2074 τδ
2182 2021 2430 2090 μάταιον,
2461 2019 2592 2090 φησί
2619 2036 2632 2050 ·
2681 2039 2699 2070 ι
2728 2019 2875 2090 Πλὴν
2917 2019 2986 2073 τά
3018 2018 3305 2090 σύμπαντα
3338 2017 3656 2088 ματαιότης.

2087 2113 2194 2175 πᾶς
2223 2110 2509 2180 ἄνθρωπος
2538 2110 2667 2175 ζῶν.
2694 2129 2711 2162 ι
2743 2111 2943 2164 Μέντοι
2970 2127 3034 2180 γε
3059 2111 3116 2163 ὲν
3141 2109 3310 2163 εἰκόνι
3334 2107 3656 2180 διαπορεύεο

2083 2215 2173 2253 ται
2246 2198 2550 2270 ἄνθρωπος,
2599 2198 2948 2270 θησαυρίζει,
3002 2199 3097 2251 καὶ
3141 2198 3203 2251 οὐ
3250 2198 3505 2266 γινώσκει
3551 2197 3660 2251 τίνι

2085 2290 2303 2358 συνάξει
2325 2292 2486 2345 αὑτά.
2523 2291 2740 2362 Ἐπειδὴ
2768 2293 2946 2345 τοίνυν
2970 2291 3064 2344 καὶ
3092 2294 3122 2344 6
3154 2290 3344 2362 παρὼν
3375 2289 3487 2361 βίος
3505 2289 3662 2362 ὀξυρο

2084 2381 2286 2452 ρὀους
2325 2381 2436 2452 ἔχει
2466 2381 2563 2446 τὰς
2597 2382 2896 2452 μεταϐολὰς
2929 2381 3124 2453 (θνητὰ
3139 2384 3184 2415 ⁹⁹
3214 2382 3321 2452 γάρ
3353 2381 3566 2435 ᾶπαντα
3591 2381 3662 2434 τά

2083 2472 2356 2543 ὁρώμενα,
2382 2472 2476 2525 καὶ
2502 2474 2832 2545 πρόσκαιρα,
2859 2475 2952 2526 καὶ
2981 2472 3300 2542 ὲπίκηρα¹),
3331 2471 3473 2542 καὶὴ
3497 2471 3662 2523 εἰκὼν

2083 2565 2142 2618 δὲ
2165 2564 2273 2617 τῶν
2305 2565 2401 2634 μὲν
2423 2564 2764 2634 πραγμάτων
2797 2565 2896 2635 τὴν
2927 2565 3203 2638 ἐνέργειαν
3233 2565 3332 2618 οὐκ
3359 2563 3486 2634 ἔχει,
3524 2564 3663 2634 μόνα

2084 2657 2140 2710 δὲ
2161 2654 2231 2709 τά
2261 2656 2517 2726 σχήματα
2537 2655 2777 2709 δείκνυσι
2806 2655 3090 2726 βασιλέων,
3122 2657 3215 2711 καί
3240 2656 3536 2727 ἀρχόντων,
3565 2656 3662 2710 καὶ

2089 2744 2367 2814 ὑπηκόων,
2404 2744 2541 2815 πρὸς
2570 2744 2626 2798 δὲ
2653 2746 2862 2809 τούτοις
2893 2747 2985 2799 καί
3016 2747 3149 2799 αὐτὸ
3177 2747 3237 2800 τὸ
3267 2749 3451 2817 σχῆμα
3477 2745 3661 2799 εὐδιά-

2088 2837 2246 2891 λυτον
2291 2836 2426 2906 ἔχει⁹
2470 2837 2693 2900 εἰκότως
2728 2840 2754 2891 6
2799 2837 2908 2893 τῶν
2951 2840 3088 2892 ὅλων
3135 2840 3267 2905 Θεὸς
3307 2841 3399 2894 τὸν
3428 2839 3664 2903 ἀλαζόνα

2087 2927 2294 2980 ἐκεῖνον
2338 2925 2626 2980 παιδεῦσαι
2677 2926 2998 2998 βουληθεὶς’
3043 2928 3267 2999 βασιλέα
3309 2931 3408 3000 τῆς
3446 2929 3664 2998 ἀνθρω-

2089 3017 2250 3086 πίνης
2297 3017 2498 3086 όφρύος
2536 3016 2597 3070 τὸ
2629 3019 2877 3088 μάταιον,
2927 3019 3023 3073 καὶ
3064 3019 3292 3087 διδάξαι,
3341 3021 3424 3075 ὅτι
3460 3021 3667 3093 ῥᾴστην

404 3097 555 3168 liqua
584 3098 750 3168 hujus
790 3101 988 3155 somnii
1020 3105 1395 3174 prosequitur.

2089 3107 2203 3176 ἔχει
2238 3107 2308 3161 τὰ
2335 3105 2654 3178 ἀνθρώπινα
2679 3108 2778 3179 τὴν
2812 3108 3135 3181 μεταϐολὴν,
3171 3110 3355 3166 εἰκόνα
3390 3108 3489 3180 μὲν
3515 3108 3669 3178 αὐτῷ

403 3185 538 3259 δναρ
603 3187 916 3258 προτίθησι,
963 3190 1030 3246 τά
1065 3191 1122 3245 δὲ
1169 3195 1374 3266 ταύτης
1427 3195 1592 3266 μόρια
1641 3196 1850 3268 μερίζει
1898 3199 2020 3258 ταῖς
2095 3196 2271 3262 ὕλαις,
2315 3189 2419 3260 τὰς’
2457 3197 2658 3267 συχνάς
2703 3197 2797 3252 καὶ
2837 3200 3174 3270 ἐπαλλήλους
3219 3200 3524 3254 διδάσκων⁸
3559 3199 3670 3252 τῶν

407 3279 672 3357 βασιλέων
701 3282 969 3354 διαδοχὰς,
1008 3286 1102 3338 καὶ
1139 3288 1343 3342 πείθων
1392 3290 1659 3359 ἅπαντας,
1704 3291 1781 3356 ὡς
1824 3292 1985 3355 αὐτὸς
2026 3291 2186 3362 μόνος
2215 3291 2462 3361 διηνεκὲς
2491 3290 2602 3360 ἔχει
2647 3291 2708 3344 τὸ
2741 3292 2963 3364 κράτος,
2995 3294 3230 3366 ᾶναρχόν
3258 3311 3318 3347 τε
3387 3295 3480 3348 καὶ
3538 3293 3670 3344 ἀτε-

405 3372 682 3445 λεύτητον,
730 3379 824 3432 καὶ
867 3379 1202 3444 ἁπαξαπλῶς
1256 3382 1472 3440 αἰώνιον
1515 3385 1614 3455 τὴν
1663 3385 1969 3456 βασιλείαν.
2007 3385 2233 3446 Τούτοις
2276 3384 2471 3439 ἐπάνει
2511 3387 2538 3438 6
2571 3384 2839 3458 μακάριος
2881 3384 3079 3458 Δανιὴλ
3105 3388 3172 3441 τά
3201 3384 3364 3441 λοιπά
3423 3383 3518 3440 τοῦ
3583 3386 3671 3438 ὲν-

409 3469 598 3527 υπνίου
629 3471 919 3531 διδάσκων.

482 3561 646 3620 Vras.
690 3565 781 3631 54,
811 3566 900 3621 55.
956 3585 973 3619 ι
1023 3565 1285 3634 Videbas,
1327 3571 1502 3627 donec
1557 3570 1841 3629 abscissus
1896 3582 1981 3629 est

2154 3568 2249 3634 λδι,
2289 3569 2382 3621 λε’.
2422 3586 2440 3620 ι
2475 3566 2786 3637 Ἐθεὼρεις,
2824 3567 2927 3630 ἕως
2973 3569 3095 3621 ὅτου
3135 3567 3439 3638 ἀπεσχίσθη
3464 3567 3485 3599 ⁵
3521 3567 3671 3632 λίθος

409 3656 548 3726 lapis
572 3671 601 3711 a
629 3665 814 3712 monte
845 3659 965 3715 sine
999 3661 1278 3727 manibus,
1310 3671 1363 3718 et
1391 3666 1668 3733 percussit
1692 3664 1984 3732 imaginem

409 3762 574 3815 super
611 3747 778 3816 pedes
815 3748 1027 3806 ferreos
1085 3761 1141 3807 et
1180 3753 1397 3820 ﬁctiles,
1443 3765 1499 3810 et
1536 3756 1860 3811 comminuit
1892 3769 1989 3811 eos

410 3840 652 3910 penitus.
694 3837 849 3898 Tunc
894 3843 1233 3900 comminuta
1265 3847 1283 3865 ⁶
1317 3853 1446 3901 sunt
1497 3847 1728 3901 omnino
1759 3846 1986 3910 ferrum,

410 3937 572 3995 testa,
610 3945 706 3995 aes,
747 3941 1058 4004 argentum,
1096 3952 1314 4000 aurum,
1347 3944 1403 3992 et
1459 3936 1605 3991 facta
1665 3944 1793 3993 sunt
1827 3937 1988 4008 quasi

409 4021 591 4090 pulvis
617 4023 685 4076 ab
711 4038 839 4079 area
865 4027 1073 4093 aestiva,
1101 4035 1155 4083 et
1185 4029 1384 4083 extulit
1405 4043 1470 4083 ea
1494 4028 1790 4085 multitudo
1817 4030 1985 4093 venti,

407 4120 468 4167 ct
516 4112 673 4169 locus
724 4129 836 4171 non
891 4125 976 4172 cst
1021 4117 1284 4175 iuventus
1337 4120 1392 4174 in
1431 4119 1564 4185 illis,
1611 4127 1666 4176 et
1701 4120 1844 4192 lapis
1894 4121 1986 4189 qui

408 4204 688 4276 percussit
741 4205 1036 4277 imaginem
1073 4207 1257 4264 factus
1300 4219 1389 4265 est
1438 4226 1595 4267 mons
1649 4226 1905 4283 magnus,
1935 4220 1990 4267 ct

408 4295 658 4365 implevit
684 4311 902 4354 omnem
933 4306 1158 4356 terram.
1200 4319 1216 4351 ι
1255 4300 1405 4358 Talis
1434 4311 1520 4360 est
1565 4305 1769 4360 somnii
1818 4303 1984 4360 ﬁnis:

409 4386 569 4445 decet
621 4401 807 4447 autem
868 4409 975 4448 nos
1033 4394 1104 4449 ab
1162 4397 1429 4452 extremis
1479 4397 1987 4469 interpretationem

409 4483 676 4538 exordiri.
707 4482 1036 4550 Quaeramus
1066 4485 1252 4557 itaque
1284 4487 1459 4557 prius,
1491 4489 1746 4558 quisnam
1779 4489 1848 4544 sit
1873 4488 1989 4551 hic,

381 4571 503 4655 qui
534 4571 677 4643 lapis
723 4575 1058 4646 appellatur,
1107 4585 1162 4631 et
1215 4578 1310 4648 qui
1369 4578 1522 4648 prius
1572 4593 1776 4649 parvus
1813 4579 1989 4642 visus,

407 4676 537 4719 mox
572 4665 852 4724 maximus
875 4668 1076 4734 evasit,
1109 4678 1165 4724 et
1199 4671 1388 4727 orbem
1421 4677 1695 4726 terrarum
1724 4671 1989 4726 contexit.

406 4753 712 4812 Audiamus
743 4757 914 4828 igitur
949 4759 1130 4830 ipsum
1164 4759 1335 4816 Deum
1376 4774 1474 4832 per
1513 4759 1710 4816 Isaiam
1758 4758 1996 4831 prophe-

407 4853 519 4901 tam
559 4848 875 4907 dicentem:
916 4871 934 4903 ι
967 4850 1107 4910 Ecce
1140 4868 1288 4924 pono
1318 4853 1371 4908 in
1403 4851 1573 4907 Sione
1603 4850 1838 4922 lapidem
1867 4864 1995 4922 pre-

408 4937 637 5004 tiosum,
675 4941 1018 5012 angularem,
1049 4945 1378 5014 pretiosum,
1411 4943 1672 5006 electum,
1702 4943 1754 4996 in
1789 4941 1987 4997 funda-

409 5041 598 5086 menta
625 5032 770 5101 ejus,
807 5039 862 5087 et
912 5035 1102 5090 omnis
1141 5034 1234 5106 qui
1282 5034 1460 5089 credit
1507 5034 1562 5089 in
1613 5033 1814 5103 ipsum,
1878 5047 1986 5087 non

412 5121 781 5178 confundetur
813 5125 862 5178 ιε..
924 5143 942 5176 ι
1008 5126 1315 5183 Audiamus
1352 5127 1478 5182 item
1538 5125 1757 5181 beatum
1817 5123 1985 5179 David

484 5298 551 5354 ιι1
581 5298 711 5354 Cor.
733 5299 905 5364 vu,.’)l
923 5339 936 5351 .

1021 5299 1032 5337 ί
1058 5297 1213 5353 Rom.
1243 5313 1346 5365 xu,
1372 5299 1433 5359 2-.
1507 5300 1519 5349 i
1561 5297 1711 5360 Psal.
1739 5312 1967 5361 xvxvm,
1993 5299 2046 5363 6,
2076 5299 2126 5355 7.

2089 3661 2241 3715 ἀπὺ⁹
2281 3661 2442 3732 ὅρους
2473 3658 2601 3712 ἄνευ
2652 3658 2873 3729 χειρῶν,
2905 3658 2999 3712 καὶ
3047 3656 3284 3720 ἐπάταξε
3333 3656 3431 3727 τὴν
3485 3658 3672 3711 εἰκόνα

2090 3753 2183 3806 ἐπὶ
2211 3753 2337 3816 τοὺς
2368 3750 2534 3813 πόδας
2576 3750 2703 3815 τοὺς
2740 3748 2994 3820 σιδηροῦς
3031 3747 3124 3802 καὶ
3165 3748 3539 3819 όστρακίνυυς,
3575 3750 3672 3803 καὶ

2094 3843 2382 3898 ὲλέπτυνεν
2443 3841 2642 3903 αὐτοὺς
2707 3841 2788 3902 εἰς
2844 3840 3014 3903 τέλος.
3076 3841 3209 3894 Τότε
3266 3839 3672 3910 ἑλεπτύνθησαν

2091 3932 2324 3998 εἰσάπαξ
2364 3932 2393 3985 6
2421 3929 2637 4000 σίδηρος
2661 3929 2703 3992 ⁸,
2750 3928 2812 3982 τὸ
2858 3929 3146 3999 ὄστρακον,
3185 3930 3212 3982 6
3257 3928 3476 3999 χαλκὸς,
3511 3930 3542 3982 6
3571 3929 3674 4000 ἀρ-

2090 4041 2276 4096 γυρος,
2328 4025 2357 4076 ὁ
2382 4021 2604 4093 χρυσὸς,
2640 4021 2736 4074 καὶ
2782 4020 3032 4088 ἐγένοντο
3074 4019 3204 4073 ὡσεὶ
3246 4017 3523 4092 κονιορτὸς
3564 4020 3675 4073 ἀπὺ

2091 4115 2296 4178 ἆλωνος
2353 4112 2593 4183 θερινῆς,
2629 4111 2725 4164 καὶ
2780 4108 2973 4181 ἐξῆρεν
3025 4109 3167 4163 αὐτά
3210 4109 3273 4163 τδ
3328 4109 3532 4180 πλῆθος
3573 4110 3672 4162 τοῦ

2093 4209 2433 4280 πνεύματος,
2481 4207 2576 4260 καὶ
2615 4203 2766 4268 πᾶς’
2793 4204 2957 4267 τόπος
2986 4203 3085 4274 οὐχ
3112 4203 3321 4275 ηὑρέθη
3367 4204 3425 4257 ἐν
3459 4203 3669 4269 αὐτοῖς,

2091 4303 2186 4356 καὶ
2221 4304 2249 4355 6
2275 4301 2420 4363 λίθος
2449 4300 2479 4352 6
2511 4297 2758 4364 πατάξας
2793 4297 2894 4367 τὴν
2931 4296 3114 4350 εἰκόνα
3149 4296 3405 4364 ὲγένετοο
3437 4294 3515 4359 εἰς
3547 4295 3676 4366 ὅρος

2095 4394 2263 4464 μέγα,
2309 4390 2404 4445 καὶ
2449 4389 2737 4460 ἐπλήρωσε
2780 4388 2961 4441 πᾶσαν
3002 4385 3102 4458 τὴν
3149 4385 3274 4456 γῆν.
3312 4403 3331 4438 ι
3375 4384 3676 4439 Τοιοῦτον⁹

2091 4482 2185 4536 τοῦ
2227 4480 2477 4535 ἐνυπνίου
2503 4481 2565 4533 τὸ
2594 4478 2778 4542 τέλος·
2836 4478 3106 4549 προσήκει
3143 4476 3201 4531 δὲ
3240 4475 3486 4531 κάτωθεν
3525 4472 3676 4546 ἡμᾶς

2092 4571 2360 4643 ἄρξασθαι
2387 4571 2486 4640 τῆς
2531 4569 2845 4642 ἑρμηνείας.
2879 4571 3211 4642 Ζητήσωμεν
3251 4567 3432 4624 τοίνυν
3479 4567 3680 4639 πρότε-

2097 4679 2210 4736 ρον,
2240 4662 2320 4727 τίς
2352 4661 2498 4725 λίθος
2528 4663 2570 4694 ¹⁶
2601 4661 3166 4733 προσαγορευόμενος,
3192 4661 3289 4714 καὶ
3319 4659 3526 4732 βραχὺς
3543 4660 3677 4732 πρό-

2093 4771 2252 4825 τερον
2280 4754 2321 4786 ¹¹
2355 4753 2701 4824 φαινόμενος,
2735 4751 2964 4823 ὕστερον
2997 4751 3210 4824 ἐδείχθη
3266 4751 3548 4822 μέγιστος,
3580 4751 3677 4804 καὶ

2095 4845 2193 4918 τὴν
2220 4844 2546 4916 οἰκουμένην
2576 4844 2861 4915 ἐκάλυψεν.
2901 4843 3112 4899 Οὐκοῦν
3151 4844 3477 4916 ἀκούσωμεν
3509 4843 3676 4898 αὐτοῦ

2097 4936 2193 4992 τοῦ
2225 4935 2360 4990 Θεοῦ
2387 4935 2478 4990 διὰ
2505 4937 2730 4990 Ἡσαΐου
2756 4935 2852 4990 τοῦ
2884 4939 3164 5008 προφήτου
3195 4936 3478 5005 λέγοντος
3513 4935 3680 4988 ι’·ῐδοίι

2092 5029 2286 5100 τίθημι
2319 5031 2376 5082 ὲν
2414 5026 2555 5082 Σιὼν
2579 5026 2728 5082 λίθον
2756 5026 3041 5097 πολυτελῆ,
3073 5027 3492 5098 ἀκρογωνιαίου,
3535 5025 3679 5078 ἐντι-

2097 5139 2217 5194 μον,
2251 5120 2507 5174 ἐκλεκτὸν
2535 5121 2602 5186 η,
2653 5121 2736 5183 εἰς¹
2766 5119 2837 5173 τὰ
2880 5117 3108 5189 θεμέλια
3135 5117 3323 5189 αὐτῆς,
3366 5117 3459 5170 καὶ
3501 5117 3608 5179 πᾶς
3653 5118 3684 5169 6

2207 5296 2228 5336 ιι
2267 5296 2371 5354 lsa.
2416 5312 2609 5360 χχι-ιιι,
2634 5297 2716 5354 16.

1569 5448 1575 5454 ’
1687 5453 1928 5510 VAle
1975 5452 2380 5510 LECTIONES.

513 5543 562 5575 ”
590 5544 634 5598 Β
672 5543 933 5621 τέθεικεν.
1027 5546 1071 5621 ’ξ
1099 5545 1140 5599 Β
1163 5548 1594 5621 στεγανώτερος)
1663 5547 1718 5621 ³⁸.
1822 5546 2003 5621 αὐτός.
2079 5546 2130 5621 "_
2156 5545 2242 5621 δέΔ
2266 5545 2307 5596 Β
2346 5544 2645 5621 φάρη-καί,
2717 5545 2764 5577 ³³
2789 5542 2829 5598 Β
2849 5541 3016 5621 ἔχει.Δ
3045 5543 3093 5621 ξθ
3125 5540 3312 5621 θνητά.
3348 5539 3466 5621 Bin
3503 5556 3675 5606 marg.

416 5611 582 5670 habet
627 5617 1024 5672 correctionem
1055 5616 1215 5672 istam
1636 5616 1729 5672 καὶ
1760 5616 1909 5670 tiniae.
1936 5599 2080 5670 Des.
2119 5615 2170 5670 in
2208 5613 2264 5668 Β.
2346 5618 2365 5648 ³
2409 5615 2450 5668 Β
2492 5615 2833 5684 βουλόμενος.
2876 5599 3086 5668 "16:3.
3126 5611 3181 5666 lu
3212 5599 3257 5666 Β
3286 5611 3505 5683 ponitur

419 5683 680 5718 μαι-,Ἄιιωη
811 5684 834 5715 ι
865 5685 891 5718 Α
921 5678 981 5718 Αἰ
1016 5687 1302 5718 ι-.-...ι.ο...
1405 5689 1430 5718 εν
1457 5689 1561 5718 Amr
1629 5687 1655 5718 Α
1696 5685 1754 5718 tt:
1856 5685 1876 5718 6
1905 5687 1933 5718 Α
1963 5685 2044 5718 -ra
2094 5686 2148 5718 ιη
2221 5684 2250 5718 Δ
2316 5685 2536 5718 ηΛιιῖΙιιι·
2558 5694 2672 5718 nncl
2717 5686 2984 5718 χρσηηνη,
3087 5685 3105 5714 1
3131 5684 3240 5718 ,3,
3344 5681 3445 5718 nuc
3518 5681 3532 5718 ἰ

855 5681 982 5740 Αοῦ
1015 5681 1328 5758 ἀπετμήθη.
1377 5681 1584 5742 "61:6.
1622 5687 1658 5740 Α
1695 5685 1773 5750 ἐξ.
1856 5685 1876 5718 ⁸
1905 5687 1935 5737 6
1963 5685 2064 5740 σίδ.
2094 5686 2148 5738 ln
2215 5684 2257 5738 A
2315 5681 2536 5753 ponitur
2558 5681 2679 5753 post
2717 5686 3004 5754 ὄστρακον.
3087 5685 3105 5714 ⁷
3131 5684 3256 5746 πᾶς.
3289 5681 3301 5683 ⁷
3341 5681 3466 5738 Des.
3518 5681 3574 5735 in
3612 5684 3675 5734 Α.

855 5756 1031 5828 gmisso
1071 5759 1168 5822 εἰς.
1267 5760 1286 5790 ⁸
1320 5757 1528 5811 Τοιοῦτ.
1592 5758 1628 5811 Β
1666 5755 1836 5813 Τοῦτο
1904 5756 2001 5828 μὲν
2061 5755 2194 5810 ἔστι,
2279 5757 2321 5786 ¹⁰
2376 5755 2479 5810 MO.
2541 5755 2586 5808 Β.
2617 5772 2802 5826 praeut.
2848 5757 2896 5809 6.
2983 5755 3018 5787 ¹¹
3070 5754 3226 5825 πρότ.
3261 5751 3516 5823 Βντεειῐι.
3556 5753 3678 5819 μί).

419 5683 699 5750 βασιλέων.

415 5753 793 5824 ’ῗνΑεγενήθψ
824 5756 1031 5813 omisso
1071 5753 1168 5822 εἰςζ

419 5821 463 5852 θ’
492 5823 604 5874 ὲκλ.
655 5821 695 5874 Β
732 5821 996 5891 θεμέλιον.

3559 5623 3681 5680 post
