4070 6426
367 414 508 479 1305

1620 415 1694 472 ΞΝ
1741 412 2096 473 DANIELIS
2133 413 2291 474 CAP.
2336 416 2413 474 ΙΙ.

3482 420 3616 488 1306

360 529 461 598 την
495 527 757 597 ποιότητα
787 528 884 597 τῆς
913 528 1214 598 δυνάμεως.
1261 527 1319 579 El
1355 527 1462 596 γὰρ
1492 524 1630 578 κατὰ
1676 525 1735 577 τὸ
1783 525 1926 592 γένος

2043 541 2216 596 genus
2260 529 2412 584 aliud
2443 529 2696 596 dinsset,
2733 533 2982 603 quintum
3033 533 3212 604 ipsum
3261 550 3611 605 appennsset,

363 619 573 686 ἔλεγεν,
593 618 798 686 ἀλλην
827 614 979 670 εἶπεν
1010 617 1076 670 ἂν
1099 617 1265 684 αὐτὴν
1291 616 1568 684 πέμπτην,
1596 613 1784 682 ὥσπερ
1805 607 1871 664 αὖ
1895 611 1937 642 δ’

361 711 557 779 εἴρηκε
584 708 774 780 τρίτην
804 726 864 762 τε
905 708 1002 762 καλ⁸
1025 707 1314 777 τετάρτην.
1350 703 1568 774 Ἐπειδὴ
1609 704 1666 756 δὲ
1715 700 1940 754 ἀσθενέ-

363 817 534 868 στερα
589 797 697 854 οἶδε
744 801 845 872 τῆς
893 800 1117 870 σιδηρᾶς
1153 797 1429 869 βασιλείας
1459 796 1530 850 τὰ
1561 795 1712 866 τέλη,
1740 793 1941 859 ἀλλην

360 891 577 943 τέθεικε
610 890 699 943 διὰ
739 893 837 960 τὴν
874 891 1178 951 ἀσθένειαν,
1211 888 1304 942 καὶ
1339 887 1484 958 μάλα
1517 886 1767 948 εἰκότως.
1804 884 1940 953 Σφό-

359 982 466 1051 δρα
489 983 596 1052 γὰρ
617 983 788 1051 αὐτὴν
817 983 936 1051 ίσχυ
947 981 1174 1049 ροτὰτην
1197 979 1397 1044 ἔδειξεν
1419 977 1530 1031 ἀνω
1550 993 1564 1008 ο
1585 976 1811 1030 τοιαῦτα
1832 975 1940 1046 γὰρ

359 1075 534 1143 αὐτῆς
555 1073 624 1126 τά
653 1073 868 1144 πρῶτα.
891 1073 1033 1126 Ἀλλ’
1053 1075 1203 1143 ὅμως
1222 1071 1341 1124 οὐδὲ
1369 1071 1437 1123 τὰ
1457 1070 1741 1123 τελευταῖα
1769 1069 1939 1135 αὐτῆς

360 1165 648 1229 παντελῶς
677 1164 879 1236 ἀσθενῆ
914 1164 1134 1218 ἔσεσθαι
1159 1165 1204 1196 ³⁰
1230 1165 1399 1232 λέγει.

438 1280 459 1311 ι
495 1259 631 1314 Ἀπὸ
654 1258 763 1329 γὰρ
799 1258 900 1327 τῆς
933 1258 1108 1327 ῥίζης,
1136 1256 1290 1326 φησὶ,
1331 1255 1425 1308 τοῦ
1455 1255 1674 1326 σιδήρου
1707 1255 1859 1308 ἐσται
1880 1254 1938 1304 ὲν

357 1353 524 1423 αὐτῇ,
556 1350 616 1405 δν
657 1352 860 1423 τρόπον
909 1347 1046 1414 εἶδες
1089 1350 1180 1404 τὸν
1229 1349 1444 1420 σίδηρον
1489 1346 1937 1418 ἀναμεμιγμένον

351 1444 435 1513 τῷ
461 1444 714 1515 ὀστράκῳ
739 1442 816 1514 τῷ
844 1441 1052 1513 πηλίνῳ
1072 1442 1138 1493 ⁸⁸.
1174 1438 1332 1509 (μβ’.)
1357 1439 1530 1492 Καὶοί
1551 1437 1801 1492 δάκτυλοι
1828 1435 1937 1489 τῶν

352 1538 559 1602 ποδῶν,
598 1538 763 1608 μέρος
799 1536 898 1606 μέν
934 1551 986 1588 τι
1033 1534 1250 1604 σιδήρου
1274 1534 1340 1595 ⁸⁸,
1381 1531 1544 1603 μέρος
1580 1531 1638 1584 δέ
1667 1547 1718 1583 τι
1749 1529 1934 1599 ὀστρά-

350 1647 455 1682 κου
482 1629 550 1681 ⁸³.
607 1646 626 1680 ι
681 1626 851 1680 Τοῦτο
898 1626 954 1678 δὲ
1007 1625 1128 1678 οὐδὲ
1180 1623 1279 1692 τῆς
1315 1622 1592 1693 ἡμετέρας
1641 1621 1934 1691 ἑρμηνείας

352 1719 674 1790 προσδεῖται
695 1734 708 1747 '
739 1717 903 1780 αὐτὸς
919 1718 1028 1785 γὰρ
1047 1719 1074 1770 6
1101 1716 1388 1786 Προφήτης
1411 1711 1750 1784 ἑρμηνεύων,
1779 1713 1934 1781 φησί·

355 1834 373 1864 ι
411 1810 599 1881 Μέρος
618 1828 672 1864 τι
704 1810 804 1880 τῆς
840 1809 1119 1879 βασιλείας
1148 1807 1298 1860 ἔσται
1333 1804 1573 1876 ἰσχυρὸν,
1601 1804 1694 1857 καὶ
1715 1804 1806 1856 ἀπ’
1840 1803 1935 1856 αύ-

346 1902 451 1971 τῆς
472 1902 627 1954 ἔσται
659 1901 1098 1970 συντριϐόμενον.
1139 1917 1156 1948 ι
1197 1897 1423 1958 Τούτοις
1457 1895 1653 1962 ἐπάγει
1673 1909 1686 1924 ⁸

425 1993 537 2062 μγ’.
570 2012 588 2042 ι
622 1993 731 2045 Καὶ
757 1992 839 2045 ὅτι
866 1987 1004 2053 εἶδες
1028 1990 1118 2043 τὸν
1143 1989 1356 2057 σίδηρον
1382 1985 1824 2056 ἀναμεμιγμένον
1851 1983 1928 2053 τῷ

345 2087 606 2157 ὀστράκῳ
647 2085 725 2154 τῷ
758 2085 968 2156 πηλίνῳ
985 2084 1053 2147 ⁸³,
1096 2085 1392 2151 συμμιγεῖς
1428 2080 1640 2132 ἔσονται
1673 2081 1729 2132 ὲν
1760 2077 1928 2148 σπέρο

349 2193 484 2246 ματι
514 2174 837 2245 ἀνθρώπων.
877 2194 895 2226 ι
939 2172 1113 2226 Τοῦτο
1154 2173 1210 2225 δὲ
1262 2171 1494 2241 μάλιστα
1523 2169 1814 2231 δείκνυσιν,
1851 2169 1926 2231 ὡς

344 2266 447 2336 οὐχ
479 2265 642 2336 ἑτέρα
667 2266 816 2319 ἐστὶν
837 2264 976 2336 αὐτὴ
999 2265 1045 2296 ⁵³
1069 2266 1100 2334 ἡ
1123 2262 1368 2332 βασιλεία
1395 2261 1543 2331 παρὰ
1571 2259 1660 2314 τὸν
1685 2259 1921 2330 σίδηρον,

344 2358 464 2412 ἀλλ’
499 2360 531 2427 ἡ
560 2359 610 2392 ⁸⁸
642 2358 778 2428 αὐτὴ
821 2356 1208 2426 ἀσθενέστερον
1253 2354 1588 2425 διακειμένη,
1623 2353 1718 2406 καὶ
1758 2353 1924 2422 μέρος

235 2437 244 2444 ’
348 2451 452 2521 μέν
479 2469 531 2502 τι
567 2451 741 2518 αὐτῆς
777 2449 1014 2518 ἰσχυρὸν,
1061 2448 1228 2517 μέρος
1258 2446 1314 2500 δὲ
1340 2447 1381 2479 ⁵⁷
1433 2443 1692 2508 ἀσθενέςη
1725 2460 1923 2513 συγγεο

343 2542 500 2600 νείας
525 2541 581 2594 δὲ
606 2542 755 2609 ὅμως
785 2539 985 2608 θεσμὸς
1017 2537 1243 2607 συνάψει
1276 2537 1374 2606 τὴν
1403 2535 1604 2605 ἀσθενῆ
1639 2537 1831 2606 μοῖραν
1855 2536 1921 2602 τῇ

346 2633 569 2702 ἰσχυρᾷ.
597 2630 671 2682 Τὸ
713 2629 844 2700 γὰρ,
899 2649 916 2680 ι
957 2629 1258 2698 Συμμιγεῖς
1302 2626 1512 2679 ἔσονται
1543 2625 1601 2678 ἐν
1649 2624 1922 2694 σπέρματι

343 2723 688 2794 ἀνθρώπων,
732 2738 752 2772 ι
808 2719 970 2772 τοῦτο
1016 2718 1185 2788 δηλοῖ.
1235 2715 1550 2787 Ἐπιμιξία,
1614 2715 1780 2784 φησὶ,
1837 2715 1922 2778 τὶς

341 2814 504 2863 ἔσται
536 2810 632 2863 καὶ
662 2807 936 2879 ἐπιγαμία
981 2809 1187 2860 τούτων
1218 2808 1486 2860 κάκείνων
1506 2845 1520 2869 ,
1564 2805 1679 2858 ἀλλ’
1711 2807 1859 2874 ὅμως
1889 2807 1921 2874 ἠ

339 2901 585 2972 διχόνοια
619 2900 688 2954 τὰ
720 2900 822 2970 τῆς
861 2897 1182 2966 συγγενείας
1225 2897 1410 2950 δίκαια
1454 2896 1757 2967 διαφθερεῖ.
1810 2897 1924 2948 Οὐκ

337 2993 560 3046 ἔσονται
582 2992 711 3062 γὰρ,
740 2991 894 3060 φησὶ,
931 2987 1404 3059 προσκολλώμενοι
1439 2981 1594 3052 οὗτος
1627 2989 1764 3058 μετὰ
1801 2988 1923 3040 τού-

337 3095 463 3147 του,
504 3079 690 3144 καθὼς
711 3083 740 3133 6
771 3081 987 3150 σίδηρος
1018 3081 1119 3132 οὐκ
1149 3081 1512 3150 ἀναμίγνυται
1543 3079 1619 3151 τῷ
1646 3079 1918 3150 ὀστράκῳ.

2044 618 2187 674 sicut
2237 619 2366 675 item
2397 622 2620 677 tertium
2663 633 2718 678 et
2759 631 3016 694 quartum
3051 634 3209 680 antea
3264 627 3422 681 dixit.
3477 629 3615 694 Quia

2041 727 2176 767 vero
2241 721 2471 768 noverat
2520 715 2674 784 regni
2729 714 2890 770 ferrei
2945 726 3186 771 extrema
3242 719 3604 775 imbecilliora

2043 799 2178 866 fore,
2225 804 2410 872 posuit
2456 801 2604 856 aliud
2652 813 2874 874 propter
2921 805 3393 871 imbecillitatem,
3442 810 3608 879 idque

2037 893 2162 962 jure
2192 896 2420 964 optimo.
2487 894 2666 967 Supra
2725 898 2870 952 enim
2926 897 3088 968 longe
3149 901 3606 957 robustissimum

2041 988 2221 1057 ipsum
2255 989 2535 1044 ostendit:
2569 991 2698 1045 talia
2724 992 2870 1045 enim
2895 991 3068 1062 ipsius
3097 993 3254 1048 initia
3295 994 3466 1050 fuere.
3505 992 3612 1051 Ve-

2039 1086 2349 1134 rumtamen
2403 1095 2472 1135 ne
2550 1089 2828 1137 extremas
2893 1084 3114 1152 quidem
3179 1086 3354 1154 ipsius
3425 1093 3609 1158 partes

2043 1185 2273 1240 prorsus
2305 1172 2610 1228 imbecilles
2642 1175 2842 1228 asserit
2872 1189 2998 1229 esse
3027 1175 3256 1232 futuras.

2116 1272 2134 1306 ι
2173 1253 2249 1309 De
2279 1255 2464 1310 radice
2484 1256 2628 1309 enim
2667 1256 2823 1320 ferri,
2857 1257 3058 1326 inquit,
3089 1260 3193 1313 erit
3219 1259 3272 1313 in
3303 1275 3388 1323 eo,
3412 1274 3606 1330 quem-

2040 1345 2333 1400 admodum
2380 1346 2569 1401 vidisti
2600 1346 2806 1402 ferrum
2834 1351 3185 1404 commistum
3228 1357 3382 1405 testae
3427 1352 3605 1406 luteas.

2042 1436 2230 1509 (Vsus.
2262 1438 2383 1506 42.)
2432 1437 2498 1494 Et
2529 1440 2688 1510 digiti
2726 1441 2948 1510 pedum,
3001 1457 3128 1512 pars
3154 1443 3374 1512 quidem
3425 1443 3609 1513 aliqua

2039 1529 2193 1591 ferri,
2230 1547 2359 1600 pars
2391 1539 2574 1593 autem
2617 1532 2867 1602 quaedam
2924 1540 3079 1589 testa:
3137 1536 3262 1590 erit.
3309 1552 3328 1586 ι
3371 1533 3450 1590 Ne
3506 1535 3610 1592 hoc

2037 1623 2258 1692 quidem
2307 1632 2494 1678 nostra
2540 1625 2748 1694 indiget
2791 1625 3266 1696 interpretatione.
3305 1625 3426 1698 Ipse
3459 1629 3607 1682 enim

2039 1717 2306 1786 propheta
2352 1718 2762 1787 interpretans:
2802 1735 2822 1768 ι
2892 1718 3029 1774 Pars
3071 1718 3340 1787 quaedam,
3392 1721 3605 1786 inquit,

2043 1809 2218 1876 regni,
2249 1809 2356 1863 erit
2398 1807 2581 1874 l'ortis,
2613 1819 2668 1864 et
2706 1809 2775 1864 ab
2821 1824 2883 1864 ea
2923 1810 3029 1865 erit
3073 1810 3398 1865 contritum.
3455 1829 3475 1862 ι
3510 1810 3608 1865 His

2039 1900 2266 1966 adjicit:

2106 1982 2276 2039 Vsus.
2310 1985 2400 2040 45.
2440 2004 2459 2036 ι
2500 1987 2564 2039 Et
2599 1985 2746 2055 quod
2773 1985 2981 2041 videris
3017 1985 3224 2040 ferrum
3253 1985 3602 2042 commistum

2034 2083 2190 2129 testa:
2219 2076 2398 2136 littere.
2423 2077 2695 2132 commisti
2721 2086 2886 2132 erunt
2918 2078 2971 2132 in
2999 2079 3212 2133 semine
3245 2077 3548 2133 hominum.
3578 2095 3598 2127 ι

2034 2166 2096 2220 Ει
2125 2167 2228 2221 hoc
2249 2168 2487 2222 maxime
2520 2168 2746 2232 indicat,
2776 2184 2886 2223 non
2918 2169 3064 2222 aliud
3095 2184 3319 2236 regnum
3346 2168 3450 2221 hoc
3480 2183 3604 2223 esse

2030 2273 2196 2328 quam
2254 2272 2482 2328 regnum
2519 2256 2777 2325 ferreum,
2805 2257 2900 2312 sed
2941 2258 3084 2312 idem
3118 2257 3446 2312 imbecillius
3475 2255 3603 2312 alie-

2031 2361 2206 2414 ctum,
2233 2359 2287 2405 et
2329 2357 2540 2421 partem
2571 2350 2867 2419 quamdam
2921 2351 3096 2420 ipsius
3159 2349 3437 2404 robustam
3477 2363 3604 2404 esse

2032 2441 2298 2506 futuram,
2336 2450 2546 2512 partem
2578 2443 2907 2497 imbecillem
2939 2461 2952 2495 :
2985 2450 3226 2496 attamen
3265 2442 3356 2510 jus
3394 2455 3599 2511 cogna-

2032 2535 2201 2590 tionis
2237 2535 2568 2590 imbecillcm
2607 2544 2814 2603 partem
2867 2549 2992 2589 cum
3029 2533 3257 2588 robusta
3295 2546 3420 2588 esse
3462 2546 3600 2586 con—

2024 2624 2363 2694 juncturam.
2399 2623 2538 2678 Illud
2573 2625 2718 2679 enim
2749 2642 2763 2678 :
2802 2643 2820 2674 ι
2849 2623 3134 2678 Commisti
3185 2630 3347 2677 erunt
3395 2623 3454 2675 in
3508 2636 3600 2677 se-

2031 2718 2178 2773 mine
2229 2718 2531 2782 hominum,
2577 2737 2596 2770 »
2634 2719 2736 2772 hoc
2781 2719 3076 2788 signiﬁcat.
3127 2715 3475 2776 Commistio,
3509 2715 3602 2769 in-

2029 2809 2428 2879 quit,qutedam
2451 2810 2576 2870 erit.
2608 2808 2770 2877 etjus
2802 2808 3061 2862 connubii
3093 2808 3234 2862 inter
3259 2810 3359 2861 hos
3381 2811 3433 2860 et
3455 2805 3601 2859 illos.

2032 2900 2424 2955 Verumtamen
2475 2901 2752 2956 discordia
2805 2900 3153 2967 cognationis
3206 2899 3332 2970 jura
3389 2895 3602 2966 1097

2029 3000 2320 3060 pervertet.
2357 2990 2477 3046 Non
2511 2992 2654 3046 enim
2683 3001 2842 3046 erunt
2863 2991 3224 3053 cohaerentes,
3271 2989 3473 3059 inquit,
3512 2987 3604 3041 hic

2030 3096 2155 3135 cum
2192 3083 2316 3146 hoc,
2369 3083 2532 3137 sicuti
2581 3082 2785 3136 ferrum
2821 3098 2929 3136 non
2965 3083 3224 3136 miscetur
3269 3088 3442 3135 testaz.
3494 3077 3605 3134 Nos

351 3176 552 3244 Ἡμεῖς
588 3174 687 3243 μὲν
718 3168 812 3226 οὖν
832 3172 878 3204 ⁸⁸
910 3172 1050 3224 οὕτω
1078 3173 1173 3242 τὴν
1209 3173 1502 3243 ἑρμηνείαν
1525 3174 1568 3204 ⁸³
1602 3173 1697 3226 τοῦ
1724 3173 1920 3225 θεσπε-

2031 3172 2198 3242 igitur
2228 3173 2282 3226 in
2321 3173 2463 3227 hanc
2501 3175 2829 3228 sententiam
2858 3174 3030 3228 divini
3065 3173 3307 3227 Danielis
3331 3173 3606 3239 interpre-

339 3263 464 3317 σίου
494 3265 691 3334 Δανιὴλ
723 3265 1087 3336 νενοήκαμεν⁹
1122 3266 1390 3333 προσήκει
1419 3264 1474 3316 δὲ
1509 3263 1604 3317 καὶ
1631 3265 1789 3318 ἐνίων
1813 3262 1923 3316 τῶν

2031 3265 2288 3318 lationem
2311 3264 2709 3318 intelleximus.
2741 3264 2902 3319 Decet
2941 3272 3122 3318 autem
3147 3264 3312 3318 etiam
3340 3274 3606 3331 quorum—

337 3358 454 3426 πρὸ
478 3355 634 3426 ἡμῶν
673 3356 1103 3426 ήρμηνευκότων
1128 3356 1228 3418 τὰς
1255 3355 1410 3420 δόξας
1449 3357 1527 3416 είς
1553 3354 1716 3424 μέσον
1747 3369 1926 3419 παρα-

335 3449 574 3515 γαγεῖν’
610 3446 754 3500 οὕτω
785 3447 892 3518 γὰρ
921 3448 1314 3517 ἐναργέστερον
1353 3449 1386 3518 ἡ
1439 3446 1664 3516 ἀλήθεια
1710 3445 1924 3515 δειχθή-

337 3555 520 3592 σεται.
558 3538 714 3602 Τινὲς
757 3539 934 3592 τοίνυν
963 3539 1070 3592 τῶν
1113 3539 1478 3611 συγγραφέων
1517 3539 1615 3609 τὴν
1659 3539 1924 3607 τετάρτην

338 3629 646 3700 βασιλείαν,
675 3631 922 3684 τουτέστι
954 3631 1044 3683 τὸν
1070 3630 1309 3700 σίδηρον,
1351 3631 1693 3702 Ἀλέξανδρον
1716 3629 1924 3699 ἔφασαν

336 3719 486 3776 εἶναι
513 3722 604 3775 τδν
628 3723 947 3775 Μακεδόνα·
980 3725 1106 3785 τοὺς
1147 3722 1202 3776 δὲ
1235 3723 1400 3787 πόδας
1430 3724 1524 3777 καὶ
1559 3724 1684 3785 τοὺς
1725 3723 1918 3776 δακτύ-

335 3813 469 3876 λους
494 3814 604 3866 τῶν
639 3813 815 3867 ποδῶν
849 3815 911 3866 ὲκ
944 3814 1161 3884 σιδήρου
1201 3815 1296 3868 καὶ
1328 3815 1598 3886 ὀστράκου
1631 3815 1926 3885 συγκειμέ-

336 3920 502 3968 νους,
560 3906 686 3967 τοὺς
739 3906 857 3975 μετ’
893 3906 1052 3958 αὐτὸν
1107 3906 1537 3974 βασιλεύσαντας
1581 3907 1919 3971 Μακεδόνας,

337 3991 740 4062 Πτολεμαίους,
782 3995 875 4047 καὶ
924 3993 1220 4058 Σελεύκους
1244 4033 1258 4058 ,
1298 3997 1394 4048 καὶ
1436 3996 1775 4066 Ἀντιόχους,
1828 3997 1924 4049 καὶ

335 4086 710 4158 Δημητρίους,
755 4087 882 4148 τοὺς
915 4085 1013 4155 μὲν
1044 4086 1306 4151 ἀσθενῶς,
1339 4088 1466 4149 τοὺς
1492 4087 1549 4139 δὲ
1583 4087 1702 4139 λίαν
1734 4087 1919 4157 ἀνδρι-

336 4179 457 4242 κῶς
486 4179 894 4248 κρατήσαντας,
943 4176 1034 4230 καὶ
1080 4178 1382 4247 ἐπιγαμίαν
1413 4177 1481 4245 Δδὲ
1521 4179 1924 4249 ποιησαμένους

339 4271 438 4324 καὶ
465 4269 565 4339 τὴν
595 4269 844 4339 ἀλλήλων
871 4271 915 4301 ⁶⁰
945 4269 1368 4339 ἀσπασαμένους
1405 4270 1743 4337 συγγένειαν.
1769 4269 1922 4323 Ἔδει

336 4365 393 4418 δὲ
417 4363 618 4425 αὐτοὺς
640 4361 885 4422 συνιδεῖν,
914 4361 1130 4432 πρῶτον
1162 4361 1259 4430 μὲν
1287 4362 1366 4414 ὅτι
1385 4363 1482 4431 τὴν
1507 4362 1779 4430 κεφαλὴν
1807 4361 1923 4429 τὴν

337 4451 587 4524 χρυσῆν
621 4452 784 4505 αὑτὸν
826 4451 927 4519 ἔφη
953 4446 1090 4504 εἶναι
1130 4452 1220 4504 τὸν
1245 4450 1737 4522 Ναϐουχοδονόσορ,
1769 4469 1920 4505 τουτ-

2024 3355 2148 3410 dam
2177 3371 2392 3421 eorum,
2433 3359 2525 3426 qui
2574 3364 2701 3410 ante
2749 3371 2852 3410 nos
2898 3355 3248 3425 interpretati
3293 3362 3441 3419 sunt,
3483 3356 3604 3423 opi-

2023 3449 2219 3504 niones
2256 3450 2310 3502 in
2343 3450 2581 3504 medium
2619 3448 2934 3503 adducere:
2968 3448 3044 3500 ita
3073 3450 3089 3467 ‘
3112 3448 3260 3501 enim
3289 3445 3600 3500 evidentius

2023 3541 2229 3595 veritas
2259 3541 2498 3610 pateﬁet.
2531 3539 2763 3605 Quidam
2792 3540 2976 3608 itaque
3010 3539 3314 3607 scriptores
3337 3543 3598 3606 quartum

2025 3647 2275 3703 regnum,
2313 3633 2416 3688 hoc
2444 3641 2551 3700 est,
2599 3631 2832 3697 ferrum,
2892 3632 3186 3694 dixerunt,
3224 3629 3599 3684 Alexandrum

2024 3723 2377 3781 Macedonem
2410 3740 2563 3791 esse,
2612 3725 2890 3795 pedesque
2937 3738 3001 3777 ac
3040 3723 3240 3792 pedum
3276 3721 3481 3792 digitos
3533 3737 3598 3775 ex

2026 3816 2172 3871 ferro
2225 3825 2280 3871 et
2320 3822 2459 3871 testa
2505 3817 2883 3886 compositos,
2936 3813 3270 3868 Macedonas
3319 3811 3414 3882 qui
3482 3820 3606 3882 post

2023 3909 2203 3978 ipsum
2236 3916 2560 3977 regnarunt,
2593 3906 2941 3967 Ptolemaeos,
2967 3912 3022 3959 et
3063 3905 3346 3965 Seleucos.
3396 3911 3452 3957 et
3485 3901 3602 3956 An-

2024 3999 2266 4061 tiochos,
2319 4009 2372 4053 et
2423 3998 2772 4062 Demetrios,
2810 4011 3046 4066 quorum
3095 3994 3187 4048 alii
3243 3994 3600 4056 imbecillius,

2023 4089 2118 4144 alii
2151 4090 2447 4144 admodum
2476 4089 2711 4142 viriliter
2743 4087 2979 4156 imperio
3020 4085 3180 4154 potiti
3217 4091 3368 4147 sunt,
3401 4090 3455 4138 et
3486 4083 3602 4135 aﬂi-
3688 4158 3690 4160 γ

2022 4182 2245 4235 nitatem
2276 4195 2372 4249 per
2394 4179 2617 4248 nuptias
2646 4187 3065 4232 contraxerunt.
3086 4175 3390 4244 Oportebat
3416 4182 3598 4228 autem

2022 4273 2170 4342 ipsos
2195 4270 2654 4332 animadvertere,
2682 4270 2916 4338 primum
2937 4267 3159 4336 quidem
3187 4265 3396 4320 dixisse
3420 4264 3596 4326 illum,

2023 4374 2180 4435 caput
2211 4379 2430 4418 aureum
2460 4377 2584 4418 esse
2626 4361 2806 4431 ipsum
2838 4358 3460 4419 Nabuchodonosorem,
3493 4356 3599 4409 hoc

2023 4465 2128 4520 est,
2164 4455 2588 4526 Babyloniorum
2626 4455 2742 4508 sive
2801 4451 3157 4522 Assyriorum
3205 4463 3474 4518 regnum;
3509 4448 3596 4502 cui

338 4547 478 4608 ἐστι,
501 4544 598 4615 τὴν
640 4545 750 4597 τῶν
788 4543 1164 4606 Βαϐυλωνίων,
1201 4542 1376 4596 είτουν
1418 4544 1734 4613 Ἀσσυρίων,
1772 4541 1922 4613 βασι⁸

2031 4546 2248 4618 quidem
2283 4561 2392 4599 uno
2424 4546 2732 4614 eodemque
2767 4550 3014 4612 tempore
3063 4540 3355 4595 Persarum
3391 4546 3446 4593 et
3491 4537 3600 4591 Mc-

337 4637 522 4690 λείαν·
563 4636 836 4701 διεδέξατο
890 4636 946 4688 δὲ
999 4637 1168 4705 αὐτὴν
1222 4637 1254 4706 ἡ
1306 4635 1533 4706 Περσῶν
1585 4636 1678 4688 καὶ
1719 4635 1920 4706 Μήδων

2031 4639 2220 4694 dorum
2253 4653 2480 4708 regnum
2510 4635 2818 4692 successit:
2853 4633 3032 4704 Cyrus
3077 4633 3222 4687 enim
3265 4631 3332 4684 ab
3366 4637 3598 4697 utraque

337 4725 590 4798 βασιλεία
633 4725 776 4778 κατὰ
810 4726 1045 4777 ταυτόν·
1097 4725 1127 4777 6
1173 4723 1282 4794 γὰρ
1320 4723 1503 4796 Κῦρος
1553 4723 1612 4788 ἐξ
1654 4725 1918 4797 ἐκατέρου

2031 4741 2185 4802 gente
2211 4731 2478 4785 oriundus
2513 4736 2654 4792 erat,
2707 4735 2762 4781 et
2809 4725 2897 4781 his
2946 4733 3110 4795 atque
3140 4723 3252 4777 illis
3299 4721 3595 4790 imperans,

335 4817 527 4881 ἔθνους
555 4813 622 4888 ἦν
649 4815 995 4886 ὁρμώμενος,
1027 4815 1120 4868 καὶ
1147 4815 1352 4870 τούτων
1384 4815 1652 4872 κάκείνων
1678 4817 1918 4889 κρατῶν,

2031 4822 2452 4893 Babyloniorum
2481 4833 2678 4874 everso
2719 4831 2886 4887 regno
2919 4814 3101 4868 Persis
3145 4811 3462 4866 dominatus
3491 4818 3594 4862 est.

333 4908 446 4960 τῶν
477 4907 839 4960 Βαϐυλωνίων
874 4905 1187 4968 καταλύσας
1213 4906 1253 4937 ⁸⁸
1301 4905 1399 4977 τὴν
1445 4906 1723 4976 βασιλείαν
1752 4909 1916 4980 ἐκρά-

2031 4915 2270 4985 Regnum
2328 4927 2464 4967 vero
2519 4910 2848 4971 Persarum,
2905 4907 3050 4976 quod
3109 4903 3410 4960 secundum
3473 4901 3599 4957 fuit,

333 5017 469 5071 τησε
490 5001 534 5030 θ’
563 4999 670 5053 τῶν
701 4999 959 5070 Περσῶν·
999 4999 1098 5069 τὴν
1126 4999 1182 5052 δὲ
1216 5000 1442 5068 Περσῶν
1469 5001 1727 5072 δευτέραν
1753 4999 1920 5056 οὖσαν

2031 5005 2336 5060 Alexander
2383 5002 2610 5057 Macedo
2665 4999 2962 5054 demolitus
3029 5005 3153 5060 est,
3212 5010 3374 5064 quem
3432 4993 3598 5047 etiam

347 5092 701 5163 Ἀλέξανδρος
725 5095 753 5146 6
779 5091 1048 5147 Μακεδὼν
1087 5091 1378 5158 καταλύει,
1433 5093 1527 5146 καὶ
1558 5094 1719 5146 αὐτὸν
1751 5094 1853 5165 ἔφη
1893 5097 1921 5148 6

2031 5099 2218 5152 beatus
2285 5095 2472 5149 Daniel
2533 5096 2874 5148 dominatum
2942 5105 3066 5145 esse
3124 5088 3266 5143 dixit
3327 5085 3603 5141 universa:

338 5184 615 5256 μακάριος
647 5185 848 5256 Δανιὴλ
881 5184 1169 5256 κυριεῦσαι
1199 5185 1382 5253 πάσης
1410 5185 1508 5254 τῆς
1536 5187 1658 5254 γῆς.
1701 5186 1919 5258 Ταύτην

2031 5200 2200 5244 ιριγω.
2237 5165 2356 5242 Hoc:
2403 5204 2617 5258 regnum
2666 5185 2881 5238 tertium
2923 5181 3142 5237 vocavit
3175 5194 3196 5235 τ
3247 5179 3336 5234 cui
3387 5177 3600 5231 nullum

332 5278 454 5345 τὴν
477 5278 522 5309 ⁸³
545 5278 875 5341 ,βασιλείαν
905 5277 1112 5345 τρίτην
1145 5277 1447 5346 ὠνόμασεν·
1480 5278 1706 5348 οὐδεμία
1726 5279 1780 5330 δε
1815 5281 1916 5333 a6—

330 5369 432 5440 τὴν
483 5369 685 5440 ἑτέρα,
733 5368 914 5438 ἀλλ’ἢ
964 5368 1070 5421 τῶν
1111 5367 1399 5439 Ῥωμαίων
1447 5369 1738 5434 διεδέξατο.
1769 5371 1917 5424 Ἔδει

2028 5286 2174 5342 aliud
2219 5291 2584 5355 praeterquam
2635 5279 3012 5334 Romanorum
3050 5275 3341 5332 successit.
3379 5271 3604 5343 Oporte-

2028 5383 2118 5433 bat
2171 5379 2356 5446 itaque
2413 5376 2564 5446 ipsos
2605 5373 2842 5442 primum
2886 5385 2953 5426 ex
3004 5384 3275 5437 numero,
3325 5374 3378 5424 et
3430 5363 3600 5420 rebus

1593 5533 1828 5589 VARDE
1871 5539 2271 5596 LECTIONES.

412 5616 562 5704 "3.6.
584 5621 714 5704 pes.
734 5623 786 5676 in
819 5623 878 5704 B_.
940 5626 988 5704 δὴ
1020 5625 1059 5679 Β
1084 5623 1282 5704 ἀσθενῆ
1312 5641 1468 5704 παντ.
1495 5625 1837 5704 γενήσεσθαι.
1870 5631 1935 5704 ξι
1965 5631 2048 5704 τῷ
2063 5631 2360 5704 πηλμΕχῇῐι
2391 5630 2598 5704 suppl:_
2631 5628 2741 5704 51A
2770 5628 3041 5704 σςιςὸηρφῦν.
3065 5627 3156 5704 ﬂ”
3174 5623 3222 5704 ἐι
3251 5619 3589 5704 ὀστράκινοχ.

417 5691 640 5766 τῷπηλ.
680 5693 802 5748 Des.
861 5695 914 5748 in
961 5695 1025 5749 A.
1131 5697 1176 5728 ⁸⁸
1200 5691 1312 5748 ἐστ.
1346 5697 1466 5748 αύτ.
1505 5696 1547 5747 Β
1602 5691 1758 5766 αὕτη.
1860 5701 1907 5731 ³⁸

335 5765 384 5793 ⁸³
420 5763 515 5830 τὴν
549 5764 673 5836 ὲρμ.
706 5766 760 5817 In
792 5766 829 5836 Β
856 5767 1076 5834 ponitur
1105 5775 1227 5834 post
1255 5767 1470 5836 Δανιὴλ.
1549 5767 1567 5797 ⁵

332 5848 485 5887 τυνε.
575 5834 619 5864 ⁸³
649 5837 764 5903 τήν.
803 5834 840 5887 Β
873 5851 1056 5905 prmtn.
1090 5837 1165 5890 δέ.

1949 5704 1980 5771 ἠ
2017 5700 2146 5756 Des.
2204 5702 2258 5755 in
2300 5700 2359 5754 Β.

1549 5769 1592 5797 δί’
1622 5770 1714 5821 καὶ
1737 5787 1782 5823 τ.
1824 5769 2120 5829 ἁλλ”ζάσπ
2157 5772 2231 5826 Ex
2268 5771 2304 5824 Β
2343 5773 2532 5840 suppl;

2463 5687 2510 5733 Η
2543 5700 2620 5752 δέ.
2663 5699 2703 5752 Β
2738 5687 2967 5754 ωιίιϊὲε.
3063 5698 3108 5729 ⁵⁸
3139 5690 3253 5747 οὖν.
3285 5687 3406 5746 Des.
3447 5692 3500 5743 in
3533 5687 3589 5739 Β.

2603 5773 2644 5802 θ’
2681 5788 2802 5824 κατ.
2829 5769 2869 5822 Β
2891 5785 3076 5840 ρι’ςιξηι.
3099 5840 3101 5842 η
3127 5765 3242 5832 γάρ.
3288 5763 3331 5792 θ’
3364 5760 3402 5813 Β
3424 5759 3592 5830 ἐκρά-
