4070 6402
491 387 621 454 1307

1495 393 1982 454 THEODORETI
2023 391 2363 453 EPISCOPI
2402 394 2764 454 CYIiENSIS

3589 388 3726 454 1308

491 519 747 576 praeterea
786 505 1096 567 declaratis,
1141 504 1445 575 intelligere
1509 515 1674 576 atque
1737 505 2046 577 percipere,

2153 502 2440 575 τοιγαροῦν
2466 505 2510 537 ⁸⁸
2541 507 2736 568 αὐτοὺς
2768 503 2978 576 πρῶτον
3014 517 3113 574 μεν
3137 503 3201 558 ὲκ
3227 501 3320 556 τοῦ
3346 499 3604 574 ἀριθμοῦ,
3629 503 3726 555 καὶ

492 598 712 650 tertium
741 609 864 650 esse
899 594 1114 665 1098
1149 593 1504 650 Macedonum
1537 612 1782 667 regnum,
1819 597 1922 653 hoc
1963 603 2047 655 est

491 691 878 755 res;quartum
936 699 1062 738 vero
1102 683 1498 752 Romanorum,
1560 686 1663 741 hoc
1687 697 1772 744 est
1823 690 2046 758 ferrum.

489 775 644 842 Quod
690 775 737 829 si
769 775 996 829 omnino
1054 775 1189 844 ipsis
1241 774 1330 830 illa
1380 791 1503 832 esse
1552 776 1875 834 obscuriora
1933 783 2049 837 visa

490 875 636 930 sunt,
673 873 727 918 at
753 875 898 920 certe
927 880 993 920 ex
1022 874 1219 921 eventu
1251 867 1542 937 Oportebat
1569 884 1788 926 omnem
1815 871 1882 926 ab
1912 872 2050 942 ipsis

491 956 894 1022 praedictionem
927 955 1194 1012 discerni.
1231 955 1364 1011 Nam
1407 957 1575 1014 simul
1615 967 1780 1030 atque
1809 963 2050 1018 ostendit

489 1047 650 1102 ferrei
707 1047 858 1119 regni
901 1047 1226 1104 imbecillem
1267 1058 1321 1104 et
1355 1049 1575 1106 ﬁctilem
1631 1051 1812 1118 linem,
1863 1055 2048 1110 statim

486 1136 724 1209 subjecit
753 1156 766 1191 :

558 1311 726 1369 Vsus.
760 1315 849 1370 44.
890 1333 908 1366 ι
946 1315 1010 1370 Et
1041 1317 1095 1371 in
1137 1317 1330 1374 diebus
1362 1333 1547 1388 regum
1597 1319 1835 1374 illorum.
1881 1339 1898 1372 ο
1937 1319 2051 1378 Hoc

486 1413 592 1465 est,
642 1405 825 1462 ﬁctilis
856 1413 911 1462 et
939 1407 1124 1471 ferrei,
1160 1408 1256 1478 qui
1301 1409 1740 1466 commistionem
1775 1421 2051 1470 mutuam-

487 1510 596 1563 que
631 1493 942 1553 aliinitatem
991 1499 1245 1568 amplexi,
1293 1515 1362 1554 ne
1396 1511 1617 1572 propter
1666 1505 2048 1574 cognationem

488 1584 711 1656 quidem
739 1587 1039 1644 concordes
1069 1588 1240 1646 fuere.

561 1785 581 1819 ι
615 1767 913 1824 Suscitabit
942 1771 1082 1826 Dens
1113 1771 1236 1826 caeli
1263 1788 1514 1843 regnum,
1557 1775 1702 1846 quod
1752 1779 1808 1832 in
1845 1780 2044 1834 szecula

484 1869 596 1908 non
639 1868 1042 1928 corrumpetur,
1076 1867 1130 1913 et
1183 1875 1412 1932 regnum
1449 1862 1572 1932 ejus
1627 1865 1833 1936 populo
1889 1870 2046 1924 alteri

485 1963 594 2002 non
640 1948 1002 2018 relinquetur.
1054 1951 1406 2010 Comminuet
1437 1963 1494 2010 et
1542 1957 1833 2014 ventilabit
1865 1960 2048 2015 omnia

484 2052 672 2107 regna,
700 2048 755 2095 et
789 2043 963 2111 ipsum
1015 2042 1184 2098 stabit
1239 2042 1296 2098 in
1350 2055 1637 2101 aeternum.
1686 2044 1876 2116 (Vens.
1929 2049 2046 2118 45.)

480 2128 949 2193 Quemadmodum
986 2134 1190 2198 vidisti,
1223 2135 1370 2204 quod
1405 2137 1629 2193 excisus
1657 2139 1731 2193 sit
1754 2139 1822 2196 de
1865 2149 2047 2198 monte

481 2219 620 2290 lapis
658 2221 775 2276 sine
817 2222 1092 2291 manibus,
1150 2232 1205 2280 et
1260 2227 1654 2282 comminuerit
1716 2238 1936 2299 testam,
1989 2243 2046 2289 et

481 2310 711 2375 l‘errum,
749 2327 842 2379 tes,
872 2322 1182 2384 argentum,
1208 2332 1426 2373 aurum.
1453 2337 1470 2371 ι
1500 2318 1625 2374 Haec
1653 2330 1840 2377 autem
1862 2335 2048 2396 aperte

479 2401 780 2458 ostendunt
823 2408 1179 2476 prasentium
1219 2408 1438 2479 quidem
1489 2427 1672 2467 rerum
1723 2415 1908 2478 linem,
1963 2433 2048 2470 re-

477 2508 644 2563 gnum
671 2509 800 2550 vero
829 2497 1096 2552 caelorum
1145 2497 1250 2553 line
1284 2515 1500 2557 carens.
1560 2500 1698 2558 Cum
1745 2504 1890 2560 enim
1941 2505 2048 2561 {er-

479 2593 630 2633 reum
666 2596 892 2650 regnum
925 2584 1266 2642 imbecilliter
1299 2587 1552 2644 affectum
1581 2589 1765 2655 fuerit,
1802 2607 1866 2648 ac
1893 2601 2049 2650 testae

475 2670 850 2740 commistum,
863 2681 994 2729 tunc
1010 2677 1320 2745 apparebitc
1342 2679 1477 2750 lapis
1494 2679 1539 2735 si
1549 2695 1613 2735 ne
1631 2683 1882 2740 manibus
1901 2686 2050 2740 exci-

481 2777 597 2827 sus,
630 2770 686 2818 et
739 2766 1073 2821 comminuet
1097 2775 1316 2831 testam,
1357 2769 1561 2826 ferrum
1591 2780 1646 2828 et
1679 2777 1815 2839 tes,‘
1851 2791 2050 2847 argen-

481 2862 616 2911 tum,
647 2865 863 2917 aurum,
913 2874 932 2906 ι
971 2863 1025 2910 et
1050 2856 1115 2910 ad
1151 2856 1382 2912 nihilum
1419 2873 1486 2912 ea
1517 2875 1748 2928 prorsus
1794 2861 2044 2931 rediget:

480 2957 822 3013 regnumque
851 2947 1244 3015 sempiternum
1277 2949 1654 3004 successionis
1686 2965 1752 3006 ac
1796 2951 1920 3006 ﬁnis
1951 2968 2049 3008 ex-

481 3049 605 3102 pers
649 3033 717 3090 iis
747 3035 841 3104 qui
877 3035 1025 3106 digni
1065 3053 1132 3093 eo
1162 3037 1364 3094 fuerint
1396 3039 1682 3110 praebebit.
1719 3061 1738 3092 ι
1779 3041 1835 3096 In
1889 3054 2048 3099 :etcr-

481 3140 611 3179 num
665 3127 831 3192 enim,
884 3127 1088 3198 inquit,
1138 3145 1246 3184 non
1289 3141 1696 3201 corrumpetur,
1735 3142 1791 3188 et
1845 3134 2048 3205 populo

2150 594 2256 647 τῶν
2287 595 2785 667 παραδηλωθέντων
2817 595 3158 667 πραγμάτων
3190 593 3449 660 συνιέναι,
3485 594 3579 648 καὶ
3613 609 3723 666 μα-

2151 686 2287 748 θεῖν,
2315 685 2389 750 ὡς
2415 686 2572 759 τρίτη
2609 687 2757 740 ἐστὶν
2795 687 2829 758 ἠ
2875 685 2982 740 τῶν
3009 686 3053 718 ⁸⁸
3087 684 3415 740 Μακεδόνων
3445 684 3723 754 βασιλεία,

2149 774 2425 828 τουτέστιν
2453 779 2487 830 ὀ
2515 776 2745 844 χαλκός
2768 791 2782 804 ·
2804 775 3038 847 τετάρτη
3064 775 3122 829 δὲ
3153 777 3187 845 ἡ
3227 774 3534 846 Ῥωμαίων,
3567 789 3729 828 τουτο

2163 864 2311 918 ἐστιν
2346 868 2379 919 d
2409 865 2659 933 σίδηρος
2709 864 2770 918 Εἰ
2802 865 2858 919 δὲ
2891 867 2986 919 καὶ
3016 865 3153 928 ὅλως
3180 863 3528 934 ἀσαφέστερα
3545 865 3592 896 ⁸⁸
3623 865 3726 918 at?-

2148 958 2260 1019 τοῖς
2301 955 2478 1023 ἔδοξεν
2507 953 2645 1010 εἶναι
2692 958 2896 1019 ἐκεῖνα,
2930 957 3037 1010 ἀπὸ
3081 955 3212 1025 γοῦν
3255 956 3351 1009 τοῦ
3395 956 3585 1020 τέλους
3614 956 3724 1009 εδει

2150 1049 2329 1102 πᾶσαν
2358 1047 2650 1116 διαγνῶναι
2696 1048 2794 1119 τὴν
2838 1050 3142 1119 πρόρρησιν
3169 1063 3184 1076 °
3229 1047 3392 1112 εὐθὺς
3439 1049 3547 1119 γὰρ
3584 1049 3728 1120 μετὰ

2148 1139 2210 1193 τὺ
2262 1140 2432 1207 δεῖξαι
2484 1142 2582 1210 τῆς
2641 1140 2864 1210 σιδηρᾶς
2918 1139 3198 1211 βασιλείας
3243 1140 3307 1194 τὸ
3356 1139 3578 1205 ἀσθενὲς
3627 1144 3726 1195 καὶ

2148 1228 2466 1298 όστράκινον
2493 1229 2665 1294 τέλος,
2696 1229 2972 1298 ἐπήγαγεν

2219 1319 2320 1389 μδ.
2354 1339 2373 1370 ι
2417 1321 2524 1375 Καὶ
2553 1323 2610 1374 ὲν
2637 1323 2754 1384 ταῖς
2783 1319 3016 1390 ἡμέραις
3051 1321 3161 1374 τῶν
3193 1321 3458 1393 βασιλέων
3491 1322 3534 1355 ’τ
3579 1323 3730 1376 ἐκείο

2150 1428 2273 1464 νων.
2309 1429 2331 1464 ι
2361 1412 2617 1465 Τουτέστι
2635 1450 2649 1472 .
2679 1411 2773 1465 τοῦ
2823 1412 3145 1481 ὀστρακίνου
3171 1412 3266 1466 καὶ
3297 1411 3390 1466 τοῦ
3428 1411 3647 1482 σιδηροῦ
3678 1413 3724 1443 ⁸⁸

2149 1499 2246 1570 τὴν
2267 1500 2545 1572 ἐπιμιξίαν
2566 1502 2818 1574 ἑχόντων,
2854 1503 2946 1556 καί
2975 1502 3075 1574 τὴν
3101 1502 3219 1572 μετ’
3250 1503 3296 1536 ⁸³
3323 1502 3566 1572 ἀλλήλων
3592 1519 3730 1571 συγο

2149 1589 2362 1658 γένειαν
2383 1590 2809 1667 ἀσπασαμένων,
2837 1591 3089 1662 ὁμόνοιαν
3115 1591 3172 1646 δὲ
3206 1592 3342 1664 μηδὲ
3371 1593 3435 1646 ὲκ
3462 1590 3564 1660 τῆς
3594 1607 3727 1660 συγ·

2149 1677 2362 1746 γενείας
2389 1678 2722 1748 ἐσχηκότων.

2226 1789 2245 1820 ι
2297 1769 2615 1840 Ἀναστήσει
2639 1772 2667 1826 ὁ
2697 1770 2833 1834 Θεὸς
2863 1771 2957 1825 τοῦ
2988 1770 3220 1843 οὐρανοῦ
3253 1771 3553 1842 βασιλείαν,
3600 1773 3727 1843 ητις

2085 1855 2123 1909 Β
2149 1862 2229 1918 εἰς
2259 1861 2384 1922 τοὺς
2432 1857 2634 1924 αἰῶνας
2676 1862 2736 1915 οὐ
2763 1861 3216 1934 διαφθαρήσεται,
3264 1861 3358 1917 καὶ
3401 1864 3436 1934 ἡ
3479 1861 3730 1932 βασιλεία

2149 1947 2314 2003 αὑτοῦ
2353 1948 2466 2020 λαῷ
2486 1950 2657 2022 ἑτέρῳ
2677 1953 2776 2022 οὐχ
2803 1951 3283 2026 ύπολειφθήσεται.
3316 1955 3586 2008 Λεπτυνεῖ
3628 1955 3729 2007 καὶ

2148 2041 2405 2112 λικμήσει
2441 2041 2618 2105 πάσας
2648 2043 2744 2107 τὰς
2769 2042 3068 2113 βασιλείας,
3098 2047 3193 2100 καὶ
3216 2044 3354 2116 αὐτὴ
3386 2046 3644 2116 στήσεται
3678 2047 3726 2075 τ⁶

2146 2133 2228 2196 εἰς
2267 2132 2394 2196 τοὺς
2433 2131 2655 2196 αἰῶνας.
2692 2133 2844 2205 (με’.)
2885 2136 2982 2188 Ὃν
3025 2135 3225 2206 τρόπον
3252 2130 3411 2200 εἶδες,
3437 2135 3522 2189 ὅτι
3559 2136 3730 2206 ἐτμή-

2147 2225 2214 2297 θη
2243 2227 2286 2258 "
2328 2226 2435 2280 ἀπὸ
2462 2226 2622 2298 ὅρους
2660 2227 2808 2292 λίθος
2842 2229 2970 2284 ἄνευ
2999 2228 3218 2301 χειρῶν,
3248 2228 3344 2284 καλ⁵
3379 2227 3638 2281 ὲλέπτυνε
3664 2228 3732 2280 τδ

2147 2315 2438 2386 ὄστρακον,
2467 2317 2560 2371 καὶ
2597 2317 2688 2370 τὸν
2711 2317 2949 2388 σίδηρον,
2972 2318 3066 2372 τὸν
3095 2318 3313 2390 χαλκὸν,
3339 2319 3430 2373 τὸν
3457 2317 3723 2388 ἄργυρον.

2146 2406 2237 2459 τὸν
2266 2407 2486 2478 χρυσόν.
2526 2425 2545 2458 ι
2579 2406 2763 2461 Ταῦτα
2816 2407 2872 2462 δὲ
2913 2410 3177 2480 ἀντικρὺς
3213 2409 3452 2463 δείκνυσι
3484 2406 3593 2462 τῶν
3625 2409 3728 2479 μὲν

2148 2497 2432 2568 παρόντων
2467 2497 2809 2568 πραγμάτων
2835 2497 2895 2552 τὸ
2922 2498 3095 2562 τέλος,
3125 2500 3223 2570 τῆς
3252 2499 3310 2554 δὲ
3336 2497 3446 2552 τῶν
3478 2499 3728 2567 οὐρανῶν

2149 2587 2426 2659 βασιλείας
2443 2589 2504 2643 τὸ
2525 2589 2900 2661 ἀτελεύτητον.
2925 2590 3037 2661 Τῆς
3067 2591 3175 2660 γὰρ
3199 2590 3420 2661 σιδηρᾶς
3449 2587 3730 2660 βασιλείας

2148 2680 2388 2744 ἀσθενῶς
2413 2682 2459 2713 τ’
2480 2681 2841 2754 διατεθείσης,
2865 2682 2961 2736 καὶ
2999 2682 3092 2736 τοῦ
3111 2684 3379 2754 ὀστράκου
3407 2681 3505 2753 τὴν
3533 2682 3726 2751 ἐπιμι-

2151 2771 2267 2836 ξίαν
2294 2771 2586 2841 λαϐούσης,
2624 2775 2923 2844 φανήσεται
2985 2773 3085 2842 μὲν
3139 2791 3158 2825 ι
3191 2773 3220 2827 ό
3252 2771 3399 2837 λίθος
3433 2773 3462 2826 ό
3493 2769 3731 2842 τμηθεὶς

2149 2863 2276 2916 ἄνευ
2310 2861 2529 2934 χειρῶν,
2559 2864 2653 2917 καὶ
2695 2863 2947 2917 λεπτυνεῖ
2968 2864 3028 2918 τὸ
3052 2864 3338 2934 ὄστρακον,
3368 2862 3461 2916 τὸν
3507 2861 3731 2933 σίδηρον

2151 2955 2244 3008 καὶ
2275 2953 2320 2986 ⁷³
2353 2953 2443 3007 τὸν
2485 2953 2703 3024 χαλκὸν,
2735 2954 2827 3008 τὸν
2873 2955 3135 3027 ἄργυρον,
3165 2953 3258 3009 τὸν
3302 2952 3530 3025 χρυσίον,
3561 2970 3580 3004 ι
3624 2952 3726 3005 καὶ

2149 3043 2353 3112 φροῦδα
2395 3045 2607 3115 ποιήσει
2660 3045 2937 3105 παντελῶς
2960 3085 2974 3108 ,
3009 3045 3103 3098 καὶ
3134 3043 3439 3114 ἀδιάδοχον,
3471 3041 3568 3095 καὶ
3597 3041 3734 3094 αἰώ-

2149 3150 2280 3199 νιον,
2308 3133 2401 3187 καὶ
2451 3134 2758 3206 ἀπέραντον
2790 3134 3065 3204 βασιλείαν
3101 3136 3214 3198 τοῖς
3266 3133 3438 3201 ἀξίοις
3473 3129 3727 3201 παρέξει.

479 3215 637 3270 alteri
670 3232 779 3272 non
804 3219 1167 3290 relinquetur,
1199 3229 1254 3276 et
1309 3223 1670 3284 comminuet,
1705 3233 1760 3278 et
1799 3225 2046 3280 domabit

2157 3241 2176 3274 ι
2216 3224 2312 3287 Εἰς
2344 3222 2452 3294 7&9
2480 3203 2606 3288 τούς
2654 3203 2877 3288 αἰῶνας,
2920 3225 3103 3295 φησιν,
3157 3224 3218 3278 οὐ
3269 3221 3725 3293 διαφθαρήσεται,

478 3303 664 3358 omnia
690 3318 878 3374 regna,
907 3315 961 3364 et
985 3308 1165 3379 ipsum
1192 3310 1360 3378 stabit
1382 3311 1437 3366 in
1468 3312 1686 3383 1099
1707 3321 1993 3371 aeternum.
2025 3334 2043 3366 ι

477 3391 634 3459 Quod
669 3394 715 3451 si
754 3397 881 3467 quis
929 3407 1217 3470 repugnet,
1266 3409 1434 3471 atque
1476 3401 1592 3458 haec
1627 3403 1700 3458 ita
1741 3419 1802 3460 so
1846 3405 2050 3463 habere

478 3484 638 3548 nolit,
671 3488 928 3543 ostendat
959 3489 1050 3545 ille
1079 3506 1144 3546 ex
1177 3491 1436 3548 humanis
1482 3493 1648 3549 rebus
1681 3496 1942 3564 quidnam
1977 3497 2051 3552 sit

486 3578 764 3638 eternum,
791 3581 846 3630 et
877 3577 1154 3646 quodnam
1211 3579 1492 3635 hominum
1549 3597 1774 3654 regnum
1812 3585 1885 3640 sit
1943 3586 2051 3641 ﬁne

476 3661 804 3722 cariturum.
874 3666 1113 3722 Stultum
1162 3669 1308 3725 enim
1365 3679 1473 3742 est,
1527 3683 1691 3745 atque
1755 3675 2049 3733 admodum

476 3750 726 3820 demens,
753 3757 940 3811 saeculi
975 3760 1268 3828 praesentis
1297 3772 1619 3834 exspectare
1662 3765 1844 3832 tinem,
1878 3776 1932 3820 et
1966 3784 2051 3823 re-

477 3857 643 3913 gnum
677 3845 898 3915 aliquod
933 3848 986 3902 in
1017 3853 1278 3918 praesenti
1314 3853 1423 3906 vita
1485 3855 1611 3910 linis
1659 3871 1858 3926 expers
1906 3856 2048 3913 futu-

477 3951 598 3990 rum
633 3951 904 3994 asserere.
961 3938 1017 3994 Si
1071 3957 1202 3997 vero
1233 3943 1346 3998 illis
1391 3959 1609 4016 quoque
1657 3947 1904 4014 videtur,
1953 3964 2049 4021 per

477 4029 592 4083 haec
622 4028 786 4084 verba
834 4045 1060 4100 regnum
1098 4032 1230 4089 illud
1285 4035 1612 4105 significari,
1667 4039 1817 4109 quod
1867 4040 2048 4111 dignis

474 4118 704 4174 daturus
736 4127 821 4174 est
843 4119 1009 4185 Deus,
1045 4136 1152 4176 non
1185 4121 1351 4194 igitur
1377 4123 1786 4183 Macedonicum
1815 4144 2045 4200 regnum

475 4209 772 4278 appellavit
809 4209 1014 4265 ferrum
1042 4231 1058 4267 :
1087 4229 1266 4284 neque
1312 4215 1459 4271 enim
1515 4217 1610 4272 illo
1657 4219 1874 4286 vigente
1909 4236 2047 4290 pra:-

475 4302 616 4355 senti
651 4301 778 4356 vitae
809 4301 1103 4374 impositus
1124 4315 1211 4362 est
1232 4306 1377 4373 ﬁnis,
1399 4309 1495 4365 sed
1519 4307 1827 4367 Romanum
1852 4326 2047 4368 everso

475 4387 826 4447 Macedonico
877 4394 1033 4451 orbis
1067 4403 1341 4452 terrarum
1379 4399 1565 4455 clavos
1617 4408 1788 4456 tenet.
1814 4401 1968 4468 Quod
1998 4403 2043 4458 si

474 4483 820 4538 contendant
862 4485 1099 4555 priorem
1149 4486 1367 4544 Domini
1399 4491 1697 4547 adventum
1741 4493 1826 4548 bis
1861 4494 2044 4548 verbis

491 4574 794 4645 'igniiicari,
821 4578 1119 4632 ostendant
1142 4578 1517 4636 Romanorum
1540 4583 1858 4652 imperium,
1881 4583 2045 4638 simul

472 4679 635 4734 atque
669 4665 922 4723 Salvator
954 4678 1145 4725 noster
1177 4673 1456 4742 apparuit,
1505 4674 1764 4744 periisse.
1807 4671 2045 4728 Omnino

472 4757 616 4810 enim
644 4766 836 4812 contra
872 4761 1116 4830 reperire
1157 4772 1266 4828 est,
1313 4763 1558 4834 viguisse
1621 4765 1778 4831 illud,
1839 4771 1896 4819 et
1933 4781 2042 4820 non

474 4847 708 4915 periisse
739 4863 862 4903 enm
912 4848 1215 4908 Salvatoris
1244 4861 1409 4920 ortu;
1457 4853 1752 4924 siquidem.
1794 4856 2046 4926 Augusto

473 4946 762 5008 regnante,
800 4939 1068 5000 Dominus
1103 4945 1157 5000 in
1194 4945 1371 5001 lucem
1396 4944 1580 5002 editus
1609 4954 1714 5002 est.
1748 4944 2040 5002 Secundus

471 5029 692 5099 quidem
727 5031 817 5088 ille
859 5036 1132 5105 regnavit,
1163 5052 1355 5095 omnes
1405 5045 1589 5093 autem
1640 5040 2040 5110 propemodum

476 5119 723 5178 homines
757 5125 1108 5182 suanditioni
1158 5130 1466 5198 subiunxit,
1505 5145 1838 5202 omnemque
1866 5141 2041 5187 terra-

473 5227 596 5269 rum
639 5215 850 5282 orbem,
882 5225 945 5272 ut
978 5217 1271 5290 Evangelia
1315 5230 1591 5279 testantur
1624 5225 1666 5291 ί,
1720 5224 2040 5294 descripsit,

549 5389 564 5422 ί
602 5386 735 5443 Luc.
773 5403 833 5454 Il,
869 5389 922 5443 ἰ.

2152 3313 2244 3365 καὶ
2274 3311 2388 3382 λαῷ
2434 3313 2605 3384 έτέρῳ
2647 3313 2746 3384 οὐχ
2779 3313 3264 3386 ὑπολειφθήσεταιο
3298 3312 3394 3366 καὶ
3448 3310 3732 3374 λεπτυνεῖ,

2151 3404 2245 3458 καὶ
2262 3405 2495 3476 δαμάσει
2518 3406 2698 3471 πάσας
2724 3405 2824 3468 τὰς
2857 3404 3155 3474 βασιλείας,
3182 3403 3277 3458 καί¹
3297 3403 3436 3474 αὐτὴ
3463 3401 3731 3472 στήσεται

2149 3495 2230 3557 εἰς
2257 3495 2384 3558 τοὺς
2435 3493 2656 3557 αἰῶνας.
2689 3514 2706 3545 ι
2740 3495 2803 3548 Εἰ
2849 3493 2907 3548 δέ
2943 3510 3025 3557 τις
3061 3491 3384 3562 ζυγομαχεῖ,
3427 3489 3524 3543 καὶ
3565 3487 3730 3542 ταῦθ’

2147 3584 2322 3648 οὕτως
2356 3585 2500 3654 ἔχειν
2547 3585 2595 3616 ’³
2636 3585 2699 3638 ού
2742 3584 3012 3654 βούλεται,
3041 3582 3267 3648 δειξάτω
3289 3581 3342 3635 τί
3374 3579 3484 3634 τῶν
3514 3579 3735 3650 ἀνθρω·

2149 3672 2319 3726 πίνων
2352 3672 2399 3704 "
2448 3671 2684 3737 αἰώνιον,
2723 3670 2851 3724 ποία
2878 3671 2936 3724 δὲ
2982 3669 3090 3724 τῶν
3139 3665 3443 3740 ἀνθρώπων
3478 3665 3734 3736 βασιλεία.

2148 3763 2299 3826 τέλος
2355 3763 2416 3817 οὐ
2465 3761 2715 3834 λήψεται.
2773 3759 2983 3831 Εΰηθες
3038 3758 3148 3831 γὰρ
3177 3760 3274 3813 καὶ
3310 3757 3428 3810 λίαν
3477 3755 3728 3826 ἀνόητον,

2151 3853 2464 3907 συντέλειαν
2511 3853 2613 3924 μὲν
2663 3851 2956 3922 ἀναμένειν
3011 3849 3106 3904 τοῦ
3177 3849 3446 3920 παρόντος
3507 3846 3728 3909 αἰῶνος,

2151 3944 2429 4015 βασιλείαν
2474 3944 2532 3998 δέ
2584 3961 2705 3997 τινα
2751 3943 2932 4012 λέγειν
2973 3942 3116 3996 κατὰ
3167 3940 3260 3994 τὸν
3315 3939 3557 4009 παρόντα
3611 3939 3733 4008 βίον

2149 4033 2503 4103 ἀτελεύτητον
2543 4031 2780 4086 ἔσεσθαι.
2811 4031 2873 4083 Εἰ
2917 4029 2974 4084 δὲ
3000 4029 3092 4082 καὶ
3124 4029 3309 4090 αὐτοῖς
3354 4027 3599 4080 συνδοκεῖ
3634 4026 3734 4080 διὰ

2149 4123 2352 4179 τούτων
2395 4123 2504 4178 τῶν
2538 4122 2712 4191 λόγων
2758 4121 2856 4192 τὴν
2901 4118 3270 4190 δοθησομένην
3320 4118 3424 4171 ὑπὸ
3460 4115 3555 4170 τοῦ
3586 4116 3730 4170 Θεοῦ

2151 4214 2426 4284 βασιλείαν
2452 4215 2565 4276 τοῖς
2599 4211 2770 4279 ἀξίοις
2801 4208 3184 4281 σημαίνεσθαι,
3209 4208 3306 4262 οὐκ
3335 4206 3444 4278 ἄρα
3483 4208 3580 4278 τὴν
3604 4207 3732 4260 Ma-

2153 4306 2434 4378 κεδονικὴν
2462 4303 2740 4376 βασιλείαν
2758 4303 3010 4373 ὠνόμασε
3033 4301 3269 4370 σίδηρονο
3303 4299 3422 4353 οὐδὲ
3448 4297 3556 4368 7&9
3576 4299 3730 4352 ἐκεί·-

2148 4417 2244 4469 νης
2304 4396 2611 4469 κρατούσης
2651 4395 2680 4448 ὀ
2718 4393 2910 4466 παρὼν
2944 4391 3055 4460 βίος
3089 4390 3306 4458 ἐδέξατο
3347 4389 3518 4455 τέλος,
3551 4387 3734 4462 ἀλλ’ἢ

2161 4488 2440 4558 Ῥωμαῖκὴ
2468 4485 2564 4556 τὴν
2588 4483 2964 4551 Μακεδονικὴν
2998 4481 3349 4536 καταλύσασα
3383 4480 3601 4552 κατέχει
3622 4481 3726 4550 τῆς

2149 4578 2476 4649 οἰκουμένης
2529 4580 2656 4639 τοὺς
2704 4575 2912 4638 οῐακας.
2972 4573 3034 4628 Εἰ
3069 4575 3127 4628 δέ
3164 4591 3296 4644 φασι
3323 4574 3422 4644 τὴν
3452 4573 3730 4645 προτέραν

2147 4667 2239 4721 τοῦ
2267 4666 2474 4740 Κυρίου
2504 4663 2805 4736 παρουσίαν
2827 4664 2916 4718 διὰ
2946 4663 3149 4718 τούτων
3183 4662 3290 4718 τῶν
3313 4662 3488 4731 λόγων
3519 4662 3725 4734 σημαίο

2149 4759 2356 4823 νεσθαι,
2387 4755 2719 4823 δειξάτωσαν
2744 4755 3142 4809 καταλυθεῖσαν
3171 4753 3269 4824 τὴν
3290 4754 3398 4808 τῶν
3435 4753 3729 4825 Ῥωμαίων

2149 4847 2446 4919 ἡγενομίαν
2472 4847 2634 4910 εὐθὺς
2659 4847 2796 4918 μετὰ
2833 4847 2932 4916 τὴν
2963 4846 3057 4899 τοῦ
3099 4846 3351 4916 Σωτῆρος
3394 4843 3550 4914 ἡμῶν
3608 4844 3731 4898 έπι-

2150 4940 2396 5009 φάνειαν.
2433 4938 2548 4992 Πᾶν
2583 4937 2692 5008 γὰρ
2735 4936 3046 4990 τούναντίον
3085 4935 3233 4990 ἔστιν
3275 4936 3454 5007 εὑρεῖν
3477 4934 3543 5000 ⁷⁸,
3585 4953 3727 5006 κρα-

2149 5031 2433 5086 τυνθεῖσαν
2478 5030 2668 5101 αὐτὴν,
2705 5029 2818 5083 ἀλλ’
2839 5027 2900 5082 οὐ
2955 5025 3350 5082 καταλυθεῖσαν
3379 5025 3494 5096 ἅμα
3525 5030 3590 5098 τῇ
3624 5027 3726 5081 τοῦ

2149 5123 2396 5195 Σωτῆρος
2453 5123 2714 5192 γεννήσει.
2772 5118 3082 5189 Αὐγούστου
3136 5118 3243 5189 γὰρ
3283 5116 3659 5188 βασιλεύοντος
3693 5124 3726 5174 ὁ

2149 5215 2470 5279 Δεσποτικὸς
2502 5215 2717 5284 ἐγένετο
2740 5214 2784 5244 ⁷⁷
2824 5212 3000 5275 τόκος.
3027 5213 3124 5275 Ὃς
3155 5209 3405 5282 δεύτερος
3447 5211 3546 5284 μὲν
3588 5209 3721 5266 έὸα-

1745 5474 1982 5531 VARUS
2038 5474 2440 5533 LECTIONES.

543 5574 586 5603 “
638 5569 873 5626 Βτοίνυν
906 5571 1121 5635 πρῶτον
1170 5573 1385 5635 αύτούς.
1439 5575 1512 5606 ’⁸⁸
1537 5573 1666 5626 τῶν.
1696 5571 1820 5626 Des.
1871 5572 1924 5624 in
1976 5570 2035 5624 Β.

475 5621 1430 5712 ἀπράῑςοὶῖέάιτέξει-διώξητε
1467 5621 1586 5712 μέςιῑ

481 5710 880 5783 ἀσθενέστερον.
967 5713 1010 5744 ⁷³
1039 5710 1151 5767 καί.
1183 5712 1305 5770 Des.
1325 5711 1384 5767 in
1411 5711 1471 5765 Β.

477 5777 720 5848 γένηται.

1690 5642 1737 5672 ⁷⁸
1759 5643 1796 5694 Α
1831 5649 1884 5696 et
1904 5639 1945 5694 Β
1968 5642 2345 5711 ἀναστήσεται.

1572 5712 1617 5744 ⁷⁸
1649 5711 1688 5766 Β
1722 5711 1887 5765 ταῦτα
1915 5711 2055 5780 ἔχειν
2088 5711 2277 5775 οὕτως.

2146 5573 2191 5603 ⁸⁸
2227 5571 2266 5624 Β
2318 5572 2644 5644 σαφέστερα.
2704 5572 2777 5644 ,⁸⁷
2819 5573 2862 5644 ᾼ
2893 5571 3200 5644 βασιλειῶν.
3266 5571 3330 5644 “ﬁ
3367 5571 3406 5626 Β
3452 5573 3562 5627 τῶν
3616 5573 3713 5626 τοῦ

2449 5643 2492 5725 ξι
2517 5641 2674 5725 ⁸ἔτειζ
2704 5641 2759 5695 In
2817 5642 2855 5694 A
2894 5643 3115 5725 ponitur
3136 5643 3486 5725 'po_st_590u§:
3556 5644 3639 5725 ﬁ"

2357 5712 2401 5742 ’⁸
2427 5711 2467 5766 Β
2507 5710 2826 5782 ἀνθρώπων.
2907 5711 2952 5742 ⁷⁸
2984 5714 3101 5784 εὑρ,
3136 5710 3174 5765 Β
3220 5710 3364 5768 υἱεῖς.
3446 5715 3486 5743 71
3556 5713 3715 5782 ἢτε-
