4070 6446
286 434 432 500 1209

1513 440 1591 500 IN
1635 439 1994 500 DANIELIS
2030 444 2188 503 CAP.
2232 443 2310 504 ll.

3435 443 3567 509 1310

286 553 534 612 σίλευσε,
586 565 795 612 παντας
846 551 903 604 οὲ
981 551 1057 614 ώς
1125 549 1254 613 ἔπος
1313 553 1506 607 εἰπεῖν.
1561 552 1882 624 ἀνθρώπους

1988 555 2370 626 tributumque
2400 555 2710 627 imperavit.
2769 555 3018 623 Regnum
3076 555 3244 627 igitur
3292 553 3566 614 Romamn-

287 643 577 713 ὑπηκόους
621 643 940 713 ἐποιήσατο,
1003 643 1362 714 ἀπεγράψατό
1402 661 1484 698 .τε
1538 647 1720 699 πᾶσαν
1779 649 1878 716 τὴν

282 735 625 804 οἰκουμένην
666 733 807 786 κατά
841 733 942 804 τὴν
987 732 1098 787 τῶν
1152 734 1502 803 Εὑαγγελίων
1551 736 1753 807 φωνὴν,
1789 739 1883 792 καὶ

281 823 503 891 δασμὸν
529 821 718 894 φέρειν
740 822 1149 893 ἐνομοθέτησεν.
1195 823 1318 878 Ὑπ’
1348 824 1558 879 ἐκείνου
1582 826 1639 879 δέ
1667 829 1700 898 ἠ
1745 829 1882 882 Ῥω-

286 913 477 986 μαίων
507 913 873 982 κρατυνθεῖσα
900 913 1153 984 βασιλεία
1179 914 1341 985 μέχρι
1372 919 1466 969 καὶ
1517 917 1611 968 νῦν
1656 918 1882 989 διήρκε-

286 1024 408 1060 σεν.
446 1003 658 1060 Οὐκοῦν
707 1005 755 1057 εί
786 1005 834 1038 ⁷⁸
864 1008 897 1076 ἡ
950 1006 1191 1077 προτέρα
1233 1021 1486 1078 γέννησις
1526 1007 1620 1061 τοῦ
1671 1009 1881 1080 Κυρίω

282 1100 394 1170 τὴν
459 1094 749 1166 Ῥωμαίων
811 1096 1110 1167 ἡγεμονίαν
1153 1098 1218 1150 οὐ
1275 1097 1577 1162 κατέλυσε,
1637 1099 1881 1152 λείπεται

285 1191 478 1245 τοίνυν
527 1189 694 1244 αὐτοῦ
745 1189 843 1260 τὴν
893 1187 1154 1261 δευτέραν
1182 1192 1324 1244 νοεῖν
1350 1191 1394 1222 ⁷⁸
1434 1193 1778 1256 ἐπιφάνειαν.
1823 1192 1881 1244 Ὁ

285 1281 407 1353 γὰρ
442 1281 544 1354 ἢδη
581 1281 852 1353 πρότερον
869 1279 1104 1352 τμηθεὶς
1130 1281 1276 1344 λίθος
1297 1283 1425 1337 ἀνευ
1457 1284 1679 1355 χειρῶν,
1715 1286 1810 1338 καὶ
1835 1286 1882 1317 ⁸⁸

284 1371 592 1444 γενόμενος
619 1375 697 1437 είς
722 1373 849 1444 ὄρος
879 1371 1043 1442 μέγα,
1076 1373 1170 1428 καὶ
1221 1373 1321 1446 τὴν
1359 1376 1684 1447 οἰκουμένην
1718 1377 1883 1430 καλύ-

282 1463 429 1534 ψας,
464 1456 620 1527 οὗτος
657 1463 699 1496 ⁸⁸
725 1464 783 1515 ἐν
814 1465 880 1532 τῇ
926 1461 1156 1535 δευτέρᾳ
1201 1465 1473 1537 παρουσίᾳ
1504 1465 1734 1530 πατάξει
1784 1466 1884 1537 τὴν

285 1556 484 1611 είκόνα
512 1555 608 1610 ἐπὶ
651 1556 779 1618 τοὺς
808 1555 977 1617 πόδας
1021 1555 1147 1617 τοὺς
1173 1555 1553 1628 δστρακίνους.
1581 1559 1880 1625 τουτέστιν,

285 1649 354 1701 ἐν
382 1646 537 1718 αὐτῷ
561 1645 642 1718 τῷ
668 1646 809 1700 τέλει
845 1648 944 1718 τῆς
972 1637 1198 1720 σιδηρᾶς
1242 1650 1543 1720 φανήσεται
1583 1651 1881 1720 βασιλείας,

286 1739 559 1803 ἀσθενοῦς
578 1739 678 1811 ἤδη
699 1740 1077 1810 γεγενημένης
1096 1755 1110 1770 ⁸
1143 1741 1237 1795 καὶ
1259 1742 1440 1806 πάσας
1473 1744 1570 1814 μὲν
1592 1744 1884 1798 καταλύσει

285 1827 396 1889 τὰς
457 1827 773 1897 ἡγεμονίας,
815 1829 910 1882 καὶ
961 1827 1100 1901 λήθη
1147 1830 1256 1884 τινὶ
1309 1831 1642 1902 παραδώσει,
1683 1835 1781 1904 τὴν
1827 1835 1883 1888 δὲ

286 1917 517 1970 αίώνιον
540 1917 586 1949 ⁸²
608 1917 774 1971 αὑτοῦ
805 1917 1085 1988 βασιλείαν
1102 1924 1216 1986 τοῖς
1239 1921 1411 1987 ἀξίοις
1432 1924 1682 1995 παρέξει.
1716 1925 1883 1980 Ταῦθ’
1915 1905 1956 1960 Β

291 2007 472 2070 οὕτως
510 2010 857 2081 ἑρμηνεύσας
900 2013 928 2064 ό
964 2012 1161 2084 Δανιὴλ
1200 2013 1517 2082 ἀναγκαίως
1567 2017 1880 2087 ἐπήγαγεν·

295 2122 317 2155 ι
364 2103 428 2155 '0
466 2103 600 2166 Θεὸς
629 2105 659 2158 δ
684 2103 858 2174 μέγας
896 2105 1164 2178 ἐγνώρισε
1191 2108 1270 2178 τῷ
1296 2107 1525 2179 βασιλεῖ,
1550 2110 1586 2165 ἀ
1627 2111 1708 2165 δεῖ
1728 2113 1882 2180 γενέ-

293 2193 427 2247 σθαι
461 2193 600 2262 μετά
630 2195 825 2249 ταῦτα.
849 2197 959 2250 Καὶ
979 2197 1234 2269 ἀληθινὸν
1263 2202 1324 2253 τὸ
1358 2200 1627 2263 ἐνύπνιον,
1671 2206 1766 2258 καὶ
1794 2221 1885 2258 πι-

293 2284 398 2355 στὴ
447 2285 480 2356 ὴ
516 2283 805 2356 σύγκρισις
862 2286 1048 2344 αὐτοῦ.
1089 2306 1106 2340 ι
1146 2288 1331 2354 ’Ἄξιον
1367 2291 1422 2344 δέ
1461 2291 1735 2362 Θαυμάσαι
1785 2294 1884 2365 τὴν

294 2375 390 2428 τοῦ
428 2373 566 2428 Θεοῦ
594 2375 704 2429 τῶν
739 2375 876 2429 ὅλων
927 2379 1052 2449 περὶ
1084 2378 1293 2444 πάντας
1347 2381 1666 2454 ἀνθρώπους
1723 2383 1884 2454 κηδε-

294 2465 518 2536 μονίαν.
555 2466 690 2519 Οὐδὲ
737 2467 845 2537 γάρ
887 2468 1014 2533 τοὺς
1045 2469 1336 2542 δυσσεδεὶα
1367 2473 1648 2536 συζῶντας
1680 2473 1782 2542 τῆς
1809 2477 1886 2528 el-

291 2553 456 2616 κείας
487 2554 828 2625 προμηθείας
859 2559 1074 2626 γυμνοῖ,
1125 2558 1261 2611 ἀλλά
1312 2561 1406 2613 καὶ
1433 2559 1657 2624 τούτους
1703 2562 1885 2633 πάσης

294 2645 626 2716 ἐπιμελείας
673 2645 834 2711 ἀξιοῖ,
887 2648 1076 2719 ὥσπερ
1106 2649 1301 2720 ἀμέλει
1329 2650 1520 2704 τοῦτον
1544 2651 1634 2706 τὸν
1679 2652 1886 2726 βάρῦα·

296 2755 420 2807 ρον,
475 2737 571 2791 καὶ
629 2736 893 2809 θηριώδη,
950 2743 1044 2793 καὶ
1094 2741 1327 2812 δυσσεϐῆ
1382 2743 1443 2796 ού
1497 2743 1886 2799 καταλέλοιπεν

292 2827 668 2899 ἀτημέλητον,
703 2830 842 2884 ἀλλά
868 2832 1084 2904 πρῶτον
1118 2833 1217 2904 μέν
1239 2833 1327 2888 διὰ
1360 2834 1468 2887 τῶν
1489 2835 1886 2906 ἀποκαλύψεων

293 2920 400 2991 τῆς
431 2921 732 2993 εύκληρίας
766 2922 860 2975 τοῦ
892 2925 1161 2994 παρόντος
1195 2925 1310 2994 βίου
1345 2925 1617 2980 δείκνυσιν
1641 2926 1790 2998 αὐτῷ
1827 2927 1888 2982 τὸ

290 3012 590 3083 ἐπίκηρον,
652 3015 747 3068 καὶ
796 3015 896 3085 τῆς
949 3013 1225 3085 βασιλείας
1255 3017 1427 3085 αὐτῆς
1460 3017 1520 3070 τὸ
1563 3017 1885 3090 ὀξύρροπον,

291 3103 398 3156 καὶ
451 3104 536 3157 ὅτι
575 3105 728 3158 οὐδὲν
789 3107 1019 3176 μόνιμον
1047 3107 1150 3177 τῆς
1181 3107 1530 3180 ἀνθρωπίνης
1560 3111 1885 3182 εὐημερίας,

289 3191 434 3247 ἀλλὰ
457 3192 614 3264 δίκην
640 3193 820 3249 ἀνθῶν
854 3196 886 3266 ἢ
915 3197 1117 3266 κρίνων
1150 3198 1194 3234 ε’
1228 3198 1557 3270 μαραίνεται
1584 3202 1617 3273 ἢ
1651 3202 1700 3233 ⁸⁸
1729 3202 1887 3256 σϐέν-

288 3300 475 3339 νυται.
509 3285 618 3338 Καὶ
650 3285 808 3339 ἱκανά
837 3288 884 3319 ⁸⁵
909 3287 1081 3340 ταῦτα
1113 3284 1182 3359 ἦν
1215 3287 1316 3360 τὴν
1347 3290 1674 3362 ἀλαζονικὴν
1718 3291 1882 3347 αὑτοῦ

290 3375 393 3428 καὶ
427 3376 820 3448 τετυφωμένην
844 3377 1018 3447 ὀφρὺν
1048 3377 1373 3442 καταλῦσαι,
1411 3381 1509 3434 καὶ
1537 3383 1724 3435 πεῖσαι
1756 3400 1888 3455 φρο-

1986 663 2128 712 rum,
2158 647 2308 718 quod
2335 647 2432 703 illo
2465 649 2770 720 imperante
2802 648 2998 719 viguit,
3032 665 3210 719 usque
3237 648 3418 706 adhuc
3445 668 3569 722 per-

1987 741 2206 797 mansit.
2248 739 2308 795 Si
2351 741 2520 812 igitur
2566 739 2779 794 Domini
2813 741 2962 811 prior
2989 740 3250 796 nativitas
3293 739 3568 798 Romano-

1984 846 2104 885 rum
2133 831 2274 886 haud
2313 833 2510 886 evertit
2559 831 2874 902 imperium,
2902 832 3176 900 reliquum
3209 832 3438 887 omnino
3481 841 3568 889 est

1985 928 2044 971 ιιι
2071 920 2378 974 secundum
2413 919 2561 974 illius
2617 919 2992 990 intelligamus
3055 919 3373 974 adventum.
3428 916 3566 974 Nam

1986 1012 2128 1082 lapis
2152 1013 2245 1083 qui
2278 1012 2437 1082 prius
2467 1012 2690 1068 excisus
2727 1020 2814 1066 est
2864 1013 2986 1067 sine
3033 1011 3312 1076 manibus,
3362 1011 3568 1080 quique

1982 1099 2162 1154 evasit
2193 1114 2356 1154 mons
2383 1113 2635 1169 magnus,
2663 1107 2719 1155 et
2743 1098 2932 1153 orbem
2957 1107 3228 1153 terrarum
3259 1096 3564 1168 cooperuit,

1985 1190 2075 1245 hic
2108 1190 2165 1245 in
2203 1189 2453 1246 secundo
2489 1189 2729 1245 adventu
2783 1189 3058 1260 percutiet
3111 1189 3336 1259 1100,
3371 1187 3568 1260 imagi-

1984 1295 2106 1335 nem
2135 1295 2303 1351 super
2337 1279 2506 1350 pedes
2534 1277 2750 1344 ﬂctiles,
2784 1279 2890 1333 hoc
2917 1284 3026 1344 est,
3055 1278 3110 1331 in
3141 1279 3266 1346 ipso
3324 1275 3429 1331 line
3459 1276 3568 1332 fer-

1985 1371 2062 1427 rei
2098 1371 2274 1442 regni,
2314 1371 2459 1441 quod
2507 1371 2622 1440 jam
2673 1370 2882 1426 factum
2931 1369 3099 1425 fuerit
3139 1367 3437 1433 imbecille,
3473 1369 3573 1423 ad-

1987 1462 2187 1527 veniet,
2235 1470 2291 1518 et
2326 1464 2510 1517 omnia
2560 1477 2734 1534 regna
2768 1461 3075 1518 demoliens
3099 1475 3167 1517 ea
3206 1461 3383 1516 tradet
3431 1460 3572 1514 obli-

1985 1555 2158 1620 vioni,
2191 1556 2710 1625 sempiternumque
2734 1568 2898 1611 suum
2940 1568 3168 1625 regnum
3199 1552 3389 1624 dignis
3419 1568 3574 1607 com-

1987 1648 2313 1704 muuicabit.
2348 1647 2475 1703 Hmc
2507 1648 2581 1702 ita
2617 1647 3019 1718 interpretatus
3047 1643 3264 1710 Daniel,
3315 1645 3572 1716 apposite

1988 1739 2260 1807 subjecit:
2298 1755 2318 1790 ι
2355 1736 2496 1794 Deus
2529 1751 2760 1808 magnus
2783 1734 3048 1791 indicavit
3077 1735 3190 1806 regi
3243 1749 3367 1805 qua:
3405 1749 3574 1804 cper-

1991 1839 2142 1886 teant
2164 1831 2280 1887 lteri
2316 1838 2440 1901 post
2468 1830 2605 1884 haec.
2639 1827 2705 1884 Et
2733 1842 2925 1884 verum
2958 1826 3266 1890 somnium,
3293 1834 3350 1882 et
3391 1825 3573 1881 ﬁdelis

1985 1922 2368 1991 interpretatio
2417 1921 2560 1990 eius.
2607 1939 2626 1973 ι
2665 1919 2858 1991 Operae
2897 1917 3134 1990 pretium
3168 1923 3253 1972 est
3298 1915 3569 1971 admirari

1987 2014 2236 2068 auctoris
2269 2014 2516 2068 omnium
2565 2026 2751 2067 rerum
2785 2007 2878 2064 Dei
2912 2022 3042 2078 erga
3091 2020 3286 2061 omnes
3317 2001 3572 2060 homines

1986 2121 2199 2161 curam.
2237 2105 2428 2177 Neque
2468 2105 2616 2160 enim
2655 2103 2822 2170 impie
2855 2101 3107 2156 viventes
3139 2099 3156 2118 ‘
3193 2111 3291 2152 sua
3323 2095 3574 2151 destituit

1987 2198 2356 2269 providentia,
2402 2195 2498 2253 sed
2540 2197 2695 2266 ipsos
2744 2194 2912 2250 etiam
2953 2191 3104 2246 omni
3149 2187 3438 2260 diligentia
3479 2185 3571 2242 tli-

1985 2297 2188 2361 gnatur
2215 2308 2230 2344 :
2257 2290 2402 2345 sicut
2437 2303 2633 2357 nempe
2664 2286 2961 2342 barbarum
2990 2282 3182 2349 istum,
3219 2287 3490 2352 agrestem
3515 2287 3574 2333 et

1986 2382 2213 2452 impium
2243 2381 2388 2436 haud
2424 2379 2670 2450 reliquit,
2704 2392 2886 2448 neque
2915 2375 3178 2448 neglexit,
3205 2372 3302 2430 sed
3332 2372 3572 2443 primum

1987 2489 2087 2546 per
2107 2489 2195 2538 ea,
2237 2488 2362 2543 quae
2396 2473 2502 2543 ipsi
2539 2470 2826 2535 revelavit,
2863 2466 3157 2540 praesentis
3200 2466 3250 2521 ei
3277 2464 3406 2519 vita:
3445 2461 3570 2518 feli-

1987 2568 2204 2622 citatem
2251 2565 2452 2620 ﬂuxam
2498 2563 2762 2628 ostendit,
2794 2570 2851 2618 et
2892 2560 3186 2624 caducam,
3230 2571 3574 2630 regnumque

1987 2655 2166 2726 ipsum
2220 2653 2528 2710 celerrimae
2564 2649 2858 2707 mutationi
2902 2647 3228 2710 obnoxium,
3276 2658 3342 2698 ac
3393 2640 3573 2705 nihil,

1989 2747 2140 2817 quod
2156 2745 2224 2800 ad
2249 2746 2544 2800 humanam
2573 2741 3000 2814 prosperitatem
3029 2737 3323 2809 pertineat,
3350 2733 3572 2796 stabile.

1988 2854 2111 2908 qua:
2140 2837 2321 2892 instar
2345 2835 2543 2889 ﬂorum
2577 2835 2695 2890 sive
2726 2833 2970 2887 liliorum
3019 2829 3246 2895 arescit,
3271 2837 3326 2882 et
3361 2824 3576 2882 exstino

1990 2931 2196 2999 guilur.
2225 2927 2404 2997 Atque
2446 2926 2561 2980 haec
2607 2922 2958 2982 snlliciebant
2997 2919 3064 2976 ad
3114 2919 3263 2974 illius
3311 2930 3578 2986 arrogans

1990 3031 2044 3082 et
2093 3023 2356 3094 superbia
2414 3019 2665 3076 inﬂatum
2719 3015 3078 3086 supercilium
3134 3008 3576 3082 deprimendum,

1990 3116 2153 3186 eique
2202 3109 2647 3185 persuadendum
2722 3116 2781 3162 ut
2815 3107 3058 3161 humana
3097 3103 3393 3176 cogitaret,
3425 3098 3580 3153 vita:-

1915 3235 1958 3292 ο
1991 3224 2120 3278 que,
2157 3212 2212 3261 et
2259 3204 2416 3274 regni
2473 3203 2638 3257 ﬂuent
2684 3205 3056 3270 exspectaret.
3108 3189 3582 3292 Primum-igitur

1995 3315 2091 3370 per
2128 3297 2247 3352 haec
2279 3296 2456 3367 ipsius
2485 3307 2680 3348 curam
2720 3291 2928 3347 habet:
2957 3287 3159 3344 deinde
3201 3283 3406 3340 somnii
3439 3281 3583 3336 obli-

1993 3390 2156 3446 vione
2186 3401 2476 3458 magorum
2495 3395 2554 3441 et
2585 3383 2971 3440 Chaldaeorum
2995 3377 3177 3451 arguit
3205 3373 3577 3438 mendacium,

290 3467 412 3518 νεῖν
465 3465 805 3537 ἀνθρώπινα,
839 3469 935 3521 καὶ
983 3469 1278 3539 ἀναμένειν
1313 3470 1408 3524 καὶ
1451 3471 1552 3540 τῆς
1603 3469 1752 3543 ζωῆς
1790 3472 1885 3526 καὶ

1996 3493 2338 3550 suorumque
2388 3475 2773 3532 ministrorum
2827 3471 3073 3528 ostendit
3130 3467 3424 3524 veritatem
3467 3482 3481 3518 :
3523 3471 3580 3516 et

291 3557 583 3626 βασιλείας
611 3557 661 3590 ⁸⁸
691 3558 750 3611 τὸ
785 3559 960 3623 τέλος.
1013 3560 1238 3630 Πρῶτον
1280 3562 1378 3632 μέν
1411 3558 1504 3616 οὖν
1553 3562 1640 3618 διὰ
1682 3562 1885 3618 τούτων

1998 3590 2094 3644 per
2111 3587 2304 3629 eorum
2337 3585 2368 3625 a
2405 3569 2607 3640 quibus
2661 3565 2882 3629 colitur,
2918 3561 3271 3634 sapientiam,
3333 3554 3578 3612 divinam

289 3646 466 3706 αὑτοῦ
503 3651 738 3702 ποιεῖται
772 3649 870 3720 τὴν
901 3651 1244 3722 ἐπιμέλειαν,
1277 3651 1470 3706 ἔπειτα
1513 3657 1582 3726 τῇ
1621 3654 1760 3727 λήθῃ
1794 3656 1885 3709 τοῦ

1987 3679 2146 3721 suam
2172 3662 2433 3716 virtutem
2468 3659 2740 3722 declarat,
2763 3663 2818 3712 et
2846 3655 2915 3711 ad
2953 3669 3015 3710 se
3040 3649 3392 3708 adorandum
3427 3646 3584 3718 igna-

289 3739 555 3794 ἐνυπνίου
579 3741 791 3812 ἐλέγχει
833 3742 930 3813 τὴν
956 3743 1064 3796 τῶν
1106 3744 1297 3814 μάγων
1323 3746 1418 3800 καὶ
1445 3747 1729 3801 Χαλδαίων
1757 3748 1885 3818 ψευ-

1986 3770 2082 3812 ros
2113 3753 2381 3810 attrahit:
2424 3752 2538 3806 into
2571 3750 2756 3822 potius
2783 3763 2906 3814 eos,
2943 3745 3039 3817 qui
3078 3743 3152 3798 ab
3212 3740 3474 3798 omnibus
3527 3736 3580 3792 id

289 3831 550 3900 δολογίαν
577 3849 590 3862 ·
637 3833 881 3887 δείκνυσι
923 3834 980 3887 δὲ
1014 3836 1115 3906 τὴν
1141 3835 1254 3889 τῶν
1284 3837 1505 3892 οἰκείων
1544 3839 1885 3911 θεραπόντων

1991 3844 2286 3915 requirunt
2307 3852 2369 3897 ut
2401 3841 2726 3905 adorentur,
2754 3853 2820 3894 eo
2851 3835 3076 3906 redigit,
3109 3841 3170 3889 ut
3199 3841 3422 3888 sanctos
3449 3844 3584 3885 suos

289 3921 580 3992 ἀλήθειαν,
628 3925 725 3976 καλ⁸
763 3923 852 3976 διὰ
885 3923 982 3994 τῆς
1023 3923 1134 3978 τῶν
1188 3923 1538 3996 θεραπόντων
1577 3927 1767 3995 σοφίας
1798 3929 1885 4000 τὴι

1992 3934 2234 3990 famulos
2291 3931 2500 4001 ιιοι
2559 3931 2811 3985 adorent.
2875 3925 3045 3998 quue
3091 3938 3197 3980 nos
3267 3921 3432 3978 docet
3494 3919 3584 3974 hi-
3689 3988 3695 3992 η

291 4013 452 4067 θείαν
478 4013 643 4066 αὑτοῦ
673 4014 904 4085 δύναμιν
940 4015 1265 4086 παραδηλοῖ,
1287 4017 1379 4069 καὶ
1411 4017 1490 4080 εἰς
1522 4017 1896 4090 προσκύνησιν
1995 4025 2190 4081 Storia.

288 4107 448 4165 ῐλκει
501 4108 600 4179 τὴν
639 4108 831 4161 ἐαυτοῦ
893 4110 1021 4173 τοὺς
1083 4108 1434 4177 ἀγνοοῦντας,
1476 4110 1676 4180 μᾶλλον
1711 4112 1789 4166 δέ,
1823 4116 1950 4180 τοὺς
1979 4117 2078 4188 τὴν
2141 4115 2294 4187 παρά
2327 4113 2546 4168 πάντων
2590 4108 2954 4171 ἀπαιτοῦντας
3023 4101 3393 4175 προσκύνησιν
3457 4098 3584 4164 τοὺς

291 4201 488 4270 ᾴγίους
513 4201 679 4255 αὐτοῦ
706 4201 1045 4272 θεράποντας
1077 4205 1400 4275 προσκυνεῖν
1422 4203 1743 4273 ἀναγκάζει.
1776 4208 1885 4261 Καὶ
1913 4211 2072 4266 τοῦτο
2099 4211 2248 4282 ἡμᾶς
2271 4211 2305 4280 ἡ
2339 4205 2550 4276 ἱστορία
2576 4203 2837 4256 διδάσκει.

371 4300 490 4366 pg’.
535 4311 552 4345 ι
605 4293 739 4347 Τότε
765 4293 895 4367 γάρ,
930 4297 1116 4366 φησὶν,
1141 4297 1170 4349 ὁ
1205 4295 1456 4368 βασιλεὺς
1479 4298 1880 4370 Ναϐουχοδονό-

295 4401 396 4456 αορ
429 4386 523 4437 ἐπὶ
556 4384 850 4458 πρόσωπον
883 4386 1069 4450 ἔπεσε,
1104 4388 1196 4440 καὶ
1227 4387 1306 4458 τῷ
1357 4389 1556 4461 Δανιὴλ
1611 4391 1882 4460 προσεκύ-

294 4494 450 4547 νησε,
483 4480 572 4532 καὶ
601 4480 786 4549 μαναά
808 4479 902 4534 καὶ
938 4480 1165 4534 εὐωδίαν
1198 4481 1242 4513 ⁸⁷
1278 4475 1400 4534 εἷπε
1435 4484 1654 4536 σπεῖσαι
1674 4483 1876 4556 αὐτῷ.»

307 4569 680 4644 Ἑνθυμήθητι
709 4573 787 4638 δὲ,
838 4573 1027 4642 ἡλίκον
1060 4573 1105 4606 ⁸⁸
1132 4575 1338 4628 ἐκεῖνον
1366 4574 1455 4628 τὸν
1485 4575 1740 4640 ἀλαζόνα,
1792 4578 1884 4630 τὸν

298 4663 621 4732 μεμηνότα,
670 4663 761 4716 τὸν
827 4665 921 4720 καὶ
971 4664 1104 4720 Θεὸν
1157 4661 1294 4719 εἶναι
1342 4667 1386 4700 ⁸³
1431 4667 1730 4738 νομίσαντα
1798 4669 1867 4740 (δι

296 4752 489 4824 ἑτέρου
545 4754 655 4826 γὰρ
717 4757 1000 4828 προφήτου
1057 4758 1224 4828 φησιν
1265 4761 1294 4812 ό
1345 4735 1647 4831 Θεὸςήπρδς
1677 4735 1840 4815 αὐτόν
1869 4779 1882 4792 σ

1991 4765 2255 4822 maverat,
2281 4756 2368 4812 cui
2394 4769 2492 4827 per
2519 4751 2688 4807 alium
2719 4749 3041 4822 prophetam
3067 4743 3211 4800 Deus
3239 4741 3381 4798 dixit
3409 4761 3422 4796 :
3453 4759 3471 4792 ι
3500 4740 3584 4794 Tu
3697 4735 3710 4745 '

299 4864 320 4898 ι
357 4845 431 4898 Σύ
458 4845 516 4899 δὲ
540 4841 593 4899 εἷ
622 4845 932 4918 ἄνθρωπος,
967 4849 1059 4902 καὶ
1091 4850 1151 4904 οὐ
1177 4847 1310 4912 Θεδς
1345 4851 1416 4922 ι),
1436 4849 1528 4904 τὸν
1557 4851 1766 4916 πάντας
1797 4853 1889 4907 ἀν-

296 4940 553 5012 θρώπους
610 4939 887 5009 ὑπηκόους
953 4941 1345 5014 ποιησάμενον,
1395 4943 1486 4996 τὸν
1539 4944 1887 5014 αἰχμάλωτον

294 5033 628 5104 προσκυνεῖν
678 5031 772 5084 τὸν
840 5031 1128 5097 Ἰουδαῖον,
1183 5032 1274 5090 τὸν
1331 5035 1671 5104 ἀνδραπόδου
1735 5036 1887 5101 τάξιν

2061 4303 2228 4359 Vens.
2271 4301 2360 4357 46.
2401 4318 2419 4352 ι
2475 4297 2637 4352 Tunc
2692 4295 2840 4351 enim
2897 4307 2993 4347 rex
3031 4285 3580 4347 Nabuchodonosor,

1986 4398 2188 4470 inquit,
2218 4393 2421 4451 cecidit
2457 4391 2511 4446 in
2546 4389 2768 4456 faciem,
2803 4394 2859 4441 et
2897 4380 3176 4437 Danieletn
3223 4375 3504 4438 adoravit,
3528 4383 3586 4428 et

1988 4468 2188 4546 tnanaa
2221 4496 2278 4542 et
2311 4487 2516 4540 bonum
2558 4481 2785 4536 odorem
2820 4476 2962 4532 dixit
3011 4475 3184 4529 libare
3217 4471 3292 4527 ei.
3329 4489 3347 4521 ι
3383 4468 3584 4524 Consi-

1987 4580 2121 4634 dera
2154 4586 2359 4640 antem,
2401 4572 2597 4645 quanti
2630 4569 2724 4634 sit,
2763 4573 3114 4637 arrogantem
3150 4562 3330 4624 illum,
3354 4559 3587 4614 insanize

1990 4670 2186 4727 morbo
2210 4673 2553 4735 correptum,
2585 4662 2679 4732 qui
2714 4659 2881 4714 etiam
2916 4656 3080 4712 deum
3128 4667 3252 4708 esse
3289 4665 3350 4707 se
3386 4649 3586 4704 existi-

1995 4861 2182 4909 autem
2212 4865 2273 4906 es
2297 4849 2490 4910 homo,
2509 4851 2565 4901 et
2589 4859 2699 4899 non
2737 4842 2904 4906 Deus,
2929 4857 2950 4892 ι
2983 4837 3075 4908 qui
3096 4851 3289 4891 omnes
3316 4833 3575 4888 homines

1995 4946 2052 5000 in
2086 4957 2240 4999 suam
2274 4938 2544 4995 ditionem
2576 4934 2888 5004 redegerat,
2920 4943 2986 4984 eo
3023 4926 3322 4980 adductum
3354 4938 3500 4984 esse.
3527 4930 3588 4976 nt

1994 5035 2273 5106 captivum
2301 5028 2560 5084 adoraret
2597 5022 2872 5085 Judautn,
2907 5019 2962 5074 in
2995 5014 3398 5085 mancipiorum
3431 5011 3585 5069 ordi-

1995 5105 2120 5183 nem
2152 5123 2461 5188 redactum,
2493 5117 2710 5187 sibique
2732 5108 3059 5185 persuadeat
3086 5108 3378 5179 pcripsum
3414 5105 3588 5178 ipsius

1998 5219 2168 5273 Deum
2211 5215 2466 5270 adorare.
2518 5208 2632 5264 Hac
2670 5206 2818 5264 enim
2879 5208 2945 5260 de
3007 5215 3173 5258 causa
3223 5219 3242 5253 ι
3279 5216 3469 5257 manna
3533 5207 3587 5253 ιι

294 5121 748 5192 ἀποπληροῦντα,
782 5124 878 5178 καὶ
908 5126 1162 5195 ἡγεῖσθαι
1196 5126 1285 5179 διὰ
1316 5126 1510 5180 τούτου
1553 5127 1644 5180 τὸν
1694 5127 1885 5182 τούτου

295 5218 627 5286 προσκυνεῖν
668 5215 822 5269 Θεόν.
855 5217 1058 5274 Τούτου
1105 5217 1215 5290 γὰρ
1265 5218 1426 5289 χάριν
1459 5239 1479 5271 ι
1510 5219 1692 5290 μαναά
1721 5221 1767 5252 ⁰⁰
1797 5221 1889 5272 καὶ

375 5404 401 5434 υ
437 5396 633 5451 Ezech.
674 5413 869 5462 xxvm,
902 5397 958 5460 2,
985 5398 1041 5452 9.

1548 5551 1782 5607 VARUE
1826 5549 2235 5608 LECTIONES.

369 5716 415 5748 ⁷⁸
438 5717 509 5768 εἰ.
532 5713 654 5769 Des.
679 5713 731 5766 in
764 5711 828 5767 Β.
892 5712 935 5744 ⁷⁸
966 5711 1006 5765 Β
1029 5709 1285 5776 δευτέραν
1315 5711 1534 5762 ἐννοεῖν.
1601 5707 1648 5739 ⁸ο
1676 5703 2017 5778 xai._Des._in
2041 5705 2102 5758 Β.
2169 5703 2211 5736 ⁸⁸
2241 5698 2414 5778 οξτος.
2609 5701 2794 5778 suppl.
2873 5701 2918 5732 ⁸²
2952 5695 3271 5778 Βώαξωὶνίανί
3372 5692 3446 5778 ’ᾗ
3485 5708 3582 5776 κρυ

300 5789 337 5846 n
377 5783 628 5851 ἐαρινῶν.
705 5784 751 5814 ει
792 5763 844 5854 ἦ.
889 5783 924 5837 u
954 5763 1107 5836 Qui."
1172 5771 1216 5812 ν
1255 5779 1294 5839 B
1326 5780 1483 5833 ἷκανὰ
1707 5778 1752 5808 η
1785 5776 1974 5854 913.33
2007 5793 2192 5852 prtem.
2229 5763 2388 5847 τῆς(
2450 5772 2496 5800 ’ν
2532 5773 2572 5827 B
2630 5763 2875 5835 εὐωδίας.
2987 5768 3031 5799 κο
3095 5765 3135 5819 B
3177 5764 3360 5834 ἡλικιν
3405 5763 3578 5816 ἐστίν.

300 5841 342 5892 ir“
375 5841 535 5911 ἐλαι.
584 5856 620 5910 Β
642 5841 832 5926 prtem:
865 5854 1071 5907 ἑαυτόν.
1157 5853 1204 5882 ’⁸
1227 5869 1352 5926 μαν.
1386 5851 1423 5902 B
1458 5866 1643 5922 prarm.
1687 5841 1868 5923 λετ-βω,
1899 5841 2082 5903 εἶπεν(
