4070 6460
473 439 608 507 1311

473 659 716 703 mentum
747 645 795 698 ei
829 643 1009 697 offerri
1042 638 1342 694 mandavit.
1389 636 1492 692 Per
1521 637 1636 690 haec
1670 646 1850 691 autem
1880 635 2062 689 innuit

473 736 726 794 historia,
759 733 862 801 hoc
893 734 1045 786 illutn
1079 731 1438 801 prmeepisse,
1473 736 1532 781 ιιι
1585 728 1834 784 facerent
1884 728 1920 782 ii
1964 726 2059 797 qui

473 824 788 880 sacerdotes
851 821 1196 877 haberentur
1250 839 1263 875 ε
1317 819 1411 890 qui
1478 820 1628 875 enim
1708 819 2060 884 adoraverat,

474 929 704 986 prorsus
729 913 898 968 etiam
939 913 1168 968 odorem
1225 913 1527 979 attulisset,
1559 910 1608 967 si
1666 911 1830 966 modo
1873 925 2064 966 sacer-

470 1006 617 1062 dotis
644 1004 827 1060 olIicio
882 1003 1035 1076 fungi
1098 1005 1502 1060 consuevisset.
1554 1002 1693 1070 Quia
1754 1018 1886 1057 vero
1931 1003 2063 1058 aliis

473 1101 578 1152 hoc
621 1098 855 1151 omnino
895 1097 1288 1161 conveniebat,
1332 1098 1461 1166 ipse.
1493 1113 1604 1152 non
1641 1095 2063 1166 aggrediebatur

470 1205 534 1244 ea
579 1189 763 1245 facere
785 1204 912 1260 quae
947 1190 1136 1245 minus
1175 1189 1458 1251 decerent.
1507 1204 1698 1245 verum
1735 1188 1805 1243 iis
1830 1189 1923 1258 qui
1979 1187 2062 1242 t'a-

471 1297 598 1338 cere
630 1282 893 1338 solebant
921 1281 974 1334 id
1015 1281 1263 1352 pracipit
1297 1290 1356 1334 ut
1381 1279 1603 1335 faciant.
1644 1279 1712 1333 Et
1751 1295 1819 1335 ne
1850 1278 2062 1335 frustra

472 1374 761 1430 videretur
802 1373 1082 1428 hominem
1141 1375 1398 1438 adorare,
1458 1371 1668 1428 Danieli
1721 1372 1854 1427 dicit
1896 1391 1909 1427 :
1945 1371 2061 1445 [47]

480 1485 498 1515 ι
539 1463 598 1521 In
624 1467 861 1521 veritate
892 1465 1038 1520 Deus
1068 1474 1252 1522 vester
1286 1465 1403 1534 ipse
1419 1472 1505 1520 cst
1539 1462 1685 1520 Deus
1706 1463 1936 1520 deorum
1961 1503 1976 1527 ,
2006 1471 2064 1520 et

476 1557 749 1613 Dominus
784 1564 1072 1628 regnm,et
1115 1556 1379 1627 mysteria
1411 1557 1684 1620 revelans,
1715 1555 1846 1626 quia
1883 1555 2064 1625 potui‘

478 1647 547 1702 sti
583 1647 831 1722 revelare
860 1646 1188 1718 mysterium
1217 1646 1345 1701 hoc.
1393 1665 1413 1698 ι
1445 1645 1683 1700 Tantum
1721 1647 1982 1702 utilitatis
2009 1653 2064 1701 et

477 1755 574 1812 per
632 1740 928 1800 somnium,
969 1746 1025 1794 et
1079 1755 1177 1809 per
1225 1740 1429 1794 somnii
1474 1739 1811 1795 oblivionem
1861 1740 1916 1796 ei
1977 1747 2062 1794 at-

479 1832 606 1889 tulit
622 1831 865 1886 omnium
890 1847 1073 1887 rerum
1105 1832 1442 1887 moderator.
1468 1829 1713 1887 Primum
1732 1834 1878 1888 enim
1905 1849 2060 1889 suam

477 1923 702 1994 agnovit
769 1923 1219 1986 httntilitatem,‘
1287 1923 1490 1978 deinde
1541 1940 1735 1980 eorum
1804 1925 2064 1990 deorum,

475 2028 619 2086 quos
650 2015 888 2077 colebat,
921 2015 1133 2084 1102
1157 2013 1351 2069 didicit
1382 2015 1819 2070 imbecillitatem
1842 2034 1856 2069 :
1877 2015 2068 2070 adhaec

476 2106 711 2164 edoctus
741 2119 848 2174 est,
884 2116 1092 2178 quanta
1146 2109 1220 2163 sit
1251 2108 1425 2172 illius,
1459 2107 1554 2179 qui
1602 2123 1729 2163 vero
1765 2107 1916 2164 Deus
1959 2117 2066 2174 est,

480 2200 682 2255 virtus.
725 2198 940 2255 Idcirco
968 2203 1247 2256 exclamat
1273 2219 1287 2255 :
1327 2220 1346 2252 ι
1378 2200 1438 2255 1η
1465 2201 1700 2256 veritate
1724 2201 1867 2256 Dens
1886 2209 2070 2257 vester

479 2293 599 2362 ipse
642 2300 728 2347 est
769 2292 916 2347 Deus
945 2293 1200 2356 deorum,
1232 2302 1287 2350 et
1339 2294 1604 2350 Dominus
1639 2311 1857 2366 regum,
1894 2305 1950 2352 ct
1983 2312 2070 2352 re-

477 2384 671 2442 velans
716 2387 996 2457 mysteria.
1033 2406 1050 2438 I
1095 2387 1260 2442 Deum
1312 2399 1500 2444 autem
1553 2391 1773 2445 deorum
1803 2391 2067 2462 appellat,

479 2491 590 2530 non
623 2475 933 2532 secundum
964 2478 1169 2534 divina:
1196 2479 1503 2550 Scripturte
1531 2483 1901 2551 sententiam;
1941 2499 2067 2538 nam

480 2569 669 2623 divina
710 2567 1002 2640 Scriptura
1067 2572 1366 2628 sacerdotii
1416 2573 1690 2645 dignitate
1740 2575 2069 2632 honestatos

479 2659 606 2716 deos
633 2670 818 2718 vocat.
878 2681 898 2714 ι
925 2662 1041 2719 Diis
1082 2666 1251 2732 enim,
1289 2665 1492 2736 inqttit,
1529 2681 1638 2722 non
1681 2668 1964 2735 detrahes,
2017 2676 2071 2725 et

481 2754 719 2825 principi
753 2756 944 2825 populi
997 2756 1076 2811 tui
1109 2771 1222 2812 non
1287 2759 1590 2816 maledices
1607 2769 1659 2828 νς
1692 2780 1710 2812 ι
1744 2762 1850 2817 iste
1884 2770 2071 2816 autem

481 2845 606 2899 deos
633 2845 930 2915 appellavit
965 2846 1113 2902 idola
1142 2863 1156 2912 ;
1185 2849 1430 2902 nondum
1468 2851 1614 2906 enim
1643 2858 1895 2920 potuerat
1921 2851 2073 2922 ipso-

485 2951 604 2992 rum
657 2937 1090 2995 imbecillitatem
1126 2941 1700 3013 penitnsintelligere.
1760 2943 2072 2999 Discrimen

481 3037 665 3083 tamen
693 3029 889 3085 didicit
923 3050 936 3084 :
970 3046 1142 3101 quare
1174 3034 1340 3088 etiam
1385 3033 1549 3087 Deum
1574 3033 1792 3089 deorum
1823 3035 2071 3090 omnium

484 3135 671 3176 rerum
705 3129 990 3178 auctorem
1030 3123 1226 3190 Deum,
1253 3132 1308 3180 ct
1347 3123 1631 3180 Dominum
1681 3144 1863 3198 regum
1888 3135 2068 3183 vocat.

485 3215 610 3269 llaec
643 3212 718 3270 ita
747 3215 1038 3274 confessus
1071 3235 1086 3270 :

556 3393 719 3453 Vens.
747 3397 838 3454 48.
872 3418 891 3450 ι
922 3399 1296 3470 Magniﬁcavit
1328 3400 1630 3466 Danielem,
1654 3409 1708 3457 et
1737 3401 1880 3457 dona
1904 3403 2074 3457 multa

483 3486 636 3540 dedit
657 3489 730 3549 ei,
760 3494 814 3543 et
847 3492 1144 3547 constituit
1167 3506 1294 3545 eum
1325 3506 1494 3556 super
1525 3504 1747 3548 omnem
1788 3495 2071 3564 regionem

485 3578 814 3650 Babylonis.
877 3590 936 3636 et
983 3583 1294 3653 principem
1351 3592 1730 3653 satraparum,
1791 3595 1847 3640 et
1911 3600 2076 3655 super

483 3683 682 3725 omnes
751 3671 1038 3741 sapientes
1091 3672 1417 3744 Babylonis.
1453 3693 1470 3728 ι
1515 3674 1632 3732 [loc
1685 3677 1815 3732 item
1870 3678 2076 3733 divina:

483 3775 637 3814 cura;
677 3765 963 3831 proprium
1014 3772 1121 3819 est.
1173 3765 1468 3821 Maximam
1533 3768 1802 3838 subjectis
1855 3772 2076 3841 populis

489 3850 763 3922 principis
799 3853 978 3923 pietas
1017 3855 1177 3912 aﬂ‘ert
1208 3857 1509 3912 utilitatem
1553 3876 1567 3914 :
1603 3860 1752 3929 quod
1782 3862 1948 3916 etiam
1979 3860 2076 3916 Jo-

487 3941 644 4013 sepbi
677 3951 926 4016 tempore
956 3947 1225 4003 Dominus
1255 3949 1408 4006 fecit.
1446 3951 1521 4007 De
1564 3967 1677 4022 quo
1714 3954 1865 4009 brevi
1903 3955 2075 4011 veluti

487 4037 816 4107 compendio
847 4054 1103 4106 narrans,
1141 4058 1266 4112 quae
1297 4041 1403 4113 ipsi
1435 4043 1697 4101 videlicet
1743 4047 2074 4116 acciderim,

488 4127 683 4184 beatus
738 4127 907 4185 David
933 4170 947 4193 ,
985 4131 1227 4188 divinam
1277 4135 1570 4193 celebrans
1611 4138 2017 4207 providentiam
2059 4157 2072 4191 :

515 4238 534 4272 ι
577 4219 746 4285 Misit,
795 4222 999 4292 inquit.
1049 4237 1177 4281 ante
1233 4241 1332 4281 eos
1381 4229 1582 4293 virum,
1616 4243 1715 4299 pro
1764 4247 1928 4287 servo
1984 4248 2079 4287 vev

489 4314 793 4369 numdatus
836 4323 923 4370 est
959 4315 1160 4389 Ioseph
1193 4328 1241 4372 κ.
1283 4340 1304 4374 ιι
1365 4320 1571 4377 Deinde
1627 4329 2080 4383 commemoratis

486 4421 610 4473 quae
659 4408 710 4461 ei
768 4423 1001 4465 evenere
1077 4412 1521 4481 calamitatibus,
1583 4423 1638 4470 et
1719 4419 1964 4473 carceris
2014 4436 2080 4473 ac

1469 433 1953 494 TIIEODORETI
1993 431 2335 492 EPISCOPI
2375 435 2739 496 CYRENSIS

384 577 400 592 ο
473 556 680 609 bonum
721 551 946 607 odorem
970 549 1138 603 libare
1172 547 1244 610 ei,
1292 566 1307 597 ι
1348 550 1451 599 hoc
1480 553 1586 603 est.
1625 543 1776 607 thus.
1811 552 1866 599 et
1907 543 2056 598 sulti-

2173 544 2390 598 εὐωδίαν
2422 549 2643 600 σπεῖσαι
2665 547 2833 617 αύτῷ,
2864 565 2882 598 ι
2918 545 3186 613 τουτέστι,
3215 547 3511 604 λιϐανωτὸν
3529 554 3621 606 καὶ
3652 571 3755 606 ου·-

3602 433 3750 505 i312

2169 634 2350 704 μίαμα
2399 637 2825 707 προσενεχθῆναι
2864 639 3014 710 αὐτῷ
3072 641 3393 698 ἐνετείλατο.
3435 643 3752 700 Λίνίττεται

2164 725 2222 780 δὲ
2254 727 2342 780 διὰ
2387 727 2596 782 τούτων
2654 731 2687 799 ἡ
2738 731 2969 802 ἱστορία,
2998 732 3075 797 ὡς
3117 735 3233 798 τοῖς
3263 733 3512 791 δοκοῦσιν
3540 739 3753 810 ἱερεῦσι

2163 815 2323 869 τοῦτο
2357 817 2578 886 ποιῆσαι
2630 821 3039 892 παρεγγύησεν,
3097 822 3158 876 '0
3203 823 3311 896 γὰρ
3360 831 3753 899 προσκυνήσας

2165 907 2385 970 πάντως
2446 907 2513 961 ἂν
2564 909 2660 962 καὶ
2709 909 2809 980 τὴν
2864 912 3094 966 εὐωδίαν
3127 915 3537 986 προσενηνόχει,
3588 919 3751 990 είπερ

2153 1000 2472 1072 ορατεύειν
2495 1003 2698 1056 εἰώθει.
2746 1003 2964 1076 Ἐπειδὴ
2989 1005 3047 1058 δὲ
3075 1004 3232 1059 τοῦτο
3255 1005 3436 1072 ἄλλοις
3463 1008 3506 1042 ⁹¹
3530 1008 3754 1073 πάντως

2167 1093 2435 1163 ἁρμόττον
2463 1094 2508 1126 ⁸⁸
2540 1091 2630 1166 ἦν,
2679 1097 2841 1160 αὐτὸς
2889 1096 2990 1167 μὲν
3023 1096 3124 1150 οὐκ
3154 1099 3430 1169 ἐπεχείρει
3464 1104 3659 1162 ποιεῖν.
3713 1101 3751 1156 ἃ

2168 1183 2243 1254 μὴ
2275 1183 2321 1213 ⁸³
2376 1184 2653 1254 προσῆκον
2709 1180 2799 1254 ἦν,
2860 1187 2971 1250 τοῖς
3007 1183 3064 1238 δὲ
3103 1187 3276 1239 ποιεῖν
3324 1186 3540 1240 εἰωθόσι
3588 1185 3754 1240 τοῦτο

2167 1275 2390 1344 ποιῆσαι
2445 1275 2902 1346 παρακελεύεται.
2954 1274 3065 1330 Καὶ
3120 1277 3208 1330 ἵνα
3267 1277 3344 1348 μὴ
3390 1276 3518 1349 δόξῃ
3568 1278 3752 1350 μάτην

2164 1365 2453 1437 ἄνθρωπον
2483 1369 2829 1436 προσκυνεῖν,
2862 1367 3014 1434 λέγει
3041 1365 3121 1439 τῷ
3141 1367 3339 1440 Δανιήλ
3362 1384 3376 1398 ’
3407 1387 3426 1420 ι
3470 1369 3591 1424 Ἐπ’
3620 1369 3758 1439 ἀλη-

2165 1458 2316 1523 θείας
2360 1461 2389 1513 δ
2414 1459 2547 1523 Θεὸς
2584 1459 2738 1530 ὑμῶν
2772 1454 2927 1524 οὗτός
2963 1461 3082 1513 ἐστι
3114 1459 3248 1524 Θεὸς
3279 1460 3438 1522 θεῶν,
3489 1461 3583 1515 καὶ
3632 1458 3759 1515 Κύ-

2169 1569 2282 1622 ριος
2305 1551 2413 1606 τῶν
2441 1555 2488 1586 θ’
2516 1552 2801 1622 βασιλέων,
2842 1554 2930 1606 καὶ
2954 1555 2983 1606 ὁ
3013 1552 3414 1606 ἀποκαλύπτων
3451 1553 3755 1625 μυστήρια,

2165 1645 2246 1698 ὅτι
2294 1645 2569 1716 ἠδυνήθης
2595 1645 2946 1715 ἀποκαλύψαι
2972 1643 3036 1697 τὸ
3063 1646 3362 1716 μυστήριον
3389 1644 3564 1699 τοῦτο.
3602 1664 3620 1696 ι
3645 1646 3726 1698 Το
3743 1675 3759 1684 -

2169 1732 2374 1804 σαύτην
2427 1735 2491 1786 εκ
2527 1750 2587 1786 τε
2635 1735 2680 1767 ⁵⁸
2723 1734 2820 1788 τοῦ
2871 1735 3146 1799 ἐνυπνίου,
3197 1735 3292 1787 καὶ
3342 1734 3443 1806 τῆς
3497 1733 3598 1788 τοῦ
3659 1734 3760 1787 ἑν-

2168 1827 2359 1880 υπνίου
2383 1827 2428 1860 "
2453 1827 2621 1900 λήθης
2646 1827 2914 1896 ὠφέλειαν
2947 1827 3094 1899 αὐτῷ
3118 1827 3228 1881 τῶν
3253 1827 3391 1881 ὅλων
3421 1830 3450 1881 ὀ
3482 1826 3762 1898 πρύτανις

2173 1921 2557 1990 προσενήνοχε.
2591 1918 2814 1988 Πρῶτον
2845 1919 2942 1990 μὲν
2973 1919 3082 1990 γὰρ
3105 1919 3245 1988 ἔγνω
3287 1919 3384 1990 τὴν
3411 1919 3618 1973 οἰκείαν
3661 1922 3763 1973 εύ-

2170 2014 2404 2080 τέλειαν,
2433 2016 2625 2069 ἔπειτα
2657 2015 2945 2088 μεμάθηκε
2965 2016 3074 2071 τῶν
3107 2020 3198 2072 ὑπ’
3226 2017 3390 2071 αὑτοῦ
3413 2034 3760 2090 προσκυνου-

2175 2106 2350 2176 μένων
2400 2105 2537 2160 θεῶν
2577 2105 2676 2178 τὴν
2721 2106 3027 2174 ἀσθένειαν,
3061 2108 3199 2180 πρὸς
3245 2108 3454 2172 τούτοις
3499 2107 3762 2180 ἐδιδάχθη

2170 2197 2270 2269 τὴν
2323 2198 2604 2269 ἐνέργειαν
2634 2201 2678 2234 ⁵⁷
2720 2199 2814 2254 τοῦ
2858 2200 3030 2263 ϐντως
3075 2199 3232 2254 Θεοῦ.
3293 2195 3368 2255 Ob
3412 2199 3574 2270 χάριν
3621 2198 3759 2269 βοᾷ·

2178 2312 2196 2343 ι
2239 2293 2356 2344 Ἐπ’
2380 2291 2638 2363 ἀληθείας
2665 2294 2693 2347 ὁ
2725 2292 2855 2357 Θεὸς
2882 2294 3058 2363 ὑμῶν,
3090 2287 3245 2358 οὗτός
3281 2295 3401 2347 ἔστι
3425 2292 3559 2357 Θεὸς
3578 2293 3689 2346 τῶν
3713 2293 3764 2324 ’⁸

2172 2385 2330 2449 θεῶν,
2367 2389 2462 2440 καὶ
2508 2389 2714 2459 Κύριος
2751 2389 2870 2461 ,τῶν
2901 2388 3188 2459 βασιλέων,
3221 2389 3314 2444 καὶ
3349 2387 3762 2444 ἀποκαλύπτων

2175 2463 2468 2549 μυστήρια.
2519 2497 2538 2529 ι
2600 2480 2750 2534 Θεὸν
2775 2479 2835 2532 δὲ
2872 2479 3024 2534 θεῶν
3053 2479 3474 2552 προσαγορεύει,
3503 2479 3565 2534 οὐ
3613 2478 3762 2532 κατά

2173 2571 2270 2640 τὴν
2299 2571 2539 2626 διάνοιαν
2569 2572 2668 2643 τῆς
2701 2571 2852 2638 θείας
2898 2573 3152 2645 Γραφῆς·
3185 2577 3218 2646 ή
3246 2575 3291 2607 ”
3337 2573 3436 2644 μὲν
3477 2573 3584 2643 γὰρ
3635 2571 3762 2625 θεία

2173 2663 2361 2734 Γραφὴ
2383 2665 2508 2728 τοὺς
2527 2663 2863 2736 ἠξιωμένους
2889 2667 2902 2697 ⁸
2933 2669 3234 2738 ἱερωσύνης
3259 2665 3515 2737 ὀνομάζει
3544 2665 3723 2730 θεοὺς
3743 2680 3754 2691 ·

2179 2774 2196 2806 ι
2240 2755 2410 2820 Θεοὺς
2459 2757 2590 2829 γὰρ,
2622 2760 2808 2827 φησὶν,
2848 2759 2910 2813 οὐ
2938 2761 3356 2828 κακολογήσεις,
3386 2758 3482 2812 καὶ
3516 2756 3760 2829 ἄρχοντα

2173 2847 2268 2900 τοῦ
2296 2847 2427 2901 λαοῦ
2461 2866 2552 2902 σου
2575 2851 2676 2903 οὐκ
2701 2851 2847 2921 ἐρεῖς
2875 2852 3060 2916 κακῶς
3083 2870 3096 2884 ο
3127 2870 3147 2904 ι
3176 2845 3329 2914 οὗτος
3360 2849 3419 2904 δὲ
3459 2849 3637 2916 θεοὺς
3687 2848 3762 2901 τὰ

2175 2941 2366 2994 εἴδωλα
2389 2942 2856 3013 προσηγόρευσεν·
2880 2945 3094 2998 οὐδέπω
3128 2943 3238 3014 γὰρ
3261 2943 3500 3016 ἠδυνήθη
3529 2943 3589 2997 τὸ
3618 2959 3760 2996 παν-

2175 3029 2346 3092 τελῶς
2376 3030 2556 3083 αὐτῶν
2579 3032 2599 3061 ³
2629 3031 2853 3095 ἀσθενὲς
2883 3033 3137 3086 συνιδεῖν.
3179 3033 3485 3103 Μεμάθηκε
3516 3032 3574 3085 δὲ
3608 3031 3761 3101 ὅμως

2175 3123 2235 3176 τὸ
2259 3122 2533 3192 διάφορον,
2565 3122 2646 3176 διὸ
2689 3123 2784 3176 καὶ
2821 3124 2972 3178 Θεὸν
2999 3122 3122 3177 τῶν
3165 3122 3316 3178 θεῶν
3357 3123 3449 3176 τὸν
3480 3122 3590 3176 τῶν
3620 3121 3762 3174 ὅλων

2101 3227 2144 3283 C
2177 3214 2573 3284 προσαγορεύει
2604 3214 2758 3280 Θεὸν,
2791 3216 2885 3268 καὶ
2917 3217 3138 3285 Κύριον
3151 3214 3460 3281 βασιλέων
3491 3218 3531 3268 ³.
3589 3213 3762 3271 Ταῦθ’

2175 3307 2348 3371 οὕτως
2374 3307 2737 3379 ὁμολογήσας,

2251 3401 2362 3472 μη’.
2398 3419 2418 3452 ι
2463 3401 2798 3472 Ἐμεγάλυνε
2829 3399 2919 3454 τὸν
2949 3401 3170 3471 Δανιὴλ,
3208 3399 3302 3454 καὶ
3340 3399 3548 3470 δόματα
3589 3397 3762 3452 πολλὰ

2177 3493 2377 3548 ἔδωκεν
2400 3494 2570 3564 αὐτῷ.
2621 3494 2713 3549 καὶ
2759 3494 3094 3564 κατέστησεν
3125 3493 3286 3548 αὐτὸν
3308 3494 3399 3546 ἐπὶ
3433 3492 3615 3561 πάσης
3659 3491 3762 3562 τῆς

2177 3585 2363 3656 χώρας
2396 3586 2736 3650 Βαϐυλῶνος,
2774 3589 2868 3641 καὶ
2913 3589 3151 3658 ἄρχοντα
3190 3583 3507 3657 σατραπῶν,
3540 3583 3632 3637 καὶ
3667 3586 3762 3636 ἐπὶ

2179 3677 2386 3741 πάντας
2410 3679 2538 3740 τοὺς
2571 3679 2767 3745 σοφοὺς
2790 3677 3132 3742 Βαϐυλῶνος.
3173 3695 3191 3729 ι
3237 3677 3350 3731 Καὶ
3387 3675 3545 3729 τοῦτο
3577 3674 3633 3728 δὲ
3658 3673 3761 3743 τῆς

2177 3768 2327 3831 θείας
2384 3768 2710 3839 κηδεμονίας
2761 3769 2908 3823 ἴδιον.
2958 3769 3241 3840 Μεγίστην
3275 3769 3615 3837 φέρει⁸τοῖς
3665 3765 3760 3820 ὑπο

2178 3859 2363 3929 ηκὸοις
2380 3859 2479 3929 τὴν
2503 3860 2770 3928 ὠφέλειαν
2790 3859 2882 3913 τοῦ
2907 3861 3167 3930 ἄρχοντος
3191 3859 3511 3932 ήεύσέϐειαο
3532 3857 3689 3912 τοῦτο
3704 3859 3761 3912 δὲ

2179 3955 2273 4008 καὶ
2295 3952 2386 4006 ἐπὶ
2415 3952 2510 4006 τοῦ
2553 3954 2750 4026 Ἰωσὴφ
2783 3954 3085 4023 πεποίηκεν
3106 3954 3134 4006 6
3159 3953 3456 4022 Δεσπότης.
3487 3952 3600 4006 Καὶ
3629 3969 3762 4005 συνο

2179 4043 2490 4117 τομώτερον
2527 4045 2556 4096 ὸ
2583 4045 2855 4116 μακάριος
2885 4045 3050 4099 Δαϐὶδ
3087 4044 3156 4098 τὰ
3203 4045 3325 4098 κατ’
3347 4044 3512 4098 αὐτὸν
3544 4042 3762 4114 διηγού-

2183 4156 2364 4209 μενος,
2389 4138 2482 4192 καὶ
2507 4137 2605 4209 τὴν
2623 4136 2774 4190 θείαν
2806 4137 3065 4209 πρόνοιαν
3093 4136 3276 4208 ὑμνῶν
3299 4135 3339 4200 ⁸,
3366 4133 3530 4207 φησίν
3553 4151 3568 4166 ο
3595 4152 3614 4184 ι
3653 4133 3761 4200 Ἑξ-

2181 4231 2501 4286 απέστειλεν
2527 4231 2546 4262 ⁷
2586 4229 2895 4302 ἔμπροσθεν
2926 4229 3108 4283 αὐτῶν
3134 4228 3444 4299 ἄνθρωπον,
3470 4229 3548 4291 είς
3575 4225 3764 4279 δοῦλον

2181 4325 2395 4397 ἐπράθη
2416 4329 2443 4378 ὁ
2471 4325 2492 4357 ⁸
2530 4325 2750 4395 Ἰωσήφ.
2765 4343 2782 4376 ι
2817 4319 2952 4376 Εἶτα
2973 4321 3042 4375 τὰ
3064 4321 3448 4392 συμϐεϐηκότα
3470 4318 3619 4390 αὐτῷ
3639 4319 3764 4372 δυσ-

2181 4420 2465 4489 χερήματα
2505 4416 2664 4482 λέξας
2692 4416 2737 4480 ⁸,
2765 4415 2859 4469 καὶ
2890 4414 2992 4485 τῆς
3015 4412 3258 4485 εἱρκτῆς,
3292 4412 3387 4466 καὶ
3413 4411 3522 4465 τῶν
3549 4411 3766 4481 δεσμῶν

486 4498 835 4554 vinculorum
903 4504 1185 4560 mentione
1262 4504 1449 4572 facta,
1508 4507 1746 4576 subjecit
1793 4533 1806 4564 ;
1857 4531 1875 4561 ι
1933 4511 2070 4566 Misit

2191 4509 2588 4579 μνημονεύσας,
2615 4510 2928 4577 ἐπήγαγεν·
2960 4524 2979 4558 ι
3031 4506 3342 4559 Ἀπέστειλε
3375 4502 3648 4575 βασιλεὺς,
3676 4506 3770 4556 καὶ

491 4600 714 4652 rex,'et
765 4591 932 4648 solvit
989 4609 1114 4649 eum
1171 4596 1427 4666 princeps
1487 4599 1698 4668 1103
1752 4604 1961 4670 populi,
2029 4615 2070 4659 et

2189 4601 2378 4655 ἔλυσεν
2407 4602 2569 4654 αὑτὸν
2606 4601 2788 4670 ἄρχων
2821 4598 2975 4664 λαοῦ,
3005 4599 3099 4652 καὶ
3143 4598 3355 4668 ἀφῆκεν
3391 4598 3573 4663 αὐτὸν,
3602 4597 3696 4649 καὶ
3727 4596 3769 4628 ¹⁶

490 4680 700 4736 dimisit
755 4699 880 4738 eum
919 4704 932 4740 :
966 4695 1020 4741 et
1069 4689 1362 4744 constituit
1437 4704 1562 4743 eum
1632 4689 1918 4748 Dominum
1986 4695 2080 4750 do-

492 4788 614 4830 mus
646 4790 780 4840 suae,
813 4784 865 4831 et
893 4781 1200 4851 principem
1248 4782 1431 4836 omnis
1487 4783 1862 4851 possessionis
1920 4802 2032 4842 suae
2069 4807 2081 4842 :

492 4872 554 4917 ut
613 4866 859 4923 erudiret
938 4872 1214 4943 principes
1281 4872 1404 4942 ejus
1469 4874 1619 4928 sicut
1674 4879 2078 4947 semetipsum,

489 4962 546 5007 et
581 4971 742 5013 senes
773 4959 894 5030 ejus
927 4964 1280 5034 prudentiam
1304 4963 1594 5018 docere”.
1633 4983 1651 5016 ι
1683 4965 1759 5020 lta
1789 4969 1955 5023 etiam
1991 4972 2082 5028 hic

495 5045 626 5100 fecit
658 5050 904 5105 omnium
951 5069 1137 5110 rerum
1198 5053 1531 5108 Moderator.
1575 5055 1712 5109 Cum
1751 5058 1896 5113 cnim
1928 5064 2076 5131 prin-

569 5220 594 5244 ν
633 5209 806 5267 Exod.
840 5229 979 5277 χιιι,
1008 5217 1096 5274 28.
1181 5230 1204 5256 ι
1233 5221 1507 5287 Psal.ctv,
1547 5229 1628 5282 l7.

2188 4695 2526 4763 κατέστησεν
2571 4692 2733 4744 αὐτὸν
2761 4691 2948 4762 κύριον
2978 4691 3071 4744 τοῦ
3101 4693 3251 4744 οἴκου
3303 4689 3492 4752 αὐτοῦ,
3545 4692 3641 4743 καὶ
3669 4691 3770 4760 ἄρα

2188 4801 2350 4854 χοντα
2374 4784 2556 4854 πάσης
2581 4784 2680 4852 τῆς
2727 4785 2974 4855 κτήσεως
3002 4783 3170 4838 αὐτοῦ
3194 4799 3208 4815 ο
3254 4783 3543 4838 παιδεῦσαι
3571 4783 3611 4814 ¹¹
3643 4786 3770 4846 τοὺς

2187 4879 2454 4948 ἄρχοντας
2479 4875 2663 4940 αὑτοῦ,
2695 4877 2770 4938 ὡς
2818 4877 3028 4942 ἑαυτὸν,
3072 4878 3317 4941 καὶτοὺς
3359 4875 3770 4947 πρεσϐυτέρους

2189 4969 2353 5023 αὐτοῦ
2396 4971 2438 5002 ⁸⁸
2470 4971 2706 5038 σοφίσαι.
2725 4990 2740 5018 ι
2769 4969 2926 5022 Οῦτω
2967 4969 3260 5023 κάντεῦθεν
3289 4969 3330 5001 ⁸⁸
3362 4969 3634 5040 πεποίηκε
3659 4966 3771 5020 τῶν

2189 5063 2326 5116 ὅλων
2355 5066 2382 5116 ὁ
2411 5062 2704 5133 Πρύτανις.
2742 5065 3014 5134 ’Λρχοντα
3039 5066 3146 5136 γὰρ
3201 5063 3495 5133 σατραπῶν
3543 5063 3635 5116 καὶ
3664 5063 3770 5115 τῶν

1727 5240 1756 5279 r
1788 5234 1918 5287 iam.
1954 5234 2045 5300 20,
2070 5232 2167 5286 22.

1794 5363 2027 5417 VARle
2055 5362 2466 5419 LECTIONILD.

571 5444 934 5526 "ﬁl-121mg
973 5450 1024 5505 in
1054 5453 1126 5526 _B.
1163 5523 1184 5526 ᾗ
1206 5455 1252 5486 ⁹¹
1291 5456 1426 5526 ἀρμ.
1474 5455 1515 5508 Β
1546 5471 1734 5524 praem.
1769 5457 1885 5525 οὐχ.
1963 5455 2008 5486 ’³
2036 5475 2070 5525 μ

2173 5456 2210 5509 Β
2247 5472 2436 5519 praem.
2494 5456 2572 5508 δέ.
2649 5457 2695 5526 ξι
2726 5455 2850 5508 τῶν.
2893 5455 2934 5506 Α
2999 5468 3187 5526 prtem:
3227 5453 3335 5526 τῷν
3389 5454 3765 5526 κυρέυνηίκαὶ

501 5513 774 5580 βασιλεύς.
871 5520 917 5551 ⁸⁸
945 5537 1023 5574 τε.
1054 5521 1092 5574 Β
1127 5523 1246 5586 τῆς.

1357 5503 1520 5579 δῗκάι
1543 5503 1597 5580 ἕξ
1612 5503 1790 5580 Et»).
1805 5503 1935 5580 'ti‘o's,
1984 5503 2134 5579 una:

2237 5528 2280 5559 ³⁷
2328 5544 2380 5580 κ.
2425 5529 2502 5580 έν.
2552 5527 2608 5579 In
2653 5525 2692 5579 B
2737 5527 2956 5594 ponitur
2999 5536 3118 5594 post
3151 5523 3308 5576 Θεοῦ.
3389 5523 3434 5554 ’³
3465 5523 3593 5576 τῶν.
3640 5522 3763 5576 Dus.

522 5586 653 5666 in_
677 5657 698 5666 _
729 5588 834 5666 ἐμή
861 5591 1109 5666 --ὸνομ.
1145 5593 1319 5658 θεούς.
1368 5594 1442 5648 Dc
1469 5597 1810 5666 principibus
1847 5597 1988 5648 hunc
2037 5597 2070 5648 Ιι·

2173 5613 2215 5649 rn
2271 5611 2459 5663 supra.
2496 5605 2534 5649 ι.
2581 5599 2618 5660 1,
2664 5586 2906 5666 p.157.
2942 5586 3146 5649 rectius
3214 5595 3608 5666 interpretatus
3661 5604 3763 5666 est.

505 5656 518 5685 '
560 5654 644 5734 tiri.
677 5657 752 5734 In
777 5654 1062 5734 B'ponitur'
1091 5673 1212 5730 post.
1248 5654 1429 5734 ίέρωσ.

507 5810 670 5875 ξηιιά
697 5801 732 5851 Ι.
760 5817 807 5854 ι’.
912 5805 1002 5875 ’-Β
1049 5806 1283 5875 δυσχερῆ

1317 5807 1638 5868 καταλέξας.

1530 5668 1548 5696 ³
1593 5669 1714 5736 αὐτ.
1749 5665 1802 5718 In
1831 5666 1870 5718 [3
1907 5667 2125 5736 ponitur
2175 5675 2296 5736 post
2341 5667 2585 5728 ἀσθενές.

503 5731 599 5780 καὶ
636 5729 847 5807 πολλὰ(
873 5730 927 5807 Β-
957 5729 1123 5807 πολλα
1154 5751 1207 5786 κ.
1247 5729 1371 5807 μέγ.
1451 5736 1470 5766 ⁵
1510 5737 1633 5807 φέρ.
1680 5735 1720 5787 Β
1759 5729 1946 5807 pra-ni.
1988 5735 2112 5806 γάρ.

1733 5808 1772 5836 ¹⁰
1825 5803 1865 5856 Β
1899 5803 2250 5873 κατέστηκε-ι,
2278 5803 2483 5860 omisso
2522 5807 2632 5858 καί.

511 5863 552 5914 Β
583 5863 631 5921 ct
666 5885 849 5937 supra,
876 5882 911 5928 t.
944 5873 984 5938 1,
1027 5891 1077 5944 p.
1115 5863 1283 5930 lii-35..
1312 5875 1409 5928 L'd.
1445 5863 1611 5944 print"
1635 5877 1758 5931 hab.
1786 5877 1984 5928 αὐτῶν.
2069 5883 2070 5891 ‘

2173 5878 2180 5924 l
2209 5863 2299 5928 καὶ
2331 5877 2522 5931 ἐνταῦθ
2533 5894 2580 5928 1.

2691 5666 2711 5696 ³
2735 5664 2854 5732 βασ.
2892 5665 2930 5717 Β
2987 5680 3174 5733 prtem.
3207 5665 3336 5717 τῶν.
3402 5664 3431 5734 ⁸⁸
3467 5665 3508 5716 Α
3559 5663 3768 5734 μεγάλα

2689 5737 2708 5766 τ
2738 5731 2780 5787 Β
2821 5731 3156 5788 ἀπέστειλεν.
3260 5736 3280 5767 ⁸
3319 5735 3363 5786 ὁ.
3400 5731 3521 5787 Des.
3559 5731 3611 5785 in
3651 5733 3688 5787 Β
3715 5743 3766 5784 νι

2197 5737 2218 5768 ⁸
2248 5737 2289 5788 Β
2336 5737 2433 5788 ἀνυ
2444 5737 2608 5788 πινῶν.

2248 5737 2289 5788 Β
2336 5737 2608 5806 ἀνυμνῶν.
2689 5737 2708 5766 τ
2743 5737 2780 5787 Β
2821 5737 3156 5788 ἀπέστειλεν.
3260 5737 3280 5767 ⁸
3319 5737 3363 5786 ὁ.
3400 5737 3521 5787 Des.
3559 5749 3611 5785 tn
3651 5737 3688 5787 B
3715 5743 3765 5784 rt

2248 5807 2483 5860 .omisso
2522 5807 2632 5858 καί.
2730 5807 2770 5837 “
2801 5805 2943 5860 παιδ.
2975 5805 3014 5860 Β
3057 5821 3240 5876 pran
3281 5804 3393 5859 τοῦ.
3481 5806 3520 5834 ³¹
3546 5805 3663 5856 αὐτ.
3693 5801 3765 5854 lla
