4070 6394
285 309 422 374 1313

1489 313 1564 372 TN
1610 314 1968 374 DANIELIS
2007 317 2162 377 CAP.
2206 317 2320 377 III.

3397 321 3530 384 13H

271 423 454 490 σοφῶν
489 422 806 486 Babylone;
833 425 920 477 τὸν
941 441 1335 495 τρισμακαριτιν
1360 423 1556 494 Δανιὴλ
1581 426 1846 494 καταστή-

1952 429 2124 496 cipem
2161 435 2514 498 satraparum
2557 435 2612 482 ct
2650 429 2961 496 sapientum
3001 427 3294 497 Bahytoms
3327 431 3528 486 beatis-

267 532 403 578 σας,
453 516 761 585 ἀρχέτυπον
804 515 966 568 αὑτὸν
1037 516 1318 578 εὐσεϐείας
1391 515 1486 569 καὶ
1532 514 1632 584 τῆς
1684 515 1851 584 ἄλλης

265 604 585 676 προύθηκεν
639 606 873 675 ἀρετῆςο
917 605 1031 658 ἀλλ’
1059 606 1207 676 ὅμως
1251 606 1352 659 οὐκ
1382 607 1638 676 ⁴ἰτνὲσχετο
1694 607 1850 676 μόνος

259 699 476 766 ταύτης
507 697 818 750 ἀπολαῦσαι
845 698 944 766 τῆς
973 701 1136 768 τιμῆς
1164 699 1192 750 ὁ
1222 699 1526 768 προφήτης,
1551 696 1686 751 ἀλλὰ
1725 700 1850 762 τοὺς

262 789 564 853 κοινωνοὺς
607 791 708 861 τῆς
741 791 908 860 εὐχῆς
961 792 1250 853 κοινωνοὺς
1299 789 1459 843 ἐλαεε
1513 792 1607 844 καὶ
1653 791 1696 823 ⁸⁵
1753 793 1850 861 τῆς

257 884 457 952 τιμῆς.

335 975 452 1044 με’.
485 993 503 1025 ι
547 974 816 1045 ᾘτήσατο
868 973 998 1044 γὰρ,
1050 974 1205 1042 φησὶ,
1238 971 1390 1043 παρὰ
1426 971 1520 1026 τοῦ
1559 973 1846 1044 βασιλέωῖν

257 1066 360 1116 καὶ
386 1063 723 1134 κατέστησεν
755 1063 847 1117 ἐπὶ
903 1064 1082 1117 πάντα
1120 1063 1189 1117 τά
1232 1062 1369 1134 ἔργα
1397 1063 1496 1132 τῆς
1527 1062 1710 1134 χώρας
1744 1066 1850 1116 Βα-

258 1155 506 1218 δυλῶνος
552 1155 643 1208 τδν
684 1153 906 1225 Σιδρὰχ,
967 1154 1175 1223 Μισὰχ,
1245 1155 1338 1207 καὶ
1384 1154 1706 1222 Ἀϐδεναγὼ,
1755 1156 1848 1209 καὶ

256 1244 472 1316 Δανιὴλ
487 1240 556 1314 ἦν
589 1247 631 1276 ⁸⁸
660 1245 718 1296 ἐν
748 1247 814 1314 τῇ
865 1244 1002 1314 αὐλῇ
1050 1244 1143 1298 τοῦ
1183 1243 1465 1314 βασιλέως.
1503 1263 1522 1295 ι
1556 1244 1846 1314 Συμϐαίνει

253 1335 359 1387 καὶ
382 1323 562 1387 ταύτα
605 1336 672 1404 τῇ
722 1333 817 1386 τοῦ
853 1333 1177 1386 Ἀποστόλου
1222 1332 1566 1403 διδασκαλίᾳ·
1597 1351 1617 1384 ι
1653 1333 1766 1387 Νῦν
1805 1335 1848 1367 ³⁸

253 1426 395 1496 γὰρ,
427 1425 586 1495 φησὶ,
624 1424 777 1496 μένει
835 1424 1041 1490 πίστις,
1065 1423 1243 1488 ἐλπὶς,
1268 1424 1458 1493 ἀγάπη
1482 1439 1494 1452 ·
1533 1424 1600 1478 τὰ
1649 1426 1777 1494 τρία
1805 1426 1846 1457 ⁸⁷

251 1517 466 1579 ταῦτα,
513 1517 715 1585 μείζων
777 1517 835 1570 δὲ
897 1518 1116 1571 πάντων
1143 1518 1185 1549 ³⁸
1216 1519 1249 1587 ἠ
1298 1518 1508 1588 ἀγάπη.
1542 1517 1694 1570 »Καὶ
1739 1517 1848 1588 γὰρ

252 1610 360 1665 καὶ
379 1604 541 1674 οὗτος
563 1613 590 1662 ὁ
614 1610 756 1674 θεῖος
785 1612 1070 1682 προφήτης
1092 1611 1347 1680 ἠγάπησε
1385 1610 1484 1680 μὲν
1518 1609 1608 1664 τὸν
1637 1609 1768 1663 Θεὸν
1791 1610 1849 1675 ἐξ

253 1701 398 1768 ὅλης
421 1700 674 1769 καρδίας,
700 1703 794 1754 καὶ
825 1700 884 1766 ἐξ
903 1701 1032 1772 ὅλης
1051 1701 1253 1771 ψυχῆς,
1271 1701 1364 1755 καὶ
1388 1700 1447 1765 ἐξ
1477 1700 1604 1772 ὅλης
1642 1702 1843 1772 ἰσχύος,

1951 520 2150 574 sinium
2197 517 2477 573 Danielem
2533 520 2947 585 constituisset,
3007 523 3291 590 exemplar
3351 523 3530 592 ipsum

1953 609 2199 678 pictatis.
2233 608 2526 678 omnisque
2574 609 2719 664 alius
2773 609 2998 664 virtutis
3045 613 3334 680 proposuit
3371 629 3384 664 :
3427 612 3535 664 hoc

1952 706 2135 752 tamen
2176 698 2386 752 honore
2443 697 2594 752 solus
2655 697 2866 768 perfrui
2926 713 3035 752 non
3087 700 3354 754 sustinuit
3406 715 3535 769 pro-

1952 791 2148 858 pheta,
2183 804 2369 843 verum
2412 804 2636 859 precum
2695 791 2883 845 socios
2920 789 3154 846 honoris
3196 791 3367 846 etiam
3424 789 3533 846 sibi

1950 882 2134 938 socios
2169 881 2384 935 ascivit.

2023 970 2192 1025 Vens.
2221 971 2312 1027 49.
2357 989 2378 1022 ι
2413 969 2727 1026 Postulavit
2777 971 2923 1024 enim
2955 985 2984 1023 a
3017 985 3168 1040 rege,
3221 969 3442 1042 inquit,
3476 978 3533 1024 et

1951 1064 2242 1119 constituit
2266 1077 2436 1132 super
2483 1063 2671 1117 omnia
2701 1076 2868 1131 opera
2928 1061 3170 1132 regionis
3211 1061 3530 1132 Babylonis,

1951 1152 2208 1220 Sidrach,
2244 1153 2479 1220 Misach,
2521 1161 2574 1209 et
2626 1153 2962 1224 Abdenagn,
2991 1162 3046 1208 et
3084 1152 3275 1209 Daniel
3308 1163 3428 1210 erat
3475 1154 3531 1208 in

1949 1246 2077 1299 aula
2105 1246 2272 1316 regis.
2315 1264 2334 1295 ι
2361 1243 2488 1300 Haec
2532 1245 2696 1300 etiam
2741 1246 3004 1300 accidunt
3031 1247 3348 1301 secundum
3383 1247 3533 1314 Apo-

1949 1339 2078 1392 stoli
2103 1337 2438 1392 doctrinam.
2479 1355 2498 1386 ι
2533 1335 2691 1391 Nunc
2713 1337 2884 1402 enim,
2922 1337 3125 1406 inquit,
3165 1347 3350 1391 manet
3380 1335 3532 1404 (Ides,

1951 1446 2102 1502 spes,
2133 1429 2401 1492 charitas,
2439 1428 2547 1481 tria
2585 1427 2726 1492 haec,
2782 1428 2963 1495 major
3011 1435 3196 1482 autem
3235 1433 3322 1482 est
3357 1428 3536 1481 omni-

1949 1521 2053 1577 bus
2079 1519 2324 1574 charitas
2339 1527 2382 1572 ι.
2424 1535 2443 1568 ›
2471 1515 2688 1571 Etenim
2719 1515 2944 1570 divinus
2969 1517 3135 1571 etiam
3161 1517 3249 1572 hic
3273 1517 3536 1586 propheta

1950 1610 2152 1665 dilexit
2178 1608 2350 1662 Deum
2375 1623 2440 1663 ex
2479 1613 2596 1660 toto
2631 1605 2822 1668 corde,
2860 1617 2916 1660 et
2944 1620 3009 1659 ex
3053 1613 3168 1660 tota
3219 1607 3430 1669 anima,
3481 1613 3539 1660 et

1949 1719 2017 1759 ex
2054 1710 2171 1756 toto
2205 1701 2438 1763 robore,
2479 1705 2534 1754 et
2581 1712 2648 1751 ex
2687 1696 2948 1750 munibus
2977 1695 3258 1761 viribus,‘
3296 1711 3539 1766 cumque

252 1794 358 1846 καὶ
381 1793 447 1858 ἐξ
474 1793 602 1864 ὅλης
627 1795 668 1826 ¹⁹
697 1793 982 1864 δυνάμεως
1009 1812 1023 1826 ·
1061 1795 1358 1864 ἀγαπήσας
1386 1793 1444 1846 δὲ
1473 1793 1691 1865 θερμῶς
1729 1797 1848 1848 ἐπί-

1955 1795 2230 1849 l'erventcr
2258 1797 2526 1855 amasset,
2562 1789 2780 1844 sincere
2807 1786 3065 1851 credidit,
3090 1796 3292 1842 etcum
3317 1789 3536 1844 sincere

255 1901 496 1937 στευσεν
527 1885 855 1955 εἰλικρινῶς,
912 1885 1220 1957 εἰλικρινῶς
1247 1885 1303 1938 δὲ
1325 1884 1624 1948 πιστεύσας
1653 1887 1850 1958 ἧλπισε

263 1981 360 2050 εῆς
378 1978 512 2048 παρ’
533 1977 698 2032 αὑτοῦ
713 1976 999 2042 τεύξεσθαι
1025 1976 1298 2048 βοηθείαςο
1322 1976 1502 2048 τυχὼν
1517 1977 1573 2028 δὲ
1595 1971 1668 2032 ὧν
1692 1979 1852 2050 ἠλπι-

252 2086 376 2131 σεν,
398 2068 570 2133 ἔδειξε
581 2070 679 2140 τὴν
698 2069 827 2139 περὶ
855 2069 946 2123 τὸν
975 2068 1144 2131 πέλας
1173 2069 1414 2136 ἀγάπην.
1445 2068 1539 2121 καὶ
1561 2071 1851 2132 κοινωνοὺς

260 2163 388 2225 τοὺς
413 2161 741 2232 ὁμοφύλους,
773 2155 849 2214 ὧν
895 2159 1107 2224 ἔλασεν,
1137 2161 1450 2230 ἐποιήσατο.
1480 2160 1617 2212 Ὅσα
1641 2159 1697 2212 δὲ
1721 2177 1852 2230 προ-

254 2253 490 2324 εγράφη
510 2253 580 2316 ⁸⁸,
615 2254 698 2314 εἰς
713 2251 813 2322 τὴν
830 2250 1110 2322 ἡμετέραν
1130 2249 1476 2304 διδασκαλίαν
1498 2251 1846 2322 προεγράφη,

255 2345 351 2396 ῐνα
388 2342 481 2397 διά
503 2341 607 2410 τῆς
637 2341 937 2411 ὑπομονῆς,
975 2341 1070 2394 καὶ
1106 2340 1195 2393 διὰ
1225 2341 1268 2372 ³³
1304 2341 1402 2409 τῆς
1450 2341 1850 2412 παρακλήσεως

265 2434 373 2488 τῶν
398 2431 636 2501 Γραφῶν
667 2431 766 2502 τὴν
796 2430 988 2484 ἐλπίδα
1021 2431 1255 2502 ἔχωμεν,
1307 2433 1366 2483 ἐν
1396 2431 1618 2502 Χριστῷ
1651 2431 1844 2502 Ἰησοῦ,

258 2524 387 2595 μεθ’
418 2519 482 2577 οὗ
503 2523 580 2594 τῷ
607 2525 784 2594 Πατρὶ
842 2521 970 2586 δόξα
993 2524 1059 2585 “,
1099 2523 1196 2575 σὺν
1228 2522 1307 2592 τῷ
1364 2522 1504 2592 ἁγίῳ
1545 2523 1848 2595 Πνεύματι,

256 2617 342 2678 εἰς
367 2616 497 2678 τοὺς
513 2613 718 2678 αἰῶνας
753 2613 861 2666 τῶν
885 2612 1094 2666 αἰώνων
1118 2613 1182 2666 ⁸³.
1228 2615 1284 2666 Ἀ
1295 2615 1424 2684 μην.

333 2801 359 2830 ³
391 2791 409 2845 l
439 2789 572 2844 Cor.
606 2805 724 2856 xm,
760 2789 844 2844 l3.
923 2801 948 2828 ι
991 2787 1149 2842 Rom.
1178 2804 1265 2856 xv,
1298 2789 1354 2842 4.

1957 1885 2310 1948 credidisset,
2344 1881 2590 1950 speravit
2619 1895 2678 1935 se
2728 1880 2799 1935 ab
2847 1880 2970 1949 ipso
3019 1878 3289 1933 auxilium
3335 1894 3535 1934 conse-

1957 1983 2214 2028 cuturum
2281 1987 2425 2027 esse.
2489 1969 2556 2024 Ει
2629 1985 2752 2040 ηυδε
2818 1979 3141 2038 speraverat
3199 1980 3533 2025 consecutus

1957 2065 2347 2134 ostenditerga
2386 2063 2704 2132 proximum
2736 2062 3116 2126 dilectionem,
3153 2069 3208 2116 et
3234 2063 3534 2132 participes

1955 2172 2146 2212 eorum
2165 2171 2286 2226 qua
2305 2164 2623 2226 acceperat,
2650 2155 2778 2210 fecit
2798 2156 3034 2210 tribules
3053 2170 3206 2210 suos.
3231 2153 3534 2220 «Quaecuno

1956 2266 2066 2318 que
2091 2258 2276 2304 autem
2309 2257 2471 2304 antea
2508 2247 2716 2318 scripta
2749 2255 2900 2313 sunt,
2943 2247 3010 2302 ad
3053 2254 3298 2302 nostram
3337 2246 3536 2300 doctri-

1954 2357 2082 2396 nam
2113 2342 2322 2410 scripta
2349 2348 2498 2404 sunt,
2533 2351 2596 2394 ut
2629 2354 2730 2409 per
2759 2339 3080 2410 patientiam
3119 2347 3172 2392 et
3195 2337 3535 2393 consolatio-

1954 2447 2077 2486 nem
2121 2428 2335 2502 ιιοά.
2375 2427 2785 2499 Scripturarum
2813 2442 2966 2498 spem
2986 2428 3355 2484 habeamusin
3375 2427 3534 2484 Chri-

1953 2533 2041 2578 sto
2065 2521 2194 2579 Jesu
2214 2535 2262 2587 ι,
2302 2541 2322 2574 ›
2367 2537 2492 2576 cum
2545 2536 2658 2591 quo
2703 2519 2852 2573 Patri
2909 2520 3108 2590 gloria,
3155 2533 3280 2574 cum
3339 2527 3533 2576 sancto

1957 2615 2184 2685 Spiritu,
2225 2617 2283 2670 in
2323 2615 2521 2672 sarcula
2555 2614 2910 2669 sreculorum.
2944 2611 3139 2666 Amen.

1522 2947 1750 3006 VARI/8
1790 2947 2197 3004 LECTIONES.

336 3113 381 3182 'f
416 3109 533 3162 καί.
570 3111 692 3182 Des.
724 3111 777 3164 in
817 3109 905 3182 β.Δ
957 3106 1108 3182 "iw.
1143 3108 1268 3182 Des.
1306 3113 1358 3167 in
1391 3113 1447 3166 Β.
1529 3113 1574 3143 ’⁸
1607 3112 1723 3182 νῦν.
1761 3111 1890 3182 Rec.
1937 3111 2099 3166 lectio
2136 3113 2174 3166 l.
2207 3127 2257 3166 c.
2292 3122 2376 3168 est
2436 3115 2574 3169 νυνί.

260 3181 501 3250 uita,
539 3181 584 3212 ³⁸
615 3181 774 3234 πάντ.
817 3177 998 3250 Infra,
1046 3177 1091 3235 ἰ.
1115 3179 1232 3250 _III,
1285 3182 1322 3236 I.
1373 3198 1422 3237 c.
1483 3191 1564 3236 est
1592 3181 1817 3243 τούτων,
1860 3181 2016 3248 juxta
2071 3198 2182 3236 rec.
2233 3184 2359 3238 lect.
2444 3186 2486 3216 "
2519 3183 2596 3250 ἐξ.
2632 3185 2710 3238 ὄλ.
2743 3185 2865 3240 Des.
2891 3177 2964 3238 ἰιι
2994 3182 3053 3236 Β.

2673 3115 2714 3145 ³⁷
2748 3113 2816 3168 τὰ
2854 3131 2940 3184 τρ.
2975 3111 3030 3184 In
3080 3112 3120 3166 Β
3154 3113 3373 3184 ponitur
3408 3118 3534 3184 post

3152 3183 3195 3212 ‘°
3225 3183 3266 3236 Β
3290 3181 3528 3257 ἐγράφη.

262 3254 306 3283 ³³
328 3251 442 3304 διά.
486 3249 613 3305 Des.
646 3250 700 3302 in
738 3249 797 3304 Β.
839 3249 885 3281 ⁸⁸
920 3249 1090 3315 δόξαι.
1115 3248 1156 3302 Β
1181 3266 1367 3321 praem.
1405 3253 1460 3321 ὴ.
1537 3250 1584 3284 ³³
1610 3267 1664 3306 τ.
1697 3253 1850 3304 αἰών.
1882 3250 2005 3306 Des.
2029 3253 2082 3305 in
2110 3251 2172 3306 Β.

1647 3605 2030 3692 ΤΟΜΟΣ
2086 3595 2179 3689 I"
2195 3671 2214 3690 .

1392 3952 1753 4040 LIBER
1869 3952 2424 4042 TERTIUS.

1851 4167 1925 4180 τ’.

813 4294 1207 4350 ΚΕΦΑΔΑΙΟΝ
1263 4290 1336 4348 Γ⁹.

351 4393 420 4449 3;.
460 4405 479 4440 ι
524 4387 719 4452 Ἐτους
763 4386 1236 4442 ὀκτωκαιδεκάτου
1306 4386 1777 4462 Ναϐουχοδονόσορ
1824 4395 1853 4448 ὁ

275 4478 538 4551 βασιλεὺς
558 4478 813 4547 ἐποίησεν
832 4477 1016 4532 εἰκόνα
1049 4479 1277 4551 χρυσῆν,
1313 4478 1408 4532 καὶ
1436 4476 1664 4551 ἔστησεν
1686 4481 1727 4512 ’⁵
1752 4485 1851 4537 αὑ-

274 4570 380 4640 τὴν
406 4570 466 4622 ἐν
496 4567 665 4640 πεδίῳ
692 4569 875 4640 Δεηρᾶ
903 4569 948 4600 ’⁵
979 4569 1037 4622 ἐν
1069 4567 1225 4640 χώρα
1255 4566 1591 4634 Βαϐυλῶνος.
1631 4590 1648 4622 ›
1669 4570 1728 4625 '0
1757 4575 1856 4643 μέν

274 4659 484 4727 ἀγαθὸς
539 4658 697 4732 ἡμῶν
754 4660 848 4713 καὶ
887 4659 1268 4731 φιλάνθρωπος
1327 4659 1622 4731 Δεσπότης,
1667 4663 1762 4718 ἆτε
1790 4665 1854 4737 δὴ

276 4752 518 4822 ποιητὴς
548 4751 644 4805 καὶ
673 4749 1026 4822 δημιουργὸς,
1075 4749 1324 4820 βούλεται
1351 4768 1370 4802 t
1408 4751 1612 4818 πάντας
1648 4755 1860 4830 ἀνθρώο

275 4859 416 4905 πονς
458 4840 720 4912 σωθῆναι,
752 4842 849 4894 καὶ
885 4841 967 4904 εἰς
999 4839 1296 4908 ἐπίγνωσιν
1327 4841 1584 4914 ἀληθείας
1611 4843 1804 4898 ἐλθεῖν·
1829 4865 1849 4897 ι

274 4935 397 4997 καὶ,
432 4951 450 4984 ι
486 4932 561 4985 Οὐ
593 4932 737 4986 θέλει
765 4932 856 4984 τδν
894 4931 1126 4986 θάνατον
1153 4930 1248 4986 τοῦ
1281 4933 1630 5009 άμαρτωλοῦ,
1679 4936 1754 5001 ὼς
1796 4936 1858 4990 τὺ

275 5023 612 5093 ἐπιστρέψαι
640 5023 800 5076 αὑτὸν
831 5022 927 5077 καὶ
960 5021 1078 5095 ζῇν.
1112 5041 1131 5074 ι
1167 5017 1242 5077 OB
1279 5023 1439 5095 χάριν
1475 5024 1690 5080 ἅπαντα
1720 5027 1858 5097 ὑπὲρ

273 5115 380 5185 τῆς
412 5115 690 5185 ἡμετέρας
721 5113 1174 5185 πραγματεύεται
1205 5115 1501 5186 σωτηρίας.
1535 5117 1598 5168 Ol.
1620 5115 1676 5168 δέ
1695 5117 1858 5170 ἁναλ⁸

273 5207 450 5277 γνησία
483 5203 784 5272 νοσοῦντες,
815 5206 909 5258 καὶ
965 5204 1044 5276 τῷ
1075 5203 1356 5276 ἀνηκέστῳ
1388 5205 1548 5260 πάθει
1579 5205 1682 5276 τῆς
1723 5207 1856 5260 ἀλα-

403 5383 589 5439 ιτὶιη.
621 5403 679 5450 ll,
714 5384 766 5438 4.
844 5396 865 5426 ο
905 5385 1278 5450 Ezech.xvm,
1315 5383 1521 5449 25,32.

1885 4301 1933 4364 C

2575 4289 2806 4349 CAPUT
2845 4287 2933 4345 III.

2028 4392 2198 4448 Vsus.
2231 4390 2283 4445 l.
2321 4405 2339 4440 ι
2374 4387 2532 4441 Anno
2581 4385 2800 4442 decimo
2825 4391 3044 4446 octavo,
3085 4379 3530 4435 Nabuchodonoo

1961 4499 2055 4542 sor
2087 4497 2183 4537 rex
2243 4479 2374 4534 fecit
2442 4477 2734 4547 imaginem
2786 4490 3032 4536 auream,
3073 4479 3126 4526 et
3165 4469 3356 4528 statuit
3408 4483 3528 4524 eam

1963 4577 2019 4632 in
2062 4587 2258 4643 campo
2307 4569 2489 4636 Deira,
2540 4569 2597 4623 in
2651 4567 2875 4639 regione
2921 4561 3239 4635 Babylonis.
3277 4579 3296 4614 ι
3343 4557 3529 4615 Bonus

1966 4674 2153 4722 noster
2181 4661 2450 4724 Dominus
2479 4666 2537 4715 et
2559 4665 2772 4714 amator
2805 4655 3110 4721 hominum,
3141 4660 3332 4724 utpote
3372 4665 3531 4726 creas

1961 4769 2050 4814 tor
2081 4765 2136 4812 et
2175 4753 2383 4826 opifex,
2415 4752 2534 4806 vult
2569 4769 2588 4804 ι
2623 4765 2812 4807 omnes
2858 4747 3105 4802 homines
3155 4744 3336 4801 salvos
3386 4743 3528 4810 ﬁeri,

1963 4847 2017 4901 et
2049 4845 2115 4898 ad
2147 4842 2480 4916 agnitionem
2523 4839 2771 4896 veritatis
2808 4836 3096 4908 pervenire
3113 4835 3163 4890 δ.
3185 4853 3203 4886 ι
3225 4835 3320 4902 (Et,
3354 4851 3372 4885 ι
3406 4831 3528 4886 Non

1964 4937 2080 4992 vult
2102 4943 2336 4990 mortem
2367 4931 2694 5004 peccatoris,
2726 4929 2822 4985 sed
2847 4937 2905 4983 ut
2934 4934 3295 4982 convertatur
3331 4925 3450 4996 ipse
3477 4933 3533 5004 et

1963 5029 2174 5084 vivatc.
2219 5046 2237 5078 ι
2271 5003 2484 5081 Idcirco
2508 5022 2694 5078 omnia
2727 5035 2827 5091 pro
2860 5029 3052 5076 nostra
3083 5018 3260 5074 salute
3281 5003 3530 5071 molitur.

1965 5118 2069 5184 Qui
2091 5131 2224 5173 vero
2245 5113 2480 5173 stultitia
2501 5111 2750 5166 laborant
2773 5149 2788 5174 ,
2819 5118 2874 5163 et
2925 5105 3221 5163 insanabili
3266 5117 3533 5174 arrogan-

1966 5209 2058 5261 tiae
2088 5205 2282 5260 morbo
2311 5200 2642 5264 inserviunt,
2676 5197 2882 5253 nullam
2929 5213 2995 5252 ex
3039 5195 3244 5251 divinis
3276 5191 3534 5250 remediis

1566 5496 1798 5552 VAIIUE
1838 5498 2243 5556 LECTIONES.

352 5663 400 5692 ν
433 5660 526 5713 καὶ
553 5658 664 5712 εστ.
694 5657 736 5718 Α
773 5667 826 5714 ct
857 5657 1110 5730 ngrtem.
1135 5655 1266 5735 ὕψος
1301 5654 1470 5726 αὐτῆς
1516 5653 1733 5726 πήχεων
1770 5651 2031 5731 ἐξήκοντα
2063 5651 2154 5707 καὶ
2183 5646 2340 5722 εὖρος
2369 5649 2537 5736 αύτῆς
2568 5651 2788 5740 πήχεων
2812 5651 2891 5716 ἓξ.
2931 5709 2939 5719 ι
2973 5652 3015 5682 η
3037 5650 3078 5702 Α
3111 5645 3323 5717 Διειρά.
3431 5629 3434 5631 Δ
3518 5719 3526 5726 ἠ
