  <div class='ocr_page' id='page_1' title='image "/cluster/home/n/w/nwhite01/storage/ocr_20150623/81:no.2/coo.31924054869825/665.png"; bbox 0 0 4070 6394; ppageno 0'>
   <div class='ocr_carea' id='block_1_1' title="bbox 601 309 704 374">
    <p class='ocr_par' dir='ltr' id='par_1_1' title="bbox 601 309 704 374">
     <span class='ocr_line' id='line_1_1' title="bbox 601 309 704 374; baseline 0 -1"><span class='ocrx_word' id='word_1_1' title='bbox 601 309 704 374; x_wconf 70' lang='lat'><strong>315</strong></span> 
     </span>
    </p>
   </div>
   <div class='ocr_carea' id='block_1_2' title="bbox 1573 302 2836 369">
    <p class='ocr_par' dir='ltr' id='par_1_2' title="bbox 1573 302 2836 369">
     <span class='ocr_line' id='line_1_2' title="bbox 1573 302 2836 369; baseline -0.002 0"><span class='ocrx_word' id='word_1_2' title='bbox 1573 305 2059 369; x_wconf 83' lang='lat' dir='ltr'><strong>TIIEODORETI</strong></span> <span class='ocrx_word' id='word_1_3' title='bbox 2105 303 2438 366; x_wconf 82' lang='lat' dir='ltr'><strong>EPISCOPI</strong></span> <span class='ocrx_word' id='word_1_4' title='bbox 2477 302 2836 367; x_wconf 79' lang='lat' dir='ltr'><strong>CYRENSIS</strong></span> 
     </span>
    </p>
   </div>
   <div class='ocr_carea' id='block_1_3' title="bbox 3689 305 3823 369">
    <p class='ocr_par' dir='ltr' id='par_1_3' title="bbox 3689 305 3823 369">
     <span class='ocr_line' id='line_1_3' title="bbox 3689 305 3823 369; baseline 0.007 -1"><span class='ocrx_word' id='word_1_5' title='bbox 3689 305 3823 369; x_wconf 72' lang='lat'><strong>1316</strong></span> 
     </span>
    </p>
   </div>
   <div class='ocr_carea' id='block_1_4' title="bbox 567 415 2132 490">
    <p class='ocr_par' dir='ltr' id='par_1_4' title="bbox 567 417 2132 490">
     <span class='ocr_line' id='line_1_4' title="bbox 567 417 2132 490; baseline -0.003 -16"><span class='ocrx_word' id='word_1_6' title='bbox 567 420 864 474; x_wconf 88' lang='lat' dir='ltr'><strong>utilitatem</strong></span> <span class='ocrx_word' id='word_1_7' title='bbox 891 418 1229 490; x_wconf 85' lang='lat' dir='ltr'><strong>percipiunt,</strong></span> <span class='ocrx_word' id='word_1_8' title='bbox 1265 417 1360 474; x_wconf 87' lang='lat' dir='ltr'><strong>sed</strong></span> <span class='ocrx_word' id='word_1_9' title='bbox 1407 417 1747 489; x_wconf 81' lang='lat' dir='ltr'><strong>quibusdam</strong></span> <span class='ocrx_word' id='word_1_10' title='bbox 1795 418 2018 488; x_wconf 60' lang='lat' dir='ltr'><strong>a&#39;grotis</strong></span> <span class='ocrx_word' id='word_1_11' title='bbox 2065 417 2132 473; x_wconf 90' lang='lat' dir='ltr'><strong>si-</strong></span> 
     </span>
    </p>
   </div>
   <div class='ocr_carea' id='block_1_5' title="bbox 2234 415 3819 490">
    <p class='ocr_par' dir='ltr' id='par_1_5' title="bbox 2249 415 3819 490">
     <span class='ocr_line' id='line_1_5' title="bbox 2249 415 3819 490; baseline 0.002 -22"><span class='ocrx_word' id='word_1_12' title='bbox 2249 416 2458 481; x_wconf 86' lang='grc' dir='ltr'><strong>ζονείας</strong></span> <span class='ocrx_word' id='word_1_13' title='bbox 2485 415 2848 479; x_wconf 77' lang='grc' dir='ltr'><strong>δουλεύοντες,</strong></span> <span class='ocrx_word' id='word_1_14' title='bbox 2875 415 3130 486; x_wconf 75' lang='grc' dir='ltr'><strong>οὐδεμίαν</strong></span> <span class='ocrx_word' id='word_1_15' title='bbox 3161 418 3225 469; x_wconf 77' lang='grc' dir='ltr'><strong>ἐκ</strong></span> <span class='ocrx_word' id='word_1_16' title='bbox 3263 415 3372 468; x_wconf 84' lang='grc' dir='ltr'><strong>τῶν</strong></span> <span class='ocrx_word' id='word_1_17' title='bbox 3403 415 3563 470; x_wconf 83' lang='grc' dir='ltr'><strong>θείων</strong></span> <span class='ocrx_word' id='word_1_18' title='bbox 3596 424 3819 490; x_wconf 68' lang='grc' dir='ltr'><strong>φαρμά·</strong></span> 
     </span>
    </p>
   </div>
   <div class='ocr_carea' id='block_1_6' title="bbox 567 509 2136 581">
    <p class='ocr_par' dir='ltr' id='par_1_6' title="bbox 567 509 2136 581">
     <span class='ocr_line' id='line_1_6' title="bbox 567 509 2136 581; baseline 0 -17"><span class='ocrx_word' id='word_1_19' title='bbox 567 511 734 566; x_wconf 90' lang='lat' dir='ltr'><strong>miles</strong></span> <span class='ocrx_word' id='word_1_20' title='bbox 773 518 926 574; x_wconf 91' lang='lat' dir='ltr'><strong>sunt,</strong></span> <span class='ocrx_word' id='word_1_21' title='bbox 956 510 1049 581; x_wconf 87' lang='lat' dir='ltr'><strong>qui</strong></span> <span class='ocrx_word' id='word_1_22' title='bbox 1085 517 1412 566; x_wconf 80' lang='lat' dir='ltr'><strong>aversantur</strong></span> <span class='ocrx_word' id='word_1_23' title='bbox 1459 509 1734 564; x_wconf 85' lang='lat' dir='ltr'><strong>admotam</strong></span> <span class='ocrx_word' id='word_1_24' title='bbox 1780 510 1884 564; x_wconf 83' lang='lat' dir='ltr'><strong>sibi</strong></span> <span class='ocrx_word' id='word_1_25' title='bbox 1921 509 1991 564; x_wconf 85' lang='lat' dir='ltr'><strong>ab</strong></span> <span class='ocrx_word' id='word_1_26' title='bbox 2019 520 2136 564; x_wconf 86' lang='lat' dir='ltr'><strong>arte</strong></span> 
     </span>
    </p>
   </div>
   <div class='ocr_carea' id='block_1_7' title="bbox 568 601 2137 673">
    <p class='ocr_par' dir='ltr' id='par_1_7' title="bbox 568 601 2137 673">
     <span class='ocr_line' id='line_1_7' title="bbox 568 601 2137 673; baseline 0.001 -18"><span class='ocrx_word' id='word_1_27' title='bbox 568 603 778 657; x_wconf 87' lang='lat' dir='ltr'><strong>medica</strong></span> <span class='ocrx_word' id='word_1_28' title='bbox 830 602 1196 665; x_wconf 92' lang='lat' dir='ltr'><strong>curationem,</strong></span> <span class='ocrx_word' id='word_1_29' title='bbox 1230 607 1286 654; x_wconf 84' lang='lat' dir='ltr'><strong>et</strong></span> <span class='ocrx_word' id='word_1_30' title='bbox 1335 601 1737 656; x_wconf 87' lang='lat' dir='ltr'><strong>incontinentia</strong></span> <span class='ocrx_word' id='word_1_31' title='bbox 1781 617 1999 673; x_wconf 86' lang='lat' dir='ltr'><strong>magna,</strong></span> <span class='ocrx_word' id='word_1_32' title='bbox 2055 611 2137 656; x_wconf 85' lang='lat' dir='ltr'><strong>at-</strong></span> 
     </span>
    </p>
   </div>
   <div class='ocr_carea' id='block_1_8' title="bbox 563 690 2138 764">
    <p class='ocr_par' dir='ltr' id='par_1_8' title="bbox 563 690 2138 764">
     <span class='ocr_line' id='line_1_8' title="bbox 563 690 2138 764; baseline 0.004 -22"><span class='ocrx_word' id='word_1_33' title='bbox 563 707 670 761; x_wconf 83' lang='lat' dir='ltr'><strong>que</strong></span> <span class='ocrx_word' id='word_1_34' title='bbox 693 690 1113 761; x_wconf 61' lang='lat' dir='ltr'><strong>intemperantia</strong></span> <span class='ocrx_word' id='word_1_35' title='bbox 1144 691 1398 746; x_wconf 87' lang='lat' dir='ltr'><strong>morbum</strong></span> <span class='ocrx_word' id='word_1_36' title='bbox 1423 691 1526 746; x_wconf 82' lang='lat' dir='ltr'><strong>sibi</strong></span> <span class='ocrx_word' id='word_1_37' title='bbox 1563 691 1971 748; x_wconf 87' lang='lat' dir='ltr'><strong>incumbentem</strong></span> <span class='ocrx_word' id='word_1_38' title='bbox 1999 708 2138 764; x_wconf 87' lang='lat' dir='ltr'><strong>quo-</strong></span> 
     </span>
    </p>
   </div>
   <div class='ocr_carea' id='block_1_9' title="bbox 564 776 2130 850">
    <p class='ocr_par' dir='ltr' id='par_1_9' title="bbox 564 776 2130 850">
     <span class='ocr_line' id='line_1_9' title="bbox 564 776 2130 850; baseline 0.005 -20"><span class='ocrx_word' id='word_1_39' title='bbox 564 778 697 833; x_wconf 86' lang='lat' dir='ltr'><strong>tidie</strong></span> <span class='ocrx_word' id='word_1_40' title='bbox 733 780 907 850; x_wconf 90' lang='lat' dir='ltr'><strong>magis</strong></span> <span class='ocrx_word' id='word_1_41' title='bbox 947 786 1172 848; x_wconf 89' lang='lat' dir='ltr'><strong>augent.</strong></span> <span class='ocrx_word' id='word_1_42' title='bbox 1209 776 1361 835; x_wconf 84' lang='lat' dir='ltr'><strong>Talis</strong></span> <span class='ocrx_word' id='word_1_43' title='bbox 1409 779 1515 834; x_wconf 92' lang='lat' dir='ltr'><strong>fuit</strong></span> <span class='ocrx_word' id='word_1_44' title='bbox 1567 783 1840 850; x_wconf 90' lang='lat' dir='ltr'><strong>superbus</strong></span> <span class='ocrx_word' id='word_1_45' title='bbox 1875 783 1980 838; x_wconf 89' lang='lat' dir='ltr'><strong>iste</strong></span> <span class='ocrx_word' id='word_1_46' title='bbox 2013 799 2130 849; x_wconf 88' lang='lat' dir='ltr'><strong>rex,</strong></span> 
     </span>
    </p>
   </div>
   <div class='ocr_carea' id='block_1_10' title="bbox 561 862 2137 938">
    <p class='ocr_par' dir='ltr' id='par_1_10' title="bbox 561 862 2137 938">
     <span class='ocr_line' id='line_1_10' title="bbox 561 862 2137 938; baseline 0.004 -16"><span class='ocrx_word' id='word_1_47' title='bbox 561 869 681 938; x_wconf 86' lang='lat' dir='ltr'><strong>qui,</strong></span> <span class='ocrx_word' id='word_1_48' title='bbox 753 886 876 924; x_wconf 91' lang='lat' dir='ltr'><strong>eum</strong></span> <span class='ocrx_word' id='word_1_49' title='bbox 910 881 1106 924; x_wconf 85' lang='lat' dir='ltr'><strong>auctor</strong></span> <span class='ocrx_word' id='word_1_50' title='bbox 1150 873 1396 925; x_wconf 90' lang='lat' dir='ltr'><strong>omnium</strong></span> <span class='ocrx_word' id='word_1_51' title='bbox 1434 862 1620 926; x_wconf 83' lang='lat' dir='ltr'><strong>rerum</strong></span> <span class='ocrx_word' id='word_1_52' title='bbox 1675 873 1818 929; x_wconf 90' lang='lat' dir='ltr'><strong>Deus</strong></span> <span class='ocrx_word' id='word_1_53' title='bbox 1869 874 2137 930; x_wconf 88' lang='lat' dir='ltr'><strong>immensa</strong></span> 
     </span>
    </p>
   </div>
   <div class='ocr_carea' id='block_1_11' title="bbox 558 959 2137 1034">
    <p class='ocr_par' dir='ltr' id='par_1_11' title="bbox 558 959 2137 1034">
     <span class='ocr_line' id='line_1_11' title="bbox 558 959 2137 1034; baseline 0.005 -22"><span class='ocrx_word' id='word_1_54' title='bbox 558 972 690 1028; x_wconf 82' lang='lat' dir='ltr'><strong>erga</strong></span> <span class='ocrx_word' id='word_1_55' title='bbox 721 959 876 1013; x_wconf 91' lang='lat' dir='ltr'><strong>illum</strong></span> <span class='ocrx_word' id='word_1_56' title='bbox 911 959 1210 1015; x_wconf 89' lang='lat' dir='ltr'><strong>clementia</strong></span> <span class='ocrx_word' id='word_1_57' title='bbox 1254 976 1390 1016; x_wconf 87' lang='lat' dir='ltr'><strong>usus</strong></span> <span class='ocrx_word' id='word_1_58' title='bbox 1432 973 1606 1026; x_wconf 86' lang='lat' dir='ltr'><strong>esset,</strong></span> <span class='ocrx_word' id='word_1_59' title='bbox 1657 971 1714 1019; x_wconf 92' lang='lat' dir='ltr'><strong>et</strong></span> <span class='ocrx_word' id='word_1_60' title='bbox 1760 965 2137 1034; x_wconf 83' lang='lat' dir='ltr'><strong>post‘inﬁnita</strong></span> 
     </span>
    </p>
   </div>
   <div class='ocr_carea' id='block_1_12' title="bbox 559 1048 2127 1121">
    <p class='ocr_par' dir='ltr' id='par_1_12' title="bbox 559 1048 2127 1121">
     <span class='ocr_line' id='line_1_12' title="bbox 559 1048 2127 1121; baseline 0.005 -20"><span class='ocrx_word' id='word_1_61' title='bbox 559 1048 773 1103; x_wconf 81' lang='lat' dir='ltr'><strong>scelera</strong></span> <span class='ocrx_word' id='word_1_62' title='bbox 790 1049 1072 1120; x_wconf 88' lang='lat' dir='ltr'><strong>impiaque</strong></span> <span class='ocrx_word' id='word_1_63' title='bbox 1089 1049 1336 1105; x_wconf 79' lang='lat' dir='ltr'><strong>facinora</strong></span> <span class='ocrx_word' id='word_1_64' title='bbox 1356 1055 1662 1108; x_wconf 87' lang='lat' dir='ltr'><strong>remedium</strong></span> <span class='ocrx_word' id='word_1_65' title='bbox 1683 1054 1731 1108; x_wconf 93' lang='lat' dir='ltr'><strong>ei</strong></span> <span class='ocrx_word' id='word_1_66' title='bbox 1757 1054 2127 1121; x_wconf 86' lang='lat' dir='ltr'><strong>adhibuisset,</strong></span> 
     </span>
    </p>
   </div>
   <div class='ocr_carea' id='block_1_13' title="bbox 561 1138 2134 1216">
    <p class='ocr_par' dir='ltr' id='par_1_13' title="bbox 561 1138 2134 1216">
     <span class='ocr_line' id='line_1_13' title="bbox 561 1138 2134 1216; baseline 0.005 -22"><span class='ocrx_word' id='word_1_67' title='bbox 561 1138 974 1211; x_wconf 82' lang='lat' dir='ltr'><strong>indicassetque</strong></span> <span class='ocrx_word' id='word_1_68' title='bbox 999 1148 1058 1196; x_wconf 90' lang='lat' dir='ltr'><strong>et</strong></span> <span class='ocrx_word' id='word_1_69' title='bbox 1093 1144 1383 1212; x_wconf 64' lang='lat' dir='ltr'><strong>presentis</strong></span> <span class='ocrx_word' id='word_1_70' title='bbox 1413 1145 1836 1215; x_wconf 86' lang='lat' dir='ltr'><strong>tranquillitatis</strong></span> <span class='ocrx_word' id='word_1_71' title='bbox 1859 1145 2134 1216; x_wconf 87' lang='lat' dir='ltr'><strong>fragilita-</strong></span> 
     </span>
    </p>
   </div>
   <div class='ocr_carea' id='block_1_14' title="bbox 559 1231 2141 1305">
    <p class='ocr_par' dir='ltr' id='par_1_14' title="bbox 559 1231 2141 1305">
     <span class='ocr_line' id='line_1_14' title="bbox 559 1231 2141 1305; baseline 0.004 -19"><span class='ocrx_word' id='word_1_72' title='bbox 559 1239 671 1286; x_wconf 86' lang='lat' dir='ltr'><strong>tem</strong></span> <span class='ocrx_word' id='word_1_73' title='bbox 715 1231 928 1302; x_wconf 80' lang='lat'><strong>1105</strong></span> <span class='ocrx_word' id='word_1_74' title='bbox 965 1240 1020 1286; x_wconf 90' lang='lat' dir='ltr'><strong>et</strong></span> <span class='ocrx_word' id='word_1_75' title='bbox 1041 1234 1438 1297; x_wconf 79' lang='lat' dir='ltr'><strong>vanitatem,et</strong></span> <span class='ocrx_word' id='word_1_76' title='bbox 1462 1235 1682 1292; x_wconf 83' lang='lat' dir='ltr'><strong>virtutis</strong></span> <span class='ocrx_word' id='word_1_77' title='bbox 1699 1238 2069 1305; x_wconf 60' lang='lat' dir='ltr'><strong>praestantiam</strong></span> <span class='ocrx_word' id='word_1_78' title='bbox 2085 1245 2141 1292; x_wconf 91' lang='lat' dir='ltr'><strong>et</strong></span> 
     </span>
    </p>
   </div>
   <div class='ocr_carea' id='block_1_15' title="bbox 559 1323 2140 1400">
    <p class='ocr_par' dir='ltr' id='par_1_15' title="bbox 559 1323 2140 1400">
     <span class='ocr_line' id='line_1_15' title="bbox 559 1323 2140 1400; baseline 0.005 -24"><span class='ocrx_word' id='word_1_79' title='bbox 559 1323 934 1392; x_wconf 85' lang='lat' dir='ltr'><strong>splendorem.</strong></span> <span class='ocrx_word' id='word_1_80' title='bbox 965 1338 1090 1394; x_wconf 77' lang='lat' dir='ltr'><strong>qua:</strong></span> <span class='ocrx_word' id='word_1_81' title='bbox 1115 1334 1166 1379; x_wconf 85' lang='lat' dir='ltr'><strong>et</strong></span> <span class='ocrx_word' id='word_1_82' title='bbox 1204 1325 1348 1380; x_wconf 90' lang='lat' dir='ltr'><strong>bello</strong></span> <span class='ocrx_word' id='word_1_83' title='bbox 1374 1335 1567 1398; x_wconf 90' lang='lat' dir='ltr'><strong>captos</strong></span> <span class='ocrx_word' id='word_1_84' title='bbox 1608 1343 1672 1382; x_wconf 93' lang='lat' dir='ltr'><strong>ac</strong></span> <span class='ocrx_word' id='word_1_85' title='bbox 1710 1329 1998 1385; x_wconf 79' lang='lat' dir='ltr'><strong>servitutis</strong></span> <span class='ocrx_word' id='word_1_86' title='bbox 2049 1331 2140 1400; x_wconf 88' lang='lat' dir='ltr'><strong>ju-</strong></span> 
     </span>
    </p>
   </div>
   <div class='ocr_carea' id='block_1_16' title="bbox 563 1415 2140 1491">
    <p class='ocr_par' dir='ltr' id='par_1_16' title="bbox 563 1415 2140 1491">
     <span class='ocr_line' id='line_1_16' title="bbox 563 1415 2140 1491; baseline 0.006 -25"><span class='ocrx_word' id='word_1_87' title='bbox 563 1430 690 1483; x_wconf 84' lang='lat' dir='ltr'><strong>gum</strong></span> <span class='ocrx_word' id='word_1_88' title='bbox 725 1415 870 1470; x_wconf 88' lang='lat' dir='ltr'><strong>ferre</strong></span> <span class='ocrx_word' id='word_1_89' title='bbox 893 1426 1140 1481; x_wconf 87' lang='lat' dir='ltr'><strong>coactos,</strong></span> <span class='ocrx_word' id='word_1_90' title='bbox 1172 1418 1493 1488; x_wconf 85' lang='lat' dir='ltr'><strong>splendidos</strong></span> <span class='ocrx_word' id='word_1_91' title='bbox 1542 1418 1748 1485; x_wconf 87' lang='lat' dir='ltr'><strong>reddit,</strong></span> <span class='ocrx_word' id='word_1_92' title='bbox 1797 1422 1986 1475; x_wconf 90' lang='lat' dir='ltr'><strong>statim</strong></span> <span class='ocrx_word' id='word_1_93' title='bbox 2014 1423 2140 1491; x_wconf 82' lang='lat' dir='ltr'><strong>qui-</strong></span> 
     </span>
    </p>
   </div>
   <div class='ocr_carea' id='block_1_17' title="bbox 560 1503 2139 1580">
    <p class='ocr_par' dir='ltr' id='par_1_17' title="bbox 560 1503 2139 1580">
     <span class='ocr_line' id='line_1_17' title="bbox 560 1503 2139 1580; baseline 0.007 -25"><span class='ocrx_word' id='word_1_94' title='bbox 560 1503 684 1557; x_wconf 94' lang='lat' dir='ltr'><strong>dem</strong></span> <span class='ocrx_word' id='word_1_95' title='bbox 718 1503 1026 1560; x_wconf 88' lang='lat' dir='ltr'><strong>admiratus</strong></span> <span class='ocrx_word' id='word_1_96' title='bbox 1059 1513 1142 1561; x_wconf 89' lang='lat' dir='ltr'><strong>est</strong></span> <span class='ocrx_word' id='word_1_97' title='bbox 1180 1505 1458 1576; x_wconf 70' lang='lat' dir='ltr'><strong>prophetae</strong></span> <span class='ocrx_word' id='word_1_98' title='bbox 1492 1509 1843 1579; x_wconf 87' lang='lat' dir='ltr'><strong>sapientiam,</strong></span> <span class='ocrx_word' id='word_1_99' title='bbox 1869 1519 1926 1567; x_wconf 93' lang='lat' dir='ltr'><strong>et</strong></span> <span class='ocrx_word' id='word_1_100' title='bbox 1971 1510 2139 1580; x_wconf 84' lang='lat' dir='ltr'><strong>hujus</strong></span> 
     </span>
    </p>
   </div>
   <div class='ocr_carea' id='block_1_18' title="bbox 564 1591 2138 1658">
    <p class='ocr_par' dir='ltr' id='par_1_18' title="bbox 564 1591 2138 1658">
     <span class='ocr_line' id='line_1_18' title="bbox 564 1591 2138 1658; baseline 0.007 -11"><span class='ocrx_word' id='word_1_101' title='bbox 564 1591 734 1648; x_wconf 90' lang='lat' dir='ltr'><strong>Deum</strong></span> <span class='ocrx_word' id='word_1_102' title='bbox 767 1595 1014 1649; x_wconf 88' lang='lat' dir='ltr'><strong>omnium</strong></span> <span class='ocrx_word' id='word_1_103' title='bbox 1055 1609 1240 1650; x_wconf 89' lang='lat' dir='ltr'><strong>rerum</strong></span> <span class='ocrx_word' id='word_1_104' title='bbox 1281 1595 1450 1651; x_wconf 91' lang='lat' dir='ltr'><strong>Deum</strong></span> <span class='ocrx_word' id='word_1_105' title='bbox 1493 1613 1617 1655; x_wconf 89' lang='lat' dir='ltr'><strong>esse</strong></span> <span class='ocrx_word' id='word_1_106' title='bbox 1671 1599 1963 1657; x_wconf 86' lang='lat' dir='ltr'><strong>confessus</strong></span> <span class='ocrx_word' id='word_1_107' title='bbox 2004 1609 2138 1658; x_wconf 90' lang='lat' dir='ltr'><strong>est:</strong></span> 
     </span>
    </p>
   </div>
   <div class='ocr_carea' id='block_1_19' title="bbox 560 1681 2140 1760">
    <p class='ocr_par' dir='ltr' id='par_1_19' title="bbox 560 1681 2140 1760">
     <span class='ocr_line' id='line_1_19' title="bbox 560 1681 2140 1760; baseline 0.006 -24"><span class='ocrx_word' id='word_1_108' title='bbox 560 1681 659 1737; x_wconf 83' lang='lat' dir='ltr'><strong>sed</strong></span> <span class='ocrx_word' id='word_1_109' title='bbox 691 1685 840 1739; x_wconf 81' lang='lat' dir='ltr'><strong>brevi</strong></span> <span class='ocrx_word' id='word_1_110' title='bbox 894 1684 1196 1750; x_wconf 84' lang='lat' dir='ltr'><strong>interjecto</strong></span> <span class='ocrx_word' id='word_1_111' title='bbox 1227 1694 1474 1757; x_wconf 91' lang='lat' dir='ltr'><strong>tempore</strong></span> <span class='ocrx_word' id='word_1_112' title='bbox 1524 1689 1592 1744; x_wconf 87' lang='lat' dir='ltr'><strong>ad</strong></span> <span class='ocrx_word' id='word_1_113' title='bbox 1639 1689 1922 1760; x_wconf 90' lang='lat' dir='ltr'><strong>ingenium</strong></span> <span class='ocrx_word' id='word_1_114' title='bbox 1980 1705 2140 1746; x_wconf 88' lang='lat' dir='ltr'><strong>suum</strong></span> 
     </span>
    </p>
   </div>
   <div class='ocr_carea' id='block_1_20' title="bbox 2241 505 3826 583">
    <p class='ocr_par' dir='ltr' id='par_1_20' title="bbox 2241 505 3826 583">
     <span class='ocr_line' id='line_1_20' title="bbox 2241 505 3826 583; baseline 0.003 -23"><span class='ocrx_word' id='word_1_115' title='bbox 2241 524 2353 560; x_wconf 86' lang='grc' dir='ltr'><strong>κων</strong></span> <span class='ocrx_word' id='word_1_116' title='bbox 2375 506 2642 576; x_wconf 78' lang='grc' dir='ltr'><strong>ὠφέλειαν</strong></span> <span class='ocrx_word' id='word_1_117' title='bbox 2666 508 2712 540; x_wconf 74' lang='grc'><strong>⁸⁸</strong></span> <span class='ocrx_word' id='word_1_118' title='bbox 2755 505 3112 578; x_wconf 75' lang='grc' dir='ltr'><strong>καρποῦνται.</strong></span> <span class='ocrx_word' id='word_1_119' title='bbox 3155 507 3272 562; x_wconf 73' lang='grc' dir='ltr'><strong>ἀλλ’</strong></span> <span class='ocrx_word' id='word_1_120' title='bbox 3311 507 3523 561; x_wconf 74' lang='grc' dir='ltr'><strong>ἐοίκασί</strong></span> <span class='ocrx_word' id='word_1_121' title='bbox 3550 525 3691 563; x_wconf 89' lang='grc' dir='ltr'><strong>τισιν</strong></span> <span class='ocrx_word' id='word_1_122' title='bbox 3724 512 3826 583; x_wconf 58' lang='lat' dir='ltr'><strong>if.-</strong></span> 
     </span>
    </p>
   </div>
   <div class='ocr_carea' id='block_1_21' title="bbox 2237 595 3829 670">
    <p class='ocr_par' dir='ltr' id='par_1_21' title="bbox 2237 595 3829 670">
     <span class='ocr_line' id='line_1_21' title="bbox 2237 595 3829 670; baseline 0.004 -23"><span class='ocrx_word' id='word_1_123' title='bbox 2237 596 2486 667; x_wconf 69' lang='grc' dir='ltr'><strong>ρώστοις,</strong></span> <span class='ocrx_word' id='word_1_124' title='bbox 2510 598 3006 668; x_wconf 78' lang='grc' dir='ltr'><strong>ἀποστρεφομένοις</strong></span> <span class='ocrx_word' id='word_1_125' title='bbox 3068 595 3165 666; x_wconf 77' lang='grc' dir='ltr'><strong>μὲν</strong></span> <span class='ocrx_word' id='word_1_126' title='bbox 3193 596 3292 666; x_wconf 74' lang='grc' dir='ltr'><strong>τὴν</strong></span> <span class='ocrx_word' id='word_1_127' title='bbox 3321 595 3473 667; x_wconf 85' lang='grc' dir='ltr'><strong>παρά</strong></span> <span class='ocrx_word' id='word_1_128' title='bbox 3515 597 3616 666; x_wconf 84' lang='grc' dir='ltr'><strong>τῆς</strong></span> <span class='ocrx_word' id='word_1_129' title='bbox 3649 600 3829 670; x_wconf 73' lang='grc' dir='ltr'><strong>ἰατριο</strong></span> 
     </span>
    </p>
   </div>
   <div class='ocr_carea' id='block_1_22' title="bbox 2236 687 3822 763">
    <p class='ocr_par' dir='ltr' id='par_1_22' title="bbox 2236 687 3822 763">
     <span class='ocr_line' id='line_1_22' title="bbox 2236 687 3822 763; baseline 0.003 -23"><span class='ocrx_word' id='word_1_130' title='bbox 2236 688 2338 758; x_wconf 80' lang='grc' dir='ltr'><strong>κῆς</strong></span> <span class='ocrx_word' id='word_1_131' title='bbox 2367 688 2561 758; x_wconf 87' lang='grc' dir='ltr'><strong>τέχνης</strong></span> <span class='ocrx_word' id='word_1_132' title='bbox 2592 688 3006 760; x_wconf 82' lang='grc' dir='ltr'><strong>προσαγομένην</strong></span> <span class='ocrx_word' id='word_1_133' title='bbox 3030 688 3271 750; x_wconf 77' lang='grc' dir='ltr'><strong>’ταὺτοῖς</strong></span> <span class='ocrx_word' id='word_1_134' title='bbox 3296 687 3618 759; x_wconf 84' lang='grc' dir='ltr'><strong>θεραπείαν.</strong></span> <span class='ocrx_word' id='word_1_135' title='bbox 3638 691 3822 763; x_wconf 76' lang='grc' dir='ltr'><strong>ἀκρα-</strong></span> 
     </span>
    </p>
   </div>
   <div class='ocr_carea' id='block_1_23' title="bbox 2238 779 3825 852">
    <p class='ocr_par' dir='ltr' id='par_1_23' title="bbox 2238 779 3825 852">
     <span class='ocr_line' id='line_1_23' title="bbox 2238 779 3825 852; baseline 0.003 -20"><span class='ocrx_word' id='word_1_136' title='bbox 2238 780 2330 850; x_wconf 81' lang='grc' dir='ltr'><strong>σίᾳ</strong></span> <span class='ocrx_word' id='word_1_137' title='bbox 2358 779 2414 832; x_wconf 84' lang='grc' dir='ltr'><strong>δὲ</strong></span> <span class='ocrx_word' id='word_1_138' title='bbox 2446 781 2542 833; x_wconf 78' lang='grc' dir='ltr'><strong>καὶ</strong></span> <span class='ocrx_word' id='word_1_139' title='bbox 2565 780 2759 852; x_wconf 80' lang='grc' dir='ltr'><strong>ἀταξίᾳ</strong></span> <span class='ocrx_word' id='word_1_140' title='bbox 2792 779 2958 851; x_wconf 75' lang='grc' dir='ltr'><strong>πολλῇ</strong></span> <span class='ocrx_word' id='word_1_141' title='bbox 2993 780 3040 812; x_wconf 78' lang='grc'><strong>³⁸</strong></span> <span class='ocrx_word' id='word_1_142' title='bbox 3069 780 3395 850; x_wconf 72' lang='grc' dir='ltr'><strong>χρωμένοις,</strong></span> <span class='ocrx_word' id='word_1_143' title='bbox 3451 781 3547 834; x_wconf 71' lang='grc' dir='ltr'><strong>καὶ</strong></span> <span class='ocrx_word' id='word_1_144' title='bbox 3581 780 3680 852; x_wconf 78' lang='grc' dir='ltr'><strong>τὴν</strong></span> <span class='ocrx_word' id='word_1_145' title='bbox 3700 784 3825 837; x_wconf 74' lang='grc' dir='ltr'><strong>ἐπι·</strong></span> 
     </span>
    </p>
   </div>
   <div class='ocr_carea' id='block_1_24' title="bbox 2239 870 3822 942">
    <p class='ocr_par' dir='ltr' id='par_1_24' title="bbox 2239 870 3822 942">
     <span class='ocr_line' id='line_1_24' title="bbox 2239 870 3822 942; baseline 0.002 -20"><span class='ocrx_word' id='word_1_146' title='bbox 2239 871 2499 940; x_wconf 81' lang='grc' dir='ltr'><strong>κειμένην</strong></span> <span class='ocrx_word' id='word_1_147' title='bbox 2524 871 2704 935; x_wconf 83' lang='grc' dir='ltr'><strong>αὐτοῖς</strong></span> <span class='ocrx_word' id='word_1_148' title='bbox 2739 870 2994 937; x_wconf 74' lang='grc' dir='ltr'><strong>αὔξουσιν</strong></span> <span class='ocrx_word' id='word_1_149' title='bbox 3043 870 3315 942; x_wconf 79' lang='grc' dir='ltr'><strong>ὁσημέραι</strong></span> <span class='ocrx_word' id='word_1_150' title='bbox 3341 871 3518 924; x_wconf 86' lang='grc' dir='ltr'><strong>νόσον.</strong></span> <span class='ocrx_word' id='word_1_151' title='bbox 3564 872 3822 936; x_wconf 84' lang='grc' dir='ltr'><strong>Τοιοῦτος</strong></span> 
     </span>
    </p>
   </div>
   <div class='ocr_carea' id='block_1_25' title="bbox 2235 955 3826 1032">
    <p class='ocr_par' dir='ltr' id='par_1_25' title="bbox 2235 955 3826 1032">
     <span class='ocr_line' id='line_1_25' title="bbox 2235 955 3826 1032; baseline 0.001 -17"><span class='ocrx_word' id='word_1_152' title='bbox 2235 957 2304 1032; x_wconf 78' lang='grc' dir='ltr'><strong>ἦν</strong></span> <span class='ocrx_word' id='word_1_153' title='bbox 2329 955 2487 1026; x_wconf 77' lang='grc' dir='ltr'><strong>οὗτος</strong></span> <span class='ocrx_word' id='word_1_154' title='bbox 2521 964 2550 1015; x_wconf 86' lang='grc' dir='ltr'><strong>ό</strong></span> <span class='ocrx_word' id='word_1_155' title='bbox 2577 961 2792 1028; x_wconf 85' lang='grc' dir='ltr'><strong>ἀλαζὼν</strong></span> <span class='ocrx_word' id='word_1_156' title='bbox 2833 961 3108 1031; x_wconf 78' lang='grc' dir='ltr'><strong>βασιλεὺς,</strong></span> <span class='ocrx_word' id='word_1_157' title='bbox 3141 962 3200 1025; x_wconf 83' lang='grc' dir='ltr'><strong>ὃς</strong></span> <span class='ocrx_word' id='word_1_158' title='bbox 3241 962 3336 1016; x_wconf 81' lang='grc' dir='ltr'><strong>τοῦ</strong></span> <span class='ocrx_word' id='word_1_159' title='bbox 3375 962 3509 1016; x_wconf 85' lang='grc' dir='ltr'><strong>Θεοῦ</strong></span> <span class='ocrx_word' id='word_1_160' title='bbox 3540 963 3651 1016; x_wconf 91' lang='grc' dir='ltr'><strong>τῶν</strong></span> <span class='ocrx_word' id='word_1_161' title='bbox 3681 964 3826 1018; x_wconf 81' lang='grc' dir='ltr'><strong>ὅλων</strong></span> 
     </span>
    </p>
   </div>
   <div class='ocr_carea' id='block_1_26' title="bbox 2237 1049 3827 1122">
    <p class='ocr_par' dir='ltr' id='par_1_26' title="bbox 2237 1049 3827 1122">
     <span class='ocr_line' id='line_1_26' title="bbox 2237 1049 3827 1122; baseline 0.003 -20"><span class='ocrx_word' id='word_1_162' title='bbox 2237 1049 2467 1122; x_wconf 80' lang='grc' dir='ltr'><strong>ἀμέτρῳ</strong></span> <span class='ocrx_word' id='word_1_163' title='bbox 2510 1049 2892 1122; x_wconf 73' lang='grc' dir='ltr'><strong>φιλανθρωπίᾳ</strong></span> <span class='ocrx_word' id='word_1_164' title='bbox 2940 1051 3314 1122; x_wconf 78' lang='grc' dir='ltr'><strong>χρησαμένου,</strong></span> <span class='ocrx_word' id='word_1_165' title='bbox 3376 1051 3472 1104; x_wconf 80' lang='grc' dir='ltr'><strong>καὶ</strong></span> <span class='ocrx_word' id='word_1_166' title='bbox 3533 1050 3676 1122; x_wconf 82' lang='grc' dir='ltr'><strong>μετά</strong></span> <span class='ocrx_word' id='word_1_167' title='bbox 3720 1052 3827 1117; x_wconf 84' lang='grc' dir='ltr'><strong>τάς</strong></span> 
     </span>
    </p>
   </div>
   <div class='ocr_carea' id='block_1_27' title="bbox 2241 1142 3823 1215">
    <p class='ocr_par' dir='ltr' id='par_1_27' title="bbox 2241 1142 3823 1215">
     <span class='ocr_line' id='line_1_27' title="bbox 2241 1142 3823 1215; baseline 0.001 -20"><span class='ocrx_word' id='word_1_168' title='bbox 2241 1143 2442 1214; x_wconf 85' lang='grc' dir='ltr'><strong>μυρίας</strong></span> <span class='ocrx_word' id='word_1_169' title='bbox 2471 1143 2817 1215; x_wconf 80' lang='grc' dir='ltr'><strong>παρανομίας</strong></span> <span class='ocrx_word' id='word_1_170' title='bbox 2843 1159 2905 1196; x_wconf 85' lang='grc' dir='ltr'><strong>τε</strong></span> <span class='ocrx_word' id='word_1_171' title='bbox 2954 1143 3052 1196; x_wconf 81' lang='grc' dir='ltr'><strong>καί</strong></span> <span class='ocrx_word' id='word_1_172' title='bbox 3093 1142 3408 1206; x_wconf 75' lang='grc' dir='ltr'><strong>δυσσεϐείας</strong></span> <span class='ocrx_word' id='word_1_173' title='bbox 3441 1144 3486 1176; x_wconf 81' lang='grc'><strong>¹⁹</strong></span> <span class='ocrx_word' id='word_1_174' title='bbox 3518 1143 3823 1214; x_wconf 79' lang='grc' dir='ltr'><strong>θεραπείαν</strong></span> 
     </span>
    </p>
   </div>
   <div class='ocr_carea' id='block_1_28' title="bbox 2237 1232 3824 1310">
    <p class='ocr_par' dir='ltr' id='par_1_28' title="bbox 2237 1232 3824 1310">
     <span class='ocr_line' id='line_1_28' title="bbox 2237 1232 3824 1310; baseline -0.005 -22"><span class='ocrx_word' id='word_1_175' title='bbox 2237 1232 2388 1302; x_wconf 85' lang='grc' dir='ltr'><strong>αὑτῷ</strong></span> <span class='ocrx_word' id='word_1_176' title='bbox 2413 1233 2889 1305; x_wconf 84' lang='grc' dir='ltr'><strong>προσενηνοχότος,</strong></span> <span class='ocrx_word' id='word_1_177' title='bbox 2921 1233 3018 1287; x_wconf 71' lang='grc' dir='ltr'><strong>καί</strong></span> <span class='ocrx_word' id='word_1_178' title='bbox 3047 1233 3423 1299; x_wconf 81' lang='grc' dir='ltr'><strong>ὑποδείξαντος</strong></span> <span class='ocrx_word' id='word_1_179' title='bbox 3455 1234 3555 1305; x_wconf 84' lang='grc' dir='ltr'><strong>τῆς</strong></span> <span class='ocrx_word' id='word_1_180' title='bbox 3582 1251 3643 1288; x_wconf 86' lang='grc' dir='ltr'><strong>τε</strong></span> <span class='ocrx_word' id='word_1_181' title='bbox 3675 1251 3824 1310; x_wconf 79' lang='grc' dir='ltr'><strong>παρ-</strong></span> 
     </span>
    </p>
   </div>
   <div class='ocr_carea' id='block_1_29' title="bbox 2237 1320 3822 1394">
    <p class='ocr_par' dir='ltr' id='par_1_29' title="bbox 2237 1320 3822 1394">
     <span class='ocr_line' id='line_1_29' title="bbox 2237 1320 3822 1394; baseline 0.004 -20"><span class='ocrx_word' id='word_1_182' title='bbox 2237 1320 2406 1391; x_wconf 84' lang='grc' dir='ltr'><strong>ούσης</strong></span> <span class='ocrx_word' id='word_1_183' title='bbox 2459 1322 2762 1393; x_wconf 76' lang='grc' dir='ltr'><strong>εὐημερίας</strong></span> <span class='ocrx_word' id='word_1_184' title='bbox 2817 1323 2879 1376; x_wconf 87' lang='grc' dir='ltr'><strong>τὸ</strong></span> <span class='ocrx_word' id='word_1_185' title='bbox 2923 1323 3190 1394; x_wconf 82' lang='grc' dir='ltr'><strong>ὲπίκηρόν</strong></span> <span class='ocrx_word' id='word_1_186' title='bbox 3215 1341 3274 1376; x_wconf 85' lang='grc' dir='ltr'><strong>τε</strong></span> <span class='ocrx_word' id='word_1_187' title='bbox 3308 1324 3401 1376; x_wconf 81' lang='grc' dir='ltr'><strong>καὶ</strong></span> <span class='ocrx_word' id='word_1_188' title='bbox 3440 1324 3688 1394; x_wconf 81' lang='grc' dir='ltr'><strong>μάταιον,</strong></span> <span class='ocrx_word' id='word_1_189' title='bbox 3720 1327 3822 1381; x_wconf 68' lang='grc' dir='ltr'><strong>καὶ</strong></span> 
     </span>
    </p>
   </div>
   <div class='ocr_carea' id='block_1_30' title="bbox 2237 1411 3820 1484">
    <p class='ocr_par' dir='ltr' id='par_1_30' title="bbox 2237 1411 3820 1484">
     <span class='ocr_line' id='line_1_30' title="bbox 2237 1411 3820 1484; baseline 0.003 -20"><span class='ocrx_word' id='word_1_190' title='bbox 2237 1413 2338 1483; x_wconf 84' lang='grc' dir='ltr'><strong>τῆς</strong></span> <span class='ocrx_word' id='word_1_191' title='bbox 2365 1413 2569 1483; x_wconf 82' lang='grc' dir='ltr'><strong>ἀρετῆς</strong></span> <span class='ocrx_word' id='word_1_192' title='bbox 2596 1413 2659 1466; x_wconf 88' lang='grc' dir='ltr'><strong>τὸ</strong></span> <span class='ocrx_word' id='word_1_193' title='bbox 2687 1411 2890 1484; x_wconf 78' lang='grc' dir='ltr'><strong>ὑψηλὸν</strong></span> <span class='ocrx_word' id='word_1_194' title='bbox 2926 1413 3017 1467; x_wconf 72' lang='grc' dir='ltr'><strong>καὶ</strong></span> <span class='ocrx_word' id='word_1_195' title='bbox 3071 1412 3512 1484; x_wconf 78' lang='grc' dir='ltr'><strong>περίϐλεπτον,ή</strong></span> <span class='ocrx_word' id='word_1_196' title='bbox 3548 1415 3644 1468; x_wconf 76' lang='grc' dir='ltr'><strong>καὶ</strong></span> <span class='ocrx_word' id='word_1_197' title='bbox 3689 1415 3820 1478; x_wconf 69' lang='grc' dir='ltr'><strong>τοὺς</strong></span> 
     </span>
    </p>
   </div>
   <div class='ocr_carea' id='block_1_31' title="bbox 2236 1502 3820 1579">
    <p class='ocr_par' dir='ltr' id='par_1_31' title="bbox 2236 1502 3820 1579">
     <span class='ocr_line' id='line_1_31' title="bbox 2236 1502 3820 1579; baseline 0.002 -21"><span class='ocrx_word' id='word_1_198' title='bbox 2236 1502 2632 1576; x_wconf 84' lang='grc' dir='ltr'><strong>δορυαλώτους,</strong></span> <span class='ocrx_word' id='word_1_199' title='bbox 2673 1505 2767 1558; x_wconf 81' lang='grc' dir='ltr'><strong>καί</strong></span> <span class='ocrx_word' id='word_1_200' title='bbox 2791 1505 2880 1558; x_wconf 86' lang='grc' dir='ltr'><strong>τὸν</strong></span> <span class='ocrx_word' id='word_1_201' title='bbox 2906 1503 2954 1536; x_wconf 83' lang='grc'><strong><em>⁸⁸</em></strong></span> <span class='ocrx_word' id='word_1_202' title='bbox 2977 1505 3077 1575; x_wconf 86' lang='grc' dir='ltr'><strong>τῆς</strong></span> <span class='ocrx_word' id='word_1_203' title='bbox 3124 1505 3372 1568; x_wconf 84' lang='grc' dir='ltr'><strong>δουλείας</strong></span> <span class='ocrx_word' id='word_1_204' title='bbox 3417 1503 3579 1574; x_wconf 79' lang='grc' dir='ltr'><strong>ζυγὸν</strong></span> <span class='ocrx_word' id='word_1_205' title='bbox 3627 1505 3820 1579; x_wconf 77' lang='grc' dir='ltr'><strong>φέρειν</strong></span> 
     </span>
    </p>
   </div>
   <div class='ocr_carea' id='block_1_32' title="bbox 2239 1595 3820 1669">
    <p class='ocr_par' dir='ltr' id='par_1_32' title="bbox 2239 1595 3820 1669">
     <span class='ocr_line' id='line_1_32' title="bbox 2239 1595 3820 1669; baseline 0.002 -22"><span class='ocrx_word' id='word_1_206' title='bbox 2239 1595 2719 1665; x_wconf 72' lang='grc' dir='ltr'><strong>ἠναγκασμένους,</strong></span> <span class='ocrx_word' id='word_1_207' title='bbox 2777 1595 3070 1666; x_wconf 81' lang='grc' dir='ltr'><strong>ἀποφαίνει</strong></span> <span class='ocrx_word' id='word_1_208' title='bbox 3128 1595 3438 1666; x_wconf 79' lang='grc' dir='ltr'><strong>λαμπροὺς,</strong></span> <span class='ocrx_word' id='word_1_209' title='bbox 3499 1597 3660 1662; x_wconf 80' lang='grc' dir='ltr'><strong>εὐθὺς</strong></span> <span class='ocrx_word' id='word_1_210' title='bbox 3715 1598 3820 1669; x_wconf 67' lang='grc' dir='ltr'><strong>μὶν</strong></span> 
     </span>
    </p>
   </div>
   <div class='ocr_carea' id='block_1_33' title="bbox 2242 1685 3817 1758">
    <p class='ocr_par' dir='ltr' id='par_1_33' title="bbox 2242 1685 3817 1758">
     <span class='ocr_line' id='line_1_33' title="bbox 2242 1685 3817 1758; baseline 0.004 -20"><span class='ocrx_word' id='word_1_211' title='bbox 2242 1685 2523 1756; x_wconf 78' lang='grc' dir='ltr'><strong>ἐθαύμασε</strong></span> <span class='ocrx_word' id='word_1_212' title='bbox 2543 1685 2643 1755; x_wconf 79' lang='grc' dir='ltr'><strong>τὴν</strong></span> <span class='ocrx_word' id='word_1_213' title='bbox 2668 1685 2762 1740; x_wconf 78' lang='grc' dir='ltr'><strong>τοῦ</strong></span> <span class='ocrx_word' id='word_1_214' title='bbox 2809 1687 3093 1758; x_wconf 81' lang='grc' dir='ltr'><strong>προφήτου</strong></span> <span class='ocrx_word' id='word_1_215' title='bbox 3123 1686 3336 1756; x_wconf 71' lang='grc' dir='ltr'><strong>σοφίαν,</strong></span> <span class='ocrx_word' id='word_1_216' title='bbox 3379 1688 3472 1740; x_wconf 74' lang='grc' dir='ltr'><strong>καὶ</strong></span> <span class='ocrx_word' id='word_1_217' title='bbox 3512 1688 3605 1742; x_wconf 79' lang='grc' dir='ltr'><strong>τὸν</strong></span> <span class='ocrx_word' id='word_1_218' title='bbox 3626 1689 3817 1744; x_wconf 90' lang='grc' dir='ltr'><strong>τούτου</strong></span> 
     </span>
    </p>
   </div>
   <div class='ocr_carea' id='block_1_34' title="bbox 560 1763 2132 1849">
    <p class='ocr_par' dir='ltr' id='par_1_34' title="bbox 560 1773 2132 1849">
     <span class='ocr_line' id='line_1_34' title="bbox 560 1773 2132 1849; baseline 0.007 -23"><span class='ocrx_word' id='word_1_219' title='bbox 560 1773 744 1839; x_wconf 86' lang='lat' dir='ltr'><strong>rediit,</strong></span> <span class='ocrx_word' id='word_1_220' title='bbox 796 1777 1254 1845; x_wconf 88' lang='lat' dir='ltr'><strong>quemadmodum</strong></span> <span class='ocrx_word' id='word_1_221' title='bbox 1314 1780 1470 1834; x_wconf 90' lang='lat' dir='ltr'><strong>canis</strong></span> <span class='ocrx_word' id='word_1_222' title='bbox 1508 1779 1578 1834; x_wconf 89' lang='lat' dir='ltr'><strong>ad</strong></span> <span class='ocrx_word' id='word_1_223' title='bbox 1625 1782 1890 1836; x_wconf 77' lang='lat' dir='ltr'><strong>vomitum</strong></span> <span class='ocrx_word' id='word_1_224' title='bbox 1950 1797 2132 1849; x_wconf 88' lang='lat' dir='ltr'><strong>suum,</strong></span> 
     </span>
    </p>
   </div>
   <div class='ocr_carea' id='block_1_35' title="bbox 2234 1763 3817 1849">
    <p class='ocr_par' dir='ltr' id='par_1_35' title="bbox 2239 1771 3817 1848">
     <span class='ocr_line' id='line_1_35' title="bbox 2239 1771 3817 1848; baseline 0.006 -22"><span class='ocrx_word' id='word_1_225' title='bbox 2239 1773 2373 1827; x_wconf 82' lang='grc' dir='ltr'><strong>Θεὸν</strong></span> <span class='ocrx_word' id='word_1_226' title='bbox 2401 1774 2508 1827; x_wconf 90' lang='grc' dir='ltr'><strong>τῶν</strong></span> <span class='ocrx_word' id='word_1_227' title='bbox 2558 1775 2695 1829; x_wconf 82' lang='grc' dir='ltr'><strong>ὅλων</strong></span> <span class='ocrx_word' id='word_1_228' title='bbox 2755 1771 2896 1831; x_wconf 79' lang='grc' dir='ltr'><strong>εῖναι</strong></span> <span class='ocrx_word' id='word_1_229' title='bbox 2945 1776 3079 1830; x_wconf 91' lang='grc' dir='ltr'><strong>Θεὸν</strong></span> <span class='ocrx_word' id='word_1_230' title='bbox 3129 1776 3480 1848; x_wconf 82' lang='grc' dir='ltr'><strong>ὡμολόγησεν</strong></span> <span class='ocrx_word' id='word_1_231' title='bbox 3500 1795 3514 1810; x_wconf 78' lang='grc' dir='ltr'><strong><em>ο</em></strong></span> <span class='ocrx_word' id='word_1_232' title='bbox 3539 1779 3724 1848; x_wconf 81' lang='grc' dir='ltr'><strong>ὀλίγου</strong></span> <span class='ocrx_word' id='word_1_233' title='bbox 3758 1780 3817 1834; x_wconf 76' lang='grc' dir='ltr'><strong>δὲ</strong></span> 
     </span>
    </p>
   </div>
   <div class='ocr_carea' id='block_1_36' title="bbox 562 1863 2136 1944">
    <p class='ocr_par' dir='ltr' id='par_1_36' title="bbox 562 1863 2136 1944">
     <span class='ocr_line' id='line_1_36' title="bbox 562 1863 2136 1944; baseline 0.006 -27"><span class='ocrx_word' id='word_1_234' title='bbox 562 1871 620 1917; x_wconf 90' lang='lat' dir='ltr'><strong>ut</strong></span> <span class='ocrx_word' id='word_1_235' title='bbox 644 1863 832 1919; x_wconf 83' lang='lat' dir='ltr'><strong>divina</strong></span> <span class='ocrx_word' id='word_1_236' title='bbox 868 1866 1115 1937; x_wconf 87' lang='lat' dir='ltr'><strong>loquitur</strong></span> <span class='ocrx_word' id='word_1_237' title='bbox 1138 1867 1429 1940; x_wconf 90' lang='lat' dir='ltr'><strong>Scriptura</strong></span> <span class='ocrx_word' id='word_1_238' title='bbox 1448 1869 1500 1934; x_wconf 76' lang='grc' dir='ltr'><strong>ἀ,</strong></span> <span class='ocrx_word' id='word_1_239' title='bbox 1530 1878 1586 1926; x_wconf 92' lang='lat' dir='ltr'><strong>et</strong></span> <span class='ocrx_word' id='word_1_240' title='bbox 1627 1873 1906 1926; x_wconf 90' lang='lat' dir='ltr'><strong>construit</strong></span> <span class='ocrx_word' id='word_1_241' title='bbox 1944 1874 2136 1944; x_wconf 84' lang='lat' dir='ltr'><strong>imagi-</strong></span> 
     </span>
    </p>
   </div>
   <div class='ocr_carea' id='block_1_37' title="bbox 546 1958 2134 2024">
    <p class='ocr_par' dir='ltr' id='par_1_37' title="bbox 546 1958 2134 2024">
     <span class='ocr_line' id='line_1_37' title="bbox 546 1958 2134 2024; baseline 0.006 -16"><span class='ocrx_word' id='word_1_242' title='bbox 546 1969 682 2009; x_wconf 87' lang='lat' dir='ltr'><strong>nem</strong></span> <span class='ocrx_word' id='word_1_243' title='bbox 752 1971 999 2024; x_wconf 85' lang='lat' dir='ltr'><strong>auream,</strong></span> <span class='ocrx_word' id='word_1_244' title='bbox 1054 1958 1403 2014; x_wconf 88' lang='lat' dir='ltr'><strong>altitudinem</strong></span> <span class='ocrx_word' id='word_1_245' title='bbox 1474 1961 1764 2016; x_wconf 84' lang='lat' dir='ltr'><strong>habentem</strong></span> <span class='ocrx_word' id='word_1_246' title='bbox 1821 1961 2134 2017; x_wconf 88' lang='lat' dir='ltr'><strong>cubitorum</strong></span> 
     </span>
    </p>
   </div>
   <div class='ocr_carea' id='block_1_38' title="bbox 556 2045 2134 2123">
    <p class='ocr_par' dir='ltr' id='par_1_38' title="bbox 556 2045 2134 2123">
     <span class='ocr_line' id='line_1_38' title="bbox 556 2045 2134 2123; baseline 0.006 -24"><span class='ocrx_word' id='word_1_247' title='bbox 556 2045 862 2116; x_wconf 76' lang='lat' dir='ltr'><strong>sexaginta,</strong></span> <span class='ocrx_word' id='word_1_248' title='bbox 898 2046 1247 2103; x_wconf 82' lang='lat' dir='ltr'><strong>latitudinem</strong></span> <span class='ocrx_word' id='word_1_249' title='bbox 1273 2051 1598 2105; x_wconf 88' lang='lat' dir='ltr'><strong>cubitorum</strong></span> <span class='ocrx_word' id='word_1_250' title='bbox 1626 2067 1746 2116; x_wconf 84' lang='lat' dir='ltr'><strong>sex,</strong></span> <span class='ocrx_word' id='word_1_251' title='bbox 1783 2055 1980 2123; x_wconf 84' lang='lat' dir='ltr'><strong>quam&#39;</strong></span> <span class='ocrx_word' id='word_1_252' title='bbox 2008 2069 2134 2108; x_wconf 87' lang='lat' dir='ltr'><strong>cum</strong></span> 
     </span>
    </p>
   </div>
   <div class='ocr_carea' id='block_1_39' title="bbox 561 2130 2137 2213">
    <p class='ocr_par' dir='ltr' id='par_1_39' title="bbox 561 2130 2137 2213">
     <span class='ocr_line' id='line_1_39' title="bbox 561 2130 2137 2213; baseline 0.01 -29"><span class='ocrx_word' id='word_1_253' title='bbox 561 2130 622 2184; x_wconf 88' lang='lat' dir='ltr'><strong>in</strong></span> <span class='ocrx_word' id='word_1_254' title='bbox 661 2132 950 2200; x_wconf 63' lang='lat' dir='ltr'><strong>equaliter</strong></span> <span class='ocrx_word' id='word_1_255' title='bbox 972 2134 1140 2204; x_wconf 89' lang='lat' dir='ltr'><strong>plano</strong></span> <span class='ocrx_word' id='word_1_256' title='bbox 1174 2150 1367 2208; x_wconf 91' lang='lat' dir='ltr'><strong>campo</strong></span> <span class='ocrx_word' id='word_1_257' title='bbox 1413 2141 1723 2206; x_wconf 87' lang='lat' dir='ltr'><strong>statuisset,</strong></span> <span class='ocrx_word' id='word_1_258' title='bbox 1757 2149 1816 2196; x_wconf 93' lang='lat' dir='ltr'><strong>ut</strong></span> <span class='ocrx_word' id='word_1_259' title='bbox 1849 2143 2137 2213; x_wconf 64' lang='lat' dir='ltr'><strong>aqualiter</strong></span> 
     </span>
    </p>
   </div>
   <div class='ocr_carea' id='block_1_40' title="bbox 563 2227 2132 2302">
    <p class='ocr_par' dir='ltr' id='par_1_40' title="bbox 563 2227 2132 2302">
     <span class='ocr_line' id='line_1_40' title="bbox 563 2227 2132 2302; baseline 0.011 -28"><span class='ocrx_word' id='word_1_260' title='bbox 563 2236 758 2277; x_wconf 87' lang='lat' dir='ltr'><strong>omnes</strong></span> <span class='ocrx_word' id='word_1_261' title='bbox 784 2233 1098 2294; x_wconf 81' lang='lat' dir='ltr'><strong>superaret,</strong></span> <span class='ocrx_word' id='word_1_262' title='bbox 1126 2238 1180 2281; x_wconf 91' lang='lat' dir='ltr'><strong>et</strong></span> <span class='ocrx_word' id='word_1_263' title='bbox 1211 2227 1282 2281; x_wconf 89' lang='lat' dir='ltr'><strong>ab</strong></span> <span class='ocrx_word' id='word_1_264' title='bbox 1303 2230 1560 2285; x_wconf 91' lang='lat' dir='ltr'><strong>omnibus</strong></span> <span class='ocrx_word' id='word_1_265' title='bbox 1601 2247 1756 2302; x_wconf 61' lang='lat' dir='ltr'><strong>atque</strong></span> <span class='ocrx_word' id='word_1_266' title='bbox 1784 2247 2132 2301; x_wconf 87' lang='lat' dir='ltr'><strong>cerneretur,</strong></span> 
     </span>
    </p>
   </div>
   <div class='ocr_carea' id='block_1_41' title="bbox 557 2311 2132 2390">
    <p class='ocr_par' dir='ltr' id='par_1_41' title="bbox 557 2311 2132 2390">
     <span class='ocr_line' id='line_1_41' title="bbox 557 2311 2132 2390; baseline 0.012 -28"><span class='ocrx_word' id='word_1_267' title='bbox 557 2311 633 2365; x_wconf 87' lang='lat' dir='ltr'><strong>ab</strong></span> <span class='ocrx_word' id='word_1_268' title='bbox 661 2313 919 2370; x_wconf 88' lang='lat' dir='ltr'><strong>omnibus</strong></span> <span class='ocrx_word' id='word_1_269' title='bbox 947 2315 1054 2370; x_wconf 92' lang='lat' dir='ltr'><strong>sibi</strong></span> <span class='ocrx_word' id='word_1_270' title='bbox 1079 2317 1348 2386; x_wconf 83' lang='lat' dir='ltr'><strong>subjectis</strong></span> <span class='ocrx_word' id='word_1_271' title='bbox 1377 2334 1496 2374; x_wconf 89' lang='lat' dir='ltr'><strong>eam</strong></span> <span class='ocrx_word' id='word_1_272' title='bbox 1536 2322 1694 2390; x_wconf 88' lang='lat' dir='ltr'><strong>jubet</strong></span> <span class='ocrx_word' id='word_1_273' title='bbox 1721 2323 1966 2379; x_wconf 87' lang='lat' dir='ltr'><strong>adorari.</strong></span> <span class='ocrx_word' id='word_1_274' title='bbox 2012 2324 2132 2382; x_wconf 84' lang='lat' dir='ltr'><strong>Non</strong></span> 
     </span>
    </p>
   </div>
   <div class='ocr_carea' id='block_1_42' title="bbox 554 2400 2134 2479">
    <p class='ocr_par' dir='ltr' id='par_1_42' title="bbox 554 2400 2134 2479">
     <span class='ocr_line' id='line_1_42' title="bbox 554 2400 2134 2479; baseline 0.012 -25"><span class='ocrx_word' id='word_1_275' title='bbox 554 2400 785 2470; x_wconf 81' lang='lat' dir='ltr'><strong>simplex</strong></span> <span class='ocrx_word' id='word_1_276' title='bbox 819 2410 1002 2460; x_wconf 90' lang='lat' dir='ltr'><strong>autem</strong></span> <span class='ocrx_word' id='word_1_277' title='bbox 1030 2403 1123 2460; x_wconf 91' lang='lat' dir='ltr'><strong>hic</strong></span> <span class='ocrx_word' id='word_1_278' title='bbox 1161 2408 1441 2476; x_wconf 74' lang='lat' dir='ltr'><strong>superbiae</strong></span> <span class='ocrx_word' id='word_1_279' title='bbox 1477 2411 1676 2466; x_wconf 89' lang='lat' dir='ltr'><strong>modus</strong></span> <span class='ocrx_word' id='word_1_280' title='bbox 1732 2411 1856 2479; x_wconf 92' lang='lat' dir='ltr'><strong>fuit,</strong></span> <span class='ocrx_word' id='word_1_281' title='bbox 1889 2415 1986 2470; x_wconf 86' lang='lat' dir='ltr'><strong>sed</strong></span> <span class='ocrx_word' id='word_1_282' title='bbox 2022 2415 2134 2473; x_wconf 92' lang='lat' dir='ltr'><strong>Deo</strong></span> 
     </span>
    </p>
   </div>
   <div class='ocr_carea' id='block_1_43' title="bbox 555 2496 2134 2574">
    <p class='ocr_par' dir='ltr' id='par_1_43' title="bbox 555 2496 2134 2574">
     <span class='ocr_line' id='line_1_43' title="bbox 555 2496 2134 2574; baseline 0.013 -32"><span class='ocrx_word' id='word_1_283' title='bbox 555 2499 743 2558; x_wconf 84' lang='lat' dir='ltr'><strong>aperte</strong></span> <span class='ocrx_word' id='word_1_284' title='bbox 769 2506 1104 2564; x_wconf 73' lang='lat' dir='ltr'><strong>repugnans,</strong></span> <span class='ocrx_word' id='word_1_285' title='bbox 1136 2506 1191 2550; x_wconf 91' lang='lat' dir='ltr'><strong>et</strong></span> <span class='ocrx_word' id='word_1_286' title='bbox 1234 2496 1344 2552; x_wconf 88' lang='lat' dir='ltr'><strong>Deo</strong></span> <span class='ocrx_word' id='word_1_287' title='bbox 1366 2498 1624 2556; x_wconf 85' lang='lat' dir='ltr'><strong>infestus.</strong></span> <span class='ocrx_word' id='word_1_288' title='bbox 1659 2500 1794 2556; x_wconf 83' lang='lat' dir='ltr'><strong>Nam</strong></span> <span class='ocrx_word' id='word_1_289' title='bbox 1829 2504 1962 2574; x_wconf 88' lang='lat' dir='ltr'><strong>quia</strong></span> <span class='ocrx_word' id='word_1_290' title='bbox 1990 2504 2134 2562; x_wconf 90' lang='lat' dir='ltr'><strong>Deus</strong></span> 
     </span>
    </p>
   </div>
   <div class='ocr_carea' id='block_1_44' title="bbox 553 2579 2134 2665">
    <p class='ocr_par' dir='ltr' id='par_1_44' title="bbox 553 2579 2134 2665">
     <span class='ocr_line' id='line_1_44' title="bbox 553 2579 2134 2665; baseline 0.013 -35"><span class='ocrx_word' id='word_1_291' title='bbox 553 2579 850 2636; x_wconf 89' lang='lat' dir='ltr'><strong>insomnio</strong></span> <span class='ocrx_word' id='word_1_292' title='bbox 907 2583 1204 2638; x_wconf 81' lang='lat' dir='ltr'><strong>maximam</strong></span> <span class='ocrx_word' id='word_1_293' title='bbox 1261 2586 1339 2640; x_wconf 92' lang='lat' dir='ltr'><strong>illi</strong></span> <span class='ocrx_word' id='word_1_294' title='bbox 1393 2588 1718 2645; x_wconf 88' lang='lat' dir='ltr'><strong>ostenderat</strong></span> <span class='ocrx_word' id='word_1_295' title='bbox 1778 2592 2134 2665; x_wconf 87' lang='lat' dir='ltr'><strong>imagineme</strong></span> 
     </span>
    </p>
   </div>
   <div class='ocr_carea' id='block_1_45' title="bbox 551 2671 2132 2756">
    <p class='ocr_par' dir='ltr' id='par_1_45' title="bbox 551 2671 2132 2756">
     <span class='ocr_line' id='line_1_45' title="bbox 551 2671 2132 2756; baseline 0.014 -35"><span class='ocrx_word' id='word_1_296' title='bbox 551 2671 906 2743; x_wconf 82' lang='lat' dir='ltr'><strong>quadruplici</strong></span> <span class='ocrx_word' id='word_1_297' title='bbox 943 2683 1174 2732; x_wconf 80' lang='lat' dir='ltr'><strong>materia</strong></span> <span class='ocrx_word' id='word_1_298' title='bbox 1208 2677 1440 2744; x_wconf 81' lang='lat' dir='ltr'><strong>laetam,</strong></span> <span class='ocrx_word' id='word_1_299' title='bbox 1475 2695 1572 2750; x_wconf 90' lang='lat' dir='ltr'><strong>per</strong></span> <span class='ocrx_word' id='word_1_300' title='bbox 1610 2698 1776 2752; x_wconf 87' lang='lat' dir='ltr'><strong>quam</strong></span> <span class='ocrx_word' id='word_1_301' title='bbox 1832 2685 1940 2755; x_wconf 85' lang='lat' dir='ltr'><strong>ipsi</strong></span> <span class='ocrx_word' id='word_1_302' title='bbox 1989 2702 2132 2756; x_wconf 89' lang='lat' dir='ltr'><strong>qua-</strong></span> 
     </span>
    </p>
   </div>
   <div class='ocr_carea' id='block_1_46' title="bbox 554 2771 2130 2846">
    <p class='ocr_par' dir='ltr' id='par_1_46' title="bbox 554 2771 2130 2846">
     <span class='ocr_line' id='line_1_46' title="bbox 554 2771 2130 2846; baseline 0.013 -34"><span class='ocrx_word' id='word_1_303' title='bbox 554 2771 684 2815; x_wconf 90' lang='lat' dir='ltr'><strong>tuor</strong></span> <span class='ocrx_word' id='word_1_304' title='bbox 716 2776 1009 2832; x_wconf 89' lang='lat' dir='ltr'><strong>regnorum</strong></span> <span class='ocrx_word' id='word_1_305' title='bbox 1050 2771 1442 2826; x_wconf 83' lang='lat' dir='ltr'><strong>successiones</strong></span> <span class='ocrx_word' id='word_1_306' title='bbox 1484 2771 1810 2839; x_wconf 82' lang='lat' dir='ltr'><strong>declaravit,</strong></span> <span class='ocrx_word' id='word_1_307' title='bbox 1849 2779 2130 2846; x_wconf 89' lang='lat' dir='ltr'><strong>proprium</strong></span> 
     </span>
    </p>
   </div>
   <div class='ocr_carea' id='block_1_47' title="bbox 557 2849 2133 2932">
    <p class='ocr_par' dir='ltr' id='par_1_47' title="bbox 557 2849 2133 2932">
     <span class='ocr_line' id='line_1_47' title="bbox 557 2849 2133 2932; baseline 0.014 -31"><span class='ocrx_word' id='word_1_308' title='bbox 557 2849 765 2904; x_wconf 85' lang='lat' dir='ltr'><strong>fastum</strong></span> <span class='ocrx_word' id='word_1_309' title='bbox 801 2851 913 2908; x_wconf 88' lang='lat' dir='ltr'><strong>Deo</strong></span> <span class='ocrx_word' id='word_1_310' title='bbox 946 2869 1262 2925; x_wconf 89' lang='lat' dir='ltr'><strong>opponens,</strong></span> <span class='ocrx_word' id='word_1_311' title='bbox 1283 2859 1402 2928; x_wconf 90' lang='lat' dir='ltr'><strong>ipse</strong></span> <span class='ocrx_word' id='word_1_312' title='bbox 1431 2876 1651 2932; x_wconf 89' lang='lat' dir='ltr'><strong>quoque</strong></span> <span class='ocrx_word' id='word_1_313' title='bbox 1707 2872 1948 2921; x_wconf 89' lang='lat' dir='ltr'><strong>statuam</strong></span> <span class='ocrx_word' id='word_1_314' title='bbox 1999 2883 2133 2924; x_wconf 87' lang='lat' dir='ltr'><strong>cen-</strong></span> 
     </span>
    </p>
   </div>
   <div class='ocr_carea' id='block_1_48' title="bbox 557 2940 2133 3030">
    <p class='ocr_par' dir='ltr' id='par_1_48' title="bbox 557 2940 2133 3030">
     <span class='ocr_line' id='line_1_48' title="bbox 557 2940 2133 3030; baseline 0.013 -37"><span class='ocrx_word' id='word_1_315' title='bbox 557 2940 744 3009; x_wconf 87' lang='lat' dir='ltr'><strong>struit,</strong></span> <span class='ocrx_word' id='word_1_316' title='bbox 783 2950 990 2998; x_wconf 88' lang='lat' dir='ltr'><strong>tantam</strong></span> <span class='ocrx_word' id='word_1_317' title='bbox 1033 2947 1112 3002; x_wconf 90' lang='lat' dir='ltr'><strong>illi</strong></span> <span class='ocrx_word' id='word_1_318' title='bbox 1152 2950 1590 3020; x_wconf 72' lang='lat' dir='ltr'><strong>magnitudinem</strong></span> <span class='ocrx_word' id='word_1_319' title='bbox 1637 2955 1911 3022; x_wconf 87' lang='lat' dir='ltr'><strong>tribuens,</strong></span> <span class='ocrx_word' id='word_1_320' title='bbox 1955 2974 2133 3030; x_wconf 85' lang='lat' dir='ltr'><strong>quan-</strong></span> 
     </span>
    </p>
   </div>
   <div class='ocr_carea' id='block_1_49' title="bbox 555 3034 2128 3119">
    <p class='ocr_par' dir='ltr' id='par_1_49' title="bbox 555 3034 2128 3119">
     <span class='ocr_line' id='line_1_49' title="bbox 555 3034 2128 3119; baseline 0.013 -36"><span class='ocrx_word' id='word_1_321' title='bbox 555 3042 665 3086; x_wconf 85' lang='lat' dir='ltr'><strong>tam</strong></span> <span class='ocrx_word' id='word_1_322' title='bbox 693 3034 869 3105; x_wconf 91' lang='lat' dir='ltr'><strong>potuit</strong></span> <span class='ocrx_word' id='word_1_323' title='bbox 889 3049 982 3092; x_wconf 90' lang='lat' dir='ltr'><strong>ars</strong></span> <span class='ocrx_word' id='word_1_324' title='bbox 1016 3036 1255 3092; x_wconf 85' lang='lat' dir='ltr'><strong>humana</strong></span> <span class='ocrx_word' id='word_1_325' title='bbox 1289 3040 1556 3110; x_wconf 63' lang='lat' dir='ltr'><strong>prmbere.</strong></span> <span class='ocrx_word' id='word_1_326' title='bbox 1595 3043 1714 3098; x_wconf 87' lang='lat' dir='ltr'><strong>Non</strong></span> <span class='ocrx_word' id='word_1_327' title='bbox 1739 3054 1921 3103; x_wconf 90' lang='lat' dir='ltr'><strong>autem</strong></span> <span class='ocrx_word' id='word_1_328' title='bbox 1955 3048 2128 3119; x_wconf 79' lang='lat' dir='ltr'><strong>ipsum</strong></span> 
     </span>
    </p>
   </div>
   <div class='ocr_carea' id='block_1_50' title="bbox 549 3123 2124 3206">
    <p class='ocr_par' dir='ltr' id='par_1_50' title="bbox 549 3123 2124 3206">
     <span class='ocr_line' id='line_1_50' title="bbox 549 3123 2124 3206; baseline 0.011 -27"><span class='ocrx_word' id='word_1_329' title='bbox 549 3123 717 3179; x_wconf 84' lang='lat' dir='ltr'><strong>etiam</strong></span> <span class='ocrx_word' id='word_1_330' title='bbox 743 3139 811 3180; x_wconf 85' lang='lat' dir='ltr'><strong>ex</strong></span> <span class='ocrx_word' id='word_1_331' title='bbox 841 3140 1001 3192; x_wconf 91' lang='lat' dir='ltr'><strong>auro,</strong></span> <span class='ocrx_word' id='word_1_332' title='bbox 1040 3139 1293 3201; x_wconf 86' lang='lat' dir='ltr'><strong>argento,</strong></span> <span class='ocrx_word' id='word_1_333' title='bbox 1317 3147 1428 3188; x_wconf 68' lang='lat' dir='ltr'><strong>aere</strong></span> <span class='ocrx_word' id='word_1_334' title='bbox 1461 3149 1523 3188; x_wconf 92' lang='lat' dir='ltr'><strong>ac</strong></span> <span class='ocrx_word' id='word_1_335' title='bbox 1555 3133 1704 3190; x_wconf 90' lang='lat' dir='ltr'><strong>ferro</strong></span> <span class='ocrx_word' id='word_1_336' title='bbox 1738 3148 1915 3206; x_wconf 88' lang='lat' dir='ltr'><strong>parat,</strong></span> <span class='ocrx_word' id='word_1_337' title='bbox 1945 3141 2040 3195; x_wconf 90' lang='lat' dir='ltr'><strong>sed</strong></span> <span class='ocrx_word' id='word_1_338' title='bbox 2058 3158 2124 3197; x_wconf 77' lang='lat' dir='ltr'><strong>ex</strong></span> 
     </span>
    </p>
   </div>
   <div class='ocr_carea' id='block_1_51' title="bbox 554 3216 2126 3293">
    <p class='ocr_par' dir='ltr' id='par_1_51' title="bbox 554 3216 2126 3293">
     <span class='ocr_line' id='line_1_51' title="bbox 554 3216 2126 3293; baseline 0.013 -25"><span class='ocrx_word' id='word_1_339' title='bbox 554 3230 660 3269; x_wconf 88' lang='lat' dir='ltr'><strong>una</strong></span> <span class='ocrx_word' id='word_1_340' title='bbox 706 3216 825 3273; x_wconf 89' lang='lat' dir='ltr'><strong>auri</strong></span> <span class='ocrx_word' id='word_1_341' title='bbox 874 3220 1105 3276; x_wconf 88' lang='lat' dir='ltr'><strong>materia</strong></span> <span class='ocrx_word' id='word_1_342' title='bbox 1151 3223 1284 3278; x_wconf 81' lang='lat' dir='ltr'><strong>facit</strong></span> <span class='ocrx_word' id='word_1_343' title='bbox 1326 3232 1526 3282; x_wconf 90' lang='lat' dir='ltr'><strong>:ratus</strong></span> <span class='ocrx_word' id='word_1_344' title='bbox 1583 3226 1793 3293; x_wconf 73' lang='lat' dir='ltr'><strong>infelix,</strong></span> <span class='ocrx_word' id='word_1_345' title='bbox 1850 3244 1910 3286; x_wconf 89' lang='lat' dir='ltr'><strong>se</strong></span> <span class='ocrx_word' id='word_1_346' title='bbox 1955 3232 2126 3290; x_wconf 83' lang='lat' dir='ltr'><strong>falsas</strong></span> 
     </span>
    </p>
   </div>
   <div class='ocr_carea' id='block_1_52' title="bbox 551 3315 2124 3391">
    <p class='ocr_par' dir='ltr' id='par_1_52' title="bbox 551 3315 2124 3391">
     <span class='ocr_line' id='line_1_52' title="bbox 551 3315 2124 3391; baseline 0.013 -28"><span class='ocrx_word' id='word_1_347' title='bbox 551 3317 905 3367; x_wconf 86' lang='lat' dir='ltr'><strong>ostensurum</strong></span> <span class='ocrx_word' id='word_1_348' title='bbox 941 3328 1066 3370; x_wconf 89' lang='lat' dir='ltr'><strong>esse</strong></span> <span class='ocrx_word' id='word_1_349' title='bbox 1102 3315 1193 3371; x_wconf 85' lang='lat' dir='ltr'><strong>Dei</strong></span> <span class='ocrx_word' id='word_1_350' title='bbox 1218 3318 1624 3387; x_wconf 65' lang='lat' dir='ltr'><strong>praedictiones.</strong></span> <span class='ocrx_word' id='word_1_351' title='bbox 1660 3319 1724 3374; x_wconf 83' lang='lat' dir='ltr'><strong>Et</strong></span> <span class='ocrx_word' id='word_1_352' title='bbox 1755 3322 1888 3391; x_wconf 86' lang='lat' dir='ltr'><strong>quia</strong></span> <span class='ocrx_word' id='word_1_353' title='bbox 1925 3323 2124 3383; x_wconf 89' lang='lat' dir='ltr'><strong>beatus</strong></span> 
     </span>
    </p>
   </div>
   <div class='ocr_carea' id='block_1_53' title="bbox 551 3401 2123 3481">
    <p class='ocr_par' dir='ltr' id='par_1_53' title="bbox 551 3401 2123 3481">
     <span class='ocr_line' id='line_1_53' title="bbox 551 3401 2123 3481; baseline 0.011 -26"><span class='ocrx_word' id='word_1_354' title='bbox 551 3401 746 3458; x_wconf 85' lang='lat' dir='ltr'><strong>Daniel</strong></span> <span class='ocrx_word' id='word_1_355' title='bbox 773 3406 1048 3461; x_wconf 87' lang='lat' dir='ltr'><strong>somnium</strong></span> <span class='ocrx_word' id='word_1_356' title='bbox 1102 3409 1490 3480; x_wconf 88' lang='lat' dir='ltr'><strong>interpretans,</strong></span> <span class='ocrx_word' id='word_1_357' title='bbox 1518 3411 1698 3481; x_wconf 88' lang='lat' dir='ltr'><strong>ipsum</strong></span> <span class='ocrx_word' id='word_1_358' title='bbox 1733 3429 1862 3470; x_wconf 90' lang='lat' dir='ltr'><strong>esse</strong></span> <span class='ocrx_word' id='word_1_359' title='bbox 1905 3432 2123 3473; x_wconf 80' lang='lat' dir='ltr'><strong>aureum</strong></span> 
     </span>
    </p>
   </div>
   <div class='ocr_carea' id='block_1_54' title="bbox 549 3495 2122 3579">
    <p class='ocr_par' dir='ltr' id='par_1_54' title="bbox 549 3495 2122 3579">
     <span class='ocr_line' id='line_1_54' title="bbox 549 3495 2122 3579; baseline 0.011 -33"><span class='ocrx_word' id='word_1_360' title='bbox 549 3503 712 3562; x_wconf 79' lang='lat' dir='ltr'><strong>caput</strong></span> <span class='ocrx_word' id='word_1_361' title='bbox 771 3495 934 3563; x_wconf 82' lang='lat' dir='ltr'><strong>dixit,</strong></span> <span class='ocrx_word' id='word_1_362' title='bbox 963 3497 1072 3551; x_wconf 89' lang='lat' dir='ltr'><strong>hoc</strong></span> <span class='ocrx_word' id='word_1_363' title='bbox 1094 3506 1200 3562; x_wconf 90' lang='lat' dir='ltr'><strong>est,</strong></span> <span class='ocrx_word' id='word_1_364' title='bbox 1231 3497 1660 3571; x_wconf 85' lang='lat' dir='ltr'><strong>Babyloniorum</strong></span> <span class='ocrx_word' id='word_1_365' title='bbox 1713 3505 1829 3560; x_wconf 79' lang='lat' dir='ltr'><strong>sive</strong></span> <span class='ocrx_word' id='word_1_366' title='bbox 1866 3505 2122 3579; x_wconf 81' lang='lat' dir='ltr'><strong>Assyrio-</strong></span> 
     </span>
    </p>
   </div>
   <div class='ocr_carea' id='block_1_55' title="bbox 551 3585 2120 3666">
    <p class='ocr_par' dir='ltr' id='par_1_55' title="bbox 551 3585 2120 3666">
     <span class='ocr_line' id='line_1_55' title="bbox 551 3585 2120 3666; baseline 0.011 -30"><span class='ocrx_word' id='word_1_367' title='bbox 551 3598 674 3638; x_wconf 88' lang='lat' dir='ltr'><strong>rum</strong></span> <span class='ocrx_word' id='word_1_368' title='bbox 705 3598 960 3654; x_wconf 79' lang='lat' dir='ltr'><strong>regnum,</strong></span> <span class='ocrx_word' id='word_1_369' title='bbox 985 3585 1122 3640; x_wconf 89' lang='lat' dir='ltr'><strong>alias</strong></span> <span class='ocrx_word' id='word_1_370' title='bbox 1156 3587 1370 3658; x_wconf 77' lang='lat'><strong>1106</strong></span> <span class='ocrx_word' id='word_1_371' title='bbox 1417 3605 1547 3644; x_wconf 79' lang='lat' dir='ltr'><strong>vero</strong></span> <span class='ocrx_word' id='word_1_372' title='bbox 1591 3591 1848 3662; x_wconf 75' lang='lat' dir='ltr'><strong>imaginis</strong></span> <span class='ocrx_word' id='word_1_373' title='bbox 1912 3605 2120 3666; x_wconf 87' lang='lat' dir='ltr'><strong>partes,</strong></span> 
     </span>
    </p>
   </div>
   <div class='ocr_carea' id='block_1_56' title="bbox 551 3672 2124 3755">
    <p class='ocr_par' dir='ltr' id='par_1_56' title="bbox 551 3672 2124 3755">
     <span class='ocr_line' id='line_1_56' title="bbox 551 3672 2124 3755; baseline 0.01 -31"><span class='ocrx_word' id='word_1_374' title='bbox 551 3687 620 3725; x_wconf 83' lang='lat' dir='ltr'><strong>ex</strong></span> <span class='ocrx_word' id='word_1_375' title='bbox 646 3672 752 3727; x_wconf 85' lang='lat' dir='ltr'><strong>alia</strong></span> <span class='ocrx_word' id='word_1_376' title='bbox 789 3672 1079 3743; x_wconf 90' lang='lat' dir='ltr'><strong>multiplici</strong></span> <span class='ocrx_word' id='word_1_377' title='bbox 1107 3677 1360 3741; x_wconf 84' lang='lat' dir='ltr'><strong>materia,</strong></span> <span class='ocrx_word' id='word_1_378' title='bbox 1392 3693 1514 3746; x_wconf 64' lang='lat' dir='ltr'><strong>quae</strong></span> <span class='ocrx_word' id='word_1_379' title='bbox 1535 3688 1702 3748; x_wconf 89' lang='lat' dir='ltr'><strong>caput</strong></span> <span class='ocrx_word' id='word_1_380' title='bbox 1723 3683 1970 3752; x_wconf 80' lang='lat' dir='ltr'><strong>excepit,</strong></span> <span class='ocrx_word' id='word_1_381' title='bbox 2006 3684 2124 3755; x_wconf 87' lang='lat' dir='ltr'><strong>ipse</strong></span> 
     </span>
    </p>
   </div>
   <div class='ocr_carea' id='block_1_57' title="bbox 553 3766 1605 3836">
    <p class='ocr_par' dir='ltr' id='par_1_57' title="bbox 553 3766 1605 3836">
     <span class='ocr_line' id='line_1_57' title="bbox 553 3766 1605 3836; baseline 0.007 -20"><span class='ocrx_word' id='word_1_382' title='bbox 553 3771 723 3818; x_wconf 87' lang='lat' dir='ltr'><strong>totam</strong></span> <span class='ocrx_word' id='word_1_383' title='bbox 760 3779 828 3820; x_wconf 89' lang='lat' dir='ltr'><strong>ex</strong></span> <span class='ocrx_word' id='word_1_384' title='bbox 859 3779 994 3820; x_wconf 92' lang='lat' dir='ltr'><strong>auro</strong></span> <span class='ocrx_word' id='word_1_385' title='bbox 1023 3766 1316 3836; x_wconf 86' lang='lat' dir='ltr'><strong>imaginem</strong></span> <span class='ocrx_word' id='word_1_386' title='bbox 1353 3769 1605 3824; x_wconf 90' lang='lat' dir='ltr'><strong>molitur.</strong></span> 
     </span>
    </p>
   </div>
   <div class='ocr_carea' id='block_1_58' title="bbox 2238 1862 3818 1938">
    <p class='ocr_par' dir='ltr' id='par_1_58' title="bbox 2238 1862 3818 1938">
     <span class='ocr_line' id='line_1_58' title="bbox 2238 1862 3818 1938; baseline 0.003 -24"><span class='ocrx_word' id='word_1_387' title='bbox 2238 1863 2428 1933; x_wconf 87' lang='grc' dir='ltr'><strong>χρόνου</strong></span> <span class='ocrx_word' id='word_1_388' title='bbox 2487 1862 2804 1928; x_wconf 79' lang='grc' dir='ltr'><strong>διελθόντος,</strong></span> <span class='ocrx_word' id='word_1_389' title='bbox 2859 1865 2940 1927; x_wconf 73' lang='grc' dir='ltr'><strong>εἰς</strong></span> <span class='ocrx_word' id='word_1_390' title='bbox 3009 1864 3203 1918; x_wconf 76' lang='grc' dir='ltr'><strong>ἑαυτὸν</strong></span> <span class='ocrx_word' id='word_1_391' title='bbox 3251 1863 3576 1935; x_wconf 75' lang='grc' dir='ltr'><strong>ἐπανῆλθεν,</strong></span> <span class='ocrx_word' id='word_1_392' title='bbox 3626 1863 3818 1938; x_wconf 74' lang='grc' dir='ltr'><strong>ὥσπερ</strong></span> 
     </span>
    </p>
   </div>
   <div class='ocr_carea' id='block_1_59' title="bbox 2237 1950 3816 2030">
    <p class='ocr_par' dir='ltr' id='par_1_59' title="bbox 2237 1950 3816 2030">
     <span class='ocr_line' id='line_1_59' title="bbox 2237 1950 3816 2030; baseline 0.002 -22"><span class='ocrx_word' id='word_1_393' title='bbox 2237 1955 2384 2009; x_wconf 84' lang='grc' dir='ltr'><strong>κύων</strong></span> <span class='ocrx_word' id='word_1_394' title='bbox 2415 1956 2493 2020; x_wconf 88' lang='grc' dir='ltr'><strong>εἰς</strong></span> <span class='ocrx_word' id='word_1_395' title='bbox 2521 1956 2564 1987; x_wconf 83' lang='grc'>⁸¹</span> <span class='ocrx_word' id='word_1_396' title='bbox 2599 1956 2692 2010; x_wconf 89' lang='grc' dir='ltr'><strong>τὸν</strong></span> <span class='ocrx_word' id='word_1_397' title='bbox 2729 1955 2860 2011; x_wconf 84' lang='grc' dir='ltr'><strong>ίδιον</strong></span> <span class='ocrx_word' id='word_1_398' title='bbox 2889 1950 3161 2030; x_wconf 68' lang='grc' dir='ltr'><strong>ἔμετον,ᾗ</strong></span> <span class='ocrx_word' id='word_1_399' title='bbox 3190 1973 3356 2024; x_wconf 83' lang='grc' dir='ltr'><strong>φησιν</strong></span> <span class='ocrx_word' id='word_1_400' title='bbox 3384 1958 3417 2027; x_wconf 89' lang='grc' dir='ltr'><strong>ή</strong></span> <span class='ocrx_word' id='word_1_401' title='bbox 3451 1957 3570 2011; x_wconf 89' lang='grc' dir='ltr'><strong>θεία</strong></span> <span class='ocrx_word' id='word_1_402' title='bbox 3600 1958 3816 2028; x_wconf 69' lang='grc' dir='ltr'><strong>Γραφὴ,</strong></span> 
     </span>
    </p>
   </div>
   <div class='ocr_carea' id='block_1_60' title="bbox 2235 2047 3818 2119">
    <p class='ocr_par' dir='ltr' id='par_1_60' title="bbox 2235 2047 3818 2119">
     <span class='ocr_line' id='line_1_60' title="bbox 2235 2047 3818 2119; baseline 0.001 -18"><span class='ocrx_word' id='word_1_403' title='bbox 2235 2049 2330 2102; x_wconf 77' lang='grc' dir='ltr'><strong>καὶ</strong></span> <span class='ocrx_word' id='word_1_404' title='bbox 2358 2048 2756 2112; x_wconf 78' lang='grc' dir='ltr'><strong>κατασκευάζει</strong></span> <span class='ocrx_word' id='word_1_405' title='bbox 2782 2048 2883 2118; x_wconf 73' lang='grc' dir='ltr'><strong>μὲν</strong></span> <span class='ocrx_word' id='word_1_406' title='bbox 2935 2049 3118 2102; x_wconf 88' lang='grc' dir='ltr'><strong>εἰκόνα</strong></span> <span class='ocrx_word' id='word_1_407' title='bbox 3173 2049 3404 2119; x_wconf 81' lang='grc' dir='ltr'><strong>χρυσῆν,</strong></span> <span class='ocrx_word' id='word_1_408' title='bbox 3445 2049 3506 2101; x_wconf 91' lang='grc' dir='ltr'><strong>τὸ</strong></span> <span class='ocrx_word' id='word_1_409' title='bbox 3547 2049 3646 2118; x_wconf 80' lang='grc' dir='ltr'><strong>μὲν</strong></span> <span class='ocrx_word' id='word_1_410' title='bbox 3681 2047 3818 2118; x_wconf 65' lang='grc' dir='ltr'><strong>ὕψος</strong></span> 
     </span>
    </p>
   </div>
   <div class='ocr_carea' id='block_1_61' title="bbox 2235 2137 3816 2211">
    <p class='ocr_par' dir='ltr' id='par_1_61' title="bbox 2235 2137 3816 2211">
     <span class='ocr_line' id='line_1_61' title="bbox 2235 2137 3816 2211; baseline 0.001 -20"><span class='ocrx_word' id='word_1_411' title='bbox 2235 2138 2463 2209; x_wconf 76' lang='grc' dir='ltr'><strong>ἔχουσαν</strong></span> <span class='ocrx_word' id='word_1_412' title='bbox 2497 2141 2692 2210; x_wconf 87' lang='grc' dir='ltr'><strong>πήχεις</strong></span> <span class='ocrx_word' id='word_1_413' title='bbox 2719 2139 3002 2211; x_wconf 74' lang='grc' dir='ltr'><strong>ἑξήκοντα,</strong></span> <span class='ocrx_word' id='word_1_414' title='bbox 3029 2140 3090 2194; x_wconf 87' lang='grc' dir='ltr'><strong>τὸ</strong></span> <span class='ocrx_word' id='word_1_415' title='bbox 3118 2140 3174 2194; x_wconf 77' lang='grc' dir='ltr'><strong>δὲ</strong></span> <span class='ocrx_word' id='word_1_416' title='bbox 3203 2137 3359 2210; x_wconf 82' lang='grc' dir='ltr'><strong>εὖρος</strong></span> <span class='ocrx_word' id='word_1_417' title='bbox 3393 2142 3587 2210; x_wconf 82' lang='grc' dir='ltr'><strong>πήχεις</strong></span> <span class='ocrx_word' id='word_1_418' title='bbox 3614 2140 3694 2206; x_wconf 77' lang='grc' dir='ltr'><strong>ἒξ.</strong></span> <span class='ocrx_word' id='word_1_419' title='bbox 3723 2143 3816 2194; x_wconf 74' lang='grc' dir='ltr'><strong>καὶ</strong></span> 
     </span>
    </p>
   </div>
   <div class='ocr_carea' id='block_1_62' title="bbox 2233 2229 3816 2301">
    <p class='ocr_par' dir='ltr' id='par_1_62' title="bbox 2233 2229 3816 2301">
     <span class='ocr_line' id='line_1_62' title="bbox 2233 2229 3816 2301; baseline -0.001 -19"><span class='ocrx_word' id='word_1_420' title='bbox 2233 2230 2436 2301; x_wconf 86' lang='grc' dir='ltr'><strong>ταύτην</strong></span> <span class='ocrx_word' id='word_1_421' title='bbox 2491 2231 2550 2283; x_wconf 84' lang='grc' dir='ltr'><strong>έν</strong></span> <span class='ocrx_word' id='word_1_422' title='bbox 2610 2231 2841 2300; x_wconf 77' lang='grc' dir='ltr'><strong>ἰσοπέδῳ</strong></span> <span class='ocrx_word' id='word_1_423' title='bbox 2903 2234 3105 2298; x_wconf 72' lang='grc' dir='ltr'><strong>στήσας</strong></span> <span class='ocrx_word' id='word_1_424' title='bbox 3157 2231 3363 2300; x_wconf 85' lang='grc' dir='ltr'><strong>χωρίῳ,</strong></span> <span class='ocrx_word' id='word_1_425' title='bbox 3419 2229 3562 2283; x_wconf 86' lang='grc' dir='ltr'><strong>ῶστε</strong></span> <span class='ocrx_word' id='word_1_426' title='bbox 3609 2230 3739 2294; x_wconf 78' lang='grc' dir='ltr'><strong>ἴσως</strong></span> <span class='ocrx_word' id='word_1_427' title='bbox 3771 2232 3816 2262; x_wconf 78' lang='grc'>³³</span> 
     </span>
    </p>
   </div>
   <div class='ocr_carea' id='block_1_63' title="bbox 2235 2318 3813 2392">
    <p class='ocr_par' dir='ltr' id='par_1_63' title="bbox 2235 2318 3813 2392">
     <span class='ocr_line' id='line_1_63' title="bbox 2235 2318 3813 2392; baseline 0 -18"><span class='ocrx_word' id='word_1_428' title='bbox 2235 2321 2489 2374; x_wconf 82' lang='grc' dir='ltr'><strong>ἁπάντων</strong></span> <span class='ocrx_word' id='word_1_429' title='bbox 2535 2320 2822 2392; x_wconf 81' lang='grc' dir='ltr'><strong>ὑπερέχειν</strong></span> <span class='ocrx_word' id='word_1_430' title='bbox 2868 2321 2964 2374; x_wconf 72' lang='grc' dir='ltr'><strong>καὶ</strong></span> <span class='ocrx_word' id='word_1_431' title='bbox 3021 2320 3127 2373; x_wconf 89' lang='grc' dir='ltr'><strong>ὑπὸ</strong></span> <span class='ocrx_word' id='word_1_432' title='bbox 3193 2320 3412 2372; x_wconf 88' lang='grc' dir='ltr'><strong>πάντων</strong></span> <span class='ocrx_word' id='word_1_433' title='bbox 3450 2318 3649 2388; x_wconf 79' lang='grc' dir='ltr'><strong>ὁμοίως</strong></span> <span class='ocrx_word' id='word_1_434' title='bbox 3679 2320 3813 2390; x_wconf 77' lang='grc' dir='ltr'><strong>δρᾶ-</strong></span> 
     </span>
    </p>
   </div>
   <div class='ocr_carea' id='block_1_64' title="bbox 2235 2410 3815 2486">
    <p class='ocr_par' dir='ltr' id='par_1_64' title="bbox 2235 2410 3815 2486">
     <span class='ocr_line' id='line_1_64' title="bbox 2235 2410 3815 2486; baseline -0.003 -18"><span class='ocrx_word' id='word_1_435' title='bbox 2235 2415 2358 2468; x_wconf 90' lang='grc' dir='ltr'><strong>σθαι</strong></span> <span class='ocrx_word' id='word_1_436' title='bbox 2383 2413 2448 2479; x_wconf 86' lang='grc'><strong>³³,</strong></span> <span class='ocrx_word' id='word_1_437' title='bbox 2482 2414 2636 2486; x_wconf 86' lang='grc' dir='ltr'><strong>παρά</strong></span> <span class='ocrx_word' id='word_1_438' title='bbox 2669 2413 2887 2468; x_wconf 88' lang='grc' dir='ltr'><strong>πάντων</strong></span> <span class='ocrx_word' id='word_1_439' title='bbox 2911 2413 3080 2482; x_wconf 76' lang='grc' dir='ltr'><strong>αὐτὴν</strong></span> <span class='ocrx_word' id='word_1_440' title='bbox 3133 2411 3345 2466; x_wconf 85' lang='grc' dir='ltr'><strong>κελεύει</strong></span> <span class='ocrx_word' id='word_1_441' title='bbox 3390 2410 3815 2483; x_wconf 80' lang='grc' dir='ltr'><strong>προσκυνεῖσθαι</strong></span> 
     </span>
    </p>
   </div>
   <div class='ocr_carea' id='block_1_65' title="bbox 2233 2497 3816 2580">
    <p class='ocr_par' dir='ltr' id='par_1_65' title="bbox 2233 2497 3816 2580">
     <span class='ocr_line' id='line_1_65' title="bbox 2233 2497 3816 2580; baseline -0.003 -18"><span class='ocrx_word' id='word_1_442' title='bbox 2233 2508 2339 2562; x_wconf 85' lang='grc' dir='ltr'><strong>τῶν</strong></span> <span class='ocrx_word' id='word_1_443' title='bbox 2370 2507 2647 2580; x_wconf 80' lang='grc' dir='ltr'><strong>ὑπηκόων.</strong></span> <span class='ocrx_word' id='word_1_444' title='bbox 2676 2507 2789 2576; x_wconf 87' lang='grc' dir='ltr'><strong>Οὑχ</strong></span> <span class='ocrx_word' id='word_1_445' title='bbox 2817 2504 3022 2568; x_wconf 75' lang='grc' dir='ltr'><strong>ἁπλοῦς</strong></span> <span class='ocrx_word' id='word_1_446' title='bbox 3041 2505 3098 2559; x_wconf 72' lang='grc' dir='ltr'><strong>δὲ</strong></span> <span class='ocrx_word' id='word_1_447' title='bbox 3121 2497 3277 2567; x_wconf 76' lang='grc' dir='ltr'><strong>οὗτος</strong></span> <span class='ocrx_word' id='word_1_448' title='bbox 3311 2503 3412 2574; x_wconf 82' lang='grc' dir='ltr'><strong>τῆς</strong></span> <span class='ocrx_word' id='word_1_449' title='bbox 3434 2503 3756 2567; x_wconf 78' lang='grc' dir='ltr'><strong>ἀλαζονείας</strong></span> <span class='ocrx_word' id='word_1_450' title='bbox 3784 2505 3816 2557; x_wconf 79' lang='grc' dir='ltr'><strong>δ</strong></span> 
     </span>
    </p>
   </div>
   <div class='ocr_carea' id='block_1_66' title="bbox 2232 2595 3812 2670">
    <p class='ocr_par' dir='ltr' id='par_1_66' title="bbox 2232 2595 3812 2670">
     <span class='ocr_line' id='line_1_66' title="bbox 2232 2595 3812 2670; baseline -0.003 -18"><span class='ocrx_word' id='word_1_451' title='bbox 2232 2599 2452 2670; x_wconf 79' lang='grc' dir='ltr'><strong>τρόπος,</strong></span> <span class='ocrx_word' id='word_1_452' title='bbox 2487 2599 2601 2652; x_wconf 81' lang='grc' dir='ltr'><strong>ἀλλ’</strong></span> <span class='ocrx_word' id='word_1_453' title='bbox 2628 2597 2874 2661; x_wconf 82' lang='grc' dir='ltr'><strong>ἀντίθεος</strong></span> <span class='ocrx_word' id='word_1_454' title='bbox 2889 2597 3149 2668; x_wconf 78' lang='grc' dir='ltr'><strong>ἀντικρὺς</strong></span> <span class='ocrx_word' id='word_1_455' title='bbox 3171 2598 3266 2650; x_wconf 73' lang='grc' dir='ltr'><strong>καὶ</strong></span> <span class='ocrx_word' id='word_1_456' title='bbox 3291 2596 3571 2664; x_wconf 81' lang='grc' dir='ltr'><strong>θεομισής.</strong></span> <span class='ocrx_word' id='word_1_457' title='bbox 3590 2595 3812 2664; x_wconf 73' lang='grc' dir='ltr'><strong>Ἐπειδὴ</strong></span> 
     </span>
    </p>
   </div>
   <div class='ocr_carea' id='block_1_67' title="bbox 2233 2675 3813 2760">
    <p class='ocr_par' dir='ltr' id='par_1_67' title="bbox 2233 2675 3813 2760">
     <span class='ocr_line' id='line_1_67' title="bbox 2233 2675 3813 2760; baseline -0.004 -16"><span class='ocrx_word' id='word_1_458' title='bbox 2233 2691 2342 2760; x_wconf 90' lang='grc' dir='ltr'><strong>γάρ</strong></span> <span class='ocrx_word' id='word_1_459' title='bbox 2379 2693 2406 2744; x_wconf 87' lang='grc' dir='ltr'>ὁ</span> <span class='ocrx_word' id='word_1_460' title='bbox 2431 2690 2564 2754; x_wconf 86' lang='grc' dir='ltr'><strong>Θεὸς</strong></span> <span class='ocrx_word' id='word_1_461' title='bbox 2595 2675 2728 2760; x_wconf 78' lang='grc' dir='ltr'><strong>ὄναρ</strong></span> <span class='ocrx_word' id='word_1_462' title='bbox 2783 2688 2932 2759; x_wconf 88' lang='grc' dir='ltr'><strong>αὑτῷ</strong></span> <span class='ocrx_word' id='word_1_463' title='bbox 2980 2687 3248 2760; x_wconf 87' lang='grc' dir='ltr'><strong>μεγίστην</strong></span> <span class='ocrx_word' id='word_1_464' title='bbox 3282 2684 3565 2751; x_wconf 80' lang='grc' dir='ltr'><strong>ὑπέδειξεν</strong></span> <span class='ocrx_word' id='word_1_465' title='bbox 3626 2686 3813 2740; x_wconf 87' lang='grc' dir='ltr'><strong>εἰκόνα</strong></span> 
     </span>
    </p>
   </div>
   <div class='ocr_carea' id='block_1_68' title="bbox 2233 2777 3811 2854">
    <p class='ocr_par' dir='ltr' id='par_1_68' title="bbox 2233 2777 3811 2854">
     <span class='ocr_line' id='line_1_68' title="bbox 2233 2777 3811 2854; baseline -0.005 -18"><span class='ocrx_word' id='word_1_466' title='bbox 2233 2785 2296 2837; x_wconf 82' lang='grc' dir='ltr'><strong>ὲκ</strong></span> <span class='ocrx_word' id='word_1_467' title='bbox 2321 2783 2594 2854; x_wconf 81' lang='grc' dir='ltr'><strong>τεττάρων</strong></span> <span class='ocrx_word' id='word_1_468' title='bbox 2618 2782 2760 2836; x_wconf 93' lang='grc' dir='ltr'><strong>ὑλῶν</strong></span> <span class='ocrx_word' id='word_1_469' title='bbox 2775 2781 3171 2852; x_wconf 82' lang='grc' dir='ltr'><strong>πεποιημένην,</strong></span> <span class='ocrx_word' id='word_1_470' title='bbox 3192 2780 3288 2832; x_wconf 71' lang='grc' dir='ltr'><strong>καὶ</strong></span> <span class='ocrx_word' id='word_1_471' title='bbox 3309 2779 3399 2832; x_wconf 83' lang='grc' dir='ltr'><strong>διά</strong></span> <span class='ocrx_word' id='word_1_472' title='bbox 3427 2777 3634 2833; x_wconf 85' lang='grc' dir='ltr'><strong>τούτων</strong></span> <span class='ocrx_word' id='word_1_473' title='bbox 3661 2777 3811 2845; x_wconf 84' lang='grc' dir='ltr'><strong>αὑτῷ</strong></span> 
     </span>
    </p>
   </div>
   <div class='ocr_carea' id='block_1_69' title="bbox 2233 2870 3808 2946">
    <p class='ocr_par' dir='ltr' id='par_1_69' title="bbox 2233 2870 3808 2946">
     <span class='ocr_line' id='line_1_69' title="bbox 2233 2870 3808 2946; baseline -0.005 -16"><span class='ocrx_word' id='word_1_474' title='bbox 2233 2875 2330 2940; x_wconf 77' lang='grc' dir='ltr'><strong>τὰς</strong></span> <span class='ocrx_word' id='word_1_475' title='bbox 2361 2875 2468 2930; x_wconf 90' lang='grc' dir='ltr'><strong>τῶν</strong></span> <span class='ocrx_word' id='word_1_476' title='bbox 2497 2875 2772 2946; x_wconf 84' lang='grc' dir='ltr'><strong>τεττάρων</strong></span> <span class='ocrx_word' id='word_1_477' title='bbox 2814 2871 3101 2944; x_wconf 87' lang='grc' dir='ltr'><strong>βασιλειῶν</strong></span> <span class='ocrx_word' id='word_1_478' title='bbox 3119 2871 3369 2942; x_wconf 83' lang='grc' dir='ltr'><strong>διαδοχὰς</strong></span> <span class='ocrx_word' id='word_1_479' title='bbox 3398 2870 3808 2943; x_wconf 87' lang='grc' dir='ltr'><strong>παρεδήλωσεν,</strong></span> 
     </span>
    </p>
   </div>
   <div class='ocr_carea' id='block_1_70' title="bbox 2233 2958 3808 3036">
    <p class='ocr_par' dir='ltr' id='par_1_70' title="bbox 2233 2958 3808 3036">
     <span class='ocr_line' id='line_1_70' title="bbox 2233 2958 3808 3036; baseline -0.005 -17"><span class='ocrx_word' id='word_1_480' title='bbox 2233 2964 2787 3036; x_wconf 84' lang='grc' dir='ltr'><strong>ἀντιστρατευόμενος</strong></span> <span class='ocrx_word' id='word_1_481' title='bbox 2838 2964 2887 2997; x_wconf 71' lang='grc'>³⁸</span> <span class='ocrx_word' id='word_1_482' title='bbox 2941 2963 3020 3034; x_wconf 81' lang='grc' dir='ltr'><strong>τῷ</strong></span> <span class='ocrx_word' id='word_1_483' title='bbox 3075 2961 3195 3032; x_wconf 90' lang='grc' dir='ltr'><strong>Θεῷ</strong></span> <span class='ocrx_word' id='word_1_484' title='bbox 3250 2960 3342 3014; x_wconf 88' lang='grc' dir='ltr'><strong>τὸν</strong></span> <span class='ocrx_word' id='word_1_485' title='bbox 3379 2961 3578 3014; x_wconf 87' lang='grc' dir='ltr'><strong>οἰκεῖον</strong></span> <span class='ocrx_word' id='word_1_486' title='bbox 3617 2958 3808 3027; x_wconf 76' lang='grc' dir='ltr'><strong>τῦφον,</strong></span> 
     </span>
    </p>
   </div>
   <div class='ocr_carea' id='block_1_71' title="bbox 2233 3049 3808 3126">
    <p class='ocr_par' dir='ltr' id='par_1_71' title="bbox 2233 3049 3808 3126">
     <span class='ocr_line' id='line_1_71' title="bbox 2233 3049 3808 3126; baseline -0.005 -16"><span class='ocrx_word' id='word_1_487' title='bbox 2233 3055 2632 3117; x_wconf 76' lang='grc' dir='ltr'><strong>κατασκευάζει</strong></span> <span class='ocrx_word' id='word_1_488' title='bbox 2663 3055 2728 3126; x_wconf 78' lang='grc' dir='ltr'><strong>δὴ</strong></span> <span class='ocrx_word' id='word_1_489' title='bbox 2758 3055 2805 3088; x_wconf 84' lang='grc'><strong>⁸⁸</strong></span> <span class='ocrx_word' id='word_1_490' title='bbox 2836 3054 2932 3108; x_wconf 72' lang='grc' dir='ltr'><strong>καὶ</strong></span> <span class='ocrx_word' id='word_1_491' title='bbox 2961 3052 3119 3117; x_wconf 78' lang='grc' dir='ltr'><strong>αὑτὸς</strong></span> <span class='ocrx_word' id='word_1_492' title='bbox 3156 3053 3342 3106; x_wconf 85' lang='grc' dir='ltr'><strong>εἰκόνα</strong></span> <span class='ocrx_word' id='word_1_493' title='bbox 3391 3049 3624 3124; x_wconf 87' lang='grc' dir='ltr'><strong>μέγεθος</strong></span> <span class='ocrx_word' id='word_1_494' title='bbox 3669 3050 3808 3118; x_wconf 75' lang='grc' dir='ltr'><strong>αὐτῇ</strong></span> 
     </span>
    </p>
   </div>
   <div class='ocr_carea' id='block_1_72' title="bbox 2229 3141 3810 3218">
    <p class='ocr_par' dir='ltr' id='par_1_72' title="bbox 2229 3141 3810 3218">
     <span class='ocr_line' id='line_1_72' title="bbox 2229 3141 3810 3218; baseline -0.003 -19"><span class='ocrx_word' id='word_1_495' title='bbox 2229 3145 2496 3212; x_wconf 84' lang='grc' dir='ltr'><strong>δεδωκὼς,</strong></span> <span class='ocrx_word' id='word_1_496' title='bbox 2529 3148 2652 3201; x_wconf 80' lang='grc' dir='ltr'><strong>ὅσον</strong></span> <span class='ocrx_word' id='word_1_497' title='bbox 2683 3147 2716 3217; x_wconf 84' lang='grc' dir='ltr'>ὴ</span> <span class='ocrx_word' id='word_1_498' title='bbox 2745 3145 2852 3199; x_wconf 91' lang='grc' dir='ltr'><strong>τῶν</strong></span> <span class='ocrx_word' id='word_1_499' title='bbox 2898 3145 3203 3218; x_wconf 85' lang='grc' dir='ltr'><strong>ἀνθρώπων</strong></span> <span class='ocrx_word' id='word_1_500' title='bbox 3246 3145 3548 3215; x_wconf 79' lang='grc' dir='ltr'><strong>παρασχεῖν</strong></span> <span class='ocrx_word' id='word_1_501' title='bbox 3578 3141 3810 3212; x_wconf 70' lang='grc' dir='ltr'><strong>ἠδύνατο</strong></span> 
     </span>
    </p>
   </div>
   <div class='ocr_carea' id='block_1_73' title="bbox 2228 3231 3810 3308">
    <p class='ocr_par' dir='ltr' id='par_1_73' title="bbox 2228 3231 3810 3308">
     <span class='ocr_line' id='line_1_73' title="bbox 2228 3231 3810 3308; baseline -0.004 -18"><span class='ocrx_word' id='word_1_502' title='bbox 2228 3238 2416 3308; x_wconf 83' lang='grc' dir='ltr'><strong>τέχνη.</strong></span> <span class='ocrx_word' id='word_1_503' title='bbox 2451 3237 2646 3291; x_wconf 82' lang='grc' dir='ltr'><strong>Οὐκέτι</strong></span> <span class='ocrx_word' id='word_1_504' title='bbox 2667 3238 2726 3292; x_wconf 79' lang='grc' dir='ltr'><strong>δὲ</strong></span> <span class='ocrx_word' id='word_1_505' title='bbox 2748 3239 2842 3291; x_wconf 80' lang='grc' dir='ltr'><strong>καί</strong></span> <span class='ocrx_word' id='word_1_506' title='bbox 2858 3236 3063 3308; x_wconf 88' lang='grc' dir='ltr'><strong>ταύτην</strong></span> <span class='ocrx_word' id='word_1_507' title='bbox 3082 3237 3145 3289; x_wconf 74' lang='grc' dir='ltr'><strong>ὲκ</strong></span> <span class='ocrx_word' id='word_1_508' title='bbox 3161 3236 3385 3307; x_wconf 87' lang='grc' dir='ltr'><strong>χρυσίου</strong></span> <span class='ocrx_word' id='word_1_509' title='bbox 3418 3234 3486 3297; x_wconf 85' lang='grc'><strong>³⁸,</strong></span> <span class='ocrx_word' id='word_1_510' title='bbox 3512 3233 3605 3287; x_wconf 78' lang='grc' dir='ltr'><strong>καί</strong></span> <span class='ocrx_word' id='word_1_511' title='bbox 3638 3231 3810 3303; x_wconf 71' lang='grc' dir='ltr'><strong>ἀργύο</strong></span> 
     </span>
    </p>
   </div>
   <div class='ocr_carea' id='block_1_74' title="bbox 2232 3323 3808 3399">
    <p class='ocr_par' dir='ltr' id='par_1_74' title="bbox 2232 3323 3808 3399">
     <span class='ocr_line' id='line_1_74' title="bbox 2232 3323 3808 3399; baseline -0.006 -17"><span class='ocrx_word' id='word_1_512' title='bbox 2232 3345 2352 3399; x_wconf 89' lang='grc' dir='ltr'><strong>ρου,</strong></span> <span class='ocrx_word' id='word_1_513' title='bbox 2392 3328 2486 3381; x_wconf 77' lang='grc' dir='ltr'><strong>καὶ</strong></span> <span class='ocrx_word' id='word_1_514' title='bbox 2513 3327 2739 3398; x_wconf 75' lang='grc' dir='ltr'><strong>χαλκοῦ,</strong></span> <span class='ocrx_word' id='word_1_515' title='bbox 2795 3327 2888 3380; x_wconf 78' lang='grc' dir='ltr'><strong>καί</strong></span> <span class='ocrx_word' id='word_1_516' title='bbox 2949 3326 3168 3397; x_wconf 85' lang='grc' dir='ltr'><strong>σιδήρου</strong></span> <span class='ocrx_word' id='word_1_517' title='bbox 3216 3326 3382 3388; x_wconf 85' lang='grc' dir='ltr'><strong>ποιεῖ,</strong></span> <span class='ocrx_word' id='word_1_518' title='bbox 3419 3323 3531 3376; x_wconf 85' lang='grc' dir='ltr'><strong>ἀλλ’</strong></span> <span class='ocrx_word' id='word_1_519' title='bbox 3573 3323 3636 3375; x_wconf 73' lang='grc' dir='ltr'><strong>ἑκ</strong></span> <span class='ocrx_word' id='word_1_520' title='bbox 3677 3323 3808 3391; x_wconf 73' lang='grc' dir='ltr'><strong>μιᾶς</strong></span> 
     </span>
    </p>
   </div>
   <div class='ocr_carea' id='block_1_75' title="bbox 2231 3410 3810 3490">
    <p class='ocr_par' dir='ltr' id='par_1_75' title="bbox 2231 3410 3810 3490">
     <span class='ocr_line' id='line_1_75' title="bbox 2231 3410 3810 3490; baseline -0.005 -18"><span class='ocrx_word' id='word_1_521' title='bbox 2231 3418 2365 3490; x_wconf 83' lang='grc' dir='ltr'><strong>ὑλης</strong></span> <span class='ocrx_word' id='word_1_522' title='bbox 2393 3419 2492 3490; x_wconf 85' lang='grc' dir='ltr'><strong>τῆς</strong></span> <span class='ocrx_word' id='word_1_523' title='bbox 2523 3419 2619 3472; x_wconf 81' lang='grc' dir='ltr'><strong>τοῦ</strong></span> <span class='ocrx_word' id='word_1_524' title='bbox 2648 3415 2852 3488; x_wconf 80' lang='grc' dir='ltr'><strong>χρυσοῦ</strong></span> <span class='ocrx_word' id='word_1_525' title='bbox 2888 3415 3309 3480; x_wconf 80' lang='grc' dir='ltr'><strong>κατασκευάζει,</strong></span> <span class='ocrx_word' id='word_1_526' title='bbox 3363 3414 3608 3484; x_wconf 87' lang='grc' dir='ltr'><strong>οἰόμενος</strong></span> <span class='ocrx_word' id='word_1_527' title='bbox 3644 3412 3678 3465; x_wconf 85' lang='grc' dir='ltr'><strong>δ</strong></span> <span class='ocrx_word' id='word_1_528' title='bbox 3700 3410 3810 3466; x_wconf 76' lang='grc' dir='ltr'><strong>δεί-</strong></span> 
     </span>
    </p>
   </div>
   <div class='ocr_carea' id='block_1_76' title="bbox 2227 3501 3809 3577">
    <p class='ocr_par' dir='ltr' id='par_1_76' title="bbox 2227 3501 3809 3577">
     <span class='ocr_line' id='line_1_76' title="bbox 2227 3501 3809 3577; baseline -0.006 -15"><span class='ocrx_word' id='word_1_529' title='bbox 2227 3508 2376 3572; x_wconf 89' lang='grc' dir='ltr'><strong>λαιος</strong></span> <span class='ocrx_word' id='word_1_530' title='bbox 2402 3504 2556 3571; x_wconf 72' lang='grc' dir='ltr'><strong>οὗτος</strong></span> <span class='ocrx_word' id='word_1_531' title='bbox 2586 3507 2629 3541; x_wconf 77' lang='grc'>³⁷</span> <span class='ocrx_word' id='word_1_532' title='bbox 2649 3506 2866 3577; x_wconf 78' lang='grc' dir='ltr'><strong>ψευδεῖς</strong></span> <span class='ocrx_word' id='word_1_533' title='bbox 2893 3504 3195 3570; x_wconf 81' lang='grc' dir='ltr'><strong>ἀποδείξειν</strong></span> <span class='ocrx_word' id='word_1_534' title='bbox 3214 3503 3308 3558; x_wconf 80' lang='grc' dir='ltr'><strong>τοῦ</strong></span> <span class='ocrx_word' id='word_1_535' title='bbox 3341 3501 3477 3556; x_wconf 81' lang='grc' dir='ltr'><strong>Θεοῦ</strong></span> <span class='ocrx_word' id='word_1_536' title='bbox 3503 3503 3600 3566; x_wconf 87' lang='grc' dir='ltr'><strong>τάς</strong></span> <span class='ocrx_word' id='word_1_537' title='bbox 3636 3503 3809 3571; x_wconf 77' lang='grc' dir='ltr'><strong>προρ-</strong></span> 
     </span>
    </p>
   </div>
   <div class='ocr_carea' id='block_1_77' title="bbox 2230 3591 3810 3669">
    <p class='ocr_par' dir='ltr' id='par_1_77' title="bbox 2230 3591 3810 3669">
     <span class='ocr_line' id='line_1_77' title="bbox 2230 3591 3810 3669; baseline -0.006 -17"><span class='ocrx_word' id='word_1_538' title='bbox 2230 3600 2440 3668; x_wconf 71' lang='grc' dir='ltr'><strong>ρήσεις.</strong></span> <span class='ocrx_word' id='word_1_539' title='bbox 2493 3598 2604 3652; x_wconf 71' lang='grc' dir='ltr'><strong>Καὶ</strong></span> <span class='ocrx_word' id='word_1_540' title='bbox 2667 3598 2854 3669; x_wconf 74' lang='grc' dir='ltr'><strong>ἐπειδὴ</strong></span> <span class='ocrx_word' id='word_1_541' title='bbox 2880 3600 2910 3652; x_wconf 80' lang='grc' dir='ltr'><strong>δ</strong></span> <span class='ocrx_word' id='word_1_542' title='bbox 2939 3598 3208 3668; x_wconf 85' lang='grc' dir='ltr'><strong>μακάριος</strong></span> <span class='ocrx_word' id='word_1_543' title='bbox 3245 3594 3439 3666; x_wconf 79' lang='grc' dir='ltr'><strong>Δανιὴλ</strong></span> <span class='ocrx_word' id='word_1_544' title='bbox 3464 3593 3524 3649; x_wconf 90' lang='grc' dir='ltr'><strong>τὸ</strong></span> <span class='ocrx_word' id='word_1_545' title='bbox 3552 3591 3810 3646; x_wconf 77' lang='grc' dir='ltr'><strong>ἐνύπνιον</strong></span> 
     </span>
    </p>
   </div>
   <div class='ocr_carea' id='block_1_78' title="bbox 2228 3682 3804 3760">
    <p class='ocr_par' dir='ltr' id='par_1_78' title="bbox 2228 3682 3804 3760">
     <span class='ocr_line' id='line_1_78' title="bbox 2228 3682 3804 3760; baseline -0.004 -18"><span class='ocrx_word' id='word_1_546' title='bbox 2228 3687 2568 3758; x_wconf 78' lang='grc' dir='ltr'><strong>ἑρμηνεύων,</strong></span> <span class='ocrx_word' id='word_1_547' title='bbox 2583 3688 2744 3742; x_wconf 87' lang='grc' dir='ltr'><strong>αὑτὸν</strong></span> <span class='ocrx_word' id='word_1_548' title='bbox 2757 3683 2895 3742; x_wconf 77' lang='grc' dir='ltr'><strong>εἰναι</strong></span> <span class='ocrx_word' id='word_1_549' title='bbox 2910 3687 3012 3760; x_wconf 68' lang='grc' dir='ltr'><strong>ἐφη</strong></span> <span class='ocrx_word' id='word_1_550' title='bbox 3026 3689 3125 3758; x_wconf 80' lang='grc' dir='ltr'><strong>τὴν</strong></span> <span class='ocrx_word' id='word_1_551' title='bbox 3137 3686 3410 3757; x_wconf 65' lang='grc' dir='ltr'><strong>κεφαλὴν</strong></span> <span class='ocrx_word' id='word_1_552' title='bbox 3425 3685 3521 3757; x_wconf 76' lang='grc' dir='ltr'><strong>τὴν</strong></span> <span class='ocrx_word' id='word_1_553' title='bbox 3536 3682 3804 3755; x_wconf 82' lang='grc' dir='ltr'><strong>χρυσῆν.</strong></span> 
     </span>
    </p>
   </div>
   <div class='ocr_carea' id='block_1_79' title="bbox 2227 3779 3804 3852">
    <p class='ocr_par' dir='ltr' id='par_1_79' title="bbox 2227 3779 3804 3852">
     <span class='ocr_line' id='line_1_79' title="bbox 2227 3779 3804 3852; baseline -0.003 -16"><span class='ocrx_word' id='word_1_554' title='bbox 2227 3785 2472 3838; x_wconf 82' lang='grc' dir='ltr'><strong>τουτέστι</strong></span> <span class='ocrx_word' id='word_1_555' title='bbox 2491 3786 2601 3837; x_wconf 91' lang='grc' dir='ltr'><strong>τῶν</strong></span> <span class='ocrx_word' id='word_1_556' title='bbox 2629 3785 2674 3818; x_wconf 84' lang='grc'><strong>³⁸</strong></span> <span class='ocrx_word' id='word_1_557' title='bbox 2703 3783 3085 3847; x_wconf 79' lang='grc' dir='ltr'><strong>Βαϐυλωνίων,</strong></span> <span class='ocrx_word' id='word_1_558' title='bbox 3129 3785 3306 3838; x_wconf 82' lang='grc' dir='ltr'><strong>είτουν</strong></span> <span class='ocrx_word' id='word_1_559' title='bbox 3344 3781 3650 3852; x_wconf 80' lang='grc' dir='ltr'><strong>Ἀσσυρίων</strong></span> <span class='ocrx_word' id='word_1_560' title='bbox 3702 3779 3804 3848; x_wconf 78' lang='grc' dir='ltr'><strong>βα-</strong></span> 
     </span>
    </p>
   </div>
   <div class='ocr_carea' id='block_1_80' title="bbox 552 3854 3807 3948">
    <p class='ocr_par' dir='ltr' id='par_1_80' title="bbox 552 3854 3807 3948">
     <span class='ocr_line' id='line_1_80' title="bbox 552 3854 3807 3948; baseline 0.004 -38"><span class='ocrx_word' id='word_1_561' title='bbox 552 3855 776 3920; x_wconf 89' lang='grc' dir='ltr'><strong>σιλείαν,</strong></span> <span class='ocrx_word' id='word_1_562' title='bbox 804 3854 874 3910; x_wconf 81' lang='grc' dir='ltr'><strong>τά</strong></span> <span class='ocrx_word' id='word_1_563' title='bbox 901 3856 956 3911; x_wconf 72' lang='grc' dir='ltr'><strong>δὲ</strong></span> <span class='ocrx_word' id='word_1_564' title='bbox 991 3857 1126 3912; x_wconf 77' lang='grc' dir='ltr'><strong>ἀλλα</strong></span> <span class='ocrx_word' id='word_1_565' title='bbox 1160 3859 1324 3930; x_wconf 86' lang='grc' dir='ltr'><strong>μόρια</strong></span> <span class='ocrx_word' id='word_1_566' title='bbox 1347 3860 1445 3929; x_wconf 83' lang='grc' dir='ltr'><strong>τῆς</strong></span> <span class='ocrx_word' id='word_1_567' title='bbox 1474 3861 1680 3926; x_wconf 80' lang='grc' dir='ltr'><strong>εἰκόνος</strong></span> <span class='ocrx_word' id='word_1_568' title='bbox 1713 3865 1777 3916; x_wconf 83' lang='grc' dir='ltr'><strong>ὲκ</strong></span> <span class='ocrx_word' id='word_1_569' title='bbox 1807 3865 1915 3919; x_wconf 85' lang='grc' dir='ltr'><strong>τῶν</strong></span> <span class='ocrx_word' id='word_1_570' title='bbox 1939 3867 2112 3922; x_wconf 82' lang='grc' dir='ltr'><strong>ἄλλων</strong></span> <span class='ocrx_word' id='word_1_571' title='bbox 2153 3873 2294 3929; x_wconf 77' lang='grc' dir='ltr'><strong>ὑλῶν</strong></span> <span class='ocrx_word' id='word_1_572' title='bbox 2330 3877 2394 3944; x_wconf 68' lang='grc' dir='ltr'><strong>υ,</strong></span> <span class='ocrx_word' id='word_1_573' title='bbox 2421 3876 2478 3929; x_wconf 80' lang='grc' dir='ltr'><strong>αἳ</strong></span> <span class='ocrx_word' id='word_1_574' title='bbox 2508 3877 2605 3948; x_wconf 81' lang='grc' dir='ltr'><strong>τὴν</strong></span> <span class='ocrx_word' id='word_1_575' title='bbox 2625 3875 2866 3946; x_wconf 75' lang='grc' dir='ltr'><strong>κεφαλὴν</strong></span> <span class='ocrx_word' id='word_1_576' title='bbox 2895 3875 3221 3942; x_wconf 77' lang='grc' dir='ltr'><strong>διεδέξαντο,</strong></span> <span class='ocrx_word' id='word_1_577' title='bbox 3256 3873 3418 3938; x_wconf 84' lang='grc' dir='ltr'><strong>αὑτὸς</strong></span> <span class='ocrx_word' id='word_1_578' title='bbox 3493 3874 3673 3927; x_wconf 77' lang='grc' dir='ltr'><strong>πᾶσαν</strong></span> <span class='ocrx_word' id='word_1_579' title='bbox 3738 3872 3807 3922; x_wconf 76' lang='grc' dir='ltr'><strong>εκ</strong></span> 
     </span>
    </p>
   </div>
   <div class='ocr_carea' id='block_1_81' title="bbox 547 3950 1727 4024">
    <p class='ocr_par' dir='ltr' id='par_1_81' title="bbox 547 3950 1727 4024">
     <span class='ocr_line' id='line_1_81' title="bbox 547 3950 1727 4024; baseline 0.007 -19"><span class='ocrx_word' id='word_1_580' title='bbox 547 3950 641 4006; x_wconf 79' lang='grc' dir='ltr'><strong>τοῦ</strong></span> <span class='ocrx_word' id='word_1_581' title='bbox 657 3951 881 4023; x_wconf 88' lang='grc' dir='ltr'><strong>χρυσίου</strong></span> <span class='ocrx_word' id='word_1_582' title='bbox 909 3953 1008 4024; x_wconf 83' lang='grc' dir='ltr'><strong>τὴν</strong></span> <span class='ocrx_word' id='word_1_583' title='bbox 1030 3952 1214 4008; x_wconf 84' lang='grc' dir='ltr'><strong>εἰκόνα</strong></span> <span class='ocrx_word' id='word_1_584' title='bbox 1239 3955 1639 4022; x_wconf 74' lang='grc' dir='ltr'><strong>κατασκευάζει</strong></span> <span class='ocrx_word' id='word_1_585' title='bbox 1661 3958 1727 4013; x_wconf 66' lang='grc'><strong>⁸⁸.</strong></span> 
     </span>
    </p>
   </div>
   <div class='ocr_carea' id='block_1_82' title="bbox 620 4042 2121 4125">
    <p class='ocr_par' dir='ltr' id='par_1_82' title="bbox 620 4042 2121 4125">
     <span class='ocr_line' id='line_1_82' title="bbox 620 4042 2121 4125; baseline 0.01 -28"><span class='ocrx_word' id='word_1_586' title='bbox 620 4042 784 4099; x_wconf 68' lang='lat' dir='ltr'><strong>Vsus.</strong></span> <span class='ocrx_word' id='word_1_587' title='bbox 806 4044 862 4100; x_wconf 75' lang='grc'><strong>2.</strong></span> <span class='ocrx_word' id='word_1_588' title='bbox 897 4063 916 4097; x_wconf 82' lang='grc' dir='ltr'><strong>ι</strong></span> <span class='ocrx_word' id='word_1_589' title='bbox 957 4043 1023 4099; x_wconf 87' lang='lat' dir='ltr'><strong>Et</strong></span> <span class='ocrx_word' id='word_1_590' title='bbox 1055 4048 1254 4118; x_wconf 86' lang='lat' dir='ltr'><strong>coegit,</strong></span> <span class='ocrx_word' id='word_1_591' title='bbox 1285 4047 1484 4118; x_wconf 90' lang='lat' dir='ltr'><strong>inquit,</strong></span> <span class='ocrx_word' id='word_1_592' title='bbox 1535 4064 1729 4107; x_wconf 86' lang='lat' dir='ltr'><strong>omnes</strong></span> <span class='ocrx_word' id='word_1_593' title='bbox 1757 4062 2036 4125; x_wconf 86' lang='lat' dir='ltr'><strong>satrapas,</strong></span> <span class='ocrx_word' id='word_1_594' title='bbox 2063 4065 2121 4112; x_wconf 88' lang='lat' dir='ltr'><strong>et</strong></span> 
     </span>
    </p>
   </div>
   <div class='ocr_carea' id='block_1_83' title="bbox 2303 4049 3805 4129">
    <p class='ocr_par' dir='ltr' id='par_1_83' title="bbox 2303 4049 3805 4129">
     <span class='ocr_line' id='line_1_83' title="bbox 2303 4049 3805 4129; baseline 0.011 -41"><span class='ocrx_word' id='word_1_595' title='bbox 2303 4059 2366 4129; x_wconf 47' lang='grc' dir='ltr'><strong>βυ.</strong></span> <span class='ocrx_word' id='word_1_596' title='bbox 2404 4078 2422 4108; x_wconf 56' lang='grc' dir='ltr'><strong>ε</strong></span> <span class='ocrx_word' id='word_1_597' title='bbox 2458 4058 2740 4125; x_wconf 71' lang='grc' dir='ltr'><strong>Συνήγαγε</strong></span> <span class='ocrx_word' id='word_1_598' title='bbox 2769 4055 2835 4117; x_wconf 73' lang='grc' dir='ltr'><strong>δι,</strong></span> <span class='ocrx_word' id='word_1_599' title='bbox 2883 4052 3038 4122; x_wconf 77' lang='grc' dir='ltr'><strong>φησί,</strong></span> <span class='ocrx_word' id='word_1_600' title='bbox 3074 4051 3284 4114; x_wconf 89' lang='grc' dir='ltr'><strong>πάντας</strong></span> <span class='ocrx_word' id='word_1_601' title='bbox 3328 4050 3454 4113; x_wconf 86' lang='grc' dir='ltr'><strong>τοὺς</strong></span> <span class='ocrx_word' id='word_1_602' title='bbox 3494 4049 3805 4120; x_wconf 85' lang='grc' dir='ltr'><strong>σατράπας,</strong></span> 
     </span>
    </p>
   </div>
   <div class='ocr_carea' id='block_1_84' title="bbox 548 4134 2132 4222">
    <p class='ocr_par' dir='ltr' id='par_1_84' title="bbox 548 4134 2123 4217">
     <span class='ocr_line' id='line_1_84' title="bbox 548 4134 2123 4217; baseline 0.01 -28"><span class='ocrx_word' id='word_1_603' title='bbox 548 4134 858 4206; x_wconf 70' lang='lat' dir='ltr'><strong>praefectos.</strong></span> <span class='ocrx_word' id='word_1_604' title='bbox 890 4145 946 4193; x_wconf 89' lang='lat' dir='ltr'><strong>et</strong></span> <span class='ocrx_word' id='word_1_605' title='bbox 964 4138 1248 4207; x_wconf 67' lang='lat' dir='ltr'><strong>praesides,</strong></span> <span class='ocrx_word' id='word_1_606' title='bbox 1287 4149 1342 4195; x_wconf 92' lang='lat' dir='ltr'><strong>et</strong></span> <span class='ocrx_word' id='word_1_607' title='bbox 1367 4142 1688 4210; x_wconf 82' lang='lat' dir='ltr'><strong>toparchas,</strong></span> <span class='ocrx_word' id='word_1_608' title='bbox 1722 4143 2028 4217; x_wconf 88' lang='lat' dir='ltr'><strong>ducesque,</strong></span> <span class='ocrx_word' id='word_1_609' title='bbox 2065 4156 2123 4204; x_wconf 92' lang='lat' dir='ltr'><strong>et</strong></span> 
     </span>
    </p>
   </div>
   <div class='ocr_carea' id='block_1_85' title="bbox 2234 4134 3807 4222">
    <p class='ocr_par' dir='ltr' id='par_1_85' title="bbox 2234 4141 3807 4222">
     <span class='ocr_line' id='line_1_85' title="bbox 2234 4141 3807 4222; baseline -0.008 -17"><span class='ocrx_word' id='word_1_610' title='bbox 2234 4152 2511 4222; x_wconf 81' lang='grc' dir='ltr'><strong>ὑπάρχους</strong></span> <span class='ocrx_word' id='word_1_611' title='bbox 2559 4149 2604 4180; x_wconf 72' lang='grc'><strong>⁸⁸</strong></span> <span class='ocrx_word' id='word_1_612' title='bbox 2660 4163 2719 4199; x_wconf 89' lang='grc' dir='ltr'><strong>τε</strong></span> <span class='ocrx_word' id='word_1_613' title='bbox 2771 4146 2868 4199; x_wconf 73' lang='grc' dir='ltr'><strong>καὶ</strong></span> <span class='ocrx_word' id='word_1_614' title='bbox 2921 4142 3280 4215; x_wconf 78' lang='grc' dir='ltr'><strong>στρατηγοὺς,</strong></span> <span class='ocrx_word' id='word_1_615' title='bbox 3343 4141 3439 4194; x_wconf 72' lang='grc' dir='ltr'><strong>καὶ</strong></span> <span class='ocrx_word' id='word_1_616' title='bbox 3501 4141 3807 4213; x_wconf 82' lang='grc' dir='ltr'><strong>τοπάρχας,</strong></span> 
     </span>
    </p>
   </div>
   <div class='ocr_carea' id='block_1_86' title="bbox 546 4228 2132 4313">
    <p class='ocr_par' dir='ltr' id='par_1_86' title="bbox 546 4228 2118 4302">
     <span class='ocr_line' id='line_1_86' title="bbox 546 4228 2118 4302; baseline 0.011 -24"><span class='ocrx_word' id='word_1_617' title='bbox 546 4235 831 4295; x_wconf 84' lang='lat' dir='ltr'><strong>tyrannos,</strong></span> <span class='ocrx_word' id='word_1_618' title='bbox 859 4228 1030 4296; x_wconf 89' lang='lat' dir='ltr'><strong>etqui</strong></span> <span class='ocrx_word' id='word_1_619' title='bbox 1060 4228 1115 4283; x_wconf 93' lang='lat' dir='ltr'><strong>in</strong></span> <span class='ocrx_word' id='word_1_620' title='bbox 1148 4229 1566 4300; x_wconf 85' lang='lat' dir='ltr'><strong>magistratibus</strong></span> <span class='ocrx_word' id='word_1_621' title='bbox 1603 4242 1818 4302; x_wconf 88' lang='lat' dir='ltr'><strong>essent,</strong></span> <span class='ocrx_word' id='word_1_622' title='bbox 1848 4244 1906 4291; x_wconf 91' lang='lat' dir='ltr'><strong>et</strong></span> <span class='ocrx_word' id='word_1_623' title='bbox 1923 4253 2118 4295; x_wconf 88' lang='lat' dir='ltr'><strong>omnes</strong></span> 
     </span>
    </p>
   </div>
   <div class='ocr_carea' id='block_1_87' title="bbox 2234 4228 3802 4313">
    <p class='ocr_par' dir='ltr' id='par_1_87' title="bbox 2234 4230 3802 4313">
     <span class='ocr_line' id='line_1_87' title="bbox 2234 4230 3802 4313; baseline -0.011 -16"><span class='ocrx_word' id='word_1_624' title='bbox 2234 4241 2566 4313; x_wconf 72' lang='grc' dir='ltr'><strong>ἡγουμένους</strong></span> <span class='ocrx_word' id='word_1_625' title='bbox 2589 4255 2651 4291; x_wconf 81' lang='grc' dir='ltr'><strong>τε</strong></span> <span class='ocrx_word' id='word_1_626' title='bbox 2702 4237 2798 4291; x_wconf 78' lang='grc' dir='ltr'><strong>καί</strong></span> <span class='ocrx_word' id='word_1_627' title='bbox 2847 4236 3164 4306; x_wconf 86' lang='grc' dir='ltr'><strong>τυράννους,</strong></span> <span class='ocrx_word' id='word_1_628' title='bbox 3225 4231 3318 4286; x_wconf 77' lang='grc' dir='ltr'><strong>καὶ</strong></span> <span class='ocrx_word' id='word_1_629' title='bbox 3350 4231 3476 4295; x_wconf 79' lang='grc' dir='ltr'><strong>τοὺς</strong></span> <span class='ocrx_word' id='word_1_630' title='bbox 3505 4231 3590 4284; x_wconf 66' lang='grc' dir='ltr'><strong>ἔπ’</strong></span> <span class='ocrx_word' id='word_1_631' title='bbox 3635 4230 3682 4263; x_wconf 74' lang='grc'><strong>⁸⁸</strong></span> <span class='ocrx_word' id='word_1_632' title='bbox 3719 4231 3802 4299; x_wconf 70' lang='grc' dir='ltr'><strong>εξ-</strong></span> 
     </span>
    </p>
   </div>
   <div class='ocr_carea' id='block_1_88' title="bbox 543 4319 2132 4396">
    <p class='ocr_par' dir='ltr' id='par_1_88' title="bbox 543 4319 2116 4391">
     <span class='ocr_line' id='line_1_88' title="bbox 543 4319 2116 4391; baseline 0.009 -19"><span class='ocrx_word' id='word_1_633' title='bbox 543 4319 825 4389; x_wconf 84' lang='lat' dir='ltr'><strong>principes</strong></span> <span class='ocrx_word' id='word_1_634' title='bbox 858 4319 1166 4391; x_wconf 86' lang='lat' dir='ltr'><strong>regionum,</strong></span> <span class='ocrx_word' id='word_1_635' title='bbox 1197 4331 1259 4376; x_wconf 92' lang='lat' dir='ltr'><strong>ut</strong></span> <span class='ocrx_word' id='word_1_636' title='bbox 1304 4324 1674 4380; x_wconf 78' lang='lat' dir='ltr'><strong>convenirent</strong></span> <span class='ocrx_word' id='word_1_637' title='bbox 1709 4326 1776 4381; x_wconf 87' lang='lat' dir='ltr'><strong>ad</strong></span> <span class='ocrx_word' id='word_1_638' title='bbox 1815 4326 2116 4385; x_wconf 83' lang='lat' dir='ltr'><strong>dedicatio-</strong></span> 
     </span>
    </p>
   </div>
   <div class='ocr_carea' id='block_1_89' title="bbox 2234 4319 3806 4396">
    <p class='ocr_par' dir='ltr' id='par_1_89' title="bbox 2234 4319 3806 4396">
     <span class='ocr_line' id='line_1_89' title="bbox 2234 4319 3806 4396; baseline -0.016 -8"><span class='ocrx_word' id='word_1_639' title='bbox 2234 4331 2447 4396; x_wconf 81' lang='grc' dir='ltr'><strong>ουσιῶν,</strong></span> <span class='ocrx_word' id='word_1_640' title='bbox 2477 4331 2573 4385; x_wconf 81' lang='grc' dir='ltr'><strong>καὶ</strong></span> <span class='ocrx_word' id='word_1_641' title='bbox 2597 4330 2805 4390; x_wconf 85' lang='grc' dir='ltr'><strong>πάντας</strong></span> <span class='ocrx_word' id='word_1_642' title='bbox 2845 4327 2972 4389; x_wconf 83' lang='grc' dir='ltr'><strong>τοὺς</strong></span> <span class='ocrx_word' id='word_1_643' title='bbox 3024 4325 3291 4395; x_wconf 80' lang='grc' dir='ltr'><strong>ἄρχοντας</strong></span> <span class='ocrx_word' id='word_1_644' title='bbox 3322 4320 3433 4374; x_wconf 90' lang='grc' dir='ltr'><strong>τῶν</strong></span> <span class='ocrx_word' id='word_1_645' title='bbox 3463 4319 3678 4391; x_wconf 88' lang='grc' dir='ltr'><strong>χωρῶν,</strong></span> <span class='ocrx_word' id='word_1_646' title='bbox 3711 4322 3806 4375; x_wconf 69' lang='grc' dir='ltr'><strong>ιλ-</strong></span> 
     </span>
    </p>
   </div>
   <div class='ocr_carea' id='block_1_90' title="bbox 544 4407 2132 4486">
    <p class='ocr_par' dir='ltr' id='par_1_90' title="bbox 544 4409 2114 4483">
     <span class='ocr_line' id='line_1_90' title="bbox 544 4409 2114 4483; baseline 0.005 -20"><span class='ocrx_word' id='word_1_647' title='bbox 544 4424 669 4464; x_wconf 90' lang='lat' dir='ltr'><strong>nem</strong></span> <span class='ocrx_word' id='word_1_648' title='bbox 700 4409 976 4482; x_wconf 86' lang='lat' dir='ltr'><strong>imaginis,</strong></span> <span class='ocrx_word' id='word_1_649' title='bbox 1003 4426 1169 4483; x_wconf 87' lang='lat' dir='ltr'><strong>quam</strong></span> <span class='ocrx_word' id='word_1_650' title='bbox 1195 4413 1386 4468; x_wconf 85' lang='lat' dir='ltr'><strong>statuit</strong></span> <span class='ocrx_word' id='word_1_651' title='bbox 1414 4413 1929 4474; x_wconf 84' lang='lat' dir='ltr'><strong>Nabuchodonosor</strong></span> <span class='ocrx_word' id='word_1_652' title='bbox 1961 4435 2114 4476; x_wconf 62' lang='lat' dir='ltr'><strong>rex.»</strong></span> 
     </span>
    </p>
   </div>
   <div class='ocr_carea' id='block_1_91' title="bbox 2234 4407 3804 4486">
    <p class='ocr_par' dir='ltr' id='par_1_91' title="bbox 2234 4407 3804 4486">
     <span class='ocr_line' id='line_1_91' title="bbox 2234 4407 3804 4486; baseline -0.008 -10"><span class='ocrx_word' id='word_1_653' title='bbox 2234 4423 2340 4476; x_wconf 84' lang='grc' dir='ltr'><strong>θεῖν</strong></span> <span class='ocrx_word' id='word_1_654' title='bbox 2365 4423 2443 4485; x_wconf 85' lang='grc' dir='ltr'><strong>εἰς</strong></span> <span class='ocrx_word' id='word_1_655' title='bbox 2468 4419 2537 4474; x_wconf 86' lang='grc' dir='ltr'><strong>τὰ</strong></span> <span class='ocrx_word' id='word_1_656' title='bbox 2594 4417 2842 4486; x_wconf 76' lang='grc' dir='ltr'><strong>ὲγκαίνια</strong></span> <span class='ocrx_word' id='word_1_657' title='bbox 2876 4415 2972 4486; x_wconf 86' lang='grc' dir='ltr'><strong>τῆς</strong></span> <span class='ocrx_word' id='word_1_658' title='bbox 2996 4413 3221 4476; x_wconf 77' lang='grc' dir='ltr'><strong>εἰκόνος,</strong></span> <span class='ocrx_word' id='word_1_659' title='bbox 3251 4407 3318 4483; x_wconf 77' lang='grc' dir='ltr'><strong>ἧς</strong></span> <span class='ocrx_word' id='word_1_660' title='bbox 3359 4411 3551 4481; x_wconf 71' lang='grc' dir='ltr'><strong>ἔστησε</strong></span> <span class='ocrx_word' id='word_1_661' title='bbox 3583 4411 3804 4465; x_wconf 73' lang='grc' dir='ltr'><strong>Ναϐου-</strong></span> 
     </span>
    </p>
   </div>
   <div class='ocr_carea' id='block_1_92' title="bbox 542 4498 2132 4583">
    <p class='ocr_par' dir='ltr' id='par_1_92' title="bbox 542 4498 2123 4578">
     <span class='ocr_line' id='line_1_92' title="bbox 542 4498 2123 4578; baseline 0.008 -26"><span class='ocrx_word' id='word_1_662' title='bbox 542 4498 749 4554; x_wconf 80' lang='lat' dir='ltr'><strong>Horum</strong></span> <span class='ocrx_word' id='word_1_663' title='bbox 781 4501 945 4556; x_wconf 90' lang='lat' dir='ltr'><strong>etiam</strong></span> <span class='ocrx_word' id='word_1_664' title='bbox 977 4502 1196 4574; x_wconf 88' lang='lat' dir='ltr'><strong>singula</strong></span> <span class='ocrx_word' id='word_1_665' title='bbox 1244 4518 1516 4559; x_wconf 85' lang='lat' dir='ltr'><strong>summam</strong></span> <span class='ocrx_word' id='word_1_666' title='bbox 1562 4506 1885 4578; x_wconf 83' lang='lat' dir='ltr'><strong>superbiam</strong></span> <span class='ocrx_word' id='word_1_667' title='bbox 1939 4508 2123 4565; x_wconf 88' lang='lat' dir='ltr'><strong>decla-</strong></span> 
     </span>
    </p>
   </div>
   <div class='ocr_carea' id='block_1_93' title="bbox 2234 4498 3806 4583">
    <p class='ocr_par' dir='ltr' id='par_1_93' title="bbox 2234 4499 3806 4583">
     <span class='ocr_line' id='line_1_93' title="bbox 2234 4499 3806 4583; baseline -0.006 -18"><span class='ocrx_word' id='word_1_668' title='bbox 2234 4511 2518 4583; x_wconf 88' lang='grc' dir='ltr'><strong>χοδονόσορ</strong></span> <span class='ocrx_word' id='word_1_669' title='bbox 2549 4509 2577 4560; x_wconf 83' lang='grc' dir='ltr'><strong>ὁ</strong></span> <span class='ocrx_word' id='word_1_670' title='bbox 2615 4504 2888 4578; x_wconf 84' lang='grc' dir='ltr'><strong>βασιλεύς.</strong></span> <span class='ocrx_word' id='word_1_671' title='bbox 2928 4523 2946 4557; x_wconf 76' lang='grc' dir='ltr'><strong>ι</strong></span> <span class='ocrx_word' id='word_1_672' title='bbox 2985 4502 3096 4558; x_wconf 75' lang='grc' dir='ltr'><strong>Καὶ</strong></span> <span class='ocrx_word' id='word_1_673' title='bbox 3138 4499 3344 4555; x_wconf 86' lang='grc' dir='ltr'><strong>τούτων</strong></span> <span class='ocrx_word' id='word_1_674' title='bbox 3371 4499 3426 4553; x_wconf 82' lang='grc' dir='ltr'><strong>δὲ</strong></span> <span class='ocrx_word' id='word_1_675' title='bbox 3448 4501 3678 4553; x_wconf 72' lang='grc' dir='ltr'><strong>ἕκαστον</strong></span> <span class='ocrx_word' id='word_1_676' title='bbox 3705 4499 3806 4573; x_wconf 76' lang='grc' dir='ltr'><strong>τὴν</strong></span> 
     </span>
    </p>
   </div>
   <div class='ocr_carea' id='block_1_94' title="bbox 541 4587 2132 4672">
    <p class='ocr_par' dir='ltr' id='par_1_94' title="bbox 541 4587 2122 4664">
     <span class='ocr_line' id='line_1_94' title="bbox 541 4587 2122 4664; baseline 0.009 -21"><span class='ocrx_word' id='word_1_677' title='bbox 541 4595 688 4644; x_wconf 89' lang='lat' dir='ltr'><strong>rant.</strong></span> <span class='ocrx_word' id='word_1_678' title='bbox 727 4587 848 4645; x_wconf 84' lang='lat' dir='ltr'><strong>Non</strong></span> <span class='ocrx_word' id='word_1_679' title='bbox 893 4591 1039 4646; x_wconf 87' lang='lat' dir='ltr'><strong>enim</strong></span> <span class='ocrx_word' id='word_1_680' title='bbox 1083 4592 1300 4664; x_wconf 88' lang='lat' dir='ltr'><strong>aliquos</strong></span> <span class='ocrx_word' id='word_1_681' title='bbox 1348 4593 1617 4651; x_wconf 89' lang='lat' dir='ltr'><strong>duntaxat</strong></span> <span class='ocrx_word' id='word_1_682' title='bbox 1645 4611 1710 4651; x_wconf 88' lang='lat' dir='ltr'><strong>ex</strong></span> <span class='ocrx_word' id='word_1_683' title='bbox 1769 4597 2011 4656; x_wconf 86' lang='lat' dir='ltr'><strong>subditis</strong></span> <span class='ocrx_word' id='word_1_684' title='bbox 2053 4601 2122 4657; x_wconf 88' lang='lat' dir='ltr'><strong>ad</strong></span> 
     </span>
    </p>
   </div>
   <div class='ocr_carea' id='block_1_95' title="bbox 2234 4587 3805 4672">
    <p class='ocr_par' dir='ltr' id='par_1_95' title="bbox 2234 4590 3805 4672">
     <span class='ocr_line' id='line_1_95' title="bbox 2234 4590 3805 4672; baseline -0.006 -18"><span class='ocrx_word' id='word_1_685' title='bbox 2234 4601 2405 4672; x_wconf 75' lang='grc' dir='ltr'><strong>ἀκραν</strong></span> <span class='ocrx_word' id='word_1_686' title='bbox 2434 4595 2814 4669; x_wconf 79' lang='grc' dir='ltr'><strong>ὑπερηφανίαν</strong></span> <span class='ocrx_word' id='word_1_687' title='bbox 2858 4592 3175 4666; x_wconf 85' lang='grc' dir='ltr'><strong>παραδηλοῖ.</strong></span> <span class='ocrx_word' id='word_1_688' title='bbox 3205 4591 3281 4645; x_wconf 87' lang='grc' dir='ltr'><strong>Οὑ</strong></span> <span class='ocrx_word' id='word_1_689' title='bbox 3325 4593 3435 4662; x_wconf 85' lang='grc' dir='ltr'><strong>γάρ</strong></span> <span class='ocrx_word' id='word_1_690' title='bbox 3460 4590 3645 4656; x_wconf 87' lang='grc' dir='ltr'><strong>άπλῶς</strong></span> <span class='ocrx_word' id='word_1_691' title='bbox 3674 4593 3805 4655; x_wconf 74' lang='grc' dir='ltr'><strong>τοὺς</strong></span> 
     </span>
    </p>
   </div>
   <div class='ocr_carea' id='block_1_96' title="bbox 540 4673 2132 4760">
    <p class='ocr_par' dir='ltr' id='par_1_96' title="bbox 540 4673 2123 4759">
     <span class='ocr_line' id='line_1_96' title="bbox 540 4673 2123 4759; baseline 0.01 -28"><span class='ocrx_word' id='word_1_692' title='bbox 540 4673 796 4750; x_wconf 85' lang='lat' dir='ltr'><strong>imaginis</strong></span> <span class='ocrx_word' id='word_1_693' title='bbox 829 4681 1232 4738; x_wconf 84' lang='lat' dir='ltr'><strong>solemnitatem</strong></span> <span class='ocrx_word' id='word_1_694' title='bbox 1277 4686 1579 4740; x_wconf 83' lang='lat' dir='ltr'><strong>accercivit</strong></span> <span class='ocrx_word' id='word_1_695' title='bbox 1617 4704 1631 4741; x_wconf 87' lang='lat'><strong>:</strong></span> <span class='ocrx_word' id='word_1_696' title='bbox 1663 4687 1760 4743; x_wconf 88' lang='lat' dir='ltr'><strong>sed</strong></span> <span class='ocrx_word' id='word_1_697' title='bbox 1801 4691 2123 4759; x_wconf 82' lang='lat' dir='ltr'><strong>taparchas,</strong></span> 
     </span>
    </p>
   </div>
   <div class='ocr_carea' id='block_1_97' title="bbox 2234 4673 3803 4760">
    <p class='ocr_par' dir='ltr' id='par_1_97' title="bbox 2234 4683 3803 4760">
     <span class='ocr_line' id='line_1_97' title="bbox 2234 4683 3803 4760; baseline -0.005 -16"><span class='ocrx_word' id='word_1_698' title='bbox 2234 4692 2485 4760; x_wconf 79' lang='grc' dir='ltr'><strong>τυχόντας</strong></span> <span class='ocrx_word' id='word_1_699' title='bbox 2513 4688 2623 4742; x_wconf 89' lang='grc' dir='ltr'><strong>τῶν</strong></span> <span class='ocrx_word' id='word_1_700' title='bbox 2661 4688 2916 4756; x_wconf 85' lang='grc' dir='ltr'><strong>ὑπηκόων</strong></span> <span class='ocrx_word' id='word_1_701' title='bbox 2962 4687 3041 4751; x_wconf 90' lang='grc' dir='ltr'><strong>εἰς</strong></span> <span class='ocrx_word' id='word_1_702' title='bbox 3079 4683 3176 4755; x_wconf 80' lang='grc' dir='ltr'><strong>τὴν</strong></span> <span class='ocrx_word' id='word_1_703' title='bbox 3204 4683 3303 4754; x_wconf 83' lang='grc' dir='ltr'><strong>τῆς</strong></span> <span class='ocrx_word' id='word_1_704' title='bbox 3329 4683 3535 4745; x_wconf 85' lang='grc' dir='ltr'><strong>εἰκόνος</strong></span> <span class='ocrx_word' id='word_1_705' title='bbox 3566 4683 3803 4737; x_wconf 73' lang='grc' dir='ltr'><strong>συνεκάο</strong></span> 
     </span>
    </p>
   </div>
   <div class='ocr_carea' id='block_1_98' title="bbox 538 4768 2132 4850">
    <p class='ocr_par' dir='ltr' id='par_1_98' title="bbox 538 4768 2127 4848">
     <span class='ocr_line' id='line_1_98' title="bbox 538 4768 2127 4848; baseline 0.01 -28"><span class='ocrx_word' id='word_1_706' title='bbox 538 4777 595 4820; x_wconf 88' lang='lat' dir='ltr'><strong>et</strong></span> <span class='ocrx_word' id='word_1_707' title='bbox 611 4768 922 4838; x_wconf 60' lang='lat' dir='ltr'><strong>profectos,</strong></span> <span class='ocrx_word' id='word_1_708' title='bbox 946 4771 1151 4842; x_wconf 86' lang='lat' dir='ltr'><strong>quibus</strong></span> <span class='ocrx_word' id='word_1_709' title='bbox 1173 4772 1634 4843; x_wconf 72' lang='lat' dir='ltr'><strong>praefecturarum</strong></span> <span class='ocrx_word' id='word_1_710' title='bbox 1660 4777 1953 4848; x_wconf 88' lang='lat' dir='ltr'><strong>imperium</strong></span> <span class='ocrx_word' id='word_1_711' title='bbox 1976 4795 2127 4836; x_wconf 91' lang='lat' dir='ltr'><strong>com-</strong></span> 
     </span>
    </p>
   </div>
   <div class='ocr_carea' id='block_1_99' title="bbox 2234 4768 3802 4850">
    <p class='ocr_par' dir='ltr' id='par_1_99' title="bbox 2234 4773 3802 4850">
     <span class='ocr_line' id='line_1_99' title="bbox 2234 4773 3802 4850; baseline -0.004 -18"><span class='ocrx_word' id='word_1_712' title='bbox 2234 4784 2376 4834; x_wconf 67' lang='lat' dir='ltr'><strong>tsasv</strong></span> <span class='ocrx_word' id='word_1_713' title='bbox 2394 4780 2438 4812; x_wconf 73' lang='lat'><strong>“</strong></span> <span class='ocrx_word' id='word_1_714' title='bbox 2461 4779 2676 4850; x_wconf 76' lang='grc' dir='ltr'><strong>ἑορτὴν,</strong></span> <span class='ocrx_word' id='word_1_715' title='bbox 2718 4778 2852 4832; x_wconf 89' lang='grc' dir='ltr'><strong>ἀλλά</strong></span> <span class='ocrx_word' id='word_1_716' title='bbox 2877 4776 3003 4842; x_wconf 87' lang='grc' dir='ltr'><strong>τούς</strong></span> <span class='ocrx_word' id='word_1_717' title='bbox 3043 4793 3104 4829; x_wconf 86' lang='grc' dir='ltr'><strong>τε</strong></span> <span class='ocrx_word' id='word_1_718' title='bbox 3133 4774 3413 4846; x_wconf 83' lang='grc' dir='ltr'><strong>τοπάρχας</strong></span> <span class='ocrx_word' id='word_1_719' title='bbox 3449 4773 3514 4840; x_wconf 75' lang='grc'><strong>⁸⁵,</strong></span> <span class='ocrx_word' id='word_1_720' title='bbox 3548 4773 3642 4826; x_wconf 79' lang='grc' dir='ltr'><strong>καὶ</strong></span> <span class='ocrx_word' id='word_1_721' title='bbox 3672 4774 3802 4838; x_wconf 78' lang='grc' dir='ltr'><strong>τοὺς</strong></span> 
     </span>
    </p>
   </div>
   <div class='ocr_carea' id='block_1_100' title="bbox 538 4861 2132 4942">
    <p class='ocr_par' dir='ltr' id='par_1_100' title="bbox 538 4861 2123 4942">
     <span class='ocr_line' id='line_1_100' title="bbox 538 4861 2123 4942; baseline 0.009 -29"><span class='ocrx_word' id='word_1_722' title='bbox 538 4861 772 4918; x_wconf 89' lang='lat' dir='ltr'><strong>missum</strong></span> <span class='ocrx_word' id='word_1_723' title='bbox 800 4871 971 4929; x_wconf 88' lang='lat' dir='ltr'><strong>esset,</strong></span> <span class='ocrx_word' id='word_1_724' title='bbox 998 4873 1052 4919; x_wconf 91' lang='lat' dir='ltr'><strong>et</strong></span> <span class='ocrx_word' id='word_1_725' title='bbox 1080 4865 1126 4920; x_wconf 90' lang='lat' dir='ltr'><strong>si</strong></span> <span class='ocrx_word' id='word_1_726' title='bbox 1159 4864 1306 4934; x_wconf 88' lang='lat' dir='ltr'><strong>quod</strong></span> <span class='ocrx_word' id='word_1_727' title='bbox 1354 4865 1503 4918; x_wconf 90' lang='lat' dir='ltr'><strong>aliud</strong></span> <span class='ocrx_word' id='word_1_728' title='bbox 1542 4867 1900 4936; x_wconf 84' lang='lat' dir='ltr'><strong>magistratus</strong></span> <span class='ocrx_word' id='word_1_729' title='bbox 1947 4888 2123 4942; x_wconf 89' lang='lat' dir='ltr'><strong>genus</strong></span> 
     </span>
    </p>
   </div>
   <div class='ocr_carea' id='block_1_101' title="bbox 2234 4861 3802 4942">
    <p class='ocr_par' dir='ltr' id='par_1_101' title="bbox 2234 4863 3802 4942">
     <span class='ocr_line' id='line_1_101' title="bbox 2234 4863 3802 4942; baseline -0.005 -19"><span class='ocrx_word' id='word_1_730' title='bbox 2234 4872 2583 4942; x_wconf 72' lang='grc' dir='ltr'><strong>ττρατηγοὺς,</strong></span> <span class='ocrx_word' id='word_1_731' title='bbox 2639 4870 2766 4932; x_wconf 81' lang='grc' dir='ltr'><strong>τοὺς</strong></span> <span class='ocrx_word' id='word_1_732' title='bbox 2809 4867 2917 4922; x_wconf 92' lang='grc' dir='ltr'><strong>τῶν</strong></span> <span class='ocrx_word' id='word_1_733' title='bbox 2975 4864 3322 4938; x_wconf 78' lang='grc' dir='ltr'><strong>σατραπειῶν</strong></span> <span class='ocrx_word' id='word_1_734' title='bbox 3371 4864 3472 4935; x_wconf 81' lang='grc' dir='ltr'><strong>τὴν</strong></span> <span class='ocrx_word' id='word_1_735' title='bbox 3497 4863 3802 4935; x_wconf 88' lang='grc' dir='ltr'><strong>ήγεμονίαν</strong></span> 
     </span>
    </p>
   </div>
   <div class='ocr_carea' id='block_1_102' title="bbox 539 4949 2132 5034">
    <p class='ocr_par' dir='ltr' id='par_1_102' title="bbox 539 4949 2117 5034">
     <span class='ocr_line' id='line_1_102' title="bbox 539 4949 2117 5034; baseline 0.013 -35"><span class='ocrx_word' id='word_1_736' title='bbox 539 4950 682 5018; x_wconf 81' lang='lat' dir='ltr'><strong>apud</strong></span> <span class='ocrx_word' id='word_1_737' title='bbox 706 4949 831 5008; x_wconf 87' lang='lat' dir='ltr'><strong>illos</strong></span> <span class='ocrx_word' id='word_1_738' title='bbox 855 4953 1184 5010; x_wconf 88' lang='lat' dir='ltr'><strong>habebatur.</strong></span> <span class='ocrx_word' id='word_1_739' title='bbox 1227 4953 1296 5009; x_wconf 83' lang='lat' dir='ltr'><strong>Et</strong></span> <span class='ocrx_word' id='word_1_740' title='bbox 1333 4956 1592 5026; x_wconf 88' lang='lat' dir='ltr'><strong>protinus</strong></span> <span class='ocrx_word' id='word_1_741' title='bbox 1629 4959 1850 5028; x_wconf 88' lang='lat' dir='ltr'><strong>quidem</strong></span> <span class='ocrx_word' id='word_1_742' title='bbox 1883 4963 2117 5034; x_wconf 83' lang='lat' dir='ltr'><strong>simplex</strong></span> 
     </span>
    </p>
   </div>
   <div class='ocr_carea' id='block_1_103' title="bbox 2234 4949 3799 5034">
    <p class='ocr_par' dir='ltr' id='par_1_103' title="bbox 2234 4953 3799 5034">
     <span class='ocr_line' id='line_1_103' title="bbox 2234 4953 3799 5034; baseline -0.006 -18"><span class='ocrx_word' id='word_1_743' title='bbox 2234 4963 2708 5034; x_wconf 70' lang='grc' dir='ltr'><strong>πεπιστευμένους,</strong></span> <span class='ocrx_word' id='word_1_744' title='bbox 2758 4963 2851 5016; x_wconf 72' lang='grc' dir='ltr'><strong>καί</strong></span> <span class='ocrx_word' id='word_1_745' title='bbox 2883 4960 2936 5013; x_wconf 83' lang='grc' dir='ltr'><strong>εί</strong></span> <span class='ocrx_word' id='word_1_746' title='bbox 2987 4977 3042 5012; x_wconf 91' lang='grc' dir='ltr'><strong>τι</strong></span> <span class='ocrx_word' id='word_1_747' title='bbox 3065 4959 3254 5028; x_wconf 69' lang='grc' dir='ltr'><strong>ἕτερον</strong></span> <span class='ocrx_word' id='word_1_748' title='bbox 3293 4953 3431 5019; x_wconf 79' lang='grc' dir='ltr'><strong>εἶδος</strong></span> <span class='ocrx_word' id='word_1_749' title='bbox 3461 4956 3637 5026; x_wconf 83' lang='grc' dir='ltr'><strong>ἀρχῆς</strong></span> <span class='ocrx_word' id='word_1_750' title='bbox 3665 4955 3799 5026; x_wconf 85' lang='grc' dir='ltr'><strong>παρ’</strong></span> 
     </span>
    </p>
   </div>
   <div class='ocr_carea' id='block_1_104' title="bbox 610 5077 1598 5151">
    <p class='ocr_par' dir='ltr' id='par_1_104' title="bbox 610 5077 1598 5151">
     <span class='ocr_line' id='line_1_104' title="bbox 610 5077 1598 5151; baseline 0.006 -19"><span class='ocrx_word' id='word_1_751' title='bbox 610 5079 636 5114; x_wconf 70' lang='grc' dir='ltr'><em>δ</em></span> <span class='ocrx_word' id='word_1_752' title='bbox 667 5077 826 5135; x_wconf 81' lang='lat' dir='ltr'><strong>Prov.</strong></span> <span class='ocrx_word' id='word_1_753' title='bbox 855 5097 1002 5149; x_wconf 72' lang='lat' dir='ltr'><strong>xxw,</strong></span> <span class='ocrx_word' id='word_1_754' title='bbox 1031 5082 1108 5149; x_wconf 77' lang='lat'><strong>2;</strong></span> <span class='ocrx_word' id='word_1_755' title='bbox 1158 5081 1200 5138; x_wconf 88' lang='lat' dir='ltr'><strong>ll</strong></span> <span class='ocrx_word' id='word_1_756' title='bbox 1237 5083 1384 5140; x_wconf 87' lang='lat' dir='ltr'><strong>Petr.</strong></span> <span class='ocrx_word' id='word_1_757' title='bbox 1417 5100 1476 5151; x_wconf 87' lang='lat' dir='ltr'><strong>ll,</strong></span> <span class='ocrx_word' id='word_1_758' title='bbox 1501 5084 1598 5138; x_wconf 65' lang='lat'><strong>22.</strong></span> 
     </span>
    </p>
   </div>
   <div class='ocr_carea' id='block_1_105' title="bbox 1807 5173 2487 5230">
    <p class='ocr_par' dir='ltr' id='par_1_105' title="bbox 1807 5173 2487 5230">
     <span class='ocr_line' id='line_1_105' title="bbox 1807 5173 2487 5230; baseline 0.004 -4"><span class='ocrx_word' id='word_1_759' title='bbox 1807 5175 1838 5226; x_wconf 60' lang='grc' dir='ltr'><strong>ι</strong></span> <span class='ocrx_word' id='word_1_760' title='bbox 1853 5174 2040 5230; x_wconf 67' lang='lat' dir='ltr'><strong>Allle</strong></span> <span class='ocrx_word' id='word_1_761' title='bbox 2082 5173 2487 5230; x_wconf 82' lang='lat' dir='ltr'><strong>LECTIONES.</strong></span> 
     </span>
    </p>
   </div>
   <div class='ocr_carea' id='block_1_106' title="bbox 609 5294 3790 5414">
    <p class='ocr_par' dir='ltr' id='par_1_106' title="bbox 609 5294 3790 5414">
     <span class='ocr_line' id='line_1_106' title="bbox 609 5294 3790 5414; baseline 0.005 -38"><span class='ocrx_word' id='word_1_762' title='bbox 609 5320 655 5414; x_wconf 57' lang='grc' dir='ltr'>ξ</span> <span class='ocrx_word' id='word_1_763' title='bbox 835 5323 1094 5414; x_wconf 57' lang='lat' dir='ltr'><strong>B_prgm:</strong></span> <span class='ocrx_word' id='word_1_764' title='bbox 1137 5331 1253 5414; x_wconf 72' lang='grc' dir='ltr'><strong>τήν.</strong></span> <span class='ocrx_word' id='word_1_765' title='bbox 1291 5331 1365 5414; x_wconf 46' lang='grc'><strong>’³⁷</strong></span> <span class='ocrx_word' id='word_1_766' title='bbox 1463 5331 1932 5414; x_wconf 44' lang='grc' dir='ltr'><strong>πρράφερορένηνί</strong></span> <span class='ocrx_word' id='word_1_767' title='bbox 2013 5331 2067 5414; x_wconf 52' lang='grc'><strong>’.⁸.</strong></span> <span class='ocrx_word' id='word_1_768' title='bbox 2098 5330 2138 5414; x_wconf 70' lang='grc' dir='ltr'><strong>Β</strong></span> <span class='ocrx_word' id='word_1_769' title='bbox 2175 5331 2344 5401; x_wconf 81' lang='grc' dir='ltr'><strong>πολλῇ</strong></span> <span class='ocrx_word' id='word_1_770' title='bbox 2369 5294 2739 5414; x_wconf 35' lang='grc' dir='ltr'><strong>καὶοάταξίᾳλ</strong></span> <span class='ocrx_word' id='word_1_771' title='bbox 2783 5331 2830 5362; x_wconf 84' lang='grc'><strong>¹⁹</strong></span> <span class='ocrx_word' id='word_1_772' title='bbox 2859 5330 2907 5414; x_wconf 43' lang='grc' dir='ltr'><strong><em>’Β</em></strong></span> <span class='ocrx_word' id='word_1_773' title='bbox 2929 5332 3252 5414; x_wconf 39' lang='grc' dir='ltr'><strong>διυσσεδειίας</strong></span> <span class='ocrx_word' id='word_1_774' title='bbox 3278 5335 3372 5414; x_wconf 70' lang='grc' dir='ltr'><strong>καὶ</strong></span> <span class='ocrx_word' id='word_1_775' title='bbox 3418 5338 3790 5414; x_wconf 64' lang='grc' dir='ltr'><strong>παρανομίας.</strong></span> 
     </span>
    </p>
   </div>
   <div class='ocr_carea' id='block_1_107' title="bbox 538 5347 3796 5484">
    <p class='ocr_par' dir='ltr' id='par_1_107' title="bbox 538 5347 3796 5484">
     <span class='ocr_line' id='line_1_107' title="bbox 538 5347 3790 5432; baseline 0.005 -56"><span class='ocrx_word' id='word_1_776' title='bbox 538 5391 584 5423; x_wconf 53' lang='grc' dir='ltr'><strong><em>η</em></strong></span> <span class='ocrx_word' id='word_1_777' title='bbox 611 5347 653 5356; x_wconf 64' lang='grc' dir='ltr'><strong>ντ</strong></span> <span class='ocrx_word' id='word_1_778' title='bbox 681 5347 788 5409; x_wconf 65' lang='grc' dir='ltr'><strong>ωςς.</strong></span> <span class='ocrx_word' id='word_1_779' title='bbox 835 5347 877 5378; x_wconf 79' lang='lat' dir='ltr'><strong>n</strong></span> <span class='ocrx_word' id='word_1_780' title='bbox 910 5347 1094 5408; x_wconf 66' lang='grc' dir='ltr'><strong>ρηςιιι.</strong></span> <span class='ocrx_word' id='word_1_781' title='bbox 1137 5347 1253 5398; x_wconf 89' lang='grc' dir='ltr'><strong>την.</strong></span> <span class='ocrx_word' id='word_1_782' title='bbox 1325 5347 1362 5362; x_wconf 89' lang='grc'><strong>··</strong></span> <span class='ocrx_word' id='word_1_783' title='bbox 1398 5347 1437 5383; x_wconf 77' lang='grc' dir='ltr'>υ</span> <span class='ocrx_word' id='word_1_784' title='bbox 1463 5347 1932 5432; x_wconf 76' lang='grc' dir='ltr'><strong>προσφερομενην.</strong></span> <span class='ocrx_word' id='word_1_785' title='bbox 2014 5347 2056 5362; x_wconf 71' lang='grc' dir='ltr'><strong>ὐ</strong></span> <span class='ocrx_word' id='word_1_786' title='bbox 2100 5347 2138 5383; x_wconf 79' lang='grc' dir='ltr'><strong>υ</strong></span> <span class='ocrx_word' id='word_1_787' title='bbox 2175 5347 2344 5401; x_wconf 60' lang='lat' dir='ltr'><strong>noun</strong></span> <span class='ocrx_word' id='word_1_788' title='bbox 2369 5349 2462 5384; x_wconf 86' lang='grc' dir='ltr'><strong>και</strong></span> <span class='ocrx_word' id='word_1_789' title='bbox 2486 5347 2701 5400; x_wconf 74' lang='grc' dir='ltr'><strong>αταςιᾳ.</strong></span> <span class='ocrx_word' id='word_1_790' title='bbox 2785 5347 2830 5362; x_wconf 77' lang='grc' dir='ltr'><strong>ι’</strong></span> <span class='ocrx_word' id='word_1_791' title='bbox 2859 5347 2907 5414; x_wconf 58' lang='grc' dir='ltr'><strong>ιι</strong></span> <span class='ocrx_word' id='word_1_792' title='bbox 2929 5347 3252 5397; x_wconf 81' lang='grc' dir='ltr'><strong>ουσσεοειας</strong></span> <span class='ocrx_word' id='word_1_793' title='bbox 3278 5347 3372 5388; x_wconf 86' lang='grc' dir='ltr'><strong>και</strong></span> <span class='ocrx_word' id='word_1_794' title='bbox 3418 5347 3790 5408; x_wconf 70' lang='grc' dir='ltr'><strong>παρανομίας.</strong></span> 
     </span>
     <span class='ocr_line' id='line_1_108' title="bbox 586 5390 3796 5484; baseline 0.004 -37"><span class='ocrx_word' id='word_1_795' title='bbox 586 5390 816 5484; x_wconf 32' lang='grc' dir='ltr'><strong>ΔΒρίτους,</strong></span> <span class='ocrx_word' id='word_1_796' title='bbox 844 5397 1252 5484; x_wconf 54' lang='lat' dir='ltr'><strong>ﬁt&#39;deindesbv</strong></span> <span class='ocrx_word' id='word_1_797' title='bbox 1285 5399 1482 5484; x_wconf 46' lang='lat' dir='ltr'><strong>(prem,</strong></span> <span class='ocrx_word' id='word_1_798' title='bbox 1539 5402 1555 5432; x_wconf 67' lang='grc' dir='ltr'><strong>ι</strong></span> <span class='ocrx_word' id='word_1_799' title='bbox 1579 5401 1806 5484; x_wconf 29' lang='lat' dir='ltr'><strong>“sisui!</strong></span> <span class='ocrx_word' id='word_1_800' title='bbox 1835 5401 1986 5484; x_wconf 45' lang='lat' dir='ltr'><strong>sit.“</strong></span> <span class='ocrx_word' id='word_1_801' title='bbox 2024 5399 2068 5432; x_wconf 79' lang='lat'><strong>&quot;</strong></span> <span class='ocrx_word' id='word_1_802' title='bbox 2091 5400 2270 5484; x_wconf 45' lang='grc' dir='ltr'><strong>’ἴσως</strong></span> <span class='ocrx_word' id='word_1_803' title='bbox 2294 5430 2363 5440; x_wconf 75' lang='grc' dir='ltr'><strong>σ-</strong></span> <span class='ocrx_word' id='word_1_804' title='bbox 2418 5400 2655 5478; x_wconf 61' lang='grc' dir='ltr'><strong>πάντων.</strong></span> <span class='ocrx_word' id='word_1_805' title='bbox 2680 5399 2826 5484; x_wconf 48' lang='lat' dir='ltr'><strong>.Des‘.</strong></span> <span class='ocrx_word' id='word_1_806' title='bbox 2857 5400 3018 5484; x_wconf 50' lang='lat' dir='ltr'><strong>tn_B.-</strong></span> <span class='ocrx_word' id='word_1_807' title='bbox 3071 5403 3264 5484; x_wconf 46' lang='grc' dir='ltr'><strong>³³έρ.-</strong></span> <span class='ocrx_word' id='word_1_808' title='bbox 3291 5405 3332 5457; x_wconf 86' lang='grc' dir='ltr'><strong>Β</strong></span> <span class='ocrx_word' id='word_1_809' title='bbox 3357 5421 3580 5484; x_wconf 70' lang='lat' dir='ltr'><strong>__pra:m.</strong></span> <span class='ocrx_word' id='word_1_810' title='bbox 3637 5409 3796 5484; x_wconf 70' lang='grc' dir='ltr'><strong>παρὰ</strong></span> 
     </span>
    </p>
   </div>
   <div class='ocr_carea' id='block_1_108' title="bbox 535 5461 3788 5558">
    <p class='ocr_par' dir='ltr' id='par_1_108' title="bbox 535 5461 3788 5558">
     <span class='ocr_line' id='line_1_109' title="bbox 535 5461 3788 5558; baseline 0.004 -44"><span class='ocrx_word' id='word_1_811' title='bbox 535 5461 770 5558; x_wconf 33' lang='lat' dir='ltr'><strong>ﬁdem“.</strong></span> <span class='ocrx_word' id='word_1_812' title='bbox 844 5463 892 5546; x_wconf 54' lang='grc'><strong>⁸)</strong></span> <span class='ocrx_word' id='word_1_813' title='bbox 911 5461 1384 5558; x_wconf 47' lang='grc' dir='ltr'><strong>Βυάντιρζερατεύέ</strong></span> <span class='ocrx_word' id='word_1_814' title='bbox 1415 5471 1534 5558; x_wconf 59' lang='grc' dir='ltr'><strong>μέν.</strong></span> <span class='ocrx_word' id='word_1_815' title='bbox 1579 5469 1624 5556; x_wconf 65' lang='lat'><strong>3:</strong></span> <span class='ocrx_word' id='word_1_816' title='bbox 1661 5461 1702 5522; x_wconf 94' lang='grc' dir='ltr'><strong>Β</strong></span> <span class='ocrx_word' id='word_1_817' title='bbox 1871 5471 1917 5555; x_wconf 45' lang='grc'><strong>³⁸⁸</strong></span> <span class='ocrx_word' id='word_1_818' title='bbox 1946 5469 1988 5523; x_wconf 88' lang='grc' dir='ltr'><strong><em>Β</em></strong></span> <span class='ocrx_word' id='word_1_819' title='bbox 2043 5461 2318 5558; x_wconf 37' lang='grc' dir='ltr'><strong>αὑτὴνξὲκ</strong></span> <span class='ocrx_word' id='word_1_820' title='bbox 2368 5468 2612 5558; x_wconf 47' lang='grc' dir='ltr'><strong>χρςδσοῦ..</strong></span> <span class='ocrx_word' id='word_1_821' title='bbox 2679 5469 2720 5500; x_wconf 83' lang='grc'>³’</span> <span class='ocrx_word' id='word_1_822' title='bbox 2786 5469 2826 5558; x_wconf 64' lang='grc' dir='ltr'><strong>ιξ</strong></span> <span class='ocrx_word' id='word_1_823' title='bbox 2876 5470 3048 5558; x_wconf 66' lang='grc' dir='ltr'><strong>αὑτῶ.</strong></span> <span class='ocrx_word' id='word_1_824' title='bbox 3102 5461 3324 5558; x_wconf 43' lang='grc' dir='ltr'><strong>⁸⁸⁸’τῶιξ</strong></span> <span class='ocrx_word' id='word_1_825' title='bbox 3355 5461 3618 5558; x_wconf 70' lang='grc' dir='ltr'><strong>Ιί</strong></span> <span class='ocrx_word' id='word_1_826' title='bbox 3663 5461 3788 5558; x_wconf 51' lang='lat' dir='ltr'><strong>xiiii:</strong></span> 
     </span>
    </p>
   </div>
   <div class='ocr_carea' id='block_1_109' title="bbox 537 5531 3793 5669">
    <p class='ocr_par' dir='ltr' id='par_1_109' title="bbox 537 5531 3793 5669">
     <span class='ocr_line' id='line_1_110' title="bbox 537 5531 3792 5617; baseline 0.005 -34"><span class='ocrx_word' id='word_1_827' title='bbox 537 5531 581 5562; x_wconf 83' lang='lat'>&quot;</span> <span class='ocrx_word' id='word_1_828' title='bbox 603 5531 685 5586; x_wconf 91' lang='grc' dir='ltr'><strong>ὑλ.</strong></span> <span class='ocrx_word' id='word_1_829' title='bbox 707 5533 830 5590; x_wconf 83' lang='lat' dir='ltr'><strong>Des.</strong></span> <span class='ocrx_word' id='word_1_830' title='bbox 864 5533 918 5587; x_wconf 90' lang='lat' dir='ltr'><strong>in</strong></span> <span class='ocrx_word' id='word_1_831' title='bbox 953 5535 1010 5587; x_wconf 85' lang='grc' dir='ltr'><strong><em>Β.</em></strong></span> <span class='ocrx_word' id='word_1_832' title='bbox 1104 5535 1150 5567; x_wconf 75' lang='grc'><strong><em>⁸⁸</em></strong></span> <span class='ocrx_word' id='word_1_833' title='bbox 1170 5531 1302 5591; x_wconf 78' lang='grc' dir='ltr'><strong>κατ.</strong></span> <span class='ocrx_word' id='word_1_834' title='bbox 1339 5539 1380 5590; x_wconf 89' lang='grc' dir='ltr'><strong>Β</strong></span> <span class='ocrx_word' id='word_1_835' title='bbox 1409 5531 1534 5593; x_wconf 77' lang='lat' dir='ltr'><strong>add.</strong></span> <span class='ocrx_word' id='word_1_836' title='bbox 1565 5539 1738 5604; x_wconf 82' lang='grc' dir='ltr'><strong>οὑτως</strong></span> <span class='ocrx_word' id='word_1_837' title='bbox 1771 5539 2075 5610; x_wconf 78' lang='grc' dir='ltr'><strong>ἡγούμενος</strong></span> <span class='ocrx_word' id='word_1_838' title='bbox 2113 5541 2142 5592; x_wconf 86' lang='grc' dir='ltr'>ὁ</span> <span class='ocrx_word' id='word_1_839' title='bbox 2170 5531 2780 5609; x_wconf 68' lang='grc' dir='ltr'><strong>μάταιοξ’ἀτελ.εύτητον</strong></span> <span class='ocrx_word' id='word_1_840' title='bbox 2802 5539 2946 5610; x_wconf 76' lang='grc' dir='ltr'><strong>ἔχειν</strong></span> <span class='ocrx_word' id='word_1_841' title='bbox 2975 5531 3072 5610; x_wconf 74' lang='grc' dir='ltr'><strong>τὴν</strong></span> <span class='ocrx_word' id='word_1_842' title='bbox 3102 5541 3381 5611; x_wconf 81' lang='grc' dir='ltr'><strong>βασιλείαν</strong></span> <span class='ocrx_word' id='word_1_843' title='bbox 3419 5531 3447 5577; x_wconf 79' lang='grc'><strong>·’</strong></span> <span class='ocrx_word' id='word_1_844' title='bbox 3477 5547 3682 5617; x_wconf 76' lang='grc' dir='ltr'><strong>στήσας</strong></span> <span class='ocrx_word' id='word_1_845' title='bbox 3721 5531 3792 5599; x_wconf 76' lang='grc' dir='ltr'><strong>’δέ</strong></span> 
     </span>
     <span class='ocr_line' id='line_1_111' title="bbox 537 5602 3793 5669; baseline 0.006 -17"><span class='ocrx_word' id='word_1_846' title='bbox 537 5615 668 5668; x_wconf 83' lang='grc' dir='ltr'><strong>φησι</strong></span> <span class='ocrx_word' id='word_1_847' title='bbox 689 5602 789 5669; x_wconf 83' lang='grc' dir='ltr'><strong>τήν</strong></span> <span class='ocrx_word' id='word_1_848' title='bbox 817 5603 1022 5660; x_wconf 82' lang='grc' dir='ltr'><strong>εἰκόνα.</strong></span> <span class='ocrx_word' id='word_1_849' title='bbox 1090 5603 1135 5636; x_wconf 76' lang='grc'><strong>⁸⁸</strong></span> <span class='ocrx_word' id='word_1_850' title='bbox 1166 5605 1362 5669; x_wconf 78' lang='grc' dir='ltr'><strong>Συνήγ.</strong></span> <span class='ocrx_word' id='word_1_851' title='bbox 1392 5609 1454 5662; x_wconf 76' lang='grc' dir='ltr'><strong>Δ.</strong></span> <span class='ocrx_word' id='word_1_852' title='bbox 1485 5611 1594 5663; x_wconf 80' lang='grc' dir='ltr'><strong>Καὶ</strong></span> <span class='ocrx_word' id='word_1_853' title='bbox 1622 5610 1910 5664; x_wconf 74' lang='grc' dir='ltr'><strong>ἀπέστειλε</strong></span> <span class='ocrx_word' id='word_1_854' title='bbox 1945 5612 2295 5669; x_wconf 81' lang='grc' dir='ltr'><strong>συναγαγεῖν,</strong></span> <span class='ocrx_word' id='word_1_855' title='bbox 2331 5625 2385 5662; x_wconf 92' lang='grc' dir='ltr'><strong>κ.</strong></span> <span class='ocrx_word' id='word_1_856' title='bbox 2425 5624 2476 5661; x_wconf 87' lang='grc' dir='ltr'><strong>τ.</strong></span> <span class='ocrx_word' id='word_1_857' title='bbox 2506 5607 2556 5663; x_wconf 92' lang='grc' dir='ltr'><strong>λ.</strong></span> <span class='ocrx_word' id='word_1_858' title='bbox 2635 5608 2681 5641; x_wconf 71' lang='grc' dir='ltr'><strong>δ’</strong></span> <span class='ocrx_word' id='word_1_859' title='bbox 2715 5609 2757 5661; x_wconf 79' lang='grc' dir='ltr'>Α</span> <span class='ocrx_word' id='word_1_860' title='bbox 2785 5617 2840 5662; x_wconf 87' lang='lat' dir='ltr'><strong>et</strong></span> <span class='ocrx_word' id='word_1_861' title='bbox 2893 5609 2933 5662; x_wconf 86' lang='grc' dir='ltr'><strong>Β</strong></span> <span class='ocrx_word' id='word_1_862' title='bbox 2985 5611 3242 5669; x_wconf 79' lang='grc' dir='ltr'><strong>ὑπάτους.</strong></span> <span class='ocrx_word' id='word_1_863' title='bbox 3303 5611 3350 5646; x_wconf 76' lang='grc'><strong>⁸⁸</strong></span> <span class='ocrx_word' id='word_1_864' title='bbox 3375 5613 3419 5668; x_wconf 97' lang='grc' dir='ltr'><strong>Β</strong></span> <span class='ocrx_word' id='word_1_865' title='bbox 3450 5615 3563 5669; x_wconf 80' lang='grc' dir='ltr'><strong>ὑπ’.</strong></span> <span class='ocrx_word' id='word_1_866' title='bbox 3641 5615 3690 5648; x_wconf 70' lang='grc'>⁸⁸</span> <span class='ocrx_word' id='word_1_867' title='bbox 3751 5617 3793 5669; x_wconf 84' lang='grc' dir='ltr'><strong>Β</strong></span> 
     </span>
    </p>
   </div>
   <div class='ocr_carea' id='block_1_110' title="bbox 533 5602 3603 5755">
    <p class='ocr_par' dir='ltr' id='par_1_110' title="bbox 533 5602 3603 5755">
     <span class='ocr_line' id='line_1_112' title="bbox 534 5602 3576 5678; baseline 0.006 -26"><span class='ocrx_word' id='word_1_868' title='bbox 534 5615 668 5668; x_wconf 84' lang='grc' dir='ltr'><strong>φησι</strong></span> <span class='ocrx_word' id='word_1_869' title='bbox 689 5602 789 5672; x_wconf 84' lang='grc' dir='ltr'><strong>τήν</strong></span> <span class='ocrx_word' id='word_1_870' title='bbox 817 5603 1022 5660; x_wconf 83' lang='grc' dir='ltr'><strong>εἰκόνα.</strong></span> <span class='ocrx_word' id='word_1_871' title='bbox 1090 5603 1135 5636; x_wconf 75' lang='grc'><strong>⁸⁸</strong></span> <span class='ocrx_word' id='word_1_872' title='bbox 1166 5605 1362 5676; x_wconf 77' lang='grc' dir='ltr'><strong>Συνήγ.</strong></span> <span class='ocrx_word' id='word_1_873' title='bbox 1392 5609 1454 5662; x_wconf 75' lang='grc' dir='ltr'><strong>Δ.</strong></span> <span class='ocrx_word' id='word_1_874' title='bbox 1485 5611 1594 5663; x_wconf 80' lang='grc' dir='ltr'><strong>Καὶ</strong></span> <span class='ocrx_word' id='word_1_875' title='bbox 1622 5602 1927 5664; x_wconf 58' lang='grc' dir='ltr'><strong>ἀπέστειλέ</strong></span> <span class='ocrx_word' id='word_1_876' title='bbox 1945 5602 2295 5678; x_wconf 77' lang='grc' dir='ltr'><strong>συναγαγεῖν,</strong></span> <span class='ocrx_word' id='word_1_877' title='bbox 2331 5602 2388 5662; x_wconf 84' lang='grc' dir='ltr'><strong>κ.</strong></span> <span class='ocrx_word' id='word_1_878' title='bbox 2425 5624 2476 5661; x_wconf 89' lang='grc' dir='ltr'><strong>τ.</strong></span> <span class='ocrx_word' id='word_1_879' title='bbox 2506 5607 2556 5663; x_wconf 91' lang='grc' dir='ltr'><strong>λ.</strong></span> <span class='ocrx_word' id='word_1_880' title='bbox 2635 5602 2685 5641; x_wconf 61' lang='grc' dir='ltr'><strong>δέ</strong></span> <span class='ocrx_word' id='word_1_881' title='bbox 2715 5609 2757 5661; x_wconf 79' lang='grc' dir='ltr'>Α</span> <span class='ocrx_word' id='word_1_882' title='bbox 2785 5602 2863 5662; x_wconf 65' lang='lat' dir='ltr'><strong>et&quot;</strong></span> <span class='ocrx_word' id='word_1_883' title='bbox 2893 5609 2933 5662; x_wconf 86' lang='grc' dir='ltr'><strong>Β</strong></span> <span class='ocrx_word' id='word_1_884' title='bbox 2985 5602 3242 5675; x_wconf 72' lang='grc' dir='ltr'><strong>ὑπάτους.</strong></span> <span class='ocrx_word' id='word_1_885' title='bbox 3303 5611 3350 5646; x_wconf 77' lang='grc'><strong>⁸⁸</strong></span> <span class='ocrx_word' id='word_1_886' title='bbox 3375 5613 3419 5668; x_wconf 96' lang='grc' dir='ltr'><strong>Β</strong></span> <span class='ocrx_word' id='word_1_887' title='bbox 3450 5602 3576 5669; x_wconf 81' lang='grc' dir='ltr'><strong>ὑπ⁹.’</strong></span> 
     </span>
     <span class='ocr_line' id='line_1_113' title="bbox 533 5669 3603 5755; baseline 0.006 -35"><span class='ocrx_word' id='word_1_888' title='bbox 533 5669 812 5727; x_wconf 59' lang='grc' dir='ltr'><strong>ἐκάλεσεν.</strong></span> <span class='ocrx_word' id='word_1_889' title='bbox 890 5672 938 5706; x_wconf 79' lang='grc'><strong>⁶⁹</strong></span> <span class='ocrx_word' id='word_1_890' title='bbox 951 5689 1075 5729; x_wconf 83' lang='grc' dir='ltr'><strong>τοπ.</strong></span> <span class='ocrx_word' id='word_1_891' title='bbox 1103 5671 1145 5727; x_wconf 92' lang='grc' dir='ltr'><strong>Β</strong></span> <span class='ocrx_word' id='word_1_892' title='bbox 1166 5674 1292 5731; x_wconf 86' lang='lat' dir='ltr'><strong>add.</strong></span> <span class='ocrx_word' id='word_1_893' title='bbox 1322 5678 1371 5730; x_wconf 77' lang='grc' dir='ltr'><strong>οἰ</strong></span> <span class='ocrx_word' id='word_1_894' title='bbox 1400 5679 1510 5731; x_wconf 84' lang='grc' dir='ltr'><strong>τῶν</strong></span> <span class='ocrx_word' id='word_1_895' title='bbox 1528 5679 1744 5734; x_wconf 82' lang='grc' dir='ltr'><strong>οἰκείων</strong></span> <span class='ocrx_word' id='word_1_896' title='bbox 1772 5677 1940 5734; x_wconf 76' lang='grc' dir='ltr'><strong>ἐθνῶν</strong></span> <span class='ocrx_word' id='word_1_897' title='bbox 1963 5680 2279 5736; x_wconf 69' lang='grc' dir='ltr'><strong>ἐϐασίλευον</strong></span> <span class='ocrx_word' id='word_1_898' title='bbox 2331 5677 2426 5734; x_wconf 80' lang='grc' dir='ltr'><strong>καί</strong></span> <span class='ocrx_word' id='word_1_899' title='bbox 2461 5678 2586 5741; x_wconf 77' lang='grc' dir='ltr'><strong>τοὺς</strong></span> <span class='ocrx_word' id='word_1_900' title='bbox 2626 5678 3020 5748; x_wconf 79' lang='grc' dir='ltr'><strong>ὑποκειμένους</strong></span> <span class='ocrx_word' id='word_1_901' title='bbox 3047 5680 3270 5748; x_wconf 60' lang='grc' dir='ltr'><strong>τούτους</strong></span> <span class='ocrx_word' id='word_1_902' title='bbox 3300 5683 3603 5755; x_wconf 85' lang='grc' dir='ltr'><strong>σατράπας.</strong></span> 
     </span>
    </p>
   </div>
  </div>
