4070 6470
411 356 546 427 ωιτ

404 478 640 538 ικείνοις
665 477 1002 550 ὲνενόμιστο.
1041 482 1148 534 Καὶ
1209 482 1372 548 εὐθὺς
1407 485 1506 557 μὲν
1545 488 1576 558 ἡ
1617 490 1811 560 κλῆσις
1843 495 1989 566 ἀπλῆ

399 582 487 629 τις
521 564 823 635 ἐνομίζετο,
853 567 1082 642 ὕστερον
1120 571 1178 625 δὲ
1207 573 1269 626 τδ
1303 572 1391 626 διά
1411 574 1510 644 τῆς
1536 577 1778 647 κλήσεως
1794 564 1992 655 τυρανξ

399 655 698 729 γευόμενον
731 655 778 691 ⁸⁸
799 660 1082 732 ἐφωράθη.
1125 661 1344 736 Ἐπειδὴ
1372 665 1481 736 γὰρ
1509 670 1769 740 συνῆλθον
1810 675 1989 728 ᾶπαν-

399 763 496 810 τες
502 785 518 808 ν

476 857 496 889 ι
544 837 601 891 '0
626 838 828 910 -κήρυξ,
880 843 1062 913 φησιν,
1099 842 1225 897 ἐϐόα
1271 848 1328 899 ὲν
1379 848 1522 918 ἰσχύϊ
1570 851 1856 922 (τουτέστι,
1891 875 1988 927 με·

398 927 564 997 τξστῃ
623 927 916 999 χρώμενος
973 933 1042 1002 τῇ
1095 934 1309 1006 φωνῇ)·
1355 933 1513 1006 Ὑμῖν
1566 938 1802 1009 λέγεται,
1834 944 1983 1017 ἔθνη,

394 1016 540 1081 λαοὶ,
574 1019 762 1088 φυλαὶ,
787 1019 1031 1088 γλῶσσαι
1051 1037 1068 1055 ο
1102 1023 1188 1092 (ε’,
1219 1025 1318 1094 ς’.)
1343 1018 1419 1096 ᾟ
1451 1026 1518 1080 ἂν
1548 1027 1667 1101 ῶρξι
1709 1016 1981 1104 ἀκούσητε

392 1107 498 1179 τῆς
524 1108 708 1180 φωνῆς
732 1109 836 1179 τῆς
859 1111 1182 1182 σάλπιγγος,
1213 1116 1275 1168 σύ
1285 1116 1472 1185 ριγγός
1503 1135 1563 1171 τε
1608 1123 1703 1174 καὶ
1726 1123 1976 1196 κιθάρας,

397 1197 694 1269 σαμϐύκης
727 1216 788 1252 τε
821 1202 915 1254 καὶ
934 1201 1256 1274 ψαλτηρίου,
1290 1207 1388 1259 καὶ
1437 1211 1757 1280 συμφωνίας
1785 1214 1853 1281 υ,
1887 1218 1980 1270 καὶ

390 1290 600 1354 παντὸς
628 1289 818 1359 γένους
857 1293 904 1324 ⁸⁸
937 1295 1236 1362 μουσικῶν,
1292 1298 1581 1365 πίπτοντες
1622 1309 1978 1373 προσκυνεῖτε

388 1383 463 1452 τῇ
496 1381 666 1436 εἰκόνι
726 1385 785 1454 τῇ
827 1389 1005 1458 χρυσῇ
1058 1387 1102 1420 ⁸⁸
1211 1388 1404 1462 ἔστησε
1450 1392 1918 1471 Ναϐουχοδονόσορ
1949 1401 1976 1452 ὁ

365 1471 676 1540 βασιλεύς.
734 1475 846 1529 Καὶ
898 1476 958 1540 ὃς
1012 1477 1079 1532 ἂν
1113 1480 1160 1511 ⁸ο
1198 1479 1273 1551 μὴ
1312 1480 1492 1535 πεσὼν
1523 1489 1876 1560 προσκυνήσῃ
1908 1490 1973 1553 ⁵³,

388 1563 535 1633 αὐτῇ
579 1565 647 1634 τῇ
694 1564 816 1636 ὥρᾳ
873 1564 1282 1639 ἑμϐληθήσεται
1331 1570 1409 1634 εἰς
1450 1572 1550 1643 τὴν
1602 1573 1833 1644 κάμινον
1879 1578 1972 1630 τοῦ

384 1652 569 1726 πυρὸς
604 1653 704 1726 τὴν
729 1656 1048 1728 καιομένην.
1091 1675 1111 1710 ι
1147 1657 1333 1723 Οὕτως
1385 1661 1634 1732 ἥρπασεν
1660 1667 1690 1718 ό
1718 1665 1968 1732 δείλαιος,

381 1740 468 1804 ὡς
490 1739 731 1812 ἐνόμισε,
749 1743 847 1814 τὴν
863 1743 1014 1797 θείαν
1041 1747 1226 1816 τιμὴν,
1241 1747 1340 1801 καὶ
1367 1749 1468 1802 οὐκ
1483 1751 1793 1824 ἀπέχρησεν
1823 1757 1970 1826 αύτῷ

381 1828 452 1882 τὸ
488 1832 915 1900 προσκυνεῖσθαι
976 1835 1126 1907 πα,ρά
1149 1836 1260 1889 τῶν
1302 1838 1578 1907 ὑπηκόων,
1611 1843 1745 1899 ἀλλὰ
1778 1848 1870 1900 καὶ
1897 1851 1962 1918 τῇ

382 1920 559 1976 εἰκόνι
598 1923 1005 1996 προσφέρεσθαι
1066 1926 1162 1998 τὴν
1212 1930 1586 2000 προσκύνησιν
1615 1936 1818 2004 ταύτην
1848 1939 1965 1991 ἐνο-

359 2010 686 2106 μοθέτησε,
735 2014 829 2068 καὶ
857 2016 1227 2088 καταπλήττει
1261 2020 1360 2090 μὲν
1381 2020 1628 2086 ἅπαντας
1658 2029 1724 2096 τῇ
1758 2045 1816 2080 τε
1844 2028 1962 2101 mn,

380 2103 482 2157 καὶ
511 2107 576 2176 τῇ
611 2105 796 2177 τέχνῃ,
838 2107 1036 2179 καὶτῷ
1060 2109 1280 2180 μεγέθει
1318 2111 1414 2182 τῆς
1453 2114 1660 2178 εἰκόνος
1683 2133 1699 2149 ο
1732 2135 1966 2191 κατακη-

378 2193 469 2246 λεῖ
525 2194 582 2247 δὲ
634 2197 727 2249 καὶ
761 2197 1085 2267 καταθέλγει
1113 2203 1179 2271 τῇ
1217 2202 1532 2275 παντοδαπῇ
1558 2205 1664 2259 τῶν
1691 2212 1962 2278 μουσικῶν

375 2285 632 2356 ὀργάνων
656 2288 764 2358 ἠχῇ
789 2303 804 2320 ·
837 2290 965 2354 τοὺς
1029 2289 1083 2343 δὲ
1112 2291 1248 2362 μηδὲ
1277 2293 1340 2346 τδ
1372 2295 1601 2365 μέγεθος
1630 2299 1728 2370 τῆς
1758 2303 1962 2366 εἰκόνος

373 2375 873 2447 ἐκπληττομένους.
896 2381 1032 2452 μηδὲ
1057 2381 1162 2436 ὑπὸ
1191 2385 1291 2455 τῆς
1329 2385 1437 2440 τῶν
1461 2387 1706 2457 ὀργάνων
1728 2391 1871 2465 ᾠδῆς
1898 2411 1957 2447 τε

372 2465 473 2519 καὶ
498 2467 689 2540 ἡδονῆς
719 2470 1244 2543 καταθελγομένους,
1279 2478 1345 2547 τῇ
1377 2476 1573 2551 ἀπειλῇ
1605 2482 1698 2536 τοῦ
1721 2483 1766 2514 ⁸¹
1791 2485 1958 2555 καμί-

371 2571 470 2608 νου
519 2555 840 2615 δεδίττεται.
895 2563 1004 2615 Kal.
1059 2564 1152 2618 ἐπὶ
1208 2565 1307 2635 μὲν
1349 2567 1458 2622 τῶν
1497 2569 1672 2625 ἀλλων
1701 2573 1956 2630 ἁπάντων

367 2645 436 2699 οὐ
469 2647 740 2722 διήμαρτε
764 2650 858 2705 τοῦ
884 2653 1088 2707 σκοποῦ
1115 2670 1129 2685 ⁸
1159 2654 1306 2727 ἑώρα
1357 2658 1466 2730 γὰρ
1492 2659 1739 2728 ἅπαντας
1765 2665 1826 2719 τὸ
1861 2684 1953 2720 κε-

365 2738 663 2810 λευόμενον
692 2741 1000 2810 ποιοῦντας,
1037 2746 1130 2799 καί⁵
1167 2747 1318 2819 φόϐῳ
1353 2751 1449 2802 καὶ
1490 2753 1651 2826 ἡδονῇ
1677 2755 1952 2812 δουλεύειν

365 2831 740 2902 εἰθισμένουςυ
765 2835 915 2904 μόνοι
949 2835 1005 2889 δὲ
1041 2839 1092 2891 οἰ
1125 2842 1514 2913 τρισμακάριοι
1538 2847 1724 2911 παῖδες
1752 2849 1950 2905 ἐκεῖνοι

364 2922 468 2993 τὴν
490 2922 749 2994 πατρῴαν
767 2925 1048 2994 εὐγένειαν
1067 2931 1341 3001 ἀκήρατον
1356 2933 1451 2986 καὶ
1472 2935 1530 2988 ὲν
1548 2935 1760 3010 δουλείᾳ
1778 2941 1944 3010 φυλά-

363 3013 580 3079 ξαντες,
621 3015 893 3081 Ἁνανίας,
931 3020 1026 3072 καί⁵
1060 3020 1337 3094 ’Δζαρίας,
1373 3026 1469 3080 καὶ
1501 3029 1742 3102 Μισαὴλ,
1778 3034 1947 3107 ἠρνή-

363 3103 540 3174 θησαν
598 3104 699 3175 μὲν
750 3104 850 3179 τὴν
895 3111 1288 3181 προσκύνησιν,
1335 3117 1436 3170 οὐκ
1493 3118 1682 3175 ἔλαθον
1714 3123 1774 3177 δὲ
1818 3103 1944 3190 τοῦς

358 3193 661 3268 δυσσεϐεἰᾳ
711 3197 990 3262 συζῶντας
1013 3201 1335 3269 Χαλδαίους,
1367 3207 1418 3259 οἳ
1449 3213 1740 3278 κοινωνοὺς
1774 3216 1946 3272 ἅπαν·
1973 3200 2014 3256 c

356 3301 466 3348 τας
527 3286 673 3358 ἔχειν
711 3289 813 3360 τῆς
861 3291 1115 3357 ἀσεϐείας
1171 3295 1484 3366 ἠϐούλοντο.
1519 3302 1728 3358 Αὐτίκα
1765 3309 1944 3364 τοίνυν

355 3467 457 3521 τοῦ
489 3469 736 3535 τεθέντος
773 3474 940 3544 νόμου
991 3475 1286 3549 διαρρήδην
1336 3481 1744 3556 διαγορεύοντος
1767 3492 1940 3548 ἅπασι

353 3560 474 3622 τοῖς
502 3559 764 3630 ὑπηκόοις
791 3568 1119 3635 προσκυνεῖν
1151 3567 1251 3638 τὴν
1292 3571 1499 3636 εἰκόνα,
1527 3576 1622 3629 καὶ
1645 3583 1758 3644 τοῖς
1785 3583 1942 3639 τοῦτο

353 3656 538 3708 ποιεῖν
603 3659 1065 3731 παραιτουμένοις
1120 3661 1475 3731 ἀπειλοῦντος
1522 3670 1622 3743 τὴν
1679 3675 1909 3748 κάμινον
1935 3699 1949 3714 ο

351 3761 570 3813 γονης,
608 3746 693 3800 δτι

428 3836 518 3907 ιβ’.
573 3857 592 3891 ι
630 3839 784 3895 Εἰσὶν
843 3841 1031 3913 ἄνδρες
1107 3844 1387 3914 Ἰουδαῖοι,
1431 3851 1527 3917 οὓς
1593 3859 1935 3932 κατέστησας

345 3930 446 3982 ἐπὶ
475 3929 543 3982 τά
566 3929 702 4002 ἔργα
725 3931 822 4003 τῆς
858 3932 1042 4005 χώρας
1081 3937 1421 4004 Βαϐυλῶνος,
1467 3945 1684 4016 Σιδράχ,
1723 3929 1908 4024 Μισὰχ

346 4020 449 4074 καὶ
491 4019 802 4090 Ἀϐδεναγώ
826 4039 840 4052 ·
881 4024 931 4077 οἰ
965 4023 1160 4096 ἄνδρες
1190 4030 1395 4084 ἐκεῖνοι
1410 4033 1458 4064 ⁸⁸
1482 4034 1580 4104 οὐχ
1611 4019 1924 4108 ὑπήκουσαι

343 4109 426 4181 τῷ
450 4110 681 4182 δόγματι
711 4129 828 4179 σου,
866 4114 1113 4185 βασιλεῦ.
1143 4136 1162 4170 ›
1203 4119 1313 4174 Καὶ
1344 4122 1436 4176 τόν
1480 4140 1540 4177 τε
1567 4127 1769 4182 οἰκεῖον
1799 4133 1928 4202 φθό-

340 4218 439 4255 νον
465 4201 554 4256 διά
583 4203 792 4259 τούτων
861 4209 1252 4280 παραδηλοῦσι,
1301 4211 1396 4266 τοῦ
1437 4229 1498 4268 τε
1545 4201 1922 4291 βασιλέωςὲξ-

343 4294 582 4347 ἀπτουσι
637 4295 737 4366 τὴν
780 4297 972 4370 ὀργὴν,
1019 4301 1380 4372 αἰνιττόμενοι
1432 4303 1520 4360 διὰ
1569 4308 1797 4372 τούτων,
1829 4315 1923 4368 καὶ

343 4385 632 4456 μονονουχὶ
670 4386 950 4456 λέγοντες·
1011 4392 1156 4460 ’Ὀρα
1197 4393 1348 4457 τίνας
1397 4395 1554 4466 ἡμῶν
1593 4402 1924 4476 προτετίμη-

339 4494 447 4541 κας
471 4478 540 4543 ³⁵,
579 4479 690 4532 τίσι
721 4480 831 4534 τῶν
861 4483 1224 4539 Βαϐυλωνίων
1265 4487 1561 4558 ἠγεμονίαν
1600 4490 1646 4523 ⁸³
1673 4493 1922 4549 ἐπίστευ-

1669 382 1751 443 lN
1787 384 2142 451 DANIELIS
2167 395 2323 457 CAP.
2354 399 2472 461 Ιῐῐ.

3539 418 3672 484 1313

2021 508 2063 561 Α
2095 505 2344 571 quadam
2373 513 2706 569 convocatio
2736 518 3168 576 existimabatur
3205 541 3216 576 :
3249 539 3370 580 mox
3412 543 3539 584 vero
3578 549 3675 602 per

2097 598 2548 655 convocationem
2581 602 2728 659 illam
2755 610 3104 678 tyrannicnm
3146 613 3436 684 imperium
3471 598 3667 690 depre-

2095 683 2327 740 hensum
2359 698 2461 744 est.
2487 689 2565 765 [4]
2597 693 2701 751 Ubi
2735 701 2880 755 enim
2912 683 3294 761 convenerunt
3332 723 3526 767 omnes
3542 683 3570 765 ἐ

2167 899 2186 930 ι
2227 879 2448 948 Praeco,
2485 885 2690 956 inquit,
2739 889 3010 950 clamabat
3051 897 3106 952 in
3165 899 3493 963 fortitudine
3539 908 3669 979 (hoc

2089 976 2196 1034 est,
2234 971 2747 1050 vehementissime)
2798 997 2812 1032 :
2863 982 3034 1041 Vobis
3079 987 3304 1056 dicitur,
3333 971 3670 1068 gentes,‘po-

2088 1061 2221 1128 puli,
2253 1063 2449 1130 tribus,
2484 1066 2688 1138 linguai
2720 1085 2736 1123 :
2765 1071 2954 1141 (Vens.
2988 1077 3040 1137 5,
3062 1077 3141 1149 6.)
3168 1061 3507 1156 Quacunque
3529 1061 3668 1145 hora

2084 1150 2379 1210 audieritis
2438 1171 2628 1214 vocem
2682 1161 2860 1226 tubae,
2916 1163 3264 1238 fistulaeque,
3319 1184 3374 1229 et
3415 1150 3662 1242 cithara,

2084 1242 2489 1316 sambucasque,
2522 1256 2576 1303 et
2611 1251 2874 1320 psalterii,
2898 1263 2952 1309 et
2989 1261 3348 1328 symphonia,
3371 1273 3430 1319 et
3476 1270 3664 1324 omnis

2079 1335 2302 1401 generis
2367 1339 2733 1404 musicorum,
2783 1346 3047 1403 cadentes
3087 1351 3312 1408 adorate
3363 1354 3660 1427 imaginem

2079 1436 2327 1489 auream,
2361 1444 2524 1497 quam
2549 1434 2743 1488 statuit
2772 1433 3284 1498 Nabuchodonosor
3302 1459 3416 1500 rex.
3451 1445 3516 1501 Et
3535 1450 3663 1518 qui-

2077 1530 2298 1586 cunque
2323 1535 2429 1572 non
2464 1533 2774 1588 prostratus
2793 1528 3126 1596 adoraverit,
3149 1535 3340 1590 eadem
3375 1536 3509 1592 hora
3528 1541 3658 1609 inji-

2076 1604 2250 1657 cietur
2273 1606 2328 1660 in
2364 1609 2647 1666 fornacem
2683 1613 2826 1683 ignis
2855 1617 3159 1676 ardentem.
3202 1641 3222 1674 ι
3259 1625 3339 1678 ita
3377 1631 3661 1698 usurpavit

2075 1692 2286 1759 infelix,
2325 1700 2655 1769 utOpinatus
2690 1713 2794 1769 est,
2827 1706 3074 1763 divinum
3102 1710 3365 1770 honorem
3397 1735 3412 1770 :
3445 1692 3658 1792 1107

2075 1801 2250 1856 neque
2288 1791 2425 1846 satis
2458 1792 2560 1861 ipsi
2595 1794 2697 1847 fuit
2731 1810 2760 1849 a
2807 1798 3074 1868 subjectis
3119 1803 3223 1858 sibi
3259 1809 3480 1876 populis
3529 1814 3660 1867 ado-

2003 1857 2040 1908 Β
2073 1877 2206 1942 rari,
2235 1879 2370 1948 quin
2391 1857 2554 1937 etiam
2586 1884 2776 1939 eodem
2808 1887 3149 1948 adorationis
3172 1857 3652 1970 eullu'imaginem

2074 1966 2180 2020 culi
2224 1967 2341 2038 lege
2373 1972 2631 2026 sancivil.
2676 1972 2742 2028 Et
2781 1981 3010 2033 omnes‘
3055 1984 3309 2049 materia,
3341 1996 3395 2041 et
3427 1966 3568 2056 arte,
3595 2001 3652 2046 et

2073 2057 2454 2126 magnitudine
2515 2069 2710 2117 statuae
2763 2067 3162 2134 perterrefacit,
3216 2072 3409 2128 delinit
3465 2086 3648 2134 autem

2068 2154 2235 2216 atque
2265 2149 2542 2206 demulcet
2569 2153 2750 2209 omnis
2790 2158 3009 2224 generis
3050 2161 3388 2218 musicorum
3439 2165 3648 2222 instru-

2069 2247 2380 2293 mentorum
2411 2255 2546 2296 sono
2577 2261 2590 2298 :
2620 2258 2716 2299 eos
2741 2260 2871 2299 vero
2914 2247 3008 2317 qui
3053 2265 3231 2321 neque
3263 2255 3648 2324 magnitudine

2065 2334 2263 2382 statua:
2294 2329 2768 2401 obstupescerent,
2809 2351 2988 2406 neque
3037 2341 3378 2398 musicorum
3431 2345 3644 2401 instru-

2064 2425 2377 2475 mentorum
2408 2431 2574 2478 cantu
2606 2439 2670 2480 ac
2715 2421 2991 2498 voluptaie
3021 2429 3486 2505 demulcerentur,
3532 2439 3644 2494 for-

2061 2509 2217 2564 nacis
2243 2511 2408 2567 minis
2425 2513 2690 2571 deterret.
2737 2515 2816 2591 [7]
2846 2521 2910 2574 Et
2944 2521 2998 2575 in
3028 2522 3151 2579 aliis
3179 2527 3436 2586 omnibus
3478 2533 3643 2587 mini-

2060 2611 2148 2652 me
2180 2598 2386 2653 excidit
2457 2600 2563 2657 fine
2616 2608 2943 2676 proposito:
2979 2610 3200 2667 videbat
3243 2616 3390 2671 enim
3443 2632 3640 2677 omnes

2061 2686 2326 2758 imperata
2372 2689 2665 2760 facientes,
2693 2698 2787 2768 qui
2825 2707 2880 2754 et
2922 2709 3094 2767 metu,
3129 2711 3185 2760 et
3212 2708 3498 2779 voluptate
3520 2727 3638 2768 ser-

2057 2779 2176 2835 vire
2209 2793 2611 2840 consueverant
2659 2802 2674 2838 :
2717 2788 2820 2844 soli
2863 2797 3046 2847 autem
3089 2793 3395 2852 beatissimi
3452 2802 3635 2858 adole—

2054 2877 2276 2926 scentes
2315 2873 2414 2938 illi,
2469 2877 2648 2944 patria
2690 2879 2982 2939 nobilitate
3021 2884 3342 2957 incorrupta
3407 2891 3463 2945 in
3516 2893 3633 2962 ipsa

2052 2961 2216 3014 etiam
2251 2965 2516 3021 servitute
2544 2976 2779 3035 retenta,
2815 2973 3081 3041 Ananias,
3127 2977 3356 3036 Azarias
3422 2989 3476 3038 et
3530 2961 3630 3038 ldi-

2051 3050 2185 3115 sael,
2223 3067 2524 3111 renuernnt
2551 3057 2802 3116 adorare.
2843 3061 3018 3137 [8-H]
3047 3065 3166 3122 Non
3205 3069 3417 3127 latuere
3446 3082 3628 3130 autem

2051 3138 2246 3210 impios
2267 3141 2572 3211 Chaldaeos,
2594 3149 2686 3217 qui
2707 3165 2898 3208 omnes
2915 3153 3206 3226 impietatis
3226 3159 3516 3230 participes
3534 3162 3629 3217 ha-

2051 3230 2183 3286 bere
2207 3235 2523 3294 studebant.
2556 3237 2752 3296 Statim
2783 3243 2964 3315 itaque
2993 3261 3172 3316 regem
3212 3251 3437 3313 adeunt,
3469 3266 3626 3307 eum-

2047 3338 2156 3394 que
2181 3325 2314 3397 legis
2349 3330 2658 3388 constitutre
2681 3333 2998 3402 admonent,
3020 3354 3141 3410 quae
3161 3348 3350 3409 aperte
3373 3341 3624 3411 jubebat,

2047 3502 2227 3561 facere
2249 3511 2635 3567 recusantibus
2663 3511 2942 3571 fornacem
2969 3517 3312 3588 minabatur;
3331 3535 3618 3579 accusant-

2049 3607 2155 3662 que
2183 3612 2371 3654 sacros
2401 3600 2552 3656 viros
2581 3602 2705 3658 illos
2731 3603 2818 3660 his
2851 3606 3034 3662 verbis
3066 3625 3081 3660 :

2024 3691 2431 3761 εἰσαγγέλλουσι
2465 3696 2520 3750 δὲ
2569 3697 2698 3762 τοὺς
2765 3700 2940 3771 ἱεροὺς
2984 3701 3184 3775 ἄνδρας
3226 3706 3466 3772 ἐκείνους
3531 3709 3614 3766 λέ-

2109 3865 2270 3924 Vens.
2308 3869 2391 3924 l2.
2429 3889 2448 3923 ι
2482 3871 2625 3928 Sunt
2677 3874 2778 3929 viri
2828 3873 3025 3943 Judaei,
3071 3894 3211 3949 quos
3265 3887 3610 3945 constituisti

2033 3971 2200 4027 super
2223 3974 2389 4029 opera
2416 3963 2663 4031 regionis
2711 3964 3044 4036 Babyloniae,
3103 3969 3356 4040 Sidrach,
3399 3975 3607 4036 Misach

2029 4055 2082 4099 et
2107 4046 2426 4119 Abdenago,
2456 4051 2561 4105 viri
2605 4053 2686 4106 illi
2721 4069 2830 4108 non
2880 4056 3206 4114 obedierunt
3234 4062 3456 4122 decreto
3487 4078 3603 4136 tuo,

2025 4147 2058 4187 ο
2092 4149 2207 4190 rex.
2253 4155 2272 4187 ι
2297 4135 2393 4192 His
2429 4147 2485 4192 et
2515 4140 2780 4196 invidiam
2814 4158 2970 4200 suam
3002 4146 3306 4217 declarant,
3353 4162 3410 4209 et
3453 4161 3604 4230 regis

2023 4225 2331 4280 accendunt
2363 4230 2498 4282 iram
2527 4247 2542 4284 :
2571 4245 2667 4300 per
2699 4232 2812 4287 haec
2845 4233 3140 4294 innuentes
3162 4254 3224 4300 ac
3251 4249 3463 4301 tantum
3490 4225 3599 4307 nim

2029 4314 2305 4371 dicentes:
2331 4315 2468 4373 Vide
2503 4335 2771 4389 quosnam
2809 4324 2973 4380 nobis
3010 4325 3339 4397 praetulerim
3393 4339 3598 4408 quibus

2028 4403 2453 4476 Babyloniorum
2487 4411 2703 4481 1108
2749 4415 3101 4474 commiseris
3143 4403 3458 4493 imperium,
3501 4429 3594 4499 qui

2023 4497 2251 4554 honoris
2267 4498 2372 4554 sibi
2405 4499 2575 4556 habiti
2601 4504 2970 4572 praestantiam
2993 4508 3179 4566 animo
3199 4515 3473 4574 aestimare
3497 4497 3594 4576 no-

339 4581 445 4628 σας
465 4582 480 4597 ο
507 4566 628 4620 οὐδὲ
660 4568 707 4600 ³⁸
733 4568 833 4638 τῆς
892 4572 1061 4643 τιμῆς
1087 4573 1148 4627 τὸ
1199 4573 1429 4644 μέγεθος
1467 4579 1548 4642 εἰς
1581 4579 1706 4633 νοῦν
1736 4581 1920 4638 λαϐεῖν

2049 4600 2267 4655 uerunt,
2294 4606 2474 4662 neque
2503 4609 2562 4649 se
2585 4594 2632 4649 ei
2671 4605 2859 4666 gratos
2876 4599 3140 4668 praebere,
3157 4616 3186 4655 a
3209 4614 3321 4674 quo
3343 4617 3472 4663 sunt
3489 4611 3591 4667 hoc

336 4654 741 4728 ἠϐουλήθησαν,
767 4659 863 4714 καὶ
906 4662 1250 4734 εὐγνώμονες
1282 4667 1412 4736 περὶ
1445 4667 1538 4722 τὸν
1593 4676 1923 4744 τετιμηκότα

334 4743 620 4812 γενέσθαι,
649 4746 786 4801 ἀλλὰ
806 4749 906 4820 τῆς
933 4751 1102 4821 τιμῆς
1156 4751 1216 4804 τὸ
1243 4751 1475 4824 μέγεθος
1500 4757 1728 4828 ἀτιμίας
1752 4743 1922 4834 ἀφορ-

317 4836 452 4909 μὴν
523 4839 868 4910 ἐποιήσαντο,
899 4841 1161 4913 ἀντικρὺς
1217 4848 1332 4909 τοῖς
1383 4849 1496 4911 σοῖς
1548 4850 1920 4920 ἀντιλέγοντες

331 4928 544 4998 νόμοις,
569 4928 664 4983 καὶ
699 4928 772 4983 τὰ
795 4931 864 4985 σά
885 4930 1128 5004 πληροῦν
1180 4934 1280 4988 ούκ
1311 4937 1623 5009 ἀνεχόμενοι
1648 4941 1914 5014 δόγματα.

328 5019 450 5074 Οὐκ
469 5019 516 5053 ³⁷
538 5018 788 5075 ἐντεῦθεν
816 5021 872 5076 δὲ
904 5022 1066 5094 μόνον
1124 5025 1242 5081 ἔστι
1273 5026 1544 5098 θεωρῆσαι
1577 5030 1636 5084 τὸ
1660 5049 1909 5104 τυραννι-

324 5109 430 5163 κόν
459 5125 520 5164 τε
559 5109 658 5164 καὶ
706 5111 994 5183 ἄγνωμον·
1060 5114 1196 5172 ἀλλὰ
1223 5117 1319 5172 καὶ
1351 5119 1617 5191 ἑτέρωθεν
1655 5140 1906 5195 καταμα-

321 5199 446 5252 θεῖν
472 5199 718 5266 δυνατδν,
747 5201 825 5265 ὡς
870 5202 1026 5258 οὐδὲν
1079 5204 1279 5278 δρῶσιν
1312 5207 1574 5280 ὑπηκόοις
1611 5212 1899 5284 ἁρμόττον·

320 5289 421 5354 οὓς
452 5290 561 5363 γὰρ
587 5293 829 5363 νομίζεις
856 5293 1033 5361 θεοὺς,
1059 5297 1121 5350 ού
1153 5297 1451 5369 νομίζουσι,
1485 5302 1578 5356 καὶ
1607 5302 1704 5375 τὴν
1734 5322 1902 5377 προσ-

2017 4685 2226 4739 honore
2239 4682 2420 4738 affecti
2443 4702 2456 4738 :
2471 4685 2580 4740 imo
2601 4685 2829 4742 honoris
2845 4691 3222 4748 excellentiam
3241 4700 3588 4756 occasionem

2015 4775 2331 4846 ignominiae
2359 4773 2636 4843 fecerunt,
2687 4779 2796 4833 tuis
2843 4793 3030 4851 aperte
3061 4783 3274 4854 legibus
3302 4792 3586 4846 contradi-

2013 4873 2224 4928 centes,
2254 4871 2462 4937 tuaque
2497 4866 2718 4923 decreta
2748 4872 2975 4941 exsequi
3011 4885 3354 4936 recusantes.
3395 4879 3584 4954 Neque

2011 4953 2140 5008 hinc
2170 4954 2347 5009 solum
2390 4956 2638 5027 conspici
2685 4967 2865 5027 potest
2893 4964 3215 5030 tyrannicus
3235 4975 3288 5022 et
3329 4953 3582 5041 ingratus

2009 5045 2232 5100 illorum
2265 5047 2509 5114 animus,
2540 5048 2634 5104 sed
2668 5049 2792 5104 aliis
2828 5050 2993 5105 etiam
3029 5068 3097 5108 ex
3120 5055 3304 5126 rebus,
3338 5064 3466 5133 quia
3493 5067 3585 5121 ni.

2012 5133 2088 5190 hil
2136 5151 2327 5192 eorum
2379 5147 2660 5208 praestant,
2708 5155 2832 5209 quae
2891 5142 3157 5214 subjectis
3216 5156 3576 5212 conveniunt.

2009 5220 2160 5288 Quos
2199 5226 2344 5280 enim
2387 5234 2446 5281 tu
2477 5227 2611 5282 deos
2643 5228 2951 5295 existimas,
2987 5248 3098 5289 non
3127 5238 3445 5300 existimant
3472 5247 3573 5316 illi,

2006 5327 2189 5383 neque
2209 5315 2358 5369 cultu
2395 5315 2522 5384 diis,
2546 5316 2638 5388 qui
2673 5333 2703 5372 a
2744 5327 2797 5374 te
2839 5321 3161 5394 adorantur,
3212 5337 3575 5394 conveniente

1556 5442 1792 5501 vsnm
1839 5415 2244 5510 mnam.

393 5579 440 5612 “
473 5577 512 5632 Β
541 5548 921 5656 τυρευόμενον.
996 5587 1041 5620 ⁸⁷
1077 5605 1130 5642 κ.
1158 5605 1332 5659 συμφ.
1355 5590 1481 5650 Des.
1510 5595 1566 5650 in
1595 5595 1661 5650 Δ.
1748 5599 1793 5632 ⁸⁸
1822 5600 1936 5668 γέν.
1964 5603 2018 5664 ,Α
2056 5621 2246 5686 prtem.
2281 5613 2620 5679 συμφωνίας.
2668 5612 2708 5667 Β
2760 5616 2873 5684 γέν.
2941 5620 3219 5688 μουσικοῦ.
3300 5623 3344 5656 ⁸⁸

393 5647 471 5701 ιΒ
494 5653 672 5703 sunnl.
741 5656 790 5688 ⁸ο
817 5657 857 5703 Β
885 5657 1000 5703 ὲάν.
1073 5658 1117 5690 ει
1145 5674 1340 5703 nassae-
1370 5659 1410 5703 Β
1433 5665 1534 5703 mhi
1587 5665 1761 5703 ηερε..
1887 5673 1933 5703 ιι
1960 5673 1995 5703 n
2021 5692 2119 5703 -.η
2251 5678 2298 5703 ιι
2323 5679 2385 5703 ι--
2445 5679 2481 5703 n
2519 5676 2652 5703 ,τη
2755 5686 2798 5703 ,ι
2842 5685 2882 5703 η
3111 5690 3126 5703 ,

829 5673 857 5709 α
885 5673 1000 5711 εαν.
1073 5673 1117 5690 ο·
1145 5674 1342 5729 προσκ.
1368 5673 1410 5712 η
1431 5673 1556 5720 add.
1587 5673 1780 5738 αὑτήν.
1887 5673 1933 5703 ⁸²

829 5725 877 5759 ⁸⁸
905 5725 1050 5782 οὐδέ.
1074 5725 1115 5782 Β
1145 5742 1334 5797 prtem.
1359 5730 1429 5785 οἴ.
1533 5735 1578 5768 ⁸⁷
1607 5736 1726 5792 οὐκ.
1755 5736 1796 5793 Β
1823 5755 1950 5812 praet

2048 5673 2141 5745 ἧς.
2251 5678 2298 5710 ⁸³
2320 5673 2418 5732 sit;
2442 5679 2483 5732 Β
2513 5673 2660 5737 οὗτοι
2753 5673 2801 5718 ⁸’δ
2841 5685 2883 5740 Β
2937 5673 3044 5758 προ

2048 5746 2160 5806 καί.
2193 5748 2397 5805 omittit
2417 5758 2597 5810 autem
2625 5752 2683 5808 δέ
2711 5763 2839 5812 ante
2862 5755 3044 5827 μόνον.

316 5649 406 5738 Ex
429 5647 672 5738 Esupbl'.
740 5647 790 5688 ³⁸
816 5657 1028 5738 litin.-
1073 5658 1117 5738 ξς
1145 5647 1342 5729 πρὸσὶι.
1368 5647 1780 5738 add—.181“.

311 5718 359 5772 Β
390 5718 579 5790 ιιι-πω.
598 5718 725 5794 τήν.

3378 5625 3563 5763 iiii:

2442 5676 2682 5762 Babae}.
2753 5676 2801 5718 ³⁷⁵
2841 5685 2883 5740 Β
2917 5676 3324 5762 προετίμησας.
