4070 6404
487 329 623 397 1319

1401 326 1886 389 TIIEODORETI
1910 326 2247 386 EPISCOPI
2275 330 2640 389 CYRENSIS

3627 325 3764 398 13-30

482 462 580 502 eos
609 441 718 514 ipsi
753 441 961 496 colunt.
1001 437 1066 492 Et
1104 445 1366 501 statuam,
1421 436 1488 490 ad
1517 450 1682 506 quam
1730 433 2071 490 adorandam

2177 437 2418 506 ήκουσαν
2462 437 2720 507 λατρείαν
2785 441 2895 503 τοῖς
2959 441 3063 494 ὑπὸ
3113 439 3206 494 σοῦ
3261 445 3759 514 προσκυνουμένοις

485 535 690 593 subditi
721 547 913 588 omnes
942 545 1278 595 convenere,
1317 530 1424 598 ipsi
1459 528 1692 584 adorare
1742 537 1937 597 aperte
1988 544 2072 582 re-

485 634 773 683 cusarunt.
828 621 1051 696 [l3,H]
1105 621 1319 686 Quibus
1370 619 1599 684 auditis,
1646 629 1834 674 mente
1877 631 2072 689 captus

487 720 576 774 ille
602 735 717 782 rex,
747 717 952 770 oblitus
981 729 1172 769 eorum
1201 730 1324 784 qua:
1363 713 1573 768 Danieli
1606 713 1857 767 dixerat:
1884 731 1902 763 ι
1940 711 2074 767 Vere

485 807 631 863 Deus
665 817 840 862 vester
861 807 968 859 iste
996 814 1081 860 est
1121 804 1267 859 Deus
1314 805 1564 869 deorum,
1599 813 1657 859 et
1680 803 1948 860 Dominus
1983 821 2072 859 re-

484 915 634 970 gum,
676 917 695 950 ι
737 898 963 952 adducit
1016 897 1270 951 homines
1325 897 1380 950 in
1419 897 1680 963 medium,
1741 898 2074 968 interrogat-

482 1010 610 1061 que,
647 1008 716 1046 an
749 1005 940 1045 revera
969 1005 1097 1043 cum
1157 991 1279 1059 ipso
1330 990 1628 1060 participes
1673 1005 1797 1046 esse
1842 991 2072 1044 deorum

481 1086 668 1137 cultus
694 1082 896 1144 nolint,
922 1089 977 1134 et
1011 1088 1253 1135 statuam
1285 1085 1567 1135 recusent‘
1591 1079 1847 1136 adorare.
1868 1080 2075 1136 Deinde

481 1175 732 1244 praecipit
763 1181 820 1227 et
871 1171 1123 1227 consulit
1159 1180 1218 1225 ut
1247 1173 1298 1226 id
1332 1171 1564 1237 faciant,
1598 1172 1744 1242 ignis
1781 1187 1877 1228 eos
1908 1173 2074 1229 minis

481 1269 791 1323 deterrens.
822 1263 938 1336 [l5]
968 1283 985 1314 ι
1026 1263 1086 1317 Si
1117 1265 1266 1317 enim
1297 1280 1406 1317 non
1438 1264 1828 1328 adoraveritis,
1871 1265 2072 1334 inquit,

483 1358 680 1413 eadem
716 1356 853 1410 hora
886 1353 1211 1422 injiciemini
1262 1354 1316 1405 in
1375 1353 1654 1406 fornacem
1688 1353 1837 1422 ignis
1876 1354 2074 1408 arden-

484 1457 617 1504 tem.
654 1467 673 1500 ι
708 1446 847 1501 Tum
876 1444 1148 1498 nefarium
1196 1441 1360 1506 illud,
1389 1452 1441 1496 et
1473 1441 1711 1497 ferinum
1752 1442 1921 1498 audet
1954 1459 2073 1496 ma-

485 1541 744 1596 ledictum
785 1535 1033 1607 proferre
1061 1552 1074 1588 :
1104 1551 1122 1584 ι
1160 1535 1228 1586 Ει
1263 1535 1388 1603 quis
1421 1545 1506 1588 est
1531 1533 1680 1590 Deus
1729 1534 1825 1604 qui
1879 1535 2074 1603 eripiet

486 1645 587 1685 vos
620 1628 688 1683 de
721 1627 974 1680 manibus
1021 1623 1196 1678 meis?
1225 1642 1244 1674 ι
1285 1622 1419 1676 Tam
1468 1623 1600 1686 cito,
1635 1625 1684 1678 ei
1723 1638 1886 1693 quem
1939 1639 2072 1676 con-

488 1721 670 1774 fessus
707 1715 906 1780 fuerat,
947 1712 1207 1775 detraxit,
1241 1721 1296 1767 et
1330 1727 1496 1782 quem
1526 1711 1697 1767 Deum
1727 1711 1947 1766 deorum
1975 1729 2072 1766 vo-

485 1816 728 1870 caverat,
753 1809 930 1877 ipsum
975 1805 1197 1859 homine
1233 1804 1650 1859 imbecilliorem
1685 1803 1948 1874 opinatus
1975 1815 2061 1860 est

487 1917 612 1957 esse
639 1917 654 1967 ;
677 1914 841 1970 quem
865 1897 1153 1950 Dominum
1176 1912 1356 1965 regum
1377 1896 1700 1964 appellarat,
1723 1912 1850 1949 eum
1874 1912 1932 1951 se
1956 1897 2076 1950 vin-

486 2008 610 2049 cere
636 1990 822 2046 infelix
850 1988 1177 2058 juveniliter
1226 1987 1500 2056 gloriatus
1537 1985 1752 2055 1109
1797 1994 1901 2041 est.
1934 1986 2072 2040 Cum

488 2084 794 2155 majoribus
829 2092 1012 2135 autem
1047 2080 1162 2135 suis
1190 2089 1302 2132 tam
1346 2078 1587 2132 audaces
1614 2088 1854 2133 conatus
1880 2079 2076 2135 habuit

491 2192 840 2232 communes.
877 2174 1092 2229 Etenim
1143 2171 1546 2227 Sennacherim
1586 2171 1700 2233 ille,
1755 2170 1849 2240 qui
1899 2171 2074 2225 maxi-

490 2286 607 2324 mas
635 2278 830 2322 contra
859 2264 1289 2334 Hierosolymam
1315 2262 1503 2330 copias
1529 2261 1780 2327 adduxit,
1809 2277 1906 2331 per
1929 2278 2073 2316 nun-

489 2360 596 2413 tios
623 2358 754 2412 talia
800 2357 1020 2409 locutus
1068 2360 1153 2407 est
1206 2349 1457 2405 Ezechiae
1498 2368 1512 2404 :
1551 2369 1569 2402 ι
1611 2349 1690 2406 Ne
1726 2359 1781 2405 te
1829 2351 2073 2422 decipiat

491 2449 634 2503 Deus
659 2457 810 2508 tuus,
849 2447 901 2500 in
931 2460 1041 2515 quo
1100 2452 1155 2497 tu
1216 2443 1463 2497 confisus
1507 2459 1587 2506 es,
1647 2442 1764 2498 fore
1797 2451 1858 2498 ut
1912 2453 2072 2498 eruat

489 2541 920 2610 Hierosolymam
959 2538 1026 2592 de
1073 2535 1335 2590 manibus
1393 2535 1556 2590 meis.
1600 2534 1862 2606 Nunquid
1909 2554 2070 2594 erue-

491 2645 617 2690 runt
671 2636 745 2689 dii
808 2633 1052 2703 gentium
1110 2629 1508 2698 unusquisque
1547 2636 1750 2682 terram
1789 2646 1944 2684 suam
2005 2635 2072 2687 de

486 2743 648 2781 manu
681 2727 838 2779 mea?
868 2727 958 2778 ubi
984 2725 1119 2778 deus
1151 2722 1368 2785 limath,
1404 2731 1457 2774 et
1487 2720 1579 2773 ubi
1623 2721 1760 2776 deus
1791 2723 2066 2793 Arphath,

484 2829 540 2874 et
588 2819 682 2873 ubi
730 2818 865 2874 deus
906 2818 1060 2871 urbis
1097 2811 1431 2884 Sepharim?
1471 2813 1718 2880 nunquid
1775 2823 2068 2883 potuerunt

484 2924 680 2964 eruere
719 2909 1021 2962 Samariam
1045 2907 1113 2960 de
1151 2921 1318 2960 manu
1347 2919 1490 2965 mea,
1524 2911 1583 2954 ut
1626 2904 1960 2959 liberaturus
1999 2907 2070 2959 sit

487 3001 753 3055 Dominus
803 3000 1239 3068 Hierosolymam
1281 2999 1349 3053 de
1381 3015 1549 3052 manu
1584 3013 1704 3052 mea
1728 2997 1788 3050 οἳ
1821 3016 1839 3047 ι
1867 2996 2065 3051 Verum

2177 526 2320 590 θεοῖς
2341 528 2404 580 οὐ
2431 527 2802 600 προσφέρουσι
2831 545 2845 560 °
2882 529 3098 598 καὶτῆς
3132 529 3338 594 εἰκόνος
3371 531 3428 584 δὲ
3461 532 3560 604 τὴν
3587 551 3758 606 προσ-

2178 619 2425 690 κύνησιν,
2458 622 2524 690 ἠν
2555 621 2795 684 ἅπαντες
2862 623 2909 674 οἰ
2945 623 3240 692 ἀρχόμενοι
3268 627 3756 696 προσενηνόχασιν,

2178 713 2494 783 ἠρνήθησαν
2525 713 2838 785 προφανῶς.
2885 715 3104 768 τούτων
3151 715 3390 778 ἀκούσας
3411 720 3440 770 6
3466 718 3760 788 φρενοϐλα-

2177 805 2276 874 ϐὴς
2325 806 2546 863 ἐκεῖνος’
2599 804 2868 874 βασιλεὺς,
2903 807 2998 859 καὶ
3049 807 3440 877 ἐπιλαθόμενος
3492 809 3602 861 τῶν
3664 811 3759 863 ὑπ’

2177 896 2341 948 αὑτοῦ
2383 897 2520 967 πρὸς
2547 897 2636 948 τὸν
2663 897 2860 968 Δανιὴλ
2895 898 3204 968 εἰρημένων
3223 938 3238 964 ,
3277 917 3294 950 ι
3342 898 3460 951 Ἐπ’
3489 899 3758 970 ἀληθείας

2176 991 2204 1041 6
2234 988 2367 1050 Θεὸς
2411 987 2568 1058 ὑμῶν
2591 981 2745 1050 οὗτός
2781 991 2896 1041 ἐστι
2924 989 3057 1052 Θεὸς
3095 989 3203 1042 τῶν
3239 989 3397 1056 θεῶν,
3422 992 3517 1044 καὶ
3549 992 3758 1063 Κύριος

2175 1079 2282 1132 τῶν
2315 1079 2600 1148 βασιλέων,
2646 1099 2664 1130 ι
2696 1080 2818 1147 ἄγει
2873 1081 3002 1142 τοὺς
3034 1080 3230 1150 ἄνδρας
3271 1081 3352 1144 εἰς
3385 1081 3584 1151 μέσον·
3621 1099 3759 1137 πυν-

2178 1170 2397 1224 θάνεται
2425 1171 2500 1235 δὲ,
2527 1173 2574 1224 εἰ
2603 1170 2681 1242 τῷ
2701 1171 2816 1224 όντι
2842 1159 3117 1225 κοινωνεῖν
3160 1172 3310 1242 αὐτῷ
3345 1173 3444 1244 τῆς
3476 1173 3586 1226 τῶν
3617 1174 3756 1228 θεῶν

2175 1265 2275 1317 οὐκ
2310 1264 2552 1317 ἐθέλουσι
2591 1264 2909 1337 θεραπείας,
2979 1265 3076 1318 καὶ
3127 1267 3225 1335 τῆς
3249 1267 3458 1330 εἰκόνος
3489 1266 3754 1336 φεύγουσι

2175 1359 2273 1428 τὴν
2302 1357 2692 1427 προσκύνησιν.
2752 1353 2884 1410 Εἶτα
2935 1360 3193 1428 παραινεῖ
3243 1359 3337 1410 καὶ
3395 1358 3755 1429 συμϐουλεύει

2175 1448 2334 1500 τοῦτο
2383 1450 2577 1512 ποιεῖν,
2635 1450 2701 1519 τῇ
2750 1448 2846 1500 τοῦ
2893 1448 3064 1519 πυρὸς
3123 1449 3318 1520 ἀπειλῇ
3359 1449 3753 1520 δεδιττόμενος.

2183 1560 2200 1590 ι
2257 1540 2382 1592 Ἐὰν
2433 1540 2543 1608 γὰρ
2601 1540 2675 1609 μὴ
2721 1540 3139 1610 προσκυνήσητε
3170 1540 3248 1605 ⁸⁸,
3303 1541 3440 1611 αὐτῇ
3502 1544 3568 1612 τῇ
3633 1541 3755 1614 ὥρα

2176 1629 2586 1701 ἐμδληθήσεσθε
2624 1631 2705 1693 εἰς
2750 1630 2850 1700 τὴν
2892 1631 3124 1700 κάμινον
3153 1630 3248 1684 τοῦ
3283 1631 3455 1702 πυρός
3482 1631 3580 1704 τὴν
3601 1649 3758 1687 καιο-

2181 1722 2366 1791 μένην.
2405 1742 2422 1772 ι
2462 1723 2693 1776 Ἔπειτα
2717 1722 2818 1792 τὴν
2863 1722 3101 1794 ἄρρητον
3135 1721 3352 1792 ἐκείνην
3387 1724 3481 1776 καὶ
3512 1721 3754 1794 θηριώδη

2180 1815 2531 1885 βλασφημίαν
2561 1813 2769 1885 τολμᾷ·
2806 1833 2824 1865 ι
2863 1815 2972 1867 Καὶ
3023 1814 3107 1878 τίς
3157 1817 3302 1867 ἐστιν
3333 1818 3360 1868 6
3388 1815 3542 1879 Θεὸς.
3575 1817 3634 1881 ὃς
3669 1815 3760 1882 ἐξα

2177 1909 2378 1961 ελεῖται
2410 1909 2553 1975 ὑμᾶς
2583 1908 2646 1959 ἐκ
2680 1907 2787 1959 τῶν
2818 1907 2863 1938 ⁵³
2897 1905 3096 1980 χειρῶν
3133 1924 3264 1976 μους
3309 1927 3326 1960 ι
3353 1907 3509 1961 Οὕτω
3544 1908 3756 1978 ταχέως

2175 1999 2234 2052 ὃν
2285 1999 2636 2070 ὡμολόγησεν
2697 1999 3121 2069 ἐδλασφήμησε’
3183 2002 3274 2052 καὶ
3328 2000 3387 2052 ὃν
3419 2001 3568 2054 Θεὸν
3601 2000 3759 2069 θεᾶν

2177 2088 2503 2151 ἀπεκάλεσε,
2545 2090 2639 2142 καὶ
2669 2089 2956 2160 ἀνθρώπου
2993 2092 3037 2122 ⁸⁸
3070 2091 3455 2161 ἀσθενέστερον
3484 2091 3758 2144 ὑπέλαϐεν

2176 2175 2315 2234 εἶναι
2341 2198 2353 2210 ο
2388 2181 2444 2234 ὃν
2480 2183 2520 2213 ⁸⁸
2557 2182 2778 2249 Κύριον
2801 2181 3113 2244 ,βασιλέων
3138 2183 3566 2252 προσηγόρευσε.
3596 2184 3759 2255 νικᾷν

2175 2274 2202 2324 6
2231 2272 2460 2335 δείλαιος
2522 2273 2921 2326 ἐνεανιεύσατο.
2985 2273 3294 2342 Προγονικόι
3336 2274 3390 2326 δὲ
3431 2275 3577 2344 αὐτῷ
3604 2275 3649 2308 ⁸³
3689 2275 3760 2328 τὰ

2174 2362 2398 2415 τοιαῦτα
2432 2363 2756 2434 τολμήματα
2780 2381 2793 2393 ·
2831 2365 2924 2416 καὶ
2955 2364 3062 2433 γὰρ
3092 2366 3118 2415 6
3147 2364 3518 2433 Σενναχηρεὶμ
3551 2364 3759 2426 ἐκεῖνος

2177 2453 2437 2524 στρατείᾳ
2467 2455 2698 2524 μεγίστῃ
2762 2452 2906 2505 κατὰ
2950 2453 3048 2520 τῆς
3081 2453 3434 2523 Ἰερουσαλὴμ
3473 2453 3758 2526 χρησάμε-

2174 2566 2281 2610 νος,
2311 2547 2642 2599 ἐπιστέλλων
2665 2547 2742 2616 τῷ
2775 2546 2991 2615 Ἐζεκίᾳ
3015 2545 3237 2598 τοιαῦτα
3256 2543 3581 2613 ἐφθέγξατο·
3619 2565 3637 2594 ‹
3665 2546 3754 2616 Μή

2175 2657 2234 2691 σε
2264 2639 2528 2691 ἀπατάτω
2553 2640 2580 2691 6
2603 2637 2735 2700 Θεός
2766 2655 2882 2704 σου,
2911 2638 2995 2705 ἐφ’
3021 2630 3064 2704 ᾧ
3089 2638 3151 2689 σὺ
3175 2636 3441 2698 πέποιθας
3465 2637 3552 2687 ἐπ’
3584 2635 3752 2705 αὐτῷ,

2172 2731 2252 2782 ὅτι
2294 2732 2513 2799 ῥύσεται
2549 2725 2907 2796 Ἰερουσαλὴμ
2964 2727 3010 2757 ⁸³
3057 2727 3122 2777 ἐκ
3163 2723 3270 2776 τῶν
3307 2722 3505 2795 χειρῶν
3543 2722 3589 2756 ⁸⁸
3627 2740 3750 2792 μου.

2173 2820 2262 2891 Μὴ
2303 2819 2602 2890 ἐρρύσαντο
2635 2817 2748 2871 θεολ.
2807 2818 2915 2870 τῶν
2949 2815 3120 2868 ἐθνῶν
3157 2816 3387 2876 ἕκαστος
3430 2814 3528 2882 τὴν
3558 2813 3753 2865 ἑαυτοῦ

2173 2910 2356 2980 χώραν
2391 2913 2452 2962 ἐκ
2479 2909 2660 2980 χειρός
2703 2926 2846 2978 μου;
2908 2909 3013 2961 ποῦ
3045 2911 3072 2960 6
3119 2906 3236 2969 θεὸς
3283 2907 3477 2977 Ἐμὰθ,
3515 2907 3608 2960 καὶ
3648 2906 3752 2960 ποῦ

2170 3006 2198 3055 6
2223 3002 2341 3064 θεὸς
2365 3000 2593 3073 Ἀρφάθ,
2621 3000 2715 3052 καὶ
2738 3000 2840 3052 ποῦ
2863 3003 2890 3052 6
2915 2999 3033 3062 θεὸς
3063 3000 3160 3065 τῆς
3190 2999 3395 3060 πόλεως
3425 2997 3750 3070 Σεπφαρίμ;

484 3091 667 3146 statim
705 3089 1055 3159 blasphemia:
1083 3088 1304 3157 prsemia
1327 3089 1474 3152 tulit,
1503 3099 1557 3143 et
1579 3089 1754 3141 multa
1779 3087 1872 3141 illa
1899 3088 2065 3140 millia

2176 3094 2250 3165 μὴ
2283 3093 2623 3164 ἠδυνήθησαν
2658 3092 2922 3163 ῥύσασθαι
2965 3092 3276 3162 Σαμάρειαν
3311 3093 3375 3145 ἐκ
3401 3092 3581 3162 χειρός
3623 3109 3750 3162 μου,

483 3183 553 3237 ab
583 3197 697 3236 uno
755 3182 952 3251 angelo
1005 3179 1299 3234 interfecta
1347 3187 1497 3234 sunt.
1536 3179 1603 3233 Et
1644 3180 1785 3250 ipse,
1845 3195 1969 3234 cum
2012 3195 2072 3235 se

473 3275 634 3345 fugae
668 3272 1061 3335 commisisset,
1088 3286 1263 3341 seque
1285 3271 1338 3324 in
1368 3272 1609 3341 patriam
1643 3269 1976 3340 recepisset,
2005 3272 2074 3326 ab

483 3365 554 3434 iis
575 3380 714 3434 quos
731 3372 993 3434 genuerat
1023 3361 1354 3416 interfectus
1384 3372 1489 3417 est.
1508 3360 1646 3414 Nam
1672 3362 1799 3431 quia
1831 3361 2071 3430 linguam

480 3463 675 3507 contra
705 3452 970 3522 Opificem
1002 3451 1147 3504 haud
1181 3450 1482 3516 continuit,
1503 3451 1572 3505 ab
1601 3451 1914 3506 hominibus
1931 3467 2072 3520 quos

482 3553 900 3614 procreaverat,
953 3543 1250 3598 occiditur.
1296 3541 1500 3596 Verum
1550 3557 1621 3597 ne
1685 3542 1790 3596 hoc
1846 3543 2068 3612 quidem

480 3637 789 3706 exemplum
820 3633 1401 3690 Nabuchodonosoris
1429 3635 1672 3704 linguam
1706 3635 2068 3704 compescuit,

481 3741 663 3796 neque
709 3726 986 3780 somnium
1023 3724 1179 3789 illud,
1227 3725 1375 3794 quod
1428 3741 1619 3794 regum
1675 3725 2070 3781 successiones

482 3817 741 3880 ostendit,
768 3817 1161 3886 sapientiorem
1193 3833 1319 3873 esse
1354 3817 1570 3882 docuit,
1602 3818 1696 3872 sed
1731 3826 1926 3873 contra
1950 3821 2068 3889 Opi-

481 3909 639 3963 ficem
672 3922 834 3962 suum
865 3905 1058 3962 furore
1108 3907 1358 3964 insanire
1406 3908 1816 3978 perseverabat.
1860 3909 2066 3964 Contra

477 4014 640 4069 quem
687 3997 830 4054 Deus
881 3999 1110 4054 instruit
1133 4000 1301 4054 veluti
1338 3999 1394 4054 in
1435 3999 1576 4063 acie,
1620 4015 1728 4053 non
1784 4000 2062 4070 angelum,

477 4091 626 4161 quod
653 4107 785 4163 erga
817 4089 1316 4146 Sennacherimum
1350 4091 1576 4158 fecerat,
1602 4091 1696 4146 sed
1729 4099 1844 4148 tres
1876 4093 2064 4148 adole.

478 4191 699 4239 scentes
745 4183 1018 4254 captivos,
1050 4188 1300 4237 exteram
1341 4182 1623 4250 regionem
1675 4180 1920 4237 incolere
1963 4197 2060 4237 co-

2178 3187 2258 3240 ὅτι
2288 3186 2511 3256 ῥύσεται
2539 3184 2743 3255 Κύριος
2769 3184 2868 3254 τὴν
2900 3182 3251 3254 Ἰερουσαλὴμ
3281 3183 3344 3236 ἐκ
3372 3183 3553 3253 χειρός
3573 3199 3673 3251 μου
3699 3197 3748 3245 ς»

2190 3279 2328 3332 Ἀλλ’
2364 3278 2642 3341 εὐθὺςκαὶ
2675 3275 3018 3347 παραχρῆμα
3075 3273 3233 3328 ἔλαϐε
3251 3273 3350 3343 τῆς
3401 3271 3753 3342 βλασφημίας

2174 3371 2242 3424 τὰ
2268 3371 2541 3440 ἐπίχειρα,
2574 3369 2669 3423 καὶ
2699 3371 2754 3421 αἱ
2784 3368 2974 3421 πολλαὶ
3006 3367 3104 3436 μὲν
3138 3368 3342 3419 ἐκεῖναι
3372 3365 3631 3435 μυριάδες
3660 3364 3752 3433 ὑφ’

2175 3459 2292 3524 ἐνὸς
2315 3458 2657 3531 ἀνῃρέθησαν
2690 3457 2925 3526 ἀγγέλου
2957 3476 2970 3490 ο
3006 3456 3167 3516 αὐτδς
3189 3456 3244 3508 δὲ
3278 3453 3486 3524 φυγὼν,
3522 3454 3616 3506 καὶ
3649 3455 3754 3525 τὴν

2173 3549 2532 3618 ἐννεγκοῢσαν
2571 3547 2927 3613 καταλαϐὼν,
2990 3547 3232 3615 σφαγέας
3287 3543 3379 3608 οὒς
3436 3545 3750 3614 ἐγέννησεν,

2172 3641 2422 3712 ἔσχηκεν.
2469 3640 2684 3708 Ἐπειδὴ
2717 3641 2824 3712 γὰρ
2854 3640 2994 3692 κατὰ
3021 3638 3110 3692 τοῦ
3136 3637 3364 3704 Ποιητοῦ
3389 3637 3487 3708 τὴν
3507 3636 3753 3704 γλῶτταν

2171 3731 2412 3800 ἐκίνησε,
2443 3729 2657 3798 δέχεται
2696 3729 2794 3798 τὴν
2828 3729 3040 3800 σφαγὴν
3070 3729 3222 3800 παρά
3261 3726 3563 3799 ἀνθρώπων
3594 3725 3687 3789 οὓς
3703 3726 3750 3758 ⁸⁸

2171 3819 2480 3890 ἐγέννησεν.
2523 3818 2666 3870 Ἀλλ’
2698 3817 2818 3871 οὐδὲ
2870 3817 3061 3872 τούτου
3089 3819 3135 3851 ⁸⁸
3161 3817 3224 3870 τὸ
3273 3815 3624 3887 παράδειγμα
3650 3813 3747 3868 τοῦ

2170 3907 2642 3979 Ναϐουχοδονόσορ
2706 3907 2998 3978 ἐχαλίνωσε
3047 3906 3144 3976 τὴν
3197 3905 3462 3974 γλῶτταν,
3516 3902 3639 3956 οὔτε
3687 3901 3750 3954 τὸ

2168 3999 2418 4053 ἐνύπνιον
2451 4001 2626 4054 ἐκεῖνο
2667 3998 2764 4059 τὰς
2793 3997 2900 4050 τῶν
2937 3996 3201 4067 βασιλέων
3245 3992 3528 4057 ὑποδεῖξαι)
3575 3992 3749 4045 διαδο-

2166 4090 2266 4162 χάς
2289 4090 2486 4154 ἐδίδαξε
2514 4091 2829 4160 σωφρονεῖν,
2860 4087 2973 4141 ἀλλ’
3003 4087 3186 4158 ἔμεινε
3217 4083 3360 4140 κατά
3391 4083 3486 4138 τοῦ
3518 4099 3749 4151 πεποιη-

2165 4185 2322 4248 κότος
2348 4181 2556 4237 λυττῶν
2583 4199 2597 4211 °
2631 4181 3044 4252 ἀντιστρατεύει
3075 4181 3133 4233 δὲ
3178 4178 3328 4248 αὐτῷ
3356 4179 3385 4230 6
3412 4175 3542 4240 Θεὸς
3565 4175 3610 4208 ⁸⁷
3643 4174 3747 4228 οὐκ

477 4283 654 4340 actos,
679 4274 775 4345 qui
805 4272 1089 4328 servitutis
1132 4273 1270 4343 jugo
1313 4273 2057 4344 premebantur,juvcnilem

2175 4275 2394 4345 Ξγγελον
2446 4275 2603 4346 (ὅπερ
2637 4274 2681 4306 ⁸⁸
2728 4273 2819 4326 ἐπὶ
2841 4270 2935 4326 τοῦ
2993 4268 3366 4341 Σενναχηρεὶμ
3403 4267 3612 4321 ἐκείνου
3646 4281 3747 4320 πε-

475 4368 743 4421 ducentes
790 4372 1031 4429 atatem,
1063 4364 1119 4419 in
1173 4365 1300 4435 ipso
1331 4364 1502 4420 veluti
1540 4366 1719 4420 aetatis
1762 4381 1907 4421 vere.
1939 4365 2054 4438 [16]

2175 4367 2438 4438 ποίηκεν),
2485 4366 2624 4421 ἀλλά
2674 4367 2801 4436 τρία
2837 4366 3103 4436 παιδάρια
3153 4364 3473 4435 αἰχμάλωτα
3522 4363 3589 4425 ⁸⁸,
3643 4357 3746 4430 τὴν

476 4455 542 4510 lli
573 4456 743 4518 enim,
801 4455 968 4510 simul
1019 4464 1186 4525 atque
1233 4456 1532 4510 audierunt
1568 4455 1778 4510 rabiem
1827 4456 1977 4509 illam
2007 4467 2059 4511 et

2175 4459 2324 4531 Ξένην
2346 4461 2514 4513 οἰκεῖν
2539 4457 2952 4528 ἠναγκασμένα,
2989 4457 3080 4510 τὴν
3115 4457 3214 4526 τῆς
3249 4455 3492 4516 δουλείας
3515 4452 3744 4506 ἕλκοντα

473 4549 732 4604 insanum
777 4547 1158 4611 maledictum,
1209 4545 1506 4602 iracundia
1560 4553 1614 4600 et
1672 4545 2058 4616 indignatione

2175 4552 2350 4619 ζυγὸν,
2377 4551 2507 4604 νέαν
2531 4552 2732 4614 ἄγοντα
2747 4548 2847 4620 τὴν
2872 4549 3108 4620 ἡλικίαν,
3132 4549 3188 4601 ἐν
3222 4547 3368 4618 αὐτῷ
3394 4547 3524 4600 ὄντα
3554 4545 3676 4614 ἔαρι
3693 4544 3742 4575 το

473 4638 673 4708 perciti
709 4639 923 4707 ιιιο
957 4637 1031 4691 ita
1066 4637 1181 4709 regi
1233 4639 1644 4708 responderunt
1679 4656 1692 4692 :
1735 4655 1754 4690 ι
1796 4637 1915 4694 Non
1957 4655 2056 4694 ne-

2175 4642 2252 4696 τοῦ
2287 4643 2480 4714 χρόνου
2507 4659 2522 4672 ·
2557 4633 2704 4693 οὗτοι
2737 4640 2845 4711 γὰρ
2889 4638 3204 4711 παραυτίκα
3234 4638 3334 4709 τῆς
3363 4635 3560 4706 λύττης
3591 4632 3741 4687 ἐκεί-

471 4743 631 4784 cesse
658 4728 928 4784 habemus
964 4744 1066 4784 nos
1089 4729 1155 4785 de
1187 4731 1362 4785 verbo
1387 4731 1498 4786 isto
1524 4729 1864 4800 respondere
1887 4730 2010 4785 tibi.
2028 4747 2047 4780 ο

2175 4750 2257 4802 an;
2291 4733 2384 4785 xui.
2416 4731 2649 4802 μανικῆς
2675 4730 3020 4802 βλασφημίας
3061 4731 3413 4794 ἀκούσαντες,
3437 4725 3611 4798 θυμοῦ
3646 4724 3744 4778 καὶ

473 4816 920 4889 Supervacanea,
943 4819 1116 4883 aiunt,
1146 4819 1253 4876 ista
1279 4830 1374 4875 tua
1405 4827 1490 4876 est
1519 4821 1890 4890 percontatio.
1923 4819 2058 4886 Quae

2175 4824 2321 4894 ζήλου
2346 4822 2575 4893 πλήρεις
2603 4821 2870 4890 ἐγένοντο,
2911 4822 3006 4874 καὶ
3035 4819 3434 4893 ἀπεκρίθησαν,
3465 4816 3558 4872 καὶ
3583 4811 3743 4869 εἶπον

470 4911 620 4963 enim
660 4909 1060 4976 sentiebamus,
1099 4911 1268 4965 etiam
1303 4925 1457 4965 nunc
1492 4909 1792 4978 sentimus,
1828 4900 1897 4967 et'
1926 4925 2056 4982 pro-

2175 4914 2234 4986 τῷ
2289 4913 2527 4983 βασιλεῖ·
2570 4931 2588 4964 ι
2626 4914 2701 4966 υύ
2750 4913 2934 4984 χρείαν
3001 4911 3197 4984 ἔχομεν
3241 4912 3405 4981 ἡμεῖς
3459 4908 3589 4978 περὶ
3640 4905 3738 4961 τοῦ

471 5006 595 5068 pter
621 5006 749 5055 tuas
778 5000 958 5056 minas
985 5001 1147 5072 plane
1168 5017 1279 5056 non
1303 5001 1746 5057 immutabimur.

2175 5005 2400 5074 βήματος
2425 5001 2614 5056 τούτου
2647 5003 3010 5075 ἀποκριθῆναί
3040 5018 3143 5056 σοι.
3186 5019 3206 5052 ι
3250 4997 3509 5073 Περιττὴ,
3545 4996 3736 5066 φησὶν.

471 5095 507 5163 ἡ
551 5091 742 5156 πεῦσις
781 5095 817 5162 ή
876 5095 1026 5164 παρά
1065 5096 1159 5148 σοῦ
1208 5097 1340 5166 ἡμῖν
1380 5095 1766 5170 προσαγομένη
1802 5097 1881 5129 ’ίο
1921 5096 1956 5152 ἃ
1996 5114 2104 5169 γαρ
2157 5095 2511 5169 ἐφρονοῦμεν,
2565 5098 2659 5150 καὶ
2705 5097 2750 5167 ’ξ’
2802 5097 2898 5151 νῦν
2954 5093 3276 5168 φρονοῦμεν,
3334 5093 3429 5148 καὶ
3475 5087 3736 5158 οὐδεμίαν

478 5185 782 5256 μεταϐολὴν
809 5187 876 5238 ἐκ
905 5186 1014 5238 τῶν
1049 5187 1158 5239 σῶν
1184 5186 1425 5240 ἀπειλῶν
1457 5185 1757 5258 δεξόμεθα..
1783 5207 1788 5211 ·

560 5301 711 5356 ειεε.
740 5311 950 5366 xxxv",
982 5301 1048 5355 l0
1081 5319 1271 5376 seqq.;
1306 5304 1432 5358 coll.
1469 5299 1536 5355 iV
1562 5300 1694 5374 Reg.
1724 5318 1836 5369 xix,
1864 5301 1932 5358 l0
1966 5318 2087 5389 sqq.

1807 5387 2040 5470 nam
2083 5385 2484 5468 LECTIONES.

540 5507 586 5538 ³⁸
620 5523 714 5578 πρ.
744 5504 799 5578 ,Α
841 5501 1064 5578 ειμι-τῇ
1097 5503 1356 5578 εἰκόνι-τῇ
1383 5507 1613 5578 χρυσῇη-
1656 5506 1702 5578 ff
1734 5504 1871 5578 τῶν.Δ
1898 5505 2029 5578 Des_._
2046 5501 2100 5578 i_n
2133 5502 2196 5578 Α.
2227 5569 2246 5578 _
2295 5500 2339 5578 ξ’
2368 5501 2410 5553 Β
2439 5499 2760 5578 ἀνθρωπων,
2809 5501 3012 5578 omisso
3039 5502 3150 5578 καί.
3176 5570 3198 5578 Α
3229 5501 3270 5578 ‘_'
3303 5500 3456 5578 6v.__B
3483 5500 3614 5578 add.
3648 5499 3730 5578 δέ.

467 5578 578 5642 n‘B
606 5565 794 5630 αδτοῦ.
861 5573 906 5604 υ
946 5565 1073 5644 οιερξ
1135 5575 1173 5627 Β
1210 5565 1356 5628 add."
1383 5565 1623 5646 ’ἱεῆν,’”⁶δ
1656 5574 1697 5632 Β
1721 5575 1922 5673 χειρός.
1987 5574 2031 5604 ⁵⁵
2055 5574 2096 5627 Β
2153 5569 2380 5640 ἀνδρῶν,
2434 5565 2509 5623 ὧν
2541 5565 2552 5572 ’
2607 5571 2650 5603 ⁸⁸
2687 5571 2724 5623 Β
2775 5571 2949 5624 τοῦτο.
3035 5573 3077 5603 ⁸⁷
3105 5575 3132 5625 6
3163 5570 3314 5629 Θεός.
3374 5569 3448 5624 Ex
3481 5569 3520 5623 Β
3547 5571 3726 5640 suppl.

467 5647 509 5673 ea
545 5647 582 5673 n
618 5645 805 5673 ,ξφ-..Α
905 5643 949 5673 κ
981 5647 1107 5673 ..ιυη
1167 5642 1216 5673 ἰι
1246 5644 1346 5673 ...Μ
1401 5645 1700 5673 πηνιὶμ-..
1835 5645 1856 5673 ο
1879 5643 1992 5673 ι--.
2055 5642 2091 5673 n
2122 5655 2283 5673 ηνωηι
2337 5639 2413 5673 σε.
2541 5641 2582 5671 τι
2624 5640 3094 5673 η-Αμ,ρν.ερ.-..ἐ..-
3225 5643 3271 5673 τι
3296 5641 3388 5673 υηι
3462 5638 3501 5673 n
3537 5654 3700 5673 man...

466 5639 522 5677 ⁸⁸
616 5645 825 5712 ὥσπερ.
905 5643 949 5675 ⁸⁸
980 5638 1133 5715 αἰχμ.
1167 5642 1218 5695 ’Β
1245 5644 1370 5698 add.
1400 5638 1754 5715 66951100121."
1811 5638 1856 5673 ⁷ο
1878 5643 2019 5712 ἔαρι.
2053 5642 2092 5696 Β
2119 5638 2306 5712 praem.
2337 5639 2431 5708 τῷ.
2541 5641 2582 5671 ⁷⁸
2623 5641 2658 5692 Β
2680 5640 3120 5712 προσφερομένη.
3225 5643 3271 5673 τ’
3296 5641 3408 5695 καί.
3460 5638 3501 5692 Β
3534 5638 3725 5711 prem.

467 5731 660 5767 ταυτα.
