4070 6428
299 423 434 488 1321

1547 419 1629 479 ΙΝ
1669 415 2026 478 DANIELIS
2052 415 2207 475 CAP.
2246 414 2336 476 ΙΙΙ
2362 430 2382 453 '

3437 413 3575 478 1322

373 541 460 605 ιζ’,
504 559 524 593 ι
567 540 724 593 Ἐστι
754 539 862 610 γὰρ
905 541 934 592 ὁ
978 537 1111 602 Θεὸς
1163 535 1319 608 ἡμῶν
1367 536 1423 590 ἐν
1454 534 1704 603 οὐρανοῖς
1734 533 1803 597 ⁷³,
1837 524 1881 600 ᾧ

2059 527 2227 584 Vens.
2267 530 2354 583 Π.
2397 548 2414 582 ‹
2453 527 2548 585 Est
2588 529 2736 584 enim
2773 528 2922 586 Deus
2957 537 3150 586 noster
3190 530 3244 583 in
3283 528 3444 592 coelo,
3483 530 3577 584 cui

294 631 465 702 ἡμεῖς
491 628 854 702 λατρεύομεν,
889 629 1116 691 δυνατὸς
1177 623 1456 692 ἐξελέσθαι
1491 626 1642 696 ἡμᾶς
1691 626 1756 677 ἐκ
1788 626 1889 694 τῆς

289 720 533 792 καμίνου
566 720 662 773 τοῦ
685 719 858 791 πυρὸς
877 719 976 789 τῆς
1010 716 1328 788 καιομένης,
1351 715 1444 770 καὶ
1471 716 1536 768 ἐκ
1557 714 1664 768 τῶν
1690 712 1890 786 χειρῶν

295 831 422 877 σου,
488 812 736 883 βασιλεῦ,
783 813 1008 883 ῥύσεται
1043 811 1212 882 ἡμᾶς.
1252 827 1271 860 ι
1305 808 1402 871 Τίς
1428 805 1529 860 οὐκ
1563 805 1629 861 ἂν
1662 806 1890 869 είκότως

279 907 603 979 ἐκπλαγείη
642 907 754 960 τῶν
791 905 1076 977 μακαρίων
1097 903 1304 957 τούτων
1322 901 1460 955 νέων
1490 899 1591 970 τὴν
1610 898 1884 969 ἀνδρείαν,

291 997 398 1069 τὴν
431 997 647 1067 σοφίαν,
708 996 809 1067 τὴν
869 994 1172 1058 εὐσέϐειαν,
1210 992 1312 1063 τὴν
1363 991 1491 1060 περὶ
1526 990 1653 1054 τοὺς
1690 989 1890 1059 νόμους

289 1089 668 1157 δικαιοσύνην,
695 1087 796 1158 τὴν
842 1085 969 1156 περὶ
1007 1086 1186 1138 πάντα
1235 1082 1630 1152 σωφροσύνην;
1665 1081 1739 1135 Τὸ
1789 1080 1886 1151 μὲν

290 1181 410 1251 γὰρ
431 1179 505 1250 μὴ
535 1178 960 1248 καταπλαγῆναι
977 1177 1070 1231 τὸν
1098 1175 1350 1231 τοσοῦτον
1367 1176 1574 1229 ἐκεῖνον
1591 1173 1852 1245 τύραννον
1867 1211 1883 1237 ,

295 1275 442 1343 μετὰ
481 1274 721 1334 πάντων,
772 1271 849 1334 ὡς
896 1271 1026 1333 ἔπος
1075 1270 1271 1332 είπεῖν,
1320 1265 1622 1338 ἀνθρώπων
1673 1267 1886 1319 ἀντιτε-

286 1364 590 1434 ταγμένον,
622 1361 716 1414 καὶ
741 1361 840 1431 τὴν
863 1360 1126 1429 μεγίστην
1143 1357 1361 1426 ἐκείνην
1388 1356 1587 1429 πυρὰν,
1613 1355 1676 1408 οὐ
1707 1353 1886 1422 λόγοις

289 1453 464 1523 μόνον
518 1447 942 1518 ἀπειλουμένην,
985 1444 1124 1499 ἀλλά
1143 1444 1240 1498 καὶ
1272 1441 1580 1514 ὁρωμένην,
1616 1439 1716 1512 τὴν
1753 1438 1885 1493 ἀδά-

293 1559 506 1614 μαντος
547 1539 907 1610 στερροτέραν
952 1536 1134 1598 αὐτοῖς
1194 1534 1444 1605 ἀνδρείαν
1492 1533 1779 1604 μαρτυρεῖ.
1811 1528 1884 1583 Τὸ

279 1635 351 1688 δὲ
404 1636 529 1697 τοὺς
589 1632 768 1695 θείους
822 1630 1016 1699 νόμους
1058 1628 1160 1697 τῆς
1217 1625 1498 1697 παρούσης
1549 1625 1884 1697 προτιμῆσαι

288 1724 471 1796 ζωῆς,
493 1723 651 1786 ποίας
680 1720 1026 1791 δικαιοσύνης
1059 1717 1368 1790 ὑπερϐολὴν
1394 1716 1707 1770 καταλείπει
1733 1733 1748 1782 ;
1771 1713 1884 1785 Τὴν

281 1814 349 1868 se
382 1811 739 1884 σωφροσύνην
765 1808 945 1864 αὐτῶν
966 1808 1248 1879 κηρύττει,
1265 1807 1325 1860 τὺ
1346 1807 1482 1877 μήτε
1500 1805 1726 1877 θρασέσι
1743 1804 1883 1858 κατά

289 1905 391 1959 τοῦ
425 1904 691 1974 βασιλέως
717 1899 1027 1974 χρήσασθαι
1088 1899 1289 1967 λόγοις,
1346 1899 1483 1970 μήτε
1522 1897 1694 1968 δειλίᾳ
1719 1896 1882 1950 πάλιν

292 1994 658 2065 καταισχῦναι
689 1994 751 2045 τὸ
807 1992 997 2060 γένος’
1037 1991 1136 2062 τὴν
1165 1989 1222 2042 δὲ
1265 1989 1528 2060 φρόνησιν
1568 1988 1664 2042 καὶ
1690 1988 1883 2057 σοφίαν

291 2090 462 2159 ήτοίς
498 2083 786 2139 δυσσεὸἑσι
817 2082 911 2138 καὶ
943 2082 1286 2153 βλασφήμοις
1327 2080 1506 2149 λόγοις
1546 2079 1884 2134 ἀντιτεθεῖσα

294 2177 586 2232 εὐσέϐεια.
629 2177 687 2228 '0
727 2175 826 2246 μὲν
881 2173 990 2244 γὰρ
1040 2172 1190 2241 ιλεγε
1217 2188 1230 2204 ·
1265 2189 1284 2223 ι
1318 2171 1414 2235 Τίς
1462 2173 1578 2224 ἐστι
1625 2170 1776 2235 Θεὸς,
1822 2169 1884 2232 δς

288 2267 566 2332 ἐξελεῖται
595 2265 740 2334 ὑμᾶς
769 2265 834 2316 ἐκ
864 2261 974 2316 τῶν
1019 2259 1217 2332 χειρῶν
1253 2275 1389 2332 μους
1426 2277 1445 2310 ι
1480 2260 1545 2314 Ol
1589 2259 1645 2312 δὲ
1671 2259 1838 2312 ἐϐόων
1862 2275 1878 2290 ·

289 2377 320 2411 Δε
363 2359 556 2411 Ἔστιν
575 2357 604 2408 ὁ
627 2355 760 2418 Θεὸς
781 2352 940 2424 ἡμῶν
961 2354 1019 2405 ἐν
1048 2352 1317 2423 οὐρανοῖς,
1352 2345 1397 2419 ᾧ
1427 2352 1587 2420 ἡμεῖς
1618 2349 1880 2420 λατρεύο-

294 2466 425 2521 μεν,
480 2446 706 2508 δυνατὸς
761 2443 1044 2508 ἐξελέσθαι
1098 2443 1246 2513 ἡμᾶς
1293 2443 1358 2494 ἐκ
1385 2443 1483 2509 τῆς
1525 2441 1758 2512 καμίνου
1783 2439 1883 2493 τοῦ

293 2539 474 2611 πυρὸς
504 2539 602 2607 τῆς
631 2536 954 2606 καιομένης,
987 2533 1078 2587 καὶ
1131 2535 1196 2586 ἐκ
1225 2533 1335 2587 τῶν
1362 2533 1561 2602 χειρῶν
1579 2549 1694 2596 σου,
1731 2531 1883 2601 βασι-

287 2629 420 2695 λεῦ,
453 2629 676 2701 ῥύσεται
709 2628 877 2698 ἡμᾶς.
911 2643 930 2679 t
968 2627 1060 2696 Μὴ
1101 2625 1210 2696 γὰρ
1236 2625 1283 2656 ⁷⁸
1310 2625 1535 2694 νομίσῃς
1576 2623 1668 2677 τὸν
1693 2623 1884 2693 ἡμέτε-

285 2737 394 2790 ρον
421 2719 556 2772 Θεὸν
581 2719 696 2780 τοῖς
717 2719 830 2778 σοῖς
849 2715 1085 2769 ἐοικέναι
1113 2715 1278 2778 θεοῖς.
1329 2711 1583 2768 Ἐκείνων
1603 2713 1713 2783 γάρ
1739 2714 1884 2767 είκό-

294 2827 408 2872 τως
439 2809 820 2878 καταφρονεῖς,
863 2805 923 2870 ἐξ
957 2804 1087 2874 ὕλης
1119 2821 1180 2858 τε
1213 2804 1309 2858 καὶ
1345 2803 1541 2874 τέχνης
1569 2803 1884 2874 ἐσχηκότων

293 2902 359 2954 τὸ
392 2896 534 2954 εἶναι
558 2913 571 2928 ⁸
593 2899 624 2952 ό
653 2898 711 2952 δέ
745 2897 1016 2968 ἡμέτερος
1077 2897 1230 2959 Θεὸς.
1265 2894 1496 2967 οὐρανοῦ
1536 2911 1597 2948 τε
1635 2896 1730 2949 καὶ
1757 2896 1881 2965 γῆς,

290 2991 396 3044 καὶ
443 2988 557 3042 τῶν
616 2989 874 3043 ἁπάντων
928 2985 1288 3057 Δημιουργδς,
1335 2985 1566 3057 δύναμιν
1611 2985 1770 3057 ἔχων,
1816 2988 1884 3058 ἢν

285 3080 540 3135 δείκνυσι
580 3079 650 3133 τὰ
676 3078 950 3150 ὁρώμενα.
984 3079 1096 3149 Τὴν
1124 3077 1234 3148 γὰρ
1266 3077 1404 3148 ὑπὲρ
1430 3077 1604 3130 ταῦτα
1633 3080 1744 3140 τοῖς
1775 3077 1886 3131 τῶν

1995 637 2096 677 nos
2125 623 2420 689 servimus,
2455 629 2652 691 potens
2683 623 2899 691 eripere
2937 638 3039 676 nos
3068 637 3099 677 e
3141 621 3371 675 fornace
3434 621 3580 690 ignis

1994 713 2241 774 ardente.
2275 720 2328 766 et
2351 727 2417 766 ex
2447 712 2741 767 manibus‘
2780 712 2914 778 tuis,
2948 729 2981 767 ο
3007 728 3129 779 rex,
3182 728 3284 768 nos
3332 720 3512 768 eruet.
3555 731 3574 764 ι

1992 803 2131 870 Quis
2165 819 2272 858 non
2305 803 2434 872 jure
2463 804 2827 873 Obstupescat
2872 804 3182 859 admiratus
3224 805 3419 859 horum
3453 805 3581 860 bea-

1991 902 2174 950 torum
2209 894 2478 964 juvenum
2533 893 2940 960 fortitudinem,
2995 895 3348 965 sapientiam,
3400 897 3581 966 picta.

1993 996 2124 1052 tem,
2185 1000 2314 1056 erga
2355 985 2508 1055 leges
2554 985 2835 1054 justitiam
2861 1025 2876 1046 ,
2904 986 3274 1056 omnibusque
3302 987 3358 1041 in
3411 987 3578 1041 rebus

1989 1076 2432 1132 continentiam?
2458 1075 2618 1141 Quod
2648 1075 2794 1130 enim
2837 1076 3066 1131 minime
3099 1077 3260 1131 veriti
3289 1084 3422 1132 sunt
3445 1083 3580 1131 tan-

1989 1176 2104 1222 tum
2137 1168 2291 1223 illum
2326 1175 2650 1238 tyrannum,
2693 1166 2789 1235 qui
2821 1181 2948 1219 cum
2986 1167 3246 1222 omnibus
3284 1181 3580 1237 propemo-

1987 1259 2121 1314 dum
2151 1257 2477 1313 hominibus
2513 1273 2638 1314 sese
2678 1258 2791 1312 illis
2817 1267 3183 1329 Opposuerat,
3225 1273 3407 1328 neque
3455 1274 3575 1313 ma-

1987 1351 2187 1404 ximam
2218 1349 2368 1403 illam
2403 1362 2622 1419 pyram,
2655 1363 2769 1402 non
2799 1347 3114 1402 minacibus
3148 1355 3361 1401 tantum
3387 1348 3575 1404 verbis

1986 1440 2056 1495 ad
2083 1448 2354 1496 terrorem
2425 1439 2800 1509 propositam,
2840 1437 2938 1493 sed
2975 1452 3167 1493 revera
3188 1447 3572 1506 conspectam,

1985 1531 2093 1586 hoc
2167 1529 2464 1585 adamante
2539 1527 2845 1582 firmiorem
2917 1529 3140 1582 illorum
3189 1526 3575 1582 fortitudinem

1985 1630 2244 1680 testatur.
2279 1621 2438 1688 Quod
2485 1635 2622 1676 vero
2664 1619 2882 1674 divinas
2934 1619 3080 1688 leges
3139 1619 3402 1689 praesenti
3453 1621 3577 1673 vitae

1985 1713 2429 1784 anteposuerint,
2469 1711 2582 1776 cui,
2613 1724 2824 1781 quaeso,
2847 1709 3084 1779 iustitiae
3105 1710 3409 1781 quidquam
3442 1712 3575 1767 reli-

1983 1821 2155 1878 quum
2182 1803 2352 1859 facit?
2377 1801 2628 1872 Ipsorum
2664 1811 2848 1856 autem
2881 1800 3320 1856 moderationem
3351 1802 3404 1856 id
3455 1817 3575 1856 ma-

1984 1897 2129 1952 xime
2159 1893 2536 1959 commendat,
2565 1893 2714 1962 quod
2741 1907 2923 1962 neque
2968 1891 3274 1947 audacibus
3307 1907 3437 1964 erga
3486 1907 3574 1949 re-

1982 2003 2105 2060 gem
2137 1987 2319 2044 verbis
2349 1986 2439 2042 usi
2465 1985 2602 2051 sint,
2645 1998 2821 2054 neque
2861 1990 3012 2039 metu
3043 1998 3248 2038 rursus
3277 1999 3452 2053 genus
3475 1984 3572 2040 de-

1983 2082 2308 2138 decorarint
2342 2077 2478 2133 :sed
2524 2075 2880 2146 prudentiam
2928 2084 2983 2130 et
3011 2075 3345 2145 sapientiam
3384 2075 3570 2144 impiis

1982 2181 2038 2230 et
2094 2173 2323 2229 nefariis
2378 2169 2690 2225 maledictis
2746 2167 3008 2240 opposita
3060 2167 3240 2236 pictas
3293 2168 3565 2222 ostendit.

1981 2264 2082 2319 Ille
2107 2262 2254 2319 enim
2281 2262 2500 2317 dicebat
2529 2278 2544 2316 :
2587 2278 2607 2311 ‹
2645 2259 2784 2325 Quis
2811 2265 2898 2314 est
2945 2257 3118 2326 Deus,
3159 2259 3254 2328 qui
3283 2266 3441 2314 eruet
3471 2273 3568 2314 vos

1982 2355 2051 2411 de
2077 2355 2335 2410 manibus
2359 2352 2530 2408 meis?
2563 2369 2582 2404 ι
2616 2352 2687 2404 At
2715 2350 2822 2420 ipsi
2852 2350 3208 2406 clamabant:
3235 2368 3256 2402 ‹
3288 2351 3387 2406 Est
3420 2349 3567 2405 Deus

1982 2457 2172 2502 noster
2195 2447 2251 2501 in
2288 2446 2468 2510 caelis,
2502 2443 2593 2499 cui
2629 2457 2734 2498 nos
2777 2442 3078 2508 servimus,
3113 2450 3311 2512 potens
3349 2443 3569 2512 eripere

1982 2553 2087 2594 nos
2119 2555 2150 2594 e
2176 2537 2403 2593 fornace
2439 2538 2586 2607 ignis
2612 2536 2865 2600 ardente,
2891 2543 2944 2590 et
2975 2549 3044 2590 ex
3077 2535 3332 2590 manibus
3368 2535 3500 2602 tuis,
3533 2548 3566 2588 θ

1981 2645 2099 2692 rex,
2130 2644 2234 2684 nos
2252 2636 2431 2684 eruet.
2469 2647 2488 2680 ι
2523 2628 2600 2683 Ne
2621 2628 2770 2683 enim
2797 2627 3086 2683 existimes
3119 2626 3288 2682 Deum
3312 2633 3565 2681 nostrum

1983 2721 2092 2775 diis
2135 2719 2343 2788 1111
2381 2719 2492 2774 tuis
2541 2718 2779 2774 similem
2816 2732 2962 2774 esse.
2997 2716 3127 2772 Illos
3179 2717 3329 2772 enim
3366 2718 3566 2771 merito

1983 2808 2322 2872 contemnis,
2361 2807 2455 2878 qui
2503 2808 2573 2862 ab
2600 2815 2720 2862 arte
2740 2813 2797 2862 et
2832 2807 3063 2862 materia
3119 2806 3221 2861 hoc
3258 2807 3466 2862 habent
3507 2813 3568 2859 ut

1985 2899 2100 2954 sint
2131 2917 2146 2952 :
2179 2898 2324 2954 Deus
2353 2907 2535 2954 autem
2557 2906 2769 2960 uoster,
2796 2899 2920 2952 celi
2941 2907 2995 2954 et
3020 2905 3181 2952 terra:
3205 2898 3568 2966 omniumque

1984 2985 2203 3055 Opifex,
2238 2987 2401 3040 talem
2441 2986 2604 3041 habet
2625 2989 2904 3051 virtutem,
2936 2986 3156 3054 qualem
3189 2985 3352 3040 nobis
3377 2995 3566 3040 osten-

1985 3075 2126 3132 dunt
2154 3092 2220 3132 ca
2250 3078 2437 3131 omnia
2494 3090 2618 3146 qua:
2669 3083 2995 3132 cernuntur.
3049 3077 3204 3130 Illam
3227 3077 3402 3143 enim,
3442 3091 3568 3146 quae

293 3171 461 3226 θείων
527 3171 803 3240 ἀμυήτοις
837 3169 901 3222 οὐ
974 3169 1156 3241 ῥᾴδιον
1207 3168 1480 3222 κατιδεῖν·
1526 3169 1716 3223 τοῦτον
1757 3187 1883 3242 πρε-

1989 3167 2077 3222 his
2097 3168 2360 3223 omnibus
2393 3167 2650 3236 superior
2685 3173 2793 3255 est,
2824 3165 2971 3220 haud
3011 3165 3174 3222 facile
3209 3175 3440 3236 possunt
3471 3167 3565 3222 in-

295 3262 592 3325 σϐεύοντες
613 3261 711 3332 τὴν
741 3262 871 3333 παρ’
895 3260 1061 3314 αὐτοῦ
1088 3259 1340 3332 βοήθειαν
1364 3260 1722 3332 ἀναμένομεν.
1737 3262 1880 3316 Ἱκα-

291 3353 388 3416 νὸς
414 3353 524 3423 γὰρ
554 3353 702 3422 ἡμᾶς
729 3351 954 3406 καὶτῶν
981 3351 1090 3405 σῶν
1109 3350 1412 3415 ἀπαλλάξαι
1441 3350 1658 3421 χειρῶν,
1674 3353 1768 3406 καὶ
1782 3354 1881 3423 τῆς

285 3444 534 3512 καμίνου
560 3443 657 3496 τοῦ
721 3443 914 3512 πυρὸς,
945 3443 1012 3513 ἦν
1059 3444 1124 3496 σὺ
1167 3441 1579 3506 κατεσκεύασας
1616 3443 1684 3495 ⁷⁸.
1717 3445 1761 3496 Τ
1763 3445 1798 3498 ἀ
1823 3444 1881 3497 δέ

293 3534 444 3606 μετά
470 3533 646 3588 ταῦτα
668 3531 902 3604 ῥηθέντα
925 3534 1182 3605 οὐδεμίαν
1218 3535 1472 3605 ἀνδρείας
1483 3535 1577 3589 καὶ
1604 3534 1880 3604 φιλοθεῒας

298 3626 615 3697 ὑπερϐολὴν
655 3627 994 3681 καταλείπει.
1053 3627 1350 3697 Είρηκότες
1380 3627 1517 3697 γάρ·
1561 3645 1580 3679 ι
1621 3628 1809 3682 Ἔστιν
1833 3629 1882 3661 ⁷⁸

285 3717 474 3780 ὸΘεὸς
503 3717 661 3788 ἡμῶν
684 3719 742 3772 ἐν
763 3717 1032 3788 οὐρανοῖς,
1069 3711 1112 3785 ᾧ
1140 3720 1304 3788 ἡμεῖς
1332 3718 1690 3790 λατρεύομεν,
1719 3721 1880 3775 δυνα-

288 3805 388 3868 τὸς
409 3804 688 3869 ἐξελέσθαι
738 3807 888 3875 ἡμᾶς
930 3807 994 3858 ἐκ
1037 3805 1135 3876 τῆς
1194 3807 1422 3876 καμίνου
1462 3806 1554 3860 τοῦ
1586 3808 1758 3877 πυρὸς
1783 3809 1882 3878 τῆς

288 3895 618 3965 καιομένης,
649 3896 746 3949 καὶ
766 3897 830 3948 ἐκ
851 3895 958 3948 τῶν
1007 3896 1352 3967 χειρῶνλσου,
1387 3892 1629 3966 βασιλεῦ,
1656 3897 1880 3969 ῥύσεται

288 3990 468 4060 ἡμᾶς,
497 4007 517 4038 ι
551 3987 712 4052 εὐθὺς
741 3989 1051 4058 ἐπήγαγον·
1407 3989 1411 3995 ’

368 4080 516 4151 ιηίσ
572 4079 682 4132 Καὶ
731 4079 826 4133 ἐὰν
861 4079 962 4151 μὴ,
999 4079 1242 4147 γνωστὸν
1281 4078 1424 4132 ἔστω
1467 4095 1570 4145 σοι,
1625 4079 1875 4147 βασιλεῦ,

287 4173 378 4227 ὅτι
407 4174 522 4235 τοῖς
557 4171 701 4236 θεοῖς
751 4187 848 4224 σου
894 4172 958 4224 οὐ
999 4169 1358 4242 λατρεύομεν,
1390 4170 1485 4225 καὶ
1511 4172 1579 4241 τῇ
1611 4170 1780 4225 εἰκόνι
1810 4173 1877 4242 τῇ

289 4265 496 4334 χρυσῇ,
587 4261 845 4332 ἐστησας,
876 4261 939 4313 οὐ
989 4259 1424 4332 προσκυνοῦμεν.
1475 4279 1494 4312 ι
1533 4261 1607 4314 Οὐ
1645 4261 1756 4330 γὰρ
1787 4262 1879 4314 ἐπὶ

286 4354 479 4424 μισθῷ
497 4352 578 4424 τῷ
602 4354 857 4424 ἡμετέρῳ
878 4347 1122 4423 Δεσπότῃ
1143 4351 1485 4422 δουλεύομεν,
1508 4351 1644 4406 ἀλλά
1673 4353 1880 4424 φίλτρῳ

290 4446 391 4500 καὶ
423 4444 574 4515 πόθῳ
625 4444 984 4515 νυττόμενοι,
1009 4445 1230 4498 πάντων
1276 4443 1414 4515 όμοῦ
1463 4442 1562 4514 τὴν
1606 4443 1700 4497 τοῦ
1739 4443 1878 4497 Θεοῦ

291 4535 456 4608 ⁴ἡμῶν
494 4509 911 4607 προαιρούμεθα
945 4533 1264 4604 θεραπείαν.
1309 4509 1386 4588 Di)
1414 4509 1574 4606 χάριν
1619 4535 1740 4588 οὐδὲ
1780 4534 1877 4604 τὴν
1912 4509 1952 4564 D

285 4627 625 4697 ἀπαλλαγὴν
647 4626 758 4680 τῶν
783 4626 972 4680 κακῶν
1020 4625 1290 4696 ἀορίστως
1313 4625 1593 4696 αίτοῦμεν,
1615 4626 1751 4680 ἀλλά
1784 4624 1876 4679 τοῦ

286 4719 574 4772 Δεσπότου
597 4719 696 4788 τὴν
721 4719 1033 4788 οἰκονομίαν
1059 4720 1152 4770 καὶ
1179 4718 1520 4789 προμήθειαν
1544 4718 1843 4788 στέργομεν
1857 4729 1878 4749 ’⁸

292 4812 392 4864 καὶ
416 4811 480 4864 τὸ
512 4809 783 4864 συνοίσειν
815 4809 1010 4879 μέλλον
1043 4809 1145 4863 οὐκ
1189 4809 1410 4873 είδότες,
1441 4809 1521 4880 τῷ
1572 4808 1881 4880 κυϐερνήτῃ

293 4901 742 4974 παραχωροῢμεν
789 4901 1012 4969 ἰθύνειν,
1045 4902 1122 4966 ὡς
1167 4901 1234 4955 ἂν
1279 4901 1459 4973 ἐθέλῃ.
1495 4903 1616 4956 Ὅτι
1644 4902 1742 4972 μὲν
1771 4900 1879 4973 γὰρ

293 4993 665 5049 ἀπαλλάττειν
695 4995 844 5064 ἡμᾶς
869 4995 978 5048 τῶν
995 4993 1376 5064 ἠπειλημένων
1403 4994 1592 5047 κακῶν
1613 4994 1657 5025 ’⁷
1682 4992 1876 5063 ἰσχύει,

295 5084 486 5154 σαφῶς
514 5085 877 5156 ἐπιστάμεθα.
912 5086 976 5138 El
1009 5085 1064 5137 δὲ
1091 5086 1184 5138 καὶ
1220 5083 1468 5154 βούλεται
1495 5083 1656 5137 τοῦτο
1681 5086 1874 5148 ποιεῖν,

293 5175 604 5245 ἀγνοοῦμεν
649 5187 664 5204 δ
715 5175 862 5245 σοφῷ
923 5175 980 5227 δέ
1048 5174 1162 5229 ὄντι
1233 5173 1671 5245 παραχωροῦμεν
1738 5190 1878 5245 πρυ-

1982 3262 2146 3326 tueri,
2178 3262 2273 3331 qui
2312 3275 2422 3315 non
2453 3268 2584 3316 sunt
2614 3261 2816 3315 divinis
2847 3260 3348 3330 iuitiatimysteriis
3375 3279 3388 3315 :
3417 3261 3566 3316 hunc

1981 3361 2318 3409 venerantes
2352 3353 2423 3406 ab
2452 3353 2576 3421 ipso
2614 3367 2779 3422 opem
2819 3361 3231 3421 exspectamus.
3266 3351 3566 3408 Suﬂiciens

1981 3445 2130 3501 enim
2161 3451 2248 3499 est
2288 3443 2356 3497 ad
2380 3457 2483 3497 nos
2529 3457 2562 3498 e
2597 3443 2856 3497 manibus
2917 3442 3030 3496 tuis
3080 3442 3419 3512 eripiendos,
3455 3453 3510 3498 et
3532 3461 3566 3498 (ι

1983 3535 2209 3590 fornace
2241 3535 2386 3604 ignis
2427 3548 2594 3602 quam
2640 3531 2929 3602 paravisti.
2966 3531 3099 3597 Quae
3150 3543 3332 3587 autem
3369 3541 3564 3602 postea

1981 3629 2130 3684 dicta
2159 3633 2309 3692 sunt,
2342 3625 2554 3679 nullam
2591 3623 2939 3678 fortitudinis
2975 3637 3039 3678 ac
3077 3623 3373 3693 religionis
3398 3639 3566 3679 exsu-

1983 3719 2291 3789 perantiam
2331 3717 2606 3787 reliquam
2633 3715 2867 3770 faciunt.
2899 3715 3037 3770 Cum
3073 3716 3224 3770 enim
3245 3715 3518 3774 dixissent
3547 3735 3561 3769 :

1988 3831 2006 3864 ι
2047 3813 2146 3868 Est
2176 3811 2320 3866 Deus
2349 3820 2539 3865 noster
2576 3809 2634 3864 in
2670 3809 2851 3872 caelis,
2880 3807 2970 3863 cui
2997 3823 3100 3864 nos
3138 3809 3434 3874 servimus,
3466 3822 3569 3878 po-

1983 3909 2105 3959 lens
2143 3891 2357 3971 eripere
2403 3909 2506 3956 nos
2535 3894 2566 3955 e
2606 3899 2836 3954 fornace
2889 3899 3035 3968 ignis
3079 3900 3332 3964 ardente,
3382 3909 3438 3955 et
3497 3915 3567 3954 ex

1981 3982 2241 4048 manibus"
2266 3995 2397 4057 tuis,
2420 4007 2452 4044 ο
2476 4005 2594 4054 rex,
2616 4004 2716 4044 nos
2736 3999 2891 4044 eruet
2915 4005 2932 4054 ;
2957 4008 2975 4039 ι
3007 3989 3193 4042 statim
3213 3990 3563 4058 adjecerunt:

1993 4094 1996 4098 λ
2053 4083 2217 4140 Vens.
2255 4082 2344 4138 l8.
2383 4099 2404 4133 ‹
2429 4080 2584 4147 Quod
2608 4079 2654 4135 si
2679 4080 2938 4144 noluerit,
2966 4088 3154 4132 notum
3181 4079 3255 4132 sit
3287 4078 3408 4144 tibi,
3444 4095 3564 4141 rex,

1979 4175 2105 4230 fore
2131 4183 2191 4229 ut
2226 4175 2362 4228 deos
2410 4179 2536 4226 tuos
2569 4184 2682 4224 non
2713 4169 2988 4232 colamus,
3029 4177 3087 4222 et
3127 4168 3426 4238 imaginem
3466 4183 3566 4222 au-

1981 4281 2156 4330 ream,
2190 4277 2356 4334 quam
2389 4260 2660 4324 statuisti,
2700 4274 2809 4314 non
2839 4258 3161 4314 adoremus.
3202 4277 3221 4310 ›
3257 4259 3377 4313 Νοη
3413 4259 3564 4315 enim

1981 4373 2082 4428 pro
2115 4355 2370 4412 mercede
2417 4353 2655 4408 Domino
2687 4357 2881 4406 nostro
2911 4350 3225 4416 servimus;
3261 4350 3356 4405 sed
3400 4351 3567 4407 bene-
3597 4407 3604 4414 ,

1982 4447 2220 4503 Valentia
2270 4454 2326 4501 et
2354 4445 2543 4499 amore
2593 4441 2893 4506 stimulati,
2951 4441 3210 4497 omnibus
3251 4443 3418 4497 simul
3471 4443 3567 4497 Dei

1981 4539 2157 4595 nostri
2184 4537 2532 4608 praeferimus
2556 4535 2787 4589 cultum.
2821 4534 3005 4600 Quare
3040 4549 3110 4588 ne
3145 4534 3216 4587 ab
3267 4533 3355 4589 his
3404 4535 3567 4589 malis

1983 4628 2209 4698 quidem
2243 4635 2446 4682 temere
2495 4623 2724 4678 liberari
2762 4624 3019 4693 petimus,
3070 4623 3164 4679 sed
3199 4623 3417 4678 Domini
3469 4639 3568 4694 gu-

1981 4719 2365 4776 bernationem
2402 4732 2464 4771 ac
2505 4716 2908 4786 providentiam
2966 4730 3216 4770 amamus
3255 4717 3296 4766 ι*
3318 4723 3373 4769 et
3418 4715 3567 4768 illius

1983 4811 2129 4882 quod
2164 4809 2516 4880 profuturum
2551 4815 2639 4863 est
2668 4807 2871 4877 ignari,
2905 4807 3286 4876 gubernatori,
3324 4821 3567 4876 quocun-

1983 4917 2096 4970 que
2125 4901 2173 4956 ei
2198 4899 2445 4964 libuerit,
2499 4911 2692 4954 navem
2744 4897 3087 4968 dirigendam
3144 4898 3566 4951 committimus.

1983 4990 2094 5045 Pro
2122 4997 2279 5045 certo
2311 4987 2456 5044 enim
2507 4995 2852 5057 compertum
2893 4986 3056 5040 nobis
3087 4994 3174 5040 est
3200 5001 3364 5055 posse
3410 4985 3567 5040 illum

1987 5097 2090 5138 nos
2118 5082 2299 5144 malis,
2327 5094 2451 5150 qua:
2491 5079 2736 5134 minatus
2771 5091 2855 5142 es,
2911 5077 3146 5146 eripere.
3191 5076 3390 5132 Utrum
3437 5092 3570 5132 vero

1988 5175 2044 5229 id
2080 5173 2264 5228 facere
2294 5170 2444 5231 velit.
2477 5169 2800 5240 ignoramus
2833 5187 2847 5222 :
2884 5167 3000 5230 sed,
3042 5181 3168 5221 cum
3218 5168 3442 5237 sapiens
3473 5167 3567 5231 sit,

291 5265 615 5334 τανεύοντι,
647 5267 743 5318 καὶ
781 5265 1052 5336 δεχόμεθα
1103 5264 1202 5334 τὴν
1256 5264 1458 5334 ψῆφον,
1513 5263 1716 5332 ταύτην
1743 5265 1878 5334 ἡμῖν

1984 5267 2024 5322 ei
2061 5279 2240 5319 rerum
2265 5270 2578 5316 nostrarum
2610 5260 3043 5315 moderationem
3075 5259 3487 5322 counnittimus,
3514 5268 3572 5314 et

297 5357 606 5430 συμφέρειν
664 5357 1032 5420 πιστεύοντες.
1073 5357 1194 5410 Εἴτε
1226 5353 1318 5410 οὖν
1369 5355 1575 5426 ῥύεται,
1628 5355 1739 5408 εἴτε
1785 5354 1882 5408 καὶ

299 5446 401 5516 μαι-θ,
433 5447 533 5515 τῆς
566 5446 612 5478 ⁷⁸
638 5446 846 5509 εἰκόνος
876 5463 970 5498 σου
1016 5446 1110 5500 καὶ
1139 5445 1246 5498 τῶν
1295 5444 1433 5498 θεῶν
1481 5460 1576 5496 σου
1606 5443 1884 5513 φεύγομεν

1977 5353 2174 5425 judicii
2228 5344 2588 5414 sententiam',
2633 5349 2796 5402 nobis
2847 5363 2968 5403 eam
3021 5347 3288 5417 prodesse
3338 5347 3572 5400 creden-

1985 5451 2093 5506 tes,
2131 5437 2457 5510 aCcipimus.
2489 5436 2618 5493 Sive
2649 5437 2812 5507 igitur
2847 5452 2949 5492 nos
2975 5437 3258 5502 liberabit,
3292 5437 3411 5492 sive
3437 5450 3566 5500 non,

1608 5576 1842 5633 VARIAS
1883 5576 2294 5635 LECTIONE'S.

367 5674 417 5704 ’⁷³
448 5674 508 5724 ἐν
552 5670 683 5742 οὐρ.
722 5670 799 5742 Ex
855 5669 900 5723 A
939 5676 993 5722 et
1037 5669 1078 5722 Β
1129 5669 1306 5742 suppl.
1345 5667 1649 5742 Ali_ter_hic
1680 5679 1734 5724 et
1755 5683 2020 5742 _sequens
2064 5683 2208 5742 vers.
2242 5666 2348 5742 le_g_.

299 5743 430 5797 add.
467 5742 552 5812 δή.
606 5738 684 5812 ξ⁷³
720 5740 762 5793 Β
810 5738 1343 5808 συγκατεσκεύασας.
1423 5739 1703 5794 ⁷⁸Ἐστιν.
1755 5739 1797 5793 Β
1835 5753 2024 5808 prtem.
2072 5738 2175 5793 ὅτι.

297 5830 494 5886 prxm.
520 5810 634 5864 καί.

596 5904 867 5965 I‘Arnon.
913 5899 1029 5960 Gn.
1074 5897 1332 5958 LXXXI.

2393 5661 2555 5723 infra,
2593 5661 2668 5716 De
2716 5658 2933 5714 Provid.
2979 5667 3119 5716 orat.
3151 5659 3203 5713 8.
3273 5658 3317 5688 "
3353 5657 3482 5728 γάρ.
3525 5657 3566 5710 Β

2271 5699 2329 5808 ῗθ
2359 5750 2486 5788 κακ.
2521 5702 2582 5788 in
2613 5733 2654 5787 Β
2677 5731 2898 5803 ponitur
2947 5738 3072 5801 post
3121 5732 3228 5798 ίσχ.
3305 5699 3492 5796 τεὲἧξ.
3522 5727 3564 5780 Β

3047 5890 3123 5961 ίιΞί
