4070 6402
496 371 636 434 1323

1504 363 1991 426 THEODORETI
2030 360 2367 425 EPISCOPI
2409 365 2775 427 CYBENSIS

3639 363 3779 429 i324

494 488 790 557 imaginem
833 492 980 538 tuam
1023 483 1269 551 deosque
1315 489 1439 534 tuos
1471 479 1707 536 adorare
1739 494 2085 535 recusamus.

2195 481 2295 550 τὴν
2326 481 2719 554 προσκύνησιν.
2751 480 2894 554 Πρὸς
2922 481 3180 547 τοιαύτας
3210 499 3295 536 σοι
3332 482 3565 554 ψυχάςὴ
3595 483 3778 555 παρά-

497 579 709 649 1112
760 575 899 630 Cum
959 572 1164 627 talibus
1203 570 1304 625 tibi
1356 577 1634 625 certamen
1691 578 1778 626 est
1827 569 2082 624 animis;

491 681 822 738 quacunque
868 664 1111 718 volueris
1154 661 1372 716 ratione
1411 659 1702 725 contende,
1733 675 1912 730 neque
1955 659 2075 714 ho-

491 760 718 815 noribus
745 757 1004 819 delinies,
1035 768 1212 823 neque
1238 753 1404 808 minis
1444 752 1794 808 deterrebis:
1826 753 2077 807 omnium

489 856 636 908 enim
669 850 830 904 nobis
881 848 1026 902 Deus
1074 858 1263 901 noster
1290 854 1346 900 et
1385 845 1824 902 amabilissitnus
1881 851 1986 910 est,
2026 852 2083 899 et

490 942 725 995 maxime
749 937 1137 992 formidabilis.
1171 936 1314 1003 Quid
1339 936 1490 992 hisce
1522 937 1707 992 verbis
1740 937 2081 991 sublimius?

492 1034 586 1088 llis
620 1032 991 1102 apostolicum
1027 1031 1235 1086 dictum
1284 1029 1418 1084 illud
1463 1029 1724 1086 convenit
1772 1043 2086 1085 accommo-

489 1126 654 1178 dare:
681 1141 699 1173 ι
731 1121 876 1188 Quid
921 1122 1068 1175 enim
1105 1135 1353 1184 oremus,
1405 1119 1551 1175 sicut
1594 1126 1837 1188 oportet,
1897 1117 2082 1172 nesci-

491 1230 615 1270 mus
639 1213 685 1266 ῐ.
729 1233 746 1263 ι
771 1213 886 1285 μθ,
909 1211 1028 1284 90.]
1053 1211 1160 1266 Sed
1191 1211 1342 1265 ferox
1367 1221 1422 1266 et
1463 1210 1858 1266 insanissimus
1898 1219 2083 1280 tyran~

491 1322 598 1362 nus
623 1305 814 1360 furore
835 1306 1052 1374 plenus,
1089 1304 1163 1358 ita
1188 1311 1247 1358 ut
1277 1304 1430 1358 vultu
1450 1305 1616 1358 etiam
1647 1318 1758 1373 prae
1797 1317 1857 1358 se
1909 1300 2083 1356 ferret

492 1398 665 1453 animi
690 1395 1189 1466 perturbationem,
1227 1395 1467 1463 amplius
1511 1392 1736 1448 accendi
1795 1391 2080 1447 fornacem

493 1489 775 1560 praecepit,
806 1487 1280 1556 compedibusque
1309 1486 1506 1539 vinciri
1545 1493 1774 1540 sanctos
1793 1484 1944 1540 viros
1976 1486 2080 1539 im-

493 1578 711 1649 peravit
751 1597 764 1632 :
797 1586 852 1632 et
893 1587 952 1630 ut
1001 1576 1152 1629 nulla
1199 1576 1648 1645 interponeretur
1677 1591 1854 1646 pinna:
1905 1592 2082 1642 mora,

489 1670 621 1723 dum
663 1669 835 1721 vestis
889 1673 946 1720 et
984 1665 1364 1718 calceamenla
1393 1665 1790 1730 detrahuntur,
1817 1680 1926 1720 una
1955 1681 2082 1720 cum

492 1760 628 1830 ipsis
653 1759 708 1812 in
742 1771 932 1828 pyram
962 1771 1058 1811 eos
1083 1755 1288 1824 conjici
1324 1754 1520 1824 jussit,
1547 1755 1653 1811 hoc
1679 1765 1786 1822 est,
1836 1771 1963 1810 cum
2000 1771 2085 1811 sa-

2190 570 2346 635 ταξις
2365 588 2379 602 ’
2406 572 2467 626 ὃν
2495 573 2562 627 ἂν
2582 573 2783 646 ἐθέλῃς
2801 575 2999 646 τρόπον
3027 573 3418 642 ἀνταγωνίζου,
3447 573 3572 629 οὑτε
3600 592 3744 630 κατα
3763 607 3775 616 ·

2190 662 2398 726 θέλξεις
2443 663 2641 734 τιμῶν,
2670 663 2798 717 οὔτε
2840 665 3208 736 καταπλήξεις
3257 665 3528 720 ἀπειλῶν·
3557 667 3777 722 πάντων

2190 755 2297 826 γάρ
2321 757 2452 825 ἡμῖν
2479 757 2508 808 ό
2527 756 2658 820 Θεὸς
2673 758 2717 790 ⁷³
2739 756 3148 828 ἐρασμιώτατός
3169 774 3230 811 τε
3258 757 3351 811 καὶ
3375 757 3775 830 φοϐερώτατος.

2189 846 2256 898 Τί
2286 845 2494 899 τούτων
2524 845 2853 917 ὑψηλότερον
2897 847 3006 899 τῶν
3058 846 3352 918 ῥημάτων;
3399 847 3624 912 Τούτοις
3675 849 3780 919 τήν

2189 935 2558 1006 ἀποστολικὴν
2609 937 2825 1008 ἐκείνην
2871 936 3183 1007 ἐφαρμόσαι
3233 938 3500 1008 προσήκει
3547 940 3733 1009 φωνήν
3762 956 3774 969 ·

2191 1043 2216 1082 ι
2247 1024 2322 1077 Τὸ
2341 1024 2451 1096 γάρ
2479 1025 2533 1077 τί
2557 1024 2992 1096 προσευξώμεθα
3029 1026 3152 1081 καθ’
3181 1027 3210 1080 ὃ
3247 1028 3348 1090 δεῖ,
3375 1027 3476 1081 ούκ
3494 1027 3772 1098 οἴδαμεν.»

2198 1115 2353 1168 Ἀλλ’
2410 1119 2440 1170 ό
2495 1115 2766 1187 θηριώδης
2803 1117 2850 1149 ⁸⁰
2897 1119 2992 1170 καὶ
3053 1117 3428 1188 μανικώτατος
3477 1119 3773 1190 τύραννος,

2189 1207 2445 1279 ἔμπλεως
2508 1208 2682 1279 θυμοῦ
2741 1209 3072 1280 γενόμενος,
3123 1210 3199 1275 ὡς
3259 1211 3354 1264 καὶ
3402 1210 3640 1280 δηλῶσαι
3697 1207 3779 1281 τῷ

2186 1298 2465 1370 προσώπῳ
2493 1300 2593 1372 τὴν
2628 1299 2731 1370 τῆς
2763 1301 2940 1370 ψυχῆς
2987 1302 3234 1373 ταραχὴν
3255 1341 3270 1364 ,
3299 1302 3644 1356 ὲπιπλεϊστον
3674 1304 3774 1372 μὲν

2185 1389 2526 1460 ἐκκαυθῆναι
2558 1389 2658 1461 τὴν
2701 1391 2933 1462 κάμινον
2972 1392 3393 1464 παρενεγγύησε
3419 1409 3432 1423 ·
3474 1393 3776 1464 πεδηθῆναι

2183 1481 2241 1536 δὲ
2269 1482 2396 1545 τοὺς
2445 1482 2636 1550 ἁγίους
2671 1481 2873 1550 ἄνδρας
2889 1481 2935 1513 ³¹
2977 1481 3442 1553 παρεκελεύσατο,
3489 1484 3588 1536 κα)⁵
3633 1483 3778 1538 ὥστε

2189 1573 2464 1645 μηδεμίαν
2513 1573 2767 1641 γενέσθαι
2833 1573 2932 1642 τῆς
2992 1572 3267 1645 τιμωρίας
3327 1573 3635 1646 ἀναϐολὴν,
3677 1573 3778 1643 τῆς

2186 1665 2416 1737 ἐσθῆτος
2469 1665 2564 1719 καὶ
2608 1666 2718 1720 τῶν
2766 1664 3132 1736 ὑποδημάτων
3184 1666 3606 1737 ἀφαιρουμένων
3632 1706 3648 1731 ,
3679 1667 3780 1719 σὺν

2187 1759 2373 1821 αὐτοῖς
2422 1756 2636 1820 τούτοις
2683 1759 2751 1828 τῇ
2803 1757 2956 1828 πυρᾷ
3003 1756 3381 1827 παραδοθῆναι
3419 1756 3719 1826 προσέταξε
3759 1773 3776 1787 ο

491 1828 708 1904 r‘aharis
743 1847 884 1910 suis,
912 1858 968 1901 et
995 1847 1181 1907 tiaris,
1213 1853 1269 1900 et
1293 1845 1604 1902 tibialibus.
1651 1846 1933 1902 Sarabara
1976 1863 2080 1902 au-

2189 1849 2459 1912 τουτέστι,
2494 1850 2591 1903 σὺν
2623 1850 2736 1911 τοίς
2785 1847 3123 1918 σαραϐάροις
3167 1848 3349 1902 αὐτῶν
3369 1887 3384 1910 ,
3408 1850 3503 1902 καὶ
3537 1850 3778 1921 τιάραις,

490 1949 599 1996 tem
624 1947 752 1995 sunt
782 1936 1138 1993 Persicorum
1182 1935 1639 1991 indumentorum
1675 1953 1900 2009 genera,
1934 1940 2087 1994 tiara

489 2041 672 2086 autem
721 2030 966 2100 capitum
1019 2035 1365 2099 tegumenta,
1418 2027 1631 2083 tibialia
1667 2044 1796 2084 vero
1833 2045 1898 2085 ea
1928 2030 2084 2095 dicit,

489 2138 612 2193 quae
640 2122 976 2193 anaxyrides
1019 2128 1317 2187 vocantur,
1375 2121 1462 2176 vel
1493 2121 1774 2180 eoriaceas
1815 2123 2088 2180 extrinse-

491 2231 614 2280 cus,
648 2214 733 2270 vel
777 2230 844 2269 ex
877 2214 1036 2268 corio
1093 2213 1347 2268 confecta
1403 2213 1797 2270 calceamenta.
1860 2213 2084 2288 [21,22]

493 2303 569 2357 Ita
598 2303 766 2360 vincti
791 2302 969 2357 sancti
999 2301 1108 2356 viri
1139 2301 1195 2356 in
1231 2301 1412 2372 ignem
1443 2301 1683 2372 conjecti
1703 2311 1859 2358 sunt.
1894 2305 1963 2358 Et
1995 2304 2086 2360 ille

493 2394 717 2464 quidem
778 2393 1082 2449 celeritatis
1140 2407 1204 2447 ac
1260 2393 1555 2448 brevitatis
1601 2407 1773 2450 causa
1806 2394 1958 2465 ipsos
2007 2396 2084 2450 ita

492 2487 742 2541 oomburi
793 2485 1052 2556 praecepit
1083 2504 1096 2539 :
1126 2483 1312 2540 divina
1350 2500 1484 2540 vero
1533 2486 1710 2554 gratia
1755 2486 1908 2541 aliud
1959 2487 2088 2543 hinc

495 2578 830 2633 moliebatur
864 2577 1219 2648 mysterium.
1263 2573 1401 2631 Nam
1421 2576 1782 2647 circumiecta
1814 2578 1952 2648 ipsis
1975 2576 2088 2634 fer-

490 2684 587 2723 rea
613 2669 834 2724 vincula
868 2669 1074 2726 usitato
1133 2683 1288 2724 more
1327 2668 1476 2739 ignis
1528 2675 1731 2724 natura
1778 2667 2034 2726 dissolvit
2068 2690 2081 2726 :

496 2763 817 2818 indumenta
841 2773 1044 2827 autem,
1065 2776 1188 2831 qua:
1215 2760 1516 2815 admodum
1544 2760 1729 2817 facilia
1762 2762 1830 2817 ad
1859 2763 2088 2818 combu-

496 2853 728 2908 rendum
755 2859 967 2918 essent,
1000 2851 1218 2922 integra
1253 2859 1307 2906 et
1339 2851 1514 2906 illaesa
1553 2853 1926 2918 conservavit,
1957 2869 2086 2909 san-

495 2951 710 2998 ctorum
739 2959 958 3015 quoque
991 2943 1239 2998 virorum
1279 2949 1662 3008 accusatores,
1694 2955 1752 2999 et
1786 2945 1939 3016 impii
1976 2947 2084 3001 im-

497 3035 632 3104 perii
667 3035 974 3100 ministros,
1003 3033 1100 3104 qui
1144 3033 1284 3088 foris
1338 3033 1633 3101 astabant,
1685 3033 1902 3091 ﬂamma
1952 3052 2086 3092 con-

498 3127 758 3196 sumpsit,
790 3126 928 3195 ipsis
957 3139 1087 3178 vero
1119 3123 1349 3218 Δ1113
1375 3126 1606 3218 ⁸ιιιιιιιιιίε
1634 3126 2084 3198 appropinquare
2111 3159 2156 3218 α

499 3232 609 3272 non
642 3216 818 3287 potuit
846 3234 861 3270 :
893 3231 1091 3271 verum
1118 3215 1209 3282 iis,
1242 3215 1341 3285 qui
1373 3214 1524 3272 intus
1559 3225 1739 3281 erant,
1759 3225 1911 3289 terga
1942 3233 2084 3289 prae~

499 3307 658 3370 bens,
686 3313 881 3360 contra
910 3303 1164 3373 proprios
1187 3305 1518 3360 adoratores
1542 3304 1898 3375 procedebat,
1927 3307 2085 3376 quasi

501 3411 695 3466 poenas
728 3397 798 3450 ab
864 3395 1000 3465 ipsis
1051 3408 1152 3463 pro
1204 3393 1420 3449 Domini
1465 3396 1779 3453 cultoribus
1837 3397 2086 3468 exigens.

502 3484 679 3539 Tanta
708 3494 891 3539 autem
933 3483 1088 3536 intus
1123 3481 1345 3552 pietatis
1377 3497 1664 3553 praecones
1690 3483 1861 3541 Deum
1897 3486 2084 3541 colen-

503 3583 587 3630 tes
618 3574 919 3630 securitate
942 3571 1294 3638 fruebantur,
1321 3583 1381 3628 ut
1413 3589 1510 3643 per
1536 3574 1750 3646 ignitus
1788 3576 2083 3644 carbones,

504 3665 666 3735 quasi
696 3679 790 3736 per
813 3664 1076 3734 quasdam
1106 3679 1265 3720 rosas
1291 3663 1633 3723 incederent.

576 3834 743 3890 Vsus.
802 3835 892 3890 23.
939 3855 958 3887 ι
1000 3835 1459 3904 Deambulabant,
1499 3842 1518 3862 ‘
1561 3841 1766 3912 inquit,
1817 3843 1872 3898 in
1903 3845 2085 3900 medio

505 3925 757 3990 ﬂamma,
791 3925 1079 3982 laudantes
1119 3927 1314 3996 Deum,
1360 3941 1416 3986 et
1460 3932 1851 3991 benedicentes
1895 3934 2082 3991 Domi-

506 4031 597 4072 no.
629 4034 648 4068 »
675 4015 800 4072 Haec
821 4017 950 4072 item
977 4022 1451 4088 praestantissima:
1476 4021 1697 4078 illorum
1720 4025 2085 4099 phllosophiae

505 4118 754 4179 apertum
792 4108 926 4164 dant
949 4109 1213 4164 indicium
1247 4127 1262 4166 :
1293 4127 1473 4183 neque
1511 4116 1657 4170 enim
1693 4118 1974 4186 petebant,
2001 4120 2085 4174 in-

502 4200 646 4270 quit,
683 4217 714 4254 a
739 4202 1009 4258 molestiis
1045 4203 1289 4268 liberari,
1327 4207 1421 4260 sed
1465 4205 1722 4264 laudibus
1762 4225 1890 4265 eum
1937 4211 2084 4267 cele-

502 4292 758 4358 brabant,
790 4295 886 4363 qui
919 4294 995 4348 ita
1011 4309 1102 4350 res
1123 4294 1344 4350 illorum
1369 4295 1712 4365 moderatus,
1743 4316 1950 4371 eosque
1980 4303 2082 4359 hac

504 4382 733 4450 pulchra
765 4383 1118 4440 confessione
1157 4385 1415 4456 dignatus
1459 4386 1663 4443 fuerat.
1709 4390 1862 4445 Licet
1898 4400 2080 4448 autem

2187 1938 2286 1991 καὶ
2312 1939 2690 2008 περικνημῖσι.
2724 1935 3040 2005 Σαράϐαρα
3061 1936 3119 1990 δέ
3141 1939 3261 1989 ἐστι
3298 1937 3584 2008 Περσικῶν
3621 1957 3780 2010 περι-

2191 2025 2424 2080 ϐολαίων
2457 2025 2609 2095 εἴδη·
2642 2023 2837 2092 τιάραι
2887 2026 2945 2080 δὲ
2998 2025 3108 2079 τῶν
3140 2026 3395 2095 κεφαλῶν
3440 2027 3509 2081 τά
3563 2029 3781 2099 καλύμ-

2191 2135 2367 2190 ματα·
2393 2116 2827 2187 περικνημῖδας
2853 2117 2912 2171 δέ
2941 2117 3040 2181 τάς
3073 2117 3417 2189 καλουμένας
3449 2119 3782 2192 ἀναξυρίδας

2185 2210 2358 2279 λέγει,
2389 2210 2422 2280 ἢ
2453 2210 2550 2274 τὰς
2577 2210 2836 2273 σκυτίνας
2864 2208 2963 2271 τὰς
2990 2209 3213 2276 ἔξωθεν,
3234 2210 3268 2280 ἤ
3293 2209 3364 2264 τὰ
3385 2211 3612 2266 σκύτινα
3641 2214 3777 2267 ὑπο-

2185 2299 2486 2371 δήματα⁸².
2521 2297 2680 2352 οὑτω
2738 2299 3065 2368 πεδηθέντες
3097 2301 3148 2354 oi
3205 2301 3353 2370 ἅγιοι
3395 2302 3590 2374 ἀνδρες
3633 2320 3780 2374 παρ-

2186 2388 2450 2457 εδόθησαν
2501 2387 2582 2458 τῷ
2625 2389 2848 2460 πυρί⁸’·
2882 2391 2976 2443 καὶ
3013 2393 3042 2444 ό
3085 2391 3186 2463 μὲν
3227 2393 3426 2463 τάχους
3475 2394 3637 2465 χάριν
3683 2396 3781 2449 καὶ

2189 2478 2482 2550 συντομίας
2511 2477 2687 2543 οῦτως
2715 2481 2913 2545 αὐτοὺς
2953 2482 3367 2554 κατακαυθῆναι
3401 2485 3736 2557 προσέταξεν
3761 2504 3775 2518 ο

2185 2572 2218 2641 ἡ
2251 2569 2309 2624 δὲ
2344 2569 2465 2624 θεία
2491 2570 2650 2641 χάρις
2670 2571 2858 2642 ἐτερον
2883 2571 3133 2627 ἐντεῦθεν
3153 2573 3423 2647 ᾠκονόμει
3449 2579 3772 2649 μυστήριον.

2188 2659 2271 2716 Τὰ
2305 2661 2405 2731 μὲν
2443 2660 2552 2733 γὰρ
2597 2662 2960 2734 ἐπιϐληθέντα
3002 2668 3190 2732 αὐτοῖς
3228 2669 3293 2722 ἐκ
3334 2667 3555 2740 σιδήρου
3599 2671 3780 2742 δεσμά

2187 2749 2434 2820 συνήθως
2462 2751 2496 2820 ὴ
2543 2749 2639 2804 τοῦ
2676 2751 2851 2823 πυρὸς
2900 2753 3112 2809 διέλυσε
3149 2757 3314 2827 φύσις
3355 2775 3369 2790 ο
3404 2757 3691 2832 εὑπρηστα
3720 2761 3778 2816 δέ

2185 2841 2316 2894 ὄντα
2372 2839 2492 2894 λίαν
2539 2841 2607 2896 τά
2647 2844 2974 2915 περιϐόλαια
3022 2847 3276 2919 ἀκήρατα
3316 2849 3645 2918 διεφύλαξε’
3677 2856 3778 2908 καὶ

2185 2930 2314 2994 τοὺς
2345 2932 2445 3002 μὲν
2490 2934 2599 2986 τῶν
2633 2935 2809 3003 ἁγίων
2852 2937 3063 3008 ἀνδρῶν
3113 2941 3492 3014 κατηγόρους,
3534 2945 3628 2999 καὶ
3680 2946 3777 3000 τοῦ

2185 3022 2484 3087 δυσσεϐοῦς
2517 3025 2944 3096 προστάγματος
2977 3029 3295 3097 διακόνους,
3326 3034 3485 3097 ἐκτὸς
3533 3035 3778 3100 ἑστῶτας

2187 3113 2221 3184 ἡ
2257 3111 2388 3182 φλὸξ
2437 3115 2851 3186 κατηνάλωσεν·
2897 3119 3085 3184 αὑτοῖς
3126 3121 3184 3176 δέ
3218 3126 3331 3187 τοῖς
3382 3124 3559 3193 ἁγίοις
3608 3144 3780 3199 προσο

2193 3205 2453 3270 πελάζειν
2483 3206 2583 3260 οὑκ
2607 3208 2827 3280 ίσχυσεν
2845 3249 2862 3276 ,
2887 3210 3028 3266 ἀλλά
3055 3216 3171 3278 τοῖς
3195 3213 3342 3270 ἔνδον
3363 3215 3432 3269 τὰ
3461 3217 3606 3271 νῶτα
3630 3237 3774 3290 παρ-

2193 3295 2394 3367 έχουσα
2429 3297 2496 3362 “,
2534 3299 2678 3354 κατά
2715 3300 2825 3357 τῶν
2880 3303 3096 3357 οἰκείων
3130 3303 3328 3376 ἐχώρει
3356 3307 3774 3377 προσκυνητῶν,

2192 3388 2381 3460 ῶσπερ
2403 3390 2559 3455 δίκας
2589 3393 2788 3456 αὐτοὺς
2822 3394 2964 3467 ὑπὲρ
2994 3395 3104 3450 τῶν
3134 3396 3230 3450 τοῦ
3276 3399 3547 3452 Δεσπότου
3598 3399 3778 3470 θερα-

2192 3481 2403 3535 πόντων
2459 3482 2917 3558 εἰσπραττομένη.
2968 3487 3253 3558 Τοσαύτης
3299 3487 3354 3542 δέ
3411 3488 3558 3543 ἔνδον
3590 3492 3640 3544 οἰ
3671 3491 3776 3560 τῆς

2191 3571 2474 3636 εὐσεϐείας
2507 3575 2750 3645 κήρυκες
2782 3576 2966 3642 ἀδείας
3002 3580 3095 3632 καὶ
3117 3578 3418 3651 θεραπείας
3455 3581 3736 3654 ἀπήλαυον
3756 3623 3773 3648 ,

2189 3663 2272 3717 ὅτι
2327 3662 2438 3716 τῶν
2491 3663 2782 3736 ἀνθράκων
2848 3661 2958 3722 οἷόν
3017 3685 3178 3724 τινων
3247 3670 3621 3736 ἐπιϐαίνοντες
3683 3674 3766 3745 ῥό-

2189 3751 2315 3806 δων.

2263 3850 2366 3912 κγ’.
2398 3865 2416 3897 ι
2452 3847 2860 3918 Περιεπάτουν,
2894 3849 3059 3920 φησὶν
3081 3889 3098 3915 ,
3124 3853 3182 3906 ἐν
3217 3851 3366 3924 μέσῳ
3415 3853 3518 3924 τῆς
3575 3853 3776 3922 φλογὸς

2191 3935 2486 4006 ὑμνοῦντες
2517 3938 2607 3991 τὸν
2654 3937 2809 4004 Θεὸν,
2840 3939 2933 3992 καὶ
2973 3940 3323 4010 εὐλογοῦντες
3360 3941 3452 3996 τὸν
3491 3942 3714 4015 Κύριον.
3748 3962 3768 3996 ι

2190 4029 2302 4082 Καὶ
2333 4029 2508 4084 ταῦτα
2533 4030 2593 4084 δὲ
2618 4029 2858 4101 ἔμφασιν
2904 4031 3006 4102 τῆς
3045 4034 3224 4104 ἄκρας
3252 4034 3431 4089 αὐτῶν
3475 4035 3589 4106 ἔχει
3623 4036 3776 4106 φιλο·

2191 4121 2418 4190 σοφίας*
2441 4120 2565 4174 οὔτε
2597 4122 2708 4193 γὰρ
2743 4120 2929 4192 ᾔτουν,
2964 4123 3120 4195 φησὶ,
3161 4123 3273 4178 τῶν
3297 4125 3486 4181 δεινῶν
3523 4126 3771 4181 ἀπαλλα-

2188 4211 2310 4283 γὴν,
2337 4211 2455 4265 ἀλλ’
2474 4211 2677 4282 ὕμνουν
2711 4213 2803 4268 τὸν
2830 4213 2974 4268 οὕτω
2999 4215 3068 4269 τὰ
3097 4217 3216 4269 κατ’
3238 4216 3436 4280 αὑτοὺς
3467 4217 3775 4287 πρυτανεύ-

2189 4318 2380 4368 σαντα,
2438 4305 2536 4357 καὶ
2581 4304 2681 4374 τῆς
2734 4305 2910 4374 καλῆς
2962 4303 3170 4377 ταύτης
3224 4307 3423 4371 αὐτοὺς
3479 4307 3776 4378 ὁμολογίας

2187 4391 2519 4456 ἀξιώσαντα.
2548 4395 2707 4450 Ἔστι
2751 4395 2808 4450 δὲ
2856 4396 2986 4450 ἰδεῖν
3021 4398 3237 4452 ἐοικότα
3271 4400 3384 4462 τοῖς
3408 4399 3548 4462 νέοις
3574 4399 3644 4454 τὰ
3669 4417 3779 4454 πα-

505 4471 692 4527 videre
716 4474 1029 4530 recentibus
1055 4475 1242 4544 prisca
1269 4476 1498 4532 similia.
1525 4477 1742 4532 Etenim
1773 4479 1916 4534 beati
1949 4495 2082 4550 apo-

2189 4485 2350 4538 λαιά·
2385 4484 2482 4539 καὶ
2521 4485 2632 4556 γάρ
2679 4485 2730 4538 οἰ
2784 4485 3046 4558 μακάριοι
3088 4485 3378 4540 ἀπόστολοι
3427 4487 3633 4559 Πέτρος
3677 4489 3777 4543 καὶ

505 4563 632 4618 stoli
678 4562 873 4621 Petrus
917 4571 973 4620 et
1019 4564 1280 4628 Joannes,
1328 4581 1359 4620 a
1390 4567 1794 4624 Pharisaeorum
1854 4571 2085 4630 cohorte

505 4653 691 4725 ﬂagris
719 4657 870 4722 caesi,
899 4657 1155 4711 exierunt
1188 4657 1512 4727 gaudentes,
1548 4658 1676 4728 quia
1709 4657 1864 4728 digni
1908 4660 2083 4715 habiti

506 4749 726 4804 fuerant
763 4765 862 4819 pro
913 4752 1135 4806 nomine
1178 4750 1306 4806 Jesu
1347 4753 1741 4808 contumeliam
1791 4755 1899 4823 pati
1940 4757 1987 4809 ε.
2020 4756 2086 4809 Et

505 4838 856 4895 beatissimus
889 4839 1093 4895 Paulus
1129 4857 1193 4896 ac
1239 4839 1409 4902 Silas.
1460 4851 1583 4910 post
1639 4843 1974 4913 plagasillas
2029 4846 2086 4901 in

506 4927 772 4998 Philippis
801 4931 906 4986 sibi
943 4946 973 4984 a
1017 4932 1437 5000 magistratibus
1471 4931 1730 4996 inﬂictas,
1770 4934 1823 4988 in
1863 4950 2088 4992 carcere

505 5021 783 5089 degentes,
835 5033 889 5077 et
939 5023 1290 5092 compedibus
1341 5023 1602 5087 devincti,
1652 5027 1799 5079 circa
1851 5027 2085 5082 mediam

509 5119 719 5166 noctem
744 5150 759 5170 .
794 5131 812 5165 ι
859 5110 1116 5177 Orantes,
1148 5114 1244 5180 ait,
1305 5113 1610 5168 laudabant
1650 5112 1817 5170 Deum
1853 5116 1904 5170 ιι.
1949 5135 1967 5168 ι
2003 5118 2084 5172 ita

504 5199 669 5253 etiam
709 5200 853 5254 beati
894 5202 980 5256 isti
1014 5202 1388 5258 adolescentes
1424 5203 1478 5257 in
1512 5203 1736 5260 fornace
1767 5205 2081 5276 tripudian-

584 5374 602 5413 ἲ
631 5373 785 5428 Rom.
817 5389 933 5438 vm,
965 5375 1054 5430 26.

1208 5380 1232 5417 8
1259 5380 1378 5433 Act.
1416 5395 1464 5442 v,
1502 5379 1590 5434 41.
1667 5379 1694 5420 Ῑι
1725 5379 1846 5436 Act.
1884 5397 1996 5445 XVI,
2023 5383 2119 5438 25.

2203 4576 2477 4647 Ἰωάννης.
2513 4575 2733 4648 ὑπὸτῆς
2759 4576 2869 4630 τῶν
2902 4578 3214 4649 Φαρισαίων
3262 4578 3600 4643 αἰκισθέντες
3629 4597 3772 4650 cup.-

2194 4663 2410 4734 μορίας,
2447 4662 2671 4733 ἐξῆλθον
2723 4664 3028 4735 χαίροντες,
3072 4668 3153 4720 δτι
3185 4666 3602 4738 κατηξιώθησαν
3631 4670 3775 4742 ὑπὲρ

2190 4753 2286 4808 τοῦ
2311 4753 2576 4823 ὀνόματος
2621 4755 2798 4824 Ἰησοῦ
2825 4755 2870 4788 ⁸³
2894 4757 3296 4827 ἀτιμασθῆναι·
3329 4759 3423 4811 καί
3448 4759 3477 4812 ό
3503 4758 3776 4825 θειότατος

2191 4843 2249 4896 δὲ
2274 4842 2486 4906 Παῦλος
2521 4843 2617 4895 σὺν
2652 4842 2730 4913 τῷ
2753 4844 2904 4914 Σίλᾳ,
2938 4844 3077 4914 μετὰ
3099 4846 3199 4909 τὰς
3222 4846 3408 4910 αἰκίας
3441 4847 3655 4911 ἐκείνας
3675 4848 3778 4912 τὰς

2193 4936 2252 4988 ἐν
2271 4934 2557 4998 Φιλίπποις
2579 4935 2685 4988 ὑπὸ
2704 4934 2814 4988 τῶν
2842 4936 3164 5008 στρατηγῶν
3187 4937 3370 5001 αὐτοῖς
3396 4939 3778 5010 προσενεχθεί-

2195 5044 2312 5091 σας,
2369 5026 2744 5098 δεσμωτήριον
2783 5027 3096 5092 οἰκοῦντες,
3145 5028 3241 5081 καὶ
3290 5029 3565 5100 ποδοκάκῃ
3600 5046 3769 5100 προσ-
3857 5021 3864 5024 ’

2193 5118 2489 5188 δεδεμένοι,
2525 5117 2665 5172 κατά
2706 5117 2768 5172 τὸ
2816 5117 3190 5188 μεσονύκτιον,
3219 5117 3374 5188 φησὶ,
3409 5137 3426 5168 ι
3469 5118 3780 5189 Προσευχό-

2196 5225 2348 5278 μενοι
2401 5208 2605 5280 ὕμνουν
2649 5207 2742 5260 τὸν
2787 5207 2938 5261 Θεόν.
2984 5226 3002 5259 ι
3053 5206 3210 5262 Οὑτω
3262 5208 3356 5262 καὶ
3409 5209 3457 5262 οἰ
3509 5207 3779 5278 μακάριοι

1816 5533 2054 5592 ἺΑΠΙΕ
2089 5537 2488 5596 LECTIONES.
2602 5575 2609 5581 -

516 5740 679 5806 πυρᾷ.
755 5737 797 5768 ⁸³
829 5738 870 5790 Β
909 5737 1332 5810 παραχιινροῦσεὶξ
1423 5745 1466 5776 ⁸⁵
1510 5745 1637 5816 Ἰησ.
1669 5745 1710 5800 Β
1737 5737 2014 5804 τοῦίϐεοῦ.

583 5667 704 5752 ’⁸-Β
731 5667 916 5760 ofﬁgit;
942 5667 1115 5738 ημῶν.
1176 5670 1370 5750 δίθηρ,
1489 5676 1612 5760 add.
1648 5677 1897 5760 ὲκείναςλ
1935 5677 1989 5757 "_
2013 5679 2085 5734 ἀνί

2204 5680 2244 5736 Β
2276 5699 2462 5753 praem.
2503 5687 2670 5754 τρεῖς.
2701 5686 2746 5717 ⁸²
2781 5686 2812 5756 ἦ
2855 5703 2904 5742 τ.
2931 5704 3015 5742 σκ.
3055 5689 3208 5744 ὑποδ.
3235 5686 3359 5744 Des.
3391 5688 3443 5742 in
3473 5687 3531 5744 Β,
3575 5689 3623 5722 ιε
3650 5691 3772 5760 Βτῃ
