4070 6396
351 408 492 477 1325

1581 411 1661 475 ΙΝ
1696 413 2052 476 DANIELIS
2081 417 2236 477 CAP.
2265 418 2378 478 III.

3459 424 3596 491 1326

349 524 543 587 παῖδες
574 513 721 578 οῦτοι
761 523 819 577 ὲν
846 521 1062 595 καμίνῳ
1107 520 1425 594 χορεύοντες
1452 521 1544 578 τὸν
1580 523 1726 578 θεῖον
1756 524 1924 596 ὕμνον

2033 536 2113 583 tes
2164 529 2410 584 divinant
2477 530 2741 602 hymnum
2807 542 3104 593 contexere
3150 539 3598 608 perseverabant.

342 615 620 671 διετέλουν
646 615 984 685 ὑφαίνοντες.
1024 615 1135 668 Καὶ
1159 614 1205 647 ⁸⁸
1235 611 1452 685 πρῶτον
1479 613 1524 645 ⁸⁷
1561 615 1659 684 μὲν
1687 616 1718 668 ό
1764 612 1924 679 Ἀζα-

350 709 478 780 ρίας
506 707 683 777 στόμα
715 705 896 760 κοινὸν
920 704 1231 776 γενόμενος,
1255 705 1352 759 καὶ
1375 704 1482 758 ὑπὸ
1513 704 1623 758 τῶν
1647 703 1750 775 τῆς
1796 706 1925 776 φλο-

344 800 450 869 γὺς
476 797 736 868 κυμάτων
763 795 1224 868 περικλυζόμενος
1244 836 1260 861 ,

429 910 448 942 ι
493 888 759 955 Ἀνοίξας,
782 889 938 958 φησί,
973 887 1034 939 τὸ
1076 886 1255 957 στόμα
1284 885 1448 939 αὐτοῦ
1478 886 1536 939 ἐν
1568 884 1615 918 ⁸⁸
1639 885 1792 955 μέσῳ
1831 885 1927 938 τοῦ

345 981 548 1052 πυρὸς,
567 974 721 1032 εἶπεν
739 995 752 1008 ·
775 979 942 1048 (κς’.)
958 976 1263 1047 Εὐλογητὸς
1289 971 1358 1042 ei,
1378 975 1552 1047 Κύριε
1597 976 1626 1028 ὁ
1663 975 1795 1040 Θεὸς
1823 976 1932 1030 τῶν

346 1071 609 1142 πατέρων
651 1068 826 1140 ἡμῶν.
865 1068 961 1121 καὶ
991 1067 1200 1121 αἰνετὺν
1227 1067 1296 1132 ⁸ο,
1325 1066 1420 1120 καὶ
1455 1065 1841 1135 δεδοξασμένον
1870 1065 1931 1119 τὸ

345 1163 525 1232 ὄνομά
552 1177 646 1214 σου
678 1161 758 1223 είς
784 1159 913 1222 τοὺς
943 1156 1167 1221 αἰῶνας.
1198 1176 1217 1208 ι
1248 1157 1345 1221 Τίς
1387 1157 1453 1210 ἂν
1484 1156 1622 1224 πρὸς
1651 1157 1807 1221 ἀξίαν
1836 1155 1959 1209 τοῦ·

346 1252 642 1324 προοιμίου
664 1249 762 1321 τὴν
795 1249 986 1317 σοφίαν
1037 1247 1400 1319 θαυμάσειεν;
1430 1248 1566 1302 Οὐδὲ
1594 1249 1702 1319 γὰρ
1733 1249 1788 1302 ὲν
1835 1247 1930 1300 εὐ-

343 1344 562 1415 ημερίᾳ
589 1340 666 1395 ὢν
699 1341 794 1394 καὶ
827 1340 1091 1412 εὐκληρίᾳ
1115 1381 1131 1406 ,
1158 1339 1280 1393 οὐδὲ
1325 1339 1466 1394 κατὰ
1509 1338 1637 1411 ῥοῦν
1671 1338 1766 1392 τοῦ
1814 1337 1929 1408 βίου

343 1435 688 1506 φερομένου,
722 1433 836 1486 ἀλλ’
871 1434 929 1485 ὲν
975 1431 1191 1502 καμίνῳ
1239 1430 1477 1501 τοσαύτῃ
1510 1431 1603 1484 τὸν
1652 1430 1762 1483 τῶν
1793 1431 1930 1482 ὅλων

346 1520 514 1592 ὕμνει
529 1523 681 1587 Θεὸν,
700 1523 792 1576 καὶ
815 1520 998 1575 suam
1015 1518 1177 1573 αὐτὸν
1198 1519 1304 1573 τὸν
1314 1520 1358 1552 ⁸⁸
1369 1517 1822 1588 πατέρωνζθεὸν,
1838 1517 1932 1570 καὶ

344 1614 451 1686 τὴν
486 1614 582 1668 τοῦ
637 1615 984 1686 φρονήματος
1031 1612 1246 1675 δεικνὺς
1307 1609 1670 1682 μετριότητα,
1704 1608 1799 1661 καὶ
1822 1608 1931 1662 τῶν

349 1707 612 1778 πατέρων
653 1707 1043 1777 ἀνακηρύττων
1092 1704 1192 1776 τὴν
1228 1703 1450 1774 ἀρετήν.
1493 1698 1799 1770 Ὑμνοῦμεν
1823 1698 1930 1768 γάρ

350 1813 416 1849 σε
444 1838 459 1859 ,
495 1797 680 1868 φησὶν,
718 1789 762 1850 ὧ
812 1797 1094 1860 Δέσποτα,
1122 1796 1284 1864 ἡμεῖς
1330 1794 1382 1844 oi
1430 1791 1672 1862 πατέρας
1716 1790 1932 1860 ἔχοντες

2025 616 2144 691 {25]
2176 620 2240 674 Et
2293 621 2533 690 primum
2567 623 2796 680 Azarias
2828 641 2891 681 os
2935 642 3227 686 commune
3265 629 3516 698 eﬂ‘ectus,
3546 641 3601 690 et

2027 710 2258 767 ﬂammae
2288 711 2546 770 ﬂuctibus
2573 715 3038 788 circumspersus,

2106 913 2126 946 ι
2162 895 2450 965 Aperiens,
2481 895 2687 966 inquit,
2719 910 2783 952 os
2815 911 2977 951 suum
3007 897 3060 950 in
3097 898 3274 953 medio
3302 899 3470 968 ignis,
3513 902 3602 958 di—

2030 988 2150 1040 xit:
2183 983 2372 1054 (Vens.
2408 985 2527 1056 26.)
2565 984 2896 1041 Benedictus
2925 1001 3012 1053 es,
3043 985 3273 1045 Domine
3314 989 3460 1046 Dens
3498 1007 3598 1061 pa-

2033 1083 2176 1129 trum
2211 1083 2558 1140 nostrorum,
2582 1088 2636 1133 et
2669 1075 2967 1143 laudabile,
3011 1085 3064 1131 et
3092 1079 3458 1147 gloriﬁcatum
3498 1097 3600 1136 no-

2033 1183 2157 1223 men
2199 1176 2352 1221 tuum
2417 1167 2630 1239 1114Ι
2672 1169 2728 1222 ἰη
2775 1169 2998 1223 saecula.
3043 1189 3062 1221 ι
3104 1169 3240 1235 Quis
3287 1187 3387 1242 pro
3419 1173 3600 1243 digni-

2033 1266 2146 1314 tate
2178 1259 2434 1328 prooemii
2487 1259 2655 1328 hujus
2697 1260 3026 1329 sapientiam
3081 1263 3282 1329 poterit
3337 1263 3601 1319 laudare?

2030 1347 2217 1420 Neque
2245 1349 2390 1404 enim
2423 1349 2478 1403 in
2516 1348 2778 1405 felicitate
2820 1359 2914 1405 aut
2955 1353 3354 1422 tranquillitate
3391 1355 3601 1409 consti-
3677 1357 3681 1360 ’

2032 1448 2202 1504 tutus,
2238 1455 2418 1510 neque
2451 1441 2507 1494 in
2550 1455 2816 1511 prospero
2845 1441 2970 1497 vitae
3000 1458 3190 1510 cursu,
3227 1445 3322 1500 sed
3355 1445 3411 1500 in
3447 1446 3602 1515 ejus-

2031 1531 2180 1585 modi
2214 1529 2459 1594 fornace,
2489 1538 2773 1585 auctorem
2807 1533 3053 1587 omnium
3081 1549 3267 1590 rerum
3292 1536 3606 1592 celebrabat

2033 1618 2224 1680 Deum,
2260 1627 2315 1672 et
2344 1618 2512 1672 Deum
2551 1627 2765 1685 patrum
2805 1619 2962 1674 illum
2996 1623 3252 1686 vocabat,
3299 1632 3354 1679 et
3400 1626 3604 1681 mentis

2032 1706 2320 1763 declarans
2358 1707 2706 1773 modestiam,
2743 1717 2795 1764 et
2831 1718 3045 1778 patrum
3085 1713 3393 1782 praedicans
3426 1717 3602 1772 virtu-

2034 1805 2166 1850 tem.
2197 1794 2512 1852 Laudamus
2536 1796 2681 1851 enim
2711 1805 2791 1863 te,
2817 1797 3068 1864 Domine,
3095 1801 3294 1872 inquit,
3325 1818 3451 1868 nos,
3473 1805 3600 1875 qui-

345 1888 616 1952 ὲκείνους,
639 1880 713 1940 ὧν
735 1887 1005 1957 ἠθέλησας
1035 1885 1302 1956 κληθῆναι
1339 1883 1494 1947 Θεός.
1522 1883 1594 1936 Σὺ
1618 1881 1729 1953 γὰρ
1767 1879 1926 1946 εἶπας

2033 1887 2135 1943 bus
2157 1895 2343 1956 patres
2375 1887 2454 1941 illi
2486 1887 2661 1954 fuere,
2709 1905 2942 1960 quorum
2976 1891 3119 1949 Deus
3146 1896 3330 1951 vocari
3353 1874 3596 1954 voluisti-

345 1977 430 2048 τῷ
481 1977 769 2047 θεράποντι
801 1993 894 2030 σου
943 1979 1136 2048 Μωσῇο
1174 1995 1194 2028 ι
1225 1973 1367 2043 Ἐγὼ
1420 1975 1448 2026 ό
1483 1973 1616 2037 Θεὸς
1655 1973 1926 2046 Ἀϐραὰμ,

344 2068 450 2122 καὶ
504 2070 533 2122 ό
571 2067 703 2132 Θεὸς
737 2069 920 2122 Ἰσαὰκ
941 2110 957 2136 ,
989 2069 1084 2122 καὶ
1124 2069 1152 2121 ὁ
1193 2066 1325 2129 Θεὸς
1368 2065 1562 2118 Ἰακώϐ
1606 2066 1651 2098 ³⁸
1673 2081 1690 2097 ·
1723 2083 1743 2116 ›
1773 2064 1930 2118 τοῦτό

348 2176 450 2213 σου
486 2159 546 2213 τδ
596 2160 766 2230 δνομα
804 2159 1014 2215 αἰνετόν
1047 2161 1163 2212 ὲστι
1186 2197 1202 2224 ,
1239 2157 1333 2210 καὶ
1382 2155 1798 2226 δεδοξασμένον,
1832 2157 1932 2211 οὐκ

344 2253 410 2305 ἐν
441 2251 620 2324 καιρῷ
647 2269 752 2305 τινι
776 2252 870 2306 καὶ
897 2252 1074 2324 χρόνῳ
1093 2247 1262 2323 ῥητῷ,
1294 2247 1407 2303 ἀλλ’
1432 2249 1520 2314 εἰς
1539 2247 1768 2314 πάντας
1787 2248 1931 2315 τοὺς

340 2343 594 2410 αἰῶνας.

424 2433 530 2500 κζ’.
575 2453 595 2486 ‹
629 2434 753 2487 Ὀτι
805 2432 1016 2495 δίκαιος
1063 2427 1115 2484 εἰ
1158 2430 1251 2485 ὲπί
1305 2431 1490 2495 πᾶσιν,
1536 2424 1617 2493 οἷς
1669 2427 1930 2500 ἐποίησας

345 2526 510 2596 ἡμῖν.
553 2542 570 2575 ι
613 2523 924 2596 Ὺμνοῦμεν
965 2523 1023 2577 δέ
1064 2539 1147 2585 σε,
1193 2521 1347 2591 φησί,
1376 2519 1436 2574 τὸ
1477 2519 1684 2573 δίκαιον
1704 2519 1805 2590 τῆς
1832 2519 1931 2589 σῆς

345 2615 708 2685 ἐπιστάμενοι
743 2614 1004 2684 κρίσεωςο
1031 2611 1164 2683 ὀρθῇ
1212 2610 1322 2681 γὰρ
1351 2609 1447 2664 καὶ
1488 2607 1674 2680 δικαία
1725 2608 1932 2680 χρησάο

347 2706 579 2775 μενος⁰¹
607 2705 776 2775 ψήφῳ
827 2700 1383 2775 ἐξανδραποδισθῆναι
1407 2701 1576 2772 ἡμᾶς,
1615 2699 1708 2752 καὶ
1741 2698 1932 2770 πόρρω

345 2797 466 2851 τῶν
489 2796 710 2850 οἰκείων
734 2794 988 2865 γενέσθαι
1012 2793 1372 2867 προσέταξας.

428 2907 450 2940 ι
488 2887 600 2941 Καὶ
648 2887 828 2941 πάντα
859 2901 954 2938 σου
971 2885 1039 2953 ’³,
1083 2886 1236 2955 φησὶ,
1266 2884 1337 2938 τά
1369 2883 1509 2954 ἔργα
1552 2882 1801 2954 ἀληθινὰ,
1837 2881 1932 2935 καὶ

345 2980 563 3034 εὐθεῖαι
588 2979 647 3032 αἰ
677 2977 785 3032 ὁδοί
813 2994 928 3032 σου.
961 2978 1114 3047 (κη’.)
1156 2976 1268 3031 Καὶ
1300 2979 1473 3031 πᾶσαι
1512 2977 1568 3042 αἰ
1600 2975 1811 3046 κρίσεις
1837 2989 1931 3025 σου

346 3071 606 3144 ἀληθιναὶ
624 3071 691 3136 ⁸⁸,
718 3070 811 3124 καὶ
860 3069 1103 3141 κρίματα
1148 3067 1407 3138 ἀληθείας
1453 3066 1748 3137 ἐποίησας,
1791 3064 1932 3118 κατά

350 3162 533 3217 πάντα
564 3161 600 3216 ἃ
650 3162 929 3231 ἐπήγαγες
980 3160 1150 3230 ἡμῖν,
1178 3158 1277 3213 καὶ
1325 3158 1418 3212 ἐπὶ
1470 3157 1569 3229 τὴν
1631 3157 1787 3211 πόλιν
1832 3156 1932 3228 τὴν

351 3254 522 3322 ἁγίαν
549 3252 647 3323 τὴν
846 3225 1100 3322 πατέρων
1146 3251 1303 3320 ἡμῶν
1331 3225 1715 3321 Ἰερουσαλὴμ,
1747 3250 1829 3302 ὅτι
1875 3225 1933 3300 έν
1959 3225 2002 3284 c

348 3343 584 3415 ἀληθείᾳ
645 3343 740 3397 καὶ
801 3341 982 3413 κρίσει
1041 3342 1321 3412 ἐπήγαγες
1373 3340 1549 3394 ταῦτα
1609 3340 1789 3394 πάντα
1849 3340 1934 3408 ἐφ’

348 3437 501 3508 ἡμᾶς
517 3435 564 3467 ’⁵
598 3433 688 3486 διὰ
731 3433 831 3496 τὰς
884 3431 1159 3504 ἁμαρτίας
1201 3430 1384 3501 ἡμῶν.
1425 3449 1446 3482 ι
1479 3429 1589 3502 Τὴν
1634 3430 1802 3500 αὐτὴν
1837 3429 1935 3500 μὲν

345 3526 595 3580 διάνοιαν
633 3523 855 3577 ᾶπαντα
904 3522 1018 3593 ἔχει
1077 3521 1148 3575 τά
1202 3521 1473 3592 εἰρημένα
1516 3537 1531 3554 ο
1561 3521 1831 3592 διαφόρως
1877 3519 1935 3572 δὲ

346 3617 496 3671 αὐτὰ
523 3615 744 3687 εἴρηκε,
776 3615 878 3684 τὴν
920 3613 1134 3668 δικαίαν
1180 3614 1274 3667 τοῦ
1317 3612 1455 3666 Θεοῦ
1497 3613 1681 3685 κρίσιν
1726 3612 1931 3684 ὑμνῶν,

348 3707 452 3760 καὶ
500 3705 685 3776 χώραν
711 3702 968 3774 οὐδεμίαν
993 3705 1058 3773 τῇ
1091 3703 1386 3774 ἀχαριστίᾳ
1413 3701 1608 3766 διδούς.
1639 3702 1738 3756 Διά
1777 3701 1936 3755 τοῦτο

347 3800 449 3854 καὶ
475 3798 574 3868 τῆς
608 3795 966 3868 Ἰερουσαλήμ
997 3793 1402 3866 μνημονεύσας,
1439 3795 1533 3848 καὶ
1564 3795 1742 3863 ἁγίαν
1766 3792 1934 3864 αὑτήν

348 3889 650 3960 ὀνομάσας.
680 3887 776 3941 καὶ
800 3885 920 3940 τῶν
943 3887 1216 3956 πατέρων
1238 3888 1484 3941 ἐκείνων
1509 3886 1617 3938 τῶν
1663 3885 1935 3938 ἐκλεκτῶν

349 3980 538 4033 πόλιν
555 3976 1024 4049 προσαγορεύσας,
1049 3976 1210 4041 εὐθὺς
1232 3977 1330 4048 την
1355 3976 1454 4046 τῆς
1468 3973 1739 4046 τιμωρίας
1753 3974 1934 4028 αἰτίαν

351 4068 660 4139 ἐπήγαγεο

428 4174 450 4210 σ
495 4154 680 4210 Ταῦτα
725 4155 927 4221 πάντα,
979 4153 1166 4225 φησὶν,
1201 4152 1484 4222 ἐπήγαγες
1533 4151 1620 4220 ἐφ’
1654 4151 1804 4221 ἡμᾶς
1842 4148 1933 4203 διὰ

347 4247 450 4312 τὰς
519 4247 799 4320 ἁμαρτίας
849 4246 1028 4318 ήμῶν.
1071 4244 1222 4315 (κθ⁹.)
1268 4244 1390 4298 Ὅτι
1445 4242 1769 4314 ἡμάρτομεν
1835 4240 1933 4294 καὶ

349 4339 708 4409 ήνομήσαμεν
734 4338 1070 4399 ἀποστάντες
1089 4337 1137 4370 ⁸⁸
1152 4335 1259 4390 ἀπὸ
1289 4333 1402 4388 σοῦ.
1430 4353 1448 4387 ι
1485 4334 1559 4386 Οὐ
1584 4333 1694 4402 γὰρ
1727 4331 1925 4404 μάτην,

351 4424 512 4495 φησί,
563 4427 660 4480 καὶ
710 4425 777 4496 ἢν
807 4424 1124 4495 ἀφιέρωσας
1183 4423 1511 4495 παρέδωκας
1534 4423 1580 4456 ’⁷
1619 4423 1774 4476 πόλιν
1819 4424 1934 4486 τοῖς

350 4517 657 4588 πολεμίοις,
705 4517 802 4570 καὶ
843 4518 996 4588 ἡμᾶς
1023 4515 1214 4579 εἴασας
1245 4514 1618 4587 δορυαλώτους
1650 4514 1926 4582 γενέσθαι,

347 4607 470 4660 ἀλλ’
511 4624 532 4658 ι
567 4608 650 4661 ὅτι
697 4607 1052 4677 ἡμάρτομεν,
1093 4606 1188 4659 καί
1217 4606 1575 4676 ήνομήσαμεν
1600 4604 1930 4666 ἀποστάντες

346 4699 462 4754 ἀπὸ
490 4696 608 4753 σοῦ.
632 4718 652 4752 ι
685 4699 892 4770 Πολλὴν
911 4698 969 4752 δὲ
1009 4697 1249 4769 ἔμφασιν
1278 4697 1388 4768 ἔχει
1409 4698 1469 4751 τὸ
1508 4696 1625 4752 ἀπὸ
1642 4696 1782 4761 σοῦ,
1809 4696 1932 4749 ἀντὶ

349 4791 471 4855 τοῦ,
511 4791 620 4846 Τοῦ
658 4790 893 4863 Ποιητοῦ
927 4791 1023 4844 καὶ
1051 4789 1393 4861 Δημιουργοῦ
1417 4827 1432 4854 ,
1463 4785 1556 4842 τοῦ
1593 4786 1798 4856 ἀγαθοῦ
1830 4788 1929 4840 Δε-

350 4883 555 4934 σπότου
575 4921 592 4946 ,
619 4880 713 4935 τοῦ
745 4880 988 4954 τροφέως
1007 4919 1022 4944 ,
1063 4879 1158 4934 καὶ
1192 4879 1451 4948 φύλακος,
1495 4876 1589 4930 τοῦ
1637 4877 1738 4948 τῆς
1767 4879 1932 4946 Αἰγυ-

349 4971 526 5025 πτίων
541 4971 785 5036 δουλείας
808 4969 1336 5035 ἀπαλλάξαντος.τοῦ
1361 4968 1627 5023 θάλατταν
1653 4984 1712 5020 τε
1720 4967 1931 5038 μόντος,

349 5063 446 5119 τοῦ
471 5063 540 5119 δι’
586 5063 824 5119 ἀϐύσσου
866 5063 1302 5134 ποδηγήσαντος,
1348 5059 1444 5114 τοῦ
1504 5059 1711 5129 πέτραν
1760 5058 1930 5128 ξηρὰν

434 5227 450 5255 ³
477 5215 656 5272 Exod.
683 5230 767 5280 In,
796 5212 853 5270 6.

2027 1978 2110 2033 Tu
2145 1980 2291 2035 enim
2337 1979 2528 2034 dixisti
2587 1978 2794 2036 famulo
2844 1989 2938 2037 tuo
2991 1983 3127 2040 Mosi
3173 2005 3186 2041 :
3236 2003 3256 2037 ι
3294 1986 3408 2058 Ego
3454 1987 3602 2044 Deus

2028 2071 2348 2137 Abrahami,
2373 2079 2427 2126 et
2457 2073 2601 2127 Deus
2639 2072 2835 2137 lsaaci,
2861 2082 2916 2129 et
2945 2074 3089 2132 Deus
3109 2075 3298 2134 Jacobi
3337 2081 3355 2120 ί
3391 2099 3405 2135 :
3437 2099 3456 2132 ι
3497 2081 3602 2137 hoc

2029 2170 2184 2218 tuum
2218 2178 2417 2217 nomen
2453 2162 2731 2220 laudabile
2761 2171 2882 2230 est,
2934 2174 2989 2222 et
3031 2167 3357 2240 gloriosum,
3391 2187 3503 2227 non
3542 2174 3601 2228 in

2032 2253 2216 2322 aliquo
2245 2252 2471 2309 deﬁnito
2501 2255 2932 2328 praescriptoque
2965 2266 3233 2330 tempore,
3265 2264 3363 2320 sed
3393 2265 3448 2320 in
3480 2284 3598 2322 om-

2031 2344 2121 2399 nia
2157 2345 2374 2400 saecula.

2105 2433 2271 2490 Vens.
2309 2435 2401 2490 27.
2448 2455 2468 2487 ι
2507 2435 2645 2502 Quia
2670 2437 2856 2508 justus
2885 2454 2946 2496 es
2987 2441 3045 2497 in
3077 2443 3338 2501 omnibus
3367 2462 3490 2516 quae
3517 2446 3599 2503 fe-

2031 2524 2158 2581 cisti
2197 2526 2378 2580 nobis.
2406 2544 2425 2577 ι
2461 2526 2777 2586 Laudamus
2811 2537 3018 2596 autem,
3045 2533 3245 2605 inquit,
3282 2544 3355 2604 te,
3383 2537 3598 2607 justum

2032 2621 2187 2671 tuum
2225 2616 2494 2686 judicium
2535 2627 2900 2688 agnoscentes
2933 2641 2946 2677 :
2983 2634 3137 2680 recta
3179 2627 3330 2682 enim
3361 2635 3416 2684 et
3444 2629 3598 2699 justa

2031 2706 2100 2762 de
2127 2707 2290 2762 nobis
2328 2708 2438 2763 lata
2475 2711 2773 2774 sententia,
2809 2712 2864 2767 in
2909 2715 3228 2771 servitutem
3269 2733 3371 2774 nos
3401 2719 3600 2792 redigi,

2031 2805 2086 2852 et
2115 2799 2308 2867 procul
2347 2813 2378 2852 a
2409 2799 2587 2869 patria
2616 2801 2867 2870 captivos
2899 2803 3100 2859 abduci
3132 2809 3464 2877 praecepisti.

2109 2905 2132 2938 ¢
2157 2887 2222 2942 Et
2255 2888 2536 2953 universa,
2568 2889 2768 2958 inquit,
2784 2905 2950 2961 opera
2973 2900 3070 2947 tua
3100 2909 3252 2961 vera,
3285 2907 3340 2952 et
3370 2900 3469 2956 viae
3495 2908 3605 2958 tuae

2034 2987 2214 3033 rectas.
2247 2976 2437 3048 (Vens.
2467 2979 2582 3050 28.)
2623 2981 2689 3035 Et
2717 2983 2902 3036 omnia
2944 2983 3155 3054 judicia
3189 2997 3282 3042 tua
3332 3006 3483 3056 vera,
3547 3003 3606 3050 et

2030 3065 2239 3136 judicia
2267 3069 2518 3126 veritatis
2549 3068 2751 3136 iecisti,
2789 3073 2949 3142 juxta
2976 3076 3159 3130 omnia
3189 3095 3312 3148 quae
3341 3081 3604 3140 induxisti

2036 3158 2216 3222 nobis,
2253 3167 2306 3213 et
2335 3174 2500 3229 super
2539 3161 2815 3217 civitatem
2849 3174 3095 3220 sanctam
3134 3177 3349 3238 patrum
3385 3182 3608 3230 nostro-

2038 3262 2181 3314 rum,
2213 3245 2669 3320 Hierosolymam,
2691 3251 2819 3320 quia
2845 3253 2899 3307 in
2937 3256 3164 3312 veritate
3185 3266 3238 3312 et
3263 3257 3474 3328 judicio
3504 3261 3607 3317 ad-

2037 3337 2245 3394 duxisti
2281 3338 2396 3393 htec
2423 3342 2609 3394 omnia
2651 3357 2817 3411 super
2845 3359 2949 3399 nos
2979 3355 3207 3415 propter
3237 3359 3467 3418 peccata
3497 3369 3603 3408 no-

2036 3439 2172 3486 stra.
2210 3448 2230 3483 ι
2268 3429 2525 3486 Eamdem
2570 3433 2901 3488 sententiam
2942 3438 2959 3458 ⁶
3002 3435 3207 3492 habent
3259 3443 3444 3496 omnia
3480 3460 3605 3513 qua:

2035 3520 2185 3575 dicta
2215 3527 2369 3584 sunt,
2405 3519 2559 3575 varie
2605 3529 2792 3578 tamen
2845 3536 2908 3576 ea
2952 3525 3204 3594 protulit,
3236 3525 3446 3594 justum
3511 3529 3606 3585 Dei

2034 3607 2326 3664 celebrans
2355 3608 2644 3678 judicium,
2675 3615 2730 3663 et
2768 3610 2980 3665 nullum
3032 3613 3229 3682 ingrati
3274 3616 3440 3670 animi
3473 3619 3608 3674 vitio

2035 3699 2218 3756 locum
2253 3700 2595 3771 relinquens.
2624 3701 2835 3758 idcirco
2873 3718 3000 3758 cum
3030 3703 3422 3778 Hierosolyma:
3451 3725 3609 3766 men-

2034 3789 2239 3845 tionem
2283 3790 2530 3857 fecisset,
2577 3799 2633 3846 et
2667 3801 2908 3847 sanctam
2941 3794 3116 3863 ipsam
3152 3799 3503 3867 appellasset,
3542 3816 3608 3856 ac

2033 3890 2244 3950 patrum
2284 3882 2502 3935 illorum
2549 3882 2850 3937 electorum
2901 3886 3164 3940 civitatem
3205 3901 3604 3960 nuncupasset,

2039 3971 2250 4040 1115
2281 3973 2469 4026 statim
2500 3986 2789 4042 poenarum
2822 3989 3050 4031 causam
3082 3977 3321 4046 adjecit:

2108 4168 2127 4202 ι
2154 4147 2280 4203 Haec
2303 4146 2509 4212 omnia,
2542 4146 3031 4216 inquit,adduxisti
3060 4165 3230 4220 super
3249 4167 3351 4209 nos
3373 4165 3606 4228 propter

2032 4247 2258 4310 peccata
2299 4245 2513 4293 nostra.
2562 4237 2754 4304 (Vens.
2803 4237 2918 4309 ‘29.)
2965 4237 3325 4300 Peccavimus
3353 4247 3524 4314 enim,
3552 4260 3606 4303 et

2033 4332 2223 4402 inique
2255 4330 2470 4401 egimus
2505 4329 2826 4386 recedentes
2860 4345 2891 4385 a
2932 4340 3002 4386 te.
3048 4350 3066 4383 ι
3098 4330 3218 4387 Νοη
3250 4334 3394 4389 enim
3433 4345 3606 4393 teme-

2032 4441 2115 4488 re,
2153 4423 2351 4494 inquit,
2381 4430 2436 4477 et
2484 4437 2648 4492 quam
2682 4436 3114 4481 consecraveras
3157 4426 3372 4494 urbem,
3407 4436 3463 4484 et
3503 4445 3606 4484 nos

2034 4516 2180 4572 bello
2229 4521 2463 4584 captos,
2524 4513 2778 4567 hostibus
2836 4514 3084 4584 captivos
3132 4515 3446 4580 tradidisti,
3507 4518 3605 4573 sed

2041 4624 2062 4658 ι
2093 4607 2224 4676 quia
2253 4601 2636 4673 peccavimus,
2669 4609 2724 4656 et
2755 4601 2945 4673 inique
2973 4604 3188 4674 egimus
3218 4605 3534 4660 recedentes
3571 4620 3604 4659 a

2035 4699 2108 4747 te.
2159 4710 2178 4743 ι
2211 4689 2547 4759 Multamque
2572 4690 2857 4760 emphasin
2901 4692 3065 4746 habet
3099 4691 3234 4746 illud
3270 4709 3304 4746 a
3349 4702 3418 4757 te,
3443 4695 3603 4763 quasi

2037 4785 2202 4849 dicat,
2228 4786 2270 4836 A
2295 4791 2348 4838 te
2371 4780 2606 4836 Factore
2627 4789 2682 4836 et
2702 4781 2933 4850 Opilice,
2959 4783 3104 4837 bono
3126 4783 3280 4847 hero,
3302 4785 3604 4851 nutritore,

2037 4882 2091 4930 et
2122 4873 2371 4938 custode,
2403 4874 2496 4943 qui
2532 4874 2604 4928 ab
2633 4870 3017 4943 Egyptiorum
3048 4874 3314 4929 servitute
3341 4889 3444 4929 nos
3469 4875 3609 4932 libe-

2037 4967 2194 5032 rasti,
2235 4964 2330 5036 qui
2381 4979 2533 5020 mare
2579 4965 2830 5030 secuisti,
2885 4965 2978 5035 qui
3041 4980 3138 5035 per
3196 4966 3454 5037 abyssum
3504 4982 3607 5023 nos

2040 5055 2268 5120 duxisti,
2299 5055 2391 5129 qui
2427 5062 2636 5126 petram
2672 5053 2880 5110 aridam
2915 5069 3232 5125 percussam
3267 5057 3449 5112 fontes
3473 5056 3608 5113 edu-

1654 5361 1890 5419 VARIIE
1923 5356 2335 5420 LECTIONES.

424 5518 474 5550 “
505 5515 602 5571 xui.
635 5515 876 5588 πρῶτον,
910 5530 963 5567 κ.
1004 5529 1056 5567 τ.
1090 5511 1142 5566 λ.
1175 5512 1422 5594 Hymnus
1481 5506 1650 5562 trium
1688 5517 1984 5575 puerorum
2029 5503 2123 5584 qui
2168 5516 2314 5558 vers.
2349 5500 2440 5565 25,
2485 5497 2576 5564 90,
2617 5498 2901 5568 sequitur,
2935 5497 2994 5560 in
3030 5497 3158 5582 god.
3195 5497 3425 5584 August.
3468 5513 3608 5619 go-

424 5602 465 5619 ιι.
498 5587 530 5619 ι.
584 5586 600 5619 ι
655 5584 919 5619 εηερρίη..
993 5582 1038 5617 ετ
1067 5581 1347 5619 ιιι-νηηηηρ
1430 5577 1478 5610 ιο
1504 5579 1563 5619 λυ
1591 5603 1660 5618 ...ο
1689 5572 1880 5619 πυρόε-
1945 5571 2072 5619 Des-
2103 5588 2157 5619 In
2182 5571 2249 5619 A.
2333 5569 2451 5619 "A
2500 5568 2733 5619 αἰνετός.
2814 5569 2861 5601 ⁸⁸
2894 5567 2938 5619 Β
2986 5583 3117 5619 των.
3192 5567 3432 5619 ⁹¹Βὲγω
3546 5567 3606 5619 ὸς

350 5602 467 5680 que
497 5567 623 5643 hil.
642 5567 940 5642 inseritur.
993 5582 1038 5617 ⁸⁷
1066 5581 1107 5637 Β
1133 5567 1366 5652 πρῶτος.
1430 5577 1478 5610 ⁸⁸
1504 5579 1563 5631 ὲν
1591 5603 1660 5618 --
1689 5567 1906 5652 πυρός..
1944 5567 2072 5629 υθέ.
2103 5573 2157 5627 in
2182 5571 2249 5626 A.
2333 5569 2379 5602 ”
2406 5569 2451 5623 A
2500 5567 2733 5632 αἰνετός.
2814 5569 2861 5601 ’⁸
2894 5567 2938 5622 Β
2959 5567 3117 5651 ⁷τῶν.
3192 5567 3236 5601 ’ί
3258 5567 3303 5619 Β
3322 5567 3432 5634 ἐγὼ
3474 5567 3606 5628 Θεὸς

394 5655 618 5680 sane“
668 5655 757 5680 -..Α
794 5652 978 5680 ’πρ-ι...
1005 5652 1095 5680 ,μή
1144 5647 1337 5680 ’1-υιξικ
1425 5649 1472 5680 ος
1493 5663 1564 5680 νη
1619 5644 1676 5680 1η
1711 5644 1752 5680 n
1783 5648 2004 5680 nnnnlnr
2034 5640 2355 5680 nnclzlrhmm,
2436 5639 2484 5672 ’³
2516 5655 2631 5680 «nu.
2673 5637 2729 5680 In
2766 5638 2808 5680 Π
2847 5646 3069 5680 nnnllnr
3097 5644 3216 5680 ηηεί
3255 5635 3412 5680 ἔργα.-
3482 5634 3529 5668 ﬂ
3561 5637 3600 5680 Α

383 5641 644 5778 Aefulae,
668 5641 763 5710 καὶ
794 5652 980 5708 Ἰσαὰκ
1005 5652 1100 5705 καὶ
1144 5641 1358 5703 ἰἀκὼδ.
1425 5649 1472 5681 ”
1493 5663 1583 5717 χρ.
1619 5644 1676 5699 1η
1711 5644 1752 5698 Β
1773 5641 2004 5710 ponitur
2034 5649 2160 5710 post

383 5736 412 5778 tt
512 5725 752 5778 ἀληθεῖς.
849 5724 895 5757 ⁸³
931 5723 1017 5778 ἐφ’
1046 5722 1144 5774 ἢν..
1184 5718 1286 5774 Des
1314 5719 1369 5773 in
1397 5716 1463 5772 Α.
1549 5715 1596 5749 ⁸⁸
1629 5716 1726 5770 ἀπ.
1772 5712 1849 5766 Ita
1889 5713 1929 5765 Α
1983 5712 2078 5767 sed
2109 5709 2150 5764 Β

350 5709 412 5796 et
446 5709 487 5778 II
512 5709 752 5796 ἀληθεῖς.
849 5724 895 5757 ’⁵
931 5723 1017 5790 ἐφ’
1046 5722 1144 5791 tu.
1184 5718 1286 5774 Des
1314 5719 1369 5773 in
1397 5716 1463 5772 Α.
1495 5709 1596 5749 ”’⁹⁶
1629 5716 1726 5770 ἀπ.
1772 5709 1849 5766 [ια
1889 5713 1929 5765 Α
1983 5709 2078 5767 sed
2109 5709 2150 5764 Β
2189 5709 2244 5766 l1.

351 5794 556 5858 δωκας.

2436 5639 2484 5672 ’³
2516 5655 2634 5692 σου.
2672 5637 2731 5694 In
2766 5638 2808 5693 B
2847 5641 3069 5706 ponitur
3096 5644 3216 5706 post
3255 5635 3412 5706 ἔργα.
3482 5634 3533 5706 ’ξ
3559 5637 3603 5706 _A

2254 5657 2359 5712 φῳ.
2438 5657 2484 5672 υ-
2516 5657 2634 5692 σου.
2672 5657 2731 5694 In
2767 5657 2808 5693 υ
2847 5657 3069 5706 ponitur
3096 5657 3216 5706 post
3255 5657 3412 5703 εργα.
3484 5657 3529 5668 -ν
3559 5657 3603 5687 Λ

2303 5713 2338 5764 l.
2371 5717 2424 5766 et
2467 5708 2728 5776 deinceps
2757 5707 3083 5776 ἀποστῆναι.
3168 5706 3212 5736 ’⁷
3273 5705 3314 5759 Β
3365 5704 3604 5776 παραδέ-

2303 5706 2338 5764 l.
2371 5717 2424 5766 et
2467 5708 2728 5778 deinceps
2757 5707 3083 5778 ἀποστῆναι.
3168 5706 3212 5736 ’⁷
