4070 6404
491 399 620 462 132⁵1

1442 392 1927 454 THEODORETI
1957 391 2291 452 EPISCOPI
2325 393 2687 454 CYRENSIS

3606 385 3746 452 “r328

487 530 616 569 cere
660 513 904 584 jussisti,
946 511 1162 578 aliaque
1195 509 1380 564 omnia
1412 509 1554 562 bona
1589 507 1792 562 litteris
1831 505 2056 577 prodita

2166 506 2318 564 ὠδῖσι
2370 505 2594 576 πληγῶν
2613 505 2659 542 9⁸
2683 501 3150 567 κατακλύσαντος,
3182 499 3276 556 τοῦ
3312 501 3358 553 τ’
3388 499 3526 556 ἄλλα
3558 499 3742 556 πάντα

490 609 652 664 nobis
680 603 1065 674 suppeditasti.
1104 600 1461 658 Peccavimus
1499 599 1686 668 itaque
1733 597 2061 656 recedentes

489 712 622 762 ate,
664 715 681 746 ι
720 695 788 749 Ει
827 694 1160 762 deliquimus
1201 691 1254 746 in
1299 691 1542 746 cunctis.
1592 709 1610 741 ι
1671 688 1865 760 Neque
1912 689 2060 744 enim

491 789 591 840 hoc
653 785 735 840 vel
786 782 921 836 illud
979 779 1324 844 violavimus,
1394 777 1490 836 sed
1541 778 1728 833 omnia
1788 785 2062 848 praecepta

488 888 600 932 tua.

555 969 722 1023 Vens.
774 966 860 1021 30.
910 984 929 1018 ι
978 963 1044 1019 Ει
1095 963 1353 1019 mandata
1382 963 1519 1034 legis
1554 970 1663 1017 tua:
1702 978 1811 1016 non
1846 961 2064 1016 audivi-

487 1079 632 1127 mus,
675 1076 776 1115 nec
804 1057 1221 1113 observavimus
1242 1070 1329 1119 ea,
1357 1070 1462 1110 nec
1494 1054 1729 1109 fecimus
1753 1054 1901 1109 sicut
1925 1067 2065 1123 pra:-

477 1167 715 1222 reperas
746 1151 926 1215 nobis,
963 1157 1023 1203 ut
1049 1148 1188 1202 bene
1213 1146 1379 1202 nobis
1407 1152 1578 1201 esset.
1619 1164 1638 1196 ›
1679 1144 1747 1199 Et
1777 1145 1907 1198 hinc
1936 1159 2062 1198 rur—

487 1263 582 1302 sus
639 1245 862 1316 pietatis
915 1257 982 1297 ac
1032 1239 1318 1312 sapientia:
1369 1239 1748 1308 praestantiam
1797 1237 2059 1292 ostendit.

487 1337 694 1408 Legum
741 1335 976 1389 enimet
1037 1328 1427 1384 mandatorum
1477 1327 1816 1391 observatio,
1863 1326 2063 1393 inquit,

488 1430 590 1484 ti'bi
629 1427 850 1497 quidem
894 1423 1197 1495 legislatori
1248 1420 1389 1482 nihil
1420 1419 1717 1491 praebebat,
1757 1417 1921 1474 nobis
1965 1434 2066 1471 au-

491 1530 602 1572 tem
634 1521 906 1573 bonorum
950 1513 1346 1570 abundantiam
1383 1509 1746 1566 conciliabat.
1799 1507 1913 1562 Hac
1959 1509 2065 1578 igi-

493 1622 580 1664 tur
608 1609 676 1663 de
709 1622 898 1671 causa,
923 1613 978 1660 et
1005 1606 1152 1674 leges
1184 1603 1308 1657 illas
1335 1615 1623 1671 posueras,
1654 1611 1708 1654 ut
1737 1600 1898 1654 nobis
1929 1600 2064 1654 sub-

492 1703 835 1758 ministrares
876 1713 1099 1753 causam
1159 1694 1378 1752 salutis.
1407 1693 1638 1760 Quando
1682 1693 1868 1762 itaque
1906 1691 2066 1761 jussa

492 1805 604 1857 tua,
641 1792 847 1863 inquit,
881 1789 1235 1852 violavimus,

2162 600 2495 670 ἀνάγραπτα
2523 597 2704 666 ἀγαθά
2724 595 3150 670 χορηγήσαντας.
3188 591 3545 664 Ἦμάρτομεν
3565 591 3743 648 τοίνυν

2162 691 2501 754 ἀποστάντες
2523 689 2631 746 ἀπὸ
2662 691 2756 742 σοῦ
2776 705 2788 719 ο
2814 705 2832 738 ι
2857 687 2968 740 Καὶ
3000 684 3381 756 ἐξημάρτομεν
3409 685 3469 737 ἐν
3503 685 3689 742 πᾶσιν.
3719 701 3740 736 ι

2165 779 2242 837 Ού
2269 781 2378 852 γὰρ
2402 781 2545 845 τόδε,
2573 780 2606 851 ἢ
2638 779 2755 832 τόδε
2784 777 3130 850 παρέϐημεν,
3163 775 3300 836 ἀλλά
3340 776 3519 832 πάντα
3548 791 3644 830 σου
3675 775 3744 830 τὰ

2163 874 2576 943 προστάγματα.

2237 966 2300 1022 λ’.
2339 983 2356 1018 ι
2396 965 2506 1020 Καὶ
2533 963 2642 1018 τῶν
2664 962 2894 1018 ἐντολῶν
2918 963 3012 1018 τοῦ
3046 963 3213 1034 νόμου
3242 965 3286 996 ³³
3319 979 3413 1016 σου
3443 962 3543 1016 οὐκ
3575 961 3740 1033 ἠκού-

2164 1073 2337 1127 σαμεν
2356 1095 2372 1120 ,
2397 1056 2521 1110 οὐδὲ
2571 1054 2915 1124 ἐφυλάξαμεν
2944 1053 3112 1118 αύτάς
3135 1055 3177 1117 ⁸,
3208 1053 3329 1108 οὐδὲ,
3377 1055 3742 1124 ἐποιήσαμεν,

2163 1145 2345 1210 καθὼς
2377 1147 2630 1200 ἐνετείλω
2680 1147 2837 1216 ἡμῖν,
2871 1145 2962 1199 ἶνα
2993 1141 3052 1199 εὖ
3093 1147 3228 1215 ἡμῖν
3265 1149 3515 1214 γένηται.
3543 1163 3562 1194 ι
3601 1145 3748 1198 Κάν-

2161 1238 2335 1294 ταῦθα
2366 1239 2525 1292 πάλιν
2557 1237 2656 1309 τὴν
2680 1237 2779 1308 τῆς
2802 1236 3084 1300 εὐσεϐείας
3122 1235 3255 1290 καὶ³
3283 1235 3476 1306 σοφίας
3509 1233 3746 1298 ἐδειξεν³

2163 1331 2494 1402 ὑπερϐολήν.
2529 1330 2591 1383 Ἦ
2623 1330 2730 1400 γὰρ
2762 1328 2872 1382 τῶν
2900 1329 3104 1398 νόμων,
3143 1328 3300 1398 φησὶ,
3340 1324 3566 1380 καὶτῶν
3591 1327 3746 1380 ἐντο-

2164 1423 2272 1476 λῶν
2303 1421 2540 1493 φυλακὴ.
2579 1422 2662 1474 σοὶ
2695 1421 2794 1492 μὲν
2834 1420 2914 1490 τῷ
2961 1419 3225 1490 νομοθέτῃ
3280 1420 3541 1487 παρεῖχεν
3567 1417 3745 1480 οὐδὲν,

2165 1517 2298 1587 ἡμῖν
2326 1515 2383 1568 δὲ
2424 1513 2647 1582 ἀγαθῶν
2700 1512 2968 1582 ἀφθονίαν
2996 1510 3276 1582 προεξένει
3299 1527 3312 1540 ·
3343 1509 3535 1563 τούτου
3564 1508 3747 1562 τοίνυν

2164 1609 2326 1678 χάριν
2353 1607 2451 1660 καὶ
2478 1607 2606 1670 τοὺς
2641 1605 2840 1674 νόμους
2869 1604 3170 1666 ἐτεθείκεις
3201 1601 3464 1667 ἐκείνους,
3490 1600 3747 1672 ἀφορμὰς

2164 1703 2298 1770 ἡμῖν
2323 1699 2577 1771 χορηγῶν
2605 1697 2897 1769 σωτηρίας.
2931 1695 3152 1767 Ἐπειδὴ
3179 1695 3383 1760 τοίνυν,
3415 1692 3575 1764 φησὶ,
3604 1709 3750 1764 παρ-

2166 1791 2263 1862 έϐη
2273 1809 2395 1862 μεν,

561 1862 730 1940 Vens.
770 1885 857 1938 5t.
905 1901 922 1934 ι
961 1881 1156 1936 Omnia
1190 1891 1538 1949 quaecunque
1565 1875 1846 1934 adduxisti
1897 1890 2063 1946 super

2239 1885 2341 1939 λα’.
2375 1901 2393 1936 ι
2439 1883 2625 1940 Πάντα
2663 1881 2763 1935 ὅσα
2793 1881 2927 1952 ἡμῖν
2967 1880 3272 1952 ἐπήγαγες,
3292 1880 3390 1935 καὶ
3433 1883 3610 1938 πάντα
3642 1883 3749 1937 ὅσα

489 1993 612 2041 nos,
662 1984 716 2031 et
755 1975 937 2030 omnia
973 1985 1323 2043 quaecunque
1372 1969 1553 2025 fecisti
1607 1968 1794 2031 nobis,
1846 1968 1904 2020 in
1935 1981 2066 2022 vero

485 2067 695 2138 judicio
740 2065 941 2120 fecisti.
984 2082 1002 2116 ι
1043 2061 1278 2131 Dignum
1333 2070 1424 2114 est
1474 2056 1626 2114 enim
1672 2063 1899 2126 peccato
1935 2070 2066 2124 sup-

490 2159 734 2230 plicium;
777 2155 921 2225 quod
953 2151 1153 2207 deinde
1185 2150 1491 2206 ostendens
1521 2149 1748 2216 subiicit
1783 2163 1798 2202 :

564 2247 728 2304 Vens.
771 2247 858 2301 52.
907 2265 924 2297 ι
969 2244 1037 2299 Ει
1073 2243 1348 2300 tradidisti
1387 2241 1601 2320 1116
1628 2254 1732 2296 nos
1765 2240 1821 2294 in
1865 2253 2066 2296 manus

490 2343 830 2412 iniquorum,
874 2336 1411 2398 inimicissimorum,
1461 2333 1972 2405 prmvaricatoruui,
2010 2338 2066 2388 et

490 2435 607 2505 regi
641 2431 850 2502 injusto
887 2437 943 2484 et
977 2427 1219 2500 pessimo
1249 2439 1416 2495 super
1451 2439 1669 2485 omnem
1709 2434 1914 2482 terram
1949 2432 2066 2478 tra-

489 2524 675 2581 didisti
707 2539 830 2580 nos.
877 2540 894 2574 ι
952 2519 1087 2574 Nam
1119 2517 1246 2589 quia
1297 2525 1350 2572 te
1386 2531 1496 2571 non
1522 2516 1819 2581 coluimus,
1858 2516 2064 2586 Regem

488 2627 773 2686 nostrum,
814 2631 1006 2672 verum
1045 2613 1346 2670 bonitatem
1395 2620 1551 2668 tuam
1595 2611 2060 2681 contempsimus,

487 2711 688 2766 merito
721 2722 822 2762 nos
843 2703 1256 2768 crudelissimo,
1285 2709 1340 2758 et
1377 2701 1764 2767 infestissimo,
1796 2711 1851 2758 et
1881 2703 2066 2756 omnis

483 2800 629 2870 juris
681 2813 918 2870 prorsus
976 2796 1172 2867 ignaro
1203 2795 1414 2850 servire
1462 2793 1695 2863 coegisti
1753 2793 1918 2863 regi:
1975 2792 2065 2847 cui

489 2892 722 2962 subjecti
762 2889 949 2961 populi
989 2887 1154 2958 regiae
1184 2885 1527 2960 improbitatl
1553 2883 1933 2940 consentiunt.
1961 2882 2066 2937 Ve-

488 2991 800 3039 rumtamen
833 2984 890 3036 in
918 2989 997 3036 tot
1021 2980 1185 3034 malis
1216 2985 1528 3040 versantes,
1561 2991 1780 3032 omnem
1802 2976 2064 3046 loquendi

490 3079 796 3134 libertatem
831 3075 1143 3136 antisimus,
1174 3081 1232 3128 et
1287 3085 1400 3140 pra:
1447 3069 1660 3140 pudore
1706 3070 1807 3124 tibi
1858 3071 2066 3140 suppli-

487 3186 616 3226 care
676 3169 1093 3240 prohibemur:
1145 3166 1250 3219 hoc
1299 3163 1448 3217 cnim
1508 3162 1807 3232 signiﬁcat,
1865 3165 1882 3184 ‘

487 3263 564 3316 ait
586 3281 597 3316 :

563 3354 725 3409 Vens.
769 3354 857 3408 '55.
896 3370 913 3403 ι
955 3349 1017 3404 Et
1062 3365 1209 3404 nunc
1248 3365 1359 3404 non
1393 3360 1691 3418 possumus
1723 3343 1939 3412 aperire
1977 3358 2063 3410 os,

486 3445 746 3503 confusio
791 3453 847 3500 et
889 3443 1245 3513 cpprobrium
1290 3441 1422 3495 facti
1474 3454 1668 3494 sumus
1716 3438 1894 3494 servis
1932 3439 2064 3502 tuis,

487 3546 542 3591 et
589 3537 662 3591 iis
709 3536 802 3604 qui
847 3535 1038 3588 colunt
1071 3540 1145 3588 te.
1199 3551 1218 3583 ι
1267 3529 1525 3596 Obturat,
1573 3529 1772 3599 inquit,
1813 3527 1972 3584 nobis
2002 3543 2067 3584 os

488 3625 789 3680 multitudo
827 3625 1136 3688 scelerum;
1167 3621 1287 3684 sed,
1324 3619 1579 3691 quamvis
1621 3619 1936 3690 upprobriis
1970 3619 2068 3673 ob-

489 3717 669 3783 noxii,
701 3725 758 3772 et
786 3715 1023 3779 ridiculi,
1063 3722 1228 3784 atque
1272 3712 1540 3783 ejusmodi
1573 3711 1700 3766 facti
1748 3726 1962 3776 ennius,
2009 3717 2068 3764 ut

489 3825 592 3864 nos
633 3808 929 3862 admodum
969 3806 1256 3861 derideant
1285 3806 1476 3862 hostes
1505 3822 1520 3858 :
1559 3819 1662 3859 nos
1688 3805 1781 3874 qui
1810 3805 1953 3859 servi
1987 3803 2066 3857 tui

489 3915 778 3965 vocamur,
830 3900 931 3954 tibi
983 3899 1382 3969 supplicamus,
1420 3905 1478 3951 ut
1529 3906 1751 3967 propter
1788 3897 1922 3950 illud
1962 3897 2066 3950 do-

489 3993 806 4049 minationis
837 4001 941 4046 tua:
967 4006 1187 4055 nomen,
1229 3989 1378 4059 quod
1412 3990 1572 4044 nobis
1595 3999 1681 4043 est
1720 3990 2060 4060 impositum,

486 4084 815 4140 adversariis
855 4083 1116 4138 ostendas
1149 4081 1449 4152 potentiam
1498 4091 1670 4148 tuam,
1699 4093 1749 4136 et
1798 4098 1864 4138 ne.
1907 4096 2064 4152 pror-

487 4195 584 4235 sus
613 4191 714 4233 nos
753 4184 848 4230 tua
893 4175 1244 4246 providentia
1275 4173 1573 4230 destituas.

559 4269 726 4323 Vens.
766 4267 854 4322 55.
890 4285 908 4318 ι
936 4266 1018 4322 Ne
1052 4266 1243 4322 tradas
1264 4267 1436 4331 enim,
1467 4267 1671 4337 inquit,
1707 4282 1810 4322 nos
1846 4267 1899 4321 in
1939 4282 2065 4337 per-

486 4372 708 4433 petuum
750 4371 971 4432 propter
1025 4375 1226 4414 nomen
1276 4368 1453 4423 tuum,
1500 4367 1553 4414 et
1597 4373 1665 4414 ne
1700 4359 1939 4429 dissipes
1989 4369 2066 4415 te-

486 4463 818 4510 stamentum
875 4464 1052 4514 tuum,
1108 4466 1289 4520 neque
1347 4451 1570 4506 auferas
1623 4451 2062 4507 misericordiam

2167 1977 2432 2047 ἐποίησας
2456 1976 2608 2046 ήμῖν,
2647 1975 2706 2027 ἐν
2730 1972 2958 2044 ἀληθινῇ
3007 1972 3187 2044 κρίσει
3227 1972 3510 2044 ἐποίησας.
3534 1995 3554 2028 ι
3592 1975 3750 2042 ’Λεία

2165 2067 2278 2137 γὰρ
2303 2066 2405 2137 τῆς
2456 2064 2730 2136 ἁμαρτίας
2773 2064 2808 2133 ἠ
2836 2062 3101 2137 τιμωρία.
3134 2057 3266 2116 Εἶτα
3303 2063 3507 2134 ταύτην
3532 2063 3749 2127 δεικνὺς

2166 2162 2364 2229 ἐπάγει
2385 2176 2398 2191 ·

2236 2251 2339 2322 agr.
2378 2269 2397 2302 ι
2431 2251 2544 2306 Καὶ
2568 2248 2891 2320 παρέδωκας
2933 2248 3081 2319 ἡμᾶς
3122 2248 3202 2312 εἰς
3228 2251 3416 2321 χεῖρας
3464 2249 3684 2320 ἀνόμων
3701 2250 3748 2318 ⁸,

2165 2345 2450 2415 ἐχθίστων,
2485 2340 2832 2406 ἀποστατῶν,
2861 2341 2956 2394 καὶ
2992 2339 3206 2412 βασιλεί
3243 2341 3413 2412 ἀδίκῳ
3455 2342 3547 2395 καὶ
3577 2359 3750 2413 πονη-

2171 2436 2382 2507 ροτάτῳ
2433 2433 2586 2504 παρὰ
2615 2435 2796 2487 πᾶσαν
2825 2431 2930 2503 τὴν
2970 2432 3076 2501 γῆν
3101 2431 3429 2502 παρέδωκας
3469 2433 3615 2502 ἡμᾶς
3636 2433 3680 2486 ⁸.
3721 2451 3744 2484 ι

2179 2529 2398 2599 Ἐπειδὴ
2432 2529 2542 2600 γάρ
2587 2545 2645 2581 σε
2695 2526 2788 2581 τὸν
2820 2524 3092 2597 ἡμέτερον
3142 2525 3242 2579 οὐκ
3298 2525 3750 2597 ἐθεραπεύσαμεν

2169 2621 2564 2693 βασιλέα,ἀλλά
2597 2619 2697 2690 τῆς
2725 2618 2825 2688 σῆς
2851 2617 3343 2688 κατεφρονήσαμεν
3389 2615 3746 2686 ἀγαθότητος,

2166 2716 2396 2778 εἰκότως
2439 2713 2588 2784 ἡμᾶς
2640 2709 2931 2782 ὠμοτάτῳ,
2963 2709 3059 2762 καὶ
3103 2708 3487 2780 ἀπηνεστάτῳ,
3530 2709 3624 2762 καὶ
3653 2709 3748 2762 ούο

2166 2807 2354 2878 δαμῶς
2384 2804 2548 2858 είδότι
2586 2803 2648 2858 τὸ
2675 2803 2890 2857 δίκαιον
2922 2800 3196 2855 δουλεύειν
3231 2801 3552 2871 ἠνάγκασας
3594 2803 3614 2834 ⁸
3650 2801 3748 2872 βαο

2170 2900 2325 2961 σιλεί,
2358 2897 2536 2968 ἔχοντι
2565 2895 2658 2949 καὶ
2684 2895 2813 2958 τοὺς
2839 2893 3112 2965 ὑπηκόους
3132 2895 3198 2965 τῇ
3227 2892 3480 2964 βασιλικῇ
3511 2894 3750 2964 πονηρίᾳ

2169 2988 2586 3062 συμϐαίνοντας.
2637 2985 2779 3040 Ἀλλ’
2829 2987 2978 3057 ὅμως
3025 2984 3121 3038 καὶ
3165 2987 3223 3039 ἐν
3268 2984 3546 3048 τοσούτοις
3594 2985 3758 3059 ὄντες

2167 3085 2361 3146 κακοῖς
2394 3082 2579 3152 πάσης
2610 3078 2957 3152 ἐστερήμεθα
3005 3076 3354 3150 παρρησίας,
3387 3077 3482 3132 καὶ
3517 3087 3758 3156 πςῃσφέ.

1937 3176 2062 3216 cum
2092 3212 2134 3271 ο
2175 3193 2291 3248 ρειν
2323 3192 2404 3228 σοι
2433 3174 2618 3246 δέησιν
2653 3173 2759 3227 ὑπὸ
2796 3172 2895 3244 τῆς
2920 3171 3183 3242 αίσχύνης
3219 3169 3572 3247 κσιιλυὰίιεθαο
3595 3177 3755 3231 τοῦτο

2170 3268 2279 3340 γὰρ
2301 3266 2558 3338 σημαίνει
2587 3265 2761 3334 λέγων
2779 3281 2793 3296 ·

2240 3358 2341 3425 λγ’.
2379 3377 2396 3408 ι
2427 3357 2540 3410 Καὶ
2579 3353 2676 3409 νῦν
2707 3355 2809 3408 οὐκ
2851 3354 2999 3407 ἐστιν
3027 3354 3164 3428 ἡμῖν
3201 3356 3409 3423 ἀνοῖξαι
3450 3358 3510 3412 τὺ
3553 3357 3751 3429 στόμα.

2167 3449 2396 3520 αἰσχύνη
2425 3448 2516 3500 καὶ
2543 3447 2746 3510 ὄνειδος
2776 3445 3123 3521 ἐγενήθημεν
3157 3452 3269 3514 τοῖς
3289 3449 3496 3513 δούλοις
3518 3467 3633 3517 σου,
3659 3449 3755 3504 καὶ

2167 3544 2280 3605 τοῖς
2307 3539 2621 3610 σεϐομένοις
2655 3555 2735 3592 σε.
2779 3557 2798 3590 ι
2850 3538 3221 3614 Ἑμφράττει,
3260 3545 3424 3615 φησιν
3450 3587 3465 3612 ,
3491 3546 3650 3617 ἡμῶν
3689 3547 3755 3600 τὸ

2170 3636 2345 3704 στόμα
2366 3633 2464 3703 τῆς
2489 3632 2840 3704 παρανομίας
2859 3636 2920 3688 τὺ
2947 3635 3147 3707 πλῆθος
3168 3653 3182 3668 ο
3219 3635 3333 3689 ἀλλ’
3361 3638 3509 3706 ὅμως
3542 3638 3754 3691 ἐπονεί-

2165 3723 2355 3789 διστοι,
2394 3725 2486 3778 καὶ
2543 3727 2966 3794 καταγέλαστοι,
2997 3729 3091 3782 καί
3140 3727 3262 3782 λίαν
3300 3727 3582 3801 ἐπίχαρτοι
3639 3732 3753 3794 τοῖς

2168 3817 2449 3887 πολεμίοις
2504 3820 2790 3890 γενόμενοι
2839 3822 3042 3890 ἡμεῖς,
3080 3822 3127 3873 οἰ
3181 3819 3359 3873 δοῦλοί
3420 3837 3513 3874 σου
3582 3838 3752 3891 προσ-

2167 3909 2587 3980 αγορευόμενοι,
2635 3911 2953 3982 ἱκετεύομεν
3002 3927 3096 3976 σε,
3149 3911 3238 3964 διὰ
3291 3911 3350 3964 τὸ
3401 3912 3752 3983 ἐπικείμενον

2167 4004 2298 4072 ἡμῖν
2321 4003 2417 4071 τῆς
2450 4003 2549 4073 σῆς
2579 4002 2906 4066 δεσποτείας
2930 4003 3101 4073 ὄνομα
3139 4003 3308 4068 δεῖξαι
3334 4005 3449 4063 τοῖς
3487 4005 3750 4070 ἐναντίοις

2165 4094 2263 4164 τὴν
2287 4094 2384 4165 σὴν
2422 4096 2593 4164 ἰσχὺν,
2614 4095 2709 4148 καὶ
2741 4096 2815 4165 μὴ
2853 4095 3135 4158 παντελῶς
3163 4097 3312 4166 ἡμᾶς
3355 4095 3454 4167 τῆς
3488 4097 3586 4170 σῆς
3614 4115 3751 4169 προ-

2169 4187 2400 4258 μηθείας
2441 4185 2856 4258 ἀλλοτριῶσαι⁷.

2235 4277 2329 4332 λδ’.
2373 4297 2388 4327 ι
2425 4279 2516 4348 Μὴ
2569 4276 2828 4348 παραδῷς
2882 4277 2990 4347 γὰρ
3024 4278 3170 4349 ἡμᾶς
3188 4277 3230 4341 ⁸,
3254 4279 3446 4350 φησὶν,
3473 4281 3554 4345 εἰς
3595 4280 3750 4345 τέλος

2164 4369 2251 4422 διὰ
2280 4369 2340 4422 τὸ
2381 4370 2554 4439 δνομά
2603 4387 2719 4431 σου,
2756 4371 2852 4422 καὶ
2895 4371 2995 4441 τὴν
3024 4373 3046 4404 ⁹
3085 4371 3352 4443 διαθήκην
3378 4391 3472 4427 σου
3511 4372 3584 4445 μὴ
3610 4375 3748 4427 ἀποσ

2168 4463 2371 4534 στήσῃς
2398 4504 2412 4527 ν
2448 4462 2542 4515 καὶ
2592 4462 2667 4533 μὴ
2721 4461 3082 4536 διασκεδάσῃς
3118 4463 3162 4494 ω
3199 4463 3261 4518 τὸ
3307 4465 3455 4528 ελεός
3514 4483 3604 4520 σου
3653 4467 3748 4535 ἀφ.

487 4558 634 4601 tuam
661 4563 690 4600 a
727 4546 905 4599 nobis.
949 4563 966 4593 ι
1005 4543 1289 4596 Audemus
1319 4549 1522 4602 autem,
1567 4543 1772 4611 inquit,
1821 4542 1937 4596 haec
1978 4542 2063 4596 di-

2168 4551 2344 4622 ἡμῶν.
2382 4569 2400 4601 ι
2441 4550 2744 4620 Τολμῶμεν
2777 4551 2834 4604 δὲ
2861 4551 2925 4617 ¹¹,
2965 4553 3120 4622 φησὶ,
3142 4553 3314 4608 ταῦτα
3343 4554 3540 4623 λέγειν,
3576 4556 3751 4612 πολλὰ

486 4653 631 4700 cere,
663 4651 786 4691 cum
819 4635 986 4687 multa
1017 4643 1123 4686 tua:
1151 4631 1417 4687 bonitatis
1451 4633 1681 4702 pignora
1719 4632 2020 4688 habeamus
2048 4651 2062 4687 :

487 4729 724 4798 primum
765 4728 947 4795 ipsum
1006 4735 1158 4778 tuum
1218 4737 1442 4784 nomen,
1498 4737 1608 4792 quo
1670 4731 1722 4777 te
1768 4721 2062 4778 Dominum

483 4833 788 4874 vocamus:
821 4815 1020 4871 deinde
1068 4815 1396 4870 immensam
1452 4813 1915 4879 misericordiam,
1953 4830 2061 4884 qua

487 4918 744 4969 universa
784 4909 1090 4964 model-aris
1128 4927 1140 4963 :
1172 4909 1400 4977 insuper
1437 4917 1593 4976 pacta
1627 4909 1740 4971 illa,
1774 4922 1897 4976 quae
1937 4924 2061 4965 cum

488 5006 737 5073 patribus
782 5003 985 5057 nostris
1027 5001 1225 5062 iniisﬁ,
1263 5000 1468 5070 quibus
1521 5001 1734 5072 1117
1784 5002 2062 5071 pollicitus

2166 4640 2402 4710 ἐνέχυρα
2435 4642 2534 4710 τῆς
2581 4640 2680 4709 σῆς
2721 4641 3057 4711 ἀγαθότητος
3105 4641 3351 4714 ἔχοντες’
3387 4645 3603 4716 πρῶτον
3650 4650 3751 4717 μέν

2168 4733 2301 4785 αὐτὸ
2337 4733 2436 4802 τῆς
2469 4735 2569 4801 σῆς
2605 4733 2931 4797 Δεσποτείας
2961 4735 3023 4788 τὸ
3048 4735 3245 4806 ὄνομα·
3281 4736 3468 4792 ἔπειτα
3496 4739 3586 4792 τὸν
3611 4741 3750 4814 ἀμέ-

2164 4839 2364 4892 τρητον
2397 4823 2566 4888 ἔλεον,
2609 4815 2653 4889 ᾧ
2685 4826 3024 4895 κεχρημένος
3070 4826 3268 4891 ἰθύνεις
3316 4828 3384 4882 τὰ
3419 4829 3746 4899 σύμπαντα·

2167 4914 2304 4984 πρὸς
2332 4913 2566 4981 τούτοις,
2613 4915 2712 4978 τὰς
2772 4918 2907 4988 πρὸς
2947 4919 3074 4982 τοὺς
3127 4918 3372 4990 πατέρας
3413 4920 3572 4992 ήμῶν
3622 4939 3751 4977 συν-

2167 5005 2341 5076 θήκας
2367 5021 2382 5034 ·
2422 5003 2660 5075 ὑπέσχου
2697 5006 2805 5076 γὰρ
2857 5006 3088 5070 ἐκείνοις
3147 5008 3508 5080 περίϐλεπτόν
3542 5028 3602 5064 τε
3653 5013 3750 5067 καὶ

485 5113 546 5153 es
583 5106 638 5151 te
670 5097 887 5150 illorum
923 5109 1096 5164 genus
1123 5093 1341 5148 illustre
1369 5101 1424 5146 et
1453 5093 1754 5163 gloriosum
1784 5094 2059 5150 facturum

2166 5091 2373 5158 ἔνδοξον
2404 5093 2463 5146 τὸ
2493 5095 2717 5148 ἐκείνων
2740 5095 2895 5164 γένος
2917 5099 3184 5166 ποιήσειν.
3206 5094 3341 5154 Εῐτα
3366 5100 3461 5153 καὶ
3488 5101 3596 5156 τῶν
3623 5103 3746 5156 ὀνο.

485 5202 629 5243 esse.
663 5185 803 5241 Tum
837 5186 1000 5239 etiam
1036 5191 1255 5252 patrum
1299 5182 1521 5235 nomina
1557 5192 1974 5249 commemorat,
2003 5194 2063 5240 ut

2169 5188 2353 5256 μάτων
2398 5187 2506 5240 τῶν
2551 5187 2806 5258 πατέρων
2838 5190 3131 5259 μέμνηται,
3164 5194 3230 5262 τῇ
3267 5192 3458 5263 μνήμῃ
3509 5194 3619 5246 τῶν
3663 5195 3749 5248 δι·-

487 5277 747 5331 memoria
785 5275 1070 5342 justorum
1104 5272 1307 5326 bonum
1350 5273 1644 5326 Dominum
1678 5285 1942 5343 provocet
1989 5279 2058 5331 ad

487 5364 946 5418 misericordiam.

2167 5277 2336 5328 καίων
2389 5275 2480 5328 τὸν
2529 5277 2734 5344 ἀγαθὸν
2785 5281 3064 5349 Δεσπότην
3101 5282 3181 5344 εἰς
3220 5282 3368 5336 ἐλεον
3407 5283 3747 5355 ἐκκαλούμε-

2167 5385 2277 5418 voc.

487 5376 946 5422 misericordiam.
2167 5385 2277 5429 νος.

1774 5506 2007 5563 VARUE
2045 5509 2446 5569 LECTIONES.

553 5601 599 5690 ’ξ
648 5599 739 5654 τιλ.
779 5597 861 5651 Ita
903 5611 1036 5680 cum.
1093 5597 1133 5650 Β
1188 5597 1436 5665 legimus.
1475 5599 1642 5655 Sirm.
1694 5600 1909 5669 πηγῶν.
1996 5603 2044 5634 ’⁵
2083 5620 2132 5657 τ.
2173 5604 2294 5673 νόμ.
2348 5602 2468 5658 Des.
2513 5603 2564 5656 in
2597 5601 2657 5658 B.
2735 5604 2752 5633 ί
2793 5604 2879 5671 ἐφ.
2909 5605 3173 5660 αὐτ.Αει
3203 5603 3244 5659 Β
3276 5605 3744 5726 συνετηρίὲσαμεν.

553 5687 650 5725 ευσ.
696 5668 811 5723 καί.
865 5667 989 5721 Des.
1025 5684 1078 5720 tn
1112 5668 1170 5722 Β.
1253 5667 1272 5698 ³
1303 5667 1596 5726 Βέδειεαν.
1687 5670 1709 5701 ⁸
1743 5673 1827 5724 ἀν.
1860 5672 1903 5724 Α
1947 5688 2130 5726 praem.
2181 5672 2408 5726 ἐνορῶν.
2463 5675 2484 5702 ⁵
2516 5690 2574 5726 π.
2617 5675 2714 5726 nu.
2759 5673 2880 5726 Des.
2931 5676 2984 5726 in
3034 5677 3076 5726 A
3109 5675 3252 5726 etB.
3353 5676 3481 5726 θὴν.
3600 5691 3744 5726 παρ-

486 5672 650 5744 εᾲεύσ.
696 5668 826 5744 καίε
857 5667 989 5744 Pes.
1025 5669 1083 5744 i_n_
1112 5668 1170 5722 Β.
1239 5667 1272 5744 ,³
1303 5667 1343 5721 Β
1370 5669 1596 5744 ἔδειξαν.
1639 5740 1660 5744 _
1687 5670 1709 5701 ⁸
1860 5672 1903 5724 Α
1946 5688 2130 5742 przem.
2181 5667 2408 5744 ἐχθρῶν.
2463 5675 2574 5744 επ.
2617 5675 2714 5742 ήμ.
2759 5667 2880 5727 Des.
2931 5676 2984 5729 in
3034 5677 3076 5728 A
3109 5675 3252 5728 etB.
3353 5667 3487 5744 θὴνῗ
3519 5667 3560 5726 Β
3600 5667 3746 5742 παρ-

489 5691 507 5704 ¹
536 5691 650 5725 ευσ.
696 5691 811 5723 και.
867 5691 989 5721 vus.
1025 5691 1078 5720 In
1112 5691 1170 5722 D.
1239 5691 1272 5754 "
1305 5691 1343 5721 ι)
1370 5691 1596 5737 εοειςαν.
1687 5691 1709 5701 ⁷
1743 5691 1827 5724 αν.
1860 5691 1903 5724 Λ
1946 5691 2130 5742 ρι’ἱῐὶῐη.
2181 5691 2274 5742 εχυ
2316 5691 2408 5726 ων.
2463 5691 2484 5702 ·’
2516 5691 2574 5726 π.
2617 5691 2714 5742 ημ.
2759 5691 2880 5727 ues.
2931 5691 2984 5729 In
3034 5691 3076 5728 Α
3109 5691 3162 5728 ει
3194 5691 3252 5728 IS.
3353 5691 3481 5744 ἠν.
3520 5691 3560 5726 b
3600 5691 3744 5742 παρ-

489 5741 714 5819 έδωμας.
804 5739 826 5770 ⁷
857 5738 1386 5819 Ιξᾼάςπαλλοῖριωσῃς.
1639 5740 1697 5792 lu
1820 5750 2135 5819 sequ._ppst
2157 5691 2341 5819 φησει..
2410 5742 2556 5819 ζτὴν
2583 5773 2652 5783 -
2683 5745 2874 5797 ἀποστ.
2908 5748 2945 5798 Λ
2985 5753 3040 5800 et
3074 5744 3114 5797 Β
3139 5745 3212 5816 μὴ
3255 5745 3615 5819 διασκεδάσῃς
3644 5745 3744 5814 τὴν

491 5808 632 5862 διαθ.
668 5823 781 5858 σου.
881 5807 1383 5877 ιοδιασκεδᾶσῃςζΛ
1417 5807 1913 5881 ςιυίάποστήσῃςξ
1977 5807 2118 5864 ιι’δέ.
2160 5807 2282 5870 Des.
2322 5814 2374 5867 in
2417 5809 2475 5866 Β.
