4070 6402
367 381 511 447 13‘29

1592 389 1676 450 ΙΝ
1700 389 2060 451 DANIELIS
2090 391 2250 454 CAP.
2279 393 2396 455 III.

3502 399 3642 466 1330

438 492 534 556 λε’,
558 490 672 556 λς’.
708 509 729 543 t
747 492 1139 565 ΔιάἍϐραὰμ,
1170 495 1330 565 φησὶ,
1359 493 1449 548 τὸν
1469 495 1825 567 ἠγαπημένον
1850 494 1955 548 ὑπὸ

2139 495 2305 555 Vna.
2343 500 2450 565 35,
2492 500 2581 556 56.
2638 518 2657 552 ι
2707 498 2945 570 Propter
2992 500 3392 567 Abrahamum,
3439 503 3642 574 inquit.

364 582 490 643 σοῦ,
517 583 610 636 καὶ
659 582 750 637 διὰ
788 584 980 638 Ἰσαὰκ
1003 584 1095 638 τὸν
1119 584 1304 639 δοῦλόν
1333 602 1451 651 σου,
1490 586 1586 641 καὶ
1619 585 1838 657 Ἰσραὴλ
1866 586 1958 640 τὸν

362 674 522 743 ἅγιόν
554 691 679 740 σου,
707 671 789 739 οἶς
825 675 1096 746 ὲλὰλησας
1131 676 1370 741 αὑτοῖςη
1398 676 1571 746 λέγων
1590 693 1604 709 ο
1634 676 1957 747 Πληθυνῶιε

358 765 426 817 τὸ
469 765 693 837 σπέρμα
754 765 909 837 ὑμῶν
932 767 977 799 ⁸⁸
1022 766 1158 821 ὡσεὶ
1194 766 1267 821 τὰ
1311 768 1489 839 ἄστρα
1536 767 1633 821 τοῦ
1684 766 1914 839 οὐρανοῦ
1940 805 1956 830 ,

361 857 461 910 καὶ
485 856 560 919 ὡς
582 858 680 928 τὴν
704 857 889 929 ἄμμον
915 859 1015 929 τὴν
1035 858 1187 929 παρὰ
1204 857 1266 912 τὸ
1287 861 1462 930 χεῖλος
1489 860 1591 930 τῆς
1618 858 1952 928 θαλάσσης.»

360 948 576 1011 Ταῦτα,
607 950 792 1019 φησὶν,
820 949 1052 1013 ἐκείνοις
1089 950 1351 1021 ὑπέσχου,
1383 950 1652 1016 Δέσποτα,
1689 950 1784 1015 οὓς
1814 951 1959 1021 lmi-

360 1039 553 1104 πησάς
595 1055 656 1092 τε
691 1040 783 1092 καὶ
821 1039 1101 1111 ἀοιδίμους
1131 1040 1419 1111 ἐποίησας,
1449 1041 1592 1113 time
1622 1044 1688 1114 τῇ
1741 1040 1958 1114 ψάμμῳ

364 1131 474 1200 μὲν
503 1129 646 1185 κατὰ
679 1131 772 1185 τὸν
796 1130 1029 1202 ἀριθμὸν
1060 1133 1514 1202 παραϐάλλεσθαι
1552 1133 1612 1187 τὸ
1640 1135 1819 1204 γένος,
1842 1136 1956 1198 τοῖς

358 1223 426 1277 δὲ
478 1223 714 1294 ἀστράσι
737 1224 781 1255 ¹⁸
822 1224 1222 1297 παραπλησίως
1272 1221 1412 1280 εἶναι
1455 1225 1711 1298 λαμπρόν
1763 1241 1823 1279 τε
1859 1223 1957 1280 καὶ

361 1312 601 1384 ὑψηλὸν,
640 1314 736 1368 καὶ
782 1314 1103 1387 περιφανές.
1144 1312 1278 1370 Εἶτα
1328 1318 1395 1371 ὲκ
1442 1317 1792 1389 παραλλήλου
1837 1318 1958 1381 ταῖς

361 1405 726 1475 ἐπαγγελίαις
766 1407 835 1461 τὰ
866 1393 1171 1479 πράγματα
1203 1408 1495 1478 τίθησινη.

438 1497 541 1563 λζ’.
580 1518 599 1551 ι
623 1498 774 1567 Ὅτι,
809 1500 1077 1565 Δέσποτα,
1112 1499 1276 1568 φησὶν
1313 1498 1765 1570 ὲσμικρύνθημεν
1806 1497 1959 1571 παρὰ

362 1588 555 1643 πάντα
584 1587 654 1642 τὰ
686 1588 838 1659 ιθνη.
878 1588 972 1643 καί
1005 1591 1173 1659 ἐσμεν
1199 1590 1446 1643 ταπεινοὶ
1487 1591 1547 1642 ἐν
1586 1590 1739 1661 πάσῃ
1775 1590 1844 1659 τῇ
1885 1590 1957 1660 γῇ

362 1683 701 1753 σήμερον¹⁷.
734 1703 754 1736 ι
795 1684 905 1737 Καὶ
939 1684 1026 1737 ἵνα
1059 1683 1135 1755 μὴ
1186 1682 1400 1753 ψευδῶς
1439 1682 1800 1754 κατηγορήσῃ
1847 1680 1957 1735 τῶν

360 1773 739 1843 ὑποσχέσεων,
769 1773 931 1835 εὐθὺς
955 1773 1054 1844 τὴν
1082 1774 1263 1827 αἰτίαν
1288 1776 1558 1844 ἐπήγαγε,
1587 1772 1788 1836 λέγων·
1822 1770 1960 1825 «Διά

2056 590 2320 648 dilectum
2351 599 2489 656 ate,
2531 600 2588 648 et
2638 600 2863 663 propter
2895 590 3145 648 lsaacum
3203 596 3424 648 servum
3464 601 3642 659 tuum,

2057 690 2111 737 ct
2140 681 2400 737 Israelem
2440 688 2701 738 sanctum
2740 688 2922 748 tuum,
2972 683 3179 753 quibus
3213 684 3431 739 locutus
3460 698 3522 739 es
3557 683 3645 738 di-

2057 786 2237 828 cens:
2271 772 2649 844 Multiplicabo
2705 791 2895 832 semen
2940 786 3187 830 vestrum
3253 776 3404 832 sicut
3454 777 3646 830 stellas

2055 864 2224 930 emli,
2256 872 2313 921 et
2359 866 2505 922 sicut
2550 881 2779 923 arenam
2820 868 2981 937 juxta
3011 880 3164 922 oram
3214 870 3398 923 maris.
3440 887 3460 919 ι
3494 867 3643 929 llaec,

2057 957 2263 1026 inquit,
2318 957 2430 1013 illis
2478 960 2759 1029 pollicitus
2794 976 2877 1027 es,
2919 959 3182 1024 Domine,
3220 962 3360 1030 ques
3402 961 3640 1026 amasti,

2053 1056 2111 1104 et
2146 1049 2397 1106 celebres
2432 1048 2634 1118 iecisti,
2678 1059 2740 1106 ut
2806 1066 3008 1117 arenae,
3045 1052 3194 1121 quod
3230 1046 3295 1105 ad
3347 1066 3640 1106 numerum

2056 1139 2279 1206 attinet,
2321 1154 2516 1195 eorum
2559 1154 2734 1211 genus
2778 1149 3219 1212 compararetur,
3254 1142 3431 1197 instar
3461 1141 3641 1197 stella-

2056 1245 2183 1286 rum
2220 1246 2353 1286 vero
2382 1232 2763 1302 splendidum,
2813 1233 3096 1288 excelsum
3126 1239 3182 1287 et
3214 1233 3428 1288 illustre
3472 1242 3639 1288 esset.

2058 1319 2269 1378 Deinde
2294 1337 2386 1379 res
2418 1338 2546 1380 cum
2582 1323 3090 1394 pollicitationibus
3122 1323 3363 1380 confert.

2130 1499 2299 1557 Vitas.
2318 1501 2405 1557 '57.
2431 1520 2454 1562 ι,
2471 1501 2633 1568 Quia,
2658 1501 2908 1568 Domine,
2927 1502 3129 1572 inquit,
3152 1499 3428 1555 imminuti
3452 1514 3644 1555 sumus

2059 1592 2204 1647 ultra
2232 1606 2426 1648 omnes
2449 1603 2663 1664 gentes,
2699 1608 3006 1663 sumusque
3034 1594 3273 1648 humiles
3303 1593 3359 1647 in
3384 1592 3644 1647 universa

2056 1688 2209 1739 terra
2243 1683 2424 1739 hodie.
2448 1703 2467 1737 ι
2504 1684 2571 1738 Et
2596 1699 2663 1740 ne
2681 1686 3119 1756 pollicitationes
3145 1683 3416 1739 mendacii
3446 1696 3646 1753 argue-
3702 1726 3719 1737 .

2058 1783 2164 1842 ret,
2221 1779 2408 1832 statim
2441 1776 2648 1847 adjecit
2675 1790 2924 1842 causam,
2951 1774 3166 1839 dicens,
3205 1792 3225 1825 ε
3256 1774 3491 1842 Propter
3518 1786 3646 1843 pee-

358 1864 469 1929 τὰς
497 1865 783 1935 ἁμαρτίας
805 1864 988 1937 ήμῶν.
1014 1884 1033 1916 ι
1066 1867 1142 1919 Οὐ
1173 1865 1284 1935 γὰρ
1322 1867 1409 1930 σὺ,
1435 1864 1589 1935 φησὶ,
1607 1865 1651 1895 ¹⁸
1690 1863 1956 1924 Δέσποτα,

2069 1876 2189 1926 cata
2218 1879 2429 1924 nostra.
2458 1888 2479 1922 ι
2513 1868 2634 1923 Non
2664 1869 2811 1925 enim
2842 1877 2925 1932 tu,
2956 1864 3181 1937 inquit,
3204 1867 3450 1929 Domine,
3487 1880 3643 1920 men-

359 1956 469 2020 τὰς
522 1956 844 2027 ὑποσχέσεις
896 1956 1135 2026 ἐψεύσω,
1171 1957 1284 2010 ἀλλ’
1327 1958 1489 2027 ἡμεῖς
1534 1956 1636 2020 τὰς
1683 1954 1962 2026 συνθήκας

361 2047 716 2118 παρέϐημεν,
758 2047 854 2101 καὶ
901 2048 1090 2102 πολλοὶ
1130 2048 1282 2111 ὅντες
1320 2048 1461 2102 κατὰ
1498 2049 1597 2118 τὴν
1643 2047 1958 2117 ὑπόσχεσιν,

363 2140 466 2194 καὶ
496 2140 734 2211 ἀριθμοῦ
770 2141 1089 2212 κρείττους,
1118 2141 1207 2195 διὰ
1234 2139 1332 2204 τὰς
1361 2140 1639 2212 ἁμαρτίας
1665 2138 1823 2210 ήμῶν
1850 2138 1963 2191 ὀλι-

362 2230 652 2302 γώθημεν.
685 2231 861 2286 Τοῦτο
878 2233 986 2304 γὰρ
1026 2232 1248 2303 ᾐνίξατο
1275 2230 1514 2303 εἰρηκώς
1537 2248 1550 2263 ο
1583 2249 1601 2282 ι
1641 2227 1965 2299 Ἱζισμικρύν⁴

371 2323 633 2395 θημενη.
676 2343 695 2377 ι
731 2324 809 2381 Οὑ
830 2324 875 2355 ’⁸
899 2324 1005 2395 γὰρ
1027 2321 1171 2389 εἷπε,
1199 2323 1427 2395 Σμικροί
1453 2325 1641 2394 ἐσμεν,
1667 2322 1763 2375 καὶ
1791 2321 1961 2389 ὀλίγοι

365 2414 528 2487 παρὰ
543 2417 721 2470 πάντα
735 2416 801 2469 τὰ
819 2414 968 2486 ἔθνη,
981 2416 1119 2478 ἀλλ’,
1141 2436 1157 2467 ι
1183 2414 1737 2486 Ἐσμικρύνθημεν¹¹,
1767 2431 1787 2466 ι
1814 2429 1967 2466 τουτ-

2062 1964 2203 2018 titus
2238 1977 2319 2026 es,
2350 1970 2475 2030 quae
2504 1960 2783 2030 pollicitus
2814 1958 2989 2024 fuisti,
3027 1958 3122 2012 sed
3156 1972 3259 2011 nos
3294 1956 3500 2010 hedera
3523 1956 3643 2010 vio-

2063 2052 2322 2115 lavimus,
2358 2058 2566 2105 etcum
2600 2049 2758 2104 multi
2790 2062 3042 2103 essemus
3092 2047 3400 2102 secundum
3429 2043 3641 2115 pollici-

2065 2142 2350 2202 tationem,
2379 2145 2435 2195 et
2457 2139 2915 2203 innumerabiles,
2941 2144 3172 2206 propter
3198 2140 3422 2205 peccata
3450 2139 3641 2187 nostra

2064 2233 2132 2288 ad
2180 2230 2389 2303 paucos
2417 2230 2629 2286 redacti
2679 2244 2892 2285 sumus.
2938 2226 3055 2282 Hoc
3082 2228 3228 2283 enim
3265 2225 3466 2289 innuit,
3513 2237 3641 2277 cum

2063 2325 2221 2391 dixit,
2259 2344 2278 2377 ι
2312 2323 2592 2379 lmminuti
2623 2334 2839 2377 sumus.
2871 2341 2892 2374 ι
2932 2319 3048 2375 Non
3078 2317 3227 2374 enim
3264 2317 3438 2372 dixit:
3480 2312 3643 2369 Parvi

2067 2433 2285 2481 sumus,
2315 2424 2373 2471 et
2394 2414 2557 2486 pauci
2589 2413 2734 2468 ultra
2765 2425 2963 2466 omnes
2993 2417 3208 2479 gentes,
3244 2406 3364 2472 sed,
3401 2422 3419 2457 ι
3448 2402 3642 2459 immi-

369 2506 553 2569 ἐστιν,
588 2505 923 2576 Ἐγενόμεθα
971 2507 1070 2576 μὲν
1105 2505 1341 2576 ἀριθμοῦ
1377 2505 1660 2576 κρείττους
1692 2505 1835 2558 κατὰ
1864 2503 1963 2575 τὴν

2069 2512 2182 2567 nuti
2212 2523 2429 2571 smnus,
2468 2526 2487 2558 ι
2530 2506 2636 2560 hoc
2669 2510 2774 2569 est,
2806 2501 3036 2556 Fuimus
3066 2498 3292 2568 quidem
3327 2497 3646 2550 innumera-

371 2598 478 2668 σὴν
494 2598 538 2630 ⁸³
592 2597 910 2667 ὑπόσχεσιν,
961 2597 1307 2668 παραϐάντες
1352 2597 1410 2650 δέ
1444 2613 1538 2651 σου
1590 2597 1690 2660 τὰς
1744 2594 1963 2659 ἐντολὰς

2069 2603 2209 2659 biles
2237 2598 2546 2656 secundum
2576 2604 2728 2650 tuam
2772 2591 3246 2663 pollicitationem,
3287 2586 3383 2644 sed
3422 2584 3645 2640 violatis

366 2686 546 2755 ὀλίγοι
584 2685 706 2740 ἀντὶ
747 2685 955 2740 πολλῶν
998 2686 1317 2757 ἐγενόμεθα.
1352 2683 1483 2741 Εἶτα
1508 2686 1853 2742 ὑποδείκνυσι
1887 2685 1964 2758 τῷ

2069 2690 2343 2747 mandatis
2391 2687 2503 2742 tuis
2561 2683 2719 2755 pauci
2773 2697 2871 2749 pro
2926 2679 3119 2735 multis
3172 2676 3305 2731 facti
3355 2689 3572 2729 sumus.
3623 2674 3642 2695 ⁹

368 2774 497 2846 Θεῷ
530 2778 630 2846 τὴν
679 2778 1017 2847 κατέχουσαν
1067 2779 1375 2849 συμφορὰν,
1412 2780 1509 2849 οὑχ
1539 2778 1614 2842 ὡς
1666 2778 1964 2847 ἀγνοοῦντα

2069 2781 2276 2839 Deinde
2307 2776 2550 2833 ostendit
2582 2774 2695 2828 Deo
2724 2770 2946 2841 1118
2978 2768 3368 2827 calamitatem,
3406 2779 3515 2834 qua
3548 2764 3639 2818 de-

369 2865 667 2931 διόἁσκων,
699 2866 838 2920 ἀλλὰ
865 2869 930 2938 τῇ
949 2867 1201 2939 διηγήσει
1232 2870 1341 2921 τῶν
1373 2868 1633 2940 λυπηρῶν
1647 2869 1693 2902 ²⁸
1724 2871 1805 2933 εἰς
1836 2869 1964 2939 φιλ-

2069 2872 2390 2929 tinebantur
2420 2885 2435 2923 :
2466 2878 2573 2923 non
2599 2865 2760 2935 quasi
2803 2863 3054 2932 ignarum
3097 2864 3341 2923 docens,
3374 2855 3467 2910 sed
3498 2856 3650 2909 cala-

376 2957 702 3028 ανθρωπίαν
728 2958 962 3011 ὲκκαλού
970 2976 1149 3029 μενος.

444 3131 549 3202 λη’.
578 3150 596 3183 ι
625 3131 735 3185 Καὶ
757 3131 857 3184 οὐκ
887 3130 1025 3194 ἐστι,
1058 3131 1223 3203 φησὶν
1242 3131 1311 3197 ⁸⁵,
1356 3149 1414 3184 εν
1440 3131 1519 3204 τῷ
1566 3129 1746 3203 καιρῷ
1790 3133 1969 3205 τούτῳ

370 3223 583 3294 ἄρχων,
619 3222 713 3277 καὶ
748 3224 1057 3294 προφήτης,
1099 3223 1193 3276 καὶ
1223 3224 1549 3296 ἡγούμενος.
1580 3245 1599 3275 ι
1644 3226 1969 3299 Ἀπεστερή-

376 3316 524 3389 μεθα
559 3315 688 3387 γὰρ,
720 3315 878 3386 φησὶ,
923 3314 1221 3385 βασιλείας,
1252 3316 1587 3387 προφητείας
1621 3317 1965 3390 ,ίερωσύνης,

371 3409 489 3463 τῶν
514 3408 675 3462 θείων
708 3424 803 3462 σου
836 3406 932 3461 καὶ
967 3407 1221 3478 μεγάλων
1260 3407 1501 3479 δωρεῶν,
1536 3407 1602 3462 δι’
1632 3402 1707 3463 ὧν
1767 3408 1968 3482 κυϐερ-

372 3498 613 3569 νώμενοι
642 3497 1009 3568 διετελοῦμεν.
1052 3516 1070 3550 ι
1090 3494 1227 3552 Οὐδὲ
1249 3497 1633 3562 ὁλοκαύτωσις,
1664 3497 1789 3551 οὐδὲ
1806 3498 1851 3530 ³⁵
1874 3497 1968 3552 θυ-

376 3590 495 3654 σία,
536 3590 659 3643 οὐδὲ
704 3588 1016 3662 προσφορὰ,
1069 3588 1190 3643 οὐδὲ
1239 3589 1549 3661 θυμίαμα.»
1592 3591 1702 3644 Καὶ
1753 3590 1969 3654 δεικνὺς

372 3681 479 3754 τὴν
499 3681 701 3745 αἰτίαν,
724 3682 793 3735 δι’
819 3683 884 3754 ἢν
924 3679 1187 3735 ἀδύνατον
1217 3681 1396 3747 θῦσαι,
1425 3681 1733 3746 ἀκολούθως
1757 3681 1971 3754 ἐπήγα-

376 3791 477 3844 γεν
503 3792 519 3807 ο
566 3792 585 3827 ι
616 3774 754 3828 Οὐδὲ
778 3774 825 3805 ’⁸
854 3773 1016 3838 τόπος
1050 3773 1143 3827 τοῦ
1170 3774 1463 3846 καρπῶσαι
1489 3774 1718 3830 ἐνώπιόν
1740 3792 1857 3841 σου,
1876 3776 1970 3829 καὶ

378 3873 564 3944 εὑρεῖν
588 3870 815 3925 έλεονίτ.
839 3890 857 3924 ι
903 3868 962 3924 '0
1003 3871 1111 3942 γὰρ
1147 3869 1240 3933 σὸς
1272 3868 1438 3940 νόμος
1469 3871 1571 3941 τὴν
1619 3870 1727 3924 τῶν
1767 3870 1969 3925 Θυσιῶν

377 3964 729 4034 λειτουργίαν
773 3963 857 4017 ἑνὶ
897 3961 1240 4033 περιέγραψε
1283 3961 1457 4032 τόπῳ,
1499 3963 1594 4016 καὶ
1651 3963 1971 4033 παρανομία

381 4056 567 4124 σαφὴς
592 4054 654 4107 τὸ
694 4055 753 4106 ὲν
798 4052 972 4124 ἑτέρῳ
1019 4053 1170 4121 τόπῳ
1209 4054 1600 4123 προσενεγκεῖν
1632 4068 1714 4105 σοι
1750 4051 1966 4105 θυσίαν.

380 4147 604 4201 Τούτων
629 4146 849 4200 ἀκούειν
876 4146 975 4199 οὐκ
1006 4145 1282 4197 ἐθέλουσιν
1306 4146 1355 4196 οι
1397 4143 1658 4209 Ἰουδαῖοι,
1687 4144 1824 4196 ἀλλὰ
1842 4145 1969 4207 τοὺς

379 4237 700 4306 ὀφθαλμοὺς
735 4235 1028 4308 μύσαντες,
1056 4234 1153 4288 καὶ
1188 4233 1260 4287 τὰ
1305 4228 1421 4288 ὦτα
1454 4232 1741 4303 βύσαντες,
1790 4235 1971 4289 πάντα

379 4328 627 4399 τολμῶσι
680 4328 1016 4399 παρανόμως
1054 4325 1344 4379 ἐπιτελεῖν.
1378 4326 1444 4378 Οἱ
1476 4325 1533 4379 δὲ
1583 4326 1730 4394 ἅγιοι
1777 4327 1968 4391 παῖδες

381 4414 552 4483 οὗτοι,
580 4418 675 4473 τοῦ
704 4419 871 4490 νόμου
898 4406 990 4471 τδν
1021 4416 1222 4471 σκοπὸν
1254 4415 1635 4485 ἐπιστάμενοι,
1671 4416 1861 4488 ἔλεγον
1888 4420 1964 4490 μὴ

2067 2966 2321 3020 tuitatum
2380 2954 2919 3017 commemoraturus
2974 2955 3042 3009 ad
3108 2951 3459 3008 clcnietuiam
3523 2962 3650 3003 eum

2071 3062 2407 3127 provocans.-

2144 3144 2314 3200 Vsus.
2351 3142 2439 3198 '58.
2480 3162 2498 3195 ι
2548 3141 2614 3195 Et
2640 3156 2752 3195 non
2777 3148 2886 3204 est,
2926 3136 3123 3206 inquit,
3168 3133 3224 3188 in
3264 3139 3512 3200 tempore
3546 3129 3661 3182 hoc

2074 3236 2357 3308 princeps,
2388 3240 2443 3288 et
2488 3231 2780 3301 propheta,
2819 3237 2875 3285 et
2909 3228 3042 3284 dux.
3085 3245 3104 3277 ι
3138 3223 3343 3279 Privati
3370 3221 3516 3276 enim
3553 3234 3655 3274 su-

2076 3343 2226 3393 mus,
2255 3327 2456 3396 inquit,
2499 3338 2689 3394 regno,
2722 3321 3030 3392 prophetia,
3072 3313 3404 3378 sacerdotio,
3444 3311 3655 3367 divinis

2076 3420 2190 3475 tuis
2216 3418 2541 3488 magnisque
2571 3412 2920 3477 muneribus,
2946 3409 3153 3480 quibus
3182 3406 3529 3462 continenter
3553 3419 3654 3473 gu—

2075 3510 2469 3567 bern'abatnur.
2505 3527 2525 3559 ι
2572 3504 2758 3574 Neque
2796 3502 3200 3560 holocaustum,
3235 3510 3411 3565 neque
3438 3491 3654 3548 sacriﬁ-

2077 3605 2247 3669 cium,
2295 3610 2476 3672 neque
2507 3598 2741 3664 oblatio,
2770 3610 2949 3667 neque
2976 3593 3285 3648 incensum.
3330 3607 3348 3640 ι
3385 3586 3655 3641 Causam-

2078 3712 2186 3769 que
2226 3694 2548 3758 ostendens,
2586 3702 2686 3747 cur
2730 3687 3042 3745 sacriﬁcare
3093 3698 3203 3740 non
3241 3683 3424 3746 liceat,
3471 3691 3659 3733 conse-

2079 3795 2311 3859 quenter
2375 3784 2626 3855 adjecit:
2690 3799 2708 3833 ι
2769 3778 2961 3850 Neque
3020 3779 3208 3840 locus,
3271 3779 3329 3828 ut
3385 3769 3657 3843 primitias

2080 3876 2376 3932 oﬂ'eramus
2398 3889 2582 3930 coram
2603 3882 2678 3936 te,
2702 3878 2758 3927 et
2781 3868 3129 3926 inveniamus
3147 3860 3607 3922 misericordiam.
3630 3875 3651 3909 ι

2079 3967 2197 4022 Tua
2231 3968 2378 4021 enim
2411 3965 2499 4019 lex
2532 3961 2937 4018 sacriﬁciorum
2972 3954 3340 4010 ministerium
3386 3964 3497 4003 uno
3536 3957 3657 4001 tan-

2079 4066 2195 4113 tum
2240 4055 2361 4109 loco
2412 4051 2880 4119 circumscripsit,
2914 4055 2969 4102 et
3010 4055 3198 4116 aperta
3250 4042 3383 4112 legis
3432 4038 3658 4093 violatio

2077 4156 2182 4213 est,
2214 4146 2341 4202 alibi
2377 4144 2474 4201 tibi
2502 4141 2837 4199 sacriﬁcare.
2878 4139 3006 4194 Haec
3021 4138 3220 4193 audire
3239 4136 3435 4189 nolunt
3456 4129 3657 4194 Judaei,

2079 4242 2176 4298 sed
2209 4238 2386 4294 oculis
2401 4236 2788 4297 conniveutes,
2819 4230 3237 4298 abstractisque
3263 4227 3512 4286 auribus.
3538 4239 3658 4278 omo

2077 4331 2169 4387 nia
2210 4328 2415 4385 audent
2446 4337 2639 4382 contra
2685 4325 2857 4395 legem
2890 4336 3070 4392 agere.
3116 4321 3185 4374 At
3215 4319 3268 4372 hi
3314 4316 3490 4373 sancti
3523 4314 3654 4369 ado—

2078 4424 2377 4484 lescentes,
2406 4420 2569 4475 linem
2617 4417 2754 4489 legis
2783 4416 3069 4479 callentes,
3105 4429 3215 4467 non
3247 4425 3370 4466 esse
3399 4408 3658 4464 dicebant

382 4506 526 4564 εἶναι
550 4510 715 4564 τόπον
737 4509 832 4564 τοῦ
859 4509 1150 4581 καρπῶσαι
1176 4507 1407 4563 ἐνώπιον
1433 4507 1620 4571 αὑτοῦ,
1656 4508 1751 4562 καὶ
1779 4510 1963 4581 εὑρεῖν

2079 4518 2288 4579 locum,
2321 4520 2383 4567 ut
2429 4511 2704 4584 primitias
2747 4508 2946 4565 offerre
2988 4513 3213 4577 possent
3259 4516 3447 4558 coram
3495 4501 3656 4569 ipso,

381 4603 569 4657 ἔλεον
602 4603 713 4656 Καὶ
752 4602 941 4673 ἐπειδὴ
995 4601 1207 4669 τούτου,
1257 4603 1411 4672 φησὶ,
1451 4602 1637 4671 τυχεῖν
1685 4601 1971 4666 ἀδύνατον,

382 4696 581 4767 πόῤῥω
606 4695 707 4765 τῆς
739 4696 891 4766 ἱερᾶς
917 4693 1136 4765 ἐκείνης
1161 4692 1370 4757 πόλεως
1413 4691 1599 4758 ὄντας,
1657 4693 1973 4765 εὑρήκαμεν

379 4788 595 4858 τρόπον
626 4786 747 4841 τινὰ
774 4785 1092 4859 θεραπείας,
1122 4778 1169 4840 ὦ
1195 4785 1461 4840 Δέσποτα.

454 4966 560 5031 λθν,
597 4972 671 5037 μ’.
706 4984 725 5018 ι
764 4967 853 5019 Ἐν
881 4964 1028 5036 ψυχῇ
1054 4964 1166 5038 γὰρ
1195 4966 1658 5038 συντετριμμένῃ,
1690 4968 1784 5022 καὶ
1806 4969 1970 5024 meo.

385 5077 524 5134 ματι
578 5057 1022 5122 ταπεινώσεως²⁸
1073 5056 1472 5129 προσφέροντές
1491 5056 1534 5088 ¹⁹
1588 5075 1672 5111 σοι
1720 5058 1819 5130 τὴν
1858 5061 1972 5113 ίκεο

378 5153 563 5213 τεὲαν,
594 5149 996 5221 προσδεχθῆναι
1022 5147 1192 5219 αὐτὴν
1205 5144 1250 5179 ⁸⁸
1281 5148 1729 5219 παρακαλοῦμεν.
1790 5150 1883 5215 Ὠς
1916 5152 1976 5205 ὲν

389 5241 810 5313 ὁλοκαυτώμασι
834 5240 1005 5312 κριῶν
1036 5241 1130 5296 καὶ
1151 5239 1445 5313 ταύρων³¹,
1474 5240 1568 5296 καὶ
1589 5240 1665 5305 ὡς
1688 5243 1747 5297 ὲν
1776 5244 1978 5315 μυριά-

2078 4617 2136 4666 et
2164 4603 2602 4664 misericordiam
2627 4599 2915 4655 invenire:
2948 4594 3017 4649 Et
3038 4592 3263 4665 quando
3293 4591 3418 4656 hoc,
3454 4587 3657 4658 inquit,

2080 4697 2301 4768 assequi
2352 4710 2460 4750 non
2498 4704 2824 4763 possumus,
2856 4702 2983 4743 cum
3015 4702 3048 4740 a
3085 4698 3244 4741 sacra
3302 4681 3398 4735 illa
3437 4679 3662 4768 civitate

2081 4767 2275 4860 procul
2305 4785 2577 4848 absimus,
2613 4779 2835 4835 modum
2883 4775 3173 4849 quemdam
3217 4770 3528 4827 invenimus
3581 4767 3660 4822 tui

2080 4878 2321 4944 colendi,
2356 4874 2609 4931 Domine.

2158 4973 2329 5028 Vsus.
2368 4967 2476 5035 39,
2514 4966 2605 5020 40.
2643 4981 2662 5015 ι
2698 4961 2835 5017 Cum
2889 4957 3075 5012 anima
3104 4954 3251 5011 enim
3283 4950 3522 5007 contrita
3548 4988 3564 5013 ,
3610 4959 3665 5004 et

2083 5066 2279 5138 spiritu
2314 5058 2644 5116 humilitatis
2684 5051 3144 5124 supplicationem
3197 5046 3296 5101 tibi
3343 5044 3662 5138 oil‘erentes,

2084 5134 2366 5225 rogamus,
2400 5159 2463 5206 ut
2498 5150 2675 5221 ipsam
2711 5143 3007 5214 suscipias.
3055 5140 3210 5195 Sicut
3247 5152 3372 5191 cum
3403 5134 3665 5225 holocau-

2089 5224 2192 5305 stis
2226 5247 2484 5309 arietum,
2535 5250 2591 5296 et
2631 5247 2937 5301 taurorum,
2981 5240 3038 5291 et
3068 5232 3211 5289 sicut
3244 5242 3371 5285 cum
3416 5224 3663 5281 millibus

1702 5419 1939 5477 VARle
1981 5413 2275 5476 LECTION
2285 5420 2387 5475 ES.

485 5520 532 5553 ¹²
561 5519 608 5573 Α
637 5530 691 5575 et
716 5520 759 5574 B
787 5520 937 5591 πρὸς
963 5519 1183 5583 αὑτούς.
1228 5588 1237 5591 _
1294 5520 1337 5591 ξ’
1369 5521 1412 5573 Α
1454 5531 1514 5591 ret
1540 5520 1595 5591 VB
1623 5518 1911 5591 πληθύναι.

394 5592 433 5621 ’τ
469 5592 608 5661 σήμ.
649 5588 870 5661 υεεηῐιι
905 5590 969 5645 Β.
1045 5590 1088 5661 ξδ
1105 5588 1259 5661 φησί.
1298 5589 1421 5644 Des.
1451 5590 1502 5644 in
1537 5590 1597 5646 Β.
1675 5588 1886 5661 ¹⁹⁷ᾘσμ

392 5653 732 5731 γρύνθημεν.
786 5659 912 5716 Des.
954 5660 1084 5715 ibid.
1117 5653 1129 5661 ’
1156 5653 1243 5731 ί²ῖ
1291 5662 1411 5730 σήν.
1486 5661 1609 5717 Des.
1663 5660 1716 5715 in
1899 5658 1945 5689 ³³
1979 5659 2106 5731 λυπ.
2149 5657 2190 5710 Β
2226 5653 2545 5731 συμφορῶν.

2015 5518 2060 5549 ¹⁵
2108 5518 2150 5571 Α
2198 5525 2252 5573 et
2293 5516 2332 5570 Β
2376 5513 2580 5574 αὐτῶν,
2630 5512 2724 5573 ὡς.
2839 5512 3218 5580 ’δβᾶσᾯροὲ-
3292 5512 3421 5580 ,,“’,ξ

1893 5568 1909 5640 ξ
1941 5568 2337 5651 Βυτωὶῖιίπὲαὶ.
2398 5585 2527 5637 ’θοὺ
2563 5568 2634 5626 J—
2662 5568 2857 5650 ὀλίγοι.
2904 5579 3027 5651 Des.
3062 5568 3116 5651 in
3155 5573 3241 5651 B.__
3292 5568 3667 5651 "32.1159:

2839 5511 2881 5542 ¹⁵
2910 5508 2948 5561 Β
2976 5507 3218 5576 ἄστροις.
3294 5494 3657 5576 μ’ἦῇτιθείς.

2645 5652 2691 5685 ιι
2725 5636 2855 5721 φὴς.
2916 5649 3154 5721 Des.__in
3202 5643 3263 5693 Β.
3351 5638 3397 5670 ιε
3430 5636 3575 5721 οὐδέν.
3608 5638 3681 5720 β,

366 5706 1084 5800 ,ρίῗείδὶιὶζ⁶ᾝὴὶςίῦζ””ἰε”ᾜ
1113 5730 1200 5785 ού.
1233 5729 1237 5733 ’
1274 5706 1734 5793 εἷ’ἒίριῖἴὲλεξξ.
1773 5706 1856 5759 Πίθ
1878 5706 2183 5800 tutaTA-1;.
2225 5706 2425 5800 “uiui
2479 5706 2966 5800 προσδεχθείημεν.
3059 5717 3105 5749 ²⁹
3144 5729 3237 5782 πρ.
3282 5739 3345 5749 —-
3382 5706 3658 5779 παρακαλ.

395 5796 524 5855 Des.
564 5800 618 5857 il:
647 5796 718 5858 Ᾰξ
792 5802 853 5875 ³ο,
878 5800 1216 5879 προσδ.¹αὑτ.
1252 5800 1291 5851 Β
1324 5800 1549 5871 ταύτην.
1627 5804 1666 5835 ³⁸
1710 5801 1803 5856 καὶ
1828 5799 2063 5870 ταύρων.
2112 5798 2185 5857 Ex
2232 5808 2271 5853 Α
2310 5809 2358 5851 et
2395 5798 2430 5849 Β
2457 5796 2634 5867 suppl.
