4070 6404
491 359 621 422 1331

1487 369 1979 433 THEODORETI
2001 373 2342 439 EPISCOPI
2369 379 2736 444 CYRENSIS

3607 389 3752 455 I332

486 487 754 544 agnnrum
781 472 1087 546 pinguium,
1120 476 1202 532 sic
1222 475 1316 533 ﬁat
1344 481 1681 540 sacriﬁcium
1718 493 1970 541 nostrum
2002 487 2047 542 in

2165 504 2250 541 σιν
2281 490 2461 560 ἀρνῶν
2486 493 2704 561 πιόνων,
2731 494 2874 549 οὕτω
2910 496 3152 565 γενέσθω
3177 498 3211 569 ἠ
3241 497 3404 554 θυσία
3454 501 3616 574 ἡμῶν
3662 505 3755 559 ὲν-

483 573 784 638 conspectu
835 575 930 620 tuo
965 567 1151 634 hodie,
1199 578 1255 625 et
1301 571 1622 642 perﬁciatur
1657 586 1781 646 post
1816 585 1890 642 te,
1925 594 2066 648 quo-

484 658 633 712 niam
670 673 780 712 non
807 668 892 714 est
921 660 1174 716 confusio
1209 663 1612 721 conﬁdentibus
1647 667 1702 722 in
1735 677 1808 724 te.
1855 689 1874 721 ι
1927 669 2067 725 Cum

482 747 627 801 enim
683 754 776 801 tua
823 747 930 811 lex,
977 749 1180 820 inquit,
1217 761 1490 808 consueta
1531 755 1748 826 1119
1789 757 2066 814 sacriﬁcia

437 847 442 874 τ
483 835 580 888 tibi
605 833 802 890 oﬁ‘erre
839 837 1043 908 ubique
1083 855 1192 894 non
1226 842 1532 912 permittat,
1564 861 1663 915 pro
1692 846 1978 913 arietibus,
2010 855 2066 904 et

480 927 676 987 tauris,
737 935 791 983 et
841 931 1001 999 agnis
1055 932 1577 1002 innumerabilibus,
1634 939 1929 994 contritum
1966 940 2064 995 tibi

477 1022 531 1067 et
560 1015 906 1071 humiliatum
939 1033 1036 1073 cor
1063 1020 1368 1090 oﬁ'erimus,
1401 1033 1455 1078 et
1495 1027 1772 1096 supplices
1799 1028 2060 1097 petimus,

478 1115 540 1159 ut
576 1108 693 1164 haec
723 1110 819 1164 tibi
843 1111 957 1166 sint
988 1115 1136 1168 omni
1162 1116 1440 1171 sacriﬁcio
1471 1119 1712 1189 gratiora
1745 1119 2060 1190 :siquidem

478 1201 818 1255 cousuevisti
859 1201 913 1255 in
958 1211 1010 1257 te
1045 1207 1286 1262 conﬁsos
1311 1208 1381 1262 ab
1409 1210 1556 1263 omni
1607 1210 1908 1281 ignominia
1941 1213 2062 1266 vin-

479 1289 686 1346 dicare.
720 1290 847 1346 llaec
877 1303 1060 1349 autem
1092 1296 1237 1351 haud
1283 1298 1607 1368 simpliciter
1647 1302 1721 1355 ita
1759 1301 1897 1356 dixit
1926 1317 2059 1357 san-

477 1390 602 1436 ctus
629 1382 718 1436 hic
765 1384 870 1449 vir,
904 1386 1000 1440 sed
1032 1400 1063 1439 a
1105 1387 1371 1456 propheta
1404 1388 1608 1444 Davide
1643 1390 1919 1456 eruditus,
1959 1391 2056 1462 qui

478 1473 535 1528 in
574 1475 1033 1545 quinquagesimo
1084 1480 1345 1548 psalmo:
1407 1498 1427 1532 ε
1473 1481 1613 1547 Quia
1665 1483 1712 1538 si
1760 1483 2054 1552 voluisses,

477 1565 688 1636 inquit,
729 1569 1086 1635 sacriﬁcium,
1138 1569 1411 1627 dedissem
1449 1573 1637 1644 utique
1675 1573 2056 1631 :holocaustis

474 1671 588 1712 non
629 1655 1030 1725 delectaberis;
1059 1661 1394 1718 sacriﬁcium
1433 1663 1546 1719 Deo
1590 1667 1856 1738 (gratum)
1892 1668 2057 1737 spirio

472 1757 564 1805 tus
591 1751 889 1815 contritus,
938 1765 1037 1806 cor
1068 1754 1368 1809 contritum
1422 1763 1478 1810 et
1519 1757 1870 1813 humiliatum
1911 1757 2052 1814 Deus

2167 579 2342 634 ώπιόν
2371 599 2466 636 σου
2510 585 2772 656 σήμερον,
2801 589 2896 641 καὶ
2928 589 3254 644 ὲκτελείσθω
3273 591 3318 623 ³³
3355 592 3580 647 ὄπισθέν
3623 611 3750 649 σου·

2165 671 2248 725 ὅτι
2292 672 2391 726 οὐκ
2443 673 2592 728 ἐστιν
2641 679 2872 748 αἰσχύνη
2924 681 3038 744 τοῖς
3086 682 3400 737 πεποιθόσιν
3447 685 3540 738 ἐπὶ
3592 686 3696 740 σοί.
3725 705 3748 740 ι

2179 766 2401 839 Ἐπειδὴ
2436 769 2566 841 γὰρ,
2599 770 2787 841 φησὶν,
2814 773 2844 825 6
2873 772 2965 837 σὸς
2991 774 3154 844 νόμος
3197 775 3255 828 ὲν
3287 776 3451 830 παντί
3480 794 3560 831 σοι
3597 778 3754 850 τόπῳ

2165 860 2500 928 προσφέρειν
2531 858 2631 923 τὰς
2675 861 3068 932 νενομισμένας
3105 863 3298 928 θυσίας
3351 865 3412 916 ού
3449 867 3747 936 συγχωρεῖ,

2164 950 2284 1004 ἀντὶ
2312 950 2503 1020 κριῶν,
2543 951 2638 1004 xui
2665 951 2906 1024 ταύρων,
2941 955 3040 1008 xui.
3069 955 3249 1025 ἀρνῶν
3277 955 3369 1008 τὸν
3403 956 3642 1027 ἀριθμὸν
3667 975 3751 1010 νι-

2163 1040 2407 1106 κώντων,
2467 1045 2935 1115 συνετριμμένην
2983 1063 3064 1099 σοι
3105 1046 3200 1100 καὶ
3254 1048 3751 1119 τεταπεινωμένην

2161 1132 2393 1202 καρδίαν
2434 1135 2839 1206 προσφέρομεν,
2872 1138 2968 1190 καὶ
3016 1137 3454 1209 παρακαλοῦμεν
3484 1139 3748 1207 γενέσθαι

2163 1239 2244 1277 σοι
2268 1223 2443 1279 ταῦτα
2466 1227 2646 1298 πάσης
2665 1227 2856 1292 θυσίας
2877 1229 3033 1300 ἡδίω,
3057 1230 3244 1302 ἐπειδὴ
3271 1228 3470 1294 είωθας
3491 1231 3616 1295 τοὺς
3642 1249 3748 1284 πε-

2159 1313 2420 1378 ποιθότας
2451 1317 2545 1369 ἐπὶ
2577 1319 2660 1369 σοὶ
2683 1317 2866 1388 πάσης
2883 1319 3147 1389 αἰσχύνης
3171 1317 3517 1387 ἐλευθεροῦν.
3553 1319 3747 1374 Ταῦτα

2159 1404 2216 1458 δὲ
2246 1405 2345 1475 οὐχ
2397 1405 2586 1469 ἁπλῶς
2635 1406 2810 1469 οὕτως
2869 1405 3138 1476 εῐρηκενό
3184 1405 3339 1474 ἆγιος
3368 1399 3524 1468 οὗτος
3570 1407 3743 1476 ἀνὴρ,

2158 1496 2275 1550 ἀλλ’
2307 1496 2413 1550 ὑπὸ
2439 1496 2536 1550 τοῦ
2563 1498 2844 1568 προφήτου
2871 1496 3251 1568 δεδιδαγμένος
3275 1495 3458 1562 Δαϐὶδ,
3494 1496 3554 1560 ὃς
3582 1497 3641 1549 ὲν
3665 1496 3749 1567 τῷ

2158 1588 2511 1659 πεντηκοπῷ
2530 1587 2678 1657 λέγει
2709 1587 2909 1659 ψαλμῷ
2927 1628 2942 1653 ,
2989 1589 3070 1642 ὅτι
3103 1607 3122 1640 ι
3147 1586 3210 1640 Εἰ
3232 1587 3507 1659 ἠθέλησας
3529 1587 3745 1656 θυσίαν,

2158 1679 2337 1734 ἔδωκα
2375 1680 2442 1734 ἄν
2467 1697 2480 1711 ο
2513 1679 2940 1751 ὁλοκαυτώματα
2961 1681 3062 1734 οὐκ
3093 1679 3408 1750 εὐδοκήσεις
3435 1695 3449 1708 ·
3476 1677 3636 1732 θυσία
3665 1679 3746 1749 τῷ

2157 1769 2277 1840 Θεῷ
2309 1769 2530 1841 πνεῦμα
2566 1771 3050 1842 συντετριμμένον,
3084 1769 3315 1840 καρδίαν
3347 1770 3746 1840 συντετριμμέ-

470 1854 580 1893 non
607 1840 911 1911 despicieti
946 1883 957 1896 .
983 1863 1002 1897 ι
1034 1843 1100 1898 Et
1123 1862 1319 1903 rursus
1339 1863 1406 1902 ex
1437 1863 1672 1919 persona
1696 1848 1830 1904 Dei:
1869 1848 2047 1904 «Nun-

2157 1880 2256 1929 νην
2296 1863 2390 1916 xui.
2417 1840 2894 1934 τεταπεινωμένην
2938 1865 2968 1916 6
3004 1862 3136 1926 Θεὸς
3165 1862 3268 1916 οὐκ
3313 1861 3684 1926 ὲξουδενὼσει.
3715 1881 3736 1914 ι

469 1930 600 1999 quid
631 1933 976 1990 mandueabo
1007 1952 1205 1993 carnes
1237 1946 1546 2005 taurorum,
1591 1947 1688 1994 aut
1721 1941 2048 2011 sanguinem

467 2023 748 2078 hircorum
788 2027 1026 2095 potabo?
1067 2029 1296 2084 lmmola
1331 2029 1442 2086 Deo
1477 2032 1812 2088 sacriﬁcium
1847 2033 2046 2098 laudis,

465 2121 522 2170 et
549 2115 713 2170 redde
737 2116 1018 2173 Altissimo
1045 2129 1167 2173 vota
1203 2127 1316 2185 tua,
1339 2133 1392 2176 et
1416 2121 1703 2177 invocabis
1734 2138 1821 2178 me
1845 2125 1896 2177 in
1922 2123 2012 2179 die
2030 2129 2047 2148 '

466 2207 843 2264 tribulationis
863 2217 991 2274 tuae,
1021 2218 1074 2266 et
1094 2227 1286 2267 eruam
1315 2221 1390 2277 te,
1423 2222 1478 2269 et
1496 2215 1834 2286 gloriﬁcabis
1852 2231 1938 2272 me
1960 2215 2042 2272 ιι.»

465 2299 552 2354 Ae
577 2301 746 2368 paulo
770 2310 890 2369 post
927 2319 942 2356 :
987 2321 1005 2355 ι
1044 2301 1390 2359 Sacriﬁcium
1441 2306 1623 2362 laudis
1659 2307 2049 2363 honoriﬁcabit

465 2403 554 2444 me
587 2407 600 2442 :
632 2397 687 2445 et
716 2391 791 2445 ibi
825 2392 933 2454 via,
966 2409 1074 2462 qua
1094 2396 1384 2450 ostendam
1410 2397 1744 2454 illisalutare
1763 2414 1942 2455 meum
1965 2399 2041 2454 ι.»

462 2477 590 2535 Haec
638 2481 869 2539 edoctus
917 2484 1138 2541 divinus
1173 2486 1263 2542 hic
1315 2489 1420 2552 vir,
1459 2491 1758 2545 contritum
1801 2506 1899 2546 cor
1944 2506 2046 2562 pro

459 2572 612 2627 omni
673 2575 949 2632 sacriﬁcio
1009 2579 1219 2650 suscipi
1282 2581 1630 2651 supplicavit.
1691 2581 1900 2638 Deinde
1947 2583 2046 2638 ad-

454 2662 579 2733 jicit
617 2683 634 2720 :

528 2841 696 2898 Vsus.
730 2843 819 2898 Η.
858 2862 881 2896 «ι
922 2843 991 2900 Ει
1027 2861 1180 2901 nunc
1217 2848 1505 2918 sequimur
1529 2855 1585 2904 te
1619 2856 1737 2904 toto
1763 2849 1965 2914 corde.
1991 2858 2046 2906 et

457 2934 716 2990 timemus
755 2947 826 3001 te,
859 2944 914 2992 et
944 2938 1247 3012 quaerimus
1272 2938 1468 2995 faciem
1501 2947 1678 3004 tuam,
1703 2955 1774 2996 ne
1805 2941 2045 2996 confun-

455 3029 556 3086 das
594 3044 717 3084 nos.
756 3047 776 3082 ι
820 3029 1112 3086 Multitudo
1159 3032 1306 3086 enim
1341 3032 1724 3087 calamitatum
1787 3049 1852 3089 ex
1913 3034 2044 3091 aliis

455 3120 596 3176 alios
619 3135 723 3176 nos
761 3121 917 3186 fecit,
949 3131 1006 3178 et
1032 3123 1124 3193 qui
1159 3125 1416 3179 mandata
1463 3133 1557 3180 tua
1590 3126 1946 3193 violavimus,
1982 3136 2042 3182 ut

457 3220 574 3266 toto
601 3211 771 3268 corde
799 3221 855 3269 et
890 3215 1216 3270 timeremus
1247 3223 1304 3270 et
1340 3231 1715 3284 quaereremus
1739 3226 1810 3283 te,
1835 3219 2039 3273 eﬁ'ecit.

461 3300 679 3358 Faciem
702 3312 885 3358 autem
911 3304 1012 3359 Dei
1045 3305 1152 3360 hoc
1175 3307 1300 3360 loco
1330 3305 1770 3362 benevolentiam
1804 3309 2042 3377 vocavit,

453 3403 508 3452 et
537 3396 814 3452 libertatis
846 3396 1230 3464 redditionem,
1260 3405 1316 3454 et
1349 3399 1712 3470 providentiae
1743 3415 2045 3471 recupera-

453 3488 686 3555 tionem,
714 3503 825 3560 qua
853 3491 1038 3559 potiti,
1086 3500 1141 3546 et
1190 3507 1410 3547 sacrum
1463 3495 1726 3564 templum
1783 3502 2046 3564 poterant

453 3580 663 3643 videre,
701 3588 905 3650 etquae
935 3582 1011 3636 ibi
1041 3583 1446 3652 peragebantur
1488 3585 1786 3652 sacriﬁcia,
1828 3586 2043 3657 1120

453 3685 554 3739 per
583 3686 706 3740 quae
733 3673 989 3742 corporis
1030 3684 1309 3743 expertem
1371 3676 1566 3744 Deum,
1617 3679 1823 3750 quique
1862 3681 2041 3734 oculis

453 3763 743 3818 cerninon
798 3771 1000 3833 potest,
1065 3765 1248 3821 videre
1302 3783 1362 3823 se
1420 3770 1759 3839 cogitabant.
1808 3771 2042 3838 Quando

452 3851 640 3922 itaque
673 3851 813 3908 adeo
842 3867 944 3909 nos
973 3854 1077 3909 hoc
1110 3856 1382 3927 suppl-icio
1419 3858 1755 3927 immutasti,

516 4023 687 4084 Vens.
723 4026 814 4092 42,
833 4029 922 4084 45.
952 4048 975 4082 ς
1005 4028 1085 4087 Ne
1121 4031 1436 4091 confundas
1470 4053 1591 4105 nos,
1619 4039 1714 4096 sed
1737 4039 1824 4097 fac
1848 4043 2041 4101 nobis-

447 4131 573 4173 cum
625 4119 785 4189 juxta
836 4124 1320 4182 mansuetudinem
1376 4138 1550 4198 tuam,
1611 4141 1668 4189 et
1727 4139 2034 4194 secundum

447 4210 856 4270 multitudinem
910 4215 1303 4276 misericordia:
1340 4230 1464 4277 tuaa.
1513 4224 1577 4281 Et
1621 4242 1756 4285 erue
1789 4247 1893 4288 nos
1945 4249 2036 4290 se-

448 4306 688 4360 cundum
718 4307 995 4365 mirabilia
1027 4319 1143 4377 tua,
1182 4324 1237 4368 et
1266 4315 1335 4370 da
1364 4318 1598 4388 gloriam
1625 4324 1836 4378 nomini
1866 4336 1981 4382 tuo.
2009 4348 2028 4380 ι

444 4395 675 4468 Propter
697 4398 814 4454 hinc
845 4417 970 4468 nos,
1013 4404 1216 4475 inquit,
1254 4414 1349 4462 tua
1400 4410 1782 4469 misericordia
1816 4426 1870 4470 et
1919 4418 2034 4474 cle-

2153 1953 2266 2006 Καὶ
2299 1953 2463 2006 πάλιν
2498 1955 2562 2008 ὲκ
2611 1954 2906 2027 προσώπου
2963 1952 3060 2006 τοῦ
3094 1953 3231 2007 Θεοῦ
3259 1969 3274 1984 ’
3313 1954 3444 2025 «Μὴ
3490 1953 3742 2024 φάγομαι

2153 2044 2293 2114 κρέα
2324 2043 2564 2116 ταύρων,
2601 2045 2634 2116 ἢ
2681 2041 2823 2116 αἷμα
2864 2045 3087 2114 τράγων
3148 2044 3380 2115 πίομαι;
3437 2044 3614 2098 Θῦσον
3659 2043 3745 2114 τῷ

2150 2135 2272 2208 Θεῷ
2305 2136 2496 2191 θυσίαν
2537 2138 2820 2204 αἰνὲσεως,
2857 2139 2954 2192 xui.
2999 2138 3202 2202 ἀπόδος
3237 2137 3315 2208 τῷ
3354 2138 3594 2209 ’Υψίστῳ
3638 2138 3744 2201 τὰς

2149 2230 2319 2300 εὐχάς
2367 2247 2484 2295 σου,
2536 2229 2632 2284 xui.
2680 2229 3007 2285 ὲπικάλεσαί
3057 2246 3126 2300 με
3170 2230 3229 2284 ὲν
3278 2229 3466 2301 ἡμέρᾳ
3503 2229 3742 2300 θλίψεώς

2151 2342 2268 2389 σου,
2294 2326 2391 2379 xui.
2428 2325 2718 2397 ὲξελοῦμαί
2763 2342 2845 2388 σε,
2886 2325 2980 2379 καὶ
3005 2324 3250 2388 δοξάσεις
3284 2341 3374 2394 με.
3398 2343 3417 2377 ι
3446 2326 3557 2379 Καὶ
3597 2325 3740 2396 μετὰ

2151 2417 2360 2489 βραχέα
2378 2435 2392 2449 ο
2429 2438 2446 2470 ι
2466 2419 2642 2473 Θυσία
2671 2419 2934 2482 αἰνέσεως
2962 2418 3178 2484 δοξάσει
3214 2435 3302 2488 με,
3333 2419 3427 2472 καὶ
3454 2419 3575 2472 ἐκεῖ
3592 2419 3737 2484 ὁδὸς,

2147 2511 2262 2564 tv“
2347 2509 2505 2575 δείξω
2526 2510 2675 2580 αὐτῷ
2709 2509 2769 2562 τὸ
2799 2510 3069 2581 σωτήριόν
3103 2527 3204 2580 μου
3231 2509 3297 2564 ⁸⁵.
3320 2528 3338 2562 ι
3378 2509 3566 2564 Ταῦτα
3595 2511 3739 2564 δεδι-

2146 2600 2414 2671 δαγμένος
2443 2603 2471 2653 ὁ
2504 2600 2646 2664 θεῖος
2689 2595 2846 2664 οὗτος
2890 2599 3052 2671 ἀνὴρ,
3098 2599 3198 2672 τὴν
3255 2601 3739 2672 συντετριμμένην

2147 2691 2374 2761 καρδίαν
2399 2691 2522 2744 ἀντὶ
2545 2691 2726 2762 πάσης
2747 2691 3003 2763 δεχθῆναι
3034 2691 3229 2757 θυσίας
3255 2691 3566 2748 ἱκέτευσεν.
3597 2688 3736 2749 Εἶτα

2146 2785 2372 2852 ἐπάγεὺ

2221 2879 2332 2944 μα’.
2374 2874 2524 2927 «Καὶ
2550 2871 2647 2926 νῦν
2681 2872 3146 2944 ὲξακολουθοῦμέν
3182 2875 3324 2927 aut"
3361 2875 3424 2928 ὲν
3459 2875 3555 2947 ὅλῃ
3589 2891 3735 2948 καρ-

2145 2965 2256 3036 δίᾳ,
2293 2965 2388 3018 xui.
2420 2963 2736 3035 φοϐούμεθά
2777 2981 2859 3031 σε,
2896 2965 2993 3018 xui
3027 2964 3303 3036 ζητοῦμεν
3340 2965 3403 3019 τὸ
3434 2966 3736 3036 πρόσωπόν

2147 3072 2266 3118 σου,
2311 3054 2385 3124 μὴ
2435 3053 2805 3124 καταισχύνῃς
2843 3055 3012 3124 ἡμᾶς.
3043 3073 3062 3106 ›
3122 3054 3194 3107 Τὸ
3231 3053 3343 3125 γὰρ
3373 3055 3576 3125 πλῆθος
3620 3055 3735 3108 τῶν

2148 3145 2442 3217 συμφορῶν
2467 3145 2686 3216 ἑτέρους
2733 3147 2882 3216 ἡμᾶς
2909 3147 3025 3200 ἀνθ’
3048 3145 3250 3216 ἐτέρων
3273 3147 3569 3217 εἰργάσατο
3588 3188 3602 3212 ,
3634 3147 3732 3200 καὶ

2145 3235 2473 3308 παραϐάτας
2515 3235 2675 3299 ὕντας
2703 3235 2814 3288 τῶν
2874 3235 2981 3289 σῶν
3012 3237 3262 3301 ἐντολῶν,
3293 3239 3349 3289 ὲν
3379 3236 3476 3308 ὅλῃ
3505 3254 3562 3290 σε
3594 3254 3734 3308 καρ-

2141 3329 2231 3400 δίᾳ
2279 3328 2378 3382 καὶ
2427 3327 2708 3397 φοϐεῖσθαι
2735 3326 2828 3380 xui.
2869 3324 3054 3396 ζητεῖν
3082 3327 3484 3397 παρεσκεύασε.
3539 3328 3732 3396 Πρόσ-

2143 3432 2308 3472 ωπον
2350 3417 2408 3470 δὲ
2453 3416 2602 3471 Θεοῦ
2633 3415 2870 3470 ἐνταῦθα
2902 3416 3002 3488 τὴν
3027 3417 3316 3487 εὐμένειαν
3349 3416 3598 3478 ἐκάλεσε,
3632 3415 3732 3469 καὶ

2141 3507 2241 3576 τὴν
2289 3505 2388 3574 τῆς
2421 3503 2736 3570 ἐλευθερίας
2790 3504 3070 3569 ἀπόδοσιν,
3112 3505 3207 3558 καὶ
3230 3503 3330 3574 τὴν
3367 3503 3735 3577 τῆςκηδεμο-

2141 3599 2263 3661 νίας
2288 3597 2580 3668 ἀπόληψιν,
2610 3593 2678 3670 ἧς
2717 3596 3087 3660 ἀπολαύοντας
3116 3595 3338 3650 δυνατὸν
3364 3591 3440 3665 ἦν
3458 3596 3591 3666 όρᾷν
3631 3593 3732 3648 καὶ

2141 3690 2234 3744 τὸν
2271 3691 2414 3742 θεῖον
2479 3686 2617 3741 νεὼν
2640 3687 2709 3752 ³⁸,
2745 3687 2840 3740 xui.
2893 3688 2994 3750 τὰς
3055 3685 3490 3755 ἐπιτελουμένας
3537 3683 3730 3738 αὐτόθι

2141 3781 2417 3854 λατρείας,
2455 3780 2519 3833 δι’
2545 3773 2619 3834 ὧν
2641 3779 2930 3850 ἀσώματον
2959 3779 3090 3834 ὄντα
3114 3778 3205 3833 τὸν
3224 3778 3354 3833 Θεὸν
3375 3779 3468 3831 xui.
3492 3776 3729 3848 ἀόρατον

2141 3874 2277 3944 δρᾷν
2326 3872 2718 3942 ἐφαντάζοντο.
2756 3871 2979 3944 Ἐπειδὴ
3015 3871 3195 3925 τοίνυν
3249 3870 3522 3940 τοσαύτην
3565 3868 3729 3940 ἡμῶν

2140 3964 2227 4017 διά
2300 3963 2402 4032 τῆς
2448 3949 2719 4033 τιμωρίας
2764 3962 3005 4033 εἰργάσω
3060 3959 3402 4032 μεταϐολὴν,

2216 4052 2325 4125 μβ’,
2355 4058 2466 4122 μγ’.
2515 4071 2533 4104 ι
2558 4051 2651 4124 Μὴ
2685 4051 3053 4123 καταισχύνῃς
3086 4053 3256 4124 ἡμᾶς,
3310 4050 3447 4105 ἀλλὰ
3496 4048 3728 4119 ποίησον

2144 4145 2263 4218 μεθ’
2295 4145 2453 4216 ἡμῶν
2486 4144 2628 4198 κατὰ
2661 4145 2760 4213 τὴν
2794 4144 3098 4198 ἐπιείκειάν
3157 4160 3276 4208 σου,
3337 4140 3600 4197 καὶκατὰ
3661 4140 3728 4192 τὸ

2138 4239 2343 4310 πλῆθος
2370 4238 2464 4292 τοῦ
2500 4238 2680 4302 ἐλέους
2726 4255 2841 4292 σου.
2876 4239 2983 4291 Καὶ
3006 4239 3048 4270 ⁸⁷
3082 4236 3267 4305 ἐξελοῦ
3307 4239 3452 4308 ἡμᾶς
3483 4235 3627 4290 κατὰ
3653 4236 3724 4287 τᾶι

2138 4331 2420 4401 θαυμάσια
2463 4311 2577 4395 σου,
2627 4329 2724 4385 xui.
2759 4329 2849 4393 δὸς
2879 4329 3036 4394 δόξαν
3076 4329 3154 4400 τῷ
3202 4329 3426 4401 ὀνόματί
3482 4346 3575 4381 σου
3599 4327 3664 4380 ³³.
3698 4347 3718 4379 ι

2137 4422 2236 4475 Διὰ
2264 4422 2457 4486 ταῦτα,
2493 4421 2678 4494 φησὶν,
2703 4421 2885 4475 οἰκτου
2908 4421 2952 4452 ⁸⁸
2983 4421 3132 4492 ἡμᾶς
3181 4421 3276 4474 xui
3310 4419 3723 4496 φιλανθρωπίας

443 4490 655 4546 mentia
680 4490 910 4562 dignare
949 4495 1248 4552 :misereri
1286 4500 1434 4554 enim
1471 4502 1641 4569 soles,
1671 4512 1726 4559 et
1778 4507 2032 4577 longani-

2148 4513 2366 4580 ὶξίωσον
2391 4530 2406 4544 ⁸
2445 4490 2616 4568 ὲλεεῖν
2648 4531 2710 4566 τε
2757 4513 2867 4586 γὰρ
2906 4490 3176 4584 πέφυκας,
3221 4515 3315 4568 xui
3361 4490 3720 4586 μακροθυμίᾳ

443 4582 635 4638 mitate
660 4599 789 4656 erga
817 4601 1015 4644 omnes
1040 4588 1296 4647 homines
1321 4593 1422 4658 uti,
1445 4596 1816 4667 comitemque
1839 4602 2037 4657 volun~

444 4674 576 4728 tatis
619 4674 789 4730 habes
831 4685 1206 4746 potestatem;
1252 4680 1418 4752 idque
1451 4693 1728 4741 testantur
1758 4703 1822 4743 ea
1854 4705 1980 4760 quae
2003 4707 2035 4747 a

443 4771 498 4820 te
522 4765 875 4822 continenter
927 4768 1088 4834 ﬁunt,
1142 4771 1438 4831 miracula.
1476 4774 1611 4842 Quae
1643 4777 1792 4832 enim
1829 4779 1888 4835 in
1931 4797 2034 4838 nos

443 4854 587 4912 facta
619 4867 959 4922 sunt,causa
987 4872 1172 4930 erunt,
1197 4873 1258 4919 ut
1279 4879 1482 4922 nomen
1506 4876 1662 4922 tuum
1695 4870 2030 4938 celebretur,

443 4963 554 5004 non
588 4966 616 5003 a
647 4951 809 5008 nobis
845 4961 1060 5010 tantum
1103 4957 1197 5028 qui
1231 4959 1512 5014 salvamur
1567 4961 1894 5031 incolumes,
1936 4968 2030 5024 sed

443 5038 605 5092 etiam
637 5040 710 5096 ab
745 5041 812 5097 iis
863 5046 956 5115 qui
1030 5057 1272 5103 nostram
1317 5052 1713 5120 conspexerint
1766 5056 2020 5113 salutem.

517 5147 536 5179 ι
584 5128 660 5184 Da
740 5134 928 5204 itaque
987 5137 1216 5205 gloriam
1279 5142 1492 5196 nomini
1559 5149 1704 5208 tuo,
1776 5143 2022 5205 Domine.

448 5218 632 5289 (Vens.
667 5222 889 5296 ΗΑΒ.)
916 5227 985 5281 Et
1019 5227 1435 5287 confundantur
1464 5248 1658 5289 omnes
1705 5235 1797 5306 qui
1834 5247 2024 5294 osten-

2134 4604 2435 4674 κεχρῆσθαι
2479 4606 2617 4676 πρὸς
2667 4606 2955 4671 ἅπαντας,
2992 4605 3291 4678 σύνδρομόν
3347 4624 3405 4660 τε
3455 4606 3600 4676 ἔχεις
3648 4610 3753 4676 τῇ-

2135 4694 2388 4766 βουλήσει
2417 4695 2517 4767 τὴν
2568 4696 2801 4766 δύναμιν
2830 4711 2845 4726 ο
2879 4697 2974 4750 xui.
3006 4700 3280 4768 μαρτυρεῖ
3328 4698 3396 4751 τὰ
3450 4696 3718 4768 διηνεκῶς

2131 4785 2238 4838 ὑπὸ
2273 4785 2369 4839 σοῦ
2394 4788 2665 4858 γενόμενα
2694 4788 2974 4860 θαύματα.
3021 4790 3102 4844 Τὰ
3132 4790 3241 4862 γὰρ
3267 4792 3347 4854 εἰς
3375 4791 3522 4860 ἡμᾶς
3556 4790 3717 4860 γενό-

2133 4895 2292 4948 μενα,
2339 4879 2433 4933 xui.
2470 4879 2533 4932 τὸ
2574 4879 2667 4934 σὺν
2718 4879 2894 4953 ὄνομα
2939 4879 3228 4953 ὑμνεῖσθαι
3278 4884 3716 4954 παρασκευάσει,

2129 4970 2226 5040 οὐχ
2257 4971 2346 5039 ὑφ’
2395 4971 2550 5042 ἡμῶν
2594 4973 2752 5044 μόνον
2807 4973 3134 5047 σωζομένων
3157 4975 3225 5040 ⁸⁸,
3279 4975 3416 5030 ἀλλὰ
3472 4975 3568 5028 xui
3608 4975 3718 5030 ὑπὸ

2130 5064 2240 5118 τῶν
2263 5063 2362 5135 τὴν
2400 5065 2673 5138 ἡμετέραν
2716 5066 2988 5138 σωτηρίαν
3020 5067 3295 5140 δρώντων.

2208 5173 2227 5205 ι
2270 5155 2368 5218 Δὸς
2417 5155 2574 5221 δόξαν
2609 5157 2790 5212 τοίνυν
2845 5157 2924 5230 τῷ
2971 5159 3198 5230 ὀνόματί
3255 5177 3372 5226 σου,
3443 5160 3617 5232 Κύριε
3642 5161 3712 5218 ⁸⁸.

2131 5243 2273 5315 (μηδ’,
2310 5247 2449 5318 με’.)
2503 5249 2613 5303 Καὶ
2659 5250 3060 5322 ὲντραπείησαν
3094 5252 3297 5317 πάντες
3343 5255 3392 5306 οἰ
3442 5253 3714 5308 ὲνδεικνύ·

524 5373 704 5434 IPsal.
738 5379 1031 5448 1.,18,19.
1121 5384 1145 5421 ιι
1187 5382 1500 5452 Psal.xux,
1531 5348 1732 5454 13,44.
1818 5390 2128 5451 1lbid.22’>.

1755 5553 1990 5612 VARl/E
2022 5557 2423 5622 LECTIONES.

509 5697 984 5786 ³Ῑ¹ΑΗὲιεςξελέσαμΔ
1191 5703 1275 5773 ἦν.
1317 5709 1556 5786 ““huou.
1594 5712 1631 5766 Β
1660 5711 1752 5786 τοῦ
1783 5712 1938 5786 Θεοῦ.
2015 5715 2061 5748 ³⁵
2102 5733 2202 5772 σοι.
2241 5718 2367 5775 Des.
2395 5720 2449 5775 in
2484 5721 2543 5776 Β.
2624 5725 2668 5756 ³⁸
2698 5725 2738 5778 Β
2759 5727 2904 5782 ναόν.
2946 5727 2990 5759 ³⁷
3017 5728 3146 5782 Καί.
3177 5727 3301 5783 Des.
3333 5727 3386 5783 in
3414 5727 3474 5783 Β.
3513 5730 3564 5763 ⁸³
3587 5743 3707 5786 σου.

452 5764 493 5817 Β
529 5767 678 5822 addit
708 5769 921 5838 ὖψιστε.
957 5768 999 5823 Α
1039 5764 1234 5841 Κύριέ.
1315 5776 1356 5811 ⁸³
1393 5764 1845 5853 Β”πάντα,ὴμό⁸ις
1866 5764 2074 5842 οἴκτου.
2107 5764 2214 5821 ’-λδ
2241 5764 2611 5854 ’διεξίῃ
2645 5764 2707 5850 ΒΣ

2813 5797 2859 5828 ³⁸
2907 5797 3049 5869 Κύρ.
3081 5798 3120 5850 Β
3170 5797 3382 5870 ὕψιστε.
