4070 6436
347 418 488 486 1333
1614 429 1694 489 IN
1732 429 2086 489 DANIELIS
2131 431 2287 491 CAP.
2317 430 2430 491 III.
3477 426 3610 490 1334

343 556 500 607 μενοι
533 539 649 603 τοῖς
699 537 906 605 δούλοις
944 558 1037 594 σου
1073 541 1239 607 κακὰ,
1275 542 1369 596 καὶ
1404 542 1928 613 καταισχυνθείησαν

2032 542 2168 597 dunt
2221 544 2398 599 servis
2438 543 2548 599 tuis
2581 545 2746 608 maia,
2779 550 2834 599 et
2863 541 3277 598 confundantur
3331 541 3399 596 ab
3461 545 3610 597 omni

340 630 455 682 ἀπὸ
517 630 702 699 πάσης
743 630 1057 696 δυναστείας
1079 632 1159 694 δ’,
1204 635 1298 686 καὶ
1334 635 1368 704 ἡ
1401 634 1552 704 ἰσχὺς
1580 634 1756 687 αὐτῶν
1813 651 1928 687 συνς-

2041 636 2302 704 potentia,
2328 644 2383 690 et
2429 637 2599 691 robur
2651 652 2842 691 eorum
2907 643 3248 691 conteratur.
3315 635 3507 690 Sciant
3559 643 3614 689 te

338 720 580 792 τριὸείη.
623 721 923 778 Γνώτωσαν
939 724 1006 793 ⁸³,
1039 725 1121 778 ὅτι
1151 726 1215 778 σὺ
1246 725 1448 796 Κύριος
1465 725 1510 757 ⁸⁸
1536 727 1564 780 ό
1589 726 1720 790 Θεὸς
1751 729 1928 796 μόνος,

2040 725 2330 780 Dominum
2362 741 2488 782 esse
2520 728 2689 781 Deum
2733 727 2939 790 solum,
2986 733 3042 780 et
3091 727 3394 796 gloriosum
3447 739 3616 794 super

339 812 441 865 καὶ
470 811 682 878 ἔνδοξος
711 816 797 884 ἐφ’
825 815 953 884 ὃλην
1001 815 1100 887 τὴν
1132 817 1482 889 οἰκουμένην.
1508 837 1526 869 ι
1579 817 1792 888 Ταύτης
1823 819 1928 889 γὰρ

2035 835 2253 874 omnem
2282 821 2470 876 orbem
2497 828 2791 875 terrarum.
2834 838 2853 872 ι
2893 819 3008 874 llac
3032 819 3177 874 enim
3209 833 3337 887 erga
3365 831 3467 871 nos
3499 833 3526 869 a
3560 825 3614 870 te

337 901 428 965 είς
461 903 610 972 ἡμᾶς
640 903 936 973 γινομένης
959 906 1003 938 ⁸⁵
1033 905 1465 978 φιλανθρωπίας.
1499 907 1931 978 καταλυθήσεται

341 991 447 1061 μὲν
477 991 589 1045 τῶν
638 993 896 1049 ἐναντίων
945 995 1008 1048 τὸ
1062 996 1282 1065 Θράσος,
1324 997 1685 1069 σσεσθήσεται
1721 998 1778 1051 δὲ
1829 999 1930 1054 αὺ-

335 1084 452 1137 τῶν
482 1084 519 1153 ἡ
545 1083 733 1146 λύττα,
764 1085 860 1138 καὶ
901 1085 1156 1157 φρόνημα
1179 1086 1224 1119 ⁸⁸
1259 1088 1439 1142 αὐτῶν
1469 1087 1531 1141 τὸ
1564 1087 1766 1159 ὑψηλὸν
1807 1105 1932 1142 συν-

341 1174 698 1246 τρισήσεται,
746 1177 844 1229 καὶ
888 1174 1186 1246 γνώσονται
1241 1195 1302 1232 σε
1336 1180 1499 1250 μόνον
1546 1177 1684 1233 εἶναι
1725 1179 1930 1251 Κύριον

337 1266 439 1318 καὶ
462 1265 620 1334 Θεὸν,
664 1267 771 1321 ὑπὸ
804 1267 988 1339 πάσης
1017 1269 1168 1334 ἄξιον
1202 1270 1495 1340 ὑμνεῖσθαι
1531 1273 1628 1342 τῆς
1676 1274 1932 1344 οίκουμέ·

336 1373 480 1427 νηςο
511 1357 606 1411 καὶ
654 1357 705 1412 οί
761 1357 857 1412 νῦν
883 1360 1111 1424 πολλοὺς
1141 1363 1578 1432 προσκυνοῦντες
1611 1363 1788 1429 θεοὺς,
1819 1365 1930 1419 τῶν

337 1449 445 1518 μὲν
473 1449 692 1502 οἰκείων
738 1449 876 1504 θεῶν
920 1450 1220 1519 γνώσονται
1247 1452 1346 1524 τὴν
1400 1454 1709 1520 ἀσθένειαν,
1742 1456 1840 1528 τὴν
1872 1457 1929 1510 δὲ

334 1539 442 1611 σὴν
474 1542 912 1612 προσκυνήσουσι
944 1542 1194 1614 δύναμιν.
1225 1546 1287 1599 Οί
1331 1545 1431 1616 μὲν
1475 1542 1568 1601 οὖν
1599 1549 1744 1602 ἔνδον
1767 1551 1824 1602 ἐν
1859 1553 1926 1622 τῇ

332 1633 562 1703 καμίνῳ
600 1633 918 1704 χορεύοντες
941 1633 986 1667 ⁸⁷
1007 1635 1312 1690 διετέλουν
1343 1639 1390 1690 οί
1429 1638 1487 1691 δὲ
1528 1639 1620 1692 τοῦ
1665 1641 1928 1710 βασιλέως

334 1724 636 1794 ὑπηρέται,
679 1723 777 1777 καὶ
821 1724 930 1778 τῶν
969 1725 1142 1792 ἁγίων
1195 1728 1529 1800 κατήγοροι,
1583 1732 1682 1784 οὐκ
1732 1733 1928 1803 ἔληγον

332 1811 474 1882 ὓλην
506 1814 572 1884 τῇ
609 1811 772 1882 φλογὶ
796 1813 1180 1884 χορηγοῦντες,
1227 1816 1324 1869 καὶ
1345 1816 1390 1849 ⁸⁸
1437 1817 1795 1889 κληματίδας,
1830 1822 1926 1876 καὶ

333 1904 631 1969 στυππίον,
657 1904 755 1959 καὶ
781 1902 1022 1973 νάφθαν
1043 1921 1057 1936 ·
1074 1901 1211 1968 εἶδος
1229 1907 1286 1960 δέ
1309 1907 1467 1961 τοῦτό
1496 1887 1644 1962 ἐστιν
1658 1911 1716 1963 ἐν
1738 1911 1924 1982 ἐκείνῃ
1956 1887 1999 1946 Β

330 1997 405 2066 τῇ
454 1993 612 2066 χώρᾳ
653 1993 961 2064 γινόμενον,
993 1993 1191 2063 ἐξάψαι
1241 1995 1342 2067 τὴν
1391 1997 1567 2066 φλόγα
1600 1998 1921 2069 δυνάμενον.

330 2083 593 2155 τοσαύτη
625 2085 684 2139 δὲ
726 2081 796 2156 ἦν
839 2086 1221 2157 χορηγουμένη
1237 2087 1282 2120 δ’
1316 2090 1383 2160 τῇ
1428 2091 1579 2161 πυρᾷ
1623 2092 1821 2164 τροφὴ,
1848 2093 1925 2157 ὡς

332 2176 427 2231 ἐπ’
457 2177 614 2231 ἐννέα
645 2177 740 2230 καὶ
766 2178 1177 2248 τεσσαράκοντα
1227 2181 1425 2251 πήχεις
1453 2181 1791 2256 διαχυθῆναι,
1829 2186 1925 2239 καὶ

329 2266 450 2321 τῶν
507 2267 794 2322 Χαλδαίων
848 2269 1135 2339 ἐμπρῆσαι
1177 2271 1304 2334 τοὺς
1351 2273 1768 2341 πλησιάζοντας.
1815 2279 1926 2331 Καὶ

329 2360 387 2411 oi
416 2357 520 2428 μὲν
566 2357 767 2422 ἔξωθεν
799 2359 1034 2429 ὲξῆπτον
1063 2361 1163 2429 τὴν
1203 2361 1378 2432 φλόγα
1399 2379 1412 2392 ·
1443 2363 1580 2429 θεῖος
1607 2367 1663 2420 δὲ
1691 2368 1925 2438 ἄγγελος

331 2449 631 2504 ἐσκεδάννυ
680 2450 782 2522 τὴν
813 2450 1009 2521 φλόγα,
1043 2453 1139 2506 καὶ
1171 2454 1230 2506 τὸ
1275 2455 1438 2524 μέσον
1463 2457 1509 2489 ⁵⁸
1539 2459 1639 2528 τῆς
1687 2462 1920 2531 καμίνου

329 2542 446 2594 τῶν
482 2540 772 2611 ἀνθράκων
818 2542 1080 2613 ἐγύμνου,
1109 2546 1203 2597 καὶ
1239 2540 1414 2615 αὖράν
1445 2565 1565 2602 τινα
1619 2550 1835 2622 ψυχράν
1862 2571 1922 2607 τε

330 2632 434 2686 καὶ
466 2632 706 2702 μετρίως
756 2633 958 2704 ὑγρὰν,
991 2635 1086 2690 καὶ
1117 2634 1319 2706 πολλὴν
1347 2640 1461 2702 τοῖς
1489 2640 1668 2708 ἁγίοις
1727 2643 1924 2715 ἡδονὴν

331 2727 896 2798 πραγματευομένην,
925 2728 1136 2784 ὠδίνειν
1163 2729 1223 2783 τὸ
1258 2731 1370 2802 πῦρ
1399 2734 1802 2804 παρεσκεύαζε,
1831 2739 1927 2792 καὶ

325 2817 544 2889 ⁴ταύτην
573 2819 686 2882 τοῖς
723 2817 831 2872 τῶν
861 2819 1031 2890 ἁγίων
1057 2821 1352 2894 ἐπαφιέναι
1381 2822 1652 2895 σώμασιν.

404 3004 472 3050 ν’.
507 3017 526 3049 ι
551 2997 814 3068 Ἐποίησε
850 2999 984 3072 γὰρ,
1051 3001 1207 3072 φησὶ,
1235 3002 1298 3056 τὸ
1331 3004 1496 3074 μέσον
1540 3007 1640 3075 τῆς
1692 3009 1925 3080 καμίνου

330 3087 414 3151 ὡς
448 3088 670 3160 πνεῦμα
701 3091 900 3162 δρόσου
922 3093 1258 3167 διασυρίζον,
1289 3099 1384 3152 καὶ
1410 3098 1507 3168 οὐχ
1534 3098 1712 3168 ἥψατο
1747 3101 1929 3155 αὐτῶν

2035 912 2284 966 adhibita
2317 912 2636 976 clementia,
2670 909 3117 966 adversariorum
3155 907 3490 977 infringetur
3516 921 3612 958 au-

2033 995 2212 1060 dacia,
2245 997 2606 1066 ipsorumque
2631 995 2814 1050 rabies
2835 994 3237 1064 exstinguetur,
3267 990 3614 1060 superbaque

2032 1101 2224 1142 eorum
2293 1087 2554 1158 cogitatio
2615 1086 2992 1156 deprimetur,
3053 1089 3497 1154 cognoscentque
3561 1089 3614 1133 te

2032 1179 2212 1234 solum
2255 1177 2547 1233 Dominum
2590 1193 2656 1232 ac
2690 1177 2865 1232 Deum
2912 1190 3057 1242 esse,
3087 1177 3156 1230 ab
3200 1175 3462 1229 universo
3501 1180 3614 1225 ter-

2031 1287 2219 1327 rarum
2251 1273 2387 1327 orbe
2410 1272 2640 1344 dignum
2671 1271 2940 1326 celebrari
2977 1288 2992 1326 :
3019 1278 3074 1326 et
3099 1270 3193 1340 qui
3226 1281 3373 1323 nunc
3409 1267 3614 1321 multos

2030 1365 2269 1419 adorant
2299 1363 2456 1428 deos,
2499 1378 2729 1420 suorum
2775 1363 3005 1419 deorum
3048 1360 3269 1430 cognita
3323 1358 3615 1417 imbecilli-

2029 1463 2165 1520 tate,
2198 1465 2347 1511 tuam
2390 1455 2707 1511 adorabunt
2731 1454 3061 1525 potentiam.
3095 1451 3308 1526 [46.48]
3338 1449 3418 1505 Illi
3449 1451 3617 1520 igitur

2029 1546 2179 1602 intus
2215 1548 2271 1602 in
2305 1547 2530 1603 fornace
2567 1547 2769 1602 choros
2809 1546 3020 1614 1121
3053 1545 3259 1600 ducere
3287 1541 3613 1613 pergebant,

2029 1639 2180 1710 regis
2211 1651 2393 1695 autem
2447 1637 2710 1704 ministri,
2751 1645 2806 1693 et
2867 1645 3185 1692 sanctorum
3238 1641 3613 1695 accusatores,

2029 1731 2175 1786 haud
2207 1730 2538 1787 desinebant
2566 1729 2800 1784 ﬂammae
2839 1727 3128 1782 materiam
3168 1724 3611 1788 subministrare,

2029 1828 2085 1874 et
2111 1820 2302 1875 vitium
2352 1821 2680 1883 sarmenta,“
2713 1833 2779 1872 ac
2825 1825 3064 1888 stupam,
3120 1817 3473 1885 napthamque
3508 1830 3527 1868 :
3560 1813 3614 1867 id

2027 1918 2210 1965 autem
2235 1909 2289 1963 in
2319 1923 2381 1965 ea
2406 1910 2628 1980 regione
2657 1918 2872 1974 natum,
2911 1907 3174 1962 idoneum
3204 1913 3290 1961 est
3320 1905 3386 1960 ad
3419 1919 3614 1959 accen-

2025 2001 2264 2056 dendum
2316 2000 2518 2071 ignem.
2550 1998 2898 2070 Tantumque
2943 2013 3092 2070 pyrae
3159 1996 3613 2068 suppeditabatur

2027 2093 2376 2156 alimentum,
2416 2100 2472 2146 ut
2511 2090 2578 2146 ad
2613 2090 2984 2162 quadraginta
3027 2105 3224 2146 novem
3254 2089 3473 2144 cubitos
3504 2087 3612 2141 dif-

2027 2182 2188 2238 fusus
2241 2183 2313 2238 sit
2362 2182 2527 2253 ignis,
2569 2190 2626 2239 et
2687 2181 3066 2238 Chaldaeorum
3125 2179 3459 2250 complures,
3517 2178 3610 2248 qui

2028 2274 2266 2344 proximi
2298 2273 2556 2338 aderant,
2589 2275 2977 2330 combusserit.
3010 2272 3076 2326 Et
3107 2272 3184 2326 illi
3213 2272 3435 2342 quidem
3476 2270 3614 2324 foris

2026 2367 2304 2422 ﬂammam
2352 2366 2761 2422 incendebant:
2813 2367 2930 2439 [49]
2984 2375 3040 2420 at
3099 2373 3325 2422 sanctus
3383 2363 3611 2433 angelus

2027 2457 2305 2512 ﬂammam
2335 2457 2664 2526 dissipabat,
2709 2466 2764 2513 et
2820 2458 3054 2513 mediam
3112 2455 3356 2510 fornacis
3399 2461 3610 2524 partem

2027 2550 2218 2619 ignitis
2249 2549 2586 2605 carbonibus
2615 2550 2853 2614 nudans,
2888 2565 3081 2605 auram
3109 2547 3406 2620 quamdam
3457 2545 3614 2615 frigi-

2027 2641 2152 2694 dam
2215 2653 2280 2694 ac
2333 2639 2688 2694 mediocriter
2730 2638 3038 2702 humidam,
3109 2654 3340 2708 qumque
3400 2636 3612 2690 sanctis

2027 2732 2259 2787 multam
2292 2729 2512 2785 aﬂerret
2543 2732 2903 2801 voluptatem,
2928 2731 3108 2801 ignem
3136 2728 3319 2783 amare
3345 2735 3399 2782 et
3422 2743 3613 2797 parere

2029 2821 2292 2887 faciebat,
2324 2827 2488 2892 atque
2540 2821 2686 2876 hanc
2729 2821 2784 2875 in
2836 2829 3157 2877 sanctorum
3216 2832 3455 2888 corpora
3511 2817 3614 2871 im-

2030 2913 2269 2968 mittere.

2098 3001 2263 3057 Vsus.
2297 3001 2387 3057 50.
2423 3019 2444 3054 ι
2484 3003 2636 3058 Fecit
2667 3003 2838 3068 enim,
2868 3000 3074 3072 inquit,
3095 2999 3342 3057 medium
3369 2997 3615 3054 fornacis

2030 3094 2190 3166 quasi
2220 3093 2481 3164 spiritum
2506 3095 2653 3150 roris
2684 3095 3001 3150 sibilantem
3039 3113 3054 3150 :
3085 3103 3138 3149 et
3171 3094 3335 3164 plane
3361 3107 3471 3146 non
3500 3089 3618 3146 teti-

329 3182 398 3234 τὸ
437 3181 674 3236 καθόλου
696 3183 760 3237 τὸ
803 3185 937 3257 πῦρ,
967 3188 1062 3240 καὶ
1092 3189 1193 3241 οὐκ
1213 3190 1258 3222 ¹¹
1302 3189 1576 3260 ἐλύπησεν
1629 3192 1828 3257 αὐτοὺς
1851 3195 1918 3258 δ’,

2030 3187 2109 3256 git
2145 3201 2241 3242 eos
2268 3185 2438 3256 ignis,
2479 3201 2659 3257 neque
2709 3187 3060 3243 contristavit
3108 3201 3230 3252 eos,
3276 3199 3455 3253 neque
3492 3197 3616 3237 mo-

330 3272 456 3326 οὐδὲ
487 3273 922 3346 παρηνώχλησεν
960 3278 1146 3340 αὐτοῖς
1166 3279 1236 3336 ⁸⁸.
1261 3298 1280 3331 ι
1302 3280 1464 3334 Ἀλλὰ
1515 3281 1706 3351 μηδεὶς
1747 3284 1924 3339 ταῦτα

331 3364 560 3434 ἀφορῶν
595 3367 942 3437 σμικρυνέτω
973 3369 1101 3433 τοὺς
1127 3371 1236 3424 τῶν
1267 3371 1438 3439 ἁγίων
1455 3372 1694 3440 ἀγῶνας,
1725 3374 1835 3428 τῶν
1868 3377 1926 3430 δὲ

335 3452 502 3522 ιερῶν
554 3456 780 3508 ἐκείνων
817 3458 1323 3530 ἀναμιμνησήσθω
1369 3461 1576 3531 λόγων⁸
1625 3486 1643 3516 ι
1674 3467 1859 3521 Ἔστιν
1876 3469 1924 3500 ⁵⁵

334 3543 366 3594 ὁ
395 3542 532 3608 Θεὸς
560 3546 618 3596 ἐν
648 3546 924 3616 οὐρανοῖς,
957 3541 1002 3614 ᾧ
1029 3551 1193 3619 ἡμεῖς
1235 3551 1592 3622 λατρεύομεν,
1633 3553 1858 3620 δυνατὸς
1877 3559 1922 3591 ⁸⁸

336 3635 621 3702 ἐξελέσθαι
650 3639 798 3710 ἡμᾶς
829 3641 893 3693 ἐκ
922 3641 1023 3711 τῆς
1055 3643 1286 3713 καμίνου
1298 3645 1343 3684 ⁸⁸
1358 3645 1456 3715 τῆς
1485 3648 1802 3719 καιομένης,
1833 3651 1928 3705 καὶ

333 3727 403 3781 ἐκ
430 3728 540 3782 τῶν
573 3730 776 3801 χειρῶν
805 3749 919 3797 σου,
956 3733 1198 3802 βασιλεῦ,
1227 3735 1448 3807 ῥύσεται
1465 3739 1556 3810 ⁸⁷ἡ
1567 3741 1696 3810 μᾶς.
1724 3759 1742 3792 ι
1775 3743 1885 3796 Καὶ
1908 3784 1923 3808 ,

342 3838 364 3871 ι
403 3820 533 3874 Ἐὰν
563 3822 659 3892 μὴ,
685 3823 928 3891 γνωστὸν
959 3823 1100 3878 ἔστω
1125 3844 1228 3890 σοι,
1260 3827 1506 3896 βασιλεῦ,
1530 3831 1611 3884 ὅτι
1642 3834 1755 3894 τοῖς
1787 3832 1928 3897 θεοῖς

333 3929 434 3965 σου
467 3913 529 3965 ού
562 3914 920 3986 λατρεύομεν,
948 3917 1045 3971 καὶ
1067 3921 1131 3988 τῇ
1166 3919 1336 3973 εἰκόνι
1363 3923 1428 3992 τῇ
1462 3925 1665 3994 χρυσῇ,
1761 3923 1926 3995 ἐστη-

334 4021 461 4068 σας,
487 4005 548 4058 οὐ
579 4008 1020 4079 προσκυνοῦμεν.
1048 4029 1066 4062 ι
1106 4010 1270 4064 Ὥστε
1301 4011 1352 4064 οί
1391 4011 1536 4080 ἅγιοι
1567 4015 1757 4078 παῖδες
1786 4017 1929 4069 ἐκεῖ·

333 4112 419 4148 νοι
467 4097 566 4167 τῆς
612 4097 809 4166 φλογὸς
845 4100 1062 4170 ἐκείνης
1107 4103 1544 4172 κατεφρόνησαν,
1585 4105 1647 4157 οὐ
1685 4105 1842 4158 τοῦτο
1870 4107 1930 4158 τὸ

331 4186 491 4250 τέλος
538 4187 795 4256 ὁρῶντες,
821 4189 980 4268 ,ἀλλὰ
1023 4190 1254 4246 θάνατον
1309 4193 1771 4265 προσδεχόμενοι·
1815 4198 1844 4250 ὁ
1875 4195 1932 4249 δὲ

331 4280 682 4349 ἀγωνοθέτης
711 4281 1064 4352 ἐϐράϐευσεν,
1089 4283 1164 4347 ὡς
1180 4283 1430 4355 ἠθέλησε,
1461 4285 1558 4337 καὶ
1583 4285 1709 4349 τούς
1730 4303 1788 4338 τε
1815 4287 1932 4340 ἀλι-

329 4371 560 4441 τηρίους
589 4373 832 4436 ἐκείνους
888 4374 1214 4446 κατῄσχυνε,
1265 4375 1360 4429 καὶ
1391 4374 1614 4440 τούτους
1654 4377 1930 4448 ἀοιδίμους

333 4462 606 4533 ἀπέφηνε.
643 4463 861 4536 Ταύτης
915 4466 1097 4520 τοίνυν
1132 4466 1232 4537 τῆς
1281 4467 1554 4538 σωτηρίας
1586 4467 1929 4522 ἀπολαύσαν-

2018 3277 2244 3348 _lestiam
2304 3278 2558 3333 exhibuit
2605 3278 2765 3349 ipsis.
2793 3297 2813 3332 ι
2867 3277 3066 3333 Verum
3108 3290 3270 3331 nemo
3301 3275 3416 3329 haec
3489 3288 3620 3326 con-

2028 3371 2306 3440 templans
2333 3376 2656 3425 sanctorum
2681 3378 2964 3425 certamen
3008 3374 3291 3430 extenuet,
3325 3367 3420 3421 sed
3453 3379 3616 3421 sacra

2028 3463 2124 3518 illa
2153 3466 2319 3517 verba
2381 3465 2438 3516 in
2483 3462 2805 3517 memoriam
2867 3467 3086 3516 revocet
3127 3477 3191 3515 ιι
3225 3459 3323 3514 Est
3358 3457 3502 3513 Deus
3558 3457 3614 3512 in

2028 3552 2211 3620 caelis,
2247 3552 2337 3606 cui
2360 3567 2464 3608 nos
2499 3552 2794 3617 servimus,
2830 3559 3026 3621 potens
3056 3548 3269 3619 eripere
3308 3563 3411 3602 nos
3436 3563 3466 3602 e
3497 3546 3613 3602 for-

2029 3658 2165 3699 nace
2180 3644 2433 3708 ardente,
2451 3652 2503 3699 et
2518 3659 2583 3699 ex
2602 3643 2857 3698 manibus
2881 3641 3016 3706 tuis,
3039 3655 3072 3695 ο
3089 3655 3208 3706 rex,
3225 3655 3330 3695 nos
3349 3649 3574 3694 eruet".
3589 3659 3608 3692 ι

2031 3734 2096 3790 Ει
2127 3781 2137 3790 .
2169 3754 2187 3788 ι
2219 3735 2277 3790 Si
2311 3736 2519 3800 minus,
2546 3743 2734 3789 notum
2762 3735 2861 3789 tibi
2895 3735 2990 3800 sit,
3018 3749 3133 3797 rex,
3165 3732 3283 3787 fore
3305 3740 3363 3786 ut
3379 3733 3486 3788 diis
3505 3732 3615 3790 tuis

2030 3842 2140 3883 non
2166 3828 2497 3893 serviamus,
2529 3833 2584 3882 et
2609 3825 2901 3896 imaginem
2935 3839 3180 3889 auream,
3207 3837 3372 3894 quam
3419 3824 3616 3878 statui-

2031 3919 2124 3984 sti,
2154 3933 2262 3973 non
2318 3918 2613 3974 adoremus
2630 3927 2681 3970 ’³.
2723 3935 2742 3968 ι
2779 3914 3150 3982 Quamobrem
3196 3914 3377 3969 sancti
3431 3913 3617 3970 adole-

2032 4019 2252 4066 scentes
2277 4005 2356 4064 illi
2380 4008 2658 4063 ﬂammam
2688 4008 2838 4062 illam
2869 4014 3343 4076 contempserunt,
3391 4020 3500 4059 non
3547 4005 3615 4059 ad

2031 4101 2182 4156 hunc
2207 4108 2461 4155 eventum
2496 4099 2872 4169 respicientes,
2904 4098 2998 4152 sed
3031 4105 3261 4152 mortem
3287 4103 3612 4166 exspectan-

2033 4199 2118 4248 tes
2145 4189 2470 4266 :praefectus
2487 4197 2668 4244 autem
2701 4189 3040 4252 certaminis,
3071 4187 3299 4258 perinde
3323 4201 3386 4241 ac
3417 4187 3612 4253 voluit,

2039 4282 2252 4352 1122
2279 4280 2502 4351 praemia
2530 4279 2816 4334 distribuit
2849 4294 2860 4328 :
2891 4293 2955 4332 ac
2985 4278 3286 4333 sceleratos
3315 4277 3440 4332 illos
3469 4276 3616 4347 igneo

2038 4374 2207 4428 minia
2265 4370 2600 4435 afﬁciendos,
2668 4369 2769 4423 bos
2820 4382 2950 4423 vero
3009 4367 3252 4423 illustres
3309 4365 3618 4422 reddendos

2041 4464 2278 4520 curavit.
2306 4461 2421 4518 Hac
2451 4462 2639 4531 itaque
2665 4460 2849 4517 salute
2878 4459 3038 4528 potiti
3071 4459 3212 4513 beati
3232 4465 3287 4512 et
3313 4457 3617 4513 beatissimi

330 4574 428 4620 τες
456 4559 504 4610 οί
536 4558 798 4630 μακάριοι
845 4559 942 4612 καὶ
974 4560 1365 4631 τρισμακάριον.
1414 4560 1620 4626 παῖδες,
1678 4562 1772 4615 καὶ
1811 4561 1928 4615 πολ-

2039 4557 2138 4622 illi,
2171 4564 2337 4627 atque
2361 4555 2467 4610 boc
2499 4570 2662 4625 sape,
2693 4569 2803 4609 non
2819 4552 2933 4622 jam
2957 4552 3052 4607 uni
3088 4559 3325 4613 tantum,
3364 4549 3622 4606 utDeum

333 4647 496 4712 λὰκις
531 4650 710 4718 τοῦτο,
740 4651 840 4704 οὐκ
871 4649 949 4703 ἔτι
975 4652 1058 4705 ἑνὶ
1087 4652 1177 4705 τὸν
1206 4651 1338 4706 Θεὸν
1377 4653 1564 4723 ὑμνεῖν
1595 4653 1925 4727 παρεχώρη-

336 4755 463 4802 σαν,
499 4737 642 4804 ἀλλ’,

410 4835 515 4882 να’.
558 4847 578 4879 ι
621 4830 710 4894 Ὠς
743 4829 804 4897 ἐξ
841 4830 980 4896 ἐνὸς,
1035 4832 1191 4901 φησὶ,
1243 4831 1511 4902 στόματος
1570 4831 1772 4903 ὕμνουν
1835 4834 1932 4889 καὶ

331 4919 594 4986 ἐδόξαζον
633 4922 726 4976 τὸν
755 4923 908 4984 Θεὸν,
939 4924 1035 4977 καὶ
1063 4923 1330 4992 ηύλόγουν
1352 4923 1399 4955 ⁵⁸
1430 4924 1489 4975 ἐν
1523 4925 1589 4994 τῇ
1625 4923 1865 4996 καμίνῳ,
1905 4943 1924 4977 ι

332 5011 439 5081 τὴν
469 5013 701 5084 ἀρίστην
735 5013 918 5066 αὐτῶν
951 5015 1290 5086 συμφωνίαν,
1323 5016 1416 5068 καὶ
1448 5015 1775 5086 θαυμαστὴν
1797 5016 1935 5086 ὑμνο

332 5103 526 5174 ῳδίαν,
583 5108 651 5179 τῇ
694 5106 844 5177 παρὰ
904 5107 1004 5176 τὴν
1069 5109 1256 5162 είκόνα
1313 5107 1606 5179 συμφωνίᾳ.
1663 5107 1759 5161 καὶ
1812 5111 1927 5171 τοῖς

414 5300 456 5330 ιη
484 5288 640 5341 Deut.
667 5285 859 5349 m,‘l5.
893 5293 920 5320 υ
955 5283 1088 5340 ibid.
1135 5284 1222 5339 18.

2028 4651 2287 4707 laudibus
2318 4649 2647 4715 celebraret,
2685 4647 3079 4718 permiserunt,
3109 4644 3233 4711 sed.

2107 4831 2276 4888 Vsus.
2316 4831 2404 4886 51.
2443 4848 2462 4881 ι
2497 4827 2665 4899 Quasi
2700 4841 2834 4891 uno,
2862 4825 3059 4895 inquit,
3111 4837 3208 4879 ore
3237 4819 3535 4878 laudabant
3563 4830 3619 4876 et

2035 4919 2421 4991 gloriﬂcabant
2457 4916 2649 4983 Deum,
2687 4924 2742 4970 et
2777 4912 3180 4969 bened‘icebant
3210 4911 3266 4966 in
3311 4910 3558 4974 fornace,
3593 4928 3616 4963 ›

2037 5014 2303 5080 optimam
2395 5024 2552 5066 suam
2639 5006 3020 5080 symphoniam
3108 5013 3163 5059 et
3241 5003 3620 5060 admirabilem

2035 5104 2366 5176 hymnorum
2395 5108 2618 5158 cantum
2647 5099 2700 5155 ei
2733 5095 3048 5164 concentui,
3079 5094 3172 5166 qui
3216 5101 3414 5151 statuae
3457 5093 3621 5149 adhi-

1655 5375 1894 5432 VAthE
1924 5372 2333 5431 LECTIONES.

413 5539 579 5592 “6w.
609 5538 650 5591 A
688 5553 886 5609 praem.
911 5537 1192 5609 δυνάμεως
1220 5538 1316 5591 καὶ
1345 5536 1462 5609 τῇς.
1499 5606 1520 5609 __
1543 5536 1591 5567 ⁸⁸
1618 5532 1866 5609 γνῲτζίξ
1898 5530 2228 5609 pr_aem._xai.
2310 5528 2524 5609 “_K_dp.
2558 5526 2605 5609 B_
2635 5543 2822 5599 prtem.
3017 5527 3062 5609 ξ’
3095 5527 3136 5609 ἓ
3167 5520 3617 5609 γενομένης-ᾖς’

333 5611 354 5643 ³
417 5627 514 5680 φρ.
547 5609 587 5663 Β
614 5603 805 5677 prium.
828 5607 910 5662 τό.
995 5603 1194 5680 πχορ.
1223 5609 1263 5660 Β
1298 5603 1424 5662 add.
1466 5606 1610 5660 οὕτω
1658 5603 1750 5657 τὸν
1779 5603 1912 5656 Θεὸν

335 5681 385 5712 η
418 5697 516 5712 ειη
591 5679 630 5712 n
672 5695 835 5712 nI-nn-n
890 5679 922 5712 ι.
1054 5679 1099 5712 ιο
1134 5678 1235 5712 ..ιη
1309 5677 1350 5712 n
1392 5675 1491 5712 ..ευ
1607 5676 1652 5708 ιιι
1681 5674 1774 5712 νηὶ
1813 5673 1911 5712 ne...

339 5681 385 5712 δ’
418 5675 540 5751 χορ.
671 5695 858 5747 praem.
890 5679 945 5747 ἡ.
1048 5675 1254 5766 ,⁸⁸⁷
1309 5677 1350 5731 Β
1391 5675 1509 5748 μέν.

339 5753 460 5803 ἐστι
515 5764 725 5805 omisso
767 5750 817 5804 ὁ.
889 5749 935 5780 ³⁸
969 5749 1008 5802 Β
1046 5750 1102 5805 ὸς
1133 5765 1381 5804 ουναται.
1461 5749 1507 5780 ⁸⁸

347 5820 474 5888 ηὺλ.
504 5817 632 5877 Des.
669 5819 725 5874 in
755 5818 813 5873 Β.

1947 5603 1976 5655 ύ
2029 5602 2248 5665 νοῦντες
2288 5599 2385 5654 καὶ
2429 5598 2784 5662 ἱκετεύοντες.

1969 5620 2171 5724 ἰξούδέ.
2272 5673 2317 5703 "
2357 5671 2481 5724 αὐτ.
2526 5668 2652 5724 Des.
2690 5669 2742 5724 in
2779 5709 2784 5721 ι

1607 5676 1652 5708 ⁸⁸
1681 5674 1777 5728 καὶ
1813 5673 1932 5726 οὐκ.

889 5742 935 5780 ³⁵
969 5749 1008 5802 Β
1046 5750 1102 5815 ὃς
1133 5742 1404 5804 δύναται.’
1461 5749 1507 5780 ⁸⁸
1549 5764 1680 5817 καμ.
1716 5743 1754 5797 Β
1787 5743 1914 5798 add.
1958 5742 2050 5796 τοῦ
2103 5743 2291 5814 πυρός.

2863 5599 2908 5632 ⁸⁸
2937 5598 3051 5652 καί.
3095 5597 3135 5648 Β
3165 5591 3350 5660 ﬁmi».
3393 5591 3613 5660 πίσσαν,

2272 5673 2317 5703 ⁸¹
2357 5671 2481 5724 αὐτ.
2526 5668 2652 5726 Des.
2690 5658 2818 5724 in'A
2857 5676 2911 5722 et
2949 5668 3007 5722 Β.
3079 5668 3126 5699 ⁸³
3150 5658 3190 5718 Β
3222 5660 3437 5724 αὐτούς.
3496 5659 3543 5691 ⁸⁸
3578 5658 3620 5711 Β

2029 5673 2171 5725 ούδέ.

2391 5743 2435 5772 ³⁷
2477 5739 2598 5809 {5‘35-
2641 5769 2711 5783 -
2751 5737 2995 5809 βασιλεῦ.
3044 5736 3167 5792 Des.
3207 5737 3262 5790 in
3299 5732 3357 5786 Β.
3450 5728 3494 5760 ⁸⁸
3521 5727 3620 5782 καὶ
