4070 6418
505 374 644 442 1335

1518 365 2008 462 THEODO_RETI
2029 364 2371 427 EPISCOPI
2394 369 2759 464 CYRENSIS

3647 371 3799 436 1336

503 489 759 550 bebatur,
785 489 1149 558 opponentes,
1178 481 1452 552 simulque
1469 481 1850 548 ostendentes,
1880 487 2077 550 quantc

2195 487 2479 553 μουσικοῖς
2532 485 2918 552 ἀντιτάξαντες
2971 482 3245 554 ὀργάνοις,
3303 482 3400 537 λαὶ
3453 482 3796 553 δεικνύντες,

506 585 582 639 sit
612 598 723 637 non
773 579 1033 634 adorasse
1071 576 1385 648 imaginem,
1417 591 1582 646 quam
1618 574 1901 641 adorasse,
1951 591 2092 644 pra:-

507 677 763 732 stantius.
799 673 865 726 Et
897 672 970 724 ita
1002 670 1262 741 hymnum
1290 669 1662 726 exordiantur
1699 687 1711 723 :

579 767 738 822 Vens.
771 765 860 817 52.
895 782 912 814 ι
943 762 1274 818 Benedictus
1297 778 1379 827 es,
1415 761 1664 826 Domine,
1695 759 1840 816 Deus
1870 769 2088 832 patrum

502 867 842 919 nostrorum,
868 862 927 909 et
955 854 1250 909 laudabilis
1298 862 1353 910 et
1407 854 1853 924 superexaltatus
1904 853 1962 908 in
1987 869 2090 908 sae-

499 946 643 1006 cula,
676 953 730 998 et
761 943 1110 998 benedictum
1165 957 1365 998 nomen
1416 942 1608 1012 gloria:
1656 949 1762 997 tua:
1807 949 2086 1005 sanctum,

497 1047 555 1090 et
594 1033 888 1090 admodum
927 1034 1224 1100 laudabile,
1265 1044 1317 1089 et
1352 1032 1514 1088 valde
1559 1034 1858 1088 exaltatum
1894 1033 1951 1086 in
1986 1046 2089 1088 sae-

499 1127 644 1180 cula.
693 1145 711 1178 ›
752 1125 972 1181 Amoris
1015 1125 1390 1180 ardentissimi
1447 1126 1794 1196 maximeque
1841 1123 2088 1192 inexple-

499 1217 628 1273 bilis
654 1218 771 1274 haec
803 1218 972 1272 verba
1023 1226 1175 1280 sunt,
1203 1231 1312 1284 quo
1347 1217 1620 1272 vulnerati
1665 1216 1888 1272 nomina
1936 1230 2087 1285 quae-

497 1317 650 1371 runt,
679 1309 880 1378 quibus
907 1308 1121 1379 possint
1150 1308 1323 1373 illius,
1348 1323 1509 1377 quem
1553 1307 1857 1373 celebrant,
1892 1305 2084 1362 decla-

499 1415 628 1454 rare
653 1401 978 1470 dignitatem
1022 1399 1272 1470 :quibns
1316 1413 1427 1453 non
1478 1398 1740 1462 inventis,
1766 1400 1783 1418 '
1829 1398 2084 1470 superlat-

497 1493 632 1548 tivis
661 1507 725 1548 ea
758 1493 1230 1564 propositionibus
1262 1499 1586 1554 contexunt,
1633 1508 1651 1542 ι
1680 1489 1838 1547 valde
1872 1492 2084 1548 exalta-

500 1593 652 1640 tum:
692 1593 974 1649 vocantes,
997 1593 1053 1640 et
1076 1604 1093 1636 ι
1122 1583 1416 1640 admodum
1451 1581 1784 1637 laudabilem
1810 1599 1824 1648 ;
1856 1601 1876 1636 ι
1902 1599 2080 1654 neque

501 1677 680 1743 ipsum
698 1676 898 1739 solum,
923 1674 1017 1730 sed
1029 1677 1196 1731 etiam
1212 1691 1413 1730 nomen
1434 1675 1623 1745 gloriae
1639 1673 1836 1744 ipsius.
1854 1675 1920 1728 Et
1935 1685 2082 1733 recte

498 1767 703 1835 ubique
760 1785 778 1818 ι
818 1766 1108 1822 Dominum
1163 1781 1227 1822 ac
1287 1765 1458 1824 Deum
1519 1774 1737 1834 patrum
1785 1783 2009 1824 suorum
2056 1789 2074 1821 ι

497 1851 795 1919 appellant,
832 1853 1047 1922 seipsos
1081 1849 1340 1921 indignos
1367 1851 1470 1905 hac
1513 1849 1888 1920 appellatione
1915 1857 2088 1909 conli-

495 1950 694 1997 tentes.

565 2030 734 2088 Vsus.
783 2034 872 2089 53.
915 2052 934 2086 ι
977 2034 1308 2094 Benedictus
1375 2051 1436 2092 es
1503 2038 1560 2091 in
1623 2039 1826 2107 templo
1880 2046 2089 2094 sancta:

492 2124 684 2192 gloria:
707 2133 833 2190 tuae,
862 2133 915 2181 et
943 2125 1238 2182 admodum
1256 2127 1552 2185 laudabilis
1573 2131 1794 2186 etvalde
1813 2132 2086 2200 gloriosus

493 2217 548 2270 in
582 2218 807 2271 saecula.
845 2236 864 2268 ι
911 2217 1265 2274 lndelehilem
1303 2222 1481 2276 sancti
1523 2224 1713 2293 templi
1761 2223 2084 2278 memoriam

491 2301 760 2363 retinent,
791 2310 845 2356 et
882 2313 941 2356 ut
990 2302 1216 2371 perfecti
1273 2305 1411 2375 legis
1469 2306 1877 2371 observatores,
1925 2307 2082 2376 juxta

492 2394 627 2461 legis
671 2403 1004 2463 praeceptum
1063 2405 1379 2466 precantur.
1429 2396 1592 2463 Quod
1630 2406 1812 2454 autem
1861 2399 2078 2464 dicunt,

493 2486 596 2540 hoc
641 2485 920 2553 signiﬁcat
956 2504 968 2540 :
1004 2487 1084 2542 Ad
1119 2488 1253 2542 illud
1285 2490 1546 2560 templum
1571 2492 1960 2562 respicientes,
1987 2492 2080 2547 ubi

490 2586 584 2631 tua
612 2577 823 2648 1123
852 2579 1025 2647 gloria
1061 2596 1328 2651 apparere
1361 2593 1751 2649 consueverat,
1798 2585 1946 2639 hunc
1980 2584 2077 2640 tibi

490 2669 752 2740 hymnum
787 2667 1068 2726 offerimus
1105 2689 1117 2724 :
1154 2688 1278 2726 nam
1327 2673 1430 2728 etsi
1485 2675 1683 2730 millies
1725 2676 2077 2730 combustum

488 2769 659 2826 esset,
691 2770 802 2816 tuae
837 2771 1020 2819 tamen
1075 2765 1384 2822 sanctitatis
1407 2774 1496 2822 est
1545 2769 1845 2838 particeps.
1894 2767 1960 2822 Et
2009 2783 2078 2824 ne

489 2849 617 2918 quis
660 2850 978 2918 Opinaretur
1018 2853 1169 2922 ipsos
1205 2855 1328 2910 loco
1374 2857 1835 2911 circumscribere
1879 2873 2076 2927 corpo-

490 2944 570 2997 ris
599 2950 876 3012 expertem
905 2943 1096 3010 Deum,
1134 2948 1231 3017 qui
1280 2947 1496 3004 deliniri
1533 2964 1643 3004 non
1696 2957 1896 3019 potest,
1943 2965 2076 3004 con-

490 3035 776 3109 venienter
815 3036 1126 3104 subjiciunt
1157 3055 1170 3090 :

561 3125 725 3181 Vsus.
754 3127 843 3181 54.
883 3145 900 3179 ι
933 3127 1265 3185 Benedictus
1300 3144 1360 3184 es
1381 3129 1435 3183 in
1465 3130 1663 3184 throno
1695 3130 1846 3199 regni
1887 3132 1989 3194 tui,
2017 3142 2071 3187 et
2098 3139 2144 3206 ο

485 3219 646 3272 valde
708 3219 978 3274 exaltatus
1044 3221 1098 3275 in
1137 3223 1358 3278 saecula.
1406 3242 1424 3274 ι
1464 3222 1664 3277 Deinde
1721 3223 2075 3280 ostendentes

489 3327 780 3380 quemnam
813 3313 1074 3372 thronum
1108 3322 1330 3380 vocent,
1358 3315 1542 3370 statim
1583 3314 1793 3371 addunt
1829 3335 1842 3370 :

489 3551 492 3554 ι
559 3487 728 3544 Vsus.
768 3490 857 3545 55.
901 3507 919 3541 ι
962 3488 1297 3547 Benedictus
1319 3505 1378 3546 es
1413 3493 1504 3560 qui
1536 3492 1769 3549 intueris
1813 3495 2070 3565 abyssos,

487 3581 685 3646 sedens
717 3596 880 3650 super
917 3581 1214 3642 Cherubim
1241 3622 1255 3648 ,
1303 3592 1359 3638 et
1407 3584 1705 3639 admodum
1753 3586 2070 3654 laudabilis,

487 3679 542 3724 et
566 3670 722 3727 valde
770 3673 1044 3729 exaltatus
1103 3673 1156 3728 in
1210 3677 1433 3731 saecula.
1464 3695 1482 3728 ›
1519 3676 1584 3730 Et
1626 3677 1753 3747 quia
1809 3679 2069 3748 templum

487 3761 622 3814 illud
649 3762 816 3816 etiam
863 3763 1106 3832 ipsorum
1139 3766 1442 3821 Cherubim
1493 3769 1548 3821 in
1585 3768 1794 3825 sanctis
1849 3779 2071 3825 sancto-

486 3867 610 3905 rum
645 3851 880 3906 habebat
919 3853 1207 3926 imagines,
1240 3873 1309 3913 ne
1345 3859 1520 3913 ullum
1560 3859 1688 3914 hinc
1723 3860 2069 3918 auditoribus

484 3942 877 3998 detrimentum
923 3947 1220 4010 accideret,
1262 3956 1316 4004 et
1363 3949 1535 4004 Deum
1584 3950 2068 4022 circumscriptum

485 4047 609 4087 esse
639 4034 1044 4104 existimarent,
1084 4038 1188 4107 ipsi
1227 4039 1469 4094 auditori
1498 4041 1800 4096 remedium
1833 4041 2068 4100 alleren-

483 4134 565 4182 tes
589 4137 891 4182 occurrunt
919 4129 1005 4185 his
1037 4133 1216 4188 verbis
1249 4151 1261 4186 :

555 4214 720 4271 Vens.
775 4218 862 4272 56.
901 4237 917 4270 ι
956 4218 1285 4277 Benedictus
1312 4237 1372 4278 es
1408 4222 1463 4277 in
1515 4222 1860 4281 ﬁrmamento
1913 4226 2062 4292 caeli,

481 4317 535 4362 et
559 4309 856 4364 admodum
900 4311 1218 4378 laudabilis,
1268 4323 1324 4369 et
1364 4315 1524 4371 valde
1565 4319 1837 4374 cxaltatus
1869 4319 1922 4372 in
1967 4335 2067 4374 sae-

481 4401 629 4455 cula.
668 4418 687 4451 ι
726 4399 939 4472 Ubique
968 4405 1113 4459 enim
1137 4422 1218 4471 os,
1248 4415 1304 4462 et
1339 4408 1524 4462 omnia
1567 4410 1845 4480 comples,
1883 4411 2064 4477 aiunt,

2115 1813 2164 1874 Β

2195 576 2305 646 ὅσῳ
2341 577 2403 629 τὸ
2444 576 2521 647 μὴ
2557 577 2936 647 προσκυνῆσαι
2966 576 3064 644 τὴν
3099 575 3284 629 εἰκόνα
3321 574 3416 628 τοῦ
3470 578 3797 648 προσκυνῆ-

2197 684 2287 721 σαι
2321 667 2779 740 λυσιτελέστερον.
2821 669 3115 739 Ἀρχονται
3155 668 3212 721 δὲ
3242 668 3415 732 οὕτως
3443 668 3540 721 τοῦ
3579 669 3790 740 ὕμνου·

2266 756 2363 828 νβ’.
2405 779 2423 811 ι
2450 759 2757 831 Εὐλογητὸς
2791 755 2862 826 εἰ,
2900 759 3096 831 Κύριε,
3123 761 3150 813 ὁ
3183 758 3313 822 Θεὸς
3356 759 3464 812 τῶν
3525 762 3796 832 πατέρων

2192 849 2373 921 ἡμῶν,
2410 851 2506 904 καὶ
2559 851 2770 915 αἰνετὸς
2787 853 2833 892 ⁵ο
2895 851 2990 905 καὶ
3041 850 3490 922 ύπερυψούμενος
3525 853 3607 914 εἰς
3656 853 3794 916 τοὺς

2192 942 2399 1007 αἰῶνας
2425 957 2438 971 ⁸
2472 943 2570 996 καὶ
2612 942 2978 1012 εὐλογημένον
3022 941 3083 993 τὸ
3114 941 3287 1011 ὄνομα
3331 942 3432 1011 τῆς
3459 940 3620 1012 δόξης
3661 959 3788 1008 σου,

2189 1033 2250 1087 τὸ
2273 1034 2449 1102 ἆγιον,
2469 1033 2563 1087 καί¹
2581 1033 2953 1107 ὐπεραινετὸν,
2974 1033 3069 1087 καὶ
3090 1032 3368 1104 ὑπερυψού
3378 1049 3541 1102 μενον
3561 1034 3638 1097 εἰς
3655 1034 3790 1097 τοὺς

2189 1127 2416 1190 αἰῶνας.
2451 1145 2470 1178 ι
2516 1127 2759 1198 Ἔρωτός
2787 1129 2905 1180 ἐστι
2935 1126 3272 1197 θερμοτάτου
3299 1127 3396 1180 καὶ
3426 1125 3785 1196 ἀπληστοτά-

2187 1236 2284 1272 του
2315 1219 2386 1273 τὰ
2444 1219 2666 1290 ῥήματα
2689 1235 2703 1250 ο
2740 1216 2916 1288 τούτῳ
2966 1216 3074 1288 γὰρ
3123 1215 3484 1288 τετρωμένοι,
3520 1215 3790 1286 ζητοῦσιν

2186 1310 2424 1380 ὀνόματα
2447 1309 2542 1364 τοῦ
2571 1309 2914 1380 ὑμνουμένου
2948 1307 3048 1379 τὴν
3078 1307 3237 1372 ἀξίαν
3266 1306 3660 1377 παραδηλῶσαι
3690 1306 3787 1361 δυ-

2185 1402 2415 1472 νάμενα,
2446 1402 2539 1456 καὶ
2573 1402 2650 1474 μὴ
2671 1401 3038 1470 εὑρίσκοντες,
3069 1401 3191 1462 ταῖς
3221 1398 3608 1468 ὑπερθετικαῖς
3637 1397 3786 1477 αὐτὰ

2183 1494 2505 1565 προθέσεσιν
2530 1495 2954 1563 ὲξυφαίνουσιν,‹
2976 1491 3419 1562 ὑπερυψούμενον
3441 1509 3461 1543 ι
3486 1490 3785 1560 ὀνομάζον-

2184 1605 2293 1653 τες,
2323 1588 2418 1641 καὶ
2458 1605 2476 1638 ι
2507 1585 2880 1657 ὐπεραινετὸν,
2906 1604 2924 1637 ι
2968 1584 3062 1638 καὶ
3102 1583 3201 1638 οὐκ
3233 1582 3395 1640 αὐτὸν
3429 1582 3609 1652 μόνον,
3642 1582 3782 1638 ἀλλὰ

2183 1681 2277 1737 καὶ
2309 1681 2370 1733 τὸ
2396 1679 2567 1749 ὄνομα
2593 1679 2695 1747 τῆς
2723 1677 2880 1747 δόξης
2914 1673 3104 1730 αὐτοῦ.
3147 1673 3346 1737 Καλῶς
3395 1673 3452 1727 δὲ
3494 1673 3784 1744 πανταχοῦ

2197 1793 2215 1824 ι
2241 1771 2443 1843 Κύριον
2469 1772 2564 1824 καὶ
2598 1769 2731 1823 Θεὸν
2761 1766 2868 1821 τῶν
2900 1766 3152 1839 πατέρων
3179 1785 3196 1818 ι
3230 1765 3590 1830 ἀποκαλοῦσι,
3631 1767 3779 1835 σφᾶς

2191 1865 2389 1926 αὐτοὺς
2443 1861 2696 1926 ἀναξίους
2760 1855 2900 1913 εἶναι
2959 1856 3199 1928 ταυτησὶ
3246 1855 3348 1928 τῆς
3395 1856 3777 1928 προσηγορίας

2189 1952 2591 2026 ὁμολογοῦντες.

2261 2053 2362 2114 νγ’.
2403 2063 2421 2097 ι
2445 2043 2820 2114 Εὐλογημένος
2853 2037 2906 2094 εἴ
2931 2042 2988 2095 ἐν
3022 2039 3099 2111 τῷ
3137 2039 3250 2110 ναῷ
3288 2040 3386 2110 τῆς
3423 2038 3585 2108 άγίας
3613 2039 3780 2113 δόξης

2191 2158 2283 2194 σου
2308 2180 2322 2204 ,
2361 2139 2453 2192 καὶ
2509 2134 2884 2207 ὑπεραινετὸς,
2916 2132 3009 2188 καὶ
3063 2131 3423 2203 ύπερένδοξος
3441 2132 3485 2163 ⁸ο
3531 2133 3613 2196 εἰς
3644 2133 3780 2196 τοὺς

2186 2233 2405 2296 αξῷνας.
2433 2250 2452 2282 ι
2482 2230 2746 2300 Ἀληστον
2769 2226 2951 2297 ἔχουσι
2977 2225 3070 2279 τοῦ
3097 2225 3240 2278 θείου
3267 2223 3372 2278 νεὼ
3401 2224 3498 2296 τὴν
3523 2226 3778 2296 μνήμην,

2185 2328 2280 2382 καὶ
2335 2322 2586 2394 ἀκριϐεῖς
2636 2320 2788 2382 ὄντες
2841 2317 2934 2371 τοῦ
2988 2319 3156 2388 νόμου
3209 2316 3470 2385 φύλακες,
3524 2317 3775 2387 ἐννόμως

2183 2416 2574 2488 προσεύχονται
2601 2431 2614 2444 ’
2642 2413 2763 2466 ἀντὶ
2799 2411 2894 2465 τοῦ
2923 2428 2934 2440 ·
2991 2409 3086 2472 Εἰς
3115 2410 3325 2462 ἐκεῖνον
3353 2408 3773 2473 ἀποϐλέποντες

2182 2507 2271 2560 τὸν
2300 2505 2405 2559 νεὼ
2427 2505 2495 2571 ⁸⁸,
2531 2504 2658 2557 ἔνθα
2706 2520 2799 2555 σου
2846 2504 2878 2572 ἡ
2912 2500 3038 2564 δόξα
3069 2499 3455 2568 ἐπιφαίνεσθαι
3498 2499 3767 2563 similest“,

2180 2597 2369 2651 τοῦτόν
2414 2613 2495 2649 σοι
2525 2595 2618 2648 τὸν
2653 2595 2821 2664 ὕμνον
2857 2593 3275 2664 προσφέρομεν⁸
3307 2594 3356 2644 εἰ
3398 2591 3508 2663 γάρ
3533 2592 3631 2644 καὶ
3667 2609 3771 2663 μυ-

2181 2688 2364 2758 ριάκις
2398 2685 2814 2756 ὲμπὲπρησται,
2861 2683 2962 2753 τῆς
3018 2683 3119 2750 σῆς
3175 2681 3486 2750 ἁγιωσύνης
3522 2679 3767 2750 μετέχει.

2179 2779 2289 2832 Καὶ
2311 2778 2396 2830 ἵνα
2423 2777 2494 2847 μή
2529 2793 2611 2840 τις
2640 2774 2885 2845 ὑπολάϐῃ
2915 2773 3280 2844 περιγράφειν
3306 2773 3506 2836 αὐτοὺς
3533 2772 3688 2841 τόπῳ
3712 2773 3761 2803 ⁵³

2177 2869 2267 2922 τὸν
2296 2869 2584 2937 ἀσώματόν
2617 2884 2676 2920 τε
2711 2865 2807 2919 καὶ
2835 2867 3222 2942 ἁπεριόριστον
3248 2864 3404 2934 Θεὸν,
3448 2864 3772 2932 ἀναγκαίως

2176 2961 2495 3030 ἐπάγουσιν*

2245 3143 2335 3197 νδν.
2381 3162 2399 3194 ι
2437 3141 2738 3212 Εὐλογητὸς
2753 3140 2798 3174 6⁸
2823 3134 2873 3192 εἷ
2904 3139 2997 3194 ἐπὶ
3041 3138 3231 3211 θρόνου
3252 3138 3296 3170 ⁸⁸
3329 3138 3432 3207 τῆς
3482 3136 3769 3208 βασιλείας

2182 3253 2295 3303 σου,
2346 3235 2439 3289 καὶ
2456 3235 2499 3267 ⁸⁸
2531 3232 2976 3304 ὐπερυψούμενος
3006 3234 3085 3294 εἰς
3114 3232 3240 3295 τοὺς
3270 3231 3490 3295 αἰῶνας.
3544 3250 3562 3282 ι
3628 3228 3768 3284 Εἶτα

2177 3327 2483 3392 δεικνύντες
2548 3327 2668 3380 τίνα
2736 3325 2924 3396 θρόνον
2989 3325 3282 3390 καλοῦσιν,
3344 3324 3503 3388 εὐθὺς
3567 3324 3766 3394 ἐπιφέ-

2180 3435 2360 3488 ρουσιν
2382 3433 2396 3448 ο

2245 3517 2340 3562 νε’.
2390 3531 2406 3560 ι
2439 3509 2745 3579 Εὐλογητὸς
2763 3511 2806 3542 ⁸⁷
2838 3506 2910 3574 εἷ,
2964 3511 2992 3562 ὁ
3029 3509 3240 3580 βλέπων
3281 3507 3573 3572 ἀϐύσσους,
3627 3507 3764 3560 καθ-

2173 3602 2375 3672 ήμενος
2423 3602 2516 3654 ἐπὶ
2551 3603 2852 3673 Χερουϐὶμ,
2891 3603 2989 3656 καὶ
3016 3602 3416 3674 ὑπερύμνητος,
3464 3601 3561 3655 καὶ
3593 3601 3764 3670 ὑπερ⁹

2175 3692 2477 3764 υψούμενος
2525 3697 2604 3759 είς
2651 3697 2776 3758 τοὺς
2807 3696 3029 3758 αἰῶνας.
3061 3715 3080 3746 ι
3130 3695 3240 3747 Καὶ
3289 3692 3479 3765 ἐπειδὴ
3523 3694 3618 3746 καὶ
3641 3693 3686 3725 ⁸⁸
3735 3695 3769 3748 ὅ

2171 3783 2306 3846 νεὼς
2340 3787 2544 3848 ἐκεῖνος
2573 3781 2686 3857 εἶχε
2718 3787 2828 3839 τῶν
2860 3785 3141 3857 Χερουϐὶμ
3184 3784 3282 3849 τὰς
3312 3784 3524 3848 εἰκόνας
3557 3786 3614 3838 ὲν
3647 3785 3764 3847 τοῖς

2170 3875 2344 3944 ἁγίοις
2374 3876 2486 3930 τῶν
2511 3877 2700 3945 ἁγίων,
2735 3877 2809 3941 ὡς
2841 3876 2906 3930 ἂν
2943 3877 3183 3949 μηδεμία
3207 3879 3319 3940 τοῖς
3351 3875 3639 3930 ἀκούουσιν
3668 3876 3761 3928 ὲν-

2169 3970 2359 4023 τεῦθεν
2384 3969 2607 4040 γένηται
2649 3968 2844 4040 βλάϐη,
2877 3971 2970 4023 καὶ
3009 3969 3456 4041 περιγεγράφθω.
3487 3968 3762 4039 νομίσωσι.

2167 4058 2260 4113 τὸν
2299 4060 2452 4126 Θεὸν,
2495 4059 2862 4131 θεραπεύουσι
2894 4060 2986 4113 τὸν
3015 4059 3319 4132 ἀκροατὴν,
3354 4059 3604 4128 λέγοντες
3631 4075 3646 4089 ’

2238 4223 2346 4282 νς’.
2396 4237 2414 4269 ι
2445 4217 2752 4288 Εὐλογητὸς
2783 4219 2826 4250 ⁵⁸
2878 4214 2927 4272 εἴ
2958 4219 3016 4270 ὲν
3045 4234 3122 4288 τῳ
3152 4214 3496 4286 στερεώματι
3534 4213 3628 4267 τοῦ
3662 4212 3757 4267 οὐ-

2172 4309 2357 4382 ρανοῦ,
2405 4311 2500 4364 καὶ⁹
2551 4309 2953 4381 ὑπερύμνητος,
3003 4309 3096 4362 καὶ
3132 4307 3638 4380 ὑπερυψούμενος⁷⁰
3675 4309 3758 4370 εἰς

2167 4404 2295 4465 τοὺς
2334 4402 2556 4465 αἰῶνας.
2594 4421 2615 4454 ι.
2669 4401 2952 4472 Πανταχοῦ
3002 4403 3132 4471 γὰρ,
3185 4400 3369 4471 φασὶν,
3418 4394 3486 4463 εἴ,
3538 4398 3634 4451 καὶ
3685 4399 3758 4454 τὰ

480 4497 534 4544 et
588 4506 806 4546 omnem
853 4498 1103 4552 contines
1159 4505 1485 4556 creaturam.
1543 4499 1618 4552 lta
1644 4517 1709 4554 eo
1761 4503 2060 4567 celebrato,

2182 4493 2462 4565 ςύμπαντα
2501 4495 2744 4565 πληροῖς,
2787 4494 2879 4547 καὶ
2909 4495 3089 4547 πᾶσαν
3117 4492 3393 4563 περιέχεις
3421 4490 3519 4562 τὴν
3550 4491 3752 4544 κτίσιν.

481 4597 702 4638 omnem
739 4585 975 4654 genitam
1010 4597 1286 4654 naturam,
1341 4605 1451 4644 non
1502 4589 1678 4645 solum
1723 4592 2061 4656 rationalem,

481 4673 577 4730 sed
607 4676 773 4730 etiam
809 4679 1044 4735 rationis
1095 4687 1149 4734 et
1184 4682 1380 4735 animae
1423 4690 1724 4752 expertem,
1765 4684 1833 4738 ad
1876 4684 2062 4754 hymni

479 4766 921 4822 communionem
955 4768 1212 4825 invitant.

555 4855 717 4915 Vsus.
761 4857 850 4912 57.
901 4879 920 4912 ι
966 4859 1282 4924 Benedicite
1329 4862 1501 4927 enim,
1553 4863 1832 4933 inquiunt,
1877 4867 2060 4922 omnia

479 4962 644 5018 opera
687 4948 926 5017 Domini,
955 4952 1206 5020 Domino,
1242 4953 1462 5010 laudate
1509 4962 1563 5008 et
1608 4956 1764 5011 valde
1824 4960 2062 5016 exaltate

479 5051 601 5091 eum
631 5039 685 5095 in
711 5043 893 5097 omnia
925 5046 1145 5100 saecula.
1185 5064 1203 5096 ›
1248 5044 1438 5116 Neque
1464 5047 1649 5101 omnia
1699 5054 2060 5108 communiter

480 5123 752 5184 invitasse
769 5129 1039 5186 duntaxat
1058 5133 1304 5187 contenti
1321 5142 1474 5199 sunt,
1492 5134 1586 5189 sed
1604 5137 1764 5192 etiam
1779 5138 2056 5209 sigillatim

480 5221 907 5291 unumquodque
930 5231 1240 5277 convocant
1269 5240 1283 5276 :
1323 5239 1500 5294 neque
1525 5240 1590 5280 ea
1634 5227 1899 5283 duntaxat
1937 5247 2059 5301 quae

477 5309 651 5367 oculis
685 5325 1011 5382 cernuntur,
1061 5317 1157 5372 sed
1201 5327 1454 5373 naturam
1501 5323 1666 5376 etiam
1718 5323 1870 5396 illam
1938 5342 2060 5398 qua:

476 5402 579 5458 sub
610 5404 898 5460 oculorum
931 5423 1155 5464 sensum
1194 5409 1420 5466 minime
1463 5413 1629 5469 cadit.

2167 4586 2352 4650 Οὕτως
2398 4586 2738 4657 ὑμνήσαντες
2792 4584 3048 4638 καλοῦσιν
3101 4586 3321 4639 ἃπασαν
3371 4584 3469 4654 τὴν
3518 4581 3758 4652 γενητὴν

2166 4678 2329 4747 φύσιν
2357 4679 2436 4740 εἰς
2471 4677 2756 4730 κοινωνίαν
2783 4677 2882 4744 τῆς
2912 4677 3209 4746 ύμνῳδίας,
3260 4677 3320 4728 οὐ
3353 4677 3514 4744 μόνον
3540 4673 3637 4745 τὴν
3665 4674 3757 4728 λο-

2163 4769 2346 4839 γικὴν,
2383 4768 2517 4822 ἀλλὰ
2544 4769 2637 4821 καὶ
2667 4767 2764 4836 τὴν
2789 4767 2984 4837 ἄλογόν
3011 4785 3072 4821 τε
3100 4769 3194 4822 καὶ
3228 4768 3458 4838 ἄψυχον.

2235 4882 2331 4946 νζ.
2361 4901 2378 4932 ι
2407 4882 2693 4949 Εὐλογεῖτε
2715 4880 2842 4951 γὰρ,
2868 4883 3022 4950 φασὶ,
3055 4882 3235 4936 πάντα
3267 4882 3335 4935 τὰ
3355 4881 3492 4953 ἔργα
3514 4881 3750 4952 Κυρίου,

2165 4973 2257 5026 τὸν
2309 4972 2532 5042 Κύριον,
2585 4973 2802 5042 ὑμνεῖτε
2831 4973 2875 5004 ⁷³
2925 4973 3020 5028 καὶ
3069 4971 3410 5045 ύπερυψοῦτε
3457 4973 3618 5042 αὐτὸν
3669 4974 3752 5036 είς

2167 5065 2430 5128 πάντας⁷²
2458 5065 2584 5128 τοὺς
2613 5064 2834 5128 αἰῶνας.
2869 5084 2886 5118 ›
2921 5066 3031 5120 Καὶ
3059 5067 3158 5119 οὐκ
3193 5066 3478 5136 ἀνέχονται
3508 5065 3608 5135 τῆς
3633 5081 3750 5117 κοιο

2167 5156 2268 5227 νῆς
2313 5157 2558 5228 κλήσεως
2606 5157 2793 5228 μόνης.
2824 5157 2959 5210 ἀλλὰ
2998 5158 3093 5211 καὶ
3139 5157 3246 5228 ἰδίᾳ
3275 5158 3506 5211 ἕκαστον
3541 5173 3749 5223 συγκα-

2165 5248 2371 5311 λοῦσιν,
2414 5247 2508 5301 καλ⁴
2539 5247 2600 5300 οὐ
2637 5248 2796 5317 μόνον
2830 5248 2900 5303 τὰ
2927 5247 3198 5319 ὁρώμενα,
3239 5247 3374 5303 ἀλλὰ
3404 5248 3500 5301 καὶ
3529 5246 3626 5317 τὴν
3656 5244 3751 5299 ἀό-

2172 5357 2331 5410 ρατον
2361 5339 2544 5407 φύσιν.

1789 5532 2023 5593 VARIIE
2053 5539 2454 5597 LECTIONES.

546 5611 592 5643 09

652 5613 1805 5713 sit-Pfrfeueméi-fibram;-
1843 5629 1884 5680 Β
1913 5631 2396 5713 ῡτ-εριέψορμειοςκ
2419 5702 2433 5713 .
2611 5633 2756 5687 ναόν·
2775 5703 2816 5713 ..
2834 5635 2877 5666 θ’
2907 5634 2946 5713 η
2967 5634 3174 5713 εἴωθεπέ
3218 5635 3445 5706 "ww-
3483 5635 3528 5713 ".
3550 5651 3737 5713 νμτίεηιι

477 5682 1000 5777 ξηρῷ-ἒ*-ιυέλδιὶίιΔ
1032 5682 1185 5777 ξετξέ
1209 5692 1467 5777 sequenti
1513 5682 1853 5777 postpositus
1889 5682 2046 5777 est:r
2064 5682 2121 5737 ἷῖ
2137 5682 2456 5777 ’θ’ρῗἰςίᾷἒια.
2493 5682 2670 5777 δξξηξζ

2773 5703 2817 5736 ⁸⁸
2847 5705 2942 5758 καί
2973 5707 3016 5758 Λ
3050 5714 3104 5759 et
3136 5705 3178 5756 B
3214 5703 3408 5774 praem.
3445 5703 3742 5775 xat'iirrep-

477 5752 733 5830 uttyq'tog.
802 5755 846 5836 οςι
874 5755 914 5808 Α
951 5766 1004 5812 et
1037 5757 1076 5810 B
1103 5752 1530 5846 εὐλογημένοςῖ
1559 5766 1604 5797 δε
1633 5752 2052 5827 iaincsfiii'n.
2136 5752 2670 5843 ὧτίιέὧῶἧρἐῦὅξ’
2717 5774 2760 5806 το
2799 5752 3399 5848 ὑὲἑῖλξεὲᾱξᾶσᾶἐξιᾘξ.’
3446 5752 3740 5849 77bit??-

479 5821 628 5870 αἰων.
664 5823 783 5870 Des.
823 5842 875 5870 In
909 5827 963 5870 IL
1046 5831 1086 5861 τ’
1121 5846 1257 5870 παν-π
1337 5830 1436 5870 nnc
1507 5853 1558 5870 ιη
1598 5837 1625 5870 Α
1667 5853 1713 5870 η.
1755 5839 1892 5870 περ...
1964 5841 2084 5870 ιι-..
2145 5845 2227 5870 r_r.
2307 5846 2318 5870 ι
2379 5862 2409 5870 -.
2488 5860 2512 5870 ,.
2563 5845 2593 5870 -1

535 5823 628 5875 ῶν.
662 5823 783 5881 Des.
823 5825 878 5882 in
907 5827 965 5882 ιι.
1046 5831 1086 5861 τ’
1121 5823 1458 5891 πάντ.”οο5ξ
1507 5835 1560 5892 in
1591 5837 1631 5890 Α
1666 5853 1719 5896 et
1755 5839 1915 5906 intra,
1959 5823 2103 5899 Ηαὲν.
2141 5823 2253 5906 [ηιξ
2285 5823 2613 5910 '1'."§;"E.'7'.
