4070 6422
388 394 522 460 1337

1541 412 1622 472 IN
1642 371 1999 470 DANIELIS
2033 412 2194 475 CAP.
2232 415 2347 474 III.

3486 419 3625 483 1338

454 515 556 586 νη’.
607 535 626 568 ι
655 517 939 587 Εὐλογεῖτε
957 522 1002 553 ⁷³
1031 521 1141 594 γὰρ
1160 564 1175 587 ,
1224 526 1388 593 φασὶν
1410 564 1426 588 ,
1479 525 1698 594 ἄγγελοι
1732 525 1961 596 Κυρίου,

2141 529 2302 585 Vens.
2344 529 2432 585 58.
2476 550 2494 582 ‹
2551 528 2870 586 Benedicite
2933 529 3103 598 enim,
3142 530 3420 602 inquiunt,
3477 535 3649 602 angeli

382 607 475 661 τὸν
502 608 706 678 Κύριον
725 627 740 641 ο
776 612 994 680 ὑμνεῖτε
1027 615 1119 667 καὶ
1151 615 1490 686 ὑπερυψοῢτε
1521 617 1682 668 αὑτὸν
1729 618 1807 678 είς
1835 616 1958 680 τοὺς

382 698 607 762 αίῶνας.
640 719 658 750 ι
711 701 820 756 Καὶ
847 703 932 756 ἵνα
967 705 1061 776 μὴ,
1091 705 1212 759 καθ’
1243 707 1472 760 ἕκαστον
1505 705 1846 778 ἑρμηνεύων,
1882 709 1961 768 εἰς

385 793 562 863 μῆκος
618 794 844 867 ἄπειρον
873 799 1096 854 ἑκτείνω
1126 802 1218 854 τὸν
1254 802 1430 870 λόγον,
1474 802 1728 855 καλοῦσιν
1758 803 1837 865 είς
1865 801 1964 872 τὴν

382 886 629 956 χορείαν,
666 891 760 942 καὶ
788 889 1033 961 οὐρανὸν,
1065 894 1159 947 καὶ
1188 894 1259 948 τὰ
1286 895 1456 949 ὕδατα
1484 895 1552 949 τὰ
1580 897 1836 966 ὑπεράνω
1855 895 1962 948 τῶν

381 977 653 1046 οὐρανῶν,
705 981 798 1034 καὶ
839 982 941 1046 τὰς
983 984 1243 1056 δυνάμεις
1293 988 1393 1050 τὰς
1442 988 1536 1041 τὸν
1582 987 1722 1040 θεῖον
1778 987 1963 1056 Θρόνον

381 1070 808 1138 περιπολούσας.
855 1075 1099 1128 Καλοῦσι
1143 1076 1202 1130 δὲ
1234 1079 1331 1132 καὶ
1368 1079 1540 1150 ἥλιον,
1585 1079 1680 1132 καὶ
1709 1077 1961 1148 σελήνην,

381 1160 482 1212 καὶ
512 1163 636 1224 τοὺς
663 1162 854 1227 ἄλλους
884 1169 1202 1238 φωστῆρας·
1233 1172 1328 1224 καὶ
1357 1172 1418 1224 οὑ
1453 1171 1612 1241 μόνον
1635 1170 1706 1223 τὰ
1739 1171 1860 1223 κατ’
1876 1171 1967 1221 οὑ·

387 1252 572 1320 ρανδν,
609 1253 745 1307 ἀλλὰ
776 1257 871 1308 καὶ
896 1258 964 1310 τὰ
991 1260 1048 1310 ὲν
1074 1260 1152 1330 τῷ
1179 1261 1300 1330 ἀέρι
1318 1262 1601 1331 γινόμενα,
1637 1261 1843 1332 ὄμϐρον
1873 1260 1968 1313 καὶ

379 1341 600 1412 δρόσον,
633 1347 727 1398 καὶ
751 1346 1038 1418 πνεύματα
1064 1366 1080 1381 ο
1111 1347 1230 1404 εἶτα
1255 1352 1355 1416 τὰς
1380 1354 1628 1416 ὲναντίας
1653 1352 1966 1422 ποιότητας,

376 1433 554 1504 ψύχος
587 1437 681 1489 καὶ
711 1437 898 1508 καῦμα
925 1453 939 1468 ⁸
994 1436 1112 1495 εἶτα
1154 1443 1314 1512 φύσιν
1354 1443 1488 1513 ὁμοῦ
1529 1444 1622 1496 καὶ
1668 1443 1966 1513 ἐνέργειαν,

377 1524 501 1597 πῦρ
530 1528 623 1580 καὶ
652 1529 840 1600 καῦμα
864 1549 878 1564 ο
913 1533 975 1586 τὸ
1011 1535 1108 1604 μὲν
1137 1537 1246 1605 γάρ
1277 1535 1385 1605 πῦρ
1419 1537 1634 1605 φύσεως
1673 1535 1864 1604 ὄνομα,
1907 1533 1969 1586 τὸ

374 1615 439 1668 δὲ
462 1617 649 1688 καῦμα
667 1621 850 1676 οὐκέτι
873 1624 1048 1690 οὐσία,
1073 1625 1210 1680 ἀλλὰ
1235 1627 1406 1696 πυρὸς
1431 1627 1701 1697 ἐνέργεια.
1730 1624 1970 1680 Καλοῦσι

373 1703 440 1758 δὲ
490 1709 584 1760 καὶ
627 1709 839 1779 δρόσον,
877 1714 971 1766 καὶ
998 1715 1234 1783 νιφετὸν,
1273 1718 1369 1770 καὶ
1407 1716 1605 1784 πάγον,
1653 1715 1748 1768 καὶ
1775 1714 1966 1784 ψύχος,

378 1800 483 1852 καὶ
529 1802 762 1872 πάχνας,
809 1805 904 1858 καὶ
934 1805 1142 1875 χιόνας,
1188 1808 1282 1860 καὶ
1329 1809 1636 1878 ἀστραπὰς,
1679 1807 1786 1876 καὶ.
1814 1805 1968 1873 νεφέο

375 1893 560 1958 Iug“,
615 1894 684 1948 τὰ
713 1899 951 1967 συγγενῆ
1000 1900 1096 1952 καὶ
1141 1901 1410 1971 ὁμόφυλα.
1461 1897 1596 1954 Εἶτα
1629 1900 1830 1962 νύκτας
1875 1899 1970 1953 καὶ

376 1985 620 2057 ¹ἡμέρας,
666 1988 763 2043 καὶ
791 1990 858 2042 τὰ
885 1990 1090 2045 τούτων
1130 1994 1411 2063 ποιητικά,
1460 1993 1577 2062 φῶς
1612 1993 1708 2046 καὶ
1739 1993 1928 2055 σκότος
1951 2008 1965 2021 ·

373 2078 450 2130 τὰ
501 2078 598 2148 μὲν
633 2080 742 2150 γὰρ
777 2082 1038 2152 ὀνόματα,
1090 2085 1160 2139 τὰ
1191 2085 1247 2138 δὲ
1277 2086 1579 2156 πράγματα
1603 2101 1618 2116 ·
1659 2104 1678 2137 ι
1711 2085 1969 2138 Ἐκάλεσε

376 2167 512 2238 γάρ,
566 2171 749 2240 φησὶν,
783 2172 811 2223 ὁ
855 2173 986 2236 Θεὸς
1029 2174 1090 2226 τὸ
1124 2175 1237 2243 φῶς
1268 2175 1508 2246 ἡμέραν,
1557 2173 1735 2229 καὶτὸ
1779 2173 1970 2235 σκότος

378 2261 612 2314 ἐκάλεσε
637 2261 826 2317 νύκτα.
860 2283 879 2315 ι
918 2265 981 2318 Εἰ
1002 2266 1111 2336 γὰρ
1140 2267 1235 2319 καὶ
1259 2267 1387 2320 σκιὰ
1410 2265 1470 2318 τὸ
1503 2267 1689 2328 σκότος
1713 2265 1850 2326 ἐστὶ,
1874 2265 1969 2316 καὶ

376 2355 483 2407 οὑκ
510 2354 688 2418 οὐσία,
735 2356 873 2410 ἀλλὰ
902 2358 1138 2428 πρᾶγμά
1179 2361 1295 2411 ἐστι
1341 2358 1708 2429 συμϐεϐηκὸς,
1741 2357 1834 2411 καὶ
1867 2356 1964 2426 τῆς

378 2447 578 2509 νυκτὸς
608 2449 910 2518 ποιητικόν.
961 2450 1071 2503 Καὶ
1105 2451 1291 2521 ἐπειδὴ
1330 2450 1555 2518 δρόσου
1590 2451 1684 2504 καὶ
1715 2448 1964 2518 νιφετοῦ

378 2540 821 2610 ἐμνημόνευσαν,
850 2541 1166 2610 ἀναγκαίως
1191 2543 1490 2597 δεικνύουσι
1515 2544 1610 2598 καὶ
1637 2543 1737 2606 τὰς
1759 2541 1966 2596 τούτων

378 2632 566 2702 πηγάς
591 2649 603 2661 ·
653 2651 671 2683 ‹
698 2633 983 2700 Εὐλογεττε
1018 2633 1148 2705 γὰρ,
1195 2634 1400 2702 ἔλεγον,
1445 2635 1725 2704 ἀστραπαὶ
1751 2633 1845 2688 καὶ
1881 2651 1966 2688 νε·-

378 2723 543 2790 φέλαι
567 2739 579 2753 ·
613 2742 634 2775 ι
672 2726 730 2776 αἱ
769 2725 868 2794 μὲν
897 2725 1202 2788 τίκτουσαι,
1237 2729 1294 2779 αἱ
1322 2726 1378 2780 δὲ
1401 2726 1502 2789 τὰς
1526 2726 1722 2787 ὠδῖνας
1750 2741 1964 2795 προμη-

375 2819 623 2874 νύουσαι.
685 2841 706 2872 σ
752 2822 1065 2892 Ἀστραπὰς
1109 2823 1241 2896 γάρ,
1275 2825 1438 2896 φησὶν
1471 2826 1499 2877 ὁ
1543 2825 1849 2894 προφήτης,
1884 2822 1966 2881 εἰς

375 2913 536 2965 ὑετὸν
581 2914 856 2985 ἐποίησεν.
907 2935 927 2967 ›
989 2916 1144 2970 Οὕτω
1196 2917 1667 2987 μνημονεύσαντες
1703 2915 1811 2967 τῶν
1845 2913 1964 2968 κατ’

369 3006 609 3076 οὐρανὸν
637 3008 730 3060 καὶ
764 3006 921 3078 ἀέρα,
953 3010 1048 3061 καὶ
1080 3009 1295 3079 ἑκάστῳ
1325 3009 1516 3078 ὑμνεῖν
1545 3006 1965 3076 παρακελευσά-

373 3115 557 3168 μενοι,
605 3100 697 3152 ἐπὶ
743 3100 842 3171 τὴν
886 3101 1074 3172 κοινὴν
1120 3101 1334 3172 μητέρα
1383 3099 1482 3170 τὴν
1517 3099 1625 3168 γῆν
1657 3099 1752 3152 τοῦ
1791 3099 1963 3169 ὕμνου

373 3187 752 3257 μεταφέρουσι
785 3188 883 3260 τὴν
914 3191 1334 3260 παρακέλευσιν,
1367 3189 1460 3242 καί
1487 3207 1679 3258 φασιν·

451 3358 544 3412 οδ’.
591 3376 609 3408 ι
641 3357 943 3426 Εὑλογείτω
989 3359 1023 3430 ἡ
1070 3361 1140 3430 γῆ
1176 3359 1266 3411 τὸν
1304 3360 1538 3429 Κύριον,
1583 3360 1823 3430 ὑμνείτω
1872 3363 1966 3415 καὶ

372 3445 742 3516 ὑπερυψούτω
765 3448 812 3480 ’⁷⁵
852 3447 1017 3502 αὑτὸν
1052 3450 1132 3512 εἰς
1159 3450 1283 3512 τοὺς
1318 3449 1541 3514 αἰῶνας.
1578 3470 1595 3502 ι
1647 3446 1779 3504 Εἶτα
1826 3452 1966 3504 κατὰ

371 3538 668 3609 διαίρεσιν⁹

453 3634 547 3683 οεθ.
594 3646 612 3680 ι
641 3629 949 3698 Εὑλογεϊτε,
992 3629 1239 3715 δρηΙκαὶ
1287 3631 1486 3702 βουνοί,
1537 3632 1629 3686 τὸν
1674 3631 1900 3704 Κύριον.
1940 3650 1959 3682 ι

380 3719 622 3772 Ἔπειτα
644 3718 740 3782 τὰς
769 3718 976 3789 ταύτης
1006 3720 1220 3785 ὠδῖνας

454 3810 560 3876 ος’.
606 3831 630 3864 ι
654 3812 960 3882 Εὐλογεῖτε,
992 3814 1168 3868 πάντα
1192 3815 1260 3868 τὰ
1294 3817 1537 3888 φυόμενα
1569 3819 1626 3871 ὲν
1652 3820 1717 3888 τῇ
1750 3821 1845 3890 γῇ,
1875 3817 1966 3870 τόν

376 3901 610 3975 Κύριον.
644 3923 668 3956 ι
703 3900 837 3958 Εἶτα
861 3904 957 3976 τὴν
983 3905 1201 3976 ἁρδείαν
1225 3902 1293 3979 ἦς
1318 3908 1526 3962 δέονται
1553 3923 1567 3939 ·
1613 3927 1632 3960 ι
1656 3909 1963 3977 Εὑλογεῖτε,

375 3999 442 4050 αί
473 3997 674 4068 πηγαὶ,
707 3997 798 4050 τὸν
829 3997 1056 4067 Κύριον.
1091 4017 1110 4050 ι
1163 3999 1275 4051 Καὶ
1306 4000 1492 4070 ἐπειδὴ
1526 3999 1627 4068 τῆς
1658 4000 1815 4054 κάτω
1845 4001 1966 4070 μοί-

381 4106 485 4161 ρας
534 4088 710 4142 ἐστὶ·Μ
755 4089 849 4144 καὶ
893 4091 926 4160 ἡ
975 4089 1240 4154 Θάλασσα,
1289 4091 1384 4142 καὶ
1414 4091 1464 4142 οἱ
1492 4090 1752 4160 ποταμοὶ,
1799 4091 1968 4158 ἀναγ-

375 4178 557 4241 καίως
607 4179 702 4232 καὶ
745 4180 952 4232 τούτων
1000 4180 1327 4250 ἐποιήσαντο
1362 4180 1462 4250 τὴν
1505 4180 1725 4250 μνήμην
1753 4197 1768 4211 ·
1824 4196 1964 4249 μνη-

381 4269 673 4340 μονεύουσι
701 4269 760 4322 δὲ
799 4271 896 4323 καὶ
919 4270 1026 4324 τῶν
1058 4270 1159 4340 τῆς
1189 4270 1457 4341 θαλάττης
1483 4271 1786 4340 τροφίμων.

453 4360 550 4414 00'.
596 4380 614 4411 ι
648 4361 935 4429 Εὑλογεϊτε
974 4362 1103 4434 γὰρ,
1150 4363 1306 4433 φησὶ,
1350 4364 1512 4434 κήτη,
1555 4362 1650 4417 καὶ
1689 4364 1868 4418 πάντα
1897 4363 1965 4418 τὰ

379 4451 680 4522 κινούμενα
713 4455 772 4505 ὲν
811 4455 924 4516 τοῖς
954 4453 1131 4518 ὕδασι,
1173 4455 1262 4508 τὸν
1289 4455 1514 4526 Κύριον.
1548 4475 1567 4507 ι
1610 4456 1766 4510 Μετὰ
1791 4456 1964 4510 ταῦτα

379 4543 451 4595 τὰ
480 4541 702 4594 πετεινὰ
727 4541 970 4604 καλοῦσι,
1001 4545 1096 4596 καὶ
1125 4545 1192 4597 τὰ
1221 4545 1404 4616 θηρία,
1439 4546 1533 4598 καὶ
1561 4545 1628 4599 τὰ
1655 4547 1847 4616 κτήνη,
1873 4549 1968 4600 καὶ

381 4633 614 4703 ἔσχατον
660 4633 916 4687 ἁπάντων
961 4635 1069 4687 τῶν
1125 4635 1428 4704 ἀνθρώπων
1475 4637 1575 4709 τὴν
1625 4637 1820 4706 φύσιν,
1870 4640 1970 4710 τῆς

383 4723 749 4792 κοσμογονίας
778 4722 878 4794 τὴν
924 4723 1078 4788 τάξιν
1119 4725 1472 4793 φυλάξαντες.
1521 4728 1632 4782 Καὶ
1666 4728 1774 4800 γὰρ
1807 4731 1835 4783 ὁ
1867 4749 1970 4800 μα-

381 4816 578 4886 κάριος
609 4815 835 4884 Μωσῆς,
870 4815 1060 4884 πρῶτα
1112 4817 1210 4886 μὲν
1243 4819 1406 4887 φῦναι
1435 4818 1512 4889 τῷ
1553 4819 1684 4890 θείῳ
1711 4821 1856 4892 λόγῳ
1901 4822 1970 4877 τὰ

379 4905 578 4976 δένδρα
611 4905 968 4976 συνέγραψεν,
999 4903 1118 4962 εἶτα
1142 4909 1250 4962 τῶν
1282 4911 1498 4980 νηκτῶν
1532 4914 1877 4985 παραχθῆναι
1899 4915 1970 4970 τὰ

381 4999 541 5069 γένη,
574 4998 670 5053 καὶ(⁵
706 4999 841 5069 πρὸς
858 5000 901 5031 ⁷⁷
931 5000 1140 5065 τούτοις
1174 5003 1267 5056 καὶ
1304 5004 1402 5056 σὺν
1427 5005 1637 5070 τούτοις
1664 5007 1772 5060 τῶν
1805 5008 1966 5079 dspo-

383 5091 572 5160 πόρων
601 5091 830 5162 ὀρνίθων
869 5091 967 5162 τὴν
998 5092 1179 5162 φύσιν,
1223 5095 1362 5165 μετὰ
1390 5097 1448 5150 δὲ
1476 5098 1650 5153 ταῦτα
1677 5099 1841 5170 Θηρία
1871 5101 1966 5154 καὶ

383 5181 580 5250 κτήνη,
613 5180 920 5235 τελευταῖον
947 5182 1008 5234 δὲ
1033 5183 1122 5236 τὸν
1136 5183 1182 5215 ⁷⁸
1210 5185 1512 5256 ἄνθρωπον.
1544 5187 1884 5252 Καλέσαντες
1907 5189 1964 5244 δὲ

382 5268 497 5322 τῶν
525 5268 830 5339 ἀνθρώπων
861 5270 960 5341 τὴν
988 5270 1148 5341 φύσιν
1180 5275 1261 5337 είς
1295 5274 1587 5346 ὑμνῳδίαν,
1625 5277 1786 5331 πάλιν
1821 5278 1964 5332 κατὰ

467 5433 492 5462 ο
522 5423 724 5484 Genes.
769 5442 807 5489 I,
836 5426 889 5481 5.
965 5435 993 5476 p
1022 5426 1169 5484 Psal.
1195 5445 1417 5496 cxxxrv,
1437 5431 1491 5485 7.

2068 622 2282 693 1125
2307 622 2540 688 Domini,
2581 623 2830 687 Domino,
2865 623 3084 678 laudate
3118 634 3172 678 et
3207 625 3366 680 valde
3415 626 3657 681 cxaltate

2062 729 2185 768 eum
2223 713 2277 766 in
2306 714 2530 770 saecula.
2569 713 2821 785 i[59-7‘5]
2869 713 2933 767 El
2951 728 3020 768 ne
3037 715 3254 784 singula
3274 715 3650 785 interpretans

2064 804 2273 859 inﬁnita
2294 805 2559 860 orationis
2587 812 2710 858 utar
2728 803 3090 872 longitudine,
3119 805 3184 858 ad
3212 806 3352 862 hanc
3374 806 3638 861 choream

2065 898 2302 953 invitant
2319 905 2373 950 et
2402 897 2625 960 coelum,
2651 906 2708 949 et
2729 910 2900 965 aquas
2921 896 3067 962 illas,
3106 911 3228 966 quae
3250 903 3449 965 super'
3476 899 3653 952 caelos

2066 995 2217 1049 sunt,
2248 993 2302 1041 et
2322 1001 2442 1056 quae
2457 986 2701 1041 divinum
2729 986 2990 1040 thronum
3020 987 3647 1042 circumeuntvirtutes.

2066 1079 2280 1134 Vocant
2304 1081 2430 1136 item
2457 1080 2652 1144 solem,
2680 1088 2734 1136 et
2763 1081 2972 1144 lunam,
3003 1089 3057 1136 et
3089 1083 3195 1136 alia
3230 1083 3430 1138 sidera.
3463 1084 3655 1154 Neque

2068 1171 2246 1226 solum
2265 1186 2387 1240 quae
2410 1170 2462 1223 in
2492 1171 2632 1225 caelo
2673 1179 2823 1236 sunt,
2859 1171 2954 1225 sed
2986 1171 3152 1226 etiam
3171 1188 3291 1241 qua:
3326 1173 3379 1226 in
3405 1188 3532 1228 aere
3558 1175 3642 1243 gi-

2068 1273 2330 1332 gnuntur,
2347 1262 2574 1316 imbrem
2589 1272 2641 1317 et
2657 1279 2860 1326 rorem,
2874 1271 2930 1317 et
2947 1263 3209 1333 spiritus;
3233 1273 3416 1333 postea
3439 1273 3654 1321 contra-

2069 1354 2182 1408 rias
2202 1367 2422 1422 quoque
2442 1353 2758 1420 qualitates,
2779 1353 2952 1424 frigus
2970 1361 3024 1408 et
3043 1360 3235 1408 aestum
3253 1373 3264 1408 :
3283 1353 3483 1409 deinde
3501 1363 3656 1410 natu-

2069 1461 2186 1501 ram
2224 1445 2412 1508 simul,
2457 1456 2511 1500 et
2557 1444 2878 1510 efﬁcaciam,
2929 1446 3108 1515 ignem
3142 1453 3197 1499 et
3227 1452 3425 1499 aestum
3461 1465 3474 1501 :
3513 1446 3655 1515 ignis

2069 1537 2214 1592 enim
2250 1544 2461 1590 natura:
2489 1549 2688 1588 nomen
2731 1541 2837 1596 est,
2895 1544 3066 1590 {estus
3117 1545 3302 1589 autem
3355 1548 3464 1588 non
3523 1534 3653 1588 item

2072 1625 2400 1688 substantia,
2433 1623 2528 1678 sed
2559 1624 2703 1694 ignis
2743 1621 3062 1678 elﬁcacitas.
3096 1622 3308 1678 Vocant
3353 1623 3517 1677 etiam
3559 1639 3648 1678 ro-

2071 1733 2211 1784 rem,
2233 1723 2288 1773 et
2313 1717 2517 1779 nivem,
2545 1723 2599 1772 et
2623 1715 2881 1786 glaciem,
2908 1723 2964 1768 et
2989 1713 3188 1784 frigus,
3230 1724 3284 1770 et
3318 1714 3574 1783 pruinas.
3601 1721 3658 1767 ct

2073 1811 2250 1874 nives,
2281 1816 2335 1864 et
2355 1808 2590 1877 fulgura,
2619 1817 2673 1862 et
2705 1807 2902 1871 nubes,
2934 1822 3056 1876 qua:
3071 1807 3400 1876 cognatione
3415 1804 3654 1874 quadam

2071 1909 2280 1956 natura:
2319 1900 2614 1968 conjuncta
2657 1907 2806 1953 sunt.
2839 1897 2980 1952 Tum
3012 1905 3207 1953 noctes
3233 1905 3288 1952 et
3323 1897 3464 1959 dies,
3490 1903 3658 1966 atque

2073 1995 2267 2047 horum
2296 1990 2611 2056 eﬂicieutia,
2656 1990 2834 2045 lucem
2884 2005 2950 2044 ac
3001 1990 3311 2046 tenebras:
3347 1991 3462 2046 haec
3505 1989 3655 2044 enim

2070 2095 2188 2139 tum
2220 2085 2468 2144 nomina,
2506 2091 2621 2138 tum
2686 2097 2773 2138 res
2818 2084 3114 2136 exsistunt.
3150 2100 3168 2133 ι
3204 2080 3432 2135 Vocavit
3483 2079 3656 2143 enim,

2070 2167 2269 2237 inquit,
2322 2166 2468 2221 Deus
2520 2166 2698 2220 lucem
2753 2165 2916 2230 diem,
2959 2175 3014 2219 et
3054 2165 3310 2218 tenebras
3364 2164 3657 2234 appellavit

2066 2268 2338 2315 noctem'.
2374 2278 2393 2311 ι
2434 2258 2569 2314 Nam
2605 2257 2712 2314 etsi
2753 2257 2996 2312 tenebrae
3024 2257 3216 2311 umbra
3255 2264 3416 2320 sunt,
3453 2264 3508 2312 et
3544 2270 3656 2309 non

2066 2351 2400 2416 substantia,
2451 2357 2691 2405 attamen
2741 2365 2834 2406 res
2874 2357 2959 2405 est
2993 2363 3116 2418 quae
3153 2348 3377 2412 accidit,
3427 2362 3657 2416 quaeque

2065 2444 2351 2500 noctisest
2371 2441 2633 2496 efﬁciens.
2663 2439 2729 2494 Et
2749 2441 2876 2509 quia
2909 2441 3046 2492 roris
3076 2448 3131 2493 et
3159 2438 3292 2492 nivis
3321 2437 3656 2491 mentionem

2067 2535 2341 2595 fecerunt.
2401 2532 2798 2587 convenienter
2853 2546 3046 2586 eorum
3103 2529 3284 2585 fontes
3335 2527 3654 2585 ostendunt.

2071 2647 2089 2679 ι
2122 2626 2432 2682 Benedicite
2449 2625 2619 2690 enim,
2651 2624 2936 2687 dicebant,
2972 2625 3186 2692 fulgura
3216 2631 3271 2677 et
3291 2621 3464 2676 nubes
3491 2638 3536 2675 τι
3574 2620 3659 2674 lite

2066 2718 2313 2787 quidem,
2341 2733 2462 2787 quae
2498 2718 2739 2786 pariunt,
2783 2717 2876 2770 illa
2917 2730 3070 2779 vero,
3109 2730 3229 2783 quae
3273 2721 3464 2783 partus
3517 2727 3656 2782 pra-

2067 2820 2399 2868 monstrant.
2448 2829 2465 2862 ι
2493 2808 2736 2879 Fulgura
2770 2808 2939 2872 enim,
2991 2809 3068 2861 ait
3101 2807 3394 2876 Propheta,
3444 2806 3498 2859 in
3532 2806 3656 2875 plu-

2066 2906 2211 2961 viam
2244 2903 2441 2958 fecitP.
2483 2922 2501 2954 ι
2533 2902 2632 2956 His
2661 2900 3110 2955 commemoratis
3128 2913 3249 2968 quae
3279 2899 3331 2952 in
3359 2899 3500 2954 ccclo
3526 2906 3657 2951 sunt

2067 3006 2122 3051 et
2152 2997 2206 3050 in
2226 3010 2352 3050 aere
2384 2995 2542 3058 ﬁunt,
2571 2993 2857 3062 jussisque
2891 2991 3125 3061 singulis
3145 2989 3318 3043 Deum
3349 2988 3654 3049 celebrare,

2069 3089 2135 3142 ad
2166 3100 2512 3141 communem
2555 3093 2808 3147 matrem,
2835 3094 3060 3144 terram,
3091 3080 3394 3135 orationem
3420 3095 3657 3135 conver-

1991 3209 2035 3268 ο
2070 3187 2270 3239 tentes,
2316 3191 2436 3231 eam
2473 3189 2693 3244 quoque
2739 3172 2810 3227 ad
2863 3171 3256 3228 celebrandum
3311 3171 3570 3237 invitant,
3602 3182 3657 3225 et

2067 3268 2223 3322 aiunt
2252 3286 2266 3321 :

2137 3362 2303 3416 Vens.
2326 3359 2414 3415 74.
2442 3357 2732 3413 Benedicat
2756 3365 2927 3421 terra,
2953 3355 3204 3419 Domino,
3221 3352 3472 3408 laudetet
3500 3353 3656 3407 valde

2066 3454 2268 3510 exaltet
2295 3467 2420 3507 eum
2461 3452 2516 3506 in
2548 3448 2772 3506 saecula.
2818 3467 2838 3501 ι
2875 3447 3087 3518 1125
3140 3445 3346 3501 Deinde
3371 3444 3652 3513 sigillatim

2065 3553 2249 3614 partes
2277 3543 2426 3598 illius
2450 3558 2464 3594 :

2139 3630 2302 3688 Vens.
2341 3631 2429 3687 75.
2475 3627 2852 3695 «Benedicite,
2893 3634 3114 3686 montes
3140 3635 3196 3684 et
3221 3627 3413 3691 colles,
3453 3624 3644 3680 Domi-

2066 3740 2160 3782 no.
2209 3742 2230 3776 ι
2268 3722 2408 3779 Tum
2434 3722 2682 3794 ejusdem
2716 3728 2952 3792 partus:

2141 3814 2306 3871 Vens.
2335 3814 2424 3868 76.
2459 3832 2478 3865 ‹
2525 3811 2863 3876 Benedicite,
2897 3810 3160 3866 universa
3187 3807 3554 3880 germinantia
3591 3806 3648 3860 in

2067 3915 2238 3970 terra,
2271 3906 2527 3960 Domino.
2562 3925 2580 3956 ι
2625 3904 2740 3976 [77,
2764 3903 2854 3975 78]
2894 3903 3102 3959 Deinde
3130 3902 3506 3971 irrigationcm
3542 3915 3652 3970 qua

2066 3997 2313 4066 indigent
2343 4012 2356 4049 :
2384 4015 2403 4048 ι
2435 3995 2769 4062 Benedicite,
2803 3993 3004 4059 fontes,
3047 3993 3305 4047 Domino.
3346 4011 3365 4043 ι
3418 3992 3486 4046 Et
3519 3991 3652 4059 quia

2067 4089 2242 4158 partis
2278 4086 2560 4141 inferioris
2605 4086 2780 4140 maria
2814 4093 2968 4146 sunt,
3014 4091 3069 4138 et
3097 4082 3348 4146 ﬂumina,
3400 4082 3656 4152 apposite

2065 4181 2229 4236 etiam
2282 4177 2479 4230 horum
2535 4177 2868 4232 mentionem
2927 4175 3228 4229 fecerunt:
3279 4173 3652 4228 meminerunt

2067 4269 2196 4324 item
2226 4282 2420 4322 eorum
2457 4281 2580 4335 quae
2607 4267 2659 4319 in
2698 4264 2858 4334 aquis
2881 4263 3222 4318 nutriuntur.

2138 4357 2304 4414 Vens.
2366 4357 2456 4411 79.
2497 4373 2516 4406 ι
2582 4355 2897 4411 Benedicite
2948 4355 3134 4418 enim,
3189 4357 3379 4420 aiunt,
3421 4363 3558 4420 cete,
3594 4365 3650 4410 et

2068 4451 2254 4507 omnia
2285 4465 2408 4520 qute
2443 4458 2734 4504 moventur
2761 4450 2814 4503 in
2844 4447 3028 4518 aquis,
3074 4446 3329 4504 Domino.
3358 4465 3376 4497 ι
3423 4445 3644 4518 [80-82]

2071 4546 2211 4601 Tum
2241 4546 2496 4600 volucres
2532 4551 2756 4608 vocant,
2787 4551 2843 4599 et
2874 4543 3100 4608 bestias,
3141 4549 3196 4596 et
3224 4555 3444 4611 pecora,
3477 4548 3530 4595 et
3563 4539 3646 4593 ul-

2061 4641 2200 4694 timo
2253 4637 2502 4693 omnium
2559 4638 2681 4692 loco
2744 4637 3041 4691 humanam
3075 4643 3365 4698 naturam,
3426 4640 3646 4690 servato

2063 4727 2254 4784 mundi
2286 4727 2584 4789 creationis
2609 4727 2825 4782 ordine.
2851 4726 3068 4781 Etenim
3097 4724 3294 4780 beatus
3320 4721 3504 4779 Moses
3527 4721 3641 4792 pri-

2062 4837 2212 4878 mum
2251 4829 2412 4876 natas
2444 4820 2633 4876 divino
2667 4820 2836 4876 verbo
2881 4818 3112 4874 arbores
3163 4815 3410 4885 scripsit,
3451 4814 3682 4870 deinde--

2064 4915 2332 4986 producta
2373 4913 2686 4968 natantium
2735 4925 2960 4982 genera,
3007 4918 3066 4965 et
3093 4917 3293 4979 praeter
3333 4909 3449 4964 haec
3480 4915 3650 4977 atque

2071 5007 2206 5062 adeo
2234 5021 2362 5061 eum
2395 5005 2482 5062 his
2517 5005 2574 5060 in
2619 5019 2746 5060 aere
2779 5003 3080 5058 volantium
3129 5001 3314 5056 avium
3358 5011 3643 5062 naturam,

2072 5107 2262 5169 postea
2299 5099 2510 5155 bestias
2536 5107 2590 5154 et
2623 5111 2847 5167 pecora,
2886 5102 3172 5167 postremo
3201 5094 3500 5150 hominem.
3530 5092 3648 5164 [εδ.

2047 5191 2163 5262 84]
2198 5190 2430 5246 lnvitato
2450 5200 2632 5246 autem
2661 5190 2901 5244 humano
2925 5201 3125 5258 genere
3141 5187 3208 5243 ad
3235 5187 3495 5258 hymnum
3513 5201 3643 5240 con-

2073 5282 2388 5345 cinendum,‘
2448 5296 2648 5337 rursus
2692 5280 3090 5338 distributione
3122 5278 3267 5334 facta
3300 5292 3485 5334 rerum
3522 5291 3644 5330 om-

1698 5585 1930 5640 VARl/E
1972 5584 2374 5643 LECTIONES.

460 5673 507 5752 ’ξ
540 5671 598 5752 in
625 5677 693 5752 A_
709 5675 1024 5752 prtecedttnt
1059 5676 1212 5752 ἰείη-ε
1251 5677 1533 5752 Εὐλογεξτε
1560 5676 1786 5752 Δοὐρανοὶ
1820 5678 2179 5752 τὸν-Κύριον,
2203 5681 2516 5752 ὑμνεῖτε-
2547 5682 2772 5746 αἰῶνας.
2847 5683 2895 5714 ⁷⁵
2935 5681 3028 5735 καὶ
3060 5707 3129 5752 -τ-
3161 5694 3284 5752 Verg.
3323 5673 3444 5752 ρος.
3484 5671 3635 5752 ξιτ-Β.

386 5741 436 5817 ζ’
465 5745 504 5817 Β
534 5741 750 5817 ὑμνεῖτε
789 5744 884 5817 καὶ
923 5746 1282 5817 ὑπερυψοῦτε.
1376 5741 1422 5779 τῖ’
1456 5741 1587 5800 ἔστί.
1633 5741 1767 5801 ’1)ίιε.
1824 5748 1878 5802 in
1915 5750 1973 5804 Β.

389 5809 625 5881 θρώπων
655 5816 754 5888 τὴν
793 5814 953 5885 φύσιν
988 5809 1064 5879 εἷς
1106 5809 1378 5889 ὑμνῳδίαν
1418 5817 1764 5881 καλέσαντες.

2086 5751 2131 5781 ⁷⁷
2167 5743 2260 5805 καὶ
2301 5750 2457 5824 πρός.
2497 5753 2537 5805 Β
2587 5753 2698 5807 ὲπί.
2733 5743 2745 5746 ⁷
2777 5754 2823 5786 ⁷⁸
2861 5752 2952 5806 τὸν
2989 5781 3056 5790 --
3090 5743 3290 5818 ὑμνῳδ·
3343 5745 3382 5797 ῃ
3405 5760 3514 5798 των
3544 5743 3638 5796 ἀν’·
