4070 6406
413 394 552 460 1339

1397 390 1883 455 TIIEODORETI
1917 389 2257 452 EPISCOPI
2283 389 2644 450 CYRENSIS

3526 382 3663 447 1340

407 507 601 563 nium‘
640 502 949 558 eﬂ'ectorem
991 501 1274 558 celebrare
1311 503 1651 572 praecipiunt,
1687 513 1735 556 et
1768 502 1971 572 princi-

2075 496 2339 569 διαίρεσιν
2369 496 2558 567 ὑμνεῖν
2588 492 2941 565 παρεγγυῶσι
2968 493 3058 547 τὸν
3084 491 3354 565 Ποιητήνο
3392 493 3486 546 καὶ
3511 496 3664 562 πρώ-

405 612 507 668 pes
539 597 766 651 aliorum
813 595 1060 650 omnium
1096 595 1238 650 lilios
1272 594 1492 650 Israelis
1537 596 1606 650 ad
1661 595 1714 650 id
1767 594 1979 648 facien-

409 690 540 744 dum
589 689 912 754 hortantur;
943 702 1087 757 quos
1118 687 1281 742 etiam
1315 688 1669 742 multifariam
1701 687 1978 754 dividunt,

413 796 477 834 ac
507 779 680 848 primo
725 777 847 831 loco
894 789 1109 847 ponunt
1152 780 1488 846 sacerdotes,
1536 781 1740 852 quippe
1779 781 1980 852 quibus

411 871 654 926 divinum
701 869 1065 925 contmissum
1099 871 1266 924 fuerit
1311 872 1705 927 ministerium.
1749 871 1978 939 Deinde,

409 976 480 1016 ne
529 961 985 1016 existimarentur
1046 962 1180 1016 solis
1234 963 1617 1018 sacerdotibus
1679 964 1786 1018 hoc
1839 965 1984 1019 cele-

408 1051 602 1106 brandi
635 1053 822 1123 hymni
872 1069 1073 1109 munus
1105 1055 1479 1120 prazscribere,
1522 1055 1825 1124 subjiciunt
1852 1074 1865 1110 :

482 1139 1129 1204 Vsus.85.c8cnedicite,
1155 1142 1296 1196 servi
1323 1140 1557 1206 Domini,
1583 1140 1834 1206 Domino,
1859 1142 1979 1195 lau-

407 1231 534 1288 date
559 1240 612 1287 et
641 1233 800 1288 valde
825 1233 1059 1288 exaltate
1086 1247 1210 1287 cum
1234 1233 1288 1286 in
1310 1233 1493 1287 omnia
1513 1233 1710 1288 saecula
1741 1251 1754 1287 :
1790 1251 1808 1284 ι
1849 1242 1979 1287 tan-

409 1331 526 1376 tum
580 1338 688 1377 non
746 1321 996 1378 dicentes
1050 1338 1213 1393 posse
1259 1324 1422 1378 etiam
1477 1324 1742 1378 benevolo
1791 1323 1979 1379 animo

409 1411 643 1467 Domino
696 1413 945 1475 servire,
999 1413 1315 1481 quicunque
1371 1429 1480 1466 non
1541 1414 1614 1469 sit
1670 1415 1979 1470 sacerdotio

406 1503 725 1560 decoratus.
770 1503 985 1573 1126
1029 1502 1512 1557 Resurrectionem
1561 1517 1784 1575 quoque
1832 1521 1976 1575 prte-

403 1595 665 1648 nuntiant
696 1631 711 1646 .

479 1682 645 1740 Vens.
690 1682 775 1738 86.
817 1701 837 1735 ι
872 1681 1190 1738 Benedicite
1241 1686 1413 1750 enim,
1451 1685 1626 1750 aiunt,
1661 1686 1890 1757 spiritus
1922 1697 1978 1743 et

401 1774 910 1843 animaajustorum,
933 1773 1163 1854 Domino
1189 1790 1202 1826 :
1241 1793 1261 1828 ι
1289 1776 1341 1830 id
1371 1785 1478 1840 est,
1499 1778 1818 1847 spirituales
1850 1779 1972 1832 ani-

2083 606 2212 652 τους
2260 587 2358 657 μὲν
2403 585 2512 638 τῶν
2565 585 2738 640 ἄλλων
2786 583 3040 637 ἀπάντων
3085 583 3213 645 τοὺς
3261 581 3408 644 υίοὺς
3445 581 3664 651 Ἰσραὴλ

2083 677 2242 732 τοῦτο
2270 678 2444 729 ποιεῖν
2469 674 2934 746 παρακελεύονται
2959 689 2974 704 ·
3006 673 3096 726 καὶ
3124 671 3344 734 τούτους
3371 671 3427 726 δέ
3459 671 3661 725 πολλα-

2083 767 2196 838 χῶς
2215 764 2502 835 διαιροῦσι,
2532 765 2627 818 καὶ
2657 763 2904 816 τάττουσι
2924 761 3174 834 πρώτους
3197 760 3324 823 τοὺς
3353 761 3536 831 ἱερεῖς,
3563 761 3663 814 an

2082 858 2148 928 δὴ
2181 857 2282 927 τὴν
2315 856 2468 909 θείαν
2494 854 2842 926 λειτουργίαν
2871 851 3353 922 πεπιστευμένους.
3394 847 3546 915 Εἶτα,
3570 851 3663 904 ἵνα

2086 950 2161 1019 μὴ
2191 947 2486 1018 νομισθῶσι
2536 947 2716 1016 μόνοις
2765 948 2877 1010 τοῖς
2921 945 3125 1016 ἱερεῦσι
3169 943 3532 1013 περιγράφειν
3560 942 3663 1013 τὴν

2084 1035 2376 1107 ὑμνῳδίαν,
2408 1035 2702 1104 ἐπάγουσιν
2723 1051 2737 1064 ·

2165 1133 2270 1183 πέ.
2332 1145 2351 1179 ι
2407 1127 2723 1194 Εὑλογεῖτε,
2775 1125 2951 1180 δοῦλοι
2999 1125 3243 1196 Κυρίου,
3291 1123 3381 1176 τὸν
3430 1122 3662 1193 Κύριον,

2082 1216 2301 1284 ὑμνεῖτε
2331 1215 2425 1268 καὶ
2437 1216 2483 1249 ⁷⁹
2510 1213 2851 1285 ύπερυψοῦτε
2884 1215 2964 1278 είς
2993 1213 3200 1276 πάντας
3228 1214 3353 1277 τοὺς
3381 1213 3605 1277 αίῶναςο
3637 1231 3656 1266 ι

2085 1305 2367 1377 μονονουχὶ
2408 1305 2677 1373 λέγοντες,
2726 1306 2810 1358 ὅτι
2837 1305 3064 1359 δυνατὸν
3101 1303 3361 1367 εὐνοϊκῶς
3388 1303 3664 1358 δουλεύειν

2079 1395 2159 1466 τῷ
2204 1395 2447 1466 Δεσπότῃ
2491 1395 2588 1449 καὶ
2656 1395 2747 1449 τὸν
2797 1395 3095 1466 ἱερωσύνης
3145 1395 3566 1466 γεγυμνωμένον
3589 1395 3660 1448 ⁸⁸.

2081 1487 2526 1560 Προκηρύττουσι
2555 1486 2651 1540 καὶ
2678 1488 2776 1557 τὴν
2805 1487 3136 1542 ἀνάστασινι

2149 1687 2267 1746 σις’.
2315 1700 2335 1734 ι
2362 1681 2648 1750 Εὐλογεῖτε
2672 1682 2801 1753 γὰρ,
2833 1683 2986 1751 φασὶ,
3036 1682 3321 1753 πνεύματα
3367 1683 3464 1737 καὶ
3490 1682 3666 1754 ψυχαὶ

2077 1771 2323 1838 δικαίων,
2358 1773 2449 1826 τὸν
2497 1771 2731 1842 Κύριον·
2779 1791 2798 1822 ι
2847 1773 3148 1838 τουτέστιν,
3194 1775 3250 1828 αἱ
3290 1776 3666 1845 πνευματικαὶ

400 1881 504 1921 mae
534 1865 832 1934 iustorum,
875 1865 1132 1920 humanis
1165 1867 1677 1937 perturbationibus
1723 1870 1971 1939 superio-

2074 1861 2184 1916 τῶν
2211 1863 2433 1916 δικαίων
2453 1863 2642 1934 ψυχαὶ,
2677 1864 2732 1916 αἱ
2757 1862 2869 1917 τῶν
2895 1864 3250 1936 ἀνθρωπίνων
3281 1866 3473 1921 παθῶν
3496 1867 3666 1940 ὑπέρ-

397 1973 490 2015 res
516 1959 692 2017 facta.
724 1974 844 2028 qua:
873 1959 1104 2028 spiritus
1135 1961 1371 2030 gratiam
1400 1975 1684 2031 accepere.
1715 1960 1855 2016 Tum
1882 1977 1977 2017 eos

305 2072 314 2079 -
397 2061 620 2117 quoque
683 2048 991 2115 hortantur,
1047 2050 1142 2120 qui
1202 2051 1426 2107 virtutis
1481 2051 1724 2123 quodam
1777 2068 1976 2124 genere

395 2138 610 2209 praediti
642 2149 772 2194 sunt
795 2157 808 2172 ο

469 2229 639 2286 Vens.
682 2231 801 2287 87.1
827 2229 1162 2297 Benedicite,
1199 2234 1476 2305 inquiunt,
1511 2235 1686 2292 sancti
1714 2243 1768 2291 et
1797 2235 1975 2292 humi-

395 2321 478 2378 les
518 2323 706 2387 corde,
740 2321 994 2379 Domino.
1032 2343 1051 2376 ι
1085 2323 1324 2382 Possunt
1359 2327 1506 2382 enim
1555 2327 1843 2398 injustitia:
1877 2344 1976 2383 ex-

393 2419 599 2482 pertes.
627 2415 802 2478 aiunt,
827 2423 884 2469 et
914 2413 983 2470 de
1009 2431 1070 2471 se
1095 2417 1379 2472 humiliter
1425 2418 1726 2475 sentientes
1755 2426 1812 2475 et
1854 2420 1974 2489 pla-

394 2517 520 2558 cere
563 2502 693 2568 Deo,
739 2513 795 2559 et
853 2507 1271 2563 convenientem
1317 2509 1395 2563 illi
1438 2509 1704 2578 hymnum
1751 2509 1970 2567 oﬂerre.

393 2593 576 2664 Atque
607 2596 724 2650 haec
759 2598 942 2651 omnia
975 2613 1080 2652 non
1116 2600 1332 2670 loquaci
1369 2601 1618 2657 oratione
1640 2616 1974 2657 commemo-

394 2696 610 2752 rarunt,
636 2687 732 2742 sed
757 2689 994 2758 primum
1017 2708 1146 2763 erga
1170 2693 1461 2747 Dominum
1493 2707 1734 2748 amorem
1763 2692 1972 2746 inﬂam-

393 2785 631 2841 mantes,
665 2793 731 2833 ac
764 2779 990 2849 ipsimet
1021 2797 1210 2838 eorum
1244 2783 1660 2850 beneﬁciorum,
1688 2798 1811 2854 quae
1848 2798 1970 2838 ver-

395 2867 482 2923 his
523 2870 762 2940 exprimi
800 2881 1103 2942 nequeunt.
1151 2882 1207 2930 et
1234 2875 1388 2930 illius
1433 2873 1662 2944 opiﬁcii,
1692 2875 1842 2944 quod
1874 2874 1972 2928 ho-

391 2955 602 3012 minum
633 2975 803 3017 causa
851 2964 921 3018 ah
963 2964 1125 3019 initio
1172 2966 1400 3021 molitus
1445 2974 1534 3020 est
1574 2965 1742 3032 Deus,
1788 2981 1972 3022 recor-

391 3047 604 3105 dantes.
639 3049 736 3107 His
785 3054 933 3107 enim
982 3055 1166 3110 verbis
1223 3057 1338 3112 haec
1385 3057 1645 3113 videntur
1693 3059 1967 3116 innuere:

389 3138 600 3197 Idcirco
649 3143 937 3201 laudamus
997 3156 1053 3202 et
1117 3162 1450 3218 magnopere
1511 3151 1830 3206 extollimus
1891 3159 1964 3214 te,

388 3232 518 3301 quia
547 3249 641 3303 per
669 3237 897 3306 angelos
927 3237 1087 3293 nobis
1113 3237 1343 3293 exhibes
1379 3239 1669 3304 beneﬁcia,
1691 3241 1834 3309 quod
1855 3255 1967 3296 coa-

385 3325 500 3378 lum
533 3335 755 3396 prepter
789 3343 893 3383 nos
921 3329 1242 3392 condidisti,
1278 3331 1395 3384 sole
1426 3337 1608 3386 autem
1646 3331 1790 3385 diem
1838 3333 1968 3386 illn-

385 3426 554 3480 stras,
577 3425 634 3472 et
657 3419 783 3472 luna
801 3419 982 3474 noctis
1001 3419 1221 3490 mitigas
1250 3419 1671 3486 obscuritatem,
1693 3431 1748 3478 et
1765 3431 1972 3494 tempo-

383 3508 464 3562 ris
495 3523 597 3562 nos
617 3507 786 3564 doces
811 3524 1129 3564 mensuram
1164 3526 1181 3564 :
1211 3510 1564 3567 celebramus
1592 3519 1667 3578 te,
1695 3515 1823 3583 quia
1860 3530 1963 3568 au-

385 3606 509 3652 ctor
527 3597 707 3660 fuisti,
724 3606 786 3652 ut
800 3601 1002 3653 coelum
1023 3600 1186 3654 nobis
1210 3599 1380 3654 veluti
1400 3612 1615 3672 pratum
1637 3603 1825 3660 stellas
1844 3619 1970 3674 pro-

387 3688 645 3748 duceret,
669 3696 725 3742 et
746 3688 977 3744 ﬂoribus
1007 3692 1101 3760 qui
1137 3705 1418 3761 nunquam
1453 3702 1804 3748 marcescunt
1835 3710 1969 3749 ocu-

386 3776 472 3832 los
497 3786 716 3832 nostros
739 3777 942 3846 pascis,
978 3794 1213 3849 quorum
1237 3780 1405 3834 etiam
1437 3796 1604 3837 cursu
1630 3797 1968 3853 cognoscen-

387 3867 512 3922 dam
534 3867 692 3924 nobis
712 3869 923 3940 pratbos
942 3871 1120 3925 noctis
1139 3886 1474 3927 mensuram.
1495 3873 1558 3926 Et
1581 3879 1706 3944 quis
1725 3891 1964 3944 unquam

387 3959 614 4028 tedigne
642 3960 1099 4024 celebrarit,cum
1118 3961 1266 4016 videt
1287 3970 1675 4032 tempestatum
1707 3965 1967 4018 mutatio-

385 4064 508 4114 nes,
543 4049 903 4105 solstitiorum
950 4052 1382 4116 vicissitudines,
1425 4063 1620 4110 :estum
1656 4065 1965 4127 opportune

383 4143 592 4198 aestatis
626 4149 873 4213 tempore
899 4143 1249 4200 adhibitum?
1275 4154 1392 4200 tum
1423 4159 1706 4203 ventorum
1736 4149 1965 4220 refrige-

385 4243 571 4290 rantes
602 4250 787 4300 auras,
834 4235 1006 4306 frigus
1037 4237 1218 4293 hieme
1257 4247 1312 4292 et
1356 4239 1594 4308 pluviam
1639 4242 1960 4310 procreari,

383 4334 439 4382 et
470 4325 900 4397 unumquodque
934 4326 1133 4382 decore
1161 4335 1217 4382 et
1259 4328 1456 4383 ordine
1490 4333 1815 4399 procedens,
1853 4331 1963 4384 ful-

383 4429 516 4487 gnra
551 4417 787 4488 pluviam
824 4418 1148 4481 indicantia,
1183 4419 1356 4474 nubes
1383 4421 1596 4490 pluvias
1629 4423 1841 4492 1127
1867 4437 1963 4491 pa-

383 4511 608 4570 rientes,
655 4519 866 4565 montes
903 4520 955 4565 et
992 4511 1152 4580 plana
1189 4512 1304 4565 loca
1339 4515 1616 4583 segetibus
1646 4524 1840 4567 ornata
1895 4529 1960 4570 ac
1993 4551 2038 4607 ο

383 4601 721 4664 nemoribus,
765 4600 943 4656 fontes
987 4606 1358 4658 scaturieutcs
1407 4613 1460 4658 et
1509 4610 1526 4628 '

382 4699 607 4759 gantes,
660 4689 858 4746 ﬂuvios
911 4691 1292 4747 indesinenter
1347 4693 1582 4749 ﬂuentes
1638 4709 1817 4763 neque
1875 4696 1962 4750 sui

381 4796 578 4837 cursus
611 4782 775 4836 ullam
806 4783 1049 4852 quietem
1078 4783 1454 4846 admittentes,
1501 4800 1651 4839 mare
1688 4787 1742 4838 in
1783 4786 1962 4842 medio

382 4872 620 4940 positum
653 4874 910 4928 amicitia:
935 4883 1219 4929 auctorem
1252 4882 1416 4944 atque
1448 4875 1776 4940 concordiae,
1811 4890 1963 4930 com-

383 4978 712 5034 munemque
741 4966 921 5022 locum
952 4975 1007 5022 et
1039 4966 1237 5021 horum
1279 4977 1332 5022 et
1379 4967 1598 5020 illorum
1633 4969 1960 5024 commercia

383 5053 727 5123 capientem?
763 5056 830 5112 Et
860 5073 931 5112 ne
970 5059 1190 5128 singula
1223 5073 1550 5129 prosequar,
1592 5057 1828 5128 primum
1858 5060 1960 5116 ho-

383 5160 504 5200 rum
533 5149 776 5204 omnium
807 5150 1109 5204 meminere
1147 5151 1310 5215 beati,
1353 5161 1412 5205 ut
1443 5165 1597 5206 suam
1629 5165 1740 5220 prae
1764 5165 1823 5205 se
1857 5150 1962 5206 fer-

386 5241 507 5288 rent
542 5237 708 5291 animi
739 5237 1074 5314 aequitatem,
1102 5238 1268 5309 idque
1289 5239 1598 5305 studentes,
1632 5247 1691 5292 ut
1717 5237 1958 5305 ﬂagran-

385 5325 578 5382 tiorem
615 5342 678 5382 ex
717 5327 1109 5384 beneﬁciorum
1141 5333 1402 5386 memoria
1444 5331 1706 5403 hymnum
1738 5331 1960 5399 perlice-

1581 4605 1796 4674 plantas
1836 4605 1960 4658 irri-

2077 1971 2234 2026 τεραι
2293 1955 2673 2025 γενόμεναι⁸¹,
2737 1955 2796 2008 αἱ
2845 1956 2940 2010 τοῦ
2989 1957 3309 2029 Πνεύματος
3351 1961 3453 2031 τὴν
3499 1960 3663 2031 χάριν

2077 2044 2732 2112 ὑποδεξάμεναι.”Επειτα
2765 2046 2860 2099 καὶ
2889 2047 3015 2112 τοὺς
3046 2049 3248 2119 ἀρετῆς
3271 2049 3387 2119 εῐδη
3416 2049 3540 2103 τινὰ
3564 2067 3664 2103 κε-

2078 2137 2405 2206 κτημένους·
2427 2151 2430 2154 ’

2148 2230 2254 2294 πζν.
2299 2248 2318 2282 ι
2349 2231 2654 2299 Εὐλογεῖτε,
2690 2233 2854 2301 φασὶν
2870 2231 2938 2296 ⁸⁸,
2983 2231 3121 2284 ὅσιοι
3163 2232 3258 2285 καὶ
3299 2235 3548 2287 ταπεινοὶ
3591 2239 3663 2307 τῇ

2077 2321 2291 2392 καρδίᾳ,
2322 2323 2412 2376 τὸν
2439 2323 2664 2396 Κύριον.
2696 2343 2714 2374 ι
2751 2322 2985 2376 Δυνατδν
3017 2322 3145 2394 γάρ,
3173 2324 3358 2392 φασὶν,
3386 2325 3599 2390 ἀδικίας
3614 2329 3665 2361 ⁸³

2075 2413 2564 2486 ἀπηλλαγμένους,
2615 2417 2711 2470 καὶ
2751 2415 2993 2485 ταπεινῷ
3031 2417 3343 2487 φρονήματι
3380 2420 3663 2490 κεχρημέ-

2073 2525 2218 2572 νους,
2252 2509 2348 2564 καὶ
2381 2509 2638 2580 ἀρέσκειν
2679 2508 2800 2578 Θεῷ
2849 2508 2946 2562 καὶ
2983 2507 3077 2560 τὸν
3114 2506 3454 2578 ἁρμόττοντα
3485 2507 3660 2578 ὕμνον

2073 2600 2425 2670 προσφέρειν.
2463 2597 2654 2652 Ταῦτα
2682 2598 2740 2652 δὲ
2777 2599 2878 2653 οὐκ
2909 2597 3196 2668 ἀδολεσχίᾳ
3219 2597 3496 2667 χρώμενοι
3524 2615 3660 2652 κατ-

2074 2691 2259 2757 έλεξαν
2284 2691 2516 2756 ἅπαντα,
2547 2690 2684 2744 ἀλλά
2714 2691 2928 2762 πρῶτον
2959 2689 3059 2760 μὲν
3083 2689 3145 2742 τὸ
3176 2689 3304 2760 περὶ
3336 2688 3428 2743 τὸν
3455 2691 3665 2745 Δεσπό-

2070 2799 2171 2852 την
2206 2781 2569 2852 πυρσεύοντες
2607 2782 2830 2852 φίλτρον
2851 2820 2867 2845 ,
2922 2781 3018 2834 καὶ
3048 2781 3190 2849 σφᾶς
3221 2780 3422 2845 αὐτοὺς
3451 2781 3657 2851 ἀναμι-

2074 2874 2410 2946 μνήσκοντες
2455 2873 2563 2927 τῶν
2597 2874 2852 2945 ἀρρήτων
2881 2871 3234 2943 εὐεργεσιῶν,
3279 2873 3504 2944 καὶτῆς
3545 2874 3661 2927 τῶν

2071 2964 2374 3036 ἀνθρώπων
2393 2965 2577 3018 ἕνεκεν
2605 2963 2666 3029 ἐξ
2686 2965 2857 3035 ἀρχῆς
2877 2962 3177 3033 γενομένης
3192 2962 3239 2994 ⁸⁵
3256 2962 3620 3033 δημιουργίας
3639 2980 3656 2996 ⁶

2069 3054 2158 3108 διὰ
2191 3054 2296 3125 γὰρ
2330 3053 2536 3108 τούτων
2571 3054 2833 3124 μηνύουσι
2863 3052 2972 3106 τῶν
3002 3052 3198 3121 λόγων,
3221 3053 3304 3106 ὅτι
3345 3052 3663 3124 ’Υμνούμέν

2073 3162 2132 3198 σε
2161 3146 2254 3198 καὶ
2299 3145 2704 3217 ὑπερυψοῦμεν,
2747 3146 2829 3198 ὅτι
2861 3145 2929 3197 δι’
2957 3144 3205 3212 ἀγγέλων
3251 3145 3397 3215 ἡμᾶς
3435 3144 3665 3212 εὐεργε-

2071 3238 2205 3299 τεῖς,
2234 3237 2316 3290 ὅτι
2345 3237 2575 3307 οὐρανὸν
2606 3236 2762 3307 ἡμῶν
2815 3236 2976 3306 χάριν
3010 3234 3470 3307 ἐδημιούργησας,
3521 3237 3665 3306 ἡλίῳ

2069 3326 2127 3380 δέ
2153 3326 2252 3398 τὴν
2281 3327 2494 3398 ἡμέραν
2527 3328 2806 3397 φωτίζεις,
2857 3327 2952 3380 καὶ
2997 3329 3064 3397 τῇ
3108 3326 3304 3398 σελήνῃ
3333 3326 3433 3396 τῆς
3459 3327 3663 3392 νυκτὸς

2069 3415 2387 3488 κεραννύεις
2414 3418 2474 3471 τὺ
2500 3419 2759 3487 ἀφεγγὲς,
2800 3418 2895 3471 καὶ
2927 3414 3024 3470 τοῦ
3056 3415 3250 3486 χρόνου
3282 3417 3432 3486 ἡμᾶς
3457 3415 3526 3469 τά
3559 3417 3664 3488 μέσ-

2067 3525 2171 3578 τρα
2197 3508 2471 3572 διδάσκεις
2496 3525 2510 3539 ι
2563 3508 2842 3580 ύμνοῦμέν
2877 3525 2960 3569 σε,
2994 3508 3077 3560 ὅτι
3123 3506 3220 3560 καὶ
3249 3504 3490 3577 λειμῶνα
3521 3508 3662 3577 ἡμῖν

2066 3598 2313 3669 ἀστέρων
2358 3597 2653 3669 βλαστῆσαι
2683 3600 2775 3652 τὸν
2819 3598 3047 3668 οὐρανὸν
3089 3597 3529 3668 παρεσκεύασας,
3560 3601 3662 3653 καὶ

2068 3687 2284 3743 ἄνθεσιν
2317 3689 2654 3760 ἀμαράντοις
2683 3691 2868 3759 ἑστιᾷς
2903 3689 3060 3760 ἡμῶν
3092 3688 3194 3752 τάς
3221 3687 3392 3759 ὄψεις,
3433 3689 3531 3744 καὶ
3554 3691 3662 3760 τῆς

2066 3777 2262 3842 νυκτὸς
2289 3779 2419 3848 ἡμῖν
2447 3778 2534 3832 διὰ
2570 3778 2666 3832 τοῦ
2689 3779 2891 3849 δρόμου
2922 3780 3130 3832 τούτων
3164 3779 3425 3849 παρέχεις
3457 3779 3528 3833 τὰ
3558 3781 3662 3850 μέ-

2067 3886 2172 3940 τρα
2198 3869 2507 3938 γινώσκειν.
2544 3871 2658 3924 Καὶ
2685 3871 2768 3935 τίς
2797 3872 2861 3924 ἀν
2889 3887 2948 3924 σε
2979 3870 3115 3941 πρὸς
3146 3870 3304 3936 ἀξίαν
3335 3872 3657 3942 ύμνήσειεν,

2065 3963 2209 4035 ὁρῶν
2251 3963 2359 4016 τῶν
2390 3963 2550 4035 ὡρῶν
2580 3963 2680 4027 τὰς
2715 3962 3042 4030 μετασολάς,
3085 3961 3193 4014 τῶν
3211 3962 3258 3993 ⁸⁸
3289 3961 3508 4033 τροπῶν
3553 3962 3657 4026 τὰς

2067 4057 2387 4125 ἁλλαγάςεσ,
2427 4056 2617 4128 καῦμα
2661 4055 2992 4126 προσφόρως
3030 4055 3088 4106 ἐν
3135 4052 3283 4123 θέρει
3322 4052 3656 4123 γινόμενον;

2066 4147 2184 4206 εἷτα
2215 4151 2540 4220 πνευμάτων
2584 4147 2760 4220 αὔρας
2797 4145 3211 4217 ἀναψυχούσας,
3247 4144 3418 4217 ψύχος
3448 4145 3504 4198 ἐν
3536 4161 3660 4215 χει-

2069 4244 2208 4315 μῶνι
2243 4243 2338 4296 καὶ⁵
2377 4242 2533 4296 ὑετὸν
2585 4239 3002 4312 ἐπιφερόμενον,
3054 4238 3146 4291 καὶ
3188 4237 3420 4291 ἕκαστον
3459 4236 3659 4308 ῥυθμῷ

2065 4337 2157 4390 καὶ
2181 4335 2334 4400 τάξει
2355 4335 2664 4404 προϐαῖνον,
2693 4332 2982 4403 ἀστραπὰς
3007 4330 3098 4384 τὸν
3126 4329 3281 4383 ὑετὸν
3317 4330 3654 4400 μηνυούσας,

2063 4426 2296 4496 νεφέλας
2325 4426 2416 4480 τὸν
2443 4426 2596 4480 ὑετὸν
2631 4425 2954 4488 ὼδινούσας,
3001 4422 3102 4493 ὄρη
3138 4421 3232 4476 καὶ
3275 4421 3436 4474 πεδία
3481 4420 3658 4491 ληῒοις

2065 4515 2341 4586 κομῶντα,
2369 4517 2463 4570 καὶ
2495 4515 2704 4578 ἄλσεσι,
2734 4513 2917 4584 πηγὰς
2951 4510 3435 4574 ὑπαναΰλυζούσας
3453 4509 3521 4574 ⁸⁷,
3558 4510 3658 4562 καὶ

2064 4607 2285 4678 ἀρδείαν
2313 4610 2424 4672 τοῖς
2456 4608 2640 4677 φυτοῖς
2669 4603 3108 4677 προσφερούσας,
3145 4601 3427 4673 ποταμοὺς
3470 4601 3660 4655 ἄπαυ-

2063 4719 2166 4754 στα
2195 4703 2508 4772 τρέχοντας,
2559 4700 2654 4754 καὶ
2686 4700 2780 4754 τοῦ
2819 4699 3023 4771 δρόμου
3061 4696 3272 4751 παῦλαν
3319 4697 3382 4750 ού
3427 4695 3660 4766 δεχομέ-

2062 4808 2207 4855 νους,
2229 4791 2494 4844 θάλατταν
2513 4792 2571 4844 ἐν
2597 4790 2746 4861 μέσῳ
2769 4790 3049 4860 κειμένην,
3071 4787 3254 4858 φιλίας
3275 4787 3370 4839 καὶ
3393 4787 3659 4855 ὁμονοίας

2063 4876 2263 4943 αἰτίαν,
2291 4879 2386 4932 καὶ
2407 4878 2602 4949 χωρίον
2629 4878 2805 4932 κοινὸν
2828 4877 3031 4932 τούτων
3060 4876 3331 4931 κάκείνων
3361 4874 3658 4946 δεχόμενον

2061 4969 2132 5024 τὰ
2162 4969 2497 5040 συμϐόλαιας
2527 4970 2638 5023 Kal.
2665 4970 2752 5024 ἵνα
2780 4969 2855 5042 μὴ
2888 4967 3011 5024 καθ’
3038 4969 3273 5022 ἕκαστον
3303 4966 3469 5034 λέγω,
3508 4968 3660 5036 πρῶ-

2062 5078 2153 5114 τον
2187 5060 2284 5132 μὲν
2307 5060 2512 5116 τούτων
2541 5062 2798 5117 ἁπάντων
2829 5059 3243 5132 ἐμνημόνευσαν
3274 5059 3322 5112 οἱ
3365 5059 3655 5128 μακάριοι,

2061 5146 2160 5218 τὴν
2187 5149 2394 5202 οἰκείαν
2428 5150 2829 5214 ἐπιδεικνύντες
2855 5148 3302 5221 εὐγνωμοσύνην,
3340 5149 3435 5202 καὶ
3463 5147 3658 5220 θερμός

2065 5255 2222 5308 τερον
2250 5239 2559 5292 ἐπιτελέσαι
2585 5239 2677 5292 τὸν
2706 5237 2875 5310 ὕμνον
2891 5238 2938 5270 ⁸⁸
2981 5239 3047 5309 τῇ
3103 5238 3295 5310 μνήμῃ
3339 5236 3448 5288 τῶν
3498 5237 3657 5307 εὐερ-

2064 5330 2265 5402 γεσιῶν
2317 5331 2665 5403 βουλόμενοι’
2718 5329 2910 5384 ἔπειτα
2944 5329 3024 5396 δὲ,
3059 5330 3305 5392 καὶτοὺς
3348 5326 3654 5390 Χαλδαίους

1676 5504 1912 5561 VARUE
1941 5505 2342 5562 LECTIONES.

485 5639 532 5673 "
558 5643 652 5696 καὶ
675 5671 746 5687 .-
789 5639 1012 5703 αίῶνας.
1042 5638 1166 5695 Des.
1203 5641 1256 5696 in
1287 5643 1349 5697 B.

384 5710 446 5759 Β.
537 5710 583 5785 ξ’
611 5710 703 5765 ἅδ.
742 5709 782 5764 Β
819 5725 1006 5785 praem.
1045 5710 1211 5785 19:54.”
1257 5711 1312 5785 _“
1343 5712 1796 5785 Βγεγενημένηςτ

391 5794 461 5830 ιιι
483 5778 716 5834 videtur.
822 5778 875 5810 ³⁷
911 5781 950 5832 Β
974 5778 1426 5845 ἀναδλυζούσας.’
1482 5778 1544 5815 ’⁸⁸
1571 5778 1620 5838 τζ
1653 5781 1675 5834 ἶ

1456 5644 1502 5675 ⁸ο
1535 5644 1575 5697 Β
1596 5642 1721 5704 τοὺς
1755 5639 2051 5710 ἱερωσύνης
2088 5640 2567 5710 γεγυμνωμένους.
2642 5641 2682 5670 ⁸¹
2717 5639 2756 5691 Β
2781 5638 3169 5708 γεγενημέναι.

1456 5712 1796 5764 εγενημένης.
1893 5711 1938 5742 ⁸⁵
1978 5711 2103 5764 τῶν.
2135 5712 2176 5764 Β
2214 5726 2399 5764 artem.
2434 5710 2545 5762 καί.
2667 5711 2711 5740 ⁸6
2743 5711 2784 5762 Β
2816 5708 3144 5764 ἁναλλαγάς.

1500 5726 1796 5785 νενημένης.
1893 5726 1938 5742 ⁰⁰
1978 5728 2103 5764 των.
2137 5726 2176 5764 ὕ
2214 5726 2399 5778 prtem.
2434 5726 2545 5762 και.
2667 5726 2673 5738 ’

1500 5784 1544 5815 ⁸⁸
1571 5800 1620 5838 τ.
1653 5781 1846 5851 ὖμν.1η
1874 5779 1913 5833 Β
1948 5783 2167 5851 ponitur
2189 5789 2308 5850 post
2330 5779 2673 5850 εὐεργεσιῶν.

3268 5637 3313 5668 ⁸¹
3353 5635 3540 5704 φασίν.
3573 5633 3652 5687 Ita

2667 5711 2711 5740 ⁸6
2743 5711 2784 5762 Β
2816 5706 3144 5779 ἀναλλαγάς,
3201 5723 3298 5778 pro
3329 5706 3654 5776 ὲναλλαγάς,
