4070 6464
389 447 522 511 1341

1563 446 1645 506 ΙΝ
1694 445 2054 505 DANIELIS
2098 447 2258 508 CAP.
2305 449 2420 509 IlI.

3523 448 3658 514 1342

384 560 586 627 ἔξωθεν
614 558 987 620 ὑπακούοντας
1022 555 1309 610 παιδεῦσαι
1339 555 1750 628 πειρώμενοι⁸⁹,
1797 559 1879 610 δτι
1903 557 1949 608 τι

2074 568 2241 614 rent:
2296 558 2493 616 deinde
2541 575 2694 627 vero,
2754 569 2814 616 ut
2852 559 3018 618 etiam
3069 559 3359 616 Chaldmos
3391 559 3526 615 foris
3558 576 3658 614 au-

384 651 480 703 ὑπ’
498 649 679 701 αὑτῶν
704 646 1154 717 προσκυνούμενα
1177 649 1414 716 στοιχεῖα
1436 646 1529 700 τοῦ
1551 646 1684 700 Θεοῦ
1703 647 1811 700 τῶν
1831 648 1966 701 ὅλων

384 739 551 814 [ἐστὶ]
589 741 888 810 ποιήματα.
905 738 1004 790 Διά
1027 739 1072 771 ’°
1101 737 1260 791 τοῦτο
1286 740 1380 792 καί
1408 739 1580 809 πυρὸς
1606 739 1701 792 καὶ
1735 740 1963 796 ὑδάτων.

381 833 539 904 ἡλίου
567 850 628 884 τε
652 832 747 886 καὶ
775 829 1025 901 σελήνης,
1069 829 1302 901 οὐρανοῦ
1332 847 1392 883 τε
1432 830 1526 884 καὶ
1573 832 1674 901 γῆς
1721 831 1968 902 ἐναργῶς

381 924 812 996 μνημονεύουσι,
844 925 1026 976 πεῖσαι
1053 921 1364 992 βουλόμενοι
1385 924 1508 986 τοὺς
1523 924 1800 995 ἀνοήτους,
1829 923 1966 976 παύ-

381 1017 584 1069 σασθαι
619 1015 719 1084 μὲν
749 1013 844 1067 τοῦ
877 1016 1205 1083 προσκυνεῖν
1236 1014 1305 1066 τά
1331 1013 1606 1084 ὁρώμενα,
1648 1015 1740 1068 τὸν
1764 1015 1821 1068 δὲ
1849 1020 1966 1069 τού-

376 1125 490 1160 των
517 1106 793 1175 Δεσπότην
822 1104 1141 1169 ἐπιγνῶναι,
1188 1105 1281 1158 καί
1325 1105 1423 1176 τὴν
1468 1107 1781 1176 πρέπουσαν
1813 1107 1964 1178 αὑτῷ

377 1199 676 1270 θεραπείαν
699 1198 1104 1268 προσενεγκεῖν.
1129 1196 1288 1260 Εἰκὸς
1306 1197 1414 1268 γὰρ
1437 1193 1505 1270 ἦν
1528 1198 1588 1252 τὸ
1610 1198 1752 1269 μέγα
1777 1198 1963 1270 θαῦμα

376 1290 709 1360 θεωμένους,
745 1292 838 1342 καὶ
880 1288 974 1340 τοῦ
1021 1288 1194 1358 πυρὸς
1234 1288 1332 1360 τὴν
1361 1285 1536 1362 ἧτταν
1563 1291 1827 1360 ὁρῶντας,
1867 1291 1962 1344 καί¹

374 1383 563 1437 αὑτῶν
605 1383 661 1434 δέ
694 1381 908 1436 καὶτοῦ
940 1381 1203 1452 βασιλέως
1247 1383 1427 1436 αὑτῶν
1461 1383 1804 1453 αἰσχύνην⁹¹,
1850 1384 1962 1436 τῶν

372 1474 742 1544 αἰχμαλώτων
767 1473 822 1525 δὲ
854 1475 1078 1526 ἐκείνων
1109 1474 1312 1528 παίδων
1342 1475 1441 1545 τὴν
1467 1476 1744 1546 σωτηρίαν
1769 1492 1830 1528 τε
1866 1475 1960 1529 καὶ

371 1563 714 1636 παρρησίαν,
748 1563 1003 1630 δέξασθαι
1047 1563 1134 1618 διὰ
1163 1564 1263 1634 τῆς
1301 1564 1575 1634 ὑμνῳδίας
1603 1567 1704 1636 τὴν
1735 1565 1836 1636 τῆς
1871 1566 1961 1619 εὑ-

373 1654 598 1717 σεϐείας
619 1653 986 1708 διδασκαλίαν.
1006 1654 1194 1718 Οῦτως
1213 1654 1553 1727 ὑμνήσαντες
1567 1656 1957 1720 .τελευταίως⁹²

367 1745 675 1814 ἐπάγουσιν
695 1759 710 1776 ⁶

444 1928 557 1992 πη’.
604 1940 621 1972 ι
651 1921 959 1990 Εὑλογεῖτε,
1015 1923 1252 1988 Ἀνανία,
1309 1923 1555 1995 Ἀζαρία,
1596 1925 1834 1996 Μισαὴλ,
1863 1928 1956 1981 τὸν

365 2013 602 2084 Κύριον,
642 2015 861 2084 ὑμνεῖτε
901 2015 996 2068 καὶ
1041 2015 1387 2087 ὑπερυψοῦτε
1436 2017 1660 2072 αὑτὸν⁹³
1708 2021 1790 2082 εἰς
1828 2021 1956 2085 τοὺς

361 2106 595 2169 αἰῶνας.
629 2124 648 2156 ι
690 2105 876 2170 Οὕτως
907 2107 1136 2171 ἑαυτοὺς
1161 2109 1422 2178 ἐσχάτους
1452 2109 1684 2180 ἡγοῦντο
1709 2111 1811 2181 τῆς
1836 2113 1955 2165 κτί-

363 2212 532 2259 σεως,
550 2195 646 2249 καὶ
672 2195 889 2249 πάντων
915 2197 1014 2250 ἀνθ
1023 2197 1223 2266 ρώπων
1251 2198 1687 2264 εὑτελεστάτους.
1704 2202 1956 2268 Τοιοῦτος

359 2281 437 2355 ἦν
479 2286 574 2338 καὶ
589 2284 634 2316 ⁸⁸
664 2285 693 2336 ὑ
729 2286 1000 2356 μακάριος
1039 2287 1284 2354 Παῦλος,
1333 2289 1508 2358 λέγων
1544 2306 1560 2322 ⁸
1615 2310 1632 2343 ι
1672 2293 1827 2362 Ἐμοὶ
1872 2292 1953 2364 τῷ

359 2377 768 2448 ἐλαχιστοτέρῳ
805 2377 1024 2430 πάντων
1052 2379 1228 2446 ἁγίων
1262 2379 1418 2450 ἐδόθη
1456 2383 1488 2451 ἡ
1530 2381 1690 2452 χάρις
1725 2383 1888 2454 αῦτη.
1926 2403 1946 2436 ι

361 2465 477 2517 Καὶ
500 2464 734 2535 ἀλλαχοῦ
761 2482 772 2494 ·
809 2485 828 2518 ι
857 2467 1112 2538 Χριστὸς,
1139 2469 1322 2538 φησιν,
1346 2466 1509 2539 ἦλθεν
1529 2473 1608 2534 εἰς
1627 2471 1718 2525 τὸν
1746 2474 1950 2544 κόσμον

358 2557 732 2628 ἁμαρτωλοὺς
763 2557 956 2625 σῶσαι,
987 2552 1062 2614 ὧν
1093 2561 1307 2632 πρῶτός
1332 2565 1448 2632 εἰμι
1480 2561 1610 2631 ἐγώ.
1639 2583 1658 2616 ι
1704 2565 1815 2619 Καὶ
1838 2565 1950 2620 τῶν

363 2646 471 2716 μὲν
520 2649 862 2720 ἁμαρτωλῶν
905 2651 1124 2723 πρῶτον
1169 2651 1360 2706 ἑαυτὸν
1405 2653 1693 2724 ὀνομάζει,
1739 2656 1848 2710 τῶν
1891 2659 1948 2711 δὲ

361 2738 540 2806 ἁγίων
562 2739 787 2810 ἔσχατον
806 2742 1074 2796 ἀποκαλεῖ
1093 2758 1108 2774 ο
1149 2742 1292 2796 οὕτω
1316 2744 1408 2797 καὶ
1431 2746 1481 2798 οἰ
1515 2747 1778 2818 μακάριοι
1801 2743 1948 2803 οῦτοι

357 2829 629 2901 ἐσχάτους
679 2833 962 2897 ἐαυτοὺς⁹³
989 2833 1456 2906 παρακελεύονται
1495 2836 1684 2907 ὑμνεῖν
1710 2839 1803 2893 τὸν
1834 2839 1948 2894 Κύ-

362 2935 506 2989 ριον,
557 2921 654 2974 καὶ
701 2922 1016 2993 ὑπερυψοῦν
1063 2924 1225 2978 αὑτὸν
1272 2927 1354 2988 εἰς
1397 2927 1527 2990 τοὺς
1555 2927 1779 2993 αἰῶνας.
1813 2927 1949 2985 Εἶτα

355 3008 676 3078 διηγοῦνται
721 3011 784 3064 τὸ
833 3010 1040 3084 θαῦμα·
1096 3034 1114 3066 ι
1145 3015 1270 3068 Ὅτι
1311 3015 1577 3087 ἐρρύσατο
1604 3018 1651 3052 ⁹⁶
1695 3021 1845 3090 ἡμᾶς
1887 3021 1948 3086 ἐξ

355 3099 490 3170 ᾅδου
511 3101 580 3164 ⁸⁷,
610 3102 707 3154 καὶ
739 3101 944 3156 ἔσωσεν
977 3104 1126 3174 ἡμᾶς
1152 3106 1217 3157 ἐκ
1245 3107 1426 3178 χειρὸς
1451 3107 1702 3163 θανάτου.
1751 3129 1769 3161 ι
1829 3112 1947 3165 Ἀν-

355 3191 667 3263 θρωπίναις
697 3193 806 3264 γάρ
838 3195 1302 3266 ἀπηγορεύθημεν
1337 3196 1558 3268 ψήφοις.

435 3383 456 3418 ι
485 3366 596 3420 Kal
623 3365 895 3438 ἐρρύσατο
927 3368 1077 3438 ἡμᾶς
1109 3368 1174 3420 ἐκ
1209 3366 1378 3438 μέσου
1408 3369 1456 3403 ’⁸
1488 3372 1786 3443 καιομένης
1815 3373 1944 3441 φλο-

353 3459 458 3526 τός
496 3472 511 3485 '
568 3459 668 3512 καὶ
712 3461 778 3512 ἐκ
827 3458 995 3530 μέσου
1043 3459 1215 3530 πυρὸς
1260 3460 1529 3531 ἐρρύσατο
1571 3465 1737 3533 ἡμᾶς.
1787 3465 1941 3536 (πθ’.)

369 3549 812 3622 Ἐξομολογεῖσθε
853 3550 1033 3604 τοίνυν
1063 3550 1142 3621 τῷ
1184 3551 1396 3622 Κυρίῳ,
1443 3552 1526 3605 ὅτι
1571 3555 1826 3624 χρηστὸς,
1859 3557 1944 3610 ὅτι

352 3642 439 3706 εἰς
465 3641 558 3694 τὸν
581 3641 754 3694 αἰῶνα
781 3641 842 3694 τὸ
873 3641 1022 3704 ἔλεος
1048 3640 1235 3697 αὑτοῦ.
1270 3661 1289 3695 ι
1322 3644 1388 3696 Τί
1413 3644 1524 3716 γὰρ
1555 3646 1941 3720 χρηστότερον,

350 3734 408 3786 τί
439 3732 557 3786 δέ⁶⁹
586 3733 938 3804 ἀγαθώτερον
981 3733 1075 3786 τοῦ
1106 3735 1348 3805 τοσούτῳ
1391 3737 1449 3790 ἐν
1481 3739 1593 3802 τοῖς
1638 3739 1761 3793 καθ’
1792 3744 1942 3812 ἡμᾶς

353 3824 708 3895 χρησαμένου
753 3824 926 3894 ἐλέῳ;
979 3825 1091 3878 Kal
1119 3826 1388 3898 τοσαύτην
1423 3829 1625 3902 ἀρετὴν
1665 3833 1939 3899 ἐπιδειξά-

355 3933 531 3987 μενοι,
563 3916 696 3986 ἐλέῳ
747 3916 882 3985 φασὶ
915 3917 1014 3986 τῆς
1066 3919 1338 3988 σωτηρίας
1395 3925 1770 3993 τετυχηκέναι.
1807 3923 1940 3980 Εἶτα

351 4006 542 4078 ἐπειδὴ
581 4006 760 4078 μόνων
803 4005 911 4060 τῶν
940 4007 1076 4059 υἱῶν
1120 4008 1334 4079 Ἰσραὴλ
1360 4010 1772 4080 ἐμνημόνευσαν
1800 4016 1934 4083 ἀνω,

350 4097 583 4152 καλοῦσι
630 4098 728 4152 καὶ
773 4100 900 4161 τοῦς
929 4099 988 4151 ἐν
1013 4101 1127 4162 τοῖς
1163 4098 1374 4152 ἔθνεσιν
1415 4101 1796 4171 εὑσεὸοῦντας,
1840 4109 1938 4160 καὶ

346 4189 446 4244 τὸν
477 4189 613 4242 Θεὸν
646 4188 974 4261 θεραπεύειν
1011 4190 1438 4256 ἐσπουδακότας.

419 4283 494 4346 ‘1'.
541 4298 560 4332 ι
591 4280 902 4349 Εὑλογεῖτε,
934 4281 1133 4345 πάντες
1180 4282 1230 4334 oi
1264 4281 1547 4352 σεὸόμενοι
1575 4284 1667 4339 τὸν
1707 4287 1932 4359 Κύριον,

343 4375 444 4428 τὸν
477 4373 610 4427 Θεὸν
630 4375 645 4405 ⁸
673 4372 782 4427 τῶν
804 4371 963 4438 θεῶν,
1002 4373 1223 4444 ὑμνεῖτε
1257 4375 1352 4427 καὶ
1381 4375 1815 4446 ἐξομολογεῖσθε,
1851 4381 1933 4435 ὅτι

345 4465 461 4529 εἰς¹
513 4465 726 4528 πάντας
765 4464 892 4528 τοὺς
937 4465 1142 4528 αἰῶνας
1185 4465 1247 4520 τὸ
1290 4466 1438 4530 ἔλεος
1470 4468 1655 4535 αὑτοῦ,
1691 4472 1825 4525 καὶ⁸
1853 4476 1934 4537 εἰς

2069 649 2282 706 dientes
2307 652 2505 707 ducere
2538 661 2900 717 conarentur,
2934 667 3059 723 quae
3081 653 3151 707 ab
3173 652 3311 722 ipsis
3335 651 3660 705 colebantur

2068 742 2357 806 elementa,
2411 758 2474 796 ea
2521 744 2766 797 auctoris
2814 743 3061 797 omnium
3105 757 3313 807 rerum,
3363 741 3479 806 Dei,
3533 755 3660 795 esse

2067 830 2306 898 opitieia.
2349 831 2560 885 Idcirco
2591 831 2734 902 ignis
2761 841 2814 885 et
2857 847 3151 903 aquarum,
3193 832 3442 899 solisque
3483 837 3540 882 et
3571 831 3655 882 lu-

2068 936 2172 984 nae,
2226 920 2350 974 caeli
2382 930 2436 975 et
2485 929 2645 976 teme
2677 922 2963 977 evidenter
3013 923 3348 976 mentionem
3411 919 3648 984 faciunt,

2066 1027 2189 1066 cum
2242 1012 2570 1081 persuadere
2639 1012 2812 1067 velint
2865 1013 3092 1083 ignaris,
3151 1022 3210 1067 ut
3268 1027 3332 1066 ea
3381 1029 3504 1082 qua:
3548 1011 3656 1066 sub

2065 1104 2352 1158 oculorum
2418 1118 2643 1158 sensum
2680 1104 2908 1167 cadunt,
2974 1104 3230 1158 desinant
3276 1105 3530 1172 adorare,
3595 1115 3655 1160 et

2062 1209 2253 1249 verum
2291 1195 2508 1248 illorum
2543 1192 2833 1248 Dominum
2873 1202 3202 1263 agnoscant,
3247 1203 3302 1248 et
3337 1211 3650 1266 congruen-

2063 1296 2170 1340 tem
2201 1285 2304 1355 ipsi
2342 1286 2590 1339 tribuant
2620 1284 2854 1338 cultum.
2893 1283 3000 1339 Par
3031 1294 3149 1340 erat
3185 1285 3332 1340 enim
3365 1300 3482 1348 eos,
3531 1302 3653 1339 ma-

2062 1391 2226 1446 gnum
2269 1375 2398 1428 illud
2429 1374 2756 1428 miraculum
2792 1375 3168 1444 conspicatos,
3215 1383 3271 1454 et
3313 1374 3493 1444 ignem
3525 1390 3654 1444 pro-

2060 1467 2302 1538 ﬂigatum
2331 1473 2650 1531 cernentes,
2681 1481 2960 1535 suumque
3001 1476 3056 1521 et
3087 1465 3230 1534 regis
3270 1465 3354 1522 sui
3387 1464 3649 1530 dedecus,

2059 1559 2519 1628 captivorumque
2559 1555 2997 1612 adolescentium
3049 1555 3270 1609 illorum
3303 1553 3654 1609 incolumita-

2059 1659 2168 1707 tem
2200 1659 2255 1704 et
2285 1647 2543 1719 loquendi
2578 1647 2920 1710 libertatem,
2971 1661 3072 1717 per
3103 1646 3252 1700 hunc
3281 1645 3472 1717 hymni
3513 1660 3649 1700 can-

2060 1749 2174 1796 tum
2215 1740 2436 1811 pietatis
2465 1739 2748 1809 percipere
2792 1736 3123 1792 doctrinam.
3177 1735 3428 1808 Cumque
3459 1723 3649 1795 illi‘ita

2060 1831 2416 1894 cecinissent,
2449 1838 2728 1898 postremo
2766 1827 3071 1896 subjiciunt
3099 1844 3115 1884 :

1989 1892 2034 1952 Β
2132 1919 2300 1975 Vens.
2340 1892 2497 1976 88.}
2539 1892 2884 1983 Benedicite,
2907 1917 3144 1980 Anania,
3175 1915 3396 1981 Azaria,
3432 1915 3645 1979 Misael.

2045 2013 2315 2074 ‘Domino,
2348 2010 2572 2066 laudate
2596 2017 2652 2065 et
2678 2009 2841 2064 valde
2866 2009 3105 2064 exaltate
3137 2023 3262 2063 eum
3299 2008 3353 2062 in
3383 2008 3602 2062 sarcula.
3621 2027 3640 2061 ι

2057 2105 2134 2159 Ita
2162 2103 2378 2174 seipsos
2410 2103 2636 2158 ultimos
2653 2116 2845 2157 eorum
2873 2101 3120 2154 omnium
3147 2114 3266 2170 quae
3288 2106 3470 2154 creata
3490 2106 3643 2160 sunt.

2053 2195 2466 2260 existimabant,
2497 2203 2551 2248 et
2591 2193 2838 2247 omnium
2881 2191 3170 2247 hominum
3204 2190 3641 2260 abjectissimos.

2052 2287 2202 2341 Talis
2233 2286 2378 2342 enim
2407 2286 2601 2340 beatus
2636 2284 2846 2339 Paulus
2877 2283 2999 2350 fuit,
3041 2284 3259 2354 1128
3289 2284 3382 2353 qui
3420 2284 3501 2338 sic
3527 2283 3640 2336 ait:

2058 2399 2078 2432 ‹
2127 2377 2257 2432 Mihi
2286 2378 2534 2432 omnium
2575 2385 2892 2432 sanctorum
2931 2375 3162 2429 minimo
3191 2374 3318 2428 data
3353 2383 3437 2429 est
3464 2375 3641 2444 gratia

2053 2470 2169 2526 hac
2196 2479 2244 2522 τι.
2282 2489 2300 2520 ›
2335 2469 2400 2523 Et
2423 2469 2538 2523 alio
2581 2468 2706 2522 loco
2738 2485 2752 2521 :
2793 2485 2812 2518 ι
2847 2466 3128 2531 Christus,
3161 2465 3362 2536 inquit,
3397 2466 3548 2521 venit
3583 2466 3638 2520 in

2049 2561 2333 2624 mundum,
2360 2569 2683 2630 peccatores
2703 2557 2889 2612 salvos
2922 2556 3126 2620 facere,
3150 2571 3386 2626 quorum
3421 2556 3637 2624 primus

2048 2667 2150 2723 ego
2188 2666 2310 2708 sum
2354 2661 2400 2703 τ.
2440 2668 2459 2702 ι
2493 2648 2560 2703 Et
2586 2659 2938 2719 peccatorum
2970 2646 3193 2718 quidem
3225 2647 3461 2717 primum
3491 2650 3641 2716 seip-

2049 2760 2172 2801 sum
2215 2743 2484 2807 nominat,
2527 2747 2842 2796 sanctorum
2877 2753 3007 2794 vero
3041 2739 3296 2792 ultimum
3326 2745 3506 2793 vocat.
3545 2735 3640 2792 Sic

2048 2834 2213 2889 etiam
2237 2831 2382 2886 beati
2410 2830 2463 2883 hi
2498 2828 2881 2883 adolescentes
2907 2827 3125 2899 seipsos
3158 2826 3381 2882 ultimos
3413 2827 3641 2882 hortan-

2047 2934 2140 2980 tur
2169 2924 2235 2978 ad
2275 2919 2666 2978 celebrandum
2705 2918 3024 2982 Dominum,
3063 2926 3120 2974 et
3157 2918 3416 2974 laudibus
3450 2921 3638 2973 extol-

2048 3016 2268 3072 lendum
2291 3013 2344 3068 in
2368 3011 2587 3068 saecula.
2624 3008 2762 3066 Tum
2793 3009 3119 3065 miraculum
3157 3019 3386 3064 narrant
3412 3028 3426 3065 :
3459 3029 3478 3062 ι
3498 3010 3638 3077 Quia

2047 3102 2194 3157 eruit
2231 3115 2334 3156 nos
2358 3115 2425 3154 ex
2467 3099 2706 3161 inferno,
2751 3105 2806 3153 et
2853 3097 3042 3153 salvos
3073 3097 3206 3153 fecit
3244 3114 3348 3154 nos
3369 3099 3438 3154 de
3468 3114 3637 3154 manu

2052 3193 2268 3248 mortis.
2312 3211 2330 3244 ο
2369 3191 2639 3246 Humanis
2674 3190 2821 3245 enim
2857 3189 3138 3260 suﬂragiis
3166 3191 3349 3246 omnis
3377 3206 3505 3262 spes
3534 3207 3638 3247 no-

2053 3285 2137 3339 bis
2165 3283 2454 3338 interdicta
2492 3283 2616 3336 fuit.

2126 3393 2143 3425 ι
2192 3376 2249 3426 lit
2288 3372 2540 3426 liberavit
2579 3385 2682 3427 nos
2715 3385 2746 3426 e
2785 3369 2970 3426 medio
3014 3369 3261 3425 ardentis
3296 3369 3550 3436 ﬂammae,
3577 3378 3633 3426 et

2044 3481 2075 3520 e
2117 3465 2294 3518 medio
2329 3465 2472 3533 ignis
2503 3463 2646 3518 eruit
2676 3477 2797 3517 nos.
2832 3460 3020 3533 (Vens.
3057 3461 3172 3532 89.)
3209 3461 3490 3516 Celebrate
3527 3464 3631 3516 ita-

2043 3573 2152 3626 que
2185 3556 2499 3621 Dominum,
2534 3555 2796 3625 quoniam
2834 3553 3035 3616 bonus,
3074 3554 3332 3622 quoniam
3375 3554 3429 3606 in
3460 3569 3631 3608 samu-

2043 3647 2156 3703 lam
2203 3647 2583 3704 misericordia
2627 3646 2770 3715 ejus.
2807 3664 2827 3698 ι
2877 3643 3021 3710 Quid
3054 3645 3200 3700 enim
3230 3645 3467 3698 melius?
3496 3645 3630 3717 quid

2041 3740 2334 3812 benignius
2354 3755 2440 3804 eo,
2473 3738 2569 3808 qui
2605 3739 2660 3793 in
2693 3737 2863 3792 rebus
2889 3737 3100 3793 nostris
3136 3743 3344 3791 tantam
3377 3735 3633 3792 adhibuit

2041 3831 2518 3889 misericordiam?
2579 3829 2833 3900 Cumque
2903 3830 3068 3885 talem
3131 3844 3242 3900 prae
3291 3845 3352 3884 se
3408 3830 3633 3885 tulerint

2039 3926 2323 3990 virtutem,
2379 3923 2761 3978 misericordia
2811 3937 2872 3977 se
2928 3922 3165 3977 salutem
3234 3922 3251 3941 ¹
3300 3929 3630 3977 consecutos

2039 4017 2284 4072 fatentur
2315 4036 2328 4072 :
2360 4015 2560 4071 deinde
2608 4016 2736 4085 quia
2778 4014 2920 4068 ﬁlios
2964 4012 3183 4068 lsraelis
3217 4020 3424 4065 tantum
3461 4027 3627 4079 supra

2037 4113 2625 4172 commemoraverant,
2653 4119 2748 4159 eos
2777 4119 3000 4174 quoque
3035 4101 3128 4171 qui
3158 4101 3302 4156 inter
3328 4110 3520 4169 gentes
3540 4101 3628 4171 pie

2035 4199 2304 4262 viverent,
2337 4195 2510 4250 divini
2554 4196 2743 4250 cultus
2779 4194 3083 4258 studiosos,
3117 4197 3340 4244 vocant.

2103 4289 2273 4346 Vens.
2312 4288 2402 4344 90.
2449 4305 2468 4338 ι
2509 4287 2842 4350 Benedicite,
2876 4300 3072 4340 omnes
3099 4288 3190 4356 qui
3220 4289 3406 4344 colitis
3439 4284 3626 4341 Domi-

2033 4398 2186 4448 num,
2233 4381 2400 4434 Deum
2438 4379 2694 4444 deorum,
2746 4377 2970 4433 laudate
3011 4387 3066 4432 et
3094 4379 3458 4445 conﬁtemini,
3495 4378 3623 4447 quia

2033 4475 2089 4529 in
2116 4471 2300 4528 omnia
2329 4470 2530 4525 saecula
2563 4468 2946 4524 misericordia
2992 4468 3138 4538 ejus,
3171 4476 3226 4523 et
3269 4470 3322 4522 in
3360 4469 3620 4524 saeculum

341 4557 438 4610 τὸν
461 4555 636 4611 αἰῶνα
665 4556 776 4610 τῶν
804 4555 1037 4610 αἰώνων.
1068 4575 1087 4608 ›
1120 4557 1231 4610 Kal
1252 4558 1314 4611 τὸ
1351 4559 1578 4631 ἄπειρον
1606 4563 1806 4617 αὑτοῦ⁸
1834 4565 1931 4636 τῆς

2047 4564 2392 4622 saeculorum.
2439 4579 2458 4612 ι
2505 4559 2572 4614 Et
2609 4560 2879 4614 inﬁnitam
2925 4560 3074 4616 illius
3109 4559 3408 4615 bonitatem
3437 4567 3624 4613 osten-

342 4647 687 4719 ἀγαθότητος
729 4645 898 4712 δεῖξαι
940 4645 1408 4713 φιλονεικοῦντες,
1463 4652 1558 4703 καὶ
1606 4651 1925 4724 ἡττώμενοι,

341 4738 613 4803 πολλάκις
629 4739 690 4792 τὸ
707 4739 828 4792 τῶν
843 4737 1074 4793 αἰώνων
1093 4741 1528 4811 ἀναστρέφουσιν
1546 4743 1929 4816 ὄνομα.Τοιοῦ-

335 4847 436 4894 τος
455 4831 565 4896 τῶν
587 4831 758 4900 ἁγίων
776 4829 981 4884 τούτων
1013 4834 1041 4885 ὁ
1072 4830 1238 4902 ὕμνος
1264 4827 1418 4898 οὗτος
1445 4834 1538 4889 καὶ
1570 4835 1659 4890 τὸν
1687 4836 1926 4911 θηριώδη

335 4923 438 4977 καὶ
469 4922 653 4992 ἀπηνῆ
684 4920 911 4992 βασιλέα
957 4919 1236 4991 ἐκπλήξας
1252 4922 1296 4986 ⁸,
1342 4923 1450 4974 τῶν
1496 4924 1594 4994 μὲν
1633 4923 1928 4994 βασιλικῶν

333 5013 672 5084 ἐξανέστησε
721 5012 948 5084 θρόνων,
995 5012 1224 5084 δραμεῖν
1267 5013 1326 5068 δὲ
1369 5017 1502 5086 παρ’
1544 5017 1746 5082 αὑτοὺς
1780 5035 1926 5090 παρ-

332 5104 635 5169 εσκεύασε,
665 5105 760 5160 καὶ
791 5105 987 5176 θεωρεῖ
1014 5105 1036 5137 ⁸
1077 5107 1343 5177 τέτταρας
1386 5109 1510 5163 ἀντὶ
1551 5110 1720 5182 τριῶν
1763 5113 1822 5165 ἐν
1853 5113 1924 5180 τῇ

331 5197 558 5269 καμίνῳ
584 5198 930 5269 χορεύοντας.

410 5382 441 5425 ει
479 5372 678 5444 Ephes.
713 5387 796 5439 ιιι,
830 5375 883 5430 8.
967 5378 1040 5448 fil
1073 5378 1218 5434 Tim.
1259 5393 1301 5444 ι,
1337 5377 1424 5432 l5.

407 5561 456 5634 ξ’
493 5577 641 5634 πξιρ.
671 5563 711 5634 Β
731 5561 1064 5634 βουλόμενοι.

328 5632 494 5708 αἰῶν.
533 5632 820 5708 Des._i_n
892 5632 947 5708 ξ’*
979 5635 1092 5708 καί.
1132 5635 1258 5692 Des.
1287 5637 1420 5708 ibid.
1460 5632 1542 5708 ’θέ
1573 5639 1692 5708 ἐσχ.
1730 5639 1882 5693 em.
1925 5639 2005 5693 lla

329 5701 601 5780 ἐξείλατο.
667 5704 717 5742 η⁹⁷
757 5703 841 5776 ᾆδ.
949 5706 1076 5780 adu.
1113 5707 1447 5780 κατωτάτου.
1510 5707 1561 5780 f'
1591 5701 1777 5777 μέσον.
1801 5709 2109 5780 Αγκαμίνου
2149 5709 2340 5780 μέσης.
2417 5705 2464 5780 _’°
2494 5707 2548 5780 τί
2567 5707 2642 5780 δέζ
2666 5709 2754 5780 Βῌῆ
2783 5701 2860 5780 τι.

330 5775 354 5806 ²
383 5775 487 5844 εἰς.
523 5775 565 5824 Β
621 5790 808 5844 praem.
841 5775 920 5837 εἰς
957 5775 1049 5830 τὸν
1086 5775 1260 5829 αἰῶνα
1297 5777 1409 5832 καί.
1503 5775 1636 5832 ³καὶ
1669 5807 1739 5819 —-
1779 5779 1935 5834 αἰών.

2047 5796 2102 5836 εδ.
2148 5775 2202 5834 iu
2256 5775 2317 5835 Ᾱ.

328 5842 472 5913 ὁμοῦ
498 5844 591 5897 καὶ
623 5842 1004 5916 καταπλήξας.
1081 5847 1100 5877 ⁶
1127 5845 1222 5902 Ed.
1260 5848 1409 5918 prior
1432 5849 1555 5905 hab.
1592 5849 1834 5920 θεωρεῖν.

1161 5566 1433 5640 “mea
1460 5581 1650 5640 praem.
1710 5567 1822 5640 καί.
1901 5569 1942 5640 ’ξ
1969 5570 2117 5640 αἰσχ.
2174 5568 2449 5640 B_pra:m.
2503 5567 2624 5640 τήν..

2025 4657 2157 4713 dere
2180 4670 2394 4711 summe
2425 4653 2841 4718 contendentes,
2871 4660 2927 4706 et
2962 4668 3028 4708 ea
3062 4668 3122 4707 re
3151 4652 3304 4715 victi,
3343 4667 3487 4721 saepe
3517 4667 3620 4704 sa:-

2025 4749 2270 4803 culorum
2299 4761 2497 4801 nomen
2527 4751 2805 4816 repetunt.
2839 4743 2994 4800 Talis
3035 4744 3124 4798 hic
3153 4743 3255 4798 fuit
3291 4751 3616 4798 sanctorum

2027 4839 2266 4909 hymnus
2298 4856 2311 4892 :
2348 4835 2467 4909 [9i]
2499 4837 2593 4907 qui
2628 4851 2754 4891 cum
2799 4846 3073 4906 agrestem
3109 4843 3164 4890 et
3191 4835 3454 4890 immitem
3491 4849 3616 4904 per-

2023 4930 2256 4984 culisset
2284 4943 2489 4999 regem,
2529 4925 2948 4995 obstupefactus
2981 4941 3012 4981 e
3033 4925 3233 4981 throno
3253 4927 3404 4996 regio
3431 4939 3622 4981 surre-

2023 5022 2124 5085 xit,
2160 5029 2324 5090 atque
2358 5019 2426 5073 ad
2455 5033 2555 5074 eos
2589 5017 2805 5087 1129
2838 5032 3064 5073 currere
3094 5019 3398 5085 festinavit,
3433 5028 3488 5074 ot
3516 5033 3620 5087 pro

2033 5114 2209 5169 tribus
2233 5119 2470 5183 quatuor
2493 5111 2546 5165 in
2581 5111 2805 5165 fornace
2836 5108 3208 5179 tripudiantes
3233 5109 3543 5180 conspexit.

1650 5471 1886 5527 VARUE
1928 5471 2332 5528 LECTIONES.

3309 5569 3354 5599 ”
3389 5566 3512 5620 αὑτ.
3541 5593 3610 5607 --

3339 5637 3385 5668 οε
3415 5637 3534 5706 app.
3563 5635 3608 5688 Α

2729 5569 2774 5600 ”
2801 5568 2843 5620 Β
2870 5568 3200 5623 τελευταῖον.

2144 5637 2469 5694 εθιΓδὶΠιι.
2529 5637 2655 5693 hab.
2717 5639 2966 5708 ἐσχάτοις
2986 5640 3235 5693 ἑαυτοῖς.
3339 5637 3385 5668 ⁹⁶
3415 5637 3584 5706 sps:

2149 5709 2340 5775 μέσης.
2417 5705 2464 5740 ⁹⁹
2494 5707 2548 5760 τί
2567 5707 2642 5760 δέ.
2666 5709 2754 5775 Βῆ
2788 5726 2860 5763 τι.
2965 5709 3092 5762 ¹τὸν
3121 5707 3273 5761 Θεόν.
3307 5704 3346 5758 Β
3381 5707 3584 5775 Κύριον

2418 5778 2437 5810 ⁸
2474 5777 2660 5833 αὑτοῦ.
2697 5773 2772 5833 ΕΞ(
2820 5779 2862 5832 Β
2899 5779 3075 5849 suppl.
3152 5778 3172 5810 ⁸
3211 5775 3367 5830 ἐκπλ.
3409 5773 3598 5830 Badd.
