4070 6438
455 430 594 492 1343

1408 419 1896 484 THEODORETI
1928 421 2278 484 EPISCOPI
2305 422 2666 484 CYRENSIS

3583 428 3725 504 1344

530 561 549 592 ι
590 540 656 594 Et
685 539 762 594 ait
789 533 1148 608 optimatibus
1176 533 1318 598 suis,
1349 534 1540 589 Nonne
1559 532 1710 586 viros
1745 541 1861 587 tres
1895 533 2031 601 inje-

2217 551 2234 584 ι
2268 534 2377 587 Καὶ
2413 533 2558 602 λέγει
2587 538 2699 600 τοῖς
2729 535 3050 606 μεγιστᾶσιν
3094 537 3261 592 αὑτοῦ
3287 554 3300 569 ·
3349 538 3482 610 Οὐχὶ
3521 542 3730 614 ἄνδρας

456 632 633 682 cimus
679 629 734 682 in
769 626 1004 681 medium
1045 623 1189 692 ignis
1241 621 1620 693 compeditos?
1663 619 1854 692 (Vsus.
1914 623 2032 691 92.)

459 717 524 770 Et
573 731 702 772 ecce
753 729 852 784 ego
887 711 1170 781 conspicio
1204 713 1359 768 viros
1408 717 1642 783 quatuor
1676 709 1912 777 solutos,
1979 719 2037 766 et

457 808 872 861 deambulantes
904 804 960 858 in
992 803 1176 858 medio
1211 804 1381 873 ignis,
1412 812 1466 858 et
1501 802 1780 872 corruptio
1807 819 1917 858 non
1945 811 2034 858 cst

459 901 513 951 in
547 899 703 966 ipsis,
730 906 785 952 et
823 896 962 951 visio
991 896 1175 963 quarti
1211 895 1414 950 similis
1453 894 1564 948 tilio
1603 894 1718 948 Dei.
1757 912 1776 945 ι
1809 893 1855 948 0
1885 893 2033 946 inef-
2070 886 2076 893 ’

458 985 674 1039 fabilem
703 984 873 1038 animi
905 983 1185 1039 lenitatem
1216 984 1230 1036 l
1265 981 1399 1038 Jure
1425 981 1809 1035 exclamabant
1852 981 2031 1034 sancti

456 1075 854 1138 adolescentes.
889 1092 908 1126 ι
943 1074 1080 1138 Quia
1111 1075 1166 1127 in
1202 1074 1388 1126 omnia
1419 1073 1616 1128 sanctila
1653 1071 2036 1126 misericordia

455 1167 596 1236 ejus,
629 1175 684 1226 et
713 1169 766 1220 in
796 1168 1056 1222 saeculum
1087 1166 1440 1220 saeculorum.
1476 1184 1497 1217 ι
1528 1164 1668 1218 Ecce
1698 1165 1841 1218 enim
1868 1163 2036 1216 istum

457 1275 700 1328 quoque,
735 1260 828 1328 qui
876 1267 1030 1313 tanto
1075 1257 1219 1313 fastu
1249 1257 1427 1311 elatus
1470 1262 1677 1309 tantam
1711 1253 2039 1308 adhibuerat

458 1351 865 1411 crudelitatem,
902 1350 1104 1418 quique
1146 1348 1393 1401 divinum
1443 1347 1650 1400 cultum
1684 1359 1949 1413 usurpare
1981 1352 2039 1398 et

457 1441 553 1494 Dei
591 1443 834 1495 cultores
876 1439 1169 1494 crudeliter
1199 1447 1360 1508 atque
1403 1438 1667 1491 atrociter
1701 1437 1898 1505 punire
1931 1449 2035 1490 co-

462 1540 628 1586 natus
655 1531 854 1593 l‘uerat,
886 1531 957 1584 ad
994 1531 1247 1600 pietatem
1279 1527 1549 1598 perducit,
1582 1528 1740 1597 eique
1772 1528 2036 1582 vir'utem

463 1638 644 1688 suam,
675 1636 782 1691 qua
833 1622 1103 1674 mirabilia
1162 1619 1347 1681 eﬂicit,
1401 1618 1663 1682 ostendit,
1702 1627 1757 1672 et
1803 1617 2038 1672 missum

462 1715 671 1768 auxilio
696 1713 904 1768 sanctis
943 1712 1198 1781 angelum
1237 1710 1316 1764 illi
1351 1709 1711 1778 conspicuum
1765 1709 1933 1764 facit:
1973 1726 2038 1766 ac

463 1819 694 1858 numero
754 1804 989 1871 primum
1043 1803 1222 1870 ipsum
1275 1797 1661 1867 obstupefecit,
1713 1813 1811 1868 pro
1859 1800 2036 1854 tribus

2138 627 2291 694 τρεῖς
2317 625 2578 696 ἐϐάλομεν
2610 629 2689 691 εις
2721 626 2884 697 μέσον
2923 626 3018 681 τοῦ
3051 629 3223 698 πυρὸς
3269 632 3679 703 πεπεδημένους
3709 654 3730 700 ;

2142 715 2298 786 (ιιβν.)
2337 717 2449 770 Καὶ
2483 718 2592 771 ίδοὺ
2640 717 2752 786 ἐγὼ
2781 718 2970 790 θεωρῶ
3002 717 3199 790 ἄνδρας
3243 721 3516 794 τέσσαρας
3564 725 3731 779 λελυ-

2145 810 2361 880 μένους,
2407 809 2500 862 ml
2532 808 2974 880 περιπατοῦντας
2997 810 3058 863 ἐν
3091 811 3240 882 μέσῳ
3268 811 3364 864 τοῦ
3390 815 3577 885 πυρὸς,
3626 817 3734 870 καὶ

2141 898 2410 968 διαφθορὰ
2436 899 2537 951 οὐκ
2566 898 2714 952 ἐστιν
2755 899 2812 950 ἐν
2837 899 3038 962 αὐτοῖς,
3078 900 3172 952 καὶ
3200 901 3233 969 ἡ
3271 899 3462 968 ὅρασις
3503 901 3596 954 τοῦ
3632 919 3732 955 τε-

2139 988 2340 1058 τάρτου
2373 988 2533 1058 ὁμοία
2579 988 2681 1058 υἱῷ
2725 987 2881 1042 Θεοῦ.
2913 1008 2931 1041 ο
2977 989 3043 1041 ’Ὦ
3083 989 3183 1059 τῆς
3222 990 3464 1060 ἀρρήτου
3511 1009 3732 1062 μακρο-

2141 1078 2378 1148 θυμίαςῑ
2427 1079 2664 1142 Εἰκότως
2692 1078 2863 1131 ἐϐόων
2894 1079 2943 1132 οἱ
2978 1079 3124 1147 ἅγιοι
3165 1080 3355 1143 παῖδες
3379 1097 3392 1110 ·
3443 1100 3461 1133 ι
3488 1081 3610 1134 ’Ότι
3643 1085 3733 1147 είς

2139 1169 2348 1232 πάντας
2379 1170 2506 1232 τοὺς
2527 1168 2726 1230 αἰῶνας
2747 1167 2809 1221 τὸ
2829 1167 2976 1232 ἕλεος
2996 1168 3184 1233 αὑτοῦ,
3209 1170 3305 1222 καὶ
3324 1171 3402 1232 είς
3425 1171 3514 1224 τὸν
3548 1171 3734 1226 αξῶνα

2136 1259 2248 1312 τῶν
2278 1258 2508 1314 αἰώνων.
2541 1279 2560 1311 ι
2616 1259 2748 1312 Ἰδοὺ
2776 1259 2884 1328 γὰρ
2912 1261 3005 1313 καὶ
3027 1259 3218 1313 τοῦτον
3245 1260 3488 1331 ὠμότητι
3519 1263 3731 1316 τοσαύ-

2136 1366 2205 1421 τῃ
2229 1350 2324 1403 καὶ
2350 1350 2502 1418 τύφῳ
2530 1351 2893 1420 χρησάμενον,
2945 1351 3039 1402 καὶ
3066 1350 3128 1402 τὸ
3158 1349 3301 1403 θεῖον
3345 1351 3507 1414 σέϐας
3542 1353 3732 1422 ἁρπά-

2145 1456 2234 1494 σαι
2261 1442 2281 1471 ⁷
2332 1441 2426 1494 καί
2456 1441 2579 1503 τοὺς
2613 1439 2789 1502 θείους
2833 1440 3168 1510 θεράποντας
3196 1439 3365 1510 ὠμῶς
3393 1442 3486 1494 καὶ
3513 1440 3726 1512 θηριω-

2139 1531 2246 1594 δῶς
2280 1531 2507 1584 κολάσαι
2557 1529 2907 1600 πειραθέντα,
2950 1528 3086 1595 πρὸς
3132 1527 3230 1597 τὴν
3270 1527 3550 1581 εὐσέϐειαν
3592 1529 3731 1583 ποδ-

2138 1622 2321 1692 ηγεῖ⁸,
2350 1622 2440 1673 καὶ
2467 1619 2564 1690 τὴν
2591 1619 2798 1672 οἰκείαν
2813 1615 2997 1686 αὐτῷ’
3028 1616 3474 1688 θαυματουργίαν
3503 1615 3730 1668 ὑποδεί-

2139 1728 2332 1776 κνυσι,
2383 1711 2478 1764 καὶ
2523 1711 2614 1763 τὸν
2674 1707 3047 1762 ἀποσταλέντα
3100 1709 3181 1770 είς
3233 1707 3559 1776 ἐπικουρίαν
3613 1706 3734 1758 τῶν

2141 1801 2311 1870 ἁγίων
2343 1801 2570 1870 ἄγγελον
2602 1801 2814 1870 ἐμφανῆ
2835 1800 2876 1831 ‘°
2902 1798 3049 1869 αύτῷ
3083 1798 3248 1851 ποιεὶ.
3290 1797 3402 1850 Καὶ
3429 1797 3729 1867 ἐκπλήττει

461 1903 703 1964 quatuor
729 1893 993 1955 ostensis,
1039 1891 1240 1945 deinde
1283 1891 1482 1945 solutis
1532 1891 1767 1945 vinculis
1801 1891 2038 1959 (solutos

2143 1893 2241 1962 μὲν
2268 1893 2446 1956 αὑτὸν,
2479 1891 2695 1962 πρῶτον
2723 1890 2800 1959 τῷ
2833 1889 3072 1960 ἀριθμῷ,
3109 1889 3233 1943 ἀντὶ
3257 1888 3423 1960 τριῶν
3447 1889 3731 1960 τέσσαρας

460 1987 606 2041 enim
654 2000 756 2056 pro
805 1985 1009 2038 vinctis
1055 1982 1470 2052 couspiciebat),
1513 1983 1699 2036 adhes
1746 1983 2056 2037 incolumis

461 2086 576 2131 tate
615 2091 630 2130 :
674 2095 692 2127 ο
725 2076 1019 2144 Corruptio
1041 2075 1208 2136 enim,
1249 2073 1448 2142 inquit,
1479 2089 1587 2128 non
1613 2085 1696 2129 est
1732 2075 1787 2129 in
1824 2075 1976 2145 ipsis.
2011 2094 2032 2128 ι

468 2171 622 2226 Unde
646 2168 954 2241 perculsus,
994 2166 1138 2222 fastu
1169 2165 1381 2231 sedato,
1426 2166 1678 2221 accedit:

540 2431 704 2487 Vens.
745 2431 836 2485 93.
885 2448 904 2482 ι
941 2428 1008 2484 Et
1040 2428 1154 2484 ait:
1203 2428 1459 2494 Sidrach,
1503 2429 1732 2496 Misacb,
1765 2439 1818 2485 et
1859 2430 2042 2488 Abde-

465 2540 628 2594 nago,
684 2523 828 2576 servi
878 2521 972 2575 Dei
1027 2521 1304 2589 altissimi,
1354 2523 1518 2586 exite,
1577 2533 1632 2578 et
1671 2523 1930 2578 accedite.
1973 2523 2042 2578 Et

462 2617 672 2688 egressi
711 2624 844 2671 sunt
885 2613 1136 2678 Sidraelz,
1181 2615 1408 2677 Misacb.
1435 2623 1490 2670 et
1523 2615 1818 2685 Abdenago
1857 2631 1888 2671 e
1927 2631 2042 2669 me-

463 2709 558 2762 dio
589 2707 750 2776 ignis.
791 2726 810 2758 ›
845 2704 1051 2759 Didicit
1085 2721 1260 2760 vanus
1288 2706 1401 2770 ille,
1431 2707 1523 2776 qui
1555 2707 1771 2761 dixerat
1799 2725 1814 2762 :
1851 2726 1871 2758 ί
1901 2707 2040 2772 Quis

463 2807 551 2853 est
579 2797 740 2861 Deus,
774 2797 867 2866 qui
921 2804 1079 2851 eruat
1125 2813 1222 2852 vos
1260 2813 1291 2852 e
1324 2798 1580 2852 manibus
1632 2797 1802 2853 meis?
1847 2815 1867 2851 ι
1917 2813 2043 2852 esse

466 2889 638 2944 Deum
685 2888 976 2944 inell'abilis
1029 2890 1344 2958 potestatis.
1396 2889 1507 2959 igni
1564 2888 1945 2958 imperantem,
1979 2897 2042 2942 ut

465 2982 797 3035 contrariam
851 2981 1060 3036 sanctis
1106 2979 1422 3036 ostenderet
1467 2980 1810 3048 qualitatem.
1862 2979 2040 3045 Quem

465 3075 608 3127 enim
663 3073 753 3128 ille
791 3087 901 3126 non
934 3072 1195 3126 censebat
1244 3069 1434 3132 Deum,
1478 3070 1691 3139 1130
1725 3068 1887 3125 Deum
1914 3085 2041 3125 esse

465 3164 744 3233 cognovit,
776 3171 832 3217 et
873 3163 1242 3218 celsissimum
1279 3160 1468 3214 Deum.
1503 3159 1617 3230 [9i]
1665 3159 1915 3230 Egressis
1940 3177 2038 3214 au-

2141 1983 2426 2048 ύποδείξας
2449 2001 2462 2012 ·
2495 1982 2686 2035 ἔπειτα
2714 1984 2778 2052 τῇ
2809 1979 2958 2034 λύσει
2986 1980 3092 2034 τῶν
3117 1981 3331 2051 δεσμῶν
3357 1997 3369 2010 '
3395 1979 3730 2050 λελυμένους

2141 2075 2248 2144 γὰρ
2303 2074 2422 2125 ἀντὶ⁸
2469 2073 2771 2142 δεδεμένων
2825 2071 2970 2142 ἐώρα
2999 2088 3012 2102 ο
3084 2071 3273 2124 ἔπειτα
3319 2073 3388 2142 τῇ
3438 2071 3726 2143 σωτηρίᾳο

2143 2184 2164 2218 ι
2212 2165 2490 2235 Διαφθορὰ
2535 2165 2666 2236 γὰρ,
2710 2166 2894 2234 φησιν,
2947 2164 3049 2217 οὐκ
3091 2162 3304 2218 ἐστινΗ
3351 2164 3410 2216 ἐν
3451 2163 3658 2227 αὐτοῖς.
3701 2180 3726 2214 ι

2140 2257 2304 2309 Ὅθεν
2335 2256 2651 2326 ἐκπλαγεὶς,
2681 2257 2774 2311 καὶ
2803 2255 3110 2320 καταλύσας
3141 2254 3234 2310 τὸν
3259 2253 3450 2326 τῦφον,
3483 2256 3731 2328 προσέρ-

2138 2363 2292 2416 χεται
2312 2361 2328 2377 θ
3723 2377 3762 2391 ..

2209 2443 2316 2504 ιιγθ.
2363 2457 2380 2487 ι
2411 2434 2513 2489 Καί
2535 2452 2700 2504 φησί’
2732 2434 2930 2504 Σιδρὰχ
2949 2432 3243 2502 ¹¹,Μισάχ,
3264 2433 3356 2488 καὶ
3391 2430 3729 2498 Ἀσδεναγὼ,

2138 2531 2187 2582 οἱ
2215 2529 2386 2582 δοῦλοι
2429 2527 2523 2581 τοῦ
2551 2527 2687 2579 Θεοῦ
2716 2527 2811 2579 τοῦ
2848 2525 3093 2594 ὑψίστου,
3135 2524 3378 2590 ἐξέλθετε
3423 2525 3516 2577 καὶ
3543 2523 3726 2578 δεῦτε.

2140 2619 2244 2673 Καὶ
2272 2617 2492 2688 ἐξῆλθον
2523 2617 2744 2686 Σιδρὰχ,
2770 2617 2956 2686 Μισὰχ
2991 2615 3082 2668 καί
3125 2612 3434 2680 Ἀὃδεναγὼ
3458 2614 3525 2667 ἐκ
3555 2613 3730 2684 μέσου

2138 2711 2233 2765 τοῦ
2259 2711 2450 2781 πυρός.
2493 2727 2512 2760 ι
2566 2697 2904 2778 Μεμάθηκεν
2930 2709 2958 2760 ὁ
2995 2707 3240 2776 μάταιος,
3269 2707 3296 2758 ὁ
3326 2705 3530 2772 λέγων·
3575 2724 3593 2756 ι
3629 2704 3732 2768 Τίς

2139 2803 2256 2855 ἐστι
2299 2801 2451 2864 Θεὸς,
2504 2800 2562 2863 ὂς
2611 2799 2832 2869 ῥύσεται
2864 2799 3007 2867 ὑμᾶς
3051 2798 3116 2850 ἐκ
3143 2796 3252 2850 τῶν
3285 2796 3485 2868 χειρῶν
3527 2813 3668 2866 μου;
3703 2815 3724 2846 ι

2139 2891 2220 2945 ὅτι
2250 2892 2365 2944 ἐστι
2391 2889 2521 2952 Θεὸς
2550 2889 2788 2960 ἄρρητον
2813 2889 2951 2958 ἔχων
2991 2888 3302 2956 δύναμιν¹³,
3343 2887 3421 2957 τῷ
3456 2887 3592 2956 ἐτυρὶ⁴
3626 2903 3729 2940 κε-

2138 2979 2309 3034 λεύων
2339 2979 2587 3034 ἐναντίαν
2619 2977 3046 3044 ἐπιδείξασθαιίδ
3076 2980 3187 3041 τοῖς
3221 2977 3396 3046 ἁγίοις
3435 2978 3728 3047 ποιότητα.

2152 3073 2250 3124 ’ον
2291 3071 2400 3142 γὰρ
2443 3069 2575 3122 Θεὸν
2619 3070 2822 3132 ἐκεῖνος
2865 3069 2962 3121 οὐκ
2991 3067 3258 3136 ἐνόμιζεν,
3294 3068 3435 3136 ἔγνω
3476 3069 3559 3122 ὅτι
3607 3067 3731 3122 ἐστι

2143 3162 2294 3225 Θεὸς,
2322 3163 2415 3214 καὶ
2460 3160 2681 3229 ὕψιστος
2709 3159 2860 3222 Θεός.
2913 3157 3267 3224 Ἐξελθόντων
3305 3159 3361 3212 δέ
3392 3160 3501 3212 τῶν
3529 3158 3728 3227 ἁγίων,

466 3265 574 3310 tem
613 3257 848 3319 sanctis,
874 3255 1223 3309 admirantur
1245 3267 1440 3307 omnes
1483 3259 1740 3320 satrape,
1768 3260 1822 3306 et
1850 3263 2038 3322 topar-

2144 3251 2478 3321 θαυμὰζουσι
2516 3251 2612 3320 μὲν
2658 3250 2895 3313 ἅπαντες
2944 3250 3241 3320 σατράπαι,
3296 3250 3389 3304 καὶ⁸
3425 3249 3729 3320 τοπάρχαι,

465 3351 602 3412 (ch13,
641 3358 695 3404 et
731 3348 995 3417 praefecti,
1023 3354 1346 3401 sanctorum
1377 3359 1613 3413 corpora
1641 3345 1958 3413 incorrupta
1987 3352 2042 3400 et

467 3441 639 3496 illaesa
663 3444 988 3494 conservata
1013 3435 1474 3504 contemplantes,
1496 3434 1756 3506 ipsosque
1785 3437 2038 3506 capillos,

465 3531 560 3601 qui
597 3530 736 3584 nihil
768 3528 945 3584 exilia
967 3525 1183 3580 ﬂamma
1210 3525 1520 3581 sensissent
1549 3545 1562 3581 :
1601 3541 1780 3596 neque
1809 3527 2042 3596 capillos

467 3631 706 3687 tantum,
745 3621 839 3675 sed
876 3621 1052 3690 ipsam
1073 3620 1242 3673 etiam
1271 3628 1501 3682 vestem,
1530 3620 1544 3639 '
1571 3625 1626 3672 et
1642 3618 2040 3682 calceamenta,

465 3725 590 3782 quae
618 3717 1041 3780 permanserant
1075 3708 1362 3775 inviolata,
1399 3715 1568 3777 atque
1601 3706 1740 3761 adeo
1776 3715 1836 3762 ut
1862 3708 2042 3778 ipsius

467 3817 689 3872 «pioque
713 3801 858 3870 ignis
876 3808 1134 3854 carerent
1163 3800 1359 3854 odore.
1385 3797 1592 3853 Deinde
1618 3797 1704 3853 his
1729 3799 2041 3866 conspectis

465 3891 982 3945 Nabuchodonosor
1007 3889 1172 3943 Deum
1211 3890 1421 3954 laudat,
1453 3899 1507 3945 et
1533 3891 1613 3944 ait
1639 3907 1654 3945 ε

543 3982 703 4037 Vsus.
743 3981 831 4037 95.
862 4001 880 4033 ι
924 3981 1257 4036 Benedictus
1290 3980 1553 4038 Dominus
1584 3982 1728 4038 Deus
1761 3982 2040 4053 Sidracbi,

466 4073 716 4132 Misachi.
743 4080 798 4129 et
819 4072 1229 4144 Abdenagonis,
1250 4073 1344 4142 qui
1370 4074 1522 4129 misit
1558 4075 1817 4144 angelum
1855 4091 2044 4143 suum,

465 4176 522 4220 et
553 4167 808 4221 liberavit
846 4179 1040 4222 servos
1073 4181 1230 4228 suos.
1259 4166 1353 4234 Qui
1386 4166 1581 4220 conﬁsi
1623 4175 1752 4220 sunt
1776 4165 1832 4220 in
1868 4181 1957 4230 eo,
1987 4178 2044 4222 et

465 4258 693 4311 verbum
735 4257 882 4327 regis
914 4264 1288 4321 mutaverunt,
1330 4265 1385 4310 et
1415 4256 1765 4311 tradiderunt
1804 4272 2040 4327 corpora

468 4365 589 4416 sua,
622 4365 691 4404 ne
736 4349 1028 4414 servirent,
1077 4365 1260 4418 neque
1303 4348 1605 4402 adorarent
1651 4348 1822 4402 ullum
1876 4349 2041 4404 deum

468 4442 657 4505 alium,
685 4441 782 4495 sed
811 4429 983 4496 Deum
1021 4455 1203 4495 suum.
1245 4459 1264 4492 ι
1315 4438 1545 4509 Semper
1568 4439 1911 4509 experientia
1946 4437 2041 4492 Dei

459 4531 783 4602 percipiens
822 4533 1119 4596 virtutem,
1162 4531 1335 4585 miser
1388 4531 1503 4593 ille,
1553 4530 1818 4585 oblivioni
1870 4529 2043 4583 tradit

2142 3344 2238 3398 καὶ
2270 3342 2588 3413 στρατηγοὶ.
2642 3339 2972 3411 θεωροῦντες
3019 3342 3274 3413 ἀκήρατα
3323 3341 3730 3410 διατηρηθέντα

2141 3433 2250 3487 τῶν
2272 3432 2440 3502 ἁγίων
2465 3431 2535 3485 τὰ
2560 3431 2787 3502 σώματα
2804 3433 2868 3497 ¹⁵,
2914 3432 3006 3486 καὶ
3035 3433 3134 3495 τὰς
3159 3433 3348 3504 τρίχας
3378 3433 3548 3497 αὐτὰς
3575 3433 3732 3486 ούδε-

2145 3523 2273 3596 μίαν
2303 3522 2554 3593 αῐσθησιν
2581 3524 2646 3576 ἐκ
2676 3523 2778 3592 τῆς
2811 3523 3006 3591 φλογὸς
3031 3522 3326 3594 δεξαμένας
3351 3523 3568 3594 ἐκείνης
3595 3541 3609 3554 °
3659 3525 3726 3578 οὺ

2141 3614 2240 3678 τὰς
2267 3614 2460 3684 τρίχας
2505 3613 2563 3665 δὲ
2611 3613 2794 3682 μόνον,
2845 3613 2982 3666 ἀλλὰ
3011 3613 3106 3668 καὶ
3137 3615 3306 3685 αὐτὴν
3349 3614 3448 3686 τὴν
3493 3617 3728 3686 ἐσθῆτα,

2142 3707 2236 3762 mi.
2263 3707 2332 3760 τὰ
2379 3705 2698 3775 ὑποδήματα
2729 3706 2964 3776 ἀκέραια
2993 3707 3273 3776 μείναντα,
3319 3707 3395 3772 ὠς
3423 3710 3519 3763 καὶ
3549 3710 3731 3782 αὐτῆς

2140 3796 2482 3868 ἀπηλλάχθαι
2511 3797 2609 3867 τῆς
2653 3797 2761 3851 ἀπὸ
2791 3797 2885 3850 τοῦ
2921 3799 3096 3868 πυρὸς
3139 3799 3334 3869 ὀσμῆς.
3391 3797 3526 3854 Εἶτα
3561 3802 3733 3872 ὑμνεῖ

2139 3887 2313 3940 ταῦτα
2338 3887 2672 3956 θεασάμενος
2700 3888 2727 3940 ὁ
2755 3886 3248 3959 Ναϐουχοδονόσορ,
3290 3891 3387 3947 καὶ
3422 3889 3574 3959 λέγει
3597 3908 3611 3921 ·

2213 3981 2311 4044 ιιεθ.
2360 3994 2378 4027 ι
2406 3977 2712 4045 Εὐλογητὸς
2731 3979 2776 4008 ¹⁶
2801 3978 2830 4030 ὁ
2860 3978 2991 4040 Θεὸς
3019 3977 3113 4032 τοῦ
3145 3980 3363 4050 Σιδρὰχ,
3389 3982 3601 4053 Μισὰχ,
3628 3987 3734 4038 καὶ

2154 4066 2480 4132 ’Δϐδεναγὼ,
2508 4066 2565 4129 ὃς
2590 4067 2876 4120 ἀπέστειλε
2905 4067 3000 4121 τὸν
3026 4068 3254 4137 ἄγγελον
3283 4070 3475 4134 αὑτοῦ,
3511 4075 3607 4128 καὶ
3635 4078 3732 4146 ep-

2143 4159 2345 4230 ῥύσατο
2374 4158 2414 4189 ³⁷
2465 4158 2591 4220 τοὺς
2626 4158 2818 4220 παῖδας
2849 4158 3040 4224 αὐτοῦ,
3090 4161 3174 4213 ὅτι
3215 4162 3608 4218 ἐπεποίθεισαν
3635 4167 3729 4220 ἐπ’

2141 4248 2310 4319 αὐτῷ,
2363 4249 2457 4302 καὶ
2500 4248 2561 4301 τὸ
2608 4249 2762 4320 ῥῆμα
2803 4249 2896 4302 τοῦ
2949 4249 3210 4319 βασιλέως
3257 4253 3580 4322 ἠλλοίωσαν,
3630 4259 3732 4314 καὶ

2141 4340 2464 4410 παρέδωκαν
2502 4339 2572 4392 τὰ
2619 4339 2846 4409 σώματα
2879 4340 3142 4403 aurato”,
3188 4343 3334 4406 ὅπως
3383 4344 3457 4415 μὴ
3491 4346 3734 4418 λατρεύ..

2143 4449 2298 4495 σωσι,
2323 4431 2455 4501 μηδέ
2485 4432 2902 4500 προσκυνήσωσι
2924 4433 3088 4486 παντὶ
3114 4433 3219 4504 θεῷ
3245 4435 3418 4507 ἑτέρῳ
3439 4438 3501 4501 ¹⁹,
3525 4439 3663 4493 ἀλλὰ
3679 4442 3729 4474 ³ο

2141 4520 2218 4589 τῷ
2246 4516 2365 4590 Θεῴ
2394 4519 2592 4572 αὐτῶν.
2630 4538 2649 4570 ι
2717 4521 2828 4573 Ἀεὶ
2871 4524 2936 4591 τῇ
2996 4524 3161 4594 πείρᾳ
3209 4524 3654 4595 παραλαμϐάνων
3701 4533 3736 4584 ὁ

467 4595 759 4672 miracula.
803 4615 920 4670 Hoc
955 4595 1550 4686 ergasanctissimum
1591 4615 1871 4670 Danielem
1901 4629 2041 4684 quo-

2149 4611 2372 4680 μάταιος
2417 4608 2509 4663 τοῦ
2556 4610 2691 4662 Θεοῦ
2746 4612 2843 4680 τὴν
2885 4612 3148 4684 δύναμιν,
3184 4616 3321 4686 λήθῃ
3369 4617 3438 4670 τὰ
3468 4618 3732 4688 θαύματα

469 4722 576 4775 que
606 4705 761 4762 fecit.
797 4707 1040 4778 Surgens
1061 4707 1205 4763 enim
1240 4707 1395 4762 illum
1426 4707 1701 4771 adoravit,
1733 4707 1895 4776 eique
1918 4707 2046 4761 thus

466 4805 524 4851 et
561 4796 792 4852 odorata
824 4798 1097 4854 sacriﬁcia
1128 4797 1314 4854 oﬂ‘erri
1362 4797 1645 4868 praecepit.
1683 4799 1750 4850 Et
1790 4812 1940 4852 nunc
1971 4798 2048 4852 si-

471 4887 673 4943 militer
708 4899 1008 4958 conspecta
1037 4888 1235 4944 horum
1277 4895 1598 4944 sanctorum
1629 4887 1827 4952 salute,
1873 4885 2044 4941 Deum

472 4976 676 5041 laudat,
730 4986 787 5034 et
819 4980 972 5036 viros
1028 4979 1358 5045 admiratur,
1409 4977 1556 5049 quod
1615 4977 1762 5047 regis
1816 4977 2045 5032 verbum

473 5075 760 5144 mutarint,
810 5087 863 5132 et
903 5077 1110 5149 iniquae
1149 5075 1274 5132 vita:
1326 5076 1474 5146 piam
1523 5082 1754 5130 mortem
1811 5083 2043 5145 antepo-

485 5166 702 5220 suerint.

2144 4703 2503 4772 παραδίδωσι.
2551 4701 2723 4754 Τοῦτο
2767 4704 2862 4755 καὶ
2904 4706 2996 4757 ἐπὶ
3024 4705 3119 4758 τοῦ
3141 4706 3418 4761 Θειοτάτου
3452 4715 3734 4783 πεποίηκε

2145 4793 2341 4861 Δανιὴλ
2365 4810 2378 4823 ·
2426 4791 2664 4854 ἀναστὰς
2689 4793 2798 4864 γὰρ
2826 4795 3238 4865 προσεκύνησεν
3272 4799 3443 4869 αὐτῷ,
3475 4804 3569 4855 καὶ
3618 4822 3730 4873 μα-

2145 4880 2249 4935 ναὰ
2277 4884 2366 4935 καὶ
2394 4882 2621 4935 εὐωδίαν
2652 4886 3082 4955 προσενεχθῆναι
3107 4888 3258 4958 αὐτῷ
3286 4894 3730 4965 παρενεγγύησε.

2145 4976 2257 5028 Καὶ
2285 4975 2380 5028 νῦν
2425 4975 2482 5028 δὲ
2529 4975 2790 5039 ὡσαύτως
2821 4977 3156 5047 θεασάμενος
3187 4982 3294 5034 τῶν
3325 4983 3495 5050 ἁγίων
3524 4986 3736 5041 τούτων

2149 5065 2246 5136 τὴν
2288 5067 2579 5136 σωτηρίαν,
2630 5069 2788 5138 ὑμνεί
2825 5069 2916 5120 τὸν
2960 5069 3112 5135 Θεὸν,
3156 5073 3251 5126 καὶ
3293 5075 3563 5144 θαυμάζει
3601 5082 3734 5144 τοὺς

2148 5156 2366 5226 ἄνδρας,
2416 5159 2497 5209 ὅτι
2536 5158 2837 5226 ἡλλοίωσαν
2883 5160 2947 5212 τὸ
2996 5161 3145 5230 ῥῆμα
3177 5163 3270 5217 τοῦ
3301 5165 3588 5234 βασιλέως,
3633 5171 3742 5225 καὶ-

2149 5249 2560 5368 ⁸ἴροετίμησοιν,
2616 5252 2814 5320 φησὶν,
2871 5253 3067 5323 εὐσεϐῆ
3127 5255 3358 5311 θάνατον
3406 5261 3734 5332 παρανόμου

2151 5357 2315 5406 ςωης.

1780 5533 2008 5589 νΜιιᾹ)
2050 5535 2448 5593 LECTIONES.

544 5665 564 5735 ’ἶ
603 5664 738 5735 ἀρπ.
773 5665 815 5716 Β
852 5664 980 5720 add.

478 5733 654 5804 Σεδρᾶ
690 5775 700 5785 .
779 5735 822 5768 ¹³
857 5736 972 5789 δύν.

485 5799 523 5850 Β
560 5753 682 5856 ούὶὲ
708 5804 930 5856 Κύριος.

485 5799 523 5850 Β
560 5799 682 5856 add;
708 5804 930 5874 Κύριος.

1063 5663 1526 5740 ιλονεικήσανταη
1686 5666 1888 5740 ὁδηγεῖ.
1964 5669 1984 5699 ⁹
2007 5669 2066 5740 ΑΒ
2102 5670 2285 5722 αὑτοῦ.
2364 5673 2407 5702 ⁸ο
2441 5674 2574 5740 ὲμφ.
2605 5671 2644 5723 Β
2682 5672 2858 5740 δῆλον.

1034 5737 1613 5835 ιιιξειηλτιιηςξρ
1640 5737 1932 5835 sese
1965 5738 2115 5835 3:."
2144 5737 2912 5835 εθικήρατοκερδέάτηεηθξν.
2952 5747 3123 5835 an»:
3153 5749 3431 5835 EMBM-
3591 5737 3722 5814 mi

1099 5806 1218 5873 ὲρρ.
1249 5805 1293 5858 Δ
1332 5805 1591 5868 ἐξείλατο.
1673 5806 1713 5838 ’⁸³
1749 5808 1867 5862 αὐτ.
1903 5807 1940 5862 Α
1965 5809 2084 5862 add.
2121 5812 2197 5871 εἰς
2224 5805 2334 5879 πῦρ
2412 5813 2452 5843 ¹⁹
2495 5813 2572 5865 ἐτ.
2599 5805 2732 5868 ilus.
2773 5815 2826 5868 in
2854 5818 2914 5871 Α.

2957 5677 2994 5707 ’³
3027 5677 3141 5732 ἔστ.
3193 5677 3319 5736 Des.
3359 5682 3413 5737 in
3455 5685 3516 5738 Β.
3612 5687 3657 5720 ³⁸
3684 5687 3734 5742 Β

3015 5819 3057 5850 ²⁰
3085 5818 3124 5870 Β
3157 5820 3273 5875 ἀλλ’
3305 5818 3360 5886 ἧι
