4070 6418
356 389 493 454 1345

1583 389 1664 451 ΙΝ
1702 389 2059 452 DANIELIS
2094 392 2252 452 CAP.
2293 393 2405 454 III.

3501 400 3635 467 1346

425 507 541 568 ἦς’.
588 518 608 551 ι
640 498 750 556 Καὶ
786 497 904 564 νῦν,
939 497 1126 569 φησὶν,
1176 497 1284 552 ἰδοὺ
1323 496 1492 567 tyrio“
1539 497 1794 570 ἑκτίθημι
1853 499 1936 552 δό-

2125 501 2287 558 V'aas.
2337 503 2427 559 96.
2473 521 2490 556 ι
2544 506 2606 560 Et
2676 521 2849 573 nunc,
2925 509 3128 579 inquit,
3176 525 3308 567 ecce
3345 527 3448 582 ego
3489 529 3634 582 pono

350 591 626 662 γματα²²,
658 591 808 655 ὅπως
837 590 947 652 πᾶς
977 589 1123 654 λαὸς,
1167 588 1335 659 φυλὴν
1369 589 1670 660 γλῶσσανῆ
1707 589 1774 643 ἂν
1813 589 1942 661 εἴπῃ

352 683 708 755 βλασφημίαν
731 681 988 748 κατὰξτοῦ
1009 680 1145 735 Θεοῦ
1167 679 1387 752 Σιδρὰχ,
1408 680 1616 752 Μισὰχ.
1635 683 1729 736 καὶ
1757 681 1942 736 Ἀϐδε-

345 775 528 845 ναγὼ,
573 775 654 837 εἰς
695 774 974 829 ἀπώλειαν
1017 773 1250 838 ἔσονται,
1301 773 1397 828 καὶ
1458 775 1510 826 οί
1561 768 1703 826 οἴκοι
1765 772 1942 826 αὐτῶν

344 867 902 939 διαρπαγήσονται¹³,
947 866 1140 922 καθότι
1167 867 1266 922 οὐκ
1305 865 1423 919 ἐστι
1467 865 1600 928 Θεὸς
1645 865 1854 936 ἕτερος,
1881 866 1942 930 ὃς

342 960 641 1031 δυνήσεται
665 959 932 1031 ῥύσασθαι
960 957 1153 1042 οὕτως.
1190 977 1210 1011 ι
1236 959 1347 1013 Καὶ
1370 957 1511 1028 rei)“
1540 957 1653 1012 ὄντι
1685 960 1750 1028 τῇ
1776 957 1942 1029 πείρᾳ

342 1050 513 1105 τοῦτο
558 1051 930 1121 μεμάθηκενξο
991 1049 1206 1103 πολλῶν
1244 1049 1354 1119 γὰρ
1396 1048 1749 1118 καλουμένων
1799 1049 1939 1101 θεῶν

342 1143 421 1197 τὰ
438 1143 486 1174 ⁸⁵
513 1143 714 1213 τεμένη
756 1141 1092 1204 καταλύσας,
1139 1141 1233 1194 καὶ
1275 1141 1346 1194 τὰ
1376 1143 1577 1210 ταμεῖα
1595 1139 1641 1170 ³⁸
1677 1139 1936 1210 συλήσας,

344 1235 574 1306 βωμοὺς
616 1234 964 1299 ἀνασπάσας,
1004 1233 1099 1286 καὶ
1139 1234 1268 1296 τοὺς
1318 1232 1646 1304 ἰερωμένους
1691 1231 1936 1286 αὺτῶν²⁷

342 1325 729 1394 κατασφάξας,
779 1325 1032 1394 οὐδεμιᾶς
1085 1324 1234 1386 θείας
1282 1324 1603 1394 εὐεργεσίας
1626 1324 1671 1356 ⁸⁸
1723 1322 1938 1389 ἐδέξατο

343 1421 550 1486 πεῖραν
577 1434 590 1447 θ
636 1417 778 1470 κατὰ
813 1417 871 1470 δὲ
905 1415 1012 1469 τῶν
1039 1415 1118 1486 τῷ
1143 1414 1261 1485 Θεῷ
1281 1416 1656 1484 ἀνακειμένων
1677 1417 1742 1486 τῇ
1769 1413 1934 1485 λύττῃ

339 1508 720 1580 χρησάμενος,
757 1503 866 1562 εἶδε
888 1507 982 1561 τοῦ
1017 1507 1151 1562 Θεοῦ
1182 1507 1275 1560 καὶ
1297 1507 1394 1579 τὴν
1422 1508 1650 1578 ἄπειρον
1683 1507 1933 1577 δύναμιν,

339 1602 450 1654 καὶ
487 1599 588 1669 τὴν
627 1599 1009 1671 μακροθυμίαν
1051 1599 1150 1670 τὴν
1193 1599 1432 1672 ἄρρητον
1459 1617 1473 1631 ·
1518 1599 1645 1662 τοὺς
1693 1599 1793 1670 μὲν
1826 1598 1934 1669 γὰρ

337 1693 588 1756 οἰκείους
615 1693 952 1764 θεράποντας
977 1694 1297 1762 ἀκραιφνεῖς
1323 1690 1662 1760 διεφύλαξεν,
1695 1691 1856 1744 αὑτὸν
1877 1691 1934 1745 δὲ

335 1786 491 1850 τέως
512 1785 666 1848 δίκας
691 1785 788 1855 τῆς
825 1785 1024 1854 μανίας
1044 1785 1145 1838 οὐκ
1173 1782 1554 1857 εἰσεπράξατο,
1576 1784 1934 1855 ἐπιμείναντα

335 1877 410 1931 δὲ
468 1881 536 1949 τῇ
591 1877 880 1946 δυσσεϐείᾳ
933 1876 1072 1946 μετὰ
1119 1877 1292 1948 βραχὺ
1360 1875 1597 1947 μετρίως
1645 1875 1932 1941 ἐκόλασεν,

336 1966 472 2023 εἶτα
519 1968 778 2040 μετανοίᾳ
829 1969 1176 2040 χρησάμενον
1228 1967 1639 2038 φιλανθρωπίας
1681 1966 1934 2038 ἠξίωσεν.

422 2146 527 2214 ιζ’.
569 2165 591 2199 ι
627 2147 760 2199 Τοτε
793 2147 850 2198 δὲ
879 2147 1027 2217 ὅμως
1058 2144 1377 2209 κατεύθυνε,
1413 2145 1598 2214 φησὶν,
1628 2146 1656 2198 ό
1682 2143 1938 2214 βασιλεὺς

332 2240 440 2295 τὸν
466 2239 710 2312 Σιδρὰχ,
750 2238 972 2307 Mica},
1023 2239 1119 2292 καὶ¹
1163 2237 1470 2305 Ἀϐδεναγὼ
1495 2277 1510 2303 ,
1557 2239 1615 2289 ἐν
1664 2239 1730 2308 τῇ
1781 2235 1936 2308 χώρᾳ

335 2329 690 2394 Βαϐυλῶνος,
737 2330 832 2383 καὶ
880 2328 1116 2399 ηὔξησεν
1163 2328 1396 2392 αὐτοὺς,
1431 2328 1528 2381 καὶ
1567 2326 1800 2398 ἠξίωσεν
1839 2328 1938 2380 αύ-

333 2423 478 2487 τοὺς
505 2423 551 2454 ³⁸
587 2420 840 2492 ἡγεῖσθαι
897 2421 1117 2473 πάντων
1176 2417 1285 2472 τῶν
1335 2417 1604 2471 Ἰουδαίων
1655 2417 1764 2470 τῶν
1787 2417 1832 2449 ³⁸
1869 2417 1929 2470 ὲν

331 2515 416 2582 τῇ
472 2511 720 2583 βασιλείᾳ
767 2509 955 2564 αὐτοῦ.
1011 2529 1029 2561 ι
1072 2511 1356 2578 Τοσαύτη-δ
1403 2510 1431 2562 ό
1482 2508 1760 2578 Δεσπότης
1825 2508 1934 2562 τῶν

334 2602 676 2673 Θεραπεύειν
697 2602 860 2657 αὐτὸν
878 2599 1292 2656 ἐσπουδακότων
1313 2601 1545 2655 ποιεῖται
1569 2597 1930 2668 προμήθειαν.

333 2694 466 2748 Καὶ
519 2693 744 2756 εἰκότως
802 2692 974 2746 ἐϐόων
1024 2693 1072 2746 οἰ
1127 2691 1272 2759 ἅγιοι
1333 2691 1525 2754 παῖδες
1578 2684 1804 2752 obeat",
1853 2691 1935 2746 ὅτι

347 2804 374 2837 ς
406 2785 526 2839 Οὐκ
549 2784 702 2838 ἐστιν
727 2783 960 2854 αἰσχύνη
989 2785 1100 2846 τοῖς
1134 2781 1454 2836 πεποιθόσιν
1485 2782 1581 2835 ἐπὶ
1624 2779 1728 2835 σοί.
1763 2799 1780 2831 ι
1825 2781 1936 2834 Καὶ

335 2880 513 2949 ἡμεῖς
544 2877 724 2930 τοίνυν
755 2876 960 2946 ταύτην
999 2873 1332 2944 κτησώμεθα
1377 2872 1476 2945 τὴν
1506 2872 1719 2936 ἐλπίδα,
1753 2871 1935 2942 πάσης

335 2969 487 3042 ὁμοῦ
517 2969 894 3041 προτιμῶντες
922 2968 1026 3037 τῆς
1065 2968 1298 3030 κτίσεως
1320 2965 1364 2998 ⁸²
1404 2965 1497 3019 τὸν
1531 2966 1771 3036 Ποιητήν
1809 2982 1869 3018 τε
1891 2965 1937 2996 ³³

337 3062 448 3116 καὶ
475 3061 832 3132 κυϐερνήτην
858 3077 872 3091 ·
909 3060 1006 3114 καὶ
1031 3059 1375 3127 γενέσθωσαν
1404 3059 1538 3129 ἡμῖν
1584 3059 1632 3110 οἱ
1673 3056 1936 3129 μακάριοι

2046 593 2353 660 decretum,
2392 605 2450 650 ut
2485 596 2669 652 omnis
2710 599 2974 668 pOpulus,
3008 601 3216 665 tribus,
3256 602 3466 673 lingua,
3514 619 3634 672 quin

2045 685 2248 741 dixerit
2274 687 2674 757 blasphemiam
2709 697 2904 744 contra
2944 690 3117 746 Deum
3151 691 3427 758 Sidi-aelii,
3471 694 3625 751 Misa.

2043 778 2158 843 chi,
2212 788 2266 834 et
2297 780 2716 850 Ahdenagonis,
2766 789 2977 852 pereat,
3039 791 3099 836 et
3147 783 3346 840 domus
3383 784 3632 854 ipsorum

2043 868 2404 939 diripiantur,
2440 871 2572 937 quia
2615 886 2728 924 non
2781 879 2868 925 est
2912 871 3120 941 1131
3163 871 3306 927 Deus
3347 873 3495 926 alius
3534 875 3630 942 qui

2042 961 2126 1013 sic
2155 959 2334 1028 possit
2387 960 2646 1015 liberare.
2689 980 2707 1013 ι
2751 961 2816 1016 Ει
2847 962 2955 1016 hoc
3007 962 3236 1017 omnino
3283 964 3630 1034 experientia

2041 1047 2260 1102 didicit.
2303 1047 2440 1102 Cum
2476 1050 2983 1113 enimmultorum.
3015 1052 3108 1120 qui
3147 1052 3224 1106 dii
3259 1052 3624 1116 vocabantur,

2041 1140 2247 1209 templa
2285 1141 2600 1205 evertisset,
2638 1148 2692 1194 et
2739 1142 3046 1207 penetralia
3076 1142 3356 1212 pradatus
3387 1158 3631 1212 arasque

2039 1231 2339 1286 demolitus
2375 1242 2541 1297 esset,
2591 1247 2690 1288 eos
2725 1249 2952 1302 quoque
3007 1234 3102 1302 qui
3159 1234 3409 1302 ipsorum
3451 1237 3628 1291 sacris

2039 1330 2332 1391 praeerant,
2375 1324 2698 1389 occidisset,
2752 1325 2960 1378 nullam
3016 1325 3264 1379 divinam
3313 1325 3628 1380 beneﬁcen-

2037 1413 2172 1466 tiam
2211 1421 2472 1482 expertus
2526 1423 2611 1468 est
2651 1430 2665 1466 :
2713 1430 2838 1470 cum
2897 1430 3033 1471 vero
3075 1415 3265 1471 furore
3309 1416 3631 1472 insaniisset

2037 1512 2229 1557 contra
2260 1518 2357 1560 eos
2385 1503 2478 1573 qui
2505 1520 2565 1559 se
2609 1503 2721 1560 Deo
2745 1505 3024 1569 dicarant,
3060 1506 3240 1562 sensit
3269 1515 3324 1561 et
3355 1507 3628 1562 inlinitam

2036 1593 2134 1648 Dei
2156 1595 2438 1659 virtutem,
2481 1603 2535 1650 et
2569 1595 2902 1653 int-ﬂabilem
2940 1597 3090 1652 illius
3120 1598 3626 1668 longanimitatem,

2037 1685 2134 1754 qui
2171 1684 2410 1741 famulos
2461 1701 2596 1742 suos
2639 1688 2885 1757 integros
2912 1697 2968 1743 et
2995 1689 3203 1745 illaesos
3252 1691 3626 1755 conservavit,

2035 1785 2091 1832 et
2112 1777 2180 1832 ah
2205 1779 2327 1848 ipso
2366 1779 2583 1834 interim
2609 1780 2793 1836 nullas
2825 1782 3056 1836 insaniae
3087 1794 3280 1851 poenas
3311 1781 3627 1853 exegit,sed

2040 1870 2096 1924 in
2131 1870 2414 1940 impietate
2434 1871 2635 1942 degere
2663 1880 3112 1942 perseverantem
3152 1873 3318 1943 paulo
3351 1879 3477 1942 post
3508 1886 3628 1927 nio-

2040 1963 2308 2018 diocriter
2338 1964 2577 2033 punivit,
2615 1972 2730 2020 tum
2775 1966 3136 2036 pmnitentem
3190 1981 3292 2022 sua
3332 1966 3626 2021 clementia

2039 2054 2298 2124 dignatus
2332 2068 2437 2110 est.

2113 2144 2278 2201 Vens.
2309 2145 2401 2200 97.
2437 2165 2456 2198 ι
2503 2144 2662 2202 Tunc
2700 2155 2884 2202 tamen
2915 2163 3033 2211 rex,
3058 2146 3259 2216 inquit,
3289 2161 3474 2200 rerum
3503 2160 3623 2199 mo-

2038 2237 2384 2292 derationem
2446 2238 2730 2293 commisit
2777 2236 3073 2302 Siilracho,
3106 2237 3376 2299 Misacho,
3419 2246 3474 2291 et
3515 2237 3628 2294 Ab-

2037 2327 2333 2396 denagoni,
2391 2327 2448 2382 in
2506 2328 2734 2398 regione
2793 2327 3109 2399 Babylonis,
3166 2337 3224 2382 et
3264 2329 3419 2382 aiixit
3475 2329 3626 2398 ipsos

2039 2419 2365 2484 honoribus,
2394 2419 2679 2490 voluitque
2718 2435 2956 2491 pra-esse
2985 2420 3248 2476 omnibus
3269 2418 3500 2485 Iudaeis,
3528 2422 3624 2490 qui

2035 2523 2196 2570 erant
2233 2513 2288 2567 in
2320 2527 2488 2582 regno
2520 2512 2662 2582 ejus.
2697 2532 2714 2565 ι
2748 2511 2928 2566 Tanta
2963 2511 3050 2566 sui
3087 2512 3308 2566 colendi
3338 2513 3625 2568 studiosos

2038 2604 2382 2675 providentia
2419 2602 2689 2659 Dominus
2732 2603 3025 2674 gubernat.
3060 2601 3128 2655 Et
3189 2605 3385 2656 merito
3431 2603 3624 2658 excla-

2037 2698 2262 2753 mabant
2285 2699 2339 2752 hi
2371 2698 2545 2756 sancti
2574 2697 2961 2753 adolescentes
2994 2716 3009 2750 :
3043 2713 3062 2748 ι
3104 2695 3224 2751 Non
3260 2707 3345 2752 est
3372 2698 3624 2752 confusio

2035 2791 2128 2854 iis,
2165 2791 2256 2860 qui
2294 2791 2350 2844 in
2389 2799 2443 2844 te
2467 2790 2661 2845 conﬁsi
2687 2798 2838 2843 sunt.
2871 2808 2890 2841 ι
2922 2787 3062 2843 Hinc
3102 2805 3205 2844 nos
3223 2791 3389 2844 etiam
3407 2797 3622 2843 tantam

2037 2883 2345 2938 habeamus
2373 2897 2549 2952 spem,
2580 2889 2640 2936 ut
2674 2882 2822 2936 omni
2860 2889 3130 2936 creatura:
3170 2881 3334 2934 simul
3362 2878 3626 2950 Opitieem

2037 2986 2094 3031 et
2128 2975 2568 3032 Gubernatorem
2599 2974 2960 3044 praeferamus
2997 2991 3010 3027 :
3044 2974 3267 3043 sintque
3289 2975 3451 3028 nobis
3480 2974 3625 3029 beati

2038 3068 2098 3123 hi
2180 3067 2564 3123 adolescentes
2642 3067 2901 3123 utilitatis
2973 3069 3327 3136 exemplum,
3408 3066 3626 3138 pietatis

336 3146 498 3207 οὗτοι
528 3153 714 3214 παῖδες
740 3149 1009 3220 ὠφελείας
1043 3147 1418 3220 παράδειγμα,
1456 3146 1738 3210 εὐσεϐείας
1778 3149 1936 3218 ἀρχέ-

2038 3163 2338 3230 exemplar,
2371 3160 2542 3216 duces
2577 3161 2642 3214 ad
2678 3160 2871 3223 Deum,
2904 3168 2960 3214 et
2989 3160 3055 3214 ad
3080 3161 3175 3214 ea‘
3207 3174 3378 3230 quina
3415 3159 3525 3214 Deo
3556 3160 3625 3214 iis

336 3259 546 3308 τυπον,
578 3243 806 3312 ποδηγοὶ
834 3242 973 3313 πρὸς
999 3241 1156 3306 Θεὸν,
1183 3240 1280 3294 καί¹
1307 3239 1377 3294 τὰ
1404 3239 1509 3294 ὑπὸ
1540 3239 1636 3294 τοῦ
1662 3238 1798 3293 Θεοῦ
1823 3242 1936 3302 τοῖς

337 3336 526 3400 ἀξίοις
569 3334 951 3406 χορηγούμενα
973 3349 990 3366 ⁸
1037 3326 1112 3389 ὧν
1147 3333 1358 3400 γένοιτο
1388 3333 1598 3394 πάντας
1635 3332 1782 3402 ἡμᾶς
1821 3332 1942 3384 ἐπι-

337 3430 540 3498 τυχεῖν
562 3467 579 3490 ,
633 3430 820 3499 χάριτι
863 3427 960 3481 καὶ
989 3425 1374 3497 φιλανθρωπίᾳ
1404 3422 1497 3480 τοῦ
1534 3424 1740 3494 Κυρίου
1781 3422 1938 3494 ἡμῶν

356 3521 539 3590 Ἰησοῦ
570 3519 808 3591 Χριστοῦ
831 3563 844 3584 ,
879 3520 997 3589 μεθ’
1023 3520 1068 3551 ³⁵
1118 3513 1180 3574 οὗ
1205 3517 1284 3588 τῷ
1317 3517 1494 3589 Πατρὶ
1539 3515 1664 3580 δόξα
1689 3555 1704 3580 ,
1735 3515 1832 3568 σὺν
1862 3513 1938 3583 τῷ

342 3611 496 3680 ἁγίῳ
531 3609 809 3682 Πνεύματι
833 3649 850 3674 ,
881 3609 977 3666 νῦν
1012 3609 1106 3664 καί
1146 3609 1236 3664 ἀεὶ
1258 3648 1274 3674 ,
1313 3608 1410 3662 καὶ¹
1455 3608 1536 3672 εἰς
1563 3607 1689 3668 τοὺς
1735 3605 1938 3670 αἰῶνας

341 3698 464 3752 τῶν
488 3697 722 3755 αἰώνων.
768 3700 962 3771 Ἀμήν.

2034 3255 2131 3324 qui
2160 3255 2311 3326 digni
2342 3260 2494 3318 sunt,
2525 3253 2984 3323 suppeditantur;
3025 3268 3150 3323 quae
3185 3253 3398 3306 utinam
3426 3267 3624 3307 oman

2032 3363 2136 3402 nos
2167 3361 2574 3415 consequamur
2593 3345 2769 3416 gratia
2792 3355 2844 3399 et
2866 3345 3159 3400 clementia
3195 3344 3413 3399 Domini
3441 3344 3619 3398 nostri

2032 3437 2162 3493 Jesu
2213 3437 2442 3496 Christi.
2498 3437 2709 3506 1132
2730 3452 2854 3490 cum
2894 3451 3006 3505 quo
3059 3435 3207 3491 Patri
3266 3435 3440 3505 gloria
3490 3449 3620 3489 cum

2035 3538 2231 3585 sancto
2268 3527 2476 3598 Spiritu
2502 3569 2516 3590 ,
2550 3543 2698 3583 nunc
2729 3539 2785 3584 et
2820 3543 3062 3599 semper,
3096 3537 3152 3583 et
3181 3527 3239 3582 in
3269 3527 3468 3582 saecula
3513 3540 3620 3580 sa:-

2036 3620 2309 3675 culorum.
2335 3619 2530 3674 Amen.

1632 3880 1870 3936 VAthE
1913 3879 2330 3938 LECTIONES.

450 4037 495 4069 ²¹
529 4033 662 4103 ἐγώ.
700 4033 824 4090 Des.
852 4035 906 4088 in
951 4033 1012 4087 Β.
1109 4033 1156 4064 ’⁸
1195 4033 1236 4087 Α
1269 4031 1555 4103 ὲκτίθεμαι
1583 4032 1782 4103 δόγμα.

345 4105 529 4163 Birm.
565 4107 625 4158 τὸ
654 4105 826 4175 ὄνομα
862 4103 1025 4157 τοῦτο
1055 4103 1314 4175 τῇίπείρᾳ
1356 4119 1486 4175 μεμ.

346 4178 590 4246 gerulum
617 4172 928 4246 ἐνεργείαςῖ
1005 4175 1057 4246 ξε
1076 4172 1384 4246 segnes.
1408 4172 1420 4224 i

1567 4102 1611 4134 ⁸⁸
1650 4101 1738 4156 τά.
1775 4103 1814 4154 Β
1907 4103 2022 4155 καί.
2053 4103 2099 4133 ’⁸
2135 4102 2176 4154 Β
2201 4103 2384 4169 τίμια.
2435 4101 2516 4133 ’²⁷
2533 4101 2592 4169 -Β
2623 4101 2827 4163 αὐτοῖς.

1289 4166 1370 4227 es.
1408 4166 1462 4224 in
1505 4172 1566 4226 Β.
1639 4171 1685 4203 ⁸ο
1725 4171 1942 4241 τῶν.”Α
1991 4171 2118 4225 add.
2152 4166 2341 4224 ὄντων.
2419 4172 2462 4204 ³¹
2501 4166 2613 4224 οὖτ.
2663 4171 2789 4227 Des.
2834 4170 2969 4225 ibid.
3045 4171 3091 4203 ³³
3126 4166 3296 4224 τέκτ.
3333 4170 3619 4241 Repetitur

1886 4033 1931 4064 "
1965 4033 2008 4104 Α
2050 4033 2515 4104 είςᾼδιαρπαγήνέ
2551 4033 2629 4104 _”
2661 4032 2738 4104 τῷ
2776 4063 2844 4074 -
2877 4049 3011 4104 μτεμἐ
3050 4033 3123 4104 Ita
3155 4047 3278 4104 cum
3317 4031 3358 4084 Β
3386 4032 3620 4102 legimus

2907 4101 3019 4171 ΨΒ
3037 4102 3310 4171 εὐεργίας.
3337 4131 3410 4171 :—
3436 4101 3515 4153 An
3544 4103 3620 4152 lc---

347 4234 414 4304 In
455 4245 520 4302 Β.
618 4245 665 4279 ³³
701 4234 782 4302 τί.
817 4234 945 4302 Des.
988 4243 1122 4301 ibid.
1196 4244 1242 4276 ³⁸
1269 4242 1472 4314 μεθ⁶-
1497 4242 1604 4307 ἀεὶ,
1637 4241 1752 4295 καί.
1781 4242 1824 4296 Β
1843 4234 1888 4309 ᾧ
1918 4243 1951 4313 ἡ
1980 4241 2110 4306 δόξα
2134 4243 2230 4295 καὶ
2247 4241 2310 4294 τὸ
2330 4241 2554 4308 κράτος.

361 4420 3614 4453 Mm“

1691 4572 2077 4663 ΤΟΜΟΣ
2161 4569 2246 4659 Δ⁹
2262 4632 2284 4658 .

1478 4927 1834 5023 LIBER
1908 4923 2538 5035 QUARTUS-

429 5273 540 5340 ιιην.
570 5284 590 5320 ι
624 5266 1096 5339 Ναόουχοδονόσορ
1117 5267 1148 5322 ό
1180 5265 1432 5338 βασιλεὺς
1458 5266 1596 5322 πᾶσι
1619 5269 1733 5331 τοῖς
1759 5267 1930 5334 λαοῖς,

355 5362 575 5433 φυλαῖς,
611 5360 907 5429 γλώσσαις,
936 5361 1050 5424 τοῖς
1093 5359 1334 5414 οἰκοῦσιν
1351 5361 1396 5392 ³⁸
1432 5362 1491 5414 ὲν
1541 5359 1691 5430 πάσῃ
1737 5361 1804 5430 τῇ
1837 5361 1932 5430 γῇ,

356 5454 552 5525 εἰρήνη
585 5455 714 5524 ὑμῖν
743 5450 1096 5522 πληθυνθείη.
1141 5469 1159 5502 ι
1206 5449 1491 5523 Προῦργου
1533 5449 1757 5521 νομίζω,
1800 5449 1934 5519 πρό-

355 5561 516 5615 τερον
548 5545 645 5617 τὴν
679 5542 932 5598 ὑπόθεσιν
981 5541 1143 5612 τῆσδε
1204 5542 1300 5612 τῆς
1345 5540 1637 5611 ἐπιστολῆς
1691 5541 1786 5593 καὶ
1833 5537 1932 5608 τὴν

1950 5142 2022 5162 ﬁ

2111 5264 2279 5322 Vsus.
2309 5265 2396 5322 98.
2431 5283 2452 5318 ‹
2479 5260 2994 5321 Nabuchodonmor
3019 5275 3114 5330 rex
3150 5259 3411 5317 omnibus
3442 5275 3616 5332 popu-

2041 5358 2134 5425 lis,
2185 5358 2476 5424 tribubus,
2527 5356 2753 5430 linguis,
2814 5353 3196 5410 habitantibus
3251 5354 3306 5408 in
3360 5354 3616 5408 universa

2042 5457 2211 5511 terra,
2259 5465 2364 5520 pax
2410 5447 2571 5505 vobis
2623 5445 3042 5516 multiplicetur.
3078 5463 3097 5498 ›
3150 5443 3341 5514 Operae
3378 5442 3614 5514 pretium

2041 5538 2318 5606 existimo,
2372 5540 2526 5611 prius
2572 5536 2805 5609 hujusce
2837 5535 3085 5609 epistolae
3130 5540 3514 5606 argumentum
3560 5538 3615 5584 et

1630 5711 1868 5769 VARUE
1896 5711 2300 5774 ιΕςτιοΝιιδ.

446 5815 486 5847 ⁸⁸
516 5817 555 5868 Α
586 5813 953 5869 κατοικοῦσιν.
