4070 6406
504 369 639 436 1347

1493 375 1592 435 ΤΗ
1599 374 1979 436 EODORETI
2017 374 2360 439 EPISCOPI
2397 377 2764 440 CYRENSIS

3619 383 3763 450 1348

499 497 730 539 causam
779 495 1116 552 percurrere,
1152 481 1353 540 deinde
1389 498 1511 539 eam
1557 485 1926 556 interpretari.
1972 485 2052 540 Na

2183 487 2365 542 αἰτίαν
2394 488 2706 554 διεξελθεῖν,
2735 488 2837 545 εἶθ’
2867 490 3040 558 οὕτως
3067 493 3167 565 τὴν
3200 493 3497 566 ἑρμηνείαν
3525 499 3760 570 ποιήσα-

502 573 952 637 buchodonosor,
995 573 1088 642 qtti
1137 581 1251 626 tota
1306 573 1438 628 Asia
1497 575 1703 644 potitus
1775 573 2073 647 Egyptum

499 678 718 733 quoque
758 663 812 716 in
843 677 999 718 suam
1035 662 1302 717 ditionem
1347 665 1656 734 redegerat,
1688 674 1744 721 et
1780 665 2074 734 Ethiopas

499 768 664 822 prope
703 747 1001 820 Egyptum
1048 751 1360 808 habitantes
1399 753 1504 808 sibi
1534 753 1849 825 subegerat,
1888 771 1948 811 se
1975 755 2074 809 ad-

495 845 712 897 modum
745 843 1023 898 crudelem
1064 851 1118 898 et
1158 859 1362 898 saevum
1397 845 1665 914 subjectis
1701 847 1805 901 sibi
1853 846 2073 916 populis

491 934 742 1002 praabuit,
778 941 945 1003 atque
972 949 1039 990 eo
1063 936 1335 1005 superbiae
1376 939 1666 1006 processit,
1691 945 1751 992 ut
1780 938 2069 993 existima-

488 1033 568 1079 ret
597 1041 657 1078 se
687 1040 796 1079 non
829 1026 1006 1080 solum
1046 1027 1116 1081 iis
1141 1029 1232 1098 qui
1265 1029 1341 1082 dii
1376 1039 1733 1093 vocarentur,
1771 1029 1866 1084 sed
1900 1030 2066 1084 etiam

482 1131 550 1169 eo
585 1115 679 1185 qui
711 1131 838 1171 vere
865 1115 1010 1172 Deus
1042 1125 1150 1182 est,
1193 1119 1458 1187 majorem
1493 1129 1660 1190 atque
1697 1121 2066 1190 potentiorem

479 1224 626 1264 esse.
659 1208 813 1265 Hunc
851 1219 1035 1264 autem
1065 1213 1240 1282 ipsius
1278 1213 1519 1266 maxime
1545 1212 1938 1282 inexplebilem
1985 1211 2066 1264 fa-

479 1310 628 1355 stum
677 1315 786 1355 non
839 1302 1018 1356 solum
1073 1303 1236 1356 docet
1295 1304 1644 1358 admirabilis
1693 1302 1901 1367 Daniel,
1968 1302 2065 1358 sed

477 1392 646 1446 etiam
675 1392 1065 1447 sanctissimus
1109 1393 1276 1446 Isaias
1309 1394 1593 1463 propheta,
1634 1395 1748 1448 imo
1782 1409 1913 1449 vero
1947 1394 2064 1464 ipse

477 1485 725 1538 omnium
758 1499 942 1538 rerum
981 1493 1178 1538 auctor
1212 1483 1356 1539 Deus
1383 1500 1480 1554 per
1524 1486 1845 1556 prophetam
1878 1486 1955 1539 ita
1982 1487 2066 1538 lo-

475 1590 654 1644 quens
690 1589 703 1625 :
744 1593 761 1624 ι
811 1572 904 1628 Va:
953 1575 1230 1646 Assyriis,
1271 1576 1422 1646 virga
1464 1575 1674 1631 furoris
1712 1577 1818 1630 mei
1859 1584 1915 1632 et
1969 1575 2063 1630 ira:

477 1682 613 1722 mea:
638 1674 723 1720 est
755 1669 808 1720 in
832 1668 1086 1721 manibus
1121 1682 1317 1722 eorum
1349 1689 1362 1721 :
1389 1669 1528 1722 iram
1557 1683 1736 1723 meam
1758 1668 1815 1722 in
1839 1678 2059 1737 gentem

475 1757 719 1824 iniquam
753 1757 990 1820 mittam,
1029 1767 1082 1810 et
1110 1757 1163 1810 in
1206 1772 1329 1812 meo
1361 1758 1568 1827 populo
1597 1761 1957 1822 constituam,
1998 1767 2060 1813 ut

473 1846 639 1900 faciat
667 1847 842 1916 Spolia
874 1854 928 1901 et
965 1847 1227 1917 praedam,
1259 1859 1314 1902 et
1358 1850 1650 1903 conculcet
1690 1851 1966 1913 civitates,
2002 1859 2057 1906 ct
2092 1828 2131 1880 Β

472 1938 684 2008 redigat
718 1953 812 1993 eas
846 1938 900 1992 in
946 1940 1230 2009 pulverem
1264 1951 1309 1993 ι.
1345 1959 1363 1993 ο
1398 1940 1555 2007 Quod
1583 1951 1766 1996 autem
1802 1942 1956 2003 dicit.
1999 1943 2054 1997 id

471 2030 749 2100 signiﬁcat
793 2051 806 2085 :
843 2029 1122 2086 Lamentis
1162 2032 1316 2102 digni
1351 2041 1481 2088 sunt
1507 2034 1740 2106 Assyrii,
1767 2049 1894 2088 cum
1932 2033 2056 2088 infi-

469 2123 708 2176 nitorum
745 2124 1012 2176 malorum
1045 2124 1160 2178 sint
1189 2131 1450 2181 auctores
1483 2143 1498 2179 ;
1529 2136 1774 2180 attamen
1823 2126 1891 2180 iis
1930 2134 2056 2180 utar

471 2213 745 2267 ministris
765 2213 832 2266 ad
854 2223 1176 2282 peccatores
1195 2215 1525 2284 puniendos,
1554 2231 1620 2270 ac
1652 2217 1817 2272 veluti
1844 2217 2053 2288 1133

467 2305 678 2373 virgam
712 2304 1004 2374 quamdam
1038 2304 1106 2358 ad
1149 2321 1337 2375 pmnas
1396 2306 1728 2376 infligendas
1774 2307 2050 2372 idoneam,

466 2412 564 2450 eos
596 2395 1052 2465 delinquentibus
1099 2396 1395 2461 adhibebo,
1452 2414 1631 2468 neque
1671 2399 1794 2454 aliis
1834 2407 2054 2454 tantum

467 2486 808 2548 hominibus,
846 2486 941 2540 sed
971 2487 1140 2541 etiam
1171 2492 1398 2557 populo,
1425 2489 1518 2557 qui
1544 2504 1698 2543 meus
1723 2491 2050 2560 appellatur.

467 2575 755 2631 Adhibebo
788 2585 998 2638 autem,
1043 2588 1268 2646 propter
1298 2593 1552 2648 magnam
1589 2579 1765 2648 ipsius
1801 2580 2054 2649 impieta-

465 2671 598 2730 tem,
633 2675 690 2720 et
717 2664 906 2735 iniqua
936 2665 1210 2729 facinora,
1241 2674 1296 2722 et
1318 2669 1484 2724 urbes
1519 2669 1764 2738 ipsorum
1797 2684 1894 2740 per
1926 2685 2054 2725 eos-

462 2756 587 2810 dem
645 2756 977 2811 evertendas
1027 2757 1260 2822 curabo,
1311 2765 1368 2812 et
1416 2757 1648 2813 efliciam
1727 2767 1788 2813 ut
1837 2761 2051 2830 spoliis,

462 2860 588 2916 qua:
615 2846 670 2899 in
698 2845 934 2900 urbibus
976 2846 1203 2910 fuerint,
1239 2847 1341 2917 ipsi
1379 2849 1683 2917 potiantur.
1717 2849 1832 2920 Ego
1863 2850 2050 2921 igitur,

463 2937 632 2992 veluti
659 2936 924 2992 carnifice
966 2938 1208 3008 quodam
1243 2949 1406 2993 utens
1449 2939 1698 3011 Assyrio,
1733 2956 1829 3010 per
1869 2941 2049 3011 ipsum

460 3045 492 3084 a
522 3029 884 3100 peccantibus
934 3029 1150 3100 exigam
1215 3031 1513 3099 supplicia.
1579 3049 1598 3082 ι
1633 3030 1792 3101 lpse'
1843 3041 2047 3101 autem,

2179 577 2328 633 σθαι.
2375 579 2433 632 '0
2459 581 2930 653 Ναϐουχοδονόσορ
2956 586 3058 655 τῆς
3096 584 3282 650 Ἀσίας
3310 587 3528 658 ἁπάσης
3560 605 3739 660 κεκρα

2173 671 2380 737 τηκὼς,
2411 671 2506 724 καὶ
2538 670 2638 742 τὴν
2667 674 2945 742 Αἴγυπτον
2976 675 3032 728 δὲ
3078 677 3170 746 ὑφ’
3207 677 3402 732 ἑαυτὸν
3433 681 3762 750 ’ποιησάμε-

2175 775 2284 822 νος,
2315 762 2408 814 καὶ
2429 762 2695 827 Αἰθίοπας
2713 767 2840 828 τοὺς
2869 765 3008 836 πρὸς
3028 767 3304 834 Αἴγυπτον
3325 771 3758 841 χειρωσάμενος,

2172 847 2340 918 ὠμῶς
2376 851 2478 921 μὲν
2506 853 2624 907 λίαν
2656 854 2752 908 καὶ
2777 855 3005 926 ἀπηνῶς
3030 858 3302 928 ἐχρήσατο
3328 861 3441 922 τοῖς
3469 859 3760 931 ὑπηκόοις,

2171 941 2253 1004 εἰς
2285 943 2552 1014 τοσαύτην
2585 945 2640 999 δὲ
2680 946 2882 1016 ήλασεν
2915 947 3268 1014 ἀλαζονείαν,
3299 951 3376 1013 ὡς
3404 952 3646 1022 νομίζειν
3689 954 3756 1007 οὐ

2174 1032 2333 1101 μόνον
2372 1036 2481 1088 τῶν
2514 1037 2864 1108 καλουμένων
2908 1040 3048 1095 θεῶν
3071 1081 3087 1106 ,
3129 1041 3266 1095 ἀλλὰ
3310 1043 3408 1097 καὶ
3447 1045 3617 1098 αὐτοῦ
3656 1043 3756 1098 τοῦ

2169 1121 2338 1186 ὅντως
2363 1123 2499 1177 Θεοῦ
2531 1127 2734 1196 μείζων
2774 1124 2912 1182 εἶναι
2941 1129 3036 1182 καὶ
3070 1129 3460 1202 δυνατώτερος.
3495 1131 3756 1186 Τοῦτον⁸⁸

2167 1213 2224 1292 δὲ
2249 1215 2414 1268 αὑτοῦ
2449 1216 2541 1269 τὸν
2568 1217 2979 1288 ἀπληστότατον
3001 1219 3192 1288 τῦφον,
3223 1222 3284 1274 οὐ
3320 1222 3479 1292 μόνον
3506 1225 3534 1276 6
3557 1222 3756 1277 θεσπέ-

2169 1287 2282 1365 σιος
2299 1305 2342 1336 "
2397 1304 2638 1360 διδάσκει
2693 1287 2924 1380 Δανιὴλ,
2977 1287 3114 1364 ἀλλά
3189 1311 3284 1365 καὶ
3321 1287 3365 1366 ’ό
3411 1313 3754 1377 θειότατος³⁸

2178 1395 2409 1458 Ἡσαΐας
2446 1398 2475 1449 6
2506 1399 2812 1470 προφήτης,
2853 1401 3054 1471 μᾶλλον
3091 1402 3149 1456 δὲ
3182 1403 3346 1468 αὐτὸς
3379 1407 3410 1458 6
3457 1405 3566 1459 τῶν
3609 1406 3752 1460 ὅλων

2164 1483 2300 1548 Θεὸς
2332 1485 2420 1539 διὰ
2445 1485 2539 1540 τοῦ
2569 1489 2854 1559 προφήτου
2899 1491 3272 1563 φθεγγόμενος
3312 1494 3487 1559 οὕτως
3513 1513 3527 1528 ο
3565 1516 3583 1548 ι
3609 1498 3752 1552 Οὐαὶ

2179 1575 2503 1646 Ἀσσυρίοις,
2531 1579 2566 1649 ἡ
2597 1565 2793 1648 ῥάϐδος
2823 1579 2918 1634 τοῦ
2965 1581 3138 1653 θυμοῦ
3171 1601 3274 1653 μου
3316 1587 3413 1638 καὶ
3439 1586 3611 1656 ὀργῆς
3643 1586 3749 1658 μού

2163 1663 2314 1718 ἐστιν
2365 1668 2422 1718 ὲν
2453 1670 2574 1732 ταῖς
2623 1671 2813 1740 χερσὶν
2862 1672 3043 1726 αὐτῶν
3069 1690 3084 1704 ·
3138 1673 3238 1746 τὴν
3289 1677 3460 1748 όργήν
3514 1695 3614 1749 μου
3665 1681 3750 1742 εἰς

2162 1755 2314 1820 ἔθνος
2334 1759 2533 1828 ἄνομον
2555 1761 2861 1830 ἀποστελῶ,
2891 1766 2985 1818 καί
3008 1767 3066 1818 ὲν
3100 1765 3182 1836 τῷ
3210 1767 3330 1838 ἐμῷ
3358 1767 3473 1838 λαῷ
3500 1769 3748 1836 συντάξω

2160 1847 2384 1916 ποιῆσαι
2422 1848 2593 1902 σκῦλα
2625 1851 2721 1906 καὶ
2751 1853 3029 1925 προνομὴν
3055 1893 3071 1918 ,
3120 1856 3217 1909 καὶ
3265 1862 3603 1912 καταπατεῖν
3643 1862 3749 1926 τὰς

2159 1940 2360 2004 πόλεις,
2390 1942 2483 1995 καὶ
2508 1941 2679 1995 θεῖναι
2707 1943 2878 2008 αὑτὰς
2907 1946 2986 2008 εἰς
3013 1948 3313 2018 κονιορτόν.
3343 1967 3362 2000 ι
3394 1950 3460 2001 ’³0
3484 1949 3542 2003 δὲ
3570 1951 3745 2020 λέγει,

2156 2032 2396 2085 τοιοῦτόν
2440 2035 2554 2086 ἔστι
2579 2049 2594 2066 °
2629 2033 2854 2106 Θρήνων
2886 2038 2984 2106 μέν
3014 2040 3150 2092 εἰσιν
3183 2039 3325 2106 ἀξιοι
3377 2041 3654 2113 Ἀσσύριοι
3673 2044 3744 2108 ³⁸,

2161 2123 2371 2194 μυρίων
2424 2125 2575 2190 ὅντες
2609 2127 2842 2198 ἐργάται
2891 2129 3080 2183 κακῶν
3106 2147 3122 2162 ο
3154 2131 3274 2184 ἀλλ’
3322 2133 3474 2202 ὅμως
3528 2135 3747 2201 τούτοις

2156 2215 2423 2281 διακόνοις
2465 2220 2544 2280 εἰς
2587 2217 2689 2282 τὰς
2732 2220 2872 2274 κατά
2919 2221 3028 2276 τῶν
3089 2223 3432 2294 ἁμαρτωλῶν
3462 2227 3745 2299 χρήσομαι

2154 2309 2446 2378 τιμωρίας,
2480 2310 2575 2362 καὶ
2615 2305 2726 2364 οἷόν
2755 2327 2876 2365 τινα
2916 2313 3110 2380 ῥάϐδον
3143 2315 3472 2388 κολαστικὴν
3513 2317 3746 2385 τούτους

2154 2403 2268 2463 τοῖς
2294 2401 2340 2432 ⁵⁸
2366 2402 2777 2474 παρανομοῦσιν
2801 2404 2986 2470 ἐπάξω
3007 2423 3023 2437 ⁶
3055 2407 3116 2460 ού
3141 2410 3252 2470 τοῖς
3281 2407 3461 2473 ἄλλοις
3487 2409 3546 2464 δὲ
3577 2411 3742 2482 μόνον

2156 2491 2483 2563 ἀνθρώποις,
2511 2494 2646 2548 ἀλλὰ
2679 2496 2773 2549 καὶ
2806 2495 2886 2566 τῷ
2915 2499 3442 2571 προσαγορευομένῳ
3471 2517 3575 2572 μου
3599 2501 3740 2573 λαῷ.

2169 2584 2384 2649 Ἐπάξω
2414 2586 2493 2652 δὲ,
2542 2587 2632 2642 διὰ
2679 2588 2782 2658 τὴν
2817 2588 3016 2661 πολλὴν
3069 2590 3233 2646 αὐτου
3294 2591 3589 2661 ἀσέϐειαν,
3641 2595 3740 2649 καὶ

2154 2677 2531 2748 παρανομίαν,
2562 2679 2660 2734 καὶ
2702 2678 2806 2744 τάς
2848 2697 2910 2734 τε
2954 2681 3138 2746 πόλεις
3175 2683 3358 2739 αὐτῶν
3394 2685 3485 2739 διὰ
3529 2685 3740 2742 τούτων

2155 2769 2391 2833 καθελῶ,
2424 2769 2520 2823 καὶ
2547 2770 2616 2824 τά
2640 2771 2700 2824 ὲν
2727 2774 2850 2836 ταῖς
2890 2772 3079 2827 πόλεσι
3121 2773 3294 2828 σκῦλα
3329 2774 3538 2831 τούτων
3577 2779 3740 2847 γενέ-

2155 2860 2281 2912 σθαι
2314 2861 2737 2930 παρασκευάσω.
2788 2862 2930 2931 Ἐγὼ
2961 2863 3061 2934 μὲν
3099 2859 3214 2928 οὖν,
3264 2861 3376 2919 οἷόν
3402 2883 3509 2921 τινι
3553 2867 3738 2941 δημίῳ

2151 2953 2230 3023 τῷ
2277 2954 2547 3025 Ἀσσυρίῳ
2575 2954 2877 3026 χρώμενος,
2910 2956 3067 3021 δίκας
3097 2958 3165 3011 δι’
3197 2958 3364 3013 αὐτοῦ
3394 2961 3523 3023 τοὺς
3559 2979 3738 3033 παρα-

2152 3045 2450 3114 νομοῦντας
2493 3048 2913 3119 εἰσπράττομαι.
2951 3069 2970 3102 ι
3018 3050 3194 3114 Αὐτὸς
3237 3051 3322 3117 δὲ,
3372 3054 3578 3124 φησὶν,
3633 3056 3736 3127 οὐχ

463 3120 668 3189 inquit.
702 3135 812 3174 non
862 3120 946 3175 sic
985 3121 1268 3190 cogitavit,
1303 3132 1355 3175 et
1392 3121 1576 3176 animo
1609 3139 1718 3177 non
1763 3127 1845 3179 sic
1881 3125 2049 3178 ratio-

2153 3137 2322 3200 οὕτως
2343 3138 2675 3210 ἐνεθυμήθη,
2699 3140 2795 3193 καὶ
2820 3143 2885 3212 τῇ
2908 3140 3053 3213 ψυχῇ
3078 3142 3176 3213 ούχ
3201 3120 3730 3214 ούτωςήλελόγισταιί

459 3213 683 3267 cinatus
716 3221 798 3267 est
835 3231 850 3267 :
881 3211 976 3268 sed
1013 3211 1261 3268 discedet
1295 3229 1450 3268 mens
1481 3214 1627 3282 ejus,
1649 3223 1704 3268 et
1727 3215 1950 3285 quidem
1984 3225 2044 3270 ut

458 3302 744 3374 disperdat
760 3315 952 3375 gentes
979 3319 1087 3357 non
1121 3319 1348 3374 paucas.
1387 3305 1452 3358 Et
1489 3305 1534 3360 si
1557 3305 1800 3360 dixerint
1829 3308 1877 3362 ei
1913 3324 1927 3360 ;
1962 3306 2042 3361 Tu

458 3396 612 3450 solus
643 3410 704 3449 es
726 3396 1009 3466 princeps,
1041 3403 1096 3449 et
1135 3395 1283 3450 dicet
1319 3414 1331 3450 :
1370 3397 1564 3452 Nonne
1599 3398 1722 3467 cepi
1761 3399 2040 3468 regionem

457 3501 581 3555 qua:
618 3493 704 3540 est
731 3501 899 3554 supra
922 3484 1278 3555 Babylonem,
1308 3495 1363 3540 et
1386 3485 1712 3550 Chalanem,
1747 3489 1839 3540 ubi
1871 3489 2042 3544 turris

456 3575 723 3629 aedificata
756 3582 866 3638 est,
897 3583 954 3627 et
995 3575 1116 3643 cepi
1171 3575 1456 3639 Arabiam,
1507 3585 1564 3630 et
1612 3577 1961 3642 Damascum,
1988 3587 2044 3634 et

459 3664 808 3718 Samariam?
839 3664 1313 3730 Quemadmodum
1353 3665 1453 3721 has
1503 3667 1668 3722 etiam
1715 3683 1909 3723 onmes
1951 3684 2041 3725 re-

455 3755 650 3826 giones
673 3755 885 3824 capiam
912 3757 954 3811 ι.
1003 3775 1020 3807 ι
1069 3755 1170 3810 Per
1196 3756 1310 3812 hac
1355 3758 1524 3827 igitur
1563 3759 1737 3830 ipsius
1773 3776 2040 3833 arrogan-

457 3846 591 3900 tiam
618 3847 941 3902 declaravit.
971 3847 1177 3904 Deinde
1204 3851 1458 3920 praadicit
1497 3853 1642 3907 mala
1677 3869 1798 3923 quae
1848 3853 2040 3911 Hiero-

457 3937 722 4009 solymam
756 3939 1015 3995 invasura
1033 3942 1168 4007 sint,
1193 3951 1247 3998 et
1276 3944 1518 3999 ostendit
1549 3945 1714 4000 etiam
1750 3961 2038 4018 poenarum

453 4041 697 4084 causas:
735 4047 753 4080 ι
794 4028 1014 4086 Ululate
1045 4032 1217 4098 enim,
1265 4033 1466 4104 inquit,
1506 4037 1790 4107 sculptilia
1823 4041 1879 4093 in
1911 4037 2037 4095 Hie-

451 4120 750 4192 rosolyma,
790 4122 918 4177 etin
952 4120 1199 4178 Samaria
1226 4141 1239 4178 :
1266 4125 1727 4194 quemadmodum
1763 4129 1908 4183 enim
1931 4129 2036 4186 feci

453 4205 738 4274 Samaria,
777 4218 834 4265 et
868 4211 1202 4268 mauufactis
1236 4214 1381 4283 ejus,
1419 4216 1500 4270 sic
1531 4216 1729 4271 faciam
1762 4227 1816 4272 et
1839 4217 2028 4274 Hiero.

451 4301 707 4371 solymze,
745 4311 802 4358 et
847 4305 1162 4360 simulacris
1208 4305 1330 4376 ejus
1358 4319 1406 4360 ιι.
1445 4326 1463 4360 ι
1500 4307 1808 4364 Didicimus
1847 4318 2034 4365 autem

451 4385 889 4459 Hierosolymam
923 4391 1069 4447 haud
1101 4393 1275 4449 fuisse
1307 4405 1621 4465 superatam
1649 4412 1677 4450 a
1716 4396 2035 4452 Sennacheo

2144 3227 2282 3280 ἀλλά
2316 3229 2614 3296 ἀπαλλάξει
2652 3233 2682 3284 6
2712 3230 2840 3295 νοῦς
2873 3232 3062 3298 αὑτοῦ,
3095 3234 3311 3289 καὶτοῦ
3346 3235 3734 3309 ὲξολοθρεῦσαι

2144 3320 2271 3390 ἔθνη
2303 3322 2402 3373 οὐκ
2432 3321 2610 3390 ὀλίγα.
2643 3323 2753 3376 Καὶ
2799 3323 2895 3378 ἐὰν
2947 3325 3176 3380 είπωσιν
3215 3326 3398 3398 αὐτῷ’
3446 3329 3519 3383 Σὺ
3564 3330 3734 3401 μόνος

2142 3407 2194 3464 εἴ
2220 3411 2424 3482 ἄρχων,
2467 3415 2562 3467 καὶ
2612 3416 2758 3487 ὲρεί⁶
2810 3417 2926 3469 Οὺκ
2946 3417 2991 3448 ⁸⁸
3040 3416 3231 3472 ἔλαϐον
3273 3420 3372 3490 τὴν
3407 3419 3593 3493 χώραν
3626 3423 3732 3494 τὴν

2142 3503 2328 3556 ἐπάνω
2356 3503 2694 3569 Βαϐυλῶνος,
2724 3506 2821 3559 καὶ
2844 3506 3098 3578 Χαλάνην
3119 3508 3188 3575 ⁸⁸,
3237 3503 3300 3563 οὗ
3335 3509 3547 3582 πύργος
3577 3511 3726 3583 ᾠκο-

2141 3593 2348 3664 δομήθη
2369 3635 2386 3659 ,
2431 3595 2526 3647 καὶ
2554 3595 2748 3650 ἔλαϐον
2793 3597 3088 3668 Ἀραϐίαν,
3125 3601 3222 3653 καὶ
3260 3601 3593 3672 Δαμασκὸν,
3628 3606 3728 3660 καὶ

2141 3687 2488 3756 Σαμάρειανς
2525 3688 2624 3741 Ὃν
2677 3688 2876 3758 τρόπον
2925 3691 3128 3754 ταύτας
3147 3691 3214 3755 ⁸³,
3265 3693 3362 3747 καὶ
3413 3693 3597 3759 πάσας
3622 3696 3727 3762 τὰς

2140 3777 2325 3848 χώρας
2349 3777 2612 3849 λήψομαι.
2644 3797 2662 3831 ι
2689 3778 2788 3832 Διά
2807 3780 3011 3835 τούτων
3043 3781 3141 3852 μὲν
3161 3779 3254 3837 οὖν
3277 3784 3377 3856 τήν
3399 3785 3728 3852 ἀλαζονείαν

2137 3866 2301 3920 αὐτοῦ
2331 3866 2497 3937 δήλην
2540 3867 2832 3938 πεποίηκε.
2875 3865 3010 3923 Εἶτα
3057 3874 3421 3945 προαγορεύει
3450 3877 3520 3932 τά
3548 3895 3723 3934 κατα-

2137 3957 2416 4028 ληψόμενα
2465 3956 2564 4029 τὴν
2603 3958 2961 4032 Ἰερουσαλὴμ
3017 3963 3198 4029 κακὰ,
3255 3965 3606 4024 ὑποδείκνυσι
3660 3971 3722 4026 δὲ

2137 4051 2233 4103 καὶ
2281 4048 2382 4113 τὰς
2423 4049 2523 4120 τῆς
2567 4052 2842 4122 τιμωρίας
2887 4053 3102 4118 αἰτίαςο
3141 4075 3160 4108 ι
3217 4055 3539 4126 ’ῡλολύξατε
3585 4065 3720 4134 γὰρ,

2137 4141 2293 4211 φησί,
2333 4140 2400 4193 τὰ
2423 4141 2469 4172 ⁸⁵
2508 4142 2726 4210 γλυπτά
2768 4145 2827 4196 ὲν
2867 4143 3224 4217 Ἰερουσαλὴμ
3248 4185 3264 4210 ,
3306 4151 3402 4203 καὶ
3448 4153 3506 4206 ὲν
3533 4153 3722 4224 Σαμα-

2137 4233 2256 4303 ρείᾳ
2279 4248 2294 4264 ·
2331 4232 2391 4286 ὃν
2414 4233 2613 4303 τρόπον
2654 4233 2765 4304 γὰρ
2794 4235 3028 4306 ἐποίησα
3060 4237 3119 4289 ὲν
3149 4238 3436 4312 Σαμαρείᾳ
3479 4243 3574 4298 καὶ
3604 4247 3721 4311 τοίς

2133 4321 2533 4390 χειροποιήτοις
2567 4321 2757 4392 αὐτῆς,
2797 4322 2942 4376 οὕτω
2973 4325 3186 4397 ποιήσω
3216 4329 3314 4381 καὶ
3340 4330 3399 4382 ὲν
3441 4331 3718 4403 Ἰερουσα-

2133 4409 2266 4480 λήμ,
2295 4411 2392 4463 καὶ⁵
2438 4413 2554 4474 τοῖς
2594 4411 2836 4475 εἰδώλοις
2886 4415 3078 4485 αὐτῆς.
3120 4435 3139 4468 ι
3186 4418 3607 4493 Μεμαθήκαμεν
3633 4424 3715 4488 δὲ,

447 4477 588 4531 rimo
632 4479 986 4550 Assyriorum
1031 4498 1195 4552 rege:
1228 4483 1324 4538 sed
1373 4483 1982 4543 Nabuchodonosorem
2011 4528 2024 4552 ,

2245 4502 2343 4574 τῆς
2389 4502 2749 4574 Ἰερουσαλὴμ
2784 4477 3162 4578 Σενναχήρεὶμ
3190 4513 3220 4564 6
3246 4477 3357 4564 τῶν
3410 4477 3716 4586 Ἀσσυρίων

374 4595 381 4602 -
445 4569 713 4623 translata
753 4572 806 4624 in
847 4570 1179 4643 Babylonem
1231 4575 1420 4644 regia,
1463 4579 1722 4647 regiaque
1763 4579 1856 4631 illa
1894 4579 2029 4635 urbe

444 4657 720 4714 declarata
751 4670 876 4730 post
913 4663 1188 4717 excidium
1220 4664 1452 4729 Ninive,
1507 4666 1561 4720 in
1610 4667 1855 4722 Judaaam
1901 4683 2026 4723 cum

443 4750 689 4804 exercitu
720 4752 1046 4820 profectum,
1083 4771 1273 4811 eversa
1317 4758 1706 4830 Hierosolyma
1754 4761 2026 4829 plurimos

446 4837 749 4894 incolarum
778 4843 1146 4912 interfecisse,
1182 4848 1397 4921 1134
1431 4851 1674 4920 reliquos
1703 4852 1757 4905 in
1784 4856 2025 4907 servitu-

444 4938 550 4983 tem
579 4931 831 4988 redactos
856 4936 1106 5004 captivos
1145 4937 1446 4992 abduxisse
1475 4957 1487 4992 :
1523 4939 1596 4992 ita
1629 4948 1688 4992 ut
1722 4940 1850 4995 hinc
1882 4957 2026 5012 quo-

2153 4949 2223 5020 ’ὴν
2288 4931 2644 5027 Ἰερουσαλὴμ
2691 4931 3007 5030 πεποιήκὼς
3025 5003 3042 5028 ,

2133 4591 2194 4644 ού
2247 4595 2592 4663 περιεγένετο
2639 4594 2911 4664 βασιλεὺς,
2947 4599 2978 4651 ό
3028 4599 3084 4651 δὲ
3117 4601 3590 4676 Ναϐουχοδονόσορ
3631 4609 3714 4671 εἰς

2133 4680 2430 4737 Βαϐυλῶνα
2479 4683 2549 4736 τὰ
2604 4684 2852 4755 βασίλεια
2908 4691 3206 4759 μεταθεὶς,
3279 4697 3374 4748 καὶ
3425 4695 3714 4768 βασιλικὴν

2131 4769 2347 4860 εκείνην
2385 4775 2669 4846 ἀποφήνας
2708 4778 2860 4831 πόλιν
2888 4781 3027 4851 μετά
3057 4783 3157 4854 τὴν
3181 4783 3282 4854 τῆς
3311 4787 3513 4860 Νινευὴ
3537 4793 3712 4844 κατά-

2131 4857 2317 4926 λυσιν,
2369 4865 2769 4937 ἐπεστράτευσε
2821 4873 2888 4941 τῇ
2940 4873 3202 4944 Ἰουδαίᾳ,
3259 4877 3355 4930 καὶ
3405 4857 3701 4934 ἀνάστατοι

3095 4967 3224 5029 τοὺς
3267 4967 3368 5037 μὲν
3417 4969 3710 5035 πλείστους

443 5033 551 5087 que
580 5023 933 5092 perspicuum
987 5026 1060 5080 sit
1095 5027 1336 5080 divinam
1377 5028 1720 5098 Scripturam
1767 5046 1867 5099 pro
1912 5049 2022 5088 uno

2153 5040 2232 5094 κῶν
2264 5043 2566 5117 οἰκητόρων
2585 5023 2777 5104 ’ἀνεῖλε
2799 5091 2816 5114 ,
2860 5023 2999 5119 τοὺς.
3019 5023 3076 5107 δὲ
3105 5023 3331 5122 λοιπούς
3371 5023 3709 5132 ὲξανδριιττοζ

444 5110 645 5166 habere
671 5111 1093 5186 Babyloniorum
1113 5127 1164 5172 et
1188 5118 1545 5190 Assyriorum
1576 5135 1842 5190 regnum;
1873 5125 2020 5192 quod

2155 5135 2275 5199 ι’σας
2309 5110 2691 5207 αἰχμαλώτους
2732 5110 3022 5214 ἀπήγαγεν
3057 5166 3070 5179 ·
3107 5149 3184 5214 ὡς
3215 5110 3354 5206 εἶναι
3575 5155 3709 5207 κάν-

442 5202 606 5258 exiis
645 5205 834 5269 etiam,
864 5222 987 5274 qum
1023 5207 1420 5278 subjiciuntur,
1465 5209 1628 5267 facile
1677 5220 1763 5266 est
1817 5214 2022 5270 intellio

2155 5223 2336 5290 εὖθεν,
2476 5231 2609 5299 μίαν
2646 5202 2789 5288 οἰδεν
2814 5202 3366 5312 ἤθέίαφραῷή
3382 5202 3705 5315 ’νλξέυᾷὶῷν

513 5393 535 5421 ι
562 5382 668 5440 lsa.
695 5399 753 5446 ι,
785 5383 840 5449 5,
865 5383 920 5438 6.
1003 5389 1020 5425 ι
1053 5389 1160 5444 lsa.
1204 5407 1258 5459 ι,
1289 5392 1445 5449 7—l0.
1521 5403 1547 5431 ιι
1576 5391 1710 5448 Ibid.
1751 5394 1836 5448 ll.

1756 5551 1986 5608 VARUE
2029 5556 2437 5621 LLCTIONES.

517 5677 631 5752 ’f_B
659 5677 870 5752 τούτου.
972 5682 1016 5713 ³⁷
1049 5681 1207 5735 θεσπ.
1253 5681 1292 5734 Β
1316 5683 1607 5752 θειότατος.

1709 5690 1753 5722 ³⁸
1797 5690 1834 5742 Β
1874 5692 2178 5760 θεσπέσιος.

445 5742 485 5774 δ’
520 5745 648 5798 Οὐκ.
686 5747 931 5817 Βρτιεῖη.
967 5753 1066 5805 ὄτι.
1145 5752 1187 5783 δ’
1213 5752 1254 5804 Β
1279 5742 1586 5826 Χαλάνης.’
1626 5759 1672 5790 ’⁵³
1707 5742 2331 5823 1:0t.'é—da—J.‘vgia50v.

2288 5700 2391 5731 30’

2393 5702 2548 5790 ᾼσσ..
2591 5703 2664 5790 E3
2718 5707 2983 5790 B'suppl.
3067 5715 3111 5748 ⁸⁸
3160 5733 3208 5770 τ.
3235 5720 3365 5784 τοῖς.
3399 5721 3690 5790 Βτούτοις.

2406 5772 2463 5842 ,⁸⁸
2487 5775 2575 5829 τά.
2618 5774 2740 5833 Dcs.
2774 5781 2828 5834 iu
2863 5772 2922 5838 Βξ
