  <div class='ocr_page' id='page_1' title='image "/cluster/home/n/w/nwhite01/storage/ocr_20150623/81:no.2/coo.31924054869825/682.png"; bbox 0 0 4070 6398; ppageno 0'>
   <div class='ocr_carea' id='block_1_1' title="bbox 410 327 548 392">
    <p class='ocr_par' dir='ltr' id='par_1_1' title="bbox 410 327 548 392">
     <span class='ocr_line' id='line_1_1' title="bbox 410 327 548 392; baseline 0.014 -2"><span class='ocrx_word' id='word_1_1' title='bbox 410 327 548 392; x_wconf 67' lang='grc'><strong>1349</strong></span> 
     </span>
    </p>
   </div>
   <div class='ocr_carea' id='block_1_2' title="bbox 1625 333 2464 400">
    <p class='ocr_par' dir='ltr' id='par_1_2' title="bbox 1625 333 2464 400">
     <span class='ocr_line' id='line_1_2' title="bbox 1625 333 2464 400; baseline 0.012 -10"><span class='ocrx_word' id='word_1_2' title='bbox 1625 333 1705 393; x_wconf 89' lang='lat' dir='ltr'><strong>IN</strong></span> <span class='ocrx_word' id='word_1_3' title='bbox 1745 333 2105 393; x_wconf 83' lang='lat' dir='ltr'><strong>DANlEI.IS</strong></span> <span class='ocrx_word' id='word_1_4' title='bbox 2149 337 2304 396; x_wconf 85' lang='lat' dir='ltr'><strong>CAP.</strong></span> <span class='ocrx_word' id='word_1_5' title='bbox 2351 341 2464 400; x_wconf 90' lang='lat' dir='ltr'><strong>III.</strong></span> 
     </span>
    </p>
   </div>
   <div class='ocr_carea' id='block_1_3' title="bbox 3547 355 3684 418">
    <p class='ocr_par' dir='ltr' id='par_1_3' title="bbox 3547 355 3684 418">
     <span class='ocr_line' id='line_1_3' title="bbox 3547 355 3684 418; baseline 0.015 -2"><span class='ocrx_word' id='word_1_6' title='bbox 3547 355 3684 418; x_wconf 73' lang='lat'><strong>1350</strong></span> 
     </span>
    </p>
   </div>
   <div class='ocr_carea' id='block_1_4' title="bbox 405 440 2001 528">
    <p class='ocr_par' dir='ltr' id='par_1_4' title="bbox 405 440 1992 516">
     <span class='ocr_line' id='line_1_4' title="bbox 405 440 1992 516; baseline -0.001 -16"><span class='ocrx_word' id='word_1_7' title='bbox 405 460 502 500; x_wconf 82' lang='grc' dir='ltr'><strong>και</strong></span> <span class='ocrx_word' id='word_1_8' title='bbox 542 440 905 496; x_wconf 89' lang='grc' dir='ltr'>Βαϐυλωνίων</span> <span class='ocrx_word' id='word_1_9' title='bbox 933 441 1211 512; x_wconf 84' lang='grc' dir='ltr'>βασιλείαν</span> <span class='ocrx_word' id='word_1_10' title='bbox 1239 458 1250 471; x_wconf 91' lang='grc'>·</span> <span class='ocrx_word' id='word_1_11' title='bbox 1284 459 1376 494; x_wconf 90' lang='grc' dir='ltr'><strong>και</strong></span> <span class='ocrx_word' id='word_1_12' title='bbox 1408 443 1471 496; x_wconf 87' lang='grc' dir='ltr'><strong>ἐκ</strong></span> <span class='ocrx_word' id='word_1_13' title='bbox 1497 443 1604 496; x_wconf 87' lang='grc' dir='ltr'><strong>τῶν</strong></span> <span class='ocrx_word' id='word_1_14' title='bbox 1635 446 1992 516; x_wconf 77' lang='grc' dir='ltr'><strong>ἐπαγομένων</strong></span> 
     </span>
    </p>
   </div>
   <div class='ocr_carea' id='block_1_5' title="bbox 2100 440 3684 528">
    <p class='ocr_par' dir='ltr' id='par_1_5' title="bbox 2100 450 3684 528">
     <span class='ocr_line' id='line_1_5' title="bbox 2100 450 3684 528; baseline 0.011 -28"><span class='ocrx_word' id='word_1_15' title='bbox 2100 463 2243 517; x_wconf 84' lang='lat' dir='ltr'><strong>gere.</strong></span> <span class='ocrx_word' id='word_1_16' title='bbox 2285 469 2304 502; x_wconf 78' lang='grc' dir='ltr'><strong>ι</strong></span> <span class='ocrx_word' id='word_1_17' title='bbox 2346 450 2463 506; x_wconf 87' lang='lat' dir='ltr'><strong>Erit</strong></span> <span class='ocrx_word' id='word_1_18' title='bbox 2526 454 2707 521; x_wconf 90' lang='lat' dir='ltr'><strong>enim,</strong></span> <span class='ocrx_word' id='word_1_19' title='bbox 2762 457 2962 528; x_wconf 86' lang='lat' dir='ltr'><strong>inquit,</strong></span> <span class='ocrx_word' id='word_1_20' title='bbox 3022 475 3148 516; x_wconf 91' lang='lat' dir='ltr'><strong>cum</strong></span> <span class='ocrx_word' id='word_1_21' title='bbox 3214 469 3684 524; x_wconf 70' lang='lat' dir='ltr'><strong>consummaverit</strong></span> 
     </span>
    </p>
   </div>
   <div class='ocr_carea' id='block_1_6' title="bbox 397 533 1990 608">
    <p class='ocr_par' dir='ltr' id='par_1_6' title="bbox 397 533 1990 608">
     <span class='ocr_line' id='line_1_6' title="bbox 397 533 1990 608; baseline 0 -18"><span class='ocrx_word' id='word_1_22' title='bbox 397 537 458 591; x_wconf 83' lang='grc' dir='ltr'>δὲ</span> <span class='ocrx_word' id='word_1_23' title='bbox 515 534 675 588; x_wconf 81' lang='grc' dir='ltr'>τοῦτο</span> <span class='ocrx_word' id='word_1_24' title='bbox 717 533 900 607; x_wconf 78' lang='grc' dir='ltr'>ῥᾴδιόν</span> <span class='ocrx_word' id='word_1_25' title='bbox 963 536 1079 586; x_wconf 85' lang='grc' dir='ltr'>ἐστι</span> <span class='ocrx_word' id='word_1_26' title='bbox 1136 533 1498 604; x_wconf 79' lang='grc' dir='ltr'><strong>καταμαθεῖν.</strong></span> <span class='ocrx_word' id='word_1_27' title='bbox 1549 553 1566 585; x_wconf 79' lang='grc' dir='ltr'><strong>ι</strong></span> <span class='ocrx_word' id='word_1_28' title='bbox 1609 536 1804 589; x_wconf 83' lang='grc' dir='ltr'>Ἔσται</span> <span class='ocrx_word' id='word_1_29' title='bbox 1858 539 1990 608; x_wconf 84' lang='grc' dir='ltr'>γὰρ,</span> 
     </span>
    </p>
   </div>
   <div class='ocr_carea' id='block_1_7' title="bbox 398 621 1995 698">
    <p class='ocr_par' dir='ltr' id='par_1_7' title="bbox 398 621 1995 698">
     <span class='ocr_line' id='line_1_7' title="bbox 398 621 1995 698; baseline -0.001 -18"><span class='ocrx_word' id='word_1_30' title='bbox 398 627 591 698; x_wconf 75' lang='grc' dir='ltr'>φησὶν,</span> <span class='ocrx_word' id='word_1_31' title='bbox 620 626 752 679; x_wconf 85' lang='grc' dir='ltr'>ὅταν</span> <span class='ocrx_word' id='word_1_32' title='bbox 783 623 1076 694; x_wconf 80' lang='grc' dir='ltr'><strong>συντελέσῃ</strong></span> <span class='ocrx_word' id='word_1_33' title='bbox 1111 621 1316 692; x_wconf 83' lang='grc' dir='ltr'>Κύριος</span> <span class='ocrx_word' id='word_1_34' title='bbox 1343 623 1514 676; x_wconf 91' lang='grc' dir='ltr'>ποιῶν</span> <span class='ocrx_word' id='word_1_35' title='bbox 1532 625 1579 655; x_wconf 73' lang='grc'><strong>⁵³</strong></span> <span class='ocrx_word' id='word_1_36' title='bbox 1611 626 1791 679; x_wconf 81' lang='grc' dir='ltr'>πάντα</span> <span class='ocrx_word' id='word_1_37' title='bbox 1822 626 1880 678; x_wconf 86' lang='grc' dir='ltr'><strong>ἐν</strong></span> <span class='ocrx_word' id='word_1_38' title='bbox 1916 625 1995 696; x_wconf 82' lang='grc' dir='ltr'><strong>τῷ</strong></span> 
     </span>
    </p>
   </div>
   <div class='ocr_carea' id='block_1_8' title="bbox 395 715 1995 790">
    <p class='ocr_par' dir='ltr' id='par_1_8' title="bbox 395 715 1995 790">
     <span class='ocr_line' id='line_1_8' title="bbox 395 715 1995 790; baseline -0.002 -18"><span class='ocrx_word' id='word_1_39' title='bbox 395 720 519 790; x_wconf 74' lang='grc' dir='ltr'>ϐρει</span> <span class='ocrx_word' id='word_1_40' title='bbox 548 716 685 771; x_wconf 83' lang='grc' dir='ltr'>Σιὼν</span> <span class='ocrx_word' id='word_1_41' title='bbox 721 717 816 770; x_wconf 71' lang='grc' dir='ltr'>καὶ</span> <span class='ocrx_word' id='word_1_42' title='bbox 857 718 915 769; x_wconf 90' lang='grc' dir='ltr'><strong>ἐν</strong></span> <span class='ocrx_word' id='word_1_43' title='bbox 951 715 1332 786; x_wconf 80' lang='grc' dir='ltr'>Ἰερουσαλὴμ,</span> <span class='ocrx_word' id='word_1_44' title='bbox 1373 715 1567 780; x_wconf 86' lang='grc' dir='ltr'>ἐπάξει</span> <span class='ocrx_word' id='word_1_45' title='bbox 1598 717 1803 787; x_wconf 87' lang='grc' dir='ltr'>Κύριος</span> <span class='ocrx_word' id='word_1_46' title='bbox 1824 717 1871 748; x_wconf 69' lang='grc'>⁸⁸</span> <span class='ocrx_word' id='word_1_47' title='bbox 1902 718 1995 770; x_wconf 78' lang='grc' dir='ltr'>ἐπὶ</span> 
     </span>
    </p>
   </div>
   <div class='ocr_carea' id='block_1_9' title="bbox 395 805 1995 878">
    <p class='ocr_par' dir='ltr' id='par_1_9' title="bbox 395 805 1995 878">
     <span class='ocr_line' id='line_1_9' title="bbox 395 805 1995 878; baseline -0.001 -16"><span class='ocrx_word' id='word_1_48' title='bbox 395 811 492 862; x_wconf 77' lang='grc' dir='ltr'>τὸν</span> <span class='ocrx_word' id='word_1_49' title='bbox 522 807 648 861; x_wconf 84' lang='grc' dir='ltr'><strong>νοῦν</strong></span> <span class='ocrx_word' id='word_1_50' title='bbox 677 805 768 859; x_wconf 81' lang='grc' dir='ltr'>τὸν</span> <span class='ocrx_word' id='word_1_51' title='bbox 799 806 974 877; x_wconf 83' lang='grc' dir='ltr'>μέγαν</span> <span class='ocrx_word' id='word_1_52' title='bbox 1001 807 1096 859; x_wconf 78' lang='grc' dir='ltr'><strong>τὸν</strong></span> <span class='ocrx_word' id='word_1_53' title='bbox 1127 807 1366 876; x_wconf 80' lang='grc' dir='ltr'>ἄρχοντα</span> <span class='ocrx_word' id='word_1_54' title='bbox 1396 806 1505 860; x_wconf 89' lang='grc' dir='ltr'><strong>τῶν</strong></span> <span class='ocrx_word' id='word_1_55' title='bbox 1542 808 1868 878; x_wconf 80' lang='grc' dir='ltr'><strong>Ἀσσυρίων,</strong></span> <span class='ocrx_word' id='word_1_56' title='bbox 1900 810 1995 862; x_wconf 77' lang='grc' dir='ltr'>καὶ</span> 
     </span>
    </p>
   </div>
   <div class='ocr_carea' id='block_1_10' title="bbox 396 897 1998 968">
    <p class='ocr_par' dir='ltr' id='par_1_10' title="bbox 396 897 1998 968">
     <span class='ocr_line' id='line_1_10' title="bbox 396 897 1998 968; baseline 0.001 -17"><span class='ocrx_word' id='word_1_57' title='bbox 396 901 498 953; x_wconf 78' lang='grc' dir='ltr'>ἐπὶ</span> <span class='ocrx_word' id='word_1_58' title='bbox 519 900 580 951; x_wconf 81' lang='grc' dir='ltr'>τὸ</span> <span class='ocrx_word' id='word_1_59' title='bbox 612 897 748 968; x_wconf 76' lang='grc' dir='ltr'>ὕψος</span> <span class='ocrx_word' id='word_1_60' title='bbox 789 897 888 967; x_wconf 79' lang='grc' dir='ltr'>τῆς</span> <span class='ocrx_word' id='word_1_61' title='bbox 917 897 1074 967; x_wconf 80' lang='grc' dir='ltr'>δόξης</span> <span class='ocrx_word' id='word_1_62' title='bbox 1101 897 1210 951; x_wconf 89' lang='grc' dir='ltr'><strong>τῶν</strong></span> <span class='ocrx_word' id='word_1_63' title='bbox 1239 897 1537 966; x_wconf 77' lang='grc' dir='ltr'><strong>ὀφθαλμῶν</strong></span> <span class='ocrx_word' id='word_1_64' title='bbox 1565 899 1751 952; x_wconf 84' lang='grc' dir='ltr'>αὐτοῦ.</span> <span class='ocrx_word' id='word_1_65' title='bbox 1793 917 1812 951; x_wconf 72' lang='grc' dir='ltr'><strong>ι</strong></span> <span class='ocrx_word' id='word_1_66' title='bbox 1861 900 1998 954; x_wconf 86' lang='grc' dir='ltr'>Ἔτι-</span> 
     </span>
    </p>
   </div>
   <div class='ocr_carea' id='block_1_11' title="bbox 400 988 1992 1062">
    <p class='ocr_par' dir='ltr' id='par_1_11' title="bbox 400 988 1992 1062">
     <span class='ocr_line' id='line_1_11' title="bbox 400 988 1992 1062; baseline 0 -18"><span class='ocrx_word' id='word_1_67' title='bbox 400 992 703 1062; x_wconf 81' lang='grc' dir='ltr'>μωρησατο</span> <span class='ocrx_word' id='word_1_68' title='bbox 736 989 794 1041; x_wconf 83' lang='grc' dir='ltr'>δὲ</span> <span class='ocrx_word' id='word_1_69' title='bbox 839 989 939 1059; x_wconf 84' lang='grc' dir='ltr'>τὴν</span> <span class='ocrx_word' id='word_1_70' title='bbox 981 988 1342 1060; x_wconf 80' lang='grc' dir='ltr'>Ἰερουσαλὴμ</span> <span class='ocrx_word' id='word_1_71' title='bbox 1387 989 1416 1040; x_wconf 87' lang='grc' dir='ltr'>ὁ</span> <span class='ocrx_word' id='word_1_72' title='bbox 1449 988 1614 1054; x_wconf 83' lang='grc' dir='ltr'>Θεὸς,</span> <span class='ocrx_word' id='word_1_73' title='bbox 1653 992 1714 1044; x_wconf 84' lang='grc' dir='ltr'>οὐ</span> <span class='ocrx_word' id='word_1_74' title='bbox 1766 990 1854 1045; x_wconf 87' lang='grc' dir='ltr'><strong>διά</strong></span> <span class='ocrx_word' id='word_1_75' title='bbox 1896 991 1992 1045; x_wconf 83' lang='grc' dir='ltr'><strong>τοῦ</strong></span> 
     </span>
    </p>
   </div>
   <div class='ocr_carea' id='block_1_12' title="bbox 397 1079 1992 1153">
    <p class='ocr_par' dir='ltr' id='par_1_12' title="bbox 397 1079 1992 1153">
     <span class='ocr_line' id='line_1_12' title="bbox 397 1079 1992 1153; baseline 0.001 -17"><span class='ocrx_word' id='word_1_76' title='bbox 397 1083 814 1153; x_wconf 70' lang='grc' dir='ltr'>Σενναχηρεὶμ.</span> <span class='ocrx_word' id='word_1_77' title='bbox 849 1080 910 1144; x_wconf 79' lang='grc' dir='ltr'>ὃς</span> <span class='ocrx_word' id='word_1_78' title='bbox 952 1079 1063 1133; x_wconf 86' lang='grc' dir='ltr'><strong>τῶν</strong></span> <span class='ocrx_word' id='word_1_79' title='bbox 1103 1081 1407 1152; x_wconf 81' lang='grc' dir='ltr'><strong>Ἀσσυρίων</strong></span> <span class='ocrx_word' id='word_1_80' title='bbox 1441 1081 1810 1146; x_wconf 75' lang='grc' dir='ltr'>ἐϐασίλευσεν,</span> <span class='ocrx_word' id='word_1_81' title='bbox 1856 1083 1992 1138; x_wconf 77' lang='grc' dir='ltr'>ἀλλὰ</span> 
     </span>
    </p>
   </div>
   <div class='ocr_carea' id='block_1_13' title="bbox 397 1163 1994 1244">
    <p class='ocr_par' dir='ltr' id='par_1_13' title="bbox 397 1163 1994 1244">
     <span class='ocr_line' id='line_1_13' title="bbox 397 1163 1994 1244; baseline 0 -15"><span class='ocrx_word' id='word_1_82' title='bbox 397 1174 491 1229; x_wconf 81' lang='grc' dir='ltr'>διὰ</span> <span class='ocrx_word' id='word_1_83' title='bbox 526 1175 620 1228; x_wconf 88' lang='grc' dir='ltr'>τοῦ</span> <span class='ocrx_word' id='word_1_84' title='bbox 652 1173 1147 1243; x_wconf 82' lang='grc' dir='ltr'>Ναϐουχοδονόσορ.</span> <span class='ocrx_word' id='word_1_85' title='bbox 1181 1171 1242 1224; x_wconf 82' lang='grc'><strong>’0</strong></span> <span class='ocrx_word' id='word_1_86' title='bbox 1269 1174 1368 1244; x_wconf 82' lang='grc' dir='ltr'>μὲν</span> <span class='ocrx_word' id='word_1_87' title='bbox 1407 1163 1516 1244; x_wconf 86' lang='grc' dir='ltr'><strong>γάρ</strong></span> <span class='ocrx_word' id='word_1_88' title='bbox 1540 1213 1555 1236; x_wconf 93' lang='grc'><strong>,</strong></span> <span class='ocrx_word' id='word_1_89' title='bbox 1601 1174 1660 1227; x_wconf 81' lang='grc' dir='ltr'>οὐ</span> <span class='ocrx_word' id='word_1_90' title='bbox 1709 1174 1867 1242; x_wconf 89' lang='grc' dir='ltr'>μόνον</span> <span class='ocrx_word' id='word_1_91' title='bbox 1894 1176 1994 1229; x_wconf 83' lang='grc' dir='ltr'>οὐκ</span> 
     </span>
    </p>
   </div>
   <div class='ocr_carea' id='block_1_14' title="bbox 401 1264 1993 1337">
    <p class='ocr_par' dir='ltr' id='par_1_14' title="bbox 401 1264 1993 1337">
     <span class='ocr_line' id='line_1_14' title="bbox 401 1264 1993 1337; baseline 0.001 -18"><span class='ocrx_word' id='word_1_92' title='bbox 401 1266 681 1337; x_wconf 72' lang='grc' dir='ltr'><strong>ἐπόρθησε</strong></span> <span class='ocrx_word' id='word_1_93' title='bbox 711 1267 809 1335; x_wconf 82' lang='grc' dir='ltr'><strong>τὴν</strong></span> <span class='ocrx_word' id='word_1_94' title='bbox 838 1265 1016 1329; x_wconf 86' lang='grc' dir='ltr'>πόλιν,</span> <span class='ocrx_word' id='word_1_95' title='bbox 1082 1264 1218 1318; x_wconf 84' lang='grc' dir='ltr'><strong>ἀλλά</strong></span> <span class='ocrx_word' id='word_1_96' title='bbox 1261 1265 1358 1318; x_wconf 72' lang='grc' dir='ltr'>καὶ</span> <span class='ocrx_word' id='word_1_97' title='bbox 1390 1265 1606 1320; x_wconf 76' lang='grc' dir='ltr'>ἃπασαν</span> <span class='ocrx_word' id='word_1_98' title='bbox 1631 1266 1993 1332; x_wconf 85' lang='grc' dir='ltr'>ἀπολωλεκὼς</span> 
     </span>
    </p>
   </div>
   <div class='ocr_carea' id='block_1_15' title="bbox 401 1356 1988 1430">
    <p class='ocr_par' dir='ltr' id='par_1_15' title="bbox 401 1356 1988 1430">
     <span class='ocr_line' id='line_1_15' title="bbox 401 1356 1988 1430; baseline 0.001 -20"><span class='ocrx_word' id='word_1_99' title='bbox 401 1360 506 1428; x_wconf 78' lang='grc' dir='ltr'><strong>τὴν</strong></span> <span class='ocrx_word' id='word_1_100' title='bbox 536 1359 844 1428; x_wconf 78' lang='grc' dir='ltr'>στρατείαν,</span> <span class='ocrx_word' id='word_1_101' title='bbox 872 1356 1086 1426; x_wconf 77' lang='grc' dir='ltr'>ἀπέδρα</span> <span class='ocrx_word' id='word_1_102' title='bbox 1128 1357 1308 1426; x_wconf 90' lang='grc' dir='ltr'>μόνος,</span> <span class='ocrx_word' id='word_1_103' title='bbox 1342 1359 1437 1410; x_wconf 69' lang='grc' dir='ltr'><strong>καὶ</strong></span> <span class='ocrx_word' id='word_1_104' title='bbox 1466 1359 1603 1411; x_wconf 82' lang='grc' dir='ltr'>οτκοι</span> <span class='ocrx_word' id='word_1_105' title='bbox 1630 1360 1732 1429; x_wconf 83' lang='grc' dir='ltr'><strong>τὴν</strong></span> <span class='ocrx_word' id='word_1_106' title='bbox 1764 1360 1988 1430; x_wconf 60' lang='grc' dir='ltr'>σφαγὴν</span> 
     </span>
    </p>
   </div>
   <div class='ocr_carea' id='block_1_16' title="bbox 402 1445 1994 1520">
    <p class='ocr_par' dir='ltr' id='par_1_16' title="bbox 402 1445 1994 1520">
     <span class='ocr_line' id='line_1_16' title="bbox 402 1445 1994 1520; baseline 0.001 -20"><span class='ocrx_word' id='word_1_107' title='bbox 402 1446 562 1517; x_wconf 87' lang='grc' dir='ltr'><strong>παρά</strong></span> <span class='ocrx_word' id='word_1_108' title='bbox 585 1447 692 1498; x_wconf 84' lang='grc' dir='ltr'><strong>τῶν</strong></span> <span class='ocrx_word' id='word_1_109' title='bbox 721 1446 856 1498; x_wconf 82' lang='grc' dir='ltr'>υἱῶν</span> <span class='ocrx_word' id='word_1_110' title='bbox 889 1446 1110 1512; x_wconf 79' lang='grc' dir='ltr'><strong>ἐδέξατο</strong></span> <span class='ocrx_word' id='word_1_111' title='bbox 1134 1462 1148 1476; x_wconf 86' lang='grc'>·</span> <span class='ocrx_word' id='word_1_112' title='bbox 1197 1447 1226 1499; x_wconf 87' lang='grc' dir='ltr'><strong>ό</strong></span> <span class='ocrx_word' id='word_1_113' title='bbox 1264 1445 1321 1498; x_wconf 85' lang='grc' dir='ltr'>δὲ</span> <span class='ocrx_word' id='word_1_114' title='bbox 1370 1447 1852 1520; x_wconf 89' lang='grc' dir='ltr'>Ναϐουχοδονόσορ</span> <span class='ocrx_word' id='word_1_115' title='bbox 1897 1450 1994 1504; x_wconf 76' lang='grc' dir='ltr'>καὶ</span> 
     </span>
    </p>
   </div>
   <div class='ocr_carea' id='block_1_17' title="bbox 401 1538 1992 1612">
    <p class='ocr_par' dir='ltr' id='par_1_17' title="bbox 401 1538 1992 1612">
     <span class='ocr_line' id='line_1_17' title="bbox 401 1538 1992 1612; baseline 0.001 -20"><span class='ocrx_word' id='word_1_116' title='bbox 401 1539 506 1611; x_wconf 81' lang='grc' dir='ltr'>τὴν</span> <span class='ocrx_word' id='word_1_117' title='bbox 560 1539 715 1592; x_wconf 86' lang='grc' dir='ltr'>πόλιν</span> <span class='ocrx_word' id='word_1_118' title='bbox 758 1539 998 1599; x_wconf 78' lang='grc' dir='ltr'>καθεῖλε,</span> <span class='ocrx_word' id='word_1_119' title='bbox 1043 1540 1139 1592; x_wconf 77' lang='grc' dir='ltr'>καὶ</span> <span class='ocrx_word' id='word_1_120' title='bbox 1193 1538 1471 1612; x_wconf 74' lang='grc' dir='ltr'>ἐνέπρησε</span> <span class='ocrx_word' id='word_1_121' title='bbox 1529 1542 1620 1596; x_wconf 81' lang='grc' dir='ltr'>τὸν</span> <span class='ocrx_word' id='word_1_122' title='bbox 1656 1542 1799 1596; x_wconf 86' lang='grc' dir='ltr'>θεῖον</span> <span class='ocrx_word' id='word_1_123' title='bbox 1832 1541 1992 1609; x_wconf 86' lang='grc' dir='ltr'>νεὼν,</span> 
     </span>
    </p>
   </div>
   <div class='ocr_carea' id='block_1_18' title="bbox 401 1630 1992 1701">
    <p class='ocr_par' dir='ltr' id='par_1_18' title="bbox 401 1630 1992 1701">
     <span class='ocr_line' id='line_1_18' title="bbox 401 1630 1992 1701; baseline 0.004 -18"><span class='ocrx_word' id='word_1_124' title='bbox 401 1631 504 1686; x_wconf 78' lang='grc' dir='ltr'>καὶ</span> <span class='ocrx_word' id='word_1_125' title='bbox 534 1630 626 1684; x_wconf 83' lang='grc' dir='ltr'>τὸν</span> <span class='ocrx_word' id='word_1_126' title='bbox 656 1630 784 1684; x_wconf 77' lang='grc' dir='ltr'>λαον</span> <span class='ocrx_word' id='word_1_127' title='bbox 815 1631 1072 1701; x_wconf 82' lang='grc' dir='ltr'>ἀπήγαγε</span> <span class='ocrx_word' id='word_1_128' title='bbox 1104 1631 1462 1701; x_wconf 88' lang='grc' dir='ltr'>δορυάλωτον.</span> <span class='ocrx_word' id='word_1_129' title='bbox 1511 1633 1765 1687; x_wconf 77' lang='grc' dir='ltr'><strong>Διδάσκει</strong></span> <span class='ocrx_word' id='word_1_130' title='bbox 1808 1636 1992 1689; x_wconf 85' lang='grc' dir='ltr'>τοίνυν</span> 
     </span>
    </p>
   </div>
   <div class='ocr_carea' id='block_1_19' title="bbox 401 1721 1992 1797">
    <p class='ocr_par' dir='ltr' id='par_1_19' title="bbox 401 1721 1992 1797">
     <span class='ocr_line' id='line_1_19' title="bbox 401 1721 1992 1797; baseline 0.002 -21"><span class='ocrx_word' id='word_1_131' title='bbox 401 1723 558 1792; x_wconf 80' lang='grc' dir='ltr'>ἡμᾶς</span> <span class='ocrx_word' id='word_1_132' title='bbox 593 1724 626 1792; x_wconf 81' lang='grc' dir='ltr'>ὴ</span> <span class='ocrx_word' id='word_1_133' title='bbox 655 1721 776 1774; x_wconf 82' lang='grc' dir='ltr'>θεία</span> <span class='ocrx_word' id='word_1_134' title='bbox 821 1721 1035 1792; x_wconf 84' lang='grc' dir='ltr'>Γραφὴ,</span> <span class='ocrx_word' id='word_1_135' title='bbox 1065 1722 1148 1775; x_wconf 82' lang='grc' dir='ltr'>ὅτι</span> <span class='ocrx_word' id='word_1_136' title='bbox 1189 1722 1327 1792; x_wconf 88' lang='grc' dir='ltr'><strong>μετά</strong></span> <span class='ocrx_word' id='word_1_137' title='bbox 1358 1722 1418 1775; x_wconf 82' lang='grc' dir='ltr'>τὸ</span> <span class='ocrx_word' id='word_1_138' title='bbox 1446 1723 1762 1778; x_wconf 86' lang='grc' dir='ltr'>συντελέσαι</span> <span class='ocrx_word' id='word_1_139' title='bbox 1787 1725 1992 1797; x_wconf 84' lang='grc' dir='ltr'>Κύριον</span> 
     </span>
    </p>
   </div>
   <div class='ocr_carea' id='block_1_20' title="bbox 402 1796 2069 1890">
    <p class='ocr_par' dir='ltr' id='par_1_20' title="bbox 402 1796 2069 1890">
     <span class='ocr_line' id='line_1_20' title="bbox 402 1796 2069 1890; baseline 0.002 -23"><span class='ocrx_word' id='word_1_140' title='bbox 402 1813 668 1868; x_wconf 80' lang='grc' dir='ltr'>ποιοῦντα</span> <span class='ocrx_word' id='word_1_141' title='bbox 694 1813 872 1867; x_wconf 86' lang='grc' dir='ltr'>πάντα</span> <span class='ocrx_word' id='word_1_142' title='bbox 907 1816 966 1866; x_wconf 87' lang='grc' dir='ltr'><strong>ἐν</strong></span> <span class='ocrx_word' id='word_1_143' title='bbox 994 1812 1070 1883; x_wconf 83' lang='grc' dir='ltr'>τῷ</span> <span class='ocrx_word' id='word_1_144' title='bbox 1100 1812 1216 1883; x_wconf 74' lang='grc' dir='ltr'>ὄρει</span> <span class='ocrx_word' id='word_1_145' title='bbox 1241 1813 1380 1868; x_wconf 88' lang='grc' dir='ltr'>Σιὼν</span> <span class='ocrx_word' id='word_1_146' title='bbox 1407 1817 1501 1868; x_wconf 75' lang='grc' dir='ltr'>καὶ</span> <span class='ocrx_word' id='word_1_147' title='bbox 1524 1817 1582 1868; x_wconf 91' lang='grc' dir='ltr'><strong>ἐν</strong></span> <span class='ocrx_word' id='word_1_148' title='bbox 1617 1796 1990 1890; x_wconf 84' lang='grc' dir='ltr'>Ἰερουσαλὴμ,</span> <span class='ocrx_word' id='word_1_149' title='bbox 2028 1796 2069 1850; x_wconf 74' lang='grc' dir='ltr'><strong>Β</strong></span> 
     </span>
    </p>
   </div>
   <div class='ocr_carea' id='block_1_21' title="bbox 401 1901 1995 1974">
    <p class='ocr_par' dir='ltr' id='par_1_21' title="bbox 401 1901 1995 1974">
     <span class='ocr_line' id='line_1_21' title="bbox 401 1901 1995 1974; baseline 0.004 -18"><span class='ocrx_word' id='word_1_150' title='bbox 401 1901 440 1956; x_wconf 74' lang='grc' dir='ltr'>ἃ</span> <span class='ocrx_word' id='word_1_151' title='bbox 473 1901 743 1973; x_wconf 75' lang='grc' dir='ltr'>ἠπείλησε</span> <span class='ocrx_word' id='word_1_152' title='bbox 782 1901 990 1970; x_wconf 85' lang='grc' dir='ltr'>λέγων·</span> <span class='ocrx_word' id='word_1_153' title='bbox 1031 1919 1050 1952; x_wconf 81' lang='grc' dir='ltr'><strong>ι</strong></span> <span class='ocrx_word' id='word_1_154' title='bbox 1101 1901 1454 1970; x_wconf 82' lang='grc' dir='ltr'>Ὀλολύξατε,</span> <span class='ocrx_word' id='word_1_155' title='bbox 1496 1904 1566 1958; x_wconf 85' lang='grc' dir='ltr'><strong>τά</strong></span> <span class='ocrx_word' id='word_1_156' title='bbox 1584 1905 1627 1936; x_wconf 74' lang='grc'><strong>⁸⁷</strong></span> <span class='ocrx_word' id='word_1_157' title='bbox 1673 1907 1888 1974; x_wconf 84' lang='grc' dir='ltr'>γλυπτά</span> <span class='ocrx_word' id='word_1_158' title='bbox 1938 1910 1995 1962; x_wconf 86' lang='grc' dir='ltr'><strong>ἐν</strong></span> 
     </span>
    </p>
   </div>
   <div class='ocr_carea' id='block_1_22' title="bbox 418 1991 1996 2069">
    <p class='ocr_par' dir='ltr' id='par_1_22' title="bbox 418 1991 1996 2069">
     <span class='ocr_line' id='line_1_22' title="bbox 418 1991 1996 2069; baseline 0.004 -23"><span class='ocrx_word' id='word_1_159' title='bbox 418 1993 776 2063; x_wconf 82' lang='grc' dir='ltr'>Ἰερουσαλήμ</span> <span class='ocrx_word' id='word_1_160' title='bbox 797 2007 811 2021; x_wconf 84' lang='lat'><strong><em>°</em></strong></span> <span class='ocrx_word' id='word_1_161' title='bbox 842 1991 902 2045; x_wconf 83' lang='grc' dir='ltr'><strong>ὃν</strong></span> <span class='ocrx_word' id='word_1_162' title='bbox 933 1992 1135 2063; x_wconf 81' lang='grc' dir='ltr'>τρόπον</span> <span class='ocrx_word' id='word_1_163' title='bbox 1165 1991 1276 2064; x_wconf 82' lang='grc' dir='ltr'><strong>γὰρ</strong></span> <span class='ocrx_word' id='word_1_164' title='bbox 1323 1994 1553 2065; x_wconf 87' lang='grc' dir='ltr'>ἐποίησα</span> <span class='ocrx_word' id='word_1_165' title='bbox 1584 1996 1869 2069; x_wconf 81' lang='grc' dir='ltr'>Σαμαρείᾳ</span> <span class='ocrx_word' id='word_1_166' title='bbox 1901 2001 1996 2054; x_wconf 75' lang='grc' dir='ltr'>καὶ</span> 
     </span>
    </p>
   </div>
   <div class='ocr_carea' id='block_1_23' title="bbox 404 2080 1998 2157">
    <p class='ocr_par' dir='ltr' id='par_1_23' title="bbox 404 2080 1998 2157">
     <span class='ocr_line' id='line_1_23' title="bbox 404 2080 1998 2157; baseline 0.003 -21"><span class='ocrx_word' id='word_1_167' title='bbox 404 2085 521 2145; x_wconf 79' lang='grc' dir='ltr'>τοῖς</span> <span class='ocrx_word' id='word_1_168' title='bbox 548 2081 786 2145; x_wconf 75' lang='grc' dir='ltr'>εἰδώλοις</span> <span class='ocrx_word' id='word_1_169' title='bbox 814 2082 984 2151; x_wconf 80' lang='grc' dir='ltr'>αὐτῆς</span> <span class='ocrx_word' id='word_1_170' title='bbox 1004 2122 1020 2145; x_wconf 88' lang='grc'><strong>,</strong></span> <span class='ocrx_word' id='word_1_171' title='bbox 1071 2080 1218 2135; x_wconf 78' lang='grc' dir='ltr'>οὕτω</span> <span class='ocrx_word' id='word_1_172' title='bbox 1247 2084 1462 2151; x_wconf 87' lang='grc' dir='ltr'>ποιήσω</span> <span class='ocrx_word' id='word_1_173' title='bbox 1497 2085 1593 2138; x_wconf 73' lang='grc' dir='ltr'>καὶ</span> <span class='ocrx_word' id='word_1_174' title='bbox 1618 2089 1684 2156; x_wconf 81' lang='grc' dir='ltr'>τῇ</span> <span class='ocrx_word' id='word_1_175' title='bbox 1727 2087 1998 2157; x_wconf 80' lang='grc' dir='ltr'>Ἱερουσα·</span> 
     </span>
    </p>
   </div>
   <div class='ocr_carea' id='block_1_24' title="bbox 404 2171 1994 2246">
    <p class='ocr_par' dir='ltr' id='par_1_24' title="bbox 404 2171 1994 2246">
     <span class='ocr_line' id='line_1_24' title="bbox 404 2171 1994 2246; baseline 0.003 -20"><span class='ocrx_word' id='word_1_176' title='bbox 404 2171 522 2244; x_wconf 83' lang='grc' dir='ltr'>λὴμ</span> <span class='ocrx_word' id='word_1_177' title='bbox 564 2173 660 2225; x_wconf 75' lang='grc' dir='ltr'>καὶ</span> <span class='ocrx_word' id='word_1_178' title='bbox 695 2174 806 2234; x_wconf 80' lang='grc' dir='ltr'>τοῖς</span> <span class='ocrx_word' id='word_1_179' title='bbox 843 2171 1244 2241; x_wconf 82' lang='grc' dir='ltr'><strong>χειροποιήτοις</strong></span> <span class='ocrx_word' id='word_1_180' title='bbox 1279 2171 1482 2243; x_wconf 85' lang='grc' dir='ltr'>αὐτῆς,</span> <span class='ocrx_word' id='word_1_181' title='bbox 1518 2191 1536 2223; x_wconf 73' lang='grc' dir='ltr'><strong>ι</strong></span> <span class='ocrx_word' id='word_1_182' title='bbox 1570 2173 1782 2241; x_wconf 80' lang='grc' dir='ltr'>ἐπάξει,</span> <span class='ocrx_word' id='word_1_183' title='bbox 1838 2177 1994 2246; x_wconf 74' lang='grc' dir='ltr'>φησὶ,</span> 
     </span>
    </p>
   </div>
   <div class='ocr_carea' id='block_1_25' title="bbox 404 2262 1997 2337">
    <p class='ocr_par' dir='ltr' id='par_1_25' title="bbox 404 2262 1997 2337">
     <span class='ocr_line' id='line_1_25' title="bbox 404 2262 1997 2337; baseline 0.002 -20"><span class='ocrx_word' id='word_1_184' title='bbox 404 2265 614 2334; x_wconf 85' lang='grc' dir='ltr'>Κύριος</span> <span class='ocrx_word' id='word_1_185' title='bbox 642 2263 735 2317; x_wconf 73' lang='grc' dir='ltr'>ἐπὶ</span> <span class='ocrx_word' id='word_1_186' title='bbox 773 2264 865 2316; x_wconf 87' lang='grc' dir='ltr'><strong>τδν</strong></span> <span class='ocrx_word' id='word_1_187' title='bbox 902 2263 1028 2316; x_wconf 81' lang='grc' dir='ltr'>νοῦν</span> <span class='ocrx_word' id='word_1_188' title='bbox 1079 2262 1169 2316; x_wconf 80' lang='grc' dir='ltr'><strong>τὸν</strong></span> <span class='ocrx_word' id='word_1_189' title='bbox 1215 2263 1423 2334; x_wconf 88' lang='grc' dir='ltr'>μέγαν,</span> <span class='ocrx_word' id='word_1_190' title='bbox 1475 2264 1568 2318; x_wconf 85' lang='grc' dir='ltr'><strong>τὸν</strong></span> <span class='ocrx_word' id='word_1_191' title='bbox 1601 2265 1835 2337; x_wconf 79' lang='grc' dir='ltr'>ἄρχοντα</span> <span class='ocrx_word' id='word_1_192' title='bbox 1886 2267 1997 2320; x_wconf 89' lang='grc' dir='ltr'><strong>τῶν</strong></span> 
     </span>
    </p>
   </div>
   <div class='ocr_carea' id='block_1_26' title="bbox 418 2354 1998 2426">
    <p class='ocr_par' dir='ltr' id='par_1_26' title="bbox 418 2354 1998 2426">
     <span class='ocr_line' id='line_1_26' title="bbox 418 2354 1998 2426; baseline 0.003 -18"><span class='ocrx_word' id='word_1_193' title='bbox 418 2355 743 2426; x_wconf 85' lang='grc' dir='ltr'>Ἀσσυρίων.</span> <span class='ocrx_word' id='word_1_194' title='bbox 779 2355 892 2409; x_wconf 71' lang='grc' dir='ltr'><strong>Καὶ</strong></span> <span class='ocrx_word' id='word_1_195' title='bbox 919 2355 980 2408; x_wconf 83' lang='grc' dir='ltr'>οὐ</span> <span class='ocrx_word' id='word_1_196' title='bbox 1003 2355 1153 2424; x_wconf 84' lang='grc' dir='ltr'>λέγει</span> <span class='ocrx_word' id='word_1_197' title='bbox 1184 2355 1294 2408; x_wconf 89' lang='grc' dir='ltr'><strong>τῶν</strong></span> <span class='ocrx_word' id='word_1_198' title='bbox 1317 2354 1698 2421; x_wconf 88' lang='grc' dir='ltr'>Βαϐυλωνίων,</span> <span class='ocrx_word' id='word_1_199' title='bbox 1727 2358 1862 2412; x_wconf 80' lang='grc' dir='ltr'>ἀλλὰ</span> <span class='ocrx_word' id='word_1_200' title='bbox 1888 2359 1998 2414; x_wconf 85' lang='grc' dir='ltr'><strong>τῶν</strong></span> 
     </span>
    </p>
   </div>
   <div class='ocr_carea' id='block_1_27' title="bbox 419 2443 1994 2516">
    <p class='ocr_par' dir='ltr' id='par_1_27' title="bbox 419 2443 1994 2516">
     <span class='ocr_line' id='line_1_27' title="bbox 419 2443 1994 2516; baseline 0.002 -16"><span class='ocrx_word' id='word_1_201' title='bbox 419 2446 763 2513; x_wconf 67' lang='grc' dir='ltr'>Ἀσσυρίων</span> <span class='ocrx_word' id='word_1_202' title='bbox 785 2461 799 2474; x_wconf 84' lang='lat'><strong><em>°</em></strong></span> <span class='ocrx_word' id='word_1_203' title='bbox 845 2445 942 2515; x_wconf 86' lang='grc' dir='ltr'><strong>μία</strong></span> <span class='ocrx_word' id='word_1_204' title='bbox 987 2445 1100 2516; x_wconf 77' lang='grc' dir='ltr'>γὰρ</span> <span class='ocrx_word' id='word_1_205' title='bbox 1128 2443 1336 2498; x_wconf 88' lang='grc' dir='ltr'>τούτων</span> <span class='ocrx_word' id='word_1_206' title='bbox 1364 2445 1635 2499; x_wconf 87' lang='grc' dir='ltr'>κάκείνων</span> <span class='ocrx_word' id='word_1_207' title='bbox 1666 2448 1700 2516; x_wconf 85' lang='grc' dir='ltr'>ἡ</span> <span class='ocrx_word' id='word_1_208' title='bbox 1729 2446 1994 2516; x_wconf 81' lang='grc' dir='ltr'>βασιλεία.</span> 
     </span>
    </p>
   </div>
   <div class='ocr_carea' id='block_1_28' title="bbox 404 2533 1998 2606">
    <p class='ocr_par' dir='ltr' id='par_1_28' title="bbox 404 2533 1998 2606">
     <span class='ocr_line' id='line_1_28' title="bbox 404 2533 1998 2606; baseline 0.001 -16"><span class='ocrx_word' id='word_1_209' title='bbox 404 2535 575 2590; x_wconf 78' lang='grc' dir='ltr'><strong>Νοῦν</strong></span> <span class='ocrx_word' id='word_1_210' title='bbox 599 2535 658 2589; x_wconf 85' lang='grc' dir='ltr'><strong>δέ</strong></span> <span class='ocrx_word' id='word_1_211' title='bbox 675 2535 873 2606; x_wconf 68' lang='grc' dir='ltr'>μέγαν</span> <span class='ocrx_word' id='word_1_212' title='bbox 901 2535 1060 2588; x_wconf 82' lang='grc' dir='ltr'>καλεῖ</span> <span class='ocrx_word' id='word_1_213' title='bbox 1091 2535 1177 2589; x_wconf 77' lang='grc' dir='ltr'><strong>διὰ</strong></span> <span class='ocrx_word' id='word_1_214' title='bbox 1215 2535 1277 2587; x_wconf 82' lang='grc' dir='ltr'><strong>τὺ</strong></span> <span class='ocrx_word' id='word_1_215' title='bbox 1313 2533 1523 2605; x_wconf 76' lang='grc' dir='ltr'>ὑψηλὸν</span> <span class='ocrx_word' id='word_1_216' title='bbox 1551 2538 1647 2590; x_wconf 58' lang='grc' dir='ltr'><strong>καὶ⁸</strong></span> <span class='ocrx_word' id='word_1_217' title='bbox 1680 2537 1998 2602; x_wconf 77' lang='grc' dir='ltr'>ἀλαζονικὸν</span> 
     </span>
    </p>
   </div>
   <div class='ocr_carea' id='block_1_29' title="bbox 405 2626 1999 2698">
    <p class='ocr_par' dir='ltr' id='par_1_29' title="bbox 405 2626 1999 2698">
     <span class='ocr_line' id='line_1_29' title="bbox 405 2626 1999 2698; baseline 0.002 -18"><span class='ocrx_word' id='word_1_218' title='bbox 405 2627 518 2681; x_wconf 89' lang='grc' dir='ltr'><strong>τῶν</strong></span> <span class='ocrx_word' id='word_1_219' title='bbox 559 2626 940 2698; x_wconf 77' lang='grc' dir='ltr'>βουλευμάτων</span> <span class='ocrx_word' id='word_1_220' title='bbox 965 2644 980 2658; x_wconf 88' lang='grc'>·</span> <span class='ocrx_word' id='word_1_221' title='bbox 1018 2628 1100 2680; x_wconf 81' lang='grc' dir='ltr'>διὸ</span> <span class='ocrx_word' id='word_1_222' title='bbox 1145 2627 1238 2680; x_wconf 72' lang='grc' dir='ltr'>καὶ</span> <span class='ocrx_word' id='word_1_223' title='bbox 1283 2627 1510 2689; x_wconf 86' lang='grc' dir='ltr'>εἰκότως</span> <span class='ocrx_word' id='word_1_224' title='bbox 1561 2629 1795 2698; x_wconf 86' lang='grc' dir='ltr'>ἐπάγει·</span> <span class='ocrx_word' id='word_1_225' title='bbox 1833 2649 1850 2682; x_wconf 79' lang='grc' dir='ltr'><strong>ι</strong></span> <span class='ocrx_word' id='word_1_226' title='bbox 1892 2632 1999 2691; x_wconf 71' lang='grc' dir='ltr'><strong>Καὶ</strong></span> 
     </span>
    </p>
   </div>
   <div class='ocr_carea' id='block_1_30' title="bbox 406 2714 1999 2787">
    <p class='ocr_par' dir='ltr' id='par_1_30' title="bbox 406 2714 1999 2787">
     <span class='ocr_line' id='line_1_30' title="bbox 406 2714 1999 2787; baseline -0.003 -15"><span class='ocrx_word' id='word_1_227' title='bbox 406 2717 508 2772; x_wconf 73' lang='grc' dir='ltr'>ἐπὶ</span> <span class='ocrx_word' id='word_1_228' title='bbox 536 2719 599 2770; x_wconf 80' lang='grc' dir='ltr'>τὸ</span> <span class='ocrx_word' id='word_1_229' title='bbox 629 2717 760 2786; x_wconf 73' lang='grc' dir='ltr'>ὕψος</span> <span class='ocrx_word' id='word_1_230' title='bbox 790 2715 893 2787; x_wconf 81' lang='grc' dir='ltr'>τῆς</span> <span class='ocrx_word' id='word_1_231' title='bbox 923 2715 1083 2785; x_wconf 77' lang='grc' dir='ltr'>δόξης</span> <span class='ocrx_word' id='word_1_232' title='bbox 1119 2715 1228 2769; x_wconf 89' lang='grc' dir='ltr'><strong>τῶν</strong></span> <span class='ocrx_word' id='word_1_233' title='bbox 1267 2714 1566 2786; x_wconf 84' lang='grc' dir='ltr'>ὀφθαλμῶν</span> <span class='ocrx_word' id='word_1_234' title='bbox 1604 2717 1791 2771; x_wconf 80' lang='grc' dir='ltr'>αὐτοῦ.</span> <span class='ocrx_word' id='word_1_235' title='bbox 1833 2737 1850 2770; x_wconf 78' lang='grc' dir='ltr'><strong>ι</strong></span> <span class='ocrx_word' id='word_1_236' title='bbox 1887 2714 1999 2773; x_wconf 73' lang='grc' dir='ltr'><strong>Καὶ</strong></span> 
     </span>
    </p>
   </div>
   <div class='ocr_carea' id='block_1_31' title="bbox 406 2807 2000 2881">
    <p class='ocr_par' dir='ltr' id='par_1_31' title="bbox 406 2807 2000 2881">
     <span class='ocr_line' id='line_1_31' title="bbox 406 2807 2000 2881; baseline 0.006 -29"><span class='ocrx_word' id='word_1_237' title='bbox 406 2812 512 2881; x_wconf 72' lang='grc' dir='ltr'>οὐχ</span> <span class='ocrx_word' id='word_1_238' title='bbox 543 2811 732 2872; x_wconf 73' lang='grc' dir='ltr'>ἁπλῶς</span> <span class='ocrx_word' id='word_1_239' title='bbox 770 2808 911 2880; x_wconf 70' lang='grc' dir='ltr'>ἔφη,</span> <span class='ocrx_word' id='word_1_240' title='bbox 952 2827 971 2860; x_wconf 72' lang='grc' dir='ltr'>ί</span> <span class='ocrx_word' id='word_1_241' title='bbox 1013 2808 1112 2879; x_wconf 83' lang='grc' dir='ltr'>τῆς</span> <span class='ocrx_word' id='word_1_242' title='bbox 1159 2807 1318 2878; x_wconf 84' lang='grc' dir='ltr'>δόξης</span> <span class='ocrx_word' id='word_1_243' title='bbox 1359 2807 1561 2874; x_wconf 78' lang='grc' dir='ltr'>αὑτοῦ,</span> <span class='ocrx_word' id='word_1_244' title='bbox 1603 2826 1624 2860; x_wconf 72' lang='grc' dir='ltr'><strong>ι</strong></span> <span class='ocrx_word' id='word_1_245' title='bbox 1673 2807 1809 2862; x_wconf 80' lang='grc' dir='ltr'>ἀλλὰ</span> <span class='ocrx_word' id='word_1_246' title='bbox 1850 2829 1867 2861; x_wconf 77' lang='grc' dir='ltr'><strong>ι</strong></span> <span class='ocrx_word' id='word_1_247' title='bbox 1900 2810 2000 2879; x_wconf 84' lang='grc' dir='ltr'>τῆς</span> 
     </span>
    </p>
   </div>
   <div class='ocr_carea' id='block_1_32' title="bbox 377 2899 2002 2974">
    <p class='ocr_par' dir='ltr' id='par_1_32' title="bbox 377 2899 2002 2974">
     <span class='ocr_line' id='line_1_32' title="bbox 377 2899 2002 2974; baseline 0.001 -21"><span class='ocrx_word' id='word_1_248' title='bbox 377 2941 380 2944; x_wconf 69' lang='lat'><strong>.</strong></span> <span class='ocrx_word' id='word_1_249' title='bbox 406 2903 572 2974; x_wconf 77' lang='grc' dir='ltr'>δόξης</span> <span class='ocrx_word' id='word_1_250' title='bbox 596 2902 704 2955; x_wconf 86' lang='grc' dir='ltr'><strong>τῶν</strong></span> <span class='ocrx_word' id='word_1_251' title='bbox 731 2899 1028 2971; x_wconf 81' lang='grc' dir='ltr'>ὀφθαλμῶν</span> <span class='ocrx_word' id='word_1_252' title='bbox 1063 2899 1230 2954; x_wconf 81' lang='grc' dir='ltr'>αὑτοῦ</span> <span class='ocrx_word' id='word_1_253' title='bbox 1258 2915 1273 2932; x_wconf 89' lang='grc'>⁶</span> <span class='ocrx_word' id='word_1_254' title='bbox 1318 2919 1338 2952; x_wconf 71' lang='grc' dir='ltr'><strong>ι</strong></span> <span class='ocrx_word' id='word_1_255' title='bbox 1376 2899 1675 2967; x_wconf 80' lang='grc' dir='ltr'>τουτέστιν,</span> <span class='ocrx_word' id='word_1_256' title='bbox 1705 2901 1764 2964; x_wconf 81' lang='grc' dir='ltr'>ὃς</span> <span class='ocrx_word' id='word_1_257' title='bbox 1792 2901 2002 2973; x_wconf 78' lang='grc' dir='ltr'>ἀνθρω-</span> 
     </span>
    </p>
   </div>
   <div class='ocr_carea' id='block_1_33' title="bbox 408 2982 2002 3062">
    <p class='ocr_par' dir='ltr' id='par_1_33' title="bbox 408 2982 2002 3062">
     <span class='ocr_line' id='line_1_33' title="bbox 408 2982 2002 3062; baseline -0.004 -17"><span class='ocrx_word' id='word_1_258' title='bbox 408 3009 514 3056; x_wconf 70' lang='lat' dir='ltr'><strong>mc</strong></span> <span class='ocrx_word' id='word_1_259' title='bbox 539 2990 615 3044; x_wconf 82' lang='grc' dir='ltr'><strong>ὢν</strong></span> <span class='ocrx_word' id='word_1_260' title='bbox 645 2988 980 3062; x_wconf 73' lang='grc' dir='ltr'>ύψηλότατός</span> <span class='ocrx_word' id='word_1_261' title='bbox 1008 3005 1068 3041; x_wconf 89' lang='grc' dir='ltr'><strong>τε</strong></span> <span class='ocrx_word' id='word_1_262' title='bbox 1119 2989 1212 3040; x_wconf 80' lang='grc' dir='ltr'>καὶ</span> <span class='ocrx_word' id='word_1_263' title='bbox 1259 2987 1514 3057; x_wconf 90' lang='grc' dir='ltr'>μέγιστος</span> <span class='ocrx_word' id='word_1_264' title='bbox 1559 2982 1701 3040; x_wconf 81' lang='grc' dir='ltr'>εἶναι</span> <span class='ocrx_word' id='word_1_265' title='bbox 1735 2987 2002 3056; x_wconf 81' lang='grc' dir='ltr'>φαντάζε-</span> 
     </span>
    </p>
   </div>
   <div class='ocr_carea' id='block_1_34' title="bbox 408 3077 2001 3152">
    <p class='ocr_par' dir='ltr' id='par_1_34' title="bbox 408 3077 2001 3152">
     <span class='ocr_line' id='line_1_34' title="bbox 408 3077 2001 3152; baseline -0.007 -13"><span class='ocrx_word' id='word_1_266' title='bbox 408 3101 526 3139; x_wconf 85' lang='grc' dir='ltr'>ται.</span> <span class='ocrx_word' id='word_1_267' title='bbox 558 3077 695 3135; x_wconf 61' lang='lat' dir='ltr'><strong>Eine</strong></span> <span class='ocrx_word' id='word_1_268' title='bbox 729 3083 874 3152; x_wconf 83' lang='grc' dir='ltr'>γάρ’</span> <span class='ocrx_word' id='word_1_269' title='bbox 921 3100 940 3132; x_wconf 77' lang='grc' dir='ltr'><strong>ι</strong></span> <span class='ocrx_word' id='word_1_270' title='bbox 1000 3081 1089 3133; x_wconf 91' lang='grc' dir='ltr'>Ἐν</span> <span class='ocrx_word' id='word_1_271' title='bbox 1106 3079 1152 3111; x_wconf 76' lang='grc'><strong>’⁵⁸</strong></span> <span class='ocrx_word' id='word_1_272' title='bbox 1185 3081 1254 3150; x_wconf 78' lang='grc' dir='ltr'>τῇ</span> <span class='ocrx_word' id='word_1_273' title='bbox 1285 3077 1430 3148; x_wconf 86' lang='grc' dir='ltr'>ἰσχύϊ</span> <span class='ocrx_word' id='word_1_274' title='bbox 1475 3094 1574 3148; x_wconf 91' lang='grc' dir='ltr'><strong>μου</strong></span> <span class='ocrx_word' id='word_1_275' title='bbox 1617 3078 1860 3148; x_wconf 82' lang='grc' dir='ltr'>ποιήσω,</span> <span class='ocrx_word' id='word_1_276' title='bbox 1904 3077 2001 3130; x_wconf 71' lang='grc' dir='ltr'>καὶ</span> 
     </span>
    </p>
   </div>
   <div class='ocr_carea' id='block_1_35' title="bbox 412 3167 1996 3246">
    <p class='ocr_par' dir='ltr' id='par_1_35' title="bbox 412 3167 1996 3246">
     <span class='ocr_line' id='line_1_35' title="bbox 412 3167 1996 3246; baseline -0.006 -17"><span class='ocrx_word' id='word_1_277' title='bbox 412 3177 476 3230; x_wconf 79' lang='grc' dir='ltr'>ἐν</span> <span class='ocrx_word' id='word_1_278' title='bbox 526 3177 594 3246; x_wconf 80' lang='grc' dir='ltr'>τῇ</span> <span class='ocrx_word' id='word_1_279' title='bbox 628 3174 794 3244; x_wconf 75' lang='grc' dir='ltr'>σοφία</span> <span class='ocrx_word' id='word_1_280' title='bbox 825 3173 924 3242; x_wconf 83' lang='grc' dir='ltr'>τῆς</span> <span class='ocrx_word' id='word_1_281' title='bbox 956 3168 1225 3233; x_wconf 84' lang='grc' dir='ltr'>συνέσεώς</span> <span class='ocrx_word' id='word_1_282' title='bbox 1274 3186 1375 3240; x_wconf 87' lang='grc' dir='ltr'><strong>μου</strong></span> <span class='ocrx_word' id='word_1_283' title='bbox 1417 3168 1603 3237; x_wconf 81' lang='grc' dir='ltr'>ἀφελῶ</span> <span class='ocrx_word' id='word_1_284' title='bbox 1639 3169 1762 3238; x_wconf 85' lang='grc' dir='ltr'>ὅρια</span> <span class='ocrx_word' id='word_1_285' title='bbox 1805 3167 1996 3232; x_wconf 86' lang='grc' dir='ltr'>ἐθνῶν,</span> 
     </span>
    </p>
   </div>
   <div class='ocr_carea' id='block_1_36' title="bbox 381 3257 2000 3337">
    <p class='ocr_par' dir='ltr' id='par_1_36' title="bbox 381 3257 2000 3337">
     <span class='ocr_line' id='line_1_36' title="bbox 381 3257 2000 3337; baseline -0.007 -16"><span class='ocrx_word' id='word_1_286' title='bbox 381 3301 383 3305; x_wconf 69' lang='grc' dir='ltr'><strong><em>ι</em></strong></span> <span class='ocrx_word' id='word_1_287' title='bbox 412 3266 514 3321; x_wconf 76' lang='grc' dir='ltr'>καὶ</span> <span class='ocrx_word' id='word_1_288' title='bbox 545 3265 643 3337; x_wconf 85' lang='grc' dir='ltr'><strong>τὴν</strong></span> <span class='ocrx_word' id='word_1_289' title='bbox 675 3265 829 3334; x_wconf 79' lang='grc' dir='ltr'>ἰσχὺν</span> <span class='ocrx_word' id='word_1_290' title='bbox 854 3260 1035 3316; x_wconf 82' lang='grc' dir='ltr'>αὐτῶν</span> <span class='ocrx_word' id='word_1_291' title='bbox 1065 3258 1446 3332; x_wconf 88' lang='grc' dir='ltr'>προνομεύσω,</span> <span class='ocrx_word' id='word_1_292' title='bbox 1483 3259 1576 3312; x_wconf 71' lang='grc' dir='ltr'>καὶ</span> <span class='ocrx_word' id='word_1_293' title='bbox 1611 3257 1780 3312; x_wconf 84' lang='grc' dir='ltr'>σείσω</span> <span class='ocrx_word' id='word_1_294' title='bbox 1815 3257 2000 3321; x_wconf 88' lang='grc' dir='ltr'>πόλεις</span> 
     </span>
    </p>
   </div>
   <div class='ocr_carea' id='block_1_37' title="bbox 412 3347 2001 3426">
    <p class='ocr_par' dir='ltr' id='par_1_37' title="bbox 412 3347 2001 3426">
     <span class='ocr_line' id='line_1_37' title="bbox 412 3347 2001 3426; baseline -0.007 -16"><span class='ocrx_word' id='word_1_295' title='bbox 412 3354 846 3426; x_wconf 81' lang='grc' dir='ltr'>κατοικουμένας</span> <span class='ocrx_word' id='word_1_296' title='bbox 864 3392 880 3416; x_wconf 93' lang='grc'><strong>,</strong></span> <span class='ocrx_word' id='word_1_297' title='bbox 901 3353 1008 3406; x_wconf 69' lang='grc' dir='ltr'>,καὶ</span> <span class='ocrx_word' id='word_1_298' title='bbox 1051 3351 1151 3420; x_wconf 83' lang='grc' dir='ltr'><strong>τὴν</strong></span> <span class='ocrx_word' id='word_1_299' title='bbox 1177 3349 1506 3420; x_wconf 83' lang='grc' dir='ltr'>οἰκουμένην</span> <span class='ocrx_word' id='word_1_300' title='bbox 1534 3349 1663 3418; x_wconf 82' lang='grc' dir='ltr'>ὅλην</span> <span class='ocrx_word' id='word_1_301' title='bbox 1695 3347 2001 3420; x_wconf 80' lang='grc' dir='ltr'>καταλήψο-</span> 
     </span>
    </p>
   </div>
   <div class='ocr_carea' id='block_1_38' title="bbox 417 3440 2001 3518">
    <p class='ocr_par' dir='ltr' id='par_1_38' title="bbox 417 3440 2001 3518">
     <span class='ocr_line' id='line_1_38' title="bbox 417 3440 2001 3518; baseline -0.005 -17"><span class='ocrx_word' id='word_1_302' title='bbox 417 3465 523 3518; x_wconf 78' lang='grc' dir='ltr'><strong>μαι</strong></span> <span class='ocrx_word' id='word_1_303' title='bbox 551 3449 619 3518; x_wconf 77' lang='grc' dir='ltr'>τῇ</span> <span class='ocrx_word' id='word_1_304' title='bbox 643 3445 788 3516; x_wconf 85' lang='grc' dir='ltr'>χειρί</span> <span class='ocrx_word' id='word_1_305' title='bbox 816 3461 918 3515; x_wconf 90' lang='grc' dir='ltr'><strong>μου</strong></span> <span class='ocrx_word' id='word_1_306' title='bbox 941 3443 1017 3506; x_wconf 82' lang='grc' dir='ltr'>ὡς</span> <span class='ocrx_word' id='word_1_307' title='bbox 1043 3441 1284 3504; x_wconf 84' lang='grc' dir='ltr'>νοσσιὰν,</span> <span class='ocrx_word' id='word_1_308' title='bbox 1310 3441 1406 3494; x_wconf 76' lang='grc' dir='ltr'>καὶ</span> <span class='ocrx_word' id='word_1_309' title='bbox 1429 3441 1504 3504; x_wconf 84' lang='grc' dir='ltr'>ὡς</span> <span class='ocrx_word' id='word_1_310' title='bbox 1527 3440 2001 3511; x_wconf 85' lang='grc' dir='ltr'>καταλελειμμένα</span> 
     </span>
    </p>
   </div>
   <div class='ocr_carea' id='block_1_39' title="bbox 412 3531 2000 3609">
    <p class='ocr_par' dir='ltr' id='par_1_39' title="bbox 412 3531 2000 3609">
     <span class='ocr_line' id='line_1_39' title="bbox 412 3531 2000 3609; baseline -0.007 -16"><span class='ocrx_word' id='word_1_311' title='bbox 412 3537 501 3594; x_wconf 76' lang='grc' dir='ltr'><strong>ὧά</strong></span> <span class='ocrx_word' id='word_1_312' title='bbox 532 3537 671 3609; x_wconf 87' lang='grc' dir='ltr'>ἀρῶ,</span> <span class='ocrx_word' id='word_1_313' title='bbox 707 3535 802 3590; x_wconf 85' lang='grc' dir='ltr'>καὶ</span> <span class='ocrx_word' id='word_1_314' title='bbox 822 3536 923 3588; x_wconf 81' lang='grc' dir='ltr'>οὒκ</span> <span class='ocrx_word' id='word_1_315' title='bbox 943 3533 1097 3586; x_wconf 82' lang='grc' dir='ltr'>ἔσται</span> <span class='ocrx_word' id='word_1_316' title='bbox 1125 3531 1185 3596; x_wconf 78' lang='grc' dir='ltr'>ὃς</span> <span class='ocrx_word' id='word_1_317' title='bbox 1213 3531 1566 3602; x_wconf 82' lang='grc' dir='ltr'>διαφεύξηταί</span> <span class='ocrx_word' id='word_1_318' title='bbox 1594 3547 1680 3600; x_wconf 90' lang='grc' dir='ltr'><strong>με,</strong></span> <span class='ocrx_word' id='word_1_319' title='bbox 1711 3531 1744 3601; x_wconf 80' lang='grc' dir='ltr'><strong>ἢ</strong></span> <span class='ocrx_word' id='word_1_320' title='bbox 1769 3531 2000 3602; x_wconf 83' lang='grc' dir='ltr'>ἀντείπῃ</span> 
     </span>
    </p>
   </div>
   <div class='ocr_carea' id='block_1_40' title="bbox 421 3620 2000 3700">
    <p class='ocr_par' dir='ltr' id='par_1_40' title="bbox 421 3620 2000 3700">
     <span class='ocr_line' id='line_1_40' title="bbox 421 3620 2000 3700; baseline -0.005 -18"><span class='ocrx_word' id='word_1_321' title='bbox 421 3646 537 3700; x_wconf 80' lang='grc' dir='ltr'>μοι.</span> <span class='ocrx_word' id='word_1_322' title='bbox 567 3645 587 3679; x_wconf 75' lang='grc' dir='ltr'><strong>ι</strong></span> <span class='ocrx_word' id='word_1_323' title='bbox 624 3625 783 3680; x_wconf 77' lang='grc' dir='ltr'>Οὕτω</span> <span class='ocrx_word' id='word_1_324' title='bbox 811 3622 1106 3695; x_wconf 82' lang='grc' dir='ltr'>γυμνώσας</span> <span class='ocrx_word' id='word_1_325' title='bbox 1137 3622 1248 3676; x_wconf 91' lang='grc' dir='ltr'><strong>τῶν</strong></span> <span class='ocrx_word' id='word_1_326' title='bbox 1277 3621 1554 3691; x_wconf 90' lang='grc' dir='ltr'>λογισμῶν</span> <span class='ocrx_word' id='word_1_327' title='bbox 1581 3620 1676 3674; x_wconf 83' lang='grc' dir='ltr'>τοῦ</span> <span class='ocrx_word' id='word_1_328' title='bbox 1717 3621 2000 3693; x_wconf 85' lang='grc' dir='ltr'>Ἀσσυρίου</span> 
     </span>
    </p>
   </div>
   <div class='ocr_carea' id='block_1_41' title="bbox 413 3715 2001 3790">
    <p class='ocr_par' dir='ltr' id='par_1_41' title="bbox 413 3715 2001 3790">
     <span class='ocr_line' id='line_1_41' title="bbox 413 3715 2001 3790; baseline -0.005 -14"><span class='ocrx_word' id='word_1_329' title='bbox 413 3722 515 3776; x_wconf 73' lang='grc' dir='ltr'>τὸν</span> <span class='ocrx_word' id='word_1_330' title='bbox 544 3719 738 3790; x_wconf 78' lang='grc' dir='ltr'>τῦφον,</span> <span class='ocrx_word' id='word_1_331' title='bbox 788 3719 1000 3789; x_wconf 82' lang='grc' dir='ltr'>ἐλέγχει</span> <span class='ocrx_word' id='word_1_332' title='bbox 1045 3718 1155 3770; x_wconf 91' lang='grc' dir='ltr'><strong>τῶν</strong></span> <span class='ocrx_word' id='word_1_333' title='bbox 1201 3715 1601 3787; x_wconf 85' lang='grc' dir='ltr'>ἐνθυμημάτων</span> <span class='ocrx_word' id='word_1_334' title='bbox 1644 3717 1706 3769; x_wconf 77' lang='grc' dir='ltr'>τὸ</span> <span class='ocrx_word' id='word_1_335' title='bbox 1751 3716 2001 3787; x_wconf 89' lang='grc' dir='ltr'>μάταιον,</span> 
     </span>
    </p>
   </div>
   <div class='ocr_carea' id='block_1_42' title="bbox 2098 537 3681 615">
    <p class='ocr_par' dir='ltr' id='par_1_42' title="bbox 2098 537 3681 615">
     <span class='ocr_line' id='line_1_42' title="bbox 2098 537 3681 615; baseline 0.016 -25"><span class='ocrx_word' id='word_1_336' title='bbox 2098 537 2365 596; x_wconf 89' lang='lat' dir='ltr'><strong>Dominus</strong></span> <span class='ocrx_word' id='word_1_337' title='bbox 2405 543 2614 600; x_wconf 76' lang='lat' dir='ltr'><strong>faciens</strong></span> <span class='ocrx_word' id='word_1_338' title='bbox 2648 548 2833 604; x_wconf 86' lang='lat' dir='ltr'><strong>omnia</strong></span> <span class='ocrx_word' id='word_1_339' title='bbox 2865 550 2919 604; x_wconf 91' lang='lat' dir='ltr'><strong>in</strong></span> <span class='ocrx_word' id='word_1_340' title='bbox 2949 561 3134 608; x_wconf 88' lang='lat' dir='ltr'><strong>monte</strong></span> <span class='ocrx_word' id='word_1_341' title='bbox 3167 553 3298 610; x_wconf 89' lang='lat' dir='ltr'><strong>Sion</strong></span> <span class='ocrx_word' id='word_1_342' title='bbox 3325 567 3378 612; x_wconf 90' lang='lat' dir='ltr'><strong>et</strong></span> <span class='ocrx_word' id='word_1_343' title='bbox 3399 559 3454 613; x_wconf 91' lang='lat' dir='ltr'><strong>in</strong></span> <span class='ocrx_word' id='word_1_344' title='bbox 3487 557 3681 615; x_wconf 79' lang='lat' dir='ltr'><strong>Hiero-</strong></span> 
     </span>
    </p>
   </div>
   <div class='ocr_carea' id='block_1_43' title="bbox 2096 631 3682 720">
    <p class='ocr_par' dir='ltr' id='par_1_43' title="bbox 2096 631 3682 720">
     <span class='ocr_line' id='line_1_43' title="bbox 2096 631 3682 720; baseline 0.013 -37"><span class='ocrx_word' id='word_1_345' title='bbox 2096 631 2330 701; x_wconf 89' lang='lat' dir='ltr'><strong>solyma,</strong></span> <span class='ocrx_word' id='word_1_346' title='bbox 2369 633 2592 690; x_wconf 91' lang='lat' dir='ltr'><strong>inducet</strong></span> <span class='ocrx_word' id='word_1_347' title='bbox 2627 637 2894 695; x_wconf 89' lang='lat' dir='ltr'><strong>Dominus</strong></span> <span class='ocrx_word' id='word_1_348' title='bbox 2934 656 3104 711; x_wconf 83' lang='lat' dir='ltr'><strong>super</strong></span> <span class='ocrx_word' id='word_1_349' title='bbox 3143 655 3383 700; x_wconf 72' lang='lat' dir='ltr'><strong>mentem</strong></span> <span class='ocrx_word' id='word_1_350' title='bbox 3431 664 3682 720; x_wconf 85' lang='lat' dir='ltr'><strong>magnam</strong></span> 
     </span>
    </p>
   </div>
   <div class='ocr_carea' id='block_1_44' title="bbox 2097 723 3682 810">
    <p class='ocr_par' dir='ltr' id='par_1_44' title="bbox 2097 723 3682 810">
     <span class='ocr_line' id='line_1_44' title="bbox 2097 723 3682 810; baseline 0.014 -37"><span class='ocrx_word' id='word_1_351' title='bbox 2097 723 2402 794; x_wconf 83' lang='lat' dir='ltr'><strong>principem</strong></span> <span class='ocrx_word' id='word_1_352' title='bbox 2432 727 2810 796; x_wconf 82' lang='lat' dir='ltr'><strong>Assyriorum,</strong></span> <span class='ocrx_word' id='word_1_353' title='bbox 2841 739 2896 786; x_wconf 87' lang='lat' dir='ltr'><strong>et</strong></span> <span class='ocrx_word' id='word_1_354' title='bbox 2927 747 3093 803; x_wconf 84' lang='lat' dir='ltr'><strong>super</strong></span> <span class='ocrx_word' id='word_1_355' title='bbox 3113 735 3459 792; x_wconf 84' lang='lat' dir='ltr'><strong>altitudinem</strong></span> <span class='ocrx_word' id='word_1_356' title='bbox 3491 739 3682 810; x_wconf 67' lang='lat' dir='ltr'><strong>gloria:</strong></span> 
     </span>
    </p>
   </div>
   <div class='ocr_carea' id='block_1_45' title="bbox 2095 813 3680 898">
    <p class='ocr_par' dir='ltr' id='par_1_45' title="bbox 2095 813 3680 898">
     <span class='ocr_line' id='line_1_45' title="bbox 2095 813 3680 898; baseline 0.014 -33"><span class='ocrx_word' id='word_1_357' title='bbox 2095 813 2382 867; x_wconf 89' lang='lat' dir='ltr'><strong>oculorum</strong></span> <span class='ocrx_word' id='word_1_358' title='bbox 2414 816 2537 884; x_wconf 82' lang='lat' dir='ltr'><strong>ejus</strong></span> <span class='ocrx_word' id='word_1_359' title='bbox 2559 825 2603 871; x_wconf 66' lang='grc' dir='ltr'>ν.</span> <span class='ocrx_word' id='word_1_360' title='bbox 2647 837 2665 868; x_wconf 76' lang='grc' dir='ltr'><strong>ι</strong></span> <span class='ocrx_word' id='word_1_361' title='bbox 2703 817 2866 876; x_wconf 89' lang='lat' dir='ltr'><strong>Ultus</strong></span> <span class='ocrx_word' id='word_1_362' title='bbox 2901 831 2985 876; x_wconf 91' lang='lat' dir='ltr'><strong>est</strong></span> <span class='ocrx_word' id='word_1_363' title='bbox 3037 822 3477 898; x_wconf 84' lang='lat' dir='ltr'><strong>Hierosolymam</strong></span> <span class='ocrx_word' id='word_1_364' title='bbox 3511 829 3680 896; x_wconf 85' lang='lat' dir='ltr'><strong>Deus,</strong></span> 
     </span>
    </p>
   </div>
   <div class='ocr_carea' id='block_1_46' title="bbox 2095 905 3682 990">
    <p class='ocr_par' dir='ltr' id='par_1_46' title="bbox 2095 905 3682 990">
     <span class='ocr_line' id='line_1_46' title="bbox 2095 905 3682 990; baseline 0.013 -35"><span class='ocrx_word' id='word_1_365' title='bbox 2095 917 2205 957; x_wconf 90' lang='lat' dir='ltr'><strong>non</strong></span> <span class='ocrx_word' id='word_1_366' title='bbox 2241 919 2336 972; x_wconf 91' lang='lat' dir='ltr'><strong>per</strong></span> <span class='ocrx_word' id='word_1_367' title='bbox 2381 905 2900 976; x_wconf 87' lang='lat' dir='ltr'><strong>Seunacherimum,</strong></span> <span class='ocrx_word' id='word_1_368' title='bbox 2947 915 3042 984; x_wconf 91' lang='lat' dir='ltr'><strong>qui</strong></span> <span class='ocrx_word' id='word_1_369' title='bbox 3092 917 3446 988; x_wconf 86' lang='lat' dir='ltr'><strong>Assyriorum</strong></span> <span class='ocrx_word' id='word_1_370' title='bbox 3503 937 3682 990; x_wconf 87' lang='lat' dir='ltr'><strong>regno</strong></span> 
     </span>
    </p>
   </div>
   <div class='ocr_carea' id='block_1_47' title="bbox 2094 992 3679 1066">
    <p class='ocr_par' dir='ltr' id='par_1_47' title="bbox 2094 992 3679 1066">
     <span class='ocr_line' id='line_1_47' title="bbox 2094 992 3679 1066; baseline 0.013 -23"><span class='ocrx_word' id='word_1_371' title='bbox 2094 992 2302 1060; x_wconf 88' lang='lat' dir='ltr'><strong>potitus</strong></span> <span class='ocrx_word' id='word_1_372' title='bbox 2341 1002 2450 1055; x_wconf 87' lang='lat' dir='ltr'><strong>est,</strong></span> <span class='ocrx_word' id='word_1_373' title='bbox 2480 995 2575 1050; x_wconf 90' lang='lat' dir='ltr'><strong>sed</strong></span> <span class='ocrx_word' id='word_1_374' title='bbox 2610 1012 2706 1066; x_wconf 91' lang='lat' dir='ltr'><strong>per</strong></span> <span class='ocrx_word' id='word_1_375' title='bbox 2739 997 3361 1058; x_wconf 83' lang='lat' dir='ltr'><strong>Nabucltodonosorem.</strong></span> <span class='ocrx_word' id='word_1_376' title='bbox 3395 1005 3490 1062; x_wconf 90' lang='lat' dir='ltr'><strong>llle</strong></span> <span class='ocrx_word' id='word_1_377' title='bbox 3529 1011 3679 1064; x_wconf 89' lang='lat' dir='ltr'><strong>enim</strong></span> 
     </span>
    </p>
   </div>
   <div class='ocr_carea' id='block_1_48' title="bbox 2094 1084 3685 1158">
    <p class='ocr_par' dir='ltr' id='par_1_48' title="bbox 2094 1084 3685 1158">
     <span class='ocr_line' id='line_1_48' title="bbox 2094 1084 3685 1158; baseline 0.013 -25"><span class='ocrx_word' id='word_1_378' title='bbox 2094 1097 2203 1135; x_wconf 93' lang='lat' dir='ltr'><strong>non</strong></span> <span class='ocrx_word' id='word_1_379' title='bbox 2233 1084 2396 1138; x_wconf 89' lang='lat' dir='ltr'><strong>modo</strong></span> <span class='ocrx_word' id='word_1_380' title='bbox 2427 1100 2537 1139; x_wconf 90' lang='lat' dir='ltr'><strong>non</strong></span> <span class='ocrx_word' id='word_1_381' title='bbox 2561 1089 2901 1158; x_wconf 75' lang='lat' dir='ltr'><strong>expugnavit</strong></span> <span class='ocrx_word' id='word_1_382' title='bbox 2947 1091 3158 1157; x_wconf 87' lang='lat' dir='ltr'><strong>urbem,</strong></span> <span class='ocrx_word' id='word_1_383' title='bbox 3210 1093 3306 1148; x_wconf 91' lang='lat' dir='ltr'><strong>sed</strong></span> <span class='ocrx_word' id='word_1_384' title='bbox 3338 1097 3486 1151; x_wconf 90' lang='lat' dir='ltr'><strong>omni</strong></span> <span class='ocrx_word' id='word_1_385' title='bbox 3519 1112 3685 1152; x_wconf 84' lang='lat' dir='ltr'><strong>exer-</strong></span> 
     </span>
    </p>
   </div>
   <div class='ocr_carea' id='block_1_49' title="bbox 2093 1175 3682 1250">
    <p class='ocr_par' dir='ltr' id='par_1_49' title="bbox 2093 1175 3682 1250">
     <span class='ocr_line' id='line_1_49' title="bbox 2093 1175 3682 1250; baseline 0.011 -24"><span class='ocrx_word' id='word_1_386' title='bbox 2093 1175 2204 1227; x_wconf 90' lang='lat' dir='ltr'><strong>citu</strong></span> <span class='ocrx_word' id='word_1_387' title='bbox 2244 1177 2454 1231; x_wconf 89' lang='lat' dir='ltr'><strong>amisso</strong></span> <span class='ocrx_word' id='word_1_388' title='bbox 2483 1178 2636 1232; x_wconf 92' lang='lat' dir='ltr'><strong>solus</strong></span> <span class='ocrx_word' id='word_1_389' title='bbox 2663 1178 2828 1250; x_wconf 88' lang='lat' dir='ltr'><strong>fugit,</strong></span> <span class='ocrx_word' id='word_1_390' title='bbox 2855 1187 2910 1234; x_wconf 90' lang='lat' dir='ltr'><strong>et</strong></span> <span class='ocrx_word' id='word_1_391' title='bbox 2938 1180 3085 1235; x_wconf 92' lang='lat' dir='ltr'><strong>domi</strong></span> <span class='ocrx_word' id='word_1_392' title='bbox 3119 1197 3149 1236; x_wconf 88' lang='lat' dir='ltr'><strong>a</strong></span> <span class='ocrx_word' id='word_1_393' title='bbox 3182 1183 3310 1238; x_wconf 83' lang='lat' dir='ltr'><strong>filiis</strong></span> <span class='ocrx_word' id='word_1_394' title='bbox 3350 1185 3682 1244; x_wconf 74' lang='lat' dir='ltr'><strong>interfectus</strong></span> 
     </span>
    </p>
   </div>
   <div class='ocr_carea' id='block_1_50' title="bbox 2093 1264 3687 1342">
    <p class='ocr_par' dir='ltr' id='par_1_50' title="bbox 2093 1264 3687 1342">
     <span class='ocr_line' id='line_1_50' title="bbox 2093 1264 3687 1342; baseline 0.009 -25"><span class='ocrx_word' id='word_1_395' title='bbox 2093 1271 2178 1317; x_wconf 92' lang='lat' dir='ltr'><strong>est</strong></span> <span class='ocrx_word' id='word_1_396' title='bbox 2213 1283 2228 1318; x_wconf 85' lang='lat'><strong>:</strong></span> <span class='ocrx_word' id='word_1_397' title='bbox 2258 1264 2774 1321; x_wconf 78' lang='lat' dir='ltr'><strong>Nabuchodonosor</strong></span> <span class='ocrx_word' id='word_1_398' title='bbox 2812 1277 2994 1323; x_wconf 90' lang='lat' dir='ltr'><strong>autem</strong></span> <span class='ocrx_word' id='word_1_399' title='bbox 3017 1310 3032 1334; x_wconf 94' lang='lat'><strong>,</strong></span> <span class='ocrx_word' id='word_1_400' title='bbox 3067 1278 3120 1324; x_wconf 90' lang='lat' dir='ltr'><strong>et</strong></span> <span class='ocrx_word' id='word_1_401' title='bbox 3160 1275 3354 1327; x_wconf 89' lang='lat' dir='ltr'><strong>urbem</strong></span> <span class='ocrx_word' id='word_1_402' title='bbox 3394 1274 3584 1342; x_wconf 90' lang='lat' dir='ltr'><strong>diruit,</strong></span> <span class='ocrx_word' id='word_1_403' title='bbox 3629 1288 3687 1333; x_wconf 73' lang='lat' dir='ltr'><strong>ct</strong></span> 
     </span>
    </p>
   </div>
   <div class='ocr_carea' id='block_1_51' title="bbox 2095 1351 3682 1436">
    <p class='ocr_par' dir='ltr' id='par_1_51' title="bbox 2095 1351 3682 1436">
     <span class='ocr_line' id='line_1_51' title="bbox 2095 1351 3682 1436; baseline 0.011 -32"><span class='ocrx_word' id='word_1_404' title='bbox 2095 1351 2190 1408; x_wconf 88' lang='lat' dir='ltr'><strong>Dei</strong></span> <span class='ocrx_word' id='word_1_405' title='bbox 2227 1357 2488 1424; x_wconf 83' lang='lat' dir='ltr'><strong>templum</strong></span> <span class='ocrx_word' id='word_1_406' title='bbox 2524 1358 2858 1425; x_wconf 89' lang='lat' dir='ltr'><strong>combussit,</strong></span> <span class='ocrx_word' id='word_1_407' title='bbox 2882 1367 2937 1415; x_wconf 90' lang='lat' dir='ltr'><strong>et</strong></span> <span class='ocrx_word' id='word_1_408' title='bbox 2980 1362 3242 1430; x_wconf 89' lang='lat' dir='ltr'><strong>populum</strong></span> <span class='ocrx_word' id='word_1_409' title='bbox 3283 1363 3426 1419; x_wconf 89' lang='lat' dir='ltr'><strong>bello</strong></span> <span class='ocrx_word' id='word_1_410' title='bbox 3457 1378 3682 1436; x_wconf 89' lang='lat' dir='ltr'><strong>captqu</strong></span> 
     </span>
    </p>
   </div>
   <div class='ocr_carea' id='block_1_52' title="bbox 2095 1446 3686 1529">
    <p class='ocr_par' dir='ltr' id='par_1_52' title="bbox 2095 1446 3686 1529">
     <span class='ocr_line' id='line_1_52' title="bbox 2095 1446 3686 1529; baseline 0.01 -30"><span class='ocrx_word' id='word_1_411' title='bbox 2095 1446 2345 1501; x_wconf 75' lang='lat' dir='ltr'><strong>abduxit.</strong></span> <span class='ocrx_word' id='word_1_412' title='bbox 2383 1447 2550 1504; x_wconf 88' lang='lat' dir='ltr'><strong>Docet</strong></span> <span class='ocrx_word' id='word_1_413' title='bbox 2589 1450 2774 1519; x_wconf 79' lang='lat' dir='ltr'><strong>itaque</strong></span> <span class='ocrx_word' id='word_1_414' title='bbox 2803 1466 2910 1507; x_wconf 90' lang='lat' dir='ltr'><strong>nos</strong></span> <span class='ocrx_word' id='word_1_415' title='bbox 2946 1452 3136 1508; x_wconf 84' lang='lat' dir='ltr'><strong>divina</strong></span> <span class='ocrx_word' id='word_1_416' title='bbox 3186 1453 3498 1526; x_wconf 91' lang='lat' dir='ltr'><strong>Scriptura,</strong></span> <span class='ocrx_word' id='word_1_417' title='bbox 3535 1461 3686 1529; x_wconf 88' lang='lat' dir='ltr'><strong>quod</strong></span> 
     </span>
    </p>
   </div>
   <div class='ocr_carea' id='block_1_53' title="bbox 2094 1540 3688 1611">
    <p class='ocr_par' dir='ltr' id='par_1_53' title="bbox 2094 1540 3688 1611">
     <span class='ocr_line' id='line_1_53' title="bbox 2094 1540 3688 1611; baseline 0.009 -19"><span class='ocrx_word' id='word_1_418' title='bbox 2094 1548 2381 1609; x_wconf 83' lang='lat' dir='ltr'><strong>postquam</strong></span> <span class='ocrx_word' id='word_1_419' title='bbox 2443 1540 2751 1611; x_wconf 86' lang='lat' dir='ltr'><strong>impleverit</strong></span> <span class='ocrx_word' id='word_1_420' title='bbox 2801 1543 3075 1598; x_wconf 88' lang='lat' dir='ltr'><strong>Dominus</strong></span> <span class='ocrx_word' id='word_1_421' title='bbox 3127 1547 3314 1600; x_wconf 91' lang='lat' dir='ltr'><strong>omnia</strong></span> <span class='ocrx_word' id='word_1_422' title='bbox 3363 1547 3572 1605; x_wconf 90' lang='lat' dir='ltr'><strong>faciens</strong></span> <span class='ocrx_word' id='word_1_423' title='bbox 3628 1551 3688 1607; x_wconf 91' lang='lat' dir='ltr'><strong>in</strong></span> 
     </span>
    </p>
   </div>
   <div class='ocr_carea' id='block_1_54' title="bbox 2094 1629 3687 1707">
    <p class='ocr_par' dir='ltr' id='par_1_54' title="bbox 2094 1629 3687 1707">
     <span class='ocr_line' id='line_1_54' title="bbox 2094 1629 3687 1707; baseline 0.01 -24"><span class='ocrx_word' id='word_1_424' title='bbox 2094 1639 2280 1685; x_wconf 91' lang='lat' dir='ltr'><strong>monte</strong></span> <span class='ocrx_word' id='word_1_425' title='bbox 2313 1629 2445 1686; x_wconf 88' lang='lat' dir='ltr'><strong>Sion</strong></span> <span class='ocrx_word' id='word_1_426' title='bbox 2498 1640 2553 1686; x_wconf 90' lang='lat' dir='ltr'><strong>et</strong></span> <span class='ocrx_word' id='word_1_427' title='bbox 2595 1633 2650 1686; x_wconf 91' lang='lat' dir='ltr'><strong>in</strong></span> <span class='ocrx_word' id='word_1_428' title='bbox 2700 1632 3108 1707; x_wconf 81' lang='lat' dir='ltr'><strong>Hierosolyma,</strong></span> <span class='ocrx_word' id='word_1_429' title='bbox 3153 1654 3276 1706; x_wconf 68' lang='lat' dir='ltr'><strong>qua:</strong></span> <span class='ocrx_word' id='word_1_430' title='bbox 3310 1641 3687 1699; x_wconf 89' lang='lat' dir='ltr'><strong>comminatus</strong></span> 
     </span>
    </p>
   </div>
   <div class='ocr_carea' id='block_1_55' title="bbox 2095 1718 3686 1804">
    <p class='ocr_par' dir='ltr' id='par_1_55' title="bbox 2095 1718 3686 1804">
     <span class='ocr_line' id='line_1_55' title="bbox 2095 1718 3686 1804; baseline 0.009 -31"><span class='ocrx_word' id='word_1_431' title='bbox 2095 1725 2180 1774; x_wconf 90' lang='lat' dir='ltr'><strong>est</strong></span> <span class='ocrx_word' id='word_1_432' title='bbox 2207 1718 2430 1774; x_wconf 87' lang='lat' dir='ltr'><strong>dicens:</strong></span> <span class='ocrx_word' id='word_1_433' title='bbox 2475 1740 2494 1773; x_wconf 75' lang='grc' dir='ltr'><strong>ι</strong></span> <span class='ocrx_word' id='word_1_434' title='bbox 2540 1719 2782 1787; x_wconf 87' lang='lat' dir='ltr'><strong>Ululate,</strong></span> <span class='ocrx_word' id='word_1_435' title='bbox 2845 1723 3127 1795; x_wconf 87' lang='lat' dir='ltr'><strong>sculptilia</strong></span> <span class='ocrx_word' id='word_1_436' title='bbox 3168 1729 3224 1782; x_wconf 92' lang='lat' dir='ltr'><strong>in</strong></span> <span class='ocrx_word' id='word_1_437' title='bbox 3277 1729 3686 1804; x_wconf 83' lang='lat' dir='ltr'><strong>Hierosolyma,</strong></span> 
     </span>
    </p>
   </div>
   <div class='ocr_carea' id='block_1_56' title="bbox 2098 1809 3687 1877">
    <p class='ocr_par' dir='ltr' id='par_1_56' title="bbox 2098 1809 3687 1877">
     <span class='ocr_line' id='line_1_56' title="bbox 2098 1809 3687 1877; baseline 0.01 -17"><span class='ocrx_word' id='word_1_438' title='bbox 2098 1809 2560 1877; x_wconf 80' lang='lat' dir='ltr'><strong>quemadmodum</strong></span> <span class='ocrx_word' id='word_1_439' title='bbox 2609 1813 2756 1867; x_wconf 90' lang='lat' dir='ltr'><strong>enim</strong></span> <span class='ocrx_word' id='word_1_440' title='bbox 2798 1813 2901 1868; x_wconf 83' lang='lat' dir='ltr'><strong>feci</strong></span> <span class='ocrx_word' id='word_1_441' title='bbox 2935 1815 3200 1871; x_wconf 56' lang='lat' dir='ltr'><strong>Samaria:</strong></span> <span class='ocrx_word' id='word_1_442' title='bbox 3253 1827 3307 1873; x_wconf 88' lang='lat' dir='ltr'><strong>et</strong></span> <span class='ocrx_word' id='word_1_443' title='bbox 3371 1821 3687 1876; x_wconf 83' lang='lat' dir='ltr'><strong>simulacris</strong></span> 
     </span>
    </p>
   </div>
   <div class='ocr_carea' id='block_1_57' title="bbox 2096 1898 3682 1979">
    <p class='ocr_par' dir='ltr' id='par_1_57' title="bbox 2096 1898 3682 1979">
     <span class='ocr_line' id='line_1_57' title="bbox 2096 1898 3682 1979; baseline 0.006 -27"><span class='ocrx_word' id='word_1_444' title='bbox 2096 1898 2239 1967; x_wconf 87' lang='lat' dir='ltr'><strong>ejus,</strong></span> <span class='ocrx_word' id='word_1_445' title='bbox 2266 1898 2341 1952; x_wconf 90' lang='lat' dir='ltr'><strong>ita</strong></span> <span class='ocrx_word' id='word_1_446' title='bbox 2374 1898 2571 1954; x_wconf 82' lang='lat' dir='ltr'><strong>faciam</strong></span> <span class='ocrx_word' id='word_1_447' title='bbox 2601 1898 3000 1974; x_wconf 68' lang='lat' dir='ltr'><strong>Hierosolyma:</strong></span> <span class='ocrx_word' id='word_1_448' title='bbox 3034 1912 3087 1958; x_wconf 86' lang='lat' dir='ltr'><strong>et</strong></span> <span class='ocrx_word' id='word_1_449' title='bbox 3129 1905 3447 1964; x_wconf 86' lang='lat' dir='ltr'><strong>simulacris</strong></span> <span class='ocrx_word' id='word_1_450' title='bbox 3471 1910 3616 1979; x_wconf 84' lang='lat' dir='ltr'><strong>ejus,</strong></span> <span class='ocrx_word' id='word_1_451' title='bbox 3660 1930 3682 1962; x_wconf 68' lang='grc' dir='ltr'><strong>ι</strong></span> 
     </span>
    </p>
   </div>
   <div class='ocr_carea' id='block_1_58' title="bbox 2098 1986 3686 2065">
    <p class='ocr_par' dir='ltr' id='par_1_58' title="bbox 2098 1986 3686 2065">
     <span class='ocr_line' id='line_1_58' title="bbox 2098 1986 3686 2065; baseline 0.008 -24"><span class='ocrx_word' id='word_1_452' title='bbox 2098 1986 2431 2043; x_wconf 87' lang='lat' dir='ltr'><strong>inducturus</strong></span> <span class='ocrx_word' id='word_1_453' title='bbox 2476 1989 2548 2044; x_wconf 90' lang='lat' dir='ltr'><strong>sit</strong></span> <span class='ocrx_word' id='word_1_454' title='bbox 2583 1987 2900 2057; x_wconf 81' lang='lat' dir='ltr'><strong>(Dominus,</strong></span> <span class='ocrx_word' id='word_1_455' title='bbox 2956 1991 3182 2065; x_wconf 89' lang='lat' dir='ltr'><strong>inquit,)</strong></span> <span class='ocrx_word' id='word_1_456' title='bbox 3228 2009 3398 2064; x_wconf 88' lang='lat' dir='ltr'><strong>super</strong></span> <span class='ocrx_word' id='word_1_457' title='bbox 3450 2006 3686 2054; x_wconf 83' lang='lat' dir='ltr'><strong>utentem</strong></span> 
     </span>
    </p>
   </div>
   <div class='ocr_carea' id='block_1_59' title="bbox 2096 2081 3689 2156">
    <p class='ocr_par' dir='ltr' id='par_1_59' title="bbox 2096 2081 3689 2156">
     <span class='ocr_line' id='line_1_59' title="bbox 2096 2081 3689 2156; baseline 0.007 -22"><span class='ocrx_word' id='word_1_458' title='bbox 2096 2095 2372 2150; x_wconf 85' lang='lat' dir='ltr'><strong>magnam,</strong></span> <span class='ocrx_word' id='word_1_459' title='bbox 2406 2081 2709 2151; x_wconf 87' lang='lat' dir='ltr'><strong>principem</strong></span> <span class='ocrx_word' id='word_1_460' title='bbox 2747 2081 3132 2152; x_wconf 84' lang='lat' dir='ltr'><strong>Assyriorum.</strong></span> <span class='ocrx_word' id='word_1_461' title='bbox 3178 2084 3366 2156; x_wconf 86' lang='lat' dir='ltr'><strong>Neque</strong></span> <span class='ocrx_word' id='word_1_462' title='bbox 3400 2088 3539 2144; x_wconf 92' lang='lat' dir='ltr'><strong>dicit</strong></span> <span class='ocrx_word' id='word_1_463' title='bbox 3585 2089 3689 2144; x_wconf 82' lang='lat' dir='ltr'><strong>Ba-</strong></span> 
     </span>
    </p>
   </div>
   <div class='ocr_carea' id='block_1_60' title="bbox 2097 2172 3688 2244">
    <p class='ocr_par' dir='ltr' id='par_1_60' title="bbox 2097 2172 3688 2244">
     <span class='ocr_line' id='line_1_60' title="bbox 2097 2172 3688 2244; baseline 0.006 -18"><span class='ocrx_word' id='word_1_464' title='bbox 2097 2172 2473 2243; x_wconf 79' lang='lat' dir='ltr'><strong>byloniorum,</strong></span> <span class='ocrx_word' id='word_1_465' title='bbox 2510 2173 2606 2227; x_wconf 89' lang='lat' dir='ltr'><strong>sed</strong></span> <span class='ocrx_word' id='word_1_466' title='bbox 2639 2173 2991 2244; x_wconf 76' lang='lat' dir='ltr'><strong>Assyriorum</strong></span> <span class='ocrx_word' id='word_1_467' title='bbox 3022 2191 3040 2228; x_wconf 93' lang='lat'><em>:</em></span> <span class='ocrx_word' id='word_1_468' title='bbox 3066 2192 3239 2232; x_wconf 90' lang='lat' dir='ltr'><strong>unum</strong></span> <span class='ocrx_word' id='word_1_469' title='bbox 3275 2186 3361 2234; x_wconf 89' lang='lat' dir='ltr'><strong>est</strong></span> <span class='ocrx_word' id='word_1_470' title='bbox 3390 2181 3538 2234; x_wconf 89' lang='lat' dir='ltr'><strong>enim</strong></span> <span class='ocrx_word' id='word_1_471' title='bbox 3584 2181 3688 2236; x_wconf 86' lang='lat' dir='ltr'><strong>ho-</strong></span> 
     </span>
    </p>
   </div>
   <div class='ocr_carea' id='block_1_61' title="bbox 2097 2264 3686 2342">
    <p class='ocr_par' dir='ltr' id='par_1_61' title="bbox 2097 2264 3686 2342">
     <span class='ocr_line' id='line_1_61' title="bbox 2097 2264 3686 2342; baseline 0.006 -26"><span class='ocrx_word' id='word_1_472' title='bbox 2097 2279 2219 2317; x_wconf 88' lang='lat' dir='ltr'><strong>rum</strong></span> <span class='ocrx_word' id='word_1_473' title='bbox 2257 2273 2420 2334; x_wconf 89' lang='lat' dir='ltr'><strong>atque</strong></span> <span class='ocrx_word' id='word_1_474' title='bbox 2478 2264 2698 2318; x_wconf 89' lang='lat' dir='ltr'><strong>illorum</strong></span> <span class='ocrx_word' id='word_1_475' title='bbox 2757 2280 3012 2336; x_wconf 89' lang='lat' dir='ltr'><strong>regnum.</strong></span> <span class='ocrx_word' id='word_1_476' title='bbox 3057 2265 3125 2320; x_wconf 81' lang='lat' dir='ltr'><strong>Et</strong></span> <span class='ocrx_word' id='word_1_477' title='bbox 3170 2278 3398 2324; x_wconf 76' lang='lat' dir='ltr'><strong>mentem</strong></span> <span class='ocrx_word' id='word_1_478' title='bbox 3436 2287 3686 2342; x_wconf 86' lang='lat' dir='ltr'><strong>magnam</strong></span> 
     </span>
    </p>
   </div>
   <div class='ocr_carea' id='block_1_62' title="bbox 2097 2357 3679 2430">
    <p class='ocr_par' dir='ltr' id='par_1_62' title="bbox 2097 2357 3679 2430">
     <span class='ocr_line' id='line_1_62' title="bbox 2097 2357 3679 2430; baseline 0.008 -21"><span class='ocrx_word' id='word_1_479' title='bbox 2097 2364 2280 2416; x_wconf 86' lang='lat' dir='ltr'><strong>vocat,</strong></span> <span class='ocrx_word' id='word_1_480' title='bbox 2338 2363 2565 2426; x_wconf 87' lang='lat' dir='ltr'><strong>propter</strong></span> <span class='ocrx_word' id='word_1_481' title='bbox 2622 2357 2861 2428; x_wconf 87' lang='lat' dir='ltr'><strong>superba</strong></span> <span class='ocrx_word' id='word_1_482' title='bbox 2911 2360 2997 2413; x_wconf 83' lang='lat' dir='ltr'><strong>et‘</strong></span> <span class='ocrx_word' id='word_1_483' title='bbox 3036 2362 3353 2430; x_wconf 84' lang='lat' dir='ltr'><strong>arrogantia</strong></span> <span class='ocrx_word' id='word_1_484' title='bbox 3391 2366 3624 2419; x_wconf 91' lang='lat' dir='ltr'><strong>consilia</strong></span> <span class='ocrx_word' id='word_1_485' title='bbox 3663 2384 3679 2421; x_wconf 89' lang='lat'><strong>:</strong></span> 
     </span>
    </p>
   </div>
   <div class='ocr_carea' id='block_1_63' title="bbox 2098 2448 3686 2522">
    <p class='ocr_par' dir='ltr' id='par_1_63' title="bbox 2098 2448 3686 2522">
     <span class='ocr_line' id='line_1_63' title="bbox 2098 2448 3686 2522; baseline 0.008 -24"><span class='ocrx_word' id='word_1_486' title='bbox 2098 2460 2271 2512; x_wconf 90' lang='lat' dir='ltr'><strong>quare</strong></span> <span class='ocrx_word' id='word_1_487' title='bbox 2300 2449 2466 2500; x_wconf 90' lang='lat' dir='ltr'><strong>etiam</strong></span> <span class='ocrx_word' id='word_1_488' title='bbox 2499 2448 2694 2502; x_wconf 89' lang='lat' dir='ltr'><strong>merito</strong></span> <span class='ocrx_word' id='word_1_489' title='bbox 2720 2449 2915 2518; x_wconf 88' lang='lat' dir='ltr'><strong>adjicit</strong></span> <span class='ocrx_word' id='word_1_490' title='bbox 2951 2468 2964 2503; x_wconf 92' lang='lat'>:</span> <span class='ocrx_word' id='word_1_491' title='bbox 3000 2468 3018 2502; x_wconf 78' lang='grc' dir='ltr'><strong>ι</strong></span> <span class='ocrx_word' id='word_1_492' title='bbox 3044 2449 3112 2504; x_wconf 87' lang='lat' dir='ltr'><strong>Et</strong></span> <span class='ocrx_word' id='word_1_493' title='bbox 3146 2467 3312 2522; x_wconf 88' lang='lat' dir='ltr'><strong>super</strong></span> <span class='ocrx_word' id='word_1_494' title='bbox 3341 2454 3686 2510; x_wconf 87' lang='lat' dir='ltr'><strong>altitudinem</strong></span> 
     </span>
    </p>
   </div>
   <div class='ocr_carea' id='block_1_64' title="bbox 2100 2537 3688 2614">
    <p class='ocr_par' dir='ltr' id='par_1_64' title="bbox 2100 2537 3688 2614">
     <span class='ocr_line' id='line_1_64' title="bbox 2100 2537 3688 2614; baseline 0.008 -26"><span class='ocrx_word' id='word_1_495' title='bbox 2100 2537 2287 2606; x_wconf 78' lang='lat' dir='ltr'><strong>gloriae</strong></span> <span class='ocrx_word' id='word_1_496' title='bbox 2335 2539 2621 2593; x_wconf 91' lang='lat' dir='ltr'><strong>oculorum</strong></span> <span class='ocrx_word' id='word_1_497' title='bbox 2660 2540 2803 2609; x_wconf 78' lang='lat' dir='ltr'><strong>ejus.</strong></span> <span class='ocrx_word' id='word_1_498' title='bbox 2857 2559 2876 2592; x_wconf 73' lang='grc' dir='ltr'><strong>ι</strong></span> <span class='ocrx_word' id='word_1_499' title='bbox 2930 2541 3117 2612; x_wconf 84' lang='lat' dir='ltr'><strong>Neque</strong></span> <span class='ocrx_word' id='word_1_500' title='bbox 3162 2544 3487 2614; x_wconf 83' lang='lat' dir='ltr'><strong>simpliciter</strong></span> <span class='ocrx_word' id='word_1_501' title='bbox 3550 2546 3688 2601; x_wconf 77' lang='lat' dir='ltr'><strong>dixit</strong></span> 
     </span>
    </p>
   </div>
   <div class='ocr_carea' id='block_1_65' title="bbox 2106 2629 3682 2704">
    <p class='ocr_par' dir='ltr' id='par_1_65' title="bbox 2106 2629 3682 2704">
     <span class='ocr_line' id='line_1_65' title="bbox 2106 2629 3682 2704; baseline 0.007 -26"><span class='ocrx_word' id='word_1_502' title='bbox 2106 2647 2124 2678; x_wconf 77' lang='grc' dir='ltr'><strong>ι</strong></span> <span class='ocrx_word' id='word_1_503' title='bbox 2173 2629 2361 2696; x_wconf 80' lang='lat' dir='ltr'><strong>gloria:</strong></span> <span class='ocrx_word' id='word_1_504' title='bbox 2414 2629 2558 2697; x_wconf 92' lang='lat' dir='ltr'><strong>cjus,</strong></span> <span class='ocrx_word' id='word_1_505' title='bbox 2600 2650 2618 2680; x_wconf 83' lang='grc'>›</span> <span class='ocrx_word' id='word_1_506' title='bbox 2649 2631 2745 2685; x_wconf 87' lang='lat' dir='ltr'><strong>sed</strong></span> <span class='ocrx_word' id='word_1_507' title='bbox 2789 2649 2807 2682; x_wconf 83' lang='grc' dir='ltr'><strong>ι</strong></span> <span class='ocrx_word' id='word_1_508' title='bbox 2855 2632 3046 2702; x_wconf 68' lang='lat' dir='ltr'><strong>gloriae</strong></span> <span class='ocrx_word' id='word_1_509' title='bbox 3105 2635 3394 2690; x_wconf 87' lang='lat' dir='ltr'><strong>oculorum</strong></span> <span class='ocrx_word' id='word_1_510' title='bbox 3452 2636 3612 2704; x_wconf 88' lang='lat' dir='ltr'><strong>ejus;</strong></span> <span class='ocrx_word' id='word_1_511' title='bbox 3661 2657 3682 2689; x_wconf 70' lang='grc' dir='ltr'><strong>ι</strong></span> 
     </span>
    </p>
   </div>
   <div class='ocr_carea' id='block_1_66' title="bbox 2102 2717 3688 2800">
    <p class='ocr_par' dir='ltr' id='par_1_66' title="bbox 2102 2717 3688 2800">
     <span class='ocr_line' id='line_1_66' title="bbox 2102 2717 3688 2800; baseline 0.008 -30"><span class='ocrx_word' id='word_1_512' title='bbox 2102 2717 2208 2772; x_wconf 89' lang='lat' dir='ltr'><strong>hoc</strong></span> <span class='ocrx_word' id='word_1_513' title='bbox 2229 2725 2334 2783; x_wconf 85' lang='lat' dir='ltr'><strong>est,</strong></span> <span class='ocrx_word' id='word_1_514' title='bbox 2358 2720 2489 2788; x_wconf 88' lang='lat' dir='ltr'><strong>quia</strong></span> <span class='ocrx_word' id='word_1_515' title='bbox 2521 2719 2684 2774; x_wconf 90' lang='lat' dir='ltr'><strong>homo</strong></span> <span class='ocrx_word' id='word_1_516' title='bbox 2700 2737 2823 2775; x_wconf 91' lang='lat' dir='ltr'><strong>cum</strong></span> <span class='ocrx_word' id='word_1_517' title='bbox 2849 2722 2944 2787; x_wconf 86' lang='lat' dir='ltr'><strong>sit,</strong></span> <span class='ocrx_word' id='word_1_518' title='bbox 2964 2723 3337 2780; x_wconf 85' lang='lat' dir='ltr'><strong>celsissimum</strong></span> <span class='ocrx_word' id='word_1_519' title='bbox 3362 2735 3414 2780; x_wconf 87' lang='lat' dir='ltr'><strong>et</strong></span> <span class='ocrx_word' id='word_1_520' title='bbox 3475 2726 3688 2800; x_wconf 81' lang='lat'><strong>1135</strong></span> 
     </span>
    </p>
   </div>
   <div class='ocr_carea' id='block_1_67' title="bbox 2103 2811 3689 2882">
    <p class='ocr_par' dir='ltr' id='par_1_67' title="bbox 2103 2811 3689 2882">
     <span class='ocr_line' id='line_1_67' title="bbox 2103 2811 3689 2882; baseline 0.008 -21"><span class='ocrx_word' id='word_1_521' title='bbox 2103 2811 2399 2864; x_wconf 81' lang='lat' dir='ltr'><strong>maximum</strong></span> <span class='ocrx_word' id='word_1_522' title='bbox 2428 2826 2490 2865; x_wconf 87' lang='lat' dir='ltr'><strong>se</strong></span> <span class='ocrx_word' id='word_1_523' title='bbox 2519 2826 2644 2867; x_wconf 88' lang='lat' dir='ltr'><strong>esse</strong></span> <span class='ocrx_word' id='word_1_524' title='bbox 2673 2813 2900 2882; x_wconf 76' lang='lat' dir='ltr'><strong>cogitat.</strong></span> <span class='ocrx_word' id='word_1_525' title='bbox 2931 2813 3082 2869; x_wconf 76' lang='lat' dir='ltr'><strong>Dixit</strong></span> <span class='ocrx_word' id='word_1_526' title='bbox 3105 2817 3252 2871; x_wconf 90' lang='lat' dir='ltr'><strong>enim</strong></span> <span class='ocrx_word' id='word_1_527' title='bbox 3286 2835 3298 2869; x_wconf 92' lang='lat'>:</span> <span class='ocrx_word' id='word_1_528' title='bbox 3334 2835 3351 2868; x_wconf 83' lang='grc' dir='ltr'><strong>ι</strong></span> <span class='ocrx_word' id='word_1_529' title='bbox 3393 2815 3448 2871; x_wconf 89' lang='lat' dir='ltr'><strong>In</strong></span> <span class='ocrx_word' id='word_1_530' title='bbox 3468 2819 3689 2872; x_wconf 83' lang='lat' dir='ltr'><strong>fortitu-</strong></span> 
     </span>
    </p>
   </div>
   <div class='ocr_carea' id='block_1_68' title="bbox 2103 2899 3690 2975">
    <p class='ocr_par' dir='ltr' id='par_1_68' title="bbox 2103 2899 3690 2975">
     <span class='ocr_line' id='line_1_68' title="bbox 2103 2899 3690 2975; baseline 0.006 -21"><span class='ocrx_word' id='word_1_531' title='bbox 2103 2899 2232 2954; x_wconf 90' lang='lat' dir='ltr'><strong>dine</strong></span> <span class='ocrx_word' id='word_1_532' title='bbox 2265 2915 2383 2954; x_wconf 88' lang='lat' dir='ltr'><strong>mea</strong></span> <span class='ocrx_word' id='word_1_533' title='bbox 2440 2903 2661 2966; x_wconf 83' lang='lat' dir='ltr'><strong>faciam,</strong></span> <span class='ocrx_word' id='word_1_534' title='bbox 2716 2905 2848 2958; x_wconf 89' lang='lat' dir='ltr'><strong>etin</strong></span> <span class='ocrx_word' id='word_1_535' title='bbox 2901 2907 3175 2975; x_wconf 84' lang='lat' dir='ltr'><strong>sapientia</strong></span> <span class='ocrx_word' id='word_1_536' title='bbox 3241 2907 3554 2963; x_wconf 88' lang='lat' dir='ltr'><strong>intellectus</strong></span> <span class='ocrx_word' id='word_1_537' title='bbox 3583 2909 3690 2964; x_wconf 83' lang='lat' dir='ltr'><strong>mei</strong></span> 
     </span>
    </p>
   </div>
   <div class='ocr_carea' id='block_1_69' title="bbox 2104 2989 3690 3067">
    <p class='ocr_par' dir='ltr' id='par_1_69' title="bbox 2104 2989 3690 3067">
     <span class='ocr_line' id='line_1_69' title="bbox 2104 2989 3690 3067; baseline 0.006 -24"><span class='ocrx_word' id='word_1_538' title='bbox 2104 2989 2347 3044; x_wconf 85' lang='lat' dir='ltr'><strong>auferam</strong></span> <span class='ocrx_word' id='word_1_539' title='bbox 2369 2992 2634 3048; x_wconf 79' lang='lat' dir='ltr'><strong>terminos</strong></span> <span class='ocrx_word' id='word_1_540' title='bbox 2660 2995 2928 3062; x_wconf 80' lang='lat' dir='ltr'><strong>gentium,</strong></span> <span class='ocrx_word' id='word_1_541' title='bbox 2953 3005 3007 3050; x_wconf 91' lang='lat' dir='ltr'><strong>et</strong></span> <span class='ocrx_word' id='word_1_542' title='bbox 3031 2995 3415 3052; x_wconf 82' lang='lat' dir='ltr'><strong>fortitudinem</strong></span> <span class='ocrx_word' id='word_1_543' title='bbox 3445 3001 3690 3067; x_wconf 79' lang='lat' dir='ltr'><strong>ipsorum</strong></span> 
     </span>
    </p>
   </div>
   <div class='ocr_carea' id='block_1_70' title="bbox 2105 3082 3689 3152">
    <p class='ocr_par' dir='ltr' id='par_1_70' title="bbox 2105 3082 3689 3152">
     <span class='ocr_line' id='line_1_70' title="bbox 2105 3082 3689 3152; baseline 0.006 -18"><span class='ocrx_word' id='word_1_544' title='bbox 2105 3082 2414 3149; x_wconf 63' lang='lat' dir='ltr'><strong>praedabor,</strong></span> <span class='ocrx_word' id='word_1_545' title='bbox 2448 3092 2502 3137; x_wconf 89' lang='lat' dir='ltr'><strong>et</strong></span> <span class='ocrx_word' id='word_1_546' title='bbox 2529 3086 2842 3140; x_wconf 88' lang='lat' dir='ltr'><strong>concutiam</strong></span> <span class='ocrx_word' id='word_1_547' title='bbox 2880 3088 3043 3142; x_wconf 89' lang='lat' dir='ltr'><strong>urbes</strong></span> <span class='ocrx_word' id='word_1_548' title='bbox 3071 3088 3368 3152; x_wconf 88' lang='lat' dir='ltr'><strong>habitatas,</strong></span> <span class='ocrx_word' id='word_1_549' title='bbox 3407 3095 3463 3142; x_wconf 87' lang='lat' dir='ltr'><strong>et</strong></span> <span class='ocrx_word' id='word_1_550' title='bbox 3499 3089 3689 3143; x_wconf 88' lang='lat' dir='ltr'><strong>orbem</strong></span> 
     </span>
    </p>
   </div>
   <div class='ocr_carea' id='block_1_71' title="bbox 2107 3175 3692 3244">
    <p class='ocr_par' dir='ltr' id='par_1_71' title="bbox 2107 3175 3692 3244">
     <span class='ocr_line' id='line_1_71' title="bbox 2107 3175 3692 3244; baseline 0.004 -21"><span class='ocrx_word' id='word_1_551' title='bbox 2107 3178 2378 3225; x_wconf 87' lang='lat' dir='ltr'><strong>terrarum</strong></span> <span class='ocrx_word' id='word_1_552' title='bbox 2431 3180 2607 3226; x_wconf 88' lang='lat' dir='ltr'><strong>totum</strong></span> <span class='ocrx_word' id='word_1_553' title='bbox 2657 3175 3121 3244; x_wconf 88' lang='lat' dir='ltr'><strong>comprehendam</strong></span> <span class='ocrx_word' id='word_1_554' title='bbox 3169 3191 3332 3230; x_wconf 90' lang='lat' dir='ltr'><strong>manu</strong></span> <span class='ocrx_word' id='word_1_555' title='bbox 3387 3191 3506 3231; x_wconf 91' lang='lat' dir='ltr'><strong>mea</strong></span> <span class='ocrx_word' id='word_1_556' title='bbox 3541 3177 3692 3232; x_wconf 87' lang='lat' dir='ltr'><strong>sicut</strong></span> 
     </span>
    </p>
   </div>
   <div class='ocr_carea' id='block_1_72' title="bbox 2108 3262 3692 3327">
    <p class='ocr_par' dir='ltr' id='par_1_72' title="bbox 2108 3262 3692 3327">
     <span class='ocr_line' id='line_1_72' title="bbox 2108 3262 3692 3327; baseline 0.003 -12"><span class='ocrx_word' id='word_1_557' title='bbox 2108 3262 2320 3326; x_wconf 91' lang='lat' dir='ltr'><strong>nidum,</strong></span> <span class='ocrx_word' id='word_1_558' title='bbox 2364 3271 2418 3316; x_wconf 89' lang='lat' dir='ltr'><strong>et</strong></span> <span class='ocrx_word' id='word_1_559' title='bbox 2456 3265 2602 3319; x_wconf 88' lang='lat' dir='ltr'><strong>sicut</strong></span> <span class='ocrx_word' id='word_1_560' title='bbox 2633 3279 2735 3318; x_wconf 90' lang='lat' dir='ltr'><strong>ova</strong></span> <span class='ocrx_word' id='word_1_561' title='bbox 2778 3265 3045 3319; x_wconf 87' lang='lat' dir='ltr'><strong>derelicta</strong></span> <span class='ocrx_word' id='word_1_562' title='bbox 3087 3267 3297 3327; x_wconf 87' lang='lat' dir='ltr'><strong>tollam.</strong></span> <span class='ocrx_word' id='word_1_563' title='bbox 3335 3274 3389 3321; x_wconf 85' lang='lat' dir='ltr'><strong>et</strong></span> <span class='ocrx_word' id='word_1_564' title='bbox 3430 3282 3541 3321; x_wconf 91' lang='lat' dir='ltr'><strong>non</strong></span> <span class='ocrx_word' id='word_1_565' title='bbox 3583 3267 3692 3321; x_wconf 87' lang='lat' dir='ltr'><strong>erit</strong></span> 
     </span>
    </p>
   </div>
   <div class='ocr_carea' id='block_1_73' title="bbox 2107 3350 3692 3422">
    <p class='ocr_par' dir='ltr' id='par_1_73' title="bbox 2107 3350 3692 3422">
     <span class='ocr_line' id='line_1_73' title="bbox 2107 3350 3692 3422; baseline 0.004 -19"><span class='ocrx_word' id='word_1_566' title='bbox 2107 3351 2199 3420; x_wconf 91' lang='lat' dir='ltr'><strong>qui</strong></span> <span class='ocrx_word' id='word_1_567' title='bbox 2225 3350 2454 3420; x_wconf 84' lang='lat' dir='ltr'><strong>eﬂ&#39;ugiat</strong></span> <span class='ocrx_word' id='word_1_568' title='bbox 2485 3366 2591 3416; x_wconf 92' lang='lat' dir='ltr'><strong>me,</strong></span> <span class='ocrx_word' id='word_1_569' title='bbox 2630 3362 2725 3406; x_wconf 91' lang='lat' dir='ltr'><strong>aut</strong></span> <span class='ocrx_word' id='word_1_570' title='bbox 2750 3353 3101 3406; x_wconf 85' lang='lat' dir='ltr'><strong>contradicat</strong></span> <span class='ocrx_word' id='word_1_571' title='bbox 3147 3353 3280 3406; x_wconf 88' lang='lat' dir='ltr'><strong>mihi</strong></span> <span class='ocrx_word' id='word_1_572' title='bbox 3305 3361 3385 3406; x_wconf 71' lang='grc' dir='ltr'><strong>ι.»</strong></span> <span class='ocrx_word' id='word_1_573' title='bbox 3420 3354 3495 3406; x_wconf 91' lang='lat' dir='ltr'><strong>Ita</strong></span> <span class='ocrx_word' id='word_1_574' title='bbox 3537 3362 3692 3422; x_wconf 48' lang='lat' dir='ltr'><strong>patr</strong></span> 
     </span>
    </p>
   </div>
   <div class='ocr_carea' id='block_1_74' title="bbox 2110 3442 3688 3516">
    <p class='ocr_par' dir='ltr' id='par_1_74' title="bbox 2110 3442 3688 3516">
     <span class='ocr_line' id='line_1_74' title="bbox 2110 3442 3688 3516; baseline 0.003 -20"><span class='ocrx_word' id='word_1_575' title='bbox 2110 3442 2253 3496; x_wconf 85' lang='lat' dir='ltr'><strong>facta</strong></span> <span class='ocrx_word' id='word_1_576' title='bbox 2308 3443 2707 3514; x_wconf 88' lang='lat' dir='ltr'><strong>cogitationum</strong></span> <span class='ocrx_word' id='word_1_577' title='bbox 2763 3444 2980 3516; x_wconf 82' lang='lat' dir='ltr'><strong>Assyrii</strong></span> <span class='ocrx_word' id='word_1_578' title='bbox 3043 3446 3336 3514; x_wconf 86' lang='lat' dir='ltr'><strong>superbia,</strong></span> <span class='ocrx_word' id='word_1_579' title='bbox 3390 3447 3688 3500; x_wconf 69' lang='lat' dir='ltr'><strong>vanitatem</strong></span> 
     </span>
    </p>
   </div>
   <div class='ocr_carea' id='block_1_75' title="bbox 2107 3536 3694 3609">
    <p class='ocr_par' dir='ltr' id='par_1_75' title="bbox 2107 3536 3694 3609">
     <span class='ocr_line' id='line_1_75' title="bbox 2107 3536 3694 3609; baseline 0.003 -19"><span class='ocrx_word' id='word_1_580' title='bbox 2107 3536 2464 3591; x_wconf 89' lang='lat' dir='ltr'><strong>consiliorum</strong></span> <span class='ocrx_word' id='word_1_581' title='bbox 2517 3537 2638 3604; x_wconf 83' lang='lat' dir='ltr'><strong>ejus</strong></span> <span class='ocrx_word' id='word_1_582' title='bbox 2697 3539 3076 3609; x_wconf 82' lang='lat' dir='ltr'><strong>reprehendit,</strong></span> <span class='ocrx_word' id='word_1_583' title='bbox 3120 3554 3183 3593; x_wconf 87' lang='lat' dir='ltr'><strong>ac</strong></span> <span class='ocrx_word' id='word_1_584' title='bbox 3219 3540 3384 3594; x_wconf 88' lang='lat' dir='ltr'><strong>docet</strong></span> <span class='ocrx_word' id='word_1_585' title='bbox 3431 3539 3569 3594; x_wconf 91' lang='lat' dir='ltr'><strong>nihil</strong></span> <span class='ocrx_word' id='word_1_586' title='bbox 3601 3555 3694 3595; x_wconf 82' lang='lat' dir='ltr'><strong>eo-</strong></span> 
     </span>
    </p>
   </div>
   <div class='ocr_carea' id='block_1_76' title="bbox 2107 3627 3690 3700">
    <p class='ocr_par' dir='ltr' id='par_1_76' title="bbox 2107 3627 3690 3700">
     <span class='ocr_line' id='line_1_76' title="bbox 2107 3627 3690 3700; baseline 0.004 -20"><span class='ocrx_word' id='word_1_587' title='bbox 2107 3641 2232 3680; x_wconf 87' lang='lat' dir='ltr'><strong>rum</strong></span> <span class='ocrx_word' id='word_1_588' title='bbox 2266 3643 2390 3698; x_wconf 83' lang='lat' dir='ltr'><strong>quae</strong></span> <span class='ocrx_word' id='word_1_589' title='bbox 2442 3627 2590 3682; x_wconf 90' lang='lat' dir='ltr'><strong>facta</strong></span> <span class='ocrx_word' id='word_1_590' title='bbox 2632 3637 2763 3684; x_wconf 91' lang='lat' dir='ltr'><strong>sunt</strong></span> <span class='ocrx_word' id='word_1_591' title='bbox 2801 3631 2870 3685; x_wconf 89' lang='lat' dir='ltr'><strong>ab</strong></span> <span class='ocrx_word' id='word_1_592' title='bbox 2908 3630 3028 3700; x_wconf 88' lang='lat' dir='ltr'><strong>ipso</strong></span> <span class='ocrx_word' id='word_1_593' title='bbox 3084 3629 3199 3684; x_wconf 83' lang='lat' dir='ltr'><strong>fieri</strong></span> <span class='ocrx_word' id='word_1_594' title='bbox 3243 3631 3522 3700; x_wconf 84' lang='lat' dir='ltr'><strong>potuisse,</strong></span> <span class='ocrx_word' id='word_1_595' title='bbox 3580 3630 3690 3686; x_wconf 74' lang='lat' dir='ltr'><strong>nisi</strong></span> 
     </span>
    </p>
   </div>
   <div class='ocr_carea' id='block_1_77' title="bbox 2110 3715 3692 3788">
    <p class='ocr_par' dir='ltr' id='par_1_77' title="bbox 2110 3715 3692 3788">
     <span class='ocr_line' id='line_1_77' title="bbox 2110 3715 3692 3788; baseline 0.003 -19"><span class='ocrx_word' id='word_1_596' title='bbox 2110 3715 2255 3772; x_wconf 89' lang='lat' dir='ltr'><strong>Deus</strong></span> <span class='ocrx_word' id='word_1_597' title='bbox 2317 3718 2730 3782; x_wconf 86' lang='lat' dir='ltr'><strong>concessisset,</strong></span> <span class='ocrx_word' id='word_1_598' title='bbox 2783 3719 2879 3788; x_wconf 91' lang='lat' dir='ltr'><strong>qui</strong></span> <span class='ocrx_word' id='word_1_599' title='bbox 2921 3718 3095 3772; x_wconf 87' lang='lat' dir='ltr'><strong>voluit</strong></span> <span class='ocrx_word' id='word_1_600' title='bbox 3142 3732 3332 3788; x_wconf 60' lang='lat' dir='ltr'><strong>pinnas</strong></span> <span class='ocrx_word' id='word_1_601' title='bbox 3391 3719 3692 3787; x_wconf 83' lang='lat' dir='ltr'><strong>impietatis</strong></span> 
     </span>
    </p>
   </div>
   <div class='ocr_carea' id='block_1_78' title="bbox 417 3807 2001 3878">
    <p class='ocr_par' dir='ltr' id='par_1_78' title="bbox 417 3807 2001 3878">
     <span class='ocr_line' id='line_1_78' title="bbox 417 3807 2001 3878; baseline -0.004 -10"><span class='ocrx_word' id='word_1_602' title='bbox 417 3815 516 3867; x_wconf 80' lang='grc' dir='ltr'>καὶ</span> <span class='ocrx_word' id='word_1_603' title='bbox 539 3812 803 3876; x_wconf 79' lang='grc' dir='ltr'>διδάσκει,</span> <span class='ocrx_word' id='word_1_604' title='bbox 831 3810 906 3873; x_wconf 86' lang='grc' dir='ltr'>ὡς</span> <span class='ocrx_word' id='word_1_605' title='bbox 932 3809 1085 3863; x_wconf 79' lang='grc' dir='ltr'>οὐδὲν</span> <span class='ocrx_word' id='word_1_606' title='bbox 1109 3808 1176 3862; x_wconf 78' lang='grc' dir='ltr'>ἂν</span> <span class='ocrx_word' id='word_1_607' title='bbox 1197 3809 1306 3861; x_wconf 86' lang='grc' dir='ltr'><strong>τῶν</strong></span> <span class='ocrx_word' id='word_1_608' title='bbox 1328 3808 1420 3860; x_wconf 82' lang='grc' dir='ltr'><strong>ὑπ’</strong></span> <span class='ocrx_word' id='word_1_609' title='bbox 1444 3807 1609 3861; x_wconf 81' lang='grc' dir='ltr'>αὑτοῦ</span> <span class='ocrx_word' id='word_1_610' title='bbox 1633 3807 1942 3878; x_wconf 86' lang='grc' dir='ltr'>γενομένων</span> <span class='ocrx_word' id='word_1_611' title='bbox 1958 3807 2001 3840; x_wconf 78' lang='grc'><strong>⁴⁹</strong></span> 
     </span>
    </p>
   </div>
   <div class='ocr_carea' id='block_1_79' title="bbox 2100 3807 3693 3878">
    <p class='ocr_par' dir='ltr' id='par_1_79' title="bbox 2109 3807 3693 3878">
     <span class='ocr_line' id='line_1_79' title="bbox 2109 3807 3693 3878; baseline 0 -18"><span class='ocrx_word' id='word_1_612' title='bbox 2109 3807 2250 3877; x_wconf 79' lang='lat' dir='ltr'><strong>exigi</strong></span> <span class='ocrx_word' id='word_1_613' title='bbox 2284 3807 2354 3861; x_wconf 89' lang='lat' dir='ltr'><strong>ab</strong></span> <span class='ocrx_word' id='word_1_614' title='bbox 2377 3808 2466 3872; x_wconf 87' lang='lat' dir='ltr'><strong>iis,</strong></span> <span class='ocrx_word' id='word_1_615' title='bbox 2495 3808 2696 3878; x_wconf 86' lang='lat' dir='ltr'><strong>quibus</strong></span> <span class='ocrx_word' id='word_1_616' title='bbox 2722 3808 2838 3864; x_wconf 86' lang='lat' dir='ltr'><strong>haec</strong></span> <span class='ocrx_word' id='word_1_617' title='bbox 2870 3808 3146 3863; x_wconf 86' lang='lat' dir='ltr'><strong>accidere.</strong></span> <span class='ocrx_word' id='word_1_618' title='bbox 3186 3808 3368 3874; x_wconf 87' lang='lat' dir='ltr'><strong>Quare</strong></span> <span class='ocrx_word' id='word_1_619' title='bbox 3401 3808 3530 3878; x_wconf 92' lang='lat' dir='ltr'><strong>jure</strong></span> <span class='ocrx_word' id='word_1_620' title='bbox 3560 3811 3693 3862; x_wconf 80' lang='lat' dir='ltr'><strong>sub-</strong></span> 
     </span>
    </p>
   </div>
   <div class='ocr_carea' id='block_1_80' title="bbox 420 3897 2001 3974">
    <p class='ocr_par' dir='ltr' id='par_1_80' title="bbox 420 3899 2001 3974">
     <span class='ocr_line' id='line_1_80' title="bbox 420 3899 2001 3974; baseline -0.004 -15"><span class='ocrx_word' id='word_1_621' title='bbox 420 3905 640 3973; x_wconf 72' lang='grc' dir='ltr'>ἐγένετο</span> <span class='ocrx_word' id='word_1_622' title='bbox 662 3945 677 3970; x_wconf 94' lang='grc'><strong>,</strong></span> <span class='ocrx_word' id='word_1_623' title='bbox 714 3905 791 3974; x_wconf 79' lang='grc' dir='ltr'>μὴ</span> <span class='ocrx_word' id='word_1_624' title='bbox 820 3901 916 3954; x_wconf 80' lang='grc' dir='ltr'>τοῦ</span> <span class='ocrx_word' id='word_1_625' title='bbox 949 3901 1086 3954; x_wconf 81' lang='grc' dir='ltr'>Θεοῦ</span> <span class='ocrx_word' id='word_1_626' title='bbox 1114 3901 1571 3971; x_wconf 78' lang='grc' dir='ltr'>συγχωρήσαντος</span> <span class='ocrx_word' id='word_1_627' title='bbox 1596 3943 1610 3966; x_wconf 93' lang='grc'><strong>,</strong></span> <span class='ocrx_word' id='word_1_628' title='bbox 1666 3900 1761 3953; x_wconf 70' lang='grc' dir='ltr'>καὶ</span> <span class='ocrx_word' id='word_1_629' title='bbox 1813 3899 2001 3970; x_wconf 84' lang='grc' dir='ltr'>βουλη-</span> 
     </span>
    </p>
   </div>
   <div class='ocr_carea' id='block_1_81' title="bbox 2100 3897 3691 3974">
    <p class='ocr_par' dir='ltr' id='par_1_81' title="bbox 2106 3897 3691 3970">
     <span class='ocr_line' id='line_1_81' title="bbox 2106 3897 3691 3970; baseline 0.003 -20"><span class='ocrx_word' id='word_1_630' title='bbox 2106 3897 2229 3967; x_wconf 90' lang='lat' dir='ltr'><strong>jicit</strong></span> <span class='ocrx_word' id='word_1_631' title='bbox 2259 3916 2271 3950; x_wconf 92' lang='lat'>:</span> <span class='ocrx_word' id='word_1_632' title='bbox 2307 3917 2325 3950; x_wconf 81' lang='grc' dir='ltr'><strong>ι</strong></span> <span class='ocrx_word' id='word_1_633' title='bbox 2366 3898 2627 3968; x_wconf 86' lang='lat' dir='ltr'><strong>Nunquid</strong></span> <span class='ocrx_word' id='word_1_634' title='bbox 2665 3899 2994 3969; x_wconf 86' lang='lat' dir='ltr'><strong>gloriabitur</strong></span> <span class='ocrx_word' id='word_1_635' title='bbox 3024 3899 3242 3955; x_wconf 88' lang='lat' dir='ltr'><strong>securis</strong></span> <span class='ocrx_word' id='word_1_636' title='bbox 3298 3900 3420 3954; x_wconf 89' lang='lat' dir='ltr'><strong>sine</strong></span> <span class='ocrx_word' id='word_1_637' title='bbox 3472 3914 3540 3954; x_wconf 87' lang='lat' dir='ltr'><strong>eo</strong></span> <span class='ocrx_word' id='word_1_638' title='bbox 3593 3901 3691 3970; x_wconf 88' lang='lat' dir='ltr'><strong>qui</strong></span> 
     </span>
    </p>
   </div>
   <div class='ocr_carea' id='block_1_82' title="bbox 421 3989 2001 4062">
    <p class='ocr_par' dir='ltr' id='par_1_82' title="bbox 421 3990 2001 4062">
     <span class='ocr_line' id='line_1_82' title="bbox 421 3990 2001 4062; baseline -0.004 -12"><span class='ocrx_word' id='word_1_639' title='bbox 421 3997 610 4058; x_wconf 81' lang='grc' dir='ltr'>θέντος</span> <span class='ocrx_word' id='word_1_640' title='bbox 639 3996 796 4058; x_wconf 83' lang='grc' dir='ltr'>δίκας</span> <span class='ocrx_word' id='word_1_641' title='bbox 825 3994 920 4062; x_wconf 85' lang='grc' dir='ltr'>τῆς</span> <span class='ocrx_word' id='word_1_642' title='bbox 954 3992 1210 4055; x_wconf 87' lang='grc' dir='ltr'>ἀσεϐείας</span> <span class='ocrx_word' id='word_1_643' title='bbox 1254 3991 1654 4062; x_wconf 81' lang='grc' dir='ltr'>εἰσπράξασθαι</span> <span class='ocrx_word' id='word_1_644' title='bbox 1681 3991 1804 4055; x_wconf 83' lang='grc' dir='ltr'>τοὺς</span> <span class='ocrx_word' id='word_1_645' title='bbox 1834 3990 2001 4044; x_wconf 82' lang='grc' dir='ltr'>ταῦτα</span> 
     </span>
    </p>
   </div>
   <div class='ocr_carea' id='block_1_83' title="bbox 2100 3989 3691 4062">
    <p class='ocr_par' dir='ltr' id='par_1_83' title="bbox 2110 3989 3691 4046">
     <span class='ocr_line' id='line_1_83' title="bbox 2110 3989 3691 4046; baseline 0.001 -4"><span class='ocrx_word' id='word_1_646' title='bbox 2110 3989 2274 4043; x_wconf 85' lang='lat' dir='ltr'><strong>caedit</strong></span> <span class='ocrx_word' id='word_1_647' title='bbox 2303 4005 2430 4044; x_wconf 87' lang='lat' dir='ltr'><strong>cum</strong></span> <span class='ocrx_word' id='word_1_648' title='bbox 2460 3991 2562 4044; x_wconf 88' lang='lat' dir='ltr'><strong>ea?</strong></span> <span class='ocrx_word' id='word_1_649' title='bbox 2588 3996 2685 4044; x_wconf 89' lang='lat' dir='ltr'><strong>aut</strong></span> <span class='ocrx_word' id='word_1_650' title='bbox 2713 4005 2844 4044; x_wconf 92' lang='lat' dir='ltr'><strong>num</strong></span> <span class='ocrx_word' id='word_1_651' title='bbox 2871 3990 3208 4045; x_wconf 80' lang='lat' dir='ltr'><strong>exaltabitur</strong></span> <span class='ocrx_word' id='word_1_652' title='bbox 3239 4005 3392 4046; x_wconf 84' lang='lat' dir='ltr'><strong>serra</strong></span> <span class='ocrx_word' id='word_1_653' title='bbox 3430 3989 3551 4045; x_wconf 83' lang='lat' dir='ltr'><strong>sine</strong></span> <span class='ocrx_word' id='word_1_654' title='bbox 3575 3998 3691 4043; x_wconf 85' lang='lat' dir='ltr'><strong>tra-</strong></span> 
     </span>
    </p>
   </div>
   <div class='ocr_carea' id='block_1_84' title="bbox 423 4075 2001 4152">
    <p class='ocr_par' dir='ltr' id='par_1_84' title="bbox 423 4075 2001 4152">
     <span class='ocr_line' id='line_1_84' title="bbox 423 4075 2001 4152; baseline -0.004 -13"><span class='ocrx_word' id='word_1_655' title='bbox 423 4087 520 4140; x_wconf 82' lang='grc' dir='ltr'><strong>ὑπ’</strong></span> <span class='ocrx_word' id='word_1_656' title='bbox 570 4084 734 4138; x_wconf 83' lang='grc' dir='ltr'><strong>αὐτοῦ</strong></span> <span class='ocrx_word' id='word_1_657' title='bbox 767 4082 1124 4144; x_wconf 80' lang='grc' dir='ltr'>πεπονθότας.</span> <span class='ocrx_word' id='word_1_658' title='bbox 1161 4075 1236 4135; x_wconf 66' lang='lat' dir='ltr'><strong>Ob</strong></span> <span class='ocrx_word' id='word_1_659' title='bbox 1289 4081 1449 4152; x_wconf 89' lang='grc' dir='ltr'>χάριν</span> <span class='ocrx_word' id='word_1_660' title='bbox 1495 4080 1720 4142; x_wconf 77' lang='grc' dir='ltr'>εἰκότως</span> <span class='ocrx_word' id='word_1_661' title='bbox 1766 4081 2001 4149; x_wconf 86' lang='grc' dir='ltr'>ἐπάγει·</span> 
     </span>
    </p>
   </div>
   <div class='ocr_carea' id='block_1_85' title="bbox 2100 4075 3692 4152">
    <p class='ocr_par' dir='ltr' id='par_1_85' title="bbox 2111 4079 3692 4152">
     <span class='ocr_line' id='line_1_85' title="bbox 2111 4079 3692 4152; baseline 0.003 -19"><span class='ocrx_word' id='word_1_662' title='bbox 2111 4079 2277 4133; x_wconf 86' lang='lat' dir='ltr'><strong>hcnte</strong></span> <span class='ocrx_word' id='word_1_663' title='bbox 2301 4080 2464 4134; x_wconf 86' lang='lat' dir='ltr'><strong>eam?</strong></span> <span class='ocrx_word' id='word_1_664' title='bbox 2489 4081 2749 4134; x_wconf 89' lang='lat' dir='ltr'><strong>similiter</strong></span> <span class='ocrx_word' id='word_1_665' title='bbox 2777 4081 2823 4136; x_wconf 92' lang='lat' dir='ltr'><strong>si</strong></span> <span class='ocrx_word' id='word_1_666' title='bbox 2863 4081 2989 4150; x_wconf 87' lang='lat' dir='ltr'><strong>quis</strong></span> <span class='ocrx_word' id='word_1_667' title='bbox 3030 4080 3294 4136; x_wconf 79' lang='lat' dir='ltr'><strong>extulerit</strong></span> <span class='ocrx_word' id='word_1_668' title='bbox 3332 4081 3570 4152; x_wconf 82' lang='lat' dir='ltr'><strong>virgam,</strong></span> <span class='ocrx_word' id='word_1_669' title='bbox 3606 4081 3692 4137; x_wconf 89' lang='lat' dir='ltr'><strong>vel</strong></span> 
     </span>
    </p>
   </div>
   <div class='ocr_carea' id='block_1_86' title="bbox 426 4170 2001 4248">
    <p class='ocr_par' dir='ltr' id='par_1_86' title="bbox 426 4170 2001 4248">
     <span class='ocr_line' id='line_1_86' title="bbox 426 4170 2001 4248; baseline -0.003 -19"><span class='ocrx_word' id='word_1_670' title='bbox 426 4197 446 4229; x_wconf 74' lang='grc' dir='ltr'><strong>ι</strong></span> <span class='ocrx_word' id='word_1_671' title='bbox 484 4176 580 4248; x_wconf 79' lang='grc' dir='ltr'><strong>Μὴ</strong></span> <span class='ocrx_word' id='word_1_672' title='bbox 629 4173 1016 4246; x_wconf 80' lang='grc' dir='ltr'>δοξασθήσεται</span> <span class='ocrx_word' id='word_1_673' title='bbox 1071 4171 1225 4240; x_wconf 81' lang='grc' dir='ltr'>ἀξίνη</span> <span class='ocrx_word' id='word_1_674' title='bbox 1281 4171 1409 4224; x_wconf 81' lang='grc' dir='ltr'>ἄνευ</span> <span class='ocrx_word' id='word_1_675' title='bbox 1459 4170 1554 4223; x_wconf 77' lang='grc' dir='ltr'>τοῦ</span> <span class='ocrx_word' id='word_1_676' title='bbox 1606 4171 1898 4234; x_wconf 86' lang='grc' dir='ltr'>κόπτοντος</span> <span class='ocrx_word' id='word_1_677' title='bbox 1946 4171 2001 4224; x_wconf 75' lang='grc' dir='ltr'><strong>ἐν</strong></span> 
     </span>
    </p>
   </div>
   <div class='ocr_carea' id='block_1_87' title="bbox 2100 4170 3692 4248">
    <p class='ocr_par' dir='ltr' id='par_1_87' title="bbox 2109 4170 3692 4241">
     <span class='ocr_line' id='line_1_87' title="bbox 2109 4170 3692 4241; baseline 0 -17"><span class='ocrx_word' id='word_1_678' title='bbox 2109 4170 2314 4238; x_wconf 79' lang='lat' dir='ltr'><strong>lignum</strong></span> <span class='ocrx_word' id='word_1_679' title='bbox 2329 4179 2380 4221; x_wconf 72' lang='grc'>1.</span> <span class='ocrx_word' id='word_1_680' title='bbox 2404 4188 2423 4222; x_wconf 74' lang='grc' dir='ltr'><strong>ι</strong></span> <span class='ocrx_word' id='word_1_681' title='bbox 2452 4170 2948 4236; x_wconf 88' lang='lat' dir='ltr'><strong>Quemadmodum,</strong></span> <span class='ocrx_word' id='word_1_682' title='bbox 2975 4171 3179 4241; x_wconf 88' lang='lat' dir='ltr'><strong>inquit,</strong></span> <span class='ocrx_word' id='word_1_683' title='bbox 3205 4171 3322 4226; x_wconf 84' lang='lat' dir='ltr'><strong>ﬁeri</strong></span> <span class='ocrx_word' id='word_1_684' title='bbox 3353 4185 3462 4230; x_wconf 90' lang='lat' dir='ltr'><strong>non</strong></span> <span class='ocrx_word' id='word_1_685' title='bbox 3487 4178 3692 4241; x_wconf 84' lang='lat' dir='ltr'><strong>potest,</strong></span> 
     </span>
    </p>
   </div>
   <div class='ocr_carea' id='block_1_88' title="bbox 421 4257 2001 4358">
    <p class='ocr_par' dir='ltr' id='par_1_88' title="bbox 421 4261 2001 4339">
     <span class='ocr_line' id='line_1_88' title="bbox 421 4261 2001 4339; baseline -0.007 -15"><span class='ocrx_word' id='word_1_686' title='bbox 421 4269 601 4339; x_wconf 76' lang='grc' dir='ltr'>αὗτῇ;</span> <span class='ocrx_word' id='word_1_687' title='bbox 630 4267 665 4336; x_wconf 78' lang='grc' dir='ltr'><strong>ἢ</strong></span> <span class='ocrx_word' id='word_1_688' title='bbox 716 4264 1066 4335; x_wconf 73' lang='grc' dir='ltr'>ὑψωθήσεται</span> <span class='ocrx_word' id='word_1_689' title='bbox 1099 4262 1275 4334; x_wconf 82' lang='grc' dir='ltr'>πρίων</span> <span class='ocrx_word' id='word_1_690' title='bbox 1319 4261 1447 4316; x_wconf 72' lang='grc' dir='ltr'>ἄνευ</span> <span class='ocrx_word' id='word_1_691' title='bbox 1489 4261 1586 4314; x_wconf 83' lang='grc' dir='ltr'>τοῦ</span> <span class='ocrx_word' id='word_1_692' title='bbox 1628 4261 1874 4326; x_wconf 77' lang='grc' dir='ltr'>ἐλκοντος</span> <span class='ocrx_word' id='word_1_693' title='bbox 1903 4262 2001 4316; x_wconf 81' lang='grc' dir='ltr'><strong>αὐ-</strong></span> 
     </span>
    </p>
   </div>
   <div class='ocr_carea' id='block_1_89' title="bbox 2100 4257 3687 4358">
    <p class='ocr_par' dir='ltr' id='par_1_89' title="bbox 2113 4257 3687 4330">
     <span class='ocr_line' id='line_1_89' title="bbox 2113 4257 3687 4330; baseline 0 -18"><span class='ocrx_word' id='word_1_694' title='bbox 2113 4265 2174 4312; x_wconf 93' lang='lat' dir='ltr'><strong>ut</strong></span> <span class='ocrx_word' id='word_1_695' title='bbox 2208 4265 2403 4328; x_wconf 86' lang='lat' dir='ltr'><strong>sponte</strong></span> <span class='ocrx_word' id='word_1_696' title='bbox 2432 4257 2671 4320; x_wconf 86' lang='lat' dir='ltr'><strong>securis,</strong></span> <span class='ocrx_word' id='word_1_697' title='bbox 2702 4258 2788 4312; x_wconf 87' lang='lat' dir='ltr'><strong>vel</strong></span> <span class='ocrx_word' id='word_1_698' title='bbox 2816 4273 2992 4321; x_wconf 85' lang='lat' dir='ltr'><strong>serra,</strong></span> <span class='ocrx_word' id='word_1_699' title='bbox 3026 4267 3124 4312; x_wconf 89' lang='lat' dir='ltr'><strong>aut</strong></span> <span class='ocrx_word' id='word_1_700' title='bbox 3170 4259 3324 4330; x_wconf 85' lang='lat' dir='ltr'><strong>virga</strong></span> <span class='ocrx_word' id='word_1_701' title='bbox 3364 4269 3687 4314; x_wconf 79' lang='lat' dir='ltr'><strong>moveatur:</strong></span> 
     </span>
    </p>
   </div>
   <div class='ocr_carea' id='block_1_90' title="bbox 421 4352 2001 4427">
    <p class='ocr_par' dir='ltr' id='par_1_90' title="bbox 421 4352 2001 4427">
     <span class='ocr_line' id='line_1_90' title="bbox 421 4352 2001 4427; baseline -0.004 -15"><span class='ocrx_word' id='word_1_702' title='bbox 421 4357 554 4424; x_wconf 63' lang='lat' dir='ltr'><strong>16v;</strong></span> <span class='ocrx_word' id='word_1_703' title='bbox 596 4355 869 4420; x_wconf 79' lang='grc' dir='ltr'>Ὡσαύτως</span> <span class='ocrx_word' id='word_1_704' title='bbox 908 4357 1002 4410; x_wconf 87' lang='grc' dir='ltr'><strong>ἐάν</strong></span> <span class='ocrx_word' id='word_1_705' title='bbox 1034 4372 1118 4418; x_wconf 91' lang='grc' dir='ltr'><strong>τις</strong></span> <span class='ocrx_word' id='word_1_706' title='bbox 1151 4355 1258 4427; x_wconf 76' lang='grc' dir='ltr'><strong>ἄρῃ</strong></span> <span class='ocrx_word' id='word_1_707' title='bbox 1295 4353 1488 4425; x_wconf 81' lang='grc' dir='ltr'>ῥάϐδον</span> <span class='ocrx_word' id='word_1_708' title='bbox 1519 4354 1552 4423; x_wconf 80' lang='grc' dir='ltr'><strong>ἢ</strong></span> <span class='ocrx_word' id='word_1_709' title='bbox 1591 4352 1764 4420; x_wconf 83' lang='grc' dir='ltr'>ξύλον.</span> <span class='ocrx_word' id='word_1_710' title='bbox 1795 4372 1814 4404; x_wconf 73' lang='grc' dir='ltr'><strong>ι</strong></span> <span class='ocrx_word' id='word_1_711' title='bbox 1852 4353 2001 4407; x_wconf 83' lang='grc' dir='ltr'>Καθ-</span> 
     </span>
    </p>
   </div>
   <div class='ocr_carea' id='block_1_91' title="bbox 2100 4352 3690 4427">
    <p class='ocr_par' dir='ltr' id='par_1_91' title="bbox 2111 4352 3690 4425">
     <span class='ocr_line' id='line_1_91' title="bbox 2111 4352 3690 4425; baseline -0.001 -17"><span class='ocrx_word' id='word_1_712' title='bbox 2111 4362 2246 4410; x_wconf 89' lang='lat' dir='ltr'><strong>tunc</strong></span> <span class='ocrx_word' id='word_1_713' title='bbox 2295 4353 2444 4408; x_wconf 91' lang='lat' dir='ltr'><strong>enim</strong></span> <span class='ocrx_word' id='word_1_714' title='bbox 2504 4354 2940 4425; x_wconf 88' lang='lat' dir='ltr'><strong>unumquodque</strong></span> <span class='ocrx_word' id='word_1_715' title='bbox 3001 4354 3198 4409; x_wconf 86' lang='lat' dir='ltr'><strong>borum</strong></span> <span class='ocrx_word' id='word_1_716' title='bbox 3244 4352 3690 4424; x_wconf 71' lang='lat' dir='ltr'><strong>Operatur,&#39;cum</strong></span> 
     </span>
    </p>
   </div>
   <div class='ocr_carea' id='block_1_92' title="bbox 391 4443 2001 4537">
    <p class='ocr_par' dir='ltr' id='par_1_92' title="bbox 391 4443 2001 4519">
     <span class='ocr_line' id='line_1_92' title="bbox 391 4443 2001 4519; baseline -0.003 -16"><span class='ocrx_word' id='word_1_717' title='bbox 391 4483 396 4485; x_wconf 95' lang='lat'><strong><em>-</em></strong></span> <span class='ocrx_word' id='word_1_718' title='bbox 424 4450 596 4519; x_wconf 81' lang='grc' dir='ltr'>ἅπερ,</span> <span class='ocrx_word' id='word_1_719' title='bbox 615 4449 800 4518; x_wconf 78' lang='grc' dir='ltr'>φησὶν,</span> <span class='ocrx_word' id='word_1_720' title='bbox 820 4445 1104 4511; x_wconf 83' lang='grc' dir='ltr'>ἀδύνατον,</span> <span class='ocrx_word' id='word_1_721' title='bbox 1134 4445 1456 4514; x_wconf 79' lang='grc' dir='ltr'>αὐτομάτως</span> <span class='ocrx_word' id='word_1_722' title='bbox 1486 4443 1694 4513; x_wconf 82' lang='grc' dir='ltr'>ἀξίνην,</span> <span class='ocrx_word' id='word_1_723' title='bbox 1725 4443 1758 4516; x_wconf 83' lang='grc' dir='ltr'>ἢ</span> <span class='ocrx_word' id='word_1_724' title='bbox 1789 4445 2001 4515; x_wconf 88' lang='grc' dir='ltr'>πρίονα,</span> 
     </span>
    </p>
   </div>
   <div class='ocr_carea' id='block_1_93' title="bbox 2100 4443 3693 4537">
    <p class='ocr_par' dir='ltr' id='par_1_93' title="bbox 2112 4444 3693 4516">
     <span class='ocr_line' id='line_1_93' title="bbox 2112 4444 3693 4516; baseline -0.001 -14"><span class='ocrx_word' id='word_1_725' title='bbox 2112 4445 2312 4516; x_wconf 88' lang='lat' dir='ltr'><strong>aliquis</strong></span> <span class='ocrx_word' id='word_1_726' title='bbox 2335 4444 2555 4500; x_wconf 86' lang='lat' dir='ltr'><strong>admota</strong></span> <span class='ocrx_word' id='word_1_727' title='bbox 2606 4460 2769 4499; x_wconf 90' lang='lat' dir='ltr'><strong>manu</strong></span> <span class='ocrx_word' id='word_1_728' title='bbox 2807 4459 2873 4501; x_wconf 87' lang='lat' dir='ltr'><strong>ea</strong></span> <span class='ocrx_word' id='word_1_729' title='bbox 2904 4445 3143 4500; x_wconf 86' lang='lat' dir='ltr'><strong>voluerit</strong></span> <span class='ocrx_word' id='word_1_730' title='bbox 3191 4459 3538 4500; x_wconf 86' lang='lat' dir='ltr'><strong>commovere</strong></span> <span class='ocrx_word' id='word_1_731' title='bbox 3566 4463 3580 4498; x_wconf 88' lang='lat'><strong>:</strong></span> <span class='ocrx_word' id='word_1_732' title='bbox 3610 4446 3693 4500; x_wconf 85' lang='lat' dir='ltr'><strong>sic</strong></span> 
     </span>
    </p>
   </div>
   <div class='ocr_carea' id='block_1_94' title="bbox 424 4531 2001 4634">
    <p class='ocr_par' dir='ltr' id='par_1_94' title="bbox 424 4534 2001 4612">
     <span class='ocr_line' id='line_1_94' title="bbox 424 4534 2001 4612; baseline -0.004 -16"><span class='ocrx_word' id='word_1_733' title='bbox 424 4542 460 4612; x_wconf 76' lang='grc' dir='ltr'>ἢ</span> <span class='ocrx_word' id='word_1_734' title='bbox 492 4539 684 4610; x_wconf 80' lang='grc' dir='ltr'>ῥάϐδον</span> <span class='ocrx_word' id='word_1_735' title='bbox 723 4537 1012 4608; x_wconf 86' lang='grc' dir='ltr'>κινηθῆναι</span> <span class='ocrx_word' id='word_1_736' title='bbox 1033 4553 1046 4565; x_wconf 90' lang='grc'>·</span> <span class='ocrx_word' id='word_1_737' title='bbox 1074 4535 1376 4608; x_wconf 81' lang='grc' dir='ltr'>τηνικαῦτα</span> <span class='ocrx_word' id='word_1_738' title='bbox 1407 4534 1516 4606; x_wconf 88' lang='grc' dir='ltr'><strong>γάρ</strong></span> <span class='ocrx_word' id='word_1_739' title='bbox 1543 4534 1748 4588; x_wconf 88' lang='grc' dir='ltr'>τούτων</span> <span class='ocrx_word' id='word_1_740' title='bbox 1775 4535 2001 4590; x_wconf 70' lang='grc' dir='ltr'>ἕκαστον</span> 
     </span>
    </p>
   </div>
   <div class='ocr_carea' id='block_1_95' title="bbox 2100 4531 3690 4634">
    <p class='ocr_par' dir='ltr' id='par_1_95' title="bbox 2106 4531 3690 4605">
     <span class='ocr_line' id='line_1_95' title="bbox 2106 4531 3690 4605; baseline -0.006 -10"><span class='ocrx_word' id='word_1_741' title='bbox 2106 4539 2272 4596; x_wconf 90' lang='lat' dir='ltr'><strong>etiam</strong></span> <span class='ocrx_word' id='word_1_742' title='bbox 2304 4546 2362 4590; x_wconf 89' lang='lat' dir='ltr'><strong>tu</strong></span> <span class='ocrx_word' id='word_1_743' title='bbox 2401 4536 2754 4605; x_wconf 89' lang='lat' dir='ltr'><strong>permittente</strong></span> <span class='ocrx_word' id='word_1_744' title='bbox 2794 4534 3139 4605; x_wconf 85' lang='lat' dir='ltr'><strong>providentia</strong></span> <span class='ocrx_word' id='word_1_745' title='bbox 3183 4547 3305 4588; x_wconf 85' lang='lat' dir='ltr'><strong>mea</strong></span> <span class='ocrx_word' id='word_1_746' title='bbox 3340 4531 3518 4587; x_wconf 87' lang='lat' dir='ltr'><strong>fecisti</strong></span> <span class='ocrx_word' id='word_1_747' title='bbox 3542 4546 3690 4602; x_wconf 71' lang='lat' dir='ltr'><strong>quae-</strong></span> 
     </span>
    </p>
   </div>
   <div class='ocr_carea' id='block_1_96' title="bbox 425 4623 2001 4724">
    <p class='ocr_par' dir='ltr' id='par_1_96' title="bbox 425 4625 2001 4700">
     <span class='ocr_line' id='line_1_96' title="bbox 425 4625 2001 4700; baseline -0.002 -17"><span class='ocrx_word' id='word_1_748' title='bbox 425 4631 664 4700; x_wconf 79' lang='grc' dir='ltr'>ἐνεργεῖ,</span> <span class='ocrx_word' id='word_1_749' title='bbox 690 4627 856 4700; x_wconf 81' lang='grc' dir='ltr'>ἡνίκα</span> <span class='ocrx_word' id='word_1_750' title='bbox 886 4627 950 4681; x_wconf 81' lang='grc' dir='ltr'><strong>ἀν</strong></span> <span class='ocrx_word' id='word_1_751' title='bbox 978 4642 1064 4689; x_wconf 89' lang='grc' dir='ltr'><strong>τις</strong></span> <span class='ocrx_word' id='word_1_752' title='bbox 1111 4628 1178 4696; x_wconf 85' lang='grc' dir='ltr'>τῇ</span> <span class='ocrx_word' id='word_1_753' title='bbox 1225 4625 1370 4696; x_wconf 70' lang='grc' dir='ltr'>χειρὶ</span> <span class='ocrx_word' id='word_1_754' title='bbox 1409 4625 1756 4696; x_wconf 79' lang='grc' dir='ltr'>χρησάμενος</span> <span class='ocrx_word' id='word_1_755' title='bbox 1790 4626 2001 4697; x_wconf 80' lang='grc' dir='ltr'>κινῆσαι</span> 
     </span>
    </p>
   </div>
   <div class='ocr_carea' id='block_1_97' title="bbox 2100 4623 3692 4724">
    <p class='ocr_par' dir='ltr' id='par_1_97' title="bbox 2102 4623 3692 4698">
     <span class='ocr_line' id='line_1_97' title="bbox 2102 4623 3692 4698; baseline -0.004 -13"><span class='ocrx_word' id='word_1_756' title='bbox 2102 4643 2328 4698; x_wconf 85' lang='lat' dir='ltr'><strong>cunque</strong></span> <span class='ocrx_word' id='word_1_757' title='bbox 2392 4627 2590 4691; x_wconf 85' lang='lat' dir='ltr'><strong>fecisti,</strong></span> <span class='ocrx_word' id='word_1_758' title='bbox 2649 4634 2877 4697; x_wconf 83' lang='lat' dir='ltr'><strong>propter</strong></span> <span class='ocrx_word' id='word_1_759' title='bbox 2925 4641 3114 4681; x_wconf 88' lang='lat' dir='ltr'><strong>eorum</strong></span> <span class='ocrx_word' id='word_1_760' title='bbox 3171 4624 3410 4689; x_wconf 87' lang='lat' dir='ltr'><strong>scelera,</strong></span> <span class='ocrx_word' id='word_1_761' title='bbox 3438 4623 3535 4692; x_wconf 92' lang='lat' dir='ltr'><strong>qui</strong></span> <span class='ocrx_word' id='word_1_762' title='bbox 3573 4623 3692 4678; x_wconf 70' lang='lat' dir='ltr'><strong>haec</strong></span> 
     </span>
    </p>
   </div>
   <div class='ocr_carea' id='block_1_98' title="bbox 423 4713 2001 4789">
    <p class='ocr_par' dir='ltr' id='par_1_98' title="bbox 423 4714 2001 4789">
     <span class='ocr_line' id='line_1_98' title="bbox 423 4714 2001 4789; baseline -0.01 -15"><span class='ocrx_word' id='word_1_763' title='bbox 423 4719 603 4774; x_wconf 84' lang='grc' dir='ltr'>ταῦτα</span> <span class='ocrx_word' id='word_1_764' title='bbox 628 4717 940 4789; x_wconf 59' lang='grc' dir='ltr'>θελήσειεν</span> <span class='ocrx_word' id='word_1_765' title='bbox 966 4715 1108 4770; x_wconf 79' lang='grc' dir='ltr'>οὕτω</span> <span class='ocrx_word' id='word_1_766' title='bbox 1135 4717 1230 4769; x_wconf 74' lang='grc' dir='ltr'>καὶ</span> <span class='ocrx_word' id='word_1_767' title='bbox 1261 4715 1349 4780; x_wconf 82' lang='grc' dir='ltr'>σὺ,</span> <span class='ocrx_word' id='word_1_768' title='bbox 1381 4714 1480 4785; x_wconf 79' lang='grc' dir='ltr'>τῆς</span> <span class='ocrx_word' id='word_1_769' title='bbox 1507 4714 1651 4785; x_wconf 79' lang='grc' dir='ltr'>ἐμῆς</span> <span class='ocrx_word' id='word_1_770' title='bbox 1681 4732 2001 4789; x_wconf 81' lang='grc' dir='ltr'>παραχωρη.</span> 
     </span>
    </p>
   </div>
   <div class='ocr_carea' id='block_1_99' title="bbox 2100 4713 3690 4789">
    <p class='ocr_par' dir='ltr' id='par_1_99' title="bbox 2104 4713 3690 4788">
     <span class='ocr_line' id='line_1_99' title="bbox 2104 4713 3690 4788; baseline -0.004 -16"><span class='ocrx_word' id='word_1_771' title='bbox 2104 4721 2255 4788; x_wconf 91' lang='lat' dir='ltr'><strong>passi</strong></span> <span class='ocrx_word' id='word_1_772' title='bbox 2283 4728 2434 4774; x_wconf 86' lang='lat' dir='ltr'><strong>sunt.</strong></span> <span class='ocrx_word' id='word_1_773' title='bbox 2464 4715 2544 4773; x_wconf 90' lang='lat' dir='ltr'><strong>Ne</strong></span> <span class='ocrx_word' id='word_1_774' title='bbox 2587 4717 2774 4786; x_wconf 89' lang='lat' dir='ltr'><strong>itaque</strong></span> <span class='ocrx_word' id='word_1_775' title='bbox 2807 4717 3110 4776; x_wconf 83' lang='lat' dir='ltr'><strong>existimes,</strong></span> <span class='ocrx_word' id='word_1_776' title='bbox 3151 4713 3378 4783; x_wconf 84' lang='lat' dir='ltr'><strong>propria</strong></span> <span class='ocrx_word' id='word_1_777' title='bbox 3418 4713 3690 4782; x_wconf 85' lang='lat' dir='ltr'><strong>sapientia</strong></span> 
     </span>
    </p>
   </div>
   <div class='ocr_carea' id='block_1_100' title="bbox 427 4803 2010 4880">
    <p class='ocr_par' dir='ltr' id='par_1_100' title="bbox 427 4803 2010 4880">
     <span class='ocr_line' id='line_1_100' title="bbox 427 4803 2010 4880; baseline -0.003 -15"><span class='ocrx_word' id='word_1_778' title='bbox 427 4811 604 4880; x_wconf 87' lang='grc' dir='ltr'>σάσης</span> <span class='ocrx_word' id='word_1_779' title='bbox 635 4825 718 4862; x_wconf 91' lang='grc' dir='ltr'><strong>σοι</strong></span> <span class='ocrx_word' id='word_1_780' title='bbox 752 4805 1115 4879; x_wconf 87' lang='grc' dir='ltr'>προμηθείας,</span> <span class='ocrx_word' id='word_1_781' title='bbox 1163 4805 1469 4874; x_wconf 84' lang='grc' dir='ltr'>πεποίηκας</span> <span class='ocrx_word' id='word_1_782' title='bbox 1501 4803 1538 4858; x_wconf 79' lang='grc' dir='ltr'>ὃ.</span> <span class='ocrx_word' id='word_1_783' title='bbox 1568 4805 1892 4877; x_wconf 82' lang='grc' dir='ltr'>πεποίηκας,</span> <span class='ocrx_word' id='word_1_784' title='bbox 1921 4806 2010 4862; x_wconf 83' lang='grc' dir='ltr'><strong>διὰ</strong></span> 
     </span>
    </p>
   </div>
   <div class='ocr_carea' id='block_1_101' title="bbox 387 4895 2007 4973">
    <p class='ocr_par' dir='ltr' id='par_1_101' title="bbox 387 4895 2007 4973">
     <span class='ocr_line' id='line_1_101' title="bbox 387 4895 2007 4973; baseline -0.003 -18"><span class='ocrx_word' id='word_1_785' title='bbox 387 4939 390 4942; x_wconf 67' lang='lat'><strong><em>~</em></strong></span> <span class='ocrx_word' id='word_1_786' title='bbox 423 4903 531 4973; x_wconf 83' lang='grc' dir='ltr'>τὴν</span> <span class='ocrx_word' id='word_1_787' title='bbox 551 4901 661 4955; x_wconf 85' lang='grc' dir='ltr'><strong>τῶν</strong></span> <span class='ocrx_word' id='word_1_788' title='bbox 698 4898 1049 4953; x_wconf 85' lang='grc' dir='ltr'>πεπονθότων</span> <span class='ocrx_word' id='word_1_789' title='bbox 1083 4897 1450 4966; x_wconf 83' lang='grc' dir='ltr'>παρανομίαν.</span> <span class='ocrx_word' id='word_1_790' title='bbox 1479 4895 1572 4966; x_wconf 81' lang='grc' dir='ltr'><strong>Μὴ</strong></span> <span class='ocrx_word' id='word_1_791' title='bbox 1595 4897 1778 4950; x_wconf 78' lang='grc' dir='ltr'>τοίνυν</span> <span class='ocrx_word' id='word_1_792' title='bbox 1797 4895 2007 4967; x_wconf 78' lang='grc' dir='ltr'>νόμιζε,</span> 
     </span>
    </p>
   </div>
   <div class='ocr_carea' id='block_1_102' title="bbox 425 4987 2005 5065">
    <p class='ocr_par' dir='ltr' id='par_1_102' title="bbox 425 4987 2005 5065">
     <span class='ocr_line' id='line_1_102' title="bbox 425 4987 2005 5065; baseline -0.003 -19"><span class='ocrx_word' id='word_1_793' title='bbox 425 4995 499 5065; x_wconf 78' lang='grc' dir='ltr'><strong>τῇ</strong></span> <span class='ocrx_word' id='word_1_794' title='bbox 525 4992 704 5063; x_wconf 75' lang='grc' dir='ltr'>οἰκείᾳ</span> <span class='ocrx_word' id='word_1_795' title='bbox 725 4990 890 5063; x_wconf 76' lang='grc' dir='ltr'>σοφίᾳ</span> <span class='ocrx_word' id='word_1_796' title='bbox 908 4991 954 5022; x_wconf 75' lang='grc'><strong>⁸⁸</strong></span> <span class='ocrx_word' id='word_1_797' title='bbox 977 4990 1072 5044; x_wconf 72' lang='grc' dir='ltr'>καὶ</span> <span class='ocrx_word' id='word_1_798' title='bbox 1101 4989 1327 5059; x_wconf 86' lang='grc' dir='ltr'>δυνάμει</span> <span class='ocrx_word' id='word_1_799' title='bbox 1356 4987 1531 5042; x_wconf 82' lang='grc' dir='ltr'>ταῦτα</span> <span class='ocrx_word' id='word_1_800' title='bbox 1561 4988 2005 5061; x_wconf 84' lang='grc' dir='ltr'>κατωρθωκέναι.</span> 
     </span>
    </p>
   </div>
   <div class='ocr_carea' id='block_1_103' title="bbox 2103 4799 3691 4876">
    <p class='ocr_par' dir='ltr' id='par_1_103' title="bbox 2103 4799 3691 4876">
     <span class='ocr_line' id='line_1_103' title="bbox 2103 4799 3691 4876; baseline -0.006 -12"><span class='ocrx_word' id='word_1_801' title='bbox 2103 4818 2158 4864; x_wconf 89' lang='lat' dir='ltr'><strong>et</strong></span> <span class='ocrx_word' id='word_1_802' title='bbox 2190 4810 2392 4864; x_wconf 88' lang='lat' dir='ltr'><strong>virtute</strong></span> <span class='ocrx_word' id='word_1_803' title='bbox 2423 4812 2539 4863; x_wconf 72' lang='lat' dir='ltr'><strong>haec</strong></span> <span class='ocrx_word' id='word_1_804' title='bbox 2569 4807 2668 4861; x_wconf 91' lang='lat' dir='ltr'><strong>tibi</strong></span> <span class='ocrx_word' id='word_1_805' title='bbox 2711 4819 2979 4876; x_wconf 88' lang='lat' dir='ltr'><strong>prospere</strong></span> <span class='ocrx_word' id='word_1_806' title='bbox 3019 4801 3384 4857; x_wconf 87' lang='lat' dir='ltr'><strong>successisse.</strong></span> <span class='ocrx_word' id='word_1_807' title='bbox 3438 4799 3595 4866; x_wconf 87' lang='lat' dir='ltr'><strong>Quod</strong></span> <span class='ocrx_word' id='word_1_808' title='bbox 3641 4801 3691 4855; x_wconf 87' lang='lat' dir='ltr'><strong>si</strong></span> 
     </span>
    </p>
   </div>
   <div class='ocr_carea' id='block_1_104' title="bbox 2104 4893 3689 4963">
    <p class='ocr_par' dir='ltr' id='par_1_104' title="bbox 2104 4893 3689 4963">
     <span class='ocr_line' id='line_1_104' title="bbox 2104 4893 3689 4963; baseline -0.008 -9"><span class='ocrx_word' id='word_1_809' title='bbox 2104 4902 2220 4954; x_wconf 67' lang='lat' dir='ltr'><strong>haec</strong></span> <span class='ocrx_word' id='word_1_810' title='bbox 2243 4899 2388 4955; x_wconf 89' lang='lat' dir='ltr'><strong>nolis</strong></span> <span class='ocrx_word' id='word_1_811' title='bbox 2424 4898 2674 4953; x_wconf 88' lang='lat' dir='ltr'><strong>modeste</strong></span> <span class='ocrx_word' id='word_1_812' title='bbox 2721 4893 3054 4963; x_wconf 87' lang='lat' dir='ltr'><strong>intelligere,</strong></span> <span class='ocrx_word' id='word_1_813' title='bbox 3104 4898 3160 4944; x_wconf 86' lang='lat' dir='ltr'><strong>et</strong></span> <span class='ocrx_word' id='word_1_814' title='bbox 3193 4903 3460 4958; x_wconf 82' lang='lat' dir='ltr'><strong>arrogans</strong></span> <span class='ocrx_word' id='word_1_815' title='bbox 3493 4904 3689 4958; x_wconf 86' lang='lat' dir='ltr'><strong>super-</strong></span> 
     </span>
    </p>
   </div>
   <div class='ocr_carea' id='block_1_105' title="bbox 2113 4981 3693 5060">
    <p class='ocr_par' dir='ltr' id='par_1_105' title="bbox 2113 4981 3693 5060">
     <span class='ocr_line' id='line_1_105' title="bbox 2113 4981 3693 5060; baseline -0.006 -14"><span class='ocrx_word' id='word_1_816' title='bbox 2113 4992 2304 5046; x_wconf 89' lang='lat' dir='ltr'><strong>cilium</strong></span> <span class='ocrx_word' id='word_1_817' title='bbox 2336 4989 2726 5060; x_wconf 87' lang='lat' dir='ltr'><strong>comprimerc,</strong></span> <span class='ocrx_word' id='word_1_818' title='bbox 2757 4981 3097 5055; x_wconf 69' lang='lat' dir='ltr'><strong>eiperientia</strong></span> <span class='ocrx_word' id='word_1_819' title='bbox 3131 4981 3336 5043; x_wconf 88' lang='lat' dir='ltr'><strong>disces,</strong></span> <span class='ocrx_word' id='word_1_820' title='bbox 3374 4981 3491 5036; x_wconf 76' lang='lat' dir='ltr'><strong>haec</strong></span> <span class='ocrx_word' id='word_1_821' title='bbox 3525 4981 3600 5034; x_wconf 86' lang='lat' dir='ltr'><strong>ita</strong></span> <span class='ocrx_word' id='word_1_822' title='bbox 3631 4997 3693 5037; x_wconf 87' lang='lat' dir='ltr'><strong>se</strong></span> 
     </span>
    </p>
   </div>
   <div class='ocr_carea' id='block_1_106' title="bbox 429 5069 2001 5173">
    <p class='ocr_par' dir='ltr' id='par_1_106' title="bbox 429 5079 2001 5154">
     <span class='ocr_line' id='line_1_106' title="bbox 429 5079 2001 5154; baseline -0.004 -15"><span class='ocrx_word' id='word_1_823' title='bbox 429 5085 499 5139; x_wconf 87' lang='grc' dir='ltr'>Εἰ</span> <span class='ocrx_word' id='word_1_824' title='bbox 525 5084 583 5138; x_wconf 82' lang='grc' dir='ltr'><strong>δέ</strong></span> <span class='ocrx_word' id='word_1_825' title='bbox 626 5083 688 5136; x_wconf 82' lang='grc' dir='ltr'>οὐ</span> <span class='ocrx_word' id='word_1_826' title='bbox 739 5081 919 5154; x_wconf 84' lang='grc' dir='ltr'>βούλει</span> <span class='ocrx_word' id='word_1_827' title='bbox 968 5081 1142 5135; x_wconf 81' lang='grc' dir='ltr'>ταῦτα</span> <span class='ocrx_word' id='word_1_828' title='bbox 1191 5079 1486 5151; x_wconf 84' lang='grc' dir='ltr'>σωφρόνως</span> <span class='ocrx_word' id='word_1_829' title='bbox 1519 5080 1714 5148; x_wconf 81' lang='grc' dir='ltr'>μαθεῖν</span> <span class='ocrx_word' id='word_1_830' title='bbox 1737 5119 1753 5144; x_wconf 89' lang='grc'><strong>,</strong></span> <span class='ocrx_word' id='word_1_831' title='bbox 1789 5081 1884 5133; x_wconf 74' lang='grc' dir='ltr'>καὶ</span> <span class='ocrx_word' id='word_1_832' title='bbox 1910 5080 2001 5151; x_wconf 82' lang='grc' dir='ltr'>τὴν</span> 
     </span>
    </p>
   </div>
   <div class='ocr_carea' id='block_1_107' title="bbox 2100 5069 3692 5173">
    <p class='ocr_par' dir='ltr' id='par_1_107' title="bbox 2116 5069 3692 5138">
     <span class='ocr_line' id='line_1_107' title="bbox 2116 5069 3692 5138; baseline -0.008 0"><span class='ocrx_word' id='word_1_833' title='bbox 2116 5069 2338 5138; x_wconf 83' lang='lat' dir='ltr'><strong>habere.</strong></span> <span class='ocrx_word' id='word_1_834' title='bbox 2377 5099 2397 5134; x_wconf 84' lang='grc' dir='ltr'><strong>ι</strong></span> <span class='ocrx_word' id='word_1_835' title='bbox 2439 5079 2786 5135; x_wconf 78' lang='lat' dir='ltr'><strong>Mittetcnim</strong></span> <span class='ocrx_word' id='word_1_836' title='bbox 2837 5075 3101 5130; x_wconf 88' lang='lat' dir='ltr'><strong>Dominus</strong></span> <span class='ocrx_word' id='word_1_837' title='bbox 3148 5069 3388 5128; x_wconf 83' lang='lat' dir='ltr'><strong>Sabaoth</strong></span> <span class='ocrx_word' id='word_1_838' title='bbox 3433 5073 3487 5126; x_wconf 88' lang='lat' dir='ltr'><strong>in</strong></span> <span class='ocrx_word' id='word_1_839' title='bbox 3536 5079 3692 5126; x_wconf 88' lang='lat' dir='ltr'><strong>tuum</strong></span> 
     </span>
    </p>
   </div>
   <div class='ocr_carea' id='block_1_108' title="bbox 429 5159 2001 5245">
    <p class='ocr_par' dir='ltr' id='par_1_108' title="bbox 429 5169 2001 5245">
     <span class='ocr_line' id='line_1_108' title="bbox 429 5169 2001 5245; baseline -0.003 -17"><span class='ocrx_word' id='word_1_840' title='bbox 429 5174 760 5245; x_wconf 80' lang='grc' dir='ltr'>ἀλαζονικὴν</span> <span class='ocrx_word' id='word_1_841' title='bbox 785 5173 959 5244; x_wconf 78' lang='grc' dir='ltr'>ὀφρὺν</span> <span class='ocrx_word' id='word_1_842' title='bbox 984 5169 1309 5235; x_wconf 80' lang='grc' dir='ltr'>καταλῦσαι,</span> <span class='ocrx_word' id='word_1_843' title='bbox 1339 5172 1406 5241; x_wconf 77' lang='grc' dir='ltr'>τῇ</span> <span class='ocrx_word' id='word_1_844' title='bbox 1452 5169 1621 5241; x_wconf 83' lang='grc' dir='ltr'>πείρᾳ</span> <span class='ocrx_word' id='word_1_845' title='bbox 1651 5170 1892 5241; x_wconf 83' lang='grc' dir='ltr'>μαθήσῃ,</span> <span class='ocrx_word' id='word_1_846' title='bbox 1925 5172 2001 5224; x_wconf 84' lang='grc' dir='ltr'>ὅτι</span> 
     </span>
    </p>
   </div>
   <div class='ocr_carea' id='block_1_109' title="bbox 2100 5159 3693 5245">
    <p class='ocr_par' dir='ltr' id='par_1_109' title="bbox 2117 5159 3693 5242">
     <span class='ocr_line' id='line_1_109' title="bbox 2117 5159 3693 5242; baseline -0.006 -13"><span class='ocrx_word' id='word_1_847' title='bbox 2117 5175 2381 5228; x_wconf 89' lang='lat' dir='ltr'><strong>honorem</strong></span> <span class='ocrx_word' id='word_1_848' title='bbox 2415 5168 2798 5242; x_wconf 87' lang='lat' dir='ltr'><strong>ignominiam,</strong></span> <span class='ocrx_word' id='word_1_849' title='bbox 2822 5174 2875 5222; x_wconf 87' lang='lat' dir='ltr'><strong>et</strong></span> <span class='ocrx_word' id='word_1_850' title='bbox 2905 5168 2960 5222; x_wconf 91' lang='lat' dir='ltr'><strong>in</strong></span> <span class='ocrx_word' id='word_1_851' title='bbox 2994 5175 3142 5224; x_wconf 88' lang='lat' dir='ltr'><strong>tuam</strong></span> <span class='ocrx_word' id='word_1_852' title='bbox 3167 5159 3396 5232; x_wconf 66' lang='lat' dir='ltr'><strong>gloriam</strong></span> <span class='ocrx_word' id='word_1_853' title='bbox 3444 5161 3585 5234; x_wconf 74' lang='lat' dir='ltr'><strong>ignis</strong></span> <span class='ocrx_word' id='word_1_854' title='bbox 3606 5178 3693 5216; x_wconf 84' lang='lat' dir='ltr'><strong>ar-</strong></span> 
     </span>
    </p>
   </div>
   <div class='ocr_carea' id='block_1_110' title="bbox 505 5347 2112 5420">
    <p class='ocr_par' dir='ltr' id='par_1_110' title="bbox 505 5347 2112 5420">
     <span class='ocr_line' id='line_1_110' title="bbox 505 5347 2112 5420; baseline -0.003 -12"><span class='ocrx_word' id='word_1_855' title='bbox 505 5362 534 5391; x_wconf 74' lang='grc' dir='ltr'><strong>ν</strong></span> <span class='ocrx_word' id='word_1_856' title='bbox 568 5353 672 5408; x_wconf 85' lang='lat' dir='ltr'><strong>lsa.</strong></span> <span class='ocrx_word' id='word_1_857' title='bbox 711 5369 764 5419; x_wconf 75' lang='grc' dir='ltr'>ι,</span> <span class='ocrx_word' id='word_1_858' title='bbox 796 5353 881 5407; x_wconf 83' lang='grc' dir='ltr'>Η.</span> <span class='ocrx_word' id='word_1_859' title='bbox 959 5363 985 5390; x_wconf 71' lang='grc' dir='ltr'><strong>π</strong></span> <span class='ocrx_word' id='word_1_860' title='bbox 1017 5353 1118 5408; x_wconf 77' lang='lat' dir='ltr'><strong>lsa.</strong></span> <span class='ocrx_word' id='word_1_861' title='bbox 1152 5369 1207 5419; x_wconf 74' lang='grc' dir='ltr'>χ,</span> <span class='ocrx_word' id='word_1_862' title='bbox 1243 5352 1328 5415; x_wconf 76' lang='grc'><strong>10,</strong></span> <span class='ocrx_word' id='word_1_863' title='bbox 1358 5350 1448 5420; x_wconf 82' lang='grc' dir='ltr'>Η,</span> <span class='ocrx_word' id='word_1_864' title='bbox 1479 5353 1566 5418; x_wconf 78' lang='lat' dir='ltr'><strong>l5,</strong></span> <span class='ocrx_word' id='word_1_865' title='bbox 1597 5353 1681 5406; x_wconf 75' lang='grc' dir='ltr'>Μ.</span> <span class='ocrx_word' id='word_1_866' title='bbox 1757 5358 1787 5398; x_wconf 76' lang='lat' dir='ltr'><strong>J’</strong></span> <span class='ocrx_word' id='word_1_867' title='bbox 1821 5347 2112 5414; x_wconf 80' lang='lat' dir='ltr'><strong>lsa.x,&#39;l5.</strong></span> 
     </span>
    </p>
   </div>
   <div class='ocr_carea' id='block_1_111' title="bbox 1739 5491 2440 5563">
    <p class='ocr_par' dir='ltr' id='par_1_111' title="bbox 1739 5491 2440 5563">
     <span class='ocr_line' id='line_1_111' title="bbox 1739 5491 2440 5563; baseline 0 -5"><span class='ocrx_word' id='word_1_868' title='bbox 1739 5505 1976 5563; x_wconf 58' lang='lat' dir='ltr'><strong>varum</strong></span> <span class='ocrx_word' id='word_1_869' title='bbox 2017 5491 2314 5563; x_wconf 81' lang='lat' dir='ltr'><strong>LECTION</strong></span> <span class='ocrx_word' id='word_1_870' title='bbox 2333 5503 2440 5559; x_wconf 84' lang='lat' dir='ltr'><strong>ES.</strong></span> 
     </span>
    </p>
   </div>
   <div class='ocr_carea' id='block_1_112' title="bbox 501 5615 3689 5696">
    <p class='ocr_par' dir='ltr' id='par_1_112' title="bbox 501 5615 3689 5696">
     <span class='ocr_line' id='line_1_112' title="bbox 501 5615 3689 5696; baseline -0.002 -18"><span class='ocrx_word' id='word_1_871' title='bbox 501 5622 551 5696; x_wconf 55' lang='grc' dir='ltr'><strong>’ξ</strong></span> <span class='ocrx_word' id='word_1_872' title='bbox 589 5625 776 5679; x_wconf 85' lang='grc' dir='ltr'>ποιῶν.</span> <span class='ocrx_word' id='word_1_873' title='bbox 815 5623 871 5678; x_wconf 92' lang='lat' dir='ltr'><strong>ln</strong></span> <span class='ocrx_word' id='word_1_874' title='bbox 907 5625 949 5680; x_wconf 89' lang='lat' dir='ltr'><strong>B</strong></span> <span class='ocrx_word' id='word_1_875' title='bbox 981 5626 1198 5696; x_wconf 86' lang='lat' dir='ltr'><strong>ponitur</strong></span> <span class='ocrx_word' id='word_1_876' title='bbox 1238 5632 1368 5696; x_wconf 81' lang='lat' dir='ltr'><strong>post</strong></span> <span class='ocrx_word' id='word_1_877' title='bbox 1416 5623 1608 5696; x_wconf 81' lang='grc' dir='ltr'>πάντα.</span> <span class='ocrx_word' id='word_1_878' title='bbox 1687 5621 1995 5696; x_wconf 48' lang='grc' dir='ltr'>δέΚύριοςη</span> <span class='ocrx_word' id='word_1_879' title='bbox 2032 5622 2158 5678; x_wconf 79' lang='lat' dir='ltr'><strong>Des.</strong></span> <span class='ocrx_word' id='word_1_880' title='bbox 2197 5623 2249 5678; x_wconf 88' lang='lat' dir='ltr'><strong>in</strong></span> <span class='ocrx_word' id='word_1_881' title='bbox 2285 5624 2343 5676; x_wconf 81' lang='grc' dir='ltr'><strong>Β.</strong></span> <span class='ocrx_word' id='word_1_882' title='bbox 2438 5621 2480 5652; x_wconf 81' lang='grc'><strong>⁸⁷</strong></span> <span class='ocrx_word' id='word_1_883' title='bbox 2516 5619 2601 5676; x_wconf 88' lang='grc' dir='ltr'><strong>τά.</strong></span> <span class='ocrx_word' id='word_1_884' title='bbox 2633 5621 2757 5679; x_wconf 87' lang='lat' dir='ltr'><strong>Des.</strong></span> <span class='ocrx_word' id='word_1_885' title='bbox 2784 5632 2838 5678; x_wconf 84' lang='lat' dir='ltr'><strong>tn</strong></span> <span class='ocrx_word' id='word_1_886' title='bbox 2875 5623 2934 5676; x_wconf 83' lang='grc' dir='ltr'><strong>Β.</strong></span> <span class='ocrx_word' id='word_1_887' title='bbox 3022 5624 3066 5655; x_wconf 74' lang='grc'><strong><em>³⁸</em></strong></span> <span class='ocrx_word' id='word_1_888' title='bbox 3090 5622 3165 5675; x_wconf 79' lang='grc' dir='ltr'><strong>ἐν.</strong></span> <span class='ocrx_word' id='word_1_889' title='bbox 3217 5618 3340 5674; x_wconf 90' lang='lat' dir='ltr'><strong>Des.</strong></span> <span class='ocrx_word' id='word_1_890' title='bbox 3377 5623 3430 5672; x_wconf 92' lang='lat' dir='ltr'><strong>in</strong></span> <span class='ocrx_word' id='word_1_891' title='bbox 3471 5615 3530 5672; x_wconf 87' lang='grc' dir='ltr'><strong>Β.</strong></span> <span class='ocrx_word' id='word_1_892' title='bbox 3573 5622 3689 5673; x_wconf 84' lang='lat' dir='ltr'><strong>tum</strong></span> 
     </span>
    </p>
   </div>
   <div class='ocr_carea' id='block_1_113' title="bbox 437 5692 2365 5766">
    <p class='ocr_par' dir='ltr' id='par_1_113' title="bbox 437 5692 2365 5766">
     <span class='ocr_line' id='line_1_113' title="bbox 437 5692 2365 5766; baseline -0.002 -17"><span class='ocrx_word' id='word_1_893' title='bbox 437 5693 492 5749; x_wconf 73' lang='grc' dir='ltr'><strong>ΙΙ.</strong></span> <span class='ocrx_word' id='word_1_894' title='bbox 536 5693 572 5750; x_wconf 84' lang='lat' dir='ltr'><strong>l.</strong></span> <span class='ocrx_word' id='word_1_895' title='bbox 602 5704 715 5748; x_wconf 87' lang='lat' dir='ltr'><strong>tum</strong></span> <span class='ocrx_word' id='word_1_896' title='bbox 750 5704 869 5766; x_wconf 85' lang='lat' dir='ltr'><strong>post</strong></span> <span class='ocrx_word' id='word_1_897' title='bbox 901 5692 1094 5765; x_wconf 76' lang='lat' dir='ltr'><strong>pauca.</strong></span> <span class='ocrx_word' id='word_1_898' title='bbox 1171 5693 1214 5727; x_wconf 69' lang='grc' dir='ltr'><strong>δ’</strong></span> <span class='ocrx_word' id='word_1_899' title='bbox 1237 5693 1277 5747; x_wconf 81' lang='grc' dir='ltr'><strong>Β</strong></span> <span class='ocrx_word' id='word_1_900' title='bbox 1306 5693 1626 5762; x_wconf 70' lang='grc' dir='ltr'>γεγονότων.</span> <span class='ocrx_word' id='word_1_901' title='bbox 1733 5693 1778 5724; x_wconf 84' lang='grc'>⁵⁰</span> <span class='ocrx_word' id='word_1_902' title='bbox 1803 5692 2035 5764; x_wconf 23' lang='grc' dir='ltr'>Βίσοφίξι</span> <span class='ocrx_word' id='word_1_903' title='bbox 2077 5711 2133 5747; x_wconf 88' lang='grc' dir='ltr'><strong>τε</strong></span> <span class='ocrx_word' id='word_1_904' title='bbox 2172 5696 2365 5763; x_wconf 78' lang='grc' dir='ltr'>οἰκείᾳ.</span> 
     </span>
    </p>
   </div>
  </div>
