4070 6420
402 396 535 460 1351
1401 386 1893 454 THEODORETI
1933 390 2276 452 EPISCOPI
2310 391 2680 454 CYRENSIS
3551 403 3690 470 1352

401 513 542 566 deus
580 509 914 564 accendetur
933 516 978 561 τ.
1022 525 1041 558 ι
1085 508 1150 563 Et
1189 506 1298 561 alio
1325 505 1450 562 loco
1487 517 1681 558 rursus
1712 502 1833 559 haec
1859 505 1976 559 dici

2099 502 2256 556 ταῦθ’
2301 504 2473 570 οὕτως
2503 506 2637 577 ἔχει.
2675 527 2694 560 ι
2741 509 3055 564 Ἀποστελεί
3077 511 3188 582 γάρ
3219 513 3423 586 Κύριος
3453 517 3685 572 Σαϐαὼθ

406 601 550 658 Deus
605 603 884 674 propheta:
924 616 937 652 :
980 618 1000 651 ι
1055 599 1121 654 Ει
1175 598 1437 654 institues
1493 597 1778 668 planctum
1847 597 1976 650 hunc

2099 596 2182 658 εἰς
2228 595 2327 664 τὴν
2371 597 2472 668 σὴν
2504 601 2670 670 τιμὴν
2721 602 2948 672 ἀτιμίαν
2972 642 2988 669 ,
3020 606 3116 658 καὶ
3142 605 3224 668 είς
3253 607 3354 677 τὴν
3387 609 3485 680 σὴν
3523 609 3687 677 δόξαν

403 711 573 767 super
603 712 784 765 regem
816 693 1133 763 Babylonis.
1156 701 1211 746 et
1239 690 1394 747 dices
1413 692 1504 746 die
1535 689 1634 742 illo
1667 686 1976 753 :Quomodr

2100 685 2215 757 πῦρ
2259 688 2548 758 καιόμενον
2580 691 2934 763 καυθήσεται.
2977 713 2996 746 ι
3031 696 3142 749 Καὶ
3176 699 3234 750 ὲν
3269 699 3440 770 ἑτέρῳ
3480 703 3538 755 δὲ
3571 722 3687 774 χω-

401 790 643 844 cessavit
668 786 880 857 1136
905 784 1168 839 exactor?
1187 783 1432 838 cessavit
1456 781 1827 837 sollicitator?
1847 779 1976 835 Con-

2101 777 2203 848 ριῳ
2234 777 2396 830 πάλιν
2417 780 2644 836 τοιαῦτά
2673 799 2838 852 φησιν
2867 787 2896 838 6
2915 786 3050 850 Θεὸς
3079 789 3216 859 πρὸς
3239 791 3329 844 τὸν
3352 797 3640 866 προφήτην
3664 815 3682 830 ο

403 879 558 931 trivit
587 877 730 929 Deus
767 877 957 944 jugum
1001 881 1388 943 peccatorum,
1423 874 1613 942 jugum
1650 870 1966 940 principum

2104 887 2123 920 ι
2165 869 2278 921 Καὶ
2307 867 2455 942 λήψῃ
2512 873 2603 925 τὸν
2653 873 2852 944 θρῆνον
2911 878 3102 932 τοῦτον
3149 881 3242 935 ἐπὶ
3301 883 3394 939 τὸν
3453 887 3685 956 βασιλέα

401 968 718 1039 percutiens
788 974 1007 1036 gentem
1071 967 1279 1028 furore,
1344 966 1504 1035 plaga
1561 963 1918 1017 insanabilia
1969 981 1976 1014 l

2095 957 2437 1024 Βαϐυλῶνος,
2472 962 2566 1015 καὶ
2593 963 2740 1034 ἐρεῖς
2767 967 2825 1018 ἐν
2856 970 2922 1038 τῇ
2954 970 3136 1042 ἡμέρᾳ
3163 973 3367 1044 ἐκείνη·
3396 977 3520 1041 Πῶς
3543 981 3681 1034 ἀνα-
3747 963 3752 966 ’

400 1058 609 1114 Deinde
648 1059 888 1112 ostendit
919 1059 1072 1113 orbis
1095 1067 1369 1110 terrarum
1409 1054 1654 1110 laetitiam
1691 1071 1705 1107 :
1744 1071 1763 1104 ι
1798 1051 1976 1107 Omni:

2095 1050 2378 1103 πέπαυται
2415 1055 2443 1106 6
2478 1053 2756 1121 ἀπαιτῶν;
2803 1061 2896 1112 καὶ
2925 1062 3308 1118 ἀναπέπαυται
3351 1067 3380 1119 ὁ
3414 1071 3684 1126 ἐπισπού-

398 1160 573 1216 terra,
627 1150 830 1219 inquit,
882 1165 1006 1204 cum
1057 1149 1271 1214 laetitia,
1313 1156 1370 1202 et
1403 1148 1551 1218 ligna
1599 1144 1794 1200 Libani
1843 1147 1994 1200 laeta-

401 1243 605 1296 buntur
631 1257 794 1310 super
825 1249 900 1301 te,
935 1250 989 1295 et
1035 1240 1235 1295 cedrus
1270 1239 1511 1306 Libani;
1548 1255 1613 1293 ex
1643 1255 1752 1308 quo
1782 1237 1994 1292 dormi-

397 1330 548 1396 visti,
585 1344 697 1382 nou
731 1329 984 1383 ascendit
1012 1329 1104 1397 qui
1145 1325 1439 1382 exscindat
1462 1341 1565 1380 nos
1588 1326 1640 1379 ι’.
1681 1344 1700 1376 ι
1737 1324 1862 1378 Haec
1895 1339 1993 1394 per

397 1420 818 1474 translationem
867 1419 1136 1488 loquitur,
1173 1428 1227 1472 et
1271 1418 1458 1472 cedrus
1503 1416 1696 1470 Libani
1730 1417 1988 1486 appellat,

400 1509 490 1562 vel
528 1509 787 1563 Israelem
831 1509 1100 1562 illustrem
1143 1516 1197 1561 et
1236 1509 1566 1577 gloriosum,
1601 1508 1686 1561 vel
1719 1507 1991 1578 dignitate

395 1601 603 1662 claros,
643 1601 844 1669 quibus
880 1614 1104 1668 regnum
1151 1600 1508 1654 counuissum
1558 1607 1662 1654 est.
1699 1599 1778 1654 Ac
1821 1599 1990 1670 paulo

397 1698 544 1755 post,
583 1691 875 1760 increpans
930 1691 1109 1760 ipsius
1176 1691 1404 1756 fastum,
1459 1691 1877 1761 admonensque
1931 1698 1990 1747 ut

394 1783 762 1851 arrogantiam
814 1781 1189 1851 comprimat:
1235 1800 1254 1834 ι
1301 1783 1613 1848 Quomodo,
1653 1783 1854 1852 inquit,
1897 1797 1988 1836 ce-

2091 1141 2333 1234 δαστήςς
2365 1145 2694 1219 Συνέτριψεν
2719 1152 2747 1203 6
2787 1150 2920 1216 Θεὸς
2943 1153 3036 1207 τὸν
3082 1155 3246 1225 ζυγὸν
3275 1159 3382 1214 τῶν
3414 1163 3682 1234 ἀμαρτω-

2091 1233 2222 1327 λῶν,
2255 1236 2346 1288 τὸν
2370 1237 2532 1306 ζυγὸν
2568 1241 2678 1293 τῶν
2707 1242 3003 1312 ἀρχόντων,
3040 1248 3284 1313 πατάξας
3316 1251 3467 1316 ἔθνος
3495 1233 3678 1327 θυμῷ,

2093 1325 2275 1398 πληγῇ
2306 1328 2532 1400 άνιάτῳ.
2559 1350 2578 1382 ι
2603 1329 2736 1386 Εἶτα
2763 1335 3000 1390 δείκνυσι
3016 1339 3062 1370 ⁸¹
3097 1340 3197 1412 τὴν
3222 1341 3323 1412 τῆς
3348 1325 3682 1417 οἰκουμένης

2091 1417 2433 1509 εὐφροσύνην
2454 1422 2533 1453 ⁵³·
2566 1441 2584 1474 ‹
2620 1425 2776 1478 Πᾶσα
2825 1427 2857 1496 ή
2911 1429 3007 1498 γῆ,
3062 1433 3218 1502 φησὶ,
3262 1435 3379 1503 μετ’
3408 1437 3680 1509 εὐφροσύ-

2090 1522 2188 1575 νης
2216 1506 2282 1570 ⁸³,
2317 1509 2412 1560 καὶ
2448 1509 2516 1562 τὰ
2558 1510 2693 1576 ξύλα
2729 1513 2822 1567 τοῦ
2857 1517 3094 1572 Λιϐάνου
3135 1506 3600 1596 εὐφρανθήσονται
3625 1531 3678 1563 ⁵⁸

2092 1598 2185 1652 ἐπὶ
2219 1601 2303 1651 σοὶ
2325 1639 2340 1664 ,
2375 1600 2471 1652 καὶ
2513 1602 2547 1670 ή
2594 1602 2785 1674 κέδρος
2810 1605 2905 1658 τοῦ
2949 1609 3185 1664 Λιϐάνου
3215 1628 3228 1644 '
3273 1614 3368 1683 ἀφ’
3397 1611 3457 1670 οὗ
3491 1620 3676 1674 κεκοί-

2087 1785 2263 1838 ταῦτα
2296 1785 2443 1855 λέγει
2464 1802 2480 1819 ⁸
2531 1789 2625 1841 καὶ
2657 1789 2910 1858 κέδρους
2951 1795 3061 1849 τοῦ
3085 1797 3347 1853 Λιϐάνου
3394 1819 3673 1872 προσαγο-

390 1871 534 1926 cidit
571 1871 640 1927 de
666 1874 806 1926 coelo
841 1871 1086 1936 Lucifer,
1122 1889 1289 1929 mane
1330 1875 1662 1930 exoriens?‘
1702 1876 1976 1930 contritus

2089 1876 2261 1946 ρεύει,
2291 1878 2324 1948 ἢ
2354 1879 2446 1931 τὸν
2488 1880 2704 1950 Ἰσραὴλ
2746 1883 3014 1955 ἐπίσημον
3055 1886 3208 1952 ὄντα,
3241 1891 3340 1944 καὶ.
3367 1865 3594 1962 ἔνδοξον,
3629 1896 3669 1968 ἦ

389 1975 477 2017 est
527 1965 584 2018 in
642 1971 886 2025 terram,
941 1965 1036 2032 qui
1091 1965 1349 2022 mittebat
1385 1968 1454 2020 ad
1499 1981 1693 2022 omnes
1743 1969 1981 2038 gentes?

391 2053 476 2110 'Iu
521 2063 702 2110 autem
750 2055 940 2109 dixisti
982 2056 1036 2108 in
1088 2057 1429 2126 c0gitatione
1487 2065 1582 2113 tua
1623 2077 1638 2114 :
1674 2056 1733 2112 In
1775 2060 1979 2113 malum

391 2147 708 2213 ascendam,
742 2157 798 2202 et
822 2162 988 2216 super
1027 2160 1176 2203 astra
1209 2164 1408 2219 ponam
1446 2151 1703 2204 thronum
1743 2165 1924 2206 meum
1963 2171 1976 2207 :

289 2255 291 2257 '
390 2241 598 2296 sedebo
630 2242 686 2295 in
718 2248 905 2295 monte
957 2240 1205 2306 sublimi,
1242 2255 1410 2309 super
1459 2247 1677 2294 montes
1725 2240 1979 2296 excelsos

389 2332 460 2387 ad
497 2334 833 2402 aquilonem,
871 2331 1165 2388 ascendam
1216 2347 1386 2403 super
1429 2333 1629 2400 nubes,
1663 2341 1720 2388 et
1769 2349 1868 2389 ero
1898 2336 1978 2390 si-

389 2425 540 2480 milis
567 2425 915 2480 Altissimo°.
960 2442 979 2474 ι
1019 2422 1160 2479 Tum
1199 2424 1454 2479 humanae.
1490 2424 1778 2480 felicitatis
1809 2426 1979 2496 fragi-

391 2518 599 2571 litatem
621 2516 862 2571 ostendit
897 2533 912 2570 :
953 2535 971 2568 ‹
1009 2513 1091 2570 Tu
1130 2525 1335 2582 autem,
1375 2516 1576 2587 inquit,
1601 2519 1696 2588 qui
1730 2519 1846 2572 haec
1885 2531 1977 2572 co-

389 2608 562 2677 gitare
594 2623 764 2663 ausus
797 2623 877 2672 es,
907 2607 964 2662 in
994 2607 1272 2662 infernum
1319 2609 1648 2674 descendes,
1689 2617 1744 2664 et
1769 2609 1823 2662 in
1850 2608 1978 2662 fun-

387 2699 646 2754 damenta
673 2707 856 2754 terrae.
889 2699 995 2764 Qui
1019 2698 1259 2752 viderint
1305 2707 1378 2763 te,
1431 2702 1782 2756 mirabuntur
1811 2715 1981 2769 super

389 2799 462 2856 te,
493 2798 546 2844 et
572 2790 757 2845 dicent
783 2789 925 2844 :lste
954 2798 1040 2844 est
1074 2789 1260 2852 homo,
1284 2791 1379 2859 qui
1406 2792 1727 2845 concitabat
1752 2798 1976 2857 terram,

385 2881 480 2952 qui
516 2880 871 2936 concutiebat
899 2895 1079 2952 reges,
1105 2881 1202 2950 qui
1238 2878 1373 2935 fecit
1404 2888 1576 2935 totam
1627 2891 1834 2935 terram
1878 2880 1978 2934 de-

387 2981 617 3034 sertam,
655 2977 711 3025 et
736 2970 904 3026 urbes
938 2970 1118 3041 ipsius
1173 2972 1470 3036 destruxit,
1522 2987 1712 3026 eorum
1766 2972 1861 3039 qui
1921 2972 1977 3026 in

388 3062 713 3130 captivitate
755 3069 916 3114 erant
949 3076 1059 3115 non
1107 3071 1192 3117 est
1245 3063 1544 3123 misertus:
1577 3078 1770 3118 omnes
1822 3079 1976 3135 reges

391 3153 605 3225 1137
642 3153 887 3223 gentium
917 3153 1268 3208 dormierunt
1309 3154 1365 3206 in
1423 3153 1655 3217 honore,
1705 3153 1869 3207 homo
1919 3153 1974 3207 in

388 3249 554 3299 domo
589 3257 708 3310 sua,
738 3251 796 3299 tu
824 3253 1016 3298 autem
1039 3243 1353 3314 projicieris
1384 3243 1439 3297 in
1481 3243 1781 3306 montibus,
1827 3243 1976 3296 sicut

389 3346 664 3398 mortuus.
704 3337 1118 3401 abominabilis,
1165 3350 1290 3389 cum
1339 3335 1528 3390 multis
1571 3336 1804 3391 mortuis
1853 3349 1976 3405 pcr-

388 3430 572 3484 cussis
599 3427 804 3498 gladio,
837 3427 1306 3483 descendentibus
1352 3427 1411 3481 in
1471 3425 1810 3483 infernumd.
1855 3447 1874 3478 ι
1909 3429 1976 3482 Ει

390 3535 460 3576 ne
485 3521 746 3574 omnibus
781 3519 847 3573 de
882 3519 1005 3589 ipso
1044 3519 1501 3588 praedictionibus
1552 3519 1808 3574 adductis
1853 3533 1972 3573 mo-

390 3613 564 3665 lestus
595 3611 722 3674 sim,
760 3610 870 3665 illis
905 3610 998 3679 qui
1033 3625 1182 3663 nunc
1227 3607 1482 3674 audiunt,
1519 3608 1600 3662 vel
1652 3609 1751 3677 qui
1804 3607 1858 3660 in
1885 3621 1976 3676 po-

388 3715 606 3758 sterum
643 3702 760 3756 haec
795 3700 990 3755 lecturi
1030 3709 1181 3763 sunt,
1209 3699 1276 3755 ad
1304 3699 1398 3753 illa
1428 3698 1698 3764 remissis,
1731 3699 1971 3768 quicun-

385 3808 498 3864 que
536 3793 711 3848 velint
732 3792 852 3861 ejus
884 3792 1204 3861 superbiam
1231 3790 1737 3860 crudelitatemque
1768 3805 1974 3860 cogno-

385 3900 572 3951 scere,
603 3884 670 3938 ad
696 3885 1044 3954 propositum
1073 3891 1343 3938 revertar.
1373 3881 1531 3937 Hunc
1568 3883 1755 3953 itaque
1779 3889 1972 3938 auctor

384 3981 642 4035 omnium
683 3994 868 4034 rerum
900 3977 1044 4034 Deus
1087 3977 1154 4032 ad
1202 3978 1461 4047 pietatem
1496 3976 1702 4032 ducere
1753 3976 1964 4039 volens,

386 4075 563 4128 multa
593 4073 646 4128 ei
669 4088 814 4143 saepe
840 4071 1107 4127 salutaria
1133 4069 1390 4125 adhibuit
1435 4071 1676 4126 remedia
1709 4089 1723 4124 :
1761 4076 1814 4124 et
1859 4069 1970 4139 pri-

388 4182 539 4220 lﬂlllll
572 4179 718 4219 anno
755 4165 1003 4220 secundo
1042 4163 1200 4234 regni
1228 4161 1352 4233 ejus
1390 4163 1446 4217 in
1497 4163 1710 4219 somnis
1754 4162 1804 4217 ei
1849 4170 1966 4218 sta-

386 4269 539 4315 tuam
571 4259 717 4312 illam
741 4257 1010 4324 ostendit,
1031 4257 1229 4314 deinde
1251 4257 1532 4313 oblivione
1551 4256 1754 4313 somnii
1788 4256 1967 4312 ell'ecit

385 4360 450 4406 ut
483 4351 748 4423 propheta
793 4351 1102 4422 indigeret;
1139 4357 1254 4406 tum
1296 4365 1394 4421 per
1443 4349 1964 4420 interpretationem

386 4458 580 4515 regum
607 4444 994 4499 successiones
1023 4450 1288 4498 accurate
1317 4442 1526 4507 docuit,
1561 4442 1818 4496 humana:
1842 4438 1966 4494 feli-

2085 1968 2214 2032 τοὺς
2243 1968 2527 2043 λαμπροὺς
2571 1973 2632 2026 ἓν
2660 1974 2967 2045 ἀξιώμασι,
3020 1980 3116 2033 καὶ
3169 1979 3476 2050 βασιλεύειν
3503 2004 3673 2041 πεπι-

2087 2062 2433 2133 στευμένους.
2463 2064 2572 2118 Καὶ
2605 2066 2743 2134 μετὰ
2775 2065 3002 2139 βραχέα,
3037 2074 3322 2145 κωμῳδῶν
3361 2079 3526 2132 αὑτοῦ
3570 2084 3671 2137 τδν

2083 2150 2272 2222 τῦφον,
2307 2154 2402 2207 καὶ
2421 2153 2520 2223 τὴν
2544 2156 2644 2224 τῆς
2671 2155 2994 2221 ἀλαζονείας
3018 2159 3290 2216 διδάσκων
3323 2166 3619 2220 κατάλυσιν
3647 2187 3664 2201 ο

2091 2262 2110 2294 ι
2140 2244 2263 2307 Πῶς
2284 2243 2531 2310 ἐξέπεσε,
2565 2246 2752 2316 φησιν,
2788 2249 2853 2300 ὲκ
2878 2247 2972 2304 τοῦ
3008 2251 3243 2322 ούρανοῦ
3272 2255 3301 2306 6
3333 2255 3666 2329 Ἑωσφόρος,

2081 2334 2112 2386 6
2138 2333 2284 2406 πρωῒ
2313 2334 2655 2400 ἀνατέλλων;
2705 2339 2995 2410 συνετρίϐη
3045 2343 3140 2394 ἐπὶ
3186 2343 3287 2415 τὴν
3324 2348 3428 2417 γῆν
3458 2351 3487 2402 6
3524 2351 3671 2404 ἀπο-

2085 2425 2318 2479 στέλλων
2346 2425 2481 2496 πρὸς
2513 2426 2692 2480 πάντα
2735 2427 2804 2480 τὰ
2861 2429 3031 2500 ἐθνη;
3068 2433 3140 2485 Σὺ
3188 2434 3247 2487 δὲ
3287 2433 3447 2502 εῐπας
3492 2442 3550 2493 ὲν
3591 2445 3666 2514 τῇ

2081 2519 2288 2590 διανοίᾳ
2319 2537 2410 2573 σου
2436 2536 2448 2548 °
2481 2520 2576 2583 Εἰς
2599 2521 2691 2574 τὸν
2713 2523 2943 2591 οὐρανὸν
2963 2525 3334 2596 ἀναϐήσομαι,
3358 2532 3452 2585 καὶ
3474 2535 3670 2589 ἐπάνω

2079 2612 2189 2664 τῶν
2227 2611 2471 2681 ἀστέρων
2494 2611 2541 2642 ³⁸
2567 2610 2717 2682 θήσω
2738 2613 2828 2666 τὸν
2858 2613 3045 2684 θρόνον
3078 2634 3179 2685 μου
3205 2633 3222 2650 ⁸
3253 2620 3428 2674 καθιῶ
3455 2623 3514 2676 ἐν
3542 2624 3670 2695 ὄρει

2080 2701 2305 2772 ὑψηλῷ,
2362 2703 2456 2755 ἐπὶ
2501 2702 2571 2756 τὰ
2602 2703 2702 2774 ὄρη
2738 2705 2806 2757 τά
2855 2704 3036 2776 ὑψηλά
3074 2709 3214 2778 πρὸς
3250 2711 3486 2783 βορρᾶν,
3523 2717 3667 2770 ἀνα..

2081 2795 2315 2864 ϐήσομαι
2359 2793 2544 2848 ἐπάνω
2571 2794 2680 2847 τῶν
2720 2797 2993 2864 νεφελῶν,
3040 2801 3133 2853 καὶ
3153 2801 3199 2833 ⁵⁷
3246 2802 3440 2873 ἔσομαι
3471 2806 3671 2874 ὅμοιος

2078 2885 2157 2950 τῷ
2196 2885 2452 2954 ’Υψίστῳ.
2500 2904 2518 2936 ι
2565 2881 2700 2939 Εἶτα
2727 2888 2964 2942 δείκνυσι
3013 2891 3111 2960 τῆς
3143 2893 3492 2967 ἀνθρωπίνης
3527 2900 3670 2970 εὐη-

2080 2977 2274 3046 μερίας
2303 2977 2364 3030 τὸ
2405 2979 2689 3048 ἐπίκηρον·
2726 2999 2744 3030 ‹
2777 2980 2848 3032 Σὺ
2878 2981 2934 3032 δὲ
2953 3021 2968 3044 ,
3002 2983 3170 3052 φησὶν
3190 3025 3207 3050 ,
3235 2986 3264 3038 6
3294 2986 3469 3040 ταῦτα
3504 2989 3668 3058 λογί-

2079 3066 2672 3135 σασθαιτετολμηκὼς,
2707 3069 2788 3130 είς
2826 3068 2959 3140 ᾅδην
2986 3073 3293 3146 καταϐήσῃ,
3330 3076 3424 3128 καὶ
3462 3079 3544 3140 είς
3589 3081 3668 3135 τὰ

2079 3155 2306 3225 θεμέλια
2334 3157 2434 3225 τῆς
2473 3157 2597 3225 γῆς.
2648 3159 2712 3209 Ut
2770 3158 2967 3222 ἰδόντες
2983 3160 3031 3192 ⁵⁸
3068 3178 3129 3214 σε
3157 3163 3532 3232 θαυμάσουσιν
3563 3168 3668 3222 ἐπὶ

2080 3247 2230 3310 σευ,
2266 3247 2361 3300 καὶ
2413 3247 2628 3317 ἐροῦσιν
2653 3260 2669 3274 ⁸
2713 3242 2882 3312 υῦτος
2922 3251 2952 3302 6
2995 3250 3315 3322 ἄνθρωπος,
3345 3257 3374 3308 ὁ
3417 3259 3667 3328 παροξύ-

2077 3355 2182 3390 νων
2233 3339 2334 3410 τὴν
2382 3338 2522 3407 γῆν,
2571 3339 2601 3390 6
2653 3339 2813 3393 σείων
2859 3340 3102 3410 βασιλεῖς
3126 3385 3142 3408 ,
3196 3346 3226 3397 6
3257 3345 3370 3410 θεὶς
3414 3350 3516 3417 τὴν
3550 3352 3665 3421 γῆν

2075 3429 2205 3502 ὅλην
2237 3429 2477 3500 ἔρημον,
2510 3430 2607 3483 καὶ
2641 3432 2740 3494 τάς
2779 3431 2962 3496 πόλεις
3002 3434 3175 3504 αὐτῆς
3226 3439 3444 3494 καθεῖλε
3473 3457 3488 3471 ·
3527 3446 3664 3509 τοὺς

2075 3524 2134 3574 ὲν
2189 3523 2454 3592 ἐπαγωγῇ
2478 3520 2523 3555 ⁸⁸
2594 3521 2696 3576 οὐκ
2748 3522 2984 3593 ἠλέησε·
3041 3526 3246 3591 πάντες
3301 3531 3350 3583 οἱ
3411 3531 3664 3602 βασιλεῖς

2074 3611 2184 3664 τῶν
2229 3613 2400 3666 ὲθνῶν
2450 3612 2823 3684 ἐκοιμήθησαν
2849 3615 2909 3667 ὲν
2940 3618 3095 3687 τιμῇ,
3134 3619 3424 3689 ἄνθρωπος
3466 3624 3526 3676 ὲν
3573 3626 3660 3697 τῷ

2073 3705 2209 3773 οἴκῳ
2242 3704 2405 3756 αὑτοῦ
2429 3719 2443 3735 ⁸
2487 3704 2552 3756 σὺ
2581 3704 2638 3756 δὲ
2669 3705 2873 3775 ριφήσῃ
2900 3705 2942 3736 ⁸⁸
2976 3707 3034 3758 ὲν
3073 3711 3186 3770 τοῖς
3229 3709 3433 3779 ὄρεσιν,
3461 3714 3539 3776 ὡς
3563 3732 3659 3769 νε-

2072 3795 2225 3864 κρὸς,
2259 3793 2670 3865 ὲϐδελυγμένος,
2703 3796 2842 3864 μετά
2869 3796 3080 3851 πολλῶν
3119 3800 3462 3872 τεθνηκότων
3489 3807 3657 3861 ἐκκε-

2073 3884 2422 3956 κεντημένων
2447 3886 2714 3957 μαχαίρᾳ,
2744 3887 3182 3943 καταϐαινόντων
3205 3893 3286 3955 είς
3318 3893 3506 3967 ᾅδην.»
3539 3899 3660 3956 Καὶ

2071 3977 2162 4032 ἵνα
2194 3978 2269 4049 μὴ
2315 3977 2498 4042 πάσας
2525 3979 2623 4042 τὰς
2645 3979 2774 4048 περὶ
2805 3980 2968 4034 αὐτοῦ
3014 3986 3352 4054 προφητείας
3398 4005 3658 4060 παραγα-

2071 4070 2184 4139 γὼν
2209 4073 2254 4102 ⁸³
2290 4072 2585 4141 ἀποκνήσω
2614 4069 2692 4140 τῷ
2723 4071 2908 4142 μήκει,
2943 4073 3070 4137 τούς
3099 4091 3159 4128 τε
3188 4075 3284 4131 νῦν
3325 4079 3652 4152 ἀκούοντας,

2070 4163 2168 4217 καὶ
2225 4163 2352 4226 τοὺς
2408 4163 2488 4226 εἰς
2515 4163 2560 4194 ⁸³
2596 4160 2822 4233 ὕστερον
2866 4162 3079 4228 τούτοις
3113 4166 3536 4240 ἐντευξομένους
3569 4179 3657 4241 εἰς

2069 4256 2252 4309 ἐκεῖνα
2297 4252 2691 4326 παραπέμψας,
2719 4254 2848 4318 τοὺς
2871 4256 3078 4321 γνῶναι
3129 4258 3222 4313 τὸν
3261 4260 3430 4331 τύφον
3480 4265 3652 4322 αὐτοῦ

2068 4348 2163 4401 καὶ
2199 4345 2296 4416 τήν
2337 4346 2598 4417 ὠμότητα
2646 4345 3022 4419 βουλομένους,
3055 4350 3148 4402 ἐπὶ
3191 4350 3252 4404 τὸ
3285 4356 3652 4426 προκείμενον

2069 4434 2320 4499 ἐπανάξω
2363 4435 2455 4488 τὸν
2481 4435 2658 4504 λόγον.
2694 4436 2896 4492 Τοῦτον
2923 4437 3102 4493 τοίνυν
3131 4441 3161 4491 6
3208 4441 3318 4496 τῶν
3345 4445 3485 4498 ὅλων
3515 4449 3654 4514 Θεδς

385 4535 579 4589 citatis
609 4535 913 4590 ostendens
961 4534 1287 4588 brevitatem
1332 4542 1388 4587 et
1445 4533 1824 4605 fragilitatem.
1885 4529 1966 4584 Ac

2079 4527 2149 4589 εἰς
2179 4526 2461 4580 εὐσέϐειαν
2499 4527 2808 4596 ποδηγῆσαι
2869 4529 3124 4601 θελήσας,
3163 4533 3335 4589 πολλά
3387 4537 3654 4605 πολλάκις

386 4627 577 4681 statim
614 4625 708 4681 ille
748 4625 1044 4681 utilitatem
1086 4626 1352 4694 percepit,
1387 4633 1443 4678 et
1471 4625 1801 4678 immensum
1845 4621 1968 4674 cul-

387 4727 504 4772 tum
538 4718 796 4786 praestitit
821 4717 1052 4782 Danieli,
1077 4719 1168 4772 cui
1195 4717 1358 4786 quasi
1394 4715 1508 4770 Deo
1546 4715 1677 4770 thus
1716 4721 1773 4768 et
1824 4713 1968 4766 liba-

390 4810 539 4864 mina
571 4810 830 4880 praecepit
862 4809 1072 4865 oﬂ'erri.
1101 4808 1208 4864 Sed
1238 4822 1455 4872 rursus,
1497 4806 1642 4861 haud
1675 4805 1852 4860 multo
1883 4803 1972 4856 in-

393 4901 624 4970 teriecto
665 4913 931 4973 tempore,
989 4903 1287 4974 imaginem
1349 4900 1500 4954 illam
1553 4897 1751 4963 erexit,
1801 4909 1970 4967 quam

392 5009 585 5050 omnes
623 4997 726 5051 sibi
766 4997 1053 5064 subjectos
1101 4995 1282 5064 coegit
1322 4992 1581 5054 adorare,
1646 4999 1812 5058 atque
1870 5000 1966 5041 eos

393 5087 484 5153 qui
504 5085 762 5154 pietatem
788 5095 1244 5155 anteposuerant,
1272 5084 1326 5138 in
1345 5096 1534 5154 pyram
1563 5079 1970 5150 inexplebiliter

468 5251 492 5282 π
522 5243 624 5299 lsa.
659 5260 714 5307 ι,
752 5241 839 5296 l6.
916 5253 944 5284 ι
978 5240 1085 5298 lsa.
1107 5261 1220 5315 xw,
1251 5247 1304 5313 Δ,
1328 5247 1381 5302 6.
1457 5245 1486 5286 ι)
1515 5244 1652 5301 lbid.
1679 5242 1736 5306 7,
1762 5239 1816 5295 8.

2077 4619 2319 4686 σωτήρια
2351 4617 2397 4649 ⁸⁸
2428 4621 2794 4692 προσενήνοχε
2818 4620 3103 4692 φάρμακα,
3137 4625 3232 4678 καὶ
3288 4627 3504 4700 πρῶτον
3551 4631 3657 4700 μὲν

2074 4707 2134 4761 ὲν
2160 4705 2238 4776 τῷ
2282 4707 2518 4778 δευτέρῳ
2562 4709 2661 4779 τῆς
2699 4711 2981 4782 βασιλείας
3032 4713 3164 4779 έτει,
3193 4716 3328 4789 ὄναρ
3370 4720 3520 4792 αὑτῷ
3550 4725 3657 4794 τήν

2075 4797 2261 4851 εἰκόνα
2282 4799 2498 4868 εκείνην
2519 4799 2814 4868 ὑπέδειξεν,
2838 4799 2957 4858 εἶτα
2985 4808 3052 4878 τῇ
3093 4806 3232 4880 λήθῃ
3268 4809 3365 4864 τοῦ
3397 4813 3655 4870 ἐνυπνίου

2077 4891 2159 4953 εἰς
2189 4890 2376 4960 χρείαν
2403 4888 2499 4944 τοῦ
2519 4892 2798 4964 προφήτου
2821 4897 3156 4970 κατέστησεν
3173 4915 3188 4930 ·
3225 4899 3417 4958 ἔπειτα
3442 4905 3532 4959 διὰ
3551 4910 3660 4978 τῆς

2079 4982 2376 5053 ἑρμηνείας
2420 4982 2522 5046 τὰς
2567 4981 2676 5038 τῶν
2711 4984 2973 5055 βασιλέων
3023 4988 3273 5062 διαδοχὰς
3322 4995 3566 5064 ἐδίδαξεν
3608 5001 3658 5036 ⁸⁵

2076 5073 2343 5146 ἀκριϐῶς,
2365 5075 2468 5144 τῆς
2500 5075 2848 5150 ἀνθρωπίνης
2883 5081 3185 5153 εὐημερίας
3227 5086 3548 5155 ὑποδεικνὺς
3592 5094 3658 5148 τὺ

1899 5252 1921 5280 ε
1959 5234 2100 5298 Ibid.
2127 5242 2214 5308 13,
2247 5243 2334 5298 14.
2411 5243 2436 5284 ἀ
2469 5240 2607 5298 Ibid.
2637 5241 2826 5300 1549.

1672 5397 1908 5455 VARIA‘Z
1947 5397 2346 5456 LECTIONES.

501 5491 543 5523 "
577 5490 890 5567 B__6£txv_t_i§._
958 5493 1004 5524 "
1031 5495 1198 5567 _e_6cpp.
1255 5497 1336 5551 Ita
1384 5497 1670 5567 legendum
1710 5507 1839 5567 esse
1883 5504 1985 5567 pro
2017 5491 2347 5567 ἀφροσύνην.
2383 5502 2530 5567 recte
2575 5493 2805 5567 monuit
2831 5491 3157 5567 Cgtelerius.
3205 5495 3446 5552 Monum.
3503 5500 3652 5558 Eccl.

399 5557 494 5611 Gr.
541 5570 581 5613 t.
610 5560 672 5617 ΙΙ.
707 5579 759 5630 p.
791 5563 916 5617 656.

398 5631 859 5727 :fnppuveﬁostat.

481 5697 519 5748 Β
549 5701 841 5750 ἀπαγωγῇ.

401 5705 446 5727 "
481 5705 519 5748 Β
549 5705 841 5771 ἀπαγωγῇ.

401 5764 625 5826 ιδειξεν.

963 5619 1196 5705 ξιιιίκεὶςζ
1249 5635 1287 5686 n
1329 5619 1517 5705 pr'ém.
1561 5619 1651 5689 ξύ.
1709 5704 1716 5705 ί
1753 5619 1889 5705 'fB'
1933 5619 1969 5684 ἃ

1029 5563 1074 5595 ⁵⁸
1117 5561 1270 5637 μετ.-
1307 5561 1466 5636 εὐφρῖ
1505 5566 1666 5637 Deest
1709 5561 1994 5637 h.__l._$oji,
2039 5561 2183 5631 quod
2211 5561 2466 5637 praecedit
2496 5563 2638 5637 apud
2672 5562 2850 5637 LXX:
2873 5562 2996 5637 Vidi.
3037 5583 3226 5637 supra.
3257 5582 3311 5636 p.
3337 5569 3462 5622 267.
3531 5570 3581 5601 “
3614 5572 3656 5624 Β

1973 5648 2164 5704 στρων.

940 5703 982 5734 ⁶¹
1011 5704 1124 5772 ριφ.
1166 5702 1207 5754 Β
1241 5702 1424 5773 prtem.
1470 5705 1623 5775 φησί.
1701 5704 1744 5733 ⁶¹
1786 5702 1824 5754 Β
1854 5702 2134 5772 παράγων.
2211 5703 2254 5735 ⁸³
2285 5704 2382 5766 εἰς.
2418 5702 2544 5760 Des.
2584 5705 2638 5757 in
2674 5703 2732 5758 Β.
2812 5705 2856 5738 ⁸⁸
2892 5705 2934 5758 Β
2972 5706 3122 5778 αὐτῷ
3163 5709 3453 5780 σωτηρίας.
3533 5712 3579 5743 ⁸⁸
3610 5709 3655 5764 Β

2263 5632 2307 5664 ⁸⁷
2349 5633 2462 5685 καί.
2533 5634 2656 5687 Des.
2716 5636 2767 5688 in
2819 5634 2878 5688 Β.
2958 5636 3003 5667 ³³
3043 5632 3328 5701 Βὲίδότές.
3399 5640 3444 5672 ⁸⁵
3476 5638 3650 5697 Boot.
