4070 6428
379 372 518 440 1353

1581 372 1664 433 ΙΝ
1695 368 2052 432 DANIELIS
2086 368 2245 428 CAP.
2273 368 2387 430 III.

3528 363 3663 432 1354

379 491 556 562 βραχὺ
612 489 707 545 καὶ
752 488 1037 561 ἐπίκηρον.
1066 489 1178 543 Καὶ
1206 487 1523 561 παραυτίκα
1567 489 1665 560 μὲν
1697 488 1966 560 ὠφέλειαν

2074 483 2374 541 enatritam
2437 485 2697 557 conjecit.
2756 483 2863 542 Sed
2917 500 3112 542 rursus
3154 484 3334 541 bonus
3392 484 3661 542 Dominus

377 582 620 649 ἐδέξατο,
656 582 751 636 καὶ
787 581 851 635 τὸ
882 582 1122 653 ἄμετρον
1149 581 1311 646 σέϐας
1348 579 1426 652 τῷ
1476 580 1675 653 Δανιὴλ
1702 583 1970 654 προσενή-

2074 578 2323 634 adhibita
2344 578 2770 651 longanimitate
2804 593 3006 651 poenas
3033 578 3309 651 superbiae
3336 586 3391 634 et
3418 576 3661 633 crudeli-

377 691 569 745 νοχεν·
611 674 686 737 ὡς
720 673 843 745 Θεῷ
892 675 1005 746 γάρ
1058 673 1354 728 λιϐανωτὸν
1407 671 1559 745 αὐτῷ
1590 672 1683 728 καὶ
1737 672 1966 737 σπονδὰς

2074 673 2205 727 tatis
2241 671 2310 727 ab
2337 672 2462 743 ipso
2507 687 2621 728 non
2673 673 2879 745 exegit,
2927 687 3122 729 verum
3160 671 3403 726 divinam
3438 671 3516 724 illi
3553 672 3662 724 vir-

375 765 814 838 προσενεχθῆναι
849 766 1205 839 προσέταξεν.
1252 765 1414 820 Ἀλλὰ
1448 766 1635 833 πάλιν,
1671 766 1733 820 οὐ
1769 765 1969 820 πολλοῦ

373 857 680 923 διελθόντος
705 857 928 930 χρόνου,
954 858 1055 930 τὴν
1112 857 1299 912 εἰκόνα
1355 859 1571 929 ἐκείνην
1604 857 1866 930 ἀνέστησε
1900 859 1968 926 ⁸⁸,

374 946 472 1003 καὶ
502 948 752 1011 ἅπαντας
778 948 907 1010 τοὺς
937 946 1218 1018 ὑπηκόους
1258 948 1585 1017 προσκυνεῖν
1613 946 1785 1018 αὐτὴν
1838 962 1971 1000 κατ-

374 1040 682 1112 ηνάγκασε,
722 1038 817 1093 καὶ
869 1039 995 1102 τοὺς
1024 1037 1124 1110 τὴν
1162 1037 1445 1092 εὐσέϐειαν
1470 1038 1964 1111 προτετιμηκότας,

370 1136 443 1206 τῇ
492 1132 787 1204 ἀπλήστως
835 1131 1106 1204 τραφείσῃ
1161 1131 1312 1203 πυρᾷ
1354 1129 1758 1202 παραδέδωκεν.
1805 1130 1968 1185 Ἀλλά

371 1227 542 1281 πάλιν
562 1226 591 1278 6
638 1224 843 1294 ἀγαθὸς
872 1224 1171 1295 Δεσπότης,
1205 1222 1563 1295 μακροθυμίᾳ
1596 1223 1963 1295 χρησάμενος,

369 1321 530 1383 δίκας
553 1317 652 1388 μὲν
680 1317 846 1371 αὐτὸν
868 1319 967 1389 τῆς
993 1334 1053 1371 τε
1081 1316 1401 1382 ἀλαζονείας
1422 1315 1518 1369 καὶ
1544 1316 1645 1387 τῆς
1671 1315 1966 1388 θηριωδίας

368 1409 477 1461 οὐκ
532 1406 897 1479 εἰσεπράξατο
927 1406 995 1472 ⁸⁷,
1036 1406 1138 1478 τὴν
1168 1405 1226 1459 δὲ
1257 1405 1409 1459 θείαν
1460 1404 1612 1475 αύτῷ
1654 1404 1699 1436 ⁸⁸
1736 1392 1965 1468 δύναμιν

367 1499 746 1564 ὑποδείκνυσι,
805 1499 933 1562 τοὺς
985 1496 1177 1563 εὔνους
1224 1497 1566 1569 θεράποντας
1626 1496 1724 1567 τῆς
1768 1496 1965 1566 φλογὸς

368 1590 592 1661 ἐκείνης
643 1585 1038 1659 ἐλευθερώσας.
1073 1587 1245 1643 Πάλιν
1269 1587 1326 1640 δὲ
1356 1586 1548 1657 ὀλίγην
1592 1584 1800 1639 ἐκεῖθεν
1821 1583 1964 1653 ὠφέ-

367 1681 523 1734 λειαν
579 1679 894 1752 δεξάμενος,
953 1680 1118 1752 ὑμνεῖ
1169 1678 1271 1751 μὲν
1318 1677 1411 1732 τὸν
1460 1676 1570 1731 τῶν
1620 1676 1756 1731 ὅλων
1805 1675 1961 1738 Θεὸν,

368 1767 592 1821 ἀπειλεῖ
613 1785 674 1822 τε
708 1769 752 1801 ⁸⁸
790 1769 892 1840 τὴν
920 1769 1158 1840 ἐσχάτην
1180 1767 1453 1840 τιμωρίαν
1486 1769 1600 1831 τοῖς
1639 1765 1963 1838 βλάσφημόν

2074 770 2243 819 tutem
2268 764 2534 830 ostendit,
2576 764 2772 821 amicis
2812 765 2932 821 suis
2966 764 3187 819 famulis
3225 763 3442 833 1138
3467 762 3538 818 ab
3565 761 3661 816 illa

2071 850 2294 908 ﬂamma
2330 853 2607 909 liberatis.
2653 854 2846 910 Denuo
2872 871 3005 911 vero
3037 869 3206 926 parva
3242 853 3370 909 inde
3398 861 3660 924 percepta

2073 945 2333 1009 utilitate,
2370 945 2561 1001 laudat
2594 946 2815 1015 quidem
2845 956 3130 1002 auctorem
3179 947 3426 1001 omnium
3462 944 3655 1009 Deum,

2071 1043 2495 1107 extremumque
2528 1038 2867 1108 supplicium
2925 1038 3167 1092 minatur
3215 1037 3286 1093 iis
3335 1038 3430 1107 qui
3482 1039 3657 1093 male-

2073 1130 2289 1184 dictum
2325 1131 2551 1205 aliquod
2604 1133 2658 1186 in
2708 1132 2887 1202 ipsum
2921 1132 3226 1202 conjiciant
3261 1152 3273 1188 :
3309 1133 3405 1189 sed
3444 1134 3654 1198 statim,

2071 1230 2238 1293 atque
2273 1223 2411 1280 adeo
2439 1224 2536 1279 illo
2573 1225 2694 1293 ipso
2724 1239 2894 1287 anno,
2929 1240 3127 1296 rursus
3147 1224 3410 1280 oblivioni
3449 1226 3657 1283 tradito

2071 1313 2176 1369 hoc
2210 1297 2455 1371 m’aximo
2506 1316 2801 1382 miraculo,
2827 1332 2952 1370 cum
2989 1318 3265 1371 exercitu‘
3301 1328 3496 1372 contra
3530 1317 3658 1372 Ilie-

2072 1407 2404 1476 rosolymam
2444 1404 2852 1475 proficiscitur,
2888 1415 2942 1461 et
2983 1406 3142 1462 urbis
3192 1406 3396 1462 muenia
3424 1407 3658 1463 demoli-

2073 1504 2182 1561 tur,
2219 1497 2587 1567 incenditque
2639 1504 2896 1552 sanctum
2930 1497 3222 1568 templum,
3280 1498 3552 1569 audetque
3600 1501 3658 1557 in

2070 1589 2188 1658 ejus
2218 1590 2383 1661 adyta
2406 1597 2724 1660 penetrare,
2759 1588 3153 1659 pradatusque
3180 1590 3368 1644 omnia
3398 1590 3654 1657 donaria,

2070 1678 2124 1732 in
2162 1678 2497 1749 Babylonem
2525 1692 2588 1733 ea
2617 1692 2741 1733 cum
2774 1677 3013 1747 captivis
3039 1678 3296 1732 abduxit.
3325 1678 3439 1734 Hoc
3470 1689 3655 1735 autem

2069 1768 2137 1824 de
2171 1784 2284 1840 quo
2325 1770 2608 1839 loquimur
2664 1777 2913 1839 tempore
2948 1768 3257 1840 profectum
3318 1771 3471 1826 illum
3536 1788 3660 1828 csse

366 1881 425 1916 τι
458 1864 578 1915 κατ’
610 1861 776 1916 αὐτοῦ
811 1862 1239 1932 φθεγγομένοις·
1270 1861 1387 1915 ἀλλ’
1418 1859 1582 1924 εὐθὺς
1621 1861 1716 1914 καὶ
1748 1876 1963 1930 παραυ-

2069 1878 2196 1918 cum
2225 1864 2499 1927 exercitu,
2542 1863 2743 1917 beatus
2778 1863 2945 1917 etiam
3006 1878 3107 1917 nos
3157 1863 3322 1918 docet
3358 1863 3654 1929 Jeremias,

369 1953 522 2021 τίκα,
567 1955 659 2009 καὶ
705 1954 765 2008 ἐν
802 1952 953 2027 αύτῷ
990 1952 1070 2025 τῷ
1127 1952 1381 2025 ἐνιαυτῷ,
1424 1953 1565 2025 λήθῃ
1601 1952 1760 2007 πάλιν
1791 1952 1837 1983 ⁷ο
1863 1950 1962 2021 τὴν

368 2046 645 2119 μεγίστην
674 2044 880 2118 ταύτην
912 2045 1189 2118 παραδοὺς
1215 2045 1678 2118 θαυματουργίαν,
1703 2047 1964 2115 ἐπιστρα-

368 2137 521 2191 τεύει
555 2139 667 2202 τοῖς
707 2137 1124 2210 Ἱεροσολύμοις,
1161 2137 1258 2192 καὶ
1287 2137 1544 2208 καθαιρεῖ
1574 2137 1673 2209 μὲν
1694 2136 1761 2191 τὰ
1790 2137 1835 2168 ⁷⁸
1863 2136 1964 2207 τῆς

370 2230 585 2293 πόλεως
604 2230 782 2301 τείχη,
805 2230 1077 2301 πυρπολεῖ
1107 2247 1166 2283 τε
1203 2230 1296 2284 τὸν
1320 2228 1476 2299 ἅγιον
1504 2227 1600 2282 τοῦ
1632 2227 1768 2282 Θεοῦ
1802 2228 1962 2294 νεὼν,

368 2320 692 2393 κατατολμᾷ
732 2321 789 2375 δὲ
816 2320 926 2375 τῶν
954 2319 1145 2374 τούτου
1172 2320 1404 2385 ἀδύτων,
1439 2318 1536 2373 καὶ
1582 2319 1764 2373 πάντα
1799 2319 1960 2390 συλή-

370 2430 477 2477 σας
540 2413 610 2467 τὰ
666 2412 997 2485 ἀναθήματα
1052 2414 1132 2478 εἰς
1187 2413 1286 2483 τὴν
1342 2411 1639 2467 Βαϐυλῶνα
1691 2413 1789 2466 σὺν
1849 2414 1963 2476 τοῖς

370 2504 745 2577 αἰχμαλώτοις
798 2506 1133 2577 ἀπήνεγκεν.
1188 2506 1311 2560 Ὀτι
1353 2504 1410 2558 δὲ
1456 2504 1600 2560 κατά
1627 2503 1819 2559 τοῦτον
1863 2505 1963 2558 ἐπ-

371 2596 710 2667 εστράτευσε
739 2597 831 2650 τὸν
862 2594 1077 2667 καιρὸν,
1106 2593 1201 2649 καὶ
1228 2594 1257 2647 ὁ
1278 2593 1551 2666 μακάριος
1579 2593 1784 2665 ὴμᾶς⁷¹
1813 2591 1960 2647 διδά-

371 2705 497 2743 σκει
548 2688 817 2760 Ἱερεμίας
845 2687 1046 2741 οὑτωσὶ
1067 2687 1276 2756 λέγων⁸
1314 2704 1334 2738 ι
1381 2686 1439 2740 '0
1483 2686 1641 2756 λόγος
1669 2686 1697 2739 6
1734 2684 1964 2757 γενόμε-

368 2794 465 2840 νος
505 2776 658 2848 παρά
704 2776 912 2848 Κυρίου
949 2775 1085 2847 πρὸς
1123 2774 1395 2847 Ἱερεμίαν
1435 2777 1494 2830 ἐν
1524 2774 1602 2846 τῷ
1627 2776 1859 2848 ἐνιαυτῷ
1886 2775 1964 2847 τῷ

368 2869 587 2942 δεκάτῳ
631 2868 880 2923 Σεδεκίου
921 2867 1185 2939 βασιλέως
1217 2868 1264 2900 ⁷³
1298 2867 1492 2933 Ἰούδα,
1528 2862 1683 2931 οὗτος
1716 2867 1963 2930 ἐνιαυτὸς

375 2958 847 3022 ὀκτωκαιδέκατος
877 2957 925 2989 ⁷⁵
956 2956 1036 3027 τῷ
1058 2958 1103 2990 ⁷⁸
1133 2956 1604 3029 Ναϐουχοδονόσορ
1636 2958 1716 3028 τῷ
1755 2956 1967 3029 βασιλεῖ

372 3050 719 3116 Βαϐυλῶνος,
745 3051 840 3103 καὶ
865 3050 910 3082 τε
940 3049 1169 3121 δύναμις
1198 3048 1460 3120 βασιλέως
1484 3050 1804 3114 Βαϐυλῶνος
1833 3052 1964 3122 ἐχα-

376 3144 631 3216 ράκωσεν
660 3143 719 3195 ἐν
757 3141 802 3172 ⁷⁷
844 3139 1228 3211 Ἰερουσαλήμ.
1258 3159 1277 3192 ι
1320 3139 1433 3194 Καὶ
1489 3143 1591 3211 τῆς
1641 3141 1848 3204 εἰκόνος
1904 3140 1962 3192 δὲ

373 3211 437 3290 τὸ
464 3235 708 3305 διήγημα
747 3231 1081 3304 συγγράφων
1139 3233 1168 3285 6
1227 3233 1498 3305 μακάριος
1528 3232 1729 3303 Δανιὴλ
1772 3211 2033 3285 τοῦτονό

373 3326 592 3381 τέθεικε
642 3326 733 3379 τὸν
780 3325 1002 3396 χρόνον*
1034 3343 1053 3376 ι
1087 3325 1282 3389 Ἐτους
1337 3324 1811 3379 ὀκτωκαιδεκάτου
1847 3325 1963 3378 Να-

374 3416 763 3488 ϐουχοδονόσορ
798 3418 827 3470 6
861 3415 1115 3488 βασιλεὺς
1155 3416 1407 3487 ἐποίησεν
1446 3416 1633 3470 εἰκόνα
1657 3417 1866 3487 χρυσῆν
1900 3433 1913 3446 ·
1938 3434 1957 3467 ι

371 3509 451 3574 ὡς
478 3504 618 3563 εἶναι
647 3508 824 3580 δῆλον,
843 3510 923 3563 ὅτι
947 3509 1007 3562 ἐν
1033 3509 1081 3540 ’³⁸
1113 3509 1254 3582 ἀρχῇ
1278 3505 1373 3562 τοῦ
1406 3506 1563 3572 ἔτους
1594 3507 1845 3578 ἀπῄτησε
1867 3506 1964 3578 τὴν

374 3604 479 3673 τῆς
506 3604 714 3666 εἰκόνος
737 3601 1110 3674 προσκύνησιν
1131 3617 1144 3631 ·
1183 3598 1300 3656 εἶτα
1320 3600 1418 3673 τὴν
1457 3600 1718 3672 στρατιὰν
1751 3601 1798 3632 ’⁸
1834 3615 1964 3670 προ⁴

376 3694 607 3766 πέμψας
660 3693 997 3765 ἠκολούθησε
1032 3695 1128 3746 καὶ
1158 3691 1338 3758 αὐτὸς,
1364 3691 1711 3763 περιεγένετό
1759 3707 1819 3745 τε
1867 3691 1966 3762 τῆς

384 3774 745 3860 Ἰερουσαλὴμ
775 3785 1045 3856 ἑνδεκάτῳ
1067 3784 1166 3855 μὲν
1203 3782 1313 3836 ἔτει
1345 3782 1445 3854 τῆς
1490 3782 1771 3853 βασιλείας
1810 3782 1965 3836 Σεδε-

374 3880 520 3947 κίου,
547 3878 1014 3950 ἐννεακαιδεκάτῳ
1036 3878 1093 3931 δὲ
1113 3878 1213 3947 τῆς
1240 3877 1435 3933 ἑαυτοῦ
1459 3877 1759 3947 βασιλείας.
1791 3878 1965 3931 Ἐπει-

371 3971 442 4041 δὴ
472 3970 649 4025 τοίνυν
675 3971 930 4042 οὐδεμίαν
952 3969 1249 4040 οὐδαμόθεν
1287 3970 1316 4022 ό
1358 3969 1591 4032 δείλαιος
1623 3969 1889 4039 ὠφέλειαν
1918 3970 1964 4002 ⁸ο

374 4063 621 4131 ἐδέξατο,
673 4061 1064 4132 ἀγανακτήσας
1106 4063 1134 4114 6
1162 4059 1271 4114 τῶν
1304 4060 1441 4115 ὅλων
1486 4060 1619 4123 Θεὸς
1671 4060 1964 4114 δεδίττεται

379 4155 484 4228 μὲν
540 4153 704 4209 αὐτὸν
752 4153 1020 4224 πρότερον
1051 4153 1095 4184 ⁸¹
1155 4150 1223 4204 δι’
1246 4151 1521 4213 ἐνυπνίου,
1560 4145 1679 4204 εἶτα
1734 4149 1825 4204 διὰ
1868 4150 1963 4204 τοῦ

376 4243 580 4318 Δανιὴλ
607 4244 677 4298 τὰ
694 4243 782 4297 διὰ
807 4242 903 4297 τοῦ
928 4242 1180 4296 ἐνυπνίου
1216 4240 1596 4312 σημαινόμενα
1625 4240 1761 4312 δῆλα
1799 4243 1960 4295 ποιεί.

374 4337 490 4393 Καὶ
536 4336 657 4390 οὐδὲ
708 4333 883 4398 οὕτως
924 4333 1086 4398 εὐθὺς
1133 4333 1327 4402 ἐπάγει
1360 4333 1461 4403 τὴν
1505 4332 1798 4405 τιμωρίαν,
1829 4332 1964 4388 ἀλλά

375 4430 679 4501 προσφέρει
701 4428 745 4460 δ’
780 4428 879 4499 μὲν
936 4426 1087 4498 αὐτῷ
1140 4425 1450 4499 συμϐουλὴν
1493 4428 1588 4480 καὶ
1635 4426 1965 4498 παραίνεσιν

2067 1970 2194 2010 cum
2226 1955 2302 2009 ita
2339 1954 2513 2008 dicit:
2551 1971 2570 2005 ι
2616 1952 2855 2008 Verbum
2896 1955 3044 2025 quod
3098 1954 3306 2009 factum
3343 1963 3429 2011 est
3466 1956 3537 2010 ad
3562 1956 3653 2012 Je-

2066 2047 2294 2101 remiam
2336 2061 2367 2100 a
2421 2044 2677 2112 Domino,
2734 2061 2881 2100 anno
2921 2045 3139 2101 decimo
3202 2045 3450 2103 Sedecize
3506 2052 3653 2120 regis

2064 2138 2240 2203 Judae,
2272 2139 2359 2193 bic
2406 2154 2589 2193 annus
2627 2144 2862 2194 octavus
2902 2148 2959 2193 et
2987 2138 3236 2194 decimus
3278 2138 3656 2196 Nabuchodo-

2067 2232 2289 2287 nosoris
2333 2232 2480 2299 regis
2512 2230 2832 2300 Babylonis,
2861 2239 2917 2285 et
2951 2231 3236 2288 exercitus
3278 2233 3427 2303 regis
3473 2232 3654 2306 Baby-

2065 2320 2210 2376 lonis
2254 2320 2470 2377 obsedit
2531 2319 3021 2391 Hierosolymame.
3060 2340 3079 2372 ι
3113 2319 3181 2375 Et
3236 2329 3434 2377 statuae
3481 2323 3653 2377 histo-

2066 2415 2209 2469 riam
2239 2415 2495 2471 scribens
2521 2413 2715 2469 beatus
2748 2412 2940 2468 Daniel
2962 2413 3068 2467 hoc
3095 2421 3318 2485 tempus
3350 2415 3611 2485 ascripsit
3636 2434 3649 2468 :

2071 2527 2090 2558 ι
2131 2508 2289 2561 Anno
2320 2504 2540 2561 decimo
2571 2512 2797 2573 octavo,
2829 2503 3348 2561 Nabuchodonosor
3394 2521 3493 2561 rex
3522 2505 3655 2562 fecit

2066 2606 2308 2655 statuam
2337 2612 2564 2653 auream
2596 2615 2610 2652 :
2648 2615 2666 2648 ι
2708 2598 2785 2651 ita
2829 2605 2889 2650 ut
2952 2597 3308 2667 perspicuum
3367 2598 3461 2660 sit,
3521 2600 3653 2652 anni

2066 2690 2228 2747 initio
2259 2691 2413 2745 illum
2447 2690 2768 2760 postulasse
2802 2699 2863 2743 ut
2893 2696 3077 2744 statua
3118 2689 3417 2754 coleretur,
3448 2689 3655 2744 deinde

2066 2783 2354 2853 praemisso
2385 2781 2634 2838 exercitu
2671 2780 2853 2850 ipsum
2874 2779 3040 2834 etiam
3066 2787 3321 2834 secutum
3341 2794 3466 2835 esse
3489 2789 3655 2850 atque

2066 2873 2506 2945 Hierosolymam
2528 2885 2880 2942 expugnasse
2912 2870 3212 2925 undecimo
3242 2886 3389 2925 anno
3410 2869 3656 2928 Sedeciae

2067 2966 2249 3038 regni,
2285 2964 2500 3020 decimo
2554 2970 2736 3018 autem
2795 2976 2965 3026 nono,
3032 2977 3143 3033 quo
3197 2962 3315 3032 ipse
3366 2964 3654 3034 regnabat.

2068 3057 2304 3124 Quando
2337 3055 2528 3126 itaque
2562 3054 2774 3109 nullam
2800 3054 3029 3109 omnino
3060 3054 3231 3109 miser
3266 3057 3515 3126 percepit
3548 3058 3657 3111 uti-

2068 3151 2301 3212 litatem,
2353 3147 2674 3217 indignatus
2732 3153 2928 3200 auctor
2973 3145 3223 3200 omnium
3262 3161 3447 3201 rerum
3509 3146 3657 3202 Deus

2069 3243 2312 3297 deterret
2347 3238 2563 3310 1139
2600 3239 2781 3309 ipsum
2824 3237 3048 3292 somnio
3094 3236 3273 3306 prius,
3309 3237 3509 3293 deinde
3558 3252 3657 3306 per

2070 3332 2374 3395 Danielem,
2406 3346 2528 3400 quae
2563 3330 2842 3386 somnium
2874 3328 3246 3397 significabat,
3274 3329 3322 3382 ei
3367 3328 3653 3398 patefecit.

2067 3423 2135 3478 Et
2168 3438 2237 3478 ne
2269 3422 2355 3477 sic
2382 3420 2611 3492 quidem
2661 3421 2851 3476 statim
2904 3418 3074 3473 infert
3128 3420 3489 3489 supplicium,
3554 3419 3656 3475 sed

2067 3512 2364 3567 consilium
2416 3511 2467 3566 ei
2532 3509 2692 3565 affert
2762 3509 3136 3577 admonetque
3195 3523 3291 3577 per
3346 3507 3654 3571 Danielem,

2067 3618 2384 3674 annumque
2412 3609 2588 3657 totum
2613 3600 3040 3671 longanimitate
3066 3601 3290 3665 tolerat,
3319 3606 3657 3669 exspectans

2067 3696 2188 3766 ejus
2222 3693 2636 3767 paenitentiam.
2674 3691 2776 3747 Ubi
2814 3706 2949 3748 vero
2978 3691 3194 3746 nullum
3246 3693 3552 3747 remedium
3589 3706 3658 3746 ex

2068 3790 2221 3846 illius
2258 3788 2487 3844 lenitate
2513 3802 2578 3842 ac
2613 3788 2777 3858 longa
2819 3786 3085 3857 patientia
3122 3786 3423 3855 decerpere
3453 3785 3655 3849 voluit,

2068 3898 2189 3953 qua:
2218 3881 2460 3936 minatus
2489 3878 2673 3935 fuerat
2721 3879 2889 3944 mala,
2933 3877 3123 3941 infert,
3165 3892 3229 3931 ac
3263 3878 3418 3945 punit
3473 3877 3657 3946 ipsum

2068 3988 2179 4029 non
2242 3972 2484 4042 simplici
2547 3985 2838 4041 poenarum
2900 3984 3135 4039 genere.
3182 3967 3281 4022 sed
3357 3969 3656 4038 superbam

2068 4073 2306 4120 mentem
2338 4065 2515 4123 illam.
2539 4077 2663 4131 quae
2683 4077 2746 4116 ea
2775 4061 3150 4116 somniaverat
3184 4076 3308 4127 qua:
3339 4066 3469 4113 sunt
3488 4074 3657 4127 supra

2067 4164 2350 4218 naturam,
2414 4153 2693 4209 dementia
2753 4152 3002 4221 percutit
3045 4158 3100 4204 et
3160 4148 3400 4204 insania.
3446 4147 3658 4204 Deinde

2067 4263 2191 4303 cum
2227 4245 2440 4300 ferinus
2477 4243 2660 4297 factus
2688 4248 2859 4307 esset,
2892 4250 3055 4296 curat
3084 4257 3213 4296 eum
3239 4242 3653 4311 expellendum,

2067 4339 2145 4393 ita
2176 4342 2236 4391 ut
2254 4336 2376 4391 loca
2406 4334 2626 4389 deserta
2657 4332 2751 4387 diu
2774 4333 3070 4386 incoleret.
3101 4332 3239 4386 Tum
3276 4332 3410 4385 illud
3434 4347 3657 4401 quoque

2067 4429 2316 4494 molitur,
2350 4435 2410 4482 ut
2441 4428 2713 4481 malorum
2765 4425 2973 4495 quibus
3017 4425 3397 4494 premebatur,
3434 4439 3655 4479 sensum

375 4522 468 4577 διά
510 4521 603 4575 τοῦ
648 4519 865 4591 Δανιὴλ,
914 4517 1159 4573 ἐνιαυτόν
1195 4536 1252 4572 τε
1291 4518 1412 4572 ὅλον
1473 4514 1822 4591 μακροθυμεῖ
1866 4518 1964 4589 τὴν

2072 4519 2350 4589 acciperet
2382 4533 2396 4570 :
2434 4530 2615 4587 neque
2641 4515 2789 4571 enim
2825 4513 2941 4570 fieri
2972 4523 3213 4585 poterat,
3247 4523 3307 4569 ut
3356 4515 3407 4570 is
3442 4516 3658 4569 utilita-

378 4612 744 4686 μεταμέλειαν
774 4611 1080 4682 ἀναμένων.
1128 4609 1216 4672 Ὠς
1244 4609 1299 4663 δὲ
1328 4609 1586 4679 οὐδεμίαν
1624 4609 1871 4681 ἰατρείαν
1901 4612 1966 4663 ἐκ

374 4706 479 4777 τῆς
519 4702 901 4775 μακροθυμίας
933 4702 1164 4774 ἠθέλησε
1220 4700 1543 4773 δρέψασθαι,
1587 4699 1621 4755 ἃ
1670 4701 1967 4773 ἠπείλησεν

378 4800 635 4871 ἐπιφέρει
687 4795 867 4850 κακά·
905 4794 1229 4867 τιμωρεῖταί
1270 4811 1331 4846 τε
1388 4794 1550 4849 αὐτὸν
1600 4794 1699 4866 οὐχ
1755 4795 1964 4861 ἁπλῶς,

377 4891 517 4947 ἀλλὰ
548 4890 640 4945 τὸν
681 4888 917 4955 ἀλαζόνα
967 4886 1092 4941 νοῦν
1138 4888 1347 4940 ἐκεῖνον
1379 4886 1470 4939 τὸν
1499 4884 1567 4939 τά
1606 4885 1746 4958 ὑπὲρ
1804 4885 1967 4954 φύσιν

376 4982 893 5056 ὀνειροπολήσαντα,
924 4977 1318 5050 φρενοϐλαϐείᾳ
1362 4976 1513 5030 παίει
1540 4977 1634 5030 καὶ
1674 4978 1965 5049 παραπλη-

380 5080 496 5151 ξίᾳ.
534 5074 669 5132 Εἶτα
724 5075 961 5148 θηριώδη
1006 5073 1295 5144 γενόμενον
1341 5071 1662 5141 ἐξελαθῆναι
1708 5072 1754 5103 ³³
1784 5089 1963 5143 παρα-

458 5234 484 5263 ⁸
519 5220 722 5278 Jerem.
751 5235 923 5285 χχιιι,
949 5220 998 5284 l,
1032 5217 1105 5284 ες
1137 5217 1218 5273 vel
1245 5217 1398 5288 juxta
1428 5214 1593 5278 LXX,
1630 5230 1819 5279 ητις,
1864 5212 1915 5278 Ι,
1949 5212 2008 5266 ‘2.

2074 4621 2179 4668 tem
2226 4610 2355 4665 inde
2416 4608 2747 4679 perciperet,
2805 4623 2930 4663 cum
2993 4609 3143 4662 omni
3187 4607 3417 4661 omnino
3447 4607 3660 4662 doloris

2072 4719 2242 4760 sensu
2274 4710 2513 4758 careret.
2559 4701 2637 4756 lta
2687 4702 2928 4757 sublatis
2976 4701 3158 4755 oculis
3213 4700 3305 4753 ille
3333 4700 3661 4754 celerrimas

2072 4796 2197 4850 vitae
2227 4794 2563 4850 mutationes
2598 4794 2874 4863 agnoscit,
2906 4790 3248 4845 lamentatur
3274 4801 3461 4847 autem
3497 4798 3552 4845 et
3585 4790 3663 4843 lu-

2069 4895 2163 4958 get
2196 4886 2481 4957 propriam
2515 4884 2841 4949 stultitiam,
2863 4881 3276 4952 confiteturque
3301 4881 3394 4937 Dei
3429 4897 3662 4953 regnum

2074 4979 2440 5035 successione
2486 4992 2686 5034 carens
2728 4978 2781 5031 in
2824 4974 3015 5030 omnia
3070 4975 3274 5029 saecula
3313 4990 3660 5044 permanere.

2077 5070 2568 5141 llaeeexperientia
2599 5069 2852 5130 edoctus,
2898 5081 3098 5121 rursus
3139 5075 3364 5137 propter
3412 5066 3665 5122 ineffabi-

1671 5366 1906 5423 VABUE
1947 5361 2359 5420 LECTIONES.

455 5498 501 5530 “
530 5497 573 5551 Β
620 5495 871 5552 ἔστησεν.
951 5495 994 5525 ⁸⁷
1037 5493 1076 5548 Β
1126 5494 1425 5552 ἐπράξατο.
1498 5491 1541 5522 ⁸⁸
1570 5488 1609 5542 Β
1653 5483 1843 5541 αὐτοῦ.
1922 5485 1967 5518 ⁶⁹
2001 5501 2061 5537 τε
2101 5483 2251 5537 Edit.
2293 5483 2446 5552 prior
2469 5483 2627 5552 bal):
2657 5483 2778 5552 6§._
2815 5483 2860 5552 ’.τ’
2896 5483 2934 5526 Β
2968 5483 3240 5552 παντελεῖ.
3396 5483 3481 5552 τέ.
3506 5483 3587 5552 "In
3627 5483 3660 5547 ι]

743 5512 871 5565 ισεν.
951 5512 990 5525 ‘”
1037 5512 1076 5548 ὕ
1126 5512 1425 5565 επραξατο.
1498 5512 1541 5522 “’“’
1570 5512 1609 5542 D
1653 5512 1843 5541 αυῖου.
1927 5512 1964 5518 "
2001 5512 2061 5537 τι
2104 5512 2251 5537 nun.
2296 5512 2434 5552 μιιυι
2468 5512 2608 5559 ἐιιιυο
2657 5512 2734 5527 υτ..
2827 5545 2850 5561 ἢ
2896 5512 2933 5526 υ
2973 5512 3240 5526 ..νηηηυη
3405 5512 3481 5521 υ...
3532 5512 3586 5520 --ν
3627 5512 3662 5547 ζ

743 5575 779 5621 5t
810 5564 1039 5623 πόλεως.
1105 5566 1151 5597 ⁷¹
1179 5566 1347 5625 ἡμᾶς.
1384 5564 1457 5616 Ex
1502 5561 1543 5614 Β
1572 5559 1751 5625 suppl.
1859 5555 1925 5625 ⁷³,
1945 5555 2070 5625 βασ.
2098 5553 2140 5607 Β
2166 5567 2360 5625 prmia.
2389 5566 2518 5625 του.
2537 5544 2643 5625 __"_‘
2674 5544 2941 5625 Babyooo;
2976 5544 3070 5596 καὶ
3101 5542 3350 5625 δέκέτοξ.
3421 5539 3465 5568 ⁷⁸
3506 5536 3663 5625 ἰξτου

1181 5605 1787 5688 νδὲῖᾶἱὶῐιαξυῐξνόὲὲ.
1820 5627 1874 5680 in
1906 5605 2129 5679 Βδξνῇ-
2162 5605 2238 5676 trv.
2275 5605 2317 5675 ll
2341 5622 2462 5690 τήν.
2537 5617 2583 5648 ⁷⁸
2605 5617 2683 5690 ἐν.
2720 5615 2760 5667 Β
2783 5605 2974 5690 praem.
3020 5612 3133 5666 καί.
3160 5680 3171 5690 _
3211 5610 3256 5641 ’⁵
3286 5609 3327 5661 Β
3353 5605 3662 5690 στρατείαν.

392 5571 617 5639 ponitur
657 5559 795 5639 post;
810 5564 1039 5639 πόλεως.
1105 5566 1151 5597 ⁷¹
1179 5559 1347 5639 ripae.
1384 5564 1463 5639 Ex;
1572 5559 1751 5639 suppl.

383 5633 440 5694 ἑι
461 5633 678 5701 deinde,
705 5635 800 5689 τοῦ
823 5633 1108 5704 βασιλέως.

2335 5480 2446 5534 rior
2478 5475 2608 5532 hab.
2657 5474 2734 5527 δέ.
2814 5474 2860 5504 ⁷⁰
2893 5472 2934 5526 Β
2968 5471 3240 5526 παντελεῖ.
3320 5472 3361 5501 ⁷⁸
3396 5469 3481 5521 τά.
3532 5466 3587 5520 In
3627 5466 3666 5517 R

383 5672 440 5694 CI
461 5672 678 5701 ιιῦιιιυυ,
716 5672 800 5689 νυν
823 5672 1108 5704 grav-new...
1260 5672 1626 5688 hun*”niw'avvsu
1666 5672 1787 5682 νυ...
1823 5672 1874 5680 ...
1909 5672 1967 5679 ν.
2164 5672 2237 5676 ν--
2276 5672 2302 5675 ,ν
2356 5672 2363 5673 ,
2398 5672 2437 5702 Ι,
2484 5691 2493 5702 ⁸
2655 5686 2665 5698 .
2789 5672 2800 5683 _
3387 5672 3427 5705 ,ἡ
3525 5672 3579 5704 ,ε

383 5709 429 5742 ³⁸
454 5711 543 5778 ὀφ.
586 5710 642 5764 In
684 5707 725 5760 Β
757 5707 980 5778 ponitur
1009 5716 1133 5776 post
1171 5704 1408 5769 ἐδέξατο.
1487 5702 1529 5734 ⁸¹
1570 5700 1612 5754 Β
1646 5697 1863 5770 πρῶτον
1914 5697 2012 5768 μὲν
2045 5694 2229 5748 αὐτόν.
2308 5692 2355 5724 ⁸⁵³
2400 5691 2547 5745 lauit.
2587 5700 2735 5757 prior
2782 5686 2945 5739 habet
2998 5680 3282 5753 προφέρει.
3361 5677 3382 5709 ⁸
3439 5675 3479 5727 Β
3522 5690 3657 5737 εςω-

388 5779 602 5850 σθῆναι.

747 5871 1022 5932 Parnm"
1069 5868 1185 5931 Gn.
1233 5859 1513 5925 LXXXI.

3267 5838 3345 5898 b3
