4070 6390
423 357 552 434 13151

1604 363 1686 421 ΙΝ
1744 362 2102 424 DANIELIS
2156 366 2314 429 CAP.
2349 369 2439 430 ιγ.

3548 365 3680 428 1362

491 477 580 526 ια’.
621 490 640 524 ι
680 473 790 539 Καὶ
821 471 1102 545 ἐφώνησεν
1127 474 1183 528 ἑν
1221 474 1386 545 ἰσχύϊ,
1422 477 1515 528 καὶ
1549 475 1720 539 οὑτως
1746 474 1952 529 εἷπενδ·
1977 495 1990 508 ’

2175 479 2341 536 \‘sns.
2369 482 2456 537 H.
2488 500 2505 533 ι
2538 479 2874 537 Etclamavit
2899 480 2949 534 in
2976 478 3321 546 fortitudine,
3342 488 3394 534 et
3422 479 3494 534 ita
3517 481 3682 534 dixit:

426 562 732 632 Ἑκκόψατε
779 565 840 616 τὸ
887 561 1125 636 δένδρον,
1177 565 1272 620 καὶ
1303 565 1551 619 ὲκτίλατε
1589 567 1714 630 τοὺς
1767 567 1995 630 κλάδους

416 653 604 717 αὑτοῦ,
629 654 724 708 καὶ
749 656 1064 722 ἐκτινάξατε
1088 657 1156 710 τὰ
1172 657 1345 724 φύλλα
1369 656 1533 710 αὑτοῦ
1553 657 1596 690 ³⁸
1628 657 1722 712 καὶ
1750 657 2003 728 διασκορ-

416 748 616 800 πίσατε
655 748 747 800 τὸν
801 748 1014 818 καρπὸν
1055 749 1242 802 αὑτοῦ.
1289 767 1308 801 ι
1345 749 1458 802 Καὶ
1495 749 1688 820 βλέπει
1755 749 1852 820 μὲν
1907 749 2000 802 τὸν

414 839 648 907 ἄγγελον
694 839 790 893 ἀπ’
835 838 1065 908 οὐρανοῦ
1105 839 1546 909 κατασεῦηκότα,
1587 841 1676 892 ἴνα
1725 839 1891 912 μάθῃ,
1927 839 2002 902 ὡς

415 931 581 993 αὐτὸς
609 933 637 983 ό
660 929 770 983 τῶν
791 931 930 984 ὅλων
960 931 1239 1001 Δεσπότης
1288 930 1384 1002 τὴν
1434 931 1554 983 κατ’
1582 930 1750 982 αὑτοῦ
1786 930 2003 998 ἀπόφα-

419 1041 507 1077 σιν
565 1023 877 1093 ἐποιήσατο.
939 1021 1261 1075 Διδάσκεται
1314 1021 1372 1074 δὲ
1423 1022 1518 1075 καὶ
1561 1021 1644 1084 τίς
1697 1022 1724 1071 ό
1757 1019 2003 1082 δεδωκὼς

418 1115 571 1184 αὑτῷ
600 1113 700 1184 τὴν
723 1113 1022 1184 βασιλείαν,
1047 1112 1138 1165 καὶ
1157 1113 1550 1182 ἀποτιθέμενος
1578 1113 1675 1182 τὴν
1700 1111 2000 1182 βασιλείαν·

417 1206 525 1276 όρᾷ.
553 1205 660 1277 γὰρ
690 1203 749 1257 τὸ
777 1206 872 1274 μὲν
895 1204 1110 1275 δένδρον
1163 1203 1579 1274 ὲκτεμνόμενον,
1604 1203 1745 1267 τοὺς
1777 1201 1833 1254 δὲ
1862 1202 2006 1254 κλά-

420 1297 571 1363 δους
594 1295 1048 1366 χωριζὸμένους,
1084 1296 1348 1356 τουτέστι,
1380 1295 1508 1358 τοὺς
1563 1295 1858 1366 ὑπάρχους,
1911 1293 2005 1347 καὶ¹

419 1390 550 1452 τοὺς
573 1389 930 1460 στρατηγοὺς,
958 1389 1052 1441 καὶ
1072 1387 1378 1458 σατράπας,
1414 1387 1509 1440 καὶ
1547 1387 1670 1449 τοὺς
1697 1387 1862 1456 ἄλλην
1886 1384 2006 1437 τινὰ

418 1481 721 1551 ἡγεμονίαν
745 1479 874 1550 παρ’
897 1481 1062 1534 αὑτοῦ
1097 1480 1564 1548 πεπιστευμένους
1587 1496 1599 1508 ·
1629 1478 1696 1530 τὰ
1725 1477 1781 1530 δὲ
1802 1477 2007 1545 φύλλα

417 1573 905 1641 ἐκτινασσόμενα
968 1573 1013 1604 ³³
1075 1572 1144 1643 ἢν
1192 1570 1582 1642 περιεϐέϐλητο
1654 1567 1812 1633 δόξαν
1850 1567 2006 1636 δίκην

420 1665 639 1734 φύλλων
685 1663 980 1734 ὲκρέουσάν
1045 1681 1104 1716 τε
1152 1663 1248 1716 καὶ
1305 1660 1748 1734 μαραινομένην’
1807 1659 1915 1712 τὸν
1949 1658 2004 1710 δὲ

419 1737 656 1823 καρπὸκ
727 1753 1332 1823 διασκορπιζόμενον³
1392 1752 1486 1806 τοῦ
1559 1751 1668 1823 γὰρ
1743 1749 2006 1822 βασιλέως

419 1845 609 1916 ἐκείνῃ
662 1843 1050 1911 περιπεσόντος
1112 1845 1180 1910 τῇ
1238 1843 1512 1913 συμφορᾷ,
1557 1843 1606 1894 οί
1655 1840 1746 1894 τὸν
1800 1839 2006 1908 δασμὸν

2117 1840 2521 1896 convertebant.
2587 1859 2605 1893 ι
2637 1841 3098 1896 Commoveantur
3127 1883 3142 1907 ,
3219 1843 3426 1913 inquit,

419 1935 787 1998 ἀπαιτοῦντες
838 1937 918 1998 εἰς
979 1935 1205 1997 ἑαυτοὺς
1263 1934 1448 1988 λοιπὸν
1500 1932 1673 1998 ἀδεῶς
1723 1933 1785 1986 τὸ
1820 1932 2010 2004 κέρδος

421 2009 807 2098 παρέπεμπον.
849 2044 868 2077 ι
908 2025 1228 2097 Σαλευθήτω
1277 2026 1344 2090 ³⁵,
1375 2026 1529 2095 φησι,
1585 2024 1654 2078 τά
1686 2023 1851 2094 θηρία
1885 2023 2012 2077 ὑπο-

422 2116 672 2170 κάτωθεν
703 2115 889 2180 αὑτοῦ,
906 2117 1002 2170 καὶ
1018 2115 1085 2169 τὰ
1114 2116 1278 2186 όρνεα
1301 2115 1407 2169 ἀπὸ
1425 2115 1533 2168 τῶν
1557 2114 1766 2169 κλάδων
1784 2112 1968 2167 αὑτοῦ.
1984 2130 2003 2162 ι

419 2209 488 2261 Oi
506 2206 615 2278 γὰρ
638 2206 790 2278 παρά
821 2205 1047 2276 γνώμην
1074 2205 1345 2259 δουλεύειν
1381 2187 1812 2276 ἠναγκασμένοι,
1838 2204 2011 2274 ἀφορ-

425 2298 534 2371 μὴν
563 2299 813 2370 εὑρόντες
864 2298 962 2370 τὴν
997 2297 1091 2352 τοῦ
1122 2298 1384 2369 βασιλέως
1427 2298 1750 2369 μεταϐολὴν,
1772 2295 1864 2349 τοῦ
1905 2295 2009 2350 ὑπ-

421 2390 646 2445 ακούειν
678 2391 1020 2462 ἀπέστησαν.

500 2503 584 2574 ιβ’.
630 2522 647 2554 ι
680 2503 826 2574 Πλὴν
863 2503 960 2574 τὴν
1006 2503 1149 2575 φυὴν
1198 2501 1308 2556 τῶν
1369 2501 1533 2574 ῥιζῶν
1560 2503 1727 2556 αὑτοῦ
1750 2505 1807 2556 ὲν
1839 2504 1904 2574 τῇ
1937 2505 2009 2576 γῇ

424 2595 624 2649 ἐάσατε
644 2611 657 2624 ·
690 2597 784 2647 καὶ
806 2597 862 2648 ἐν
888 2590 1095 2664 δεσμῷ,
1129 2595 1284 2664 φησι,
1313 2593 1516 2664 σιδηρῷ
1545 2595 1638 2648 καὶ
1679 2595 1884 2664 χαλκῷ,
1916 2595 2012 2648 καὶ

425 2687 486 2738 ὲν
510 2687 577 2756 τῇ
609 2685 742 2755 χλόῃ
781 2687 846 2756 τῇ
875 2685 1000 2748 ἔξω,
1031 2685 1126 2738 καὶ
1159 2686 1216 2736 ὲν
1244 2687 1313 2755 τῇ
1343 2684 1518 2755 δρόσῳ
1545 2683 1637 2737 τοῦ
1656 2685 1886 2754 οὐρανοῦ
1915 2685 2014 2738 αὑ-

425 2778 772 2848 λισθήσεται.
811 2795 829 2828 ι
881 2776 967 2838 Ὠς
1021 2775 1130 2844 γὰρ
1183 2775 1619 2846 φρενοϐλαϐείᾳ,
1681 2777 1775 2829 καὶ
1829 2793 2011 2844 παρα-

426 2864 651 2936 πληξίᾳ,
683 2864 778 2917 καὶ¹
817 2863 1079 2934 φρενίτιδι
1139 2863 1279 2932 νόσῳ
1335 2863 1667 2936 περιπεσὼν,
1700 2864 1794 2918 καὶ
1837 2881 2013 2935 μεμη-

428 2957 556 3020 νὼς,
587 2957 683 3010 καὶ
741 2956 1136 3026 κορυϐαντιῶν,
1188 2956 1281 3008 καὶ
1337 2955 1477 3008 κατὰ
1514 2956 1734 3009 πάντων
1777 2955 2009 3021 λυττῶν,

429 3048 747 3116 ἀναγκαίως
763 3047 937 3118 δεσμὰ
973 3048 1281 3119 περιέκειτο
1305 3064 1319 3078 ο
1379 3046 1494 3100 ἀλλ’
1523 3049 1674 3117 ὅμως
1696 3049 1815 3100 οὐδὲ
1838 3047 2013 3100 ταῦτα

425 3137 498 3212 ἧν
539 3140 702 3194 ίκανά
724 3139 870 3193 ἔνδον
932 3139 1092 3194 αὑτὸν
1149 3140 1402 3210 κατέχειν
1431 3155 1446 3171 ⁸
1479 3139 1614 3192 ἀλλὰ
1665 3139 2014 3210 δραπετεύων

2103 571 2425 628 Exscindite
2483 573 2758 636 arborem,
2792 579 2847 628 et
2903 573 3121 628 evellite
3187 588 3371 628 ramos
3430 571 3571 642 ejus,
3633 581 3686 626 et

2101 665 2338 719 excutite
2376 663 2502 717 folia
2542 663 2680 731 ejus,
2713 671 2766 718 et
2796 664 3096 735 dispergite
3133 661 3370 718 fructum
3407 662 3547 732 ejus.
3573 681 3592 713 ι
3624 663 3690 715 Et

2103 755 2250 809 videt
2297 755 2551 823 angelum
2568 755 2660 824 qui
2700 754 2766 808 de
2810 755 2950 809 cmlo
2989 754 3294 816 descendit,
3326 761 3384 808 ut
3424 753 3684 817 disceret,

2103 845 2347 899 omnium
2380 860 2560 898 rerum
2598 844 2806 916 1145
2839 845 3126 900 Dominum
3175 847 3351 913 ipsum
3375 860 3497 899 esse
3523 859 3683 916 quem

2099 932 2212 1003 jam
2245 943 2506 1004 expertus
2538 943 2654 988 erat
2679 935 2938 1004 judicem.
2969 935 3203 990 Docetnr
3239 944 3418 990 autem
3446 952 3686 1004 quoque,

2105 1025 2361 1080 amittens
2391 1033 2640 1096 rcgndm,
2678 1027 2801 1096 quis
2828 1028 2876 1082 ei
2921 1044 3146 1098 regnum
3193 1028 3499 1082 tradiderit.
3532 1025 3690 1082 Videt

2106 1115 2248 1168 enim
2277 1115 2525 1169 arborem
2557 1117 2798 1170 excisam
2825 1127 2878 1172 et
2906 1135 3082 1172 ramos
3119 1129 3416 1187 separatos,
3447 1119 3550 1172 hoc
3581 1127 3686 1182 est,

2107 1201 2386 1272 principes
2424 1213 2480 1258 et
2511 1204 2818 1274 praefectos,
2872 1216 2925 1260 et
2952 1213 3223 1275 satrapas,
3253 1216 3306 1260 et
3331 1207 3452 1260 illos
3487 1206 3689 1276 quibus

2107 1291 2310 1362 aliquis
2345 1293 2485 1348 alius
2522 1296 2874 1365 magistratus
2923 1297 2991 1351 ab
3029 1311 3094 1350 eo
3148 1297 3438 1352 mandatus
3489 1295 3685 1356 fuerat;

2106 1382 2238 1451 folia
2278 1392 2460 1437 autem
2491 1401 2735 1451 excussa,
2771 1402 2934 1456 quam
2980 1387 3085 1441 sibi
3124 1388 3352 1458 gloriam
3397 1403 3686 1456 compara-

2107 1481 2280 1538 verat,
2337 1473 2592 1529 foliorum
2643 1477 2817 1530 instar
2862 1476 3119 1533 ﬂuentem
3172 1487 3226 1534 et
3276 1480 3686 1542 tabescentem;

2109 1565 2342 1634 fructum
2391 1581 2520 1621 vero
2566 1566 2881 1633 dispersum,
2924 1569 3053 1638 quia
3103 1585 3225 1623 cum
3281 1586 3372 1624 rex
3425 1570 3479 1624 in
3541 1570 3690 1624 illam

2110 1656 2476 1711 calamitatem
2529 1657 2831 1724 incidis‘Set,
2867 1659 3100 1714 ministri
3137 1658 3229 1728 qui
3276 1661 3540 1714 tributum
3571 1660 3692 1714 exi-

2111 1749 2335 1821 gebant,
2369 1749 2436 1802 ad
2459 1750 2672 1819 seipsos
2695 1750 2760 1804 de
2791 1751 3001 1820 reliquo
3029 1753 3148 1806 sine
3165 1751 3279 1805 ullo
3301 1759 3448 1806 metu
3476 1752 3688 1805 lucrum

3504 1843 3692 1897 bestia!

2113 1933 2306 1988 subter
2343 1948 2484 2000 eam,
2533 1943 2586 1988 et
2615 1949 2742 1988 aves
2792 1933 2860 1987 de
2912 1934 3082 1990 ramis
3148 1934 3334 2004 ejus.)
3393 1933 3495 1999 Qui
3545 1933 3688 1988 enim

2113 2036 2311 2098 praeter
2339 2026 2678 2081 voluntatem
2702 2026 2752 2081 ei
2773 2029 2978 2082 servire
3009 2029 3186 2082 coacti
3209 2027 3440 2094 fuerant,
3472 2028 3692 2082 inventa

2113 2119 2410 2174 occasione
2459 2120 2608 2191 regis
2633 2121 2966 2186 mutatione,
2988 2121 3058 2177 ab
3113 2121 3234 2192 ejus
3259 2121 3488 2193 imperio
3519 2119 3694 2176 desci-

2112 2220 2329 2270 verunt.

2186 2495 2354 2552 Vens.
2394 2496 2484 2552 l2.
2520 2514 2539 2548 ι
2579 2496 2980 2556 Verumtamen
3012 2517 3234 2572 germen
3278 2503 3526 2558 radicum
3570 2503 3694 2574 ejus
3728 2501 3735 2509 '

2115 2586 2170 2641 in
2208 2595 2355 2640 terra
2391 2587 2555 2642 sinite
2582 2631 2596 2655 ,
2638 2597 2692 2643 et
2734 2590 2789 2643 in
2831 2591 3058 2644 vinculo
3081 2629 3095 2653 ,
3122 2590 3304 2662 inquit
3333 2631 3347 2654 ,
3381 2589 3565 2645 ferreo
3589 2628 3604 2652 ,
3637 2599 3694 2645 et

2113 2693 2256 2733 aereo
2280 2718 2297 2743 ,
2331 2687 2386 2733 et
2422 2679 2476 2734 in
2506 2680 2681 2736 herba
2710 2697 2833 2751 qua:
2869 2682 3006 2738 foris
3035 2690 3155 2748 est,
3204 2691 3259 2736 et
3301 2684 3356 2737 in
3399 2699 3527 2738 rore
3565 2685 3692 2737 C(Pi!

2116 2771 2488 2841 pernoctabit.
2517 2791 2536 2825 ι
2584 2773 2746 2828 Velut
2773 2775 2923 2828 enim
2955 2776 3049 2844 qui
3087 2775 3380 2831 dementiae
3429 2785 3484 2831 et
3541 2777 3692 2831 insa-

2116 2860 2221 2914 niae
2281 2875 2346 2914 ac
2380 2861 2700 2929 phrenetico
2736 2862 2928 2916 morbo
2957 2873 3246 2932 correptus
3268 2870 3408 2927 erat,
3441 2871 3494 2917 et
3526 2862 3696 2932 Cory-

2116 2953 2348 3007 bantum
2386 2969 2538 3009 mOre
2570 2953 2756 3009 furore
2797 2956 3060 3026 agitatus,
3095 2965 3286 3009 contra
3323 2971 3515 3010 omnes
3545 2955 3696 3009 rabie

2118 3044 2431 3101 insaniebat
2453 3087 2468 3111 ,
2512 3047 2827 3102 necessario
2848 3048 3086 3103 vinculis
3108 3049 3446 3103 constrictus
3477 3048 3652 3101 fuerat
3680 3069 3692 3102 :

2119 3151 2238 3204 quae
2279 3143 2463 3191 tamen
2519 3137 2664 3192 haud
2711 3137 2910 3192 idonea
2953 3147 3152 3204 erant,
3211 3147 3272 3192 ut
3321 3140 3501 3208 ipsum
3546 3139 3697 3192 intus

431 3233 491 3283 ἐν
522 3231 751 3302 ἐρήμοις
799 3230 1101 3302 διέτριϐεν,
1149 3229 1437 3300 ὑπαίθριος
1481 3230 1865 3300 ταλαιπωρῶν,
1919 3231 2010 3284 καὶ

2121 3225 2488 3294 detinerent,
2557 3230 2654 3283 sed
2713 3229 3078 3300 vagabundus
3138 3230 3374 3285 desertis
3438 3231 3493 3284 in
3559 3231 3695 3283 locis

432 3320 647 3390 κτηνῶν
669 3321 824 3391 δίκην
853 3321 954 3392 τὴν
1011 3321 1146 3374 πόαν
1182 3319 1518 3390 σιτούμενος.
1569 3321 1740 3375 Τοῦτο
1781 3323 1888 3392 γὰρ
1921 3337 2016 3391 ση-

437 3413 617 3483 μαίνει
639 3411 876 3484 είρηκώς
903 3429 916 3444 ·

509 3632 529 3666 ι
592 3615 705 3669 Kal.
767 3614 908 3685 μετά
959 3613 1064 3667 τῶν
1119 3613 1396 3685 θηρίωνή
1459 3613 1616 3684 μερὶς
1685 3613 1882 3666 αὑτοῦο
1955 3613 2016 3666 ἐν

431 3705 510 3776 τῷ
539 3706 715 3778 χόρτῳ
763 3707 861 3776 τῆς
902 3707 1002 3775 γῆς
1031 3707 1064 3776 ἡ
1097 3705 1291 3776 καρδία
1329 3705 1376 3737 ³⁵
1405 3705 1568 3760 αὑτοῦ
1591 3721 1604 3735 ⁸
1637 3705 1745 3758 ἀπὸ
1773 3705 1881 3758 τῶν
1920 3705 2016 3759 ἀν-

433 3793 668 3864 θρώπων
689 3794 1282 3867 ἀλλοιωθήσεται.(ιγ¹.)
1307 3797 1413 3848 Καὶ
1433 3795 1628 3866 καρδία
1647 3796 1834 3867 θηρίου
1853 3796 2013 3868 δοθή-

436 3903 589 3938 σεται
619 3886 788 3957 αὑτῴ,
816 3887 913 3940 καὶ
967 3887 1106 3940 ἑπτὰ
1155 3889 1339 3957 καιροὶ
1373 3887 1768 3957 ἀλλαγήσονται
1803 3888 1888 3939 ἐπ’
1913 3889 2016 3940 αὑ-

431 3977 546 4029 τόν.
589 3995 609 4030 ι
644 3979 752 4030 Καὶ
805 3978 963 4031 τοῦτο
996 3979 1052 4031 δὲ
1079 3978 1176 4048 τὴν
1211 3978 1302 4031 τοῦ
1337 3976 1474 4030 Θεοῦ
1511 3978 1886 4049 μακροθυμίαν
1922 3978 2008 4048 δη-

433 4067 551 4121 λοῖ’
585 4069 762 4139 χρόνῳ
791 4069 901 4140 γὰρ
968 4069 1161 4141 βραχεί
1212 4069 1310 4140 τὴν
1364 4070 1634 4140 τιμωρίαν
1692 4069 2015 4140 περιορίζει,

435 4161 724 4232 ἀναμένων
745 4162 844 4230 τὴν
871 4162 978 4215 ἀπὸ
995 4165 1093 4234 τῆς
1125 4162 1370 4223 παιδείας
1399 4161 1804 4230 τεχθησομένην
1843 4177 2014 4228 μετα-

438 4251 681 4322 μέλειαν.
711 4247 843 4307 Εἶτα
865 4253 1156 4319 δείκνυσιν,
1211 4253 1284 4316 ῶς
1330 4253 1738 4324 ἀναντιῤῥήτως
1771 4251 1922 4304 ἔσται
1947 4252 2017 4306 τὰ

435 4342 558 4412 είρη
568 4341 722 4412 μένα.

509 4477 592 4531 ιδ’.
623 4496 643 4530 ι
687 4479 786 4532 Διά
838 4477 1234 4550 συγκρίματος,
1287 4479 1471 4550 φησιν,
1521 4477 1605 4549 εἲρ
1652 4478 1680 4530 ό
1712 4476 1889 4544 λόγος,
1922 4476 2017 4530 καὶ

2119 3319 2482 3384 morabatur,
2557 3319 2661 3375 sub
2715 3321 2808 3374 dio
2872 3321 3251 3387 conﬂictans,
3311 3321 3693 3389 jumentoruu.

2120 3410 2298 3466 instar
2345 3411 2654 3481 depascens
2703 3411 2952 3466 herbam.
3010 3410 3124 3468 [loc
3178 3412 3322 3467 enim
3375 3412 3694 3482 significat,

2116 3503 2308 3560 dicens
2336 3521 2351 3558 :

2196 3635 2214 3667 ι
2240 3613 2454 3670 Etcum
2492 3615 2690 3672 bestiis
2731 3631 2862 3687 pars
2895 3615 3037 3686 ejus,
3075 3614 3132 3670 in
3157 3614 3332 3670 herba
3391 3622 3554 3669 terrae
3601 3631 3698 3669 cor

2119 3705 2260 3776 ejus,
2296 3706 2364 3759 ab
2416 3705 2730 3762 hominibus
2769 3705 3224 3760 commutabitur.
3270 3702 3460 3773 (Vt-sas.
3497 3704 3608 3774 l5.)
3634 3706 3697 3759 Et

2120 3812 2217 3850 cor
2249 3797 2436 3853 bestiae
2469 3797 2690 3853 dabitur
2717 3806 2734 3826 '
2775 3798 2825 3854 ei
2853 3839 2868 3864 ,
2907 3805 2959 3853 et
2988 3807 3197 3868 septem
3229 3805 3480 3868 tempora
3511 3806 3698 3851 muta-

2118 3887 2327 3940 buntur
2371 3903 2537 3958 super
2587 3891 2789 3958 ipsum.
2829 3906 2847 3940 ι
2907 3886 3021 3944 Hoc
3083 3888 3273 3943 itidem
3335 3887 3550 3958 115.6
3605 3888 3697 3943 Dei

2121 3976 2591 4047 longanimitatcm
2626 3978 2894 4034 declarat.
2924 3979 3083 4033 Brevi
3111 3979 3256 4033 enim
3285 3987 3534 4047 tempore
3569 3995 3704 4044 sup-

2119 4069 2342 4138 plicium
2374 4069 2587 4133 definit,
2617 4080 2952 4138 exspectans
2988 4070 3396 4139 paenitentiam,
3419 4086 3583 4139 quam
3627 4073 3693 4126 sit

2123 4163 2370 4232 paritura
2405 4162 2726 4232 castigatio.
2764 4160 2976 4217 Deinde
3023 4161 3315 4225 ostendit,
3374 4177 3497 4232 quae
3549 4163 3720 4222 dicta.

2120 4253 2372 4319 fuerant,
2411 4253 2531 4310 sine
2566 4253 2945 4308 controversia
2979 4268 3102 4308 esse
3127 4262 3412 4309 eventura.

2195 4473 2361 4528 Vens.
2397 4473 2482 4527 14.
2521 4490 2540 4524 ι
2570 4472 2675 4528 Per
2697 4472 3000 4540 decretum,
3022 4473 3222 4545 inquit,
3250 4473 3458 4545 vigilis,
3495 4487 3696 4539 sermo,

437 4567 592 4640 ῥῆμα
617 4569 790 4637 ἁγίων
824 4570 870 4602 ³⁸
920 4570 982 4624 τὸ
1024 4571 1378 4642 ἐπερώτημα.
1431 4590 1450 4623 ι
1495 4569 1774 4640 ’Λψευδὴς,
1825 4569 2010 4639 φησιν,

2121 4574 2176 4620 et
2228 4564 2454 4621 verbum
2515 4575 2834 4623 sanctorum
2893 4564 3278 4635 interrogatio.
3319 4583 3337 4614 ι
3376 4563 3698 4627 Mendacio,

434 4659 672 4730 όλόγος·
706 4660 938 4729 ἄγγελος
957 4661 1066 4732 γὰρ
1106 4662 1259 4731 ἅγιος
1302 4664 1330 4715 ό
1367 4661 1624 4734 εἰρηκὼς,
1673 4658 2013 4732 ἐγρηγορὼς.

435 4749 748 4821 ἀσώματος.
779 4753 1011 4825 Εἴρηται
1048 4754 1106 4807 δὲ
1163 4755 1359 4819 ταῦτα,
1411 4754 1565 4826 φησὶ,
1598 4752 1924 4820 καὶγίνεται
1948 4751 2015 4814 ³⁷,

434 4840 500 4893 οὑ
521 4841 720 4912 μάτην,
741 4841 855 4896 ἀλλ’
877 4863 894 4894 ι
921 4844 1040 4897 Ἵνα
1061 4843 1260 4912 γνῶσιν
1281 4845 1332 4898 οί
1355 4843 1580 4910 ζῶντες,
1607 4845 1689 4899 ὅτι
1709 4843 1952 4914 κυριεύει
1973 4842 2017 4873 ⁸⁸

434 4931 754 5001 ό⁹Υψιστος
824 4935 924 5005 τῆς
986 4935 1261 5005 βασιλείας
1325 4937 1433 4989 τῶν
1482 4935 1808 5007 ἀνθρώπων,
1841 4937 1933 4989 καὶ⁹
1976 4927 2020 5002 ᾧ

438 5019 537 5075 ἐὰν
559 5021 600 5054 ³⁸
627 5022 775 5094 δόξῃ,
804 5024 965 5078 δώσει
1016 5025 1207 5096 αὐτὴν,
1248 5027 1344 5081 καὶ
1373 5025 1709 5098 ὲξουθένημα
1727 5026 1771 5058 ’σθ
1807 5025 2020 5095 ἀνθρώ-

439 5128 548 5164 που
584 5112 626 5144 ⁸¹
654 5114 951 5186 ἀναστήσει
978 5117 1066 5170 ἐπ’
1102 5118 1296 5188 αὑτήν.
1341 5137 1360 5170 ι
1399 5118 1604 5182 Ταῦτα,
1645 5118 1831 5187 φησιν,
1867 5119 1896 5170 ό
1923 5116 2021 5184 ἄγ-

437 5201 596 5269 γελος
633 5201 760 5273 ἔφη,
791 5207 871 5259 ὅτι
908 5206 1100 5261 τούτου
1144 5209 1302 5279 χάριν
1339 5207 1408 5262 τὰ
1437 5207 1579 5261 κατὰ
1611 5207 1670 5260 τὸ
1689 5207 1904 5276 δένδρον
1928 5224 2020 5275 γε-

445 5291 688 5363 νήσεται,
721 5297 808 5351 ἵνα
835 5297 924 5350 διὰ
950 5297 1139 5352 τούτου
1184 5300 1428 5370 μάθωσιν
1467 5301 1724 5363 ἅπαντες,
1751 5299 1846 5351 ἕνα
1874 5295 2016 5354 εἶναι

2127 4658 2349 4726 inquit,
2386 4659 2553 4711 verba
2586 4665 2800 4712 carent.
2855 4658 3099 4728 Angelus
3137 4658 3282 4713 enim
3313 4669 3542 4713 sanctus
3576 4668 3696 4724 est,

2127 4749 2220 4818 qui
2253 4747 2347 4801 illa
2377 4747 2538 4813 dixit,
2576 4749 2815 4818 vigilans
2840 4789 2854 4814 ,
2889 4763 3120 4818 corpore
3153 4763 3372 4803 carens.
3407 4746 3562 4802 Dicta
3600 4762 3700 4801 au-

2128 4849 2236 4896 tem
2274 4849 2404 4896 sunt
2442 4840 2578 4903 hac,
2613 4841 2814 4910 inquit,
2853 4848 2907 4895 et
2939 4840 3074 4894 fiunt
3105 4879 3120 4904 ,
3168 4856 3279 4894 non
3312 4849 3520 4895 temere
3543 4881 3559 4906 ,
3606 4841 3699 4896 sed

2134 4951 2152 4984 ι
2187 4931 2254 4986 Ut
2287 4941 2627 5002 cognoscant
2656 4935 2924 4999 viventes,
2953 4933 3260 4988 dominium
3301 4934 3503 4989 habere
3537 4935 3706 4988 Altis-

2129 5025 2332 5078 simum
2356 5025 2409 5077 in
2442 5040 2671 5094 regnum
2710 5025 3020 5096 hominum,
3051 5027 3143 5096 qui
3179 5029 3495 5097 cuicunque
3522 5028 3702 5082 visum

2131 5112 2298 5168 fuerit
2327 5114 2421 5167 dat
2463 5112 2596 5166 illud
2627 5153 2641 5177 ,
2677 5121 2730 5168 et
2766 5113 2909 5183 quod
2938 5116 3317 5170 contemnitur
3356 5118 3427 5172 ab
3465 5118 3702 5171 homini-

2129 5206 2233 5261 bus
2265 5221 2564 5276 exsurgere
2599 5206 2730 5260 facit
2767 5207 2833 5260 ad
2866 5207 3028 5263 illud.
3062 5225 3080 5258 ›
3121 5207 3268 5275 Haec,
3302 5209 3501 5280 inquit,
3537 5224 3706 5280 ange-

2128 5300 2214 5356 lus
2241 5301 2420 5366 dixit;
2454 5300 2659 5354 idcirco
2695 5312 2956 5357 eventura
2995 5318 3120 5359 esse
3159 5319 3248 5370 ca,
3287 5320 3410 5375 quae
3437 5305 3504 5358 ad
3532 5305 3702 5359 arbo-

1749 5458 1982 5515 VARIIE
2023 5459 2422 5515 LECTIONES.

521 5567 566 5599 “
596 5583 651 5621 κ.
693 5566 962 5647 οξὺςιηεῐπ.
995 5571 1151 5647 Αῡθε.
1217 5576 1272 5630 in
1322 5576 1379 5632 Β.
1459 5578 1503 5610 ³’
1545 5578 1638 5631 καὶ
1678 5580 1726 5630 ὲ.
1779 5595 1829 5632 τ.
1879 5577 2148 5647 φ.αὑτοῦ.
2193 5577 2267 5632 Ex
2314 5579 2352 5630 Β
2412 5580 2590 5647 suppl.

441 5654 648 5690 τωσαν.
725 5639 769 5671 ³⁸

446 5705 593 5775 apud
634 5705 795 5763 LXX.

898 5712 942 5744 “
980 5712 1022 5767 B
1059 5715 1232 5784 ἅγιον.

447 5776 489 5830 Β
531 5777 628 5830 ἀνθ
635 5778 853 5848 ρώπων.

2687 5579 2732 5615 υ
2763 5580 2802 5634 Β
2839 5585 3220 5656 τινασσόμενα.
3286 5583 3335 5614 ³⁸
3361 5582 3703 5656 ,λι-σαλευθή-

807 5641 840 5710 ὴ
883 5642 1081 5718 καρλὸ,
1104 5662 1158 5699 κ.
1200 5663 1249 5700 τ.
1287 5648 1341 5718 λ.
1371 5649 1497 5702 Haec
1527 5659 1730 5717 puncto
1774 5641 2065 5718 praemisso
2108 5663 2232 5702 cum
2267 5641 2625 5718 sequentibus
2669 5651 2880 5718 juncta,
2927 5641 3140 5707 initium
3189 5668 3333 5707 vers.
3380 5652 3447 5706 15
3495 5641 3702 5708 faciunt

1329 5717 1371 5750 ³⁷
1398 5719 1440 5771 Β
1465 5716 1556 5772 καὶ
1585 5719 1692 5791 γάρ
1720 5716 1886 5772 ἐστιν.
1966 5719 2007 5751 ³⁸
2035 5716 2078 5771 Β
2103 5717 2306 5790 Κύριός
2338 5716 2505 5775 ἐστιν.
2582 5722 2626 5753 ³³
2659 5716 2700 5774 Β
2739 5721 2821 5777 ἀν.
2901 5723 2945 5754 ⁵⁸
2977 5726 3017 5776 Α
3057 5722 3415 5793 ἐξουδένωμα.
3498 5724 3536 5753 ⁸⁸
3580 5724 3622 5777 Λ
3651 5736 3704 5781 et
