4070 6400
471 377 608 444 1363

1440 378 1927 439 THEODORETI
1976 379 2312 438 EPISCDPI
2361 379 2727 439 CYRENSIS

3596 367 3736 433 1364

468 507 584 546 rem
612 491 892 563 pertinent
917 530 931 556 ,
963 498 1021 545 ut
1050 491 1182 546 hinc
1212 491 1430 546 discant
1456 505 1682 552 omnes,
1720 505 1892 543 unum
1927 505 2037 542 esse

2154 489 2286 542 Θεὸν
2315 492 2360 522 ⁶¹
2401 491 2680 561 Δεσπότην
2733 487 2828 542 καὶ
2868 485 3114 557 βασιλέα,
3161 484 3289 547 τοὺς
3323 484 3415 537 ἐπὶ
3457 483 3560 552 γῆς
3601 486 3737 536 καθ-ι

469 586 638 638 Deum
688 586 984 640 Dominum
1035 599 1100 638 ac
1148 598 1327 656 regem
1357 625 1370 646 ,
1417 583 1512 653 qui
1566 585 1620 636 in
1672 583 1839 636 terris
1898 598 2053 650 rcges

467 677 808 742 constituit,
855 683 910 731 et
976 690 1204 746 regnum
1271 676 1358 728 cui
1426 674 1668 729 voluerit
1729 674 2048 727 committit.

467 767 782 822 Ostendens
813 767 957 822 enim
991 773 1321 837 potestatem
1369 782 1526 821 suam
1560 806 1573 827 ,
1621 767 1787 820 etiam
1841 767 2052 820 tenuis-

467 857 670 912 simum
704 859 975 912 interdum
1005 898 1018 921 ,
1060 869 1114 912 et
1151 858 1243 928 qui
1290 858 1502 912 nullius
1539 856 1702 927 pretii
1747 863 2007 912 censetur
2033 897 2048 922 ,

465 964 651 1019 regem
699 949 995 1004 declarat:
1057 958 1111 1003 et
1164 966 1295 1010 cos.
1357 949 1448 1018 qui
1506 947 1763 1002 maximis
1817 955 2048 1002 utuntur

465 1040 810 1106 honoribus,
870 1056 935 1096 eo
965 1042 1187 1110 redigit,
1224 1050 1283 1095 ut
1322 1042 1400 1095 illi
1433 1040 1582 1094 dicto
1619 1040 1733 1094 sint
1784 1039 2046 1093 obedien-

463 1139 566 1184 tes.
606 1129 686 1182 lta
732 1130 992 1185 absoluta
1023 1132 1226 1187 somnii
1263 1132 1607 1196 narratione,
1656 1129 1934 1184 Danielem
1970 1131 2049 1184 sic

463 1221 769 1291 alloquitur
803 1240 816 1275 :

533 1311 702 1366 Vens.
731 1311 817 1367 15.
844 1332 862 1364 ι
894 1310 1009 1368 Hoc
1038 1312 1310 1367 somnium
1343 1327 1453 1366 Vtut
1485 1327 1584 1381 ego
1603 1309 2043 1366 Nabuchodono-

461 1415 558 1456 sor
585 1418 704 1468 rex,
737 1411 792 1457 et
821 1413 878 1457 tu
912 1405 1167 1458 Baltasar
1201 1403 1722 1472 interpretationem
1757 1401 1847 1456 dic
1883 1416 2045 1472 aper-

477 1501 554 1559 te,
589 1512 608 1546 )
647 1495 751 1550 boc
782 1504 889 1561 est,
925 1510 1055 1550 vere
1091 1501 1144 1548 ct
1176 1503 1456 1558 accurate,
1495 1512 1514 1545 ι
1554 1494 1680 1562 quia
1717 1509 1909 1548 omnes
1952 1508 2045 1548 sa-

463 1584 682 1653 pientes
731 1586 887 1655 rcgni
942 1586 1043 1639 mei
1096 1601 1205 1639 non
1247 1593 1484 1655 possunt
1529 1585 2043 1655 interpretationem

462 1675 638 1744 ipsius
662 1675 922 1731 exhibere
949 1676 1105 1740 mihi,
1133 1685 1185 1730 tu
1210 1685 1394 1730 autem
1425 1683 1604 1745 potes.
1638 1696 1656 1728 ι
1696 1677 2045 1746 Causamque

463 1766 764 1823 ostendens
793 1785 805 1820 :
851 1786 868 1818 ι
893 1767 1031 1832 Quia
1063 1767 1330 1836 Spiritus,
1360 1768 1559 1837 inquit,
1594 1775 1824 1823 sanctus
1861 1766 1954 1821 Dci
1988 1769 2042 1822 in

2158 581 2389 635 ιστῶντα
2415 581 2687 652 βασιλέας,
2719 580 2814 633 καὶ
2862 577 3254 649 ἐγχειρίζοντα,
3292 568 3336 644 ᾧ
3365 576 3459 629 ἐὰν
3494 575 3540 607 ⁸³
3583 575 3734 645 θέλῃ,

2153 674 2256 743 τὴν
2279 674 2578 744 βασιλείαν.
2598 673 2823 736 Δεικνὺς
2852 672 2961 740 γὰρ
2982 672 3082 740 τὴν
3121 670 3317 723 ἐαυτοῦ
3347 666 3615 733 ἐξουσίαν,
3643 668 3736 720 καὶ

2152 766 2242 818 τὸν
2285 766 2669 819 εὐτελέστατον
2705 764 2850 818 ἐστιν
2901 764 3011 826 ὅτε,
3044 761 3136 816 καὶ
3167 759 3316 814 οὐδὲν
3355 757 3492 813 εἶναι
3522 758 3738 829 νομιζό-

2156 874 2336 926 μενον,
2375 857 2663 927 ἀποφαίνει
2695 856 2940 927 βασιλέα,
2969 855 3061 907 καὶ
3087 855 3210 916 τοὺς
3233 855 3289 905 ἐν
3314 855 3424 916 τοῖς
3459 853 3735 922 μεγίστοις

2151 949 2310 1012 ὄντας
2371 948 2675 1020 ἀξιώμασιν
2728 947 3026 1002 ὑπακούειν
3096 944 3248 1016 αὐτῷ
3302 941 3728 1014 παρασκευάζει.

2152 1039 2309 1093 Οὕτω
2336 1039 2630 1111 πληρώσας
2658 1039 2718 1092 τὸ
2737 1038 2830 1092 τοῦ
2857 1038 3108 1091 ἐνυπνίου
3137 1037 3404 1107 διήγημα,
3436 1034 3570 1106 φησὶ
3597 1033 3733 1106 πρὸς

2149 1131 2240 1183 τὸν
2262 1131 2460 1202 Δανιήλ
2483 1147 2498 1161 ·

2222 1319 2298 1366 ιε’.
2339 1331 2357 1364 ι
2402 1309 2572 1364 Τοῦτο
2603 1309 2665 1363 τὸ
2715 1307 2962 1362 ἐνύπνιον
2991 1301 3130 1360 εἶδον
3163 1306 3209 1338 ⁸⁸
3253 1304 3364 1375 ἐγὼ
3393 1306 3733 1377 Ναῦουχοδο-

2147 1405 2306 1476 νόσορ
2336 1405 2364 1456 ὁ
2397 1401 2650 1472 βασιλεύς
2671 1419 2684 1432 ·
2719 1400 2813 1453 καὶ
2867 1399 2953 1462 σὺ,
2987 1397 3296 1468 Βαλτάσαρ,
3357 1396 3418 1450 τὸ
3454 1398 3733 1469 σύγκριμα

2147 1497 2266 1549 είπέ
2288 1493 2575 1550 κατέναντι
2605 1492 2677 1524 ³⁵·
2719 1510 2738 1543 ι
2777 1490 2898 1544 ἀντὶ
2935 1487 3052 1555 τοῦ,
3084 1488 3299 1558 ἀληθῶς
3323 1489 3416 1541 καὶ
3451 1488 3726 1560 ἀκριϐῶς·

2151 1608 2170 1640 ι
2210 1588 2292 1641 ὅτι
2317 1586 2516 1649 πάντες
2544 1586 2594 1637 οἱ
2624 1583 2776 1651 σοφοὶ
2804 1581 2904 1651 τῆς
2933 1579 3213 1650 βασιλείας
3258 1597 3357 1650 μου
3389 1581 3448 1633 οὐ
3475 1580 3730 1634 δύνανται

2145 1678 2204 1731 τὸ
2235 1677 2514 1749 σύγκριμα
2540 1673 2703 1729 αὐτοῦ
2728 1671 2968 1741 δηλῶσαί
3013 1687 3126 1741 μοι,
3160 1673 3224 1724 σὺ
3267 1671 3324 1722 δέ
3348 1671 3664 1733 aevum».
3703 1691 3722 1723 ι

2145 1771 2254 1824 Καὶ
2284 1771 2383 1840 τὴν
2416 1769 2593 1822 αἰτίαν
2620 1765 2864 1827 δεικνὺς,
2902 1783 2921 1816 ι
2958 1763 3102 1825 "Ott,
3145 1764 3299 1833 φησι,
3335 1763 3558 1834 Πνεῦμα
3592 1763 3725 1816 Θεοῦ

462 1864 570 1910 ιο.»
590 1856 669 1912 llli
690 1859 837 1913 enim
865 1858 1124 1914 humanis
1153 1860 1679 1914 ratiocinationibus
1699 1861 2037 1924 innituntur,

2144 1859 2300 1928 ἆγιον
2332 1835 2390 1910 ἐν
2414 1857 2515 1910 σοί.
2560 1877 2578 1910 ›
2620 1857 2684 1910 Ol
2729 1855 2826 1925 μὲν
2875 1853 2984 1924 γὰρ
3031 1852 3393 1922 ἀνθρωπίνοις
3429 1853 3726 1924 κέχρηνται

456 1953 518 2002 tu
542 1954 723 2004 autem
748 1961 780 2004 a
811 1948 922 2004 Deo
951 1950 1171 2005 occulta
1199 1960 1253 2005 et
1283 1963 1489 2004 arcana
1516 1950 1712 2005 discis.

529 2117 702 2178 Vsus.
733 2122 820 2178 f6.
859 2141 878 2176 I
916 2125 1074 2179 Tunc
1109 2124 1297 2179 Daniel
1327 2165 1343 2189 ,
1377 2128 1538 2196 cujus
1589 2125 1800 2197 1147
1839 2143 2039 2184 nomen

461 2213 754 2280 Baltasar,
799 2214 1218 2285 obstupefactus
1285 2227 1371 2272 est
1419 2217 1642 2272 circiter
1696 2233 1795 2288 per
1848 2219 2039 2272 horam

461 2321 650 2373 unam,
688 2316 742 2360 et
772 2308 1142 2376 cogitationes
1178 2307 1360 2377 ipsius
1389 2309 1802 2363 conturbabant
1833 2325 1979 2364 eum.
2015 2330 2033 2362 ι

458 2399 812 2458 Ostendenda
844 2402 990 2456 cnim
1014 2412 1133 2456 erat
1163 2403 1403 2456 humana
1431 2403 1806 2469 imbecillitas,
1831 2413 1884 2457 et
1909 2414 2039 2458 tunc

458 2489 636 2560 gratia
691 2489 971 2559 inspirans
1037 2491 1356 2560 aperienda.
1424 2509 1444 2542 ι
1483 2489 1794 2562 Respondit
1852 2492 2039 2562 itaque

458 2593 554 2634 rex
581 2620 596 2645 ,
633 2585 691 2634 et
732 2579 914 2635 dixit:
964 2579 1251 2645 Baltasar,
1293 2581 1571 2636 somnium
1616 2582 1722 2636 hoc
1771 2590 1826 2636 et
1866 2583 2038 2636 inter-

458 2673 694 2742 pretatio
715 2671 860 2742 ejus,
888 2688 955 2727 ne
982 2672 1321 2730 conturbent
1357 2681 1430 2728 te.
1453 2693 1472 2726 ι
1506 2672 1655 2727 Vidit
1673 2676 1821 2728 enim
1853 2674 2036 2742 ipsum

457 2767 864 2838 perturbatum,
897 2775 951 2822 et
981 2769 1377 2822 convenienter
1407 2769 1710 2838 consolans
1736 2768 2036 2832 demulcet,

458 2860 690 2930 cupiens
750 2860 803 2914 id
855 2862 1000 2930 quod
1045 2861 1266 2930 ignorat
1310 2874 1688 2928 cognoscere,
1740 2869 1908 2929 atque
1961 2860 2038 2912 ita

459 2963 586 3003 cum
615 2966 681 3005 eo
716 2952 963 3022 loquitur
997 2969 1010 3005 :
1047 2949 1125 3006 Ne
1155 2951 1316 3005 valde
1344 2949 1572 3005 festines
1596 2991 1611 3015 ,
1639 2953 1735 3006 sed
1770 2951 2035 3021 paulatim

458 3039 698 3098 inventis
733 3042 801 3097 iis
836 3059 957 3112 qua:
1002 3057 1100 3112 per
1161 3042 1441 3097 somnium
1489 3042 1921 3113 significantur,
1973 3059 2037 3097 ea

2141 1951 2445 2020 λογισμοῖς,
2485 1951 2548 2003 σὺ
2604 1949 2661 2001 δέ
2704 1947 2854 2018 παρὰ
2889 1947 3024 2001 Θεοῦ
3069 1944 3358 2018 μανθάνεις
3387 1945 3455 1998 τὰ
3482 1962 3728 2016 κεκρυμ-

2147 2043 2302 2114 μένα.

2215 2133 2310 2200 ις’.
2353 2153 2372 2186 ι
2401 2133 2536 2194 Τότε
2576 2131 2792 2204 Δανιὴλ,
2823 2123 2885 2186 οὗ
2913 2131 2975 2184 τὺ
3019 2131 3190 2201 ὄνομα
3233 2129 3542 2200 Βαλτάσαρ,
3611 2133 3720 2187 ἀπ-

2141 2227 2358 2298 ηνεώθη
2385 2225 2518 2278 ὡσεὶ
2557 2224 2705 2297 ὤραν
2748 2223 2898 2294 μίαν,
2931 2222 3025 2275 καὶ
3075 2225 3123 2276 οἱ
3166 2222 3504 2292 διαλογισμοὶ
3555 2221 3722 2276 αὑτοῦ

2142 2317 2544 2387 συνετάρασσον
2579 2315 2761 2369 αὐτόν.
2807 2333 2826 2366 ι
2869 2313 3019 2368 Ἔδει
3047 2314 3156 2383 γὰρ
3180 2312 3456 2383 δειχθῆναι
3489 2313 3586 2382 τὴν
3625 2315 3721 2365 ἀν-

2141 2409 2419 2480 θρωπίνην
2447 2407 2751 2471 ἀσθένειαν,
2803 2405 2898 2458 καὶ
2947 2405 3067 2456 τότε
3110 2403 3452 2473 ἀναφανῆναι
3495 2403 3594 2473 τὴν
3625 2406 3722 2472 έμ-

2141 2500 2407 2552 πνέουσαν
2435 2500 2616 2569 χάριν.
2664 2517 2682 2550 ι
2735 2497 3028 2568 Ἀπεκρίθη
3058 2497 3235 2549 τοίνυν
3267 2498 3295 2548 ὁ
3327 2495 3598 2565 βασιλεὺς,
3627 2496 3722 2547 καὶ

2139 2587 2262 2644 εἷπε
2284 2607 2298 2622 ο
2337 2590 2641 2661 Βαλτάσαρ,
2671 2589 2734 2642 τὸ
2763 2589 3012 2642 ἐνύπνιον
3041 2587 3200 2641 τοῦτο
3240 2586 3282 2618 ⁸⁷
3305 2588 3398 2639 καὶ
3429 2590 3462 2655 η
3497 2585 3720 2655 σύγκρι-

2142 2701 2226 2745 σις
2255 2682 2419 2753 αύτοῦ
2448 2682 2491 2714 ⁸⁸
2517 2682 2590 2752 μὴ
2624 2681 3060 2735 κατασπευσάτω
3091 2697 3171 2734 σε.
3205 2699 3224 2732 ι
3253 2675 3372 2732 Είδε
3411 2678 3518 2746 γὰρ
3558 2678 3720 2732 αὑτὸν

2141 2775 2557 2846 θορυϐούμενον,
2619 2775 2714 2827 καὶ
2773 2774 3088 2841 ἀναγκαίως
3142 2772 3485 2842 ψυχαγωγεῖ,
3527 2770 3720 2839 μαθεῖν

2142 2865 2428 2936 ἐφιέμενος
2459 2865 2596 2936 ὅπερ
2622 2865 2809 2932 ἀγνοεῖ
2836 2881 2850 2895 ’
2883 2863 3031 2932 λέγει
3059 2862 3239 2916 τοίνυν
3260 2860 3406 2930 αὐτῷ
3431 2879 3442 2889 ·
3470 2860 3560 2929 Μὴ
3591 2860 3722 2926 σφό-

2139 2958 2242 3029 δρα
2278 2958 2519 3026 ἐπείγου,
2574 2957 2711 3010 ὰλλὰ
2753 2955 2894 3010 κατὰ
2924 2955 3119 3026 σχολὴν
3164 2955 3230 3008 τὰ
3283 2955 3593 3024 μηνυόμενα
3631 2951 3720 3006 διὰ

2142 3049 2234 3103 τοῦ
2266 3049 2517 3102 ἐνυπνίου
2546 3047 2744 3119 εὑρὼν,
2806 3047 2978 3100 ταῦτὰ
3027 3064 3115 3117 μοι
3167 3046 3302 3115 δῆλα
3355 3044 3716 3111 κατάστησον.

457 3131 592 3186 mihi
620 3134 910 3203 perspicua
943 3133 1128 3187 facito.
1167 3152 1186 3185 ι
1224 3132 1532 3202 Respondit
1562 3135 1748 3203 itaque
1791 3133 2037 3188 Baltasar

2153 3162 2169 3192 ι
2230 3139 2527 3210 Ἀπεκρίθη
2583 3140 2762 3192 τοίνυν
2822 3139 2922 3189 ⁸θὸ
2961 3137 3270 3207 Βαλτάσαρ.
3321 3136 3414 3188 καὶ
3472 3129 3590 3186 εἶπε
3628 3134 3714 3165 ⁵⁸·

457 3229 514 3276 et
545 3222 724 3288 dixit,
765 3222 997 3279 Domine
1043 3223 1116 3277 mi
1152 3239 1248 3278 rex
1273 3264 1289 3288 ,
1331 3224 1610 3278 somnium
1660 3225 1764 3279 hoc
1805 3225 1873 3280 iis
1905 3225 2041 3294 (ob-

456 3312 672 3381 tingat)
702 3313 796 3382 qui
829 3321 883 3368 te
911 3313 1190 3378 oderunt,
1243 3322 1298 3367 et
1337 3314 1721 3384 interpretatio
1763 3315 1884 3381 ejus
1934 3315 2040 3368 ini-

457 3401 617 3455 micis
665 3403 795 3456 tuis.
851 3421 867 3454 ι
925 3401 1349 3472 Sapientissime
1403 3418 1466 3457 ac
1512 3403 1944 3474 prudentissime
1987 3405 2034 3458 ei

459 3492 692 3546 molesta
729 3494 1098 3563 deprecatur,
1150 3496 1254 3549 hoc
1302 3495 1316 3514 '
1373 3497 1699 3567 prooemium
1755 3513 1989 3581 exqrsns
2018 3539 2031 3563 ,

457 3580 748 3636 veritatem
788 3589 970 3636 tamen
1001 3583 1267 3638 declarat.

535 3669 698 3725 Vens.
734 3671 834 3736 Π,
881 3672 968 3726 18.
1019 3692 1039 3724 ι
1067 3674 1248 3729 Arbor
1275 3717 1290 3742 ,
1334 3674 1550 3746 inquit,
1599 3676 1944 3746 magnificata
1985 3687 2036 3731 et

459 3761 818 3816 corroborata
844 3801 858 3827 ,
884 3764 1040 3832 cujus
1068 3767 1306 3822 altitudo
1343 3767 1592 3836 pervenit
1627 3769 1680 3821 in
1717 3769 1915 3823 caelum
1938 3808 1952 3831 ,
1981 3779 2035 3823 et

460 3853 696 3908 latitudo
735 3857 855 3925 ejus
897 3859 952 3911 in
997 3874 1216 3914 omnem
1251 3869 1479 3915 terram.
1517 3863 1582 3916 Et
1617 3861 1747 3915 folia
1778 3862 1903 3932 ejus
1937 3862 2033 3916 flo-

457 3945 655 4012 rentia,
682 3955 737 4002 et
770 3947 981 4004 fructus
1024 3952 1200 4020 ipsius
1228 3954 1458 4016 multus.
1495 3959 1549 4006 et
1579 3953 1738 4008 cibus
1772 3954 2032 4010 omnibus

455 4037 511 4092 in
545 4051 639 4102 ea,
679 4038 869 4095 subter
905 4056 1024 4096 eam
1071 4043 1398 4099 habitabant
1433 4045 1623 4100 bestia:
1665 4048 1783 4116 agri
1816 4087 1832 4112 ,
1868 4056 1924 4102 et
1976 4047 2030 4100 in

455 4128 625 4185 ramis
647 4128 768 4198 ejus
793 4130 1134 4188 domicilium
1183 4135 1457 4190 habebant
1490 4151 1619 4193 aves
1649 4139 1774 4192 σωίί
1800 4179 1814 4201 ,
1855 4146 1910 4191 ιιι
1947 4155 2030 4203 es,

454 4234 572 4275 rex.
606 4237 626 4271 ι
665 4218 855 4291 Operae
903 4225 1137 4294 pretium
1183 4233 1269 4280 est
1324 4227 1569 4283 Danielis
1625 4230 1887 4284 admirari
1943 4245 2033 4286 sa-

455 4311 741 4382 pientiam.
779 4311 962 4383 Neque
991 4317 1140 4370 enim
1189 4317 1518 4386 simpliciter
1566 4318 1748 4384 dixit,
1799 4337 1817 4370 ι
1851 4320 2030 4373 Arbor

455 4416 682 4471 magna,
724 4420 742 4453 ι
801 4404 920 4469 sed,
963 4424 982 4456 ι
1018 4406 1368 4475 magniticata
1425 4415 1483 4459 et
1533 4409 1893 4462 corroborata
1942 4427 1955 4462 :
2006 4427 2022 4459 ι

2143 3229 2317 3300 Κύριέ
2362 3246 2462 3298 μου
2521 3227 2738 3298 βασιλεῦ
2771 3229 2838 3292 ⁵³,
2872 3227 2932 3280 τὸ
2965 3228 3010 3260 ⁸³
3063 3227 3308 3279 ἐνύπνιον
3344 3225 3500 3278 τοῦτο
3531 3225 3575 3257 ⁸³
3605 3226 3716 3286 τοῖς

2145 3321 2361 3392 μισοῦσί
2383 3338 2462 3384 σε,
2503 3323 2596 3374 καὶ
2620 3324 2653 3392 ἡ
2688 3320 2971 3392 σύγκρισις
3005 3318 3167 3372 αὐτοῦ
3196 3321 3307 3380 τοῖς
3328 3319 3538 3388 ἐχθροῖς
3561 3334 3709 3370 σου.»

2141 3413 2352 3482 Σφόδρα
2389 3413 2566 3481 σοφῶς
2596 3413 2690 3464 καὶ⁸
2723 3411 2956 3473 συνετῶς
2999 3409 3296 3479 ἀπεύχεται
3330 3407 3430 3478 μὲν
3454 3408 3599 3477 αύτῴ
3625 3408 3717 3459 λυ-

2141 3505 2294 3574 πηρὰ
2315 3505 2363 3536 ⁵⁸
2391 3504 2485 3556 τοῦ
2516 3505 2803 3575 προοιμίου
2838 3501 3163 3574 ἀρξάμενος,
3194 3501 3448 3571 σημαίνει
3476 3499 3530 3552 δὲ
3563 3500 3715 3570 ὅμως

2138 3595 2237 3667 τὴν
2261 3594 2536 3665 ἀλήθειαν.

2214 3688 2299 3753 ιζ’,
2332 3693 2418 3756 ιη’.
2459 3705 2477 3738 ι
2515 3686 2587 3738 Τὸ
2608 3685 2821 3756 δένδρον
2842 3727 2854 3746 ,
2889 3685 3052 3757 φησὶ,
3078 3685 3138 3737 τὸ
3165 3684 3210 3716 ⁸³
3248 3681 3578 3753 μεγαλυνθέν
3619 3680 3713 3734 καὶ

2142 3779 2360 3851 ίσχυκὸς
2385 3779 2451 3840 ⁸⁸,
2480 3773 2541 3831 οὗ
2573 3779 2633 3831 τὸ
2651 3777 2784 3845 ὕψος
2843 3777 3075 3842 ἔφθασεν
3101 3779 3180 3840 είς
3209 3776 3302 3828 τὸν
3335 3773 3582 3847 οὐρανὸν,
3619 3773 3714 3825 καὶ

2137 3870 2198 3923 τὸ
2235 3869 2393 3932 κῦτος
2455 3867 2619 3921 αὑτοῦ
2672 3868 2752 3931 είς
2797 3869 2979 3921 πᾶσαν
3021 3867 3119 3939 τὴν
3147 3866 3272 3936 γῆν.
3305 3865 3416 3918 Καὶ
3441 3864 3507 3916 τὰ
3539 3863 3712 3931 φύλλα

2137 3959 2297 4014 αὐτοῦ
2326 3959 2548 4030 εὐθαλῆ,
2579 3958 2718 4012 καὶὸ
2742 3959 2953 4029 καρπὸς
2998 3956 3161 4010 αὐτοῦ
3205 3956 3390 4019 πολὺς,
3420 3955 3513 4008 καὶ
3538 3954 3709 4024 τροφὴ

2136 4055 2301 4106 πᾶσιν
2332 4053 2389 4104 ἐν
2414 4049 2581 4120 αὐτῷ,
2616 4050 2874 4104 ὑποκάτω
2895 4048 3060 4102 αὐτοῦ
3095 4047 3330 4118 κατῴκει
3363 4048 3406 4079 ⁵⁷
3432 4047 3499 4100 τὰ
3545 4046 3710 4117 θηρία

2135 4146 2203 4198 τὰ
2231 4146 2417 4216 ἄγρια,
2448 4143 2543 4196 καὶ
2574 4147 2630 4195 ἐν
2664 4143 2776 4204 τοῖς
2805 4141 3021 4204 κλάδοις
3049 4140 3210 4194 αὑτοῦ
3241 4140 3613 4211 κατεσκήνουν
3641 4137 3710 4190 τὰ

2134 4237 2296 4308 ὄρνεα
2315 4236 2408 4288 τοῦ
2435 4232 2688 4302 οὐρανοῦ,
2733 4234 2796 4287 σὺ
2837 4227 2906 4298 εἷ,
2935 4232 3174 4302 βασιλεῦ.
3212 4251 3229 4282 ι
3267 4231 3449 4297 ’Ἄξιον
3485 4230 3540 4282 δέ
3581 4228 3710 4281 θαυ-

2136 4327 2309 4396 μάσαι
2339 4325 2432 4378 τοῦ
2467 4323 2663 4393 Δανιὴλ
2706 4322 2805 4393 τὴν
2861 4323 3049 4390 σοφίαν
3071 4338 3084 4351 ·
3121 4323 3181 4374 ού
3216 4322 3323 4392 γὰρ
3348 4320 3530 4382 ἁπλῶς
3561 4315 3704 4381 εἷπε,

2135 4417 2208 4468 Τὸ
2241 4415 2458 4485 δένδρον
2502 4415 2562 4466 τὸ
2600 4414 2764 4484 μέγα,
2822 4413 2980 4476 ἀλλὰ,
3012 4432 3030 4464 ι
3058 4413 3130 4465 Τὸ
3160 4411 3492 4483 μεγαλυνθέν
3526 4411 3616 4462 καὶ
3645 4409 3708 4460 τὸ

455 4489 562 4547 hoc
587 4499 712 4548 est:
767 4492 886 4548 Non
920 4495 990 4548 ab
1032 4496 1197 4550 initio
1225 4495 1378 4551 fuisti
1418 4513 1670 4568 magnus,
1708 4500 1802 4554 sed
1840 4501 2033 4567 paula-

2141 4507 2355 4576 ίσχυκός
2380 4523 2426 4556 ο)
2465 4506 2763 4569 τουτέστιν,
2799 4506 2912 4557 Οὐκ
2945 4503 3149 4558 ἄνωθεν
3179 4499 3322 4575 ἦσθα
3355 4504 3546 4572 μέγας,
3570 4501 3706 4554 ἀλλὰ

455 4583 552 4636 tim
603 4584 782 4640 factus
823 4602 918 4648 es,
957 4593 1013 4640 et
1053 4590 1354 4657 potentiam
1391 4603 1502 4642 non
1534 4590 1602 4644 ab
1635 4599 1759 4644 ortu
1800 4591 2034 4658 adeptus

457 4690 517 4729 cs
551 4715 566 4740 ,
602 4677 695 4731 sed
727 4677 935 4732 sensim
967 4692 1086 4732 eam
1122 4679 1220 4734 tibi
1252 4681 1606 4751 comparasti.
1629 4680 1809 4747 Quare
1840 4696 2035 4736 rursus

455 4765 683 4834 subjici't
711 4784 725 4820 :

526 4853 693 4911 Vens.
717 4853 802 4910 19.
837 4875 856 4908 ι
876 4855 1014 4922 Quia
1042 4859 1432 4929 magnificatus
1461 4875 1540 4925 es,
1561 4870 1615 4916 et
1643 4860 1860 4932 1148
1883 4862 2036 4916 inva-

458 4944 628 5010 luisti,
661 4956 717 5000 et
746 4949 1064 5018 magnitudo
1094 4957 1188 5003 tua
1215 4951 1566 5022 magnificata
1594 4960 1678 5008 est
1703 4962 1758 5007 et
1783 4956 2036 5024 pervenit

457 5035 522 5090 ad
547 5037 772 5104 ccelum,
802 5048 855 5094 et
875 5040 1182 5097 dominatio
1202 5051 1297 5096 tua
1329 5044 1382 5096 in
1420 5041 1556 5098 fines
1584 5051 1796 5099 terrae.)
1826 5044 1891 5098 Et
1913 5047 2027 5102 haec

455 5133 579 5194 apte
606 5129 894 5186 admodum
923 5139 979 5185 et
1017 5145 1325 5203 opportune
1356 5135 1497 5190 cmlo
1542 5144 1595 5190 et
1627 5143 1784 5191 terra:
1814 5153 2025 5191 accum-

454 5217 724 5276 modavit.
761 5221 1203 5281 Dominationem
1243 5225 1391 5280 enim
1418 5225 1556 5279 dixit
1596 5226 1918 5295 pervenisse
1957 5228 2025 5281 ad

2134 4597 2272 4651 κατὰ
2309 4597 2475 4669 μέρος
2521 4595 2814 4666 γεγένησαι
2849 4597 2918 4656 ⁵⁸,
2950 4595 3044 4648 καὶ
3102 4594 3201 4663 τὴν
3261 4594 3410 4662 ἰσχὺν
3431 4592 3486 4644 δὲ
3515 4592 3613 4643 οὐκ
3649 4589 3708 4653 ἐξ

2132 4688 2338 4741 ὠδίνων
2367 4687 2543 4756 ἔσχες,
2579 4686 2716 4740 ἀλλὰ
2743 4687 2882 4739 κατὰ
2908 4685 3079 4756 βραχὺ
3105 4684 3309 4755 ταύτην
3349 4681 3704 4752 προσέλαὸες.

2131 4778 2222 4830 Διὸ
2250 4778 2408 4831 πάλιν
2435 4776 2632 4844 ἐπάγει
2652 4793 2667 4806 ·

2207 4868 2292 4923 ιθ’.
2323 4886 2341 4919 ι
2378 4868 2500 4920 ’Ὀτι
2535 4867 2930 4938 ἐμεγαλύνθης,
2959 4867 3050 4920 καὶ
3079 4866 3325 4935 ἴσχυσας,
3350 4864 3495 4932 καὶὴ
3532 4878 3703 4932 μεγα-

2132 4957 2348 5026 λωσύνη
2374 4973 2466 5010 σου
2494 4941 2834 5027 ἐμεγαλύνθη
2855 4961 2949 5011 καὶ
2979 4957 3211 5026 ἔφθασεν
3236 4958 3312 5018 εἰς
3346 4955 3434 5008 τὸν
3455 4953 3702 5025 οὐρανὸν,

2135 5047 2230 5101 καὶ
2257 5049 2290 5118 ή
2319 5047 2511 5116 κυρεία
2535 5063 2628 5098 σου
2650 5049 2728 5111 είς
2749 5049 2816 5099 τὰ
2847 5047 3058 5117 πέρατα
3084 5047 3182 5115 τῆς
3210 5045 3331 5114 γῆς.
3366 5063 3383 5095 ι
3406 5043 3510 5097 Καὶ
3535 5041 3706 5095 ταῦτα

2132 5139 2189 5191 δὲ
2224 5137 2429 5207 σφόδρα
2468 5139 2738 5209 ἁρμοδίως
2777 5139 2871 5191 καὶ
2910 5137 3231 5208 προσφόρως
3269 5133 3483 5205 οὐρανῷ
3515 5132 3606 5184 καὶ
3631 5135 3701 5202 γῇ

2133 5233 2515 5302 προσήρμοσε⁶
2571 5231 2668 5303 τὴν
2705 5233 2802 5302 μὲν
2830 5233 2940 5304 γὰρ
2965 5231 3190 5303 κυρείαν
3227 5225 3378 5282 εἶπεν
3406 5225 3701 5296 ἐφθακέναι

1735 5381 1984 5456 "unis:
2025 5399 2434 5460 LECTIONES.

553 5562 600 5595 δ’
634 5562 791 5618 Θεόν.
827 5561 956 5619 Des.
995 5561 1048 5616 in
1074 5561 1136 5616 Β.
1211 5561 1256 5594 ⁸³
1285 5561 1326 5616 Β
1349 5563 1437 5618 ἄν.

454 5628 579 5687 Des.
618 5633 672 5687 in
706 5635 745 5686 A
784 5641 838 5688 et
864 5634 906 5688 Β
1003 5633 1049 5664 ⁸⁸
1106 5633 1227 5686 αὐτ.
1277 5633 1404 5687 Des.
1439 5634 1493 5687 in
1537 5633 1603 5688 A.

455 5783 637 5832 pra-nt.
672 5772 748 5823 τό.
826 5773 869 5801 ³⁷
908 5773 946 5823 Α
977 5772 1275 5841 κατῴκουν.
1353 5772 1398 5803 ⁵⁸
1429 5788 1547 5838 γεγ.
1583 5773 1622 5825 Β
1645 5774 1767 5828 add.
1793 5776 1982 5844 μέγας.

1553 5563 1600 5595 ⁸⁸
1629 5567 1674 5618 Δ
1710 5563 1894 5619 δίδον.
1970 5568 2016 5600 ⁸⁵
2057 5583 2181 5624 κατ.
2233 5571 2351 5628 Des.
2401 5575 2455 5625 in
2494 5575 2555 5626 Δ.
2633 5574 2678 5606 ⁸⁵
2705 5576 2818 5631 5'3»:-
2857 5578 2894 5629 A
2927 5587 3118 5644 praem.
3157 5574 3371 5659 Δανιηλ.
3451 5575 3490 5606 δ”
3518 5573 3699 5628 τοῦτο.

1553 5633 1574 5672 Δ
1711 5634 1756 5666 ⁸9
1784 5637 1896 5672 τῆῖυ
1957 5637 1997 5672 n
2036 5635 2129 5672 ηπ..
2229 5643 2274 5672 so
2318 5639 2434 5672 ..τ-ρ
2486 5644 2524 5672 ι)
2552 5646 2693 5672 πλη-.
2795 5647 2838 5672 ιιι
2870 5664 2900 5672 ..
2972 5645 3075 5672 ρ..-
3138 5642 3239 5672 n..-
3307 5661 3358 5672 ...
3403 5650 3424 5672 Α
3533 5642 3674 5672 ιιι-,κ

1155 5637 1227 5711 Ξτ.
1277 5637 1404 5716 Des.
1439 5637 1496 5714 in
1537 5637 1614 5716 Α..
1711 5637 1912 5716 ’ξιτοίει
1957 5637 2150 5716 οὖν.
2229 5643 2274 5674 ⁵ο
2316 5639 2525 5716 είπε.γΒ
2552 5646 2718 5713 λέγει.
2795 5647 2838 5677 ⁵⁸
2869 5664 2926 5716 μ.

454 5701 726 5787 é‘praem.’
752 5701 934 5787 {cr-£51...
993 5702 1039 5733 ’⁵³
1087 5701 1264 5784 τοῦτο.
1313 5705 1440 5787 Des.
1487 5705 1540 5755 in
1696 5704 1774 5787 ’τι
1816 5706 1940 5787 λμπ.
1975 5709 2014 5761 Β
2069 5725 2254 5778 prtem.
2289 5714 2375 5768 τά.
2452 5715 2496 5746 ⁵⁸
2524 5701 2676 5769 τό.Ἀ
2710 5701 2894 5787 ρττεηῖ.
2924 5701 3149 5778 ὃέῐδες.

2971 5645 3092 5714 βασ.
3135 5642 3283 5714 Des.»
3307 5642 3359 5700 in
3393 5650 3455 5698 Α.
3533 5645 3588 5676 δ”
3613 5642 3696 5714 τα

3263 5712 3307 5747 ⁸⁸
3344 5717 3449 5786 ἰσχ.
3485 5715 3525 5768 Λ
3569 5723 3623 5769 et
3655 5711 3702 5765 Β
