4070 6462
445 394 584 462 1365

1624 410 1707 472 IN
1745 411 2102 472 DANIELIS
2139 414 2297 474 CAP.
2350 416 2446 473 IV.

3565 409 3699 474 1366

439 516 526 576 εἰς
550 514 620 568 τὰ
664 516 876 586 πέρατα
912 514 1013 584 τῆς
1044 515 1170 587 γῆς,
1228 518 1475 573 τουτέστι
1501 519 1595 591 τὴν
1623 520 1870 587 ἐξουσίαν
1903 539 1913 551 ·
1941 524 2022 586 εἰς

2132 522 2262 579 lines
2291 530 2486 591 terrae,
2524 525 2629 579 hoc
2677 531 2763 580 est
2812 532 3137 595 potestatem
3178 541 3191 575 :
3228 522 3301 600 ad_
3327 512 3526 578 coelum
3572 540 3698 578 vero

441 606 502 658 δὲ
526 605 618 658 τὸν
652 606 884 677 οὐρανὸν
917 606 1101 661 οὑκέτι
1156 608 1255 680 τὴν
1286 612 1532 682 κυρείαν,
1570 613 1708 667 ἀλλὰ.
1743 614 1842 685 τὴν
1867 630 2029 684 μεγα-

442 696 716 766 λωσύνην,
746 697 1011 766 τουτέστι,
1029 699 1129 771 τὴν
1156 699 1250 753 τοῦ
1279 701 1540 773 λογισμοῦ
1568 705 1886 773 φαντασίαν.

518 789 589 850 κ’,
622 794 731 845 κα’.
771 806 790 840 ι
828 789 939 843 Kal
989 791 1072 844 ὅτι
1121 787 1283 856 εἶδεν,
1315 793 1479 860 φησιν
1512 796 1579 860 ⁵⁸,
1603 797 1632 849 ὁ
1665 796 1917 867 βασιλεὺς
1944 798 2030 869 εἲρ

445 881 724 948 καιᾶγιον
747 881 1144 937 καταϐαίνοντα
1197 886 1262 937 ὲκ
1300 885 1394 938 τοῦ
1422 886 1677 957 οὐρανοῦ,
1713 890 1806 941 καὶ
1835 886 1989 942 εἶπεν
2013 905 2027 920 ⁸

461 970 746 1025 Ἔκτίλατε
777 972 837 1025 τὸ
866 972 1101 1043 δένδρον,
1129 974 1224 1028 καὶ
1255 974 1594 1047 διαφθείρετε
1625 979 1671 1011 ⁶⁰
1700 979 1860 1033 αὑτόο
1893 981 2033 1052 πλὴν

448 1062 554 1131 τὴν
579 1063 718 1130 φυὴν
746 1062 853 1117 τῶν
899 1065 1066 1135 ῥιζῶν
1114 1067 1279 1120 αὑτοῦ
1332 1070 1389 1121 ὲν
1426 1072 1492 1141 τῇ
1518 1073 1587 1142 γῇ
1617 1072 1835 1136 ἐάσατε,
1859 1074 1953 1127 καὶ
1975 1076 2032 1127 ἐν

450 1153 641 1225 δεσμῷ
670 1156 873 1228 σιδηρῷ
914 1158 1008 1211 καὶ
1047 1160 1253 1232 χαλκῷ,
1298 1162 1393 1216 καὶ
1441 1164 1499 1217 ἐν
1533 1168 1598 1237 τῇ
1644 1166 1774 1238 χλόῃ
1807 1171 1872 1240 τῇ
1905 1168 2029 1234 ἔξω,

455 1247 553 1300 καὶ
583 1248 641 1300 ὲν
662 1251 726 1318 τῇ
745 1248 919 1320 δρόσῳ
946 1251 1039 1305 τοῦ
1069 1253 1304 1323 οὐρανοῦ
1334 1256 1744 1328 αὑλισθήσεται,
1772 1261 1866 1314 καὶ
1894 1262 2034 1332 μετὰ

450 1338 662 1408 θηρίων
686 1341 893 1414 ἀγρίων
940 1345 974 1414 ἠ
1017 1345 1176 1415 μερὶς
1227 1347 1414 1413 αὑτοῦ,
1442 1348 1546 1413 ἓως
1585 1343 1647 1404 οὗ
1682 1352 1822 1406 ἑπτα
1850 1353 2033 1424 καιροὶ¹

454 1433 822 1487 ἀλλοιωθῶσιν
883 1435 970 1489 ἐπ’
998 1436 1162 1490 αὑτόν
1192 1439 1258 1492 σι.
1325 1439 1433 1492 Καὶ
1482 1439 1703 1514 τοῦτοή
1746 1443 2033 1515 σύγκρισις

451 1522 643 1586 αὑτοῦ,
687 1523 927 1593 βασιλεῦ.
965 1545 985 1577 ι
1019 1527 1131 1581 Kal
1168 1527 1481 1592 ἀξιόπιστον
1514 1531 1684 1585 ποιῶν
1726 1534 1817 1587 τὸν
1848 1534 2028 1603 λόγον,

452 1613 773 1679 ἀναγκαίως
840 1615 1124 1683 ἐπήγαγε·
1182 1634 1201 1667 ι
1250 1616 1362 1690 Kal
1436 1616 1713 1689 σύγκριμα
1776 1620 2030 1690 Ὑψίστου

452 1704 606 1755 ἐστὶν
639 1704 703 1764 ⁸⁸.
727 1703 755 1756 δ
786 1703 1021 1773 ἔφθασεν
1049 1707 1142 1759 ἐπὶ
1165 1707 1255 1760 τὸν
1282 1688 1469 1778 κύριόν
1502 1688 1603 1778 μου
1628 1688 1716 1764 τὸν
1748 1688 2025 1782 βασιλέα.»

468 1793 749 1847 Ἐντεῦθεν
777 1795 923 1850 ἐστιν
951 1797 1192 1868 ἀκριϐῶς
1242 1801 1579 1870 καταμαθεῖν
1622 1803 1718 1873 τῆς
1747 1804 2032 1858 ἀποστολι-

455 1886 561 1956 κῆς
598 1887 946 1952 διδασκαλίας
1000 1889 1064 1943 τὸ
1121 1892 1410 1963 χρήσιμον.
1463 1912 1481 1945 ι
1520 1895 1677 1949 Πᾶσα
1707 1896 1837 1967 γὰρ,
1873 1898 2026 1966 φησὶ,

453 1976 602 2047 ψυχὴ
624 1975 896 2043 ἐξουσίαις
920 1980 1319 2050 ὑπερεχούσαις
1337 1982 1741 2039 ὑποταττέσθω.
1757 2005 1775 2037 ι
1798 1986 1908 2038 Kal
1923 1986 2031 2058 γὰρ

451 2065 551 2119 καὶ
576 2068 605 2118 ὁ
635 2066 907 2138 μακάριος
937 2069 1136 2141 Δανιὴλ
1185 2070 1374 2141 κύριον
1416 2073 1578 2127 αὑτὸν
1604 2074 1649 2107 ⁶³
1668 2073 1760 2127 τὸν
1795 2075 2031 2147 δυσσεϐῆ

456 2154 682 2225 βασιλέα
706 2157 881 2223 καλεῖ,
906 2161 998 2212 καὶ
1021 2159 1096 2231 τῷ
1127 2161 1275 2232 νόμῳ
1289 2162 1388 2231 τῆς
1415 2164 1665 2230 ἐξουσίας
1689 2166 2029 2237 πειθόμενος,

452 2249 573 2311 ταῖς
600 2248 940 2315 πρεπούσαις
969 2254 1361 2326 προσηγορίαις
1407 2254 1690 2326 κέχρηται,
1739 2259 1833 2311 καὶ
1862 2258 2035 2329 λυπη-

456 2336 559 2409 ρὰν
586 2333 751 2392 οὖσαν
771 2339 864 2393 τοῦ
888 2342 1139 2396 ἐνυπνίου
1185 2345 1285 2413 τὴν
1319 2345 1580 2417 ἀλήθειαν
1632 2348 2028 2406 ὑποδείκνυσιν.

524 2428 631 2497 κβν.
664 2447 684 2480 ι
729 2430 1074 2497 Ἐκδιώξουσι
1095 2434 1204 2505 γάρ
1233 2453 1312 2501 σε,
1339 2438 1522 2507 φησὶν,
1550 2439 1655 2492 ἀπὸ
1688 2440 1795 2495 τῶν
1825 2441 2034 2512 ἀνθρώ-

457 2535 596 2582 πων,
629 2521 725 2573 καὶ
787 2523 928 2590 μετά
985 2523 1189 2595 θηρίων
1233 2528 1442 2598 ἀγρίων
1487 2528 1639 2583 ἔσται
1690 2533 1723 2600 ἡ
1777 2534 2032 2586 κατοικία

456 2624 575 2671 σου,
607 2610 702 2664 καὶ
724 2610 917 2681 χόρτον
948 2611 1023 2675 ὡς
1052 2613 1178 2684 βοῦν
1206 2616 1480 2687 ψωμιοῦσί
1517 2636 1598 2685 σε,
1645 2622 1741 2674 καὶ
1788 2623 1896 2675 ἀπὸ
1933 2624 2033 2693 τῆς

454 2698 647 2770 δρόσου
664 2700 759 2753 τοῦ
807 2702 1040 2772 ούρανοῦ
1095 2704 1157 2758 τὸ
1185 2706 1230 2738 ⁸⁷⁵
1258 2707 1417 2779 σῶμα
1464 2727 1558 2762 σου
1590 2710 1909 2783 βαφήσεται,
1938 2717 2034 2768 καὶ

455 2791 597 2844 ἑπτὰ
654 2794 836 2866 καιροὶ
900 2794 1293 2867 ἀλλαγήσονται
1352 2800 1443 2853 ἐπὶ
1482 2802 1565 2855 σοί
1596 2802 1658 2856 ⁸⁵.
1699 2822 1718 2853 ›
1764 2803 1948 2860 Ἑπτὰ
1974 2806 2032 2859 δὲ

455 2883 700 2950 καιροὺς
725 2888 774 2938 οἱ
838 2886 936 2957 μὲν
978 2887 1184 2956 ἔφασαν
1230 2889 1369 2949 ἑπτὰ
1401 2892 1518 2962 ἐτη,
1572 2895 1620 2947 οἱ
1655 2895 1710 2948 δὲ
1760 2897 1885 2967 τρία
1938 2898 2033 2952 καὶ

455 2974 649 3043 ἥμισυ.
681 2978 757 3031 Οὑ
785 2979 893 3048 γὰρ
941 2981 1021 3043 εἰς
1063 2980 1335 3052 τέσσαρας
1389 2984 1596 3055 τροπὰς
1631 2988 1664 3056 ἡ
1696 2987 1813 3040 θεία
1842 2990 2033 3061 Γραφὴ

454 3065 548 3118 τὸν
575 3068 819 3122 ἐνιαυτὸν
866 3070 1085 3143 διαιρεῖ,
1114 3073 1227 3127 ἀλλ’
1267 3076 1347 3139 είς
1392 3075 1484 3129 δύο
1504 3077 1603 3140 τὰς
1635 3082 2030 3146 γενικωτάτας,

2135 630 2246 670 non
2278 614 2407 670 item
2434 615 2871 672 dominationem
2894 660 2909 684 ,
2948 615 3045 671 sed
3080 606 3514 686 magnitudinem
3541 658 3556 682 ,
3598 615 3701 668 hoe

2131 710 2238 768 est,
2273 704 2627 775 cogitationis
2657 705 3028 777 phantasiam.

2203 790 2370 847 Vsus.
2407 793 2497 861 Ἥ),
2527 795 2616 847 21.
2657 814 2674 846 ι
2712 793 2775 848 Et
2807 795 2935 864 quia
2968 795 3123 861 vidit,
3171 794 3394 864 inquit,
3439 810 3528 847 rex
3566 794 3702 858 vigi—

2133 884 2239 938 lem
2275 892 2329 939 et
2375 894 2629 941 sanctum
2675 886 3102 942 descendentem
3136 887 3203 941 de
3237 887 3401 951 caelo,
3439 894 3493 940 et
3521 886 3701 939 dixit:

2132 969 2366 1027 Evellite
2395 974 2647 1030 arborem
2677 1015 2691 1039 ,
2728 982 2781 1029 et
2814 978 3148 1046 corrumpite
3188 977 3387 1047 ipsam,
3423 983 3705 1030 verumta-

2134 1077 2257 1117 men
2294 1078 2515 1132 germen
2551 1065 2802 1119 radicum
2841 1066 2960 1136 ejus
2997 1066 3052 1120 in
3102 1077 3244 1121 terra
3295 1067 3457 1122 sinite
3485 1108 3501 1132 ,
3549 1076 3601 1120 et
3649 1067 3703 1119 in

2133 1155 2354 1211 vinculo
2391 1154 2568 1211 ferreo
2600 1164 2654 1211 et
2686 1172 2830 1212 aereo
2853 1199 2868 1221 ,
2899 1164 2952 1212 et
2986 1157 3041 1212 in
3081 1157 3247 1213 herba
3278 1173 3399 1228 quae
3434 1156 3569 1213 foris
3596 1167 3702 1220 est,

2132 1254 2186 1299 et
2217 1247 2270 1300 in
2307 1262 2432 1303 rore
2457 1247 2583 1303 σα)ιὶ
2610 1248 2977 1318 pernoctabit,
3009 1254 3063 1303 ct
3095 1264 3219 1302 cum
3252 1249 3442 1304 bestiis
3474 1248 3704 1318 agresti-

2132 1332 2238 1389 bus
2267 1349 2397 1404 pars
2425 1335 2547 1406 ejus
2570 1375 2585 1400 ,
2620 1337 2794 1391 donec
2822 1346 3026 1405 septem
3059 1344 3306 1407 tempora
3340 1339 3706 1391 immuteutur

2135 1441 2300 1496 super
2329 1442 2477 1481 eum.
2509 1427 2578 1481 Et
2599 1428 2713 1484 haec
2741 1429 3124 1499 interpretatio
3151 1429 3272 1499 ejus
3298 1471 3312 1496 ,
3357 1445 3390 1483 ο
3418 1444 3534 1484 rex.
3572 1448 3589 1481 ι
3638 1429 3705 1482 Ει

2135 1514 2294 1570 (idem
2346 1518 2587 1572 orationi
2642 1517 2894 1586 faciens,
2949 1519 3199 1589 apposite
3249 1518 3528 1588 subjecit:
3583 1537 3601 1569 ι
3640 1518 3706 1570 Et

2134 1607 2413 1663 decretum
2436 1605 2709 1665 'Altissimi
2737 1618 2841 1674 est,
2872 1610 3018 1680 quod
3049 1609 3303 1680 pervenit
3333 1625 3498 1680 super
3524 1609 3707 1663 domi-

2132 1715 2266 1754 num
2302 1715 2483 1755 meum
2515 1717 2719 1772 regem.
2756 1721 2774 1753 ι
2816 1700 2955 1755 Hinc
2982 1702 3144 1771 plane
3171 1701 3385 1758 discere
3416 1702 3545 1756 licet
3574 1718 3705 1771 apu-

2135 1793 2343 1848 stolicae
2376 1792 2641 1847 doctrinae
2670 1794 2982 1848 utilitatem.
3019 1810 3037 1842 ι
3075 1792 3268 1848 Omnis
3299 1792 3443 1847 enim
3476 1792 3657 1846 anima
3691 1831 3707 1854 ,

2134 1885 2356 1954 inquit,
2398 1885 2763 1956 potestatibus
2793 1884 3207 1942 sublimioribus
3241 1884 3457 1940 subdita
3494 1886 3565 1939 sit
3597 1885 3647 1938 δ.
3682 1902 3698 1934 ι

2131 1975 2347 2032 Etenim
2405 1979 2597 2034 beatus
2650 1993 2873 2050 quoque
2930 1978 3123 2033 Daniel
3178 1977 3458 2033 dominum
3522 1976 3702 2046 ipsum

2132 2068 2363 2139 impium
2404 2084 2588 2140 regem
2618 2078 2821 2132 vocat,
2869 2077 2925 2125 et
2969 2070 3072 2141 legi
3110 2069 3403 2140 potestatis
3439 2068 3703 2122 obedieus

2131 2163 2393 2231 congruis
2420 2176 2552 2217 usus
2574 2170 2659 2218 est
2679 2162 3160 2232 appellationibus,
3182 2176 3244 2215 ac
3270 2161 3557 2216 molestam
3580 2172 3704 2214 esse

2132 2252 2334 2309 somnii
2360 2255 2652 2309 veritatem
2680 2255 2940 2312 ostendit.

2130 2464 2159 2489 ι,
2202 2429 2373 2486 Vsus.
2407 2430 2498 2485 2‘2.
2538 2449 2557 2483 ι
2587 2429 2868 2502 Expellent
2902 2431 3047 2487 enim
3073 2437 3161 2499 te,
3198 2428 3396 2499 inquit,
3425 2428 3493 2483 ab
3523 2427 3704 2482 homi—

2131 2521 2295 2577 nibus
2325 2562 2340 2589 ,
2395 2530 2450 2576 et
2501 2536 2626 2577 cum
2677 2522 2874 2578 bestiis
2924 2523 3236 2592 agrestibus
3280 2521 3386 2576 erit
3434 2519 3704 2574 habitatio

2131 2622 2264 2669 tua:
2308 2626 2360 2669 et
2409 2612 2537 2670 feuo
2578 2624 2639 2669 ut
2669 2614 2863 2670 bovem
2900 2613 3164 2668 cibabunt
3197 2621 3284 2678 te,
3321 2621 3375 2667 et
3419 2627 3544 2667 rore
3576 2612 3701 2664 coal:

2130 2722 2334 2776 corpus
2379 2715 2533 2762 tuum
2582 2705 3031 2769 bumectabitnr,
3086 2712 3142 2760 et
3191 2711 3397 2774 septem
3454 2710 3703 2772 tempora

2133 2798 2496 2853 mutabuntur
2527 2812 2693 2866 super
2719 2805 2789 2851 te.
2830 2815 2848 2846 ι
2891 2795 3099 2864 Septem
3130 2808 3310 2850 autem
3344 2805 3578 2863 tempera
3611 2793 3703 2846 alii

2132 2900 2341 2961 septem
2368 2904 2541 2945 annos
2579 2887 2794 2958 1149
2823 2887 3101 2951 dixerunt,
3123 2887 3212 2940 alii
3248 2896 3357 2942 tres
3383 2903 3506 2940 cum
3540 2885 3703 2940 dimi-

2132 2983 2247 3038 dio.
2289 2980 2477 3052 Neque
2525 2981 2682 3036 enim.
2720 2981 2775 3033 in
2807 2986 3045 3050 quatuor
3084 2979 3476 3036 conversiones
3518 2977 3704 3032 divina

2134 3075 2419 3144 Scriptura
2459 3086 2664 3126 annum
2712 3069 2951 3135 dividit,
3002 3069 3098 3127 sed
3132 3070 3188 3125 in
3222 3069 3362 3123 duas
3400 3067 3704 3123 nobiliores

456 3157 704 3257 χειμῶνα
742 3160 837 3215 καὶ
871 3161 1055 3232 θέροςο
1092 3165 1232 3219 ἑπτὰ
1253 3162 1344 3220 οὖν
1370 3168 1592 3222 τοιαῦτα
1621 3173 1884 3242 τμήματα
1904 3176 2027 3245 τρία

2132 3174 2339 3237 partes,
2360 3165 2595 3219 hiemem
2627 3171 2681 3217 et
2705 3169 2972 3218 aestatem.
3003 3159 3221 3230 Septem
3252 3160 3421 3230 igitur
3449 3158 3700 3228 hujusce-

456 3246 553 3299 καὶ
584 3249 756 3320 ἥμισυ
799 3252 1000 3323 πληροῖ
1027 3253 1120 3325 ἔτη
1157 3257 1200 3288 ⁶⁶
1222 3273 1234 3285 ·
1269 3258 1534 3314 Τοσοῦτον
1552 3261 1629 3328 δὲ,
1664 3266 1846 3335 φησὶν,
1880 3269 1937 3320 ἐν
1965 3269 2029 3340 τῇ

456 3344 714 3413 συμφορᾷ
763 3344 1090 3411 διατελέσεις
1149 3349 1369 3420 χρόνονο
1412 3369 1428 3400 ο
1461 3354 1565 3417 ἕως
1624 3350 1686 3410 οὗ
1742 3356 1905 3427 γνῷς,
1951 3359 2032 3413 ὅτι

455 3430 702 3518 κυριεύει
734 3434 763 3486 ὁ
803 3435 1063 3505 ’Ύψιστος
1090 3439 1187 3509 τῆς
1240 3439 1518 3510 βασιλείας
1568 3444 1677 3498 τῶν
1705 3446 2029 3518 ἀνθρώπων,

454 3520 554 3573 καὶ
577 3514 621 3589 ᾧ
643 3522 738 3578 ἐὰν
774 3525 922 3599 δόξῃ,
952 3527 1114 3582 δώσει
1140 3532 1329 3601 αὑτήν.
1363 3551 1380 3583 ι
1422 3533 1637 3607 Ἐπειδὴ
1668 3537 1778 3609 γὰρ
1809 3514 2029 3611 -ὸνειρο-

456 3613 643 3677 πολεῖς
700 3611 841 3670 εἶναι
900 3618 1041 3681 θεὸς,
1107 3622 1306 3691 μᾶλλον
1352 3623 1409 3678 δὲ
1461 3627 1555 3681 καὶ
1583 3629 1846 3700 κρείττων
1871 3630 2029 3698 Θεοῦ,

455 3701 772 3772 ἀφαιρεῖταί
803 3724 897 3762 σου
946 3709 1078 3772 Θεὸς
1125 3712 1219 3764 καὶ
1269 3712 1361 3766 τὸν
1391 3713 1729 3786 ἀνθρώπινον
1749 3718 2029 3790 λογισμὸν,

455 3792 559 3885 καί
585 3796 697 3858 τοῖς
731 3795 943 3867 θηρίοις
978 3799 1022 3831 ⁸⁷
1050 3817 1107 3854 σε
1136 3803 1375 3858 ἑοικέναι
1394 3809 1628 3878 ποιήσει,
1656 3810 1743 3864 ἵνα
1779 3814 1848 3883 τῇ
1867 3812 2033 3885 πείρᾳ

458 3883 661 3974 μάθῃς,
688 3889 742 3941 τί
774 3890 872 3958 μὲν
901 3891 1204 3963 ἄνθρωπος,
1235 3896 1286 3948 τί
1324 3896 1381 3966 δὲ
1424 3897 1578 3962 Θεὸς,
1613 3903 1705 3955 xal
1737 3902 1789 3956 τί
1821 3904 1919 3974 μὲν
1939 3883 2033 3958 av-

454 3972 703 4048 Θρωπίνη
749 3979 1012 4052 εὑκληρία
1041 3984 1107 4045 ⁸³,
1153 3985 1207 4038 τί
1259 3988 1314 4040 δὲ
1356 3986 1475 4042 θεία
1536 3990 1804 4061 βασιλεία,
1823 3972 1931 4048 καὶ
1950 3996 2031 4049 ὅτι

452 4066 656 4139 ταύτης
687 4072 867 4140 τυχεῖν
900 4073 1156 4129 ἀδύνατον
1194 4077 1270 4149 μὴ
1310 4077 1633 4153 βουλομένου
1660 4084 1815 4140 Θεοῦ.

525 4250 634 4312 κγ’.
673 4264 692 4297 ι
726 4247 836 4299 Kal
862 4247 942 4301 ὄτι
965 4244 1104 4314 εἷπε,
1135 4252 1296 4322 φησίν
1315 4270 1327 4284 ’
1378 4254 1601 4309 Ἐάσατε
1631 4258 1729 4329 τὴν
1758 4256 1897 4330 φυὴν
1921 4260 2030 4313 τῶν

455 4335 623 4408 ῥιζῶν
649 4337 742 4391 τοῦ
768 4339 985 4409 δένδρου
1018 4342 1082 4406 ⁶⁹,
1124 4345 1156 4413 ἡ
1186 4343 1434 4413 βασιλεία
1469 4364 1559 4400 σου
1593 4352 1677 4402 σοὶ
1724 4355 1897 4421 μενεῖ,
1939 4354 2032 4422 ἀφ’

450 4422 521 4498 ἧς
549 4426 615 4480 ἂν
643 4428 784 4499 γνῷς
809 4429 907 4501 τὴν
937 4431 1214 4501 βασιλείαν
1236 4437 1280 4467 ⁷⁰
1305 4436 1403 4507 τὴν
1437 4439 1685 4509 οὐράνιον
1703 4442 1769 4494 τί.
1812 4461 1831 4494 ι
1869 4444 2033 4497 Ἀπο-

2134 3260 2281 3314 modi
2316 3264 2506 3327 partes
2537 3262 2650 3311 tres
2686 3268 2859 3310 annos
2890 3268 3016 3307 cum
3049 3258 3068 3274 ‘
3103 3251 3330 3307 dimidio
3364 3250 3658 3322 perﬁciunt
3687 3267 3701 3305 :

2132 3365 2198 3407 ac
2233 3355 2443 3402 tantum
2480 3343 2746 3414 temporis
2770 3386 2785 3411 ,
2817 3343 3018 3413 inquit,
3052 3343 3108 3396 in
3139 3340 3453 3395 calamitate
3489 3339 3655 3410 deges
3688 3357 3701 3393 :

2140 3460 2159 3493 ι
2204 3441 2379 3495 donec
2408 3451 2735 3506 cognoscas,
2773 3433 3119 3489 Altissimum
3150 3446 3381 3503 regnare
3411 3445 3580 3501 regno
3607 3430 3705 3483 lto-

2132 3534 2373 3597 minmn,
2414 3536 2471 3585 et
2499 3528 2817 3598 cuicunque
2864 3526 3043 3582 visum
3082 3523 3281 3592 fuerit,
3317 3522 3451 3578 dare
3483 3521 3639 3577 illud.
3680 3539 3700 3572 ι

2132 3623 2273 3688 Quia
2302 3620 2450 3677 enim
2474 3619 2743 3683 somnias,
2775 3625 2827 3673 te
2863 3616 3029 3671 deum
3060 3629 3202 3681 esse,
3235 3614 3347 3670 imo
3376 3629 3508 3668 vero
3536 3613 3701 3668 etiam

2133 3712 2473 3783 superiorem
2505 3710 2638 3778 Deo,
2666 3711 2870 3766 adimet
2897 3709 2996 3765 tibi
3026 3707 3171 3763 Deus
3209 3706 3373 3762 etiam
3402 3705 3702 3759 humanam

2133 3806 2525 3892 c0gitationem
2575 3803 2891 3874 elﬁcietque
2948 3807 3008 3857 ut
3043 3799 3246 3857 similis
3276 3798 3479 3854 evadas
3511 3796 3704 3853 bestiis

2132 3888 2271 3953 feris
2300 3940 2317 3965 ,
2370 3906 2428 3951 ut
2467 3895 2809 3967 experientia
2852 3893 3075 3960 discas,
3119 3890 3253 3963 quid
3304 3890 3471 3945 homo
3503 3928 3518 3954 ,
3574 3888 3703 3958 quid

2131 3987 2280 4044 Deus
2304 4031 2320 4055 ,
2350 3999 2404 4044 et
2436 3987 2565 4058 quid
2598 3987 2835 4041 humana
2863 3983 3105 4040 felicitas
3132 4024 3150 4050 ,
3199 3989 3257 4038 et
3299 3981 3431 4051 quid
3473 3995 3703 4050 regnum

2132 4078 2415 4145 divinum,
2457 4086 2512 4132 et
2541 4078 2659 4132 ﬁeri
2697 4092 2809 4132 non
2839 4090 3004 4147 posse
3030 4112 3046 4140 ,
3092 4080 3153 4129 ut
3185 4073 3310 4144 quis
3339 4071 3474 4127 illud
3507 4085 3704 4126 conse-

2132 4177 2337 4242 quatur
2372 4168 2546 4223 invito
2577 4167 2709 4223 Deo.

2205 4259 2373 4315 Vsus.
2412 4257 2502 4313 25.
2547 4276 2565 4308 ι
2586 4257 2651 4311 Ει
2681 4255 2826 4327 quod
2859 4254 3081 4320 dixerit,
3116 4254 3298 4325 inquit
3324 4269 3338 4307 :
3363 4250 3704 4323 Siniteplan—

2132 4364 2241 4410 tam
2274 4352 2522 4418 radicum
2553 4349 2791 4414 arboris,
2835 4361 3063 4418 regnum
3108 4353 3262 4400 tuum
3304 4345 3403 4399 tibi
3440 4342 3700 4402 manebit.

2133 4460 2199 4499 ex
2239 4455 2348 4512 quo
2394 4410 2720 4510 cognoveris
2772 4449 3001 4508 regnum
3043 4434 3286 4490 cmleste.
3326 4451 3345 4485 ι
3386 4432 3523 4489 Cum
3555 4431 3700 4486 enim
3740 4448 3761 4464 ο

456 4519 745 4589 στερηθεὶς
798 4521 906 4593 γὰρ
962 4523 1058 4592 τῆς
1099 4524 1396 4594 βασιλείας,
1459 4531 1686 4584 κάκεῖνα
1733 4532 2030 4603 ὑπομείνας

2133 4548 2306 4605 regno
2354 4530 2643 4601 spoliatus,
2689 4537 2741 4585 et
2784 4528 2876 4583 illa
2922 4526 3107 4582 omnia
3157 4540 3452 4597 perpessus
3507 4523 3699 4585 fueris.

456 4607 673 4661 ἅπαντα
698 4650 713 4676 ,
742 4610 1017 4683 ὲπιγνώσῃ
1059 4617 1156 4685 τῆς
1189 4615 1468 4685 βασιλείας
1499 4620 1589 4673 τὸν
1629 4623 1882 4694 χορηγὸν,
1911 4621 2031 4679 εἶτα

456 4695 619 4761 γνοὺς
658 4696 914 4769 ἀπολήψῃ
963 4701 1125 4754 πάλιν
1176 4704 1274 4774 τὴν
1311 4700 1579 4776 προτέραν
1623 4709 1906 4775 ἐξουσίαν·
1945 4714 2033 4767 ἴνα

456 4785 553 4838 καὶ
584 4788 651 4858 τῇ
691 4787 1000 4857 ἀφαιρέσει,
1030 4791 1122 4844 καὶ
1149 4795 1214 4864 τῇ
1260 4796 1533 4861 ἀποδόσει,
1558 4799 1734 4873 μάθῃς
1765 4802 2029 4874 ἀκριϐῶς,

455 4878 541 4941 τίς
588 4880 616 4932 ὁ
644 4880 752 4935 τῶν
804 4882 942 4937 ὅλων
996 4886 1361 4961 κυϐερνήτης,
1417 4891 1501 4955 τίς
1531 4893 1559 4944 ὁ
1593 4896 1770 4964 σοφῶς
1815 4897 2033 4954 ἅπαντα

460 4970 654 5025 ίθύνων
685 4973 778 5027 καὶ
810 4977 1177 5046 πρυτανεύων.
1196 4979 1383 5045 Οὕτως
1408 4984 1646 5056 εἰρηκὼς
1678 4987 1745 5041 τά
1774 4990 2028 5061 ἐσόμενα,

458 5062 780 5133 παραίνεσιν
837 5067 1080 5138 εἰσφέρει
1132 5070 1224 5123 καὶ
1273 5072 1583 5145 συμϐουλὴν
1636 5076 1888 5150 ἀρίστην,
1935 5081 2031 5134 καὶ

456 5152 748 5225 φάρμακον
775 5159 1074 5230 προσφέρει
1098 5160 1389 5231 συμϐαῖνον
1422 5163 1500 5235 τῷ
1524 5166 1818 5239 τραύματι.

528 5334 559 5375 ιι
581 5335 742 5391 Rom.
781 5352 902 5405 ιιιι,
929 5336 1017 5393 ll.

2135 4628 2401 4696 agnosces
2443 4622 2595 4692 regni
2636 4620 2976 4689 largitorem,
3017 4632 3128 4687 quo
3174 4616 3362 4687 agnito
3408 4616 3700 4687 pristinam

2132 4719 2457 4786 potestatem
2487 4712 2863 4781 recuperabis,
2891 4717 2953 4764 ut
2980 4715 3034 4764 et
3064 4707 3412 4777 ademptione
3440 4714 3493 4762 et
3521 4704 3703 4761 reddi»

2132 4808 2279 4862 tione
2306 4806 2466 4875 plane
2501 4802 2790 4874 percipias,
2820 4801 2941 4871 quis
2989 4799 3232 4854 omnium
3265 4814 3446 4855 rerum
3485 4798 3557 4853 sit
3600 4813 3701 4868 gu—

2132 4897 2416 4957 bernator,
2444 4894 2572 4964 quis
2597 4891 2879 4962 sapienter
2904 4890 3088 4945 omnia
3114 4896 3267 4960 regat
3288 4898 3343 4944 et
3362 4888 3698 4945 moderetur.

2134 4986 2211 5041 Ita
2238 4986 2514 5057 praedictis
2561 4982 2784 5047 futuris,
2828 4981 3259 5037 admonitionem
3292 4994 3347 5035 et
3380 4979 3703 5045 consilium,

2136 5078 2409 5148 optimum
2471 5073 2662 5139 aﬂ'ert,
2720 5071 3136 5143 remediumque
3193 5069 3420 5127 adhibet
3484 5069 3704 5126 vulneri

2135 5169 2293 5224 valde
2325 5171 2777 5223 consentaneum.

1766 5493 2011 5551 VARIE.
2050 5494 2393 5553 LECTIONE
2403 5495 2462 5553 S.

536 5642 584 5676 ⁸⁹
611 5659 742 5713 φησ.
786 5643 916 5701 Des.
962 5645 1016 5699 in
1052 5644 1093 5698 Β
1204 5644 1249 5677 ⁶⁰
1284 5648 1330 5700 Δ
1369 5653 1421 5703 et
1451 5646 1494 5700 Β
1522 5644 1887 5717 διαφθείρατε.
1966 5646 2009 5679 ⁶¹
2041 5647 2084 5701 Β
2110 5645 2277 5718 αὑτῷ.
2353 5645 2398 5679 ⁶²
2426 5647 2541 5699 ἐστ.
2588 5651 2634 5701 Α
2668 5659 2857 5718 praem.
2892 5642 3041 5700 τοῦτ’

538 5712 599 5788 τὴ
637 5743 708 5788 -_—-
752 5713 881 5788 βαςρ.
923 5714 1332 5788 ᾼᾘαὺλισθήσῃ.
1435 5717 1481 5788 ⁵7⁸
1526 5715 1567 5788 Β
1599 5715 1710 5788 σέη
1773 5716 1827 5788 ff
1861 5716 1953 5770 πλ.
1981 5717 2037 5772 in
2077 5717 2117 5771 Β
2158 5729 2275 5788 post
2320 5715 2415 5787 ἔτη
2446 5718 2701 5788 ponitur.
2738 5785 2759 5788 Α
2803 5716 2847 5748 ⁸⁷
2872 5713 2930 5788 Β
2976 5713 3041 5788 θῃ

461 5712 508 5788 tt
538 5712 599 5788 ea
637 5712 708 5788 _+
752 5713 881 5788 βαφ.
923 5714 1332 5788 Αηαςιλισθήση-
1526 5715 1567 5788 β
1599 5712 1678 5769 oe.

3146 5645 3198 5678 ⁸³
3230 5646 3351 5698 αὐτ.
3389 5644 3512 5698 Des.
3547 5642 3599 5696 in
3634 5642 3699 5699 B.

2803 5716 2847 5748 ⁸⁷
2888 5713 2930 5767 Β
2976 5713 3173 5786 θῃρίῳ.
3248 5714 3295 5748 ⁸⁸
3330 5713 3371 5769 Β
3409 5713 3696 5786 εὐημερίᾳ,

466 5782 511 5815 ³’
543 5782 782 5854 δένδρον.
807 5782 851 5840 Α
891 5786 1062 5853 addit,
1089 5787 1146 5839 tv
1182 5788 1246 5856 τῇ
1284 5782 1374 5857 γῇ.
1453 5787 1500 5819 "°
1537 5785 1658 5857 βασ,
1685 5786 1727 5840 Λ
1768 5785 2035 5850 ἐξουσίαν.
2096 5788 2137 5820 τί
2160 5782 2213 5841 Ἀ
2255 5782 2597 5857 ἐπουράνιον.
2630 5785 2802 5842 Βτῶν
2828 5782 3091 5856 οὐρανῶν.
