4092 6398
441 376 573 442 1367

1414 377 1899 440 THEODORETI
1926 373 2267 435 EPISCOPI
2307 376 2671 439 CYRENSIS

3565 372 3707 441 1368

519 488 680 545 Vens.
727 490 796 545 24
841 511 861 543 ι
898 491 1107 553 Idcirco
1145 495 1316 561 enim,
1346 509 1462 558 rex,
1493 494 1695 563 inquit,
1720 491 2009 547 consilium

2194 491 2291 544 κδ.
2333 510 2353 542 ι
2397 491 2495 545 Διά
2524 492 2682 546 τοῦτο
2721 492 2849 563 γὰρ,
2884 492 3035 566 φησὶ,
3073 490 3314 563 βασιλεῦ,
3345 493 3380 563 ἠ
3409 491 3572 563 βουλή
3601 510 3705 564 μου

444 597 626 635 meum
660 582 875 653 placeat
909 585 1025 646 tibi,
1059 593 1113 639 et
1144 596 1371 655 peccata
1406 593 1497 640 tua
1534 584 1902 656 elcemosynis
1933 598 2020 638 re-

442 673 611 739 dime,
626 686 679 729 et
698 675 1008 745 injustitias
1029 686 1154 732 tuas
1174 679 1638 763 miserationibus.
1652 692 1976 748 pauperum.
1998 696 2017 728 ι

446 765 541 821 llis
575 778 755 837 autem
800 769 1187 838 inexplebilem
1229 772 1380 827 illius
1414 772 1801 826 crudelitatem
1838 770 2022 825 decla-

445 862 550 917 rat,
579 871 739 925 quam
765 857 820 911 in
852 859 959 913 sibi
984 860 1266 929 subjectos
1298 861 1514 932 1150
1537 868 1882 917 exercuerat.
1902 858 2019 926 Vis,

446 945 649 1014 inquit.
685 948 996 1005 clementiae
1024 950 1267 1006 fructum
1318 953 1648 1022 percipere?
1693 952 1836 1006 hanc
1867 966 2022 1005 eam-

444 1038 564 1091 dem
598 1054 727 1110 erga
775 1057 871 1097 eos
916 1043 1218 1108 ostendito,
1250 1045 1341 1114 qui
1389 1060 1555 1099 unam
1609 1055 1789 1100 tecum
1839 1043 2019 1097 sortiti

444 1138 574 1185 sunt
605 1142 879 1187 naturam.
912 1132 991 1188 Ita
1017 1135 1167 1189 enim
1198 1136 1375 1205 judici
1416 1136 1755 1206 persuadere
1788 1135 2016 1205 poteris,

443 1229 503 1275 ut
557 1223 736 1278 minas
770 1225 1109 1295 exstinguat,
1164 1241 1344 1296 neque
1393 1227 1540 1282 sinat
1584 1242 1678 1282 eas
1715 1227 1781 1280 ad
1813 1225 2017 1280 exitum

442 1313 693 1382 perduci.
736 1334 754 1367 ι
777 1313 942 1372 Forte
969 1316 1137 1380 enim,
1168 1317 1375 1389 inquit,
1410 1319 1659 1388 obtingat
1685 1316 2016 1387 longanimi-

444 1418 531 1460 tas
565 1405 789 1462 delictis
835 1407 969 1463 tuis.
1022 1425 1041 1459 ο
1074 1407 1351 1480 PrOpheta
1407 1411 1575 1479 igitur
1621 1410 1761 1463 hanc
1795 1416 2019 1463 sentcn-

440 1497 575 1549 tiam
610 1497 912 1566 exposuit:
962 1499 1053 1553 ille
1108 1514 1238 1555 vero
1272 1515 1396 1554 cum
1447 1500 1682 1570 amplius
1721 1498 1919 1554 durum
1964 1509 2017 1554 ct

444 1586 845 1659 inexorabilem
881 1603 941 1643 se
968 1589 1314 1658 praebuisset,
1336 1591 1605 1646 scelerum
1624 1591 1849 1662 praemia
1870 1592 2014 1656 tulit,

440 1684 496 1730 et
529 1694 651 1746 qua:
699 1677 985 1733 audiverat
1031 1680 1236 1745 tristia,
1275 1682 1390 1736 haec
1428 1683 1609 1737 oculis
1655 1682 2014 1753 conspicatus

440 1775 544 1822 est.
572 1766 686 1839 [25]
727 1768 933 1825 Deinde
965 1780 1181 1841 tempus
1211 1771 1377 1826 etiam
1415 1773 1623 1828 indicat
1655 1774 1855 1829 divinae
1888 1774 2008 1828 lon-

438 1861 802 1928 ganimitatis.
850 1861 982 1917 Nam
1020 1881 1143 1919 cum
1188 1866 1477 1920 duodecim
1524 1881 1746 1922 menses
1777 1867 2017 1922 cﬂluxis-

438 1958 580 2013 sent,
609 1953 881 2021 pt'aadictae
910 1955 1069 2009 minae
1092 1963 1245 2010 certo
1277 1972 1461 2011 rerum
1493 1959 1867 2028 comprobata:
1883 1966 2014 2013 sunt

435 2052 632 2097 eventu
657 2062 669 2097 :
693 2052 747 2097 ct
765 2060 886 2098 cum
907 2054 1119 2101 tantum
1140 2048 1405 2118 temporis
1418 2050 1466 2103 ei
1488 2050 1553 2102 ad
1573 2049 2010 2120 resipisccndum

434 2136 625 2189 datum
660 2134 877 2202 fuisset,
905 2138 1046 2191 male
1068 2140 1341 2209 transegit
1363 2139 1647 2195 deﬁnitum
1676 2141 2015 2211 paenitentiae

434 2235 671 2297 tempus.
706 2228 788 2282 Ad
817 2243 978 2297 quem
1027 2230 1222 2286 beatus
1262 2230 1469 2286 Paulus
1516 2232 1711 2286 merito
1767 2232 2008 2287 dixerit:

439 2336 457 2367 ι
497 2317 579 2372 An
611 2319 833 2375 divitias
872 2321 1136 2377 bonitatis
1182 2323 1325 2391 ejus,
1359 2330 1412 2377 et
1449 2324 1751 2393 patientim,
1801 2331 1855 2379 et
1890 2324 2012 2379 lon-

432 2410 772 2478 ganimitatis
804 2414 1131 2473 contemnis,
1167 2414 1449 2484 ignorans,
1495 2414 1890 2485 benignitatem
1916 2415 2010 2472 Dei

431 2503 502 2557 ad
537 2504 917 2574 paenitentiam
960 2514 1012 2561 te
1041 2507 1350 2562 adducere?
1394 2507 1697 2563 secundum
1747 2508 2008 2563 duritiam

431 2604 580 2649 tuam
619 2603 883 2651 autemet
933 2597 1292 2667 impmnitens
1346 2613 1463 2663 cor,
1522 2598 1700 2654 instar
1759 2601 2008 2655 thesauri

430 2686 525 2739 tibi
560 2687 784 2755 reponis
817 2688 956 2742 iram
989 2688 1044 2743 in
1072 2688 1215 2744 diem
1266 2692 1281 2713 ‘
1326 2691 1423 2745 ira:
1470 2698 1525 2745 et
1559 2690 1920 2746 revelationis
1955 2698 2011 2745 et

428 2778 561 2848 justi
601 2778 794 2847 jndieii
839 2778 955 2845 Dei,
995 2783 1087 2850 qui
1124 2781 1316 2837 reddet
1355 2781 1658 2851 unicuique
1701 2781 2007 2838 secundum

427 2884 591 2937 opera
627 2868 784 2937 ejus;
826 2871 892 2926 iis
940 2870 1185 2941 quidem,
1235 2871 1328 2943 qui
1381 2887 1480 2944 per
1521 2873 1843 2943 patientiam
1876 2873 2007 2928 boni

427 2960 610 3029 operis
658 2962 913 3031 gloriam,
972 2972 1025 3018 et
1080 2964 1371 3027 honorem,
1426 2969 1481 3019 et
1535 2963 2007 3034 incorruptionem

427 3060 701 3121 «nuerunt,
764 3054 931 3109 vitam
983 3062 1281 3120 aeternam;
1340 3054 1412 3111 iis
1447 3070 1581 3109 vero
1620 3056 1715 3125 qui
1766 3064 1896 3111 sunt
1938 3072 2006 3111 cx

2127 582 2378 655 ἀρεσάτω
2412 601 2514 649 σοι,
2552 585 2646 637 καὶ
2673 585 2771 650 τὰς
2795 587 2840 619 ⁷³
2873 586 3148 657 ἁμαρτίας
3190 603 3281 640 σου
3313 588 3370 639 ὲν
3402 584 3703 655 ἐλεημοσύ-

2126 692 2247 738 ναις
2275 674 2573 746 λύτρωσαι,
2605 677 2703 730 καὶ
2740 676 2839 740 τὰς
2862 677 3076 741 ἀδικίας
3093 678 3141 709 ⁷³
3167 694 3258 730 σου
3296 676 3355 729 ὲν
3397 676 3705 747 οἰκτιρμοῖς

2126 770 2395 840 πενήτων.
2430 787 2448 819 ι
2485 768 2647 839 Δηλοῖ
2675 769 2731 822 δὲ
2756 769 2842 823 διὰ
2869 768 3076 824 τούτων
3120 769 3218 839 τὴν
3251 767 3525 839 ἄπληστον
3557 767 3704 838 ὠμό-

2124 855 2317 934 τηταῇ
2349 860 2489 914 κατὰ
2520 860 2627 913 τῶν
2658 860 2915 931 ὑπηκόων
2946 862 3234 932 ἐχρήσατο.
3262 858 3701 930 Βούλει⁷⁸,φησὶ,

2124 952 2530 1024 φιλανθρωπίας
2548 952 2854 1007 ἀπολαῦσαι
2883 971 2897 1019 ;
2929 952 3195 1018 ἐπίδειξαι
3222 952 3426 1022 ταύτην
3465 953 3544 1014 είς
3577 951 3703 1013 τοὺς

2122 1046 2222 1116 τὴν
2262 1043 2431 1115 αὐτὴν
2468 1045 2548 1097 σοὶ.
2598 1044 2758 1111 φύσιν
2812 1044 3106 1115 λαχόντας·
3138 1043 3281 1095 οῦτω
3326 1042 3436 1111 γὰρ
3495 1042 3702 1105 πείσεις

2120 1137 2214 1191 τὸν
2247 1137 2506 1207 δικαστὴν
2540 1136 2730 1190 σϐέσαι
2781 1136 2881 1206 τὴν
2940 1134 3203 1205 ἀπειλὴν,
3236 1136 3329 1188 καὶ
3383 1134 3701 1187 καταλιπεῖν

2121 1229 2428 1283 ἀτέλεστον.
2471 1246 2490 1279 ι
2539 1229 2701 1289 Ἴσως
2745 1226 2875 1297 γὰρ,
2932 1226 3125 1296 φησὶν,
3161 1226 3312 1278 ἔσται
3352 1223 3701 1295 μακροθυμία

2118 1322 2232 1385 τοῖς
2279 1317 2690 1392 παραπτώμασί
2747 1318 2919 1371 σου⁷⁸.
2954 1336 2974 1368 ›
3019 1319 3078 1371 Ὀ
3126 1318 3222 1389 μὲν
3270 1313 3363 1370 οῦν
3414 1316 3701 1387 προφήτης

2117 1412 2323 1483 ταύτην
2353 1413 2684 1483 εἰσηγήσατο
2717 1411 2815 1481 τὴν
2842 1410 3067 1481 γνώμην
3093 1426 3107 1440 ⁸
3139 1412 3168 1463 ὁ
3198 1409 3254 1463 δὲ
3284 1409 3473 1480 μείνας
3505 1409 3701 1477 ἀτερά-

2122 1526 2237 1579 μων
2268 1506 2361 1560 καὶ
2402 1505 2689 1576 ἀκαμπης,
2733 1504 2951 1569 ἐδέξατο
2981 1503 3081 1573 τῆς
3117 1503 3459 1573 παρανομίας
3487 1502 3554 1555 τὰ
3583 1502 3701 1555 ἐπί-

2117 1612 2297 1668 χειρα,
2324 1597 2418 1649 καὶ
2458 1595 2602 1665 ἆπερ
2631 1594 2865 1663 ἤκουσεν
2888 1593 3131 1660 ἀλγεινὰ,
3159 1591 3329 1644 ταῦτα
3369 1593 3478 1652 τοῖς
3499 1590 3701 1659 ὀφθαλ-

2120 1690 2243 1758 μοῖς
2274 1686 2557 1740 ἐθεάσατο.
2618 1681 2750 1737 Εἶτα
2787 1684 2880 1737 καὶ
2919 1683 3178 1754 σημαίνει
3229 1681 3329 1750 τῆς
3383 1681 3533 1743 θείας
3592 1698 3697 1751 μα-

2117 1777 2426 1850 κροθυμίας
2473 1778 2567 1831 τον
2599 1775 2792 1847 χρόνον
2818 1793 2833 1806 ο
2865 1774 3191 1828 δυοκαίδεκα
3227 1768 3341 1843 γθιρ¹
3373 1771 3698 1842 διαδραμόν-

2113 1889 2221 1925 των
2251 1869 2457 1941 μηνῶν,
2485 1866 2700 1933 ἐδέξατο
2732 1869 2764 1937 ἡ
2814 1866 2903 1918 διὰ
2952 1866 3054 1934 τῆς
3104 1865 3462 1935 προρρήσεως
3496 1863 3695 1930 ἀπειλὴ

2112 1964 2223 2016 τῶν
2263 1960 2606 2032 πραγμάτων
2653 1957 2715 2011 τὸ
2757 1958 2930 2019 τέλος.
2969 1956 3082 2011 Καὶ
3105 1954 3361 2008 τοσοῦτον
3390 1955 3581 2023 χρόνον
3615 1953 3698 2014 είς

2118 2053 2483 2126 μεταμέλειαν
2516 2048 2773 2121 εἰληφὼς,
2831 2047 3015 2110 κακῶς
3042 2047 3140 2117 τὴν
3185 2046 3284 2116 τῆς
3333 2044 3696 2113 μεταμελείας

2113 2147 2360 2201 ἀνάλωσε
2422 2141 2787 2215 προθεσμίαν.
2850 2133 2987 2205 Πρὸς
3041 2137 3100 2190 ὃν
3154 2139 3182 2190 ό
3235 2135 3502 2207 μακάριος
3548 2133 3694 2186 εἴποι

2114 2238 2181 2292 ἂν
2208 2235 2419 2299 Παῦλος
2449 2234 2707 2296 εἰκότωςο
2746 2250 2765 2282 ι
2802 2231 2873 2283 “ll
2922 2228 3015 2284 τοῦ
3046 2229 3276 2281 πλούτου
3323 2228 3420 2296 τῆς
3463 2226 3696 2297 χρηστό-

2110 2345 2271 2399 τητος
2300 2326 2486 2390 αὑτοῦ,
2512 2325 2607 2378 καὶ
2634 2324 2732 2393 τῆς
2756 2321 2975 2392 ἀνοχῆς,
2996 2320 3089 2373 καὶ
3117 2317 3496 2389 μακροθυμίας
3527 2332 3693 2367 κατα-

2113 2422 2352 2492 φρονεῖς,
2392 2417 2623 2486 ἀγνοῶν,
2652 2414 2811 2469 ὅτιτὸ
2840 2412 3081 2485 χρηστδν
3111 2410 3205 2464 τοῦ
3240 2408 3376 2462 Θεοῦ
3417 2411 3497 2471 εἰς
3523 2406 3692 2476 μετά-

2111 2512 2262 2568 νοιάν
2326 2528 2385 2564 σε
2438 2510 2603 2578 ἀγει;
2638 2506 2795 2561 Κατά
2841 2506 2896 2559 δὲ
2941 2504 3040 2574 τὴν
3097 2500 3441 2572 σκληρότητά
3472 2517 3564 2553 σου
3598 2500 3692 2550 καὶ

2111 2603 2481 2677 ἀμετανόητον
2509 2599 2753 2669 καρδίαν,
2784 2594 3139 2667 θησαυρίζεις
3183 2592 3393 2661 σεαυτῷ
3416 2590 3585 2662 ὀργὴν
3634 2592 3692 2642 ὲν

2112 2697 2295 2767 ἡμέρᾳ
2327 2694 2517 2763 ὀργῆς,
2548 2691 2642 2744 καὶ
2672 2688 3090 2757 ἀποκαλύψεως,
3115 2685 3212 2739 καὶ
3229 2685 3275 2716 ⁷⁸
3295 2682 3690 2754 δικαιοκρισίας

2109 2788 2205 2841 τοῦ
2240 2786 2397 2850 Θεοῦ,
2428 2785 2485 2847 ὃς
2516 2781 2787 2836 ἀποδώσει
2816 2780 3032 2848 ἑκάστῳ
3059 2778 3201 2831 κατά
3224 2775 3291 2829 τὰ
3324 2774 3460 2843 ἔργα
3488 2771 3687 2825 αὑτοῦ·

2109 2882 2222 2944 τοῖς
2272 2877 2370 2950 μὲν
2410 2877 2530 2930 καθ’
2583 2873 2865 2944 ὑπομονὴν
2897 2872 3059 2944 ἔργου
3122 2866 3330 2938 ἀγαθοῦ
3366 2866 3543 2931 δόξαν.
3594 2866 3692 2919 καὶ

2108 2973 2297 3044 τιμὴν,
2324 2971 2419 3024 καὶ
2447 2968 2756 3039 ἀφθαρσίαν
2788 2964 3031 3035 ζητοῦσι,
3058 2961 3201 3032 ζωὴν
3218 2960 3263 2992 ’⁷
3297 2959 3512 3013 αίώνιον
3530 2973 3545 2988 ·
3576 2959 3691 3020 τοῖς

2110 3064 2167 3118 δὲ
2194 3062 2251 3129 ἐξ
2285 3060 2542 3131 ἐριθείας,
2583 3058 2677 3112 καὶ
2706 3055 2995 3110 ἀπειθοῦσι
3044 3055 3144 3123 μὲν
3181 3056 3245 3123 τῇ
3287 3051 3531 3121 ἀληθείᾳ,
3568 3066 3690 3102 πει-

426 3145 797 3211 contentione,
830 3155 885 3199 et
921 3147 1014 3217 qui
1050 3163 1160 3202 non
1189 3147 1459 3201 obediunt
1494 3147 1737 3208 veritati,
1774 3148 2007 3202 credunt

2112 3154 2363 3225 θομένοις
2400 3152 2456 3205 δὲ
2496 3154 2563 3223 τῇ
2610 3149 2812 3221 ἀδικίᾳ,
2870 3148 3041 3218 θυμὸς
3093 3146 3185 3200 καὶ
3239 3146 3412 3214 ὀργή·
3445 3143 3622 3212 θλίψις
3641 3143 3687 3174 ⁷⁸

426 3244 607 3292 autem
659 3237 958 3308 iniquitati,
1009 3240 1089 3293 ira
1126 3249 1181 3294 et
1233 3238 1593 3310 indignatio:
1634 3239 1919 3295 tribulatio
1951 3249 2006 3295 et

425 3331 678 3399 angustia
744 3331 800 3384 in
860 3345 1077 3384 omnem
1131 3330 1373 3384 animam
1431 3330 1673 3386 hominis
1722 3332 2005 3401 operantis

427 3421 630 3475 malum
699 3418 743 3475 ί.
784 3440 802 3473 ι
859 3418 985 3476 Haec
1039 3420 1187 3475 enim
1248 3421 1416 3475 etiam
1471 3419 2004 3478 Nabuchodonosori

424 3526 688 3576 evenere,
742 3511 835 3580 (lui
898 3510 992 3566 Dei
1051 3512 1470 3581 longanimitate
1525 3528 1635 3566 non
1694 3524 2006 3584 opportune

425 3618 563 3657 usus
589 3610 673 3656 est
711 3620 723 3655 :
758 3601 918 3671 cujus
949 3600 1157 3671 1151
1195 3602 1273 3656 rei
1305 3602 1462 3657 testis
1492 3611 1580 3659 est
1621 3604 1760 3674 ipse,
1791 3606 1883 3676 qui
1929 3606 2002 3659 ita

425 3698 618 3745 narrat
646 3709 661 3747 :

496 3782 669 3839 Vsus.
709 3782 798 3848 26,
828 3781 919 3839 27.
959 3802 979 3836 ι
1016 3781 1225 3838 Etenim
1274 3792 1395 3855 post.
1423 3784 1710 3842 duodecim
1752 3803 1995 3853 menses,

427 3877 482 3929 in
515 3881 719 3946 templo
762 3877 915 3946 regni
965 3877 1047 3931 sui
1085 3875 1140 3930 in
1183 3875 1459 3948 Babylone
1502 3877 1906 3942 deambulabat,
1951 3891 2005 3935 et

425 3985 592 4040 super
619 3968 817 4024 maceria
846 3968 1089 4024 civitatis
1120 3983 1244 4022 cum
1274 3968 1427 4022 omni
1460 3969 1633 4039 gloria
1663 3985 1781 4033 sua,
1822 3979 1874 4026 ct
1904 3986 2002 4027 su-

425 4076 519 4129 per
559 4068 741 4116 tnrres
791 4074 920 4115 suas
976 4059 1286 4114 incedebat.
1336 4059 1401 4113 Et
1458 4062 1744 4131 respondit
1795 4079 1886 4117 rex
1945 4072 2002 4119 et

422 4150 558 4204 dixit
591 4166 605 4203 :
645 4148 835 4204 Nonne
866 4148 980 4202 haec
1010 4154 1093 4203 est
1144 4146 1386 4219 Babylon
1432 4162 1653 4217 magna,
1701 4164 1863 4218 quam
1899 4164 2000 4219 ego

420 4241 680 4297 :eJilicavi
716 4242 771 4296 in
795 4242 1021 4297 domum
1060 4240 1236 4311 regni,
1267 4241 1319 4294 in
1368 4242 1616 4312 potentia
1658 4240 2000 4295 fortitudinis

311 4368 337 4389 .
422 4349 575 4399 meae,
610 4334 664 4387 in
710 4335 969 4389 honorem
1017 4333 1205 4402 gloria:
1235 4332 1411 4387 meae?
1459 4351 1478 4384 ι
1533 4332 1755 4387 lntucre
1796 4333 1998 4387 mentis

423 4427 647 4489 fastum,
700 4424 914 4494 inspice
973 4423 1307 4493 arrogantia:
1358 4424 1826 4492 exsuperantiam.
1886 4421 1998 4493 Ego

2107 3246 2202 3299 καὶ
2261 3242 2590 3314 στενοχωρία
2645 3241 2737 3293 ἐπὶ
2792 3241 2971 3292 πᾶσαν
3014 3235 3189 3307 ψυχὴν
3247 3234 3533 3305 ἀνθρώπου
3589 3231 3687 3285 τοῦ

2106 3334 2579 3406 κατεργαζομένου
2620 3331 2681 3385 τὸ
2717 3331 2904 3385 κακόν.
2940 3350 2959 3381 ι
3006 3328 3191 3382 Ταῦτα
3214 3328 3322 3399 γὰρ
3362 3326 3559 3395 συνέῆη
3592 3326 3686 3377 καὶ

2105 3425 2181 3496 τῷ
2203 3423 2693 3494 Ναϐουχοδονόσορ,
2714 3422 2780 3491 τῇ
2804 3419 2898 3473 τοῦ
2917 3418 3051 3473 Θεοῦ
3080 3418 3433 3489 μακροθυμίᾳ.
3454 3417 3532 3479 είς
3562 3416 3679 3469 δέον

2105 3517 2163 3570 οὐ
2202 3515 2551 3586 χρησαμένῳ.
2583 3512 2692 3565 Καὶ
2720 3510 2910 3564 τούτου
2928 3510 2972 3543 ⁷³
2995 3509 3206 3580 μάρτυς
3238 3507 3399 3571 αὐτὸς
3420 3507 3618 3559 οὑτωσὶ
3636 3506 3683 3537 ⁸⁸

2103 3607 2281 3676 λέγων
2303 3621 2318 3636 °

2176 3792 2289 3851 κς’,
2316 3784 2417 3849 κζ’.
2469 3801 2488 3833 ι
2524 3781 2634 3835 Καὶ
2670 3779 2809 3851 μετά
2856 3777 3067 3831 δώδεκα
3121 3776 3317 3847 μῆνας,
3358 3775 3416 3826 ἐν
3448 3771 3529 3843 τῷ
3566 3771 3682 3841 ναῷ

2103 3879 2200 3950 τῆς
2255 3875 2529 3948 βασιλείας
2567 3872 2728 3927 αὑτοῦ
2760 3874 2818 3926 ὲν
2851 3869 3125 3925 Βαϐυλῶνι
3171 3865 3488 3937 περιπατῶν
3518 3861 3585 3936 ἦν
3609 3864 3678 3929 ⁸¹,

2104 3966 2201 4021 καὶ
2223 3966 2318 4020 ἐπὶ
2346 3964 2455 4019 τῶν
2479 3960 2675 4034 τειχῶν
2702 3963 2803 4031 τῆς
2856 3961 3065 4023 πόλεως
3094 3958 3231 4028 μετά
3271 3956 3451 4026 πάσης
3479 3956 3577 4025 τῆς
3597 3955 3682 4008 δό-

2103 4062 2202 4132 ξης
2235 4056 2419 4123 αὑτοῦ,
2450 4058 2544 4111 καὶ
2575 4057 2666 4109 ἐπὶ
2704 4054 2812 4108 τῶν
2841 4053 3067 4125 πύργων
3113 4051 3277 4105 αὑτοῦ
3310 4048 3676 4121 διεπορεύετο.

2102 4153 2211 4209 Καὶ
2255 4150 2529 4221 ἀπεκρίθη
2583 4151 2611 4202 ό
2658 4146 2909 4219 βασιλεὺς
2961 4145 3056 4197 καὶ
3094 4139 3279 4196 εἶπεν·
3314 4142 3428 4194 Ούκ
3480 4140 3616 4209 αὐτή
3634 4140 3679 4172 ⁸⁸

2100 4247 2215 4298 ἐστι
2250 4242 2510 4297 Βαὸυλὼν
2541 4244 2573 4312 ἠ
2625 4238 2858 4311 μεγάλη,
2905 4238 2972 4309 ἢν
3021 4234 3131 4305 ἐγὼ
3174 4233 3500 4305 ᾠκοδόμησα
3532 4232 3611 4293 εἰς
3633 4228 3681 4261 ⁸³

2101 4335 2247 4391 οἷκον
2277 4335 2575 4406 βασιλείας,
2602 4335 2662 4386 ὲν
2689 4332 2882 4403 κράτει
2904 4330 2949 4361 ⁸⁸
2972 4328 3073 4397 τῆς
3123 4326 3306 4397 ίσχύος
3339 4341 3461 4395 μου,
3494 4324 3573 4385 είς
3596 4338 3680 4373 τι·

2107 4428 2212 4499 μὴν
2241 4428 2339 4497 τῆς
2389 4423 2548 4494 δόξης
2593 4438 2730 4493 μους
2780 4439 2798 4472 ι
2847 4417 3021 4471 Βλέπε
3065 4416 3157 4468 τοῦ
3213 4414 3556 4485 φρονήματος
3587 4409 3678 4461 τὸν

420 4514 565 4568 enim
604 4515 802 4584 ipsam,
850 4514 1050 4581 inquit,
1108 4514 1315 4582 regiam
1353 4513 1542 4567 urbem
1599 4510 1723 4575 feci,
1759 4512 1909 4581 regia
1944 4512 1995 4566 in

2110 4496 2267 4587 ἀγκον
2329 4518 2492 4588 βλέπε
2527 4515 2625 4586 τὴν
2653 4515 2752 4585 τῆς
2798 4509 3116 4574 ἀλαζονείας
3165 4506 3489 4578 ὑπερϐολήν.
3537 4499 3677 4570 Ἐγὼ

424 4610 539 4673 ipsa
576 4607 877 4659 constituta
920 4604 973 4657 in
1007 4605 1270 4658 honorem
1309 4602 1496 4671 gloriae
1532 4617 1666 4658 meae
1698 4622 1711 4657 :
1756 4603 1859 4657 feci
1894 4617 1996 4656 au-

421 4707 528 4751 tem
564 4696 677 4751 haec
711 4696 955 4763 potentia
1007 4695 1244 4749 maxima
1296 4696 1582 4766 praeditus,
1633 4711 1696 4749 ac
1732 4697 1994 4751 omnibus

424 4785 650 4852 potitus.
683 4783 887 4839 Verum
934 4784 1050 4838 haec
1095 4785 1341 4856 glorians
1371 4793 1425 4841 et
1476 4784 1719 4841 fremens
1770 4786 1993 4842 locutus

423 4882 503 4928 est
528 4894 540 4927 :
571 4884 626 4929 at
653 4875 914 4931 Dominus
944 4875 1087 4931 Deus
1110 4878 1295 4931 statim
1325 4876 1666 4945 supplicium
1702 4878 1909 4933 intulit.

2105 4611 2214 4682 γὰρ
2269 4609 2474 4681 αὐτὴν,
2534 4606 2701 4677 φησὶ,
2761 4601 3045 4675 βασιλικὴν
3100 4599 3251 4653 πόλιν
3309 4595 3675 4665 ὲποιησάμηνι

2108 4699 2353 4771 βασίλεια
2406 4695 2889 4765 καταστησάμενος
2925 4695 2982 4746 ὲν
3029 4691 3190 4761 αὐτῇ,
3246 4690 3325 4752 είς
3378 4685 3543 4756 τιμὴν
3576 4683 3675 4752 τῆς

2050 4782 2065 4797 ’
2104 4790 2262 4859 δόξης
2297 4806 2399 4859 μου
2432 4804 2444 4815 ·
2480 4785 2713 4855 ἐποίησα
2743 4784 2800 4836 δὲ
2855 4782 3027 4836 ταῦτα
3051 4782 3096 4813 ⁸⁸
3143 4780 3295 4849 ἰσχὺν
3344 4775 3481 4848 ἔχων
3517 4772 3674 4844 μεγί-

2100 4898 2252 4951 στην,
2279 4881 2375 4933 καὶ
2401 4879 2623 4932 πάντων
2648 4874 3027 4948 κεκρατηκὼς.
3069 4873 3231 4928 Ἀλλά
3266 4871 3371 4943 μὴν
3390 4870 3434 4901 ⁸⁵
3465 4882 3675 4938 φρυατ-

419 4963 642 5034 τόμενος
668 4967 761 5019 καὶ
794 4965 1202 5039 βρενθυόμενος,
1224 4966 1486 5031 τοιούτοις
1520 4968 1790 5037 ἐχρήσατο
1811 4971 1922 5033 τοῖς
1936 4971 1981 5005 ⁸⁷
2018 4972 2196 5042 λόγοις
2221 4988 2235 5003 ·
2265 4973 2293 5025 ό
2320 4971 2373 5026 δὲ
2407 4969 2682 5041 Δεσπότης
2708 4968 2840 5031 Θεὸς
2895 4965 3206 5038 παραυτίκα
3270 4964 3367 5035 τὴν
3402 4959 3675 5032 τιμωρίαν

418 5055 717 5128 ιπήγαγεν.

495 5207 510 5246 ί
548 5209 705 5265 Rom.
741 5226 803 5278 ιι,
832 5215 888 5283 ι,
907 5214 968 5270 9.

1721 5363 1961 5421 VARIE
1996 5363 2292 5421 LECTION
2300 5365 2403 5420 ES.

486 5480 534 5553 ’ζ’
563 5480 671 5553 τὰς
702 5507 771 5522 -—
797 5476 1101 5553 λύτρωσαι.
1142 5476 1352 5553 Supra,
1378 5487 1426 5553 t.
1450 5478 1470 5533 1
1495 5522 1508 5553 ,
1537 5495 1605 5553 p._
1626 5480 1797 5549 1449,
1839 5491 1976 5544 erat.
2024 5481 2122 5547 τὰς
2151 5483 2379 5553 ἀνομίας
2423 5499 2517 5553 σου
2562 5481 2619 5533 ἐν
2654 5480 2836 5553 ,ἐλεημμ

1259 5549 1327 5624 8.
1385 5552 1433 5583 ⁷³
1453 5548 1853 5624 ἀδξδιιριτῃι.
1884 5553 1927 5624 Ι,
1970 5554 2005 5606 Ι.
2037 5567 2099 5624 c.
2123 5548 2263 5624 erat,
2284 5552 2576 5624 ἁμαρτίας.
2596 5621 2621 5624 Δ
2644 5552 2691 5583 ⁷⁵
2712 5548 2858 5624 βούλ.
2890 5548 3146 5624 praui.
3180 5551 3250 5603 εἰ.
3329 5548 3374 5582 ⁷⁸
3394 5551 3437 5604 Α
3462 5548 3671 5624 μακρό-

422 5545 589 5621 i_nl'ra,
616 5549 764 5606 Har.
803 5545 940 5621 ΜΣ,
978 5551 1015 5604 1.
1047 5564 1099 5621 v,
1132 5564 1182 5621 ς.

2844 5520 2857 5534 .
2913 5478 3230 5533 ἀπόλουσαι.
3271 5476 3344 5532 Ita
3382 5478 3496 5535 fere
3552 5478 3663 5545 leg.

424 5616 596 5753 θτυὲος
622 5638 672 5678 τ.
701 5616 836 5692 παρ.
880 5638 974 5675 σου
1004 5617 1208 5684 όΘεός.
1283 5621 1331 5653 ’⁸
1368 5622 1483 5676 καί.
1525 5616 1732 5679 Abesse
1765 5623 1983 5692 quidem
2026 5623 2163 5677 solet
2204 5616 2253 5676 l.
2298 5616 2349 5678 (ι’.
2404 5616 2546 5676 vers.
2591 5621 2645 5680 5.
2688 5616 2782 5675 sed
2833 5633 2862 5672 a
2902 5616 3104 5674 Nostro
3155 5634 3371 5688 semper
3423 5616 3662 5701 additur.

535 5691 669 5753 ωήν.
714 5689 756 5743 Β
791 5706 980 5753 pmm.
1027 5690 1140 5745 καί.
1207 5691 1254 5722 "
1285 5691 1365 5747 θλ.
1401 5692 1442 5743 Β
1482 5708 1669 5753 praem.
1722 5692 1835 5746 καί.
1916 5694 1962 5725 ⁷⁸
2001 5692 2285 5745 Βτούτων.
2366 5692 2413 5723 ⁸ο
2444 5691 2483 5743 Β
2520 5684 2692 5753 οὗτος.
2793 5684 3260 5753 "qv—6:31:09.
3321 5688 3443 5745 Des.
3491 5705 3546 5741 tn
3596 5688 3661 5741 Α.

535 5708 578 5742 ω

580 5691 669 5760 ἠν.
714 5689 756 5743 n

419 5754 462 5784 "
521 5758 560 5806 Β
603 5754 704 5825 οὐχ
734 5754 896 5831 αῦτη.

791 5690 980 5759 prtem.
1027 5690 1140 5745 καί.
1207 5691 1254 5722 ’⁸
1285 5691 1365 5747 θλ.
1401 5692 1442 5743 Β
1482 5708 1669 5759 prtem.
1722 5690 1835 5746 καί.

977 5763 1022 5794 ⁸³
1060 5762 1158 5823 είς.
1201 5759 1239 5814 Β
1278 5762 1371 5825 ὡς.

1916 5694 1962 5725 ⁷⁸
2001 5692 2042 5745 Β
2064 5692 2285 5745 τούτων.
2366 5692 2413 5723 ⁸⁰
2444 5691 2483 5743 Β
2520 5684 2692 5754 οὗτος.

1451 5764 1495 5794 ⁸⁸
1535 5779 1622 5832 κρ.
1667 5763 1708 5814 Λ
1744 5777 1931 5832 przem.
1959 5762 2057 5833 τῷ.

2793 5690 2838 5720 ³⁸
2866 5684 2940 5760 ἦν,
2959 5718 3031 5729 --
3054 5684 3443 5760 διεπορᾙᾷθοε.
3491 5690 3563 5760 in_
3596 5688 3661 5741 Α.

2135 5763 2178 5793 ιι
2212 5761 2250 5814 B
2282 5762 2439 5815 αὑτά.
2535 5762 2579 5792 ιθ
2604 5759 2644 5813 B
2677 5759 2852 5814 ἀλλ⁹ό
2879 5757 2997 5830 μέν.
3058 5758 3102 5791 οτ
3128 5757 3262 5823 τοῖς.
3286 5757 3411 5816 Des.
3449 5760 3503 5814 in
3533 5758 3591 5813 Β.
