4092 6452
462 440 606 514 1369

1660 446 1734 505 [N
1768 445 2124 506 DANIELIS
2147 445 2305 507 CAP.
2342 447 2441 510 IV.

3586 448 3724 515 1370

533 557 640 629 κη’.
670 576 689 609 ι
721 556 844 611 Ἔτι
871 555 1000 628 γὰρ,
1033 554 1166 627 φησὶ
1189 593 1204 619 ,
1238 553 1329 608 τοῦ
1363 552 1521 623 λόγου
1551 553 1700 623 ὄντος
1723 555 1784 608 ἐν
1812 555 1891 626 τῷ
1918 555 2031 607 στό-

2217 556 2385 614 Vens.
2429 557 2519 612 28.
2563 575 2583 611 ι
2627 556 2763 613 Cum
2797 558 2945 615 enim
2967 572 3171 622 sermo,
3198 557 3397 629 inquit,
3429 557 3611 612 adhuc
3639 574 3723 614 es-

460 665 601 717 ματι
626 647 723 701 τοῦ
739 646 785 680 ⁸⁸
820 645 1086 718 βασιλέως
1110 685 1123 711 ,
1155 644 1307 716 φωνὴ
1349 642 1445 698 ἀπ’
1479 643 1710 715 οὔροινοῦ
1746 644 1977 713 ἐγένετο.
2018 665 2036 697 ι

473 739 698 811 Ἐπειδὴ
727 739 836 810 γὰρ
864 740 944 802 είς
994 738 1085 790 τὸν
1132 736 1356 808 οὐρανὸν
1388 735 1631 790 ἀνελθεῖν
1676 736 2041 808 ὠνειροπόλη-

458 847 557 883 σεν
582 837 648 895 ⁸ο,
683 829 890 883 ἐκεῖθεν
947 829 1159 900 δέχεται
1209 829 1307 899 τὴν
1359 828 1632 898 ἀπόφασιν
1658 845 1672 860 ο
1706 831 1801 884 καὶ
1853 831 2040 901 ἐπειδὴ

455 919 564 972 οὐκ
599 919 909 988 ἀπέχρησεν
943 919 1092 989 αὐτῷ
1120 916 1186 973 τά
1218 921 1366 973 κάτω
1412 919 1677 990 βασίλεια,
1711 921 1825 974 ἀλλ’
1853 918 1968 991 ἆμα
1993 923 2040 955 ⁹⁰

458 1010 559 1063 καὶ
610 1010 718 1063 τῶν
760 1010 872 1064 ἄνω
921 1011 1163 1079 μανικῶς
1203 1011 1570 1083 ἐπεθύμησεν,
1599 1012 1806 1084 ἔρημος
1834 1012 2040 1081 γίνεται

457 1104 559 1155 καὶ
591 1103 696 1155 τῶν
731 1104 914 1156 κάτω·
952 1104 1047 1156 καὶ
1096 1104 1185 1156 τὸν
1217 1105 1445 1173 οὐρανὸν
1501 1104 1745 1174 ἁρπάσαι
1783 1103 2037 1174 θελήσας,

457 1195 559 1246 καὶ
578 1194 677 1263 τῆς
713 1195 816 1264 γῆς
847 1192 1211 1258 ἐξελαύνεται.
1261 1215 1279 1246 ι
1327 1193 1480 1265 Φωνὴ
1515 1194 1690 1251 τοίνυν
1734 1190 1896 1265 ἦλθεν
1945 1194 2041 1247 ἀπ’

457 1284 692 1354 οὐρανοῦ
719 1302 733 1315 ο
766 1286 896 1350 Σοὶ,
945 1287 1028 1338 σοὶ
1074 1285 1322 1353 λέγεται,
1372 1284 1842 1357 Ναϐουχοδονόσορ
1891 1283 2042 1354 βασι-

455 1376 575 1429 λεῦ.
610 1394 628 1428 ι
670 1376 729 1429 '0
757 1377 813 1430 δὲ
833 1379 932 1446 τῆς
953 1377 1295 1446 ἀντωνυμίας
1315 1376 1707 1447 διπλασιασμὸς
1726 1378 1822 1447 οὐχ
1855 1377 2040 1441 ἁπλῶς

455 1468 802 1537 πρόσκειται,
828 1468 942 1522 ἀλλ’
966 1471 1048 1531 εἰς
1090 1468 1310 1539 ἔλεγχον
1355 1468 1748 1540 ἐναργέστερον
1777 1471 1870 1523 τοῦ
1902 1469 2041 1541 πρὸς

451 1559 516 1613 ὃν
550 1560 721 1613 ταῦτα
757 1560 997 1628 λέγεται.
1030 1561 1203 1613 Καλεῖ
1242 1560 1299 1614 δὲ
1351 1561 1511 1613 αὐτὸν
1565 1560 1645 1614 ἔτι
1673 1560 1914 1630 βασιλέα,
1943 1563 2039 1615 καὶ

452 1652 558 1721 τὴν
592 1652 869 1723 παροῦσαν
921 1652 1001 1705 ἔτι
1056 1652 1214 1716 δόξαν
1234 1691 1249 1715 ,
1278 1652 1373 1706 καὶ
1419 1651 1518 1724 τὴν
1551 1652 1812 1725 ἐσομένην
1839 1654 1937 1708 οὐκ
1959 1655 2040 1719 είς

459 1743 686 1813 μακρὰν
720 1742 945 1814 ἀτιμίαν
973 1742 1208 1806 δεικνύς.

535 1914 555 1946 ι
612 1895 674 1947 Ἦ
720 1894 966 1965 βασιλεία
1015 1911 1108 1947 σου
1139 1894 1207 1958 υ,

456 1984 613 2055 (κδ’.)
631 1986 738 2038 Καὶ
758 1985 868 2038 ἀπὸ
890 1986 999 2039 τῶν
1023 1983 1120 2038 ἀνθ
1130 1983 1326 2055 ρώπων
1344 2000 1405 2036 σε
1425 1983 1762 2052 ἐκδιώξουσι,
1782 1987 1878 2041 καὶ
1902 1986 2040 2057 μετὰ

453 2083 662 2151 θηρίων
705 2081 914 2153 ἀγρίων
953 2083 986 2152 ἠ
1018 2081 1267 2136 κατοικία
1297 2097 1391 2134 σου
1419 2081 1515 2133 καὶ
1564 2081 1760 2153 χόρτον
1792 2082 1868 2148 ὡς
1913 2083 2040 2155 βοῦν

446 2173 732 2245 ψωμιοῦσί
776 2192 857 2236 σε,
909 2177 1003 2228 καὶ
1056 2175 1196 2229 ἐπτὰ
1256 2174 1438 2243 καιροὶ
1497 2174 1896 2246 ἀλλαγήσονται
1946 2178 2040 2231 ἐπὶ

451 2266 541 2319 σοὶ
568 2268 634 2332 η,
671 2266 774 2330 ἕως
811 2259 874 2318 οὗ
908 2267 979 2300 ’ν
1008 2265 1171 2336 γνῷς,
1205 2266 1288 2320 ὅτι
1323 2266 1567 2336 κυριεύει
1597 2269 1626 2321 ό
1649 2267 1912 2336 ’Υψιστος
1938 2270 2039 2338 τῆς

453 2355 735 2426 βασιλείας
767 2355 877 2408 τῶν
900 2354 1227 2427 ἀνθρώπων,
1256 2357 1350 2410 καὶ
1373 2349 1417 2424 ᾧ
1448 2356 1543 2408 ἐὰν
1574 2356 1723 2428 δόξῃ,
1752 2357 1913 2411 δώσει
1945 2360 2038 2412 αὑ·

450 2450 575 2518 τήν.
605 2466 623 2499 ι
656 2443 793 2502 Εἶτα
821 2448 1034 2511 δεικνὺς
1063 2446 1162 2518 τὴν
1205 2447 1303 2517 τῆς
1337 2446 1608 2518 τιμωρίας
1639 2447 1897 2519 ὀξύτητα,
1940 2451 2035 2504 καὶ

450 2540 772 2605 παραυτίκα
811 2540 892 2607 ’³,
939 2539 1075 2609 φησὶ
1102 2540 1170 2602 ’⁵,
1221 2537 1298 2610 τῷ
1339 2537 1482 2610 λόγῳ
1523 2540 1584 2592 τὸ
1626 2538 1786 2610 ἔργον
1827 2541 2033 2611 ἐπηκο-

452 2630 744 2701 λούθησεν.

522 2722 587 2778 λ’.
619 2742 638 2775 ι
674 2722 843 2794 Αὐτῇ,
863 2723 1017 2793 φησι,
1042 2725 1106 2793 τῇ
1157 2721 1277 2794 ὥρᾳ
1314 2720 1665 2793 συνετελέσθη
1692 2725 1721 2776 ὁ
1755 2723 1912 2791 λόγος
1942 2723 2032 2777 ἐπὶ

448 2813 946 2886 Ναϐουχοδονόσορ,
978 2815 1072 2868 καὶ
1103 2814 1211 2867 ἀπὸ
1232 2815 1339 2867 τῶν
1364 2813 1665 2885 ἀνθρώπων
1682 2813 1991 2886 tamen".
2005 2833 2024 2866 ι

463 2907 790 2979 Ἐξεδιώχθη
818 2908 875 2962 δὲ
903 2908 1117 2980 πρῶτον
1154 2907 1251 2978 μέν
1285 2907 1353 2961 δι’
1376 2907 1508 2960 αὐτὸ
1527 2907 1588 2960 τὸ
1612 2907 1784 2970 πάθος
1812 2924 1826 2939 ο
1864 2908 2031 2979 μανίᾳ

448 3000 559 3071 γάρ
597 2998 870 3070 παρεδόθη
912 2999 1009 3053 καὶ
1058 2998 1228 3071 λύττῃ
1280 2998 1372 3052 καὶ
1411 2998 1580 3069 μυρία
1627 2997 1694 3052 ἂν
1739 2999 2029 3069 εἰργάσατο

447 3090 621 3153 κακὰ,
669 3091 826 3162 εἴπερ
860 3084 1055 3154 ἀδείας
1096 3090 1448 3161 ἀπήλαυσενο
1489 3088 1680 3143 ἔπειτα
1722 3089 1778 3143 δὲ
1824 3091 1918 3144 καὶ
1938 3089 2027 3144 διὰ

447 3182 549 3253 τὴν
607 3180 943 3253 ἀπέχθειαν,
972 3181 1040 3253 ἣν
1101 3182 1229 3253 περὶ
1272 3181 1437 3235 αὐτὸν
1496 3182 1736 3244 ἅπαντες
1790 3180 2022 3251 ἔχοντες,

448 3275 613 3346 ἡνίκα
645 3275 741 3344 μὲν
773 3273 1001 3345 ἔρρωτο,
1033 3274 1328 3342 ἐπειρῶντο
1365 3272 1667 3334 λανθάνειν.
1695 3275 1947 3344 συμφορᾷ
1970 3274 2027 3327 δὲ

449 3366 805 3439 περιπεσόντι
833 3364 1109 3428 ἐπέθεντο,
1140 3364 1239 3435 τῆς
1267 3365 1545 3435 ὠμότητος
1580 3365 1743 3418 αὐτὸν
1775 3365 2029 3435 βδελυξά-
2066 3390 2072 3394 ·

450 3475 624 3529 μενοι.
662 3477 681 3509 ι
720 3457 832 3511 Καὶ
888 3457 1081 3526 χόρτον
1113 3456 1188 3519 ὡς
1242 3455 1387 3525 βοῦς,
1444 3455 1609 3526 φησὶν
1656 3457 1722 3519 ⁸⁸,
1756 3456 1961 3527 ἢσθιεν.
2002 3477 2020 3509 ι

452 3549 615 3603 Ἰδιον
643 3546 751 3619 γὰρ
780 3546 889 3601 τῶν
912 3546 1358 3617 παρα-παιόντων,
1383 3546 1442 3598 οὐ
1472 3546 1629 3616 μόνον
1654 3546 1715 3598 τὺ
1733 3546 1913 3614 λέγειν
1936 3549 2027 3601 καὶ

448 3642 712 3714 πράττειν
747 3639 1010 3709 ἀλόγιστά
1062 3656 1123 3692 τε
1184 3638 1280 3692 καὶ
1341 3639 1580 3700 ἄτακτα,
1635 3638 1770 3691 ἀλλὰ
1825 3640 1919 3692 καὶ
1965 3640 2027 3694 τὸ

448 3731 651 3785 ἐσθίειν
677 3730 892 3785 ἅπαντα
912 3732 980 3783 τά
1006 3731 1418 3801 προσπίπτοντα
1435 3747 1448 3760 ·
1478 3728 1636 3784 τοῦτο
1660 3730 1704 3783 δ’
1727 3731 1793 3785 ἄν
1817 3748 1900 3794 τις
1927 3730 2025 3785 ἴδοι

447 3824 543 3877 καὶ
574 3821 669 3876 νῦν
700 3821 825 3884 τοὺς
855 3821 960 3874 ὑπὸ
981 3820 1250 3891 δαιμόνων
1297 3819 1712 3889 ἐνοχλουμένους
1739 3821 2026 3885 ποιοῦντας

447 3919 543 3973 καὶ
598 3918 927 3987 πάσχοντας.
977 3915 1052 3968 Οὐ
1111 3906 1271 3984 μόνον
1302 3914 1357 3966 δέ
1387 3912 1637 3985 ὼςνβοῦς
1680 3913 1835 3984 ἦσθιε
1864 3914 1954 3968 τὸν
1978 3916 2023 3949 ³⁷

446 4008 661 4080 χόρτον,
697 4006 831 4060 ἀλλὰ
867 4026 885 4058 ι
919 4004 1030 4058 Καὶ
1062 4005 1169 4057 ἀπὸ
1205 4006 1303 4075 τῆς
1333 4002 1527 4073 δρόσου
1566 4003 1661 4056 τοῦ
1698 4003 1929 4073 οὐρανοῦ
1962 4004 2024 4057 τὸ

449 4099 609 4169 σῶμα
642 4096 805 4151 αὐτοῦ
835 4097 1032 4167 ἐδάφη.
1049 4114 1068 4147 r
1101 4094 1421 4163 Ὑπαίθριος
1445 4094 1490 4128 ³⁸
1510 4093 1616 4164 γὰρ
1638 4093 2020 4165 ταλαιπωρῶν,

449 4194 544 4246 καὶ
587 4190 781 4262 γυμνῷ
824 4189 900 4261 τῷ
930 4189 1142 4259 σώματι
1174 4187 1369 4258 κρυμῷ
1393 4204 1452 4239 τε
1498 4186 1887 4254 προσπαλαίων
1931 4188 2024 4241 καὶ

446 4282 714 4354 φλογμῷ,
753 4281 1065 4351 ἀναγκαίως
1105 4280 1297 4353 ἑτέραν
1330 4278 1547 4344 ἐδέξατο
1593 4279 1780 4349 χρόαν.
1823 4297 1842 4330 ι
1878 4279 2025 4342 Ἕως

444 4371 506 4431 οὗ
532 4376 588 4429 αί
618 4374 805 4445 τρίχες
829 4372 1014 4436 αὐτοῦ,
1043 4371 1117 4435 ὡς
1155 4371 1404 4435 λεόντων,
1437 4370 1909 4442 ἐμεγαλύνθησαν,
1930 4374 2025 4425 καὶ

444 4469 497 4522 οί
530 4466 720 4537 ὄνυχες
765 4463 929 4518 αὐτοῦ
960 4504 975 4526 ,
1021 4463 1096 4528 ὡς
1122 4462 1344 4533 ὀρνέων.
1390 4480 1409 4513 ι
1457 4463 1548 4533 Μὴ
1598 4464 2025 4535 ἀποκειρόμενος

1260 1894 1413 1965 φησι,
1462 1892 1742 1963 παρῆλθεν
1789 1892 1899 1947 ἀπὸ
1918 1892 2034 1949 σοῦ.
2070 1890 2114 1949 Β

2145 656 2227 703 set
2263 648 2319 702 in
2365 663 2460 704 ore
2499 650 2664 721 regis,
2712 665 2818 705 vox
2856 650 2925 705 de
2960 650 3105 705 caelo
3148 650 3291 705 facta
3334 657 3438 704 est.
3487 666 3507 701 ι
3541 644 3708 716 Nam,

2144 740 2270 809 quia
2303 741 2361 795 in
2390 741 2588 796 ccelum
2622 756 2682 797 se
2709 742 3007 796 ascendere
3038 740 3354 806 somniavit,
3397 741 3551 795 illine
3584 755 3715 794 sen-

2145 830 2377 884 tentiam
2429 830 2487 884 in
2535 846 2594 886 se
2646 832 2815 885 latam
2861 831 3031 886 sentit
3062 849 3075 885 :
3109 840 3163 885 et
3190 829 3321 899 quia
3357 831 3406 885 ei
3443 845 3551 884 non
3583 838 3722 884 satis

2143 917 2297 974 fuere
2349 919 2493 975 aedes
2538 921 2702 989 regiae
2755 921 2808 974 in
2865 922 3031 976 terris
3071 921 3354 984 deorsum,
3408 921 3505 976 sed
3555 921 3721 974 simul

2141 1011 2302 1065 ctiam
2328 1010 2647 1080 superiores
2670 1012 2956 1067 dementer
2983 1012 3228 1081 appetiit,
3259 1013 3326 1065 iis
3353 1026 3576 1081 quoque
3606 1015 3720 1080 pri-

2146 1110 2322 1164 vatur,
2351 1116 2490 1171 quas
2511 1103 2769 1156 deorsum
2806 1103 3086 1156 obtinebat
3124 1122 3134 1155 :
3176 1110 3231 1156 et
3268 1104 3360 1170 qui
3395 1104 3592 1156 rmlum
3631 1116 3714 1154 ra-

2143 1204 2271 1258 pere
2296 1192 2559 1255 voluerat,
2583 1202 2635 1245 et
2659 1198 2806 1245 terra
2831 1206 3047 1259 quoque
3070 1192 3380 1260 expellitur.
3417 1210 3433 1242 ι
3464 1190 3576 1244 Vox
3612 1191 3719 1244 ita-

2140 1294 2247 1348 que
2298 1280 2365 1334 dc
2408 1282 2550 1335 coelo
2595 1284 2793 1336 venit:
2848 1280 2995 1345 Tibi,
3041 1282 3136 1335 tibi
3182 1283 3384 1335 dicitur
3431 1282 3720 1337 Nabucho-

2140 1372 2382 1427 donosor
2414 1389 2531 1429 rex.
2568 1392 2587 1424 ι
2629 1373 2981 1429 Pronominis
3029 1381 3210 1428 autem
3260 1374 3561 1444 duplicatio
3606 1390 3719 1429 non

2141 1474 2345 1519 temere
2372 1468 2686 1535 apponitur,
2728 1466 2826 1521 sed
2879 1466 2948 1521 ad
2993 1467 3390 1522 evidentiorem
3444 1467 3593 1523 illius
3631 1480 3721 1522 re-

2139 1557 2584 1626 prehensionem,
2635 1558 2728 1612 cui
2771 1558 2886 1614 haec
2915 1558 3199 1613 dicuntur.
3246 1557 3424 1629 lpsam
3457 1574 3587 1614 vero
3632 1560 3725 1614 ad-

2141 1650 2249 1704 huc
2280 1665 2467 1720 regem
2505 1656 2688 1714 vocat,
2716 1657 2771 1706 et
2810 1656 3136 1721 praesentem
3167 1649 3351 1705 adhuc
3375 1650 3635 1721 gloriam,
3667 1659 3723 1705 et

2141 1740 2285 1794 haud
2350 1740 2522 1794 multo
2588 1747 2715 1810 post
2778 1740 3018 1795 futuram
3085 1738 3295 1809 1152
3358 1739 3719 1811 ignominiam

2141 1831 2461 1887 ostendens.

2219 1944 2238 1978 ι
2270 1924 2517 1996 Regnum
2544 1934 2720 1989 tuum,
2747 1923 2948 1993 inquit,
2981 1922 3202 1977 transiit
3225 1937 3255 1977 a
3279 1929 3352 1977 te.
3396 1921 3716 1995 (Vens.29.)

2141 2016 2207 2070 Et
2236 2017 2306 2071 ab
2333 2015 2651 2071 hominibus
2688 2025 2739 2070 te
2772 2014 3069 2084 expellent,
3100 2021 3154 2068 et
3180 2028 3303 2069 cum
3342 2013 3534 2069 bestiis
3560 2029 3721 2081 agre-

2139 2108 2318 2164 stibus
2369 2106 2639 2161 habitatio
2681 2114 2795 2171 tua,
2846 2111 2901 2160 et
2947 2103 3078 2160 feno
3115 2105 3275 2175 quasi
3320 2104 3512 2160 bovem
3561 2105 3717 2160 ciba-

2137 2201 2272 2255 bunt
2318 2209 2390 2266 te,
2431 2207 2485 2255 et
2518 2206 2726 2269 septem
2755 2207 3004 2268 tempora
3037 2197 3404 2251 mutabuntur
3442 2211 3609 2266 super
3641 2205 3714 2263 te,

2136 2290 2310 2345 donec
2342 2304 2665 2361 cognoscas,
2693 2288 3044 2343 Altissimum
3084 2287 3358 2343 dominari
3404 2301 3579 2358 regno
3611 2287 3714 2342 ho-

2134 2382 2365 2447 minum,
2407 2390 2461 2437 et
2502 2381 2814 2450 cuicunque
2848 2381 3028 2435 visum
3082 2378 3269 2443 fuerit,
3304 2378 3437 2435 dare
3476 2379 3634 2437 illud.
3688 2395 3710 2431 ι

2133 2472 2341 2527 Deinde
2417 2472 2720 2527 ostendens
2791 2472 3052 2542 supplicii
3115 2473 3498 2538 celeritatem,
3558 2471 3718 2541 illicp

2133 2567 2459 2633 orationem,
2494 2565 2692 2636 inquit,
2727 2580 2816 2620 res
2846 2572 3038 2620 secuta
3081 2572 3188 2620 est.

2201 2722 2370 2793 Vens.
2409 2738 2498 2794 50.
2544 2753 2565 2789 ι
2609 2735 2832 2804 Eadem,
2872 2736 3075 2807 inquit,
3123 2737 3261 2792 hora
3311 2752 3498 2793 sermo
3548 2753 3710 2793 com-

2128 2832 2309 2900 pletus
2341 2838 2428 2886 est
2471 2844 2642 2900 super
2671 2830 2690 2851 ‘
2724 2827 3346 2897 Nabuchodonosorem,
3395 2838 3450 2886 et
3496 2831 3566 2885 ab
3610 2831 3713 2885 lio-

2129 2922 2373 2977 minibus
2405 2922 2671 2991 expulsus
2712 2930 2817 2977 est.
2862 2938 2880 2971 ι
2928 2919 3203 2989 Expulsus
3244 2929 3427 2975 autem
3472 2920 3711 2990 primum

2130 3021 2216 3069 est
2249 3020 2474 3084 propter
2504 3014 2684 3083 ipsum
2723 3013 2974 3067 morbum
3003 3031 3017 3067 :
3058 3012 3247 3066 furore
3277 3011 3426 3067 enim
3467 3019 3523 3067 et
3563 3011 3715 3068 rabie

2138 3113 2430 3175 correptus
2469 3104 2686 3158 inﬁnita
2725 3103 2869 3157 mala
2912 3110 3307 3173 perpetrasset,
3345 3104 3391 3159 si
3446 3103 3612 3158 modo
3661 3103 3711 3158 ei

2137 3199 2376 3253 facultas
2403 3198 2534 3251 data
2586 3196 2781 3251 fuisset
2814 3213 2827 3250 :
2862 3194 3060 3249 deinde
3093 3209 3224 3248 vero
3247 3202 3471 3265 pr0pter
3499 3193 3709 3258 odium,

2129 3289 2273 3359 quod
2314 3287 2369 3341 in
2404 3287 2558 3340 illum
2596 3299 2789 3340 omnes
2837 3285 3129 3346 habentes,
3183 3298 3306 3338 cum
3334 3283 3565 3349 valeret,
3611 3299 3710 3338 oc-

2129 3382 2343 3435 cultare
2373 3379 2742 3443 conabantur,
2785 3391 2911 3431 cum
2945 3390 3076 3431 vero
3118 3378 3172 3431 in
3220 3376 3590 3430 calamitatem
3623 3376 3709 3429 in—

2128 3471 2379 3536 cidisset,
2420 3484 2612 3524 omnes
2667 3468 2716 3522 ei
2774 3467 3136 3530 insultabant,
3191 3466 3262 3520 ob
3314 3465 3699 3520 crudelitatem

2128 3563 2306 3634 ipsum
2350 3560 2671 3616 abominati.
2710 3578 2729 3611 ι
2770 3558 2833 3613 Et
2869 3557 3076 3623 fenum,
3126 3559 3327 3627 inquit,
3361 3566 3423 3611 ut
3454 3557 3554 3612 bos
3606 3571 3704 3611 co-

2129 3654 2314 3708 medit.
2363 3670 2383 3704 ι
2424 3650 2516 3707 Est
2565 3652 2712 3707 enim
2770 3650 3055 3720 proprium
3114 3649 3535 3720 desipientium,
3591 3661 3705 3701 non

2128 3746 2304 3800 solum
2345 3744 2530 3799 dicere
2569 3758 2634 3799 ac
2682 3743 2867 3797 facere
2902 3754 2964 3796 ea
3005 3753 3131 3811 quae
3183 3741 3397 3794 ratione
3422 3744 3477 3793 et
3514 3736 3708 3793 ordine

2128 3844 2375 3904 careant,
2426 3837 2521 3893 sed
2579 3835 2766 3890 omnia
2799 3835 2965 3890 etiam
3000 3833 3058 3888 in
3107 3845 3447 3904 quaecunque
3494 3829 3704 3885 incide—

2127 3929 2257 3994 rint,
2275 3929 2594 3983 comedere:
2618 3928 2761 3997 quod
2781 3925 2933 3981 cerni
2958 3926 3123 3980 etiam
3149 3937 3296 3978 nunc
3321 3929 3503 3992 potest
3541 3920 3599 3974 in
3632 3920 3705 3976 iis

2127 4018 2277 4088 quia
2316 4017 2660 4071 daemonibus
2688 4022 2955 4069 vexantur
2987 4032 3003 4069 :
3040 4013 3169 4067 talia
3200 4013 3345 4067 enim
3370 4018 3426 4065 et
3470 4010 3701 4074 faciunt,

2127 4118 2181 4164 ct
2213 4108 2518 4179 patiuntur.
2557 4105 2746 4175 Neque
2777 4105 2957 4160 solum
2991 4112 3051 4158 ut
3082 4104 3182 4157 bos
3217 4097 3454 4157 comedit
3492 4100 3700 4167 fenum,

2126 4209 2318 4249 verum
2352 4213 2371 4245 ι
2428 4192 2600 4247 Etiam
2647 4206 2775 4247 rore
2820 4192 2947 4246 θαιΙί
2997 4206 3200 4261 corpus
3252 4191 3376 4259 ejus
3429 4188 3696 4245 infectum

2124 4297 2230 4344 est.
2267 4306 2287 4340 ι
2325 4286 2440 4341 Sub
2470 4285 2562 4339 dio
2605 4284 2751 4339 enim
2801 4297 2971 4354 agens
3020 4284 3077 4337 in
3128 4296 3396 4347 aerumna,
3438 4280 3701 4350 nudoque

2124 4393 2358 4450 corpore
2389 4392 2513 4433 cum
2553 4377 2674 4449 gelu
2712 4384 2770 4431 et
2799 4385 2936 4431 aestu
2974 4374 3328 4441 conﬂictans,
3381 4371 3702 4429 necessario
3796 4422 3803 4429 ,

2126 4473 2292 4527 alium
2331 4470 2576 4525 colorem
2613 4469 2842 4539 accepit.
2883 4484 2902 4518 ι
2942 4465 3125 4522 Donec
3157 4466 3340 4537 capilli
3371 4465 3513 4534 ejus,
3542 4462 3698 4533 quasi

445 4560 555 4632 γάρ
582 4557 833 4628 συνήθως
855 4600 870 4623 ,
902 4555 1036 4625 μηδὲ
1092 4554 1494 4625 ἀψαιρούμενος
1527 4554 1635 4609 τῶν
1667 4555 1928 4626 ὀνύχωνθο
1957 4558 2026 4610 τὰ

2132 4561 2371 4625 leonum,
2420 4557 2604 4627 magni
2653 4556 2784 4610 facti
2835 4564 2985 4621 sunt,
3018 4563 3073 4612 et
3108 4569 3320 4625 ungues
3350 4554 3493 4622 ejus,
3540 4552 3701 4623 quasi

447 4648 714 4722 περιττὰ,
749 4646 1065 4716 ἀναγκαίως
1111 4647 1168 4699 ἐν
1210 4646 1226 4677 ⁸
1259 4646 1496 4716 τοσούτῳ
1549 4646 1725 4718 χρόνῳ
1771 4646 2024 4711 τοιαύτας

448 4739 649 4810 ἔσχηκε
678 4740 698 4770 ¹
731 4737 824 4790 καὶ
883 4735 1077 4806 τρίχας
1130 4735 1225 4787 καὶ
1277 4734 1492 4806 ὄνυχας.
1562 4734 1662 4788 Διά
1709 4735 1767 4788 δὲ
1819 4736 2024 4792 τούτων

446 4831 705 4886 ἁπάντων
754 4829 1016 4899 ἐσήμαινε
1039 4825 1100 4880 τὸ
1128 4826 1468 4897 ἀτημέλητον
1518 4827 1681 4881 αὑτὸν
1711 4827 1731 4860 ³
1756 4828 1851 4881 καὶ
1890 4831 2026 4901 ἀκη-

447 4923 771 4992 δεμόνευτον
803 4914 1002 4972 εἶναιδ.
1033 4918 1144 4988 Τῆς
1173 4918 1280 4988 γὰρ
1321 4915 1470 4981 θείας
1500 4915 1706 4988 ἔρημος
1734 4919 2025 4990 γενόμενος

450 5009 974 5087 προμηθείας,⁹οὐδέ
1001 5009 1103 5080 τῆς
1135 5007 1286 5081 παρά
1311 5006 1421 5062 τῶν
1459 5010 1675 5065 οἰκείων
1703 5011 2022 5082 ἐπιμελείας

448 5103 783 5173 ἀπήλαυσεν,
808 5102 902 5155 καὶ
934 5099 1108 5154 ταῦτα
1132 5100 1420 5169 γυναικὸς⁸
1452 5098 1638 5170 οὔσης,
1661 5101 1756 5155 καὶ
1791 5102 2018 5170 παίδων,

449 5194 547 5249 καὶ
580 5193 890 5263 συγγενῶνο
927 5191 1063 5245 ἀλλά
1116 5190 1306 5262 Θηρίου
1330 5191 1352 5223 ⁸
1377 5190 1533 5261 δίκην
1565 5192 1692 5255 τοὺς
1735 5193 2023 5264 ἀοικήτους

449 5286 656 5358 χώρους
676 5284 900 5339 διετέλει
929 5281 1284 5353 περινοστῶν,
1307 5282 1406 5353 τὴν
1441 5282 1552 5336 τῶν
1581 5283 1790 5349 ἀλόγων
1818 5285 2021 5357 τροφὴν

452 5381 517 5448 τῇ
551 5376 750 5447 γαστρὶ
769 5373 1155 5446 παραπέμπων
1178 5389 1191 5404 ο
1206 5370 1392 5443 ἐπειδὴ
1407 5372 1536 5443 γὰρ,
1560 5391 1579 5426 ι
1604 5372 1924 5444 Ἄνθρωπος
1945 5376 2022 5431 ὢν

2126 4651 2332 4705 avium.
2375 4669 2394 4702 ι
2429 4646 2550 4703 Non
2589 4649 2856 4704 detonsus
2885 4649 3032 4702 enim
3064 4648 3270 4703 usitato
3315 4660 3490 4711 more,
3521 4659 3701 4715 neque

2121 4739 2354 4797 resectis
2391 4739 2663 4808 unguium
2694 4736 3087 4801 excrementis,
3139 4733 3350 4805 1153
3381 4732 3701 4788 necessario

2120 4841 2234 4887 tam
2266 4830 2358 4885 diu
2390 4826 2734 4899 ejuscemudi
2766 4827 2961 4882 habuit
2993 4833 3047 4881 et
3098 4827 3328 4895 capillos
3367 4831 3423 4881 et
3464 4839 3700 4893 ungues.

2122 4921 2218 4978 llis
2248 4927 2434 4975 autem
2475 4918 2737 4974 omnibus
2770 4916 3143 4988 signiﬁcabat,
3164 4916 3480 4986 neglectum
3512 4915 3695 4984 ipsum

2127 5022 2182 5071 et
2211 5014 2346 5070 nulli
2373 5027 2518 5069 curae
2546 4996 2709 5065 alicui
2745 5009 2937 5065 fuisse.
2980 5007 3174 5063 Divina
3215 5006 3360 5062 enim
3397 5005 3701 5061 Providen-

2127 5104 2204 5159 tia
2233 5103 2554 5165 destitutus,
2603 5114 2671 5154 ne
2709 5099 3148 5170 propinquorum
3176 5097 3401 5166 quidem
3435 5111 3570 5152 cura
3605 5111 3701 5167 po-

2126 5196 2263 5250 titus
2300 5203 2406 5258 est,
2439 5206 2562 5247 cum
2610 5198 2796 5245 tamen
2833 5186 2939 5259 ipsi
2982 5187 3244 5244 adessent
3289 5201 3452 5254 uxor,
3482 5185 3696 5249 .libcri,

2126 5294 2180 5344 et
2223 5284 2442 5356 cognati
2480 5301 2494 5339 :
2536 5282 2632 5339 sed
2678 5282 2855 5337 instar
2901 5281 3033 5336 ferae
3068 5279 3279 5335 inculta
3325 5278 3449 5334 loca
3484 5291 3700 5347 semper

2129 5377 2487 5449 peragrabat,
2537 5374 2840 5431 bestiarum
2903 5372 3087 5429 cibum
3136 5373 3318 5428 ventri
3378 5369 3695 5440 indulgens.

1744 5504 1974 5563 VARIIE
2014 5498 2420 5567 LECTIONES.

515 5602 560 5634 ⁸⁸
581 5601 696 5654 τοῦ.
720 5600 761 5672 Β
791 5613 977 5672 praem.
1002 5594 1189 5651 αὑτοῦ.
1225 5596 1302 5672 ³⁸⁸
1326 5595 1369 5648 Β
1388 5596 1873 5672 ᾠνειροπολ-ήσατο.
1909 5602 1987 5672 _’°
2016 5603 2144 5656 ἀλλ’
2178 5602 2315 5672 ἅμα.
2341 5599 2383 5672 Β
2406 5597 2559 5672 ἀλλά.
2578 5667 2619 5672 __
2642 5597 2686 5629 ⁹¹
2711 5614 2826 5672 σουλ
2855 5595 2980 5672 Des.
3005 5594 3057 5649 in
3225 5593 3270 5624 ⁸¹
3371 5587 3458 5672 σέι
3526 5589 3590 5672 ’ξ’
3610 5584 3692 5668 οὗ.

458 5670 496 5725 Β
528 5673 590 5726 ἄν
686 5671 734 5704 ⁸³
767 5665 900 5751 παρ.
930 5667 968 5720 Β
991 5681 1178 5738 praem.
1220 5667 1323 5719 ὅτι.
1398 5666 1446 5700 ⁸*
1484 5665 1638 5738 φησί.
1668 5665 1793 5722 Des.
1815 5669 1867 5723 in
1906 5668 1966 5725 Β.
2044 5674 2090 5705 ⁸⁸
2113 5671 2155 5725 Β
2184 5665 2499 5748 ἐξιεδιώχθηἶ
2575 5667 2622 5702 ⁸⁸
2644 5684 2777 5739 φησ.
2806 5665 2863 5720 In
2897 5665 2935 5718 Β

458 5742 497 5771 ’Ἰ
530 5741 620 5771 ,λιι
663 5741 762 5771 nn,
809 5756 861 5771 ιιι
892 5739 929 5771 Ω
1023 5736 1071 5769 98
1099 5735 1140 5771 η
1162 5734 1426 5771 κάπνη-Ἀλλ».
1558 5738 1604 5771 99
1629 5755 1660 5771 ρ
1709 5738 1769 5771 λη
1818 5737 1871 5771 In
1896 5739 1933 5771 Π
1961 5748 2077 5771 ιιι-ιιι.
2120 5741 2347 5771 --Αη-ρᾹι
2377 5745 2597 5771 ηηηιΙιιι·
2712 5743 2726 5770 I
2748 5739 2804 5771 λιιι
2857 5737 2895 5771 Ω
2926 5738 2935 5771 ί

1367 5753 1445 5798 ος.
1547 5737 1604 5771 “⁹⁹
1629 5755 1679 5791 τ.
1709 5738 1786 5792 όν.
1816 5737 1871 5792 lu
1892 5739 1933 5793 Β
1960 5748 2081 5811 post
2119 5737 2350 5811 περιττά
2376 5737 2616 5808 ponitur.

1367 5824 1486 5876 γυν.
1538 5807 1579 5862 Β
1605 5823 1790 5879 prtem.
1833 5811 1942 5864 καί.
2038 5813 2058 5844 ⁸
2085 5811 2124 5865 Β
2148 5811 2370 5877 θπρῖων.

456 5742 497 5774 ’⁷
523 5741 640 5822 τόν.
663 5741 784 5838 Pes;
809 5734 862 5792 in
890 5739 955 5838 BI;
991 5734 1079 5818 "ﬁ
1099 5735 1140 5788 Β
1162 5734 1445 5838 increpo;

457 5812 569 5866 τοῦ.
665 5812 685 5843 ’⁸
728 5807 885 5865 εἶναι.
914 5809 1039 5865 Des.
1068 5807 1122 5861 in
1164 5807 1224 5861 Β.

2983 5666 3208 5734 ponitur
3239 5668 3381 5734 ante
3425 5657 3503 5734 ὡς
3526 5656 3689 5734 ⁵βοῦς.

2712 5727 2824 5792 δέν.
2857 5737 2896 5789 Β
2924 5727 3038 5788 ἐπεί.
3113 5735 3134 5765 ⁸
3166 5731 3206 5783 Β
3235 5729 3382 5799 ἔσχε.
3479 5729 3502 5759 ³
3525 5727 3570 5779 Β
3592 5727 3691 5780 αὺ-
