4092 6452
434 438 437 443 -
466 392 598 465 i371

1459 402 1942 467 THEODORETI
1973 403 2307 466 EPISCOPI
2331 403 2695 465 CYRENSIS

3560 405 3706 474 1319.

466 508 604 565 Nam
626 513 755 583 quia
780 532 797 567 ι
829 518 1000 574 Homo
1024 533 1149 574 cum
1171 528 1342 584 esset,
1362 529 1416 574 et
1445 521 1499 574 in
1526 521 1733 577 honore
1761 523 2031 581 maximo.

2140 519 2233 572 καὶ
2260 522 2317 574 ὲν
2344 522 2477 590 τιμῇ
2502 520 2578 573 ὣν
2609 518 2860 590 μεγίστῃ,
2894 518 2953 571 οὑ
2978 517 3229 587 συνῆκεν,
3263 518 3400 573 ἀλλά
3434 537 3713 591 παρασυνο

463 618 575 656 non
624 605 915 674 intellexit,
953 609 1047 663 sed
1097 620 1450 681 comparatus
1480 621 1565 669 est
1587 614 1856 683 jumentis
1903 615 2035 670 insi-

462 693 764 763 pientibus,
803 705 859 752 et
884 697 1082 756 similis
1113 701 1297 760 factus
1324 711 1410 760 est
1440 705 1552 760 illis
1598 705 1612 756 i
1642 745 1659 769 ,
1696 725 1717 759 ι
1761 714 1817 760 et
1842 707 1895 760 in
1924 706 2033 761 sibi

461 785 743 854 subjectos
768 787 946 844 ferina
975 800 1163 847 mente
1191 801 1244 848 et
1277 799 1461 851 animo
1488 796 1615 865 fuit,
1648 798 1846 853 merito
1866 799 2030 853 etiam

462 875 527 930 ad
564 876 792 934 ferinam
825 890 879 935 et
907 891 1181 952 agrestem
1204 887 1373 942 vitam
1398 888 1712 958 justissime
1735 889 2033 944 damnatus

457 974 562 1020 est.
594 966 794 1025 Verum
854 974 1096 1033 clemens
1134 977 1401 1036 Dominus
1455 980 1691 1036 remisso
1725 982 2030 1052 supplicio,

459 1067 516 1109 ut
545 1058 836 1130 benignus,
869 1065 1074 1135 quique
1105 1070 1446 1139 experientia
1492 1070 1778 1135 docuerat,
1824 1086 1884 1126 se
1910 1085 2034 1127 esse

457 1149 706 1204 omnium
741 1151 1058 1222 Dominum,
1091 1172 1293 1213 rursus
1327 1157 1509 1229 ipsum
1550 1158 1791 1225 reduxit,
1830 1174 1896 1214 ac
1925 1161 2036 1229 pri-

458 1239 668 1295 stinum
701 1243 752 1299 ei
796 1261 1024 1317 regnum
1054 1250 1355 1306 commisit.

533 1330 700 1387 Vens.
741 1335 832 1389 31.
879 1353 898 1387 ι
941 1337 1072 1393 Post
1127 1338 1286 1395 ﬁnem
1321 1340 1467 1395 enim
1529 1340 1766 1404 dierum,
1825 1340 2034 1411 inquit,

458 1435 563 1492 ego
596 1422 1106 1484 Nabuchodonosor
1151 1432 1344 1486 oculos
1380 1447 1534 1487 meos
1583 1433 1639 1487 in
1668 1433 1870 1488 cmlum
1907 1450 2037 1493 sus-

460 1513 585 1568 tuli.
630 1531 651 1566 a
693 1514 814 1571 Non
858 1516 980 1573 sine
1016 1533 1185 1575 causa
1229 1529 1409 1577 autem
1446 1522 1651 1592 adjecit
1676 1540 1794 1594 ego,
1840 1525 1937 1581 sed
1978 1535 2038 1581 ut

461 1618 654 1663 omnes
690 1607 942 1664 homines
970 1610 1235 1666 doceret:
1274 1615 1433 1682 quasi
1474 1615 1549 1669 ita
1586 1615 1755 1681 dicat,
1789 1617 1887 1672 Ille
1911 1633 2035 1689 ego,

461 1697 557 1766 qui
588 1704 739 1751 tanta
763 1698 893 1752 olim
911 1701 1223 1772 arrogantia
1248 1704 1494 1758 dixeram
1527 1723 1540 1759 :
1575 1723 1594 1756 ι
1627 1705 1731 1772 Qui
1754 1717 1837 1763 est
1865 1705 2035 1771 Deus,

460 1788 557 1857 qui
595 1796 752 1843 eruat
782 1805 880 1846 vos
909 1807 940 1847 e
967 1794 1221 1849 manibus
1257 1797 1391 1852 meis
1423 1797 1491 1850 k?
1529 1817 1548 1850 ι
1589 1799 1682 1867 qui
1725 1800 2038 1856 somniave-

2137 611 2340 681 εϐλήθη
2368 613 2480 674 τοῖς
2510 613 2729 683 κτήνεσι
2773 612 2884 672 τοῖς
2910 612 3176 681 ἀνοήτοις,
3204 612 3300 665 καὶ
3323 610 3579 683 ὡμοιώθη
3615 614 3715 666 αὑ-

2133 705 2244 766 τοῖς
2270 745 2285 765 ,
2334 721 2353 753 ι
2407 703 2499 755 καὶ
2540 701 2797 773 θηριώδει
2846 700 3042 774 γνώμῃ
3096 702 3236 756 κατά
3296 702 3404 756 τῶν
3457 703 3713 773 ὑπηκόων

2133 793 2456 864 ἐκέχρητοτ,
2478 794 2703 856 εἰκότως
2752 793 2846 846 καί
2891 794 3036 861 μάλα
3066 792 3291 857 δικαίως
3321 795 3411 846 τὸν
3460 792 3712 865 κτηνώδη

2136 885 2227 936 καὶ
2255 883 2497 952 θηριιίιδη
2536 882 2648 953 βίον
2679 883 3067 952 κατεδικάσθη.
3098 884 3239 936 Ἀλλ’
3271 887 3299 937 ὁ
3331 884 3713 955 φιλάνθρωπος

2134 975 2431 1043 Δεσπότης,
2465 975 2634 1038 λύσας
2664 974 2760 1045 τὴν
2802 976 3093 1045 τιμωρίαν,
3136 977 3212 1040 ὡς
3263 976 3487 1043 ἀγαθὸς,
3518 977 3611 1028 καὶ
3641 980 3709 1048 τῇ

2134 1066 2300 1135 πείρᾳ
2326 1064 2561 1129 διδάξας,
2592 1064 2666 1125 ὡς
2715 1064 2875 1127 αὐτός
2904 1067 3017 1118 ἐστι
3044 1066 3149 1119 τῶν
3189 1065 3445 1119 ἁπάντων
3476 1066 3703 1135 Κύριος,

2136 1157 2298 1210 πάλιν
2320 1155 2481 1208 αὑτὸν
2511 1156 2848 1226 ἐπανήγαγε,
2882 1158 2975 1210 καὶ
3003 1154 3100 1228 τὴν
3128 1156 3405 1228 βασιλείαν
3440 1155 3584 1226 αὑτῷ
3608 1156 3709 1227 τὴν

2140 1248 2408 1319 προτέραν
2449 1245 2757 1300 ἐπίστευσε.

2206 1338 2305 1391 λα’.
2351 1358 2368 1390 ι
2408 1337 2562 1392 Μετὰ
2591 1338 2700 1410 γὰρ
2737 1338 2886 1401 τέλος
2913 1378 2927 1402 ,
2962 1339 3095 1409 φησι
3111 1336 3154 1406 ⁸,
3189 1338 3296 1394 τῶν
3324 1337 3570 1410 ἡμερῶν,
3599 1337 3709 1407 ἐγὼ

2136 1430 2611 1501 Ναϐουχοδονόσορ
2640 1431 2767 1492 τοὺς
2804 1431 3118 1502 ὀφθαλμούς
3170 1449 3273 1502 μου
3304 1434 3385 1496 είς
3412 1431 3504 1485 τὸν
3548 1432 3711 1503 οὐρα-

2137 1523 2226 1577 νὸν
2273 1523 2555 1578 ἀνέλαϐον.
2602 1543 2620 1575 ι
2649 1523 2762 1593 Οὐχ
2796 1523 2983 1587 ἁπλῶς
3012 1524 3069 1577 δὲ
3094 1523 3449 1594 προστέθεικε
3478 1522 3540 1575 τὺ
3569 1521 3706 1588 ἐγὼ,

2138 1616 2273 1670 ἀλλά
2299 1616 2565 1669 διδάσκων
2583 1614 2826 1678 ἅπαντας
2847 1612 3187 1684 ἀνθρώπους,
3216 1613 3292 1676 ὼς
3325 1613 3387 1666 '0
3415 1614 3481 1683 τῇ
3512 1612 3711 1677 ἀλαζο-

2139 1708 2257 1776 νείᾳ.
2309 1706 2492 1777 ἐκείνῃ
2525 1705 2898 1775 χρησάμενος,
2938 1706 2965 1758 ὁ
2994 1702 3266 1773 είρηκώς·
3310 1722 3328 1754 ι
3367 1703 3462 1765 Τίς
3511 1703 3659 1755 ἐστιν
3683 1703 3713 1754 6

2139 1794 2288 1858 Θεὸς,
2341 1794 2398 1856 ὃς
2444 1792 2703 1859 ὲξελεῖται
2747 1794 2892 1863 ὑμᾶς
2943 1794 3007 1846 ἐκ
3053 1792 3160 1845 τῶν
3206 1791 3406 1862 χειρῶν
3443 1808 3590 1861 μους
3631 1810 3650 1844 ι
3682 1793 3712 1844 δ

460 1892 601 1945 ram,
638 1877 755 1935 fore
787 1886 851 1934 ut
876 1882 931 1936 in
960 1882 1157 1938 omium
1190 1885 1569 1953 ascenderem,
1610 1896 1666 1942 et
1695 1904 1861 1960 super
1888 1899 2032 1947 astra

2137 1883 2550 1954 ὀνειροπολήσας
2582 1883 2663 1946 είς
2692 1882 2784 1936 τὸν
2813 1883 3043 1953 οὐρανὸν
3085 1882 3373 1952 ἀναϐῆναι,
3396 1883 3496 1935 καὶ
3525 1883 3714 1937 ἐπάνω

459 1984 719 2038 ponerem
745 1972 1002 2028 thronum
1044 1990 1248 2043 meum,
1282 1978 1626 2047 experientia
1662 1979 1861 2038 doctus
1888 1982 2034 2038 didi-

459 2060 511 2115 ci
547 2061 682 2131 quid
732 2061 948 2132 deceat,
990 2080 1113 2122 meo
1170 2070 1187 2090 ‘
1243 2069 1523 2138 supplicio
1575 2085 1769 2141 sapere
1829 2071 2033 2135 didici.

458 2166 637 2207 meam
669 2154 990 2211 servitutem
1015 2157 1233 2225 agnovi.
1266 2158 1478 2214 Idcirco
1510 2163 1680 2216 etiam
1719 2163 1775 2216 in
1819 2162 2034 2235 1155

457 2241 659 2296 caelum
683 2245 875 2298 oculos
906 2260 1056 2301 meos
1089 2248 1330 2314 sustuli;
1381 2247 1530 2319 quod
1566 2252 1732 2306 simul
1768 2266 1836 2307 ac
1872 2252 1978 2309 feci
2014 2275 2027 2309 :

464 2349 483 2381 ι
527 2331 597 2384 Ει
628 2347 781 2389 mens
813 2348 932 2389 mea
974 2335 1042 2390 ad
1088 2352 1172 2392 me
1217 2353 1444 2395 reversa
1491 2350 1599 2395 est.
1650 2360 1668 2392 ι
1706 2340 1765 2395 ld
1811 2350 1918 2411 est,
1962 2344 2033 2398 ab

456 2422 671 2478 insania
704 2424 969 2482 liberatus
1005 2425 1080 2481 lui
1103 2466 1119 2492 ,
1153 2430 1454 2500 statimque
1495 2433 1710 2489 ratione
1750 2436 2030 2499 convalui,

454 2527 510 2571 et
541 2525 777 2573 mentem
813 2520 1013 2589 recepi.
1052 2539 1072 2572 ι
1111 2519 1176 2575 Ει
1207 2522 1495 2580 Altissimo
1533 2525 1811 2590 benedixi,
1855 2536 1910 2582 et
1941 2528 2024 2582 vi-

455 2617 673 2664 ventem
708 2609 764 2663 in
811 2611 1011 2666 saecula
1052 2611 1289 2676 laudavi,
1326 2615 1457 2684 quia
1488 2624 1733 2685 potestas
1768 2618 1891 2686 ejus
1924 2633 2025 2689 po-

455 2709 624 2756 testas
667 2710 890 2768 azterna,
924 2711 978 2759 et
1009 2717 1237 2772 regnum
1273 2704 1396 2772 ejus
1432 2706 1488 2760 in
1533 2706 1941 2776 generationem
1973 2714 2028 2763 et

452 2793 879 2862 generationem.
916 2814 935 2848 ι
968 2794 1104 2851 Cum
1144 2798 1293 2852 enim
1339 2799 1680 2868 experientia
1740 2798 2022 2866 didicerit,

455 2884 588 2953 quid
617 2885 799 2953 homo,
832 2887 965 2957 quid
999 2886 1163 2952 Deus,
1209 2888 1359 2946 hunc
1402 2890 1627 2960 quidem
1672 2891 2022 2947 Altissimum

452 2984 510 3030 et
547 2976 817 3033 viventem
840 2978 1100 3048 appellat,
1130 2987 1184 3034 et
1208 2994 1390 3049 regem
1418 2981 1815 3051 sempiternum
1842 2988 2020 3046 vocat,

455 3077 614 3118 suam
644 3079 775 3120 vero
805 3066 1126 3122 tenuitatem
1156 3069 1427 3139 agnoscit.
1450 3069 1672 3137 Quare:

536 3243 698 3301 Vens.
740 3243 830 3298 52.
878 3264 896 3298 ι
955 3244 1022 3301 Ει
1071 3261 1285 3316 omnes,
1340 3250 1541 3321 inquit,
1604 3251 1918 3309 habitantes
1975 3253 2033 3308 in

459 3344 605 3391 terra
636 3351 735 3405 pro
798 3337 976 3394 nihilo
1026 3342 1260 3411 reputati
1296 3352 1449 3398 sunt.
1502 3362 1523 3396 ι
1559 3342 1695 3400 Nam
1759 3361 1934 3415 usque
1964 3347 2036 3401 ad

461 3442 703 3497 praesens
720 3437 938 3500 tempus
964 3431 1408 3491 existimaveram
1440 3436 1707 3508 meipsum
1732 3439 2033 3492 maximum

459 3526 515 3573 et
559 3520 890 3577 altissimum
923 3538 1047 3579 esse
1078 3542 1094 3581 :
1139 3541 1290 3581 nunc
1336 3534 1518 3582 autem
1556 3536 1743 3598 aperte
1773 3529 2034 3600 cognovi,

460 3625 681 3667 omnem
737 3613 1021 3670 hominum
1063 3624 1345 3681 naturam,
1393 3619 1441 3674 si
1502 3619 1612 3675 Deo
1659 3629 2033 3691 comparetur,

463 3701 601 3757 nihil
639 3718 783 3760 esse.
815 3705 1063 3776 Cumque
1106 3708 1448 3776 quaesivisset
1479 3711 1767 3767 tenuitatis
1810 3727 2031 3779 nomen,

464 3806 529 3845 ac
566 3792 775 3847 nullum
808 3795 1028 3866 dignum
1080 3798 1404 3865 invenisset,
1459 3801 1592 3856 illud
1643 3802 1779 3857 nihil
1829 3804 2035 3874 posuit,

465 3881 609 3949 quod
650 3882 875 3939 lubricae
906 3894 963 3941 et
989 3884 1148 3943 ﬂuxa;
1193 3897 1407 3945 natura:
1454 3889 1704 3947 idoneam
1737 3892 1904 3949 habet
1942 3895 2039 3949 de-

463 3969 837 4027 clarationem.
874 3972 943 4027 Et
985 3973 1151 4039 Deum
1207 3977 1454 4048 quidem,
1490 3987 1545 4035 et
1572 3980 1937 4043 Altissimum,
1981 3989 2037 4039 et

462 4060 769 4127 Dominum,
804 4071 861 4120 et
894 4066 1170 4134 viventem,
1191 4078 1245 4124 et
1271 4085 1441 4141 regem
1466 4074 1842 4143 sempiternum
1872 4089 2038 4130 voca-

462 4153 543 4207 vit
587 4171 600 4209 :
652 4169 846 4212 omnes
902 4174 1037 4215 vero
1081 4160 1332 4219 homines
1388 4163 1521 4218 nihil
1587 4166 1898 4236 appellavit.
1958 4165 2036 4221 ita

462 4242 627 4298 etiam
655 4244 849 4302 beatus
879 4247 1054 4304 Isaias
1077 4249 1323 4306 divinam
1357 4253 1669 4309 simulacris
1709 4270 2038 4326 comparans

464 4344 739 4402 naturam,
797 4339 1097 4396 humanum
1151 4358 1325 4412 genus
1363 4344 1419 4400 in
1480 4343 1726 4401 medium
1784 4347 2033 4415 protulit.

2134 1976 2246 2029 τῶν
2279 1976 2553 2044 ἀστέρων⁹
2572 1974 2744 2028 θεῖναι
2773 1975 2865 2035 τὸν
2896 1976 3087 2045 θρόνον
3123 1993 3226 2046 μου
3242 1976 3308 2040 ¹⁰,
3334 1974 3617 2045 ἐδιδάχθην
3641 1977 3707 2045 τῇ

2134 2066 2304 2137 πείρα
2329 2066 2391 2119 τὸ
2413 2065 2550 2127 δέον,
2575 2064 2776 2136 ἔμαθον
2798 2065 2886 2119 διὰ
2909 2066 3008 2136 τῆς
3031 2066 3302 2135 τιμωρίας
3322 2065 3365 2097 ¹¹
3390 2068 3708 2135 σωφρονεῖν,

2132 2155 2231 2226 τὴν
2283 2153 2523 2225 ἐμαυτοῦ
2565 2155 2807 2209 δουλείαν
2846 2156 3115 2223 ἐπέγνων.
3165 2157 3257 2209 Διὸ
3309 2157 3405 2209 καλ⁸
3450 2155 3712 2209 ἀνέλαϐον

2132 2249 2257 2310 τοὺς
2284 2245 2597 2317 ὀφθαλμούς
2642 2264 2747 2316 μου
2798 2249 2880 2310 είς
2934 2247 3025 2300 τὸν
3068 2247 3320 2318 οὖρανδν,
3367 2246 3463 2301 καὶ
3489 2247 3604 2316 ἃμα
3649 2262 3711 2300 τε

2129 2337 2290 2391 τοῦτο
2345 2337 2611 2405 ἐποίησα,
2654 2355 2672 2388 ι
2724 2338 2833 2391 Καὶ
2864 2340 2918 2392 αἱ
2956 2338 3153 2411 φρένες
3209 2355 3311 2409 μου
3361 2339 3712 2410 ἐπεστράφη-

2135 2444 2237 2481 σαν
2265 2428 2327 2478 ³³.
2378 2444 2399 2477 ι
2464 2426 2610 2479 Ἀντὶ
2659 2425 2776 2491 τοῦ,
2811 2427 2921 2495 Τῆς
2956 2426 3382 2498 παραφροσύνης
3428 2427 3711 2497 ἐλεύθερος

2131 2517 2421 2589 ἐγενόμην,
2448 2516 2543 2571 καὶ
2592 2517 2685 2570 τὸν
2715 2517 2973 2587 λογισμὸν
3017 2517 3303 2590 ὲρῤώσθην
3346 2535 3360 2548 ·
3393 2518 3707 2589 παραυτίκα

2131 2608 2189 2661 δὲ
2225 2607 2355 2677 ὑγιῆ
2407 2606 2499 2660 τὸν
2532 2606 2657 2659 νοῦν
2705 2606 2999 2659 ἀπέλαϐον.
3036 2627 3055 2657 ι
3114 2608 3222 2661 Καὶ
3276 2607 3353 2677 τῷ
3408 2607 3710 2679 ’Υψίστῳη

2133 2697 2425 2767 εὑλόγησα,
2443 2697 2536 2750 καὶ
2560 2696 2651 2750 τὸν
2678 2694 2856 2760 ζῶντα
2880 2696 2921 2727 ⁸⁸
2952 2699 3031 2759 είς
3062 2698 3187 2762 τοὺς
3230 2698 3433 2760 αἰῶνας
3452 2698 3622 2768 ᾔνεσα
3639 2700 3705 2761 ⁸⁸,

2132 2788 2213 2842 ὅτι
2242 2791 2274 2858 ή
2300 2788 2518 2853 ἐξουσία
2551 2787 2715 2841 αὑτοῦ
2746 2787 2968 2853 ἐξουσία
3000 2788 3235 2853 αἰώνιος,
3268 2791 3361 2845 καὶ
3392 2794 3426 2863 ἡ
3463 2790 3707 2863 βασιλεία

2132 2878 2296 2932 αὑτοῦ
2331 2880 2410 2942 είς
2440 2878 2631 2947 γενεὰν
2659 2880 2753 2933 καὶ
2772 2879 2986 2947 γενεάν.
3001 2898 3019 2931 ι
3037 2880 3204 2944 Γνοὺς
3225 2880 3335 2953 γὰρ
3355 2885 3423 2954 τῇ
3443 2882 3626 2953 πείρᾳ,
3653 2881 3709 2934 τί

2133 2969 2230 3040 μὲν
2244 2956 2548 3040 ἄνθρωπος,
2567 2970 2619 3021 τί
2643 2968 2699 3022 δὲ
2720 2968 2872 3034 Θεὸς,
2895 2969 2986 3023 τὸν
3012 2970 3113 3040 μὲν
3134 2970 3396 3040 Ἶ⁹ψιστον
3422 2972 3514 3025 καὶ
3531 2970 3710 3033 ζῶντα

2132 3058 2552 3130 προσαγορεύει,
2587 3059 2683 3113 καὶ
2717 3059 2939 3130 βασιλέα
2981 3057 3196 3115 αἰώνιον
3218 3062 3486 3117 ἀποκαλεῖ
3518 3062 3580 3126 ⁸⁸,
3610 3060 3712 3130 τὴν

2055 3146 2098 3204 C
2130 3154 2188 3208 δὲ
2229 3151 2431 3206 οἰκείαν
2464 3151 2739 3206 εὐτέλειαν
2773 3151 3145 3219 ἐπιγινώσκει.
3186 3154 3279 3208 Διὸ
3309 3171 3443 3224 φησι
3472 3172 3488 3190 ·

2205 3246 2303 3317 λβν.
2333 3264 2352 3296 ι
2372 3247 2483 3299 Καὶ
2504 3245 2703 3307 πάντες
2721 3246 2769 3297 οί
2793 3242 3173 3309 κατοικοῦντες
3195 3246 3294 3315 τὴν
3322 3247 3428 3318 γῆν
3457 3248 3537 3311 είς
3558 3248 3712 3302 οὐδὲν

2134 3338 2514 3409 ἐλογίσθησαν.
2557 3355 2575 3388 ι
2605 3336 2784 3407 Μέχρι
2817 3336 2915 3405 μὲν
2958 3334 3067 3408 γὰρ
3109 3335 3205 3390 τοῦ
3259 3337 3524 3408 παρόντος
3553 3337 3712 3423 ᾤμην

2136 3425 2277 3482 εἶναι
2305 3427 2545 3497 ἐμαυτὸν
2594 3426 2850 3496 μέγιστόν
2882 3443 2942 3479 τε
2997 3425 3090 3480 καὶ⁵
3139 3426 3493 3497 ὑψηλότατον,
3528 3428 3622 3483 νῦν
3652 3429 3712 3482 δὲ

2136 3521 2307 3591 ἔγνων
2342 3519 2547 3589 σαφῶς,
2569 3519 2645 3582 ὡς
2675 3521 2824 3572 πᾶσα
2857 3517 2965 3571 τῶν
2995 3517 3296 3590 ἀνθρώπων
3336 3520 3368 3589 ἡ
3398 3518 3560 3590 φύσις
3590 3518 3712 3589 Θεῷ

2105 3611 2594 3684 “παραϐαλλομένη
2638 3609 2789 3664 οὐδέν
2824 3610 2961 3664 ἔστι.
2996 3611 3104 3663 Καὶ
3149 3609 3390 3681 ζητήσας
3438 3611 3713 3675 εὐτελείας

2137 3700 2529 3774 προσηγορίαν,
2546 3700 2638 3754 καὶ
2664 3700 2739 3769 μὴ
2764 3698 2941 3771 εὑρὼν
2968 3700 3145 3766 ἀξίαν.
3165 3699 3225 3756 τὸ
3244 3700 3426 3755 οὐδὲν
3447 3700 3710 3764 τέθεικεν,

2137 3792 2375 3863 ἔμφασιν
2408 3790 2530 3862 ἔχον
2590 3790 2780 3861 ἱκανὴν
2812 3789 2906 3843 τοῦ
2940 3789 3209 3861 σφαλεροῦ
3257 3791 3352 3844 καὶ
3401 3790 3712 3844 εὑδιαλὺτου

2135 3883 2236 3953 τῆς
2284 3880 2519 3951 φύσεως.
2555 3881 2662 3933 Καὶ
2700 3878 2790 3934 τὸν
2827 3879 2927 3950 μὲν
2982 3879 3115 3934 Θεὸν
3143 3881 3236 3934 καὶ.
3260 3881 3586 3948 ’Υψιστον,
3616 3883 3714 3934 καὶ

2136 3975 2493 4040 Δεσπότην,
2550 3972 2647 4025 καὶ
2701 3969 2886 4030 ζῶντα
2917 3970 2960 4001 ⁸⁷
3014 3971 3108 4024 καὶ
3159 3970 3427 4036 ,ϐασιλέα
3472 3971 3716 4025 αἰώνιον

2138 4063 2500 4128 ἀπεκάλεσεν,
2534 4062 2780 4125 ἅπαντας
2825 4060 2880 4114 δὲ
2934 4050 3255 4132 ἀνθρώπους
3301 4060 3483 4116 οὐδὲν
3542 4078 3714 4133 προσ-

2139 4156 2458 4229 ηγόρευσεν.
2514 4152 2671 4208 Οὕτω
2701 4153 2758 4207 δὲ
2800 4154 2895 4207 καὶ
2925 4154 2953 4205 ὁ
2999 4154 3269 4225 μακάριος
3328 4153 3555 4216 Ἡσαΐας
3602 4155 3714 4216 τοῖς

2138 4247 2377 4310 εἰδώλοις
2426 4245 2525 4318 τὴν
2555 4245 2705 4299 θείαν
2754 4244 3122 4314 παραϐάλλων
3167 4244 3350 4314 φύσιν,
3380 4244 3438 4297 τὸ
3467 4245 3575 4299 τῶν
3618 4245 3715 4297 ἀν-

2141 4338 2373 4409 θρώπων
2406 4340 2486 4398 είς
2516 4336 2681 4405 μέσον
2704 4335 2994 4405 παρήγαγε
3017 4336 3193 4403 γένος.
3237 4355 3254 4387 ι
3302 4335 3363 4387 Εἰ
3393 4336 3503 4405 γὰρ
3536 4334 3715 4387 πάντα

468 4445 488 4476 ι
538 4427 594 4482 Si
626 4428 778 4482 enim
806 4444 997 4486 omnes
1037 4440 1251 4501 gentes,
1286 4434 1486 4504 inquit,
1528 4434 1674 4491 sicut
1712 4437 1862 4491 stilla
1908 4451 1940 4490 a
1968 4436 2032 4492 si-

2140 4430 2208 4483 τὰ
2234 4428 2383 4498 ἔθνη,
2415 4426 2578 4497 φησὶν
2601 4465 2614 4489 ,
2644 4427 2719 4488 ώς
2743 4424 2957 4493 σταγὼν
2980 4425 3087 4478 ἀπὸ
3115 4425 3278 4478 κάδου
3298 4464 3311 4488 ,
3347 4427 3439 4478 καὶ
3467 4425 3539 4488 ὡς
3574 4425 3715 4496 ῥοπὴ

466 4519 598 4579 Iula.
624 4526 679 4574 et
707 4520 849 4577 sicut
888 4531 1308 4578 monumentum
1351 4534 1566 4581 staterae
1591 4534 1855 4596 reputatae
1885 4536 2032 4593 sunt,

2146 4521 2310 4588 ζυγοῦ
2358 4518 2735 4589 ἐλογίσθησαν,
2759 4518 2854 4571 καὶ
2890 4517 2964 4580 ὼς
3012 4517 3187 4581 σίελος
3219 4517 3626 4589 λογισθὴσονται
3650 4535 3663 4548 ·
3686 4521 3717 4571 ὁ

465 4622 518 4664 et
548 4611 706 4680 quasi
744 4613 920 4668 saliva
958 4615 1400 4683 reputabuntur;
1431 4616 1679 4673 Libanus
1718 4624 2032 4690 autemnon

2144 4612 2201 4667 δὲ
2225 4611 2457 4675 Λίϐανος
2491 4611 2589 4680 οὑχ
2626 4609 2806 4672 ἱκανὸς
2830 4609 2910 4672 είς
2936 4607 3152 4672 καῦσιν,
3191 4610 3284 4661 καὶ
3314 4610 3491 4663 πάντα
3530 4608 3599 4663 τὰ
3627 4625 3717 4662 τε-

469 4701 699 4757 idoneus
730 4703 797 4757 ad
845 4704 1300 4770 comburendum,
1334 4716 1390 4762 et
1435 4708 1620 4762 omnia
1662 4707 2032 4777 quadrupch

2144 4704 2388 4776 τράποδα
2406 4704 2504 4773 οὑχ
2536 4701 2696 4757 ίκανᾶι
2738 4704 2817 4767 εἰς
2864 4702 3258 4772 ὁλοκάρπωσιν,
3296 4704 3390 4756 καὶ
3435 4703 3611 4757 πάντα
3646 4703 3718 4757 τὰ

468 4804 577 4844 non
627 4788 904 4846 sufﬁciunt
954 4792 1023 4848 ad
1062 4793 1471 4859 holocaustum,
1523 4804 1580 4851 et
1609 4810 1805 4850 omnes
1855 4803 2032 4865 gente:

2149 4795 2275 4867 ἔθνη
2300 4796 2379 4856 είς
2405 4795 2557 4847 οὐδέν
2592 4795 2719 4856 εἱσι,
2749 4793 2841 4846 καὶ
2865 4794 2946 4857 είς
2975 4791 3127 4846 οὐδὲν
3156 4792 3509 4862 ἐλογίσθησαν
3536 4793 3715 4864 αὐτῷ·

466 4883 623 4951 quasi
652 4882 888 4939 nihilum
937 4896 1089 4949 sunt,
1140 4896 1197 4942 ct
1240 4902 1340 4956 pro
1380 4888 1557 4942 nihilo
1601 4895 1867 4957 reputatae
1917 4896 2032 4942 sunl

2147 4883 2251 4937 τίνι
2277 4879 2571 4952 ὁμοιώσετε
2592 4881 2636 4912 ¹⁸
2661 4880 2898 4952 Κύριον;
2926 4881 3021 4936 καὶ
3051 4882 3157 4935 τίνι
3186 4882 3490 4953 ὁμοιώματι
3522 4883 3719 4954 ὁμοιώ-

468 4973 614 5042 apud
650 4988 799 5039 eum,
834 4976 923 5031 cui
956 4978 1339 5034 assimilabitis
1374 4976 1588 5049 1155
1627 4978 1957 5034 Dominum?
1988 4986 2032 5035 el

2151 4991 2272 5028 σετε
2297 4971 2492 5049 adadv;
2525 4990 2544 5023 ›
2580 4972 2863 5042 Τοσαύτην
2891 4972 3158 5044 ὠφέλειαν
3189 4976 3217 5027 ὁ
3246 4975 3719 5048 Ναϐουχοδονόσορ

470 5063 559 5118 cui
587 5064 812 5133 imagini
838 5067 1216 5124 assimilabitis
1243 5084 1367 5124 eum
1406 5065 1427 5107 ι
1450 5069 1475 5124 i
1499 5087 1520 5121 ι
1557 5068 1796 5124 Tantum
1827 5070 2032 5126 utilita-

2147 5067 2213 5120 ἐκ
2234 5064 2343 5120 τῶν
2376 5063 2670 5136 συμφορῶν
2694 5064 2936 5129 ἐδέξατο,
2953 5065 3034 5119 ὄτι
3058 5066 3409 5137 προφητικῶς
3432 5068 3561 5139 περὶ
3583 5067 3717 5123 Θεοῦ

470 5150 542 5208 tis
564 5165 631 5208 ex
660 5152 1072 5212 calamitatibus
1108 5156 1358 5227 percepit
1396 5155 1932 5226 Nabuchodonosor,
1981 5166 2032 5213 ul

2148 5158 2244 5212 καὶ
2279 5157 2465 5227 φρονεῖ
2497 5156 2589 5211 καὶ
2638 5154 2932 5225 φθέγγεται
2969 5171 2984 5188 ⁸
3019 5157 3114 5211 καὶ
3153 5153 3229 5221 ὡς
3280 5156 3345 5210 ἐκ
3398 5157 3719 5230 συμφωνίας

546 5311 724 5371 )Psal.
758 5328 950 5382 xum,
978 5312 1062 5369 15.
1140 5312 1168 5353 ιι
1208 5310 1277 5367 iV
1305 5311 1438 5387 Reg.
1476 5315 1743 5380 xvm,35.
1823 5314 1844 5356 ι
1874 5313 1978 5372 lsa.
2015 5330 2100 5379 ιι,
2133 5314 2320 5371 15-18.

1770 5472 2005 5530 VARIE
2050 5474 2458 5535 LECTIONES.

572 5636 595 5669 ⁷
619 5635 663 5691 Β
684 5636 974 5725 ἐχρήσατο·
1009 5636 1145 5725 ..Ἢ
1168 5640 1408 5725 imm?
1444 5640 1621 5725 Τέλοέ·
1657 5634 1787 5725 ,ᾇβ
1814 5626 2055 5725 ἄστρωῖι
2095 5638 2172 5725 .¹⁰
2196 5655 2328 5725 1‘2”.-
2363 5635 2491 5725 υεεο
2516 5637 2569 5725 ξὶ¹
2594 5636 2664 5725 Ρο
2722 5640 2785 5725 .¹¹
2815 5657 2930 5725 Ἑείξε
2969 5638 3010 5693 Β
3031 5639 3247 5725 ῖτεὲεσεξ·
3342 5637 3386 5672 ¹’
3418 5639 3717 5725 ἔπεῗτίθξέλ

477 5720 666 5779 praem.
693 5707 779 5759 ἐπ’
807 5707 929 5779 ἐμέ.
1008 5707 1170 5779 ξξΕά.
1194 5710 1345 5779 prior
1373 5707 1939 5779 Μιλτὺνῗζψιστονὶ
2017 5709 2060 5740 ⁸⁵
2080 5708 2126 5762 Δ
2154 5707 2232 5777 τῷ
2255 5708 2436 5779 ζῶντι.
2516 5708 2559 5779 ‘_'
2592 5708 2682 5777 ῇν.
2709 5709 2751 5764 A
2785 5707 2955 5776 addit,
2980 5712 3072 5765 καὶ
3109 5707 3367 5776 ἔδόξασαδ
3437 5711 3451 5741 ¹
3501 5708 3545 5763 Δ
3577 5707 3716 5761 ἀπεο

481 5775 745 5830 καλεῖται.
812 5775 865 5849 θη
905 5793 960 5831 κ.
1000 5775 1208 5842 ζῶντα.
1237 5779 1356 5836 Des.
1395 5780 1449 5835 in
1491 5778 1551 5833 Β.
1630 5777 1673 5811 ⁸⁸
1705 5775 1743 5831 Β
1773 5776 1828 5830 h.
1859 5777 1894 5831 Ι.
1923 5785 1976 5832 et
2005 5786 2129 5849 post
2158 5775 2355 5850 pauca,
2376 5775 2714 5847 ὼμοιώσᾶτε.
