4092 6452
432 420 569 488 1373

1646 420 1723 479 ΙΝ
1756 420 2110 480 DANIELIS
2147 422 2305 484 CAP.
2331 425 2429 484 IV.

3557 424 3690 490 137‘

427 534 575 597 τινὸς
605 532 715 588 ἀπὸ
756 533 859 605 τῆς
879 531 1110 598 κτίσεως
1130 535 1311 589 πᾶσαν
1342 532 1442 605 τὴν
1475 532 1746 604 ὑμνῳδίαν
1770 532 2004 603 ὑφαίνει.

2114 534 2287 593 instar
2318 538 2600 609 propheta:
2630 538 2700 593 de
2742 538 2849 594 Deo
2897 546 2952 591 et
2985 538 3190 594 sentiat
3217 549 3283 596 et~
3313 541 3589 612 loquatur.
3623 543 3688 595 Et

434 642 454 677 ι
508 625 737 689 Πάντες,
769 624 956 697 φησὶν,
980 626 1029 679 οἱ
1068 622 1448 688 κατοικοῦντες
1484 623 1582 695 τὴν
1608 625 1709 694 γῆν
1750 624 1825 686 ὼς
1861 623 2012 676 οὐδὲν

427 714 815 785 ἐλογίσθησαν,
853 715 949 768 καὶ
969 713 1113 767 κατά
1140 715 1201 769 τὸ
1236 715 1448 785 θέλημα
1481 714 1646 769 αὑτοῦ
1678 716 1824 767 ποιεῖ
1854 715 1913 767 ἐν
1944 716 2010 785 τῇ

426 805 660 876 δυνάμει
685 805 779 858 τοῦ
816 806 1046 877 οὑρανοῦ
1064 845 1078 870 ,
1105 807 1197 860 καὶ
1233 807 1291 860 ἐν
1323 809 1389 878 τῇ
1416 805 1667 877 κατοικία
1696 809 1796 877 τῆς
1820 805 1945 876 γῆς.
1987 826 2006 857 ι

428 897 543 949 Καὶ
589 894 726 967 αὕτη
753 895 810 949 δὲ
857 896 1047 966 ἐτέρου
1097 898 1378 967 προφήτου
1419 896 1761 950 διδασκαλία.
1806 898 1864 950 '0
1901 897 2013 967 γὰρ

435 986 709 1058 μακάριος
755 986 920 1040 Δαϐὶδ
967 987 1115 1056 λέγει
1144 990 1223 1021 ¹⁹ο
1265 1009 1283 1040 ι
1314 990 1500 1043 Πάντα
1532 990 1632 1043 ὅσα
1676 989 1941 1060 ἠθέλησεν
1984 992 2013 1043 ὁ

430 1076 677 1147 Κύριος,
710 1078 965 1147 ἐποίησεν
1012 1080 1070 1133 ἐν
1119 1080 1197 1150 τῷ
1249 1081 1464 1153 οὐρανῷ
1515 1083 1609 1136 καὶ
1655 1085 1714 1136 ἐν
1744 1086 1809 1155 τῇ
1859 1087 1950 1155 γῇ.
1986 1104 2006 1137 ι

432 1164 606 1218 Τοῦτο
635 1166 729 1219 καὶ
764 1160 918 1228 οὗτος
952 1167 1231 1237 κηρύττει.
1274 1189 1292 1220 ι
1330 1172 1398 1222 Ἀ
1432 1172 1539 1242 γὰρ
1568 1171 1612 1202 ²⁰
1642 1170 1808 1237 θέλει,
1855 1175 2009 1242 φησὶ,

430 1255 528 1310 καὶ
555 1257 613 1309 ἐν
644 1259 708 1327 τῇ
747 1255 973 1327 δυνάμει
998 1259 1093 1313 τοῦ
1133 1261 1383 1331 ούρανοῦ,
1414 1263 1506 1314 καὶ
1558 1264 1615 1314 ἐν
1653 1265 1718 1334 τῇ
1757 1262 2012 1334 κατοικία

430 1349 533 1418 τῆς
576 1349 699 1418 γῆς,
734 1367 752 1400 ι
784 1350 1113 1418 πρυτανεύει
1167 1353 1263 1406 καὶ
1312 1352 1587 1418 δεσπόζει,
1615 1354 1679 1406 οὑ
1722 1356 1880 1424 μόνον
1916 1355 2014 1425 τῆς

429 1438 559 1508 γῆς,
604 1437 741 1492 ἀλλὰ
791 1438 855 1511 δὴ
901 1442 997 1494 καὶ
1031 1441 1212 1495 αὑτῶν
1259 1443 1366 1497 τῶν
1421 1445 1689 1516 οὐρανῶν.
1738 1442 1870 1499 Εἶτα
1916 1446 2013 1499 καὶ

429 1527 646 1599 ἄμαχον
692 1529 964 1594 δεικνὺς⁹¹
1000 1532 1101 1602 τῆς
1150 1533 1434 1604 δυνάμεως
1472 1553 1485 1567 ·
1519 1555 1538 1587 ι
1571 1537 1680 1589 Καὶ
1735 1538 1834 1590 οὑκ
1873 1535 2009 1602 ἐστι,

434 1620 639 1690 φησὶν,
682 1620 741 1682 ὃς
787 1623 1168 1694 ἀντιστήσεται
1213 1628 1279 1697 τῇ
1319 1628 1462 1699 χειρὶ
1507 1628 1705 1691 αὑτοῦ,
1757 1629 1851 1683 κα)⁸
1898 1631 2016 1700 ἐρεῖ

431 1710 585 1781 αὑτῷ
602 1729 616 1743 ·
636 1713 703 1766 Τί
726 1712 885 1768 τοῦτο
897 1717 941 1747 ²¹
967 1716 1230 1787 ἐποίησας
1257 1736 1272 1785 ;
1308 1738 1326 1770 ι
1359 1720 1597 1792 Ἀνάγκη
1630 1721 1737 1790 γὰρ
1764 1721 2012 1792 στέργειν

430 1802 503 1855 τὰ
524 1803 615 1857 ὑπ’
628 1804 791 1860 αὑτοῦ
807 1807 1086 1878 γινόμενα,
1106 1808 1200 1863 ἐάν
1216 1826 1275 1863 τε
1307 1809 1547 1882 θυμήρη,
1575 1812 1668 1866 ἐάν
1698 1830 1758 1865 τε
1788 1811 2012 1881 ἀλγεινά

2112 629 2272 698 quasi
2308 645 2375 685 ex
2416 637 2687 684 concentu
2724 630 2960 700 quodatn
3001 645 3030 683 a
3069 642 3319 686 creatura
3361 640 3531 687 totam
3570 633 3690 688 lau-

2113 717 2390 773 dationem
2434 720 2674 775 orditur.
2715 739 2734 772 ι
2772 720 2999 787 Omnes,
3053 721 3254 791 inquit,
3287 722 3602 778 habitantes
3634 725 3689 779 in

2113 813 2257 861 terra
2282 808 2439 875 quasi
2489 808 2721 862 nihilum
2772 810 3008 879 reputati
3063 817 3211 872 sunt,
3285 823 3339 865 et
3384 813 3688 866 secundum

2113 896 2451 951 voluntatem
2495 912 2652 951 suam
2706 897 2857 960 facit,
2891 900 2943 954 in
2988 899 3191 954 virtute
3221 900 3370 964 (εαξη,
3418 910 3472 955 et
3507 902 3559 955 in
3594 903 3690 954 ha-

2112 986 2377 1042 bitatione
2410 984 2590 1042 terrae.
2627 1008 2646 1040 ι
2689 989 2868 1059 Atque
2904 990 3018 1044 haec
3048 991 3208 1044 etiam
3238 991 3378 1045 alius
3401 990 3688 1061 Prophetas

2112 1078 2363 1133 doctrina
2392 1090 2519 1148 est;
2556 1080 2763 1135 etenim
2812 1083 3005 1137 beatus
3035 1081 3245 1136 David:
3285 1101 3305 1133 ι
3345 1081 3562 1148 Omnia,
3598 1084 3688 1137 in-
3752 1094 3760 1102 ‘

2111 1171 2252 1240 quit,
2285 1187 2631 1242 quaecunque
2656 1174 2891 1227 voluerit
2926 1171 3215 1238 Dominus,
3254 1173 3399 1237 fecit,
3446 1175 3500 1228 in
3547 1176 3688 1230 caelo

2110 1268 2168 1314 et
2200 1261 2256 1314 in
2292 1269 2439 1315 terra
2470 1273 2530 1316 ιιι.
2572 1280 2591 1313 ι
2650 1260 2765 1315 Hoc
2812 1261 2977 1316 etiam
3030 1262 3133 1317 iste
3186 1262 3464 1332 praedicat.
3507 1282 3525 1315 ι
3558 1263 3687 1329 Quae

2110 1351 2255 1406 enim
2284 1353 2419 1415 vult,
2450 1352 2654 1423 inquit,
2702 1361 2757 1407 et
2787 1352 2841 1406 in
2872 1353 3075 1407 virtute
3105 1353 3263 1415 cmli,
3299 1362 3352 1407 et
3387 1354 3439 1406 in
3471 1353 3688 1407 habita-

2111 1443 2260 1497 tione
2291 1451 2470 1507 terraa,
2513 1463 2531 1495 ι
2563 1444 2907 1511 moderatur,
2945 1460 3009 1499 ac
3044 1444 3360 1499 dominatur
3391 1459 3499 1498 non
3529 1445 3688 1499 modo

2110 1545 2289 1602 terrae,
2341 1535 2437 1597 sed
2487 1536 2652 1590 etiam
2709 1537 2869 1592 caelis
2919 1537 3076 1608 ipsis.
3134 1537 3341 1592 Deinde
3391 1535 3689 1592 ostendens

2111 1635 2437 1697 potestatem
2485 1629 2504 1649 ‘
2545 1627 2666 1696 ejus
2709 1628 3190 1699 inexpugnabilem
3230 1648 3243 1683 :
3283 1649 3302 1680 ι
3342 1628 3405 1682 Ει
3439 1644 3547 1683 non
3579 1637 3685 1693 est,

2113 1718 2308 1788 inquit,
2341 1718 2433 1790 qui
2469 1718 2691 1775 resistat
2738 1720 2925 1773 manui
2971 1719 3114 1788 ejus,
3168 1726 3223 1773 et
3252 1718 3401 1774 dicat
3437 1719 3487 1773 ei
3521 1739 3534 1774 :
3574 1717 3690 1773 Cur

2114 1811 2219 1866 hoc
2259 1811 2475 1867 fecisti?
2512 1831 2530 1864 ι
2568 1810 2803 1867 Necesse
2850 1819 2935 1867 est
2968 1814 3136 1877 enim,
3193 1825 3320 1865 cum
3358 1811 3426 1864 iis
3466 1825 3586 1880 quae
3618 1810 3688 1864 ab

430 1887 467 1965 ᾖ
490 1910 504 1924 °
528 1893 798 1967 τολμηρὸν
813 1897 922 1968 γὰρ
948 1898 1011 1951 τὸ
1043 1899 1378 1963 ἀντιτείνειν,
1400 1904 1492 1955 καὶ
1512 1905 1788 1957 αίτιᾶσθαι
1814 1903 1883 1958 τά
1922 1905 2011 1957 ὑπ’

2114 1916 2178 1958 eo
2212 1902 2368 1969 ﬁunt,
2425 1903 2542 1958 sive
2589 1902 2835 1972 jucunda
2898 1901 3031 1968 sint,
3094 1903 3211 1957 sive
3262 1901 3512 1965 molesta,
3562 1914 3689 1954 esse

431 1985 599 2039 αὑτοῦ
636 1988 817 2056 σοφῶς
872 1992 1341 2062 πρυτανευόμενα.
1393 1993 1596 2059 Ταῦτα,
1647 1995 1798 2065 φησὶ,
1850 1995 2012 2064 γνοὺς

430 2077 528 2130 καὶ
570 2077 952 2149 ὁμολογήσας,
986 2083 1083 2135 καὶ
1136 2083 1230 2136 τὸν
1287 2084 1550 2153 ’Υψιρτον
1618 2085 1876 2150 δοξάσας,
1931 2088 2013 2149 εἰς

429 2170 670 2240 ἐμαυτὸν
694 2172 1019 2242 ἐπανῆλθον,
1042 2174 1137 2228 καὶ
1165 2174 1266 2248 τὴν
1287 2178 1558 2249 προτέραν
1586 2176 1860 2247 βασιλείαν
1892 2180 2011 2249 μετ’

427 2262 714 2330 εὐσεϐείας
755 2265 1052 2322 ἀπέλαϐον.

499 2442 605 2511 λγθ.
646 2461 666 2494 ι
700 2442 860 2514 Αὑτῷ
891 2443 1001 2515 γὰρ
1039 2444 1116 2514 τῷ
1146 2445 1325 2518 καιρῷ
1354 2448 1409 2500 αἱ
1449 2447 1642 2516 φρένες
1674 2463 1778 2517 μου
1809 2447 2009 2518 ἐστρά-

431 2549 613 2605 φησαν
657 2533 797 2606 πρός
825 2552 893 2604 με
914 2535 980 2600 ³³,
1016 2536 1112 2589 καὶ
1147 2538 1227 2599 είς
1260 2536 1363 2607 τὴν
1405 2537 1571 2606 τιμὴν
1599 2539 1698 2606 τῆς
1731 2536 2012 2607 βασιλείας

435 2642 539 2695 μου
571 2621 756 2697 ἦλθον,
786 2627 883 2680 καὶ
916 2629 949 2697 ἡ
986 2629 1168 2699 μορφή
1202 2644 1304 2698 μου
1335 2628 1673 2699 ἐπέστρεψεν
1698 2630 1786 2681 ἐπ’
1823 2629 1945 2698 ἐμέ.
1983 2648 2002 2680 ι

431 2713 671 2786 Λὺχμῶν
697 2715 828 2787 γὰρ,
866 2715 946 2781 ὡς
990 2716 1155 2782 εἰκὸς,
1202 2719 1298 2772 καὶ
1329 2717 1537 2789 ῥυπῶν,
1574 2719 2010 2790 ἀποκειράμενος

434 2807 529 2859 καὶ
568 2806 638 2861 τὰ
676 2807 906 2879 περιττά
954 2808 1062 2863 τῶν
1104 2810 1311 2880 ὀνύχων
1364 2811 1722 2883 ἀφελόμενος,
1780 2812 1875 2866 καὶ
1919 2812 2010 2867 τὸν

437 2894 609 2966 ῥύπον
642 2897 1066 2971 ἀπονιψάμενος,
1096 2900 1193 2954 καὶ
1215 2901 1316 2971 τῆς
1343 2901 1494 2966 θείας
1520 2901 1744 2974 χάριτος
1770 2902 2009 2957 ἀπολαύ-

436 3004 559 3053 σας,
585 2990 904 3062 ἐπεγνώσθη
953 2992 1035 3044 ὅτι
1068 2991 1355 3062 ἄνθρωπος
1378 2991 1446 3065 ἦν
1489 2995 1719 3058 ἐκεῖνος,
1758 2996 1789 3048 δ
1813 2994 2013 3066 πρότε-

438 3098 533 3153 ρον
553 3080 604 3114 ’⁸
629 3082 730 3153 τὴν
758 3082 1023 3154 μεγίστην
1064 3082 1264 3137 διέπων
1295 3084 1594 3155 βασιλείαν.
1642 3107 1661 3141 ι
1702 3089 1814 3143 Καὶ
1838 3091 1888 3143 oi
1915 3088 2010 3143 τύ-

2114 2001 2459 2059 contentum,
2511 2008 2637 2048 cum
2679 1993 3032 2048 temerarium
3071 1992 3144 2047 sit
3190 1991 3493 2058 adversari,
3539 2001 3594 2046 et
3620 2005 3686 2047 ea

2113 2085 2360 2156 culpare,
2393 2100 2516 2155 quae
2566 2085 2635 2139 ab
2688 2085 2808 2154 ipso
2858 2084 3140 2153 sapienter
3204 2082 3682 2137 administrantur.

2114 2173 2258 2238 Haec,
2289 2175 2485 2244 inquit,
2518 2189 2642 2227 cum
2673 2174 3054 2245 cognovissem
3083 2180 3137 2227 et
3172 2172 3459 2227 confessus
3482 2187 3683 2234 essem,

2111 2275 2166 2320 et
2196 2267 2423 2338 gloriam
2471 2264 2754 2320 Altissimo
2792 2264 3130 2328 tribuissem,
3169 2264 3235 2318 ad
3287 2264 3560 2334 tneipsum
3596 2278 3688 2319 re-

2112 2360 2211 2423 dii,
2245 2366 2298 2413 et
2329 2357 2618 2427 pristinum
2648 2356 2827 2426 recepi
2860 2371 2986 2410 cum
3027 2357 3229 2426 pietate
3256 2370 3507 2426 regnum.

2181 2449 2347 2504 Vens.
2370 2450 2458 2503 33.
2488 2467 2508 2500 ι
2539 2446 2616 2500 Eo
2655 2448 2801 2502 enim
2837 2455 3087 2516 tempore
3119 2461 3274 2501 mens
3326 2461 3443 2500 mea
3464 2460 3686 2502 reversa

2110 2545 2197 2594 est
2233 2538 2300 2591 ad
2336 2552 2453 2602 me,
2482 2544 2539 2591 et
2569 2537 2639 2591 ad
2678 2535 2944 2591 honorem
2973 2534 3126 2602 regni
3164 2535 3267 2589 mei
3306 2533 3463 2599 \eni,
3491 2541 3547 2589 et
3575 2533 3687 2589 for-

2110 2646 2198 2684 ma
2228 2644 2348 2684 mea
2383 2628 2549 2684 rediit
2582 2626 2648 2681 ad
2676 2643 2782 2682 me.
2808 2646 2826 2680 ι
2850 2625 3125 2697 Squalens
3152 2626 3296 2681 enim
3333 2625 3467 2688 situ,
3502 2634 3558 2678 ut
3588 2640 3687 2694 par

2110 2731 2249 2787 erat,
2281 2733 2335 2776 et
2363 2719 2720 2782 sordescens,
2743 2720 3032 2785 detonsus,
3056 2718 3395 2788 abiectisque
3422 2716 3686 2786 unguium

2110 2812 2511 2877 excrementis,
2564 2809 2936 2880 sordibusqne
2983 2808 3215 2870 ablutis,
3256 2807 3456 2863 divinae
3499 2806 3688 2876 gratiae

2112 2918 2342 2974 compos
2372 2903 2580 2967 factus,
2611 2902 2830 2972 agnitus
2864 2907 2979 2965 est,
3017 2898 3163 2970 quod
3190 2906 3340 2955 esset
3372 2898 3535 2951 homo
3575 2896 3683 2958 ille,

2112 2997 2206 3068 qui
2242 2999 2395 3067 prius
2415 2996 2714 3050 maximum
2748 2993 3174 3049 administrabat
3194 3007 3443 3062 regnum.
3475 2987 3689 3058 1156

2119 3107 2139 3140 ι
2179 3088 2241 3142 Et
2272 3088 2490 3159 tyranni
2519 3088 2649 3153 mei,
2680 3086 2881 3159 inquit,
2908 3095 2960 3140 ct
2993 3085 3293 3154 optimates
3331 3082 3437 3136 mei
3476 3095 3686 3150 quaere-

440 3170 625 3242 ραννοί
649 3188 772 3241 μου,
791 3170 944 3242 φησὶ,
968 3171 1063 3226 καὶ
1081 3173 1130 3225 οί
1162 3154 1486 3244 μεγιστᾶνες
1514 3194 1616 3247 μου
1643 3176 1943 3248 ἐπεζήτουν
1965 3179 2010 3210 ⁸⁸

2114 3179 2249 3234 bant
2273 3154 2378 3232 me.
2404 3195 2421 3227 ι
2444 3175 2658 3231 Etenim
2679 3154 2778 3240 illi,
2806 3174 3020 3243 abjecto
3046 3174 3195 3237 odio,
3223 3171 3486 3227 benevolo
3502 3173 3688 3224 animo

441 3278 533 3332 με.
571 3280 593 3314 ι
636 3263 983 3335 Ἀποθέμενοι
1020 3264 1131 3336 γάρ
1174 3266 1419 3320 κάκεῖνοι
1448 3268 1508 3322 τὸ
1555 3271 1729 3339 μῖσος,
1771 3271 2010 3325 διάθεσιν

2115 3284 2244 3340 erga
2274 3282 2363 3322 me
2391 3264 2569 3322 allecti
2601 3274 2759 3331 sunt,
2798 3265 3041 3332 mihique
3081 3262 3443 3319 reconciliati.
3480 3279 3499 3313 ι
3539 3260 3603 3313 Et
3630 3261 3685 3313 in

439 3354 571 3424 περὶ
600 3355 701 3425 ἐμὲ
736 3356 833 3410 καὶ
875 3356 1098 3428 φίλτρον
1129 3357 1340 3412 ἔλαϐον.
1394 3378 1414 3412 ι
1464 3360 1578 3414 Καὶ
1606 3361 1699 3414 ἐπὶ
1725 3362 1826 3434 τὴν
1860 3362 2014 3434 βασι-

436 3444 589 3499 λείαν
643 3464 745 3517 μου
787 3447 1188 3519 ἐκραταιὼθην,
1219 3448 1313 3503 καὶ
1346 3449 1701 3524 μεγαλωσύνη
1755 3471 2012 3525 περισσο-

436 3536 578 3608 τέρα
605 3537 906 3609 προσετέθη
940 3556 1051 3610 μοι.
1084 3559 1104 3592 ι
1136 3541 1245 3594 Καὶ
1273 3540 1429 3595 τοῦτο
1449 3542 1505 3596 δὲ
1538 3543 1701 3598 πάλιν
1735 3544 2014 3611 εὐσεϐείας

436 3627 601 3697 γέμει
626 3628 687 3682 τὸ
719 3629 904 3701 ῥῆμα·
937 3630 999 3684 οὑ
1041 3631 1152 3703 γὰρ
1185 3626 1328 3696 εἶπε,
1368 3633 1778 3707 Μεγαλωσύνην
1824 3653 2016 3708 περισ-

440 3719 669 3792 σοτέραν
715 3722 1056 3794 ἐκτησάμην,
1098 3722 1255 3787 ἀλλὰ,
1310 3741 1329 3776 ι
1377 3725 1686 3796 Προσετέθη
1728 3744 1840 3797 μοι,
1871 3747 1890 3781 ι
1923 3728 2015 3783 τὸν

438 3812 676 3882 χορηγὸν
705 3812 1044 3879 ὑποδεικνὺς,
1075 3815 1170 3870 καὶ
1198 3813 1309 3869 τῶν
1346 3816 1564 3885 ἀγαθῶν
1592 3818 1881 3890 κηρύττων
1921 3821 2015 3876 τὸν

437 3900 632 3956 αἴτιον.

511 3992 606 4048 λδ¹.
653 4012 672 4045 ι
710 3992 824 4048 Νῦν
858 3988 972 4060 οὖν,
1003 3995 1194 4068 φησιν,
1217 3995 1328 4064 ἐγὼ
1359 3996 1831 4073 Ναϐουχοδονόσορ
1858 4001 2013 4069 αίνῶ,

440 4083 540 4138 καὶ
569 4082 689 4154 ὑψῶ
712 4084 778 4150 ⁸⁸,
811 4085 906 4139 καὶ
932 4085 1142 4153 δοξάζω
1168 4087 1258 4140 τὸν
1281 4086 1506 4157 βασιλέα
1532 4088 1628 4142 τοῦ
1654 4090 1908 4161 ούρανοῦ,
1933 4093 2016 4147 ὅτι

440 4174 623 4229 πάντα
652 4174 722 4229 τὰ
752 4175 887 4248 ἔργα
926 4177 1092 4231 αὑτοῦ
1126 4177 1373 4249 ἀληθινὰ,
1409 4178 1507 4234 καὶ
1538 4180 1596 4234 αί
1623 4181 1802 4253 τρίϐει
1850 4182 2014 4237 αὑτοῦ

442 4264 673 4335 κρίσεις,
701 4267 796 4322 καὶ
834 4268 1042 4331 πάντας
1067 4269 1195 4332 τοὺς
1222 4270 1622 4342 πορευομένους
1651 4271 1709 4325 ἐν
1734 4273 2020 4345 ὑπερηφα-

439 4358 534 4428 νίᾳ
581 4358 803 4414 δύναται
850 4360 1218 4415 ταπεινῶσαι’
1256 4380 1275 4414 ι
1325 4361 1523 4416 Λαϐὼν
1551 4363 1660 4436 γὰρ
1687 4368 1882 4436 πεῖραν
1906 4366 2017 4420 τῶν

441 4447 705 4520 λυπηρῶν
724 4490 740 4514 ,
785 4447 904 4506 εἶτα
933 4452 1139 4506 τούτων
1162 4453 1527 4523 ἀπαλλαγεὶς,
1562 4456 1701 4509 αίνῶ
1733 4458 1829 4510 καὶ
1861 4459 2017 4528 ὑμνῶ

2116 3374 2342 3430 regnum
2375 3373 2555 3412 meum
2583 3358 2930 3411 confortatus
2960 3370 3103 3421 sum,
3141 3361 3194 3410 et
3221 3353 3540 3425 magnitudo
3571 3368 3687 3407 am-

2114 3449 2258 3519 plior
2295 3446 2482 3502 addita
2523 3453 2607 3503 est
2649 3446 2805 3500 mihi.
2840 3465 2860 3497 ι
2891 3445 2956 3499 Ει
2996 3445 3101 3499 hoc
3136 3445 3264 3498 item
3309 3443 3528 3513 pietatis
3571 3441 3688 3512 ple-

2113 3556 2244 3596 num
2276 3549 2362 3597 est
2385 3538 2611 3595 verbum
2641 3554 2656 3604 ;
2686 3553 2864 3607 neque
2890 3537 3034 3592 enim
3063 3535 3222 3590 dixit:
3254 3532 3685 3604 Magnitudinem

2116 3633 2438 3704 ampliorem
2476 3631 2709 3702 adeptus
2750 3645 2897 3694 sum,
2940 3627 3037 3684 sed
3075 3645 3095 3678 ι
3120 3626 3320 3682 Addita
3353 3633 3438 3680 est
3468 3624 3625 3686 mihi,
3660 3640 3678 3675 ι

2116 3725 2435 3798 largitorem
2484 3722 2834 3796 signiﬁcans,
2882 3729 2935 3777 et
2980 3720 3253 3776 bonorum
3295 3717 3687 3773 commendans

2116 3827 2278 3872 aucto
2286 3830 2420 3873 rem.

2188 3991 2356 4047 Vens.
2384 3992 2474 4047 34.
2513 4009 2533 4042 ι
2564 3989 2726 4045 Nunc
2781 3989 2969 4056 igitur,
3008 3989 3230 4059 inquit,
3263 4002 3366 4056 ego
3395 3984 3689 4040 Nabucho—

2117 4084 2365 4139 donosor
2405 4081 2591 4146 laudo,
2621 4089 2677 4136 et
2711 4082 2937 4146 extollo,
2962 4091 3015 4135 et
3045 4078 3295 4150 gloriﬁco
3321 4091 3500 4146 regem
3535 4076 3685 4140 cceli,

2116 4176 2244 4245 quia
2270 4173 2452 4228 omnia
2479 4186 2647 4241 opera
2681 4171 2803 4240 ejus
2832 4185 2983 4235 vera,
3001 4166 3065 4224 et
3096 4169 3197 4224 viae
3220 4167 3566 4237 ejusjudicia
3587 4204 3602 4231 ,
3633 4172 3689 4220 et

2116 4280 2309 4321 omnes
2340 4263 2660 4318 incedentes
2696 4262 2749 4315 in
2795 4260 3053 4331 superbia
3101 4265 3281 4329 potest
3310 4257 3551 4312 humiles
3602 4255 3688 4310 fa-

2117 4372 2262 4414 cere.
2306 4375 2325 4407 ι
2361 4354 2630 4425 Expertus
2679 4353 2825 4408 enim
2877 4352 3149 4414 molesta,
3195 4349 3392 4405 deinde
3431 4350 3501 4403 ab
3549 4347 3689 4415 ipsis

2117 4450 2418 4514 liberatus,
2478 4445 2643 4501 laudo
2686 4454 2739 4500 et
2777 4444 2997 4500 celebro
3032 4456 3158 4497 eum
3220 4441 3312 4511 qui
3348 4442 3464 4494 hazc
3501 4447 3551 4494 et
3597 4438 3688 4491 illa

440 4540 537 4593 τὸν
564 4540 738 4598 ταῦτά
786 4561 877 4615 μοι
907 4545 1135 4599 κάκεῖνα
1176 4545 1469 4609 λυσιτελῶς
1507 4548 1855 4616 ἐπαγαγόντα
1875 4592 1888 4614 ,
1923 4552 2013 4604 καὶ

2122 4540 2254 4596 mihi
2275 4540 2480 4595 utiliter
2496 4537 2682 4593 intulit
2723 4545 2778 4591 et
2802 4534 3209 4605 sapientissime
3234 4551 3247 4587 :
3274 4547 3337 4586 ac
3359 4530 3483 4585 novi
3510 4530 3689 4600 ipsum

442 4627 566 4684 λίαν
588 4633 769 4701 σοφῶς
786 4647 801 4662 ³
837 4633 931 4688 καὶ
954 4630 1072 4689 οἶδα
1097 4634 1257 4689 αὑτὸν
1284 4634 1514 4706 ούρανοῦ
1547 4635 1771 4706 βασιλέα
1793 4638 1888 4690 καὶ
1911 4639 2013 4695 τῶν

2120 4631 2244 4687 creti
2275 4644 2455 4699 regem
2486 4638 2542 4684 et
2568 4629 2813 4683 omnium
2850 4626 3164 4688 Dominum,
3190 4621 3419 4678 veritate
3447 4632 3502 4676 et
3521 4620 3690 4691 justi-

444 4719 700 4775 ἁπάντων
731 4720 1010 4794 Δεσπότην
1028 4763 1044 4788 ,
1090 4724 1321 4796 ἀληθείᾳ
1363 4723 1644 4796 χρώμενον
1672 4726 1769 4779 καὶ
1794 4726 2020 4793 δικαίως

446 4810 666 4866 ἅπαντα
693 4813 1121 4884 πρυτανεύοντα,
1152 4816 1248 4869 καὶ
1269 4816 1398 4879 τοὺς
1423 4815 1772 4888 ὑπερηφανία
1803 4820 2021 4890 χριομέ-

445 4917 572 4964 νους
603 4905 936 4958 ταπεινῶσαι
970 4905 1290 4977 δυνάμενον.
1326 4905 1604 4970 Μαθύντες
1631 4908 1833 4975 τοίνυν,
1872 4911 2021 4976 ὅπως

446 4993 797 5064 ὑπερηφανία
825 4994 920 5050 καὶ
946 4994 1114 5067 τῦφος
1137 4998 1263 5062 τοὺς
1291 4996 1606 5068 χρωμένους
1633 4998 1896 5065 λωϐᾶται,
1926 5004 2020 5057 καὶΙ

444 5082 523 5146 ὡς
544 5084 572 5135 ὁ
601 5084 810 5150 τούτοις
849 5086 1056 5158 χαίρων
1082 5088 1261 5157 τρυγᾷ
1290 5087 1536 5159 καρποὺς
1552 5088 1597 5121 ’⁷
1626 5088 1727 5141 οὑκ
1757 5089 2017 5157 ἀγαθοὺς,

445 5170 546 5242 τὴν
580 5173 793 5248 μητέρα
815 5175 925 5229 τῶν
959 5175 1179 5244 ἀγαθῶν
1205 5175 1707 5249 ταπεινοφροσύνην
1729 5177 1776 5209 ’⁸
1801 5178 2018 5248 κτησώ-

524 5361 563 5389 II
597 5350 743 5407 Psal.
767 5366 926 5416 emt,
965 5351 1055 5406 ll.

2118 4723 2197 4778 tia
2246 4723 2430 4777 omnia
2487 4721 2892 4782 moderantem,
2942 4719 3147 4788 quique
3195 4716 3454 4785 superbia
3512 4713 3710 4769 elatos-

2123 4823 2309 4885 potest
2337 4811 2404 4866 ad
2435 4812 2800 4867 humilitatem
2825 4809 3094 4880 redigere.
3122 4808 3257 4863 Cum
3286 4807 3469 4875 itaque
3491 4803 3696 4860 didice-

2123 4908 2324 4971 rimus,
2355 4913 2623 4975 quantnm
2658 4903 2916 4972 superbia
2937 4909 2991 4956 et
3015 4900 3192 4954 fastus
3221 4898 3534 4952 hominibus
3564 4894 3694 4950 alle-

2123 5005 2211 5052 rat
2265 4995 2618 5061 detrimenti,
2666 5009 2870 5063 eosque
2916 4993 3011 5062 qui
3060 4992 3148 5046 his
3194 4991 3344 5045 vitiis
3418 4988 3695 5060 gaudeant

2122 5089 2269 5144 haud
2302 5090 2477 5144 bonos
2521 5086 2738 5141 fruetus
2770 5086 3063 5155 colligere,
3102 5090 3381 5153 parentem
3423 5081 3692 5137 bonorum

2125 5181 2495 5237 humilitatem
2524 5179 2904 5251 acquiramus.
2921 5176 3072 5232 Hanc
3103 5174 3250 5232 enim
3269 5173 3540 5230 Dominus
3557 5185 3697 5244 quo-

1744 5497 1984 5571 vAttue
2021 5514 2428 5573 LECTIONES.

529 5659 708 5757 1'35?
735 5660 962 5757 “S’ﬂ‘i‘:
1019 5665 1232 5757 .'.°.T‘_P_-
1265 5665 1308 5757 Ξ
1338 5666 1461 5757 ³άὲ-
1647 5668 1694 5701 ⁹¹
1726 5666 2602 5757 B'l.‘r¢1°""=‘.’£w°=-..im“
2632 5684 2712 5754 τέ·
2739 5663 3697 5757 Des-.592---__'f_4.€““£i?§?3“§

456 5729 546 5781 ἐπ’
582 5731 706 5800 ἐμέ.

802 5732 986 5807 "trp.
1019 5732 1148 5795 Des.
1178 5732 1235 5791 in
1266 5733 1329 5790 Β.
1403 5737 1448 5770 ³³
1483 5736 1730 5810 ἐζήτουν.
1826 5740 1873 5772 ³⁸

457 5813 642 5869 prtem.
669 5801 791 5872 τήν.
935 5801 946 5807 ’
1386 5842 1391 5865 ,

1978 5740 2258 5811 ὑπερυψῶ.

2371 5740 2414 5774 ’⁷
2456 5738 2498 5792 Β
2533 5738 2806 5803 τοιούτους
2844 5738 3019 5809 τρυγᾷ
3057 5734 3319 5808 καρπούς.
3396 5731 3597 5787 "aeri.
3654 5731 3701 5786 Β
