4092 6430
480 422 614 491 1375

1442 420 1933 483 THEODORETI
1972 421 2314 483 EPISCOPI
2345 419 2707 482 CYRENSIS

3610 413 3745 483 1376

476 557 585 611 que
618 541 1026 613 possessionem
1062 540 1278 595 beatam
1311 546 1541 606 censet,
1575 539 1736 610 quasi
1777 553 1900 595 eam
1936 555 2058 610 quae

2165 539 2337 609 μεθα·
2368 537 2527 592 τοῦτο
2553 538 2662 610 γὰρ
2699 529 2795 590 καὶ
2816 535 2845 589 6
2876 534 3081 607 Κύριος
3115 534 3405 604 μακαρίζει
3437 532 3499 588 τὸ
3531 539 3742 606 κτῆμα.

477 643 807 704 proventum
841 634 1034 688 habeat
1060 646 1287 701 regnum
1316 632 1609 687 caelorum.
1650 651 1669 684 ι
1706 630 1857 688 Beati
1885 635 2058 698 enim,

480 728 683 797 inquit,
715 739 984 795 pauperes
1008 724 1205 794 spiritu
1228 766 1243 791 ,
1271 725 1530 794 quoniam
1563 724 1812 794 ipsorum
1852 732 1935 780 est
1967 738 2059 780 re-

475 832 645 886 gnum
690 815 956 869 cmlorum
986 822 1035 868 ιι.
1078 834 1097 867 ι
1138 814 1204 867 Et
1239 816 1486 886 seipsum
1536 816 1822 886 exemplar
1854 816 1923 871 iis
1961 817 2058 886 qui

471 907 654 978 juvari
685 907 963 961 voluerint
991 922 1341 976 proponens:
1376 925 1394 958 ι
1419 906 1629 962 Discite
1660 922 1691 961 a
1720 923 1827 973 me,
1854 909 2057 978 inquit,

471 1000 601 1070 quia
632 999 784 1054 mitis
814 1014 960 1061 sum,
985 1008 1039 1052 et
1058 998 1282 1054 humilis
1313 999 1481 1054 corde
1505 1006 1552 1053 ο.
1584 1018 1603 1051 ι
1634 998 1700 1053 Et
1735 1000 2060 1068 ostendens,

475 1093 655 1162 qualis
680 1104 735 1146 et
762 1102 1006 1162 quantus
1035 1091 1231 1145 borum
1254 1093 1325 1147 sit
1345 1091 1582 1156 fructus,
1611 1092 1799 1169 statim
1822 1094 1843 1114 ‘
1871 1093 2061 1161 subje-

473 1184 551 1236 cit
582 1201 596 1237 :
637 1202 655 1235 ι
693 1182 759 1237 Et
786 1183 1084 1239 invenietis
1124 1182 1338 1253 1157
1369 1183 1615 1254 requiem
1648 1182 1939 1238 animabus
1974 1198 2064 1238 ve-

474 1274 607 1328 stris
629 1284 677 1327 ρ.
709 1293 727 1326 ι
757 1273 968 1340 Quodsi
1000 1291 1064 1329 ve
1080 1288 1141 1328 ro
1178 1274 1425 1329 omnium
1458 1281 1651 1329 auctor
1697 1282 1752 1329 et
1791 1272 2061 1334 Dominus

478 1368 741 1423 humilem
791 1367 1034 1436 seipsum
1083 1374 1243 1419 vocat
1283 1380 1347 1419 ac
1389 1368 1555 1420 rebus
1591 1366 1728 1435 ipsis
1778 1367 2059 1434 ostendit,

476 1474 718 1530 quonam
747 1458 856 1512 alio
882 1458 1114 1512 consilio
1140 1456 1348 1527 indiget
1390 1456 1574 1521 homo,
1618 1457 1818 1527 pulvis,
1855 1458 2056 1525 lutum,

478 1551 659 1621 gleba,
684 1550 847 1615 cinis,
883 1551 1115 1613 vanitas,
1148 1548 1270 1615 llos,
1311 1548 1534 1603 fenum?
1580 1550 1666 1607 his
1696 1551 1842 1606 enim
1882 1553 2061 1606 nomi-

480 1642 645 1696 nibus
692 1643 951 1697 omnibus
993 1642 1047 1695 in
1090 1641 1273 1695 divina
1315 1640 1607 1711 Scriptura
1667 1644 2057 1714 indigitantur.

480 1731 885 1787 Erubescamus
937 1730 1122 1800 itaque
1168 1730 1238 1786 ob
1290 1729 1508 1786 Domini
1552 1731 1919 1797 modestiam,
1964 1735 2059 1805 qui

479 1841 606 1880 cum
642 1824 797 1879 dives
823 1832 994 1888 esset,
1029 1833 1256 1894 propter
1284 1839 1386 1878 nos
1416 1823 1702 1880 mendicus
1742 1824 1924 1880 factus
1953 1833 2057 1891 est,

481 1924 539 1971 ut
567 1932 671 1972 nos
700 1917 848 1972 illius
880 1922 1126 1987 egestate
1158 1916 1361 1971 divites
1393 1931 1646 1971 essemus
1668 1926 1696 1966 τι
1716 1955 1733 1981 ,
1764 1924 1818 1970 et
1856 1926 2060 1972 morta-

479 2007 583 2062 lem
615 2016 864 2060 naturam
897 2020 1325 2076 agnosceremus
1349 2023 1361 2058 :
1382 2016 1435 2059 et
1470 2003 1757 2074 praesentis
1781 2004 2058 2074 prosperi-

479 2099 613 2154 tatis
671 2097 998 2153 brevitatem
1060 2096 1537 2167 contemplantes,
1598 2096 1733 2150 nihil
1791 2111 2058 2166 arrogans

479 2197 703 2259 propter
733 2196 1060 2261 prtesentem
1088 2204 1272 2243 rerum
1312 2196 1518 2244 statum
1550 2188 1895 2258 cogitemus:
1922 2188 2056 2257 quin

480 2279 663 2347 potius
695 2279 941 2349 ipsarum
981 2279 1245 2333 caducam
1275 2279 1601 2335 brevitatem
1638 2287 1694 2334 et
1733 2281 2058 2335 inconstan-

479 2369 612 2422 tiam
656 2369 967 2436 rideamus,
1006 2377 1060 2425 et
1102 2370 1246 2425 bona
1275 2370 1368 2424 illa
1398 2372 1663 2440 consequi
1708 2382 2054 2440 expetamus,

479 2476 602 2531 quae
634 2461 706 2514 ita
748 2470 1069 2530 comparata
1116 2473 1244 2517 sunt
1290 2472 1513 2528 natura,
1545 2471 1606 2518 ut
1640 2472 1908 2534 perpetua
1947 2465 2058 2518 sint

480 2561 644 2621 atque
678 2552 896 2606 stabilia
926 2571 938 2607 :
967 2552 1169 2623 quibus
1216 2553 1323 2608 frui
1356 2554 1516 2609 nobis
1567 2554 1826 2608 omnibus
1861 2555 2055 2619 liceat,

479 2645 656 2713 gratia
706 2652 761 2699 et
809 2647 1102 2701 clementia
1153 2645 1366 2702 Domini
1414 2646 1591 2704 nostri
1632 2645 1761 2703 Jesu
1807 2646 2054 2708 Christi,

480 2752 603 2790 cum
641 2751 750 2805 quo
781 2736 927 2792 Patri
958 2738 1031 2792 sit
1060 2738 1232 2809 gloria
1268 2754 1393 2794 cum
1423 2747 1618 2794 sancto
1648 2737 1878 2808 Spiritu,
1909 2753 2056 2829 nunc

479 2833 535 2880 et
567 2840 801 2896 semper,
838 2834 890 2881 et
919 2827 974 2881 in
1004 2829 1203 2882 saecula
1232 2828 1580 2883 smculorum.
1620 2829 1815 2883 Amen.

2160 629 2236 694 ὡς
2272 629 2533 702 πρόσοδον
2558 628 2677 699 ἔχον
2699 627 2799 689 τὴν
2830 625 3111 698 βασιλείαν
3137 624 3243 679 τῶν
3275 625 3539 698 οὐρανῶν.
3571 646 3590 678 ι
3621 629 3747 681 Μα-

2163 723 2344 795 κάριοι
2375 723 2507 795 γὰρ,
2541 723 2727 793 φησὶν,
2770 722 2820 775 οἱ
2866 720 3076 790 πτωχοὶ
3105 718 3182 791 τῷ
3210 719 3503 790 πνεύματι,
3538 719 3620 773 ὅτι
3646 721 3749 773 a6-

2161 816 2270 869 τῶν
2296 816 2445 869 ἔστιν
2486 816 2520 884 ὴ
2575 814 2822 885 βασιλεία
2851 812 2957 865 τῶν
3000 811 3266 884 οὐρανῶν.
3309 832 3326 864 ι
3360 812 3654 884 ιῖροτίοησι
3687 812 3746 866 δὲ

2163 909 2255 961 καὶ
2283 908 2472 961 ἑαυτὸν
2518 906 2825 977 ἀρχέτυπον
2867 908 2980 969 τοῖς
3015 903 3339 973 ὠφελεῖσθαι
3373 903 3743 975 βουλομένοις,

2161 998 2362 1067 λέγων·
2402 1017 2421 1050 ι
2460 998 2680 1053 Μάθετε
2733 998 2828 1051 ἀπ’
2881 996 3038 1066 ἐμοῦ,
3091 998 3173 1048 ὅτι
3224 994 3398 1067 πρᾶός
3446 998 3582 1067 εἰμι,
3626 996 3747 1049 ’καὶ

2162 1090 2415 1155 ταπεινὸς
2449 1093 2514 1161 τῇ
2552 1090 2770 1161 καρδίᾳ.
2811 1109 2829 1141 ι
2863 1089 2974 1144 Kal
3003 1089 3237 1151 δεικνὺς,
3265 1088 3450 1159 ἡλίκος
3482 1088 3684 1142 τούτων
3715 1090 3746 1142 6

2163 1183 2395 1254 καρπὸς,
2430 1181 2592 1244 εὐθὺς
2619 1181 2898 1252 ἐπήγαγε·
2939 1198 2957 1230 ι
2992 1179 3101 1232 Καὶ
3129 1180 3391 1250 εὑρήσετε
3435 1178 3744 1233 ἀνάπαυσιν

2161 1277 2282 1338 ταῖς
2315 1275 2512 1344 ψυχαῖς
2547 1273 2722 1343 ὑμῶν.
2773 1290 2792 1324 ι
2827 1271 2888 1324 Εἰ
2918 1271 2975 1325 δὲ
3009 1271 3116 1326 τῶν
3150 1271 3407 1325 ἁπάντων
3433 1270 3461 1323 6
3505 1272 3745 1342 Ποιητής

2162 1369 2258 1422 καὶ
2277 1368 2551 1439 Δεσπότης
2567 1366 2822 1421 ταπεινὸν
2844 1366 3037 1420 ἑαυτὸν
3060 1364 3216 1419 καλεῖ
3235 1366 3327 1419 καὶ
3344 1365 3431 1419 διὰ
3446 1366 3551 1419 τῶν
3569 1382 3745 1435 πραγ-

2165 1461 2349 1531 μάτων
2372 1460 2634 1525 δείκνυσι,
2670 1460 2828 1522 ποίας
2878 1458 3071 1529 ἑτέρας
3105 1458 3415 1528 συμϐουλῆς
3440 1459 3608 1512 δεῖται
3642 1458 3741 1512 ἄν-

2163 1551 2400 1623 θρωπος,
2436 1552 2464 1605 ὁ
2499 1551 2650 1623 χοῦς,
2685 1554 2714 1604 6
2742 1551 2933 1622 πηλὸς,
2961 1551 2994 1621 ἡ
3029 1549 3217 1621 βῶλος,
3256 1551 3288 1621 ἡ
3323 1550 3538 1614 σποδὸς,
3570 1552 3603 1621 ἡ
3636 1567 3744 1620 μα-

2162 1642 2403 1711 ταιότης,
2442 1643 2502 1695 τὺ
2527 1641 2706 1705 ἄνθος,
2737 1642 2765 1693 6
2794 1640 2985 1711 χόρτος
3008 1658 3021 1701 ;
3049 1638 3235 1692 Ταῦτα
3260 1639 3369 1711 γὰρ
3400 1640 3615 1693 ἅπαντα
3635 1639 3743 1693 ὑπὸ

2162 1730 2261 1801 τῆς
2322 1730 2471 1794 θείας
2526 1730 2566 1783 Γ
2571 1730 2751 1801 ραφῆς
2807 1727 3299 1800 προσαγορεύεται.
3352 1728 3743 1798 Λίσχυνθῶμεν

2163 1822 2342 1875 τοίνυν
2370 1822 2466 1891 τὴν
2496 1822 2589 1875 τοῦ
2635 1822 2907 1875 Δεσπὸτου
2958 1821 3309 1892 μετριότητα,
3357 1820 3415 1883 δς
3437 1861 3449 1879 .
3486 1820 3747 1885 πλούσιος

2163 1913 2262 1977 ὢν,
2296 1913 2363 1967 δι’
2392 1915 2538 1984 ἡμᾶς
2566 1912 2927 1983 ἐπτώχευσεν,
2963 1913 3051 1966 ἵνα
3072 1915 3235 1983 ἡμεῖς
3259 1914 3325 1984 τῇ
3358 1913 3563 1966 ἐκείνου
3595 1929 3746 1965 πτω-

2163 2005 2285 2076 χείᾳ
2311 2005 2724 2076 πλουτήσωμεν,
2756 2006 2850 2058 καλ¹
2873 2006 2918 2038 ¹⁹
2945 2005 3046 2075 τῆς
3073 2004 3289 2073 φύσεως
3325 2005 3384 2059 τὸ
3422 2006 3613 2077 θνητὸν
3639 2024 3746 2059 κα-

2161 2096 2529 2167 ταμάθωμεν·
2569 2097 2661 2149 καὶ
2689 2097 2787 2165 τῆς
2832 2096 3114 2167 παρούσης
3143 2096 3441 2169 εὐημερίας
3480 2096 3743 2167 οεὼμενοι

2161 2188 2224 2241 τὸ
2269 2187 2589 2258 ὀξύρροπον,
2644 2187 2809 2256 μηδὲν
2869 2187 2968 2258 μὲν
3022 2186 3340 2251 ἀλαζονικὸν
3387 2185 3481 2240 ἐπὶ
3523 2187 3567 2219 ³⁸
3627 2189 3743 2251 τοῖς

2164 2279 2398 2351 παροῦσι
2445 2281 2802 2350 φρονήσωμεν
2826 2295 2838 2307 ·
2873 2279 3196 2349 γελάσωμεν
3238 2279 3295 2333 δὲ
3333 2279 3530 2349 μᾶλλον
3562 2279 3743 2332 αὐτῶν

2162 2372 2224 2426 τὸ
2251 2372 2547 2442 εὔτρεπτον
2576 2372 2671 2424 καὶ
2712 2370 2988 2433 ἀϐέϐαιον,
3025 2372 3119 2424 καὶ
3150 2370 3505 2442 ἐπιθυμῶμεν
3526 2370 3569 2402 ³⁸
3601 2371 3747 2425 ὲκεί-

2163 2475 2269 2518 νων
2288 2465 2563 2531 ἐπιτυχεῖν
2578 2461 2622 2492 ³⁸
2646 2461 2756 2515 τῶν
2784 2462 3030 2531 ἀγαθῶν,
3062 2461 3097 2516 ἃ.
3119 2461 3315 2532 διαρκῆ
3338 2462 3434 2534 τὴν
3467 2461 3626 2531 φύσιν
3645 2461 3745 2515 καὶ

2168 2555 2395 2626 μόνιμον
2441 2554 2589 2626 ἔχει’
2647 2546 2721 2606 ὧν
2761 2554 2970 2622 γένοιτο
3000 2555 3205 2616 πάντας
3231 2555 3378 2625 ἡμᾶς
3414 2553 3741 2615 ἀπολαῦσαι,

2163 2644 2344 2716 χάριτι
2374 2642 2864 2713 καὶφιλανθρωπίᾳ
2880 2643 2973 2697 τοῦ
2997 2643 3204 2716 Κυρίου
3228 2642 3385 2713 ἡμῶν
3415 2643 3586 2714 Ἰησοῦ
3608 2643 3743 2715 Χρι-

2164 2733 2308 2798 στοῦ,
2337 2731 2455 2803 μεθ’
2479 2726 2538 2786 06
2558 2731 2635 2803 τῷ
2663 2733 2836 2803 [Ia-:01
2864 2732 3011 2798 δόξα,
3042 2734 3138 2786 σὺν
3165 2732 3241 2803 τῷ
3274 2732 3412 2803 ἁγίῳ
3441 2732 3742 2803 Πνεύματι,

2160 2824 2254 2878 νῦν
2277 2824 2372 2877 xal.
2393 2823 2499 2888 aet,
2527 2823 2622 2877 καὶ
2650 2824 2729 2888 είς
2758 2824 2883 2888 τοὺς
2912 2824 3116 2890 αἰῶνας
3141 2824 3249 2879 τῶν
3275 2824 3508 2881 αἰώνων.
3543 2823 3744 2895 ’Δμήν.

552 2967 579 3005 9
603 2957 795 3015 Matth.
820 2977 876 3026 v,
904 2961 959 3016 3.
1037 2968 1062 2997 ο
1095 2959 1291 3016 Matth.
1320 2960 1504 3027 11,29.
1582 2969 1610 3011 P
1641 2959 1779 3015 ibid.
1858 2968 1887 3009 ιι
1918 2957 1963 3014 ll
1995 2958 2125 3014 Cor.
2158 2974 2274 3024 vni,
2311 2957 2363 3012 9.

1762 3093 1995 3149 νΑῐιιιΕ
2035 3094 2333 3151 LECTION
2338 3095 2443 3154 ES.

549 3209 595 3241 ι’
623 3207 736 3262 καί.
762 3207 805 3261 Β
827 3224 1017 3280 praem.
1058 3208 1152 3263 καὶ
1184 3209 1328 3280 ἡμᾶς
1347 3209 1545 3272 αὐτοὺς
1571 3210 1902 3281 ὲπιγνῶμεν.
1979 3210 2025 3242 ³ο
2047 3209 2160 3265 ἐπί.
2185 3209 2227 3265 Β
2261 3214 2338 3266 ὲν.
2417 3211 2460 3244 ³¹
2490 3210 2532 3266 Β
2559 3209 3013 3284 ἓπιθυμήσωμιν.
3092 3212 3138 3245 ³⁸
3172 3210 3214 3266 Β
3239 3211 3450 3285 τυχεῖν.

1826 3565 2211 3653 ΤΟΜΟΣ
2285 3562 2394 3650 E'.

1609 3850 1962 4007 LIBER
2041 3920 2624 4022 QUINTUS.

1118 4251 1346 4309 CAPUT
1379 4254 1443 4310 V.

557 4338 1076 4409 Nabuchodonosor,
1109 4343 1299 4400 Evilad
1328 4345 1622 4402 Marodach
1643 4389 1658 4414 ,
1701 4349 1973 4408 Baltasar.

549 4431 717 4489 Vnus.
738 4434 790 4487 1.
834 4435 1125 4491 «Baltasar
1155 4452 1250 4491 rex
1285 4442 1572 4509 apparavit
1598 4457 1814 4498 cmnam
1843 4445 2052 4500 lautam

480 4524 837 4594 optimatibus
864 4526 1001 4582 suis.
1042 4544 1061 4579 ι
1089 4525 1190 4581 Hic
1218 4526 1362 4585 ﬁlius
1385 4530 1607 4598 quidem
1642 4542 1727 4587 est
1756 4532 2056 4590 Nabucho-

479 4615 792 4682 donosoris,
814 4632 923 4670 non
956 4625 1139 4671 autem
1165 4619 1350 4672 statim
1378 4620 1480 4689 ipsi
1506 4623 1782 4676 successit
1815 4643 1828 4677 :
1868 4622 2052 4678 Evilad

483 4703 772 4760 Marodach
803 4708 949 4761 enim
976 4704 1148 4761 frater
1175 4707 1351 4777 ipsius
1383 4713 1561 4777 major
1589 4716 1745 4773 natu,
1776 4711 2048 4780 regnavit.

478 4795 647 4867 idque
671 4797 887 4866 1158
909 4811 1008 4851 nos
1040 4797 1202 4854 docet
1235 4813 1424 4869 regum
1455 4799 1686 4853 historia
1706 4808 1754 4862 τ,
1784 4807 1839 4854 et
1860 4801 2054 4856 beatus

473 4883 745 4941 Jeremias
770 4887 1064 4956 propheta,
1092 4889 1186 4958 qui
1215 4889 1289 4942 ita
1316 4894 1506 4942 narrat
1542 4908 1554 4942 :
1591 4906 1612 4940 ι
1648 4887 1713 4942 Et
1736 4887 1943 4944 factum
1966 4898 2052 4945 est

477 4990 626 5030 anno
658 4977 945 5032 tricesimo
1000 4981 1242 5049 septimo
1277 4979 1791 5048 transmigrationis
1819 4979 2055 5037 Joacimi

478 5067 625 5136 regis
650 5065 822 5133 Iudae,
848 5084 1035 5125 mense
1053 5070 1403 5136 duodecimo,
1423 5070 1554 5140 (die)
1579 5058 1837 5126 vicesimo
1857 5082 2057 5142 quarto

479 5158 708 5224 mensis,
739 5162 974 5231 sumpsit
1015 5161 1206 5216 Evilad
1242 5160 1684 5229 Marodach,rex
1731 5162 2051 5236 Babylonis,

480 5265 625 5304 anno
654 5251 750 5307 illo
780 5269 893 5324 quo
916 5254 1185 5322 regnavit,
1215 5263 1381 5324 caput
1418 5253 1650 5310 Joacimi
1692 5257 1841 5327 regis
1873 5257 2049 5325 ludas,

478 5351 532 5396 ct
560 5342 751 5398 eduxit
776 5347 957 5417 ipsum
994 5360 1025 5399 e
1055 5346 1242 5408 domo,
1280 5347 1373 5404 ubi
1409 5348 1847 5413 custodiebatur,
1881 5363 1933 5406 et
1964 5352 2050 5407 lo-

479 5441 644 5490 cutus
674 5444 759 5491 est
786 5438 835 5492 ei
861 5437 1026 5503 bona,
1053 5446 1107 5492 et
1140 5437 1292 5494 dedit
1319 5439 1367 5494 ei
1404 5441 1588 5496 sedem
1620 5457 1787 5513 supra
1813 5442 2047 5500 thronos

552 5569 620 5627 IV
651 5572 784 5646 Reg.
822 5588 949 5636 xxv,
979 5572 1012 5627 9
1048 5588 1203 5644 seqq.

2083 4266 2131 4329 Ω

2699 4266 3095 4323 ΚΕΦᾹΛΔῙΟΝ
3121 4268 3196 4325 Ε’.

2153 4357 2710 4427 Ναϐουχοδονόσορ,
2775 4360 3002 4415 Εὐϊλὰδ
3052 4360 3354 4433 Μαροδὰχ,
3388 4363 3739 4434 Βαλτάσαρ.

2223 4455 2291 4501 a'.
2341 4467 2361 4500 ι
2396 4450 2683 4521 Βαλτάσαρ
2702 4453 2729 4504 6
2751 4451 3002 4522 βασιλεὺς
3030 4454 3253 4526 ἐποίησε
3277 4455 3491 4509 δεῖπνον
3516 4456 3660 4527 μέγα
3688 4456 3736 4489 ⁸³

2150 4539 2265 4600 τοίς
2307 4540 2629 4607 μεγιστᾶσιν
2671 4541 2860 4596 αὑτοῦ.
2916 4561 2935 4593 ι
2982 4534 3152 4607 Οὗτος
3192 4544 3306 4607 υίὸς
3346 4544 3447 4614 μέν
3492 4545 3608 4598 ἔστι
3635 4544 3735 4598 τοῦ

2152 4625 2646 4700 Ναϐουχοδονόσορ,
2697 4629 2798 4683 οὒκ
2846 4630 3008 4694 εὐθὺς
3056 4631 3114 4683 δὲ
3158 4630 3320 4705 αὐτὸν
3358 4630 3661 4697 διεδέξατο·
3705 4635 3735 4686 6

2153 4717 2263 4787 γὰρ
2294 4718 2491 4773 Εὺῐλὰδ
2514 4719 2773 4790 Μαροδὰχ
2804 4721 3035 4791 ἀδελφὸς
3054 4722 3218 4776 αὑτοῦ
3251 4722 3327 4777 ὢν
3360 4724 3732 4796 πρεσϐύτερος

2155 4805 2492 4874 ἐϐασίλευσε,
2518 4809 2611 4861 καὶ
2634 4810 2794 4864 τοῦτο
2823 4814 2856 4881 ἡ
2885 4811 2994 4865 τῶν
3020 4812 3320 4868 Βασιλειῶν
3350 4815 3499 4887 ἡμᾶς
3520 4816 3733 4887 ἱστορία

2152 4895 2415 4962 διδάσκει,
2468 4899 2562 4952 καὶ
2614 4901 2643 4953 6
2690 4901 2962 4971 μακάριος
3016 4903 3284 4975 Ἱερεμίας
3335 4907 3363 4959 6
3419 4906 3730 4977 προφήτης,

2155 4990 2352 5045 οὑτωσὶ
2384 4991 2562 5060 λέγων
2585 5008 2600 5024 ο
2649 5012 2668 5045 ι
2705 4995 2814 5047 Καὶ
2841 4994 3060 5062 ἐγένετο
3093 4996 3151 5047 ὲν
3178 4994 3257 5066 τῷ
3292 4996 3596 5067 τριακοστῷ
3634 4997 3732 5052 καὶ

2160 5081 2373 5155 ἑϐδόμῳ
2417 5083 2526 5136 ἔτει
2576 5084 2982 5148 ἀπωκισθέντος
3019 5085 3115 5139 τοῦ
3169 5086 3425 5158 ἰωακεὶμ
3465 5086 3732 5158 βασιλέως

2171 5172 2364 5237 Ἰούδα,
2397 5174 2456 5225 ἐν
2504 5172 2584 5243 τῷ
2612 5173 2896 5243 δωδεκάτῳ
2923 5174 2970 5205 ³⁸
3017 5175 3166 5246 μηνὶ,
3202 5176 3297 5229 καὶ
3331 5177 3389 5229 ὲν
3417 5179 3482 5248 τῇ
3511 5177 3731 5249 τετράδι

2158 5261 2254 5316 καὶ
2278 5262 2452 5316 εἰκάδι
2484 5260 2578 5315 τοῦ
2610 5261 2798 5333 μηνὸς,
2830 5262 3021 5316 ἐλαϐεν
3057 5264 3253 5319 Εὺῖλὰδ
3298 5266 3579 5338 Μαροδὰχ,
3627 5267 3729 5335 βα·-

2160 5353 2339 5416 σιλεὺς
2370 5351 2711 5415 Βαϐυλῶνος,
2759 5354 2816 5404 ὲν
2841 5345 2885 5421 ᾧ
2923 5353 3156 5425 ἐνιαυτῷ
3178 5355 3222 5389 ³⁸
3253 5356 3591 5423 ἐϐασίλευσε,
3627 5358 3727 5428 τὴν

2154 5442 2398 5510 κεφαλὴν
2440 5441 2697 5512 Ἰωακεὶμ
2723 5443 2767 5474 ⁸⁸
2803 5442 3065 5511 βασιλέως
3107 5444 3299 5513 Ἰούδα,
3334 5446 3429 5501 καὶ
3459 5445 3728 5516 ἐξήγαγεν

1816 5641 2051 5700 ἾΛΒΙΑΞ
2093 5641 2507 5702 LECTIONES.

580 5798 625 5830 ’θ
658 5796 826 5865 μέγα.
865 5799 988 5857 Des.
1025 5800 1079 5856 in
1096 5801 1159 5855 A.
1240 5800 1283 5833 "
1322 5800 1613 5875 Βδεκάτῳ.
1689 5803 1733 5835 ⁸⁸
1760 5801 1800 5855 Β
1834 5802 1909 5874 τῷ
1940 5801 2189 5872 ἐνιαυτῷ,
2367 5802 2413 5835 ³⁶
2460 5801 2635 5859 Ἱωακ.
2669 5802 2856 5861 Des.in
2884 5803 2946 5859 Β.
