4092 6432
390 403 523 469 1377

1576 392 2027 458 INDANELIS
2061 392 2213 453 CAP.
2252 397 2320 457 ι’.

3514 403 3646 470 1378

387 515 551 570 αὐτὸν
583 512 642 577 ἐξ
679 510 852 576 οἴκου,
897 503 957 564 οὗ
993 506 1340 578 ἐφυλάττετο,
1387 507 1480 560 καὶ
1513 505 1777 577 ἐλάλησεν
1817 501 1965 572 αύτῷ

2080 520 2301 576 regnum
2358 506 2575 562 illorum
2638 507 2734 578 qui
2781 522 2904 563 cum
2945 523 3010 562 eo
3043 516 3205 563 erant
3239 511 3291 564 in
3329 509 3648 583 Babylone:

386 605 621 680 χρηστὰ,
652 603 746 655 καὶ
785 602 984 654 ἔδωκεν
1008 598 1154 669 αὐτῷ
1179 599 1268 651 τὸν
1287 597 1475 667 δίφρον
1500 598 1686 650 ἐπάνω
1706 597 1814 649 τῶν
1839 595 1966 666 Θρό-

383 715 494 751 νων
522 696 630 748 τῶν
669 694 935 764 βασιλέων
969 691 1076 744 τῶν
1107 691 1226 762 μετ’
1251 689 1414 743 αὐτοῦ
1455 690 1512 742 ἐν
1547 687 1843 753 Βαϐυλῶνι,
1874 685 1968 739 καὶ

386 787 586 860 ἤλλαξε
621 787 720 856 τὴν
771 784 966 852 στολὴν
1015 785 1112 852 τῆς
1157 781 1404 850 φυλακῆς
1452 779 1640 842 αὐτοῦ,
1688 778 1781 832 καὶ
1813 779 1968 848 ἣσθιε

386 875 681 931 Sun-avri);
727 876 894 944 ἄρτον
941 871 1082 925 κατὰ
1116 870 1408 941 πρόσωπον
1451 868 1615 921 αὐτοῦ
1648 867 1828 930 πάσας
1870 867 1970 930 τὰς

393 967 604 1038 ἡμέρας
642 964 708 1028 ἃς
739 963 950 1033 ἔζησεν.
993 981 1010 1014 ι
1061 961 1319 1030 Ἰωακεὶμ
1362 959 1416 1012 δὲ
1447 953 1598 1022 οὗτός
1642 962 1790 1011 ἐστιν
1816 960 1843 1011 6
1874 957 1970 1010 καὶ

400 1055 708 1127 Ἰεχωνίας·
759 1054 1014 1121 Ἰωακεὶμ
1066 1052 1174 1122 γὰρ
1222 1051 1312 1103 τὸν
1362 1050 1553 1103 τούτου
1600 1050 1843 1120 πατέρα,
1877 1048 1967 1102 τὸν

387 1150 486 1202 καὶ
531 1147 834 1216 Ἐλιακείμ,
868 1145 954 1214 ἐφ’
985 1136 1044 1196 οὗ
1076 1143 1104 1195 6
1141 1143 1409 1213 μακάριος
1438 1139 1837 1213 ῂχμαλωτεύθη
1866 1142 1969 1192 Δα-

388 1241 533 1313 νιὴλ,
575 1242 631 1293 ἐν
669 1241 736 1310 τῇ
780 1236 1138 1308 Ἰερουσαλὴμ
1175 1234 1381 1288 ἀνελὼν
1408 1234 1435 1284 6
1478 1233 1966 1304 Ναϐουχοδονόσορ,

387 1333 616 1405 ἔρριψεν
643 1331 748 1396 ἔξω
778 1329 870 1382 τοῦ
900 1328 1111 1398 τείχους
1133 1366 1148 1390 ,
1173 1326 1247 1389 ὡς
1278 1328 1310 1396 ἠ
1340 1325 1458 1378 θεία
1482 1324 1726 1377 διδάσκει
1755 1324 1966 1395 Γραφή.

387 1423 551 1478 Μετὰ
584 1422 675 1475 τὸν
709 1420 1182 1489 Ναϐουχοδονόσορ
1208 1418 1386 1472 τοίνυν
1421 1417 1618 1470 Εύῖλὰδ
1644 1417 1904 1488 Μαροδὰχ
1924 1419 1966 1450 ³⁷

391 1513 703 1584 βασιλεύει·
735 1512 874 1584 μετὰ
896 1511 952 1564 δὲ
984 1509 1173 1564 τοῦτον
1205 1513 1233 1563 6
1262 1509 1570 1580 Βαλτάσαρ.
1597 1510 1970 1563 Καταλέλοιπε

386 1607 448 1661 δὲ
493 1607 683 1661 τούτου
731 1604 829 1675 τὴν
877 1605 1096 1674 μνήμην
1137 1604 1164 1655 6
1197 1601 1470 1664 θειότατος
1511 1600 1727 1672 Δανιὴλ,
1781 1601 1968 1670 ἐπειδὴ

388 1701 490 1770 οὐχ
514 1699 754 1768 ἱστορίαν
785 1695 993 1760 ἁπλῶς,
1025 1693 1162 1747 ἀλλὰ
1181 1693 1517 1764 προφητείαν
1549 1693 1884 1764 συγγράφειο
1909 1687 1970 1746 οὗ

388 1795 553 1865 χάριν
581 1790 700 1844 οὐδὲ
739 1789 956 1844 ἅπαντα
989 1787 1056 1840 τὰ
1095 1785 1200 1838 ὑπὸ
1239 1785 1334 1839 τοῦ
1376 1785 1849 1856 Ναϐουχοδονόσορ
1875 1802 1970 1853 γε-

390 1883 671 1953 γενημένα
711 1877 1068 1949 συνέγραψεν,
1111 1876 1225 1930 ἀλλ’
1268 1877 1452 1930 ἐκεῖνα
1488 1875 1669 1945 μόνον,
1701 1868 1774 1928 ὧν
1797 1877 1966 1945 αναγ-

388 1977 523 2029 καία
547 1971 613 2044 ἦν
657 1973 746 2026 διὰ
791 1972 888 2042 τὴν
917 1969 1183 2040 ὠφέλειαν
1211 1971 1244 2040 ἡ
1283 1972 1490 2039 μνήμη.
1547 1967 1762 2040 Ἐπειδὴ
1790 1968 1968 2022 τοίνυν

389 2069 488 2124 καὶ
526 2068 619 2120 ἐπὶ
671 2064 765 2118 τοῦ
814 2063 1106 2135 Βαλτάσαρ
1163 2063 1422 2133 μέγιστον
1469 2061 1667 2128 ἔδειξεν
1689 2061 1733 2093 ³⁸
1772 2063 1800 2114 6
1838 2061 1970 2124 Θεὸς

390 2163 599 2232 θαῦμα,
643 2157 737 2212 καὶ
776 2156 980 2219 ἱκανὸν,
1015 2155 1076 2207 οὐ
1121 2154 1280 2224 μόνον
1321 2155 1434 2216 τοῖς
1473 2153 1730 2224 τηνικάδε
1762 2151 1972 2222 ἀνθρὼ-

389 2269 538 2316 ποις,
556 2249 694 2304 ἀλλὰ
720 2248 814 2300 καὶ
843 2248 956 2309 τοῖς
978 2244 1202 2314 ὕστερον
1228 2243 1359 2296 ποτὲ
1379 2243 1689 2313 γενομένοις
1714 2243 1779 2309 ³⁸,
1812 2241 1971 2295 εὐλά-

392 2345 548 2398 ϐειαν
599 2341 832 2395 ἐνθεῖναι
866 2338 961 2391 καὶ
1007 2336 1148 2400 δέος,
1180 2336 1275 2388 καὶ
1321 2335 1458 2406 πρὸς
1492 2333 1774 2386 εύσέόειαν
1841 2333 1970 2386 ποδ-

391 2434 738 2509 ηγῆσαι,ούκ
764 2430 917 2502 ᾠήθη
943 2429 1151 2483 δίκαιον
1171 2425 1436 2496 τοσαύτην
1466 2425 1785 2494 εὐεργεσίαν
1803 2442 1972 2478 κατα-

392 2529 605 2601 κρύψαι
634 2528 783 2596 σιγῇ,
811 2525 956 2578 ὅσιον
987 2522 1043 2575 δὲ
1075 2523 1249 2575 ποιεῖν
1281 2519 1565 2588 νενόμικεν
1587 2518 1901 2588 ἁνάγραφον
1925 2516 1970 2548 ⁸ο

393 2621 551 2685 αὐτὸ,
566 2620 660 2674 καὶ
680 2619 846 2673 πᾶσιν
875 2615 1175 2685 ὑπόμνημα
1193 2610 1538 2672 διδασκαλίας
1561 2609 1879 2663 καταλιπεῖν
1902 2608 1969 2661 ⁸⁵⁸.

394 2717 489 2770 Διό
523 2729 686 2785 φησιν
706 2728 720 2742 ·
767 2729 786 2762 ι
826 2708 1115 2776 Βαλτάσαρ
1159 2703 1408 2774 βασιλεὺς
1436 2703 1479 2733 ’⁸³
1510 2702 1732 2772 ἐποίησε
1762 2702 1972 2756 δεῖπνον

399 2809 546 2880 μέγα
563 2805 608 2837 ⁸³
628 2805 740 2867 τοῖς
767 2801 1086 2873 μεγιστᾶσιν
1110 2797 1273 2851 αὑτοῦ
1303 2795 1493 2867 χιλίοις
1515 2795 1580 2862 ⁸⁵,
1613 2794 1703 2848 καὶ
1729 2794 1907 2847 ἔναντι
1927 2795 1973 2826 ⁸⁸

394 2900 508 2953 τῶν
534 2897 720 2968 χιλίων
753 2896 780 2946 6
813 2889 971 2955 οἶνος.
1015 2910 1034 2943 ι
1089 2889 1368 2956 Τουτέστι,
1398 2891 1511 2949 τοῖς
1543 2886 1736 2957 χιλίοις
1765 2885 1971 2956 ἀρκῶν,

396 2991 538 3063 πρὸς
564 2989 655 3042 τὸν
687 2986 940 3041 τοσοῦτον
967 2981 1196 3054 ἀριθμὸν
1219 2979 1673 3053 ηὑτρεπισμένος.

2069 606 2124 652 et
2159 599 2394 652 mutavit
2447 607 2657 654 vestem
2720 600 2968 656 carceris
3023 602 3162 670 ejus.
3217 611 3272 658 et
3324 605 3652 658 comedebat

2070 704 2286 758 semper
2312 704 2512 759 panem
2566 701 2692 746 ante
2741 691 2938 746 faciem
2986 692 3134 746 illius
3171 709 3270 761 per
3297 709 3492 751 omnes
3523 697 3651 751 dies

2068 795 2211 848 quos
2245 781 2384 835 vixit
2409 793 2456 834 ε.
2484 801 2502 832 ι
2533 782 2635 836 Hic
2665 792 2846 838 autem
2868 783 3079 838 Joacim
3114 787 3207 840 ilic
3226 797 3329 852 est,
3352 790 3447 857 qui
3477 791 3646 844 etiam

2068 869 2368 928 Jechonias
2429 873 2612 930 dictus
2684 874 2786 930 fuit
2837 895 2848 929 :
2907 884 3074 930 nam'
3113 877 3424 935 Joacimum
3481 883 3649 948 hujus

2071 971 2306 1032 patrem,
2331 965 2424 1034 qui
2465 973 2520 1019 et
2563 966 2795 1019 Eliacim
2851 968 3175 1022 nominatus
3220 977 3343 1033 est,
3387 972 3493 1026 sub
3539 986 3651 1040 quo

2070 1055 2267 1110 beatus
2311 1053 2503 1110 Daniel
2539 1057 2595 1110 in
2635 1057 2958 1112 servitutem
2994 1059 3254 1114 redactus
3288 1071 3395 1125 est,
3435 1063 3491 1116 in
3521 1061 3651 1118 Hie-

2069 1147 2348 1217 rosolyma
2379 1148 2625 1201 occisum
2663 1146 3174 1204 Nabuchodonosor
3218 1154 3448 1221 projecit
3489 1164 3647 1210 extra

2071 1255 2314 1302 murum,
2354 1249 2411 1293 ut
2434 1241 2620 1294 divina
2653 1241 2815 1294 docet
2852 1239 3162 1310 Scriptura.
3198 1245 3331 1299 Post
3355 1244 3648 1302 Nabucho-

2070 1332 2400 1386 donosorcm
2432 1333 2618 1402 itaque
2675 1332 2866 1386 Evilad
2914 1331 3212 1387 Marodach
3264 1344 3480 1404 regnat,
3523 1349 3650 1408 post

2071 1424 2389 1478 illum-vero
2429 1424 2700 1488 Baltasar,
2743 1424 2892 1480 illius
2925 1435 3111 1478 autem
3141 1429 3462 1482 memoriam
3501 1432 3650 1484 omi-

2071 1517 2146 1571 sit
2174 1517 2573 1572 sanctissimus
2598 1517 2813 1579 Daniel,
2843 1519 3290 1587 quandoquidem
3334 1536 3445 1576 non
3491 1523 3654 1579 abso-

2073 1608 2186 1663 lute
2215 1608 2529 1668 historiam.
2557 1609 2651 1663 sed
2682 1609 3028 1678 prophetiam
3060 1613 3369 1666 conscribit
3407 1631 3421 1666 τ
3453 1629 3652 1683 quam-

2072 1700 2264 1755 obrem
2321 1713 2400 1753 ne
2457 1699 2643 1752 omnia
2685 1700 2909 1769 quidem
2969 1716 3094 1769 qua:
3125 1716 3155 1754 a
3204 1701 3654 1760 Nabuchodono-

2075 1807 2199 1846 sore
2230 1799 2378 1861 gesta
2421 1798 2550 1846 sunt
2601 1792 2806 1845 litteris
2845 1793 3218 1861 consignavit,
3248 1795 3353 1848 sed
3382 1796 3473 1848 illa
3505 1798 3653 1852 dun-

2077 1891 2262 1950 taxat,
2329 1897 2565 1952 quorum
2624 1884 2939 1937 necessaria
3006 1885 3264 1940 utilitatis
3326 1901 3460 1955 ergo
3530 1898 3653 1944 erat

2075 1973 2367 2029 memoria.
2435 1972 2669 2038 Quando
2737 1976 2922 2041 itaque
2989 1973 3290 2028 maximum
3357 1978 3522 2030 etiam
3595 1979 3652 2033 in

2076 2064 2360 2120 Baltasare
2399 2064 2544 2118 Deus
2596 2065 2842 2120 ostendit
2876 2064 3227 2128 miraculum,
3257 2067 3406 2135 quod
3444 2079 3498 2123 et
3535 2070 3654 2123 ido-

2077 2175 2238 2212 neum
2275 2167 2423 2213 esset
2449 2157 2518 2212 ad
2547 2157 2988 2226 ingenerandum
3037 2161 3287 2214 timorem
3318 2175 3443 2214 cum
3496 2175 3654 2217 reve-

2078 2252 2279 2315 rentia,
2319 2266 2426 2304 non
2458 2252 2635 2304 solum
2667 2251 2734 2304 iis
2761 2254 2854 2320 qui
2883 2260 3015 2305 tunc
3047 2251 3328 2313 vivebant,
3360 2253 3455 2306 sed
3487 2252 3650 2306 etiam

2077 2343 2342 2413 posteris,
2396 2342 2656 2411 quodque
2705 2342 2932 2396 duceret
2979 2341 3046 2396 ad
3101 2357 3284 2396 veram
3332 2343 3590 2412 pietatem
3634 2360 3649 2397 :

2082 2433 2297 2504 1159
2335 2449 2442 2486 non
2464 2434 2803 2487 existimavit
2837 2449 3053 2503 aquom
3087 2449 3209 2488 esse
3239 2442 3454 2487 tantum
3483 2435 3651 2494 benee

2079 2527 2261 2580 ﬁcium
2313 2526 2534 2580 silentio
2588 2527 2901 2592 occultare,
2973 2525 3069 2580 sed
3129 2527 3389 2594 opinatus
3446 2533 3532 2581 est
3594 2539 3654 2580 se

2078 2618 2336 2688 religiose
2391 2617 2688 2682 facturum,
2739 2619 2783 2672 si
2839 2619 3041 2673 litteris
3091 2618 3223 2671 illud
3267 2619 3540 2688 proderet,
3600 2627 3655 2672 et

2080 2710 2338 2764 omnibus
2359 2709 2624 2764 doctrinae
2649 2709 3048 2764 monimentum
3071 2710 3419 2778 relinqueret.
3448 2710 3654 2774 Quare,

2087 2819 2106 2851 ι
2147 2798 2424 2861 Baltasar,
2465 2799 2666 2866 inquit,
2714 2813 2810 2853 rex
2850 2798 3139 2868 apparavit
3181 2813 3396 2852 caenam
3447 2799 3654 2852 lautam

2083 2890 2443 2960 optimatibus
2479 2889 2598 2944 suis
2642 2889 2813 2950 mille,
2845 2897 2900 2942 et
2940 2904 3127 2942 coram
3175 2889 3326 2942 mille
3375 2889 3582 2942 vinum.
3633 2906 3652 2940 ι

2086 2980 2200 3035 lloc
2230 2988 2337 3044 est,
2374 2980 2560 3034 vinum
2587 2994 2688 3049 pro
2725 2980 2965 3034 millenis
2998 2979 3299 3043 suﬂiciens,
3329 2981 3396 3034 ad
3445 2989 3658 3034 tantum

2084 3085 2376 3125 numerum
2412 3083 2687 3139 paratum.

473 3163 542 3236 β’.
573 3135 617 3215 ἰ
658 3161 834 3215 Πίνων
864 3159 942 3224 δὲ,
974 3157 1160 3228 φησὶν,
1199 3157 1228 3208 6
1265 3155 1552 3225 Βαλτάσαρ
1599 3149 1750 3206 εἶπεν
1800 3153 1858 3205 ἐν
1910 3155 1974 3222 τῇ

2159 3159 2328 3214 Vens.
2359 3135 2425 3213 2.
2455 3178 2473 3211 ι
2510 3160 2713 3214 Bibens
2739 3171 2920 3214 autem
2941 3201 2956 3225 ,
2986 3160 3195 3231 inquit,
3225 3160 3482 3216 Baltasar
3519 3161 3663 3216 dixit

397 3255 587 3326 γεύσει
616 3252 710 3307 τοῦ
745 3251 913 3313 οἴνου,
942 3247 1037 3301 τοῦ
1062 3248 1108 3279 ⁸⁸
1137 3249 1381 3314 ἐνεγκεῖν
1408 3245 1474 3298 τὰ
1507 3244 1674 3314 σκεύη
1706 3245 1775 3297 τὰ
1801 3246 1979 3313 χρυσᾶ

399 3350 499 3403 καὶ
524 3345 742 3418 ἀργυρᾶ
763 3343 830 3406 ⁸⁷,
861 3341 898 3395 ἃ
926 3340 1184 3411 ἐξήνεγκε
1215 3337 1707 3407 Ναϐουχοδονόσορ,
1739 3337 1767 3388 6
1802 3335 1980 3406 πατὴρ

400 3437 590 3502 αὐτοῦ,
619 3438 683 3490 ἐκ
703 3435 796 3489 τοῦ
822 3431 950 3488 ναοῦ
974 3431 1069 3484 τοῦ
1093 3433 1151 3484 ἐν
1191 3429 1546 3501 Ἰερουσαλήμ
1566 3444 1577 3456 ”
1612 3430 1704 3481 καὶ
1731 3427 1913 3480 ἔπινον
1937 3428 1980 3458 ⁸⁸

390 3537 465 3586 ενι
496 3532 678 3592 αὐτοῖς
706 3530 734 3581 6
768 3524 1040 3596 βασιλεὺς,
1081 3523 1176 3576 καὶ
1220 3524 1270 3574 οἱ
1309 3524 1634 3592 μεγιστᾶνες
1661 3518 1849 3584 αὐτοῦ,
1886 3521 1982 3574 καὶ

403 3625 462 3676 at
487 3621 808 3692 παράκοιτοι
832 3619 878 3654 ⁴⁹
904 3617 1093 3684 αὐτοῦ,
1137 3618 1230 3672 καὶ
1260 3619 1314 3671 αξ
1353 3616 1629 3670 παλλακαὶ
1653 3616 1700 3648 ⁵⁰
1735 3615 1920 3670 αὑτοῦ.
1959 3636 1976 3668 ι

403 3713 655 3767 Διδάσκει
690 3713 746 3766 δὲ
771 3712 920 3783 ἡμᾶς
947 3710 1038 3764 διὰ
1062 3709 1268 3763 τούτων
1314 3711 1342 3762 6
1387 3709 1694 3780 προφήτης,
1728 3709 1789 3760 οὐ
1823 3707 1983 3778 μόνον

403 3807 508 3876 τὴν
551 3805 650 3876 τῆς
692 3803 950 3866 ἀσεϐείας
977 3801 1304 3872 ὑπερϐολὴν,
1351 3799 1490 3854 ἀλλὰ
1535 3801 1628 3854 καὶ
1657 3799 1754 3871 τὴν
1783 3803 1848 3853 ἐκ
1887 3799 1984 3869 τῆς

407 3898 676 3969 ἀμετρίας
697 3896 792 3950 τοῦ
818 3897 960 3949 οἴνου
987 3896 1286 3966 γενομένην
1313 3893 1516 3964 βλάϐην
1533 3932 1548 3946 .
1583 3911 1602 3945 ι
1629 3895 1807 3946 Πίνων
1851 3892 1982 3962 γὰρ,

408 3992 598 4062 φησὶν,
629 3992 658 4043 6
690 3989 942 4060 βασιλεὺς
975 3983 1126 4042 εἶπεν
1167 3988 1223 4039 ἐν
1252 3989 1317 4055 τῇ
1353 3985 1539 4054 γεύσει
1568 3984 1662 4038 τοῦ
1689 3987 1855 4046 οἴνου,
1888 3984 1985 4037 τοῦ

408 4081 652 4150 ἐνεγκεῖν
675 4079 746 4132 τὰ
781 4079 950 4149 σκεύη
979 4078 1047 4132 τά
1081 4079 1259 4148 χρυσᾶ
1282 4078 1375 4131 καὶ
1403 4077 1470 4131 τά
1509 4078 1745 4148 ἀργυρᾶ.
1787 4097 1805 4128 ι
1846 4080 1989 4131 Κατ-

409 4175 582 4246 έχωσε
609 4175 768 4246 γὰρὴ
794 4173 930 4244 μέθη
956 4172 1044 4227 τὸν
1068 4173 1345 4244 λογισμὸν,
1375 4173 1469 4226 καὶ
1497 4175 1527 4242 ἡ
1553 4173 1793 4244 ἀκρασία
1818 4173 1858 4204 ⁵¹
1889 4173 1986 4243 τὴν

408 4267 552 4321 κατὰ
565 4267 658 4321 τοῦ
683 4265 816 4319 Θεοῦ
839 4264 1034 4336 μανίαν
1056 4265 1334 4334 ἐγέννησε·
1358 4264 1534 4318 καὶτὰ
1549 4264 1674 4333 άφιε
1685 4264 1903 4334 ρωμένα
1919 4265 1983 4334 τῇ

405 4345 504 4410 ε’τοῦ
522 4355 656 4409 Θεοῦ
677 4356 944 4426 θεραπείᾳ.
965 4355 1156 4425 σκεύη,
1184 4354 1220 4408 ὃ.
1239 4354 1732 4426 Ναϐουχοδονόσορ,
1753 4355 1781 4406 6
1806 4354 1988 4423 πατὴρ

411 4447 774 4513 αὐτοῦ,έλα6ε
802 4448 920 4518 μὲν,
946 4447 1038 4502 τοῦ
1067 4446 1204 4500 Θεοῦ
1226 4447 1642 4519 προδεδωκότος,
1675 4447 1900 4516 ἐτίμησε
1931 4445 1988 4498 δὲ

2082 3267 2204 3306 curn
2241 3258 2490 3320 gustaret
2524 3251 2715 3304 vinum
2744 3293 2758 3316 ,
2805 3258 2865 3304 ut
2920 3249 3246 3306 aﬂ‘errentur
3280 3267 3412 3305 vasa
3453 3265 3620 3305 aurea
3644 3292 3660 3316 ,

2081 3353 2136 3397 et
2162 3351 2440 3412 argentea,
2468 3357 2592 3411 qum
2613 3343 3002 3410 deportaverat
3035 3351 3190 3411 pater
3210 3342 3333 3410 ejus
3359 3341 3662 3396 Nabucho-

2083 3431 2327 3485 donosor
2353 3447 2382 3485 e
2403 3431 2612 3500 templo
2645 3432 2795 3502 quod
2827 3443 2915 3488 est
2947 3434 3000 3486 in
3036 3431 3416 3504 Hierosolyma
3450 3452 3462 3489 :
3496 3443 3550 3487 et
3575 3433 3662 3486 bi-

2084 3518 2284 3574 bebant
2312 3534 2377 3574 ex
2407 3520 2490 3575 eis
2521 3535 2639 3587 rex,
2666 3529 2719 3573 et
2747 3521 3048 3591 Optimates
3072 3521 3194 3591 ejus
3218 3561 3233 3586 ,
3263 3529 3318 3576 et
3342 3523 3665 3576 concubinae

2083 3611 2204 3680 ejus
2229 3653 2243 3678 ,
2276 3619 2331 3666 et
2362 3612 2590 3682 pellices
2619 3613 2764 3683 ejus.
2796 3631 2815 3664 ι
2859 3611 2957 3668 His
2993 3621 3175 3667 autem
3203 3613 3367 3668 docet
3397 3629 3500 3668 nos
3537 3628 3668 3683 pro-

2085 3703 2280 3772 pheta,
2315 3718 2427 3757 non
2466 3703 2644 3758 solum
2688 3705 2995 3773 impietatis
3030 3705 3486 3774 exsuperantiam
3511 3745 3524 3770 ,
3569 3705 3663 3759 sed

2086 3798 2249 3851 etiam
2279 3797 2544 3851 damnum
2594 3799 2663 3851 ab
2707 3797 3008 3853 immodico
3045 3799 3158 3853 vini
3193 3815 3296 3855 usu
3336 3799 3666 3869 profectum.

2093 3885 2342 3941 «Bibens
2406 3887 2551 3940 enim
2606 3903 2726 3950 rex,
2780 3888 2988 3957 inquit,
3043 3890 3188 3944 dixit
3235 3905 3360 3945 cum
3412 3897 3670 3957 gustaret

2085 3978 2312 4044 vinum,
2350 3987 2409 4032 ut
2450 3979 2787 4034 ati‘errentnr
2827 3996 2959 4035 vasa
3013 3995 3181 4036 aurea
3223 3990 3278 4035 et
3311 3995 3572 4050 argentea
3601 3996 3617 4033 τ·
3643 3997 3666 4032 ›

2087 4067 2282 4122 Obruit
2327 4069 2474 4122 enim
2523 4073 2798 4124 rationem
2848 4071 3130 4135 ebrietas,
3172 4077 3228 4124 et
3271 4071 3669 4126 incontinentia

2087 4163 2301 4233 peperit
2328 4171 2520 4217 contra
2549 4163 2725 4218 Deum
2761 4165 3040 4217 insaniam
3069 4183 3083 4232 ;
3116 4174 3173 4220 et
3202 4165 3456 4219 dedicata
3482 4165 3672 4218 divino

2089 4255 2262 4310 cultui
2295 4270 2430 4310 vasa
2457 4295 2470 4319 ,
2508 4270 2630 4324 quae
2666 4253 3188 4310 Nabuchodonosor
3228 4264 3382 4325 pater
3411 4257 3585 4325 ipsius
3613 4264 3674 4310 nt

2089 4364 2119 4402 a
2152 4347 2258 4402 Deo
2295 4347 2400 4402 sibi
2438 4347 2638 4402 tradita
2665 4348 2880 4418 accepit
2910 4349 3135 4417 quidem
3159 4389 3172 4413 ,
3207 4348 3300 4403 sed
3340 4349 3395 4401 in
3434 4350 3670 4408 honore,

2092 4449 2150 4494 ut
2178 4439 2566 4501 existimabat,
2603 4440 2827 4505 habuit,
2872 4449 2926 4494 et
2959 4441 3027 4495 ab
3058 4440 3321 4494 humanis
3367 4440 3562 4494 usibus
3607 4455 3671 4490 ea
3719 4484 3730 4496 .

412 4538 490 4600 ὡς
513 4538 754 4608 ἐνόμισε,
784 4537 879 4591 καὶ
906 4538 1005 4608 τῆς
1025 4537 1133 4591 τῶν
1153 4537 1454 4610 ἀνθρώπων
1487 4536 1827 4608 ἠλευθέρωσε
1855 4539 1976 4608 χρή·

2095 4531 2437 4597 vindicavit;
2491 4531 2580 4587 his
2625 4532 2731 4586 iste
2781 4538 2842 4585 ut
2889 4531 3286 4586 communibus
3334 4539 3388 4583 et
3428 4529 3674 4598 profanis

406 4612 573 4701 ἐσεως,
603 4630 812 4694 τούτοις
841 4631 916 4694 ὡς
941 4633 1139 4694 κοινοῖς
1168 4625 1321 4694 οὗτος
1351 4631 1618 4701 ἐτόλμησε
1648 4630 1985 4701 χρήσασθαι·

406 4698 475 4776 ὶού
506 4721 615 4792 γὰρ
647 4717 767 4776 εἶπε
815 4723 996 4793 μόνον,
1045 4722 1180 4777 ἀλλὰ
1228 4723 1325 4778 καὶ
1368 4723 1428 4777 τὸ
1475 4698 1774 4794 ἔργον-τοῖς
1811 4723 1992 4792 λόγοις

413 4814 703 4886 ἐπέθηκεν.
1655 4875 1657 4877 ι

486 4891 556 4953 γ’.
597 4903 616 4936 ι
673 4884 1004 4956 Ἠνέχθησαν
1042 4885 1180 4957 γὰρ,
1218 4887 1370 4956 φησὶ,
1407 4886 1476 4940 τὰ
1507 4884 1675 4956 σκεύη
1713 4886 1782 4940 τὰ
1816 4887 1995 4958 χρυσᾶ

415 4976 610 5030 καὶτὰ
661 4978 896 5049 ἀργυρᾶ,
941 4976 978 5031 ἆ
1031 4978 1293 5049 ἐξήνεγκε
1341 4980 1814 5051 Ναϐουχοδονόσορ
1837 4982 1881 5011 ⁸³
1930 4983 1994 5034 ἐκ

413 5067 512 5120 τοῦ
549 5068 677 5121 ναοῦ
719 5068 815 5122 τοῦ
863 5069 998 5122 Θεοῦ
1019 5071 1065 5103 ⁸³
1096 5071 1191 5124 τοῦ
1220 5073 1280 5125 ἐν
1324 5073 1703 5146 Ἰερουσαλήμ.
1741 5094 1760 5128 ι
1797 5075 1994 5140 Καλῶς

415 5157 477 5211 δὲ
504 5158 601 5228 τὴν
628 5161 727 5229 τῆς
762 5160 992 5224 ἀτοπίας
1020 5159 1218 5228 ἔδειξεν
1245 5162 1571 5234 ὑπερϐολὴν,
1604 5165 1741 5236 πρὸς
1773 5166 1850 5237 τῷ
1881 5165 1996 5237 ναῷ

491 5347 518 5390 s
546 5334 747 5393 Jercm.
778 5351 875 5403 ιιι,
907 5293 1094 5394 51-33.

2095 4635 2270 4676 ausus
2292 4630 2376 4676 est
2399 4622 2495 4675 uti.
2526 4621 2713 4692 Neque
2747 4621 2925 4677 solum
2953 4621 3118 4686 dixit,
3146 4621 3241 4677 sed
3276 4621 3442 4674 etiam
3473 4633 3531 4672 rc
3558 4619 3674 4686 ipsa

2095 4721 2396 4770 exsecutus
2429 4719 2540 4770 est.

2177 4885 2338 4942 Vsus.
2374 4887 2428 4940 5.
2467 4904 2486 4936 ‹
2518 4886 2695 4940 Allata
2729 4887 2874 4942 enim
2909 4892 3039 4941 sunt
3073 4899 3226 4952 vasa,
3264 4885 3472 4954 inquit,
3510 4899 3677 4938 aurea

2098 4984 2155 5030 et
2181 4983 2435 5047 argentea
2459 5019 2473 5044 ,
2509 4994 2631 5048 qua:
2661 4978 3052 5046 deportaverat
3094 4975 3609 5032 Nabuchodonosor
3649 4992 3680 5031 e

2101 5069 2305 5138 templo
2330 5067 2445 5135 Dei,
2471 5069 2616 5138 quod
2638 5081 2720 5124 est
2744 5070 2798 5124 in
2826 5069 3232 5139 Hierosolyma.
3257 5087 3276 5120 ι
3308 5068 3475 5124 Recte
3498 5077 3678 5122 autem

2107 5159 2322 5231 1160
2365 5161 2674 5219 insolentia:
2723 5162 2966 5218 ostendit
3018 5163 3510 5232 exsuperantiam,
3549 5160 3680 5215 dum

1733 5497 1966 5556 VARUE
2006 5501 2413 5561 LECTIONES.

494 5629 538 5709 ξ’
571 5629 666 5709 Εὐ.
702 5627 742 5682 Β
769 5644 970 5709 ιιιιιιειξιἒ
987 5631 1036 5684 6.
1097 5630 1157 5709 1'
1195 5631 1268 5685 εδ.
1309 5629 1366 5686 1η
1406 5631 1450 5709 B
1489 5642 1614 5709 post
1645 5633 1775 5709 Θεὸς
1806 5638 2066 5709 ponitur.
2145 5641 2188 5671 ³’
2218 5657 2331 5707 γεν.
2365 5637 2407 5692 Β
2455 5639 2758 5709 ἐσομένοις.
2838 5639 2882 5671 ⁸⁰
2919 5637 2958 5692 Β
2988 5639 3342 5709 ἀναγράφων.

569 5704 828 5781 επάχων..
875 5704 1156 5781 ’ξιβασς-Β..
1189 5718 1377 5781 praem.
1413 5704 1459 5757 6.
1540 5705 1584 5736 ⁸³
1607 5704 1780 5781 μέγαΖ
1804 5704 1928 5762 Des.
1962 5710 2014 5781 i_n
2045 5707 2103 5763 Β.
2182 5704 2360 5779 Μχιλ.
2396 5709 2439 5762 Α
2487 5704 2672 5781 praem.
2719 5710 2960 5781 ἀνδράσι.

420 5769 470 5842 ξ⁶
503 5770 624 5842 τοῦ.
663 5770 868 5842 Βεεείη
891 5769 993 5842 BL
1042 5771 1085 5803 ⁸⁷
1121 5769 1246 5842 ἀργ.
1282 5772 1323 5825 Β
1353 5789 1535 5840 praem.
1570 5769 1658 5829 τά.
1690 5769 1700 5774 ’
1737 5776 1847 5830 ⁸⁸-Α
1884 5789 1936 5832 ct
1963 5778 2004 5831 Β
2029 5769 2320 5834 πιέτωσάν.

425 5839 643 5914 Θαρσία.
720 5841 764 5872 ⁸⁷
788 5840 930 5896 Ναὸ.
965 5839 1091 5899 Des.
1127 5839 1180 5897 in
1205 5839 1268 5898 Α.
1419 5844 1511 5898 τοῦ
1531 5844 1696 5902 Θεοῦ.
1731 5846 1808 5902 Ex
1837 5847 1882 5902 A
1912 5856 1962 5906 et
1996 5847 2035 5902 Β
2063 5849 2242 5921 suppl.

417 5699 826 5772 ἐτριλιμπόινων.Δ
875 5700 920 5772 “_
943 5700 1063 5772 βασ.
1097 5699 1156 5754 Β.
1189 5718 1377 5772 praem.
1413 5704 1459 5757 6.

3441 5634 3485 5666 “
3520 5635 3561 5688 Β
3585 5655 3685 5690 κα·-

3063 5710 3107 5741 ⁴⁸
3135 5706 3178 5761 Α
3217 5715 3270 5758 et
3301 5706 3341 5758 Β
3374 5707 3682 5762 κατέναντι.

2398 5782 2442 5812 ⁴⁹
2467 5775 2507 5833 Α
2543 5775 2841 5836 παλλακαῖ.
2921 5781 2966 5812 ⁸⁸
2989 5780 3030 5836 Α
3062 5779 3336 5852 πάροικοι.
3410 5775 3454 5806 ⁸¹
3485 5776 3524 5830 Β
3547 5778 3673 5830 ἀκα·
