4092 6460
387 420 515 484 [379

1401 411 1885 473 TllEODORETI
1931 411 2267 471 EPISCOPI
2314 412 2677 473 CYHENSIS

3507 407 3644 474 1380

381 543 578 602 praeter
620 531 805 602 templi
861 529 1234 592 mentionem,
1291 526 1384 581 Dei
1430 543 1654 597 quoque
1708 526 1959 580 meminit

2067 527 2285 579 καὶτοῦ
2344 527 2480 580 Θεοῦ
2543 525 2954 598 μνημονεύσας,
3019 525 3114 580 καὶ
3178 527 3262 579 τοῦ
3311 525 3445 580 ναοῦ
3511 526 3568 580 δέ
3596 527 3647 560 ⁵⁵

382 621 684 690 templique
751 617 1050 673 ostendens
1121 616 1463 669 nobilitatem
1495 655 1510 678 ,
1575 612 1955 681 Hierosolyma:

382 729 581 767 nomen
623 712 897 782 apposuit.
944 714 959 731 ‘
998 708 1128 763 llaec
1163 710 1308 764 enim
1353 721 1483 761 vasa
1513 746 1526 769 ,
1576 706 1800 776 inquit,
1843 720 1955 758 non

383 803 660 873 aliquibus
688 819 752 857 ex
791 802 858 855 iis
887 801 980 870 qui
1020 800 1201 855 solum
1237 799 1531 864 videntur‘,
1564 806 1618 851 et
1643 798 1821 853 solum
1853 811 1956 850 no-

385 909 505 947 men
531 893 730 947 habent
755 891 983 945 deorum
1005 935 1020 954 ,
1051 889 1144 945 sed
1173 888 1279 957 ipsi
1315 888 1407 958 qui
1443 896 1638 957 praeest
1660 886 1918 940 omnibus
1939 923 1954 949 ,

385 981 526 1047 Deo,
580 982 762 1035 dicata
809 988 1012 1042 erant,
1057 979 1149 1049 qui
1201 979 1636 1049 Hierosolymam
1669 978 1864 1047 elegit,
1905 984 1959 1031 et

384 1076 644 1144 templum
665 1115 678 1137 ,
713 1074 862 1145 quod
907 1075 962 1126 in
997 1074 1114 1142 ipsa
1145 1081 1266 1136 est,
1304 1087 1403 1126 sua
1433 1072 1610 1141 gloria
1643 1069 1956 1140 complevit.

383 1165 584 1219 Verum
641 1167 798 1229 haec,
849 1180 971 1234 quae
1019 1163 1176 1218 nefas
1229 1172 1350 1216 erat
1405 1163 1708 1232 attingere,
1749 1170 1803 1214 et
1840 1175 1962 1229 qua;

380 1258 627 1312 omnium
672 1273 854 1310 rerum
899 1257 1008 1310 Deo
1065 1262 1225 1309 erant
1279 1261 1638 1318 consecrata,
1682 1267 1792 1306 non
1837 1261 1960 1304 tan-

384 1366 548 1418 quam
597 1349 906 1419 indigenti,
961 1347 1056 1401 sed
1111 1357 1376 1415 tanquam
1426 1359 1618 1399 eorum
1666 1343 1760 1412 qui
1799 1340 1960 1396 oll'er-

384 1449 547 1504 rent,
593 1448 810 1509 gratum
847 1439 1091 1492 animum
1127 1434 1455 1506 approbanti
1481 1473 1496 1499 ,
1531 1433 1733 1502 impius
1769 1447 1862 1486 rex
1906 1433 1959 1485 in

390 1531 639 1584 medium
689 1529 868 1583 aﬂerri
915 1528 1112 1596 jussit,
1161 1536 1215 1581 et
1265 1541 1331 1581 ex
1378 1525 1512 1594 ipsis
1560 1524 1739 1578 bibit:
1783 1537 1964 1592 neque

387 1623 564 1676 solum
613 1621 772 1691 ipse,
815 1621 908 1674 sed
958 1620 1255 1688 optimates
1303 1617 1484 1681 illius,
1539 1623 1595 1670 et
1640 1615 1965 1670 concubinae

389 1713 537 1767 illius
559 1751 574 1774 ,
608 1719 662 1765 et
691 1712 916 1781 pellices
949 1711 1100 1765 illius
1147 1709 1414 1763 bibebant
1446 1707 1635 1761 vimun
1671 1722 1685 1758 :
1736 1707 1842 1760 hoc
1877 1713 1963 1760 est

386 1799 676 1852 ebrietatis
725 1799 1090 1852 instrumenta
1137 1797 1269 1852 l‘ecit
1313 1797 1486 1852 divini
1527 1796 1819 1851 ministerii
1875 1797 1962 1851 in-

2061 613 2274 678 δεικνὺς
2307 615 2370 668 τὸ
2402 617 2692 687 ἐπίσημον,
2738 615 2835 686 τὴν
2873 619 2974 686 τῆς
3018 616 3409 686 Ἰερουσαλὴμ
3471 635 3645 689 προσ-

2061 704 2292 775 ηγορίαν
2327 705 2701 774 προστέθεικε.
2735 692 2922 757 Ταῦτα
2945 703 3075 775 γὰρ,
3106 704 3260 774 φησὶ,
3295 705 3362 758 τὰ
3390 705 3556 777 σκεύη
3582 708 3644 760 οὑ

2062 797 2174 849 τισὶ
2196 796 2306 849 τῶν
2332 795 2654 860 δοκούντων,
2691 795 2784 849 καὶ
2818 796 2988 866 ὑνομα
3031 794 3188 864 μόνον
3223 795 3475 866 ἐχόντων,
3521 796 3647 850 ἀνέ-

2065 903 2245 942 κειντο
2266 887 2312 919 ⁸³
2347 886 2507 953 θεῶν,
2553 886 2668 939 ἀλλ’
2707 887 2856 957 αὑτῷ
2896 886 2974 956 τῷ
3007 888 3100 940 ἐπὶ
3150 889 3366 942 πάντων
3399 887 3540 958 Θεῷ,
3588 888 3645 953 ὃς

2063 981 2164 1051 τήν
2193 997 2254 1033 τε
2294 979 2651 1050 Ἰερουσαλὴμ
2679 980 2984 1046 ἐξελέξατο,
3015 982 3109 1034 καὶ
3139 982 3230 1034 τὸν
3262 985 3319 1034 ἐν
3346 982 3480 1053 αὑτῇ
3510 981 3646 1035 νεὼν

2063 1073 2165 1140 τῆς
2188 1073 2392 1135 οἰκείας
2425 1074 2709 1142 ἐπλήρωσε
2740 1071 2917 1141 δόξης.
2967 1072 3131 1124 Ἀλλὰ
3166 1072 3341 1126 ταῦτα
3380 1073 3446 1126 τὰ
3477 1073 3648 1141 ἄψαυ-

2069 1183 2186 1226 στα,
2219 1166 2315 1220 καὶ
2341 1164 2418 1236 τῷ
2439 1164 2558 1236 Θεῷ
2584 1165 2696 1217 τῶν
2734 1165 2870 1218 ὅλων
2905 1165 3261 1237 ἀνακείμενα,
3299 1166 3400 1236 οὑχ
3432 1166 3505 1228 ὡς
3531 1165 3647 1218 δεο-

2070 1258 2236 1329 μὲνῳ,
2289 1258 2403 1310 ἀλλ’
2435 1259 2510 1320 ὡς
2557 1258 2939 1328 ἀποδεχομένῳ
2972 1259 3080 1311 τῶν
3131 1259 3553 1328 προσφερόντων
3587 1257 3648 1310 τὸ

2066 1347 2370 1418 εὔγνωμον,
2413 1349 2440 1400 6
2481 1347 2747 1417 δυσσεϐὴς
2785 1345 3036 1416 βασιλεὺς
3078 1347 3156 1408 είς
3189 1345 3351 1416 μέσον
3386 1342 3644 1413 ἐνεγκὼν,

2068 1441 2252 1494 ἔπινεν
2297 1443 2354 1493 ἐν
2405 1440 2588 1501 αὑτοῖς
2613 1455 2626 1468 ο
2661 1439 2722 1491 οὑ
2775 1439 2935 1508 μόνον
2983 1438 3039 1489 δὲ
3071 1437 3253 1499 αὑτὸς,
3290 1436 3427 1489 ἀλλά
3474 1435 3567 1488 καὶ
3598 1435 3647 1487 οἱ

2075 1533 2402 1603 μεγιστᾶνες
2430 1529 2616 1591 αὑτοῦ,
2657 1529 2751 1582 καὶ
2790 1529 2845 1582 αἱ
2900 1529 3224 1600 παράκοιτοι
3253 1526 3440 1592 αὑτοῦ,
3476 1527 3570 1580 καὶ
3593 1527 3647 1579 αί

2070 1623 2344 1676 παλλακαὶ
2362 1621 2525 1674 αὑτοῦ
2556 1619 2740 1673 έπινον
2769 1615 2912 1674 οἶνον
2936 1637 2951 1651 ο
2981 1611 3247 1684 τουτέστι,
3271 1618 3442 1689 μέθης
3469 1617 3651 1688 ἐποίη-

2072 1732 2164 1767 σεν
2213 1713 2419 1785 ὄργανα
2473 1713 2570 1783 τῆς
2609 1711 2761 1774 θείας
2791 1711 3132 1782 λειτουργίας
3166 1711 3232 1764 τὰ.
3276 1709 3506 1780 ὄργανα,
3558 1708 3650 1762 καὶ

2070 1809 2172 1870 τὰς
2217 1806 2315 1875 τῆς
2369 1804 2658 1867 ἀκολασίας,
2711 1803 2871 1857 αὑτὸν
2909 1803 3255 1875 ἐμφορούσας
3303 1802 3392 1856 διὰ
3444 1801 3650 1855 τούτων

387 1897 728 1953 strumenta,
761 1889 1129 1958 praecepitque
1177 1895 1236 1942 ut
1283 1903 1406 1957 qua:
1453 1902 1614 1943 suam
1669 1886 1965 1956 explebant

2070 1898 2366 1955 ἀπολαύειν
2396 1898 2488 1952 τοῦ
2519 1899 2662 1952 οἴνου
2701 1895 3052 1968 προσέταξεν.
3091 1895 3324 1949 Ἔπειτα
3373 1893 3474 1962 τῆς
3523 1894 3650 1946 ἀσε-

385 1979 707 2043 lasciviam,
754 1995 847 2048 per
897 1979 1012 2033 haec
1049 1979 1178 2033 vino
1226 1977 1569 2033 fruerentur.
1619 1977 1824 2034 Deinde
1869 1995 1965 2034 ex-

386 2078 616 2124 tremam
646 2069 946 2126 ostendens
979 2070 1344 2140 impietatem,
1369 2069 1634 2140 propheta
1683 2070 1960 2138 subjecit:
2039 2127 2050 2138 ,

456 2159 624 2216 Vens.
657 2161 708 2217 4.
751 2182 769 2214 ι
805 2161 870 2215 Ει
898 2163 1197 2216 laudarunt
1229 2163 1365 2218 deos
1400 2177 1604 2218 aureos
1625 2203 1640 2227 ,
1673 2169 1730 2217 et
1764 2177 1965 2232 argen-

384 2260 525 2320 teos,
554 2261 607 2307 et
634 2269 830 2320 aereos,
863 2262 917 2309 et
945 2253 1182 2322 ferreos,
1214 2264 1268 2310 et
1298 2255 1539 2324 ligneos,
1567 2262 1622 2308 et
1654 2254 1957 2323 lapideos:

385 2343 695 2414 Crapulans
749 2346 896 2398 enim
951 2346 1428 2414 improbissimus,
1483 2353 1538 2399 et
1563 2344 1768 2398 divinis
1818 2343 1967 2399 vasis

385 2435 706 2489 deliciarum
763 2450 930 2490 causa
982 2444 1185 2500 utens,
1244 2437 1492 2491 omnium
1535 2451 1720 2490 rerum
1753 2434 1971 2490 Domini

385 2527 841 2596 obliviscebatur,
885 2527 1143 2582 laudibus
1176 2544 1306 2582 vero
1335 2544 1432 2583 eos
1458 2572 1472 2596 ,
1510 2529 1604 2599 qui
1638 2543 1750 2582 non
1780 2535 1971 2584 essent

386 2615 498 2679 dii,
546 2616 901 2682 celebrabat,
954 2634 1020 2673 ex
1069 2619 1311 2673 inanima
1357 2621 1586 2675 materia
1635 2619 1965 2687 confectos;

385 2707 591 2775 quique
618 2709 687 2761 ah
721 2716 840 2763 arte
873 2725 982 2763 non
1017 2725 1136 2763 eam
1173 2711 1283 2763 vim
1322 2718 1692 2780 acceperant,
1723 2727 1828 2782 qua
1855 2710 1968 2766 elli-

385 2814 511 2852 cere
549 2801 758 2868 aliquid
795 2813 1054 2870 possent,
1098 2803 1193 2856 sed
1237 2803 1412 2857 solam
1451 2801 1688 2856 formam
1731 2803 1969 2860 ellicnci-

387 2890 517 2942 tatis
541 2899 846 2959 expertem.
869 2890 1070 2946 Verum
1099 2909 1206 2946 non
1235 2893 1486 2961 permisit
1510 2895 1757 2948 omnium
1786 2911 1968 2950 rerum

387 2980 726 3048 moderator,
755 2998 857 3051 pro
883 2997 981 3037 sua
1009 2984 1461 3053 longanimitate,
1517 2995 1576 3038 ut
1609 2995 1664 3040 et
1715 2986 1971 3043 homines

386 3069 483 3137 qui
513 3078 646 3124 tunc
675 3072 958 3136 vivebant,
995 3081 1048 3128 et
1080 3074 1290 3144 posteri
1325 3075 1687 3131 laederentur:
1726 3077 1823 3133 sed
1853 3087 1970 3133 sta-

387 3161 484 3212 tim
519 3175 676 3214 snam
711 3164 1017 3231 potentiam
1049 3163 1313 3218 ostendit.

460 3251 627 3306 Vsus.
667 3253 718 3308 5.
778 3273 797 3306 ι
832 3256 890 3308 ln
925 3255 1046 3325 ipsa
1092 3257 1299 3327 1161
1349 3258 1496 3312 enim
1547 3259 1719 3325 hora,
1755 3259 1961 3330 inquit,
1993 3246 2036 3303 C

385 3343 643 3399 exierunt
691 3346 914 3399 articuli
967 3361 1165 3400 manus
1195 3347 1474 3414 hominis,
1521 3357 1577 3404 et
1623 3351 1966 3418 scripserunt

383 3447 574 3492 contra
603 3439 936 3508 lampadem,
968 3439 1024 3492 in
1055 3439 1290 3493 tectorio
1317 3440 1547 3508 parietis
1573 3438 1774 3494 domus
1798 3440 1964 3509 regis,

382 3539 433 3583 et
471 3547 564 3586 rex
611 3531 1090 3600 contemplabatur
1135 3532 1400 3588 articulos
1457 3547 1655 3586 manus
1715 3533 1970 3586 scriben-

385 3619 477 3674 tis.
507 3639 526 3672 ι
567 3619 798 3685 Quando
824 3619 972 3674 enim
1007 3621 1075 3674 ab
1106 3621 1254 3674 omni
1283 3621 1614 3676 eﬂicacitate
1644 3637 1819 3676 vacua
1853 3622 1969 3674 lau-

381 3711 540 3766 davit
590 3711 920 3776 simulacra,
974 3719 1030 3766 et
1070 3713 1315 3768 omnium
1366 3713 1538 3771 Deum
1589 3715 1964 3784 contempsit,

381 3803 543 3856 docet
567 3803 745 3871 ipsum
778 3802 1026 3858 omnium
1057 3820 1239 3860 rerum
1270 3805 1490 3875 Opifex,
1518 3822 1673 3861 suam
1709 3815 1966 3861 naturam

380 3896 653 3965 ejusmodi
703 3913 862 3965 esse,
921 3915 1044 3970 quae
1089 3903 1243 3955 cerni
1298 3909 1578 3971 nequeat,
1630 3912 1685 3956 et
1731 3918 1968 3974 corpore

380 3995 586 4042 careat.
625 3986 786 4044 Solos
831 3992 974 4046 enim
1023 3994 1228 4064 digitos
1273 3995 1378 4064 ipsi
1428 3995 1736 4051 scribentes
1785 4008 1972 4053 osten-

381 4077 588 4145 debat,
619 4079 883 4135 erudiens
923 4083 1078 4136 illum
1104 4126 1120 4149 ,
1153 4100 1222 4138 ne
1252 4085 1333 4139 sic
1361 4085 1586 4155 quidem
1633 4087 1736 4143 hos
1768 4089 1836 4143 ab
1869 4091 1966 4145 illo

381 4171 627 4240 conspici
658 4173 924 4240 potuisse,
957 4174 1065 4228 nisi
1101 4175 1217 4243 ipse
1247 4192 1382 4231 usus
1409 4193 1603 4232 eorum
1636 4181 1965 4248 praebuisset

379 4264 752 4319 occasionem.
789 4269 1080 4320 Maximam
1111 4275 1295 4323 autem
1339 4270 1588 4326 conviva:
1635 4273 1764 4326 hinc
1795 4273 1960 4327 etiam

381 4356 758 4425 percipiebant
789 4357 1086 4412 utilitatem
1111 4400 1127 4424 ,
1160 4360 1252 4429 qui
1281 4362 1630 4418 docebantur
1665 4363 1759 4418 Dei
1797 4373 1959 4433 pote-

383 4455 576 4502 statem
611 4465 626 4503 :
668 4457 1036 4520 praeterquam
1072 4453 1222 4522 quod
1252 4454 1640 4526 intelligebant
1677 4473 1804 4511 cum
1832 4471 1960 4510 coro

381 4538 530 4606 poris
551 4549 828 4608 expertem
856 4558 1003 4609 esse,
1031 4554 1085 4599 et
1110 4545 1295 4601 oculis
1319 4548 1474 4602 cerni
1499 4548 1728 4602 minime
1757 4563 1957 4616 posse:

380 4631 610 4684 deorum
642 4647 772 4686 vero
799 4675 815 4696 ,
848 4650 990 4703 quos
1024 4636 1130 4706 ipsi
1157 4636 1524 4692 laudaveram
1548 4677 1563 4702 ,
1605 4638 1958 4692 imbecillita-

381 4731 510 4788 tem,
533 4729 588 4776 et
603 4722 872 4792 ejusmodi
898 4735 1173 4794 naturam,
1199 4744 1321 4798 qua:
1342 4729 1476 4782 nihil
1501 4730 1728 4783 omnino
1747 4735 1958 4798 posset,

381 4825 504 4864 cum
538 4828 606 4866 ex
629 4813 747 4865 sola
781 4814 1022 4870 inanima
1052 4821 1288 4874 materia
1327 4825 1674 4874 constarent.
1709 4816 1828 4872 lloc
1859 4832 1964 4872 au-

381 4911 491 4956 tem
593 4903 861 4959 miraculo
925 4908 1214 4980 ingentem
1272 4913 1290 4933 ⁴

378 4996 518 5048 dixrt
557 5013 572 5049 :

450 5085 616 5142 Vens.
673 5085 727 5141 6.
790 5109 808 5141 ι
851 5089 1006 5147 Tunc
1053 5094 1202 5162 regis
1251 5092 1428 5148 forma
1478 5094 1765 5148 immutata
1818 5101 1902 5148 est
1934 5132 1950 5158 ,

376 5181 430 5227 et
465 5175 833 5244 cogitationes
853 5179 974 5249 ejus
1002 5181 1414 5236 conturbabant
1452 5183 1635 5251 ipsum
1659 5225 1673 5246 ,
1709 5191 1764 5238 et
1798 5198 1953 5237 com-

377 5281 540 5335 pages
589 5266 899 5324 lumborum
936 5270 1086 5327 illius
1126 5273 1618 5341 dissolvebantur,
1663 5283 1720 5329 et
1773 5291 1952 5344 genua

374 5355 495 5424 ejus
527 5357 594 5411 ad
638 5373 698 5412 se
728 5359 965 5415 invicem
1009 5361 1434 5418 collidebantur.
1469 5383 1487 5415 ι
1528 5365 1687 5430 Quod
1729 5365 1952 5435 εἰ.ἀὶςί-

375 5453 553 5502 torum
586 5447 950 5504 scribentium
983 5451 1197 5520 species
1228 5452 1300 5507 ita
1336 5454 1636 5521 perterruit
1667 5469 1819 5520 eum,
1854 5453 1947 5523 qui

1366 4917 1573 4963 metum
1639 4909 1904 4964 omnibus
1967 4911 2251 4965 incussqu
2317 4909 2524 4974 fuisse,
2583 4915 2823 4964 testatus
2877 4917 2962 4964 est
3023 4909 3334 4979 propheta,

2069 1994 2220 2057 σείας
2251 1992 2312 2046 τὺ
2341 1991 2569 2061 ἔσχατον
2617 1989 2938 2053 ὑποδεικνὺς
2983 1989 3012 2042 6
3047 1989 3335 2059 προφήτης
3370 1987 3646 2057 ἐπήγαγεο

2136 2176 2198 2230 δ’.
2237 2192 2254 2226 ι
2287 2174 2398 2227 Καὶ
2424 2172 2624 2244 ᾔνεσαν
2654 2170 2778 2230 τοὺς
2804 2168 2960 2232 θεοὺς
2985 2167 3111 2230 τοὺς
3142 2164 3400 2237 χρυσοῦς,
3431 2163 3525 2216 καὶ
3547 2165 3649 2234 ἀρ-

2069 2269 2290 2340 γυροῦς,
2339 2266 2435 2320 καὶ
2483 2263 2739 2336 χαλκοῦς,
2785 2263 2879 2316 καὶ
2927 2260 3202 2333 σιδηροῦς,
3245 2259 3339 2312 καὶ
3379 2256 3648 2324 ξυλίνους,

2071 2361 2165 2415 καὶ
2210 2359 2465 2421 λιθίνους.
2502 2376 2519 2408 ι
2564 2355 2900 2426 Κραιπαλῶν
2951 2354 3060 2425 γὰρ
3099 2356 3126 2406 6
3176 2351 3522 2423 παμμίαρος,
3558 2352 3656 2404 καὶ

2069 2455 2182 2515 τοῖς
2214 2450 2377 2512 θείοις
2411 2447 2662 2502 σκεύεσιν
2694 2446 2995 2518 ἐντρυφῶν,
3045 2445 3216 2516 λήθην
3266 2444 3363 2515 μέν
3401 2444 3526 2514 ἔσχε
3555 2441 3651 2496 τοῦ

2070 2543 2178 2597 τῶν
2211 2543 2468 2596 ἁπάντων
2513 2539 2807 2602 Δεσπότου,
2845 2537 3035 2608 ὕμνοις
3083 2536 3140 2589 δέ
3171 2537 3298 2599 τοὺς
3345 2535 3446 2588 οὑκ
3494 2534 3656 2596 ὄντας

2071 2637 2325 2708 ἐγέραιρε
2353 2634 2528 2696 θεοὺς,
2553 2632 2611 2698 ἐξ
2645 2630 2777 2700 ὕλης
2802 2630 3009 2700 ἀψύχου
3037 2627 3439 2698 πεποιημένους
3460 2626 3528 2691 ³⁸,
3561 2626 3654 2679 καὶ

2071 2729 2193 2782 οὑδέ
2221 2727 2329 2781 ἀπὸ
2357 2726 2459 2796 τῆς
2486 2727 2682 2796 τέχνης
2711 2723 2773 2776 τὸ
2806 2724 3050 2794 ἐνεργεῖν
3081 2719 3476 2792 ἡρανισμένους
3500 2734 3514 2750 ο
3564 2718 3657 2788 μό-

2074 2840 2168 2892 νην
2202 2821 2258 2874 δέ
2305 2819 2520 2892 μορφὴν
2562 2816 2889 2888 δεξαμένους
2934 2813 3212 2885 ἐνεργείας
3257 2811 3650 2882 ἐστερημένην.

2085 2913 2227 2967 Ἀλλ’
2261 2913 2359 2966 οὑκ
2385 2910 2645 2982 ἠνέσχετο
2674 2909 2781 2962 τῶν
2801 2908 2936 2961 ὅλων
2961 2907 2989 2959 6
3021 2904 3312 2976 Πρύτανις,
3343 2907 3408 2974 τῇ
3448 2920 3654 2975 μακροο

2073 3005 2266 3076 θυμία,
2309 3003 2405 3056 καὶ
2431 3002 2555 3064 τοὺς
2583 2999 2839 3072 τηνικάδε
2877 2997 3219 3072 ἀνθρώπους,
3249 2996 3346 3050 καὶ
3371 2998 3500 3056 τοὺς
3533 2997 3651 3066 μετ’

2070 3096 2316 3158 ἐκείνους
2377 3093 2756 3165 λυμήνασθαι·
2801 3089 3116 3162 παραυτίκα
3177 3090 3232 3143 δέ
3287 3088 3383 3159 τὴν
3446 3088 3653 3142 οίκείαν

2071 3187 2344 3240 δείκνυσιν
2372 3184 2622 3254 δύναμιν.

2139 3277 2198 3330 ε’.
2239 3295 2258 3327 ι
2296 3277 2383 3328 Ἐν
2419 3277 2558 3345 αὑτῇ
2589 3276 2720 3345 γὰρ,
2758 3272 2911 3343 φησι,
2946 3274 3012 3342 τῇ
3049 3271 3167 3343 ὥρᾳ
3196 3271 3417 3342 ἐξῆλθον
3447 3270 3652 3342 ἀστρά-

2068 3368 2293 3437 γαλοι³⁷
2332 3367 2513 3438 χειρὸς
2562 3364 2872 3437 ἀνθρώπου,
2925 3365 3020 3418 καὶ
3070 3363 3310 3435 ἔγραφον
3358 3363 3649 3416 κατέναντι

2066 3461 2166 3530 τῆς
2193 3459 2492 3530 λαμπάδος,
2510 3457 2600 3511 ἐπὶ
2627 3456 2687 3508 τὸ
2705 3455 2941 3524 κονίαμα
2961 3454 3052 3506 τοῦ
3076 3456 3252 3523 τοίχου
3273 3451 3366 3504 τοῦ
3385 3451 3535 3504 οίκου
3555 3449 3650 3503 τοῦ

2071 3550 2354 3620 βασιλέως,
2391 3549 2482 3601 καὶ
2503 3550 2540 3600 .ὁ
2575 3545 2827 3616 βασιλεὺς
2853 3542 3076 3614 ἐθεώρει
3111 3544 3240 3604 τοὺς
3273 3539 3652 3610 ἀστραγάλους

2067 3642 2168 3710 τῆς
2198 3641 2379 3712 χειρὸς
2403 3642 2499 3709 τῆς
2528 3636 2866 3708 γραφούσης.
2911 3654 2927 3686 i
2974 3633 3194 3702 Ἐπειδὴ
3239 3631 3346 3700 γὰρ
3384 3630 3451 3684 τὰ
3496 3631 3646 3700 ἐνερ-

2069 3728 2222 3796 γείας
2262 3727 2480 3796 ἁπάσης
2514 3724 2856 3796 ἐστερημένα
2887 3722 3131 3794 ὕμνησεν
3159 3721 3374 3782 εἴδωλα,
3417 3719 3510 3773 καὶ
3553 3719 3652 3772 τοῦ

2069 3820 2179 3872 τῶν
2225 3819 2483 3873 ἁπάντων
2531 3817 2668 3870 Θεοῦ
2717 3815 3112 3887 κατεφρόνησε,
3149 3813 3387 3865 διδάσκει
3421 3810 3582 3864 αὑτὸν
3622 3811 3651 3863 6

2067 3913 2176 3966 τῶν
2204 3912 2342 3966 ὅλων
2363 3911 2406 3944 ⁸⁸
2450 3907 2792 3981 Δημιουργὸς
2816 3908 2918 3978 τῆς
2945 3907 3095 3969 θείας
3143 3903 3310 3959 αὑτοῦ
3351 3903 3564 3972 φύσεως
3590 3901 3654 3955 τὸ

2069 4004 2302 4075 ἀόρατον
2330 4003 2426 4056 καὶ
2455 3992 2768 4070 ἀσώματον.
2815 4001 3025 4062 Μόνους
3045 3998 3155 4069 γὰρ
3175 3997 3324 4066 αὑτῷ
3355 3994 3650 4058 δακτύλους

2069 4094 2415 4149 ὑποδείκνυσι
2447 4092 2783 4164 γράφοντας,
2824 4090 3095 4144 παιδεύων
3125 4088 3308 4148 αὑτὸν,
3343 4086 3418 4150 ὡς
3450 4085 3558 4138 οὐδ’
3583 4085 3652 4138 ἂν

2065 4189 2288 4251 τούτους
2340 4187 2641 4249 ἐθεάσατο,
2702 4186 2750 4238 εί
2809 4184 2883 4254 μὴ
2938 4182 3214 4254 παρέσχεν
3263 4181 3492 4244 αὑτδςη
3551 4178 3654 4248 τῆς

2067 4281 2256 4351 χρείας
2315 4279 2414 4348 τὴν
2465 4278 2741 4349 ἀφορμήν
2790 4277 3054 4348 μεγίστην
3091 4275 3147 4328 δὲ
3191 4274 3286 4328 καὶ
3325 4275 3372 4326 oi
3409 4271 3650 4326 σύσσιτοι

2067 4370 2314 4423 ἐντεῦθεν
2339 4369 2610 4436 ὠφέλειαν
2643 4366 2968 4437 ἐλάμϐανον,
3005 4365 3384 4435 διδασκόμενοι
3408 4363 3504 4416 τοῦ
3545 4361 3648 4430 μὲν

2066 4458 2201 4512 Θεοῦ
2252 4458 2388 4528 πρὸς
2433 4455 2512 4525 τῷ
2552 4456 2830 4526 ἀσωμάτῳ
2875 4456 2968 4509 καὶ
3001 4455 3239 4526 ἀοράτῳ,
3291 4453 3354 4506 τὸ
3386 4451 3647 4506 δυνατόν’

2066 4549 2174 4600 τῶν
2206 4549 2263 4601 δέ
2297 4549 2389 4600 ὑπ’
2421 4547 2601 4601 αὑτῶν
2632 4546 2986 4617 ὑμνηθέντων
3017 4545 3176 4611 θεῶν,
3208 4543 3344 4616 πρὸς
3375 4543 3450 4612 τῷ
3480 4539 3651 4611 ὑλικῷ

2068 4636 2161 4688 καὶ
2193 4637 2407 4707 ἀψύχῳ,
2443 4636 2501 4690 τὸ
2549 4636 2827 4698 παντελῶς
2875 4636 3105 4706 ἀδρανές
3150 4653 3209 4688 τε
3257 4636 3351 4688 καὶ
3399 4631 3646 4695 ἀσθενές.

2069 4727 2192 4780 ’Ότι
2250 4727 2307 4781 δέ
2357 4728 2493 4780 πολὺ
2539 4727 2655 4790 δέος
2689 4727 2893 4781 ἅπασιν
2947 4726 3304 4797 ἐνειργάσατο
3365 4722 3521 4778 τοῦτο
3587 4721 3650 4773 τὸ

2072 4817 2279 4886 θαῦμα,
2319 4818 2347 4868 6
2377 4819 2662 4887 προφήτης
2693 4819 3142 4889 μεμαρτύρηκεν,
3171 4817 3344 4880 οὕτως
3382 4813 3571 4868 εἰπών·

3417 4906 3509 4976 qui
3573 4905 3646 4958 ἱιει

2131 5082 2207 5148 ς’.
2243 5103 2261 5135 t
2294 5083 2427 5136 Τότε
2455 5083 2548 5136 τοῦ
2580 5082 2851 5153 βασιλέως
2880 5086 2911 5154 ἡ
2943 5086 3125 5154 μορφὴ
3151 5084 3439 5157 ἠλλοιώθη,
3474 5089 3568 5140 καὶ
3595 5089 3644 5140 οἱ

2058 5175 2405 5246 διαλογισμοὶ
2432 5176 2598 5232 αὑτοῦ
2635 5175 3006 5247 συνετάραξαν
3026 5175 3072 5208 ⁶⁰
3102 5177 3287 5241 αὑτὸν,
3321 5179 3412 5230 καὶ
3440 5181 3489 5231 oi
3521 5179 3646 5233 σύνο

2057 5267 2246 5337 δεσμοι
2285 5269 2383 5337 τῆς
2416 5267 2616 5337 ὀσφύος
2661 5267 2828 5320 αὑτοῦ
2861 5267 3154 5328 διελύοντο,
3187 5270 3284 5322 καὶ
3329 5268 3399 5322 τὰ
3443 5271 3646 5338 γόνατα

2059 5359 2226 5416 αὑτοῦ
2258 5359 2416 5412 τοῦτο
2459 5358 2632 5427 τούτῳ
2668 5357 3058 5428 συνεκρούοντο
3078 5359 3144 5412 ⁸⁸,
3187 5378 3204 5409 ι
3253 5359 3320 5414 Ei
3355 5360 3413 5414 δὲ
3443 5361 3610 5414 δακτύ

2057 5453 2164 5506 λων
2193 5452 2510 5524 γραφόντων
2531 5451 2576 5482 ⁸³
2626 5450 2833 5521 θεωρία
2881 5449 3055 5514 οὑτως
3100 5451 3495 5524 ἐξεδειμάτωσε
3553 5454 3639 5507 τὸν

1703 5627 1939 5686 VARUE
1979 5627 2383 5688 LECTIONES.

439 5773 484 5802 “
521 5777 597 5831 δέ.
635 5774 762 5834 Dcs.
793 5779 846 5834 in
873 5779 933 5835 Β.

1049 5781 1092 5813 ⁵⁸
1131 5781 1169 5835 Β
1204 5783 1470 5857 ἀνέκειτο.
1547 5787 1594 5818 ⁸⁸
1627 5803 1762 5840 πεπ.
1839 5785 1882 5839 Β
1915 5785 2355 5857 γεγενημένουςχ
2413 5786 2457 5818 ⁵⁷
2493 5786 2654 5857 ἀστρ.
2689 5786 2728 5838 Α
2753 5785 3027 5857 δάκτυλοι.

3106 5787 3150 5849 ’ξ’
3175 5788 3253 5840 ὄλ.
3298 5787 3337 5841 Β
3363 5787 3638 5843 ἁπάντων.

383 5835 486 5892 "B
519 5843 690 5912 αὐτῷ.
769 5849 812 5881 ιο
849 5851 890 5904 Α
930 5849 1046 5905 etB
1075 5855 1493 5926 συνετάρασσον.
1574 5858 1615 5887 οι
1819 5835 2728 5927 eLVIK'éoiféipbk'obvzo.Furi;
2758 5835 3026 5926 suae:
3065 5835 3263 5929 μϐνῶνζ
