4092 6392
361 372 484 436 1381

1579 375 1656 433 ιν
1687 371 2040 432 DANIEIJS
2078 370 2235 430 CAP.
2268 371 2335 431 Υ.

3474 375 3614 442 1382

355 488 452 555 τὴν
499 482 764 554 μεγίστην
814 484 1068 538 διέποντα
1124 483 1419 553 βασιλείαν,
1457 482 1532 545 ὼς
1565 483 1660 534 καὶ
1697 481 1806 533 τῶν
1838 481 1936 550 ἄρ-

2051 479 2342 532 tuaximum
2377 477 2802 534 administrabat
2830 489 3162 549 regnum,ut
3200 483 3367 536 etiam
3408 487 3618 540 articu-

353 577 501 647 θρων
532 575 628 636 τὰς
657 574 924 643 ἁρμονίας
954 575 1058 627 ὑπὸ
1079 575 1172 627 τοῦ
1201 575 1360 636 δέους
1383 573 1721 640 διαλυθῆναι,
1742 571 1943 640 τρόμον

350 685 410 719 τε
446 666 542 718 καὶ
576 665 766 718 κλόνον
783 666 828 696 ⁸³
862 666 1152 735 ὑπομεῖναι
1185 665 1254 718 τὰ
1303 665 1460 732 μέλη,
1511 663 1563 716 τί
1600 663 1701 715 οὐκ
1739 662 1802 714 ἂν
1841 661 1933 713 ὑπ·

352 757 549 827 έμενεν
579 758 606 808 ὁ
640 756 932 826 θεομισὴς,
975 755 1299 827 πρηστῆρας
1344 753 1375 822 ἢ
1417 753 1716 823 κεραυνοὺς
1747 749 1941 803 θεασά-

357 863 562 914 μενος,
619 845 653 915 ἢ
712 845 980 912 ἀγγέλους
1023 843 1280 913 βλοσυρὸν
1323 842 1619 912 βλέποντας
1647 880 1662 905 ,
1720 841 1815 892 καὶ
1863 838 1942 908 τῷ

354 937 718 1005 καινοπρεπεῖ
759 935 866 987 τῶν
915 933 1212 1003 σχημάτων
1257 931 1680 1002 δεδιττομένους.
1724 927 1942 981 Τούτων

353 1029 467 1100 γὰρ
515 1029 616 1097 τὴν
652 1028 777 1080 θέαν
817 1026 937 1080 οὐδὲ
971 1027 999 1078 ό
1035 1025 1210 1096 μέγας
1245 1025 1443 1095 Δανιὴλ
1494 1022 1662 1085 ἀδεῶς
1700 1022 1940 1088 ἐνεγκεῖν

353 1119 618 1190 ἠδυνήθη,
692 1117 954 1187 ’Δληθῶς,
991 1135 1009 1168 ι
1067 1117 1130 1169 Τί
1192 1114 1669 1186 ὑπερηφανεύεται
1719 1114 1791 1183 γῆ
1847 1113 1942 1164 καὶ

355 1211 594 1275 σποδός;
635 1230 653 1262 ›
686 1208 957 1262 Τοσούτου
997 1208 1173 1261 τοίνυν
1205 1208 1355 1270 δέους
1385 1207 1758 1276 ἀναπλησθεὶς
1782 1244 1796 1268 ,

430 1387 495 1453 ζ’.
533 1407 551 1440 ι
582 1386 959 1457 Ἑψῦνησενδδ
990 1388 1046 1438 ὲν
1075 1385 1219 1456 ἰσχύϊ
1245 1383 1336 1439 τοῦ
1366 1387 1679 1453 εἰσαγαγεῖν
1711 1385 1940 1455 μάγους,

353 1480 679 1542 Χαλδαίους,
711 1478 1059 1548 Γαζαρηνούς
1083 1480 1148 1532 ⁸³.
1183 1498 1201 1528 ι
1243 1479 1302 1530 '0
1331 1477 1440 1548 γὰρ
1466 1476 1631 1544 φόϐος
1660 1475 1944 1546 εἰργάξετο

353 1576 458 1644 τὴν
486 1573 636 1644 βοὴν,
663 1572 758 1624 καὶ
783 1571 881 1640 τῆς
909 1571 1088 1641 ψυχῆς
1115 1573 1143 1624 ό
1169 1570 1396 1640 θόρυὸος
1427 1568 1620 1639 μαθεῖν
1641 1569 1942 1636 κατήπειγε

355 1668 458 1737 τὴν
487 1667 782 1734 ἀπόφασιν.
817 1661 949 1718 Εἶτα
985 1662 1305 1733 προτίθησιν
1342 1658 1503 1714 ἆθλον
1542 1659 1621 1728 τῷ
1665 1659 1763 1728 τὴν
1805 1675 1942 1728 γρα-

357 1762 468 1831 φὴν
518 1758 945 1827 ἀναγινώσκοντι
1010 1755 1102 1808 καὶ
1159 1755 1256 1826 τὴν
1311 1752 1609 1825 ἑρμηνείαν
1660 1753 1940 1819 ἐπάγοντι,

356 1820 564 1922 ἐσθῆτα
595 1820 900 1920 βασιλικὴν,
935 1849 1030 1902 καὶ
1055 1820 1292 1920 χρυσοῦν
1322 1820 1724 1916 περι-δέρραιον,
1761 1843 1856 1896 καὶ
1882 1843 1942 1896 τὺ
1977 1820 2018 1875 Β

353 1945 458 2013 τὴν
477 1945 522 1976 ³⁸
553 1943 743 2014 τρίτην
775 1939 930 2006 τάξιν
977 1939 1120 2009 ἔχειν
1171 1936 1310 2006 μετὰ
1355 1937 1447 1989 τὸν
1494 1935 1737 2005 βασιλέα.
1783 1933 1945 1988 Ἀλλὰ

355 2037 467 2090 τῶν
497 2035 596 2105 μὲν
639 2035 829 2105 μάγων
859 2034 952 2087 καὶ
991 2032 1272 2085 Χαλδαίων
1304 2030 1364 2083 τὸ
1389 2029 1546 2083 ἄθεον
1577 2027 1900 2098 ἐξηλέγχετο
1926 2043 1940 2058 ⁸

355 2128 541 2195 εὑρεῖν
570 2125 677 2196 γὰρ
720 2125 823 2178 οὐκ
869 2122 1052 2192 ἴσχυον
1096 2121 1196 2190 τὴν
1240 2119 1350 2173 τῶν
1394 2118 1557 2170 θείων
1599 2117 1944 2189 γραμμάτων

356 2219 688 2286 ἀνάγνωσιν,
719 2215 815 2269 καὶ
843 2215 1014 2268 ταῦτα
1047 2211 1209 2268 ἄθλου
1261 2210 1517 2263 τοσούτου
1552 2211 1939 2293 προκειμένου,

357 2313 457 2364 καὶ
481 2311 600 2364 λίαν
632 2308 830 2371 αὐτοὺς
855 2305 1274 2376 προτρέποντος.

433 2405 498 2454 θ’.
533 2419 551 2452 ι
599 2399 657 2453 Ὀ
698 2399 755 2451 δὲ
804 2395 1057 2467 βασιλεὺς
1111 2393 1398 2464 Βαλτάσαρ
1431 2393 1702 2464 ἐταράχθη
1729 2433 1743 2457 ,
1785 2394 1879 2446 καὶ
1907 2396 1940 2464 ἡ

363 2494 548 2564 μορφὴ
579 2488 743 2543 αύτοῦ
768 2485 1036 2558 ἠλλοιώθη
1077 2486 1164 2539 ἐπ’
1195 2485 1364 2554 αὐτῷ,
1400 2485 1493 2538 καὶ
1528 2487 1574 2538 οἱ
1613 2486 1943 2555 μεγιστᾶνες

358 2583 528 2636 αὐτοῦ
559 2579 1037 2652 συνεταράττοντο.
1081 2595 1099 2629 ι
1147 2577 1428 2631 Ἐντεῦθεν
1475 2577 1634 2647 δῆλον
1663 2617 1677 2640 ,
1717 2577 1797 2629 ὃτι
1847 2577 1946 2644 τῆς

357 2674 472 2727 τῶν
519 2671 691 2726 ἄλλων
737 2668 1010 2738 ὠφελείας
1058 2665 1512 2736 προμηθούμενος
1567 2665 1595 2717 ό
1642 2664 1942 2731 Δεσπότης,

361 2767 464 2818 οὐκ
491 2763 653 2826 εὐθὺς
679 2759 772 2816 τοῦ
823 2758 1088 2830 βασιλέως
1126 2757 1377 2824 ἀφείλετο
1420 2758 1518 2828 τὴν
1575 2755 1754 2827 ζωήν·
1811 2755 1946 2809 ἀλλὰ

363 2854 581 2924 πρῶτον
615 2852 713 2921 μὲν
742 2848 990 2914 ὑπέδειξε
1014 2847 1107 2902 τοῦ
1136 2849 1438 2918 γράφοντος
1471 2848 1597 2911 τοὺς
1627 2848 1942 2910 δακτύλους.

363 2944 556 3014 Τούτῳ
588 2943 644 2996 δὲ
687 2939 1041 3008 καταπλήξας
1107 2940 1200 2992 καὶ
1238 2938 1355 3002 δέος
1410 2938 1763 3003 ὲντεθεικὼς,
1803 2956 1946 3008 παρ-

364 3036 636 3091 εσκεύασε
667 3034 765 3104 μὲν
795 3031 1060 3101 κληθῆναι
1103 3031 1228 3092 τοὺς
1275 3032 1472 3100 σοφοὺς
1514 3031 1622 3084 τῶν
1643 3030 1942 3096 Χαλδαίων,

364 3126 626 3200 ἐξήλεγξε
664 3125 720 3180 δέ
769 3121 946 3176 αὐτῶν
981 3122 1038 3174 τὸ
1087 3121 1281 3190 ψευδές
1331 3138 1390 3174 τε
1427 3122 1522 3175 καὶ
1575 3122 1835 3187 ἀσθενὲς,
1889 3124 1945 3175 ἐν

365 3219 530 3291 χρείᾳ
582 3218 639 3270 δέ
681 3215 780 3286 τῆς
811 3213 904 3266 τοῦ
958 3213 1157 3283 Δανιὴλ
1215 3213 1408 3281 σοφίας
1442 3214 1808 3283 κατέστησεν,
1859 3214 1946 3267 ἵνα

361 3311 456 3364 διὰ
503 3311 601 3380 τῆς
638 3307 830 3361 τούτου
877 3303 1151 3374 γλώττης,
1201 3306 1296 3357 καὶ
1349 3305 1537 3358 τοῦτον
1583 3305 1814 3376 ἐλέγξῃ,
1857 3306 1951 3359 καὶ

361 3403 497 3465 τοὺς
534 3401 728 3462 ἄλλους
767 3396 1128 3468 εύεργετήσῃ,
1161 3396 1255 3448 καὶ
1288 3395 1494 3448 τούτων
1531 3394 1675 3448 οὕτω
1718 3396 1948 3465 γενομέ-

364 3513 496 3558 νων,
528 3489 831 3564 τηνικαῦτα
865 3486 962 3558 τὴν
991 3487 1264 3557 τιμωρίαν
1294 3489 1551 3560 ἐπαγάγῃ
1590 3487 1668 3558 τῷ
1699 3487 1953 3540 δυσσεϐεῖ

367 3585 598 3656 βασιλεῖ.
632 3577 1065 3652 Ταραττομένων
1088 3577 1268 3632 τοίνυν
1293 3577 1386 3631 καὶ¹
1414 3578 1510 3631 τοῦ
1541 3577 1822 3648 βασιλέως,
1857 3579 1951 3631 καὶ

364 3679 478 3730 τῶν
515 3674 872 3745 δαιτυμόνων,

446 3776 496 3821 ι’.
546 3786 564 3818 ι
609 3767 675 3821 'll
724 3765 1011 3836 βασίλισσα
1059 3762 1416 3818 κατέναντι⁶⁷
1468 3760 1577 3814 τῶν
1630 3761 1802 3830 λόγων
1855 3761 1950 3814 τοῦ

373 3858 658 3930 βασιλέως,
689 3854 784 3908 καὶ
817 3854 929 3908 τῶν
962 3853 1303 3924 μεγιστάνων
1333 3850 1498 3904 αὑτοῦ
1520 3891 1534 3914 ,
1567 3852 1647 3914 είς
1679 3851 1772 3904 τὸν
1805 3847 1952 3905 οἶκον

366 3950 466 4002 τοῦ
507 3948 670 4001 πότου
707 3945 927 4015 εἰσῆλθε
947 3947 1014 3997 ⁵⁸.
1059 3963 1076 3994 ι
1107 3943 1387 4004 Τουτὲστι,
1421 3941 1822 4012 βουλευομένων
1851 3941 1951 3993 αύ-

367 4043 482 4095 τῶν
509 4041 623 4094 τί⁸⁹
673 4037 971 4110 πρακτέον,
1011 4037 1105 4089 καὶ
1142 4035 1318 4091 ἄλλων
1351 4034 1489 4089 ἄλλα
1523 4034 1948 4105 εἰσηγουμένων,

369 4133 409 4184 ἃ
435 4131 496 4184 τὸ
526 4130 643 4194 δέος
683 4127 1011 4197 ἠνάγκαζεν,
1046 4128 1080 4198 ὴ
1113 4125 1397 4196 βασίλισσα
1431 4123 1762 4194 εἰσελήλυθε.
1797 4125 1955 4176 Δοκεῖ

367 4221 428 4273 δέ
481 4236 572 4290 μοι
611 4218 751 4288 αὐτὴ
774 4217 821 4248 ’⁸
863 4217 1046 4288 μήτηρ
1079 4215 1246 4271 αὑτοῦ
1301 4211 1442 4268 εἶναι
1471 4233 1483 4245 ·
1544 4215 1602 4269 αί
1633 4215 1743 4286 γὰρ
1773 4215 1951 4285 παρά-

372 4326 547 4362 κοιτοι
588 4309 685 4360 σὺν
736 4309 855 4370 ταῖς
908 4306 1203 4359 παλλακίσι
1256 4304 1350 4358 τοῦ
1383 4305 1602 4359 δείπνου
1662 4309 1949 4376 μετεῖχον·

371 4401 556 4452 ἔπινον
592 4398 702 4469 γὰρ
741 4399 798 4449 ἐν
839 4399 951 4460 τοῖς
985 4395 1207 4450 σκεύεσι
1254 4398 1368 4460 τοῖς
1407 4399 1626 4465 χρυσοῖς
1655 4397 1748 4449 καὶ
1780 4397 1952 4468 ἀργυ-

2048 569 2221 622 lorum
2254 581 2547 636 compages
2582 582 2692 637 pra:
2725 577 2868 622 metu
2900 569 3361 637 dissolverentur,
3388 583 3442 627 et
3468 585 3624 629 artus

2045 666 2284 711 tremore
2315 658 2569 726 occupati
2602 667 3039 712 concuterentur
3073 679 3084 712 :
3131 661 3263 728 quid
3302 677 3412 715 non
3449 665 3622 716 susti-

2045 749 2260 801 nuisset
2323 747 2430 802 Deo
2481 747 2760 815 infestus,
2813 750 2858 802 si
2912 759 3196 818 presteras
3246 759 3342 804 aut
3387 750 3618 806 fulmina

2044 839 2480 909 conspexisset,
2537 849 2633 892 aut
2689 841 2918 908 angelos
2970 849 3129 894 torve
3189 842 3506 908 intuentes,
3566 854 3622 898 et

2045 944 2189 982 novo
2246 928 2432 997 ﬁgurae
2495 928 2686 980 habitu
2744 928 3140 983 deterrentes?
3208 927 3412 982 llorum
3473 932 3619 982 enim

2048 1021 2260 1091 1162
2308 1027 2663 1090 conspectum
2722 1036 2790 1072 ne
2851 1035 3086 1088 magnus
3146 1021 3372 1088 quidem
3429 1019 3622 1072 Daniel

2043 1115 2252 1180 absque
2293 1118 2438 1163 metu
2484 1111 2626 1163 l'erre
2670 1109 2872 1178 potuit.
2915 1106 3085 1172 Vere,
3137 1129 3154 1159 ι
3190 1109 3332 1172 Quid
3375 1110 3624 1178 superbit

2046 1212 2194 1255 terra
2232 1210 2288 1256 et
2334 1201 2476 1255 ciuis
2523 1205 2540 1236 ι
2589 1202 2664 1252 ’ἓν
2701 1202 2878 1254 Tanto
2919 1200 3103 1270 itaque
3148 1210 3357 1254 terrore
3410 1202 3623 1268 percul-

2045 1308 2140 1356 sus
2168 1309 2182 1346 :

2115 1383 2281 1439 Vens.
2327 1385 2378 1438 7.
2427 1403 2444 1435 ι
2483 1383 2828 1437 Exclamavit
2872 1398 3006 1436 voce
3056 1397 3290 1452 magna,
3347 1392 3405 1435 ut
3449 1383 3622 1436 intro-

2045 1477 2384 1531 ducerentur
2435 1475 2622 1543 magi,
2686 1473 2983 1536 Chaldaei,
3035 1473 3332 1528 Gazareni.
3371 1493 3390 1524 ι
3451 1475 3624 1528 Metus

2045 1568 2190 1622 enim
2222 1583 2407 1620 vocem
2449 1566 2810 1630 excutiebat,
2847 1574 2901 1619 et
2938 1566 3107 1618 animi
3145 1566 3488 1634 perturbatio
3524 1567 3623 1619 sti-

2046 1660 2310 1723 mulabat,
2346 1667 2402 1712 ut
2427 1657 2754 1712 sententiam
2787 1656 3135 1723 intelligeret.
3165 1654 3303 1709 Tum
3337 1657 3623 1725 praemium

2049 1750 2396 1818 Seripturam
2427 1747 2630 1819 legenti
2663 1747 2893 1818 ejusque
2921 1748 3435 1817 interpretationem
3481 1746 3623 1802 alle-

2049 1841 2192 1894 renti
2225 1840 2500 1910 proponit,
2525 1847 2729 1893 vestem
2766 1839 2993 1908 regiam,
3021 1847 3076 1892 et
3097 1853 3322 1892 auream
3345 1848 3621 1907 torquem,

2049 1941 2103 1987 et
2133 1945 2192 1986 ut
2221 1933 2446 1986 tertium
2481 1933 2662 1987 locum
2698 1939 2824 2001 post
2857 1946 3041 2000 regem
3071 1932 3366 1986 obtineret.
3400 1931 3480 2003 [8]
3515 1931 3624 1987 Sed

2050 2039 2332 2094 magorum
2364 2032 2418 2079 et
2444 2023 2825 2078 Chaldeorum
2861 2023 3297 2077 convincebatur
3331 2024 3584 2093 impietas
3607 2064 3623 2086 ,

2049 2117 2144 2188 qui
2177 2117 2445 2196 rationem
2480 2117 2728 2170 invenire
2765 2129 2874 2168 non
2895 2124 3194 2185 poterant,
3247 2133 3355 2186 qua
3407 2118 3628 2172 divinas

2050 2211 2265 2264 litteras
2294 2209 2540 2278 legerent
2568 2249 2583 2274 ,
2635 2206 2937 2278 praesertim
2979 2215 3130 2262 tanto
3171 2209 3456 2278 proposito
3485 2223 3626 2279 prte-

2049 2301 2193 2366 mio,
2229 2305 2376 2370 quod
2407 2300 2559 2370 ipsos
2584 2301 2743 2354 valde
2775 2300 3064 2354 incitabat.

2119 2391 2288 2448 Vsus.
2320 2392 2372 2446 9.
2415 2410 2433 2443 ι
2471 2390 2586 2447 Rex
2622 2401 2803 2446 autem
2833 2391 3088 2445 Baltasar
3116 2390 3471 2460 perturbatus
3501 2399 3622 2455 est,

2049 2498 2104 2542 et
2139 2486 2312 2540 forma
2357 2486 2474 2554 ejus
2520 2486 2808 2538 immutata
2857 2491 2943 2540 est
2986 2499 3153 2554 super
3188 2499 3313 2538 eum
3337 2523 3352 2548 ,
3390 2494 3445 2540 et
3484 2486 3629 2555 Opti-

2051 2587 2229 2633 mates
2269 2577 2446 2648 ipsius
2487 2577 2994 2631 conturbabantur.
3036 2594 3054 2628 ι
3099 2573 3238 2630 Hinc
3274 2576 3629 2647 perspicuum

2049 2679 2154 2735 est,
2189 2669 2504 2744 Dominum,
2529 2671 2658 2740 quia
2693 2685 2838 2724 curae
2863 2670 2940 2724 illi
2973 2679 3094 2724 erat
3121 2671 3354 2724 aliorum
3393 2671 3628 2734 utilitas,

2053 2777 2159 2816 non
2185 2761 2370 2817 statim
2407 2762 2520 2831 regi
2566 2763 2728 2815 vitam
2763 2762 3060 2824 ademisse,
3091 2761 3185 2816 sed
3220 2761 3455 2832 primum
3484 2763 3630 2818 scri-

2054 2855 2234 2909 bentis
2270 2853 2472 2923 digitos
2499 2853 2831 2908 ostendisse.
2865 2855 3048 2919 Quare
3078 2870 3200 2908 cum
3235 2855 3413 2922 ipsum
3449 2869 3630 2925 regem

2055 2945 2416 3016 perculisset,
2479 2951 2859 3015 terroremque
2898 2946 2948 3000 ei
2988 2947 3302 3015 injecissct,
3346 2946 3529 3001 ell‘ecit
3573 2953 3633 3000 ut

2051 3037 2437 3093 Chaldaeorum
2511 3038 2794 3108 sapientes
2865 3048 3285 3092 accerserentur
3323 3080 3338 3105 ,
3396 3055 3630 3108 quorum

2055 3129 2409 3183 mendacium
2433 3130 2685 3197 coarguit
2718 3137 2772 3182 et
2801 3130 3236 3184 imbecillitatem
3261 3174 3274 3196 ,
3303 3147 3476 3202 eoque
3505 3131 3634 3185 ade-

2052 3223 2412 3293 gittregem)
2469 3231 2527 3276 ut
2568 3223 2838 3292 sapientia
2880 3223 3120 3279 Daniclis
3164 3239 3304 3293 opus
3362 3223 3631 3288 haberet,

2050 3312 2212 3381 cujus
2249 3312 2436 3379 lingua
2486 3319 2541 3364 et
2582 3311 2760 3379 ipsum
2794 3311 3189 3381 redargueret,
3225 3318 3279 3364 et
3309 3310 3434 3364 aliis
3468 3310 3634 3364 bene-

2053 3403 2258 3458 faceret
2281 3445 2296 3469 ,
2340 3412 2394 3457 et
2425 3402 2510 3456 his
2541 3403 2613 3455 ita
2639 3403 2810 3472 gestis
2833 3443 2848 3468 ,
2881 3409 3015 3455 tunc
3054 3402 3221 3471 impio
3264 3401 3375 3472 regi
3419 3399 3632 3471 suppli-

2051 3495 2194 3546 cium
2231 3494 2481 3548 inferret.
2509 3491 2846 3547 Perturbato
2887 3491 3077 3562 itaque
3110 3501 3164 3546 et
3206 3506 3366 3562 rege,
3413 3499 3467 3546 et
3498 3505 3634 3545 con-

2058 3600 2217 3649 \‘lVlS,

2127 3764 2292 3817 Vens.
2363 3762 2447 3815 lO.
2525 3782 2542 3814 ι
2597 3762 2805 3833 Regina
2880 3765 3024 3818 inter
3100 3778 3382 3819 sermones
3439 3763 3633 3835 regis,

2056 3855 2267 3926 1163
2319 3863 2373 3910 et
2412 3855 2737 3924 optimatum
2773 3855 2916 3924 ‘ejus
2951 3897 2966 3921 ,
3012 3855 3066 3908 in
3114 3856 3338 3910 domum
3388 3855 3631 3910 convivii

2052 3947 2300 4015 ingressa
2357 3951 2462 3998 est.
2502 3963 2521 3995 ι
2583 3943 2699 3998 Hoc
2745 3953 2868 4010 est,
2932 3947 3382 4000 consultantibus
3446 3946 3632 4017 ipsis,

2051 4037 2312 4108 quidnam
2354 4035 2498 4089 facto
2531 4051 2672 4106 opus
2721 4045 2909 4102 esset,
2956 4044 3011 4091 et
3045 4038 3170 4092 aliis
3209 4038 3315 4090 alia
3363 4036 3636 4092 allcrenti-

2053 4127 2154 4181 bus
2183 4140 2302 4194 quzr
2331 4133 2512 4179 metus
2538 4125 2796 4194 cogebat,
2833 4127 3022 4194 regina
3057 4127 3308 4196 ingressa
3336 4135 3440 4182 est.
3467 4125 3632 4180 Vide-

2055 4225 2146 4271 tur
2182 4224 2363 4270 autem
2421 4215 2536 4270 haec
2579 4216 2715 4269 mibi
2769 4226 2944 4270 mater
2987 4217 3166 4286 ipsius
3213 4233 3382 4273 esse:
3434 4235 3636 4275 uxores

2055 4309 2201 4363 enim
2235 4324 2358 4362 cum
2394 4307 2416 4339 δ
2455 4307 2750 4377 pellicibus
2799 4307 3042 4362 convivii
3089 4309 3394 4379 participes
3452 4317 3632 4365 erant.

2055 4400 2322 4455 Bibebant
2353 4401 2498 4455 enim
2537 4415 2603 4454 ex
2636 4400 2787 4455 vasis
2819 4400 3005 4454 aureis
3030 4409 3084 4454 et
3118 4402 3395 4471 argenteis
3429 4403 3546 4472 ipse
3579 4411 3636 4457 et

372 4495 510 4566 ροῖς,
551 4491 713 4556 αὐτὸς
758 4491 853 4544 καὶ
881 4491 930 4543 οί
965 4490 1292 4564 μεγιστᾶνες
1324 4487 1514 4550 αὑτοῦ,
1558 4488 1654 4540 καὶ
1683 4489 1738 4540 αἱ
1771 4487 1949 4558 παρά-

2057 4491 2350 4560 optimates
2389 4488 2512 4558 ejus
2541 4527 2554 4552 ,
2609 4499 2663 4544 et
2711 4489 3037 4545 concubina
3072 4491 3249 4561 ipsius
3276 4530 3290 4554 ,
3345 4491 3452 4546 hoc
3507 4500 3636 4554 est,

369 4600 544 4638 κοιτοι
573 4582 738 4636 αὑτοῦ
757 4621 772 4646 ,
797 4581 1078 4636 τουτέστιν
1099 4621 1113 4646 ,
1151 4583 1209 4636 αῖ
1237 4580 1477 4652 γαμεταὶ
1521 4578 1687 4632 αὑτοῦ
1711 4618 1728 4641 ,
1776 4580 1870 4634 καὶ
1896 4581 1952 4632 ai

371 4675 648 4730 παλλακαὶ
675 4673 865 4737 αὐτοῦ,
900 4675 958 4727 al
989 4674 1052 4726 ού
1093 4673 1236 4728 κατὰ
1265 4674 1448 4743 νόμον,
1479 4672 1616 4726 ἀλλὰ
1654 4671 1721 4725 δι’
1755 4672 1953 4726 ἀκολα-

372 4765 498 4818 σίαν
522 4763 800 4816 συνοῦσαι.
831 4763 976 4832 Λύτὴ
999 4763 1046 4793 ⁷⁸
1084 4761 1142 4815 δέ
1174 4762 1312 4832 μετὰ
1359 4761 1452 4814 τὸν
1481 4761 1711 4833 θόρυϐον
1745 4761 1955 4834 εἰσελή-

369 4854 535 4920 λυθε,
599 4855 695 4907 καὶ
751 4853 898 4917 είκδς
945 4849 1014 4924 ἦν
1075 4853 1151 4917 ὡς
1199 4855 1582 4924 γεγηρακυῖαν
1625 4853 1726 4922 τῆς
1784 4852 1953 4923 μέθης

369 4943 591 5013 ἐκείνης
622 4943 715 4996 καὶ
765 4942 875 4995 τῶν
932 4941 1347 5013 κορδακισμῶν,
1379 4942 1545 5011 ἧγουν
1571 4941 1865 5012 όρχησμῶν
1883 4941 1949 5005 τι,

368 5035 673 5106 τηνικαῦτα
709 5034 784 5106 μὴ
817 5033 1085 5105 μετέχειν.
1128 5052 1146 5086 ι
1193 5033 1301 5086 Καὶ
1329 5033 1602 5106 ἀπεκρίθη
1626 5073 1641 5098 ,
1677 5033 1843 5103 φησιν
1867 5075 1881 5096 ,
1919 5033 1953 5102 ἡ
1987 5065 1995 5076 η

373 5128 703 5199 βασίλισσα,
742 5127 838 5180 καὶ
891 5123 1010 5179 εἷπε
1043 5142 1058 5158 ο
1127 5124 1389 5190 Βασιλεῦ,
1443 5128 1522 5188 είς
1571 5125 1696 5188 τοὺς
1749 5125 1954 5187 αίῶνας

371 5219 520 5290 ζῆθι.
557 5237 576 5270 ι
617 5219 789 5272 Τοῦτο
817 5216 894 5282 δὲ,
923 5217 996 5282 ὠς
1038 5217 1206 5282 ἔοικε,
1241 5217 1546 5288 πρόσρησις
1575 5211 1642 5287 ἦν
1692 5217 1802 5278 τοῖς
1832 5214 1953 5268 τότε

466 5399 469 5401 -
497 5372 662 5428 Eccli.
694 5390 750 5439 κ,
788 5372 844 5427 9.

2056 4596 2260 4636 uxores
2289 4580 2411 4650 ejus
2438 4619 2452 4645 ,
2487 4589 2542 4635 et
2579 4581 2804 4648 pellices
2836 4581 2958 4650 ejus
2981 4620 2995 4645 ,
3031 4597 3152 4652 qua:
3195 4597 3304 4636 non
3352 4583 3591 4651 legitime
3618 4627 3633 4648 ,

2057 4671 2152 4726 sed
2199 4671 2440 4724 lasciviae
2493 4686 2661 4725 causa
2709 4687 2832 4725 cum
2887 4672 2983 4726 illo
3029 4682 3452 4728 consueverant.
3511 4673 3636 4743 Ipsa

2057 4770 2240 4817 autem
2277 4772 2400 4831 post
2433 4762 2904 4830 perturbationem
2946 4763 3196 4833 ingressa
3228 4773 3312 4817 est
3344 4783 3357 4818 :
3393 4773 3451 4819 et
3493 4765 3635 4819 veri-

2057 4853 2236 4908 simile
2282 4861 2444 4915 erat,
2499 4867 2659 4916 eam,
2719 4863 2778 4907 ut
2829 4855 2988 4908 senio
3044 4855 3396 4914 confectam,
3459 4870 3636 4924 neque

2059 4943 2356 5010 ebrietati,
2404 4959 2584 5012 neque
2627 4945 2844 5000 lusibus
2873 4985 2888 5010 ,
2935 4954 3030 5000 aut
3068 4945 3458 5001 saltationibus
3509 4961 3635 4999 cum

2061 5035 2182 5088 aliis
2205 5041 2335 5088 tunc
2363 5035 2680 5094 indulsisse.
2721 5056 2737 5085 ι
2763 5035 2832 5088 Ει
2865 5037 3172 5106 respondit,
3205 5036 3403 5106 inquit,
3425 5035 3634 5107 regina,

2059 5135 2112 5178 et
2158 5123 2298 5177 dixit
2332 5139 2344 5176 :
2375 5116 2515 5189 Rex,
2565 5124 2620 5178 in
2667 5125 2870 5178 saecula
2919 5125 3064 5180 vive.
3095 5145 3113 5178 ›
3163 5125 3289 5181 Haec
3323 5135 3540 5192 autem,
3575 5135 3636 5180 ut

2059 5216 2279 5271 videtur
2300 5255 2317 5280 ,
2352 5222 2474 5269 erat
2515 5215 2774 5285 praefatio
2799 5257 2815 5282 ,
2847 5231 2957 5288 qua
2990 5218 3224 5288 subjecti
3271 5219 3496 5289 regibus
3541 5231 3635 5272 eos

1674 5455 1908 5512 VARIA‘I
1947 5455 2243 5514 LECTION
2249 5457 2354 5514 ES.

447 5643 557 5725 “IB
582 5641 768 5725 κλόνον
786 5660 856 5724 τε
877 5642 982 5725 ,καὶ
1007 5641 1232 5725 τρόμον.
1311 5639 1356 5672 ⁸⁸
1461 5640 1826 5725 κῆαι-ἐϐόησεν
1911 5639 2251 5725 βῖσὲλεὺςοέν
2279 5641 2446 5725 ίσχύῖ.
2485 5719 2496 5725 _
2525 5642 2570 5725 ’ξ
2590 5644 2631 5697 Α
2660 5643 3032 5725 Ζαγαρηνούς,
3059 5658 3341 5725 exmerrore
3365 5644 3625 5725 librarii.

375 5710 429 5742 ⁸⁸
461 5718 578 5780 τήν.
627 5712 751 5768 Des.
786 5713 840 5766 in
875 5714 933 5766 Β.
1012 5710 1055 5744 ⁸⁷
1087 5730 1208 5766 κατ.
1249 5742 1318 5750 -
1360 5711 1545 5764 αὑτοῦ.
1577 5710 1873 5780 θρεζεψιιιι

376 5782 660 5852 ελήλυθεν.
737 5782 844 5836 ⁶⁹Β
883 5782 960 5836 τό.
1038 5783 1082 5814 ⁷⁸
1123 5782 1164 5836 Β
1197 5781 1356 5853 αὕτη.

1957 5709 2070 5774 XX,
2099 5719 2152 5767 et
2181 5713 2236 5767 in
2281 5709 2562 5779 A,'exstat
2589 5709 2768 5770 autem
2811 5709 2881 5768 in'
2911 5716 3062 5771 te'xtu
3095 5713 3285 5771 Cbuld.
3363 5714 3410 5748 ”
3439 5714 3484 5768 Α
3519 5716 3633 5768 εισ-

1442 5783 1485 5812 “
1516 5782 1609 5851 ἠγ.
1639 5783 1757 5851 όρχ.
1791 5782 1844 5836 in
1879 5781 1918 5835 Β
1957 5781 2074 5837 des.
