4092 6400
430 372 562 437 1333
1418 353 1903 417 THEODORETI
1943 347 2276 410 EPISCOPI
2316 345 2676 404 CYRENSlS
3537 339 3673 405 1384

428 493 561 536 tunc
600 476 935 534 salutabant.
968 473 1034 528 Et
1067 472 1134 527 ad
1160 472 1263 526 hoc
1296 482 1470 538 usque
1500 476 1716 534 tempus
1751 463 1842 516 bic
1876 475 1995 514 mos

2121 453 2414 508 Ξασιλεῦσιν
2444 452 2548 506 ὑπὸ
2589 450 2698 504 τῶν
2743 448 3058 521 ἀρχομένων
3086 451 3528 523 προσφερομένη.
3566 455 3677 506 Καὶ

430 570 659 627 invaluit
699 587 714 623 :
776 565 999 638 quidam
1045 564 1190 619 enim
1231 559 1467 630 imperiti
1513 600 1527 624 ,
1574 571 1732 625 reges
1766 569 1864 609 eos
1902 551 1997 621 qui

2121 547 2265 616 ιέχρι
2296 546 2352 598 δὲ
2383 544 2476 599 νῦν
2517 545 2576 596 τὺ
2625 542 2745 606 ἐοος
2789 542 2947 596 τοῦτο
2983 543 3326 614 κεκράτηκεν
3355 561 3368 574 ·
3421 546 3678 609 αἰωνίους

431 677 580 716 nunc
629 665 758 713 sunt
788 665 1008 710 ωιενηοι
1043 666 1241 707 vocare
1282 653 1726 709 consueverunt,
1769 646 1824 697 in
1868 656 2000 712 syn-

2121 638 2208 708 τὰρ
2238 636 2422 691 καλεῖν
2451 651 2598 698 τινες
2628 634 2737 686 τῶν
2764 635 3002 704 ἀνοήτων
3040 635 3132 686 καὶ
3159 635 3288 697 τοὺς
3313 634 3408 688 νῦν
3435 635 3676 704 βασιλεῖς

435 751 653 822 grapbis
687 762 902 816 quoque
935 742 1394 799 commerciorum
1442 742 1544 794 hoc
1571 736 1793 808 quidam
1825 735 2002 791 ascri-

2121 727 2345 790 .ίὼθασι,
2376 726 2470 779 καὶ
2492 727 2550 778 ἐν
2582 728 2704 788 ταῖς
2733 727 3072 795 συγγραφαῖς
3095 724 3152 776 δὲ
3187 725 3295 776 τῶν
3328 726 3676 796 συμϐολαίων

435 815 604 903 bunt,
643 815 887 892 stultitia:
926 834 1102 904 magis
1143 846 1308 902 quam
1344 827 1646 898 impietatis
1676 825 1999 880 damnandi.

2121 819 2260 873 τοῦτό
2289 835 2434 880 τινες
2475 817 2939 887 προσγράφουσιν,
2988 815 3200 887 ἀμαθίᾳ
3232 816 3432 884 μᾶλλον
3481 818 3513 889 ἦ
3544 820 3679 870 ἀσε-

434 935 525 985 Ait
570 932 754 998 itaque
794 927 985 996 regina
1020 942 1034 980 :
1089 943 1106 976 ι
1144 924 1222 978 Ne
1257 921 1591 978 conturbent
1625 927 1678 974 te
1709 918 2002 989 cogitatio-

434 1039 531 1076 nes
576 1032 680 1074 tuae
704 1061 718 1082 ,
757 1027 812 1073 et
849 1019 1025 1072 forma
1057 1025 1148 1070 tua
1195 1030 1302 1069 non
1339 1014 1683 1068 immutctur.
1723 1029 1742 1063 ι
1801 1010 2003 1065 Deinde

435 1132 656 1169 causam
688 1113 844 1166 aﬂ'ert
872 1155 886 1176 ,
922 1127 1024 1164 cur
1056 1116 1263 1162 metum
1295 1105 1562 1175 abjiciat:

2102 912 2223 982 δείᾳ
2261 909 2623 972 δουλεύοντες.
2662 907 2801 977 Φησὶ
2844 906 3022 960 τοίνυν
3071 909 3104 978 ἠ
3141 907 3432 977 βασίλισσα
3456 925 3469 938 ο
3529 929 3546 959 ι
3583 909 3679 978 Μὴ

2099 1001 2514 1074 ταραττέτωσάν
2547 1016 2606 1051 σε
2650 999 2700 1050 oi
2752 997 3003 1066 λογισμοί
3036 1014 3127 1050 σου
3153 1036 3167 1061 ,
3217 997 3312 1050 καὶ
3353 1001 3384 1065 ἠ
3433 999 3678 1068 μορφή⁷⁹

2104 1110 2194 1144 σου
2225 1091 2297 1161 μὴ
2323 1087 2674 1142 ἀλλοιούσοω.
2712 1106 2730 1138 ι
2763 1081 2894 1138 Εἶτα
2928 1085 3026 1156 τὴν
3056 1085 3236 1138 αἰτίαν
3264 1085 3477 1151 ἐπάγει,
3509 1084 3585 1143 δι’,
3608 1086 3678 1154 ἣν

2101 1178 2352 1235 ἐκϐάλλει
2384 1181 2444 1232 τὸ
2467 1179 2582 1241 δέος
2607 1197 2620 1211 ο

2176 1279 2263 1326 ια’.
2295 1290 2312 1321 ι
2356 1271 2543 1323 Ἔστιν
2580 1268 2746 1332 Est",
2793 1268 2978 1337 φησὶν,
3027 1268 3163 1337 ἀνὴρ
3207 1267 3265 1318 ἐν
3313 1268 3377 1334 τῇ
3431 1264 3682 1334 βασιλείᾳ

2108 1382 2200 1418 σου
2226 1404 2240 1427 _.
2285 1367 2340 1416 ἐν
2379 1355 2422 1428 ᾧ
2454 1360 2677 1430 Πνεῦμα
2720 1359 2854 1411 Θεοῦ
2881 1359 2928 1388 ⁷⁸
2954 1358 3106 1424 ἆγιον
3139 1357 3197 1408 ἐν
3226 1355 3374 1425 αὐτῷ
3396 1356 3462 1419 ⁷⁸,
3497 1352 3589 1408 καὶ
3617 1357 3677 1408 ἐν

2103 1458 2222 1518 ταῖς
2273 1452 2506 1524 ἡμέραις
2565 1450 2657 1503 τοῦ
2721 1448 2927 1518 πατρὸς
2981 1463 3074 1498 σου
3127 1445 3536 1515 γρηγόρησις⁷⁶
3585 1446 3685 1497 καὶ

2106 1546 2319 1606 σύνεσις
2359 1541 2556 1613 εὑρέθη
2606 1544 2662 1594 ἐν
2695 1539 2866 1608 αὐτῷ.
2903 1557 2920 1590 ι
2960 1539 3117 1590 Ἐστι
3172 1536 3229 1588 δὲ
3283 1537 3374 1588 καὶ
3430 1535 3685 1588 ἐντεῦθεν

2104 1635 2459 1702 κατανοῆσαι,
2489 1631 2563 1694 ὡς
2592 1633 2772 1700 μήτηρ
2806 1628 2971 1682 αὐτοῦ
3007 1626 3208 1697 μᾶλλόν
3231 1627 3274 1658 ⁷⁷
3311 1629 3457 1680 ἐστιν
3504 1626 3646 1694 αῦτη
3670 1645 3682 1658 ·

2111 1726 2191 1779 διὸ
2216 1725 2310 1777 καὶ
2331 1723 2398 1775 τὰ
2425 1721 2593 1776 πάλαι
2619 1718 2954 1789 γεγενημένα
2985 1717 3059 1778 ὼς
3088 1716 3389 1784 ἀγνοοῦντα
3417 1717 3683 1778 διδάσκει,

506 1291 673 1345 Vnus.
711 1291 795 1342 ll.
832 1309 849 1341 ι
886 1290 979 1342 Est
1004 1288 1182 1340 adhuc
1215 1285 1318 1347 vir,
1371 1284 1566 1352 inquit,
1598 1281 1652 1335 in
1688 1294 1854 1350 regno
1884 1286 2001 1344 tuo,

439 1386 490 1437 in
525 1399 634 1452 quo
664 1382 904 1450 Spiritus
928 1390 1156 1434 sanctus
1183 1385 1285 1440 est,
1321 1385 1375 1430 et
1406 1377 1459 1429 in
1489 1375 1683 1429 diebus
1715 1374 1886 1443 patris
1921 1373 2002 1426 tui

438 1477 722 1544 vigilantia
757 1482 808 1526 et
845 1471 1205 1541 intelligentia
1241 1471 1461 1522 inventa
1497 1476 1585 1521 est
1620 1467 1674 1519 in
1697 1481 1781 1521 eo.
1816 1485 1834 1517 ι
1866 1464 2005 1519 Hinc

439 1571 602 1620 etiam
640 1567 823 1620 dicere
854 1565 1000 1628 licet,
1047 1578 1142 1631 pro
1189 1569 1363 1614 matre
1411 1561 1561 1612 illius
1616 1559 1761 1612 hanc
1820 1557 2005 1628 potius

442 1658 630 1711 haberi
670 1677 683 1708 :
719 1653 930 1724 1164
964 1653 1173 1705 idcirco
1206 1659 1259 1702 et
1297 1664 1358 1703 ea
1407 1663 1529 1717 qua:
1574 1647 1786 1716 pridem
1847 1655 2004 1715 gesta

442 1749 679 1806 fuerant,
715 1761 767 1797 Ul
801 1746 1076 1814 ignarum,
1109 1743 1361 1802 docet,et
1392 1741 1612 1794 beatum
1643 1738 1693 1792 ei
1729 1737 2004 1792 Danielem

441 1840 666 1898 indicat,
703 1851 863 1903 quem
897 1836 1082 1888 divino
1116 1833 1322 1902 Spiritu
1371 1833 1590 1901 plenum
1629 1846 1752 1885 esse
1782 1830 2010 1883 conlite-

441 1939 549 1991 tur,
581 1935 633 1979 et
665 1923 864 1980 iisdem
891 1926 1096 1982 verbis.
1130 1922 1334 1992 quibus
1383 1921 1513 1974 olim
1561 1918 2009 1972 Nabuchodono-

442 2033 555 2080 sor,
585 2030 681 2069 usa
712 2021 814 2068 est.
848 2012 1046 2066 Eadem
1077 2011 1222 2065 enim
1280 2009 1371 2063 ille
1424 2021 1641 2076 quoque
1684 2005 1751 2059 de
1789 2004 2012 2057 Daniele

441 2108 579 2162 dixit
637 2105 956 2170 addiditque
997 2121 1010 2157 :
1047 2123 1064 2154 ι
1101 2101 1167 2154 Ει
1202 2101 1256 2154 in
1305 2100 1499 2155 diebus
1534 2097 1707 2167 patris
1758 2097 1837 2149 tui
1871 2095 2011 2164 vigi-

444 2196 614 2250 lantia
649 2204 703 2248 et
729 2192 1359 2262 iuteiligcutiainventze
1397 2197 1530 2243 sunt
1562 2189 1614 2240 in
1641 2201 1729 2240 eo.
1772 2205 1789 2236 ι
1828 2184 1894 2238 Ει
1934 2186 2011 2238 vi-

442 2288 719 2358 gilantiam
758 2287 975 2338 vocavit
1005 2283 1178 2337 animi
1205 2283 1587 2343 sobrietatem,
1609 2277 2011 2346 intelligentiam

445 2395 570 2431 vero
601 2379 947 2431 occultorum
979 2375 1376 2444 cognitionem,
1411 2380 1463 2426 et
1501 2387 1690 2426 e0tum
1727 2385 1848 2440 quae
1874 2369 2013 2421 mul-

445 2477 528 2523 tos
570 2468 824 2527 laterent,
874 2463 1427 2532 contemplationem.
1473 2479 1489 2511 ι
1533 2459 1597 2512 Ει
1634 2476 1752 2525 rex,
1812 2459 2015 2528 inquit,

445 2568 604 2628 pater
640 2568 770 2612 tuus
815 2554 1348 2618 Nabuchodonosor,
1404 2551 1712 2622 principem
1761 2551 2015 2604 incanta-

445 2663 644 2716 torum,
677 2664 982 2720 magorum,
1007 2647 1414 2709 Chaldaeorum,
1449 2644 1862 2700 Gazarenorum
1884 2656 2016 2696 con-

446 2745 628 2798 stituit
659 2743 861 2813 ipsum.
902 2758 920 2790 ›
956 2739 1099 2794 Tum
1135 2740 1301 2794 etiam
1333 2752 1556 2794 causam
1582 2735 1779 2805 adjicit
1818 2753 1832 2788 :

516 2999 682 3054 Vens.
719 2997 803 3051 l2.
841 3017 858 3049 ι
895 2995 1036 3062 Quia
1090 2993 1322 3064 spiritus
1354 2992 1638 3047 excellens
1695 2992 1751 3045 in
1807 2991 1948 3060 ipso.
1994 3008 2011 3042 ι

2115 1816 2208 1868 καὶ
2255 1813 2347 1865 τὸν
2403 1811 2672 1880 μακάριον
2722 1808 2921 1879 Δανιὴλ
2962 1807 3122 1876 δῆλον
3177 1805 3328 1876 αύτῷ
3365 1809 3547 1868 ποιεῖ,
3583 1807 3683 1860 καὶ

2112 1903 2255 1955 Θείου
2286 1901 2603 1971 Πνεύματος
2644 1897 2928 1951 ἀνάπλεων
2964 1892 3102 1949 εἶναι
3131 1897 3385 1965 ὁμολογεῖ
3411 1937 3424 1960 ,
3463 1899 3554 1950 καὶ
3583 1899 3686 1950 αὑ-

2109 1998 2220 2057 τοῖς
2269 1997 2382 2056 τοῖς
2454 1993 2546 2046 τοῦ
2607 1991 3077 2061 Ναϐουχοδονόσορ
3147 1992 3414 2060 κέχρηται
3477 1992 3684 2060 λόγοις.

2111 2086 2298 2138 Ταυτά
2338 2085 2445 2154 γὰρ
2475 2085 2725 2146 κάκεῖνος
2757 2082 2862 2152 ἔφη
2904 2082 3034 2151 περὶ
3069 2082 3162 2146 τοῦ
3206 2083 3420 2153 Δανιὴλ,
3456 2087 3690 2154 προστέ-

2113 2176 2259 2228 θεικε
2288 2177 2363 2240 δὲ,
2400 2177 2480 2227 ὅτι
2513 2193 2530 2226 ι
2570 2174 2679 2227 Kal.
2713 2176 2770 2226 ἐν
2807 2177 2926 2236 ταῖς
2955 2174 3190 2244 ἡμέραις
3232 2173 3327 2226 τοῦ
3359 2177 3562 2244 πατρός
3592 2193 3688 2228 σου

2111 2267 2509 2338 γρηγόρησιςτθ
2540 2266 2633 2318 καὶ
2660 2265 2872 2329 σύνεσις
2898 2265 3096 2336 εὑρέθη
3121 2267 3178 2318 ἐν
3206 2264 3374 2336 αὐτῷ.
3402 2284 3419 2317 ι
3457 2267 3685 2336 Γρηγό-

2106 2374 2294 2426 matr
2317 2357 2372 2410 δὲ
2395 2358 2620 2410 ἐκάλεσε
2647 2357 2746 2427 τὴν
2769 2357 2868 2426 τῆς
2893 2356 3070 2425 ψυχῆς
3092 2356 3252 2425 νῆψιν
3281 2357 3372 2410 καὶ
3397 2357 3514 2424 τὴν
3536 2359 3689 2411 σύνει

2113 2464 2250 2502 εσιν
2267 2450 2333 2512 ”,
2359 2449 2469 2502 τῶν
2507 2447 2908 2519 κεκρυμμένων
2930 2447 3028 2516 τὴν
3058 2447 3406 2517 κατανόησιν,
3455 2449 3550 2502 καὶ
3577 2450 3690 2502 τῶν

2112 2541 2238 2602 τοὺς
2283 2539 2510 2601 πολλοὺς
2552 2537 2924 2591 λανθανόντων
2982 2536 3077 2606 τὴν
3133 2536 3388 2608 θεωρίαν.
3435 2557 3452 2590 ι
3506 2539 3615 2591 Καὶ
3662 2543 3692 2592 ό

2117 2629 2367 2706 βασιλεὺς
2389 2671 2403 2695 ,
2453 2629 2584 2698 φησὶ
2609 2667 2624 2692 ,
2680 2627 3149 2699 Ναϐουχοδονόσορ
3182 2629 3209 2680 ὁ
3240 2629 3422 2698 πατήρ
3455 2645 3546 2681 σου
3586 2629 3691 2700 ἀρ-

2113 2740 2276 2793 χοντα
2325 2719 2620 2783 ἐπαοιδῶν,
2693 2721 2881 2789 μάγων
2908 2760 2921 2782 ,
2985 2718 3302 2782 Χαλδαίων,
3356 2720 3692 2790 Γαζαρηνῶν

2117 2818 2449 2886 κατέστησεν
2502 2815 2684 2868 αὐτόν.
2739 2833 2758 2866 ι
2816 2807 2948 2867 Εἶτα
2999 2814 3094 2868 καὶ
3137 2815 3238 2888 τὴν
3290 2815 3471 2868 αῑτίαν
3522 2832 3693 2886 προσ-

2117 2908 2326 2978 τίθησιν
2351 2923 2364 2936 ·

2192 2999 2278 3068 ιβ’.
2311 3017 2327 3049 ι
2368 2998 2492 3050 "Ott
2527 2995 2745 3065 πνεῦμα
2773 2993 3029 3066 περισσὸν
3058 2995 3114 3049 ἐν
3142 2994 3308 3066 αὐτῷ.
3342 3015 3360 3048 ›
3398 2995 3543 3048 Ἀντί
3573 2996 3692 3056 τοῦ.

447 3091 562 3147 Hoc
600 3099 704 3152 est,
737 3089 1098 3144 excellentem
1126 3087 1289 3139 habet
1323 3084 1562 3154 Spiritus
1593 3085 1846 3153 gratiam.
1878 3083 2014 3136 Tum

2132 3089 2606 3160 ’Υπερϐάλλουσαν
2667 3086 2777 3156 ἔχει
2824 3086 2922 3156 τὴν
2979 3086 3072 3139 τοῦ
3135 3085 3450 3156 Πνεύματος
3509 3088 3693 3158 χάριν,

446 3183 752 3252 spiritualis
783 3181 1003 3235 virtutis
1046 3178 1262 3247 species
1297 3187 1680 3230 connumerat.
1715 3194 1732 3226 ι
1775 3175 1838 3229 Ει
1889 3191 2019 3244 pru-

446 3275 653 3338 dentia,
679 3273 878 3342 inquit,
903 3279 958 3324 et
983 3268 1350 3337 intelligentia
1379 3269 1753 3336 interpretans
1778 3267 2016 3332 somnia,

447 3375 502 3422 et
532 3366 868 3420 annuntians
902 3379 1024 3431 quae
1058 3362 1227 3415 nimis
1276 3359 1448 3414 ardua
1490 3366 1638 3424 sunt,
1685 3369 1739 3414 et
1791 3359 2020 3414 solvens

447 3456 858 3526 colligationes,
903 3452 1120 3507 Daniel.
1153 3471 1172 3502 ι
1217 3450 1318 3506 llic
1349 3452 1495 3507 enim
1547 3450 1721 3505 divini
1777 3451 2021 3520 Spiritus

453 3560 549 3599 vas
579 3543 830 3608 ell'ectus,
862 3541 1142 3611 sapienter
1171 3540 1357 3594 omnia
1385 3541 1646 3605 consulit,
1684 3548 1739 3595 et
1774 3540 2017 3609 pruden-

452 3644 538 3689 ter
567 3633 754 3687 omnia
795 3632 1061 3700 loquitur,
1102 3639 1157 3685 et
1210 3629 1550 3685 somniorum
1602 3629 1896 3700 mgnimata
1924 3629 2022 3684 dc-

454 3725 650 3787 clarat,
691 3731 748 3776 et
777 3737 839 3775 ea
879 3736 1001 3791 quae
1026 3721 1366 3776 obscuritate
1396 3720 1580 3789 aliqua
1620 3721 1835 3774 occulta
1871 3727 2022 3783 sunt,

455 3815 523 3870 ab
553 3813 895 3868 obscuritate
928 3813 1188 3876 vindicat,
1219 3820 1273 3866 et
1301 3813 1468 3866 veluti
1498 3813 1842 3883 subligacula
1873 3829 2026 3882 quze—

455 3905 604 3959 dam'
643 3911 696 3957 et
733 3903 936 3974 sigilla,
980 3910 1033 3957 et
1065 3902 1227 3972 quasi
1263 3917 1327 3956 ea
1372 3920 1495 3972 quze
1535 3903 1590 3956 in
1639 3920 1780 3972 penu
1839 3913 2026 3957 custo-

455 3997 703 4061 diuntur,
741 4010 770 4049 a
795 3996 1035 4050 vinculis
1059 3995 1320 4060 liberans,
1364 3995 1531 4050 solvit
1562 4005 1616 4049 et
1643 3995 1841 4065 aperit,
1876 4003 1929 4049 et
1958 3995 2026 4049 ad

457 4087 574 4155 ipsa
610 4087 933 4156 quicunque
963 4086 1132 4140 velint
1165 4085 1494 4139 introducit.
1529 4085 1644 4140 Hoc
1677 4087 1822 4142 enim
1849 4086 2029 4156 signi-

467 4181 595 4235 ﬁcat
630 4199 643 4234 :
688 4198 706 4230 ι
739 4178 1089 4232 Annuntians
1114 4177 1356 4244 occulta,
1382 4187 1431 4232 et
1463 4179 1686 4234 solvens
1718 4180 2027 4249 colligatio-

456 4285 579 4332 nes,
609 4267 821 4322 Daniel.
870 4287 887 4318 ι
923 4269 986 4321 Et
1043 4267 1148 4321 hac
1205 4265 1272 4321 de
1328 4283 1520 4331 causa,
1563 4287 1580 4320 ι
1629 4267 1766 4334 Rex,
1822 4269 2024 4338 inquit,

459 4360 720 4428 imposuit
757 4359 806 4412 ci
839 4373 1038 4411 nomen
1090 4355 1360 4412 Baltasar.
1393 4377 1411 4410 ι
1454 4357 1666 4429 1165
1697 4358 1838 4425 Quia
1880 4359 2026 4413 enim

2127 3180 2360 3231 Ἔπειτα
2408 3177 2703 3244 καταλέγει
2742 3176 2842 3245 τῆς
2886 3177 3264 3246 πνευματικῆς
3307 3179 3584 3249 ἐνεργείας
3627 3180 3697 3233 τὰ

2122 3271 2254 3340 εἴδη.
2289 3289 2305 3320 ι
2339 3271 2449 3322 Kal.
2481 3269 2743 3338 φρόνησις
2766 3307 2781 3328 ,
2826 3269 2959 3336 φησὶ
2982 3309 2996 3334 ,
3045 3269 3141 3322 καὶ
3179 3267 3426 3332 σύνεσις,
3471 3269 3697 3340 συγκρί-

2123 3379 2228 3413 νων
2271 3359 2496 3412 ἐνύπνια
2519 3401 2532 3424 ,
2585 3358 2680 3410 καὶ
2715 3356 3058 3424 ἀναγγέλλων
3104 3356 3447 3427 κρατούμενα
3467 3357 3512 3389 ⁸ο
3538 3397 3552 3418 ,
3604 3358 3700 3411 καὶ

2123 3451 2263 3504 λύων
2315 3450 2688 3520 συνδέσμους,
2740 3449 2960 3517 Δανιήλ.
3016 3466 3034 3499 ι
3083 3433 3247 3512 Οὗτος
3270 3449 3312 3480 ⁸¹
3387 3448 3496 3520 γάρ
3551 3448 3697 3502 Θείου

2125 3542 2438 3611 Πνεύματος
2469 3540 2670 3610 δοχεῖον
2705 3540 2997 3609 γενόμενος
3021 3579 3034 3603 ,
3068 3539 3246 3608 σοφῶς
3264 3540 3307 3572 θ’
3342 3540 3439 3609 μὲν
3487 3541 3702 3594 ἅπαντα

2128 3632 2472 3705 βουλεύεται,
2530 3631 2764 3694 συνετῶς
2801 3631 2857 3684 δὲ
2908 3631 3124 3685 ἅπαντα
3159 3631 3452 3700 φθέγγεται
3538 3632 3607 3686 τά
3644 3632 3702 3686 δὲ

2127 3725 2234 3778 τῶν
2267 3723 2531 3777 ἐνυπνίων
2565 3723 2865 3793 αἰνίγματα
2894 3722 3029 3792 δῆλα
3064 3725 3229 3788 ποιεῖ,
3265 3723 3361 3777 καὶ
3395 3724 3464 3776 τά
3491 3724 3705 3795 ἀταφίᾳ.

2127 3817 2234 3869 τινὶ
2280 3816 2640 3886 κεκρυμμένα
2681 3815 2782 3884 τῆς
2811 3816 3052 3884 ἀταφίας
3089 3815 3393 3888 ἐλευθεροῖ,
3449 3819 3544 3870 καὶ
3590 3814 3705 3872 οἷον

2130 3907 2466 3976 ὑποδέσμους
2497 3907 2647 3970 τινάς
2678 3907 2810 3959 ὄντα
2824 3907 2869 3938 ³³
2901 3908 2996 3960 καὶ
3039 3908 3325 3980 σήμαντρα
3345 3950 3362 3976 ,
3393 3911 3486 3963 καὶ
3522 3911 3598 3974 ὡς
3645 3912 3706 3964 ἐν

2127 3997 2401 4068 ταμιείοις
2459 3997 2843 4068 φρουρούμενα
2889 3996 2999 4048 τῶν
3045 3997 3259 4067 δεσμῶν
3323 3998 3706 4065 ἀπαλλάττων,

2129 4089 2332 4142 διαλύει
2365 4106 2421 4142 τε
2446 4089 2540 4142 καὶ
2571 4072 2868 4155 ἀνοίγνυσι,
2900 4088 2992 4141 καὶ
3017 4088 3149 4141 είσω
3191 4088 3399 4142 τούτων
3426 4091 3546 4152 τοὺς
3578 4090 3706 4160 βου-

2129 4181 2390 4251 λομένους
2429 4183 2614 4233 ποιεῖ’
2662 4179 2821 4232 τοῦτο
2862 4180 2971 4251 γάρ
3003 4179 3261 4248 σημαίνει
3304 4180 3400 4232 τό·
3441 4199 3459 4232 ι
3513 4182 3710 4250 Ἀναγ-

2132 4272 2334 4340 γέλλων
2367 4271 2712 4341 κρατούμενα
2740 4272 2834 4324 καὶ
2859 4269 3000 4323 λύων
3029 4271 3378 4340 συνδέσμους,
3424 4273 3647 4342 Δανιήλ.
3685 4293 3702 4324 ι

2133 4362 2356 4424 Τούτου,
2390 4361 2544 4429 φησὶ,
2595 4360 2754 4430 χάριν
2793 4377 2810 4410 ι
2862 4360 2919 4411 'O
2953 4359 3205 4429 βασιλεὺς
3248 4361 3514 4430 ἐπέθηκεν
3558 4363 3711 4433 αὑτῷ

461 4451 595 4504 vidit
638 4450 819 4519 ipsum
853 4449 1039 4502 divina
1090 4447 1292 4502 virtute
1341 4446 1738 4511 illuntinatum,
1799 4447 1891 4504 Dei
1945 4449 2019 4501 sui

2137 4449 2306 4517 ὄνομα
2341 4449 2646 4520 Βαλτάσαρ.
2708 4468 2726 4500 ι
2791 4448 3008 4519 Ἐπειδὴ
3050 4449 3161 4519 γὰρ
3207 4444 3346 4502 εἶδεν
3386 4451 3549 4504 αὐτὸν
3605 4453 3712 4506 ὑπὸ
3761 4509 3767 4514 ,

459 4539 680 4594 nomine
725 4553 850 4593 cum
911 4536 1296 4605 appellandum
1357 4551 1482 4591 esse
1539 4537 1778 4590 censuit.
1817 4555 1836 4588 ι
1872 4536 2030 4592 Nunc

460 4631 626 4702 igitur
659 4641 884 4684 vocetur
947 4627 1176 4690 Daniel,
1240 4634 1296 4681 et
1344 4627 1856 4695 interpretationem
1910 4628 2032 4696 ejus

463 4720 819 4776 annuntiabit
853 4721 974 4774 tibi.
1019 4739 1036 4770 ι
1077 4718 1264 4790 Neque
1293 4719 1447 4780 dicit,
1475 4718 1713 4774 Vocetur
1740 4719 2024 4776 Baltasar:

461 4828 588 4867 cum
613 4813 760 4867 enim
792 4812 1128 4881 experientia
1153 4809 1336 4866 edocti
1366 4812 1759 4879 cognovissent
1788 4825 2028 4882 prOpne-

463 4913 530 4956 ta:
556 4902 834 4966 virtutem,
857 4909 1202 4972 anteponunt
1224 4898 1496 4953 Chaldzeze
1525 4898 1814 4954 llebraeam
1846 4900 2032 4970 appel-

462 4993 726 5047 lationem
767 5012 779 5047 :
817 5009 923 5064 qua
960 4995 1025 5048 de
1061 5006 1230 5047 causa
1279 4989 1542 5060 deinceps
1597 4991 1782 5061 ipsum
1837 4992 2030 5046 nomi—

467 5091 596 5138 nant
632 5082 931 5140 Danielem.
1107 5067 1116 5084 ’

535 5175 696 5233 Vsus.
726 5178 810 5232 l3.
847 5196 865 5229 ι
904 5177 1056 5230 Tunc
1089 5175 1254 5239 enim,
1282 5174 1486 5244 inquit,
1522 5173 1714 5230 Daniel
1739 5175 2027 5244 ingressus

2139 4540 2287 4604 θείας
2327 4540 2689 4609 φωτιζόμενον
2723 4541 3033 4610 ἐνεργείας,
3084 4541 3179 4611 τῆς
3230 4541 3324 4593 τοῦ
3361 4542 3496 4596 Θεοῦ
3540 4545 3708 4598 αὑτοῦ

2140 4633 2508 4701 προσηγορίας
2551 4630 2769 4700 ἠξίωσε.
2814 4650 2830 4681 ι
2878 4630 2990 4684 Νῦν
3036 4627 3128 4684 οῦν
3179 4632 3434 4704 κληθήτω
3485 4637 3710 4704 Δανιὴλ,

2139 4724 2233 4775 καὶ
2265 4723 2360 4790 τὴν
2397 4721 2684 4789 σύγκρισιν
2717 4719 2880 4774 αὑτοῦ
2922 4721 3214 4789 ἀναγγελεῖ
3231 4723 3276 4753 ⁸⁸
3309 4741 3411 4778 σοι.
3451 4743 3471 4774 ο
3507 4725 3615 4778 Kal.
3648 4728 3711 4778 οὐ

2139 4812 2307 4880 λέγει,
2351 4812 2618 4883 Κληοήτω
2653 4811 2976 4884 Balthan
3014 4816 3078 4884 τῇ
3117 4813 3224 4884 γάρ
3255 4815 3420 4886 πείρᾳ
3462 4817 3714 4886 μεμαθη·

2141 4903 2296 4965 κότες
2345 4904 2437 4957 τοῦ
2491 4907 2767 4974 προφήτου
2799 4905 2896 4973 τὴν
2928 4905 3192 4976 δύναμιν,
3258 4909 3566 4977 προτιμῶσι
3613 4910 3716 4978 τῆς

2141 4995 2411 5059 Χαλδαίας
2442 4995 2538 5066 τὴν
2575 4996 2830 5067 Ἐϐραίαν
2861 4998 3233 5068 προσηγορίαν
3257 5013 3270 5028 ·
3306 4992 3367 5051 οῦ
3395 4999 3555 5070 χάριν
3593 5003 3665 5068 ἐφ
3685 5031 3709 5040 -

2143 5087 2270 5156 εξῆς
2310 5086 2494 5140 λοιπὸν
2517 5087 2678 5140 αὑτὸν
2699 5089 2743 5119 ⁸⁸
2780 5087 2979 5158 Δανιὴλ
3008 5089 3354 5160 ὀνομάζουσι.

2210 5185 2296 5246 ιγ’.
2337 5197 2354 5228 ι
2386 5179 2520 5232 Τότε
2555 5179 2684 5250 γάρ,
2716 5181 2871 5248 φησὶ,
2905 5181 3102 5251 Δανιὴλ
3141 5183 3452 5253 είσῆλθενθθ
3483 5186 3717 5242 ἐνώπιον

1765 5350 1997 5404 VARIE
2033 5349 2436 5408 LECTIONES.

531 5453 580 5483 "'
609 5445 1489 5523 popcpﬁaB‘adscriptamnlmbet
1517 5444 1806 5523 lcetionem
1831 5445 2082 5523 __atap_§i_a.

2174 5447 2220 5480 "
2245 5447 2514 5519 Ejrt._Des.
2544 5450 2661 5519 inrA
2702 5461 2756 5503 et
2782 5449 2841 5503 Β.
2919 5449 2967 5481 ’⁸
2998 5448 3154 5504 Θεοῦ.
3195 5449 3271 5504 Ex
3307 5451 3348 5504 A
3389 5461 3443 5506 et
3468 5450 3508 5503 Β
3532 5453 3712 5519 suppl.

462 5518 506 5615 ζ’
543 5514 864 5591 ἆγίαάὖτῷ.
896 5519 1023 5600 Des.
1055 5514 1196 5570 iu'A.
1272 5517 1319 5547 ⁷⁸
1351 5515 1390 5567 Β
1416 5516 1766 5586 ἐγρήγορσις.
1831 5514 1878 5545 ⁷⁷
1911 5515 2016 5583 μᾶ).

487 5589 568 5622 re
629 5591 724 5622 -3...
785 5591 884 5622 nas
943 5605 996 5622 ιη
1048 5587 1087 5622 n
1205 5586 1250 5617 ιο
1285 5602 1355 5622 νη
1437 5587 1510 5622 Im
1547 5587 1576 5622 Δ
1621 5593 1668 5622 οι
1719 5583 1757 5622 R
1803 5582 1896 5622 and
1939 5599 2019 5622 nm

2121 5515 2238 5622 Des.
2273 5517 2325 5622 i'n
2364 5517 2422 5571 Β.
2460 5518 2621 5622 ΙτθρΒ
2649 5520 2997 5622 ἐγρήγορσις,
3029 5528 3084 5575 et
3113 5521 3330 5580 deinde.
3361 5514 3712 5601 ἐγρήγορσιν.

2121 5601 2130 5622 I
2223 5603 2281 5622 nn
2313 5603 2363 5622 In
2408 5604 2454 5622 Δ,
2580 5603 2720 5622 ,nmn
2795 5591 3149 5622 νημαι-λιιι»..-
3226 5591 3269 5622 Μ
3307 5584 3415 5622 n."...
3515 5591 3552 5622 Ω
3596 5609 3692 5622 ρο...

538 5587 600 5642 τί
628 5591 744 5644 σύν.
783 5587 906 5645 Des.
943 5590 996 5642 in
1048 5587 1106 5640 Β.

467 5659 512 5690 ⁸²
540 5657 580 5711 Β
610 5660 790 5726 σοφός.

470 5733 578 5782 tur.
661 5729 709 5762 ⁸⁸
755 5729 799 5784 Α
827 5727 1080 5797 εἰσήχθη.

1205 5586 1250 5617 ³ο
1285 5602 1374 5655 κρ.
1621 5582 1672 5640 et
1717 5583 1757 5636 Β
1781 5582 2019 5666 “sedpra

2121 5597 2157 5640 Il
2201 5587 2385 5666 lectiq‘
2408 5589 2494 5666 ed.
2544 5582 3176 5666 Comp'l.'5c_éu1§s6p._sva_.
3226 5591 3269 5622 ⁸¹
3307 5582 3441 5666 Din:
3476 5582 3712 5666 _'_B'10t}.

901 5659 946 5690 ⁸³
971 5658 1121 5709 ὅντα.
1165 5655 1239 5708 Ita
1260 5650 1380 5708 cum
1427 5654 1468 5707 Β
1491 5655 1743 5725 legimus.
1781 5650 1953 5705 Sirmi
1981 5653 2158 5718 ὄντας.

2275 5658 2319 5688 εδ
2347 5657 2386 5710 Β
2407 5658 2734 5726 ἀπαγγελεῖ.
2817 5657 2862 5695 ⁸³
2889 5657 3027 5720 αὐτ(
3044 5661 3101 5716 ln
3128 5661 3170 5713 Β
3185 5668 3307 5733 post
3335 5661 3537 5734 Δανιὴλ
3559 5661 3720 5734 poni-
