4092 6408
428 425 562 490 138⁵1

1349 412 1838 476 TIIEODORETI
1899 408 2238 470 EPISCOPI
2297 407 2665 467 CYBENSIS

3547 403 3691 466 1388

424 544 531 600 sub
565 533 733 596 unum
765 536 1049 607 redegisse
1078 530 1393 600 imperium.
1437 527 1572 582 Nam
1609 525 1858 582 omnium
1912 538 1995 577 re-

2112 519 2280 592 μυρία
2305 518 2414 572 τῶν
2444 518 2615 571 ἐθνῶν
2646 518 2779 590 γένη
2824 515 3100 587 γλῶσσαις
3133 512 3394 586 χρώμενα
3419 511 3696 582 διαφόροις

421 641 550 688 ram
576 631 862 691 Dominus,
885 625 988 696 qui
1039 623 1222 678 omnia
1271 619 1428 683 fecit,
1489 617 1767 688 sapienter
1819 611 2000 668 omnia

424 726 745 789 moderans,
783 722 884 776 hoc
917 720 966 774 ei
991 730 1220 788 regnum
1253 712 1429 777 dedit,
1455 720 1506 765 et
1538 717 1828 781 propterea
1855 699 2004 776 quod

425 817 500 872 ita
532 831 562 870 a
594 815 702 867 Deo
737 811 1025 868 definitum
1058 817 1114 865 et
1149 808 1437 862 decretum
1471 811 1612 868 erat,
1648 801 1899 873 parentis
1922 798 2004 853 tui

425 915 607 961 metus
644 902 925 972 subjectos
961 901 1040 955 illi
1079 899 1316 969 populos
1355 896 1673 950 invadebat.
1707 911 1726 945 ι
1759 893 1822 946 Et
1863 906 2004 961 quos

423 998 664 1059 volebat,
697 996 815 1064 ipse
847 993 1172 1055 extollebat,
1214 996 1269 1044 et
1307 1002 1446 1056 quos
1478 985 1721 1044 volebat,
1752 982 1872 1052 ipse
1903 982 2005 1033 hu-

425 1090 584 1143 miles
631 1087 888 1142 faciebat.
935 1103 952 1135 )
993 1083 1251 1147 Tantam,
1299 1080 1501 1149 inquit,
1541 1093 1570 1130 a
1615 1075 1726 1130 Deo
1761 1084 2003 1145 potesta-

425 1190 534 1236 tem
570 1180 804 1250 accepit,
841 1185 899 1231 ut
923 1185 1108 1248 posset
1134 1182 1192 1229 et
1219 1189 1316 1228 eos
1336 1171 1429 1242 qui
1463 1173 1516 1224 iu
1542 1170 1813 1224 altissimo
1833 1166 2003 1237 gradu

425 1273 594 1345 positi
630 1281 812 1337 erant,
834 1270 1075 1323 humiles
1103 1267 1357 1328 reddere,
1391 1272 1447 1319 et
1477 1278 1572 1317 eos
1595 1262 1687 1332 qui
1711 1258 2002 1315 admodum

425 1365 654 1423 obscuri
681 1371 870 1420 essent
903 1369 958 1417 et
994 1360 1154 1426 viles,
1189 1359 1432 1412 illustres
1458 1354 1692 1411 efﬁcere.

487 1543 667 1601 Vens.
693 1543 785 1597 20.
812 1561 830 1593 ι
871 1540 935 1593 Ει
967 1536 1187 1609 quando
1237 1534 1445 1590 elatum
1505 1536 1588 1584 est
1633 1542 1732 1582 cor
1773 1525 1918 1595 ejus,
1949 1529 2006 1578 et

431 1636 663 1707 spiritus
687 1633 808 1702 ejus
849 1628 1248 1683 corroboratus
1283 1629 1393 1686 est,
1441 1627 1503 1674 ut
1536 1616 1873 1688 superbiret,
1905 1613 2004 1668 de-

425 1703 608 1798 iectus
650 1729 734 1777 est
784 1735 813 1773 a
862 1719 1064 1772 throno
1098 1713 1251 1784 regni
1294 1711 1402 1767 sui.
1449 1728 1468 1762 ι
1526 1703 2004 1773 Quemadmodum

428 1797 574 1873 enim
614 1835 632 1866 ι
669 1829 815 1884 quos
860 1808 1102 1871 volebat,
1145 1805 1347 1874 inquit,
1410 1803 1530 1873 ipse
1586 1797 1908 1860 extollebat,
1951 1801 2005 1849 et

428 1922 569 1978 quos
598 1904 837 1963 volebat.
867 1899 1102 1954 humiles
1123 1893 1408 1957 reddebat,
1434 1910 1452 1943 ι
1476 1906 1585 1946 non
1604 1889 1756 1960 justo
1778 1887 2007 1940 omnino

428 1977 482 2053 id
513 1995 777 2064 suffragio
808 1991 1018 2046 faciens
1050 2004 1062 2041 :
1102 1989 1178 2042 ita
1207 1985 1458 2040 omnium
1498 1997 1596 2037 rex
1638 1989 1692 2035 et
1739 1977 2006 2032 Dominus

428 2089 678 2149 dedit.ut
707 2084 902 2146 voluit,
935 2079 1077 2150 patri
1112 2087 1207 2132 tuo
1235 2089 1462 2146 regnum
1489 2090 1501 2126 :
1525 2071 1617 2126 sed
1637 2084 1756 2123 cum
1783 2067 2009 2121 vidisset

427 2182 608 2250 ipsum
671 2175 855 2230 animo
890 2169 1182 2225 immodice
1235 2167 1464 2230 elatum,
1505 2161 1876 2232 superbiaque
1925 2159 2009 2212 in-

428 2273 618 2325 ﬂatum
661 2271 988 2336 arroganter
1036 2270 1089 2315 et
1128 2259 1434 2312 insolenter
1485 2268 1715 2323 regnum
1783 2250 2010 2304 admini-

427 2371 626 2423 strare,
649 2367 702 2413 et
725 2356 905 2427 ipsius
934 2350 1208 2421 superbia:
1238 2347 1434 2402 morbo
1458 2345 1734 2406 laborare,
1762 2352 1813 2397 ct
1846 2340 2008 2410 regiis

426 2454 648 2508 throuis
675 2465 798 2504 eum
833 2445 1114 2516 spoliavit,
1145 2449 1199 2495 et
1228 2443 1512 2497 honorem.
1539 2437 1631 2506 qui
1654 2436 1724 2490 ab
1750 2435 2009 2488 omnibus

423 2548 476 2600 ei
517 2542 847 2604 habebatur,
888 2531 1255 2606 ademit.'[2l]
1287 2531 1479 2600 Neque
1514 2544 1641 2583 vero
1682 2528 1803 2582 solo
1837 2540 2009 2596 regno

426 2633 708 2706 spoliavit,
743 2630 837 2685 sed
869 2629 1038 2683 etiam
1076 2640 1105 2677 a
1139 2623 1527 2677 communibus
1577 2620 1859 2674 hominum
1894 2634 2010 2672 cu:-

431 2728 578 2782 tibus
637 2723 866 2793 expulit,
926 2729 979 2773 et
1026 2715 1302 2771 dementia
1357 2729 1422 2767 ac
1481 2712 1634 2766 rabie
1693 2718 2008 2779 correptum

430 2831 556 2870 cum
609 2812 832 2881 onagris
895 2823 960 2862 ac
1016 2805 1214 2860 bestiis
1266 2802 1466 2872 degere
1509 2802 1710 2869 coegit.
1765 2799 2009 2865 Quorum

433 2906 652 2978 1168
676 2906 819 2959 enim
856 2901 1134 2955 feritatem
1169 2895 1422 2949 imitatus
1451 2892 1862 2959 fuerat,eorum
1888 2893 2013 2945 vita:

429 3015 607 3074 genus
643 2995 876 3065 accepit.
903 2991 1314 3046 Commemorat
1359 2995 1541 3040 autem
1576 2986 1756 3054 ipsum
1784 2985 2009 3038 herbam

429 3108 586 3148 more
615 3093 780 3146 boum
812 3084 1122 3142 comedisse
1148 3082 1186 3146 ,'
1216 3078 1536 3148 nudumque
1567 3085 1824 3147 vagatum
1861 3092 2011 3141 esse,

2107 611 2211 665 ὑπὸ
2255 611 2384 682 μίαν
2436 610 2732 680 ἐποιήσατο
2785 606 3080 679 βασιλείαν.
3141 607 3201 659 '0
3244 603 3360 673 γὰρ,
3401 604 3510 656 τῶν
3559 602 3696 657 ὅλων

2106 703 2418 773 Δεσπότης,
2449 702 2556 754 τῶν
2585 701 2838 754 ἀπάντων
2869 698 3106 768 Ποιητὴς
3125 698 3165 761 ⁸,
3197 698 3226 749 6
3255 696 3432 764 σοφῶς
3478 695 3697 748 ἅπαντα

2107 793 2484 864 πρυτανεύων,
2528 793 2721 864 αὐτῷ’⁵
2759 791 2956 845 δέδωκε
2989 791 3088 860 τὴν
3131 788 3432 860 βασιλείαν,
3467 787 3563 840 καὶ
3607 786 3698 840 διὰ

2105 887 2196 940 τὸν
2223 886 2367 940 θεῖον
2395 887 2520 956 ὅρον
2545 887 2572 936 6
2613 883 2709 938 τοῦ
2739 884 2946 954 πατρός
2977 900 3070 936 σου
3100 881 3264 952 φόϐος
3289 882 3402 942 τοῖς
3429 879 3696 950 ὑπηκόοις

2106 979 2380 1034 ἐπέκειτο.
2436 998 2454 1030 ι
2511 979 2622 1032 Καὶ
2665 976 2758 1041 οὓς
2805 975 3059 1029 ἐϐούλετο
3120 974 3320 1038 αύτδς⁸
3368 973 3544 1042 ὕψου,
3599 973 3699 1026 καὶ

2105 1068 2200 1134 οὓς
2233 1070 2485 1124 ἐϐούλετο
2529 1071 2691 1134 αὐτὸς
2721 1068 3034 1122 ὲταπείνου.
3073 1087 3090 1119 ι
3121 1065 3429 1136 Τοσαύτην,
3463 1065 3628 1136 φησὶν
3652 1065 3696 1131 ⁸,

2106 1163 2265 1218 ἔλαϐε
2314 1164 2465 1235 παρά
2513 1162 2607 1216 τοῦ
2659 1160 2792 1215 Θεοῦ
2827 1163 2926 1232 τὴν
2964 1161 3252 1227 ἐξουσίαν,
3303 1157 3382 1220 ὡς
3437 1157 3698 1211 δύνασθαι

2107 1253 2201 1306 καὶ
2251 1253 2376 1316 τοὺς
2438 1253 2496 1304 ὲν
2561 1251 2688 1320 ὕψει
2758 1251 2921 1314 ὄντας
2984 1251 3274 1313 ταπεινοὺς
3344 1248 3698 1317 ἀποφαίνειν,

2107 1346 2203 1399 καὶ
2237 1347 2365 1409 τοὺς
2421 1344 2649 1414 ἀφανεῖς
2701 1341 2819 1396 λίαν
2861 1341 2952 1395 καὶ
3000 1341 3240 1404 εὐτελεῖς
3299 1339 3702 1410 περιϐλέπτους

2106 1440 2304 1490 ποιεῖν.

2194 1536 2264 1583 κ’.
2309 1547 2328 1581 ι
2359 1529 2469 1581 Καὶ
2508 1527 2596 1581 ὅτε
2647 1524 2837 1596 ὑψώθη
2887 1524 2921 1597 ἡ
2970 1521 3204 1595 καρδία¹¹
3253 1523 3450 1587 αὐτοῦ,
3499 1523 3596 1577 καὶ
3642 1522 3703 1575 τὸ

2110 1621 2330 1692 πνεῦμα
2363 1620 2524 1674 αὐτοῦ
2561 1619 2903 1690 ὲκραταιώθη
2938 1619 3031 1673 τοῦ
3071 1615 3628 1688 ὑπερηφανεύσαοθαι
3654 1617 3700 1678 ⁸,

2108 1713 2418 1786 κατηνέχθη
2468 1713 2575 1766 ἀπὸ
2629 1711 2852 1783 θρόνου⁹
2906 1711 3003 1782 τῆς
3057 1711 3329 1780 βασιλείας
3375 1706 3537 1763 αὐτοῦ
3566 1709 3629 1762 ¹⁰.
3678 1728 3697 1760 ι

2112 1809 2326 1877 Ὠσπερ
2352 1806 2484 1877 γὰρ,
2521 1807 2706 1877 φησὶν,
2734 1825 2752 1857 ι
2780 1805 2942 1868 αὐτὸς
2962 1805 3055 1867 οὓς
3083 1803 3335 1857 ἐϐούλετο
3353 1803 3394 1834 ”
3429 1801 3584 1872 ὕψου,
3609 1802 3706 1853 καὶ

2111 1899 2201 1963 οὓς
2219 1899 2468 1953 ἐϐούλετο
2487 1900 2650 1954 ὲταπε
2663 1899 2791 1959 ίνου,
2809 1918 2826 1948 ι
2848 1897 2906 1951 ού
2928 1897 3092 1968 ψήφῳ
3110 1897 3324 1958 παντως
3342 1895 3527 1965 δικαίᾲ
3547 1893 3708 1946 τοῦτο

2113 1991 2281 2045 ποιῶν
2307 2005 2321 2019 ·
2373 1989 2549 2054 οὕτως
2583 1993 2610 2044 6
2642 1989 2751 2043 τῶν
2782 1989 3036 2044 ἁπάντων
3079 1989 3339 2050 Βασιλεὺς
3373 1985 3468 2040 καὶ
3501 1986 3708 2038 Δεσπό-

2111 2099 2208 2152 της
2248 2082 2415 2134 ἔδωκε
2451 2082 2567 2152 μέν,
2596 2079 2671 2142 ὡς
2701 2079 2954 2150 ἠθέλησε,
2993 2079 3071 2150 τῷ
3097 2078 3264 2149 πατρί
3297 2095 3387 2131 σου
3418 2075 3514 2143 τὴν
3546 2075 3708 2146 βασι-

2112 2173 2261 2226 λείαν
2303 2173 2381 2236 ¹¹,
2435 2170 2766 2240 θεασάμενος
2811 2169 2866 2222 δὲ
2914 2168 3076 2222 αὑτὸν
3124 2169 3347 2239 ἀμέτρῳ
3394 2153 3708 2237 φρονήματι

2112 2261 2478 2333 κεχρημένον,
2527 2259 2861 2325 ἀλαζονικῶς
2906 2277 2963 2312 τε
3012 2259 3107 2312 καὶ
3157 2259 3558 2328 τετυφωμένως
3601 2256 3706 2328 τὴν

2115 2352 2391 2422 βασιλείαν
2429 2351 2696 2414 ἰθύνοντα,
2732 2352 2826 2404 καὶ
2861 2353 2958 2421 τῆς
3007 2349 3382 2422 ὑπερηφανίας
3415 2348 3512 2418 τὴν
3545 2347 3707 2402 νόσον

2111 2442 2424 2511 δεξάμενον,
2451 2438 2547 2492 καὶ
2568 2439 2676 2492 τῶν
2699 2439 2990 2510 βασιλικῶν
3013 2438 3170 2492 αὐτὸν
3193 2439 3452 2510 ἐστέρησε
3474 2435 3702 2506 θρόνων,

2113 2533 2207 2585 καὶ
2239 2532 2336 2604 τὴν
2389 2531 2538 2603 παρᾶ
2575 2532 2791 2584 πάντων
2836 2531 2986 2602 αὐτῷ
3041 2531 3491 2602 προσφερομένην
3539 2529 3708 2600 τιμὴν

2113 2623 2363 2691 ἀφείλετο
2387 2623 2445 2672 ⁸³.
2496 2622 2570 2674 Ού
2605 2622 2772 2690 μόνης
2793 2621 2836 2653 ¹⁸
2868 2621 2923 2674 δὲ
2953 2619 3117 2674 αὐτὸν
3142 2617 3242 2690 τῆς
3269 2618 3546 2690 βασιλείας
3578 2620 3709 2688 ἐγύ-

2117 2731 2318 2785 μνωσε,
2350 2714 2487 2766 ἀλλὰ
2519 2714 2612 2766 καὶ
2652 2711 2761 2764 τῶν
2789 2712 2982 2765 κοινῶν
3014 2711 3288 2780 συλλόγων
3324 2709 3572 2781 ἐξήλασε,
3609 2711 3708 2764 καὶ

2113 2806 2507 2877 φρενοϐλαϐείᾳ
2538 2806 2630 2858 καὶ
2663 2805 2828 2876 λύττῃ
2855 2805 3154 2874 παραδοὺς,
3191 2804 3333 2866 ὄνοις
3362 2805 3575 2873 ἀγρίοις
3607 2803 3708 2857 καὶ

2115 2899 2326 2969 θηρίοις
2360 2899 2663 2966 συνδιάγειν
2695 2897 3128 2968 παρεσκεύασεν.
3153 2891 3254 2948 Ὧν
3281 2895 3390 2966 γὰρ
3423 2894 3482 2947 τὸ
3513 2893 3707 2964 ἄγριον

2115 2995 2442 3063 ἐμιμήσατο,
2478 2991 2683 3044 τούτων
2714 2990 2803 3043 τὸν
2833 2989 2943 3059 βίον
2977 2989 3212 3054 ἐδέξατο.
3268 2987 3707 3057 ’Ᾱναμιμνήσκει

2114 3085 2170 3137 δὲ
2193 3086 2370 3143 αὑτὸν,
2394 3084 2475 3136 ὅτι
2511 3083 2602 3136 καὶ
2634 3082 2768 3135 πόαν
2799 3080 2984 3153 ἢσθιεν
3007 3080 3162 3151 δίκην
3191 3080 3346 3150 βοῶν.
3376 3080 3467 3131 καὶ
3498 3077 3709 3148 γυμνὸς

429 3201 494 3241 ac
519 3185 621 3241 sub
651 3181 742 3236 dio
775 3179 1035 3234 miserum
1072 3173 1386 3243 degentem,
1419 3169 1715 3240 pristinum
1754 3170 2007 3238 corporis

2117 3176 2484 3246 περινοστῶν,
2539 3175 2632 3228 καὶ
2679 3173 2964 3244 ὑπαίθριος
3012 3170 3394 3242 ταλαιπωρῶν,
3449 3170 3547 3241 τὴν
3607 3170 3708 3240 μὲν

430 3279 667 3333 colorem
702 3273 980 3333 amisisse,
1023 3267 1301 3335 aliumque
1333 3262 1604 3325 induisse,
1637 3263 1854 3332 qualem
1880 3263 2004 3332 gelu

429 3377 484 3425 et
515 3376 684 3424 astus
715 3363 997 3417 attulerat.
1018 3359 1204 3412 Ethoc
1238 3371 1424 3421 omne,
1466 3356 1666 3426 inquit,
1703 3356 2004 3414 sustinuit,

435 3483 453 3515 ι
483 3461 665 3515 Donec
718 3455 942 3527 agnovit
972 3452 1316 3506 Altissimum
1349 3449 1654 3504 dominium
1697 3449 1904 3502 habere
1954 3449 2007 3500 in

430 3566 657 3625 regnum
708 3548 1020 3607 hominum,
1067 3553 1124 3599 et
1157 3543 1246 3596 cui
1304 3543 1482 3596 visum
1537 3540 1732 3604 fuerit,
1789 3540 2009 3593 tradere

431 3645 588 3701 iliud.
622 3661 641 3696 ι
679 3641 880 3695 Verum
917 3638 1008 3693 ille
1061 3635 1402 3705 experientia
1461 3634 1593 3704 quid
1656 3648 1796 3702 opus
1857 3632 2010 3685 facto

431 3745 580 3794 esset
609 3733 828 3798 didicit,
854 3740 909 3785 et
951 3730 1087 3799 ipsis
1134 3727 1301 3782 rebus
1347 3726 1580 3779 edoctus
1603 3733 1707 3787 est,
1753 3725 2009 3778 humanis

432 3833 489 3886 iu
515 3830 678 3883 rebus
717 3825 911 3880 stabile
945 3821 1078 3876 nihil
1132 3837 1276 3882 esse,
1337 3820 1582 3872 omnium
1647 3832 1780 3870 vero
1840 3814 2006 3870 Deum

433 3921 762 3990 sempiterna
798 3915 1039 3986 potentia
1071 3911 1299 3983 perinde
1336 3924 1400 3963 ac
1429 3908 1560 3963 velit
1613 3908 1853 3961 humana
1911 3923 2011 3976 gu-

432 4016 686 4076 bernare,
721 4019 774 4064 et
829 4007 1254 4078 quibuscuuque
1299 4001 1558 4065 voluerit,
1611 4000 1766 4071 regni
1802 4013 2008 4054 munus

430 4105 648 4176 largiri.

503 4277 664 4332 Vsus.
694 4276 784 4330 22.
812 4295 829 4327 ι
848 4273 930 4329 Tu
962 4283 1170 4339 autem,
1191 4272 1391 4344 inquit,
1419 4272 1563 4328 illius
1584 4272 1706 4342 ejus
1730 4263 2010 4334 Baltasar,

433 4368 873 4426 nonsuhmisisti
907 4380 1004 4420 cor
1037 4373 1192 4419 tuum
1228 4366 1280 4418 in
1316 4373 1622 4435 conspectu
1661 4361 1780 4428 Dei,
1830 4378 2014 4416 nonne

433 4465 550 4518 haec
576 4461 759 4517 omnia
785 4458 993 4514 noras?
1031 4475 1048 4507 ι
1082 4455 1344 4511 Parentis
1379 4458 1524 4510 enim
1571 4455 1648 4509 tui
1687 4455 2012 4508 infortuniis

2113 3271 2386 3340 προτέραν
2421 3267 2513 3320 τοῦ
2562 3266 2813 3337 σώματος
2861 3266 3102 3319 ἀπέϐαλε
3147 3265 3350 3336 χρόαν,
3403 3263 3596 3334 ἑτέραν
3647 3261 3708 3315 δὲ

2113 3363 2437 3428 εἰσεδέξατο,
2477 3361 2541 3430 ἣν
2573 3361 2600 3412 6
2631 3358 2840 3430 κρυμός
2879 3374 2938 3410 τε
2973 3358 3066 3410 καὶ
3096 3358 3124 3410 6
3156 3355 3396 3426 φλογμὸς
3434 3355 3711 3426 ἀπειργά-

2113 3475 2264 3510 σατο.
2318 3455 2427 3508 Καὶ
2455 3453 2625 3506 ταῦτα
2658 3454 2855 3515 πάντα,
2890 3449 3076 3521 φησὶν,
3122 3451 3412 3520 ὑπέμεινεν
3441 3490 3455 3514 ,
3515 3470 3532 3498 ι
3559 3450 3710 3516 Ἕως

2112 3543 2172 3602 οὗ
2204 3549 2364 3616 ἔγνω,
2391 3547 2471 3598 ὅτι
2498 3544 2739 3616 κυριεύει
2766 3545 2793 3596 6
2819 3542 3081 3611 ’Ὕψιστος
3103 3543 3144 3573 ¹⁵
3173 3542 3271 3610 τῆς
3302 3539 3579 3610 βασιλείας
3602 3540 3711 3593 τῶν

2111 3637 2434 3710 ἀνθρώπων.
2474 3638 2566 3689 καὶ
2592 3629 2635 3702 ᾧ
2677 3636 2772 3689 ὲάν
2803 3635 2931 3706 δόξῃ
2960 3634 3233 3687 δίδωσιν¹⁶
3270 3633 3462 3704 αὑτήν.
3497 3653 3513 3683 ι
3567 3622 3712 3685 Ἀλλ’

2115 3733 2320 3793 ἐκεῖνος
2353 3729 2451 3798 μὲν
2483 3733 2546 3799 τῇ
2593 3728 2758 3798 πείρᾳ
2791 3727 2850 3778 τὸ
2879 3727 2996 3779 δέον
3023 3725 3336 3796 μεμάθηκε,
3381 3725 3479 3778 καὶ
3504 3725 3569 3778 δι’
3606 3726 3708 3777 a6-

2112 3824 2219 3876 τῶν
2246 3820 2496 3892 ἐδιδάχθη
2530 3821 2638 3872 τῶν
2686 3819 3048 3892 πραγμάτων,
3092 3819 3167 3880 ὡς
3211 3818 3317 3870 τῶν
3363 3817 3462 3887 μὲν
3493 3815 3708 3887 ἀνθρω-

2112 3915 2281 3967 πίνων
2315 3914 2531 3984 βέϐαιον
2557 3912 2729 3976 οὐδὲν,
2753 3913 2780 3964 6
2809 3911 2866 3963 δὲ
2895 3908 3000 3963 τῶν
3026 3909 3281 3962 ἁπάντων
3308 3909 3464 3974 Θεὸς,
3489 3909 3708 3962 αἰώνιον

2111 4007 2248 4076 ἔχων
2296 4005 2360 4058 τὸ
2391 4006 2609 4076 κράτος,
2660 4003 2736 4066 ὡς
2785 4001 2927 4055 θέλει
2959 4002 3198 4073 κυϐερνᾷ
3244 4001 3314 4054 τα
3364 4000 3706 4072 ἀνθρώπινα,

2113 4100 2206 4152 καὶ
2249 4095 2328 4162 οἷς
2360 4099 2424 4151 ἂν
2446 4098 2487 4128 ¹⁷
2524 4095 2753 4166 ἐθελήσῃ
2794 4095 2893 4166 τῆς
2925 4094 3204 4164 βασιλείας
3237 4093 3420 4164 ὀρέγει
3454 4093 3552 4165 τὴν
3598 4094 3707 4147 δω-

2118 4192 2269 4263 ρεάν.

2189 4282 2292 4352 κβ’.
2342 4301 2359 4333 ι
2385 4282 2456 4334 Συ
2495 4281 2572 4346 δὲ,
2619 4281 2803 4350 φησὶν,
2839 4280 2867 4330 6
2895 4275 3008 4340 υίὸς
3050 4275 3214 4331 αύτοῦ
3260 4277 3568 4346 Βαλτάσαρ,
3604 4279 3708 4332 οὐκ

2116 4375 2488 4436 ἐταπείνωσας
2519 4372 2616 4444 τὴν
2646 4371 2875 4442 καρδίαν
2907 4384 2998 4423 σου
3036 4368 3374 4422 κατενώπιον
3415 4369 3509 4422 τοῦ
3541 4367 3706 4429 Θεοῦ,

2115 4467 2174 4519 ού
2203 4466 2372 4520 ταῦτα
2396 4466 2434 4498 ³³
2465 4468 2642 4519 πάντα
2673 4464 2878 4532 ἕγνωςς
2911 4482 2927 4512 ι
2967 4463 3091 4524 Τοῖς
3117 4462 3225 4532 γὰρ
3255 4461 3348 4514 τοῦ
3377 4461 3469 4513 σού
3499 4461 3708 4532 πατρὸς

433 4552 860 4622 haudquaquam
925 4548 1238 4618 resipuisti,
1273 4562 1450 4617 neque
1495 4562 1564 4602 ex
1601 4546 1687 4610 iis,
1751 4561 1874 4614 qua:
1921 4545 2008 4597 ille

2115 4561 2214 4612 οὐκ
2241 4557 2646 4630 ὲσωφρονίσθης
2674 4557 2884 4619 κακοῖς,
2907 4555 3024 4608 οὐδὲ
3053 4554 3403 4625 μανθάνειν¹⁹
3433 4553 3711 4623 ἠθέλησας

433 4663 728 4720 perpessus
758 4652 863 4710 est,
884 4643 1098 4698 discere
1133 4641 1353 4696 voluisti
1405 4641 1651 4695 divinam
1684 4638 2008 4708 potentiam.

506 4737 671 4793 Vens.
714 4738 803 4791 25.
842 4753 860 4786 ι
903 4734 1009 4790 Sed
1035 4739 1228 4790 contra
1263 4731 1558 4786 Dominum
1583 4731 1708 4785 caeli
1740 4729 2013 4784 exaltatus

434 4850 514 4888 es.
553 4852 570 4884 ι
603 4831 772 4885 Recte
801 4829 962 4884 docet
1005 4835 1326 4898 praesentes,
1371 4841 1438 4879 ue
1487 4839 1549 4879 ea
1605 4838 1729 4894 qua:
1794 4821 2015 4892 conspi-

437 4927 678 4989 ciuntur,
710 4923 802 4977 sed
837 4923 1084 4991 ipsorum
1135 4917 1405 4989 Opificeiu
1455 4932 1518 4970 ac
1568 4915 1884 4982 Dominum,
1919 4916 2016 4970 ad-

436 5020 627 5066 orent:
649 5021 702 5064 et
732 5012 896 5066 simul
925 5009 1071 5078 regis
1097 5005 1448 5076 reprehendit
1468 5005 1694 5070 fastum,
1743 5007 2014 5077 docetque

438 5106 734 5158 maximum
759 5105 957 5158 cmlum
991 5101 1243 5171 opificem
1271 5101 1472 5155 habere
1498 5100 1693 5165 Deum,
1722 5103 1814 5171 qui
1839 5103 2016 5158 oculis

438 5197 586 5252 ccrui
617 5204 872 5265 nequeat.
907 5193 988 5247 Tu
1016 5196 1222 5258 autem,
1257 5193 1458 5261 inquit,
1492 5193 1697 5248 celsius
1721 5195 2015 5249 ostendisti

2120 4650 2179 4717 ἐξ
2207 4643 2280 4703 ὧν
2308 4652 2512 4712 ἐκεῖνος
2543 4647 2828 4708 πέπονθεν,
2859 4645 2950 4699 τοῦ
2983 4645 3116 4698 Θεοῦ
3151 4646 3250 4714 τὴν
3279 4646 3450 4714 ἰσχύν.

2192 4740 2294 4811 κγ’.
2325 4761 2343 4793 ι
2379 4740 2517 4793 Ἀλλ’
2540 4741 2629 4793 ἐπὶ
2653 4739 2742 4792 τὸν
2764 4737 2964 4810 Κύριον
2986 4736 3079 4790 τοῦ
3096 4738 3140 4769 ¹⁰
3161 4737 3390 4809 ούρανοῦ
3414 4737 3654 4807 seem.
3682 4757 3702 4791 ι

2122 4831 2318 4897 Καλῶς
2350 4833 2588 4887 διδάσκει
2621 4832 2748 4896 τοὺς
2790 4831 3085 4900 παρόντας,
3137 4829 3211 4901 μὴ
3264 4833 3592 4900 προσκυνεῖν
3637 4829 3712 4884 τά

2120 4918 2394 4991 ὁρώμενα,
2421 4919 2556 4972 ἀλλὰ
2577 4920 2664 4972 τὸν
2687 4918 2891 4972 τούτων
2913 4918 3253 4988 Δημιουργὸν
3279 4920 3372 4970 καὶ
3392 4920 3668 4990 Δεσπότην
3691 4936 3706 4950 ·

2123 5014 2216 5065 καὶ
2263 5011 2402 5064 κατὰ
2433 5012 2627 5064 ταύτδν
2683 5011 2778 5064 καὶ
2825 5009 2918 5063 τοῦ
2957 5009 3222 5080 βασιλέως
3253 5010 3578 5081 διελέγχει¹¹
3612 5011 3712 5065 τὸν

2119 5103 2310 5171 τύφον,
2363 5104 2455 5156 καὶ
2499 5101 2761 5167 διδάσκει,
2797 5103 2872 5164 ὡς
2918 5103 2946 5154 ὁ
3000 5101 3256 5172 μέγιστος
3293 5102 3521 5174 οὐρανὸς
3547 5103 3714 5174 δημι-

2124 5195 2321 5266 ουργὸν
2354 5194 2466 5264 ἔχει
2510 5195 2600 5248 τὸν
2631 5193 2859 5266 ἀόρατον
2891 5191 3041 5247 Θεόν.
3084 5195 3154 5247 Σὺ
3182 5193 3256 5256 δὲ,
3290 5195 3473 5264 φησὶν,
3508 5195 3713 5266 ὑψηλο-

1767 5357 1997 5413 νΑιιιλιΕ
2038 5359 2441 5416 LECTIONES.

512 5477 532 5505 ³
574 5489 756 5543 ποιητ.
797 5471 836 5523 Β
868 5472 1141 5543 praetu._6_.
1245 5470 1280 5543 ‘_
1306 5469 1510 5543 q'3:._B
1551 5486 1737 5541 prtem.
1781 5471 2004 5543 ταύτην.

438 5545 533 5608 οὓς
597 5539 883 5597 ἐϐούλετοξ
919 5543 982 5614 (ᾼ
1023 5539 1174 5614 addit
1223 5541 1386 5614 αὐτὸς
1435 5539 1663 5614 ἔτυπτε,
1702 5545 1797 5614 καὶ
1829 5539 2262 5614 οὖς’ὲϐούλετο.)

1915 5629 2101 5682 praem.
2144 5632 2257 5669 του.

441 5617 485 5671 Β
521 5615 813 5686 βασιλείαη
867 5615 901 5686 λ⁸
1011 5611 1592 5686 Δύπερηφανεύεσθαιᾏ
1643 5611 1866 5686 [ορ.λῦ

445 5687 487 5717 ⁸⁸
522 5680 584 5738 ’Β
630 5685 722 5747 οὒς
761 5684 920 5745 αὐτὸς
961 5680 1242 5750 ἠϐούλετο.
1320 5683 1364 5712 ¹²
1403 5681 1525 5750 βασ.
1559 5682 1600 5734 Β
1639 5680 1906 5746 agmen

445 5757 487 5805 Δ
533 5771 715 5820 praem.
745 5759 772 5806 6
803 5756 956 5815 Θεὸς.
1037 5749 1079 5780 ¹⁶
1110 5752 1150 5801 Α
1192 5761 1245 5804 et
1287 5751 1326 5800 Β
1363 5751 1542 5810 δώσει.
1625 5754 1665 5784 ³⁷
1694 5753 1868 5805 Β

447 5822 491 5854 ¹¹
524 5823 561 5874 Ii
591 5824 853 5893 διελέγχει
891 5823 984 5876 τοῦ
1018 5820 1299 5891 βασιλέως.

1987 5685 2159 5756 "frg:
2200 5686 2252 5737 lu
2282 5687 2322 5736 Β
2354 5688 2572 5756 punitur
2603 5699 2728 5740 aute
2758 5685 2947 5756 τιμήν.

1949 5754 1991 5784 ’⁸
2031 5753 2070 5804 Β
2107 5752 2165 5807 οὗ
2197 5758 2283 5808 τά.

2625 5489 2815 5546 prtum.
2878 5473 3072 5546 ganglia,
3120 5471 3285 5546 αὐτὸς
3335 5471 3548 5546 ἀνῄρει,
3618 5495 3716 5530 και

2363 5547 2382 5576 ⁸
2423 5563 2554 5614 φησ.
2593 5545 2650 5599 1η
2693 5545 2732 5597 Β
2761 5552 2885 5614 post
2942 5543 3102 5615 ἔλαϐε
3161 5543 3504 5615 ροιιίῑιιτζἿ
3547 5546 3711 5615 καρδ.

2337 5617 2381 5647 ¹⁰
2419 5613 2539 5669 αύτ.
2573 5617 2614 5668 Α
2670 5613 2855 5684 przclu.
2904 5614 2998 5665 καὶ
3047 5615 3080 5683 ὴ
3121 5613 3254 5683 τιμὴ
3294 5614 3543 5687 ἀφῃρέθη
3589 5613 3708 5673 ἀπ’,

2354 5688 2572 5736 nouitur
2603 5699 2728 5736 ante
2758 5685 2947 5736 τιαήν.
3031 5683 3076 5714 ⁸⁸
3116 5683 3157 5734 Β
3199 5685 3380 5736 μόνον.
3463 5685 3508 5716 ⁸⁸
3546 5687 3572 5736 ὁ
3607 5684 3708 5736 ὖώ.

2899 5701 2947 5735 ν.
3032 5701 3076 5714 ’ν
3116 5701 3157 5734 n
3198 5701 3380 5754 μονον.
3463 5701 3508 5716 ι·
3546 5701 3572 5737 o
3607 5701 3710 5754 υψ.

2894 5753 2941 5784 ³ο
2969 5752 3088 5806 τοῦ.
3113 5753 3154 5804 Β
3199 5769 3386 5824 praem.
3419 5754 3512 5809 τὸν
3548 5755 3706 5810 Θεόν.

2115 5473 2136 5504 ⁵
2178 5475 2298 5528 αὐτ.
2343 5477 2382 5526 Λ
2425 5483 2478 5528 ct
2532 5475 2570 5528 Β

2396 5759 2435 5788 ¹¹³
2484 5755 2522 5806 Β
2565 5757 2777 5825 μαθεῖν.
