4092 6386
420 427 558 495 1389

1693 440 1775 501 ΙΝ
1803 435 2163 499 DANIELIS
2189 435 2347 497 CAP.
2366 438 2432 497 V.

3557 438 3693 504 1390

415 545 584 614 τέραν
634 544 922 616 ἀπέφηνας
968 548 1068 620 τὴν
1101 551 1328 624 καρδίαν
1363 571 1478 618 σου.
1519 553 1580 607 οὗ
1623 553 1716 607 τοὖ
1745 551 1999 624 οὐρανοῦ,

2114 563 2204 605 cor
2228 559 2410 614 tuum,
2453 565 2562 607 non
2605 552 2770 618 coelo,
2808 553 2904 609 sed
2934 552 3045 608 Deo
3074 553 3220 618 coeli,
3263 554 3448 610 omnis
3475 564 3696 611 creatu-

414 635 555 688 ἀλλά
579 635 672 690 τοῦ
704 637 840 692 Θεοῦ
869 639 962 693 τοῦ
1005 642 1254 716 ούρανοῦ,
1295 645 1390 699 τοῦ
1419 645 1625 718 Κυρίου
1667 646 1848 715 πάσης
1885 646 2003 698 κτί-

419 742 558 788 σεως
573 728 638 782 ³³.
681 727 756 781 Οὐ
791 729 898 802 γὰρ
933 731 1020 795 ἂν,
1069 735 1118 786 εἰ
1161 734 1236 806 μὴ
1270 734 1522 790 τοσοῦτον
1542 738 1586 769 ’³
1617 736 1786 806 τύφον
1818 736 2004 806 ἐνόση-

421 831 558 880 σας,
599 816 670 870 τά
722 819 892 891 σκεύη
938 820 1033 874 τοῦ
1092 824 1242 877 οἴκου
1288 825 1453 879 αὐτοῦ
1507 827 1791 899 ἐνεχθῆναι
1837 843 2004 897 προσ-

417 905 614 973 έταξας
631 908 698 962 ν’.
730 922 760 961 ἰ
794 912 906 965 Καὶ
937 913 1002 966 σὺ
1036 913 1129 966 καὶ
1162 917 1210 968 οἱ
1262 919 1587 987 μεγιστᾶνές
1641 936 1765 983 σου,
1800 919 1895 972 καὶ¹
1948 917 2004 971 αἱ

418 999 746 1070 παράκοιτοί
780 1019 896 1071 σου,
925 1006 1020 1060 καὶ
1049 1009 1104 1061 αἱ
1137 1011 1412 1065 παλλακαί
1433 1029 1527 1066 σου
1558 1011 1771 1066 ἐπίνετε
1800 1007 2005 1066 οἴνον¹³

417 1091 476 1143 ἐν
510 1091 726 1156 αὐτοῖς’
761 1112 780 1147 ι
837 1098 1138 1163 τουτέστιν,
1173 1101 1254 1165 είς
1301 1102 1647 1172 οἰνοφλυγίαν
1687 1103 1782 1157 καὶ
1833 1102 2005 1175 μέθην

417 1183 632 1256 ἀπεχρὴ
643 1202 719 1237 σω
743 1187 855 1250 τοῖς
873 1186 951 1258 τῷ
970 1189 1089 1260 Θεῷ
1112 1191 1550 1264 ἀνακειμένοις¹⁸
1574 1193 1846 1250 σκεύεσιν.
1874 1191 2005 1248 Εἶτα

415 1273 516 1344 τὴν
547 1275 650 1346 τῆς
682 1275 938 1342 ἁσεὸείας
982 1280 1289 1356 ὑπερϐολὴν
1315 1285 1642 1356 τραγῳδῶν,
1677 1305 1697 1339 ‹
1725 1285 1836 1341 Καὶ
1880 1288 2007 1351 τοὺς

418 1363 594 1428 θεοὺς,
629 1365 783 1437 φησὶ,
823 1370 951 1434 τοὺς
992 1372 1248 1443 χρυσοῦς,
1294 1376 1388 1430 καὶ
1415 1376 1712 1449 ἀργυροῦς,
1749 1379 1843 1432 καὶ
1875 1379 2007 1450 χαλ-

417 1457 570 1522 κοῦς,
620 1461 716 1514 καὶ
754 1461 1030 1534 σιδηροῦς,
1085 1467 1178 1520 καὶ
1209 1465 1485 1535 ξυλίνους,
1521 1471 1615 1525 καὶ
1658 1469 1893 1536 λιθίνους
1942 1471 2006 1543 ᾔ-

417 1565 601 1616 νεσας.
630 1571 649 1603 ι
685 1553 796 1607 Καὶ⁵
829 1555 1106 1626 ἐπιμένων
1139 1560 1204 1631 τῇ
1231 1561 1496 1634 κωμῳδίᾳ
1518 1574 1533 1590 ο
1593 1563 1700 1617 (Οἳ
1725 1565 1768 1596 ³⁷
1796 1564 1857 1617 ού
1889 1564 2009 1634 βλέ-

419 1659 603 1708 πουσι,
650 1645 744 1699 καὶ
773 1646 872 1699 οὐκ
900 1647 1182 1717 ἀκούουσι,
1217 1651 1312 1706 καὶ
1337 1652 1400 1705 ού
1431 1653 1782 1722 γινώσκουσι.
1825 1673 1845 1708 ι
1898 1655 2010 1709 Καὶ

421 1733 528 1806 μὴν
551 1735 878 1807 ἡδύνασαιί⁸
914 1740 1145 1795 συνιδεῖν
1175 1741 1237 1796 τὸ
1287 1743 1514 1798 ἐκείνων
1559 1745 1811 1816 ἀδρανὲς,
1849 1745 1914 1800 ἐκ
1948 1762 2008 1799 τε

418 1829 520 1898 τῆς
547 1828 700 1900 ὕλης,
732 1832 829 1885 καὶ
859 1832 924 1887 ἐκ
953 1833 1052 1906 τῆς
1099 1835 1456 1908 ἐπικειμένης
1489 1836 1628 1910 αὐτῇ
1663 1837 1878 1911 τέχνης,
1915 1839 2011 1893 καὶ

420 1920 558 1992 πρὸς
585 1922 795 1989 τούτοις
826 1926 890 1978 ἐκ
917 1926 1018 1997 τῆς
1051 1927 1160 1982 τῶν
1192 1929 1398 2002 μορίων
1426 1930 1785 2002 ἀναισθησίας
1807 1948 1821 1962 ο
1865 1932 2009 2002 γνώ-

421 2032 558 2078 σεως
586 2016 716 2088 γὰρ,
745 2018 840 2071 καὶ
868 2018 1066 2087 ὅψεως,
1097 2023 1192 2076 καὶ
1218 2023 1390 2096 ἀκοῆς
1413 2024 1760 2098 ἐστέρηνται,
1789 2028 2013 2083 καὶτῶν

419 2108 726 2180 αἰσθήσεων
743 2111 864 2165 οὐδὲ
886 2112 984 2185 τὴν
1006 2114 1137 2185 μίαν
1158 2115 1437 2188 ἐνέργειαν
1458 2117 1617 2191 ἔσχον
1631 2123 1698 2188 ³⁸,
1716 2121 1854 2176 ἀλλά
1877 2122 2014 2194 μόνα

419 2200 602 2271 γυμνά
631 2202 701 2258 τὰ
746 2202 1065 2275 ἰνδάλματα.
1101 2205 1170 2259 Σὲ
1211 2206 1269 2260 δὲ
1301 2207 1423 2261 ούδέ
1467 2207 1628 2264 τοῦτο
1669 2210 1856 2265 ἔπεισε
1891 2228 2014 2265 συν-

421 2292 550 2344 ιδεῖν
591 2292 653 2346 τὸ
700 2293 838 2361 δέον,
888 2294 1027 2350 ἀλλά
1073 2297 1202 2361 τοὺς
1250 2298 1350 2370 μὲν
1403 2298 1560 2365 θεοὺς
1581 2301 1626 2334 ³⁰
1665 2301 1897 2372 ώφελεῖν
1935 2304 2011 2375 μὴ

417 2385 750 2456 δυναμένους
797 2389 964 2443 αίνῶν
995 2390 1256 2454 διατελεῖς
1275 2391 1341 2444 ³¹.
1405 2410 1425 2445 ι
1465 2393 1569 2447 Τὸν
1595 2394 1652 2448 δὲ
1679 2395 1833 2462 Θεὸν,
1884 2389 1946 2449 οὗ
1978 2398 2010 2466 ἡ

417 2480 558 2550 πνοή
591 2497 683 2533 σου
717 2481 774 2533 ἐν
826 2483 893 2552 τῇ
914 2482 956 2514 ⁸³
997 2483 1144 2556 χειρὶ
1177 2481 1365 2550 αὑτοῦ,
1421 2485 1518 2539 καὶ
1570 2487 1742 2540 πᾶσαι
1795 2488 1854 2541 αἱ
1901 2488 2010 2542 ὁδοί

419 2589 537 2637 σου,
563 2573 727 2626 αὑτὸν
765 2573 867 2627 οὐκ
896 2572 1177 2642 ἐδόξασας.
1213 2593 1232 2626 ι
1272 2574 1468 2640 Καλῶς
1497 2576 1580 2642 δὲ,
1610 2577 1706 2632 καὶ
1738 2577 1886 2648 μάλα
1923 2596 2012 2632 σο-

419 2666 537 2738 φῶς
577 2669 640 2720 ἐκ
671 2667 1020 2739 παραλλήλου
1059 2667 1318 2733 τεθεικώς
1349 2669 1418 2723 τά
1459 2686 1518 2722 τε
1552 2669 1747 2723 εἴδωλα
1787 2670 1882 2724 καὶ
1919 2669 2012 2722 τὸν

418 2761 529 2815 τῶν
554 2761 810 2814 ἁπάντων
831 2759 983 2827 Θεὸν,
1007 2759 1097 2814 διὰ
1123 2759 1221 2831 τὴν
1252 2760 1360 2814 τῶν
1386 2761 1694 2815 ἀκουόντων
1720 2759 2007 2830 ὠφέλειαν,

418 2853 518 2906 καὶ
552 2851 732 2915 δείξας
756 2851 939 2905 ἐκεῖνα
977 2851 1116 2922 μήτε
1145 2850 1408 2921 βλέποντα
1439 2853 1577 2923 μήτε
1602 2851 1888 2917 ἀκούοντα,
1912 2853 2013 2906 οὑκ

416 2942 671 3014 ἐπήγαγε
715 2942 845 3012 περὶ
888 2941 983 2996 τοῦ
1030 2941 1139 2995 τῶν
1185 2942 1322 2996 ὅλων
1359 2942 1514 3009 Θεοῦ,
1547 2944 1630 2997 ὅτι
1675 2943 1884 3014 βλέπει,
1917 2945 2012 2998 ml.

415 3033 630 3102 ἀκούει,
667 3033 761 3088 καὶ¹
789 3031 1074 3104 γινώσκει,
1109 3033 1247 3088 ἀλλά
1278 3035 1340 3088 τὸ
1368 3035 1556 3105 μεῖζον
1583 3037 1838 3090 ἁπάντων
1854 3036 1898 3068 ³³
1923 3037 2012 3089 τέο

419 3127 624 3192 θεικεν,
652 3126 734 3180 ὅτι
767 3144 786 3176 ι
829 3125 892 3179 Ἢ
920 3125 1032 3197 ζωή
1065 3143 1160 3180 σου
1196 3126 1290 3181 καὶ
1327 3128 1384 3180 αἱ
1413 3127 1522 3181 ὁδοί
1550 3144 1644 3180 σου
1680 3129 1738 3181 ἐν
1770 3131 1837 3199 τῇ
1869 3128 2012 3198 χειρὶ

417 3217 608 3275 αὐτοῦ.
644 3237 664 3272 ι
698 3220 883 3290 μεῖζον
923 3218 1032 3292 γάρ
1067 3220 1185 3273 ἐστι
1215 3219 1310 3272 τοῦ
1342 3219 1440 3290 ζῇν
1469 3218 1530 3272 τὸ
1563 3219 1657 3273 καὶ
1690 3222 1803 3284 τοῖς
1827 3219 2010 3283 ἄλλοις
2042 3249 2083 3304 c

417 3310 682 3383 παρέχειν
713 3309 881 3378 ζωὴν,
927 3309 1022 3362 καὶ
1069 3309 1423 3380 ἀφαιρεῖσθαι
1465 3308 1628 3363 πάλιν
1673 3309 1846 3378 αὐτὴν
1879 3310 2006 3363 ὅταν

417 3403 570 3476 θέλῃ.
621 3401 831 3469 Ἕδειξε
861 3401 1060 3467 τοίνυν,
1109 3402 1192 3456 ὅτι
1230 3401 1301 3456 τά
1345 3401 1444 3473 μὲν
1494 3401 1685 3455 εἴδωλα
1725 3401 1820 3455 καὶ
1860 3402 2007 3472 ζωῆς

419 3498 514 3551 καὶ
559 3496 867 3568 αἰσθήσεως
905 3493 1127 3566 ἀπάσης
1175 3495 1498 3564 ἐστέρηνται
1525 3511 1537 3524 ·
1585 3496 1614 3547 ὁ
1641 3492 1697 3546 δὲ
1734 3493 1843 3546 τῶν
1870 3493 2007 3547 ὅλων

418 3591 699 3660 Δεσπότης
726 3588 858 3652 Θεὸς
871 3588 917 3620 ³⁵
945 3588 1127 3659 πάσης
1159 3586 1258 3657 τῆς
1295 3585 1441 3657 ζωῆς
1469 3589 1586 3640 ἐστι
1613 3587 1869 3658 χορηγὸς,
1915 3587 2009 3640 καὶ

418 3684 626 3755 ταύτην
651 3679 833 3736 δίδωσί
871 3697 935 3734 τε
967 3681 1064 3734 καὶ
1090 3679 1378 3751 λαμϐάνει,
1419 3677 1702 3748 κυϐερνῶν
1731 3677 1806 3740 ὡς
1839 3676 2006 3732 θέλει.

431 3777 574 3832 Ἀλλ’
617 3777 790 3848 ὅμως,
826 3771 981 3844 φησὶ,
1009 3769 1200 3825 τοῦτον
1232 3770 1325 3824 τὸν
1362 3769 1603 3824 τοιοῦτον
1625 3811 1639 3835 ,
1687 3771 1778 3822 τὸν
1822 3769 2010 3824 τοσοῦ-

418 3889 533 3937 τον,
563 3869 656 3923 τὸν
686 3868 785 3939 τῆς
808 3867 853 3901 ³⁸
880 3867 1026 3937 ζωῆς
1067 3865 1159 3920 καὶ
1199 3863 1456 3932 τελευτῆς
1499 3861 1749 3928 ἐξουσίαν
1794 3861 2007 3932 ἔχοντα,

418 3966 513 4020 τὸν
542 3963 798 4036 βασιλέας
830 3957 1242 4033 χειροτονοῦντα
1287 3955 1381 4010 καὶ
1418 3953 1776 4019 καταλύοντα,
1819 3953 2010 4006 τοῦτον

419 4060 483 4113 οὐ
515 4058 675 4129 μόνον
709 4056 808 4127 οὐχ
837 4055 1084 4126 ὑμνήσας
1097 4052 1164 4117 ³⁸,
1215 4049 1414 4121 μᾶλλον
1440 4046 1496 4100 δὲ
1528 4047 1622 4100 καὶ
1659 4045 2008 4116 ἐμπαροινῶν

419 4148 768 4215 διατελεῖς³⁷,
818 4149 931 4210 τοῖς
983 4141 1358 4216 ἀφορισθεῖσιν
1407 4138 1556 4209 αὑτῷ
1607 4137 1859 4192 σκεύεσιν
1921 4138 2008 4188 ὲνρ

419 4243 670 4316 τρυφῶν.

510 4336 610 4390 κδ’.
678 4353 696 4385 ι
729 4331 827 4386 Διά
869 4329 1025 4385 τοῦτο
1060 4331 1125 4382 ἐκ
1169 4323 1464 4398 προσώπου
1511 4320 1677 4376 αὑτοῦ
1725 4320 2008 4391 ἀπεστάλη

420 4426 767 4500 ἀστράγαλος
787 4423 988 4495 χειρὸς,
1004 4419 1099 4474 καὶ
1118 4418 1216 4490 τὴν
1233 4416 1452 4488 γραφὴν
1471 4413 1673 4484 ταύτην
1690 4411 1958 4476 ἐνέταξεν.
1985 4431 2004 4462 ›

420 4520 534 4576 Καὶ
553 4520 654 4573 οὐκ
685 4514 869 4582 εἶπεν,
893 4512 1064 4576 Αὐτὸς
1083 4511 1379 4580 γέγραφεν,
1404 4506 1541 4572 ἀλλ’,
1570 4525 1587 4558 ι
1611 4504 1916 4576 Ἀπεστάλη
1946 4505 2011 4558 ἐκ

2108 657 2184 696 rae
2227 642 2476 699 Domino.
2525 644 2712 717 Neque
2753 647 2899 701 enim
2955 662 3089 702 vasa
3133 648 3332 703 domus
3385 647 3532 719 ejus,
3585 649 3698 704 nisi

2109 743 2262 788 tanto
2304 734 2449 790 fastu
2477 738 2658 793 elatus
2706 755 2882 800 esses.
2922 739 3021 795 tibi
3069 738 3254 795 all‘erri
3307 742 3694 814 praecepisses.

2112 840 2131 874 ι
2158 823 2225 876 Ει
2261 831 2338 888 ιιι,
2365 832 2420 878 ει
2448 827 2744 895 Optimates
2777 829 2876 891 tui,
2911 837 2966 883 et
2997 829 3215 900 1169
3233 845 3437 886 uxores
3477 838 3606 898 tute,
3642 840 3698 886 et

2109 915 2432 971 concubinae
2461 925 2593 984 tuae,
2629 918 2852 974 bibistis
2877 921 3064 974 vinum
3102 937 3167 977 ex
3209 922 3400 992 ipsis.)
3440 920 3558 978 Hoc
3589 931 3696 986 est,

2109 1004 2178 1059 ad
2223 1006 2583 1063 vinolentiam
2643 1018 2698 1064 et
2751 1011 3076 1067 ebrietatem
3134 1012 3241 1068 Deo
3291 1014 3494 1072 dicatis
3545 1015 3696 1070 vasis

2109 1112 2246 1153 usus
2306 1107 2411 1155 est.
2485 1099 2692 1157 Deinde
2754 1102 3058 1173 impietatis
3095 1109 3544 1176 exsuperantiam
3595 1108 3697 1164 de-

2109 1191 2339 1260 plorans
2375 1212 2390 1248 :
2434 1211 2453 1246 ι
2500 1196 2568 1249 Et
2593 1195 2750 1261 deos,
2779 1195 2984 1266 inquit,
3023 1211 3248 1263 aureos,
3292 1207 3347 1254 et
3377 1209 3694 1271 argenteos,

2107 1292 2162 1336 et
2183 1297 2388 1351 aereos,
2422 1293 2477 1339 et
2510 1285 2758 1351 ferreos,
2792 1287 3118 1359 Iigneosquc
3176 1299 3231 1345 et
3279 1291 3533 1362 lapideos
3573 1294 3710 1366 lau-V

2109 1373 2277 1430 dasti.
2323 1395 2342 1428 ι
2397 1375 2464 1430 Ει
2519 1393 2878 1436 commorans
2941 1381 2998 1436 in
3052 1384 3507 1454 reprehensione,
3564 1385 3694 1442 ait:

2115 1483 2136 1517 ι
2173 1466 2279 1532 Qui
2304 1483 2413 1523 non
2444 1470 2655 1538 vident,
2701 1480 2756 1528 et
2797 1489 2906 1529 non
2958 1475 3214 1540 audiunt,
3257 1483 3313 1531 et
3341 1492 3451 1531 non
3494 1491 3698 1548 cogno-

2111 1566 2296 1616 scunt.
2324 1553 2539 1632 i’Atqui
2573 1566 2800 1636 potuisti
2832 1567 3052 1622 illorum
3090 1569 3555 1635 imbecillitatem,
3579 1580 3695 1625 tum

2111 1661 2183 1702 ex
2233 1652 2488 1716 materia,
2520 1660 2637 1708 tum
2671 1670 2736 1710 ex
2792 1664 2931 1723 arte,
2967 1673 3089 1728 qua:
3113 1657 3180 1712 ad
3209 1658 3356 1712 illam
3387 1660 3699 1731 [lugendam

2113 1739 2389 1808 incubuit,
2413 1759 2772 1816 cognoscere,
2799 1755 2854 1803 et
2877 1757 3145 1819 praeterea
3179 1766 3243 1806 ex
3273 1752 3524 1822 partibus
3549 1756 3700 1810 omni

2114 1844 2284 1884 sensu
2331 1833 2654 1890 carentibus
2703 1836 3028 1906 :siquidem
3079 1841 3414 1909 cognitione,
3464 1843 3585 1899 visu
3644 1851 3701 1898 et

2114 1917 2307 1973 auditu
2347 1921 2554 1979 orbata:
2605 1933 2754 1991 sunt,
2797 1935 2851 1981 et
2907 1942 3172 1984 sensuum
3223 1931 3428 1986 nullam
3469 1933 3699 1988 omnino

2113 2008 2413 2066 ellcaciam
2447 2013 2670 2081 habent,
2696 2032 2887 2073 verum
2920 2020 3064 2075 nuda
3101 2029 3315 2076 tantum
3348 2034 3478 2079 sunt
3531 2025 3702 2080 simu-

2115 2103 2289 2159 lacra.
2333 2104 2416 2160 Tu
2446 2123 2579 2164 vero
2618 2125 2688 2166 ne
2717 2110 2794 2166 ita
2821 2112 3041 2182 quidem
3096 2113 3296 2170 adduci
3350 2117 3604 2186 potuisti,
3640 2126 3702 2172 ut

2113 2195 2246 2267 quid
2270 2196 2495 2254 deceret
2527 2199 2889 2272 intelligeres,
2920 2203 3032 2260 imo
3064 2203 3223 2273 deos,
3259 2206 3352 2276 qui
3383 2207 3522 2262 nihil
3570 2223 3702 2278 pro-

2122 2287 2287 2344 desse
2322 2299 2557 2361 queunt,
2587 2293 2815 2349 laudare
2847 2311 2957 2351 non
2995 2296 3227 2353 desinis.
3269 2316 3287 2348 ι
3327 2298 3498 2354 Deum
3545 2315 3698 2367 vero,

2113 2378 2172 2434 in
2201 2379 2362 2451 cujus
2387 2397 2554 2438 manu
2581 2383 2814 2454 spiritus
2850 2393 3001 2454 tuus,
3053 2395 3104 2444 et
3157 2403 3352 2446 omnes
3405 2391 3506 2446 via:
3567 2400 3698 2456 ture,

2114 2471 2294 2542 ipsum
2328 2489 2440 2529 non
2472 2475 2818 2546 glorificasti.
2858 2497 2878 2530 ι
2914 2477 3083 2536 Recte
3133 2489 3314 2537 autem
3364 2489 3419 2538 et
3475 2484 3699 2554 sapien-

2113 2563 2354 2630 tissime,
2393 2581 2520 2622 cum
2559 2578 2942 2640 comparasset
2972 2570 3119 2626 idola
3152 2589 3276 2628 cum
3317 2576 3566 2630 omnium
3599 2592 3702 2630 au-

2114 2664 2270 2711 ctore
2297 2655 2445 2720 Deo,‘
2486 2668 2715 2729 prepter
2751 2660 3102 2717 audientium
3150 2663 3471 2731 utilitatem,
3507 2675 3699 2723 osten-

2113 2747 2400 2820 dissetque
2451 2749 2544 2804 illa
2594 2753 2797 2822 neque;
2835 2750 3045 2816 videre,
3094 2769 3276 2824 neque
3319 2757 3533 2822 audire,
3586 2773 3698 2812 non

2115 2839 2319 2910 adjecit
2354 2839 2423 2897 de
2455 2841 2577 2913 ipso
2617 2843 2868 2900 omnium
2902 2860 3089 2900 rerum
3124 2854 3350 2904 auctore
3383 2850 3514 2912 Dco,
3544 2850 3699 2905 illum

2113 2942 2169 2987 ct
2219 2932 2427 3001 videre,
2482 2942 2538 2991 et
2599 2937 2815 3000 audire,
2871 2944 2928 2992 et
2978 2952 3336 3008 cognoscere,
3400 2941 3496 2997 scd
3553 2944 3713 3013 quod

2113 3026 2363 3080 omnium
2413 3027 2717 3082 maximqu
2768 3035 2876 3095 est,
2913 3029 3163 3095 addidit,
3221 3049 3240 3083 σ
3275 3033 3405 3102 quia
3448 3033 3559 3088 vita
3607 3045 3703 3090 tua

2114 3123 2169 3172 et
2191 3117 2294 3172 viae
2328 3119 2511 3174 tutein
2542 3134 2709 3174 manu
2739 3117 2880 3190 ejus.
2916 3139 2935 3172 ι
2972 3120 3026 3177 Id
3061 3122 3207 3177 en-im
3238 3123 3348 3177 vita
3378 3127 3556 3194 majus
3589 3135 3698 3190 est,

2117 3208 2242 3264 aliis
2279 3209 2444 3264 etiam
2474 3210 2640 3265 vitam
2687 3210 2954 3281 praabere,
3008 3219 3064 3268 et
3117 3228 3315 3270 rursus
3373 3216 3549 3285 ipsam
3603 3232 3702 3287 pro

2117 3300 2296 3355 lubitu
2334 3302 2599 3358 adimere.
2658 3301 2915 3360 Ostendit
2959 3299 3132 3375 igitur
3181 3305 3331 3361 idola
3373 3315 3428 3361 et
3475 3309 3586 3362 vita
3646 3318 3705 3365 et

2116 3394 2266 3448 omni
2303 3409 2470 3450 sensu
2501 3410 2693 3452 carere
2724 3413 2738 3451 :
2777 3396 2874 3453 sed
2903 3398 3152 3452 omnium
3185 3414 3368 3455 rerum
3404 3399 3699 3458 Dominum

2121 3486 2336 3557 1170
2372 3487 2541 3542 Deum
2585 3503 2729 3556 esse,
2762 3491 2859 3561 qui
2897 3492 3066 3545 vitam
3113 3492 3375 3548 omnibus
3423 3494 3699 3550 submini-

2118 3587 2278 3644 stret,
2301 3595 2534 3651 eamque
2562 3588 2617 3638 et
2663 3582 2955 3655 largiatur,
3001 3595 3056 3641 et
3102 3583 3331 3653 adimat,
3375 3601 3474 3656 pro
3521 3588 3702 3646 lubitu

2117 3669 2455 3740 gubernans.
2476 3671 2732 3730 Attamen
2755 3672 2929 3740 hunc,
2962 3673 3163 3747 inquit,
3185 3675 3350 3732 talem
3380 3691 3445 3732 ac
3465 3683 3702 3745 tantum,

2119 3763 2212 3818 cui
2248 3763 2376 3820 vitae
2409 3766 2676 3837 necisque
2715 3773 2963 3838 potestas
3019 3775 3124 3834 est,
3173 3783 3334 3840 reges
3388 3771 3701 3842 eligentem,

2118 3856 2462 3929 eosdemque
2505 3874 2676 3930 regno
2705 3859 3080 3925 abdicantem,
3119 3861 3286 3929 hunc,
3315 3862 3566 3932 inquam,
3592 3881 3702 3921 non

2119 3950 2302 4006 solum
2342 3952 2632 4007 celebrare
2665 3951 2910 4016 omittis,
2951 3952 3045 4008 sed
3089 3953 3274 4022 potius
3309 3953 3554 4010 ludibrio
3601 3956 3703 4011 ha-

2121 4040 2250 4096 bere
2279 4055 2626 4110 perseveras,
2659 4040 2934 4097 dedicatis
2967 4041 3074 4111 ipsi
3109 4041 3261 4097 vasis
3293 4042 3596 4100 insultans.

2190 4305 2358 4361 Vens.
2381 4304 2473 4360 24.
2509 4324 2527 4358 ι
2567 4303 2779 4360 Idcirco
2806 4321 2837 4360 a
2870 4304 3011 4360 facie
3043 4306 3166 4376 ejus
3211 4306 3419 4364 missus
3447 4315 3532 4364 est
3561 4312 3703 4366 arti-

2117 4399 2279 4454 culus
2325 4413 2560 4482 manus,
2617 4407 2672 4453 ct
2737 4397 3071 4468 scripturam
3141 4399 3287 4453 hanc
3349 4401 3694 4458 ordinavit.»

2121 4489 2309 4560 Neque
2373 4488 2565 4544 dixit:
2623 4487 2742 4558 Ipse
2781 4487 3028 4558 scripSit,
3077 4489 3194 4555 sed,
3246 4507 3263 4539 ι
3311 4489 3516 4548 Missus
3551 4501 3637 4548 est
3669 4511 3700 4549 ιι

420 4614 720 4688 προσώπου
744 4580 909 4666 αὐτοῦ
935 4604 1277 4676 ἀστράγαλος
1297 4601 1481 4674 χειρός
1498 4616 1511 4630 ⁸
1543 4619 1561 4652 ι
1594 4597 1861 4660 τουτέστι,
1882 4613 2010 4668 γρα-

2121 4583 2260 4639 facie
2282 4581 2404 4653 ejus
2427 4581 2701 4637 articulus
2727 4595 2993 4648 manus;»
3028 4580 3131 4636 hoc
3159 4590 3266 4646 est,
3300 4583 3470 4637 scribi
3489 4584 3656 4653 jussit
3682 4606 3696 4642 :

421 4709 592 4778 φῆναι
633 4699 957 4774 προσέταξε,
1007 4697 1102 4752 καὶ
1129 4695 1252 4750 οὐδὲ
1284 4693 1402 4748 ὅλον
1435 4689 1602 4755 ἐδειξέ
1646 4706 1728 4742 σοι
1757 4688 1846 4778 τὸν
1870 4690 2014 4778 ,γρά-

423 4776 623 4868 φαντα,
673 4792 788 4848 ἀλλ’
831 4787 1111 4858 ἐξελέγξαι
1142 4787 1187 4819 ³⁸
1232 4801 1325 4838 σου
1377 4783 1470 4836 τὸν
1512 4781 1681 4850 τύφον
1729 4776 2013 4847 ἐθελήσας,

428 4889 611 4960 μόνοις
640 4903 700 4939 σε
741 4882 1023 4942 δακτύλοις
1061 4875 1324 4947 ἐξέπληξε
1340 4876 1406 4940 ³⁵³,
1453 4873 1547 4927 καὶ
1580 4870 1834 4925 τοσούτου
1862 4869 2016 4932 δέιυς

426 4979 716 5049 ἐνέπλησε.
739 4974 895 5030 Μάθε
923 4973 1002 5036 δὲ,
1031 4969 1188 5039 φησὶ,
1217 4969 1312 5022 καὶ
1334 4964 1504 5036 αὐτὴν
1524 4964 1624 5036 τὴν
1654 4962 1894 5032 γραφὴν,
1922 4975 2017 5012 καί.

425 5073 583 5144 τῆςδο
614 5069 832 5142 γραφῆς
866 5062 1184 5158 ἑρμηνείίαν·
1307 5152 1371 5158 __
1557 5146 1581 5158 _
1674 5146 1711 5158 ..
1777 5145 1829 5158 -.

497 5171 596 5228 κε’,
627 5168 738 5228 κς’.
773 5182 792 5213 ι
811 5161 877 5214 Ἠ
909 5159 1006 5230 μὲν
1028 5153 1121 5210 οὖν
1142 5153 1329 5225 γραφή
1356 5152 1502 5204 ἐστιν
1517 5146 1714 5216 οιῦτηΜ
1738 5163 1749 5175 ·
1775 5143 2015 5211 Μανὴ’“’,

428 5257 622 5322 θεκέλ,
649 5253 849 5325 Φαρές·
874 5250 935 5304 τὸ
953 5249 1011 5302 δὲ
1036 5249 1322 5317 σύγκριμα
1339 5243 1434 5298 τοῦ
1463 5243 1707 5314 ῥήματος
1731 5236 1886 5290 τοῦτο
1909 5236 1971 5284 ⁸³.
1991 5254 2007 5282 ιι

2116 4691 2299 4748 neque
2328 4691 2452 4731 eum
2474 4682 2652 4729 totum
2685 4675 2778 4744 qui
2803 4673 3050 4744 scripsit,
3071 4674 3311 4729 ostendit
3339 4675 3456 4738 tibi,
3488 4693 3698 4753 verum,

2113 4785 2240 4825 cum
2273 4776 2431 4824 tuum
2463 4765 2794 4835 redarguere
2827 4765 3029 4821 fastum
3052 4767 3239 4830 vellet,
3273 4768 3410 4823 solis
3433 4777 3485 4824 lc
3515 4771 3702 4840 digitis

2117 4862 2372 4932 perculit,
2425 4873 2490 4914 ac
2526 4866 2681 4913 tanto
2733 4865 2882 4912 metu
2935 4857 3250 4926 complevit.
3289 4856 3449 4915 Disce
3494 4873 3698 4929 autem,

2113 4952 2314 5023 inquit,
2360 4959 2414 5007 et
2459 4950 2635 5021 ipsam
2689 4949 3044 5019 scripturam,
3084 4956 3139 5004 et
3181 4949 3470 5020 scripturae
3529 4953 3702 5009 inter-

2116 5043 2513 5115 pretationem.

2190 5137 2355 5192 Vens.
2378 5136 2470 5201 95,
2497 5135 2587 5189 26.
2619 5153 2638 5184 (
2679 5130 2968 5203 Scriptura
2998 5131 3168 5204 igitur
3202 5144 3288 5190 est
3317 5134 3433 5190 haec
3466 5156 3479 5191 :
3522 5135 3700 5202 Mane.

2123 5227 2347 5292 Tlteccl,
2385 5225 2622 5292 Phares;
2661 5231 2714 5279 et
2749 5223 3133 5293 interpretatio
3170 5225 3322 5279 verbi
3367 5225 3482 5281 haec
3525 5233 3628 5281 est.
3679 5247 3696 5278 υ

1740 5395 1975 5449 VARIA‘J
2020 5386 2424 5448 LECTIONES.

506 5547 551 5581 υ
697 5540 742 5594 ιι
779 5548 970 5607 ρτςετηο
1002 5530 1125 5607 “is:
1425 5520 1466 5571 Β
1489 5530 1677 5607 crs???-
1710 5528 1888 5607 1223-3.-

438 5636 532 5673 σου
766 5588 1002 5661 ἐτπίνετε.
1057 5588 1126 5630 ’³⁸
1167 5596 1208 5647 Β
1247 5588 1666 5686 ἀιριερωμένοις,ἰ

481 5705 562 5709 η--
663 5686 710 5709 ιιι
753 5678 790 5709 D
829 5677 889 5709 η’.
941 5671 1040 5709 aui-iu
1079 5667 1357 5709 ἐνέηνεῑαν
1397 5675 1568 5709 εινον,

663 5686 710 5715 ¹¹⁹
753 5678 792 5732 Β
829 5677 889 5729 οὐ
941 5671 1040 5795 στὶ-Β
1079 5667 1357 5737 ἐνέργειαν
1397 5667 1568 5740 εἰχον.

439 5761 677 5812 πάντων,
739 5751 786 5782 ³⁸
812 5744 966 5807 Θεός.
1042 5755 1123 5794 es.
1151 5735 1311 5812 in_B._
1388 5731 1562 5812 "1‘ch

437 5797 843 5892 .‘i'ié'a'é'ygm.’
961 5814 1000 5867 Β
1031 5805 1362 5892 κατέπληξεν.

437 5902 481 5932 ⁸³
511 5877 557 5952 Ᾰ
585 5877 743 5951 τοῦτο
771 5890 832 5944 τὸ
864 5885 1145 5954 σύγκριμα
1172 5877 1263 5931 τοῦ
1297 5877 1560 5946 ῥήματος.

1969 5508 2014 5538 ²¹ι
2054 5506 2095 5558 Β
2137 5503 2467 5574 προστάξας·

1743 5562 1786 5612 ίτ
1829 5562 1891 5634 Οἳ
1930 5609 1998 5621 --
2032 5562 2260 5644 γινώσκ.
2295 5562 2452 5650 In};
2471 5570 2586 5650 hinc
2623 5575 2921 5650 ponuntur
2952 5573 3089 5650 ante
3104 5562 3338 5650 ᾔνεσαςἱ

1646 5631 1689 5686 ίο
1727 5631 1900 5714 θεούς.
1947 5631 2072 5702 Des.
2105 5647 2159 5700 in
2195 5646 2257 5699 B.
2333 5644 2375 5675 ³⁸
2406 5641 2455 5714 _B
2481 5631 2772 5714 διετέλεις.
2846 5635 2889 5666 ³³
2923 5637 3016 5704 τῇ.
3048 5631 3174 5714 pes.
3208 5631 3367 5714 iuuAn
3381 5640 3450 5714 et.
3465 5631 3528 5688 B.

1388 5731 1434 5762 ³⁵
1456 5717 1582 5797 τῆς.
1615 5725 1741 5780 Des.
1776 5722 1908 5778 ibid.
1970 5720 2015 5749 ³⁶
2049 5717 2191 5772 ιςύίι.
2225 5717 2376 5785 prior
2406 5717 2533 5798 hab.
2567 5717 2665 5778 οὑχ
2714 5717 2961 5792 ὑμνησας
2995 5717 3177 5774 μονον.
3253 5717 3290 5730 ·’
3325 5717 3368 5753 u
3421 5717 3698 5788 οιετελέις,

1423 5800 1469 5831 ⁸ο
1499 5800 1619 5868 τῆς.
1653 5795 1694 5850 Β
1724 5808 1912 5867 primu.
1933 5791 2056 5860 τήν.
2120 5786 2162 5818 ⁸¹
2196 5785 2242 5840 A
2271 5784 2382 5840 Kal
2411 5799 2552 5852 αυτη
2581 5780 2616 5850 ἡ
2647 5794 2834 5849 γραφη
2862 5776 2896 5845 ἡ
2926 5769 3317 5842 ἐντεταγμένη.
3375 5771 3422 5806 ⁸³
3451 5776 3492 5827 Δ
3517 5774 3702 5846 Mavq.

2545 5496 2656 5548 "A
2696 5493 2972 5548 παλλακαί
3008 5509 3123 5554 σου,
3151 5492 3247 5545 καὶ
3279 5493 3335 5545 αἱ
3377 5493 3702 5562 παράκοιτοί

2545 5583 2586 5617 se
2639 5575 2921 5617 ponuntur
2952 5573 3081 5617 ante
3119 5562 3338 5617 ᾔνεσας.
3417 5565 3462 5594 ’⁸
3501 5561 3543 5614 Β
3573 5561 3704 5617 ἡδύ-

3588 5601 3708 5687 ιιιυά

2264 5715 2376 5768 rior
2405 5710 2533 5766 hab.
2567 5708 2665 5778 οὐχ
2714 5698 3177 5778 ὕμνησαςμόνον.
3213 5769 3226 5778 _
3253 5698 3294 5730 ³⁷
3325 5701 3698 5778 Βῌδιετέλεις.
