4092 6390
396 363 527 430 1391

1349 372 1837 434 THEODORETI
1887 371 2226 434 EPISCOPI
2245 371 2615 430 CYRENSIS

3523 361 3662 428 139?.

394 476 686 549 Σύγκριμα
719 477 1229 550 interpretationem
1262 488 1443 536 vocat.
1479 498 1497 531 ι
1531 480 1716 552 Μανῆ,
1748 495 1974 536 mensus

2080 481 2377 549 Σύγκριμα
2395 479 2439 510 ⁸⁸
2469 479 2525 532 δὲ
2553 478 2652 549 τὴν
2684 475 2978 547 ἑρμηνείαν
3017 477 3190 558 καλεῖ.
3249 494 3268 527 ι
3295 474 3497 544 Marri‘
3536 476 3664 548 ὲμέ’

395 578 482 628 est
522 572 668 628 Deus
705 586 936 644 regnum
961 581 1137 637 tuum,
1173 579 1228 627 et
1273 572 1575 644 complevit
1609 571 1778 638 illud;
1809 591 1828 626 ι
1869 571 1976 629 hoc

379 672 498 730 est,
533 663 687 720 novit
715 670 770 718 te
812 677 984 736 regno
1029 660 1342 734 indignum,
1371 671 1427 720 et
1473 663 1598 735 ipso
1632 673 1685 720 te
1729 661 1978 734 spolian-

393 755 526 809 dum
565 753 810 809 censuit.
849 789 860 800 .

457 846 636 903 ‘Vens.
671 844 997 908 amesxn.
1032 860 1342 917 appensum
1366 853 1453 902 est
1473 844 1529 900 in
1559 857 1789 912 statera,
1817 856 1872 901 et
1900 845 1978 902 in.

391 951 616 995 ventum
647 946 733 994 est
752 937 939 995 minus
964 938 1231 996 habens.»
1267 937 1469 995 Docuit
1500 948 1682 995 autem
1728 955 1826 1010 per
1860 939 1978 995 haec

384 1047 502 1087 non
537 1031 695 1086 illum
751 1029 956 1096 solum,
1003 1030 1098 1086 sed
1143 1031 1403 1101 nosipsos
1454 1029 1653 1098 etiam,
1685 1031 1978 1101 propheta,

382 1119 531 1175 nihil
560 1133 686 1176 esse
709 1117 858 1189 quod
882 1117 1030 1189 apud
1062 1117 1235 1174 Deum
1271 1133 1382 1174 non
1432 1119 1811 1189 ponderelur;
1845 1118 1978 1188 quin

380 1212 556 1268 etiam
591 1211 1044 1267 misericordiam
1079 1225 1145 1266 ac
1189 1209 1668 1281 longanimitatem
1713 1225 1979 1265 mensura

393 1305 636 1374 quadam
669 1312 725 1359 et
764 1302 1012 1375 pondere
1069 1303 1390 1359 hominibus
1443 1302 1711 1358 adhiberi.
1749 1301 1980 1368 Quando

396 1400 586 1469 itaque
628 1405 1020 1469 transgressus
1071 1411 1156 1462 es,
1215 1397 1418 1468 inquit,
1447 1391 1755 1452 clementiae
1813 1395 1975 1463 lines,

372 1489 585 1560 accipe
622 1489 870 1544 divinam
911 1489 1272 1544 sententiam.

464 1580 636 1637 Vens.
671 1581 764 1637 28.
797 1598 816 1634 ι
840 1580 1036 1653 Φαρὲς,
1071 1580 1287 1651 1171
1320 1579 1558 1635 divisum
1611 1587 1697 1635 est
1747 1594 1976 1649 regnum

395 1688 579 1740 tuum,
611 1682 667 1730 et
697 1673 888 1729 datum
921 1679 1006 1729 est
1031 1670 1206 1728 Medis
1239 1683 1293 1726 et
1333 1671 1549 1726 Persis.
1583 1689 1602 1723 ι
1630 1668 1767 1724 illud
1794 1668 1982 1740 iuqul-

393 1769 628 1827 rendum
658 1777 904 1834 cst,,cur
937 1774 1135 1820 auctor
1167 1764 1420 1820 omnium
1465 1777 1651 1819 rerum
1692 1761 1840 1819 Deus
1886 1777 1981 1818 ca-

2077 588 2278 644 τρησεν
2329 573 2358 625 6
2406 570 2538 633 Θεὸς
2583 570 2680 640 τὴν
2715 568 2989 640 βασιλείαν
3037 585 3164 634 σου,
3212 567 3308 624 καὶ
3346 567 3663 642 ἐπλήρωσεν

2077 664 2250 735 αὐτήν
2276 681 2288 693 ο
2327 682 2346 715 ι
2402 663 2698 724 τουτέστιν,
2741 656 2848 714 εἶδέ
2888 678 2947 714 σε
2982 659 3083 730 τῆς
3115 659 3392 730 βασιλείας
3423 659 3662 727 ἀνάξιον,

2078 757 2173 812 καὶ
2200 755 2403 826 ταύτης
2431 755 2636 826 γυμνὸν
2654 754 2699 787 ⁸⁸
2729 753 3052 826 ἐδοκίμασεν
3079 753 3379 826 ἀποφῆναι.

2149 849 2253 914 κζ’.
2297 867 2317 902 t
2351 849 2537 904 Θεκέλ
2565 865 2576 878 ·
2606 848 2808 921 ἐστάθη
2835 850 2894 902 ὲν
2937 847 3106 919 ζυγῷ,
3141 848 3237 901 καὶ
3263 846 3472 919 ηὑρέθη
3506 847 3666 901 ὕστεο

2081 941 2274 1014 ροῦσα.
2317 959 2336 993 ι
2404 939 2641 1008 Ἐδίδαξε
2683 941 2741 994 δὲ
2786 941 2885 994 ούκ
2916 941 3126 994 ἐκεῖνον
3163 940 3345 1012 μόνον,
3391 941 3529 995 ἀλλὰ
3570 944 3666 996 καὶ

2081 1035 2226 1104 ἡμᾶς
2259 1032 2347 1086 διὰ
2383 1031 2588 1086 τούτων
2607 1032 2652 1064 ³⁸
2687 1033 2716 1085 6
2746 1034 3052 1104 προφήτης,
3091 1033 3166 1097 ῶς
3196 1033 3348 1088 οὐδὲν
3380 1035 3665 1106 ἀστάθμη-

2078 1144 2173 1181 τον
2197 1125 2348 1198 παρά
2370 1125 2447 1197 τῷ
2468 1124 2606 1196 Θεῷ,
2636 1126 2771 1180 ἀλλὰ
2795 1127 2888 1180 καὶ
2909 1129 2936 1180 6
2963 1127 3105 1190 ἕλεος
3138 1129 3230 1181 καὶ
3253 1129 3284 1198 ή
3311 1129 3666 1200 μακροθυμία

2084 1218 2272 1290 μέτρῳ
2315 1219 2422 1273 τινὶ
2461 1219 2557 1273 καὶ⁵
2597 1218 2824 1291 σταθμῷ
2859 1223 2972 1284 τοῖς
3008 1221 3312 1294 ἀνθρώποις
3343 1223 3662 1294 παρέχεται.

2094 1312 2310 1385 Ἐπειδὴ
2337 1311 2551 1376 τοίνυν,
2587 1314 2742 1384 φησὶ,
2795 1314 3066 1386 ὑπερέϐης
3112 1315 3210 1386 τῆς
3255 1314 3667 1386 φιλανθρωπίας

2081 1405 2208 1468 τοὺς
2235 1405 2416 1477 ὅρους,
2455 1405 2614 1476 δέχου
2641 1404 2737 1478 τὴν
2763 1393 2915 1460 θείαν
2947 1407 3242 1476 ἀπόφασιν.

2151 1583 2259 1648 κη’.
2291 1596 2311 1630 r
2339 1579 2529 1646 Φαρές
2548 1592 2562 1610 ο
2587 1576 2814 1651 διῃρέθη
2832 1578 2876 1610 ⁸⁷
2902 1580 2934 1649 ή
2971 1579 3216 1650 βασιλεία
3245 1598 3361 1646 σου,
3384 1582 3478 1635 καὶ
3510 1582 3666 1653 ἐδόθη

2081 1670 2290 1740 Μήδοις
2331 1671 2424 1724 καὶ
2464 1670 2718 1742 Πέρσαις.
2761 1689 2779 1722 a
2845 1671 3168 1739 Ἀναγκαῖον
3212 1673 3270 1727 δὲ
3319 1673 3579 1742 ζητῆσαι,
3614 1675 3670 1726 τί

2083 1761 2282 1831 δήποτε
2330 1761 2421 1815 τὸν
2472 1759 2573 1830 μὲν
2623 1761 3097 1834 Ναϐουχοδονόσορ
3146 1763 3442 1826 παιδεύσας
3487 1767 3516 1819 6
3560 1766 3668 1819 τῶν

395 1863 660 1934 stigatum
718 1857 1320 1915 Nabuchodonosorem
1377 1871 1576 1912 rursus
1636 1854 1695 1910 in
1748 1869 1977 1926 regnum

2083 1829 2226 1906 ὅλων
2243 1851 2378 1918 Θεὸς
2405 1829 2568 1907 πάλιν
2609 1855 2688 1918 είς
2724 1829 3133 1925 τὴννβασιλείαν
3161 1857 3503 1928 ἐπανήγαγε,
3541 1857 3666 1912 τοῦ-

396 1955 704 2020 reduxerit,
729 1953 898 2009 istum
925 1966 1055 2008 vero
1083 1949 1270 2006 statim
1316 1957 1372 2005 et
1409 1963 1584 2020 regno
1613 1947 1871 2018 privarit,
1926 1955 1982 2005 et

393 2051 530 2106 vita.
568 2046 998 2104 Considerantes
1032 2045 1224 2114 itaque
1264 2041 1663 2112 comperimus,
1711 2040 1976 2111 primum,

394 2141 524 2212 quia
553 2136 1071 2194 Nabuchodonosor
1120 2135 1356 2188 alterum
1424 2130 1732 2202 impietatis
1783 2145 1980 2202 pmnas

393 2235 635 2293 luentem
662 2245 775 2286 non
812 2235 1198 2298 conspexerat,
1258 2224 1468 2281 idcirco
1515 2237 1640 2280 eum
1671 2224 1832 2279 venia
1892 2223 1981 2279 di-

396 2340 564 2397 gnum
589 2323 746 2393 justo
771 2319 864 2375 Dei
885 2319 1098 2390 judicio
1123 2316 1506 2373 existimatum
1531 2316 1548 2334 ‘
1573 2329 1699 2371 esse
1718 2332 1732 2370 :
1753 2313 1850 2371 sed
1874 2315 1979 2372 iste

394 2430 670 2472 summum
690 2412 865 2484 patris
893 2410 1228 2482 supplicium
1259 2407 1643 2479 conspicatus,
1675 2406 1820 2462 nihil
1847 2407 1980 2464 inde

395 2504 642 2576 percepit
673 2503 956 2560 utilitatis.
1004 2499 1136 2556 Jure
1187 2500 1378 2571 itaque
1421 2499 1612 2570 justus
1664 2499 1837 2570 judex
1896 2500 1978 2556 illi

394 2597 619 2654 deﬁnito
681 2602 930 2664 tempore
991 2591 1328 2663 supplicium
1391 2589 1768 2664 praescripsit,
1808 2592 1976 2649 istum

395 2698 580 2746 autem
629 2688 782 2744 nulla
817 2686 980 2742 venia
1024 2685 1251 2756 dignum
1312 2686 1553 2740 censuit.
1614 2685 1875 2756 Alioquin
1923 2694 1980 2742 et

392 2781 578 2835 omnia
605 2777 790 2834 futura
832 2775 1146 2848 praevidens
1191 2773 1362 2843 Deus,
1391 2783 1446 2830 et
1495 2790 1651 2846 aeque
1686 2782 1877 2846 aperte
1910 2791 1975 2831 ea

393 2885 762 2944 cognoscens,
792 2883 856 2923 ac
895 2868 1196 2938 praterita,
1228 2867 1566 2938 praecognita
1605 2867 1758 2925 illius
1792 2867 1977 2938 paeni-

393 2963 592 3027 tentia,
625 2960 699 3016 ita
725 2975 847 3030 quae
871 2957 939 3012 ad
968 2971 1095 3012 eum
1125 2957 1482 3028 pertinebant
1513 2955 1834 3014 moderatus
1855 2965 1974 3014 est:

394 3056 560 3112 istius
586 3061 772 3108 autem
813 3064 1278 3123 praecognoscens
1331 3057 1654 3120 perpetuam
1721 3051 1978 3124 impieta-

2081 1961 2175 1998 τον
2205 1945 2261 1998 δὲ
2293 1945 2608 2017 παραυτίκα
2641 1948 2736 2000 καὶ
2768 1946 2867 2018 τῆς
2916 1946 3197 2017 βασιλείας
3248 1949 3533 2020 ἐστέρησε,
3573 1949 3670 2004 καὶ

2079 2037 2181 2107 τῆς
2215 2035 2436 2109 ζωῆς⁸⁸.
2470 2037 2812 2102 Σκοποῦντις
2840 2039 3022 2093 τοίνυν
3051 2040 3382 2112 εὑρίσκομεν
3399 2042 3464 2108 δ’,
3517 2043 3669 2114 πρῶ-

2079 2145 2173 2181 τον
2201 2129 2320 2199 μὲν,
2351 2129 2435 2183 ὅτι
2459 2129 2932 2204 Ναϐουχοδονόσορ
2956 2131 3142 2204 ἕτερον
3165 2133 3420 2198 ἀσεϐείας
3442 2135 3669 2190 τίσαντα

2081 2218 2239 2282 δίκας
2267 2218 2366 2274 οὒκ
2395 2218 2678 2288 ἐθεάσατο,
2723 2220 2803 2275 διὸ
2834 2222 2928 2275 καὶ
2953 2221 3284 2292 συγγνώμης
3317 2224 3480 2278 αὑτὸν
3506 2225 3669 2296 ἠξίω-

2085 2326 2176 2363 σεν
2201 2311 2234 2382 ή
2263 2311 2444 2365 δικαία
2470 2311 2566 2366 τοῦ
2595 2311 2734 2366 Θεοῦ
2760 2311 2939 2385 ψῆφος
2963 2329 2977 2344 ο
3004 2305 3157 2377 οὗτος
3179 2313 3255 2380 δὲ,
3279 2315 3378 2385 τὴν
3403 2317 3669 2390 μεγίστην

2078 2402 2173 2456 τοῦ
2221 2403 2430 2475 πατρὸς
2477 2404 2816 2477 θεασάμενος
2868 2407 3179 2478 τιμωρίαν,
3238 2408 3392 2462 οὐδὲν
3459 2409 3668 2466 ἐκεῖθεν

2079 2493 2356 2551 ἀπώνατο.
2383 2496 2629 2562 Εἰκότως
2662 2496 2842 2552 τοίνυν
2867 2499 2896 2552 6
2924 2498 3133 2563 δίκαιος
3168 2499 3361 2571 κριτὴς
3396 2500 3485 2555 ἐπ’
3521 2503 3669 2556 ὲκείο

2079 2600 2171 2636 νου
2203 2585 2304 2655 μὲν
2327 2585 2477 2658 ῥητῷ
2506 2587 2683 2658 χρόνῳ
2703 2587 2805 2657 τὴν
2833 2587 3102 2660 τιμωρίαν
3131 2591 3452 2662 περιώρισε,
3479 2592 3669 2646 τοῦτον

2077 2675 2134 2729 δὲ
2154 2677 2408 2749 οὐδεμιᾶς
2429 2678 2758 2751 συγγνώμης
2778 2679 3033 2750 ἠξίωσεν.
3061 2681 3270 2746 Ἄλλως
3291 2699 3350 2735 τε
3374 2683 3469 2736 καὶ
3491 2687 3668 2739 πάντα

2079 2769 2331 2840 προορῶν
2363 2773 2391 2824 6
2418 2770 2551 2835 Θεὸς
2576 2771 2645 2824 τὰ
2681 2771 2938 2844 ἐσόμενα,
2971 2773 3068 2827 καὶ
3098 2771 3271 2838 οὕτως
3305 2775 3444 2830 αύτά
3481 2777 3668 2845 σαφῶς

2078 2860 2362 2932 γινώσκων
2408 2860 2485 2926 ὡς
2517 2863 2618 2934 ήδη
2661 2865 2950 2935 γενόμενα,
2999 2866 3211 2920 ἐκείνου
3259 2868 3361 2938 μὲν
3399 2869 3669 2941 προειδὼς

2076 2953 2175 3026 τὴν
2229 2953 2611 3025 μεταμέλειαν,
2662 2955 2806 3010 οὕτω
2851 2957 2919 3011 τὰ
2968 2960 3090 3013 κατ’
3117 2959 3282 3014 αὐτὸν
3323 2959 3666 3035 ᾠκονόμησε,

2076 3044 2268 3098 τούτου
2301 3045 2358 3098 δὲ
2389 3045 2782 3118 προγινώσκων
2813 3050 2913 3119 τὴν
2963 3051 3123 3122 μέχρι
3157 3051 3343 3116 τέλους
3388 3053 3664 3120 ἀσέϐειαν,

392 3157 546 3208 tem.
633 3151 811 3201 morte
883 3142 1134 3199 occurrit
1218 3142 1524 3212 impietatis
1612 3142 1976 3200 incremento.

2081 3134 2160 3207 τῷ
2218 3135 2434 3209 θανάτῳ
2484 3138 2744 3194 καταλύει
2806 3141 2908 3212 τῆς
2966 3142 3222 3207 ἀσεϐείας
3266 3145 3366 3216 τήν
3419 3144 3666 3218 αὔξησιν.

395 3234 514 3310 με]
544 3233 853 3304 Statimque
881 3233 1090 3288 auditis
1126 3231 1223 3300 iis,
1249 3245 1374 3302 quae
1403 3229 1596 3288 Daniel
1641 3232 1977 3304 interpreta-

393 3337 488 3384 tus
525 3325 728 3388 fuerat,
758 3323 1012 3379 Baltasar
1041 3322 1212 3393 jussit
1257 3322 1414 3378 illum
1460 3323 1809 3394 propositum
1842 3339 1980 3395 prte-

393 3419 564 3474 mium
617 3417 905 3487 accipere,
961 3429 1303 3486 purpuream
1359 3424 1567 3471 vestem
1623 3423 1681 3472 et
1721 3423 1977 3488 torquem

394 3526 621 3567 auream
641 3508 900 3576 :deinde,
920 3523 1048 3563 cum
1081 3507 1237 3562 illu
1274 3507 1352 3562 ita
1379 3517 1661 3573 ornasset,
1692 3508 1982 3579 subjectos

395 3605 500 3660 sibi
549 3602 785 3675 populos
829 3599 1104 3671 praeconis
1151 3613 1289 3655 voce
1343 3601 1560 3654 curavit
1617 3599 1977 3667 edocendos,

394 3699 578 3768 ipsum
610 3693 839 3750 tertium
872 3690 1026 3761 regni
1057 3691 1368 3762 principem
1404 3677 1451 3746 a'
1472 3705 1533 3748 se
1569 3705 1694 3749 esse
1730 3693 1982 3749 declara-

394 3801 536 3844 tum.
593 3784 803 3842 Verum
871 3783 1012 3840 nihil
1060 3783 1259 3838 horum
1319 3781 1564 3839 divinam
1643 3784 1978 3841 sententiam

395 3881 645 3937 mutavit.

464 3974 632 4031 Vens.
653 3972 744 4029 '50.
769 3991 786 4024 ι
808 3969 1008 4027 Eadem
1029 3968 1179 4026 enim
1201 3975 1384 4034 nocte,
1411 3967 1620 4040 inquit,
1646 3968 1978 4028 interfectus

392 4075 480 4122 est
506 4065 755 4122 Baltasar
787 4079 886 4119 rex
911 4061 1226 4120 Chaldaeus.
1261 4080 1280 4115 ι
1309 4059 1626 4118 Chaldwum
1659 4061 1843 4134 ipsum
1868 4064 1976 4120 hoc

392 4159 516 4212 loco
566 4153 883 4226 appellavit,
919 4161 981 4207 ut
1033 4151 1357 4209 ostenderet
1412 4149 1705 4208 Chaldaici
1753 4151 1976 4208 demum

392 4247 551 4319 regni
586 4247 774 4302 tinem.
809 4243 1022 4301 Revera
1057 4262 1076 4296 ι
1113 4243 1468 4300 Horrendum
1498 4252 1586 4300 est
1616 4243 1871 4300 incidere
1917 4244 1976 4301 in

394 4353 596 4394 manus
612 4335 711 4392 Dei
727 4337 984 4402 viventis,
999 4354 1018 4388 ›
1041 4333 1348 4395 secundum
1368 4334 1555 4390 divum
1573 4334 1899 4406 Apostolum
1917 4343 1976 4402 ³;

399 4429 616 4503 1172
647 4428 1012 4494 horrendum,
1063 4446 1082 4478 ι
1122 4426 1345 4482 divitias
1393 4426 1662 4482 bonitatis
1690 4426 1864 4489 illius,
1921 4435 1976 4481 et

2081 3227 2259 3292 Εὐθὺς
2285 3228 2343 3282 δὲ
2372 3228 2612 3294 ἀκούσας
2640 3230 2929 3304 Βαλτάσαρ
2956 3233 3064 3286 τῶν
3092 3234 3198 3287 ὑπὸ
3225 3234 3320 3288 τοῦ
3347 3236 3545 3309 Δανιὴλ
3575 3237 3668 3309 ἑρ-

2083 3321 2477 3393 μηνευθέντων,
2508 3323 2793 3396 ἐκέλευσεν
2823 3325 2986 3380 αὑτὸν
3022 3326 3086 3380 τὸ
3121 3328 3481 3400 προκείμενον
3505 3326 3668 3385 ἆθλον

2079 3415 2286 3480 λαϐεῖν,
2321 3416 2423 3487 τὴν
2471 3415 2784 3489 πορφύραν,
2814 3420 2911 3472 καὶ
2957 3418 3051 3473 τὸν
3098 3419 3374 3492 μανιάκην
3413 3421 3507 3474 τὸν
3539 3440 3670 3495 χρυ-

2081 3507 2210 3561 σοῦν
2237 3524 2252 3539 ο
2282 3502 2403 3561 εἶτα
2425 3507 2616 3563 τοῦτον
2640 3508 2804 3563 αὐτὸν
2827 3508 3202 3583 διακοσμήσας
3231 3512 3323 3566 τόν
3351 3514 3576 3586 τρόπον,
3599 3520 3667 3588 τῇ

2079 3594 2174 3650 τοῦ
2210 3601 2451 3669 κήρυκος
2489 3597 2770 3670 χρώμενος
2814 3601 2966 3673 φωνῇ
3009 3603 3138 3666 τοὺς
3183 3604 3457 3676 ὑπηκόους
3499 3607 3668 3662 ἐδίδα-

2082 3705 2250 3753 σκεν,
2307 3689 2387 3753 ὡς
2443 3689 2628 3761 τρίτον
2681 3690 2845 3744 αὑτὸν
2893 3694 2993 3764 τῆς
3055 3692 3334 3763 βασιλείας
3389 3697 3670 3769 ἀπέφηνεν

2079 3781 2338 3854 ἄρχοντα.
2404 3782 2548 3837 Ἀλλ’
2593 3781 2746 3838 ούδὲν
2791 3785 2996 3840 τούτων
3048 3787 3148 3859 τήν
3199 3788 3350 3843 θείαν
3393 3791 3670 3860 ἀπόφασιν

2080 3875 2288 3930 ἔλυσεν.

2150 3966 2216 4022 λ’.
2265 3985 2283 4019 ι
2324 3966 2414 4021 Ἐν
2446 3967 2586 4040 αὐτῇ
2620 3967 2750 4040 γὰρ,
2786 3969 2943 4040 φησι,
2975 3972 3043 4044 τῇ
3076 3971 3232 4026 νυκτὶ
3257 3973 3500 4047 ἀνῃρέθη
3528 3975 3666 4030 Βαλ-

2078 4059 2277 4132 τάσαρ,
2309 4060 2338 4114 6
2369 4059 2620 4131 βασιλεὺς
2647 4061 2934 4117 Χαλδαίων
2949 4065 3016 4119 ⁵ο.
3051 4082 3072 4115 ι
3096 4065 3398 4123 Χαλδαῖον
3423 4068 3480 4123 δὲ
3505 4069 3667 4123 αὑτὸν

2079 4151 2313 4207 ἐνταῦθα
2353 4153 2820 4226 προσηγόρευσεν,
2858 4155 2946 4210 ἵνα
2982 4156 3133 4231 δείξῃ
3174 4159 3362 4215 λοιπὸν
3391 4160 3493 4231 τῆς
3520 4162 3667 4217 Χαλι-

2076 4243 2267 4316 δαῖκῆς
2295 4244 2575 4315 βασιλείας
2601 4247 2661 4300 τὸ
2679 4247 2852 4313 τέλος.
2905 4250 3148 4322 Ἀληθῶς
3185 4271 3204 4304 ι
3227 4253 3458 4327 φοϐερὸν
3486 4253 3548 4309 τδ
3568 4256 3667 4326 ὲμο

2081 4339 2268 4390 πεσεῖν
2316 4338 2396 4402 είς
2439 4340 2626 4410 χεῖρας
2672 4337 2808 4393 Θεοῦ
2861 4339 3086 4406 ζῶντος,
3130 4362 3148 4394 ι
3199 4344 3344 4398 κατά
3386 4346 3479 4399 τὸν
3525 4347 3668 4401 θεῖον

2093 4427 2415 4482 ’Δπόστολον
2434 4446 2448 4460 ο
2476 4430 2726 4501 φοϐερὸν,
2753 4449 2774 4482 ι
2802 4430 2898 4485 τοῦ
2925 4432 3156 4488 πλούτου
3179 4434 3280 4505 τῆς
3302 4436 3669 4510 χρηστότητος

390 4521 694 4590 patientiae.
726 4526 781 4574 et
805 4515 1250 4588 longanimitatis
1281 4522 1638 4571 contemnere
1653 4522 1706 4580 γ,
1737 4531 1756 4564 ι
1786 4523 1841 4568 et
1865 4528 1976 4568 non

2080 4518 2271 4583 αὐτοῦ,
2317 4521 2413 4575 καὶ
2463 4523 2564 4592 τῆς
2608 4522 2837 4594 ἀνοχῆς,
2877 4525 2973 4578 καὶ
3019 4525 3402 4598 μακροθυμίας
3418 4530 3462 4568 ⁸¹
3504 4547 3670 4584 κατα-

393 4613 628 4670 adorare
659 4620 716 4667 et
765 4610 949 4666 colere
982 4621 1082 4678 pro
1129 4607 1371 4663 viribus.
1423 4605 1561 4672 Quis
1609 4605 1758 4662 enim
1801 4605 1980 4660 durus

393 4705 648 4769 electus.
702 4712 762 4758 ut
811 4703 889 4757 ait
919 4701 1210 4773 propheta,
1269 4713 1459 4754 coram
1517 4696 1752 4752 Domino
1781 4698 1979 4753 stetit?

393 4797 613 4856 idcirco
639 4799 836 4852 beatus
864 4809 1084 4866 quoque
1113 4791 1286 4846 David
1319 4789 1598 4861 praecipit:
1633 4808 1650 4840 ι
1686 4787 1885 4853 Hodie,
1932 4789 1977 4844 si

394 4905 586 4948 vocem
609 4887 736 4958 ejus
753 4885 1063 4950 audieritis,
1086 4883 1255 4938 nolite
1280 4881 1560 4937 obdurare
1578 4879 1746 4935 corda
1769 4887 1974 4949 vestra,

397 4983 543 5037 sicut
601 4980 657 5035 in
720 4975 1150 5033 exaeerbatione
1175 4983 1221 5025 ².
1287 4990 1308 5024 ι
1373 4969 1532 5036 Quod
1599 4970 1976 5040 interpretans

395 5071 593 5128 beatus
618 5068 824 5127 Paulus
857 5067 1111 5120 hortatur
1139 5081 1153 5118 :
1195 5061 1448 5129 «Videte,
1479 5060 1704 5126 fratres,
1735 5077 1802 5116 ne
1837 5060 1978 5119 forte

398 5164 471 5218 sit
519 5162 573 5217 in
605 5161 791 5230 aliquo
851 5167 1103 5214 vestrum
1131 5170 1229 5211 cor
1285 5156 1491 5210 malum
1540 5155 1974 5223 incredulitatis,

471 5311 498 5339 ι
528 5295 697 5351 Hebr.
731 5311 786 5360 χ,
818 5295 907 5349 51.
980 5303 1009 5342 γ
1040 5293 1200 5348 Rom.
1236 5309 1296 5360 ιι,
1328 5293 1381 5348 4.

1463 5301 1483 5328 ι
1513 5291 1658 5346 Psal.
1694 5307 1840 5347 χειν.
1873 5292 1926 5344 8.
1959 5292 2013 5346 9.

2086 4615 2303 4684 φρονεῖν
2322 4655 2336 4680 ,
2371 4633 2389 4666 ι
2440 4614 2576 4668 ἀλλὰ
2635 4614 2711 4686 μὴ
2739 4619 3064 4685 προσκυνεῖν
3094 4619 3189 4672 καὶ
3217 4618 3544 4690 θεραπεύειν
3588 4623 3670 4686 εἰς

2085 4705 2335 4776 δύναμιν.
2386 4706 2482 4770 Τίς
2526 4705 2634 4778 γὰρ
2666 4707 2959 4780 σκληρὸς⁸²
2994 4709 3308 4781 γενόμενος,
3428 4728 3593 4783 φησιν
3639 4716 3669 4766 6

2088 4799 2394 4868 προφήτης,
2425 4797 2671 4851 ἐναντίον
2697 4797 2901 4870 Κυρίου
2947 4800 3204 4872 ὑπέμεινε
3235 4819 3250 4868 ;
3275 4801 3478 4856 Τούτου
3507 4804 3667 4876 χάριν

2087 4885 2181 4939 καὶ
2206 4888 2234 4940 6
2261 4888 2526 4958 μακάριος
2566 4891 2853 4961 παρεγγυᾷ
2885 4891 3048 4944 Δαϐίδ
3071 4909 3086 4923 ο
3133 4911 3150 4942 ι
3175 4894 3422 4964 Σήμερον
3455 4895 3548 4948 ἐὰν
3568 4895 3668 4964 τῆς

2087 4977 2272 5048 φωνῆς
2296 4977 2465 5032 αὑτοῦ
2486 4978 2784 5051 ἀκούσητε,
2819 4983 2894 5053 μὴ
2937 4983 3276 5055 σκληρύνητε
3313 4986 3412 5048 τὰς
3438 4986 3666 5057 καρδίας

2086 5068 2262 5138 ὑμῶν,
2310 5069 2384 5132 ῶς
2418 5072 2475 5123 ἐν
2500 5069 2578 5142 τῷ
2614 5073 2978 5143 παροργισμῷ
2995 5074 3062 5129 ⁵³.
3094 5092 3112 5125 ι
3159 5075 3268 5128 Καὶ
3297 5075 3456 5129 τοῦτο
3494 5077 3668 5148 ἑρμηο

2055 5159 2256 5213 -νεύων
2283 5162 2312 5213 ὁ
2343 5161 2614 5232 μακάριος
2647 5167 2905 5235 παραινεῖ
2933 5164 2978 5196 ⁵⁷⁵
3005 5163 3218 5228 Παῦλος
3239 5181 3251 5195 ⁸
3305 5186 3321 5218 ι
3347 5167 3664 5234 Βλέπετε³⁵,

1716 5450 1944 5506 νΑιιιΑε
1985 5449 2394 5506 LECTIONES.

465 5573 514 5607 ⁸*
542 5571 748 5645 Σύγκρ.
779 5601 850 5645 -έ
876 5567 1073 5645 καλείε
1107 5566 1259 5645 γίσῇΔ
1280 5582 1478 5636 supra,
1513 5583 1572 5645 p.
1612 5565 1772 5645 i979,
1818 5563 2120 5645 ξςριιρικεοἒ
2202 5563 2248 5595 η
2277 5580 2458 5645 raw;
2482 5562 2536 5645 B_
2562 5579 2776 5645 praem.“
2800 5565 2885 5645 σέ.
2922 5636 2934 5645 ⁸
2973 5567 3020 5598 ⁵⁸
3063 5565 3152 5620 διὰ
3182 5565 3428 5645 τούτ.Δῐιι
3461 5565 3668 5645 [ipost

399 5631 958 5720 προφήτηςῬοηίιῳς.
1029 5640 1073 5671 "
1105 5639 1148 5692 Α
1175 5631 1473 5720 διῄρηται(
1509 5631 1555 5720 ξε
1617 5637 1783 5720 Βλςαὶ
1800 5636 1971 5720 αὐτῇς
1999 5635 2265 5704 ἐπέρησε
2294 5631 2593 5720 τῆς
2667 5633 2708 5667 ⁸⁸
2740 5635 2780 5689 Β
2809 5636 3139 5720 εὑρήσρμεχ.
3195 5636 3242 5668 ⁸⁸
3272 5637 3300 5690 6
3329 5635 3458 5705 βασ.
3492 5631 3661 5694 Χαλδ.

399 5714 457 5774 Κ
470 5718 500 5768 ὁ
526 5714 808 5776 Χαλδαῖος.

892 5712 932 5743 ¹’¹
969 5727 1138 5782 μακρ.
1175 5710 1212 5782 [ξ
1237 5705 1434 5782 'p'rm_.
1479 5709 1598 5782 τῇς.
1666 5709 1712 5739 δ’
1747 5705 1866 5782 σκλ.
1903 5707 2176 5782 Bnprzpm;
2195 5705 2352 5774 φησί.
2409 5705 3043 5782 'f_llatapa1rtxpatapqi.
3082 5707 3161 5762 Ita
3193 5721 3416 5780 quoque
3458 5723 3660 5780 supra,

402 5767 444 5838 ιζ
483 5767 526 5847 ί,
563 5799 614 5854 p.
648 5767 804 5838 1287'.
839 5783 884 5815 "‘
917 5767 1050 5852 πὲρ.
1087 5767 1140 5834 iu
1177 5779 1212 5832 Β
1243 5767 1360 5849 'past
1392 5767 1605 5842 Παῦλος
1637 5777 1880 5849 ponitur.
1940 5767 1987 5810 ⁸⁵
2021 5775 2102 5847 βλ.
2139 5773 2180 5827 Β
2208 5767 2399 5844 prauo.
2433 5773 2628 5844 λέγων.
