4092 6392
441 419 578 486 1393

1687 436 1770 495 IN
1803 436 2164 497 DANIELIS
2196 439 2351 501 CAP.
2382 444 2449 506 V.

3553 442 3710 507 13941

437 532 678 602 ἀδελφοὶ,
712 535 923 609 μήποτε
951 538 1106 595 ισται
1156 540 1214 596 έν
1239 557 1346 595 τινι
1382 540 1534 610 ὑμῶν
1564 541 1759 611 καρδία
1803 540 2014 612 πονηρὰ

2119 544 2456 604 discedendo
2487 564 2516 603 a
2547 549 2659 608 Deo
2693 551 2817 609 vivo
2845 571 2860 622 ;
2894 555 2988 612 sed
3019 555 3401 612 adhortamlni
3447 563 3692 611 vosmet.

436 624 716 691 ἀπιστίας,
752 627 812 684 ἑν
838 629 920 700 τῷ
943 631 1245 703 ἀποστῆναι
1276 631 1386 686 ἀπὸ
1432 630 1566 686 Θεοῦ
1595 631 1796 698 ζῶντος
1819 651 1833 665 ·
1883 633 2021 688 ἀλλὰ

437 717 810 788 παρακαλεῐτε
836 721 1063 787 ἑαυτοὺς
1108 723 1230 778 καθ’
1275 723 1511 796 ἑκάστην
1543 723 1779 796 ἡμέραν,
1825 725 2020 797 μέχρις

435 805 504 860 ἂν
529 799 650 861 ob“
677 807 741 860 τὸ
769 810 1008 884 σήμερον
1053 813 1316 877 καλεῖται,
1359 814 1446 868 ἵνα
1494 816 1569 885 μὴ
1603 817 1910 889 σκληρυνθῇ
1959 819 2020 884 ἐξ

438 896 592 966 ὑμῶν
613 915 700 962 τις
727 899 910 973 ἀπάτῃ
939 902 1039 973 τῆς
1071 903 1368 974 ἁμαρτίας.
1399 922 1435 956 ι·
1470 900 1590 958 Οἵδε
1618 906 1728 979 γὰρ
1755 907 2016 973 πολλάκις

436 991 470 1060 ἡ
493 990 736 1061 ἁμαρτία
756 993 875 1056 ταῖς
897 993 1112 1065 ἡδοναῖς
1135 997 1281 1066 ἡμᾶς
1309 995 1734 1065 καταθέλγουσα,
1764 998 2018 1072 καθάπερ

435 1077 644 1132 ἐκεῖνον
689 1079 782 1134 τὸν
830 1080 1058 1154 ἀνόητον
1107 1083 1334 1155 βασιλέα
1381 1085 1469 1138 διὰ
1506 1088 1604 1158 τῆς
1637 1086 1826 1160 μέθης,
1871 1087 2019 1142 οὕτω

437 1168 763 1242 σκληρύνειν
812 1173 970 1245 ήμῶν
1019 1173 1120 1247 τὴν
1161 1176 1390 1250 καρδίαν
1431 1178 1523 1230 καὶ
1559 1179 1846 1234 ἀντίτυπον
1878 1180 2016 1236 ἀπο-

435 1257 668 1327 φαίνειν,
713 1261 790 1327 ὡς
815 1264 910 1319 καὶ
936 1265 1037 1337 τῆς
1067 1267 1322 1332 ἀσεϐείας
1358 1268 1457 1339 τὴν
1486 1269 1638 1323 νόσον
1672 1270 1869 1343 ῥᾳδίως
1894 1273 2016 1326 sla-

433 1349 704 1422 δέχεσθαι.
747 1355 1017 1428 Φύγωμεν
1044 1358 1244 1424 τοίνυν,
1280 1361 1601 1432 παρακαλῶ,
1632 1363 1726 1416 τοῦ
1759 1363 2009 1419 διαϐόλου

432 1441 534 1513 τὴν
562 1442 863 1519 ὲξαπάτην,
897 1451 992 1503 καὶ
1018 1448 1119 1522 τὴν
1143 1451 1400 1523 ἐπίμονον
1414 1454 1460 1486 ⁸⁷
1489 1455 1692 1527 ἀρετὴν
1715 1455 1814 1526 τῆς
1845 1457 2004 1528 ἡδονῇ

435 1532 669 1608 βραχείᾳ
713 1541 1060 1612 κεχρημένης
1110 1545 1538 1617 προτιμήσωμεν
1579 1548 1872 1618 ἁμαρτίας,
1921 1549 2009 1603 ἵνα

431 1624 533 1696 τῆς
566 1628 666 1700 μὲν
707 1630 804 1686 τοῦ
834 1632 1118 1706 Βαλτάσαρ
1147 1637 1429 1702 κοινωνίας
1476 1637 1877 1710 ἀποφανθῶμεν
1909 1641 2008 1694 ἀλ·-

2119 635 2273 706 ipsos
2300 654 2398 709 per
2419 639 2670 712 singulos
2693 644 2833 711 dies,
2851 647 3035 718 quoad
3057 647 3224 704 hodie
3245 647 3702 719 cognominatur,

2118 743 2188 783 ne
2217 731 2344 800 quis
2371 747 2438 786 ex
2469 733 2625 790 vobis
2651 735 2957 794 obduretur
2980 738 3202 794 fallacia
3229 739 3464 814 peccati.
3496 758 3516 792 ι
3550 738 3700 794 Con-

2117 820 2298 875 suevit
2329 825 2477 876 enim
2511 838 2659 895 saepe
2689 835 3002 897 peccatum,
3031 830 3419 901 voluptatibus
3463 845 3568 886 nos
3596 829 3695 886 de-

2117 911 2389 980 mulcens,
2417 917 2878 985 quemadmodum
2907 922 3142 978 stultum
3185 923 3339 978 illum
3369 937 3554 994 regem
3596 937 3694 993 per

2115 1001 2470 1071 ebrietatem,
2509 1006 2586 1060 ita
2628 1021 2727 1064 cor
2771 1018 3064 1080 nostrum,
3093 1011 3299 1067 durum
3352 1012 3590 1068 reddere
3636 1020 3708 1068 et.

2113 1093 2492 1151 adversarium
2522 1096 2762 1164 efﬁcere,
2792 1107 2853 1154 ut
2875 1103 3048 1158 etiam
3096 1103 3396 1174 impietatis
3435 1103 3692 1160 morbum

2111 1183 2274 1240 facile
2297 1185 2560 1257 excipiat.
2578 1187 2720 1244 Hinc
2747 1187 3042 1261 fugiamus,
3058 1193 3486 1265 quaeso,diaboli
3512 1192 3707 1259 dolos,

2110 1275 2480 1348 stabilemque
2511 1279 2776 1336 virtutem
2805 1291 3034 1353 peccato
3065 1284 3222 1341 brevi
3253 1300 3378 1340 cum
3409 1285 3692 1355 voluptate

2111 1366 2414 1437 coniuncto
2442 1377 2876 1442 anteponamus,
2911 1382 3029 1428 uta
3078 1375 3347 1432 societate
3389 1374 3710 1430 Baltasaris,

2111 1456 2275 1512 alieni
2310 1458 2633 1528 reddamur,
2661 1469 2717 1518 et
2737 1461 2984 1520 Danielis
3015 1465 3288 1522 societate
3322 1465 3598 1532 fruamur,
3629 1463 3684 1518 in

2112 1550 2338 1608 Christo
2356 1552 2494 1609 ‘Jesu
2519 1552 2756 1608 Domino
2784 1564 3001 1623 nostro,
3027 1571 3154 1613 cum
3182 1573 3294 1629 quo
3317 1556 3466 1611 Patri
3493 1555 3689 1628 gloria,

2113 1655 2240 1696 cum
2273 1655 2468 1701 sancto
2505 1646 2754 1716 Spiritu,
2779 1645 2836 1701 in
2871 1649 3077 1702 saecula
3107 1649 3458 1708 saeculorum.
3491 1647 3709 1703 Amen..

431 1716 655 1813 λότριοι,
681 1723 782 1795 τῆς
807 1723 866 1778 δὲ
890 1725 987 1779 τοῦ
1027 1727 1223 1799 Δανιὴλ
1253 1729 1562 1804 συμμορίας
1587 1731 2005 1804 ἀπολαύσωμεν,
2037 1735 2098 1788 ἐν
2130 1735 2352 1810 Χριστῷ
2390 1737 2576 1810 Ἰησοῦ.
2606 1737 2684 1810 τῷ
2709 1737 2900 1811 Κυρίῳ
2950 1740 3132 1811 ήμῶν,
3181 1741 3302 1813 μεθ’
3360 1731 3423 1794 οὗ
3469 1739 3548 1812 τῷ
3577 1740 3689 1794 Πα-

432 1810 524 1882 τρὶ
565 1810 715 1881 δόξα,
761 1814 860 1870 σὺν
902 1816 981 1889 τῷ
1019 1817 1161 1891 ἁγιῳ
1190 1819 1488 1894 Πνεύματι,
1522 1823 1605 1888 εἰς
1646 1825 1774 1891 τοὺς
1805 1825 2012 1892 αἰῶνας
2036 1826 2146 1882 τῶν
2171 1827 2462 1888 αἰώνων⁵⁸.
2499 1832 2694 1905 Ἀμήν.

532 1975 564 2008 ι
591 1963 761 2022 Hebr.
795 1981 882 2035 tu,
915 1967 1009 2036 12,
1042 1969 1132 2026 l5.

1721 2127 1964 2186 VARIJE
2001 2128 2414 2188 LECTIONES.

498 2258 547 2292 "
573 2256 617 2314 Β
644 2257 806 2331 ἄχρις
835 2254 916 2319 οὗ.
975 2260 1021 2294 ³⁷
1051 2259 1095 2315 Β
1122 2261 1394 2336 ὲρίπονον.
1448 2263 1498 2297 ⁸⁸
1525 2280 1577 2320 τ.
1609 2263 1762 2320 αίὼν.
1799 2265 1923 2323 Des.
1957 2266 2010 2321 in
2035 2264 2098 2323 Β.

439 2455 3682 2495 —_____________________._________________________

1717 2626 2169 2713 ΤΟΜΟΣ
2252 2624 2402 2726 (π’.

1437 2960 1650 3032 11⁷³
1717 2982 2078 3073 LIBER
2149 2984 2645 3080 SEXTUS.

430 3329 964 3414 Nafouqu’orddpg
979 3329 1047 3414 '3,
1337 3331 1620 3414 yapoddx
1646 3332 1778 3414 yldc
1793 3331 2010 3414 αρεοῦ,
2041 3337 2086 3394 Β
2116 3332 2857 3414 Ναὺιιοίιοιζοηρεογηευὶιαά
2889 3335 3357 3414 λίανοάαερβίὶυε
3386 3338 3522 3408 ejus,
3555 3341 3686 3414 Bai-

501 3399 825 3472 Βαλτάσαρ
874 3399 1140 3472 ἀδελφὸς
1164 3402 1376 3472 ,αὐτοῦ
1497 3399 1760 3472 Δαρεῖοςί
1783 3401 2009 3472 Μῆδος,

501 3471 652 3527 κατά
687 3471 1050 3543 Ἰόιᾳηππον,
1087 3471 1218 3536 υίὸς
1244 3471 1355 3543 τοῦ
1391 3471 1772 3543 Ἀστυάγους.
1807 3473 1914 3543 τοῦ
1942 3471 2012 3525 δὲ

503 3543 698 3612 Κύρου
717 3541 874 3606 θεῖος
894 3542 1044 3610 πρὸς
1075 3541 1301 3612 μητρός
1318 3557 1333 3572 ⁶
1367 3544 1401 3596 ό
1433 3541 1500 3595 δὲ
1525 3541 1716 3611 Κῦρος
1735 3541 1974 3610 Πέρσης
1990 3558 2006 3574 ·

503 3613 800 3680 Ἕλληνες
812 3611 1150 3680 ,Κυαξάρην
1169 3611 1358 3666 αὐτὸν
1387 3611 1866 3680 προσκαλοῦσιν.

500 3724 603 3779 λα’.
622 3724 736 3780 Καὶ
751 3724 975 3791 Δαρεῖος
992 3725 1020 3778 ὁ
1035 3723 1220 3795 Μῆδος
1236 3723 1512 3796 παρέλαϐε
1525 3724 1622 3796 τὴν
1640 3723 1918 3795 βασιλείαν
1935 3725 2010 3780 ὢν

432 3815 570 3871 ἑτῶν
592 3815 855 3886 ἑξήκοντα
877 3813 995 3870 δύο.
1028 3834 1047 3868 ι
1084 3815 1154 3870 Ἦ
1177 3815 1277 3885 μὲν
1316 3815 1430 3870 τῶν
1449 3815 1730 3872 Χαλδαίων
1761 3815 2006 3886 βασιλεία

432 3908 492 3962 τὸ
515 3908 668 3972 τέλος
691 3907 853 3962 ἔλαϐε
879 3907 1022 3962 κατά
1038 3907 1140 3980 τὴν
1170 3906 1323 3962 θείαν
1343 3907 1650 3980 πρόρρησιν
1671 3925 1686 3940 ο
1710 3909 1791 3972 εἰς
1805 3909 1862 3961 δὲ
1882 3909 2007 3979 Μή-

430 3999 555 4063 δους
585 3998 958 4071 μεταϐέϐηκεν
983 3999 1018 4070 ἠ
1044 3999 1144 4068 τῆς
1176 3997 1499 4069 οἰκουμένης
1525 3998 1810 4068 ἡγεμονία.
1851 3997 2010 4053 Οὕτω

431 4089 490 4144 δὲ
517 4090 614 4145 καὶ
655 4091 684 4144 ὁ
712 4089 912 4160 Δανιὴλ
943 4088 1338 4160 προηγόρευσε,
1384 4088 1476 4142 καὶ
1505 4087 1567 4142 τὸ
1595 4087 1784 4158 Φαρές
1821 4089 2009 4160 ἡρμή-

430 4196 589 4236 νευσε
615 4195 633 4212 ο
699 4197 718 4232 ι
743 4178 981 4251 Διῃρέθη
1020 4179 1148 4251 γὰρ,
1184 4178 1368 4250 φησὶν,
1397 4179 1433 4249 ἡ
1475 4177 1722 4249 βασιλεία
1757 4196 1870 4244 σου,
1917 4180 2010 4234 καὶ

431 4271 588 4342 ἐδόθη
637 4271 842 4342 Μήδοις
883 4271 979 4324 καὶ
1015 4270 1270 4341 Πέρσαις.
1313 4289 1332 4320 ι
1401 4268 1562 4323 Ἀλλὰ
1607 4270 1798 4341 χρόνον
1830 4270 2008 4340 ὀλίγον

430 4361 656 4434 Δαρείου
695 4360 789 4414 τοῦ
821 4361 1006 4432 Μήδου
1039 4359 1475 4429 βασιλεύσαντος,
1519 4361 1723 4435 Κῦρος,
1755 4365 2000 4434 παραλα·

431 4451 542 4508 ϐὼν
569 4453 669 4524 τὴν
700 4451 894 4525 ἀρχὴν,
921 4452 1001 4516 είς
1031 4451 1248 4524 Πέρσας
1280 4452 1449 4525 αὐτὴν
1479 4453 1848 4526 μετατίθησιν.
1895 4453 2008 4507 Ἰώ-

432 4560 648 4615 σηππος
663 4544 710 4577 “
730 4544 789 4598 δὲ
807 4546 835 4599 ὁ
850 4544 1272 4616 ,ἱστοριογράφος
1307 4546 1400 4602 τὸν
1429 4548 1651 4619 Δαρεῖον
1697 4548 1796 4618 μὲν
1812 4548 1858 4580 ⁸⁸
1890 4548 2004 4602 υἱὸν

2187 3405 2564 3475 ερδανγίρείιιε
2623 3406 2794 3475 frater
2828 3423 2848 3462 :
2902 3407 3103 3461 Durius
3151 3405 3362 3472 Medus,
3401 3405 3690 3464 secundum

2183 3473 2476 3552 loseplm_m
2496 3473 2642 3537 filius
2667 3478 2920 3552 Astyagis
2942 3486 2994 3532 et
3022 3477 3488 3552 Cyr-{avunculum
3515 3478 3697 3552 Cyrus

2185 3553 2366 3601 autem
2394 3545 2590 3611 Persa,
2618 3545 3098 3618 quent‘Cyaxaren—i
3132 3545 3314 3604 Grani
3332 3559 3544 3606 vocant.

2183 3722 2468 3781 “335.51.
2507 3742 2527 3777 ι
2581 3724 2649 3780 Et
2678 3724 2879 3784 Darius
2933 3725 3127 3784 Medus
3186 3729 3405 3800 accepit
3458 3744 3704 3800 regnum

2112 3817 2400 3889 sexaginta
2420 3817 2564 3874 duos
2587 3826 2753 3874 natus
2777 3833 2974 3875 annos.
3003 3837 3022 3871 ι
3045 3819 3434 3876 Chaldaeorum
3453 3835 3705 3892 regnum.

2113 3908 2420 3965 secundum
2457 3909 2704 3967 divinam
2735 3911 3152 3983 pradictionem
3203 3913 3270 3968 ad
3301 3913 3510 3968 exitum
3564 3929 3691 3984 per-

2111 4001 2290 4066 venit,
2325 3999 2395 4054 ad
2425 3999 2616 4056 Medos
2648 4007 2833 4056 autem
2866 4002 3199 4057 translatum
3226 4009 3315 4058 est
3343 4002 3498 4060 orbis
3524 4010 3691 4058 terra.

2113 4103 2236 4144 rum
2272 4089 2585 4160 imperium.
2616 4089 2711 4146 Sic
2741 4106 2876 4147 vero
2903 4089 3096 4146 Daniel
3126 4091 3293 4147 etiam
3326 4091 3606 4164 praedixit,
3633 4101 3693 4148 et

2112 4180 2246 4236 illud
2274 4179 2480 4237 Phares
2510 4181 2914 4254 interpretatus
2941 4191 3028 4238 est
3054 4199 3069 4236 :
3103 4199 3129 4234 ι
3148 4182 3395 4239 Divisum
3427 4191 3516 4240 est
3541 4184 3690 4240 enim

2114 4286 2345 4342 regnum
2406 4281 2586 4340 tuum,
2641 4271 2862 4344 inquit,
2913 4281 2971 4330 et
3027 4273 3215 4328 datum
3269 4282 3364 4331 est-
3410 4274 3584 4331 Medis
3636 4285 3692 4331 et

2113 4362 2322 4420 Persis.
2362 4381 2382 4416 ι
2423 4363 2532 4420 Sed
2582 4380 2708 4420 cum
2751 4365 2921 4421 breve
2977 4372 3195 4436 tempus
3251 4365 3452 4424 Darius
3500 4365 3706 4423 Medus.

2115 4462 2428 4526 regnasset,
2457 4455 2638 4528 Cyrus
2689 4464 2986 4524 exceptum
3040 4457 3337 4528 imperium
3371 4457 3440 4512 ad
3491 4457 3692 4514 Persas

2116 4545 2425 4600 transtulit.
2499 4543 2772 4614 Iosephus
2840 4553 3023 4601 autem
3091 4545 3392 4602 historicus
3463 4545 3690 4600 Darium

427 4634 524 4690 τοῦ
567 4635 895 4706 Ἀστυάγους
923 4631 1064 4690 εἷναί
1091 4652 1248 4706 φησι,
1278 4636 1370 4690 τοῦ
1397 4637 1454 4691 δὲ
1483 4637 1665 4709 Κύρου
1697 4638 1838 4692 Θεῖον
1874 4639 2011 4712 πρὸς
2037 4668 2081 4726 c
2117 4635 2375 4709 Astyagis
2407 4635 2580 4692 ﬁlium
2607 4637 2832 4706 asserit,
2858 4644 2914 4694 et
2941 4635 3070 4709 Cyri
3097 4639 3435 4694 avunculum
3461 4656 3477 4704 ;
3500 4653 3693 4693 verum

431 4725 635 4799 μητρὸς
648 4728 716 4792 “,
748 4729 873 4791 τοὺς
897 4727 955 4782 δὲ
981 4725 1092 4780 τῶν
1125 4725 1393 4799 Ἐλλήνων
1427 4730 1778 4802 συγγραφέας
1807 4731 2009 4800 ἑτέρως

428 4818 595 4874 αὐτοῦ
647 4819 711 4873 τὺ
757 4819 931 4890 ὄνομα
976 4819 1319 4874 τεθεικέναιο
1365 4821 1662 4894 Κυαξάρην
1700 4822 1810 4894 γὰρ
1842 4823 2008 4878 αὐτὸν

427 4910 626 4964 ἐκείνοι
668 4907 1164 4982 προσηγορεύκασι.
1197 4911 1360 4979 Λέγει
1399 4910 1479 4978 δὲ,
1526 4912 1608 4964 ὅτι
1638 4911 1781 4967 κατά
1807 4913 2004 4968 ταύτὸν

428 5000 952 5074 ἐπιστρατεύσαντες
971 5004 1038 5074 τῇ
1058 5001 1337 5056 Βαϐυλῶνι
1358 5003 1582 5076 Δαρεῖός
1604 5021 1663 5057 τε
1686 5005 1779 5059 καὶ
1800 5005 2006 5077 Κῦρος,

427 5093 460 5148 ὁ
480 5093 670 5147 τούτου
695 5091 1029 5162 ἀδελφιδοῦς,
1071 5093 1380 5165 ἐκράτησαν
1418 5094 1523 5165 τῆς
1555 5096 1761 5160 πόλεως
1790 5097 2007 5167 πολιορ-

429 5181 527 5256 κίᾳ
568 5182 937 5256 χρησάμενοι,
987 5181 1084 5236 καὶ
1131 5181 1226 5236 τὸν
1286 5182 1574 5255 Βαλτάσαρ
1629 5185 1836 5239 ἀνεῖλον
1885 5185 2008 5240 κατ’

2114 4727 2337 4787 Graecos
2367 4730 2680 4802 scriptores
2709 4731 2870 4787 aliter
2897 4731 3078 4801 ipsum
3107 4731 3420 4801 appellasse
3441 4749 3466 4786 ιλ
3487 4729 3694 4802 Cyaxa-

2112 4833 2229 4874 rem
2293 4820 2500 4892 quippe
2551 4821 2706 4875 illum
2765 4827 3123 4876 vocaverunt.
3171 4818 3505 4891 Narratque,
3563 4835 3688 4875 cum

2113 4910 2307 4966 eodem
2337 4918 2592 4982 tempore
2615 4911 2918 4967 exercitum
2951 4909 3018 4964 ad
3051 4909 3391 4982 Babylonem
3425 4911 3697 4968 adduxi5¢

2112 5009 2239 5056 sent
2271 5001 2469 5058 Darius
2499 5010 2554 5058 et
2591 5001 2792 5074 Cyrus,
2827 5001 2950 5072 ejus
2988 5002 3204 5058 sororis
3237 5002 3407 5066 filius,
3460 5019 3559 5074 per
3588 5004 3690 5060 ob-

2111 5092 2386 5149 sidionem
2416 5109 2512 5150 eos
2544 5093 2685 5148 urbe
2718 5094 2928 5163 potitos
2957 5109 3103 5162 esse,
3145 5105 3201 5151 et
3227 5095 3570 5151 Baltasarem
3622 5095 3693 5151 ab

2116 5185 2254 5256 ipsis
2283 5185 2375 5240 illa
2403 5195 2566 5241 nocte
2598 5185 2952 5241 interfectum
2981 5200 3134 5253 esse,
3157 5201 3268 5258 qua
3295 5187 3538 5258 scriptas
3566 5186 3693 5242 illas

429 5271 645 5346 ἐκείνην
663 5274 764 5346 τὴν
787 5274 980 5340 νύκτα,
999 5273 1118 5328 καθ’
1141 5273 1210 5344 ἢν
1230 5274 1288 5327 ἐν
1314 5273 1395 5345 τῷ
1420 5274 1583 5347 τοίχῳ
1609 5275 1710 5340 τὰς
1736 5275 2009 5341 συλλαϐὰς
2116 5277 2360 5349 syllabas
2413 5277 2469 5333 in
2519 5278 2731 5348 pariete
2780 5285 3172 5348 conspexerat.
3219 5277 3424 5335 Verum
3474 5293 3583 5333 non
3615 5279 3696 5332 ita

428 5364 645 5432 linive;
671 5365 1024 5438 γραφομένας
1048 5363 1328 5420 ἐθεάσατο.
1365 5365 1503 5419 Ἀλλ’
1531 5367 1630 5422 οὐκ
1658 5368 1724 5440 ἐᾷ
1750 5366 1893 5422 οὕτω
1920 5385 2009 5422 πι-

2118 5384 2237 5426 rem
2286 5385 2348 5427 se
2402 5370 2608 5427 habere
2636 5369 2839 5426 docent
2886 5385 2953 5426 ea
3005 5385 3130 5442 quae
3187 5385 3226 5426 a.
3260 5369 3424 5427 beato
3469 5367 3689 5422 Daniele

1735 5565 1969 5623 VARI/1'3
2005 5567 2048 5623 Ι.
2060 5565 2417 5625 ECTIONES.

484 5741 704 5822 ι’ᾘαϐ.
740 5773 826 5822 :—
858 5741 1123 5822 npoqgcai.
1150 5741 1273 5822 Des.
1309 5744 1362 5802 in
1394 5744 1456 5807 Β.
1500 5746 1930 5822 ,θθηΊώσηπποθ
1965 5748 2091 5805 Ant.
2115 5747 2273 5820 luit,
2309 5749 2402 5806 lib.
2437 5765 2492 5818 ι,
2520 5765 2570 5806 c.
2605 5749 2692 5818 li,
2725 5755 2860 5805 sect.
2892 5747 2946 5803 Ι.
3035 5746 3082 5780 ⁸*
3113 5743 3230 5816 μέν.
3263 5742 3321 5798 In
3354 5741 3402 5796 Β
3424 5748 3546 5814 post
3574 5740 3687 5796 υἱόν

433 5813 677 5881 ponitur.
739 5813 782 5844 ⁶¹
819 5828 946 5882 μητ.
981 5811 1022 5868 Β
1052 5812 1278 5885 πατρός.
