4092 6428
367 409 504 475 1395

1327 412 1818 476 THEODORETI
1894 415 2234 482 EPISCOPI
2295 423 2664 486 CYBENSIS

3505 420 3640 487 1306

354 519 674 592 conscripta
705 528 855 578 sunt.
914 521 1086 578 Docet
1143 530 1329 579 autem
1385 537 1491 580 nos
1547 523 1602 578 in
1661 532 1943 596 postrema

2060 531 2260 588 στεύειν
2307 534 2375 588 τά
2423 535 2528 589 ὑπὸ
2576 534 2671 590 τοῦ
2717 534 2992 607 μακαρίου
3044 534 3246 609 Δανιὴλ
3283 550 3641 605 συγγεγραμ-

354 620 515 682 parte
567 629 797 677 eorum,
853 628 978 681 qua:
1012 613 1080 668 de
1134 611 1298 669 Dario
1349 623 1868 671 commemorantur
1890 616 1941 682 ι),

353 705 638 760 Danielem
699 703 916 776 1174
971 720 1240 776 prospere
1286 706 1473 776 egisse
1530 707 1634 762 sub
1709 706 1945 778 imperio

354 797 527 863 Darii,
565 805 620 854 et
645 804 914 867 regnante
942 795 1088 868 Cyro
1115 795 1310 864 Persa,
1350 797 1717 869 ostenditque
1740 841 1754 865 ,
1791 800 1944 856 aliud

352 890 505 944 Darii
538 904 766 959 regnum
795 904 951 956 esse,
986 888 1138 944 aliud
1169 889 1320 961 Cyri.
1345 889 1505 956 Quod
1527 891 1571 946 si
1606 906 1715 946 una
1748 906 1942 947 eorum

350 983 550 1038 fuisset
579 991 774 1037 contra
806 981 1151 1053 Babylonem
1185 997 1310 1037 cum
1345 983 1598 1038 exercitu
1646 983 1939 1055 profectio,

351 1095 522 1133 unum
557 1079 788 1134 omnino
839 1093 1076 1148 regnum
1109 1077 1308 1134 fuisset
1336 1097 1348 1131 :
1380 1093 1530 1134 nunc
1574 1085 1758 1133 autem
1791 1077 1944 1134 aliud

350 1174 478 1240 hoc,
511 1172 661 1227 aliud
699 1171 836 1226 illud
863 1185 989 1227 esse
1024 1172 1123 1225 ait.
1156 1170 1222 1225 Et
1271 1173 1323 1226 in
1383 1172 1490 1228 ﬁne
1535 1172 1842 1244 prophetiae
1870 1174 1945 1227 ita

351 1268 490 1324 dicit
516 1263 714 1320 Daniel
745 1282 759 1318 :
791 1281 811 1315 ‹
851 1261 919 1317 Et
951 1278 1049 1318 rex
1082 1261 1354 1336 Astyages
1387 1264 1675 1336 appositus
1727 1273 1814 1322 est
1871 1266 1938 1321 ad

350 1368 539 1432 patres
575 1372 730 1422 suos,
763 1363 818 1413 et
849 1356 1066 1427 accepit
1093 1355 1273 1428 Cyrus
1295 1355 1462 1412 Persa
1491 1373 1719 1428 regnum
1744 1357 1890 1428 ejus.
1920 1376 1939 1410 ι

353 1450 474 1506 Non
500 1449 673 1520 igitur
699 1447 896 1504 eodem
928 1458 1178 1518 tempore
1200 1447 1400 1504 Darius
1419 1456 1474 1503 et
1497 1447 1676 1521 Cyrus
1706 1464 1944 1520 regnum

355 1541 697 1605 obtinentes,
739 1538 1088 1595 Baltasarem
1141 1538 1568 1606 interfecerunt,
1609 1557 1799 1596 verum
1835 1540 1945 1598 Da-

356 1633 478 1690 rius
508 1632 738 1689 Assueri
769 1631 942 1702 prior,
992 1628 1171 1702 Cyrus
1206 1632 1486 1700 posterior
1525 1633 1805 1703 regnavit.
1839 1633 1948 1689 Ne-

357 1741 465 1796 que
497 1725 664 1780 etiam
697 1739 820 1795 quze
851 1739 883 1779 a
931 1722 1180 1795 Josepho
1233 1725 1523 1793 dicuntur,
1557 1741 1686 1780 cum
1742 1723 1949 1783 Graecis

2049 627 2221 700 μένα·
2272 628 2513 683 διδάσκει
2556 629 2612 682 δὲ
2657 630 2806 701 ἡμᾶς
2847 631 2906 684 ἐν
2934 628 3013 702 τῷ
3037 629 3180 685 τέλει
3227 627 3322 684 τοῦ
3365 627 3509 682 κατὰ
3549 625 3643 680 τὸθ

2047 723 2274 792 Δαρεῖον
2340 721 2719 792 διηγήματος,
2791 721 2873 776 ὃτι
2934 719 3239 792 κατηύθυνε
3313 720 3512 792 Δανιὴλ
3582 719 3642 772 ἐν

2045 815 2113 885 τῇ
2183 813 2429 885 βασιλείᾳ
2493 814 2720 885 Δαρείου
2779 815 2876 868 καὶ
2931 814 2990 868 ἐν
3029 815 3096 884 τῇ
3157 811 3404 884 βασιλείᾳ
3455 810 3642 882 Κύρου

2046 905 2142 960 τοῦ
2188 907 2421 979 Πέρσου,
2474 907 2566 960 καὶ
2617 907 2889 960 δείκνυσιν
2940 907 3135 979 ἑτέραν
3180 906 3279 978 μὲν
3330 904 3483 959 toﬁ”
3534 905 3642 958 Δα-

2051 1000 2194 1073 ρείου
2253 999 2553 1070 βασιλείαν,
2603 1000 2799 1072 ἐτέραν
2844 999 2902 1052 δὲ
2955 998 3050 1052 τοῦ
3097 997 3306 1069 Κύρου.
3355 997 3420 1050 Εἰ
3453 996 3511 1051 δὲ
3543 996 3643 1068 μία

2046 1093 2232 1156 αὐτοῖς
2264 1094 2404 1146 κατά
2437 1092 2537 1163 τῆς
2579 1091 2900 1157 Βαϐυλῶνος
2949 1091 3194 1161 ἐγεγόνει
3225 1089 3505 1162 στρατεία,
3543 1089 3643 1160 μία

2047 1185 2156 1255 ἄρα
2179 1181 2247 1255 ἦν
2278 1183 2374 1237 καὶ
2415 1185 2448 1255 ἠ
2482 1182 2731 1253 βασιλεία
2754 1199 2768 1216 ’
2821 1183 2916 1238 νῦν
2948 1183 3027 1249 δὲ,
3059 1182 3226 1254 ἄλλην
3261 1181 3360 1253 μὲν
3401 1178 3632 1247 ταύτην,

2048 1275 2215 1345 ἄλλην
2244 1275 2288 1329 δ’
2319 1274 2536 1347 ἐκείνην
2562 1269 2702 1328 εἶναι
2729 1274 2775 1307 ⁸⁸
2807 1290 2966 1345 φησι.
3007 1272 3121 1327 Καὶ
3147 1273 3205 1327 ἐν
3233 1270 3310 1343 τῷ
3343 1269 3486 1324 τέλει
3510 1269 3557 1302 ⁸⁵
3583 1267 3643 1322 δέ

2048 1368 2149 1440 τῆς
2176 1369 2515 1440 προφητείας
2543 1367 2687 1422 οῦτω
2717 1367 2884 1439 φησὶν
2908 1369 2935 1421 6
2968 1365 3169 1438 Δανιήλ
3193 1382 3208 1398 ·
3252 1383 3271 1416 α
3294 1363 3406 1418 Καὶ
3432 1364 3460 1416 6
3487 1361 3643 1434 βασι-

2047 1461 2174 1527 λεὺς
2209 1463 2515 1534 Ἀστυάγης
2535 1461 2838 1536 προσετέθη
2863 1460 3001 1534 πρὸς
3029 1461 3156 1524 τοὺς
3183 1459 3428 1531 πατέρας
3451 1454 3642 1522 αὺτοῦ,

2049 1559 2144 1613 καὶ
2161 1557 2439 1630 παρέλαϐε
2454 1558 2553 1630 τὴν
2576 1556 2851 1628 βασιλείαν
2867 1555 3092 1628 Κῦροςὸ
3119 1553 3357 1626 Πέρσης.
3385 1571 3404 1604 ι
3431 1551 3504 1605 Οὖ
3531 1548 3644 1603 τοίη

2049 1672 2146 1708 νυν
2164 1653 2389 1724 Δαρεῖος
2407 1652 2501 1706 καὶ
2522 1651 2700 1724 Κῦρος
2719 1651 2859 1705 κατὰ
2875 1649 3073 1703 ταύτὸν
3093 1647 3532 1719 βασιλεύσαντες,
3554 1643 3645 1697 τὸν

2050 1745 2341 1817 Βαλτάσαρ
2376 1743 2585 1798 ἀνεῖλον
2613 1759 2627 1772 ·
2666 1744 2780 1796 ἀλλ’
2802 1745 2831 1797 6
2872 1742 2972 1814 μὲν
2995 1743 3221 1814 Δαρεῖος
3249 1741 3276 1793 6
3309 1737 3643 1809 Ἀσσουήρου

357 1817 615 1873 historiis
641 1825 1018 1874 consentanea
1047 1827 1198 1873 sunt.
1227 1816 1339 1874 Nec
1361 1819 1507 1874 enim
1552 1819 1607 1873 in
1637 1818 1749 1875 illis
1787 1817 1948 1874 facile

2060 1816 2341 1910 πρότερον,
2387 1838 2612 1910 ὕστερον
2653 1836 2710 1888 δὲ
2754 1832 3328 1906 Κῦροςέσασίλευσεν.
3352 1831 3487 1884 Οὐδέ
3523 1832 3646 1893 ταῖς

355 1913 487 1967 licet
511 1911 782 1980 invenire,
819 1910 1126 1983 Cyaxarem
1158 1912 1420 1984 Astyagis
1449 1911 1623 1966 ﬁlium
1646 1916 1664 1934 '
1693 1911 1948 1968 eumdem

2063 1898 2407 2002 Ἑλληνικαῖς
2433 1898 2696 2000 ἱστορίαις
2713 1928 2758 1960 ⁸⁸
2777 1898 2859 1981 τὰ.
2879 1927 2984 1980 ὑπὸ
3009 1925 3106 1981 τοῦ
3153 1926 3462 1996 Ἰωσήππου
3496 1923 3646 2000 είρη-

357 2023 482 2064 esse
533 2007 783 2072 Darium,
843 2021 1008 2078 quem
1042 2007 1152 2063 iste
1214 2015 1407 2061 narrat
1464 2020 1576 2061 una
1628 2021 1757 2060 cum
1807 2004 1950 2076 Cyro

2060 2023 2191 2094 μένα
2209 2041 2270 2076 συ
2281 2021 2515 2093 μϐαίνει.
2539 2020 2674 2075 Οὐδὲ
2692 2019 2801 2092 γάρ
2817 2021 2874 2073 ἐν
2892 2019 3131 2082 ἐκείναις
3158 2017 3248 2071 ἐστ
3259 2035 3306 2071 ιν
3327 2017 3530 2087 εὑρεῖν,
3554 2013 3646 2066 τὸν

358 2107 556 2156 contra
581 2099 920 2171 Babylonem
956 2115 1083 2156 cum
1115 2101 1364 2156 exercitu
1397 2099 1750 2171 profectum:
1780 2098 1856 2154 ita
1892 2105 1952 2154 ut

358 2195 588 2250 omnino
614 2192 848 2265 Iosephi
872 2193 1055 2250 oratio
1076 2209 1108 2249 a
1139 2193 1242 2250 ﬁde
1264 2193 1580 2248 abhorreat.
1605 2193 1720 2265 Ego
1741 2201 1948 2258 autem,

360 2287 608 2342 divinam
639 2284 989 2357 Scripturam
1036 2302 1301 2357 sequens,
1340 2286 1489 2341 hunc
1532 2287 1710 2357 ipsius
1756 2283 1950 2340 Nabu-

363 2377 776 2434 chodonosoris
813 2378 1039 2434 invenio
1068 2393 1133 2434 ex
1169 2378 1284 2432 ﬁlia
1321 2387 1600 2450 nepotem.
1632 2376 1769 2432 Cum
1799 2376 1950 2432 enim

363 2471 724 2542 praecepisset
757 2471 900 2527 Deus
926 2467 1202 2535 Jeremiae,
1235 2479 1295 2524 ut
1320 2471 1428 2526 sibi
1453 2469 1680 2525 vincula
1711 2469 1950 2524 circum-

361 2562 541 2629 daret,
561 2577 739 2632 eaque
763 2562 1011 2619 mitteret
1031 2561 1282 2618 ﬁnitimis
1307 2562 1533 2633 regibus
1554 2562 1950 2626 ldumzeorum,

364 2665 420 2713 et
448 2655 846 2720 Moabitarum.
883 2665 938 2712 et
970 2656 1385 2721 Amanitarum,
1439 2655 1854 2728 Tyriorumque
1898 2661 1954 2710 et

366 2751 750 2818 Sidoniorum,
810 2751 934 2807 haac
985 2751 1124 2823 ipsis
1179 2760 1240 2807 ut
1296 2750 1542 2812 diceret,
1607 2749 1949 2820 imperavit:

371 2867 390 2900 ι
431 2847 526 2902 Sic
555 2847 697 2902 dixit
725 2845 999 2902 Dominus
1033 2844 1180 2902 Deus
1219 2844 1444 2899 lsraelis
1473 2863 1486 2900 :
1521 2843 1602 2898 lta
1633 2843 1832 2898 dicetis
1884 2841 1954 2896 ad

366 2941 622 2996 dominos
640 2921 888 2996 vestros:
913 2938 1028 3011 Ego
1045 2939 1149 2995 feci
1169 2947 1374 2994 terram
1398 2938 1451 2995 in
1477 2935 1807 2992 fortitudine
1834 2948 1956 2990 mea

367 3047 593 3101 magna,
620 3038 674 3087 et
703 3031 755 3085 in
779 3031 1012 3086 brachio
1030 3045 1154 3085 meo
1179 3029 1427 3090 excelso,
1458 3035 1513 3083 et
1540 3026 1686 3081 dabo
1709 3040 1831 3081 eam
1863 3023 1952 3078 cui

371 3125 586 3196 1175
632 3125 908 3195 placuerit
957 3124 1015 3178 in
1066 3123 1248 3177 oculis
1307 3121 1493 3177 meis:
1551 3117 1683 3174 dedi
1732 3131 1953 3172 omnem

2052 2115 2352 2187 Κυαξάρην
2371 2114 2462 2166 τὸν
2484 2112 2578 2168 τοῦ
2606 2115 2936 2180 Ἀστυάγους
2959 2113 3075 2166 υίὸν
3096 2111 3259 2166 αὐτὸν
3277 2107 3415 2163 εἶναι
3437 2108 3528 2161 τὸν
3551 2109 3646 2159 Δαο

2056 2212 2220 2280 ρεῖον,
2247 2209 2304 2262 ὃν
2331 2203 2486 2272 οὗτος
2515 2207 2618 2280 ἔφη
2646 2207 2744 2261 σὺν
2767 2205 2845 2278 τῷ
2866 2205 3035 2277 Κύρῳ
3054 2207 3156 2275 τὴν
3187 2203 3475 2276 στρατείαν
3501 2199 3646 2254 κατὰ

2051 2304 2150 2374 τῆς
2180 2301 2499 2366 Βαϐυλῶνος
2522 2299 2890 2372 ποιησάμενον
2916 2311 2936 2333 ο
2965 2297 3107 2352 ὥστε
3146 2296 3499 2351 παντάπασιν
3528 2293 3649 2346 ἀπί-

2054 2394 2216 2448 θανον
2237 2390 2379 2448 εἶναι
2402 2393 2493 2446 τὸν
2521 2393 2614 2446 τοῦ
2651 2393 2958 2463 Ἰωσήππου
2981 2391 3161 2458 λόγον.
3200 2387 3341 2457 Ἐγὼ
3361 2387 3416 2440 δὲ
3437 2389 3504 2458 τῇ
3527 2384 3648 2463 θεία

2054 2487 2376 2560 πειθόμενος
2407 2489 2620 2558 Γραφῇ,
2644 2485 2736 2540 τοῦ
2765 2472 3236 2555 Ναϐουχοδονόσορ
3257 2479 3496 2552 εὑρίσκω
3521 2477 3648 2531 τοῦ-

2053 2599 2144 2637 τον
2175 2580 2530 2653 θυγατριδοῦν
2551 2596 2564 2609 ·
2592 2577 2670 2649 τῷ
2698 2579 2806 2649 γάρ
2838 2575 3080 2649 Ἱερεμίᾳ
3101 2571 3651 2646 παρακελευσάμενος

2055 2672 2084 2724 6
2110 2671 2241 2734 Θεὸς
2270 2671 2447 2740 δεσμά
2482 2669 2660 2739 ἐαυτῷ
2691 2667 3019 2739 περιθεῖναι,
3045 2665 3333 2720 καὶταῦτα
3362 2662 3577 2734 πέμψαι
3602 2661 3645 2694 ⁸*

2053 2768 2167 2830 τοῖς
2191 2762 2592 2834 πλησιοχώροις
2626 2761 2924 2832 βασιλεῦσι,
2948 2760 3028 2832 τῷ
3052 2759 3162 2813 τῶν
3195 2757 3532 2826 Ἰδουμαίων,
3556 2754 3651 2807 καὶ

2055 2857 2388 2921 Μωαϐιτῶν,
2419 2858 2514 2912 καὶ
2545 2855 2874 2927 Ἀμανιτῶν,
2912 2855 3126 2926 Τυρίων
3151 2870 3213 2908 τε
3241 2853 3338 2906 καὶ
3359 2849 3648 2914 Σιδωνίων,

2055 2952 2228 3006 ταῦτα
2275 2953 2452 3005 εἰπεῖν
2497 2951 2684 3012 αὐτοῖς
2736 2947 3167 3022 παρεγγύησενο
3228 2965 3247 2999 ι
3293 2945 3479 3010 Οῦτως
3527 2941 3651 2998 εἷπε

2057 3043 2264 3115 Κύριος
2304 3044 2332 3096 6
2377 3041 2511 3104 Θεὸς
2571 3041 2789 3113 Ἰσραήλ
2816 3058 2828 3070 ·
2893 3039 3078 3103 Οὕτως
3120 3041 3296 3110 ἐρεῖτε
3344 3037 3482 3109 πρὸς
3524 3032 3652 3099 τοὺς

2059 3136 2281 3207 κυρίους
2328 3134 2482 3205 ὑμῶν
2509 3151 2522 3164 ⁸
2584 3133 2725 3202 Ἐγὼ
2779 3133 3011 3203 ἐποίησα
3039 3131 3084 3162 ⁵³
3128 3130 3229 3202 τὴν
3277 3129 3380 3201 γῆν
3427 3129 3485 3181 ἐν
3511 3128 3555 3159 ⁶⁹
3581 3127 3650 3197 τῇ

369 3225 578 3276 terram
607 3215 1149 3273 Nabuchodonosori
1181 3214 1297 3286 regi
1321 3211 1644 3284 Babylonis,
1666 3218 1727 3265 ut
1753 3207 1955 3264 serviat

2063 3228 2209 3298 ἰσχύϊ
2241 3243 2343 3296 μου
2374 3227 2439 3296 τῇ
2476 3223 2708 3296 μεγάλῃ,
2757 3222 2852 3277 καὶ
2880 3221 2957 3294 τῷ
2997 3220 3239 3293 βραχίονι
3277 3237 3378 3292 μου
3404 3218 3481 3288 τῷ
3514 3217 3654 3287 ὑψη-

366 3314 441 3378 ei,
479 3320 534 3368 et
560 3311 808 3368 servient
835 3309 942 3381 ipsi
970 3324 1166 3364 omnes
1196 3315 1424 3380 gentes,
1459 3315 1515 3362 et
1551 3304 1664 3360 ﬁlio
1712 3303 1859 3375 ejus,
1903 3310 1958 3358 et

367 3405 484 3460 ﬁlio
505 3403 603 3459 ﬁlii
623 3403 766 3475 ejus,
787 3403 968 3459 donec
997 3402 1186 3459 veniat
1217 3410 1437 3472 tempus
1457 3409 1620 3454 terrae
1638 3399 1910 3470 ipsorum.
1933 3414 1951 3446 ι

367 3500 510 3554 Cum
541 3498 732 3568 itaque
771 3495 1026 3552 Baltasar
1054 3509 1086 3550 a
1139 3493 1368 3550 Daniele
1406 3494 1556 3549 ﬁlius
1615 3490 1958 3563 appellatur,

369 3589 746 3663 inquirendus
779 3595 868 3645 est
895 3601 1092 3658 nepos.
1126 3586 1285 3653 Quod
1320 3585 1368 3641 si
1402 3585 1533 3653 quis
1587 3582 1956 3646 contradicat,

372 3685 603 3740 Darium
659 3697 929 3739 asserens
991 3679 1212 3736 Medum
1273 3678 1566 3751 appellari,
1626 3676 1807 3732 discat
1871 3675 1964 3731 ille

372 3784 585 3834 nostra:
646 3774 938 3831 sententiae
995 3772 1052 3828 id
1104 3771 1245 3827 nihil
1277 3772 1498 3827 obesse.
1532 3768 1748 3825 Etenim
1783 3769 1963 3841 Cyrus

372 3885 439 3926 ex
478 3867 589 3924 ﬁlia
619 3880 796 3938 nepos
832 3864 1116 3938 Astyagis,
1154 3863 1251 3934 qui
1283 3861 1478 3918 Medus
1513 3861 1641 3929 fuit,
1674 3869 1730 3917 et
1769 3860 1960 3917 Medo-

372 3976 498 4018 rum
565 3974 736 4032 regno
789 3959 1008 4030 potitus
1063 3965 1170 4025 est,
1218 3955 1392 4013 Persa
1446 3963 1822 4027 nuncupatur.
1881 3953 1957 4008 Ex

373 4054 553 4125 patria
623 4051 772 4108 enim
861 4049 1200 4122 cognatione
1285 4062 1631 4104 consuevere
1705 4046 1960 4102 homines

374 4145 600 4218 gentilia
660 4143 948 4213 imponere
1017 4147 1421 4212 cognomenta.
1489 4137 1809 4194 Verisimile
1880 4146 1964 4192 est

373 4241 584 4309 itaque,
615 4246 672 4292 et
696 4235 922 4290 Darium
947 4251 977 4289 a
1007 4233 1165 4290 Medo
1193 4242 1352 4304 patre
1382 4247 1530 4300 esse,
1559 4241 1614 4288 et
1642 4247 1672 4286 a
1704 4230 1966 4287 Chaldrea

375 4343 574 4396 matre,
605 4337 842 4401 paterno
896 4336 1078 4383 autem
1107 4326 1441 4397 cognomine
1486 4325 1696 4381 vocari.
1725 4324 1885 4392 Quod
1917 4323 1966 4379 si

377 4425 495 4481 luec
523 4439 634 4480 non
653 4423 726 4478 ita
746 4439 806 4479 se
821 4422 1082 4486 habeant,
1099 4420 1421 4488 ostendant,
1443 4420 1539 4490 qui
1566 4420 1757 4484 velint,
1781 4417 1968 4471 Nabu-

376 4517 788 4575 chodonosoris
816 4523 1075 4586 nepotem
1127 4514 1338 4568 avitum
1370 4528 1606 4583 regnum
1640 4509 1969 4566 haereditate

2061 3319 2174 3390 λῷ,
2229 3320 2323 3371 καὶ
2375 3315 2532 3371 δώσω
2593 3315 2798 3388 αὐτὴν,
2855 3308 2901 3383 ᾧ
2955 3313 3021 3369 ἂν
3067 3312 3196 3386 δόξῃ
3241 3313 3299 3366 ἐν
3353 3308 3654 3379 ὀφθαλμοῖς

2067 3429 2168 3484 μου
2192 3428 2205 3442 ·
2256 3411 2432 3464 ἔδωκα
2480 3411 2660 3463 πᾶσαν
2707 3406 2805 3479 τὴν
2849 3409 2953 3476 γῆν
2998 3406 3077 3477 τῷ
3123 3403 3330 3475 βασιλεῖ
3371 3400 3653 3470 Ναϐουχο-

2061 3504 2281 3573 δονόσορ
2350 3501 2690 3565 Βαϐυλῶνος,
2745 3498 3016 3555 δουλεύειν
3071 3496 3242 3568 αὐτῷ,
3300 3496 3394 3550 καὶ
3438 3490 3655 3548 δουλεύ-

2065 3614 2249 3650 σουσιν
2279 3596 2427 3667 αὐτῷ
2460 3596 2638 3650 πάντα
2676 3594 2746 3648 τὰ
2779 3593 2928 3664 ἔθνη,
2981 3592 3072 3647 καὶ
3101 3589 3178 3662 τῷ
3210 3587 3310 3660 υίῷ
3336 3587 3522 3650 αὑτοῦ,
3558 3582 3655 3638 καὶ

2065 3692 2141 3760 τῷ
2191 3691 2293 3761 υἱῷ
2326 3689 2422 3743 τοῦ
2449 3688 2566 3742 υἱοῦ
2605 3686 2794 3754 αὐτοῦ,
2834 3687 2940 3749 ἕως
2989 3685 3056 3740 ἂν
3099 3683 3228 3756 ἔλθῃ
3259 3685 3288 3736 6
3338 3679 3530 3752 καιρὸς
3556 3679 3656 3748 τῆς

2065 3781 2170 3852 γῆς
2218 3782 2414 3836 αὐτῶν.
2483 3799 2500 3833 ι
2576 3779 2684 3834 Τοῦ
2748 3779 2925 3832 τοίνυν
2977 3775 3266 3846 Βαλτάσαρ
3317 3771 3434 3826 υἱοῦ
3487 3785 3658 3841 προσ-

2069 3873 2458 3945 αγορευθέντος
2476 3872 2579 3925 ὑπὸ
2596 3870 2688 3925 τοῦ
2709 3869 2928 3937 Δανιὴλ,
2949 3867 3212 3940 ζητητέον
3231 3865 3323 3920 τὸν
3348 3863 3568 3932 ἔκγονον
3585 3861 3656 3916 ⁷⁸.

2070 3970 2131 4022 El
2167 3967 2221 4021 δέ
2255 3983 2337 4030 τις
2380 3963 2675 4033 ἀντιλέγει,
2709 3963 2894 4033 Μῆδον
2919 3961 3011 4015 τὸν
3036 3961 3261 4030 Δαρεῖον
3293 3953 3660 4028 ὀνομάζεσθαι

2067 4062 2263 4130 λέγων,
2298 4058 2537 4130 μαθέτω,
2559 4057 2635 4121 ὡς
2663 4057 2817 4110 οὐδὲν
2849 4052 3006 4108 τοῦτο
3034 4051 3111 4123 τῷ
3136 4051 3281 4120 λόγῳ
3312 4046 3659 4118 λυμαίνεται.

2069 4155 2180 4209 Καὶ
2211 4153 2320 4224 γάρ
2354 4153 2382 4206 6
2425 4151 2610 4223 Κῦρος
2656 4148 3012 4220 θυγατριδοῦς
3054 4147 3129 4200 ὢν
3169 4143 3264 4198 τοῦ
3303 4141 3659 4210 Ἀστυάγους,

2068 4249 2128 4313 ὃς
2158 4246 2342 4320 Μῆδος
2370 4241 2460 4318 ἦν,
2492 4245 2586 4300 καὶ
2610 4243 2812 4315 Μήδων
2847 4238 3183 4304 ἐϐασίλευσε,
3221 4235 3438 4308 Πέρσης
3464 4229 3664 4302 ὀνομά-

2070 4341 2224 4406 ζεται
2250 4358 2264 4372 ο
2314 4341 2380 4392 ἐκ
2419 4337 2529 4407 γάρ
2563 4336 2663 4406 τῆς
2693 4333 2954 4407 πατρῴας
2987 4327 3307 4400 συγγενείας
3335 4323 3580 4397 φιλοῦσιν
3611 4323 3662 4376 oi.

2071 4433 2350 4502 ἄνθρωποι
2393 4430 2488 4494 τὰς
2541 4427 2762 4491 ἐθνικὰς
2804 4425 3013 4480 τιθέναι
3059 4419 3455 4494 προσηγορίας.
3501 4415 3664 4478 Εἰκὸς

2071 4525 2255 4578 τοίνυν
2301 4523 2397 4576 καὶ
2451 4522 2543 4576 τὸν
2594 4521 2821 4593 Δαρεῖον
2870 4513 3010 4572 εἶναι
3065 4515 3163 4586 μὲν
3200 4513 3388 4583 Μήδου
3435 4507 3662 4580 πατρὸς,

377 4609 716 4672 obtinuisse,
751 4616 807 4664 et
837 4609 997 4676 plane
1055 4621 1165 4662 non
1219 4605 1681 4676 repugnabimus.
1720 4601 1955 4659 Verissi-

2075 4615 2348 4680 Χαλδαίας
2374 4614 2430 4668 δὲ
2465 4612 2692 4685 μητρὸς,
2737 4609 3018 4665 καλεῖσθαι
3060 4608 3118 4662 δὲ
3145 4605 3304 4660 τοῦτο
3327 4605 3371 4635 ⁷³
3419 4603 3557 4672 ὅπερ
3595 4593 3664 4670 ἦν

377 4719 524 4760 mam
585 4702 734 4758 enim
786 4716 910 4757 esse
971 4700 1157 4772 magni
1211 4698 1465 4756 Jeremiae
1519 4696 1966 4767 praedictionem,

378 4797 701 4867 quicunque
770 4800 928 4848 recte
973 4791 1185 4856 sentit,
1255 4787 1636 4846 confitebitur.
1696 4785 1856 4856 Quod
1922 4786 1971 4841 si

381 4887 549 4943 alicui
609 4885 784 4954 magis
811 4884 1102 4956 probetur,
1156 4898 1268 4938 non
1306 4897 1430 4938 esse
1456 4895 1523 4935 ex
1558 4879 1670 4933 ﬁlia
1715 4885 1969 4949 nepotem

379 4977 953 5033 Nabuchodonosoris
981 4974 1233 5037 Darium,
1276 4973 1373 5028 sed
1403 4988 1468 5027 ex
1494 4970 1639 5034 ﬁlio,
1677 4977 1969 5042 propterea

382 5071 529 5141 quod
567 5070 836 5141 propheta
881 5068 1088 5123 dixerit
1138 5087 1152 5122 :
1211 5087 1230 5119 ‹
1274 5067 1530 5122 Servient
1588 5065 1715 5134 ipsi,
1752 5071 1807 5119 et
1859 5061 1972 5117 ﬁlio

383 5165 525 5233 ejus,
554 5173 604 5218 et
641 5164 755 5217 ﬁlio
792 5161 888 5215 tilii
929 5161 1104 5226 illius,
1153 5179 1171 5212 ι
1201 5161 1383 5216 discat
1412 5159 1617 5213 divinae
1662 5156 1971 5226 Scriptura:

385 5256 617 5318 idioma,
683 5272 806 5324 qua:
856 5268 983 5308 cum
1061 5253 1420 5307 consueverit
1482 5250 1865 5323 genealogiam
1940 5265 1970 5304 a

387 5349 638 5404 maribus
694 5347 941 5414 tradere,
1020 5346 1376 5418 volueritque
1445 5353 1701 5417 nepotem
1759 5342 1970 5412 dicere,

463 5487 492 5528 ι)
524 5484 663 5540 Dan.
696 5499 750 5552 v,
782 5482 836 5538 8.

2073 4709 2101 4761 6
2135 4708 2341 4777 πατήρ.
2373 4705 2436 4759 Et
2469 4707 2513 4758 6’
2543 4706 2640 4774 οὺχ
2672 4703 2843 4768 οὕτως
2871 4701 3026 4757 ταῦτ’
3061 4701 3196 4771 ἔχει,
3242 4697 3573 4762 δειξάτωσαν
3614 4694 3665 4746 οι

2077 4799 2392 4872 βουλόμενοι
2415 4797 2508 4851 τοῦ
2533 4796 3007 4869 Ναϐουχοδονόσορ
3030 4793 3122 4848 τὸν
3147 4791 3367 4860 ἔκγονον
3393 4789 3492 4856 τῆς
3521 4802 3670 4840 παπ-

2076 4891 2232 4962 πῲας
2285 4889 2562 4960 βασιλείας
2610 4889 3138 4960 κληρονομήσαντα,
3193 4884 3287 4938 καὶ
3339 4881 3492 4936 οὐδὲν
3538 4877 3668 4948 περ)⁸

2077 4983 2266 5038 τούτου
2321 4982 2803 5054 ζυγομαχήσομεν.
2853 4980 2976 5034 ’Ότι
3009 4979 3118 5052 γὰρ
3155 4973 3472 5045 παναληθής
3494 4971 3541 5003 τ’
3569 4964 3667 5022 τοῦ

2080 5077 2322 5151 μεγάλου
2371 5075 2635 5147 Ἱερεμίου
2663 5076 2697 5146 ὴ
2733 5074 3057 5146 πρόρρησις,
3103 5071 3212 5134 πᾶς
3241 5087 3326 5132 τις
3355 5061 3412 5120 εὖ
3452 5061 3668 5135 φρονῶν

2078 5169 2487 5242 ὁμολογήσειεν.
2541 5169 2604 5224 Εἰ
2633 5166 2688 5220 δέ
2718 5184 2824 5220 τινι
2855 5165 3178 5236 προΐσταται
3211 5161 3286 5232 μὴ
3317 5154 3454 5212 εἷναι
3498 5155 3668 5222 θυγα-

2079 5260 2294 5334 τριδοῦν
2318 5261 2413 5316 τοῦ
2437 5259 2909 5331 Ναϐουχοδονόσορ
2932 5257 3023 5311 τὸν
3046 5257 3296 5327 Δαρεῖον,
3325 5251 3441 5306 ἀλλ’
3467 5245 3667 5310 ὑϊδοῦν,

2079 5352 2166 5408 διὰ
2187 5352 2249 5406 τὸ
2271 5353 2363 5407 τὸν
2384 5351 2670 5424 προφήτην
2690 5347 2969 5422 εἰρηκέναι
2993 5365 3006 5377 ·
3045 5366 3062 5400 ι
3085 5341 3475 5403 Δουλεύσουσιν
3496 5336 3666 5406 αὐτῷ,

1685 5570 1921 5630 VARUE
1943 5575 2348 5638 LECTIONES.

490 5698 535 5729 ⁸³
564 5694 680 5748 τοῦ.
713 5693 753 5746 Β
789 5705 978 5762 praem.
1018 5690 1140 5762 τήν.
1190 5687 1282 5762 lta
1319 5702 1541 5762 quoque
1593 5695 1719 5758 post
1776 5703 1975 5762 pauca.
2063 5695 2110 5727 εδ
2139 5691 2238 5748 εῖν.
2301 5695 2425 5751 Des.
2460 5695 2514 5748 in
2547 5693 2608 5750 Β.
2701 5695 2835 5748 "tv
2863 5691 2941 5762 τῷ
2969 5692 3134 5755 τέλει,
3167 5709 3226 5748 κ.
3257 5708 3308 5744 τ.
3363 5690 3414 5743 λ.
3447 5687 3535 5762 ΕιιΔ
3559 5679 3663 5736 ini-

393 5777 474 5820 tio
515 5736 762 5836 historiae
790 5736 948 5817 'Belis
979 5736 1648 5836 etdracouis1des'urnpta
1684 5736 1827 5836 sunt
1875 5736 1990 5836 illa,
2031 5736 2425 5836 Καίῖβαξίλῖ.
2457 5736 2608 5819 hit-cr:
2637 5783 2693 5819 κ.

396 5837 652 5907 habebat,
679 5834 824 5907 pay.
849 5849 969 5888 xm.
1029 5835 1074 5864 “
1096 5835 1211 5907 ιστὲ
1247 5830 1286 5883 Β
1309 5844 1499 5907 praem.
1683 5830 1738 5907 ’ᾗ
1758 5829 2072 5907 ΒΔπέμψας.

403 5907 554 5976 prior
602 5904 732 5958 hab.
764 5901 1009 5970 ἔγγονον.
1095 5903 1138 5934 ⁷¹
1173 5902 1215 5957 Β
1245 5900 1455 5954 τοῦτον.
1540 5899 1584 5930 τ’
1617 5897 1656 5952 Β
1687 5897 1916 5973 ἀληθήςζ

2165 5821 2399 5894 68211.0
2431 5838 2580 5894 addit
2611 5837 2769 5910 φησί.
2859 5836 2903 5868 ε’
2934 5821 3173 5891 ιν.’[›οε.
3208 5833 3264 5889 ἱιι
3300 5833 3362 5888 B.
3449 5821 3497 5862 η
3521 5821 3665 5878 Edit-
