4092 6460
471 391 606 459 1397

1715 395 1796 459 IN
1837 378 2198 464 DANIELIS
2230 403 2404 464 εΑΡ..
2439 407 2531 464 r1;

3577 402 3714 468 1393

467 517 563 565 καὶ
592 509 670 581 τῷ
703 510 804 581 υἱῷ
834 511 1019 573 αὐτοῦ,
1073 510 1168 566 καὶ
1213 509 1290 582 τῷ
1333 510 1434 582 υἱῷ
1467 510 1561 565 τοῦ
1608 512 1722 566 υἱοῦ
1769 514 1969 571 αὑτοῦ·
2011 533 2020 566 I

2142 515 2316 572 ﬁlium
2347 518 2444 573 lilii
2482 518 2808 588 appellavit.
2845 514 3048 574 Verum
3084 519 3180 575 lilii
3219 532 3326 573 non
3358 531 3480 573 esse
3502 517 3668 571 tilium
3696 556 3711 581 ,

469 605 684 675 μαθέτω
711 607 810 676 τῆς
849 605 996 668 θείας
1033 607 1254 676 Γραφῆς
1299 604 1360 658 τὸ
1407 605 1598 677 ίδίωμα
1622 623 1635 636 ·
1686 605 1745 673 ἐξ
1794 608 2035 678 ἀρρένων

466 698 576 766 γὰρ
626 697 967 765 γενεαλογεῖν
1008 697 1262 760 εἰωθυῖα,
1314 697 1408 750 καὶ
1452 698 1546 751 τὸν
1595 698 1815 768 ἔκγονον
1863 701 2038 753 εἰπεῖν

463 787 786 857 ἐθελήσασα,
836 787 951 840 υἱὸν
982 787 1073 839 τοῦ
1103 785 1220 840 υίοῦ
1267 789 1728 858 προσηγόρευσεν.
1779 790 1918 842 Ἀλλ’
1953 791 2035 844 ὅτι

464 877 563 946 μὲν
599 876 693 928 τοῦ
740 876 857 929 υἱοῦ
910 879 1010 930 οὐκ
1047 877 1192 937 ἐστιν
1246 879 1397 945 υίὸς,
1450 881 1477 932 6
1530 880 1797 950 μακάριος
1840 881 2036 951 Δανιὴλ

465 967 753 1035 μαρτυρεῖ,
786 965 958 1034 λέγων
984 982 996 994 °
1039 985 1058 1016 ι
1088 968 1310 1038 Δαρεῖος
1339 969 1366 1020 6
1409 968 1588 1038 Μῆδος
1630 969 1906 1040 παρέλαϐε
1936 972 2036 1040 τὴν

461 1055 764 1125 βασιλείαν.
818 1075 837 1108 ι
885 1056 1006 1117 Ὅτι
1050 1056 1111 1120 δὲ⁴
1151 1057 1342 1128 μέχρις
1389 1060 1626 1127 ἐκγόνων
1674 1061 2034 1130 παραπέμψει

456 1145 555 1217 τὴν
605 1145 879 1216 βασιλείαν
923 1149 950 1199 6
993 1146 1536 1219 Ναϐουχοδονόσορ,ὀ
1582 1149 1720 1213 θεῖος
1775 1153 2034 1222 προεῖπεν

469 1239 758 1310 Ἱερεμίας.
821 1239 910 1303 Ἐξ
960 1239 1220 1314 ἑκατέρας
1265 1240 1444 1293 τοίνυν
1478 1241 1808 1310 προφητείας
1857 1242 2034 1311 εὑρεῖν

456 1331 742 1384 δυνατὺντδ
771 1331 832 1382 τὸ
864 1330 1058 1400 ἀληθές
1092 1347 1106 1362 ·
1155 1333 1220 1385 ἐκ
1252 1332 1350 1402 μὲν
1377 1333 1476 1400 τῆς
1510 1332 1794 1402 Ἱερεμίου,
1827 1334 1908 1386 ὅτι
1941 1333 2034 1386 καὶ

456 1424 486 1474 ὁ
510 1421 726 1491 ἔκγονος
757 1421 849 1480 τοῦ
885 1423 1346 1494 Ναϐουχοδονόσορ
1379 1423 1475 1492 τῆς
1509 1424 1780 1494 βασιλείας
1818 1423 2034 1491 ἀνθέξε-

455 1531 546 1566 ται
569 1529 582 1541 °
615 1517 680 1567 ἐκ
705 1514 759 1568 δὲ
785 1515 886 1583 τῆς,
909 1514 1002 1568 τοῦ
1032 1513 1367 1585 μακαρίου⁷⁵
1389 1515 1620 1584 Δανιὴλ,
1638 1515 1723 1568 ὃτι
1748 1515 2034 1586 Βαλτάσαρ

452 1604 550 1658 τοῦ
576 1605 691 1658 υἱοῦ
725 1605 818 1659 τοῦ
846 1605 1336 1677 Ναϐουχοδονόσορ,
1358 1608 1422 1676 τῇ
1446 1605 1564 1678 θείᾳ
1590 1606 1756 1677 ψήφῳ
1784 1607 2035 1678 τελευτή-

456 1712 664 1762 σαντος,
715 1699 939 1769 Δαρεῖος
972 1697 1208 1765 όΜῆδος
1260 1695 1532 1767 παρέλαϐε
1579 1698 1677 1767 τὴν
1729 1696 2029 1766 βασιλείαν.

467 1787 748 1842 Ἐντεῦθεν
782 1787 1162 1859 σκοπούμενοι,
1196 1788 1290 1842 καὶ
1329 1788 1389 1840 τὸ
1422 1787 1650 1856 ἀψευδὲς
1678 1787 1786 1840 τῶν
1814 1806 2029 1860 προφη-

2141 608 2301 663 tcstis
2323 619 2408 664 est
2437 610 2632 665 beatus
2653 610 2864 676 Daniel,
2891 612 2984 680 qui
3031 613 3104 665 ita
3140 611 3422 682 loquitur:
3463 630 3481 662 ι
3518 609 3714 665 Darius

2141 698 2331 754 Medus
2351 701 2564 770 accepit
2591 717 2844 772 regnum.
2872 721 2888 753 ι
2928 703 3118 772 Usque
3150 703 3214 756 ad
3257 713 3484 772 nepotes
3528 709 3709 755 autem

2140 787 2743 848 Nabuchodonosorem
2784 772 3255 846 'transmissurum
3286 806 3414 845 esse
3457 806 3709 859 regnum,

2137 878 2363 934 divinus
2408 879 2678 935 Jeremias
2733 883 2987 950 praedixit
3021 893 3066 935 ο.
3110 883 3325 951 1176
3349 880 3427 934 Ex
3480 889 3711 951 utraque

2139 969 2310 1039 igitur
2341 971 2628 1041 prophetia
2686 973 2770 1025 rei
2807 975 3013 1026 veritas
3045 974 3254 1043 percipi
3285 981 3464 1042 potest
3497 991 3512 1026 :
3545 989 3613 1026 ex
3645 988 3710 1026 ea

2134 1059 2388 1116 Jeremim
2444 1071 2698 1132 nepotem
2751 1064 2930 1132 ipsius
2972 1063 3587 1118 Nabuchodonosoris‘
3623 1078 3710 1117 rev

2135 1169 2302 1224 gnum
2337 1154 2691 1209 obtenturum
2722 1171 2870 1218 esse,
2892 1172 2957 1208 ex
2987 1157 3087 1210 hac
3109 1171 3241 1210 vero
3271 1156 3414 1210 beati
3436 1153 3704 1212 DanieliS.

2137 1244 2417 1299 Baltasare
2448 1245 2560 1300 lilio
2591 1244 3170 1301 Nabuchodonosoris
3202 1247 3390 1301 divina
3435 1245 3708 1300 sententia

2136 1344 2376 1398 mortuo,
2411 1334 2636 1388 Darium
2673 1335 2889 1390 Medum
2950 1351 3178 1407 regnum
3236 1338 3540 1404 excepisse.
3580 1332 3708 1386 "me

2133 1426 2576 1489 considerantes,
2625 1434 2679 1480 et
2737 1428 3037 1498 prophetas
3068 1427 3295 1481 minime
3326 1426 3544 1480 mentiri
3604 1440 3707 1494 pro

2133 1525 2415 1587 camperto
2473 1518 2781 1582 habentes,
2870 1519 3194 1588 reperimus}
3258 1519 3407 1571 hunc
3476 1523 3706 1586 paterno

2133 1623 2334 1677 genere
2363 1607 2603 1672 Medum,
2636 1621 2892 1666 materno
2925 1610 3248 1664 Chaldaium
3281 1624 3424 1673 esse,
3451 1620 3504 1663 et
3531 1609 3705 1677 ipsius

2131 1698 2722 1756 Nabuchodonosor-is.
2756 1709 3034 1770 nepotem.
3097 1700 3222 1754 Haec
3279 1701 3448 1770 igitur
3499 1714 3600 1752 nos
3636 1713 3706 1752 ex

2136 1797 2368 1858 utraque
2410 1791 2699 1860 prophetia
2727 1792 3061 1861 investigata
3103 1791 3451 1845 reiveritate
3488 1789 3703 1843 inveni-

453 1880 562 1932 τῶν
591 1879 962 1948 ἐπιστάμενοι,
993 1879 1317 1949 εὑρίσκομεν
1344 1876 1533 1930 τοῦτον
1562 1877 1745 1946 Μῆδον
1773 1878 1868 1947 μὲν
1903 1877 2020 1930 ὄντα

2135 1894 2260 1933 mus
2294 1897 2307 1932 :
2337 1895 2444 1949 qua
2483 1881 2552 1936 de
2575 1897 2634 1937 re
2663 1883 2900 1952 quilibet
2962 1897 3064 1953 pro
3095 1881 3272 1936 lubitu
3301 1881 3523 1936 sentiat.
3552 1879 3706 1934 Nihil

456 1971 741 2043 πατρόθεν,
791 1971 1056 2026 Χαλδαῖον
1097 1971 1154 2024 δέ
1195 1970 1323 2024 ὄντα
1351 1971 1396 2002 ⁷⁸
1447 1969 1744 2055 μητρόθεν,
1790 1969 1881 2021 καὶ
1933 1967 2026 2023 τοῦ

450 2065 919 2136 Ναϐουχοδονόσορ
943 2064 1183 2133 ἔκγονον.
1209 2063 1394 2117 Ταῦτα
1417 2062 1514 2132 μὲν
1536 2057 1630 2114 οὖν
1659 2063 1816 2129 ἡμεῖς
1844 2060 2028 2116 ἐκατέ-

2134 1975 2278 2029 enim
2305 1991 2369 2030 ex
2400 1975 2759 2045 ambiguitate
2809 1978 3026 2046 generis
3085 1977 3220 2030 oriri
3283 1983 3464 2046 potest
3517 1975 3690 2030 detri—

2136 2067 2325 2121 menti.
2349 2069 2458 2138 A‘ge
2489 2069 2676 2138 itaque
2703 2071 2914 2137 reliqua
2947 2070 3226 2139 sigillatim
3252 2070 3697 2138 interpretemur.

452 2176 554 2229 ρας
593 2159 928 2231 προφητείας
973 2159 1032 2212 τδ
1072 2157 1270 2228 ἀληθὲς
1304 2155 1636 2226 ζητήσαντες
1664 2153 1970 2224 ηὗρομενἽει
1999 2171 2012 2184 ·
2050 2155 2126 2220 ὠς
2159 2158 2216 2210 δὲ
2271 2158 2422 2226 φίλον
2460 2142 2676 2230 ἑκάστῳ
2707 2160 2834 2230 περὶ
2881 2159 3071 2213 τούτου
3122 2159 3388 2231 φρονείτω
3413 2176 3424 2192 '
3470 2159 3698 2228 οὐδεμία

449 2251 558 2322 γὰρ
592 2253 655 2304 ἐκ
695 2249 794 2320 τῆς
843 2249 974 2321 περὶ
1015 2249 1076 2302 τὸ
1099 2248 1257 2317 γένος
1282 2247 1607 2319 ἀμφιϐολίας
1659 2247 1947 2318 γενήσεται
1976 2247 2168 2322 βλάϐη.
2200 2251 2335 2322 Φέρε
2366 2252 2566 2317 τοίνυν,
2595 2254 2691 2323 τῆς
2720 2253 2861 2307 κατὰ
2889 2254 3054 2324 μέρος
3084 2253 3377 2324 ἑρμηνείας
3404 2252 3692 2324 ἁψώμεθα.

992 2362 1392 2420 ΚΕΦΔΔΑΙΟΝ
1432 2365 1526 2430 q'.

564 2455 1088 2526 actisdoaqqmotv,
1117 2458 1146 2510 6
1169 2455 1385 2526 Δαρεῖος
1417 2455 1508 2524 (α’,
1538 2453 1628 2524 β’.)
1655 2453 2016 2522 (Ἔστησεν7⁷

447 2547 544 2601 ἐπὶ
568 2549 664 2618 τῆς
697 2547 968 2619 βασιλείας
992 2546 1156 2602 αὑτοῦ
1186 2547 1466 2618 σατράπας
1487 2546 1681 2600 ἑκατὸν
1701 2545 1895 2608 εἴκοσι,
1925 2545 2017 2599 τοῦ

444 2633 584 2691 εἶναι
620 2639 816 2702 αὐτοὺς
851 2641 908 2692 ἐν
956 2638 1053 2712 ὅλῃ
1092 2641 1158 2710 τῇ
1200 2638 1446 2709 βασιλεία
1479 2636 1661 2693 αὑτοῦ.
1696 2637 1805 2690 Καὶ
1835 2638 2020 2691 ἐπάνω

443 2729 624 2783 αὐτῶν
648 2731 694 2761 ⁷⁸
722 2731 1011 2794 τακτικοὺς
1042 2733 1212 2802 τρεῖς,
1246 2732 1340 2785 καὶ
1355 2731 1398 2764 ⁷³
1418 2727 1484 2802 ἦν
1512 2731 1708 2802 Δανιὴλ
1737 2727 1816 2794 εἷς
1835 2732 1893 2795 ἐξ
1918 2733 2017 2784 αὑ·

443 2821 571 2886 τῶν,
620 2820 712 2873 τοῦ
750 2822 1056 2876 ἀποδιδόναι
1106 2823 1289 2886 αὐτοῖς
1321 2824 1446 2886 τοὺς
1495 2823 1785 2894 σατράπας
1831 2824 2012 2890 λόγον,

443 2913 592 2974 ὅπως
619 2913 646 2963 6
682 2910 930 2981 βασιλεὺς
959 2913 1032 2983 μὴ
1060 2914 1361 2984 ἐνοχλῆται.
1389 2932 1408 2965 ι
1462 2912 1700 2982 Ἀληθῶς
1727 2912 1878 2965 οὐδὲν
1908 2914 2015 2981 ἁμ-

444 3000 660 3054 ϐλύνειν
715 3000 935 3056 δύναται
995 3003 1097 3071 τὴν
1149 3001 1451 3065 εὐσέϐειαν,
1486 3001 1622 3055 ἀλλὰ
1669 3001 1765 3064 τὰς
1811 3001 2016 3064 οἰκείας

443 3089 720 3162 πανταχοῦ
737 3092 782 3123 ⁸⁰
811 3094 1035 3155 ἀκτῖνας
1085 3092 1298 3162 ἀφίησι,
1333 3093 1434 3146 κᾶν
1469 3094 1524 3145 ἐν
1553 3092 1723 3163 δούλῳ
1768 3093 2013 3163 γένηται,

2715 2362 2951 2418 CAPUT
3013 2362 3102 2418 Vl.

2191 2453 2380 2525 Reguo
2411 2456 2646 2526 potitus,
2674 2455 2875 2524 inquit,
2903 2454 3102 2510 Darius
3127 2453 3317 2527 [νειιε.
3346 2456 3396 2520 1,
3418 2454 3498 2527 2.]
3523 2455 3694 2512 «Con-

2120 2545 2304 2599 stituit
2355 2561 2521 2616 super
2573 2561 2808 2616 regnum
2871 2560 3034 2599 suum
3090 2555 3343 2616 satrapas
3380 2555 3600 2600 centum
3637 2554 3693 2601 et

2121 2635 2339 2704 ﬁginti,
2371 2642 2431 2688 ut
2458 2645 2646 2691 essent
2681 2637 2785 2706 ipsi
2825 2636 2880 2690 in
2911 2643 3032 2691 toto
3061 2651 3234 2706 regno
3259 2636 3399 2706 ejus.
3429 2635 3493 2689 Et
3527 2652 3695 2706 super

2123 2740 2220 2780 eos
2253 2725 2603 2781 ordinatores
2632 2735 2768 2793 tres,
2805 2737 2857 2782 et
2889 2737 3011 2782 erat
3057 2726 3246 2783 Daniel
3276 2743 3421 2782 unus
3469 2743 3534 2783 ex
3585 2729 3689 2790 eis,

2125 2824 2187 2869 ut
2216 2816 2516 2871 redderent
2553 2818 2665 2872 illis
2697 2826 2934 2886 satrapa:
2959 2821 3253 2884 rationem,
3285 2826 3346 2873 ut
3375 2820 3526 2874 nulla
3573 2833 3696 2873 mo.

2123 2905 2281 2961 lestia
2313 2923 2409 2961 rex
2441 2908 2776 2962 aﬂiccretur.
2815 2927 2832 2960 ι
2867 2907 3009 2962 Nihil
3040 2924 3233 2964 revera
3267 2916 3447 2979 potest
3496 2910 3700 2964 obseu...

2122 3012 2248 3052 rare
2279 2999 2562 3067 pietatem,
2595 3015 2718 3068 quae
2746 3001 3061 3065 ubicunque
3086 3000 3179 3064 sit,
3207 3000 3464 3070 proprius
3494 3001 3698 3062 emittis,

2125 3091 2331 3155 radios,
2364 3091 2481 3145 sive
2514 3091 2608 3145 illa
2651 3091 2706 3144 in
2735 3106 2921 3155 servo,
2955 3090 3082 3146 sive
3105 3090 3158 3144 in
3190 3091 3412 3160 captivo
3449 3092 3688 3160 reperia-

442 3183 547 3236 κᾶν
561 3183 618 3236 ἐν
645 3179 992 3254 αίχμαλώτῴ,
1025 3183 1120 3236 καὶ¹
1135 3184 1179 3216 ⁸⁸
1197 3183 1348 3237 οὐδὲν
1377 3183 1579 3254 ταύτης
1608 3186 1896 3239 συσκιάσαι
1921 3186 2018 3255 τὴν

2125 3189 2254 3236 tur:
2296 3197 2477 3251 neque
2503 3182 2810 3252 quidquam
2857 3191 2966 3248 est,
3015 3181 3162 3250 quod
3196 3183 3371 3252 ipsius
3413 3182 3690 3252 splendori

443 3273 638 3346 αἴγλην
691 3275 882 3346 ίσχύει,
915 3275 1052 3328 ἀλλὰ
1081 3275 1180 3347 τὴν
1209 3275 1417 3329 οἰκείαν
1445 3277 1671 3346 ἀφίησιν
1699 3279 2014 3349 ἀστραπήν.

443 3367 554 3420 Καὶ
581 3365 743 3420 τοῦτο
767 3367 1095 3438 πολλαχόθεν
1128 3367 1228 3436 μὲν
1254 3368 1347 3420 καὶ⁴
1367 3367 1660 3436 ἀλλαχόθεν
1688 3369 1836 3422 ἔστιν
1869 3370 2015 3435 ἰδεῖν,

445 3457 679 3528 μάλιστα
699 3458 756 3511 δὲ
777 3459 842 3512 ἐκ
863 3458 971 3512 τῶν
1001 3458 1143 3512 κατὰ
1167 3457 1258 3511 τὸν
1287 3459 1555 3529 μακάριον
1578 3461 1793 3530 Δανιὴλ,
1813 3460 1870 3523 ὃς
1899 3460 2018 3514 δοῦ·

443 3548 533 3612 λος
562 3550 656 3604 καὶ
699 3551 1044 3624 δορυάλωτος
1068 3550 1333 3620 γεγονὼς,
1365 3552 1460 3606 καὶ
1516 3551 1675 3624 ξένην
1706 3554 1892 3618 οἰκῶν,
1927 3555 2020 3606 καὶ

444 3642 647 3712 pmch
676 3643 965 3715 βαρϐάρων
999 3645 1383 3715 στρεφόμενος,
1413 3644 1676 3716 διέλαμψε
1701 3663 1714 3676 ·
1745 3646 1836 3698 ἐπὶ
1848 3646 1893 3678 ⁸⁸
1920 3646 2019 3715 μὲν

442 3733 551 3804 γὰρ
604 3733 698 3788 τοῦ
747 3735 1222 3806 Ναϐουχοδονόσορ
1275 3736 1655 3807 προσεκυνήοη
1707 3737 1811 3790 ὑπὸ
1830 3737 1875 3769 ⁸³
1920 3736 2016 3791 τοῦ

441 3825 824 3897 φοϐερωτάτου
856 3826 1136 3896 βασιλέως.
1195 3829 1465 3899 Διέπρεψε
1492 3829 1550 3882 δὲ
1594 3830 1692 3882 καὶ
1708 3830 1754 3862 ⁸⁸
1788 3831 1879 3884 ἐπὶ
1923 3829 2018 3882 τοῦ

440 3917 750 3988 Βαλτάσαρ,
802 3918 1164 3988 περίϐλεπτος
1211 3919 1269 3971 δὲ
1311 3918 1573 3981 ὡσαύτως
1613 3915 1683 3990 ἦν
1718 3921 1810 3972 καὶ
1862 3919 2017 3972 sui.”

437 4008 532 4062 τοῦ
555 4009 781 4080 Δαρείου
809 4026 821 4038 ·
860 4010 952 4062 καὶ
983 4011 1039 4064 αἱ
1068 4009 1178 4063 τῶν
1213 4008 1479 4080 βασιλέων
1509 4010 1757 4080 διαδοχαὶ
1789 4010 2018 4080 μεταϐο-

440 4103 540 4171 λὴν
592 4102 742 4173 αύτῷ
791 4105 890 4173 τῆς
918 4104 1084 4173 τιμῆς
1121 4103 1221 4156 οὐκ
1267 4101 1626 4173 εἰργάσαντοο
1656 4103 1770 4155 ἀλλ’
1814 4104 1863 4156 οί
1916 4103 2016 4173 μὲν

438 4192 755 4246 ἐσϐέννυντο
799 4191 877 4262 τῷ
921 4191 1157 4262 θανάτῳ,
1193 4194 1220 4245 6
1259 4192 1318 4246 δὲ
1347 4192 1447 4262 τὴν
1497 4193 1620 4262 ἴσην
1657 4192 1751 4245 ἐπὶ
1795 4193 2015 4246 πάντων

437 4287 699 4354 ἐκέκτητο
723 4285 1060 4356 λαμπηδόνα.
1097 4286 1208 4340 Καὶ
1231 4284 1337 4356 μὴν
1367 4283 1620 4337 εἰώθασιν
1646 4285 1696 4337 οἱ
1733 4285 2012 4355 βασιλείαν

434 4377 470 4448 ἦ
498 4395 621 4431 τινα
649 4376 816 4446 ἄλλην
845 4377 1018 4448 ἀρχὴν
1049 4375 1497 4447 ἐγχειριζόμενοι,
1537 4376 1736 4445 ἥκιστα
1790 4376 2012 4448 θαρρεῖν

433 4469 546 4532 τοῖς
572 4467 684 4521 τῶν
712 4468 995 4539 προτέρων
1021 4467 1374 4528 οἰκειοτάτοις
1393 4483 1408 4498 ο
1425 4460 1578 4529 οὗτος
1604 4466 1661 4519 δὲ
1691 4467 1844 4538 παρὰ
1875 4469 2007 4521 πᾶσι

434 4561 533 4630 τὴν
558 4561 730 4633 αὐτὴν
757 4559 1023 4629 ἐκέκτητο
1059 4558 1395 4630 παρρησίαν,
1423 4558 1519 4611 καὶ
1551 4557 1644 4610 τοῦ
1680 4559 1794 4612 [σου
1829 4558 2009 4630 γέρως

434 4649 718 4721 ἐτύγχανε,
765 4649 864 4718 τὴν
891 4647 1063 4718 αὑτήν
1085 4665 1145 4700 τε
1177 4645 1472 4716 ἡγεμονίαν
1503 4645 1825 4700 ἐπιστεύετο
1845 4664 1859 4678 ο
1896 4648 2008 4700 ὦσ-

432 4757 540 4812 περ
569 4734 760 4811 ἀμέλει
793 4732 888 4793 καὶ
924 4739 1018 4792 ἐπὶ
1051 4736 1143 4794 τοῦ
1177 4739 1404 4808 Δαρείου
1432 4734 1514 4802 εἷς
1545 4738 1667 4799 τῶν,
1687 4738 1852 4808 τριῶν
1884 4741 2006 4809 ἐγέμ-

431 4846 553 4882 νετο
579 4827 874 4884 τακτικῶν.
907 4825 1226 4891 Τακτικοὺς
1242 4827 1299 4881 δὲ
1327 4827 1564 4899 ἡγοῦμαι
1599 4830 2010 4901 προσαγορεύει

433 4920 560 4974 σθαι
586 4922 713 4981 τοὺς
739 4920 835 4973 νῦν
867 4919 1242 4990 καλουμένους
1271 4920 1584 4991 ὑπάρχους,
1627 4922 1917 4993 σατράπας
1946 4922 2005 4976 δὲ

428 5012 558 5072 τοὺς
609 5010 717 5063 τῶν
751 5009 922 5062 ἐθνῶν
954 5010 1265 5080 ἡγεμόνας*
1293 5009 1431 5064 ἀλλὰ
1456 5012 1549 5064 καὶ
1577 5012 1686 5066 τῶν
1729 5012 2006 5067 τακτικῶν

429 5095 513 5162 εἷς
547 5099 625 5154 ὣν
653 5100 682 5154 6
712 5100 983 5172 μακάριος
1010 5099 1211 5170 Δανιήλ
1237 5115 1250 5129 ·

507 5402 530 5428 ο
560 5387 761 5443 Jercm.
798 5404 967 5454 xxv",
999 5386 1138 5452 4-7;
1172 5388 1256 5443 vel
1289 5403 1478 5453 χχχιιι,
1513 5388 1597 5442 4-7
1629 5387 1784 5457 juxta
1815 5383 1976 5440 LXX.

2119 3274 2382 3329 tenebras
2411 3285 2576 3342 queat
2604 3275 2915 3340 olTundere,
2977 3273 3088 3328 imo
3141 3274 3232 3328 illa
3295 3271 3480 3342 fulgur
3530 3290 3690 3330 suum

2118 3364 2338 3418 emittit.
2375 3362 2534 3429 Quod
2566 3380 2690 3418 cum
2759 3365 2952 3418 multis
2985 3363 3112 3418 aliis
3157 3377 3225 3417 ex
3261 3363 3397 3417 locis
3453 3363 3688 3432 perspici

2119 3463 2320 3524 potest.
2390 3467 2502 3510 tum
2557 3471 2689 3511 vero
2735 3472 2801 3510 ex
2831 3456 2900 3509 iis
2923 3495 2938 3520 ,
2971 3471 3092 3524 quae
3115 3455 3276 3510 beato
3334 3454 3543 3509 Danieli
3580 3471 3684 3508 usu

2116 3554 2388 3602 venerunt
2423 3565 2437 3602 :
2479 3547 2612 3616 qui,
2675 3562 2800 3601 cum
2843 3561 3036 3602 servus
3080 3542 3230 3602 esset
3273 3545 3417 3600 bello
3475 3544 3699 3615 1177·

2118 3645 2332 3707 captus.
2368 3645 2422 3693 et
2474 3645 2717 3693 exteram
2767 3636 3043 3708 regionem
3084 3636 3384 3704 incoleret?
3414 3645 3472 3690 et
3546 3629 3700 3691 interi

2117 3726 2388 3782 barbaros
2461 3736 2820 3795 versaretur,
2894 3727 3212 3797 splenduit,
3287 3737 3344 3783 et
3419 3738 3694 3798 regnante

2116 3816 2670 3873 Nabuchodonosore
2716 3833 2746 3870 a
2803 3819 3042 3872 maxime
3099 3818 3339 3873 terribili
3407 3833 3551 3888 rege
3592 3818 3690 3874 ad-

2117 3917 2311 3964 oratus
2337 3918 2447 3963 est.
2496 3909 2787 3979 Regnante
2826 3910 2958 3964 item
3009 3909 3300 3965 Baltasare
3351 3907 3552 3973 ﬂoruit,
3589 3924 3702 3965 nec

2115 3999 2302 4054 minus
2334 3999 2573 4054 illustris
2599 3999 2722 4062 iuit,
2754 3999 2922 4055 Dario
2947 4007 3172 4056 tenente
3193 4010 3688 4069 sceptrazvregum-

2114 4105 2222 4158 que
2254 4091 2644 4146 successiones
2668 4091 2808 4144 nihil
2837 4091 2904 4146 de
2934 4091 3057 4159 ejus
3078 4091 3687 4158 honorodetraxerunt,

2115 4179 2210 4234 sed
2254 4179 2334 4234 illi
2364 4179 2592 4250 quidem
2649 4188 2830 4235 morte
2889 4181 3155 4236 exstincti
3205 4188 3359 4246 sunt,
3404 4189 3460 4234 at
3495 4180 3685 4237 Daniel

2112 4269 2382 4339 aequalem
2414 4269 2528 4324 illis
2569 4271 2828 4324 omnibus
2859 4271 3223 4340 regnantibus
3248 4286 3467 4341 semper
3495 4272 3686 4341 splen-

2111 4359 2302 4414 dorem
2327 4359 2584 4414 obtinuit.
2607 4360 2770 4429 Atqui
2801 4375 3142 4417 consuevere
3163 4377 3346 4432 reges,
3374 4362 3460 4416 vel
3481 4362 3688 4431 quibus

2113 4450 2316 4520 aliquis
2355 4451 2499 4507 alius
2534 4451 2897 4520 magistratus
2926 4452 3244 4519 mandetur,
3291 4453 3516 4508 minime
3545 4468 3687 4508 con-

2039 4507 2088 4566 D
2114 4507 2284 4594 ﬁdere
2316 4539 2408 4602 iis,
2438 4540 2531 4609 qui
2576 4507 2826 4610 priorum
2864 4557 3053 4612 regum
3099 4543 3281 4597 intimi
3319 4542 3562 4604 fuerint:
3597 4544 3702 4598 nic.

2111 4639 2292 4685 autem
2330 4630 2479 4700 apud
2518 4647 2718 4688 omnes
2749 4634 3001 4692 eamdem
3066 4645 3261 4690 nactus
3287 4643 3372 4691 est
3424 4636 3700 4706 loquendi.

2110 4721 2452 4788 libertatem,
2485 4726 2696 4794 aequale
2730 4726 2962 4781 honoris
2986 4727 3272 4796 praemium
3325 4738 3682 4792 consecutus,

2110 4812 2370 4884 idemque
2404 4815 2454 4870 ei
2477 4817 2934 4872 committebatur
2966 4819 3302 4888 imperium;
3337 4820 3500 4875 sicuti
3531 4821 3690 4876 denin.

2108 4923 2214 4978 que
2247 4916 2513 4978 regnante
2541 4909 2708 4965 Dario
2742 4926 2887 4966 unus
2919 4910 3025 4964 fuit
3059 4927 3126 4966 ex
3159 4911 3274 4966 illis
3309 4912 3492 4967 tribus
3534 4913 3693 4968 ordi-.

2114 5003 2424 5058 natoribus.
2461 5002 2809 5064 ordinatam:
2845 5019 2976 5059 vero
3005 5004 3251 5060 arbitror
3283 5006 3550 5075 appellari
3589 5023 3686 5062 eos

2112 5094 2208 5164 qui
2265 5109 2415 5152 nunc
2470 5105 2747 5153 vocantur
2794 5096 3151 5166 hyparchi;‘
3197 5107 3447 5162 satrapas
3499 5107 3688 5154 autem

2114 5186 2399 5247 nationum
2424 5189 2711 5258 praesides.
2742 5188 2947 5243 Verum
2976 5204 3101 5244 eum
3129 5205 3275 5248 unus
3307 5199 3456 5250 esset
3489 5193 3683 5248 beatus

2114 5273 2312 5330 Daniel
2344 5291 2407 5330 ex
2441 5276 2857 5334 ordinatoribus
2884 5296 2898 5332 :

1727 5540 1959 5596 vanu:
1999 5539 2405 5597 LEC'rtoruzs.
3064 5615 3066 5617 b

499 5659 695 5734 "_eﬁp.
727 5658 838 5712 δυν.
866 5657 930 5734 l_n_
954 5658 997 5711 Β
1027 5665 1148 5734 post
1177 5658 1376 5734 ἀληθές
1414 5657 1656 5734 ponitur.
1698 5658 1790 5734 _""
1823 5659 2020 5734 uani]

2148 5659 2200 5713 in
2234 5660 2397 5734 D.__"
2428 5661 2578 5720 ὄντα.
2611 5661 2736 5734 Des.
2775 5666 2826 5720 in
2861 5665 2920 5720 Β.
2981 5665 3026 5697 ⁷⁸
3066 5665 3106 5719 Β
3135 5663 3471 5734 εύρήκαμεν.
3527 5664 3604 5734 _"
3632 5665 3678 5726 Α

427 5728 819 5800 grassari-jam.“
871 5730 961 5800 7",
1006 5728 1204 5800 αὐτῶν.
1237 5729 1314 5800 Ex
1347 5731 1386 5783 A
1420 5728 1598 5800 suppl.
1644 5797 1669 5800 _
1698 5728 1744 5760 '°
1775 5728 1890 5783 καί.

1955 5731 1997 5782 A
2031 5725 2127 5784 ὧν.

2231 5731 2349 5802 ⁸⁰ΑΒ
2396 5733 2669 5802 πανταχοῦ
2714 5736 2812 5799 τὰς
2860 5737 3016 5801 ἰδίας.
3119 5727 3177 5766 ἰ’
3202 5723 3314 5787 καί.
3351 5723 3490 5788 Ὅτε.
3525 5731 3580 5791 in
3613 5723 3678 5789 Β.

426 5798 472 5831 ⁸¹
505 5800 547 5854 Β
575 5795 700 5856 ὑπό.
777 5798 824 5832 ⁸³
859 5799 984 5854 ὑπό.
1021 5799 1143 5857 Des.
1169 5799 1237 5874 .in
1265 5799 1326 5854 Β.
1410 5798 1458 5834 ⁸³
1489 5795 1606 5853 καί.
1643 5797 1769 5854 Des.
1805 5800 1862 5853 in
1893 5797 1954 5854 Β.

2123 5799 2163 5854 Β
2183 5795 2249 5871 ἦν
2277 5799 2538 5868 ὡσαύτως
2562 5795 2673 5859 ἐπί.
