4092 6470
385 404 522 472 1399

1352 405 1842 471 TIlEODORETI
1862 400 2234 472 :EPISCOPI
2285 408 2650 471 CYRENSIS

3503 403 3633 470 1400

457 513 620 569 Vens.
650 514 705 569 5.
747 535 765 567 ι
811 514 1140 585 Superahat,
1171 515 1368 584 inquit,
1414 523 1467 570 ct
1499 517 1872 582 ordinatores,
1901 523 1955 570 et

2129 516 2201 586 γ’.
2237 537 2256 570 ι
2279 518 2628 590 ’Υπερενίκα,
2653 515 2811 587 φησὶ,
2843 514 2937 571 καὶ
2967 515 3094 581 τοὺς
3123 516 3501 582 τακτικούς⁸⁶,
3538 518 3635 572 καὶ

287 596 296 603 ’
381 615 654 676 satrapas,
693 624 712 658 ι
760 606 972 662 scilicet
1000 609 1284 661 nationum
1319 607 1599 677 praesides,
1631 616 1847 675 contra,
1899 608 1952 663 id

381 708 488 764 est,
539 713 604 753 ex
662 696 894 754 adverso
948 698 1058 754 illis
1098 701 1414 771 oppositus,
1467 712 1849 773 comparatus,
1898 710 1955 757 et

383 789 754 844 examinatus.
808 788 1016 846 Deinde
1049 805 1276 847 causam
1329 791 1506 857 ali‘ert,
1541 808 1642 848 cur
1681 809 1778 849 eos
1832 794 1954 849 vino

381 889 568 936 ceret:
606 899 623 932 ι
646 879 786 946 Quia
818 881 1072 952 spiritus,
1100 884 1298 952 inquit,
1325 885 1562 956 amplior
1583 896 1701 942 erat
1729 886 1782 941 in
1813 901 1900 953 eo,
1930 905 1950 940 ι

381 972 486 1027 hoc
534 980 652 1038 est,
707 973 882 1029 multo
938 975 1205 1044 majorem
1263 984 1317 1032 et
1372 977 1734 1048 copiosiorem
1775 991 1806 1032 a
1846 979 1956 1034 Deo

379 1062 957 1135 gratiam-acceperat,
993 1064 1275 1121 Diseimus
1311 1074 1490 1122 autem
1549 1083 1616 1122 ex
1670 1068 1774 1124 hoc
1809 1067 1952 1134 loco,

379 1154 448 1206 iis
479 1168 700 1225 quoque
755 1156 960 1227 quibus
1012 1158 1301 1214 saecularis
1346 1159 1703 1230 magistratus
1741 1159 1960 1214 deman-

376 1243 562 1310 datur,
592 1245 810 1302 etiamsi
844 1246 1068 1317 pietatis
1102 1257 1360 1320 expertes
1405 1249 1630 1316 fuerint,
1680 1249 1958 1322 quoddam

378 1341 563 1390 tamen
587 1335 876 1407 sapientia:
909 1353 1113 1395 munus
1137 1339 1204 1394 ad
1225 1339 1670 1410 subjectum-sibi
1698 1341 1957 1412 populum

379 1424 800 1492 gubernandum
869 1427 1140 1486 divinitus
1207 1429 1459 1491 concedi.
1536 1431 1706 1503 quue
1776 1432 1961 1488 innuit

380 1511 580 1568 beatus
627 1513 842 1580 Daniel,
895 1515 1128 1576 dicens:
1185 1534 1204 1568 ι
1241 1516 1386 1584 Quia
1436 1517 1672 1589 spiritus
1723 1519 1962 1590 amplior

380 1603 581 1660 eratin
619 1604 736 1672 illo,
768 1623 788 1658 ι
825 1607 1043 1678 1178
1068 1608 1174 1664 hoc
1201 1616 1308 1674 est,
1339 1610 1573 1681 gratiam
1608 1610 1805 1682 pietati
1832 1625 1961 1684 pro-

385 1695 640 1766 portione
706 1699 1134 1770 respondentem
1211 1710 1523 1774 acceperat.
1600 1703 1759 1770 Quod
1830 1719 1959 1760 cum

382 1788 807 1857 conspexisset,
865 1809 885 1842 ι
960 1791 1078 1847 Rex
1129 1794 1418 1849 constituit
1467 1795 1674 1866 ipsum,
1740 1797 1957 1868 inquit,

382 1893 549 1950 super
601 1883 748 1936 omni
795 1898 965 1954 regno
1015 1899 1138 1944 suo.
1189 1903 1208 1938 ι
1255 1883 1572 1958 lntelligens
1599 1888 1748 1945 enim
1803 1889 1958 1946 illum

381 1986 508 2028 esse
538 1972 716 2028 virum
747 1974 856 2031 Deo
885 1985 1127 2047 gratum,
1162 1979 1370 2051 quique
1410 1995 1650 2052 superna
1679 1982 1732 2037 vi
1756 1983 1960 2039 nitere-

381 2070 493 2129 tur,
524 2080 686 2122 omne
712 2067 817 2136 ipsi
863 2083 1094 2139 regnum
1118 2069 1616 2128 administrandum
1648 2073 1958 2131 commisit:

382 2157 478 2214 sed
536 2157 765 2214 honoris
817 2160 1140 2232 magnitudo
1203 2163 1462 2219 invidiam
1530 2165 1812 2221 excitavit.
1879 2163 1961 2240 μ]

388 2269 408 2303 ι
431 2249 794 2308 Ordinatores
820 2261 1004 2308 autem
1046 2261 1103 2310 et
1124 2263 1362 2328 satrapae
1385 2257 1729 2328 quaerebant,
1757 2259 1960 2330 inquit,

381 2341 734 2399 occasionem
770 2343 1017 2402 invenire
1051 2354 1251 2403 contra
1280 2346 1559 2405 Danielem
1596 2365 1661 2406 ex
1699 2365 1892 2421 regno,
1935 2370 1954 2407 ι

382 2433 469 2488 vel
508 2442 567 2489 ut
597 2434 846 2506 quasdam
882 2436 1220 2508 exemplaria
1255 2438 1485 2506 habent,
1535 2459 1553 2494 ι
1600 2456 1665 2497 ex
1697 2441 1962 2499 lateribus

383 2527 560 2597 regni.
600 2545 618 2579 ι
665 2525 783 2584 Hoc
811 2535 930 2594 est,
982 2530 1170 2586 omnia
1208 2532 1617 2601 moliebantur,
1672 2533 1963 2605 cupientes

385 2617 637 2674 invenire
669 2633 798 2674 eum
846 2620 1058 2692 aliquid
1088 2620 1143 2678 in
1204 2624 1363 2695 regni
1409 2624 1560 2696 leges
1607 2625 1960 2697 deliquisse:

383 2712 542 2780 quasi
574 2711 804 2782 diceret,
857 2713 1002 2772 laesa:
1040 2716 1348 2787 maiestatis
1389 2718 1466 2771 illi
1499 2718 1708 2774 crimen
1755 2719 1962 2790 impin-

385 2817 513 2872 gere
547 2804 854 2875 cupientes,
881 2815 941 2860 ut
971 2823 1122 2863 nunc
1152 2809 1454 2880 loquimur.
1489 2809 1597 2866 Sed
1625 2824 1654 2864 a
1679 2811 1964 2881 preposito

385 2894 622 2950 consilio
672 2895 1018 2953 aberrarunt.
1055 2916 1074 2950 ι
1128 2898 1485 2957 Occasionem
1539 2901 1707 2967 enim,
1762 2901 1963 2972 inquit,

383 2993 440 3039 et
467 2985 757 3051 delictum,
783 2996 839 3044 et
867 2998 1156 3061 peccatum
1201 2991 1362 3064 plane
1391 3008 1501 3047 non
1531 2993 1861 3048 invenerunt
1907 2995 1964 3050 in

382 3089 470 3142 eo,
503 3077 635 3148 quia
665 3077 844 3135 fidelis
877 3089 1013 3140 erat.
1064 3101 1084 3135 ι
1130 3080 1195 3138 Et
1223 3083 1326 3138 hoc
1360 3085 1738 3140 testimonium
1771 3085 1962 3140 datum

2053 606 2184 669 τούς
2219 605 2526 678 σατράπας,
2556 624 2576 658 ι
2618 606 2748 669 τοὺς
2799 604 2910 659 τῶν
2945 605 3118 660 ἐθνῶν
3149 606 3449 678 ήγεμόνας,
3495 624 3630 662 κατ⁴

2055 698 2258 762 έναντι,
2284 697 2566 752 τουτέστιν
2608 698 2673 752 ὲκ
2687 697 2732 731 ⁸⁷
2759 697 3125 770 παραλλήλου,
3171 698 3473 770 τιθέμενος,
3509 713 3637 768 συγ-

2055 792 2376 863 κρινόμενος
2408 791 2504 844 καὶ
2531 787 3050 862 παρεξεταζόμενος.
3076 789 3214 845 Εἶτα
3237 791 3386 859 λέγει
3415 790 3515 861 τὴν
3549 792 3636 846 αί-

2055 883 2178 938 τίαν
2201 883 2301 954 τῆς
2354 883 2533 953 νξκης.
2569 902 2588 934 ι
2619 883 2743 938 Ὀτι
2777 882 3018 954 πνεῦμα,
3052 883 3236 954 φησὶ,“
3262 883 3522 954 περισσὸν
3578 885 3637 936 ἐν

2055 974 2241 1046 αὐτῷ’
2277 993 2298 1028 ι
2353 974 2642 1040 τουτέστι,
2697 974 2877 1046 πολλῷ
2937 974 3161 1046 μείζονα
3207 975 3302 1029 καὶ
3346 973 3568 1028 πλείονα
3590 975 3636 1008 ⁸⁸

2059 1064 2216 1137 παρὰ
2254 1065 2350 1125 τοῦ
2381 1064 2518 1119 Θεοῦ
2569 1067 2671 1137 τὴν
2721 1064 2884 1140 χάριν
2919 1065 3154 1137 ἐδέχετο.
3185 1065 3548 1136 Μανθάνομεν
3579 1065 3638 1119 δὲ

2059 1156 2330 1223 ἐντεῦθεν,
2364 1157 2448 1211 δτι
2499 1157 2595 1212 καὶ
2635 1159 2746 1220 τοῖς
2795 1156 3055 1228 βιωτικὰς
3079 1157 3124 1189 ⁸⁸
3175 1155 3640 1229 ἐγχειριζομένοις

2058 1247 2254 1322 ἀρχὰς,
2291 1247 2396 1303 κᾶν
2421 1247 2699 1312 εὐσεϐείας
2725 1239 2858 1302 ὧσιν
2883 1247 3124 1320 ἄμοιροι,
3151 1247 3355 1301 δίδοταί
3395 1265 3481 1311 τις
3523 1247 3642 1301 θεό-

2061 1342 2153 1398 θεν
2181 1341 2344 1414 χάρις
2371 1340 2564 1410 σοφίας
2589 1339 2677 1394 διὰ
2699 1339 2796 1412 τήν
2819 1339 2929 1395 τῶν
2958 1339 3278 1412 ἀρχομένων
3303 1339 3637 1411 οἰκονομίαν.

2060 1438 2174 1493 Καὶ
2193 1435 2353 1490 τοῦτο
2373 1435 2592 1508 ᾐνίξατο
2615 1436 2643 1488 ό
2662 1433 2933 1506 μακάριος
2964 1432 3185 1504 Δανιὴλ,
3211 1430 3640 1504 είρηκώςίὊτι

2061 1527 2282 1600 πνεῦμα
2304 1526 2566 1600 περισσὸν
2591 1522 2661 1599 ἦν
2686 1527 2744 1580 ὲν
2773 1523 2976 1596 αὐτῷ,›
3011 1523 3307 1588 τουτέστιν,
3343 1521 3640 1592 ἀναλογοῦ-

2063 1637 2164 1676 σαν
2187 1622 2253 1693 τῇ
2283 1618 2536 1692 εὐσεϐείᾳ
2559 1617 2660 1690 τὴν
2683 1617 2845 1691 χάριν
2874 1616 3138 1671 ἐδέδεκτο.
3173 1616 3286 1669 Καὶ
3309 1615 3468 1669 τοῦτο
3511 1613 3639 1668 θεα-

2063 1713 2319 1786 σάμενος,
2363 1712 2550 1784 φησὶν,
2613 1731 2632 1765 ι
2667 1710 2728 1765 '0
2784 1709 3037 1782 βασιλεὺς
3091 1707 3427 1780 κατέστησεν
3478 1706 3642 1760 αὐτὸν

2063 1803 2152 1875 ἐφ’
2167 1804 2295 1877 ὅλης
2323 1804 2425 1876 τῆς
2447 1802 2724 1874 βασιλείας
2755 1799 2942 1856 αὐτοῦ.
2973 1819 2992 1855 ι
3025 1800 3238 1864 Συνιεὶς
3256 1798 3384 1870 γὰρ,
3415 1797 3498 1851 ὅτι
3523 1796 3643 1849 θεο-

2064 1897 2226 1970 φιλὴς
2251 1899 2280 1952 ό
2305 1897 2447 1969 ἀνὴρ
2486 1895 2582 1949 καὶ
2610 1895 2712 1966 τῆς
2741 1892 2950 1949 ἄνωθεν
2983 1890 3276 1946 ἀπολαύων
3307 1888 3500 1961 ῥοπῆς,
3535 1888 3642 1942 πᾶ-

2065 2006 2166 2045 σαν
2199 1986 2362 2043 αὐτὸν
2388 1984 2653 2058 ἐπέτρεψε
2684 1984 2784 2057 τὴν
2834 1981 3109 2056 βασιλείαν
3141 1981 3477 2050 οίκονομεῖν·
3503 1976 3642 2032 ἀλλὰ

2061 2080 2123 2136 τὸ
2153 2079 2383 2153 μέγεθος
2406 2079 2507 2150 τῆς
2528 2077 2695 2149 τιμῆς
2718 2075 2812 2130 τὸν
2841 2075 3033 2146 φθόνον
3059 2072 3311 2146 ἠρέθισεν
3332 2087 3348 2102 ο
3395 2071 3489 2124 «Οἱ
3515 2070 3572 2124 δὲ
3594 2071 3643 2103 ⁸⁵

2061 2171 2311 2227 τακτικοὶ
2352 2169 2448 2225 καὶ
2475 2169 2524 2223 οἱ
2561 2167 2837 2239 σατράπαι
2870 2165 3114 2238 ἐζήτουν,
3165 2163 3322 2234 φησὶ,
3365 2162 3645 2232 πρόφασιν

2064 2265 2248 2336 εὑρεῖν
2285 2260 2429 2317 κατὰ
2471 2259 2565 2314 τοῦ
2605 2258 2802 2330 Δανιὴλ
2829 2257 2894 2313 έκ
2933 2257 3033 2329 τῆς
3063 2254 3367 2327 βασιλείας,
3396 2272 3415 2306 ι
3453 2253 3511 2324 ἢ,
3566 2252 3645 2317 ὣς

2062 2375 2186 2411 τινα
2213 2355 2324 2410 τῶν
2351 2352 2705 2425 ἀντιγράφων
2746 2350 2882 2422 ἔχει,
2920 2367 2940 2403 ι
2971 2349 3037 2404 ὲκ
3074 2347 3322 2416 πλαγίων
3351 2348 3453 2418 τῆς
3487 2344 3646 2417 βασι-

2063 2449 2216 2513 λείας
2243 2448 2326 2480 ἰ·
2373 2465 2393 2500 ι
2454 2444 2727 2509 τουτέστι,
2775 2443 2952 2501 πάντα
3005 2437 3512 2513 έπραγματεύοντο,
3567 2439 3646 2502 εἰς

2063 2542 2190 2607 τοὺς
2215 2540 2317 2612 τῆς
2367 2536 2647 2610 βασιλείας
2667 2537 2869 2607 νόμους
2901 2533 3333 2606 πλημμελοῦντα
3353 2531 3518 2587 αὐτὸν
3550 2529 3647 2584 εὐ-

2067 2635 2183 2707 ρεῖν
2221 2632 2498 2703 ἐφιέμενοι
2517 2646 2532 2660 ο
2567 2627 2691 2684 ἀντὶ
2717 2625 2836 2696 τοῦ,
2864 2626 2966 2699 τήν
2988 2624 3086 2680 νῦν
3139 2621 3484 2694 καλουμένην
3513 2621 3649 2676 καθ-

2065 2726 2286 2780 οσίωσιν
2334 2723 2528 2788 πλέξαι
2580 2719 2732 2792 αὐτῷ
2777 2718 3113 2792 βουλόμενοι.
3160 2713 3323 2769 ’Δλλὰ
3348 2714 3650 2784 διήμαρτον

2065 2817 2160 2873 τοῦ
2191 2816 2416 2872 σκοποῦ.
2446 2834 2466 2868 ι
2494 2816 2683 2870 Πᾶσαν
2707 2813 2815 2886 γὰρ
2839 2811 3198 2885 πρόφασιν⁹¹,
3226 2807 3383 2880 φησὶ,
3415 2806 3511 2861 καὶ
3538 2806 3648 2860 πᾶν

2067 2911 2439 2983 παράπτωμα,
2471 2909 2564 2962 καὶ
2591 2906 2941 2979 ἀμπλάκημα
2963 2904 3064 2976 οὐχ
3083 2895 3252 2975 ηὗρον
3281 2902 3340 2954 ὲν
3367 2898 3537 2971 αὐτῷ,
3568 2898 3652 2952 ὅτι

2067 2999 2260 3064 πιστὸς
2292 2995 2380 3071 ἦν.
2411 3018 2429 3050 ι
2468 2998 2578 3051 Καὶ
2601 2997 2702 3070 τὴν
2744 2993 3052 3069 μαρτυρίαν
3079 2992 3284 3061 ταύτην
3339 2989 3577 3060 ἔσχηκεν
3621 2987 3651 3040 ό

2072 3092 2341 3164 μακάριος
2368 3088 2588 3161 Δανιὴλ,
2639 3087 2700 3140 οὐ
2735 3085 2890 3156 παρὰ
2936 3083 3048 3140 τῶν
3092 3078 3433 3151 ἀγαπώντων
3468 3075 3649 3148 μόνον,

382 3175 470 3224 est
493 3167 654 3225 beato
711 3168 949 3237 Danieli,
999 3187 1111 3228 non
1168 3173 1238 3230 ab
1293 3174 1363 3231 iis
1395 3182 1614 3230 tantum
1689 3176 1782 3247 qui
1837 3192 1961 3232 eum

2071 3183 2210 3242 ἀλλὰ
2241 3181 2336 3237 καὶ
2364 3200 2440 3235 πα
2451 3180 2517 3253 ρὰ
2539 3179 2651 3235 τῶν
2676 3175 3158 3232 ἐπιϐουλευόντων.
3191 3190 3218 3268 ι.
3243 3171 3358 3242 Τὴν
3522 3167 3653 3268 περὶ

383 3259 710 3332 diligebant,
735 3261 832 3339 sed
880 3264 1046 3320 etiam
1079 3266 1148 3322 ab
1198 3267 1299 3333 iis,
1353 3267 1449 3338 qui
1503 3268 1624 3339 ejus
1655 3269 1776 3325 vitae
1831 3270 1966 3326 insi-

385 3353 701 3408 diabantur.
758 3352 1022 3413 Pietatem
1071 3359 1216 3414 enim
1245 3360 1553 3416 observans
1574 3374 1703 3432 erga
1768 3359 1964 3426 Deum,

385 3445 617 3502 multam
663 3462 885 3520 quoque
927 3449 1034 3506 sibi
1081 3467 1272 3524 regum
1322 3451 1756 3510 benevolentiam
1779 3452 1966 3508 conci-

385 3537 576 3592 liarat.
613 3535 816 3595 Verum
843 3540 936 3596 ubi
964 3540 1045 3597 illi
1073 3541 1323 3599 inﬁnitas
1351 3542 1473 3600 vias
1514 3542 1818 3615 persecuti,
1853 3557 1966 3598 non

385 3629 728 3689 invenerunt
749 3629 939 3702 ipsum
963 3633 1248 3705 quidpiam
1285 3635 1342 3690 in
1375 3635 1534 3706 regni
1566 3635 1716 3706 leges
1744 3635 1969 3692 commi-

386 3725 531 3782 sisse
556 3743 572 3784 t

457 3814 627 3874 Vens.
659 3817 714 3876 5.
753 3836 773 3872 ι
817 3815 1111 3884 Dixerunt,
1150 3817 1352 3889 inquit,
1404 3818 1791 3875 ordinatores:
1845 3818 1967 3875 Non

385 3908 736 3966 inveniemus
791 3916 990 3966 contra
1043 3910 1322 3967 Danielem
1373 3911 1724 3966 occasionem
1775 3911 1884 3968 nisi
1910 3913 1967 3968 in

386 3997 648 4069 legitimis
677 3998 774 4056 Dei
803 3999 948 4070 ejus.
987 4018 1008 4052 ι
1039 3999 1178 4055 Cum
1218 4000 1367 4057 enim
1412 4000 1754 4070 exploratam
1793 4001 1967 4059 habe-

386 4097 512 4146 rent
577 4091 880 4162 perl'ectam
934 4093 1084 4149 illius
1129 4092 1416 4165 pietatem,
1479 4093 1554 4148 ibi
1598 4092 1968 4165 improbitatis

384 4183 525 4240 retia
551 4185 657 4253 ipsi
692 4192 930 4256 ponunt.

457 4273 626 4332 Vens.
656 4276 770 4333 6-9.
822 4295 842 4330 ι
875 4276 942 4332 Ει
971 4276 1238 4336 adeuntes
1285 4276 1354 4331 ad
1385 4292 1570 4348 regem
1611 4276 1970 4336 ordinatores

383 4373 442 4422 et
470 4373 726 4439 satrape,
756 4369 831 4424 ita
864 4383 990 4424 eum
1014 4369 1375 4440 alloquuntur
1403 4387 1418 4424 :
1457 4368 1589 4424 Dari
1622 4385 1739 4434 rex,
1775 4371 1828 4426 in
1860 4386 1969 4426 sae,-

385 4458 509 4514 cula
541 4462 684 4516 vive.
715 4460 1019 4518 Consilium
1052 4463 1302 4518 inierunt
1326 4478 1521 4518 omnes
1563 4463 1618 4517 in
1661 4478 1833 4532 regno
1867 4472 1964 4518 tuo

2065 3276 2160 3330 τδν
2189 3273 2321 3327 Θεὸν
2365 3271 2649 3342 φυλάττων
2704 3269 3012 3334 εὐσέϐειαν,
3073 3263 3259 3335 εὐνοία
3308 3261 3481 3332 πολλῇ
3540 3260 3636 3313 καὶ

2070 3363 2201 3436 περὶ
2233 3364 2360 3427 τοὺς
2412 3360 2665 3434 βασιλέας
2695 3359 2983 3431 ἐκέχρητο.
3029 3356 3120 3420 Ὠς
3159 3354 3216 3409 δὲ
3251 3351 3422 3424 μυρία
3454 3348 3651 3422 τυρεύ-

2069 3472 2264 3519 σαντες
2321 3454 2420 3525 οὐχ
2481 3447 2649 3524 ηὗρον
2703 3450 2867 3506 αὐτὸν
2925 3450 3006 3513 είς
3067 3446 3194 3514 τοὺς
3233 3445 3333 3517 τῆς
3373 3441 3654 3518 βασιλείας

2068 3545 2490 3619 πλημμελοῦντα
2517 3544 2736 3616 νόμους,

2139 3819 2202 3870 ε’.
2247 3831 2265 3865 ι
2304 3808 2491 3878 Εῐπον,
2549 3809 2749 3882 φησιν,
2781 3823 2834 3864 οι
2868 3807 3150 3865 τακτικοίο
3184 3805 3296 3877 Οὐχ
3351 3803 3655 3876 εὑρήσομεν

2069 3907 2212 3962 κατὰ
2237 3904 2433 3977 Δανιὴλ
2471 3903 2764 3975 πρόφασιν,
2799 3903 2848 3956 εί
2875 3901 2950 3974 μή
2990 3900 3050 3954 ἐν
3109 3897 3359 3970 νομίμοις
3387 3895 3524 3950 Θεοῦ
3554 3897 3653 3952 αὐ-

2067 3998 2184 4057 τοῦ,
2205 4016 2223 4050 ι
2267 3995 2477 4058 Εἰδότες
2503 3994 2612 4065 γὰρ
2643 3992 2808 4047 αὐτοῦ
2835 3991 2935 4062 τῆς
2980 3988 3264 4051 εὐσεϐείας
3301 3986 3364 4041 τὸ
3406 3985 3652 4058 ἀκριϐὲς,

2069 4091 2186 4144 έκεί
2221 4089 2289 4143 τά
2314 4087 2560 4159 θήρατρα
2582 4085 2681 4156 τῆς
2719 4083 2982 4156 πονηρίας
3020 4081 3218 4140 ἱστᾶσι.

2144 4278 2196 4337 ς’
2214 4301 2238 4312 -
2257 4271 2352 4324 θ’.‹
2378 4269 2490 4322 Καὶ
2515 4267 2774 4339 προσίασι
2794 4265 2842 4296 ⁸³
2873 4261 2950 4334 τῷ
2980 4261 3192 4333 βασιλεῖ
3213 4259 3266 4315 οῖ
3303 4277 3363 4313 τε
3407 4258 3657 4313 τακτικοὶ

2071 4365 2167 4418 καί
2189 4363 2240 4417 οί
2288 4361 2587 4432 σατράπαι,
2620 4357 2716 4413 καὶ
2753 4357 3006 4426 λέγουσιν
3037 4353 3188 4423 αὐτῷ
3213 4369 3228 4385 ο
3277 4354 3470 4424 Δαρεῖε
3503 4351 3657 4421 βασι-

2069 4451 2187 4516 λεῦ,
2223 4452 2303 4515 είς
2341 4450 2466 4514 τοὺς
2510 4448 2712 4511 αἰῶνας
2743 4446 2886 4518 ζῆθι.
2919 4442 3420 4502 Συνεϐουλεύσαντο
3451 4441 3657 4504 πάντες

385 4549 578 4617 duces,
617 4549 833 4622 1179
855 4560 911 4608 et
935 4553 1234 4623 teparcbte,
1273 4553 1634 4618 consules,et
1657 4559 1672 4576 '
1703 4565 1961 4621 satrapas,

2070 4545 2120 4604 οἱ
2147 4547 2206 4598 ὲν
2235 4545 2303 4615 τῇ
2332 4540 2580 4614 βασιλείᾳ
2604 4540 2651 4574 ⁸⁵
2683 4556 2777 4592 σου
2813 4536 3130 4610 στρατηγοὶ,
3166 4537 3263 4591 καὶ
3294 4534 3568 4606 τοπάρχαι
3583 4534 3653 4598 ⁸⁵,

384 4652 448 4698 ιιι
482 4642 892 4698 constituerent
941 4649 1151 4700 statuto
1220 4644 1393 4714 regio,
1449 4651 1508 4699 et
1573 4643 1970 4701 confirmarent

384 4733 692 4798 decretum,
743 4745 804 4788 ut
859 4734 1184 4806 quicunque
1242 4735 1462 4805 petierit
1518 4735 1840 4805 petitionem
1899 4736 1968 4792 ab

383 4826 534 4881 omni
584 4826 708 4893 dco,
763 4827 849 4882 vel
904 4828 1164 4893 homine,
1221 4843 1399 4898 usque
1431 4827 1498 4883 ad
1538 4827 1658 4882 dies
1711 4827 1962 4898 triginta,

383 4925 750 4988 praeterquam
788 4935 818 4974 a
859 4927 944 4984 te,
991 4919 1328 4989 conjiciatur
1377 4920 1434 4976 in
1490 4919 1675 4974 lacum
1722 4919 1964 4982 leonum,

382 5007 542 5064 Nunc
565 5009 758 5080 igitur,
807 5026 925 5076 rex,
955 5013 1224 5067 eonlirma
1275 5001 1582 5076 decretum,
1640 5017 1699 5067 et
1745 5026 1964 5082 expone

384 5099 744 5171 scripturam,
784 5113 843 5158 ιιι
892 5103 1174 5160 decretum
1233 5103 1514 5160 Medorum
1567 5110 1622 5159 et
1666 5101 1964 5160 Persarum

383 5185 496 5248 ιιοιι
525 5188 870 5258 itnmutetur,
901 5198 962 5246 ut
988 5193 1128 5252 nihil
1181 5201 1373 5252 contra
1428 5193 1564 5250 illud
1618 5194 1962 5250 immutetur.

2077 4637 2297 4703 ὕπατοι,
2337 4635 2431 4688 καὶ
2479 4631 2758 4703 σατράπαι
2781 4631 2849 4696 ⁸⁵,
2895 4627 2989 4687 τοῦ
3026 4629 3221 4699 στῆσαι
3281 4628 3471 4682 στάσει
3505 4626 3657 4696 βασι-

2073 4731 2224 4801 λικῇ,
2251 4729 2347 4784 καὶ
2378 4725 2660 4798 ἐνισχῦσαι
2698 4723 2950 4796 ὁρισμὸν,
2982 4723 3130 4787 ὅπως
3169 4721 3229 4786 ὃς
3265 4721 3419 4776 ἐςὶινθ⁷
3455 4721 3657 4792 αίτήσῃ

2074 4823 2285 4893 αῐτημα
2312 4819 2466 4890 παρὰ
2497 4817 2698 4880 παντὸς
2739 4815 2882 4881 θεοῦ,
2913 4815 3014 4886 ἢκ
3043 4812 3358 4884 ἀνθρώπου,
3383 4813 3488 4876 ἕως
3517 4815 3652 4883 ήμε-

2079 4913 2188 4989 ρῶν
2243 4912 2559 4984 τριάκοντα,
2594 4908 2710 4962 ἀλλ’
2755 4909 2790 4980 ἢ
2841 4907 2994 4980 παρὰ
3027 4906 3120 4961 σοῦ
3146 4908 3214 4970 θ’,
3255 4905 3657 4977 ὲμϐληθήσεται

2074 5009 2157 5074 είς
2181 5009 2274 5061 τδν
2302 5004 2505 5062 λάκκον
2532 5001 2642 5057 τῶν
2671 5003 2921 5056 λεόντων.
2956 5001 3069 5056 Νῦν
3093 4995 3210 5064 οὖν,
3243 4997 3484 5070 βασιλεῦ,
3524 4999 3653 5068 στῆ-

2075 5117 2168 5155 σον
2209 5098 2302 5152 τὸν
2333 5095 2582 5169 ὁρισμὸν,
2628 5095 2724 5148 καὶ
2771 5093 2930 5160 ἑκθες
2960 5092 3060 5164 τήν
3086 5090 3305 5162 γραφὴν
3330 5092 3371 5154 ⁵,
3399 5091 3548 5153 ὅπως
3579 5089 3654 5160 μὴ

2071 5191 2337 5264 ἀλλοιωθῇ
2389 5189 2450 5244 τὸ
2484 5189 2662 5260 δόγμα
2698 5187 2898 5260 Μήδων
2935 5185 3028 5239 καὶ
3061 5183 3307 5257 Περσῶν,
3347 5183 3494 5247 ὅπως
3517 5186 3538 5214 ³
3586 5182 3654 5235 ἂν

1701 5394 1942 5458 νΑιιιΕ
1974 5396 2382 5456 LECTIONES.

479 5554 528 5588 ⁸⁸
555 5553 736 5611 AKal.
820 5571 848 5609 ν
897 5557 1095 5630 Δανιὴλ

479 5643 504 5680 r.
612 5626 658 5659 ⁹⁶
685 5548 844 5680 δέ.Ἶί
867 5625 998 5680 γάρ.

385 5624 532 5697 τάςη
612 5626 658 5659 ’⁸
685 5625 764 5682 δέ.
802 5624 844 5680 Β
867 5625 998 5697 γάρ.

382 5695 830 5825 Wﬁlin:

383 5763 430 5835 9⁷
459 5763 504 5818 Β
533 5763 757 5835 ὥστεὸς
783 5763 871 5825 ἄν.

388 5769 430 5844 ξτ
533 5769 757 5835 ὥστείὸς
783 5769 871 5825 ἄν.
948 5771 993 5806 ⁸⁸
1050 5773 1108 5844 ἡ.
1145 5769 1189 5825 Α
1221 5769 1336 5825 καί.

387 5841 446 5898 in
473 5841 536 5894 Α.

1147 5556 1294 5643 ὐπὲρ
1327 5558 1563 5643 ἱαῦτούς.
1587 5629 1612 5643 Α
1662 5559 1708 5593 ³⁷
1881 5558 2013 5643 Des.
2057 5559 2110 5643 in
2151 5557 2211 5634 Β.

1099 5627 1142 5660 θ¹
1175 5623 1454 5701 εκτπλαγ.
1498 5647 1552 5701 τ.
1584 5629 1710 5701 βασ.
1747 5629 1874 5687 Vid.
1928 5629 2148 5701 Μοιιιίζ,
2210 5627 2453 5701 Hexapla
2502 5627 2570 5701 ad
2616 5625 2674 5680 b.
2709 5623 2748 5678 1.

908 5699 954 5731 ⁸³
985 5700 1030 5755 Α
1065 5697 1439 5821 παρέστησαν.
1517 5700 1565 5734 ⁸⁵
1665 5701 1758 5755 ἐπὶ
1789 5701 1885 5763 τ’ῖς
1915 5700 2215 5771 βασιλείας.
2292 5697 2396 5779 "_E

948 5771 993 5806 ’⁸
1145 5769 1189 5825 Α
1221 5784 1291 5821 κα
1321 5808 1336 5825 ο
1449 5772 1493 5804 ’⁸
1527 5790 1644 5832 σου.
1675 5773 1720 5832 Α
1751 5731 1878 5845 eti}
1907 5770 2116 5828 addunt.
2151 5769 2396 5845 βασιλευ.

2316 5557 2361 5589 ⁸⁸
2395 5555 2437 5609 Β
2475 5557 2567 5610 πλ.
2620 5552 2717 5608 καὶ⁸
2767 5547 3012 5623 μείζονα.
3110 5545 3155 5578 ⁸⁹
3189 5543 3343 5614 βιωτ.
3378 5539 3418 5593 D
3459 5550 3649 5608 ιιι-ειη.

2316 5627 2451 5657 mnln
2504 5627 2568 5657 ml
2616 5625 2650 5657 ιι
2709 5623 2723 5657 1
2851 5619 2897 5650 η
2934 5618 2966 5657 Δ
3026 5615 3123 5657 νηὶ
3175 5614 3330 5657 πᾶσα
3382 5607 3653 5657 ποόωασις

2296 5607 2453 5686 xanla
2502 5607 2569 5680 ad
2616 5607 2674 5680 h.
2709 5607 2780 5678 1.’
2851 5607 2897 5650 ’⁵
2928 5618 2974 5672 Α
3026 5615 3124 5670 καὶ⁵
3175 5607 3330 5668 πᾶσα
3382 5607 3651 5677 πρόφασις

2292 5699 2337 5729 ³⁵
2370 5697 2410 5751 Β
2440 5695 2578 5750 τοπά
2617 5711 2724 5765 χοι.
2757 5694 2802 5746 Α
2831 5687 3132 5759 σατράπαι.
3208 5683 3255 5716 ’⁸
3283 5677 3648 5766 Αοτοπάρχαι.

2292 5768 2396 5820 tsi}.
2513 5769 2527 5800 '
2561 5713 2697 5820 ἰξτῆ
2729 5761 2938 5820 γραφῇ.
3017 5758 3037 5789 ²
3061 5758 3153 5812 ὄπ.
3187 5766 3483 5808 -τουτου,
3517 5747 3648 5802 Des.

2513 5747 2603 5820 ιίί
2619 5747 2697 5837 ’τῇ
2729 5747 2950 5837 γραφῇ.’
3017 5758 3037 5789 ²
3061 5758 3153 5812 ὄπ.
3187 5751 3483 5808 -τούτου,
3517 5747 3648 5836 Des.
