4092 6442
505 411 636 479 1401

1719 421 1798 480 IN
1841 423 2199 486 DANIELIS
2232 425 2390 484 CAP.
2424 423 2525 485 VI.

3621 420 3760 484 1402

503 526 581 598 μὴ
623 526 947 602 παραλλαγῇ
987 529 1273 585 κατέναντι
1330 528 1544 585 τούτου.
1585 530 1723 585 Τότε
1752 534 1780 586 6
1818 533 2069 603 βασιλεὺς

2177 531 2335 590 Tunc
2391 551 2488 592 rex
2525 535 2725 591 Darius
2766 536 3028 607 praecepit
3083 535 3289 607 exponi
3332 533 3666 606 scripturam
3711 540 3766 590 et

500 617 726 688 Δαρεῖος
776 617 1010 684 ἐπέταξε
1063 618 1163 692 τὴν
1198 621 1522 693 συγγραφὴν
1559 623 1656 676 καὶ
1698 625 1759 676 τὸ
1809 624 1986 695 δόγμα
2001 626 2076 679 ³.»

500 707 666 762 οὐδὲν
693 706 790 761 τοῦ
837 707 1033 778 φθόνου
1067 709 1436 783 μιαρώτερον·
1487 705 1643 777 οὗτος
1690 713 1786 767 καὶ
1817 713 2082 786 ἀσεϐῆσαι

497 796 724 862 τούτους
746 799 1050 870 ἠνάγκασε,
1090 801 1183 854 καὶ
1209 801 1472 866 δυσσεϐὲς
1501 802 1784 876 προθεῖναι
1813 804 2083 876 πεποίηκε

497 889 700 960 δόγμα,
739 891 1005 962 ἀπεῖργον
1033 893 1159 956 τοὺς
1206 892 1567 963 βουλομένους
1621 896 1786 966 εὐχὰς
1845 896 2084 967 προσφέ-

503 999 618 1054 ρειν
643 982 780 1055 Θεῷ.
813 983 890 1036 Ού
926 983 1035 1056 γάρ
1091 985 1252 1055 μόνον
1281 987 1424 1056 σφᾶς
1473 989 1671 1052 αὐτοὺς
1709 988 1869 1042 τοῦτο
1906 993 2081 1044 ποιεῖν

499 1073 821 1141 κωλύουσιν,
858 1075 995 1131 ἀλλά
1033 1076 1277 1142 καὶτοὺς
1304 1079 1497 1144 ἀλλους
1523 1080 1768 1146 ἅπαντας
1799 1082 1926 1146 τοὺς
1975 1082 2080 1136 ὑπὸ

495 1166 598 1239 τῆς
625 1165 904 1236 βασιλείας
930 1167 1111 1234 ὄντας.
1145 1171 1254 1224 Καὶ
1309 1171 1396 1226 ίνα
1433 1171 1508 1244 μὴ
1545 1172 1704 1244 δῆλον
1741 1174 1966 1245 γένηται
2016 1176 2081 1228 τὸ

495 1259 884 1330 κακούργημα,
936 1261 1294 1332 προστιθέασι
1323 1262 1386 1316 τὸ
1429 1264 1564 1335 μηδὲ
1602 1265 1755 1337 παρά
1787 1265 2078 1338 ἀνθρώπου

491 1350 717 1421 αἰτῆσαι
747 1368 801 1405 τι
830 1352 925 1406 καὶ
954 1352 1142 1408 λαϐεῖν
1170 1354 1326 1420 ὲντὸς
1362 1355 1474 1409 τῶν
1501 1357 1799 1427 τριάκοντα
1829 1357 2074 1430 ήμερῶνο

491 1443 648 1516 παρά
676 1444 838 1517 μόνου
863 1445 921 1499 δὲ
941 1445 1036 1500 τοῦ
1066 1446 1336 1518 βασιλέως
1357 1448 1418 1502 ὲν
1440 1449 1680 1520 ἀπάσαις
1704 1447 1929 1515 ταύταις
1956 1453 2077 1517 ταῖς

490 1533 729 1606 ἡμέραις
761 1535 1122 1606 ἐπαγγέλλειν
1176 1537 1277 1610 τὴν
1313 1539 1524 1614 χρείαν.
1558 1541 1670 1595 Καὶ
1725 1541 1786 1595 ού
1839 1543 2078 1597 συνεῖδον

489 1627 543 1680 ot
571 1627 632 1680 τὸ
651 1627 876 1684 όπτικδν
897 1629 1000 1699 τῆς
1027 1629 1268 1697 διανοίας
1288 1631 1366 1702 τῷ
1391 1631 1574 1704 φθόνῳ
1603 1634 2075 1706 παραδεδωκότες,

489 1719 567 1786 ὠς
594 1721 654 1806 ού
687 1722 866 1778 πάντα
889 1723 1114 1780 δύναται
1138 1730 1579 1799 παρασχεῖν⁹τοῖς
1607 1724 1850 1783 αἰτοῦσιν
1875 1732 1903 1785 ὁ
1923 1730 2078 1802 βασι-

488 1813 650 1879 λεύςο
687 1815 810 1870 οὕτε
843 1817 953 1889 γὰρ
978 1817 1188 1889 ὑγείαν,
1223 1819 1348 1874 οὔτε
1377 1821 1543 1895 ζωὴν,
1579 1822 1704 1878 οὔτε
1730 1824 1793 1878 τὸ
1821 1825 2076 1894 γενέσθαι

489 1907 700 1963 παίδων
729 1887 995 1982 πατέρας,
1025 1887 1160 1966 οὔτε
1216 1912 1390 1967 ὑετῶν
1442 1887 1725 1985 ἀιρθονίαν,
1780 1887 1892 1970 ούτ’
1941 1917 2079 1973 ἀλλα
2109 1887 2152 1942 Β

489 2000 690 2065 πάντα,
723 2001 758 2057 ἀ
783 2001 875 2065 τὸν
908 2002 1043 2057 Θεὸν
1079 2005 1359 2071 αἰτοῦντες
1387 2007 1768 2081 λαμϐάνομεν.
1805 2010 1968 2064 Ἀλλά
2015 2011 2078 2065 τὸ

488 2091 1088 2162 φρονεῖν’ἀπολέσαντες
1107 2097 1422 2152 ἀνατιθέασι
1443 2098 1521 2167 τῷ
1544 2099 1838 2170 βασιλεῖτά
1859 2103 1937 2173 τῷ
1955 2102 2077 2174 Θεῷ

487 2188 855 2256 προσήκοντα,
900 2187 1152 2242 πείθουσι
1194 2190 1251 2245 δὲ
1289 2189 1386 2245 καὶ
1425 2192 1517 2248 τὸν
1560 2193 1793 2264 ἀνόητον
1848 2195 2076 2266 βασιλέα

485 2277 942 2348 συμψηφίσασθαι
965 2280 1062 2334 καὶ
1089 2281 1337 2354 κυρῶσαι
1363 2284 1432 2338 τά
1451 2284 1730 2350 δυσσεϐῶς
1754 2287 2073 2358 αἰτηθέντα.

395 2406 399 2412 -
494 2368 637 2422 Ἀλλ’
666 2371 695 2423 6
726 2370 997 2441 μακάριος
1024 2373 1222 2442 Δανιὴλ
1257 2373 1380 2428 οὐδὲ
1413 2373 1588 2447 βραχὺ
1634 2375 1745 2431 τῶν
1792 2378 2072 2433 δυσσεϐῶν

479 2461 689 2516 τούτων
707 2463 730 2495 ⁵
762 2463 944 2535 νόμων
978 2465 1336 2536 φροντίσας,‹
1367 2467 1546 2532 Εὐθὺς
1573 2469 1654 2533 εἰς
1683 2467 1774 2523 τὸν
1799 2465 1946 2524 οἶκον
1978 2471 2075 2524 αύ-

479 2545 601 2611 τοῢ,
638 2549 822 2619 φησὶν,
855 2551 1132 2617 εἰσελθὼν,
1166 2553 1276 2609 τῶν
1317 2555 1550 2628 θυρίδων
1587 2559 1986 2629 ἀνεῳγμένων,
2013 2560 2072 2615 ἐν

478 2641 597 2704 τοῖς
626 2641 898 2714 ὑπερῴοις
946 2644 1134 2714 αὐτοῦ,
1189 2647 1478 2702 κατέναντι
1523 2649 1880 2722 Ἰερουσαλὴμ
1922 2654 2072 2724 τρεῖς

479 2732 741 2804 καιροῢς⁸
777 2734 875 2806 τῆς
903 2736 1116 2808 ἡμέρας
1139 2733 1208 2810 ἦν
1242 2739 1511 2811 κάμπτων
1532 2741 1624 2794 ἐπὶ
1647 2741 1715 2795 τὰ
1744 2742 1947 2811 γόνατα
1975 2744 2072 2797 αύ-

477 2825 596 2890 τοῦ,
629 2827 724 2880 καὶ
751 2829 1211 2900 προσευχόμενος,
1257 2829 1352 2886 καί⁵
1381 2831 1880 2903 ὲξομολογουμενος
1918 2833 2072 2887 ἐναν-

477 2917 596 2971 τίον
631 2918 725 2972 τοῦ
752 2919 887 2974 Θεοῦ
906 2922 952 2984 ⁸,
983 2921 1166 2986 καθὼς
1205 2919 1274 2995 ἦν
1308 2924 1478 2978 ποιῶν
1509 2924 1843 2997 ἔμπροσθεν.
1874 2944 1893 2977 ι
1929 2926 2071 2997 Ὀρα

478 3009 540 3064 δὲ
593 3012 734 3066 πόσα
763 3013 905 3068 κατά
928 3015 1123 3070 ταύτὸν
1144 3017 1173 3069 6
1202 3016 1362 3086 λόγος
1393 3017 1637 3088 ᾐνίξατο,
1670 3017 1766 3072 τοῦ
1797 3019 2068 3091 μακαρίου

475 3103 676 3175 Δανιὴλ
719 3105 819 3176 τὴν
860 3106 1145 3162 εὐσέϐειαν
1175 3109 1272 3162 καί⁸
1319 3109 1421 3180 τὴν
1465 3110 1718 3182 ἀνδρείαν
1769 3110 2066 3182 μηνύοντα.

2186 625 2492 682 decretum.
2545 645 2563 678 ι
2600 625 2744 680 Nihil
2777 633 2864 682 est
2906 625 3113 681 invidia
3152 623 3515 691 sceleratius,
3545 637 3666 694 qua:
3709 631 3765 678 et

2187 715 2327 772 istos
2360 717 2560 788 impios
2584 732 2707 772 esse
2745 717 2949 788 coegit,
2988 725 3043 772 et
3075 716 3304 786 impium
3334 715 3594 786 produxit
3645 715 3762 770 edi-

2185 810 2361 870 ctum,
2393 820 2504 875 quo
2539 805 2621 859 illi
2653 791 3007 871 arcebantur,
3050 809 3141 877 qui
3175 806 3286 862 Deo
3320 820 3510 877 preces
3551 814 3606 860 et
3638 811 3762 859 vota

2185 895 2383 952 afferre
2443 897 2668 952 vellent.
2713 897 2902 968 Neque
2964 898 3112 954 enim
3172 898 3347 952 solum
3391 898 3606 968 seipsos
3659 897 3765 950 hoc

2183 985 2369 1042 facere
2401 987 2726 1058 prohibent,
2775 1005 2965 1044 verum
3018 989 3185 1045 etiam
3241 989 3384 1044 alios
3431 1001 3623 1042 omnes
3665 985 3762 1055 qui

2183 1079 2289 1134 sub
2317 1079 2439 1149 ejus
2474 1095 2645 1150 regno
2666 1079 2960 1150 degebant.
2990 1080 3058 1135 Et
3082 1097 3151 1137 ne
3173 1082 3511 1136 malitiosum
3543 1079 3762 1136 facinus

2183 1169 2545 1242 conspicuum
2607 1171 2784 1238 fieret,
2833 1172 3128 1243 adjiciunt,
3175 1187 3359 1242 neque
3421 1170 3490 1225 ab
3537 1169 3761 1224 homine

2181 1263 2390 1334 aliquid
2428 1267 2728 1335 petendum
2776 1271 2874 1318 aut
2903 1263 3282 1334 accipiendum
3339 1263 3482 1318 intra
3535 1261 3760 1332 triginta

2181 1356 2323 1423 dies,
2357 1364 2413 1412 et
2444 1372 2474 1411 a
2500 1357 2620 1414 solo
2656 1371 2787 1428 rege
2819 1355 3083 1411 omnibus
3112 1356 3200 1410 his
3223 1354 3417 1409 diebus
3443 1361 3501 1408 ut
3521 1359 3758 1422 petatur,

2179 1448 2620 1505 denuntiandum
2671 1465 2819 1506 esse.
2888 1447 3082 1519 Neque
3162 1445 3552 1502 intellexerunt
3626 1444 3758 1515 ipsi,

2179 1556 2413 1612 quorum
2448 1541 2654 1597 mentis
2683 1543 2858 1596 aciem
2913 1538 3337 1610 praestrinxerat
3368 1537 3594 1600 invidia,
3648 1551 3760 1591 non

2179 1646 2344 1703 posse
2404 1633 2589 1688 omnia
2643 1647 2830 1704 regem
2877 1631 3124 1703 praebere
3189 1631 3527 1701 petentibus,
3581 1644 3763 1700 neque

2178 1726 2380 1780 bonam
2417 1726 2816 1792 valetudinem,
2851 1741 3034 1797 neque
3067 1726 3264 1793 vitam,
3315 1741 3497 1793 neque
3539 1732 3598 1778 ut
3648 1725 3762 1779 sint

2183 1818 2418 1874 ﬁliorum
2439 1828 2716 1891 parentes,
2743 1835 2927 1890 neque
2957 1819 3269 1889 pluviarum
3295 1819 3428 1886 vim,
3451 1834 3630 1889 neque
3651 1818 3758 1872 alia

2180 1913 2390 1980 omnia,
2423 1929 2546 1984 qua:
2577 1929 2608 1967 a
2639 1912 2805 1984 (solo)
2843 1911 2956 1969 Deo
3008 1920 3259 1984 petentes
3290 1913 3615 1983 accipimus.
3649 1910 3761 1967 Vc.

2180 2022 2302 2061 rum
2360 2005 2566 2063 amissa
2617 2006 2826 2062 mentis
2865 2009 3108 2062 sanitate
3163 2021 3228 2062 ea
3260 2006 3396 2076 regi
3425 2005 3756 2069 attribuunt,

2178 2113 2302 2168 qua:
2336 2097 2447 2153 Deo
2477 2098 2748 2153 duntaxat
2776 2098 3146 2165 conveniunt,
3193 2095 3637 2168 persuadentque
3668 2095 3758 2151 in-

2177 2204 2319 2246 sano
2349 2189 2497 2261 regi,
2558 2198 2619 2244 ut
2667 2189 2884 2246 sanciat
2933 2201 2989 2246 et
3034 2198 3156 2260 rapta
3208 2190 3373 2245 faciat
3415 2205 3539 2260 quae
3589 2189 3758 2258 impie

2176 2282 2473 2352 petierant.
2531 2278 2651 2353 [l0]
2704 2278 2909 2336 Verum
2941 2280 3144 2336 beatus
3203 2278 3392 2336 Daniel
3443 2295 3513 2335 ne
3557 2295 3754 2350 parum

2180 2372 2397 2442 1180
2421 2371 2642 2444 quidem
2668 2372 2868 2443 impias
2896 2372 3203 2443 islasleges
3225 2386 3468 2428 curans:
3498 2389 3517 2424 ι
3555 2371 3754 2426 Statim

2173 2465 2231 2519 in
2267 2463 2492 2519 domum
2526 2479 2708 2531 suam,
2738 2465 2943 2534 inquit,
2969 2464 3280 2536 ingressus,
3315 2465 3569 2521 fenestris
3593 2478 3757 2536 aper-

2173 2557 2270 2621 tis,
2305 2557 2360 2611 in
2398 2556 2709 2630 ccenaculis
2738 2558 2890 2622 suis,
2921 2573 3122 2613 versus
3169 2556 3633 2629 Hierosolymam,
3669 2564 3756 2612 ter

2173 2649 2425 2720 quotidie
2457 2649 2712 2705 ﬂectebat
2743 2666 2923 2722 genua
2955 2666 3078 2716 sua,
3114 2658 3169 2707 et
3195 2651 3414 2714 orabat,
3442 2660 3497 2706 et
3529 2648 3756 2705 confite-

2173 2743 2341 2797 batur
2376 2757 2567 2798 coram
2630 2742 2765 2809 Deo,
2823 2743 2969 2799 sicut
3011 2751 3174 2798 antea
3238 2743 3495 2799 faciebat.
3539 2763 3558 2796 ι
3615 2740 3756 2797 Vide

2172 2843 2375 2896 autem,
2421 2841 2558 2903 quot
2603 2831 2771 2888 simul
2828 2833 2947 2888 haec
2979 2833 3160 2887 oratio
3214 2831 3428 2897 innuat,
3456 2847 3578 2903 quae
3609 2831 3754 2887 beati

2171 2923 2420 2980 Danielis
2439 2924 2696 2995 pietatem
2721 2939 2786 2979 ac
2811 2923 3196 2980 fortitudinem
3221 2922 3488 2980 declarat.
3509 2923 3752 2979 Primum

2171 3016 2318 3074 enim
2364 3015 2576 3081 Daniel,
2609 3017 2810 3087 inquit,
2837 3017 2931 3072 ubi
2961 3018 3224 3089 cognovit
3254 3025 3528 3074 statutum
3561 3015 3755 3072 decre-

2172 3119 2311 3177 tum,
2371 3129 2390 3163 ‹
2427 3112 2720 3181 Ingressus
2754 3117 2841 3166 est
2873 3110 2930 3166 in
2957 3110 3182 3166 domum
3210 3125 3407 3178 suam;
3448 3129 3466 3161 ι
3498 3110 3605 3165 hoc
3631 3118 3753 3174 est,

476 3195 703 3266 Πρῶτον
768 3197 869 3261 μὲν
915 3199 1025 3270 γάρ
1059 3199 1281 3270 Δανιὴλ,
1319 3201 1506 3271 φησὶν,
1557 3202 1720 3272 ἡνίκα
1769 3202 1930 3271 ἔγνω,
1984 3203 2066 3257 ὅτι

2172 3218 2296 3259 cum
2329 3203 2618 3258 didicisset
2661 3203 2900 3273 positam
2959 3202 3161 3274 legem,
3218 3202 3578 3258 vehementer
3629 3217 3750 3257 eam

474 3290 705 3362 ὲνετάγη
732 3290 793 3345 τὸ
839 3290 1036 3362 δόγμα,
1075 3311 1093 3344 ι
1118 3293 1382 3364 Εἰσῆλθεν
1424 3296 1504 3356 είς
1522 3293 1614 3348 τὸν
1641 3291 1791 3348 οἶκον
1818 3295 1983 3348 αὑτοῦ
2011 3337 2025 3359 ,
2042 3315 2060 3346 ι

469 3381 743 3447 τουτέστι,
801 3382 990 3454 μαθὼν
1033 3383 1126 3438 τὸν
1183 3383 1412 3440 τεθέντα
1462 3385 1648 3456 νόμον,
1706 3386 1803 3440 καὶ
1861 3387 2067 3458 σφόδρα

471 3475 853 3546 καταφρονῶν,
893 3477 1155 3548 ἀντικρὺς
1210 3477 1429 3532 ἐναντία
1476 3479 1622 3548 δρῶν
1658 3479 1912 3533 διετέλει·
1946 3475 2068 3534 εἶτα

471 3567 566 3622 καὶ
603 3568 792 3639 ἕτερον
842 3569 1116 3633 τέθεικεν,
1147 3569 1177 3623 ὃ
1220 3569 1408 3640 σαφῶς
1455 3570 1622 3624 αὑτοῦ
1671 3571 1772 3642 τὴν
1809 3571 2065 3642 ἀνδρείαν

474 3659 668 3732 μηνύει
690 3661 711 3693 ⁷
743 3676 756 3691 °
801 3679 819 3712 ι
851 3661 917 3714 Αἰ
953 3661 1063 3735 γὰρ
1109 3662 1343 3734 θυρίδες,
1376 3663 1563 3734 φησὶν,
1595 3662 1998 3736 ἀνεῳγμέναιῆ
2040 3683 2059 3716 ι

470 3752 549 3806 Ού
588 3751 699 3825 γάρ
747 3752 1010 3825 κρύϐδην,
1053 3755 1209 3826 φησὶ,
1259 3755 1360 3818 τὰς
1387 3755 1554 3827 εὐχὰς
1613 3757 1868 3818 ἐποιεῖτο.
1928 3755 2066 3813 ἀλλὰ

469 3844 789 3913 προφανῶς,
821 3843 916 3897 καὶ
953 3844 1172 3898 πάντων
1195 3843 1469 3914 δρώντων,
1495 3845 1557 3898 οὐ
1588 3846 2061 3918 φιλοτιμούμενος,

468 3934 609 3989 ἀλλά
643 3935 744 4006 τῆς
768 3935 1093 4000 δυσσεϐείας
1136 3934 1234 3990 τοῦ
1261 3935 1430 4006 νόμου
1468 3939 1852 4009 καταφρονῶν.
1886 3940 2064 4010 Πρόσ-

469 4044 649 4080 κειται
692 4027 749 4080 δὲ
785 4027 882 4081 καὶ
928 4027 1138 4097 ἕτερον,
1193 4026 1398 4098 ταύτην
1454 4027 1621 4081 αὐτοῦ
1664 4033 1764 4099 τὴν
1811 4028 2065 4103 ἀνδρείαν

468 4118 818 4190 παραδηλῶν
845 4137 862 4152 ο
899 4137 919 4170 ‹
952 4120 1043 4173 Ἐν
1071 4119 1181 4191 γὰρ
1208 4122 1319 4184 τοῖς
1353 4119 1624 4192 ὑπερῴοις
1663 4121 1852 4176 αὑτοῦ.
1894 4143 1912 4174 ι
1946 4123 2060 4176 ού⁹

467 4210 580 4282 γὰρ
612 4210 670 4262 ὲν
702 4211 970 4283 ἐπιπέδῳ,
1003 4211 1118 4266 ἀλλ’
1142 4211 1218 4274 ὡς
1255 4211 1313 4264 ὲν
1345 4215 1601 4284 περιωπῇ
1634 4231 1742 4266 τινι
1793 4211 2060 4282 προσέφε-

469 4319 564 4371 ρεν
590 4302 670 4372 τῷ
697 4301 817 4374 Θεῷ
849 4303 948 4366 τὰς
977 4303 1175 4375 εύχάς,
1208 4304 1516 4374 κατάδηλος
1543 4304 1617 4358 ὢν
1649 4304 1844 4369 ἅπασι,
1879 4303 1960 4375 τῷ
2000 4320 2060 4359 τε

464 4393 552 4462 ἐφ’
588 4393 794 4464 ὑψηλοῦ
829 4395 1073 4462 έστᾶναι,
1106 4397 1199 4448 καὶ
1241 4397 1381 4465 τῴ¹⁰
1417 4395 1518 4459 τὰς
1564 4395 1788 4467 θυρίδας
1852 4398 2060 4451 ἀναπε-

466 4487 755 4557 πταμένας
792 4487 958 4559 έχειν.
1004 4508 1020 4540 ι
1049 4487 1259 4561 Ηῦχετο
1293 4491 1369 4556 δὲ,
1413 4489 1576 4560 φησί,
1638 4489 1932 4548 κατέναντι
1974 4488 2062 4544 Ίε-

2170 3302 2554 3358 contemnens,
2586 3303 2778 3364 aperte
2807 3295 3089 3349 contraria
3117 3293 3300 3350 facere
3333 3294 3750 3364 perseverabat.

2170 3384 2375 3442 Deinde
2434 3386 2600 3441 etiam
2657 3386 2810 3440 aliud
2874 3385 3108 3452 addidit,
3162 3385 3310 3457 quod
3366 3394 3558 3456 aperte
3603 3385 3753 3440 illius

2168 3477 2338 3532 animi
2390 3476 2825 3548 magnitudinem
2880 3476 3137 3531 indicat:
3190 3493 3212 3529 c
3268 3473 3548 3531 Fenestrae
3578 3475 3748 3540 enim,

2168 3567 2367 3638 inquit,
2416 3577 2575 3623 erant
2619 3575 2844 3636 apertae.
2879 3585 2897 3620 ι
2933 3564 3124 3638 Neque
3158 3565 3304 3622 enim
3338 3565 3504 3630 clam,
3546 3563 3747 3635 inquit,

2167 3657 2522 3729 precabatur,
2578 3657 2677 3714 sed
2725 3658 2936 3729 palam,
2993 3657 3368 3728 omnibusque
3425 3657 3751 3727 inspectan-

2168 3752 2335 3817 tibus,
2369 3766 2479 3806 non
2505 3751 2834 3808 ambitionis
2888 3750 3076 3807 studio
3099 3789 3115 3817 ,
3167 3741 3264 3807 sed
3321 3749 3544 3822 impiam
3577 3751 3750 3820 legem

2167 3851 2553 3900 contemnens.
2607 3842 2774 3911 Aliud
2813 3843 2984 3899 etiam
3039 3843 3356 3914 appositum
3405 3851 3512 3906 est,
3552 3847 3572 3866 ⁴
3601 3839 3751 3914 quod

2166 3939 2310 3992 hanc
2340 3937 2517 4007 ipsius
2550 3936 2938 3992 fortitudinem
2971 3951 3082 3992 non
3114 3935 3303 3991 minus
3344 3934 3608 4000 ostendit,
3641 3934 3752 3989 sci-

2164 4029 2333 4084 licet:
2382 4047 2401 4080 ι
2450 4027 2510 4083 In
2542 4028 2848 4084 cmnaculis
2883 4028 3032 4083 enim
3082 4027 3224 4083 suis.
3270 4045 3289 4079 ι
3329 4025 3448 4080 Νοη
3490 4027 3544 4081 in
3586 4025 3750 4096 plano

2163 4119 2331 4184 enim,
2366 4118 2464 4174 sed
2525 4119 2673 4173 velut
2721 4119 2777 4173 in
2830 4121 3054 4190 specula
3107 4119 3346 4190 quadam
3405 4133 3600 4188 preces
3641 4119 3750 4173 Deo

2164 4209 2458 4274 efferebat,
2486 4209 2748 4265 omnibus
2779 4210 3143 4281 conspicuus,
3175 4221 3229 4266 et
3255 4211 3407 4283 quod
3435 4212 3492 4266 in
3519 4209 3670 4265 edito
3693 4220 3748 4265 et
3787 4241 3790 4244 η

2163 4300 2387 4357 excelso
2437 4299 2561 4355 loco
2623 4307 2832 4365 staret,
2874 4309 2930 4356 et
2982 4302 3131 4369 quod
3185 4299 3462 4357 fenestras
3527 4312 3747 4372 apertae

2165 4393 2413 4448 haberet.
2451 4411 2470 4444 ι
2510 4388 2721 4446 Orabat
2752 4400 2962 4457 autem,
3009 4391 3211 4462 inquit,
3239 4408 3437 4448 versus
3485 4391 3748 4450 Hieroso-

2164 4483 2390 4556 lymam,
2434 4502 2454 4536 ι
2496 4481 2646 4553 quod
2680 4497 2789 4537 non
2822 4485 3003 4539 solum
3036 4490 3402 4540 accusatores
3434 4499 3749 4554 provocans

467 4577 782 4649 ρουσαλήμ·
820 4597 838 4630 ι
888 4578 1045 4633 τοῦτο
1090 4581 1148 4634 δὲ
1187 4581 1249 4634 οὔ
1303 4581 1462 4652 μόνον
1518 4581 1646 4645 τοὺς
1707 4583 2054 4655 κατηγόρους

2172 4577 2436 4642 faciebat,
2481 4575 2578 4631 sed
2626 4574 2790 4631 etiam
2846 4575 3134 4645 antiquam
3185 4575 3365 4647 legem
3421 4575 3742 4632 observans.

465 4667 790 4739 παροξύνων
841 4670 1016 4724 ἐποίει
1046 4709 1062 4735 ,
1093 4670 1231 4725 ἀλλὰ
1278 4672 1374 4726 καὶ
1418 4672 1649 4726 παλαιὸν
1701 4674 1868 4745 νόμον
1918 4675 2057 4747 πλη-

466 4756 600 4829 ρῶν.
644 4758 703 4811 '0
732 4758 844 4830 γὰρ
875 4759 1130 4832 Σολομὼν
1182 4761 1272 4815 τὸν
1327 4763 1463 4816 νεὼν
1516 4762 1723 4817 ἐκεῖνον
1776 4764 2057 4838 δειμάμε-

465 4864 557 4912 νος
588 4889 603 4916 ,
637 4849 736 4903 καὶ
775 4852 883 4904 τῶν
918 4852 1214 4921 ὲγκαινίων
1262 4855 1529 4909 ἐπιτελῶν
1558 4855 1656 4926 τὴν
1690 4858 1998 4930 πανήγυριν
2035 4900 2051 4925 ,

463 4940 818 5010 προσηύξατο
892 4943 994 5011 μὲν
1065 4943 1168 5014 τὴν
1241 4943 1392 4998 θείαν
1452 4945 1612 5016 χάριν
1685 4946 2056 5020 ἐπικαλούμε-

461 5046 575 5095 νος,
606 5032 701 5084 καὶ
729 5031 936 5104 ταύτης
963 5033 1146 5106 πλήρη
1182 5035 1436 5103 γενέσθαι
1459 5037 1553 5090 τὸν
1589 5037 1726 5092 νεὼν
1769 5039 2048 5095 ἱκετεύων.

464 5119 610 5190 Πρὸς
643 5122 700 5175 δὲ
729 5123 938 5196 ἑτέροις
973 5126 1251 5191 πλείστοις
1299 5128 1395 5180 καὶ
1439 5127 1599 5182 τοῦτο
1653 5132 2010 5200 προστέθεικε
2037 5149 2052 5162 ·

469 5231 490 5264 ι
537 5215 648 5268 Καὶ
677 5214 862 5282 ἔσται,
894 5218 1060 5288 φησὶν
1087 5259 1101 5282 ,
1129 5218 1224 5272 ἐὰν
1262 5220 1522 5292 παραδῷς
1551 5221 1646 5275 τὸν
1683 5222 1809 5276 λαόν
1840 5241 1934 5276 σου
1965 5225 2054 5278 ὲν-

461 5301 636 5359 ὡπιον
679 5305 790 5360 τῶν
820 5306 1035 5379 ἐχθρῶν
1073 5309 1256 5364 αὐτῶν
1283 5350 1298 5375 ,
1359 5312 1454 5364 καὶ
1504 5313 2054 5383 αίχμαλωτεύσουσιν

461 5396 686 5452 αύτὺν¹¹
721 5398 773 5452 οἰ
823 5399 1320 5471 αἰχμαλωτίζοντες
1361 5403 1443 5467 εἰς
1498 5403 1602 5474 γῆν
1662 5405 1915 5476 μακρὰν,
1951 5405 2058 5478 ﬁ“

2164 4667 2388 4723 Salomo
2422 4667 2593 4735 enim,
2624 4683 2750 4723 cum
2804 4670 3071 4738 templum
3108 4667 3244 4724 illud
3301 4668 3658 4730 aedificasset,
3691 4678 3746 4725 et

2161 4761 2538 4819 encaaniorum
2574 4767 2868 4832 perageret
2907 4760 3193 4831 publicum
3229 4771 3583 4826 conventum,
3615 4776 3746 4831 snp-

2161 4853 2388 4925 plicavit
2412 4851 2657 4908 divinam
2685 4851 2920 4922 gratiam
2950 4851 3281 4922 implorans,
3313 4863 3370 4908 ut
3393 4867 3456 4907 ea
3479 4853 3742 4922 templum

2161 4947 2552 5018 compleretur.
2593 4945 2804 5016 1181
2833 4945 2912 5000 Ac
2949 4953 3150 5014 praeter
3189 4946 3295 5000 alia
3341 4945 3603 5016 plurima,
3640 4945 3744 5000 hoc

2160 5051 2385 5108 quoque
2415 5035 2656 5106 adjecit:
2717 5053 2737 5086 ‹
2782 5031 2847 5089 Ει
2897 5034 3026 5100 erit,
3087 5034 3303 5106 inquit,
3340 5033 3387 5091 si
3445 5035 3745 5091 tradideris

2159 5130 2428 5201 populum
2469 5137 2624 5183 tuum
2657 5142 2844 5182 coram
2884 5125 3132 5182 inimicis
3172 5127 3318 5199 ejus,
3349 5133 3404 5182 et
3457 5127 3741 5198 captivum

2158 5219 2422 5276 duxerint
2443 5220 2625 5290 ipsum
2649 5219 3016 5290 captivantes,
3042 5220 3097 5273 in
3125 5229 3331 5275 terram
3362 5219 3742 5293 longinquam,

2157 5314 2243 5369 vel
2308 5313 2722 5385 propinquam,
2784 5319 2842 5368 et
2887 5312 3480 5369 converterint'corda
3528 5329 3629 5371 sua
3686 5312 3740 5367 in

2174 5415 2325 5464 terra
2349 5407 2418 5464 ad
2470 5423 2639 5480 quam
2700 5407 2871 5463 delati
2924 5405 3160 5474 fuerint,
3197 5415 3257 5463 et
3306 5406 3743 5479 supplicaverint

1731 5557 1965 5616 VARIAE
2001 5561 2409 5624 LECTIUNES.

535 5663 944 5760 ζὲλίεὶξξῆξαι
972 5667 1253 5760 eam;
1565 5669 1693 5760 '9,“
1727 5674 2060 5760 νεξεινέμων
2090 5681 2368 5760 mnuum-
2403 5681 2505 5760 ξε
2539 5689 2593 5739 ει
2627 5683 2668 5760 εξ
2695 5684 2790 5760 κα)
2821 5687 3044 5760 καιροὺς
3072 5687 3240 5760 me.
3274 5753 3298 5760 _
3319 5684 3341 5714 ⁸
3362 5680 3513 5760 ἒεοῖδ,
3536 5681 3577 5734 Α
3607 5687 3664 5735 ει
3692 5679 3738 5760 .B

465 5733 953 5826 adiguntfpro'ﬁ.“
985 5740 1012 5826 ’ί
1039 5733 1700 5826 μῌνξ-Βῗὲμνημόνευσεν.
1728 5733 1740 5743 ’
1779 5744 1800 5775 ⁸
1832 5744 1873 5799 Β
1903 5733 2279 5821 ἠνεῳγμέναι.
2323 5733 2371 5786 -ο
2401 5733 3081 5826 Εὰἷιῖἰιὲίόῖιὶεὶἰῖϋῐὲε.

469 5805 509 5848 “-
541 5801 584 5859 Β
613 5805 831 5871 αὐτούς.
912 5809 954 5841 ¹¹
987 5801 1052 5880 ﬂ.
1075 5801 1218 5866 Edit.
1251 5801 1561 5881 pfiofhab.
1586 5813 1704 5869 καί.

3163 5758 3207 5789 ¹⁹
3230 5753 3328 5826 τῷ.
3361 5752 3439 5808 Ex
3475 5751 3518 5806 Β
3547 5749 3731 5822 suppl.
