4092 6456
415 362 555 432 1403

1447 374 1935 438 THEODORETI
1969 378 2312 442 EPISCOPI
2350 381 2716 444 CYRENSIS

3558 385 3695 452 16M

410 475 512 528 tibi
575 473 632 529 iu
695 480 847 530 terra
918 477 1430 550 transmigrationis
1489 497 1639 548 suae,
1701 482 1999 541 dicentes:

2117 490 2295 559 ἐγγὺς,
2333 492 2430 548 καὶ
2470 493 2843 565 ἐπιστρέψωσι
2877 494 3108 565 καρδίας
3134 495 3318 553 αὐτῶν
3342 497 3403 553 ἐν
3428 500 3497 571 τῇ
3527 503 3600 573 γῇ
3626 496 3692 556 οὗ

413 567 796 634 Peccavimus,
835 568 1024 638 inique
1074 570 1310 641 egimus,
1355 571 1522 643 impie
1557 590 1658 630 nos
1696 575 2000 646 gessimus,

412 668 467 713 rt
516 659 725 714 reversi
783 658 990 715 fuerint
1046 662 1112 714 ad
1167 670 1220 717 te
1252 670 1369 718 toto
1435 665 1605 720 corde
1638 682 1761 732 suo,
1802 676 1857 722 et
1888 677 2002 724 tota

414 750 600 804 anima
632 765 755 815 sua,
783 751 838 804 in
876 760 1024 805 terra
1057 751 1413 813 inimicorum
1451 772 1706 822 suorum,
1757 775 1868 830 quo
1900 761 2001 817 de-

413 840 617 894 duxisti
657 855 777 905 eos,
812 850 869 896 et
899 844 1191 898 oraverint
1225 846 1292 900 ad
1331 854 1383 902 te
1420 863 1524 920 pro
1560 850 1647 905 via
1684 860 1843 908 terra;
1864 868 2001 917 suae,

414 947 578 1001 quam
630 932 830 987 dedisti
884 936 1145 1005 patribus
1184 952 1401 1001 eorum.
1439 949 1494 996 et.
1554 942 1804 1001 civitatis
1834 961 2001 1016 quam

412 1022 653 1090 elegisti,
685 1030 741 1077 et
777 1022 980 1080 domus
1010 1042 1178 1096 quam
1219 1027 1490 1084 mdiﬁcavi
1539 1033 1756 1088 nomini
1793 1041 1910 1101 tuo,
1949 1043 2005 1091 et

411 1112 679 1170 exaudies
710 1129 741 1171 e
764 1116 930 1180 caelo,
961 1131 992 1173 e
1024 1126 1224 1188 parato
1260 1119 1581 1177 babitaculo
1611 1133 1728 1190 tuo,
1777 1132 1832 1180 et
1870 1141 2004 1196 pro-

411 1205 587 1275 pitius
615 1209 730 1263 eris
762 1211 1009 1280 peccatis
1042 1225 1263 1272 eorum.
1295 1227 1419 1283 quae
1452 1226 1825 1283 peccaverunt
1876 1220 2001 1286 tibi,

410 1308 467 1355 et
531 1302 847 1357 secundum
898 1320 1095 1362 omnes
1146 1306 1471 1379 iniquitates
1546 1327 1736 1373 eorum
1802 1315 2005 1384 quibus

412 1394 764 1461 praevaricati
803 1404 937 1452 sunt
969 1413 1099 1470 erga
1138 1409 1225 1462 te,
1253 1410 1309 1456 et
1338 1401 1499 1458 dabis
1528 1404 1640 1460 illis
1686 1406 2001 1464 miseratio~

414 1498 517 1539 nes
547 1499 739 1540 coram
771 1488 883 1543 illis
911 1491 1005 1560 qui
1041 1505 1136 1547 eos
1172 1493 1425 1563 captivos
1456 1494 1720 1552 duxerint
1743 1497 1793 1557 ἀ.
1819 1518 1837 1551 ι
1878 1497 2005 1556 Haec

415 1584 603 1632 autem
636 1579 869 1639 edoctus
894 1584 1091 1640 beatus
1114 1583 1305 1640 Daniel
1334 1603 1533 1644 versus
1554 1587 2003 1664 Hierosolymam

416 1683 728 1728 conversus
779 1674 1154 1743 precabatur:
1203 1694 1387 1750 neque
1429 1681 1603 1736 semel
1640 1683 1842 1751 quovis
1891 1685 2001 1749 die.

417 1765 513 1820 sed
554 1773 639 1822 ter
688 1767 741 1823 id
797 1768 980 1826 facere
1011 1774 1425 1843 perseverabat.
1479 1773 1547 1829 Et
1592 1775 1768 1846 ﬁgura
1805 1779 2006 1834 mentis

2110 582 2522 653 μετηνέχθησαν
2560 584 2717 651 ἐκεῖ,
2750 584 2843 640 καὶ
2875 585 3111 655 δεηθῶσί
3149 604 3244 642 σου
3291 591 3351 643 ἐν
3397 592 3469 661 γῇ
3508 606 3694 662 μετοι-

2106 671 2232 737 κίας
2266 674 2468 739 αὐτῶν,
2499 675 2751 753 λέγοντες
2772 694 2787 706 ·
2836 679 3186 751 Ἦμάρτομεν
3208 722 3227 747 ,
3258 680 3603 755 ἠδικήσαμεν
3625 683 3692 747 ¹³,

2107 762 2485 834 ὴνομήσαμεν,
2520 765 2615 819 καὶ
2647 767 3019 838 ἐπιστρέψωσι
3055 769 3191 842 πρὸς
3230 771 3292 825 σὲ
3335 773 3396 825 ἐν
3425 771 3522 843 ὅλῃ
3554 789 3693 844 καρ-

2105 853 2195 925 δίᾳ
2227 854 2426 922 αὐτῶν,
2456 857 2550 910 καὶ
2577 858 2633 911 ἐν
2667 858 2765 930 ὅλῃ
2790 862 2855 930 τῇ
2883 860 3032 933 ψυχῇ
3060 861 3265 927 αὐτῶν,
3291 862 3352 919 ἐν
3376 865 3442 934 τῇ
3479 867 3550 936 γῇ
3583 866 3688 921 τῶι

2107 945 2318 1017 ἐχθρῶν
2368 949 2547 1002 αὐτῶν
2584 941 2645 1002 οὗ
2679 953 2987 1023 μετήγαγες
3036 954 3233 1019 αὐτοὺς
3256 994 3272 1018 ,
3319 956 3415 1015 καὶ
3455 957 3685 1029 προσεύ-

2108 1039 2307 1104 ξωνται
2339 1040 2475 1111 πρὸς
2514 1042 2573 1095 σὲ
2613 1043 2735 1096 ὁδὸν
2760 1045 2865 1113 γῆς
2893 1046 3075 1100 αὐτῶν
3097 1086 3112 1111 ,
3142 1042 3213 1119 ἧς
3255 1046 3555 1109 δέδωκαςη*
3581 1052 3697 1114 τοῖς

2110 1127 2382 1197 πατράσιν
2414 1129 2593 1183 αὐτῶν
2617 1173 2632 1196 ,
2664 1131 2761 1186 καὶ
2788 1132 2888 1204 τῆς
2916 1134 3127 1198 πόλεως
3147 1178 3162 1201 ,
3202 1130 3273 1207 ἦς
3302 1136 3552 1204 ἐξελέξω,
3600 1139 3698 1192 καὶ

2106 1218 2203 1273 τοῦ
2228 1220 2400 1286 οἴκου,
2436 1213 2498 1275 οὗ
2527 1222 2856 1296 ᾠκοδόμησα
2888 1226 2968 1297 τῷ
3008 1226 3235 1297 ὀνόματί
3285 1244 3416 1292 σου,
3452 1230 3548 1283 καὶ
3589 1231 3699 1285 είσ-

2109 1311 2318 1385 ακούσῃ
2359 1316 2427 1368 ὲκ
2468 1315 2565 1368 τοῦ
2602 1317 2835 1388 οὐρανοῦ
2861 1361 2876 1386 ,
2910 1320 2968 1385 ἐξ
3007 1318 3229 1389 ἑτοίμου
3263 1322 3694 1394 κατοικητηρίου

2108 1422 2226 1471 σου,
2267 1407 2362 1459 καὶ
2392 1406 2548 1471 ἵλεως
2583 1407 2683 1482 ἔσῃ
2713 1412 2834 1473 ταῖς
2859 1410 3159 1482 ἁμαρτίαις
3184 1412 3364 1467 αὐτῶν
3395 1408 3484 1478 αἷς
3511 1414 3698 1485 ἥμαρ-

2108 1499 2199 1552 τὸν
2232 1515 2313 1553 σοι
2342 1542 2356 1564 ,
2388 1499 2481 1557 καὶ
2512 1501 2652 1557 κατά
2694 1502 2873 1556 πάντα
2923 1503 2991 1557 τὰ
3036 1503 3361 1577 ἀθετήματα
3396 1506 3599 1575 αὐτῶν,
3655 1508 3697 1564 ἃ.

2109 1586 2379 1659 ἠθέτησαν
2431 1604 2525 1655 σε,
2584 1590 2677 1642 καὶ
2725 1588 2939 1662 δῴης¹⁸
3003 1592 3205 1657 αὐτοὺς
3240 1596 3323 1658 είς
3373 1597 3697 1667 οίκτιρμοὺς

2109 1678 2341 1733 ἐνώπιον
2385 1679 2495 1732 τῶν
2543 1680 3111 1753 αἰχμαλωτευσάντων
3170 1684 3388 1748 αὐτούς.
3438 1704 3457 1739 ι
3510 1687 3700 1742 Ταῦτα.

2107 1770 2165 1826 δὲ
2193 1773 2237 1804 ²⁶
2283 1772 2714 1845 πεπαιδευμένος
2761 1776 2791 1829 6
2836 1775 3107 1847 μακάριος
3140 1776 3339 1849 Δανιὴλ
3359 1820 3375 1845 ,
3410 1776 3702 1833 κατέναντι

417 1854 568 1912 illius
623 1860 870 1914 ostendit
927 1838 1348 1919 contritionem.
1397 1862 1529 1920 Suis
1575 1838 1724 1920 exi-im
1768 1869 2005 1937 genibus

2122 1864 2484 1935 Ἰερουσαλὴμ
2507 1838 2960 1938 ’τ’τετραμμένος
2993 1838 3105 1938 ’τὴν
3137 1838 3445 1942 προσευχὴν
3468 1869 3510 1902 ⁸⁸
3546 1871 3702 1924 ἐποιο

415 1947 644 2004 innixus
676 1966 785 2006 non
816 1952 1123 2010 desistebat
1160 1954 1269 2011 Deo
1316 1956 1594 2013 conﬁteri.
1626 1956 1834 2032 [ll-13]
1868 1962 2005 2016 Cum

418 2040 538 2095 haec
570 2044 643 2095 ita
673 2042 887 2109 ﬁerent,
927 2046 1005 2101 illi
1037 2047 1132 2117 qui
1168 2048 1352 2104 effecti
1395 2058 1557 2104 erant
1588 2050 1812 2107 invidiae
1839 2068 1967 2108 Vasa
1990 2096 2005 2120 ,

419 2135 736 2205 iniquitatis
804 2137 1084 2195 Danielem
1140 2152 1451 2208 accusant,
1516 2151 1572 2198 et
1645 2144 2007 2200 constitutam

419 2225 659 2297 recitant
703 2229 901 2299 legem.
958 2242 1015 2287 et
1078 2230 1359 2290 Danielem
1418 2235 1703 2299 deferunt,
1765 2254 2009 2308 eumque

420 2326 659 2389 arguunt
724 2322 939 2393 1182
1007 2325 1160 2381 illam
1215 2327 1481 2383 violasse.
1537 2328 1609 2383 At
1669 2345 1764 2384 rex
1833 2329 2011 2384 doluit

421 2409 609 2466 audita
631 2415 1013 2482 accusatione,
1042 2424 1099 2472 et
1119 2415 1431 2475 advocatus
1463 2434 1563 2488 pro
1588 2419 1775 2489 judice
1807 2419 2007 2483 factus,

423 2501 700 2560 insontem
729 2506 1007 2563 Danielem
1029 2512 1328 2569 ostendere
1357 2512 1689 2568 conabatur.
1726 2512 1839 2569 lloc
1862 2513 2010 2569 enim

420 2592 713 2667 Scriptura
747 2598 955 2667 innuit,
993 2602 1228 2660 dicens:

2114 1959 2224 2009 εἴτο
2249 1972 2261 1985 ⁸
2298 1957 2396 2027 ούχ
2428 1956 2577 2023 ἀπαξ
2606 1957 2663 2010 δὲ
2691 1957 2793 2028 τῆς
2819 1958 3060 2029 ἡμέρας,
3091 1958 3228 2013 ἀλλά
3253 1959 3348 2013 καὶ
3381 1961 3503 2030 τρὶς
3544 1959 3706 2014 τοῦτο

2114 2046 2284 2101 ποιῶν
2309 2045 2555 2101 διετέλει.
2599 2047 2707 2101 Καὶ
2738 2047 2800 2101 τὸ
2827 2047 3014 2118 σχῆμα
3064 2046 3122 2102 δὲ
3168 2048 3269 2118 τὴν
3316 2048 3416 2118 τῆς
3465 2047 3706 2110 διανοίας

2114 2138 2358 2192 δείκνυσι
2416 2139 2732 2212 συντριϐήν.
2779 2138 3071 2210 Κάμπτων
3112 2139 3223 2213 γάρ
3256 2140 3352 2193 ἐπὶ
3392 2138 3462 2193 τά
3501 2139 3709 2207 γόνατα.

2116 2229 2280 2284 αὐτοῦ
2337 2214 2628 2285 διετέλειη
2682 2232 2783 2303 τὴν
2817 2231 3210 2304 ἐξομολόγησιν
3255 2231 3584 2304 προσφέρων
3624 2230 3708 2300 τῷ

2115 2322 2257 2394 Θεῷ.
2287 2323 2505 2377 Τούτων
2530 2321 2704 2388 οὕτως
2738 2323 3062 2395 γινομένων,
3098 2324 3148 2378 οί
3175 2322 3272 2377 τοῦ
3296 2322 3494 2392 φθόνου
3520 2323 3709 2393 δοχεῑα
3761 2385 3770 2394 _

2117 2416 2400 2486 γενόμενοι
2439 2414 2744 2486 γράφονται
2792 2414 3143 2488 παρανομίας
3192 2414 3285 2469 τὸν
3323 2415 3559 2485 Δανιὴλ,
3611 2414 3711 2467 καὶ

2120 2508 2211 2563 τὸν
2243 2506 2469 2561 τεθέντα
2491 2506 2656 2578 νόμον
2686 2505 3145 2577 ἀναγινώσκουσι,
3169 2508 3265 2561 καὶ
3295 2507 3388 2561 τόν
3409 2524 3468 2561 τε
3506 2504 3712 2577 Δανιὴλ

2122 2599 2577 2669 εἰσαγγέλλουσι,
2632 2600 2728 2655 καὶ
2778 2601 2879 2673 τὴν
2937 2600 3255 2672 παράϐασιν
3307 2599 3706 2671 ἐξελέγχουσιν.

428 2673 491 2738 Ὀ
526 2664 585 2740 δέ
617 2686 873 2758 βασιλεὺς
915 2664 1124 2765 ἤλγησε
1178 2695 1279 2765 μὲν
1308 2697 1412 2769 τῆς
1466 2698 1685 2770 γραφῆς
1739 2694 1978 2762 ἀκούων,
2014 2664 2312 2764 συνήγορος
2350 2692 2406 2746 δὲ
2442 2664 2571 2746 ἀντ).
2609 2691 2800 2766 κριτοῦ
2831 2664 3148 2764 γενόμενος,
3209 2664 3386 2747 ἀθῶον
3432 2664 3713 2749 δεικνύναι

418 2775 515 2831 τὸν
538 2780 738 2853 Δανιὴλ
766 2784 1025 2856 ἐπειρᾶτο
1050 2803 1066 2818 ³
1099 2786 1258 2840 τοῦτο
1300 2787 1411 2860 γάρ
1439 2787 1660 2860 ᾐνίξατο
1685 2790 1718 2860 ἠ
1752 2785 2048 2857 συγγραφὴ
2070 2785 2115 2816 ²⁰
2152 2783 2387 2851 λέγουσα
2418 2797 2434 2812 ⁶

491 2875 659 2933 Vens.
689 2877 776 2933 14.
798 2897 817 2929 ι
839 2877 999 2934 Tunc
1023 2895 1145 2947 rex,
1175 2890 1237 2936 ιιι
1269 2883 1497 2938 verbum
1518 2885 1751 2947 audivit,
1778 2884 2013 2938 multum

425 2971 803 3027 contristatus
832 2980 919 3028 est
953 2974 1077 3044 ejus
1103 2989 1297 3036 causa,
1328 2982 1383 3030 et
1415 2991 1515 3046 pro
1540 2975 1764 3030 Dauiele
1788 2984 2016 3029 conten-

423 3063 531 3127 dit,
558 3070 622 3117 ut
645 3062 909 3118 liberaret
941 3079 1090 3120 eum.
1127 3084 1145 3117 ι
1181 3064 1303 3138 [l5]
1336 3065 1444 3121 Sed
1469 3066 1729 3122 malitiosi
1765 3067 2017 3122 homines

425 3156 534 3223 illi,
565 3165 620 3211 et
658 3156 969 3215 sceleribus
994 3158 1285 3225 innutriti,
1315 3160 1612 3215 consilium
1663 3159 1811 3230 regis
1843 3174 2015 3228 agno-

2191 2880 2275 2934 ιδ’.
2315 2897 2333 2931 ι
2370 2878 2506 2932 Τότε
2533 2879 2563 2931 6
2595 2877 2855 2950 βασιλεὺς
2874 2917 2890 2943 ,
2918 2878 2994 2942 ὡς
3021 2877 3084 2931 τὸ
3113 2878 3266 2950 ῥῆμα
3291 2879 3496 2950 ἢκουσε
3519 2919 3534 2942 ,
3568 2877 3709 2933 πολὺ

2117 2972 2363 3044 ἐλυπήθη
2409 2973 2497 3025 ἐπ’
2530 2971 2701 3041 αὐτῷ,
2742 2973 2840 3026 καὶ
2884 2971 3015 3042 περὶ
3043 2970 3140 3025 τοῦ
3169 2970 3368 3041 Δανιὴλ
3395 2971 3710 3040 ἠγωνίσατο

2118 3063 2211 3117 τοῦ
2260 3063 2542 3130 ἐξελέσθαι
2590 3064 2772 3118 αὐτόν.
2811 3083 2830 3116 ι
2878 3062 3022 3118 ‘AD.’
3064 3063 3115 3117 οί
3169 3063 3465 3134 κακοήθεις
3513 3063 3711 3136 ἄνδρες

2119 3158 2339 3222 ἐκεῖνοι,
2375 3156 2470 3209 καὶ
2502 3155 2809 3228 κακουργία
2858 3156 3162 3222 συζῶντες,
3195 3155 3441 3224 ἔγνωσαν
3478 3156 3568 3210 τὸν
3611 3155 3708 3211 τοῦ

424 3260 652 3304 verunt.
688 3248 803 3305 Hoc
839 3251 987 3306 enim
1015 3252 1291 3321 signiﬁcat
1326 3252 1483 3317 illud,
1517 3272 1536 3305 ι
1574 3251 2011 3309 Anteverterunt

2119 3248 2386 3320 βασιλέως
2412 3249 2633 3303 σκοπόν.
2666 3250 2837 3304 Τοῦτο
2858 3250 2967 3321 γάρ
2992 3250 3250 3322 σημαίνει
3269 3249 3353 3318 τὸ,
3393 3270 3415 3303 ‹
3447 3250 3708 3322 Παρῃτή-

428 3342 695 3411 precibus
727 3343 829 3397 viri
868 3343 948 3398 illi
988 3360 1195 3414 regem,
1234 3364 1254 3398 ι
1289 3345 1395 3401 hoc
1441 3354 1563 3411 est,
1620 3346 2011 3403 intellexerunt

2122 3343 2343 3396 σαντο²¹
2397 3343 2447 3395 οξ
2494 3341 2689 3416 ἄνδρες
2733 3343 2827 3398 ἐπὶ
2884 3342 2978 3398 τὸν
3030 3343 3292 3413 βασιλέαο
3350 3364 3369 3395 ι
3415 3344 3536 3397 ἀντὶ
3587 3344 3708 3409 τοῦ,

424 3448 554 3488 eum
626 3431 835 3490 Danieli
904 3436 1240 3505 Opitulari.‘
1297 3437 1505 3495 Deinde
1580 3440 1775 3496 dicunt
1846 3440 2014 3512 regi:

432 3543 453 3575 σ
492 3524 667 3593 Scito,
705 3543 823 3594 rex,
854 3531 1004 3600 quod
1040 3530 1322 3587 decretum
1378 3531 1553 3590 Medis
1598 3542 1653 3589 et
1679 3532 1867 3591 Persis
1921 3535 2016 3601 sit,

427 3631 594 3673 omne
619 3619 907 3675 decretum
945 3630 1001 3678 et
1035 3623 1516 3690 constitutionem,
1545 3641 1711 3697 quam
1750 3642 1847 3682 rex
1883 3642 2021 3682 con-

429 3710 699 3779 stituerit,
740 3727 853 3767 non
903 3724 1165 3785 oportere
1211 3717 1519 3775 immutari.
1564 3738 1584 3773 ι
1626 3716 1748 3774 Νοη
1779 3729 1886 3785 est,
1928 3720 2018 3775 in-

428 3802 651 3870 quiunt,
687 3803 741 3857 in
776 3813 869 3860 tua
900 3815 1205 3875 potestate,
1239 3818 1301 3863 ut
1336 3825 1401 3865 ea
1437 3825 1561 3882 qua!
1613 3811 1735 3882 lege
1784 3813 2018 3870 sanxisti

430 3902 671 3950 evertas.
706 3894 997 3951 Medorum
1019 3899 1165 3953 enim
1201 3909 1254 3954 et
1284 3899 1581 3957 Persarum
1626 3903 1777 3974 leges
1800 3903 2016 3972 julient,

433 3993 495 4039 ut
541 3984 665 4040 latae
701 3986 846 4056 leges
900 4002 930 4041 a
969 3988 1150 4059 primo
1178 4006 1306 4062 rege
1367 3992 1760 4047 observentur.
1801 3990 1916 4065 [l6]
1952 3992 2017 4049 Vi

433 4085 620 4132 autem
654 4086 891 4134 coactus
922 4095 1042 4144 rex,
1070 4083 1459 4150 probabilitate
1480 4085 1695 4140 scilicet
1717 4087 2016 4153 orationis,

430 4176 487 4225 et
507 4170 864 4228 multitudine
887 4183 1306 4241 accusatorum,
1342 4177 1563 4232 beatum
1593 4178 1873 4235 Danielem
1907 4181 2020 4236 leo-

434 4262 607 4319 nibus
630 4266 819 4332 tradit,
853 4273 906 4320 et
930 4282 1030 4338 pro
1071 4282 1137 4323 eo
1175 4269 1252 4324 ita
1280 4269 1422 4326 bene
1454 4279 1755 4341 precatur:
1788 4291 1807 4324 ι
1853 4272 2015 4339 Deus,

434 4359 524 4410 cui
550 4357 723 4412 servis
750 4362 1034 4427 continue,
1073 4361 1192 4431 ipse
1224 4362 1479 4419 liberabit
1507 4372 1583 4420 te.
1632 4385 1654 4419 ι
1693 4363 1856 4420 Pium
1898 4383 2020 4422 ver-

435 4448 591 4515 bum,
623 4460 679 4506 et
705 4453 956 4521 pristinis
999 4455 1227 4510 minime
1256 4465 1716 4512 consentaneum.
1761 4456 1818 4512 Si
1869 4458 2019 4513 enim

436 4548 648 4595 tantam
684 4545 912 4599 testaris
941 4561 1064 4601 esse
1113 4545 1206 4600 Dei
1251 4547 1542 4610 virtutem,
1575 4548 1854 4616 quomodo
1906 4548 2023 4618 lege

2121 3434 2363 3505 συνῆκαν
2386 3434 2463 3497 ὡς
2492 3433 2572 3507 τῷ
2604 3434 2802 3508 Δανιὴλ
2831 3436 3278 3506 συναγωνίζεται.
3306 3431 3441 3489 Εἶτα
3490 3435 3714 3504 λέγουσι

2118 3525 2198 3598 τῷ
2221 3527 2466 3595 βασιλεῖ’
2512 3546 2532 3579 ι
2574 3527 2770 3594 Γνῶθι,
2804 3527 3049 3598 βασιλεῦ,
3079 3529 3159 3583 ὅτι
3193 3528 3254 3582 τὸ
3299 3529 3475 3600 δόγμα
3501 3527 3714 3599 Μήδοις

2120 3620 2216 3673 καὶ
2245 3619 2523 3691 Πέρσαις,
2585 3619 2682 3674 τοῦ
2729 3621 2908 3675 πάντα
2959 3620 3189 3693 ὁρισμὸν
3237 3621 3334 3675 καὶ
3385 3621 3606 3684 στάσιν.
3642 3621 3714 3693 ἢν

2122 3711 2218 3765 ἐάν
2236 3712 2281 3742 ²²
2317 3712 2345 3764 6
2384 3710 2640 3781 βασιλεὺς
2697 3713 2873 3786 στήσῃ
2892 3713 2975 3778 ⁸³,
3033 3713 3093 3766 οὐ
3143 3713 3228 3766 δεῖ
3283 3711 3649 3786 παραλλάξαι.
3683 3732 3704 3766 ι

2122 3804 2238 3857 Οὐκ
2263 3799 2346 3867 εί,
2378 3805 2548 3873 φασὶ,
2591 3803 2781 3876 κύριος
2806 3844 2823 3870 ,
2856 3804 2893 3860 ἀ
2921 3806 3352 3878 νενομοθέτηκας
3383 3806 3707 3878 ἀνατρέψαι.

2121 3897 2324 3969 Μήδων
2357 3896 2465 3969 γὰρ
2516 3897 2612 3950 καὶ
2661 3897 2887 3968 Περσῶν
2940 3897 2991 3951 oi
3031 3898 3187 3969 νόμοι
3217 3898 3709 3970 παρακελεύονται,

2121 3986 2248 4049 τοὺς
2278 3985 2595 4057 τιθεμένους
2617 3985 2663 4017 ’³
2698 3986 2900 4056 νόμους
2929 3985 3080 4059 παρά
3107 3986 3323 4059 πρώτου
3370 3988 3712 4060 πληροῦσθαι

2120 4075 2216 4130 τοῦ
2250 4076 2541 4148 βασιλέως.
2595 4077 2853 4142 Βιασθεὶς
2891 4078 2949 4131 δὲ
2991 4080 3020 4132 6
3069 4077 3325 4148 βασιλεὺς
3354 4079 3431 4152 τῷ
3458 4096 3519 4133 τε
3552 4078 3712 4149 δῆθεν

2123 4169 2331 4240 εὐλόγῳ
2366 4170 2474 4224 τῶν
2523 4171 2699 4240 λόγων
2737 4172 2831 4225 καὶ
2874 4169 2953 4242 τῷ
2994 4170 3189 4243 πλήθει
3218 4172 3328 4225 τῶν
3367 4172 3712 4244 κατηγόρων,

2123 4262 2464 4334 παραδίδωσι
2530 4264 2629 4334 μὲν
2672 4264 2784 4327 τοῖς
2828 4262 3011 4316 λέουσι
3044 4263 3134 4317 τὸν
3171 4263 3444 4335 μακάριον
3473 4263 3712 4335 Δανιήλ·

2123 4353 2418 4423 ἐπεύχεται
2473 4353 2532 4407 δὲ
2585 4352 2737 4425 αὑτῷ
2786 4353 3123 4426 σωτηρίαν²⁵
3168 4354 3370 4424 λέγων·
3419 4373 3438 4407 ι
3488 4356 3547 4409 '0
3581 4354 3718 4419 Θεὸς

2123 4439 2168 4515 ᾧ
2197 4445 2482 4517 λατρεύσεις
2522 4444 2855 4516 ἐνδελεχῶς,
2903 4446 3068 4512 αὐτὸς
3104 4446 3371 4515 ἐξελεῖταί
3406 4464 3485 4501 σε.
3539 4466 3558 4499 ι
3606 4445 3716 4501 Εὐ..

2127 4538 2285 4603 σεὸἐς
2314 4540 2373 4593 τὸ
2407 4539 2583 4611 ῥῆμα,
2612 4540 2706 4593 καὶ
2730 4542 2843 4603 τοῖς
2865 4540 3105 4611 πρώτοις
3137 4541 3488 4613 ἀσύμφωνον.
3518 4542 3580 4595 Ei
3606 4541 3717 4613 γὰρ

435 4635 694 4697 sanxisti,
731 4651 798 4692 ne
825 4638 953 4709 quis
986 4637 1090 4707 ipsi
1124 4637 1352 4708 triginta
1397 4638 1617 4693 dierum
1666 4640 1850 4708 spatio
1892 4654 2011 4708 sup-

2124 4633 2397 4703 τοσαύτην
2428 4632 2507 4703 τῷ
2537 4631 2655 4703 Θεῷ
2677 4636 3129 4706 προσμαρτυρεῖς
3159 4632 3417 4704 δύναμιν,
3446 4632 3565 4696 πῶς
3598 4635 3719 4687 svo-

437 4727 709 4796 plicaret?
732 4727 838 4784 Sed
867 4731 1087 4786 videtur
1113 4729 1313 4787 Darius
1342 4729 1553 4802 probus
1573 4732 1796 4802 quidem
1825 4731 2020 4797 fuisse,

436 4825 494 4871 et
529 4819 777 4876 moribus
829 4838 1045 4892 aequus,
1082 4822 1380 4893 potiusque
1424 4822 1649 4891 pietatis
1701 4823 2018 4886 studiosus,

439 4908 807 4966 meticulosus
841 4923 1059 4977 tamen,
1096 4919 1152 4967 et
1198 4913 1504 4968 admodum
1554 4911 1733 4967 facilis
1763 4912 2020 4982 deceptu.

440 4995 689 5068 Regnum
723 5002 872 5057 enim
904 5017 1015 5057 non
1046 5002 1493 5067 administrabat,
1519 5011 1581 5056 ut
1607 5000 1714 5058 sibi
1739 5001 2024 5070 subjectos

439 5092 685 5158 duceret,
722 5094 938 5167 1183
971 5097 1066 5152 secl
1108 5096 1179 5151 ab
1212 5094 1280 5152 iis
1312 5095 1644 5163 ducebatur,
1688 5094 2025 5165 videturque

441 5178 719 5238 Danielem
756 5185 915 5240 valde
964 5187 1273 5242 admiratus
1334 5185 1509 5242 fuisse
1544 5203 1558 5240 :
1596 5205 1616 5240 ι
1655 5185 1803 5242 Dens
1849 5187 2021 5252 enim,

442 5272 643 5343 inquit,
678 5277 765 5332 cui
806 5277 987 5334 servis
1014 5277 1301 5347 continue,
1342 5297 1361 5329 ι
1397 5286 1629 5350 propter
1658 5293 1822 5350 quem
1853 5278 2020 5333 etiam

512 5406 630 5462 dlll
653 5409 790 5480 Reg.
824 5423 946 5474 vtu,
978 5409 1189 5478 ιιι-δικ
1222 5409 1267 5465 ΙΙ
1297 5410 1479 5470 ὺι-ιιι.
1514 5428 1592 5478 νι,
1616 5413 1689 5468 56
1720 5427 1876 5482 seqq.

2133 4724 2442 4797 μοθέτησας
2492 4724 2697 4797 μηδένα
2751 4725 2927 4797 τούτῳ
2969 4728 3051 4790 εἰς
3093 4726 3387 4798 τριάκοντα
3435 4725 3649 4797 ἡμέρας
3669 4724 3716 4757 ’⁸

2132 4815 2568 4886 προσεύξασθαις
2612 4816 2756 4870 Ἀλλ’
2800 4816 2977 4871 ἔοικεν
3006 4819 3035 4872 6
3082 4818 3312 4886 Δαρεῖος
3343 4816 3579 4887 χρηστὸς
3616 4816 3714 4885 μὲν

2131 4905 2459 4975 γεγενῆσθαι
2478 4906 2544 4969 ’⁷,
2582 4906 2675 4960 καὶ
2712 4906 2805 4960 τὸν
2832 4906 3037 4978 τρόπον
3071 4905 3342 4979 ἐπιεικὴς,
3377 4906 3472 4960 καὶ
3514 4905 3717 4976 μᾶλλον

2130 4996 2385 5069 εὐσεϐείᾳ
2417 4998 2721 5070 προσέχων,
2754 4998 3027 5070 ψοφοδεὴς
3067 4998 3125 5052 δὲ
3165 4999 3317 5070 ὅμως
3348 5000 3442 5053 καὶ
3482 4997 3603 5051 λίαν
3630 4998 3720 5051 εὐ-

2131 5089 2491 5162 εξαπάτητος.
2524 5091 2600 5144 Οὐ
2642 5092 2752 5164 γάρ
2788 5092 2855 5145 ἂν
2884 5090 3165 5162 βασιλείαν
3192 5090 3396 5145 διέπων
3415 5132 3431 5154 ,
3458 5090 3582 5144 ἀντὶ⁹
3620 5088 3716 5145 τοῦ

2129 5183 2306 5252 ἄγειν,
2339 5182 2443 5237 ὑπὸ
2473 5182 2582 5236 τῶν
2615 5183 2940 5255 ἀρχομένων
2990 5184 3186 5255 ἤγετο·
3231 5182 3484 5252 φαίνεται
3518 5181 3577 5236 δὲ
3621 5198 3698 5237 κα

2132 5276 2337 5348 σφόδρα
2364 5276 2659 5348 θαυμάζων
2682 5276 2775 5332 τὸν
2795 5275 3018 5349 Δανιήλ·
3049 5295 3068 5329 ι
3107 5275 3166 5330 '0
3191 5274 3324 5341 Θεδς
3357 5275 3489 5348 γὰρ,
3525 5273 3694 5346 φησὶν

1708 5524 1945 5580 VARle
1985 5522 2387 5580 LECTIONES.

516 5614 560 5688 ιε
590 5614 674 5688 ἠδ,
712 5613 768 5668 ιη
801 5614 842 5667 Β
877 5623 1003 5688 post
1031 5617 1193 5688 ὴνομ.
1228 5618 1475 5688 ponitur.

450 5751 568 5808 λέα.
603 5754 726 5811 Des.
770 5751 913 5817 apud
942 5751 1124 5820 'LXX,
1157 5769 1211 5813 et
1241 5760 1295 5813 in
1328 5769 1476 5814 textu
1516 5751 1713 5815 Chald.

1818 5762 1862 5792 "
1893 5761 2175 5845 ἐάνιόῦρε.
2207 5761 2263 5845 in
2293 5758 2357 5845 Ῑξ.
2436 5758 2481 5790 ³³
2515 5758 2560 5814 Β
2586 5761 2792 5845 στήσει.
2870 5758 3389 5836 ’δ’Β-τεθειμένους.

458 5823 600 5891 [θίαν.
681 5827 756 5881 Ex
787 5827 829 5883 Β
858 5829 1037 5899 suppl.
1116 5829 1162 5865 ’°
1190 5829 1232 5885 B
1259 5832 1318 5885 ἐν
1347 5828 1642 5902 τριάκοντα
1670 5830 1923 5906 ἡμέραις.
2003 5828 2048 5867 ³⁷
2077 5830 2119 5887 Β
2142 5828 2419 5900 γενέσθαι.

1581 5620 1625 5653 ιι
1652 5619 1940 5684 Βέδωκας.
2032 5621 2076 5653 ιι
2106 5618 2149 5673 n
2175 5618 2391 5681 δώσεις.
2471 5617 2515 5651 ιο
2543 5618 2620 5673 δέ.
2655 5617 2781 5674 Des.
2816 5619 2868 5674 in
2903 5618 2961 5674 Β.
3047 5619 3089 5652 ’τ
3133 5620 3201 5674 Ὶε
3248 5618 3339 5674 .B
3367 5603 3558 5689 prtem.
3593 5619 3713 5690 τῆς.

1592 5705 1623 5722 η
1658 5691 1697 5722 ιὶ
1751 5691 1843 5722 η.ιῖ
1878 5689 2077 5722 Ani-mh.
2106 5690 2265 5722 ιυιιωι
2302 5688 2643 5722 πηηηέμηρηευ
2743 5689 2789 5721 so
2822 5689 2860 5722 R
2890 5689 3076 5722 unm-auf-
3207 5637 3253 5722 ξι
3285 5691 3408 5722 "an
3460 5719 3530 5722 μ
3562 5688 3713 5722 Ωιι..-

451 5683 566 5761 ξ’[Β
593 5685 692 5761 τὰς
732 5683 1095 5761 προσε-υχάςζ-
1135 5683 1203 5721 ἰ’
1233 5683 1370 5761 διετ.
1403 5686 1547 5761 Des._
1567 5690 1624 5744 in
1658 5691 1718 5753 B,
1751 5691 1844 5761 qui
1877 5689 2077 5747 deinde
2106 5690 2271 5745 habet
2293 5688 2662 5761 προσέφερεν.
2743 5689 2789 5721 ²⁰
2821 5689 2861 5744 Β
2890 5689 3103 5761 γραφή.
3207 5683 3253 5722 ⁸⁸

3285 5688 3428 5760 Παρ.
3459 5719 3530 5760 -τ-
3560 5688 3715 5759 βασι-

3470 5759 3518 5795 n
3547 5775 3717 5833 σωτη.
