4092 6396
383 411 526 476 1405

1580 400 1665 460 ΙΝ
1693 393 2048 459 DANIELIS
2077 391 2236 451 CAP.
2265 388 2368 450 VI.

3503 363 3640 429 1406

374 517 421 580 ᾧ
448 517 733 591 λατρεύεις
761 513 1075 586 ἐνδελεχῶς,
1112 531 1130 564 ι
1163 511 1233 566 δι’
1256 511 1335 578 ὃν,
1369 508 1526 580 φησι,
1556 506 1655 560 καὶ
1676 503 1784 557 τῶν
1815 499 1964 572 ἐμῶν
1993 551 1995 558 ,

2099 511 2239 560 neas,
2259 493 2458 565 inquit,
2493 492 2643 564 leges
2671 491 3112 559 aspernatus-es,
3147 489 3201 538 et
3222 495 3386 550 quem
3417 482 3642 536 assiduo

378 586 797 681 κατεφρόνησας
836 604 1054 673 νόμων,
1101 601 1198 655 καὶ
1232 595 1463 668 διηνεκῆ
1506 593 1606 666 τὴν
1665 586 1965 660 θεραπείαν

378 676 540 770 αὐτῷ.
555 676 889 770 προσφέρεις
908 735 924 759 ,
956 690 1252 763 ἀμείψεταί
1287 705 1347 742 σε
1378 687 1477 758 τῆς
1507 682 1794 742 εὐσεϐείας
1822 722 1835 746 ,
1867 676 1962 730 καὶ

379 795 490 847 τῶν
521 789 860 860 κατεχόντων
890 783 1080 839 δεινῶν
1111 781 1496 844 ἀπαλλάξειεν.
1544 771 1675 829 Εἶτα
1713 772 1809 826 καὶ
1837 770 1970 841 θαρο

384 884 496 956 ρὦ
520 885 588 954 τῇ
626 880 721 935 τοῦ
761 877 897 932 Θεοῦ
926 876 1155 946 δυνάμει
1181 917 1194 940 ,
1237 872 1332 926 καὶ
1361 871 1460 933 τὰς
1500 869 1611 922 τῶν
1643 863 1968 934 κατηγόρων

383 950 742 1046 ὐφορῶμενος
789 965 1127 1032 ἐπιϐουλὰς,
1175 963 1311 1034 λίθῳ
1369 961 1469 1032 μὲν
1519 955 1821 1028 ἐμφράττει
1871 950 1966 1005 τοῦ

383 1043 592 1124 λάκκου
644 1064 708 1118 τὸ
758 1061 971 1132 στόμα,
1018 1060 1131 1122 τοῖς
1167 1057 1224 1110 δὲ
1254 1053 1346 1109 τοῦ
1386 1051 1674 1107 δακτυλίου
1722 1043 1970 1100 ἐκτυπώ-

389 1174 556 1230 μασιν
587 1153 868 1221 ἐπιτίθησι
903 1153 1193 1222 σήμαντρα
1215 1187 1230 1213 ,
1265 1146 1355 1200 ἵνα
1387 1145 1460 1216 μή
1492 1160 1576 1206 τις
1621 1141 1714 1194 ὑπ’
1745 1137 1969 1192 ἐκείνων

387 1224 519 1319 περὶ
558 1247 650 1300 τὸν
681 1243 880 1313 Δανιὴλ
911 1241 1139 1312 γένηται
1165 1234 1470 1307 κακουργία
1493 1249 1507 1262 ο
1543 1229 1766 1302 ἐθάρρει
1784 1227 1830 1259 ’⁸
1860 1224 1970 1296 γὰρ

386 1315 477 1406 ὡς’
496 1340 624 1402 τοὺς
676 1337 900 1398 λέοντας
949 1333 1050 1388 οὐκ
1089 1332 1240 1385 ἐάσει
1277 1326 1372 1384 τοῦ
1406 1323 1608 1394 Δανιὴλ
1651 1323 1680 1376 6
1725 1319 1858 1382 Θεὸς
1909 1315 1971 1369 τὸ

391 1432 539 1501 ἱερὸν
587 1427 757 1482 αὐτοῦ
779 1428 822 1459 ⁸³
853 1425 953 1480 καὶ
987 1422 1146 1492 ἅγιον
1178 1415 1524 1490 λυμήνασθαι
1571 1413 1752 1484 σῶμα.
1785 1407 1972 1463 Ταῦτα

387 1523 571 1579 τοίνυν
601 1522 839 1592 ποιήσας
859 1561 876 1587 ,
1094 1514 1104 1524 ’

467 1641 556 1706 ιη’.
596 1652 614 1685 ι
657 1629 926 1702 Ἀπῆλθεν
966 1629 995 1682 6
1042 1625 1297 1697 βασιλεὺς
1332 1623 1412 1686 είς
1455 1619 1548 1674 τὸν
1595 1613 1744 1672 οἷκον
1780 1611 1969 1679 αὐτοῦ,

393 1727 490 1780 καὶ
510 1699 796 1793 ἐκοιμήθη
813 1719 1086 1781 ἄδειπνος,
1114 1714 1212 1769 καὶ
1241 1711 1516 1780 ἐδέσματα
1545 1709 1646 1762 οὐκ
1673 1709 1910 1778 ήνεγκαν
1925 1699 1972 1734 ⁸⁸³

393 1815 566 1886 αὐτῷ,
603 1813 700 1867 καὶ
729 1813 758 1865 6
790 1809 957 1872 ὕπνος
988 1806 1202 1876 ἀπέστη
1253 1803 1358 1858 ἀπ’.
1375 1800 1568 1857 αὐτοῦ.
1606 1818 1624 1851 ι
1662 1798 1880 1850 Τούτων
1915 1794 1972 1847 δέ

394 1884 624 1959 ’ἑκαστον
655 1901 752 1956 καὶ
790 1894 1204 1969 φιλανθρωπίαν
1246 1888 1392 1960 αὐτῷ
1433 1889 1529 1942 καὶ
1568 1884 1772 1939 δειλίαν
1803 1898 1974 1952 προσ-

400 1996 689 2069 μαρτυρεῖ.
718 1984 1144 2061 ⁴Ιιιλανθρωπίας
1196 1984 1294 2055 μὲν
1339 1977 1449 2050 γὰρ
1497 1977 1558 2030 τὸ
1608 1977 1749 2046 μήτε
1791 1972 1978 2026 σιτίων

397 2064 652 2158 ἐθελῆσαι
705 2081 1036 2155 μετασχεῖν,
1102 2077 1241 2148 μήτε
1293 2072 1466 2126 ῦπνον
1520 2071 1632 2130 τοῖς
1682 2064 1979 2136 βλεφάροις

398 2194 518 2240 πως
539 2153 794 2241 δέξασθαι
813 2171 882 2237 ³¹,
912 2167 1026 2224 ἀλλ’
1050 2167 1331 2236 ἄγρυπνον
1356 2157 1687 2220 διατελέσαι,
1710 2153 1981 2224 ἀλγοῦντα

400 2273 495 2325 ἐπὶ
529 2273 594 2341 τῇ
635 2269 805 2339 ἀδίκῳ
849 2263 944 2318 τοῦ
985 2259 1187 2331 Δανιὴλ
1241 2254 1512 2328 τιμωρίᾳο
1563 2251 1765 2313 δειλίας
1803 2249 1882 2313 δὲ,
1921 2245 1985 2300 τὸ

400 2364 544 2418 οὕτω
593 2359 938 2429 διακείμενον
989 2355 1066 2426 μὴ
1111 2349 1426 2418 ἀντιστῆναι
1477 2347 1589 2407 τοῖς
1635 2341 1981 2412 κατηγόροις,

403 2457 498 2511 καὶ
549 2457 614 2526 τῇ
669 2451 921 2524 βασιλικῇ
965 2443 1184 2514 ἐξουσίᾳ
1221 2441 1314 2496 καὶ
1363 2439 1593 2506 δυνάμει
1638 2434 1985 2506 χρησάμενον

405 2548 580 2603 σῶσαι
613 2545 702 2600 τὸν
747 2538 1125 2612 ἀδικούμενον.
1173 2533 1332 2590 Οῦτω
1375 2530 1432 2585 δὲ
1463 2530 1566 2602 τὴν
1588 2528 1633 2561 ³¹
1669 2525 1841 2582 νύκτα
1870 2524 1987 2576 δια-

403 2640 630 2718 τελέσας
655 2653 669 2666 ·

481 2751 566 2806 ιϐ’.
621 2767 640 2802 ι
693 2747 752 2801 '0
789 2743 1044 2816 βασιλεὺς
1075 2741 1302 2813 Δαρεῖος
1333 2738 1378 2771 ³³
1431 2735 1631 2804 ἀνέστη
1669 2727 1882 2802 τοπρωῒ
1931 2727 1990 2779 ἐν

405 2839 486 2910 τῷ
515 2838 673 2907 φωτί.
719 2855 738 2890 ›
774 2833 1101 2896 Τουτέστιν,
1151 2829 1232 2883 ἐτι
1275 2827 1499 2889 σκότους
1544 2824 1696 2885 ὄντος
1719 2862 1735 2886 ,
1771 2818 1900 2889 περὶ
1931 2816 1994 2870 τὸ

408 2907 660 2998 λύκόφως
677 2929 742 2994 ³⁵,
783 2926 859 2989 ὡς
906 2923 1003 2979 καὶ
1047 2921 1309 2992 δεηθῆναι
1355 2913 1709 2988 λαμπάδων³⁸
1735 2929 1749 2943 ο
1781 2908 1844 2963 τὸ
1884 2907 1993 2980 γὰρ

410 3025 470 3077 ἐν
494 3021 572 3092 τῷ
596 3020 736 3089 φωτὶ
766 3017 928 3072 τοῦτο
961 3012 1284 3086 παραδηλοῖ.

479 3155 498 3186 ι
523 3133 636 3188 Καὶ
659 3130 861 3201 σπουδῇ
891 3129 936 3161 ³⁸
957 3122 1120 3198 ἦλθεν
1139 3125 1233 3177 ἐπὶ
1257 3121 1348 3176 τόν
1379 3119 1580 3174 λάκκον
1611 3116 1721 3169 τῶν
1739 3111 1990 3166 λεόντων·

2067 589 2219 643 cultu
2250 584 2558 645 veneraris,
2587 589 2738 636 tuam
2777 578 3034 650 pietatem
3095 572 3562 634 remunerabitur,
3590 578 3644 624 et

2068 697 2098 735 a
2152 681 2314 734 malis
2365 686 2417 732 te
2483 673 2924 745 opprimentibus
2985 666 3334 723 liberandum
3401 662 3640 718 curabit.

2071 770 2187 844 [Π]
2224 767 2428 824 Deinde
2461 767 2630 822 etiam
2664 764 2851 818 divina
2881 762 3082 816 virtute
3117 758 3318 818 fretus,
3350 770 3417 810 ac
3445 769 3643 821 suspe-

2069 873 2189 918 ctas
2220 862 2431 916 habens
2469 863 2858 912 accusatorum
2902 852 3157 914 insidias,
3187 847 3371 918 lapide
3406 845 3646 900 obstruit

2069 958 2280 1012 ostium
2309 954 2486 1015 lacus,
2523 959 2578 1004 et
2605 947 2794 1002 annuli
2825 945 3005 1015 eﬂigie
3054 941 3286 1012 imponit
3331 937 3535 1006 sigilla,
3575 949 3645 988 ne

2071 1062 2234 1119 quem
2278 1045 2360 1098 illi
2393 1048 2588 1098 contra
2626 1038 2903 1093 Danielem
2947 1036 3130 1089 dolum
3172 1031 3641 1086 machinarentur.

2070 1136 2396 1194 Conﬁdebat
2422 1133 2568 1189 enim
2624 1130 2744 1185 fore
2784 1137 2845 1182 ut
2894 1128 3038 1181 Deus
3087 1122 3329 1177 Danielis
3362 1135 3471 1173 non
3520 1131 3644 1186 per-

2071 1231 2352 1292 mitteret,
2393 1227 2816 1280 sacrosanctum
2871 1217 2993 1286 ejus
3048 1229 3252 1282 corpus
3311 1207 3645 1278 aleonibus

2072 1320 2215 1377 laedi.
2249 1317 2372 1374 Haec
2402 1319 2592 1386 itaque
2623 1328 2746 1368 cum
2781 1309 3041 1365 fecisset.

2141 1613 2313 1669 Vens.
2348 1609 2436 1666 18.
2470 1626 2490 1660 ι
2538 1605 2688 1662 Abiit
2715 1618 2809 1658 rex
2835 1601 2891 1656 in
2920 1596 3175 1653 'domum
3219 1606 3397 1654 suam,
3432 1595 3488 1644 et
3525 1585 3654 1641 dor-

2074 1707 2230 1762 mivit
2280 1705 2616 1765 incmnatus,
2651 1706 2707 1753 et
2750 1694 2907 1750 cibos
2965 1704 3078 1744 non
3129 1685 3434 1741 attulerunt
3469 1681 3560 1743 ei,
3597 1684 3652 1733 et

2076 1812 2307 1856 somnus
2335 1791 2575 1850 recessit
2613 1789 2682 1843 ab
2718 1801 2807 1842 eo.
2848 1803 2868 1837 ι
2907 1776 3354 1848 Unumquodque
3379 1773 3572 1826 horum
3599 1777 3655 1824 et

2080 1887 2486 1947 humanitatem
2514 1881 2666 1937 illius
2696 1882 2957 1937 testatur,
2982 1878 3036 1926 et
3059 1878 3286 1924 metum.
3313 1863 3471 1930 Quod
3503 1861 3653 1917 enim

2079 1979 2220 2035 cibis
2249 1975 2400 2032 vesci
2433 1970 2702 2033 noluerit,
2727 1980 2906 2036 neque
2936 1975 3191 2018 somnum
3221 1956 3399 2012 oculis
3430 1967 3652 2023 capere,

2081 2070 2176 2125 sed
2211 2067 2344 2138 vigil
2389 2059 2760 2136 permanserit
2817 2055 3029 2125 injuste
3077 2047 3322 2104 Danielis
3379 2043 3654 2114 supplicio

2082 2135 2301 2225 dolens,
2345 2135 2405 2212 id
2442 2149 2803 2210 humanitatis
2823 2160 2909 2203 est
2946 2165 2960 2199 :
2987 2141 3136 2215 quod
3163 2155 3293 2196 vero
3325 2138 3397 2193 ita
3429 2135 3658 2190 allectus

2084 2268 2194 2308 non
2244 2247 2518 2306 restiterit
2575 2239 3039 2302 accusatoribus,
3100 2233 3252 2305 regio
3303 2229 3537 2300 imperio
3593 2239 3659 2280 ae

2085 2348 2354 2414 potestate
2402 2345 2602 2398 utens,
2645 2343 2864 2388 etcum
2918 2327 3013 2398 qui
3063 2321 3270 2392 injuria
3321 2314 3660 2390 puniebatur

2085 2404 2196 2484 non
2224 2424 2483 2488 servarit,
2518 2422 2575 2476 id
2605 2419 2778 2476 metui
2807 2423 2896 2474 est
2925 2409 3338 2470 ascribendum.
3370 2404 3448 2461 Ita
3475 2408 3660 2460 autem

2088 2526 2366 2576 transacta
2391 2522 2555 2572 nocte
2583 2532 2596 2570 :

2162 2716 2329 2771 Vens.
2367 2714 2449 2769 19.
2480 2732 2498 2764 ι
2523 2709 2724 2765 Darius
2754 2723 2851 2762 rex
2882 2701 3124 2760 surrexit
3150 2713 3311 2754 mane
3332 2703 3452 2750 orta
3479 2693 3660 2747 luce...

2094 2806 2208 2862 [loc
2237 2813 2342 2869 est,
2375 2819 2499 2858 cum
2525 2801 2708 2855 adhuc.
2741 2795 2984 2852 tenebrae
3018 2796 3227 2852 essent,
3267 2788 3413 2841 circa
3447 2783 3668 2836 dilucu-

2093 2903 2230 2963 lum,
2264 2899 2337 2952 ita
2366 2906 2424 2950 ut
2457 2910 2598 2963 opus
2626 2891 2856 2945 haberet
2891 2882 3242 2954 lampadibus
3280 2896 3294 2932 :
3330 2876 3470 2932 illud
3516 2873 3668 2930 enim

2095 2994 2150 3047 in
2209 2991 2322 3044 luce
2367 2989 2473 3042 hoc
2519 2982 2817 3053 signiﬁcat.

2187 3122 2206 3156 ι
2246 3102 2309 3156 Et
2350 3099 2637 3155 celerrime
2694 3091 2842 3149 venit
2883 3089 3134 3143 adlacnm
3173 3084 3431 3158 leonum;
3472 3077 3668 3147 (Vens.

417 3226 534 3300 (κ’.)
567 3225 676 3280 Καὶ
708 3225 766 3278 ἐν
930 3173 1177 3288 ἐγγίζειν
1222 3173 1385 3269 αὐτὸν
1418 3211 1493 3282 τῷ
1545 3211 1754 3279 λάκκῳ,
1788 3226 1806 3258 ι
1841 3221 1995 3258 τουτ-

2103 3197 2245 3268 20.)
2306 3195 2373 3250 Et
2435 3206 2561 3246 cum
2597 3193 2613 3210 ‘
2677 3183 3154 3255 appropinquaret
3212 3178 3330 3247 ipse
3387 3173 3564 3236 Iacui,
3645 3187 3666 3220 ›

2103 3293 2118 3300 ·
2307 3298 2314 3300 -
2380 3281 2584 3300 --Α-
2635 3294 2755 3300 -----
2787 3273 3032 3300 “una”...
3067 3270 3132 3300 ..Α
3171 3271 3351 3300 επακ...
3394 3261 3666 3300 “numnam

415 3293 554 3382 έστι,
589 3315 814 3388 μηδέπω
844 3311 975 3382 παρ’
1011 3307 1174 3362 αὐτὸν
1203 3306 1520 3375 γενόμενος,
1556 3321 1574 3352 ι
1614 3298 1692 3370 τῷ
1723 3294 1922 3365 Διινιὴλ
1943 3293 2002 3347 ἐν

419 3385 823 3481 φωνῇγίσχυρᾷ
871 3402 1100 3472 ἐϐόησε,
1149 3398 1245 3452 ml.
1267 3399 1308 3430 ³⁷
1352 3391 1628 3465 ἀπεκρίθη
1669 3393 1698 3444 ὁ
1729 3385 2001 3458 βασιλεὺς,

420 3476 516 3557 καὶ
539 3476 659 3554 εἷπε
808 3493 1027 3565 Δανιήλ.
1064 3511 1084 3544 ι
1117 3488 1361 3561 Μηδέπω
1384 3486 1494 3557 γὰρ
1543 3484 1673 3553 παρ’
1721 3478 1884 3533 αὐτὸν
1915 3476 2006 3530 τὸν

419 3595 621 3650 λάκκον
646 3578 958 3660 γενόμενος,
988 3583 1092 3638 ὑπὸ
1125 3579 1334 3652 θερμῆς
1359 3577 1652 3636 διαθέσεως
1683 3572 1811 3643 βοᾷν
1843 3571 2010 3640 ἡναγ-

423 3685 649 3747 κάζετο,
696 3681 793 3734 καὶ
838 3677 931 3730 τδν
970 3673 1170 3744 Δανιὴλ
1213 3671 1432 3734 καλεῖν,
1478 3668 1574 3720 καὶ
1613 3661 2006 3726 πυνθάνεσθαι,

426 3779 476 3832 εἰ
497 3777 543 3811 ³⁸
562 3775 664 3845 τῆς
694 3772 847 3835 θείας
864 3767 1181 3829 ἀπολαύσας
1204 3764 1398 3836 ῥοπῆς,
1418 3759 1682 3832 κρείττων
1706 3754 1880 3825 ἐφάνη
1912 3751 2012 3821 τῆς

427 3869 536 3922 τῶν
573 3842 802 3920 λεόντων
828 3861 1134 3932 ὠμότητος.
1176 3876 1195 3910 ι
1233 3854 1431 3924 Δανιὴλ
1453 3851 1586 3922 γὰρ,
1620 3849 1804 3918 φησὶν,
1836 3848 1864 3899 6
1895 3842 2015 3898 δοῦ-

427 3957 520 4021 λος
549 3955 644 4010 τοῦ
670 3951 805 4008 Θεοῦ
836 3951 930 4006 τοῦ
965 3950 1198 4014 ζῶντος,
1243 3947 1272 3999 6
1305 3943 1438 4005 Θεός
1489 3959 1582 3996 σου
1603 3980 1618 4005 ,
1657 3932 1701 3992 ὦ
1733 3934 2016 4008 λατρεύεις

429 4046 742 4117 ἐνδελεχῶς,
789 4045 838 4097 εί
878 4040 1118 4114 ὴδυνήθη
1145 4033 1424 4103 ἐξελέσθαι
1457 4051 1516 4086 σε
1544 4031 1652 4085 ἀπὸ
1671 4030 1714 4061 ⁸³
1747 4028 2014 4097 στόματος

429 4143 540 4197 τῶν
563 4141 833 4204 λεόντων;
868 4156 887 4190 ι
917 4137 1188 4189 ’Ἐκαστον
1229 4131 1288 4184 δέ
1320 4129 1430 4184 τῶν
1476 4123 1784 4195 εἰρημένων
1813 4117 2014 4186 εὐλαϐῆ

429 4234 669 4290 δείκνυσι
697 4231 786 4284 τὸν
816 4226 1060 4300 βασιλέα,
1089 4225 1182 4279 καὶ
1202 4222 1289 4277 διὰ
1321 4220 1418 4290 τὴν
1441 4216 1724 4270 εὐσέϐειαν
1748 4211 2015 4282 χαίροντα

432 4329 512 4400 τῷ
546 4325 764 4396 Δανιὴλ.
800 4322 1024 4390 Πρῶτον
1057 4319 1154 4387 μὲν
1203 4315 1311 4387 γὰρ
1342 4312 1529 4366 δοῦ).ον
1567 4307 1729 4362 αὐτὸν
1759 4305 1857 4374 οὐχ
1889 4303 2017 4356 ἐαυ-

433 4419 552 4485 τοῦ,
599 4417 735 4470 ἀλλά
762 4415 856 4468 τοῦ
892 4411 1029 4465 Θεοῦ
1073 4403 1513 4480 προσαγορεύει·
1556 4395 1676 4452 εἶτα
1713 4395 1900 4458 ζῶντα
1927 4391 2019 4445 τὸν

435 4511 532 4566 τοῦ
585 4507 781 4579 Δανιὴλ
809 4503 1069 4575 ὀνομάζει
1121 4501 1292 4554 Θεόν²
1345 4497 1537 4549 ἔπειτα
1581 4492 1682 4560 τὴν
1733 4485 2020 4540 εὐσέϐειαν

440 4601 678 4658 ἐπαινῶν
705 4640 720 4666 ,
739 4578 774 4651 γι
799 4594 870 4668 ’ᾯ
907 4598 970 4649 σὺ
997 4635 1012 4659 ,
1059 4592 1223 4664 φησὶν
1244 4633 1259 4658 ,
1304 4585 1587 4659 λατρεύεις
1629 4578 1920 4650 ἐνδελεχῶς
1941 4616 1957 4643 ,
1994 4594 2014 4628 ι

439 4694 753 4757 τουτέστιν,
801 4691 829 4742 6
869 4687 1004 4760 μηδέ
1037 4685 1124 4738 διὰ
1162 4684 1259 4754 τὴν
1291 4680 1387 4734 τοῦ
1420 4679 1586 4744 νόμου
1618 4673 1862 4740 ἀνάγκην
1889 4668 2023 4723 ταύ-

441 4803 542 4855 της
568 4783 831 4846 κωλυθεὶς
865 4781 965 4851 τῆς
993 4775 1309 4849 θεραπείας.
1338 4772 1411 4825 Τὸ
1444 4770 1522 4834 δέ,
1559 4787 1577 4819 ι
1614 4763 1745 4820 Et“
1781 4760 2024 4834 ἠδυνήθη

444 4851 722 4943 ἐξελέσθαι
757 4890 816 4926 σε
849 4872 960 4927 ἀπὸ
1012 4871 1279 4938 στόματος
1310 4863 1419 4917 τῶν
1461 4861 1724 4924 λεόντωνς
1762 4876 1780 4908 ν
1819 4851 2026 4925 σημαί-

445 4980 561 5020 νει⁸
597 4965 661 5016 Et
710 4957 988 5029 ἠϐουλήθη
1041 4952 1328 5027 κρείττονά
1373 4968 1434 5005 σε
1465 4950 1574 5003 τῶν
1618 4947 1847 5000 λεόντων
1890 4944 2027 4996 ἀπο-

449 5056 618 5126 φῆναι
648 5071 662 5119 ;
702 5053 778 5106 Οὐ
819 5050 930 5121 γὰρ
977 5049 1043 5104 ἂν
1073 5046 1331 5101 ἐκάλεσεν
1371 5042 1630 5096 ἀδύνατον
1664 5039 1753 5091 τὸν
1785 5035 1938 5097 Θεὸν,
1973 5032 2032 5086 ὃν

450 5146 631 5211 ζῶντα
677 5141 1108 5214 προσηγόρευσε.
1141 5135 1359 5188 Τούτων
1379 5133 1423 5165 δι
1460 5130 1698 5206 ἀκούσας
1727 5167 1740 5190 ,
1772 5127 1800 5177 6
1833 5121 2030 5192 Δανιὴλ

451 5234 789 5306 ἀπεκρίνατο
823 5231 998 5298 λέγων
1023 5245 1036 5258 ·

525 5305 630 5381 καί.
661 5324 911 5390 Βασιλεῦ,
948 5321 1028 5386 είς
1055 5318 1181 5382 τοὺς
1211 5315 1409 5379 αἰῶνας
1455 5312 1601 5399 ζῆθι.
1636 5329 1652 5362 ι
1689 5309 1800 5380 Τὴν
1826 5305 2030 5376 συνήθη

2103 3293 2208 3348 hoc
2237 3298 2342 3348 est.
2380 3281 2599 3355 1184
2629 3294 2758 3335 cum
2787 3273 3032 3330 nondum
3067 3270 3134 3324 ad
3171 3271 3351 3338 ipsum
3394 3261 3677 3334 pervenis-

2104 3388 2212 3447 set,
2255 3396 2273 3430 ι
2315 3375 2384 3431 ad
2425 3371 2705 3427 Danielem
2730 3381 2866 3422 voce
2899 3377 3100 3432 magna
3135 3356 3415 3415 clamavit.
3441 3367 3676 3421 respon—

2105 3445 2296 3541 ditque
2331 3483 2449 3530 rex,
2489 3471 2544 3520 et
2579 3461 2721 3517 dixit
2761 3456 2995 3512 Danieli.
3024 3473 3043 3505 ι
3065 3453 3202 3508 Cum
3234 3449 3379 3504 enim
3405 3446 3472 3500 ad
3493 3445 3676 3514 ipsum

2107 3563 2285 3619 lacum
2332 3554 2577 3613 nondum
2635 3547 3002 3622 pervenisset,
3053 3557 3168 3614 pra:
3224 3539 3452 3594 ardente
3505 3531 3680 3588 animi

2110 3653 2401 3711 aﬂ'ectione
2431 3645 2744 3704 exclamare
2769 3638 3094 3710 cogebatur,
3143 3640 3199 3688 et
3255 3627 3535 3684 Danielem
3581 3638 3681 3679 vo-

2111 3763 2258 3809 care,
2290 3759 2355 3798 ae
2386 3741 2454 3796 de
2491 3754 2560 3794 eo
2593 3731 2936 3808 percontari,
2985 3745 3053 3783 an
3084 3726 3330 3782 divinam
3364 3735 3520 3792 opem
3553 3732 3686 3772 sen-

2113 3840 2300 3903 sisset,
2325 3845 2378 3891 et
2405 3835 2625 3887 leonum
2651 3826 3033 3882 crudelitatem
3055 3823 3400 3890 superasset.
3449 3831 3466 3864 ι
3494 3809 3687 3864 Daniel

2113 3935 2284 3992 enim,
2319 3927 2527 3996 inquit,
2556 3936 2714 3978 serve
2747 3917 2843 3973 Dei
2879 3914 3141 3975 viventis,
3179 3926 3248 3963 an
3292 3908 3458 3968 Deus,
3495 3903 3584 3956 cui
3629 3910 3686 3952 tu

2117 4021 2294 4080 servis
2316 4017 2602 4075 continue,
2629 4009 2805 4081 potuit
2837 4008 3071 4060 liberare
3091 4011 3140 4054 te
3171 4016 3237 4054 ex
3260 4013 3356 4051 ore
3391 3991 3685 4047 leonum?»

2117 4105 2565 4176 Unumquodque
2600 4077 2782 4153 autem
2809 4108 3001 4148 eorum
3043 4102 3166 4158 quae
3197 4087 3336 4140 dicta
3365 4087 3514 4143 sunt,
3556 4077 3690 4132 reli-

2119 4174 2339 4273 giosutn
2367 4192 2616 4251 ostendit
2657 4202 2864 4256 regem,
2913 4182 3007 4252 qui
3058 4185 3284 4249 propter
3326 4174 3578 4243 pietatem
3625 4183 3690 4222 ex

2121 4289 2347 4347 Daniele
2377 4284 2642 4356 gaudium
2667 4275 3003 4348 perciperet.
3035 4269 3282 4323 Primum
3318 4261 3468 4318 enim
3510 4257 3693 4328 ipsum

2121 4395 2234 4437 non
2266 4391 2452 4440 suum,
2486 4371 2585 4428 sed
2627 4368 2726 4422 Dei
2756 4378 2962 4420 servum
3013 4357 3252 4428 appellat
3285 4371 3300 4406 ι
3341 4349 3542 4407 deinde
3594 4344 3697 4397 Da-

2123 4473 2286 4530 nielis
2358 4469 2533 4523 Deum
2594 4464 2846 4517 viventem
2910 4453 3361 4508 nontinatztum
3436 4441 3694 4511 pietatem

2125 4562 2540 4624 commendans,
2585 4575 2603 4607 ι
2631 4554 2730 4610 Cui
2768 4561 2848 4615 tu,
2888 4547 3092 4617 inquit,
3137 4539 3318 4598 servis
3355 4535 3642 4594 continue,
3673 4547 3692 4580 ο

2128 4661 2235 4715 hoc
2271 4661 2385 4716 est,
2428 4650 2521 4720 qui
2566 4663 2638 4702 ne
2678 4651 2902 4716 propter
2958 4653 3080 4692 eam
3138 4632 3361 4702 quidem
3409 4627 3538 4689 vim,
3592 4637 3699 4691 qua

2129 4746 2420 4820 cogebaris
2448 4757 2546 4814 per
2591 4740 2788 4808 legem,
2835 4738 3130 4787 revocatus
3162 4741 3221 4780 es
3261 4723 3329 4776 ab
3374 4722 3477 4774 hoc
3522 4716 3694 4771 cultu.

2130 4807 2271 4898 Illud
2294 4852 2424 4893 vero
2503 4852 2522 4885 ‹
2553 4834 2632 4884 An
2656 4807 2840 4900 potuit
2870 4823 3106 4877 Liberare
3123 4829 3174 4871 te
3194 4832 3258 4870 ex
3281 4830 3374 4869 ore
3401 4807 3658 4865 leonum?
3678 4825 3698 4857 ι

2134 4932 2410 5003 signiﬁcat
2448 4946 2461 4982 :
2507 4926 2589 4979 An
2623 4899 2800 4976 voluit
2831 4913 3172 4986 superiorem
3201 4919 3252 4963 te
3294 4905 3548 4961 leonibus
3584 4899 3709 4955 red-

2132 5024 2298 5081 dere?
2334 5034 2514 5090 neque
2572 5014 2720 5070 enim
2781 5010 3134 5078 impotentem
3195 4999 3365 5053 Deum
3423 5001 3707 5054 vocasset,

2133 5130 2295 5187 quem
2346 5083 2619 5166 viventem
2664 5096 3046 5170 nuncupavit.
3087 5091 3186 5148 His
3228 5089 3465 5153 auditis,
3523 5083 3712 5140 Daniel

2142 5205 2429 5278 respondit
2457 5200 2648 5256 dicens
2679 5215 2693 5250 :

2209 5267 2377 5353 \isns.
2405 5294 2496 5348 2|.
2529 5311 2546 5345 ι
2583 5291 2718 5353 Rex,
2742 5287 2796 5341 in
2829 5282 3030 5339 smeula
3060 5279 3200 5334 vive.
3230 5297 3249 5330 ›
3282 5274 3549 5330 Usitalam
3573 5267 3716 5323 salu—

1768 5479 2003 5537 VARl/E
2038 5471 2424 5532 LECTIONES

558 5659 604 5690 ³⁸
635 5657 674 5710 Β
704 5655 916 5728 οαρρεζ.
983 5645 1308 5728 μί’-αὐτ.-Ιη
1327 5643 1391 5728 ΠΒ

465 5727 507 5782 Β
535 5705 912 5797 μιηεῖιιξνξησίξ
983 5721 1028 5797 ξ’
1062 5723 1194 5797 Δαρ.
1228 5716 1297 5797 ,ιμη
1327 5715 1373 5797 [ξ
1396 5705 1521 5795 ante
1610 5705 1731 5797 {313.
1766 5705 2007 5797 ροᾎίιιις.

466 5763 507 5782 υ
801 5763 906 5778 η...
1062 5763 1135 5778 ...-
1182 5763 1194 5774 .
1327 5763 1360 5768 -,
1398 5763 1518 5768 _-_-_
1562 5763 1565 5764 ν

466 5763 654 5871 ιιι-ξειιι.
817 5763 885 5827 "7
919 5763 1301 5860 καὶ-Δσῧιιήλ.
1335 5785 1461 5841 Des.
1488 5763 1622 5838 inA:
1664 5779 1710 5812 ³⁸
1739 5763 1809 5830 εἷ.
1845 5773 1919 5829 Ex
1952 5775 1993 5829 Δ
2027 5770 2204 5844 suppl.
2276 5769 2321 5799 ³³
2353 5765 2479 5822 ἀπὸ.
2505 5763 2650 5817 Asx.

1439 5648 1564 5712 post
1616 5637 1783 5712 Δδιγιον
1840 5634 2084 5712 ponitur.

2815 5615 2858 5647 ³¹
2889 5612 2932 5667 Β
2978 5630 3018 5665 π
3055 5603 3394 5672 οσδέξασθαι.
3499 5596 3547 5628 ³³
3590 5595 3694 5663 τήν

2819 5725 2832 5734 .
2929 5683 2974 5715 ³⁵
3004 5629 3052 5734 ἐς
3073 5674 3372 5734 λαμπάδος.
3473 5666 3518 5699 ³⁸
3549 5664 3694 5734 an.)

2929 5683 2974 5715 "
3004 5664 3046 5734 ἐξ
3073 5664 3372 5747 λαμπάδος.
3473 5666 3518 5699 ³⁸
3549 5682 3644 5718 σπ.
3677 5664 3722 5715 Α

2929 5753 3040 5796 Dus-
3075 5750 3132 5796 in
3165 5746 3228 5796 Β.
3306 5743 3349 5774 ⁵³
3383 5739 3427 5796 Β
3455 5735 3612 5794 τοῦτο
3637 5733 3718 5790 δέ.

2192 5627 2239 5660 ³ο
2271 5627 2314 5680 Λ
2357 5623 2709 5692 εἰσήνεγκαν.

2110 5701 2156 5732 ³⁸
2186 5717 2246 5752 π.
2278 5715 2329 5749 τ.
2363 5685 2485 5746 λυκζ
2522 5685 2646 5745 Des.
2683 5690 2736 5742 in
2771 5685 2832 5739 Β.
2929 5685 2974 5715 ³⁵
3004 5685 3046 5734 Β
3073 5685 3207 5747 λαμτ

2110 5770 2201 5811 ἰιιιμ
2276 5769 2321 5799 ³³
2353 5765 2478 5811 ἀπό-
2505 5763 2650 5811 Αὲκ.
2732 5758 2776 5790 ³ο
2810 5758 2878 5811 εἰ.
2913 5751 3040 5811 Βεδ.
3075 5750 3133 5807 in
3165 5746 3207 5802 Β
