4092 6470
442 389 579 456 1207

1433 395 1921 456 THEODORETI
1957 393 2296 456 EPISCOPI
2330 397 2696 457 CYRENSIS

3575 390 3714 454 1408

437 505 706 562 tationem
752 505 872 563 suis
936 505 1294 562 sermonibus
1349 507 1683 576 praeponit:
1740 506 2019 568 videlicet.

2130 506 2435 578 πρόσρησιν
2464 507 2574 561 τῶν
2606 509 2826 560 οἰκε.ων
2863 504 3055 574 λόγων-
3069 503 3384 575 προτάττει,
3416 501 3539 558 ἀντὶ
3569 503 3667 558 τοῦ
3697 523 3713 538 ο

437 594 602 650 liceat
635 596 757 662 tibi,
790 611 908 660 rex,
943 595 1262 652 diutissime
1302 595 1509 650 virere.
1553 594 1770 651 Etenim
1801 597 1857 652 in
1885 612 2023 668 pra:-

436 686 582 742 senti
635 688 911 750 etiam,ut
957 687 1071 757 jam
1132 695 1261 743 ante
1315 686 1598 750 diximus,
1652 689 2023 759 sempiternos

440 793 597 847 reges
652 781 705 832 in
755 779 959 833 tabulis
1016 786 1416 834 contractuum
1467 779 1696 852 quidam
1744 782 2026 852 appellare

437 880 871 925 consueverunt.

513 978 791 1033 Vens.21.
833 999 852 1031 ‹
895 981 1040 1035 Deus
1073 997 1250 1048 mens,
1311 983 1518 1053 inquit,
1575 983 1729 1041 misit
1763 986 2021 1057 angelum

437 1087 625 1131 suum.
656 1072 1019 1127 etohturavit
1068 1089 1167 1129 ora
1222 1076 1467 1139 leonum,
1518 1087 1706 1132 etnon
1757 1079 2024 1134 laeserunt

442 1160 656 1232 1185
691 1178 799 1230 me,
833 1164 964 1232 quia
995 1172 1053 1235 et
1083 1180 1273 1220 coram
1314 1167 1435 1236 ipso
1461 1168 1739 1224 rectitudo
1769 1177 1825 1224 et
1849 1169 2020 1239 justi-

441 1254 514 1307 Iia
539 1255 765 1309 inventa
795 1264 880 1312 est
910 1255 964 1309 in
996 1272 1104 1322 me,
1125 1258 1181 1312 in
1213 1266 1515 1329 conspectu
1547 1270 1732 1315 autem
1761 1271 1880 1325 tuo,
1901 1277 2021 1330 rex,

435 1344 702 1401 delictum
742 1363 852 1401 non
881 1356 968 1403 est
1014 1348 1302 1404 inventum
1361 1352 1416 1405 in
1456 1367 1564 1406 me.
1599 1370 1616 1404 ι
1641 1350 1835 1406 Justus
1870 1351 2020 1407 enim

433 1454 564 1493 cum
608 1440 684 1494 sit
725 1439 892 1505 Deus,
919 1449 973 1496 et
1004 1440 1179 1510 justo,
1214 1443 1422 1514 inquit,
1455 1444 1646 1498 omnia
1676 1445 2018 1512 moderetur,

438 1533 569 1602 quia
596 1534 731 1589 vidit
761 1534 951 1605 impiis
983 1535 1196 1607 legibus
1225 1537 1405 1607 ipsius
1437 1538 1650 1592 cultum
1680 1553 1710 1592 a
1742 1554 1826 1592 me
1852 1547 2015 1595 ante-

439 1624 612 1680 latum
663 1625 875 1692 fuisse,
927 1637 1093 1699 atque
1145 1629 1200 1683 in
1251 1637 1410 1684 tuum
1455 1647 1689 1702 regnum
1731 1632 1870 1687 nihil
1917 1649 2024 1687 un-

439 1733 608 1790 quam
639 1735 728 1776 me
762 1720 1074 1787 admisisse,
1121 1724 1575 1792 praestantiorem
1623 1739 1710 1780 me
1757 1724 2020 1792 reddidit,

436 1827 604 1881 quam
635 1813 725 1868 cui
754 1824 987 1883 possent
1037 1815 1231 1873 leones
1266 1831 1492 1882 nocere,
1552 1816 1851 1888 potiusque
1905 1817 2024 1873 leo-

435 1920 571 1959 num
597 1905 892 1976 imagines,
923 1923 1088 1978 quam
1120 1909 1316 1964 leones
1346 1909 1479 1964 mihi
1511 1909 1737 1966 obtulit.

506 2017 674 2076 Vsus.
706 2020 796 2076 25.
839 2040 857 2073 ι
897 2021 1053 2078 Tunc
1101 2039 1222 2088 rex,
1262 2025 1471 2095 inquit,
1513 2025 1879 2081 vehementer
1923 2040 2022 2096 ga-

435 2110 594 2167 visus
622 2119 707 2168 est
740 2127 912 2184 super
942 2129 1043 2180 eo,
1078 2124 1133 2172 et
1179 2115 1462 2172 Danieletn
1525 2117 1792 2188 praecepit
1851 2116 2018 2172 educi

433 2205 504 2261 de
537 2207 685 2260 lacu.
718 2224 738 2258 ι
771 2205 1006 2264 Gavisus
1045 2209 1192 2264 enim
1225 2225 1394 2278 supra
1432 2210 1682 2276 modum,
1715 2219 1770 2264 et
1815 2209 2022 2264 laetitiae

437 2298 658 2368 plenus,
690 2300 899 2372 quippe
930 2292 1058 2356 cum
1109 2311 1164 2358 et
1197 2301 1293 2357 Dei
1329 2303 1592 2359 virtutem
1638 2303 2018 2374 cognovisset,

435 2403 492 2445 et
525 2392 695 2457 illius,
725 2409 889 2463 quem
922 2392 1211 2464 diligebat,
1248 2396 1486 2452 salutem
1541 2394 1855 2461 didicisset,
1901 2404 2022 2452 sta-

433 2482 536 2536 tim
571 2482 752 2552 ipsum
789 2499 820 2538 e
861 2485 982 2539 lacu
1015 2487 1175 2542 educi
1203 2486 1394 2557 jussit.
1445 2487 1562 2561 [24]
1617 2487 1827 2544 Deinde
1880 2505 2020 2544 con-

437 2573 684 2644 spicatus
736 2576 917 2646 ipsum
962 2578 1178 2632 salvum
1223 2595 1287 2633 ac
1320 2590 1471 2636 recte
1523 2581 1822 2645 valentem,
1881 2582 2022 2637 nihil

432 2663 758 2722 detrimenti
787 2683 1014 2739 passum
1037 2673 1054 2694 ‘
1085 2687 1154 2726 ex
1181 2672 1386 2742 impetu
1441 2673 1668 2728 leonum
1694 2713 1710 2738 ,
1777 2673 2022 2730 Daniclis

436 2765 798 2815 accusatores
827 2761 1126 2831 imperavit
1161 2763 1425 2819 leonibus
1453 2779 1583 2819 cum
1626 2764 1754 2821 ﬁliis
1783 2774 1839 2821 et
1882 2781 2021 2821 uxo-

438 2844 596 2901 ribus
631 2847 852 2916 projici.
888 2869 907 2900 ι
950 2849 1016 2904 Et
1067 2851 1313 2906 nondum
1361 2861 1764 2922 pervenerant,
1817 2855 2020 2926 inquit,

437 2953 616 3006 usque
637 2937 705 2992 ad
735 2940 1110 3010 pavimentum
1145 2943 1304 2999 lacus
1331 2958 1459 2999 cum
1496 2944 1610 3015 jam
1643 2947 1803 3016 potiti
1836 2956 2025 3003 essent

439 3028 550 3084 illis
581 3029 788 3094 leones,
813 3034 1073 3086 etomnia
1099 3049 1228 3088 ossa
1258 3050 1450 3090 eorum
1493 3038 1970 3096 comminuerunt.
1999 3060 2016 3092 ι

439 3121 558 3178 lloc
580 3139 804 3194 quoque
838 3125 1040 3184 divinas
1061 3128 1296 3199 justitize
1326 3146 1468 3202 opus
1501 3143 1610 3198 est,
1633 3141 1687 3190 et
1712 3136 2018 3206 sapientiae.

2124 599 2344 654 Γένοιτό
2395 617 2478 653 σοι
2497 601 2540 632 δ’
2591 601 2682 654 ἐπὶ
2714 599 2968 653 πλεῖστον
3017 597 3138 668 ζῇν.
3171 598 3282 652 ΚαὶΙ
3328 597 3441 671 γάρ
3484 599 3581 652 καὶ
3619 598 3718 653 ἐπὶ

2123 690 2220 746 τοῦ
2249 692 2517 762 παρόντος
2540 735 2554 759 ,
2583 692 2660 757 ὡς
2685 693 2777 746 καὶ
2807 693 2908 764 ὴδη
2961 692 3375 764 προειρήκαμεν
3395 731 3412 754 ,
3460 692 3718 756 αἰωνίους

2123 785 2252 848 τοὺς
2283 785 2544 856 βασιλέας
2571 786 2628 838 ἐν
2656 787 2770 849 τοῖς
2799 784 2907 838 τῶν
2939 785 3286 856 συμϐολαίων
3309 785 3719 856 γραμματείοις

2121 874 2270 938 τινες
2301 874 2735 948 προσαγορεύειν
2759 874 3035 930 εἰώθασιν.

2195 985 2298 1056 κβ’.
2341 1005 2362 1038 ι
2407 987 2466 1040 '0
2497 988 2631 1052 Θεός
2665 1005 2788 1059 μου,
2819 991 3006 1059 φησὶν,
3039 987 3329 1042 ἀπέστειλε
3356 987 3447 1041 τὸν
3481 987 3716 1057 ἄγγελον

2122 1077 2315 1144 αὐτοῦ,
2350 1079 2442 1132 καὶ
2476 1080 2745 1151 ἐνέφραξε
2765 1080 2812 1114 ⁸³
2833 1081 2896 1133 τὸ
2925 1079 3101 1151 στόμα
3121 1080 3166 1113 ’⁸⁸
3195 1080 3306 1133 τῶν
3333 1081 3587 1144 λεόντων,
3614 1081 3716 1134 καὶ

2122 1172 2225 1226 οὐκ
2255 1171 2596 1244 ἐλυμήναντό
2636 1189 2726 1242 με,
2757 1173 2840 1226 ὅτι
2869 1173 2965 1226 καὶ
3007 1171 3254 1227 ἐναντι⁸⁵
3283 1171 3450 1226 αὐτοῦ
3480 1171 3715 1243 εὐθύτης

2122 1264 2219 1318 καὶ
2249 1263 2564 1335 δικαιοσύνη
2586 1264 2630 1297 ⁸⁸
2679 1264 2874 1337 εὑρέθη
2909 1281 3020 1335 μοι,
3057 1265 3154 1318 καὶ
3208 1262 3441 1317 ἐνώπιον
3485 1261 3542 1316 δέ
3590 1279 3707 1328 σου,

2125 1353 2348 1427 βασιλεῦ
2374 1395 2389 1419 ,
2439 1356 2794 1428 παράπτωμα
2823 1357 2926 1426 οὐχ
2978 1355 3177 1428 εὑρέθη
3196 1357 3242 1388 δ’
3283 1358 3341 1410 ὲν
3386 1353 3528 1426 έμοί.
3563 1373 3582 1408 ι
3621 1355 3713 1408 Δί-

2121 1463 2277 1509 καιος
2309 1445 2417 1517 γάρ
2454 1444 2551 1514 ὢν,
2597 1446 2786 1517 φησὶν,
2831 1447 2861 1500 ὁ
2895 1445 3050 1510 Θεὸς,
3080 1447 3176 1500 καὶ
3213 1445 3441 1508 δικαίως
3493 1445 3713 1500 ἅπαντα

2123 1536 2480 1610 πρυτανεύων
2505 1577 2522 1603 ,
2571 1537 2907 1608 θεασάμενος
2948 1538 3032 1591 ὄτι
3078 1537 3187 1591 τῶν
3225 1535 3502 1591 δυσσεϐὦν
3529 1537 3714 1606 νόμων

2121 1628 2222 1700 τὴν
2251 1628 2415 1682 αὐτοῦ
2457 1628 2835 1699 προτετίμηκα
2864 1627 3164 1698 θεραπείαν
3192 1667 3208 1692 ,
3252 1629 3346 1682 καὶ
3371 1629 3453 1692 είς
3479 1627 3579 1699 τὴν
3609 1627 3713 1698 σὴν

2121 1721 2242 1775 δὲη
2301 1719 2583 1791 βασιλείαν
2649 1719 2810 1774 οὐδὲν
2867 1719 3152 1774 πώποτε⁸⁹
3236 1719 3712 1790 πεπλημμέληκα,

2124 1813 2412 1885 κρείττονά
2457 1829 2526 1883 με
2555 1811 2654 1882 τῆς
2681 1811 2790 1868 τῶν
2819 1811 3053 1866 λεόντων
3082 1812 3334 1884 ἀπέφηνε
3369 1811 3580 1884 λύμης,
3616 1813 3716 1866 καὶ

2127 1906 2329 1976 μᾶλλον
2364 1907 2576 1971 εἰκόνας
2605 1905 2836 1961 λεόντων
2862 1907 2896 1979 ὴ
2920 1907 3142 1972 λέοντας
3171 1906 3390 1972 ἔδειξεν.

2193 2027 2302 2089 κγ’.
2343 2038 2362 2072 t
2399 2020 2533 2074 Τότε
2564 2021 2594 2075 ὁ
2626 2019 2904 2091 βασιλεὺς,
2946 2021 3100 2091 φησὶ,
3136 2020 3271 2075 πολὺ
3303 2019 3586 2091 ὴγαθύνθη
3624 2019 3716 2072 ἐπ’

2124 2109 2292 2181 αύτῷ,
2338 2112 2433 2165 καὶ
2467 2110 2560 2164 τὸν
2592 2111 2795 2183 Δανιὴλ
2832 2106 2986 2166 εἶπεν
3017 2111 3307 2181 ἀνενέγκαι
3349 2114 3414 2165 ὲκ
3451 2112 3546 2166 τοῦ
3577 2110 3717 2165 λάκ-

2124 2219 2242 2258 κου.
2287 2222 2304 2254 ι
2342 2201 2660 2275 Περιχαρὴς
2706 2202 2880 2275 γάρ¹⁶
2929 2203 3264 2274 γενόμενος,
3310 2204 3406 2258 καὶ
3447 2201 3720 2274 θυμηδίας

2123 2294 2412 2359 ἀνάπλεως
2432 2337 2446 2361 ,
2488 2295 2585 2350 ἅτε
2611 2294 2676 2368 δὴ
2707 2295 2802 2349 καὶ
2829 2293 2922 2350 τοῦ
2951 2295 3088 2350 Θεοῦ
3116 2295 3218 2369 τὴν
3263 2295 3495 2365 δύναμιν
3528 2296 3717 2365 γνοὺς,

2123 2386 2221 2440 καὶ
2260 2385 2356 2441 τοῦ
2385 2388 2752 2460 ἀγαπωμένου
2787 2388 2888 2460 τὴν
2927 2388 3204 2462 σωτηρίαν
3237 2389 3426 2461 μαθὼν
3449 2430 3463 2452 .
3497 2406 3718 2461 παραυ-

2121 2479 2250 2534 τίκα
2276 2480 2441 2534 αύτδν
2480 2482 2546 2535 ὲκ
2577 2480 2671 2535 τοῦ
2716 2480 2923 2536 λάκκου
2972 2481 3329 2553 ἀνενεχθῆναι
3386 2480 3714 2554 προσέταξε.

2126 2564 2258 2622 Εἶτα
2309 2569 2649 2642 θεασάμενος
2691 2571 2856 2625 αύτδν
2907 2569 3048 2625 σῶον
3083 2572 3178 2626 καὶ
3225 2572 3562 2643 ἐρρωμένον,
3620 2573 3720 2626 καὶ

2122 2661 2382 2733 οὐδεμίαν
2426 2663 2698 2734 ἐσχηκότα
2741 2662 3039 2736 διαφθορὰν
3092 2664 3158 2717 ὲκ
3199 2665 3299 2735 τῆς
3327 2663 3437 2719 τῶν
3483 2663 3717 2718 λεόντων

2123 2755 2452 2826 προσϐολῆς,
2497 2756 2623 2820 τοὺς
2657 2755 2753 2810 τοῦ
2792 2756 2991 2829 Δανιὴλ
3036 2756 3380 2829 κατηγόρους
3411 2756 3717 2829 προσέταξε

2122 2849 2238 2910 τοῖς
2275 2846 2457 2901 λέουσι
2507 2848 2605 2902 σὺν
2649 2850 2765 2911 τοῖς
2817 2848 2966 2902 υἱέσι
3017 2849 3114 2904 καὶ
3150 2847 3368 2918 γυναιξὶ
3403 2847 3713 2920 ριφῆναιη.

2131 2963 2148 2995 ι
2192 2943 2303 2998 Καὶ
2355 2946 2456 2998 οὐκ
2488 2944 2752 3014 ἔφθασαν,
2806 2946 3038 3018 φησὶνυ
3067 2987 3082 3012 ,
3133 2946 3215 3010 είς
3270 2943 3332 2999 τδ
3389 2945 3586 3012 ἔδαφος
3618 2943 3716 2997 τοῦ

2123 3035 2351 3098 λάκκου,
2404 3036 2512 3101 ἓως
2540 3031 2601 3092 οὗ
2637 3037 2967 3109 ἐκυρίευσαν
3015 3037 3202 3092 αὐτῶν
3247 3039 3296 3091 οἱ
3341 3037 3588 3102 λέοντες,
3621 3037 3718 3090 καὶ

2126 3127 2304 3182 πάντα
2325 3127 2392 3182 τὰ
2417 3129 2554 3183 ὀστᾶ
2581 3129 2762 3182 αὐτῶν
2797 3129 3121 3185 ὲλέπτυναν.
3160 3149 3178 3182 ι
3212 3131 3323 3184 Καὶ
3343 3129 3506 3184 τοῦτο
3539 3129 3648 3200 γὰρ
3666 3130 3716 3162 ⁵³

437 3215 520 3273 Ne
549 3221 696 3272 enim
725 3221 998 3288 dicerent,
1035 3233 1261 3295 propter
1300 3226 1680 3296 expletionem
1735 3244 1803 3285 ac
1855 3233 2019 3288 satie-

2124 3218 2225 3289 τῆς
2253 3217 2402 3281 θείας
2433 3219 2594 3292 ἔργον
2620 3220 2968 3291 δικαιοσύνης
2989 3238 3048 3275 τε
3080 3221 3175 3276 καὶ
3208 3221 3420 3290 σοφίας.
3454 3221 3572 3274 Ἵνα
3607 3219 3718 3292 γὰρ

438 3319 606 3366 tatem
635 3312 874 3370 leonesa
903 3315 1132 3372 Daniele
1162 3318 1525 3381 abstinuisse,
1552 3328 1606 3376 et
1629 3321 1837 3376 invidia
1869 3334 2024 3381 exte-

437 3413 680 3460 nuarent
720 3405 924 3463 factum
981 3409 1334 3474 miraculum,
1392 3411 1581 3481 iniecti
1637 3414 2020 3472 testimonium

441 3497 770 3565 perhibuere
799 3500 1022 3557 leonum
1058 3503 1398 3559 crudelitati.
1431 3505 1838 3577 Corripuerunt
1873 3511 2020 3565 enim

437 3590 594 3659 ipsos
656 3593 868 3657 leones,
927 3611 1052 3650 cum
1111 3597 1372 3653 deorsum
1421 3598 1722 3668 ferrentur,
1779 3611 1834 3656 et
1893 3619 2020 3658 eum

442 3684 663 3756 1186
683 3685 907 3743 demissi
943 3686 1012 3742 ad
1055 3697 1262 3744 terram
1312 3690 1560 3746 nondum
1611 3695 2018 3763 pervenissent,

437 3791 505 3830 ex
554 3777 676 3845 ipso
724 3792 850 3834 acre
904 3780 1208 3850 rapientes,
1259 3782 1530 3838 alimenta
1587 3785 1697 3840 sibi
1746 3785 2018 3843 fecerunt.

438 3868 596 3934 Quod
624 3869 795 3939 igitur
824 3872 1022 3942 dignas
1055 3890 1251 3944 pmnas
1297 3878 1692 3946 persolverint,
1736 3879 2018 3946 justitiam

438 3959 533 4016 Dei
581 3964 973 4019 commendant
1016 3984 1028 4020 :
1065 3968 1212 4037 quod
1247 3978 1429 4023 autem
1479 3970 1553 4025 ita
1601 3972 1860 4028 facillime
1885 3989 2023 4027 con-

435 4056 641 4124 sumpti
688 4056 959 4112 l‘nerinta
1015 4058 1166 4124 feris,
1222 4059 1317 4116 Dei
1366 4063 1691 4132 sapientiam
1750 4065 2017 4133 indicant,

432 4160 742 4218 omnesque
762 4149 988 4213 docent,
1026 4166 1133 4205 non
1166 4151 1388 4207 leonum
1414 4155 1732 4220 saturitate,
1770 4157 1867 4212 sed
1912 4157 2021 4211 Da-

432 4237 595 4294 nielis
619 4256 746 4310 erga
782 4240 948 4297 Demn
982 4243 1170 4299 studio
1197 4244 1352 4299 illum
1385 4249 1836 4315 praestantiorem
1885 4249 2020 4304 eil'e-

429 4339 579 4385 ctum
611 4348 753 4399 esse,
795 4349 958 4404 quam
995 4336 1088 4391 cui
1133 4344 1360 4407 possent
1406 4338 1596 4396 leones
1622 4355 1847 4397 nocere.
1891 4340 2021 4398 llaec

429 4426 842 4495 contemplatus
875 4445 889 4482 :

2130 3312 2206 3382 μὴ
2269 3312 2545 3381 λέγωσιν,
2613 3314 2690 3378 ὼς
2755 3313 2846 3366 διά
2921 3313 3238 3387 πλησμονὴν
3295 3314 3390 3368 καὶ
3454 3314 3616 3384 κόρον
3665 3315 3716 3368 οί

2125 3404 2341 3470 λέοντες
2404 3407 2696 3478 ἀπείχοντο
2713 3408 2760 3440 ³⁸
2799 3406 2892 3462 τοῦ
2925 3408 3168 3481 Δανιὴλ,
3225 3409 3320 3462 καὶ
3373 3407 3717 3478 σμικρύνωσι

2123 3496 2202 3568 τῷ
2245 3498 2425 3568 φθόνῳ
2462 3499 2524 3552 τὸ
2550 3499 2845 3570 γενόμενον
2889 3499 3094 3572 θαῦμα,
3136 3500 3504 3572 ἐμϐληθέντες
3543 3506 3718 3574 ἐμαρσ

2123 3592 2371 3664 τύρησαν
2410 3595 2476 3664 τῇ
2519 3592 2629 3646 τῶν
2663 3592 2898 3648 λεόντων
2935 3593 3216 3664 ὠμότητιο
3253 3593 3563 3666 ἐξήρπαζον
3605 3593 3716 3666 γάρ

2124 3684 2323 3748 αὐτοὺς
2348 3683 2828 3756 καταφερομένους
2851 3686 2902 3739 οί
2934 3684 3170 3750 λέοντες,
3205 3686 3302 3740 καὶ
3331 3686 3559 3757 μηδέπω
3589 3688 3718 3750 τοὺς

2122 3776 2475 3848 χαλωμένους
2519 3779 2602 3842 εἰς
2642 3777 2746 3850 γῆν
2779 3778 3206 3849 έφικνουμένους
3221 3779 3269 3811 ⁸⁵
3315 3777 3376 3844 ἐξ
3419 3779 3586 3834 αὐτοῦ
3620 3779 3716 3833 τοῦ

2123 3871 2284 3940 ἀέρος
2321 3871 2692 3941 λαμϐάνοντες
2728 3871 3012 3927 ἐποιοῦντο
3043 3875 3270 3945 τροφήν.
3300 3873 3468 3936 Δίκας
3497 3873 3596 3943 μὲν
3619 3868 3715 3926 οὗν

2123 3962 2280 4027 ἀξίας
2304 3965 2350 3996 ³⁸
2385 3963 2678 4028 δεδωκότες
2705 3964 2765 4018 τὸ
2791 3965 3001 4018 δίκαιον
3033 3965 3366 4036 κηρύττουσι
3406 3965 3501 4019 τοῦ
3532 3965 3670 4020 Θεοῦ
3698 3985 3713 3999 ο

2121 4056 2266 4112 οὕτω
2293 4058 2350 4110 δὲ
2383 4059 2560 4129 ῥᾷστα
2591 4057 3074 4122 καταναλωθέντες
3103 4059 3207 4112 ὑπὸ
3235 4058 3344 4112 τῶν
3371 4057 3580 4130 θηρίων
3615 4058 3716 4130 τὴν

2121 4149 2217 4202 τοῦ
2269 4148 2407 4203 Θεοῦ
2453 4149 2647 4220 σοφίαν
2702 4150 3118 4205 ύποδεικνύουσι
3147 4192 3162 4214 ,
3219 4151 3315 4206 καὶ
3369 4151 3717 4206 διδάσκουσιν

2122 4237 2407 4303 ἅπαντας,
2455 4240 2532 4303 ὡς
2583 4241 2682 4310 οὐχ
2744 4241 2774 4294 ὁ
2825 4240 2934 4294 τῶν
2995 4239 3226 4293 λεόντων
3273 4239 3434 4310 κόρος
3460 4279 3474 4303 ,
3517 4238 3634 4293 ἀλλ’
3687 4241 3718 4292 ὁ

2121 4328 2250 4399 περὶ
2271 4328 2361 4381 τὸν
2387 4328 2520 4382 Θεὸν
2549 4328 2645 4382 τοῦ
2670 4328 2868 4399 Δανιὴλ
2894 4327 3080 4393 πόθος,
3107 4330 3207 4399 τῆς
3236 4328 3344 4382 τῶν
3369 4329 3597 4382 λεόντων
3623 4329 3721 4382 αύ-

2120 4420 2210 4474 τὸν
2231 4421 2275 4453 ⁸⁷
2302 4419 2480 4490 λύμης
2523 4421 2771 4492 ἀπέφηνε
2810 4421 3119 4492 κρείττονα.
3145 4420 3331 4474 Ταῦτα
3357 4420 3714 4491 θεασάμενος,

501 4535 668 4594 Vsus.
705 4540 795 4597 95.
829 4560 848 4591 ι
882 4540 1082 4599 Darius
1109 4558 1205 4599 rex
1229 4545 1454 4615 scripsit
1481 4547 1748 4602 omnibus
1774 4547 2015 4618 populis,

2193 4533 2292 4588 κε’.
2325 4553 2344 4586 ι
2377 4535 2601 4606 Δαρεῖος
2633 4533 2662 4586 ὁ
2695 4532 2952 4604 βασιλεὺς
2994 4533 3204 4605 ἔγραψε
3238 4534 3371 4587 πᾶσι
3397 4534 3511 4596 τοῖς
3541 4532 3713 4596 λαοῖς,

427 4628 728 4695 tribubus,
765 4631 1008 4701 linguis,
1049 4633 1426 4690 habitantibus
1471 4637 1525 4692 in
1573 4639 1724 4692 omni
1780 4648 1949 4693 terra.
1995 4658 2012 4689 ι

429 4717 662 4790 lmpium
689 4730 877 4800 ratus,
926 4732 1142 4780 tantum
1200 4727 1485 4782 occultare
1545 4730 1902 4793 miraculum,
1963 4737 2020 4784 et

427 4825 540 4864 non
575 4826 770 4867 omnes
798 4814 1053 4871 homines
1104 4816 1287 4871 socios
1335 4823 1391 4873 et
1447 4820 1747 4888 participes
1785 4820 2014 4890 pietatis

428 4903 701 4974 accipere.
733 4904 939 4961 Scribit
972 4908 1159 4979 itaque
1191 4908 1244 4961 in
1279 4909 1422 4963 hanc
1453 4911 1820 4965 sententiam:
1846 4930 1865 4962 ‹
1898 4911 2007 4967 Pax

427 4995 586 5051 vobis
624 4997 1050 5067 multiplicetur.
1089 5019 1108 5053 ι
1150 4999 1268 5055 Hoc
1301 5007 1406 5064 est,
1464 5002 1629 5056 liceat
1675 5003 1834 5059 vobis
1881 5019 2012 5076 per-

427 5091 592 5154 petua
625 5100 762 5155 pace
805 5086 936 5142 frui.
979 5087 1045 5142 Et
1093 5088 1292 5146 similis
1321 5089 1439 5144 haec
1478 5099 1562 5145 est
1601 5098 1810 5148 nostrae
1865 5093 2018 5148 salu-

428 5177 647 5242 tationi,
682 5179 927 5248 quicum
979 5182 1247 5252 epistolas
1291 5182 1461 5237 alicui
1520 5184 1822 5250 mittimus,
1855 5186 2017 5241 initio

428 5270 678 5327 scribere
703 5273 1096 5330 consuevimus
1131 5291 1144 5330 :
1179 5272 1245 5328 In
1270 5274 1501 5331 Domino
1529 5276 1777 5333 salutem.
1808 5277 2017 5334 Deinde

2125 4626 2350 4694 φυλαῖς,
2397 4625 2675 4695 γλώσσαις
2701 4666 2714 4690 ,
2762 4627 2877 4688 τοῖς
2907 4624 3152 4678 οίκοῦσιν
3186 4626 3245 4678 ὲν
3276 4624 3426 4696 πάσῃ
3461 4626 3524 4695 τῇ
3555 4626 3649 4694 γῇ.
3688 4641 3708 4675 ι

2137 4718 2375 4772 Ἀνόσιον
2408 4716 2756 4788 ἡγησάμενος
2789 4715 3063 4788 τοσαύτην
3109 4715 3316 4786 κρύψαι
3363 4715 3715 4786 θαυματουρ-

2125 4812 2253 4880 γίαν
2273 4853 2286 4877 ,
2339 4811 2436 4865 καὶ
2473 4811 2548 4881 μὴ
2579 4810 2788 4875 πάντας
2816 4809 3140 4883 ἀνθρώπους
3169 4811 3462 4873 κοινωνοὺς
3491 4809 3590 4878 τῆς
3618 4809 3713 4862 εύ-

2125 4903 2342 4966 σεϐείας
2396 4902 2602 4956 λαϐεῖν.
2664 4903 2872 4973 Γράφει
2928 4902 3110 4956 τοίνυν
3159 4900 3368 4965 οὕτως’
3425 4919 3443 4952 ‹
3504 4901 3711 4970 Εἰρήνη

2119 4997 2250 5067 ύμῖν
2283 4995 2646 5066 πληθυνθείηο
2693 5015 2712 5046 ι
2749 4995 3032 5056 τουτέστι,
3066 4994 3279 5046 Γένοιτο
3311 4995 3455 5062 ὑμᾶς
3484 4994 3711 5046 διαπαν-

2119 5089 2213 5153 τὸς
2272 5089 2498 5160 εἰρήνης
2551 5086 2868 5142 ἀπολαύειν.
2921 5088 3111 5142 Ἕοικε
3159 5086 3216 5140 δὲ
3258 5085 3417 5139 τοῦτο
3470 5089 3536 5154 τῇ
3579 5084 3711 5156 παρ’

2120 5183 2279 5255 ἡμῶν
2308 5181 2572 5255 γινομένῃ
2595 5183 2641 5214 ⁸⁸
2665 5181 3028 5254 προσηγορίᾳ
3050 5198 3064 5214 ο
3117 5182 3215 5235 καὶ
3248 5179 3358 5253 γάρ
3400 5183 3562 5250 ἡμεῖς
3593 5180 3714 5232 ἐπι-

2124 5274 2438 5339 στέλλοντες
2486 5274 2830 5346 προγράφειν
2886 5271 3161 5346 είώθαμεν
3210 5273 3302 5327 τόδ
3365 5273 3468 5328 Ἐν
3518 5270 3714 5340 Κυρίῳ
3776 5353 3780 5356 Ὺ

1710 5455 1949 5514 VARUE
1989 5456 2398 5518 LECTIONES.

575 5607 620 5686 Β
649 5611 742 5686 σέ.-
787 5609 839 5686 ‘1
861 5609 903 5666 Β
933 5609 1160 5686 έςρραξε2
1185 5612 1261 5686 ’⁵³
1300 5613 1344 5668 Δ
1375 5613 1443 5668 τὰ
1475 5614 1720 5686 στόματα
1768 5616 1815 5650 ⁸⁸
1846 5616 1891 5670 Α
1919 5626 1973 5674 et
2001 5615 2043 5670 Β
2072 5617 2376 5673 κατέναντι.
2453 5615 2500 5650 ⁸⁸
2529 5613 2623 5672 καὶ
2648 5615 2757 5672 δικ.
2791 5613 2916 5671 Des.
2943 5613 3000 5668 in
3025 5613 3121 5686 A._
3173 5609 3266 5686 "_A_
3295 5607 3695 5686 obxﬁmlqag:

429 5678 565 5759 ξδέ.
588 5679 712 5759 Des_
730 5681 784 5736 in
805 5680 864 5759 B_.
925 5676 985 5759 _“
1011 5676 1056 5736 ’Β
1076 5676 1381 5759 (ξύδέτιοτεζ
1431 5686 1480 5759 f‘f
1506 5676 1633 5759 γάρ.
1660 5686 1786 5759 Des.
1819 5687 1874 5759 in
1907 5687 1966 5741 B.
2045 5689 2090 5720 "
2123 5688 2164 5742 Β
2189 5689 2518 5759 παραθεῖναι
2550 5689 2662 5751 τοῖς
2685 5687 2867 5759 λέουσι
2900 5685 3000 5738 σὺν
3036 5683 3151 5759 τοξίς
3175 5679 3434 5759 μίέσικαὶ
3463 5676 3705 5759 γυναιξί.

431 5748 477 5820 ff
507 5767 642 5820 φησ.
681 5753 803 5807 Des.
840 5753 894 5808 in
925 5753 987 5808 Β.

433 5753 480 5849 1;
507 5767 642 5837 φῃσ.
667 5753 803 5849 10Θὲ
840 5753 894 5808 in
1089 5753 1137 5786 ⁸³
1346 5755 1388 5807 Β
1425 5755 1504 5810 δέ.
1527 5753 1628 5849 ﬂ“
1664 5757 1704 5810 Β
1735 5758 2056 5849 ίπέσχονξρ.
2133 5761 2182 5794 ⁸³
2220 5753 2396 5833 Β’τῆς
2430 5759 2533 5832 γῆς
2577 5757 3002 5831 ἀφικουμὲνους.

510 5822 632 5875 αὺτ.
667 5822 726 5877 In
758 5823 799 5876 Β
829 5826 1051 5894 ponitur
1080 5834 1206 5897 post
1246 5822 1450 5899 λύμης.
1527 5825 1572 5860 ⁸⁸
1601 5844 1709 5897 γιν.
1742 5822 1958 5886 Βεδ.’ἰιι
1986 5828 2050 5887 Β.

3091 5754 3140 5788 ⁸⁸
3169 5752 3259 5822 ea.
3290 5749 3332 5808 Β
3361 5747 3548 5823 praem.
3587 5747 3705 5811 τάς.
