4092 6458
393 429 535 494 1409

1595 427 1678 486 IN
1705 425 2073 486 DANIELIS
2104 424 2264 486 CAP.
2311 427 2411 488 VI.

3539 431 3674 496 ιειο

385 540 642 610 χαίρειν.
671 535 806 593 Εἶτα
830 537 1099 609 διηγεῖται
1130 535 1193 591 τὸ
1235 535 1516 607 ἑπωφελὲς
1554 537 1652 591 καὶ
1695 534 1980 608 ἐπικερδὲς

2087 542 2280 589 narrat
2322 535 2399 600 id,
2432 537 2580 608 quod
2632 549 2688 595 et
2733 539 2995 597 utilitatis
3055 550 3111 597 et
3171 541 3312 597 lucri
3369 541 3673 614 plurimum

386 632 661 685 διήγημα.

603 649 661 685 α.

627 743 645 776 ι
681 725 777 778 Ἐκ
815 727 1116 799 προσώπου
1158 745 1260 798 μου
1277 726 1322 759 ⁸³
1351 725 1510 798 ἐτέθη
1536 726 1716 796 δόγμα
1738 726 1797 779 ὲν
1828 725 1980 798 πάσῃ

386 815 535 888 ἀρχῇ
563 814 664 884 τῆς
699 813 980 884 βασιλείας
1007 835 1132 888 μου,
1180 813 1322 870 εἶναι
1351 815 1561 882 πάντας
1579 817 1626 849 ⁸⁸
1671 817 1980 889 τρέμοντας

385 906 488 960 καὶ
541 904 913 977 φοϐουμένους
944 906 1056 961 ἀπὸ
1082 907 1383 981 προσώπου
1413 909 1509 962 τοῦ
1529 907 1667 962 Θεοῦ
1700 909 1922 980 Δανιήλ.
1955 926 1974 961 ι

386 995 691 1067 Βούλομαι,
716 996 854 1067 φησί
874 1035 896 1062 ,
928 997 1141 1064 πάντας
1197 999 1523 1074 ἀνθρώπους
1569 1002 1698 1066 τούς
1745 1003 1852 1058 ὐπὸ
1881 1003 1980 1075 τὴν

385 1086 533 1158 ἐμὴν
566 1086 857 1152 τελοῦντας
903 1088 1158 1154 ἐξουσίαν
1179 1091 1260 1157 ⁸⁸,
1295 1090 1388 1144 τὸν
1423 1090 1518 1144 τοῦ
1569 1091 1770 1165 Δανιὴλ
1805 1110 1980 1165 προσ-

387 1183 575 1235 κυνεῖν
594 1180 750 1247 Θεὸν,
781 1181 880 1236 καὶ
908 1181 983 1253 μὴ
1011 1183 1197 1248 ἁπλῶς
1219 1183 1314 1238 καὶ
1333 1186 1410 1250 ὼς
1434 1184 1654 1256 ἔτυχεν,
1679 1186 1818 1241 ἀλλά
1842 1187 1983 1258 μετά

385 1275 547 1338 δέους
571 1275 667 1329 καὶ
687 1275 890 1348 φρίκης
914 1277 1249 1350 προσφέρειν
1279 1278 1430 1350 αὐτῷ
1456 1280 1558 1348 τὴν
1585 1278 1979 1350 προσκύνησιν.

386 1367 504 1422 Καὶ
543 1367 646 1439 τὴν
686 1368 871 1422 αἰτίαν
912 1370 1151 1439 ἐπάγει,
1191 1369 1286 1425 καί
1337 1387 1541 1441 φησιν·
1586 1388 1606 1422 ι
1658 1373 1782 1425 Ὀτι
1819 1372 1982 1436 αὐτός

386 1461 508 1513 ἐστι
529 1459 660 1524 Θεὸς
691 1460 822 1528 ζῶν,
853 1460 949 1514 καὶ
977 1460 1154 1532 μένων
1177 1464 1259 1526 εἰς
1286 1463 1414 1527 τοὺς
1440 1463 1664 1526 αἰῶνας.
1700 1483 1720 1514 ι
1743 1463 1982 1536 Διαρκὴς

385 1555 500 1628 γάρ
532 1557 650 1609 ὲστι
671 1596 688 1624 ,
733 1558 828 1611 καὶ
855 1557 1064 1630 τροπὴν
1096 1559 1356 1630 οὐδεμίαν
1392 1559 1682 1630 δεχόμενος
1704 1602 1720 1629 ,
1751 1561 1848 1615 καὶ
1894 1563 1984 1616 ἀεὶ

386 1646 658 1713 ὡσαύτως
673 1647 806 1721 ἔχει,
833 1651 929 1704 καὶ
953 1651 1035 1714 εἰς
1059 1651 1188 1715 τούς
1232 1651 1435 1716 αἰῶνας
1467 1653 1732 1724 διαμένει.
1761 1653 1985 1718 Τούτοις

389 1741 592 1810 ἐπάγει
614 1758 629 1772 ·
659 1760 681 1794 ι
721 1743 839 1797 Καὶ
871 1745 906 1815 ὴ
945 1743 1196 1814 βασιλεία
1223 1745 1389 1800 αὐτοῦ
1427 1747 1490 1801 οὐ
1519 1747 1985 1820 διαφθαρήσεται,

388 1834 488 1888 καὶ
515 1836 550 1906 ὴ
595 1835 790 1907 κυρεία
820 1836 985 1890 αὐτοῦ
1016 1837 1122 1901 ἕως
1165 1838 1375 1904 τέλους.
1413 1838 1566 1911 (κζ’.)
1612 1841 1981 1914 ’Δντιλαμϐά-

388 1942 562 1991 νεται,
604 1926 705 1980 καὶ
737 1928 948 1997 ῥύεται.
977 1946 996 1980 ι
1032 1927 1221 1984 Εἰσαεὶ
1257 1929 1334 1997 δὲ,
1379 1931 1535 2002 φησί,
1581 1932 1852 2004 διαμένει,
1885 1936 1981 1988 καὶ

390 2017 670 2090 βασιλείαν
720 2019 860 2091 ἔχων
887 2019 1212 2094 ἀνώλεθρον,
1241 2024 1336 2076 καὶ
1363 2023 1684 2079 δεσποτείαν
1734 2027 1888 2091 τέλος
1917 2028 1980 2082 οὐ

387 2109 716 2184 δεχομένην,
753 2112 1026 2186 ῥυομένην
1074 2114 1132 2168 δὲ
1161 2115 1258 2169 καὶ
1303 2115 1678 2189 λυτρουμένην
1723 2121 1852 2185 τούς
1902 2122 1982 2186 εἰς

387 2201 550 2256 αὐτὸν
580 2205 1035 2270 πεπιστευκότας.
1068 2225 1088 2258 ι
1139 2207 1252 2261 Καὶ
1283 2211 1489 2280 σημεῖα
1529 2209 1586 2264 δὲ
1633 2214 1780 2266 ποιεῖ
1815 2214 1873 2267 έν
1902 2212 1981 2284 τῷ

389 2294 607 2368 οὐρανῷ
637 2297 682 2330 ⁸³
715 2297 812 2351 καὶ
862 2297 957 2351 ἐπὶ
992 2299 1094 2368 τῆς
1130 2302 1253 2368 γῆς.
1281 2319 1300 2352 ι
1339 2302 1497 2356 Ἔστι
1556 2303 1610 2358 δὲ
1648 2305 1776 2360 ἰδεῖν
1815 2300 1979 2360 αὐτοῦ

387 2387 489 2449 τὰς
515 2385 982 2459 θαυματουργίας,
1010 2388 1110 2453 τάς
1137 2405 1199 2442 τε
1231 2389 1292 2443 ὲν
1319 2389 1400 2462 τῷ
1420 2391 1635 2462 οὐρανῷ
1664 2393 1980 2464 γινομένας,

391 2481 488 2535 καὶ
521 2480 622 2544 τὰς
655 2480 750 2534 ἐπὶ
769 2481 869 2553 τῆς
897 2480 1025 2552 γῆς,
1055 2482 1123 2536 δι’
1152 2475 1227 2536 ὧν
1247 2483 1347 2554 τὴν
1395 2484 1592 2539 ἑαυτοῦ
1622 2485 1865 2540 δείκνυσι
1892 2485 1982 2541 δύο

391 2590 580 2644 ναμιν.
605 2572 825 2645 Ταύτην
859 2575 992 2647 ἡμῖν
1016 2575 1062 2608 ⁸³
1104 2575 1200 2630 καὶ
1223 2576 1316 2630 ἐπὶ
1339 2576 1434 2630 τοῦ
1467 2577 1735 2649 παρόντος
1765 2579 1970 2633 ὐπέδει⁹

392 2665 517 2733 ξεν·
555 2685 574 2720 ι
620 2666 893 2734 Ἐξείλατο
924 2668 1056 2741 γὰρ,
1088 2671 1244 2742 φησὶ,
1265 2671 1360 2725 τὸν
1384 2671 1584 2744 Δανιὴλ
1607 2674 1672 2726 ὲκ
1714 2673 1982 2744 στόματος

388 2757 500 2812 τῶν
519 2757 755 2812 λεόντων
784 2799 801 2824 ,
833 2779 852 2812 ι
883 2760 978 2814 καὶ
1013 2761 1125 2816 τῶν
1147 2761 1292 2835 λιμῷ
1318 2764 1413 2817 καὶ
1439 2762 1596 2836 θυμῷ
1621 2763 1980 2837 τεθηγμένων

391 2848 599 2922 θηρίων
641 2851 891 2924 ἀπέφηνε
943 2855 1256 2926 κρείττονα.
1299 2856 1366 2910 Ἦ
1420 2856 1524 2928 ,μὲν
1581 2853 1675 2912 οὖν
1720 2859 1982 2932 ἐπιστολὴ

389 2941 566 2998 ταῦτα
595 2943 696 3017 τὴν
732 2946 1060 3018 οἰκουμένην
1087 2947 1446 3020 δεδίδαχεςΤὸ
1471 2950 1529 3004 δὲ
1577 2948 1672 3005 τοῦ
1705 2951 1982 3023 διηγήμα-

388 3053 484 3101 τος
525 3037 680 3102 τέλος
714 3039 986 3111 περιέχει,
1007 3042 1089 3096 ὅτι
1133 3043 1440 3115 κατηύθυνε
1467 3042 1666 3116 Δανιὴλ
1693 3045 1752 3097 ὲν
1782 3046 1849 3116 τῇ
1884 3043 1983 3114 βα-

391 3127 569 3202 σιλείᾳ.
590 3131 820 3202 Δαρείου
845 3135 938 3186 καὶ
967 3134 1027 3188 ὲν
1051 3137 1118 3205 τῇ
1147 3134 1396 3208 βασιλείᾳ
1419 3135 1605 3208 Κύρου
1625 3135 1718 3189 τοῦ
1745 3136 1979 3208 Πέρσου·

386 3220 692 3320 τουτέστιν,
715 3223 1035 3320 ὲνλὲκατέρᾳ
1059 3223 1309 3297 βασιλείᾳ
1340 3225 1664 3298 διαλάμπων
1689 3226 1979 3294 διετέλεσε,
2009 3259 2053 3320 C

389 3310 486 3364 καὶ
513 3311 572 3364 ὲν
593 3313 732 3368 πᾶσι
771 3312 1110 3385 διαπρέπων.
1162 3315 1342 3388 Ἦμᾶς
1369 3317 1426 3371 δὲ
1454 3321 1726 3391 προσήκει
1763 3321 1864 3394 τῆς
1887 3317 1981 3370 εὐ-

390 3402 612 3470 σεϐείας
645 3407 1034 3479 μεμαθηκότας
1071 3409 1170 3482 τὴν
1213 3410 1466 3483 δύναμιν,
1518 3412 1728 3485 ταύτην
1778 3431 1981 3487 προαι-

392 3495 624 3567 ρεῖσθαι,
651 3501 745 3554 καὶ
767 3500 985 3557 πάντων
1019 3502 1190 3575 αὐτὴν
1223 3505 1565 3576 προτιθέναι,
1599 3506 1695 3561 καὶ
1739 3508 1982 3581 μηδεμιᾷ

389 3590 714 3660 περιστάσει
737 3597 1118 3665 παραχωρεῖν·
1143 3595 1280 3650 ἀλλά
1307 3597 1412 3652 κᾶν
1432 3597 1672 3661 ἅπαντες
1701 3597 1980 3672 ἄνθρωποι

389 3679 535 3735 κατά
557 3682 757 3737 ταύτὸν
784 3684 906 3738 καθ’
941 3686 1098 3757 ήμῶν
1132 3687 1222 3742 διὰ
1270 3690 1478 3761 ταύτην
1509 3691 1872 3763 στρατεύωσι,
1895 3692 1982 3748 δέ·

387 3773 581 3842 χεσθαι
604 3775 903 3847 προθύμως
949 3779 1050 3850 τὴν
1075 3781 1381 3853 προσϐολὴν
1412 3785 1480 3854 τῇ
1516 3766 1720 3856 ταύτης
1749 3784 1980 3857 δυνάμει

391 3864 751 3937 θαρροῦντας.
784 3869 942 3924 Οῦτω
963 3871 1071 3944 γὰρ
1093 3872 1188 3926 καὶ
1215 3873 1324 3927 τῶν
1353 3875 1643 3946 μακαρίων
1665 3878 1980 3933 ἀποστόλων

387 3959 419 4010 ό
453 3958 634 4030 χορὸς,
670 3962 778 4015 ἀπὸ
809 3963 1012 4034 πάσης,
1036 3963 1113 4028 ὡς
1139 3964 1270 4029 έπος
1300 3966 1501 4033 εἰπεῖν,
1522 3967 1622 4038 τῆς
1651 3969 1981 4041 οἰκουμένης

388 4052 872 4124 πολιορκούμενος,
900 4055 1113 4129 ἄμαχος
1155 4057 1458 4129 μεμένηκε,
1491 4060 1588 4114 καὶ
1638 4061 1767 4124 τοὺς
1818 4061 1978 4116 πολε-

388 4144 548 4215 μίους
583 4146 859 4218 ὑπηκόους
909 4149 1230 4222 ἐποιήσατο.
1281 4149 1470 4214 Οὕτως
1505 4153 1535 4205 ό
1570 4153 1842 4225 μακάριος
1873 4157 1980 4208 Δα-

384 4235 533 4309 νιὴλ,
565 4236 672 4291 ὐπὸ
702 4239 974 4296 τοσούτων
1008 4241 1308 4312 σατραπῶν
1337 4243 1433 4296 καὶ
1463 4242 1733 4296 τακτικῶν
1758 4244 1979 4298 ὲπιϐου·

382 4325 717 4399 λευόμενος,
761 4331 1001 4402 ἀμείνων
1054 4331 1345 4403 ἀπεφάνθη
1397 4332 1508 4386 τῶν
1558 4333 1974 4406 πολεμούντων·

383 4422 484 4475 καὶ
510 4420 676 4492 ἡνίκα
724 4423 781 4475 δὲ
812 4423 858 4455 ⁸⁵
886 4425 936 4476 οἰ
972 4423 1255 4495 δυσμενεῖς
1301 4426 1646 4496 νενικηκέναι
1689 4426 1974 4498 ᾠήθησαν,

377 4514 688 4586 τηνικαῦτα
734 4515 1114 4587 πανωλεθρίαν
1151 4517 1475 4588 ὑπέμειναν.
1520 4517 1760 4574 Τοιαῦτα
1795 4521 1976 4575 τοίνυν

2083 628 2265 698 possit
2287 627 2505 685 afferre.

2155 719 2323 777 Vens.
2357 721 2452 776 26.
2488 741 2507 774 ι
2550 725 2593 779 A
2623 723 2764 781 facie
2800 741 2922 782 mea
2968 728 3218 798 positum
3261 738 3346 784 est
3380 729 3669 786 decretum

2085 810 2138 864 in
2173 811 2324 866 omni
2366 811 2603 883 imperio
2633 817 2788 886 regni
2821 818 2952 882 mei,
3011 827 3071 874 ut
3124 820 3256 874 fiant
3309 837 3508 876 omnes
3565 831 3674 878 tre-

2083 909 2300 958 mentes
2343 913 2400 958 et
2449 906 2711 964 timentes
2744 924 2773 963 a
2804 908 2947 966 fa'cie
3008 910 3103 967 Dei
3156 911 3420 968 Danielis.
3459 933 3477 965 ι
3509 913 3668 978 Volo,

2083 995 2286 1065 inquit,
2313 1011 2509 1054 omnes
2535 998 2789 1059 homines
2821 1003 2918 1074 qui
2949 1005 3054 1059 sub
3086 1019 3207 1060 mea
3253 1014 3529 1075 potestate
3574 1008 3674 1063 de-

2081 1093 2251 1158 gunt,
2286 1086 2460 1145 Deum
2505 1090 2750 1150 Danielis
2809 1097 3065 1163 adorare,
3121 1113 3298 1169 neque
3341 1108 3550 1156 temere
3605 1115 3672 1155 ac

2084 1175 2336 1244 fortuito,
2375 1183 2472 1238 sed
2503 1199 2628 1237 cum
2661 1195 2810 1241 metu
2860 1196 2914 1242 et
2949 1189 3180 1244 horrore
3225 1192 3275 1243 ei
3322 1190 3671 1248 adoratiouis

2083 1273 2296 1329 cultum
2334 1276 2674 1348 impendere.
2725 1278 3077 1351 Causamque
3136 1282 3474 1351 subjiciens,
3528 1286 3606 1338 ait
3653 1303 3668 1340 :

2088 1386 2108 1420 ι
2142 1367 2282 1434 Quia
2314 1369 2434 1439 ipse
2460 1381 2543 1426 est
2565 1370 2706 1427 Dens
2736 1372 2950 1439 vivens,
2974 1382 3030 1428 et
3053 1388 3283 1428 manens
3310 1374 3366 1428 in
3390 1376 3613 1430 saecula.
3645 1395 3665 1429 ι

2084 1459 2373 1530 EjuSmodi
2404 1462 2553 1517 enim
2579 1470 2686 1528 est,
2721 1465 2815 1535 qui
2844 1473 3172 1536 perpetuus,
3205 1481 3271 1520 ac
3309 1465 3443 1519 nulli
3495 1475 3674 1522 muta-

2086 1553 2221 1608 tioni
2248 1553 2548 1619 obnoxius,
2589 1564 2643 1610 et
2673 1570 2892 1628 semper
2927 1557 3123 1612 eodem
3167 1558 3334 1613 modo
3369 1575 3428 1615 se
3468 1560 3672 1624 habet,

2085 1655 2140 1700 et
2182 1647 2237 1700 in
2272 1647 2471 1702 smcula
2499 1658 2806 1719 permanet.
2849 1648 2948 1705 His
2989 1649 3218 1722 subjicit
3247 1671 3259 1706 :
3296 1670 3313 1701 ι
3348 1651 3415 1705 Et
3441 1668 3672 1724 regnum

2086 1737 2210 1806 ejus
2251 1753 2361 1792 non
2395 1748 2812 1810 corrumpetur,
2859 1741 3074 1812 1187
3111 1753 3167 1796 et
3213 1743 3524 1799 dominatio
3553 1745 3675 1815 ejus

2090 1844 2266 1899 USqlte
2291 1829 2347 1883 in
2388 1829 2574 1885 finem.
2599 1829 2788 1899 (Vens.
2819 1831 2935 1902 2⁵1.)
2977 1831 3255 1898 Defendit,
3287 1844 3341 1889 et
3375 1835 3597 1891 liberat.
3646 1855 3667 1889 ι

2019 1898 2062 1954 Β
2106 1919 2164 1975 1η
2185 1898 2521 1993 perpetuum
2548 1963 2564 1989 ,
2598 1923 2782 1995 inquit
2833 1898 3141 1995 permanet,
3177 1934 3233 1980 et
3266 1942 3494 1998 regnum
3527 1928 3675 1997 ejus.

2092 2015 2241 2069 modi
2278 2015 2514 2083 obtinet,
2565 2018 2713 2087 quod
2757 2011 3042 2090 corrumpi
3094 2020 3324 2090 nequit,
3381 2036 3445 2075 ac
3497 2021 3674 2077 domi-

2089 2107 2240 2161 nium
2275 2109 2381 2164 tine
2405 2122 2625 2182 carens,
2655 2108 2802 2179 quod
2836 2110 3062 2180 quidem
3100 2112 3296 2166 liberat
3328 2128 3392 2168 ac
3430 2113 3674 2169 redimit‘

2089 2215 2284 2256 omnes
2321 2202 2414 2272 qui
2450 2202 2507 2256 in
2556 2217 2680 2257 eum
2736 2203 3119 2260 crediderunt.
3155 2223 3174 2257 ι
3213 2205 3280 2260 Et
3335 2208 3490 2277 signa
3543 2208 3678 2262 facit

2089 2292 2144 2347 in
2180 2292 2324 2348 caelo
2349 2300 2404 2348 et
2434 2294 2489 2348 in
2515 2301 2690 2349 terra.
2728 2312 2748 2346 ι
2795 2293 3060 2366 Licetque
3100 2300 3468 2369 contemplari
3503 2301 3677 2370 ipsius

2094 2385 2390 2452 miracula,
2422 2393 2477 2442 et
2507 2403 2632 2458 quae
2665 2387 2720 2442 in
2745 2389 2922 2452 coelo,
2953 2396 3010 2444 et
3067 2405 3188 2460 qua:
3231 2389 3286 2444 in
3321 2399 3467 2445 terra
3514 2393 3673 2458 fiunt,

2087 2478 2296 2548 quibus
2347 2495 2508 2535 suam
2561 2480 2656 2536 ille
2712 2481 3020 2551 potentiam
3077 2483 3360 2539 ostendit:
3397 2500 3562 2554 quam
3618 2486 3676 2542 in

2091 2573 2346 2643 praesenti
2370 2588 2591 2644 quoque
2617 2575 2778 2630 nobis
2801 2573 3126 2630 declaravit.
3155 2594 3174 2626 ι
3207 2575 3478 2632 Liberavit
3498 2579 3673 2646 enim,

2092 2667 2299 2738 inquit,
2329 2665 2607 2727 Danielem
2637 2682 2701 2722 ex
2731 2682 2827 2722 ore
2877 2667 3123 2723 leonum.
3166 2687 3184 2719 ι
3227 2666 3293 2722 Ει
3340 2668 3472 2725 feris
3527 2668 3676 2725 fame

2089 2769 2255 2831 atque
2293 2759 2580 2815 iracundia
2604 2759 2902 2815 concitatis
2927 2775 3052 2815 eum
3086 2763 3431 2831 superiorem
3465 2764 3671 2819 elTecit.

2088 2855 2339 2924 Epistola
2402 2853 2574 2923 igitur
2639 2854 2755 2908 hanc
2823 2853 3013 2908 orbem
3088 2864 3366 2909 terrarum
3429 2854 3674 2911 edocuit.

2090 2944 2210 3018 [9.8]
2236 2945 2388 3002 Finis
2416 2954 2600 3001 autem
2635 2946 2982 3001 narrationis
3008 2943 3065 3000 id
3115 2947 3404 3012 continet,
3439 2957 3500 3002 ut
3550 2963 3676 3018 pro-

2090 3053 2252 3109 ενι-ιθ
2299 3038 2676 3093 successerint
2729 3036 2942 3093 Danieli
2985 3053 3077 3093 res
3114 3047 3393 3108 regnante
3429 3038 3592 3094 Dario
3621 3049 3677 3095 et
3792 3041 3796 3045 ’

2089 3129 2234 3202 Cyro
2269 3131 2438 3186 Persa
2465 3172 2480 3195 ,
2516 3131 2619 3185 hoc
2643 3139 2751 3194 est,
2781 3138 2841 3184 ut
2888 3129 2995 3186 sub
3029 3134 3321 3200 utriusque
3356 3145 3530 3200 regno
3570 3129 3674 3184 ﬂo-

2091 3220 2283 3284 ruerit,
2313 3231 2368 3275 et
2399 3220 2664 3276 omnibus
2713 3219 3058 3290 conspicuus
3111 3234 3176 3274 ac
3218 3220 3458 3274 illustris
3509 3219 3678 3276 fuerit

2091 3312 2421 3368 honoribus.
2465 3311 2579 3367 Nos
2600 3319 2783 3367 autem
2825 3314 3005 3373 decet,
3042 3319 3303 3382 percepta
3339 3313 3563 3383 pietatis
3592 3313 3672 3377 vi,

2091 3407 2234 3460 hanc
2261 3407 2488 3476 eligere,
2522 3415 2575 3460 et
2598 3405 2860 3460 omnibus
2887 3404 3058 3459 rebus
3097 3405 3274 3474 ipsam
3307 3414 3672 3475 anteponere,

2089 3513 2153 3553 ac
2185 3497 2353 3552 nullis
2387 3496 2654 3567 periculis
2701 3497 2929 3552 territos
2960 3495 3028 3550 ab
3048 3511 3112 3552 ea
3153 3495 3466 3551 desciscere
3508 3515 3520 3550 :
3563 3498 3675 3552 imo

2088 3592 2302 3648 etiamsi
2329 3606 2522 3646 omnes
2549 3591 2804 3646 homines
2835 3590 3002 3646 simul
3028 3599 3252 3662 propter
3285 3591 3459 3662 ipsam
3482 3600 3676 3648 contra

2089 3697 2192 3737 nos
2225 3691 2494 3753 pugnent,
2531 3681 2798 3738 alacriter
2843 3697 3035 3738 eorum
3085 3683 3350 3753 impetum
3392 3683 3674 3754 excipere,

2089 3773 2324 3844 hujusce
2353 3773 2403 3826 vi
2441 3772 2636 3829 fretos.
2675 3774 2754 3827 lta
2784 3773 2930 3827 enim
2973 3773 3267 3829 beatorum
3294 3789 3516 3844 quoque
3542 3789 3678 3844 apo-

2089 3865 2360 3922 stolornm
2394 3863 2624 3930 chorus,
2650 3871 2765 3919 toto
2802 3863 3205 3935 propemodum
3233 3863 3370 3918 orbe
3401 3873 3674 3918 terrarum

2087 3959 2375 4021 obsessus,
2415 3956 2860 4026 inexpugnabilis
2897 3957 3236 4026 permansit,
3272 3964 3440 4026 atque
3487 3955 3676 4011 hostes

2087 4048 2195 4104 sibi
2232 4047 2388 4102 dicto
2428 4047 2753 4102 obedientes
2806 4045 2960 4102 fecit.
3014 4047 3142 4100 Pari
3192 4047 3407 4101 ratione
3475 4047 3674 4102 beatus

2087 4139 2304 4203 Daniel,
2334 4141 2422 4194 cui
2451 4149 2534 4194 tot
2568 4147 2809 4208 satrapae
2841 4145 2897 4193 et
2918 4125 3270 4193 Ordinatores
3304 4135 3678 4192 moliebantur

2086 4231 2350 4295 insidias,
2382 4232 2489 4288 sibi
2517 4231 2878 4287 adversantes
2904 4245 2970 4286 ac
2995 4231 3161 4285 veluti
3187 4230 3332 4284 bello
3365 4237 3675 4300 pugnantes

2086 4325 2346 4381 vicitzet
2379 4339 2507 4379 cum
2551 4323 2770 4378 inimici
2810 4322 2926 4394 jam
2986 4337 3048 4378 se
3102 4323 3392 4394 victoriam
3443 4322 3676 4393 adeptos

2086 4417 2494 4483 existimarent,
2528 4425 2662 4471 tunc
2690 4415 2945 4471 funditus
2973 4415 3259 4471 interiere.
3292 4414 3449 4468 Talia
3485 4415 3676 4486 itaque

2086 4512 2353 4567 habentes
2383 4511 2656 4580 exempla,
2683 4510 2962 4567 sinceram
2985 4524 3114 4581 erga
3141 4508 3309 4564 Deum
3330 4510 3548 4581 1188
3579 4511 3674 4566 bc-

385 4607 604 4679 ἕχοντες
635 4608 1078 4680 παραδείγματα,
1113 4609 1382 4683 εἰλικρινῆ
1408 4611 1509 4680 τὴν
1538 4612 1668 4683 περὶ
1705 4611 1796 4665 τὸν
1842 4613 1974 4667 Θεὸν

2089 4603 2460 4660 nevolentiam
2491 4617 2918 4667 conservemus,
2952 4611 3011 4658 ut
3040 4603 3164 4674 ejus
3203 4605 3414 4658 auxilio
3455 4620 3674 4675 semper

384 4699 716 4772 φυλάξωμεν
763 4699 998 4766 εὔνοιαν,
1046 4701 1134 4755 ἴνα
1174 4701 1275 4772 τῆς
1322 4705 1451 4774 παρ’
1479 4702 1644 4756 αὐτοῦ
1677 4705 1852 4776 ῥοπῆς
1897 4706 1976 4760 δι-

383 4793 597 4865 ηνεκῶς
608 4791 1030 4864 ἀπολαύσωμεν·
1055 4787 1122 4865 ἦς
1146 4793 1357 4862 γένοιτο
1382 4795 1591 4860 πάντας
1611 4797 1759 4868 ἡμᾶς
1787 4799 1970 4854 ἐ.πιτυ⁸

383 4888 522 4957 χεῖν,
553 4887 738 4958 χάριτι
768 4885 862 4939 καὶ
886 4884 1270 4956 φιλανθρωπία
1300 4886 1394 4939 τοῦ
1420 4887 1624 4959 Κυρίου
1665 4889 1824 4961 ἡμῶν
1863 4892 1972 4963 ’1η-

385 4977 482 5032 σοῦ
535 4975 800 5047 Χριστοῦ,
853 4975 974 5049 μεθ’
998 4969 1060 5030 οὐ
1117 4975 1195 5048 τῷ
1242 4977 1416 5049 Πατρὶ
1462 4979 1496 5050 ὴ
1548 4979 1698 5046 δόξα,
1756 4983 1856 5036 σύν
1897 4983 1975 5054 τῷ

380 5073 528 5145 ἁγίῳ
571 5074 616 5106 ⁸⁵
661 5073 982 5146 Πνεύματι,
1034 5072 1113 5137 εἰς
1159 5069 1285 5136 τοὺς
1335 5072 1539 5139 αἰῶνας
1582 5076 1692 5130 τῶν
1737 5075 1969 5132 αἰώνων.

295 5233 303 5241 _
397 5165 592 5242 ’Δμήν.

2081 4698 2336 4750 fruamur
2364 4713 2377 4749 :
2405 4694 2554 4766 quod
2598 4695 2810 4750 utinam
2855 4709 2957 4751 nos
2991 4709 3186 4750 omnes
3233 4709 3673 4766 consequamur,

2080 4791 2256 4862 gratia
2281 4796 2336 4844 et
2371 4787 2715 4859 benignitate
2757 4786 2980 4844 Domini
3033 4788 3211 4844 nostri
3262 4786 3393 4843 Jesu
3438 4787 3672 4858 Christi,

2079 4895 2208 4935 cum
2243 4893 2352 4950 quo
2382 4877 2535 4933 Patri
2578 4878 2759 4951 gloria
2801 4893 2927 4934 cum
2957 4887 3153 4936 sancto
3207 4879 3441 4952 Spiritu,
3474 4880 3530 4934 in
3568 4896 3674 4936 sa:-

2086 4973 2211 5029 cnla
2242 4971 2601 5030 saeculorum.
2632 4972 2832 5030 Amen.

1679 5327 1918 5384 νΑιιιιΕ
1956 5328 2252 5387 LECTION
2261 5331 2367 5386 ES.

473 5483 522 5515 ⁸⁸
555 5499 679 5554 μου.
713 5483 839 5539 Des.
878 5483 931 5538 in
963 5485 1024 5539 Β.
1132 5485 1176 5517 ⁶⁰
1208 5485 1370 5542 πάντ.
1408 5485 1532 5541 Des.
1566 5487 1618 5540 in
1657 5487 1723 5540 A.

381 5549 622 5626 οὐρανῷ.
698 5555 744 5586 ⁸³
776 5559 875 5626 ημ.
911 5555 952 5609 Β
981 5570 1167 5626 praem.
1200 5557 1290 5626 ἣν.
1369 5558 1416 5589 ⁸³
1449 5558 1526 5612 δέ.
1563 5556 1686 5614 Des.
1719 5559 1772 5612 in
1807 5559 1867 5611 Β.

1830 5488 1872 5520 ⁸⁸
1904 5486 1988 5554 ἐξ.
2043 5487 2084 5541 Β
2115 5487 2412 5558 βασιλείαν.

1948 5561 1992 5590 ⁸⁵
2025 5558 2067 5611 Β
2096 5561 2372 5629 παναγίῳ.

2519 5490 2563 5521 ⁶¹
2595 5491 2638 5544 Δ
2671 5489 2763 5544 καὶ
2804 5493 2951 5546 ποιεῖ
2994 5495 3201 5566 σημεῖα
3240 5491 3336 5546 καὶ
3372 5491 3574 5562 τέρατα
3612 5487 3672 5541 ἣν
