4092 6446
460 407 594 478 1411

475 549 2775 585 __—._—-—_———————-—_—-—-—-

1403 404 1891 469 THEODORETI
1937 399 2280 464 EPISCOPI
2321 394 2687 460 CYRENSIS

3582 385 3719 448 1412

1772 707 2157 795 ΤΟΜΟΣ
2240 709 2346 790 Z'.

1567 1059 1920 1148 LIBER
1994 1058 2629 1148 SEPTIMUS.

1077 1406 1307 1462 CAPUT
1348 1406 1461 1459 Vll.

547 1504 713 1562 Vens.
745 1503 799 1557 l.
839 1520 857 1553 ι
894 1501 1053 1554 Anno
1095 1500 1274 1569 primo
1331 1496 1639 1551 Ballasaris
1693 1496 1837 1567 regis
1882 1495 2050 1550 Chal-

2073 1409 2126 1467 Α

2682 1401 3078 1456 ΚΕΦΑΛΑΙΟΝ
3129 1404 3203 1456 Z'.

2223 1502 2291 1551 a'.
2341 1515 2358 1548 ι
2403 1495 2594 1565 Ἐν,τῷ
2630 1494 2829 1567 πρώτῳ
2852 1495 2960 1548 ἔτει
2992 1495 3295 1565 Βαλτάσαρ,
3334 1511 3427 1547 του
3470 1493 3736 1563 βασιλέως

474 1599 743 1662 ᾶαεοτυηι,
763 1592 953 1648 Daniel
980 1591 1253 1647 somnium
1275 1589 1430 1654 vidit,
1456 1599 1507 1642 et
1534 1588 1675 1642 visio
1709 1587 1906 1657 capitis
1931 1587 2050 1657 ejus

2167 1586 2458 1651 Χαλδαίων,
2495 1585 2691 1656 Δανιὴλ
2725 1585 2971 1638 ἐνύπνιον
3005 1581 3132 1647 εἶδε,
3163 1585 3311 1654 καὶὴ
3340 1583 3529 1653 ὅρασις
3560 1585 3604 1615 ⁶⁶
3633 1584 3734 1654 τῆς

475 1691 532 1746 in
572 1686 741 1744 cubili
791 1685 936 1755 ejus,
1000 1691 1057 1737 et
1110 1680 1386 1737 somnium
1451 1679 1696 1750 scripsit.
1743 1699 1762 1731 ι
1805 1677 1888 1733 Ad
1935 1678 2052 1732 haec

2167 1677 2398 1750 κεφαλῆς
2443 1678 2606 1732 αὑτοῦ
2663 1678 2756 1731 ἐπὶ
2779 1681 2875 1746 τῆς
2927 1677 3116 1748 κοίτης
3149 1676 3313 1732 αὐτοῦ
3339 1715 3354 1740 ,
3403 1677 3497 1730 καὶ
3539 1677 3599 1731 τὸ
3643 1678 3736 1729 ἐν-

476 1794 653 1850 usque
689 1776 857 1831 verba
888 1774 1085 1828 beatus
1136 1771 1324 1825 Daniel
1373 1771 1548 1839 magis
1604 1770 1872 1826 historico
1902 1783 2055 1824 more

475 1867 826 1942 prophetiam
862 1864 1225 1934 conscripsit.
1259 1862 1506 1916 Primum
1540 1862 1686 1916 enim
1720 1876 1955 1916 exorsus
1986 1861 2054 1916 ab

477 1960 641 2017 initio
669 1956 858 2014 statim
888 1970 1010 2025 quae
1046 1955 1184 2024 ipsis
1223 1952 1368 2006 bello
1393 1952 1570 2022 raptis
1605 1950 1876 2015 accidere,
1902 1965 2055 2005 com-

475 2050 830 2112 memoravit,
858 2051 874 2070 '
908 2047 1223 2117 adjecitque
1271 2059 1379 2099 una
1412 2055 1630 2114 quantae
1668 2043 1882 2098 auctori
1939 2058 2058 2096 om-

477 2144 633 2199 nium
693 2156 880 2196 rerum
931 2138 1044 2196 Deo
1083 2153 1231 2192 cura:
1271 2135 1495 2191 fuerint.
1543 2135 1746 2190 Deinde
1809 2133 2058 2189 narravit

478 2244 720 2307 quantas
751 2231 1269 2288 Nabuchodonosor
1302 2238 1358 2286 et
1379 2228 1732 2285 crudelitatis
1771 2235 1826 2282 et
1860 2241 2057 2296 super-

479 2329 582 2384 bia:
633 2339 828 2397 poenas
881 2323 1254 2394 persolverit;
1309 2332 1424 2377 tum
1494 2321 1657 2391 quale
1720 2319 2058 2390 supplicium

479 2418 735 2481 Baltasar
758 2415 829 2471 ob
857 2429 1016 2469 sacra
1052 2429 1184 2468 vasa
1222 2414 1462 2468 ludibrio
1501 2412 1690 2467 habita
1719 2411 1906 2466 luerit.
1941 2408 2061 2475 Quo

478 2511 662 2566 divina
691 2510 850 2580 plaga
881 2506 1194 2572 interfecto,
1215 2515 1266 2561 el
1300 2506 1365 2562 ad
1404 2504 1592 2561 Medos
1618 2503 1852 2575 imperio
1883 2510 2063 2556 trans-

477 2603 636 2664 lato,
687 2616 809 2670 qua:
880 2599 985 2653 sibi
1045 2607 1095 2654 et
1165 2599 1331 2654 Dario
1381 2597 1652 2662 accidere,
1687 2595 2058 2665 conscripsit,

477 2692 800 2761 docuitque,
855 2689 1136 2759 quomodo
1183 2704 1313 2759 erga
1370 2703 1430 2743 se
1485 2685 1740 2742 aﬂ‘ectum
1803 2685 2063 2740 habuerit

476 2779 658 2845 illum,
714 2782 906 2850 quales
953 2787 1134 2834 autem
1187 2781 1306 2850 ipse
1356 2777 1688 2834 sustinuerit
1740 2775 1974 2831 insidias
2027 2791 2056 2829 a

478 2873 718 2928 ducibus
768 2880 823 2927 et
868 2873 1112 2943 satrapis
1138 2912 1153 2938 ,
1193 2887 1221 2926 a
1263 2873 1466 2942 quibus
1519 2870 1706 2925 divino
1745 2869 1951 2924 auxilio
1987 2869 2060 2925 sit

482 2953 814 3014 vindicatus.
848 2958 1064 3024 Quibus
1115 2959 1284 3014 veluti
1333 2959 1600 3015 historice
1633 2959 1824 3014 relatis
1849 2999 1863 3023 ,
1899 2958 2059 3014 dein-

478 3065 614 3117 ceps
635 3065 910 3120 exponere
945 3050 1142 3121 incipit
1184 3066 1278 3106 eas
1313 3051 1725 3121 praedictiones,
1774 3065 1915 3120 quas
1963 3065 2062 3120 per

479 3143 849 3198 revelationes
913 3143 1144 3200 edoctus
1219 3143 1438 3214 1189
1509 3151 1614 3199 est.
1679 3144 1759 3198 Ac
1819 3144 2059 3214 primum

482 3244 724 3305 quatuor
760 3235 1067 3290 bestiarum
1111 3237 1505 3291 revelationcm
1536 3235 1715 3306 ponit,
1762 3233 2064 3291 Nabucho-

482 3326 778 3382 donosoris
807 3327 1028 3382 somnio
1061 3327 1357 3383 admodum
1393 3329 1656 3383 similem.
1697 3326 1913 3384 Etenim
1970 3329 2063 3382 ille

481 3416 538 3473 in
574 3433 680 3472 una
721 3418 959 3490 imagine
987 3419 1407 3490 quadruplicem
1443 3419 1582 3474 vidit
1627 3420 1918 3474 materiam
1959 3438 1973 3474 :
2008 3429 2063 3474 et

484 3509 575 3564 hic
628 3510 698 3564 ab
740 3526 852 3565 uno
910 3511 1045 3564 mari
1113 3521 1348 3581 quatuor
1410 3511 1615 3568 bestias
1671 3513 2060 3567 ascendentes.

483 3595 688 3656 Verum
715 3618 782 3657 ne
805 3604 890 3657 bis
920 3602 1114 3657 eadem
1146 3609 1393 3672 repetere
1418 3617 1708 3673 cogamur,
1741 3602 1808 3656 ad
1841 3603 2064 3672 singula

482 3691 902 3760 interpretanda
954 3691 1380 3761 aggrediamur,
1440 3691 1588 3747 unde
1644 3693 1750 3747 hoc
1812 3691 2063 3761 apertius

489 3783 833 3836 ostendetur.
870 3798 888 3832 ι
929 3785 1085 3834 Anno
1120 3784 1297 3850 primo
1354 3782 1658 3837 Baltasaris
1705 3784 1852 3852 regis
1898 3782 2064 3838 Chal-

487 3875 756 3936 daeorum,
787 3874 970 3929 Daniel
1006 3877 1282 3930 somnium
1317 3875 1474 3938 vidit,
1498 3885 1551 3929 et
1579 3874 1823 3930 visiones
1855 3875 2060 3944 capitis

484 3965 606 4036 ejus
635 3966 696 4020 in
722 3966 890 4020 cubili
925 3967 1067 4036 ejus.
1113 3985 1130 4018 ι
1179 3965 1296 4020 lloc
1324 3975 1431 4031 est,
1482 3966 1766 4022 dormiens
1803 3969 1945 4022 hanc
1973 3981 2066 4021 re-

486 4059 815 4112 velationem
860 4061 1150 4128 conspexit
1183 4075 1197 4110 :
1232 4073 1357 4111 cum
1408 4058 1554 4111 enim
1604 4057 1694 4111 illa
1740 4060 1904 4113 etiam
1943 4073 2066 4128 qua:

486 4149 728 4202 interdiu
757 4149 915 4212 vidit,
941 4151 1369 4219 conscripturus
1395 4149 1492 4212 sit,
1526 4149 1726 4204 merito
1753 4165 1854 4204 nos
1882 4149 2062 4216 docet,

485 4246 541 4294 et
569 4254 690 4308 quae
744 4239 797 4292 in
848 4240 1082 4305 somnis,
1126 4247 1181 4292 et
1222 4253 1343 4307 qua:
1391 4238 1628 4309 vigilans
1687 4239 1910 4294 viderit.
1939 4257 1956 4290 ι
1999 4238 2068 4292 Et

487 4332 789 4397 somnium,
824 4331 1027 4401 inqult,
1060 4332 1306 4402 scripsit.
1342 4351 1360 4384 ι
1389 4329 1579 4401 Neque
1609 4331 1758 4386 enim
1797 4330 2069 4386 sustinuit

487 4421 594 4479 sibi
630 4422 897 4478 divinitus
939 4431 1166 4478 ostensa
1214 4423 1522 4488 occultare,
1565 4423 1661 4479 sed
1711 4423 1778 4479 ad
1813 4423 2068 4477 omnium

486 4514 780 4569 utilitatem
809 4530 870 4570 ea
913 4516 1275 4586 conscripsit.
1321 4533 1339 4566 ι
1371 4515 1722 4585 Principium
1768 4515 2066 4570 verborum

487 4607 686 4676 ipsius.
733 4605 798 4659 Et
839 4608 1186 4678 respondens
1243 4607 1409 4661 dixit.
1451 4625 1470 4660 ι
1511 4607 1627 4662 lloc
1679 4615 1791 4670 est.
1829 4619 2068 4660 exorsus

487 4708 571 4753 est
604 4701 980 4755 narrationem
1013 4714 1172 4755 suam
1211 4700 1318 4756 hoc
1354 4699 1518 4755 modo
1553 4718 1569 4762 :.

560 4973 725 5030 Vens.
750 4975 876 5040 2,5.
908 4995 926 5027 ι
958 4974 1071 5046 Ego
1101 4974 1562 5032 Danielvidebam
1597 4974 1650 5029 in
1677 4974 1892 5031 visione
1948 4991 2068 5031 mea

489 5073 677 5127 noctu,
696 5074 749 5119 et
780 5082 908 5121 ecce
931 5075 1169 5137 quatuor
1194 5067 1341 5122 venti
1364 5066 1492 5120 ραιιί
1531 5068 1887 5138 impellebant
1916 5084 2067 5123 mare

490 5175 772 5229 rnaguum.
805 5161 870 5214 Et
915 5169 1152 5231 quatuor
1186 5161 1381 5215 bestia:
1433 5174 1643 5230 magna:
1691 5163 2065 5217 ascendebant

2157 1771 2344 1826 ύπνιον
2371 1770 2576 1842 ἔγραψε
2607 1770 2705 1824 ⁸⁷.»
2735 1769 2911 1840 Μέχρι
2949 1768 3048 1840 μὲν
3083 1769 3127 1800 ⁸⁸
3156 1769 3361 1822 τούτων
3403 1769 3512 1822 τῶν
3561 1768 3739 1836 λόγων

2154 1865 2184 1918 ὁ
2232 1865 2503 1936 μακάριος
2552 1861 2749 1934 Δανιὴλ
2795 1861 3213 1932 ἱστορικώτερον
3251 1860 3348 1932 τὴν
3399 1860 3740 1932 προφητείαν

2159 1954 2487 2030 συνέγραψε.
2541 1954 2767 2026 Πρῶτον
2817 1953 2916 2025 μὲν
2969 1955 3077 2026 γὰρ
3120 1953 3283 2018 εὐθὺς
3331 1955 3638 2027 ἀρξάμενος
3668 1956 3742 2009 τά

2162 2047 2548 2120 συμϐεϐηκότα
2593 2047 2779 2109 αὐτοῖς
2809 2045 3165 2116 δορυαλώτοις
3213 2046 3601 2116 γεγενημένοις
3629 2047 3741 2100 ἐδί-

2158 2139 2284 2204 δαξε
2305 2155 2321 2171 ο
2359 2137 2712 2210 προστέθεικε
2749 2138 2806 2191 δὲ
2833 2138 2926 2191 καὶ
2965 2139 3098 2208 ὅσης
3131 2138 3283 2206 παρὰ
3315 2138 3408 2190 τοῦ
3461 2137 3596 2192 Θεοῦ
3630 2138 3744 2191 τῶν

2159 2233 2296 2286 ὅλων
2357 2228 2680 2301 κηδεμονίας
2744 2230 3086 2302 ἀπήλαυσαν.
3142 2231 3373 2282 Ἔπειτα
3419 2229 3743 2300 διηγήσατο,

2162 2324 2358 2396 ἡλίκας
2387 2325 2415 2376 ὁ
2445 2321 2921 2392 Ναϐουχοδονόσορ
2946 2321 3046 2392 τῆς
3076 2321 3360 2392 ώμότητός
3389 2340 3446 2375 τε
3483 2324 3577 2376 καὶ
3607 2322 3746 2376 ἀλα-

2163 2416 2374 2482 ζονείας
2417 2414 2585 2468 ἔδωκε
2614 2412 2800 2476 δίκας·
2829 2413 2968 2485 μετὰ
3013 2413 3185 2467 ταῦτα
3225 2415 3343 2468 οἵαν
3371 2416 3400 2468 ὁ
3454 2415 3746 2486 Βαλτάσαρ

2164 2509 2309 2564 ἔτισε
2352 2505 2624 2578 τιμωρίαν
2668 2505 2776 2560 τῶν
2829 2503 2991 2578 ἱερῶν
3041 2508 3460 2578 καταφρονήσας
3507 2507 3745 2560 σκευῶν.

2164 2604 2366 2657 Τούτου
2398 2599 2454 2654 δέ
2477 2599 2596 2672 θείᾳ
2629 2598 2812 2670 πληγῇ
2846 2596 3263 2662 καταλυθέντος,
3295 2599 3390 2651 καὶ
3423 2599 3503 2662 εἰς
3529 2599 3748 2669 Μήδους

2163 2695 2264 2766 τῆς
2293 2681 2572 2765 βασιλείας
2600 2690 3018 2763 μετατεθείσης,
3047 2690 3118 2743 τὰ
3165 2689 3288 2744 καθ’
3317 2690 3508 2744 ἐαυτὸν
3539 2689 3632 2743 καὶ
3655 2690 3750 2743 τὸν

2167 2789 2390 2859 Δαρεῖον
2423 2781 2752 2858 συνέγραψε,
2787 2779 3022 2849 διδάξας,
3058 2781 3206 2846 ὅπως
3245 2779 3345 2854 μέν
3377 2783 3583 2844 ἐκεῖνος
3618 2782 3751 2852 περὶ

2166 2878 2328 2932 αὑτὸν
2375 2876 2612 2948 διετέθη,
2661 2875 2781 2938 οἵας
2817 2874 2875 2928 δέ
2909 2873 3071 2937 αὐτὸς
3118 2872 3419 2944 ὑπομείνας
3457 2871 3752 2934 ἐπιϐουλὰς

2167 2971 2272 3026 ὑπό
2294 2987 2354 3024 τε
2377 2971 2486 3023 τῶν
2509 2967 2832 3040 στρατηγῶν
2863 2967 2958 3021 καὶ
2979 2967 3088 3020 τῶν
3116 2964 3433 3036 σατραπῶν,
3460 2964 3560 3035 τῆς
3599 2963 3752 3026 Θείας

2168 3063 2357 3132 ἔτυχεν
2413 3058 2777 3130 ἀντιλήψεως.
2827 3057 3014 3111 Ταῦτα
3059 3056 3224 3110 οἱονεὶ
3275 3053 3666 3126 συγγραφικῶς
3702 3054 3752 3085 ⁸⁸

2167 3153 2590 3224 διηγησάμενος,
2624 3150 2851 3222 ἄρχεται
2888 3148 3076 3203 λοιπὸν
3110 3148 3406 3211 διδάσκειν,
3436 3145 3503 3209 ἃς
3526 3146 3612 3199 διὰ
3641 3145 3753 3197 τῶν

2170 3243 2568 3314 ἀποκαλύψεων
2628 3240 2882 3312 ἐδιδάχθη
2939 3241 3299 3313 προρρήσεις.
3363 3239 3476 3292 Kal
3533 3237 3753 3308 πρῶτον

2173 3336 2271 3406 μὲν
2321 3335 2504 3405 τίθησι
2555 3333 2656 3404 τὴν
2683 3331 2794 3387 τῶν
2832 3333 3110 3402 τεττάρων
3141 3331 3344 3402 θηρίων
3382 3326 3751 3396 ἀποκάλυψιν,

2173 3428 2379 3498 σφόδρα
2430 3427 2670 3481 ἐοικυῖαν
2720 3425 2798 3497 τῷ
2851 3423 2951 3477 τοῦ
2980 3422 3452 3495 Ναϐουχοδονόσορ
3492 3417 3752 3488 ἐνυπνίῳ.

2170 3522 2280 3573 Kal
2308 3520 2416 3592 γὰρ
2453 3520 2659 3582 ἐκεῖνος
2696 3519 2756 3572 ἐν
2803 3518 2972 3571 εἰκόνι
3027 3518 3127 3588 μιᾷ
3175 3515 3442 3585 τέτταρας
3485 3513 3758 3566 ἐθεάσατο

2172 3609 2324 3672 ὔλας,
2358 3609 2451 3661 καὶ
2485 3600 2641 3670 οὗτος
2680 3605 2788 3660 ἀπὸ
2815 3605 3087 3675 θαλάττης
3124 3605 3252 3675 μιᾶς
3273 3604 3506 3672 τέτταρα
3535 3603 3758 3655 ἀνιόντα

2171 3698 2355 3769 θηρία.
2403 3697 2544 3751 Ἀλλ’
2575 3698 2662 3750 ἵνα
2716 3697 2789 3768 μὴ
2819 3697 2900 3761 δὶς
2939 3697 2987 3729 ⁷⁸
3015 3695 3082 3749 τὰ
3118 3695 3257 3749 αὐτὰ
3293 3693 3474 3762 λέγειν
3509 3695 3759 3758 ἀναγκα-

2173 3789 2412 3858 σθῶμεν,
2453 3790 2553 3860 τῆς
2583 3788 2727 3842 κατὰ
2763 3789 2927 3861 μέρος
2970 3788 3267 3860 ἑρμηνείας
3297 3785 3623 3857 ἀρξώμεθα·
3654 3801 3755 3836 σα-

2172 3879 2435 3950 φέστερον
2485 3878 2594 3949 γὰρ
2639 3879 2850 3931 ἐκεῖθεν
2905 3877 3062 3931 τοῦτο
3097 3876 3442 3947 δειχθήσεται
3481 3875 3545 3926 τί.
3580 3893 3599 3923 ‹
3665 3871 3757 3925 Ἐν

2170 3971 2248 4041 τῷ
2279 3970 2479 4042 πρώτῳ
2510 3970 2620 4023 ἔτει
2660 3970 2970 4040 Βαλτάσαρ,
3004 3968 3268 4039 βασιλέως
3309 3967 3615 4026 Χαλδαίων,
3651 3968 3758 4017 Δα-

2172 4063 2294 4136 νιὴλ
2315 4063 2568 4117 ἐνύπνιον
2593 4057 2722 4129 εῖδε,
2749 4063 2844 4115 καὶ
2863 4063 2920 4114 αἱ
2947 4062 3168 4132 ὁράσεις
3191 4061 3289 4130 τῆς
3314 4059 3557 4128 κεφαλῆς
3585 4054 3754 4109 αὐτοῦ

2170 4158 2261 4210 ἐπὶ
2303 4156 2406 4227 τῆς
2445 4156 2632 4228 κοίτης
2678 4155 2866 4209 αὐτοῦ.
2897 4174 2914 4202 ι
2966 4155 3243 4217 Τουτέστι,
3278 4151 3553 4206 καθεύδων
3595 4149 3756 4219 τήνδε

2169 4249 2266 4322 τὴν
2301 4246 2645 4316 ἀποκάλυψιν
2699 4245 2994 4299 ἐθεάσατο’
3037 4244 3224 4313 ἐπειδὴ
3273 4241 3383 4312 γάρ
3420 4239 3604 4312 μέλλει
3659 4238 3756 4292 καὶ

2168 4339 2205 4393 ἃ
2260 4337 2379 4408 μεθ’
2400 4337 2613 4408 ἡμέραν
2665 4331 2772 4388 εῐδε
2827 4335 3185 4405 συγγράφειν,
3246 4332 3472 4394 εἰκότως
3519 4330 3667 4401 ἡμᾶς
3707 4330 3756 4360 ⁷⁸

2169 4430 2434 4491 διδάσκει,
2473 4429 2596 4480 τίνα
2626 4425 2726 4497 μὲν
2753 4426 2887 4497 ὄναρ
2914 4423 3045 4489 εἶδε,
3068 4427 3190 4478 τίνα
3214 4423 3270 4476 δὲ
3298 4423 3465 4496 ὕπαρ.
3505 4442 3522 4474 ι
3562 4422 3671 4475 Kal
3691 4419 3755 4473 τὸ

2171 4521 2442 4586 ἐνύπνιον,
2467 4520 2654 4590 φησὶν,
2687 4519 2977 4590 ἔγραψεν.)
3014 4519 3088 4571 Ού
3113 4516 3221 4589 γάρ
3249 4516 3507 4588 ἠνέσχετο
3546 4514 3755 4586 κρύψαι

2169 4613 2240 4666 τά
2269 4613 2454 4667 θεόθεν
2491 4611 2640 4684 αὐτῷ
2680 4611 2981 4682 δειχθέντα,
3015 4611 3128 4664 ἀλλ’
3155 4612 3236 4674 εἰς
3275 4610 3545 4680 ὠφέλειαν
3576 4609 3756 4662 ἁπάν-

2171 4722 2278 4758 των
2318 4704 2710 4774 συνέγραψενΑ
2764 4701 2931 4774 Ἀρχὴ
2952 4702 3000 4734 ’³
3041 4701 3216 4769 λόγων
3253 4698 3440 4754 αὐτοῦ.
3476 4698 3587 4750 Kal
3618 4698 3757 4750 ἀπο-

2173 4794 2382 4864 κριθεὶς
2409 4789 2530 4847 εἶπε
2551 4793 2649 4846 ⁷⁸.)
2669 4794 2978 4857 Τουτέστιν,
3017 4791 3219 4864 ἤρξατο
3249 4792 3295 4822 ⁷⁵
3321 4791 3419 4860 τῆς
3447 4789 3756 4860 διηγήσεως

2172 4887 2370 4949 οὕτως’

2247 4975 2312 5045 β’,
2346 4982 2415 5044 γ’.
2447 4995 2464 5026 ι
2525 4975 2635 5029 Kal
2660 4976 2707 5006 ⁷⁸
2756 4973 2866 5043 ἐγὼ
2900 4973 3098 5045 Δανιὴλ
3147 4973 3414 5045 ἐθεώρουν
3473 4973 3530 5025 ἐν
3564 4970 3755 5044 ὁράσει

2180 5086 2281 5140 μου
2328 5068 2428 5138 τῆς
2473 5069 2688 5129 νυκτὸς,
2743 5068 2837 5120 καὶ
2883 5067 2991 5120 ἰδοὺ
3025 5066 3074 5119 οἱ
3109 5065 3370 5135 τέσσαρες
3420 5064 3612 5132 ἄνεμοι
3659 5060 3755 5116 τοῦ

2175 5159 2405 5232 ούρανοῦ
2444 5158 2779 5230 προσέϐαλον
2814 5160 2894 5220 εἰς
2922 5164 3020 5228 τὴν
3052 5157 3328 5210 θάλασσαν
3353 5156 3454 5226 τὴν
3488 5153 3753 5226 μεγάλην.

487 5266 516 5303 e
557 5250 716 5315 mari,
757 5250 1080 5307 diiferentes
1141 5251 1286 5305 inter
1340 5265 1421 5305 se.
1478 5268 1496 5302 ι
1547 5250 2061 5310 Nabuchodonosor

2180 5255 2285 5308 Kal
2304 5253 2545 5323 τέσσαρα
2577 5253 2739 5322 θηρία
2771 5252 2984 5323 μεγάλα
3007 5251 3290 5305 ἀνέϐαινον
3331 5253 3394 5304 ἐκ
3432 5249 3532 5317 τῆς
3557 5247 3758 5301 θαλάσ-

488 5340 954 5414 igitnrimaginem
984 5344 1154 5404 videt,
1186 5356 1295 5413 qua
1325 5342 1559 5398 docetur
1596 5359 1782 5400 rerum
1818 5361 2064 5415 praesen-

2173 5365 2294 5418 σης,
2318 5346 2646 5416 διαφέροντα
2685 5346 2950 5417 ἀλλήλων.
2967 5345 3086 5416 ’.Ὀ
3112 5345 3214 5415 μὲν
3240 5340 3332 5398 οὖν
3361 5337 3756 5410 Ναϐουχοδονό-

1742 5523 1975 5581 VAlll/E
2017 5521 2308 5579 LECTION
2318 5523 2418 5580 ES.

563 5675 683 5752 ἰθ-Λ
713 5676 835 5752 etB
870 5678 926 5752 ai
957 5677 1304 5752 ὁράσεις-ιω
1339 5696 1556 5750 quoque
1603 5681 1744 5751 apud
1794 5679 2051 5736 Nostrum
2100 5689 2223 5752 post
2253 5695 2424 5752 pauca
2460 5681 2564 5748 leg.
2644 5681 2688 5713 θ’
2733 5681 2853 5752 ἔγρ.
2893 5681 2930 5752 Α
2963 5681 3090 5734 add.
3132 5679 3308 5752 ἀρχὴν
3351 5677 3528 5752 λόγων
3566 5673 3752 5752 αὐτοῦ.

492 5745 537 5822 ξ’
572 5745 866 5822 μένε-μεθ.
1135 5745 1667 5822 ⁶⁹ᾃ1ισυγγραφικὴν
1719 5753 1978 5822 ἱστορίαν.

2056 5753 2101 5782 ⁷⁰
2132 5751 2232 5814 δίς.
2258 5749 2391 5804 Des.
2438 5753 2490 5804 in
2529 5754 2590 5804 Β.
2667 5753 2713 5784 ’τί
2760 5749 3290 5821 ιῖδιδαχθησόμεθα.

495 5814 550 5866 ἱιι
591 5812 652 5866 Β.
704 5815 748 5846 ⁷³
779 5818 941 5890 ἀρχή.
981 5819 1098 5873 Vitl.
1134 5820 1307 5873 schol.
1339 5812 1444 5876 ιζ’
1469 5812 1597 5874 ’δ’κ.
1626 5812 1730 5876 άπ.
1765 5812 1907 5875 alia.
1945 5819 2064 5875 Des.
2101 5823 2152 5874 in
2191 5812 2250 5875 Ᾱ.

3404 5749 3449 5779 τ’
3485 5751 3583 5820 ήμ.
3627 5746 3751 5801 Des.

2344 5824 2389 5853 ⁷³
2422 5821 2459 5874 Β
2492 5821 2716 5892 ἤρξατο,
2750 5823 2904 5891 φησί.
2957 5819 3055 5852 ”’¹⁶⁷
3081 5819 3193 5875 καί.
3230 5819 3350 5873 Drs.
3384 5819 3439 5874 in
3471 5821 3514 5872 Δ
