4092 6428
436 436 570 502 1413
629 480 631 482 -

1620 437 1717 501 ΙΝ,
1747 436 2104 496 ΠΛΝΙΕΙᾸΞ
2139 435 2305 495 CAP-
2352 436 2482 496 VII.

3572 438 3708 504 1414

433 566 533 622 σορ
584 549 770 602 εἰκόνα
836 547 1065 619 βλέπει,
1111 546 1502 617 διδασκόμενος
1560 546 1669 599 τῶν
1737 546 2022 616 παρόντων

2131 549 2266 599 tium
2302 547 2626 612 vanitatem,
2662 555 2718 602 et
2745 542 2845 604 has
2882 546 3089 619 ﬁguras
3148 547 3334 620 potius
3362 563 3512 616 esse,
3563 554 3710 608 sicut

434 638 781 710 πραγμάτων
827 639 889 692 τδ
949 638 1201 709 μάταιον,
1251 639 1346 691 καὶ
1397 638 1478 690 ὅτι
1529 637 1784 707 σχήματα
1820 636 2023 705 μᾶλλόν

435 735 574 786 εἰσιν
591 733 659 799 ’⁷,
775 746 940 803 φησιν
967 733 996 784 6
1032 730 1174 794 θεῖος
1223 729 1567 793 Ἀπόστολος,
1598 730 1714 783 ἀλλ’
1746 730 1806 782 οὑ
1840 729 2026 800 πράγ-

439 841 586 895 ματα
606 841 619 853 ·
641 822 796 876 οὐδὲν
825 822 934 895 γάρ
957 819 1139 876 αὑτῶν
1167 821 1415 892 μόνιμον,
1446 821 1569 874 οὑδὲ
1620 811 1864 890 βέϐαιον,
1888 819 2026 874 ἀλλά

435 917 617 971 πάντα
663 915 875 987 διαρρεῖ
907 914 1004 968 καὶ
1047 913 1332 984 φθείρεται
1379 914 1474 967 καὶ
1516 913 1879 984 μαραίνεται⁹
1912 916 1940 967 6
1967 912 2025 966 δὲ

439 1007 714 1078 μακάριος
775 1005 974 1077 Δανιὴλ
1013 1005 1288 1060 θάλασσαν
1339 1005 1549 1076 βλέπει,
1602 1003 1698 1059 τού
1759 1005 2026 1077 παρόντος

438 1100 553 1170 βίου
595 1099 666 1152 τά
719 1098 944 1170 κύματα
969 1099 1374 1169 διδασκόμενος.
1419 1098 1638 1170 Ἐπειδὴ
1685 1099 1792 1170 γὰρ
1823 1097 1920 1170 τὴν
1947 1098 2026 1163 ge.

437 1210 536 1264 νην
588 1193 716 1246 ἰδεῖν
750 1190 798 1223 ⁷⁸
851 1191 1194 1261 ἠναγκάζετο
1234 1190 1572 1262 δορυάλωτος
1628 1193 1918 1262 γενόμενος
1953 1192 2023 1257 7’,

439 1284 756 1354 ἀναγκαίως
785 1283 879 1338 τοῦ
914 1283 1029 1354 βίου
1067 1284 1158 1337 τὸν
1188 1283 1436 1338 κλύδωνα
1483 1286 1579 1337 καὶ
1612 1284 1857 1354 χειμῶνα
1886 1283 2027 1338 διδά-

441 1393 652 1429 σκεται.
686 1377 796 1429 Καὶ
824 1377 853 1428 6
888 1375 986 1446 μὲν
1021 1373 1297 1446 βασιλεὺς,
1332 1375 1409 1440 ὡς
1442 1374 1584 1446 μέγα
1620 1374 1834 1446 φρονῶν
1875 1391 1894 1426 ι
1934 1375 2028 1427 ἐπὶ

437 1467 627 1538 χρυσῷ
668 1466 764 1520 καὶ
805 1465 1055 1538 ἀργύρῳ,
1090 1467 1185 1520 καὶ
1231 1465 1440 1537 χαλκῷ,
1471 1467 1568 1519 καὶ
1621 1466 1844 1538 σιδήρῳ,
1878 1485 1898 1518 ι
1937 1466 2026 1520 διὰ

437 1560 647 1616 τούτων
685 1560 954 1631 λαμϐάνει
988 1561 1036 1594 ⁸ο
1064 1560 1136 1614 τὰ
1173 1561 1283 1616 τῶν
1315 1560 1604 1630 βασιλειῶν
1629 1559 1675 1591 ⁸⁸
1702 1561 2024 1632 αἰνίγματα,

439 1654 537 1708 καὶ
566 1654 668 1716 τὰς
699 1652 805 1707 τῶν
845 1653 1111 1724 βασιλέων
1146 1653 1409 1724 μανθάνει
1442 1652 1714 1724 διαδοχὰς,
1745 1651 1842 1706 καὶ
1877 1651 2026 1707 διδά-

442 1761 632 1799 σκεται
665 1743 740 1816 μὴ
769 1745 984 1815 μεγάλα
1004 1744 1051 1777 ⁸⁸
1083 1747 1303 1816 φρονεῖν
1326 1745 1420 1798 ἐπὶ
1453 1747 1519 1816 τῇ
1571 1744 1821 1816 βασιλείᾳ
1865 1743 2032 1816 ὀξύρυ

2129 636 2332 692 asserit
2366 637 2527 694 divus
2554 637 2877 709 Apostolus,
2907 655 3073 710 quam
3101 656 3214 696 res.
3260 640 3411 696 Nihil
3448 643 3597 698 enim
3655 648 3709 699 in

2128 728 2267 799 ipsis
2298 741 2380 784 est
2406 729 2559 799 quod.
2589 742 2945 801 permaneat,
2983 741 3079 788 aut
3115 734 3314 790 stabile
3355 736 3428 790 sit
3454 778 3468 802 ,
3519 753 3708 792 verum

2129 809 2315 876 omnia
2348 820 2526 876 ﬂuunt
2568 831 2623 878 et
2658 834 3097 896 corrumpuntur
3129 836 3185 882 et
3218 828 3550 884 tabescunt:
3581 831 3711 884 bea-

2131 918 2220 968 tus
2242 921 2427 968 autem
2474 913 2664 970 Daniel
2692 934 2838 971 mare
2868 919 3068 985 cernit,
3093 935 3204 990 quo
3246 923 3537 989 praesentis
3587 924 3712 976 vit-.e

2129 1001 2333 1060 ﬂuctus
2377 1005 2662 1062 edocetur.
2715 1009 2855 1062 Cum
2905 1011 3050 1065 enim
3088 1013 3302 1083 1190
3343 1024 3589 1070 exteram
3627 1033 3713 1070 re-

2130 1090 2349 1166 gionem
2384 1097 2576 1154 videre
2611 1108 2904 1170 cogeretur
2933 1102 3080 1158 bello
3110 1114 3338 1174 captus,
3375 1111 3713 1165 convenien-

2130 1196 2214 1244 ter
2251 1189 2417 1244 discit
2463 1191 2590 1245 vitae
2644 1194 2916 1262 procellas
2948 1209 3013 1248 ac
3072 1205 3452 1266 tempestates.
3491 1202 3558 1254 Et
3613 1219 3711 1257 rex

2128 1281 2372 1350 quidem,
2417 1291 2477 1337 ut
2510 1285 2603 1353 qui
2639 1293 2866 1356 propter
2905 1305 2922 1338 ι
2967 1302 3189 1353 aurum,
3228 1297 3282 1344 et
3311 1302 3621 1361 argentum,
3657 1303 3712 1347 et

2128 1388 2224 1437 aes,
2261 1389 2326 1428 ac
2361 1375 2562 1430 ferrum
2597 1394 2616 1427 ›
2644 1378 2918 1447 superbus
2950 1389 3121 1444 esset,
3156 1396 3253 1450 per
3283 1383 3474 1437 eadem
3513 1387 3713 1454 accipit

2128 1481 2422 1536 regnorum
2453 1468 2766 1539 mnigmata,
2798 1473 2887 1525 οι·
2921 1485 3107 1542 regum
3155 1474 3539 1529 successiones
3590 1491 3716 1545 per-

2129 1559 2284 1628 cipit,
2319 1560 2779 1632 admoneturque,
2821 1578 2891 1618 ne
2939 1573 3166 1634 prapter
3194 1581 3425 1635 regnum
3460 1568 3626 1622 celeri
3652 1583 3717 1624 ac

2129 1649 2327 1706 subitae
2373 1651 2663 1706 mutationi
2715 1654 3015 1709 obnoxium
3072 1656 3390 1713 extollatur.
3444 1657 3716 1730 Propheta

2129 1749 2349 1809 autem,
2400 1752 2589 1814 utpote
2649 1745 2744 1816 qui
2807 1747 3165 1816 multiplicem
3222 1750 3370 1805 illam
3432 1757 3715 1810 materiam

443 1839 610 1905 ροπον
644 1836 842 1908 ἐχούσῃ
903 1835 1228 1908 μεταϐολήν.
1278 1836 1338 1890 '0
1381 1835 1440 1889 δὲ
1489 1836 1796 1908 προφήτης,
1827 1837 1924 1890 ἆτε
1962 1834 2026 1905 δὴ

2133 1841 2532 1900 contemneret,
2559 1855 2577 1889 ι
2615 1844 2854 1908 quatuor
2885 1841 3094 1896 bestias
3134 1859 3154 1893 ι
3189 1843 3358 1905 videt,
3407 1861 3474 1900 ex
3513 1848 3715 1916 quibus

439 1928 551 1982 τῶν
599 1927 740 1982 ὑλῶν
777 1928 1002 1982 ἐκείνων
1036 1927 1418 2000 καταφρονῶν,
1459 1947 1479 1981 ι
1512 1929 1755 1999 τέσσαρα
1797 1927 1962 1998 θηρία
1999 1947 2020 1981 ι

442 2019 649 2092 βλέπει,
669 2019 1076 2091 διδασκόμενος,
1111 2019 1188 2082 ῶς
1214 2021 1270 2073 αἰ
1296 2019 1526 2091 φοϐεραὶ
1554 2013 1714 2073 αὗται
1739 2018 2024 2090 βασιλεῖαι,

440 2112 496 2164 αἱ
524 2112 733 2175 πάντας
767 2111 1088 2184 ἀνθρώπους
1140 2111 1186 2144 ⁸⁸
1214 2112 1604 2183 δεδιττόμεναι,
1638 2111 1792 2175 τέλος
1840 2111 2031 2182 λήψον-

438 2219 531 2258 ται
580 2205 676 2259 καὶ
725 2198 906 2270 αὗται,
950 2205 1048 2276 μία
1079 2203 1135 2257 δὲ
1170 2205 1307 2275 μόνη
1339 2205 1371 2276 ἠ
1399 2203 1758 2276 άτελεύτητος
1799 2205 1951 2275 μένει
1981 2203 2029 2236 ⁸⁸

443 2297 713 2370 βασιλεία,
743 2298 811 2370 ἢν
859 2300 972 2362 τοῖς
1028 2297 1208 2366 ἁγίοις
1255 2297 1586 2368 ηὑτρέπισεν
1635 2299 1664 2350 6
1695 2295 1806 2350 τῶν
1854 2295 2027 2365 ἁγίων

440 2393 594 2458 Θεός.
631 2392 945 2448 Θάλατταν
989 2391 1172 2446 τοίνυν
1223 2391 1382 2444 καλεῖ
1412 2391 1504 2444 τὸν
1541 2391 1676 2462 βίον,
1709 2390 1804 2444 ἆτε
1835 2389 1899 2461 δὴ
1933 2406 2028 2460 μυ-

443 2485 567 2558 ρίας
600 2484 792 2556 ἔχοντα
826 2483 1143 2556 τρικυμίας,
1191 2483 1426 2555 ἀνέμους
1455 2483 1512 2536 δέ
1541 2482 1714 2553 ταύτῃ
1760 2481 2030 2554 προσϐάλ-

439 2576 652 2642 λοντας,
704 2578 801 2642 τὰς
845 2576 956 2631 τῶν
1013 2577 1356 2648 πραγμάτων
1393 2576 1716 2648 μεταϐολάς.
1759 2576 2027 2648 Καθάπερ

441 2671 550 2743 γὰρ
587 2671 740 2724 νότου
774 2670 872 2740 μὲν
918 2671 1173 2733 πνέοντος
1206 2669 1298 2721 ἐπὶ
1325 2669 1385 2721 τὸ
1422 2667 1673 2740 ἀρκτῴον
1726 2668 1889 2740 μέρος
1919 2670 2029 2722 δια-

440 2762 709 2836 τρέχειτά
741 2763 981 2833 κύματα,
1001 2760 1192 2834 βορέου
1217 2761 1275 2815 δέ
1301 2760 1579 2825 κινοῦντος
1601 2762 1698 2833 τὴν
1719 2761 2024 2828 θάλασσαν,

442 2855 606 2910 πάλιν
631 2856 678 2888 ⁸⁸
711 2856 772 2908 τὸ
801 2856 982 2925 ῥόθιον
1014 2855 1108 2909 ἐπὶ
1139 2855 1200 2908 τὸ
1231 2853 1409 2910 νότιον
1447 2854 1611 2926 μέρος
1654 2853 1878 2908 ὠθεῖται
1898 2870 1912 2885 °
1944 2853 2030 2908 οὗ·

441 2960 572 3014 τως,
602 2949 768 3020 ἡνίκα
812 2949 910 3019 μὲν
949 2949 1229 3021 Ἀσσύριοι
1261 2950 1515 3020 κατεῖχον
1553 2947 1656 3018 τῆς
1701 2947 2031 3018 οἰκουμένης

441 3042 568 3105 τοὺς
595 3039 808 3104 οἴακας,
841 3038 976 3108 πρὸς
1003 3038 1228 3102 ἑαυτοὺς
1259 3038 1502 3100 ἅπαντας
1529 3031 1709 3089 εἷλκον
1747 3035 1874 3097 τοὺς
1924 3033 2028 3086 ὑπ-

441 3132 670 3204 ηκόους
693 3129 1010 3200 μεταϐάσης
1036 3129 1091 3183 δὲ
1107 3130 1206 3200 τῆς
1230 3128 1506 3200 βασιλείας
1530 3127 1610 3192 εἰς
1641 3127 1880 3198 Πέρσας,
1909 3143 2032 3197 μετ-

2058 1897 2107 1957 Β

2135 1924 2390 1996 intelligit
2419 1935 2660 1997 quatuor
2687 1929 2778 1983 illa
2818 1931 3088 1986 terribilia
3135 1948 3324 2004 regna,
3369 1950 3492 2006 qua:
3536 1940 3717 1993 omni-

2130 2017 2236 2074 bus
2268 2017 2584 2076 hominibus
2634 2029 2846 2076 metum
2906 2024 3236 2090 incuterent,
3279 2027 3440 2082 linem
3494 2031 3714 2086 tandem

2131 2110 2386 2166 habitura
2407 2127 2530 2168 esse
2559 2131 2573 2168 :
2604 2129 2774 2168 unum
2803 2127 2987 2172 autem
3020 2120 3198 2174 solum
3219 2121 3336 2176 sine
3359 2121 3466 2179 [ine
3485 2138 3711 2195 regnum

2131 2211 2401 2274 perpetuo
2432 2219 2858 2275 permansurum
2894 2223 3039 2276 esse,
3080 2210 3228 2281 quod
3257 2215 3468 2270 sanctis
3499 2217 3716 2284 paravit

2130 2305 2453 2352 sanctorum
2480 2297 2647 2355 Deus.
2670 2298 2826 2357 Mare
2873 2301 3064 2373 itaque
3095 2305 3261 2359 vitam
3306 2315 3484 2376 vocat,
3528 2319 3717 2379 utpote

2129 2403 2254 2459 qua:
2293 2389 2544 2448 inﬁnitas
2579 2391 2782 2449 habeat
2835 2409 3042 2465 easque
3089 2398 3360 2456 maximas
3407 2403 3715 2473 procellas;

2129 2493 2310 2536 ventos
2338 2489 2519 2538 autem
2544 2485 2720 2554 qui-in
2754 2486 2936 2557 ipsum
2967 2489 3233 2560 impetum
3268 2490 3500 2559 faciunt,
3531 2510 3712 2550 rerum

2130 2573 2486 2630 mutationes.
2522 2574 2676 2632 Sicut
2708 2579 2856 2632 enim
2899 2588 3092 2635 austro
3127 2581 3292 2638 ﬂante
3333 2585 3400 2638 ad
3452 2587 3714 2642 arcticam

2131 2674 2343 2736 partem
2373 2667 2572 2724 ﬂuctus
2607 2679 2863 2734 currunt,
2894 2680 2948 2727 et
2978 2672 3148 2728 borea
3184 2689 3337 2730 mare
3376 2679 3715 2744 concitante,

2133 2769 2326 2812 rursus
2347 2756 2492 2812 unda
2526 2757 2594 2812 ad
2625 2761 2928 2816 australem
2965 2770 3179 2831 partem
3223 2765 3526 2836 impellitur
3561 2787 3574 2822 :
3607 2770 3716 2836 ita,

2132 2849 2356 2918 quando
2384 2849 2597 2920 Assyrii
2646 2851 2801 2907 orbis
2829 2860 3104 2910 terrarum
3152 2856 3526 2927 gubernacula
3575 2861 3722 2916 obti-

2135 2940 2360 3006 nebant,
2391 2956 2584 2998 onmes
2625 2943 2904 3014 subjectos
2947 2947 3179 3016 populos
3209 2950 3274 3002 ad
3297 2965 3358 3004 se
3391 2952 3718 3022 trahebant;

2132 3033 2405 3088 translato
2426 3041 2610 3089 autem
2657 3034 2725 3089 ad
2779 3036 2979 3092 Persas
3030 3054 3223 3110 regno,
3263 3043 3572 3100 translatus
3634 3056 3721 3102 est

2133 3125 2299 3179 etiam
2353 3126 2543 3181 statim
2606 3127 2988 3197 subjectorum
3055 3131 3125 3187 ad
3197 3133 3321 3188 illos
3387 3149 3719 3194 concursus.

444 3225 544 3297 ἐϐη
599 3225 917 3297 παραυτίκα
961 3223 1058 3278 καὶ
1108 3223 1218 3278 τῶν
1261 3223 1520 3295 ὑπηκόων
1560 3221 1696 3293 πρὸς
1734 3223 2026 3284 ἐκείνουςό

2135 3215 2382 3285 Cumque
2421 3216 2747 3274 Macedones
2783 3229 3005 3291 sceptra
3063 3237 3261 3281 rursus
3319 3227 3719 3297 obtinuissent,

443 3317 662 3389 δρόμος.
698 3317 1021 3371 Μακεδόνων
1042 3316 1100 3370 δὲ
1130 3315 1294 3370 πάλιν
1327 3316 1394 3370 τὰ
1446 3316 1703 3386 σκῆπτρα
1730 3313 2026 3379 λαϐόντων,

445 3409 678 3479 ἀφέντες
708 3408 950 3472 ἅπαντες
970 3408 1016 3440 ⁸⁸
1047 3408 1291 3471 ἐκείνους
1314 3401 1396 3471 οἷς
1424 3407 1701 3478 ὑπήκουον
1739 3407 2026 3478 πρότερον,

441 3503 652 3567 τούτοις
687 3502 1029 3574 προσέφερον
1061 3501 1154 3554 τὸν
1183 3498 1389 3572 συνήθη
1431 3499 1657 3570 δασμόν.
1706 3498 1922 3569 Ἐπειδὴ
1970 3497 2028 3551 δέ

453 3595 716 3666 Ῥωμαῖοι
755 3595 814 3649 τὸ
849 3594 993 3648 κατὰ
1043 3597 1265 3648 πάντων
1295 3591 1626 3664 ἀνεδήσαντο
1672 3592 1895 3662 κράτος,
1947 3592 2028 3654 εἰς

439 3690 539 3762 τὴν
567 3689 810 3760 ἑσπέραν
840 3689 1233 3761 συντρέχουσιν
1283 3687 1544 3752 ἅπαντες,
1573 3685 1904 3740 Μακεδόνων
1943 3685 2029 3737 οὑ·

441 3783 566 3837 δένα
600 3781 916 3853 ποιούμενοι
946 3781 1105 3851 λόγον
1124 3794 1138 3809 ⁸
1164 3783 1278 3844 τοῖς
1307 3779 1416 3852 γὰρ
1453 3779 1714 3851 ὑπηκόοις
1745 3778 1841 3832 καὶ
1873 3778 2027 3832 αὑτοί

445 3876 903 3948 συνηρίθμηνται.
938 3875 1180 3938 Εἰκότως
1207 3874 1387 3926 τοίνυν
1415 3874 1513 3937 τὰς
1539 3873 1645 3926 τῶν
1684 3875 2026 3944 πραγμάτων

444 3967 747 4039 μεταϐολὰς
779 3966 1004 4037 ἀνέμοις
1031 3965 1352 4029 ἀπείκασεν,
1411 3962 1461 4016 οἶ
1498 3961 1592 4016 νῦν
1627 3961 1726 4032 μὲν
1765 3955 1889 4026 ὦδε,
1930 3961 2026 4014 νῦν

437 4061 496 4115 δέ
533 4061 712 4114 ἐκεῖσε
740 4061 842 4130 τῆς
881 4058 1153 4130 θαλάττης
1179 4056 1380 4110 ὠθοῦσι
1411 4055 1480 4108 τὰ
1523 4053 1765 4125 κύματα.
1817 4053 2026 4109 Τούτου

436 4154 496 4208 δὲ
545 4154 707 4226 χάριν
759 4154 855 4206 καὶ
887 4152 932 4184 ⁵⁷
971 4153 1082 4205 τῶν
1114 4150 1396 4218 τεσσάρων
1450 4147 1860 4218 ἐμνημόνευσεν
1904 4147 2026 4201 ἀνέ-

440 4268 579 4321 μων,
609 4248 797 4322 ἐπειδὴ
825 4247 1209 4319 καὶ-τέσσαρες
1239 4244 1494 4316 γεγόνασι
1519 4241 1805 4314 βασιλειῶν
1837 4242 1884 4275 ⁸³
1914 4243 2024 4296 δια-

435 4343 610 4415 δοχαί.
662 4343 916 4397 Διδάσκει
970 4342 1028 4395 δὲ
1071 4341 1238 4412 ἡμᾶς,
1277 4339 1372 4393 καὶ
1420 4336 1610 4392 ὁποίαν
1643 4335 1778 4407 πρὶς
1818 4335 2023 4408 ἄλληλα

435 4431 552 4508 εἶχε
586 4437 656 4490 τὰ
689 4435 854 4508 θηρία
877 4435 1166 4506 διαφοράν.

504 4531 567 4584 δ’.
617 4549 635 4582 ι
678 4531 751 4583 Τὸ
805 4531 1021 4602 πρῶτον
1065 4528 1195 4598 γὰρ,
1247 4526 1434 4600 φησὶν,
1469 4524 1604 4579 ῶσεί⁵
1659 4524 1888 4588 λέαινα,
1929 4523 2024 4579 καὶ

2137 3321 2352 3372 omnes,
2390 3309 2615 3365 omissis
2643 3310 2756 3366 illis
2798 3312 3002 3381 quibus
3039 3316 3197 3385 prius
3230 3319 3566 3376 obediebant
3589 3363 3606 3390 ,
3636 3325 3723 3379 his

2137 3401 2402 3456 usitatum
2446 3401 2752 3458 aﬂ‘erebant
2782 3405 3073 3460 tributum.
3109 3411 3179 3462 At
3199 3425 3330 3465 vero
3364 3414 3452 3468 ubi
3482 3413 3722 3471 Romani

2136 3495 2384 3548 omnium
2421 3495 2668 3566 gentium
2714 3497 2949 3568 imperio
2983 3500 3140 3570 potiti
3173 3511 3322 3568 sunt,
3359 3505 3426 3561 ad
3463 3508 3723 3564 occiden-

2137 3594 2242 3641 tem
2273 3601 2467 3643 omnes
2495 3589 2646 3642 nulla
2683 3589 2870 3644 habita
2919 3590 3276 3648 Macedonum
3322 3597 3542 3654 ratione
3588 3615 3725 3656 con-

2135 3687 2409 3746 currunt;
2443 3680 2718 3751 siquidem
2749 3689 2805 3737 et
2850 3683 2926 3738 illi
2960 3685 3104 3741 inter
3151 3687 3432 3758 subjectos
3486 3695 3722 3763 populos

2139 3768 2351 3839 1191
2390 3779 2770 3829 recensentur.
2805 3771 2999 3829 Merito
3029 3775 3216 3846 itaque
3241 3792 3426 3832 rerum
3458 3783 3724 3836 mutatio-

2134 3874 2234 3913 nes
2268 3860 2449 3916 ventis
2485 3864 2852 3932 comparavit,
2896 3865 2988 3934 qui
3022 3868 3189 3922 modo
3225 3867 3354 3934 huc,
3397 3870 3560 3925 modo
3589 3874 3723 3929 illuc

2135 3951 2446 4008 maritimos
2486 3952 2690 4010 ﬂuctus
2752 3957 3087 4026 propellunt.
3151 3958 3527 4024 Quamobrem
3584 3979 3722 4034 qua-

2135 4049 2263 4096 tuor
2282 4044 2447 4097 etiam
2466 4056 2756 4100 ventorum
2785 4047 3120 4103 mentionem
3150 4048 3301 4113 fecit,
3332 4067 3458 4106 cum
3481 4063 3724 4124 quatuor

2131 4133 2296 4188 etiam
2328 4134 2535 4191 fuerint
2563 4153 2858 4208 regnorum
2891 4142 3304 4199 successiones.
3337 4142 3508 4199 Docet
3531 4154 3718 4204 autem

2131 4243 2259 4292 nos,
2284 4243 2394 4299 quo
2426 4229 2750 4286 discrimine
2772 4230 2966 4288 bestia:
2995 4231 3142 4289 inter
3168 4249 3230 4292 se
3263 4235 3574 4293 diﬂ‘errent.

2203 4521 2369 4580 Vens.
2410 4523 2466 4579 ό.
2511 4541 2530 4576 t
2572 4521 2760 4578 Prima
2794 4523 2965 4588 enim,
2998 4522 3202 4595 inquit,
3231 4526 3395 4598 quasi
3433 4525 3628 4593 leaena,
3665 4540 3720 4585 et

435 4622 615 4693 πτερὰ
653 4621 792 4693 αὑτῇ
818 4621 862 4653 δ’
893 4620 1026 4674 ὡσεὶ
1075 4618 1235 4673 ἀετοῦ
1259 4636 1271 4650 ⁸
1320 4615 1589 4689 ἐθεώρουν
1627 4617 1672 4648 ⁹⁰
1713 4616 1818 4680 ἕως
1850 4607 1912 4669 οὗ
1947 4614 2026 4682 ἐξ·

2133 4617 2235 4672 ala:
2281 4616 2388 4686 ipsi
2422 4624 2483 4672 ut
2514 4616 2719 4688 aquila:
2773 4634 2787 4670 :
2824 4619 3254 4688 contemplabar
3287 4621 3466 4677 donec
3513 4625 3721 4680 evulsa:

433 4714 588 4784 ετίλη
614 4712 683 4766 τὰ
717 4711 896 4784 πτερὰ
933 4712 1126 4782 αὑτῆς,
1145 4713 1238 4765 καὶ
1262 4710 1469 4781 ἐξήρθη
1505 4709 1612 4763 ἀπὸ
1646 4707 1745 4780 τῆς
1776 4707 1898 4779 γῆς,
1928 4706 2025 4761 καὶ¹

435 4807 531 4861 ἐπὶ
561 4807 740 4861 ποδῶν
762 4805 1054 4879 ἀνθρώπου
1081 4804 1308 4876 ἐστάθη,
1340 4805 1436 4857 καὶ
1483 4803 1679 4875 καρδία
1729 4801 2023 4874 ἀνθρώπου

435 4899 592 4971 ἐδόθη
646 4901 840 4971 αὐτῇ.»
885 4898 996 4971 Τὴν
1033 4899 1334 4968 Ἀσσυρίων
1377 4895 1656 4967 βασιλείαν
1685 4895 1752 4962 ⁹¹,
1801 4896 1900 4948 εἴτ’
1930 4891 2025 4949 οὑν

435 4993 740 5061 Χαλδαίων,
773 4992 912 5064 αὑτὴ
937 4994 983 5028 θ’
1018 4992 1128 5062 γὰρ
1181 4988 1374 5061 πρώτη
1405 4986 1495 5041 τοῦ
1531 4987 1784 5042 πλείστου
1809 4989 1907 5060 τῆς
1959 4990 2026 5042 οἰ-

436 5086 713 5158 κουμένης
751 5085 1048 5157 ἐκράτησε,
1077 5083 1168 5137 διὰ
1219 5082 1322 5152 τῆς
1350 5081 1396 5113 ”
1436 5080 1658 5152 λεαίνης
1702 5079 1924 5151 ᾐνίξατο
1951 5079 2020 5111 9"

437 5178 722 5250 βασιλικὸν
747 5179 856 5251 γὰρ
881 5179 942 5231 τὸ
965 5177 1126 5242 ζῶον,
1151 5176 1244 5230 καὶ
1267 5195 1286 5227 ι
1308 5176 1376 5228 τὰ
1396 5174 1572 5246 πτερὰ
1585 5173 1728 5245 ἀετῷ
1747 5174 2016 5228 ἐοικέναι»

438 5271 576 5341 φησί
607 5270 674 5302 ⁸⁸·
711 5269 805 5323 καὶ
837 5267 947 5339 γὰρ
993 5265 1153 5320 τοῦτο
1181 5265 1242 5318 τὸ
1269 5263 1406 5328 ζῶον
1435 5263 1544 5317 τῶν
1587 5261 1806 5332 πτηνῶν
1860 5260 2026 5314 ἁπάν-

435 5377 547 5415 των
577 5361 792 5432 κρατεῖ.
831 5358 1044 5427 ’Ὠσπερ
1091 5355 1268 5409 τοίνυν
1303 5355 1398 5409 καὶ
1429 5354 1529 5425 τῆς
1552 5354 1759 5416 εἰκόνος
1807 5351 2025 5422 ἐκείνης

2128 4720 2261 4767 sunt
2300 4710 2402 4764 alae
2430 4709 2631 4780 ipsius,
2670 4719 2725 4764 et
2754 4708 2976 4766 sublata
3016 4719 3105 4766 est.
3136 4711 3205 4766 de
3235 4719 3406 4776 terra,
3442 4720 3499 4768 et
3536 4714 3592 4769 in
3620 4732 3718 4785 pc-

2126 4804 2290 4860 dibus
2340 4801 2585 4858 hominis
2633 4801 2810 4867 stetit,
2856 4811 2912 4856 et
2959 4817 3056 4857 cor
3108 4800 3348 4859 hominis
3400 4806 3588 4860 datum
3633 4817 3720 4863 est

2127 4896 2198 4952 ei.
2236 4914 2254 4947 ›
2295 4895 2652 4965 Assyriorum
2702 4893 2820 4949 sive
2861 4893 3249 4950 Chaldaeorum
3318 4912 3551 4968 regnum
3594 4899 3722 4968 (hoc

2127 4986 2272 5042 enim
2305 4987 2546 5056 primum
2580 4984 2875 5039 maximam
2906 4987 3154 5041 obtinuit
3183 4997 3392 5058 partem
3435 4990 3586 5046 orbis
3616 5001 3725 5045 ter-

2127 5079 2362 5149 rarum),
2390 5095 2486 5149 per
2517 5079 2742 5132 lea'nam
2783 5078 3119 5149 significavit
3149 5099 3162 5136 :
3201 5081 3307 5136 hoc
3342 5083 3490 5136 enim
3517 5083 3725 5138 animal

2126 5173 2337 5244 regium
2375 5180 2481 5227 est.
2519 5170 2586 5224 Et
2626 5189 2645 5222 ι
2685 5171 2802 5225 alas
2846 5171 3047 5240 aquila:
3100 5173 3311 5230 similes
3353 5174 3527 5232 fuisse
3557 5196 3576 5230 ι
3625 5179 3723 5241 ait,

2135 5267 2270 5334 quia
2309 5264 2412 5318 hoc
2448 5263 2575 5317 item
2597 5262 2804 5316 animal
2829 5263 3150 5319 volucribus
3178 5267 3442 5324 omnibus
3468 5268 3723 5338 imperat.

2135 5355 2610 5422 Quemadmodum
2677 5357 2866 5426 itaque
2923 5352 3444 5416 Nabuchodonosor
3503 5374 3727 5430 quoque

1759 5489 1995 5547 VARIAE
2048 5491 2346 5549 LECTION
2353 5493 2455 5549 ES.

529 5640 576 5672 ""
611 5637 652 5690 Β
680 5635 851 5689 ἐστιν.
956 5634 1002 5666 ⁷⁸
1062 5634 1128 5688 ἰδ.
1163 5632 1203 5685 Β
1231 5634 1422 5686 οἰκεῖν.
1527 5631 1573 5662 ⁷⁸
1611 5629 1653 5684 Β
1687 5629 1944 5698 γεγονώς.

2048 5622 2096 5660 ⁸ο
2135 5629 2303 5698 λαμϐ.
2343 5631 2384 5682 Β
2420 5646 2604 5698 przmn.
2637 5631 2754 5685 καί.

2858 5631 2900 5664 ⁸⁸
2933 5632 2975 5686 Β
3014 5631 3304 5704 βασιλέων.
3377 5628 3449 5704 _"
3479 5627 3720 5704 Buttéya.

437 5710 484 5744 ⁸³
512 5709 671 5780 ἀνθρ.
699 5706 757 5761 In
772 5706 830 5784 _B
845 5705 1485 5784 po,snt6§6tc_1:._pouitnt‘tr_.n
1532 5701 1634 5754 “B
1667 5704 1837 5784 μενεῖἶ
1915 5700 1970 5784 9:
2000 5700 2042 5754 Β
2072 5699 2371 5784 ἔμπα-λινλι
2406 5701 2452 5784 ξεί
2485 5701 2526 5753 Β
2561 5705 2845 5784 ἐξιπαντας.Δ
2883 5704 2949 5784 -ξτ
2973 5698 3096 5784 ⁸κὶιιί.
3132 5701 3257 5784 Des.
3292 5702 3346 5755 in
3377 5700 3456 5784 Bm;
3489 5698 3562 5784 ﬂ”
3593 5698 3720 5784 βας.

438 5781 481 5836 Β
511 5767 702 5849 ιιι-εἰη.
726 5767 862 5832 τῶνῖ
913 5767 1053 5861 ’θξιΒ
1083 5767 1273 5861 αὑτῆς.
1301 5772 1614 5861 ,ΡθθῃὲθἍ-ξ-
1650 5767 1754 5861 πτλ
1777 5773 1900 5854 αὐτ.
1930 5770 2060 5861 Des.
2102 5767 2253 5861 inllf:
2285 5842 2298 5858 ‘
2329 5771 2373 5804 ⁹¹
2408 5771 2534 5861 βασ.
2565 5771 2626 5861 Ϋίιι
2660 5774 2697 5861 Β
2717 5781 2852 5861 post
2883 5773 3052 5854 ξαλδ.
3091 5773 3333 5861 ponitur.
3410 5771 3457 5804 ³⁸
3485 5767 3529 5823 Β
3553 5767 3718 5840 αὕτη.

436 5849 484 5884 ’³
513 5841 634 5921 τῆς.
667 5847 710 5902 Β
740 5861 930 5918 prtem.
956 5845 1038 5904 δέ.
1115 5847 1185 5923 _°‘
1208 5841 1366 5915 ’ῂνίξ.
1404 5843 1442 5898 Β
1472 5843 1601 5901 add.
1633 5843 1694 5899 τὸ
1725 5843 2026 5915 βασιλικόν.

2134 5842 2181 5877 ⁸⁸
2212 5842 2253 5899 Β
2283 5841 2526 5900 ἐοικέναι
2558 5841 2740 5915 φησὶν
2765 5843 2949 5904 ἀετοῦ.
