4092 6434
459 428 594 494 1415

1520 427 2012 490 THEODORETI
2037 428 2376 489 EPISCOPI
2399 417 2778 486 CYRENSISJ

3575 419 3708 484 1416

458 540 718 613 imaginis
749 539 900 596 illius
931 551 1160 594 aureum
1191 544 1359 608 caput
1396 551 1456 592 se
1483 536 1846 608 conspexisse
1865 535 2026 602 dixit,

2131 536 2160 589 6
2186 533 2658 605 Ναϐουχοδονόσορ
2705 530 2805 602 τὴν
2833 528 3077 602 κεφαλὴν
3133 527 3238 600 ἔφη
3267 529 3561 585 τεθεᾶσθαι
3585 549 3709 602 χρυ-

457 633 607 704 qnod
677 634 1054 702 interpretans
1112 629 1509 686 sanctissimus
1564 628 1760 682 Daniel
1811 627 1952 682 dixit
2011 645 2026 682 :

463 743 482 776 ι
508 725 681 794 Caput
709 737 938 778 aureum
967 729 1023 775 tu
1056 736 1136 785 es,
1177 737 1212 776 ο
1243 735 1377 784 rex;
1421 739 1441 770 ι
1483 721 1559 774 ita
1599 727 1654 775 et
1684 720 1788 774 hoc
1821 720 1875 774 in
1909 719 2030 774 loco

461 815 761 871 bestiarum
814 811 1178 866 fortissimam
1236 809 1292 864 in
1348 811 1529 881 primo
1582 825 1753 880 regno
1804 809 2027 873 locavit,

457 921 568 960 non
607 907 624 927 ‘
657 903 922 973 majorem
974 903 1053 956 illi
1096 903 1207 956 vim
1246 903 1432 958 inesse
1481 909 1739 965 testatus,
1777 899 1874 954 sed
1906 908 2030 952 tan-

457 1012 618 1068 quam
666 997 902 1064 primam
937 994 1245 1064 digniorem
1281 993 1602 1049 ostendens.
1635 991 2029 1046 Verumtamen

461 1109 480 1141 ι
526 1088 673 1143 illius
726 1087 842 1141 alas
891 1087 1116 1141 evulsas
1160 1105 1179 1137 ι
1224 1086 1382 1149 vidit,
1447 1086 1549 1139 hoc
1584 1092 1691 1149 est,
1743 1083 1813 1138 ab
1877 1084 2029 1138 omni

455 1180 563 1236 sibi
602 1179 850 1248 subjecto
899 1177 1100 1247 populo
1146 1175 1490 1240 destitutam,
1527 1185 1579 1230 et
1613 1175 1845 1245 pristina
1879 1182 2031 1244 pote-

456 1278 600 1326 state
636 1269 927 1340 privatam.
967 1287 983 1318 ι
1012 1268 1076 1321 Ει
1100 1268 1315 1322 sublata
1350 1277 1453 1330 est,
1483 1266 1682 1336 inquit,
1711 1266 1779 1320 de
1809 1272 1973 1325 terra,
2003 1281 2022 1314 ι

455 1365 561 1420 hoc
600 1370 705 1429 est,
763 1375 996 1431 regnare
1033 1359 1218 1415 desiit.
1263 1376 1282 1409 ‹
1325 1358 1390 1412 Ει
1430 1358 1483 1412 in
1521 1357 1774 1427 pedibus,
1826 1354 2024 1426 inquit,

455 1455 696 1510 hominis
727 1455 918 1510 stetit:
962 1469 980 1501 ι
1019 1451 1265 1520 aequalis,
1310 1451 1406 1514 ait,
1457 1449 1561 1505 sibi
1605 1448 1872 1517 subjectis
1897 1463 2028 1502 eva-

455 1547 551 1604 sit.
587 1566 605 1598 c
645 1546 707 1599 Et
737 1561 834 1601 cor
873 1541 1115 1598 hominis
1142 1543 1329 1597 datum
1363 1550 1447 1596 est
1483 1541 1535 1598 ei
1567 1561 1580 1596 :
1623 1561 1642 1593 ι
1689 1541 2027 1612 experientia

455 1638 650 1694 didicit
681 1636 920 1691 humana
960 1632 1172 1703 1192
1200 1633 1464 1702 cogitare,
1489 1647 1670 1702 neque
1701 1631 1903 1686 mentis
1929 1645 2027 1685 co-

453 1728 715 1800 gitatione
761 1734 974 1780 naturae
1029 1725 1301 1780 terminos
1341 1722 1672 1793 transgredi.
1724 1720 1861 1776 Nam
1897 1721 2026 1792 quia

455 1817 555 1882 illi,
603 1831 728 1870 cum
772 1814 926 1884 regni
955 1811 1330 1884 gubernacula
1365 1817 1636 1874 tenerent,
1672 1810 1942 1881 superbia
1971 1817 2027 1864 et

2133 628 2265 698 σῆν⁶
2313 624 2633 697 ἑρμηνεύων
2679 623 2738 678 δὲ
2784 623 2814 676 6
2862 621 3137 684 θειότατος
3182 622 3383 694 Δανιὴλ
3412 624 3551 695 ἔφη’
3584 643 3602 676 ι
3640 623 3708 678 Ἦ

2130 717 2341 788 κεφαλὴ
2394 719 2428 788 ἡ
2457 717 2633 788 χρυσῆ
2672 716 2739 769 σὺ
2777 712 2847 780 εἷ,
2887 712 3146 785 βασιλεῦ’
3193 732 3212 765 ι
3243 714 3387 770 οὕτω
3431 715 3709 777 κάνταῦθα

2129 808 2239 861 τῶν
2289 807 2493 878 θηρίων
2526 806 2586 859 τὸ
2613 806 2905 878 κράτιστον
2950 806 3045 859 ἐπὶ
3088 805 3190 875 τῆς
3227 806 3448 876 πρώτης
3495 809 3706 865 τέθεικε

2131 897 2429 968 βασιλείας,
2459 896 2560 950 οὐκ
2603 896 2758 966 ἰσχὺν
2785 896 2921 967 αὐτῇ
2960 895 3190 950 πλείονα
3244 899 3704 969 προσμαρτυρῶν,

2129 989 2244 1042 ἀλλ’
2278 987 2352 1050 ὡς
2395 986 2618 1058 πράνι-ην
2649 987 2984 1058 τιμιωτέραν
3014 987 3356 1056 ἀποφαίνων.
3401 989 3538 1042 Ἀλλ’
3559 991 3708 1060 ὅμως

2129 1073 2390 1142 εἶδεν,ὡς
2436 1098 2452 1128 ι
2491 1076 2707 1148 ὲξετίλη
2763 1077 2936 1147 αὐτῆς
2985 1076 3054 1132 τά
3104 1079 3317 1148 πτερά·
3378 1098 3397 1131 ι
3434 1081 3706 1147 τουτέστι,

2130 1170 2310 1240 γυμνὴ
2348 1168 2454 1221 τῶν
2484 1168 2742 1240 ὑπηκόων
2769 1167 3026 1222 ἀπάντων
3051 1167 3288 1237 ἐγένετο,
3321 1171 3415 1224 καὶ
3447 1173 3548 1242 τῆς
3579 1191 3708 1244 προ-

2128 1260 2292 1330 τέρας
2328 1259 2596 1330 ἕστερήθη
2629 1258 2934 1330 δυνάμεως.
2963 1279 2986 1311 ς
3034 1260 3146 1313 Καὶ
3167 1260 3392 1332 ἐξήρθη,
3415 1261 3567 1332 φησὶ,
3599 1265 3707 1318 ἀπὸ

2129 1349 2229 1420 τῆς
2280 1350 2404 1418 γῆς’
2444 1367 2463 1400 i
2495 1349 2618 1401 ἀντὶ
2677 1347 2793 1412 τοῦ,
2847 1347 3152 1418 βασιλεύειν
3188 1331 3485 1404 ἐπαύσατο.
3539 1372 3557 1404 ι
3597 1355 3707 1407 Καὶ

2127 1440 2222 1493 ἐπὶ
2271 1438 2468 1502 ποδῶν,
2530 1439 2694 1510 φησὶν
2734 1440 2802 1503 ⁸⁸,
2849 1437 3138 1507 ἀνθρώπου
3202 1441 3426 1512 ἐστάθη.
3475 1461 3494 1492 ι
3563 1444 3704 1515 Ἴση,

2129 1531 2284 1602 φησι,
2323 1533 2432 1594 τοῖς
2473 1531 2736 1601 ὑπηκόοις
2765 1530 3001 1598 ἐγένετο.
3044 1550 3061 1582 ι
3108 1533 3218 1585 Καὶ
3255 1533 3454 1603 καρδία
3493 1533 3704 1604 ἀνθρώ-

2128 1642 2232 1678 που
2281 1624 2436 1696 ἐδόθη
2487 1623 2678 1695 αὑτῇ.»
2714 1624 3040 1695 Μεμάθηκε,
3071 1625 3225 1695 φησὶ,
3255 1625 3343 1679 διὰ
3372 1627 3471 1698 τῆς
3511 1629 3706 1700 πείρας

2127 1715 2444 1787 ἀνθρώπινα
2477 1717 2714 1784 φρονεῖν,
2740 1716 2831 1768 καὶ
2859 1715 2936 1786 μη
2967 1715 3319 1786 ὑπερϐαίνειν
3341 1719 3407 1787 τῇ
3434 1718 3706 1788 φαντασίᾳ

2127 1809 2226 1880 τῆς
2257 1807 2495 1871 διανοίας
2548 1807 2618 1860 τὰ
2659 1807 2837 1879 μέτρα
2895 1809 2992 1877 τῆς
3021 1807 3272 1877 φύσεως·
3328 1809 3516 1880 ἐπειδὴ
3570 1809 3702 1880 γὰρ,

453 1879 734 1962 immensae
761 1879 1089 1975 arrogantia:
1115 1903 1308 1958 morbo
1354 1901 1702 1965 laborabant,
1732 1879 1787 1955 et
1817 1900 2024 1955 idcirco

2129 1899 2293 1969 ἡνίκα
2333 1898 2402 1952 τὰ
2443 1899 2542 1967 τῆς
2594 1897 2870 1968 βασιλείας
2927 1901 3173 1968 κατεῖχον
3226 1899 3483 1971 πηδάλια,
3537 1902 3704 1971 τύφον

450 2001 647 2056 beatus
681 1997 890 2052 Isaias:
928 2013 947 2048 ι
983 1994 1232 2060 lnducet,
1269 1994 1471 2064 inquit,
1499 1991 1643 2049 Deus
1671 2008 1837 2062 super
1877 2007 2027 2048 men-

454 2103 565 2148 tem
631 2104 885 2161 magnam
943 2087 1250 2158 principem
1311 2086 1665 2156 Assyriorum
1711 2096 1770 2153 0;
1813 2103 1832 2136 ι
1900 2083 2028 2155 fere

451 2185 618 2239 etiam
652 2181 988 2252 experientia
1022 2179 1241 2249 cognita
1288 2193 1474 2233 rerum
1522 2180 1824 2234 mutatione
1853 2187 1906 2234 et
1940 2179 2026 2232 lu-

453 2276 606 2331 brica
647 2289 712 2328 ac
758 2272 902 2326 ﬂuxa
938 2270 1217 2335 felicitate,
1269 2270 1511 2324 humana
1538 2270 1809 2341 cogitant,
1844 2278 1899 2326 et
1937 2286 2027 2326 se-

453 2369 604 2438 ipsos
643 2372 1004 2436 agnoscentes
1048 2363 1347 2418 humanum
1399 2377 1496 2417 cor
1528 2361 1713 2433 adepti
1749 2369 1901 2417 sunt.
1938 2361 2029 2418 Sic

452 2459 623 2530 igitur
654 2471 778 2528 qua:
808 2453 876 2509 ad
925 2453 1158 2524 primam
1199 2452 1434 2509 bestiam
1465 2455 1770 2524 pertinent,
1801 2469 2030 2510 enarra-

448 2547 548 2602 vit.
593 2543 828 2615 Subjicit
861 2551 1043 2598 autem
1087 2560 1104 2600 ι

519 2812 688 2866 Vens.
727 2811 781 2866 ἒ).
830 2828 849 2863 ‹
902 2809 969 2864 Et
997 2825 1129 2864 ecce
1174 2810 1349 2866 bestia
1389 2811 1494 2866 alia
1531 2810 1731 2867 similis
1765 2827 1917 2880 urso,
1973 2821 2029 2868 et

451 2904 508 2959 in
545 2913 753 2975 partem
780 2915 946 2956 unam
978 2903 1155 2969 stetit,
1183 2911 1237 2957 et
1261 2911 1372 2956 tres
1400 2903 1499 2958 alae
1529 2904 1586 2958 in
1617 2920 1712 2959 ore
1739 2906 1858 2975 ejus
1887 2906 2030 2961 inter

452 2995 650 3050 dentes
680 2995 878 3064 ipsius,
915 3001 970 3048 et
1003 2994 1086 3050 sic
1112 2993 1372 3049 dicebant
1400 2996 1449 3050 ei
1487 3015 1499 3050 :
1559 2994 1754 3068 Surge,
1806 3000 2029 3054 comede

451 3099 647 3140 carnes
694 3084 915 3138 multas.
956 3101 974 3134 υ
1026 3081 1312 3139 Persicum
1376 3084 1465 3139 hic
1525 3085 1706 3140 innuit
1747 3103 1973 3158 regnum
2011 3109 2024 3146 :

451 3180 597 3252 quod
628 3197 755 3234 urso
783 3179 965 3235 simile
1001 3178 1175 3235 fuisse
1205 3180 1424 3247 asserit,
1462 3192 1687 3254 propter
1720 3185 2026 3256 supplicio-
2055 3220 2098 3281 C

449 3291 572 3328 rum
603 3274 986 3330 crudelitatem
1017 3274 1548 3346 immanitatemque.
1578 3275 1713 3331 Nam
1749 3277 2026 3334 Barbaro-

449 3382 571 3422 rum
601 3366 848 3421 omnium
889 3365 1256 3422 crudelissimi
1290 3365 1471 3423 Persae
1501 3369 1559 3424 in
1591 3371 1896 3440 puniendo,
1939 3373 2023 3428 vel

447 3459 565 3528 ipsa
598 3459 748 3513 coria
783 3457 1101 3513 hominibus
1153 3458 1533 3526 detrahentes,
1590 3457 2021 3534 et‘singulornm

445 3557 664 3604 artuum
693 3550 935 3605 sectione
982 3549 1176 3614 longas
1219 3563 1415 3620 pinnas
1463 3552 1786 3618 machinati,
1821 3555 2018 3610 acerba
2076 3602 2080 3607 .

445 3655 543 3695 eos
568 3640 665 3711 qui
696 3640 1025 3710 punirentur
1054 3649 1234 3696 morte
1266 3643 1592 3698 multabant.
1618 3642 1835 3700 Idcirco
1871 3645 2024 3702 dice-

445 3733 582 3788 bant
607 3733 738 3801 ipsi,
769 3731 983 3800 inquit:
1019 3749 1038 3784 ι
1069 3731 1515 3803 Surge,comede
1540 3750 1737 3790 carnes
1762 3737 2018 3804 multas,»

447 3838 559 3876 non
594 3830 653 3875 ut
703 3821 756 3876 id
794 3821 1003 3877 faceret
1033 3823 1426 3890 concedentes,
1464 3825 1562 3884 sed
1595 3825 1782 3881 futura
1818 3830 2023 3899 praedi-

448 3920 660 3974 centes,
700 3920 756 3966 et
799 3911 1186 3968 crudelitatem
1242 3913 1628 3988 feritatcmque
1675 3926 2018 3976 attestantes.

452 4023 473 4058 ι
505 4001 641 4059 Tres
674 4013 856 4060 autem
889 4005 1012 4071 alte,
1045 4005 1248 4077 inquit.
1285 4007 1341 4062 in
1375 4023 1470 4064 ore
1512 4010 1654 4081 ejus.
1694 4029 1712 4062 ι
1745 4010 1880 4068 Nam
1923 4014 2023 4068 tri-

447 4095 550 4152 bus
580 4095 734 4152 orbis
777 4103 1047 4152 terrarum
1084 4098 1335 4168 partibus
1381 4099 1693 4172 imperavit,
1724 4103 1980 4158 orientali
2004 4144 2022 4171 ,

446 4186 778 4257 aquilonari,
835 4195 890 4243 et
940 4180 1427 4263 australinyrus
1455 4192 1624 4258 enim,
1677 4194 1770 4264 qui
1807 4195 2020 4266 primus

445 4277 734 4334 Persarum
767 4295 995 4352 regnum
1036 4281 1301 4349 obtinuit,
1335 4299 1554 4340 omnem
1606 4284 1886 4342 Orientem
1923 4305 2022 4343 us-

445 4386 551 4440 que
579 4371 646 4424 ad
680 4370 1090 4442 Hellespontum
1151 4373 1206 4428 in
1255 4390 1413 4430 suam
1458 4375 1720 4432 ditionem
1767 4380 2019 4450 redegit;

444 4461 740 4534 Cambyses
800 4471 1026 4530 autem,
1090 4464 1240 4520 illius
1291 4465 1504 4538 1193
1563 4469 1731 4536 lilius,
1789 4471 2018 4524 subacta

2129 1991 2346 2044 ὲνόσουν
2375 1991 2472 2043 καὶ
2511 1988 2837 2052 ἀλαζονείας
2871 1989 3170 2059 ἀμετρίαν
3214 1991 3294 2045 διὸ
3335 1992 3432 2044 καὶ
3458 1991 3486 2043 6
3521 1993 3705 2062 μακά-

2133 2102 2245 2155 ριος
2301 2084 2529 2147 Ἡσαΐας
2588 2083 2782 2153 φησιν’
2819 2100 2838 2133 ι
2891 2082 3111 2146 Ἐπάξει
3148 2083 3191 2114 ⁹⁷
3222 2086 3251 2138 6
3295 2084 3428 2146 Θεὸς
3473 2084 3566 2138 ἐπὶ
3613 2084 3706 2138 τὸν

2129 2174 2253 2228 νοῦν
2305 2175 2398 2228 τὸν
2431 2173 2605 2244 μέγαν
2632 2173 2724 2226 τὸν
2755 2173 2992 2244 ἄρχοντα
3039 2172 3149 2226 τῶν
3194 2175 3526 2245 Ἀσσυρίων·
3569 2192 3588 2225 i
3629 2177 3708 2229 εἰ-

2129 2268 2302 2331 κότως
2338 2267 2434 2320 καὶ
2462 2265 2560 2336 τὴν
2588 2265 2697 2320 τῶν
2733 2265 3076 2336 πραγμάτων
3109 2266 3412 2338 μεταϐολὴν
3445 2270 3512 2339 τῇ
3541 2269 3707 2341 πείρᾳ

2132 2360 2397 2432 μαθόντες
2434 2359 2658 2431 καὶτῆς
2703 2359 3008 2431 εὐημερίας
3055 2358 3114 2412 τὸ
3154 2359 3439 2432 σφαλερὸν,
3492 2361 3708 2432 ἀνθρὼ-

2128 2470 2259 2506 πινα
2292 2451 2339 2484 ’⁸
2393 2452 2692 2524 φρονοῦσι,
2757 2452 2853 2506 καὶ
2906 2452 3133 2517 ἑαυτοὺς
3181 2452 3512 2521 γινώσκουσι
3543 2492 3559 2519 ,
3609 2455 3707 2508 καὶ

2127 2543 2358 2614 καρδίαν
2421 2543 2777 2616 ἀνθρωπίνην
2846 2545 3168 2616 ἐκτήσαντο.
3239 2544 3397 2600 Οὕτω
3451 2546 3549 2616 μὲν
3611 2541 3706 2601 οὖν

2127 2633 2198 2687 τὰ
2250 2633 2380 2706 περὶ
2421 2633 2516 2690 τοῦ
2550 2633 2767 2706 πρῶτον
2819 2634 3116 2706 διηγήσατο
3146 2635 3360 2707 θηρίου.
3404 2636 3702 2706 Ἐπάγει⁹’

2067 2739 2069 2742 <
2127 2723 2184 2778 δέ
2210 2741 2230 2800 ν·

2199 2825 2260 2874 ε’.
2307 2838 2324 2870 ι
2383 2819 2492 2874 Καὶ
2533 2818 2640 2872 ἰδοὺ
2689 2817 2880 2890 θηρίον
2917 2818 3103 2890 ἕτερον
3144 2820 3160 2851 ¹
3211 2820 3396 2890 ὅμοιον
3453 2819 3638 2892 ἄρκτῳ
3657 2823 3699 2885 ⁸,

2129 2910 2223 2963 καὶ
2252 2912 2330 2973 εἰς
2363 2912 2531 2981 μέρος
2565 2911 2622 2962 ἒν
2654 2909 2883 2982 ἐστάθη,
2909 2911 3002 2964 καὶ
3033 2910 3159 2983 τρία
3194 2912 3368 2981 πτερὰ
3395 2911 3453 2965 ἒν
3481 2911 3558 2982 τῷ
3585 2913 3702 2965 στόο

2132 3019 2262 3074 ματι
2284 3001 2454 3072 αὑτῆς
2481 3001 2756 3072 ἀναμέσον
2778 3003 2886 3055 τῶν
2910 3001 3137 3055 ὀδόντων
3186 3003 3374 3073 αὐτῆς,
3404 3003 3500 3056 καὶ
3529 3001 3702 3066 οὑτως

2130 3092 2313 3160 ἔλεγον
2334 3093 2497 3164 αὑτῇο
2551 3093 2785 3148 ’Δνάστα
2817 3093 2856 3154 ³,
2887 3092 3027 3162 φάγε
3067 3092 3275 3164 σάρκας
3304 3091 3556 3158 πολλάς.»
3591 3095 3702 3165 Τὴν

2131 3185 2406 3257 Περσικὴν
2461 3185 2696 3240 ἐνταῦθα
2736 3185 3012 3256 βασιλείαν
3070 3186 3394 3240 αἰνίττεταιο
3446 3187 3599 3258 ἄρκῳ
3644 3187 3700 3241 δὲ

2129 3278 2297 3348 αᾷτὴν
2329 3277 2564 3331 ἐοικέναι
2589 3277 2740 3347 φησὶ,
2770 3275 2858 3329 διὰ
2897 3277 2955 3331 τὸ
2997 3276 3103 3329 τῶν
3130 3275 3408 3347 τιμωριῶν
3438 3277 3587 3347 ὠμὸν
3612 3279 3704 3330 καὶ

2128 3370 2354 3432 ἀπηνές.
2396 3369 2698 3440 Βαρϐάρων
2726 3370 2834 3440 γὰρ
2869 3368 3123 3424 ἁπάντων
3149 3369 3418 3440 ὠμότεροι
3451 3369 3578 3440 περὶ
3606 3369 3702 3433 τὰς

2124 3463 2394 3534 τιμωρίας
2424 3463 2472 3514 οἱ
2509 3462 2737 3533 Πέρσαι,
2762 3461 3009 3530 ὲκδοραῖς
3030 3459 3324 3530 χρώμενοι,
3361 3459 3454 3513 καὶ
3473 3464 3538 3532 τῇ
3562 3462 3700 3514 κατά

2129 3555 2294 3626 μέρος
2317 3552 2426 3606 τῶν
2455 3552 2662 3623 μορίων
2685 3553 2890 3622 ἐκτομῇ
2926 3551 3140 3622 μακράς
3163 3550 3276 3614 τὰς
3302 3551 3553 3614 κολάσεις
3596 3569 3702 3622 μη-

2125 3645 2452 3718 χανώμενοι,
2502 3643 2596 3699 καὶ
2635 3641 2832 3715 πικρὸν
2867 3644 3368 3709 κατασκευάζοντες
3387 3647 3500 3708 τοῖς
3538 3645 3700 3698 κολα-

2126 3738 2377 3810 ζομένοις
2403 3737 2494 3792 τὸν
2524 3738 2774 3792 θάνατον.
2798 3735 2899 3788 Διά
2934 3734 3114 3802 τοῦτο,
3169 3735 3324 3806 φησὶ,
3374 3737 3469 3789 καὶ
3518 3736 3701 3805 ἔλεγον

2125 3830 2264 3901 αὐτῇ
2287 3845 2302 3859 ·
2336 3847 2355 3881 ι
2399 3829 2652 3893 Ἀνάστα,
2689 3827 2830 3897 φάγε
2865 3827 3076 3900 σάρκας
3116 3827 3349 3892 πολλάς·
3391 3849 3410 3878 ο
3439 3828 3540 3882 οὑκ
3582 3829 3703 3882 ἐπι-

2123 3921 2418 3993 τρέποντες
2455 3919 2614 3974 τοῦτο
2665 3921 2863 3983 ποιεῖν,
2913 3917 3050 3972 ἀλλά
3099 3919 3456 3990 προλέγοντες
3488 3919 3554 3973 τά
3590 3920 3703 3973 ἐσό-

2127 4032 2284 4087 μενα,
2304 4013 2396 4067 καὶ
2423 4013 2484 4068 τὸ
2512 4011 2663 4084 ὠμὸν
2693 4013 2785 4066 καὶ
2815 4011 3092 4084 ἀνήμερον
3125 4013 3700 4084 προσμαρτυροῦντες.

2131 4127 2148 4159 ι
2183 4107 2320 4178 Τρία
2339 4106 2415 4172 δὲ,
2457 4106 2613 4176 φησὶ,
2642 4104 2819 4174 πτερὰ
2855 4105 2915 4158 ὲν
2943 4104 3022 4176 τῷ
3051 4105 3281 4176 στόματι
3315 4105 3504 4175 αὐτῆς.
3529 4123 3548 4156 ι
3580 4105 3702 4158 Τῶν

2121 4198 2288 4271 τριῶν
2321 4199 2428 4268 γὰρ
2451 4197 2551 4267 τῆς
2583 4195 2907 4267 οἰκουμένης
2935 4196 3241 4268 τμημάτων
3281 4197 3571 4268 ἐκράτησε,
3605 4196 3701 4250 τοῦ

2081 4311 2085 4318 ί
2124 4293 2284 4364 ἑῴου,
2318 4291 2413 4347 καὶ
2441 4290 2534 4345 τοῦ
2561 4291 2799 4362 βορείου,
2843 4289 2938 4342 καὶ
2976 4288 3070 4345 τοῦ
3120 4289 3317 4344 νοτίου.
3380 4287 3560 4359 Κῦρος
3601 4287 3704 4359 μὶν

2123 4387 2253 4457 γὰρ,
2300 4386 2328 4438 6
2368 4385 2582 4456 πρῶτος
2629 4381 2852 4454 Περσῶν
2883 4380 3226 4452 βασιλεύσας,
3259 4380 3320 4434 τὸ
3361 4377 3527 4450 Ἑῷον
3554 4378 3701 4435 ἅπαν

2127 4476 2289 4546 μέχρι
2357 4473 2451 4528 τοῦ
2523 4471 2917 4542 Ἑλλησπόντου
2979 4469 3069 4538 ὑφ’
3105 4467 3295 4520 ἑαυτὸν
3352 4465 3644 4536 ἐποιήσατο
3679 4477 3698 4496 ⁸

443 4553 699 4625 Egypt",
747 4553 1039 4626 Ᾰίιίιίοβαε
1067 4571 1286 4626 (ιυοίιυθ
1323 4557 1428 4610 Sibi
1477 4557 1712 4626 ευὶὶίθείι
1741 4577 1755 4614 ε
1823 4558 2019 4614 Darius
2053 4567 2096 4624 Ι)
2124 4566 2426 4638 Καμϐύσης
2447 4566 2502 4622 δὲ
2533 4566 2560 4617 6
2589 4564 2781 4617 τούτου
2821 4565 2943 4625 παῖς
2998 4563 3088 4614 καὶ
3120 4560 3218 4631 τὴν
3247 4559 3520 4626 Αἴγυπτον
3556 4558 3699 4626 ἔχει-

443 4659 574 4701 vero
604 4643 919 4718 Hystaspis,
962 4648 1298 4719 Scytharum
1335 4646 1640 4703 Nomadum
1668 4651 1897 4720 imperio
1923 4668 2024 4722 po-

443 4740 577 4796 titus
612 4748 714 4806 est,
751 4741 954 4810 quibus
985 4741 1051 4795 ad
1091 4738 1444 4795 incolendum
1480 4738 1622 4796 forte
1665 4743 1862 4813 obtigit
1895 4759 2020 4814 pars

443 4829 802 4898 aquilonaris.
851 4830 921 4884 Et
954 4830 1167 4887 Xerxes
1219 4829 1365 4886 Darii
1415 4830 1605 4902 (ﬁlius)
1654 4841 1888 4890 conatus
1936 4843 2021 4890 cst

443 4917 717 4990 Europam
745 4937 870 4976 cum
905 4923 1137 4992 imperio
1169 4938 1270 4979 suo
1299 4922 1637 4993 conjungere
1670 4943 1683 4979 :
1715 4925 1807 4980 sed
1838 4927 2019 4981 navali

445 5028 628 5082 pugna
659 5015 837 5068 victus
887 5015 954 5069 ab
1005 5015 1456 5079 Atheniensibus,
1507 5016 1742 5086 turpiter
1793 5017 2014 5073 domum

443 5105 625 5168 rediit,
654 5110 937 5176 sensitque
966 5107 1176 5162 cladem
1223 5107 1292 5162 ab
1343 5107 1664 5177 inexplebili
1713 5109 2017 5179 cupiditate

443 5198 766 5265 proiectam.
795 5200 1006 5254 idcirco
1033 5219 1051 5252 ι
1083 5207 1198 5256 tres
1218 5201 1357 5268 alas,
1389 5200 1592 5273 inquit,
1622 5203 1678 5257 in
1705 5217 1798 5257 ore
1821 5204 1941 5272 ejus
1967 5223 2013 5258 ε»

441 5291 690 5358 quaedam
722 5292 738 5313 '
771 5298 954 5346 autem
989 5291 1320 5362 exemplaria
1356 5293 1561 5348 habent
1590 5294 1760 5348 latera
1808 5309 1829 5346 :
1878 5295 2013 5349 nihil

516 5455 541 5483 ο
572 5441 680 5498 lsa.
713 5459 766 5514 x,
795 5444 885 5500 12.

2128 4658 2359 4728 ρώσατο,
2396 4658 2490 4711 καὶ
2527 4656 2790 4718 Αἰθίοπας
2835 4653 3109 4724 ὑπηκόους
3149 4651 3392 4721 ἀπέφηνε
3415 4667 3428 4680 ·
3474 4651 3699 4718 Δαρεῖος

2120 4750 2177 4801 δὲ
2200 4750 2228 4801 6
2255 4748 2347 4801 τοῦ
2376 4753 2397 4782 θ
2455 4748 2785 4810 Ὑστάσπου,
2818 4744 3038 4798 Σκυθῶν
3076 4743 3182 4796 τῶν
3232 4741 3496 4810 Νομάδων
3531 4739 3696 4808 ἐκρά-

2121 4855 2304 4910 τησεν,
2346 4837 2394 4890 οἳ
2430 4839 2489 4890 τὸ
2529 4837 2737 4908 βόρειον
2769 4836 2961 4906 ἔλαχον
2988 4836 3009 4866 ⁸
3040 4835 3204 4906 μέρος
3244 4834 3342 4904 τῆς
3375 4831 3699 4903 οἰκουμένης

2122 4932 2311 4985 οἰκεῖν.
2336 4930 2542 5001 Ξέρξης
2585 4930 2641 4982 δὲ
2665 4931 2692 4983 6
2720 4929 2946 5001 Δαρείου
2976 4926 3300 4997 ἐπεχείρησε
3337 4924 3435 4994 μὲν
3473 4923 3566 4977 καὶ
3601 4926 3698 4992 τὴν

2123 5021 2395 5094 Εὐρώπην
2438 5023 2552 5084 τοῖς
2600 5022 2865 5093 ὑπηκόοις
2903 5018 3166 5088 συνάψαι·
3206 5015 3484 5087 ναυμαχία
3513 5014 3570 5068 δὲ
3601 5016 3698 5084 ἠτ-

2121 5116 2308 5186 τηθεὶς
2350 5113 2668 5186 Ἀθηναίων,
2699 5111 2937 5185 αἰσχρῶς
2966 5109 3284 5182 ἀνέστρεψε,
3322 5109 3413 5162 καὶ
3460 5105 3558 5176 τὴν
3591 5105 3700 5158 ἀπὸ

2124 5208 2224 5275 τῆς
2254 5205 2558 5275 ἀπληστίας
2605 5205 2934 5276 τικτομένην
2984 5199 3154 5271 ἔμαθε
3207 5200 3432 5271 βλάϐην.
3493 5196 3696 5250 Τούτου

2125 5297 2284 5366 χάριν
2307 5295 2474 5366 φησί’
2519 5314 2536 5345 ι
2579 5295 2715 5365 Τρία
2756 5292 2930 5364 πτερά
2970 5294 3028 5346 ὲν
3052 5289 3130 5361 τῷ
3165 5290 3392 5364 στόματι
3422 5288 3630 5358 αὑτῆςο
3671 5305 3692 5339 ι

1681 5601 1920 5659 VARle
1950 5600 2352 5658 LECTIONES.

513 5787 562 5858 _“
596 5804 725 5857 φησ.
759 5787 885 5845 Des.
917 5787 972 5844 in
994 5785 1072 5858 Β.
1135 5787 1403 5858 flectat}
1432 5801 1618 5858 praem.
1640 5786 1768 5858 gini.

449 5852 542 5925 '_A
571 5852 623 5910 et
653 5852 692 5910 Β
721 5858 894 5929 ἄρκῳ.
988 5857 1008 5889 ³
1049 5856 1092 5910 Α
1123 5856 1391 5927 ἀνάστηθι

1872 5785 1917 5860 ξ’
1947 5784 2393 5860 ἀνθρερτξωη.
2441 5787 2552 5842 καί.
2594 5859 2597 5860 ν
2628 5789 2674 5819 ⁹⁹
2707 5787 2746 5841 Β
2783 5787 3086 5860 ἐπήγαγεν.

1521 5858 1541 5887 ⁴
1572 5855 1688 5912 τοῦ.
1725 5857 1848 5914 lies.
1881 5856 1936 5912 in
1969 5858 2026 5912 Β.
2055 5855 2061 5856 ⁷
2096 5856 2116 5886 ⁸
2152 5855 2230 5910 ἔλ.
2263 5856 2320 5911 lu
2353 5857 2390 5909 ll
2423 5867 2516 5926 pot
2555 5859 2771 5931 οἶκουμ.
2796 5855 3038 5932 ponitur.

3172 5797 3182 5818 ί
3222 5786 3300 5843 ἔτ.
3343 5786 3386 5840 Α
3413 5784 3688 5857 δεύτερον.
