4092 6382
400 538 516 589 ενςα
539 534 594 586 δὲ
618 529 725 585 τῶν
749 530 1097 603 ἀντιγράφων
1126 529 1358 597 πλευρὰ
1395 526 1507 598 ἔχει
1526 544 1541 558 ·

405 628 581 697 φέρει.
627 623 749 676 Εἴτε
783 622 889 694 γὰρ
936 622 1113 685 τοῦτο,
1148 621 1257 674 εἴτε
1296 620 1473 675 ἐκεῖνο
1510 617 1712 686 τεθείη,
1743 617 1985 670 διδάσκει

404 718 480 777 ῶς
518 718 583 769 τὰ
608 716 735 786 τρία
759 716 1026 784 τμήματα
1059 713 1157 783 τῆς
1188 711 1516 783 οἰκουμένης
1545 709 1872 782 καρποῦται,
1896 709 1989 762 καὶ

401 809 495 862 τὸν
525 806 862 876 πανταχόθεν
898 804 1217 874 ὑποδέχεται
1248 801 1433 874 φόρον.
1466 803 1662 865 Καλῶς
1689 801 1746 854 δὲ
1776 801 1870 854 καὶ
1905 800 1984 866 τὸ,

408 919 428 953 ι
452 902 509 952 ὲν
531 897 608 968 τῷ
651 897 878 967 στόματι
921 896 1089 966 αὐτῆς
1123 913 1142 947 ι
1164 892 1572 966 προστέθεικεν,
1600 893 1688 945 ἵνα
1713 891 1862 964 δείξῃ
1890 890 1988 963 τὴν

404 990 555 1062 παρὰ
594 988 813 1042 πάντων
847 986 1257 1059 χορηγουμένην
1309 984 1590 1055 εἰσφοράν.
1637 983 1746 1037 Καὶ
1800 982 1987 1052 ἐπειδὴ

401 1083 464 1136 οὐ
522 1080 870 1134 παντάπασιν
918 1080 950 1149 ἡ
1005 1076 1250 1148 βασιλεία
1308 1075 1446 1145 αὔτη
1500 1073 1791 1145 κατελύθη,
1851 1073 2031 1127 ama”

407 1169 605 1242 μοῖράν
671 1185 794 1221 τινα
856 1168 954 1238 τῆς
1014 1166 1289 1238 προτέρας
1350 1166 1651 1236 ἡγεμονίας
1719 1164 1987 1234 διέμεινεν

402 1262 621 1332 ἔχουσα,
657 1259 758 1313 οὐκ
782 1258 887 1329 ἔφη
932 1257 1030 1328 μὲν
1072 1258 1362 1327 ὑπομεῖναι
1402 1255 1572 1328 αὐτὴν
1607 1256 1749 1328 άπερ
1794 1256 1826 1326 ἡ
1881 1255 1988 1326 πρὸ

402 1352 574 1421 αὐτῆς
600 1349 838 1404 πέπονθε
876 1349 986 1403 τῶν
1039 1348 1256 1419 πτερῶν
1286 1347 1635 1419 στερηθεῖσα,
1680 1365 1699 1399 ι
1754 1347 1850 1400 καὶ
1894 1346 1989 1400 ἐπὶ

402 1444 580 1498 ποδῶν
611 1442 902 1514 ἀνθρώπου
943 1442 1221 1505 σταθεῖσα,
1278 1441 1374 1495 καὶ
1420 1440 1648 1512 καρδίαν
1695 1438 1986 1510 ἀνθρώπου

402 1536 671 1591 λαϐοῦσαο
700 1553 720 1586 ι
758 1529 881 1587 εἷπε
920 1533 976 1586 δὲ
1009 1532 1177 1603 αὐτὴν
1199 1534 1281 1596 είς
1303 1531 1361 1585 ἓν
1398 1535 1591 1603 στῆναι
1620 1531 1805 1603 μέρος.
1844 1550 1862 1583 ι
1893 1532 1986 1594 Εἰς

401 1627 465 1681 ἓν
490 1628 568 1693 δὲ,
602 1626 735 1699 φησι
765 1627 807 1691 ⁸,
841 1625 1007 1696 μέρος
1026 1623 1250 1693 ὲστάθη,
1295 1642 1314 1675 ›
1356 1623 1625 1689 τουτέστι,
1660 1623 1988 1694 κρατήσασα

402 1721 512 1775 τῶν
550 1718 718 1790 τριῶν
754 1721 850 1788 τῆς
882 1717 1214 1788 οἰκουμένης
1258 1715 1584 1788 τμημάτων,
1636 1715 1988 1786 ἀπεστερήθη

408 1812 507 1882 μὲν
567 1808 660 1863 τοῦ
699 1809 977 1875 πλείστου,
1039 1808 1158 1871 ἑνὸς
1207 1807 1264 1860 δὲ
1312 1808 1513 1878 μέρους
1549 1807 1651 1878 τὴν
1692 1807 1989 1878 ἡγεμονίαν

370 1901 657 1971 ,κατέσχε
698 1898 991 1971 Κρατοῦσα
1032 1898 1141 1968 γὰρ
1189 1898 1286 1968 τῆς
1328 1897 1514 1961 Ἀσίας
1551 1897 1719 1951 πάλαι
1748 1898 1987 1967 ἀπάσης,

406 1991 628 2062 καὶτῆς
652 1989 880 2061 Λιϐύης,
916 1989 1267 2061 ἀπεστερήθη
1308 1989 1406 2059 μὲν
1442 1989 1545 2060 τῆς
1586 1989 1865 2059 Αἰγύπτου
1896 1989 1990 2042 καὶ

406 2085 504 2155 τῆς
536 2081 857 2146 Αἰθιοπίας*
899 2082 1083 2134 οὐκέτι
1120 2081 1178 2135 δὲ
1230 2080 1629 2144 Παλαιστινῶν,
1664 2080 1755 2135 καὶ
1817 2080 1992 2133 Φοινί-

406 2192 537 2239 κων,
567 2174 661 2226 καὶ
682 2172 870 2244 Σύρων
894 2173 1117 2242 κρατεῖ·
1152 2171 1435 2243 ἀφῄρηται
1459 2171 1517 2225 δὲ
1544 2171 1637 2224 καὶ
1666 2172 1765 2242 τῆς
1806 2171 1991 2235 Ἀσίας

405 2264 504 2337 τὴν
537 2264 857 2336 ἠγεμονίαν,
890 2264 983 2316 καὶ
1011 2264 1038 2316 6
1068 2260 1321 2327 Εὔξεινος
1362 2262 1419 2316 δὲ
1470 2262 1671 2326 Πόντος
1720 2262 1825 2328 ἔξω
1878 2263 1989 2315 τῶν

408 2357 704 2431 σκήπτρων
730 2356 1023 2426 γεγένηται
1041 2371 1055 2385 ο
1082 2356 1276 2425 κρατεῖ
1299 2355 1356 2408 δὲ
1384 2355 1556 2426 μόνης
1586 2353 1867 2424 Περσίδος,
1895 2354 1989 2406 καὶ

405 2449 655 2518 Μηδίας,
705 2446 800 2500 καὶ
858 2445 1149 2516 Ἀσσυρίας
1196 2446 1239 2511 ⁷,
1289 2447 1381 2499 καὶ
1434 2445 1547 2498 τῶν
1598 2445 1990 2516 πλησιοχώρων

404 2541 601 2604 ὀλίγων
633 2539 825 2594 ἐθνῶν.
857 2538 956 2592 Διὰ
994 2538 1153 2592 τοῦτό
1193 2554 1379 2609 φησιν,
1405 2538 1487 2591 ὅτι
1509 2536 1531 2567 ⁸
1572 2556 1588 2589 t
1623 2538 1715 2601 Είς
1732 2537 1789 2590 ἒν
1822 2530 1990 2610 μέρος

406 2632 664 2704 ἐστάθη.»
700 2629 885 2685 Ταῦτα
905 2630 1003 2684 καὶ
1029 2628 1271 2704 περὶτοῦ
1294 2630 1550 2700 δευτέρου
1581 2628 1988 2699 διηγησάμενος

406 2723 596 2797 θηρίου
617 2765 633 2790 ,

477 2821 551 2880 ς’.
589 2833 608 2865 ι
634 2815 860 2877 Ὀπίσω,
889 2813 1041 2884 φησὶ,
1075 2811 1586 2883 τούτουέθεώρουν,
1620 2810 1716 2866 καὶ
1752 2809 1863 2865 ίδοῦ
1893 2809 1989 2882 θη-

406 2909 522 2980 ρίον
547 2908 735 2977 ἕτερον
764 2906 897 2959 ὡσεὶ¹
923 2905 1210 2978 πάρδαλις,
1239 2906 1334 2959 καὶ
1365 2906 1503 2977 αὐτῇ
1530 2904 1709 2977 πτερὰ
1746 2902 1991 2975 τέσσαρα

406 3000 656 3054 πετεινοῦ
691 3002 712 3032 ⁸
739 3000 995 3073 ὑπεράνω
1056 3000 1250 3070 αὐτῆς,
1306 3001 1401 3053 καὶ
1451 2999 1718 3069 τέσσαρες
1756 2998 1991 3068 κεφαλαὶ

406 3091 485 3164 τῷ
513 3092 711 3164 θηρίῳ,
739 3093 883 3164 καὶὴ
917 3093 959 3125 ¹⁰
980 3092 1199 3156 ἐξουσία
1220 3087 1374 3162 ἐδόθη
1407 3092 1544 3162 αὐτῇ
1571 3092 1634 3145 “.
1670 3111 1689 3144 ι
1714 3082 1836 3161 ’Τὴν
1870 3091 1990 3144 Μα-
2013 3081 2025 3093 ’

1616 410 1696 470 1N
1728 408 2086 470 DANIELIS
2114 409 2271 466 CAP.
2310 406 2437 467 VII.

1598 526 1752 580 οὐδὲν
1780 525 1837 578 δὲ
1868 525 1985 578 δια-

2096 538 2219 578 vero
2256 521 2439 575 refert.
2497 519 2623 574 Sive
2671 519 2817 574 enim
2874 519 2999 582 hoc,
3057 517 3174 574 sive
3217 518 3349 573 illud
3405 528 3670 588 ponatur,

3536 400 3669 466 1418

2091 617 2271 679 docet,
2305 612 2768 686 quemadmodum
2815 627 2882 666 ex
2945 612 3126 669 tribus
3189 613 3344 668 orbis
3395 622 3671 668 terrarum

2093 708 2343 778 partibus
2373 706 2585 761 fructus
2620 702 2909 775 percipiat,
2943 711 2997 758 et
3033 702 3281 774 undique
3306 703 3547 773 accipiat
3572 705 3675 759 tri-

2092 799 2305 852 butum.
2353 796 2419 852 Et
2456 805 2605 852 recte
2644 795 2923 866 apposuit,
2970 814 2988 846 ι
3029 795 3084 849 in
3123 811 3222 851 ore
3277 795 3496 867 ipsius;
3536 812 3563 847 r
3611 804 3674 850 οι

2092 889 2414 945 ostenderet.
2445 889 2735 953 tributum,
2769 888 2913 958 quod
2950 889 3019 943 ab
3066 889 3326 943 omnibus
3371 889 3421 943 ei
3459 890 3673 957 persol-

2091 982 2337 1036 vebatur.
2379 979 2443 1033 Et
2475 980 2606 1050 quia
2656 995 2766 1033 non
2804 979 3027 1032 omnino
3058 994 3290 1050 regnum
3336 978 3473 1034 illud
3521 980 3671 1033 dele-

2094 1080 2207 1126 tum
2253 1073 2375 1137 fuit,
2429 1072 2525 1126 sed
2589 1080 2801 1140 partem
2857 1071 3153 1140 quamdam
3208 1070 3413 1139 prioris
3451 1070 3670 1140 imperii

2092 1163 2343 1230 retinuit,
2386 1180 2493 1217 non
2531 1162 2690 1224 dixit,
2725 1178 2788 1218 ea
2838 1162 3181 1217 sustinuisse
3215 1163 3370 1227 illud,
3413 1178 3536 1233 quae
3581 1177 3671 1217 re-

2092 1255 2258 1326 gnum
2310 1257 2431 1325 ipso
2470 1257 2623 1326 prius
2671 1269 2995 1325 perpessum
3049 1253 3252 1319 fuerat,
3306 1257 3454 1326 quod
3486 1264 3539 1311 et
3569 1255 3674 1310 alis

2093 1347 2365 1416 privatum
2399 1347 2520 1411 fuit,
2558 1364 2575 1397 ι
2611 1345 2674 1400 Ει
2703 1346 2759 1399 in
2802 1346 2969 1416 pedes
3001 1344 3240 1400 hominis
3278 1347 3453 1413 stetit,
3496 1355 3550 1402 et
3577 1362 3675 1401 cor

2092 1436 2391 1492 humanum
2426 1437 2674 1508 accepit;
2713 1456 2733 1489 ι
2777 1437 2872 1493 sed
2924 1437 2979 1490 in
3014 1452 3180 1490 unam
3229 1447 3439 1507 partem
3493 1438 3674 1507 ipsum

2092 1533 2318 1585 stetisse
2365 1529 2522 1586 dixit.
2571 1548 2590 1582 ι
2632 1529 2691 1583 In
2730 1544 2897 1583 unam
2948 1538 3156 1592 autem,
3207 1530 3407 1599 inquit,
3459 1539 3671 1599 partem

2093 1622 2267 1687 stetit,
2298 1639 2317 1672 ι
2346 1621 2453 1675 hoc
2471 1629 2575 1687 est,
2603 1636 2728 1676 cum
2757 1620 2934 1676 tribus
2951 1620 3106 1675 orbis
3126 1630 3396 1675 terrarum
3422 1623 3676 1693 partibus

2093 1711 2325 1781 potitum
2355 1720 2525 1776 esset,
2561 1712 2801 1765 maxima
2833 1722 2987 1781 parte
3011 1711 3306 1780 spoliatum
3348 1720 3452 1777 est,
3483 1713 3676 1768 unius-

2093 1824 2200 1879 que
2229 1815 2444 1862 tantum
2491 1808 2665 1877 partis
2718 1806 3014 1876 imperium
3067 1806 3318 1859 retinuit.
3348 1804 3494 1860 Asia:
3528 1806 3673 1861 enim
3718 1814 3719 1817 ‘

2096 1900 2369 1955 universae
2416 1914 2479 1953 ac
2514 1898 2696 1970 Libyae
2744 1898 2959 1969 pridem
3016 1896 3320 1968 imperans,
3374 1896 3672 1969 Egyptum

2095 1992 2284 2045 amisit
2316 1998 2368 2045 et
2420 1990 2799 2059 AﬂthiOpiam;
2852 2004 3031 2058 neque
3079 1988 3209 2044 item
3263 1987 3573 2045 Palaestinis
3620 2000 3677 2045 et

2095 2083 2474 2149 Phoenicibus,
2538 2082 2805 2154 Syrisque
2860 2081 3102 2151 potitur;
3163 2073 3590 2152 ademptamque
3623 2083 3673 2139 ei

2094 2185 2178 2231 est
2205 2177 2349 2232 Asia:
2378 2175 2694 2245 imperium,
2746 2182 2799 2228 et
2836 2175 3047 2228 Pontus
3102 2172 3354 2229 Euxinus
3405 2174 3475 2235 ab
3522 2176 3674 2230 illius

2096 2277 2316 2337 sceptro
2362 2268 2630 2331 descivit,
2665 2275 2719 2321 et
2756 2267 2930 2320 solam
2988 2264 3290 2330 Persidem,
3337 2281 3404 2321 ac
3440 2266 3671 2321 Mediam

2094 2369 2148 2416 et
2177 2360 2461 2431 Assyriam
2501 2358 2737 2424 obtinet,
2790 2365 2844 2411 ct
2878 2371 3087 2427 paucas
3117 2355 3384 2426 quasdam
3416 2356 3676 2412 ﬁnitimas

2096 2453 2369 2507 nationes.
2431 2438 2738 2521 Propterea
2801 2469 2818 2502 ι
2854 2449 2908 2503 In
2966 2448 3183 2522 119E.
3236 2464 3422 2517 unam,
3472 2450 3675 2522 inquit,

2097 2550 2304 2612 partem
2341 2541 2510 2596 stetit.
2547 2558 2565 2590 ι
2606 2539 2703 2596 llis
2750 2525 2881 2594 item
2915 2539 2983 2595 de
3025 2538 3268 2594 secunda
3303 2540 3478 2595 bestia
3506 2556 3674 2596 enar-

2097 2634 2255 2697 ratis,

2166 2815 2330 2871 Vens.
2374 2816 2427 2870 6.
2475 2834 2494 2868 ι
2538 2814 2670 2871 Post
2721 2816 2917 2886 ipsam,
2961 2816 3160 2887 inquit,
3212 2819 3572 2888 aspiciebam,
3623 2827 3680 2875 et

2094 2924 2226 2964 ecce
2274 2908 2380 2960 alia
2429 2907 2605 2962 bestia
2652 2908 2810 2976 quasi
2860 2907 3123 2977 purdulis,
3165 2917 3219 2963 et
3256 2910 3362 2980 ipsi
3397 2912 3497 2965 alae
3543 2926 3681 2981 qua—

2096 3010 2222 3057 tuor
2248 3001 2491 3056 volueris
2523 3016 2692 3070 super
2725 3016 2867 3063 eam,
2901 3008 3216 3072 etquatuor
3249 3004 3431 3075 capita
3465 3008 3674 3072 bestiae,

2095 3103 2150 3149 et
2190 3102 2430 3165 potestas
2471 3093 2597 3147 data
2646 3099 2731 3148 est
2784 3093 2885 3147 illi.
2925 3110 2944 3144 ι
2989 3094 3405 3151 Macedonicum
3448 3114 3674 3170 regnum

408 3184 690 3255 κεδονικὴν
716 3184 993 3254 βασιλείαν
1019 3181 1108 3236 διὰ
1129 3181 1336 3236 τούτων
1359 3182 1657 3264 αἰνίττεται
1680 3196 1695 3210 °
1718 3182 1813 3235 καὶ
1845 3180 1989 3251 μάλα

2098 3201 2194 3255 per
2222 3184 2335 3239 haec
2389 3184 2662 3254 designat,
2706 3192 2761 3239 et
2797 3185 3093 3240 admodum
3142 3197 3512 3257 congruenter
3551 3193 3680 3248 Aie-

412 3275 739 3348 προσφόρως
753 3274 1045 3346 παρδάλει
1062 3274 1154 3329 τὸν
1199 3258 1549 3346 Ἀλέξανδρον
1580 3275 1871 3337 ἀπείκασε,
1904 3273 1994 3326 διὰ

411 3366 470 3419 τδ
500 3368 636 3436 ταχὺ
665 3366 758 3419 καὶ
804 3366 898 3430 ὀξὺ
963 3366 1058 3419 καὶ
1105 3365 1375 3420 ποικίλον.
1396 3383 1418 3418 ι
1458 3366 1713 3435 Τέτταρα
1736 3365 1791 3417 δὲ
1815 3365 1994 3434 πτερὰ

408 3458 655 3513 πετεινοῦ
678 3477 697 3510 ι
738 3457 841 3531 ἔφη
864 3458 926 3511 τὸ
963 3458 1151 3529 θηρίον
1193 3457 1510 3530 ἐσχηκέναι,
1560 3457 1750 3528 ἐπειδὴ
1785 3454 1992 3528 πτηνοῦ

408 3551 564 3623 δίκην
594 3553 622 3605 6
661 3550 1010 3622 Ἀλέξανδρος
1041 3550 1111 3603 τά
1133 3549 1382 3620 τέσσαρα
1401 3550 1502 3621 τῆς
1523 3547 1995 3620 οίκουμένης¹δια-

406 3643 632 3715 δραμὼν
660 3644 950 3715 τμήματα,
1003 3643 1213 3707 πάντας
1262 3644 1354 3712 ὑφ’
1393 3643 1592 3696 ἑαυτὸν
1653 3642 1951 3713 ἐποιήσατο
1977 3656 1991 3670 ·

408 3736 497 3789 διὰ
518 3735 577 3789 δὲ
613 3755 631 3788 ι
658 3735 766 3790 τῶν
798 3736 1082 3807 τεσσάρων
1103 3735 1389 3805 κεφαλῶν»
1417 3734 1516 3806 τὴν
1540 3734 1677 3806 μετὰ
1692 3734 1783 3788 τὸν
1822 3733 1997 3798 Ἀλέξ-

412 3827 605 3896 ανδρον
655 3827 955 3899 γενομένην
988 3827 1211 3899 ᾐνίξατο
1242 3828 1341 3898 τῆς
1368 3827 1667 3897 ἡγεμονίας
1699 3827 1992 3897 διαίρεσιν.

417 3920 698 3991 Τέσσαρες
735 3921 830 3991 γὰρ
856 3920 973 3975 ἀνθ’
1033 3921 1153 3985 ένδς
1195 3921 1542 3990 κατέστησαν
1580 3918 1818 3989 βασιλεῖς
1845 3932 1856 3945 ·
1900 3917 1998 3973 καὶ

414 4010 749 4082 Πτολεμαῖος
773 4012 869 4083 μὲν
907 4014 935 4065 6
971 4011 1152 4080 Λάγου
1189 4010 1309 4064 τῶν
1327 4012 1448 4064 κατ’
1476 4009 1754 4078 Αἴγυπτον
1788 4011 1997 4079 ἐνεχει-

412 4101 575 4177 ρίσθη
626 4106 753 4169 τοὺς
808 4104 1000 4170 οἴακας
1025 4121 1039 4135 ·
1092 4103 1354 4165 Σέλευκος
1398 4101 1456 4155 δὲ
1489 4102 1598 4155 τῶν
1634 4101 1770 4173 πρὸς
1798 4100 1873 4154 ἕω
1894 4102 1996 4172 τὴν

408 4194 706 4264 ἡγεμονίαν
764 4193 963 4249 ἰθύνειν
1034 4184 1327 4265 ἐπιστεύθη
1352 4212 1368 4227 ο
1438 4192 1741 4262 Ἀντίγονος
1785 4191 1843 4245 δὲ
1893 4190 1997 4262 τῆς

420 4287 610 4351 Ἀσίας
639 4285 913 4359 ἐκράτησε
935 4304 948 4319 ·
983 4286 1086 4358 τῆς
1116 4287 1173 4340 δὲ
1222 4286 1583 4354 Μακεδονίας,
1611 4286 1687 4349 ῶς
1718 4285 1817 4356 μέν
1852 4284 1997 4350 τινές

410 4394 575 4446 φασιν
602 4378 669 4443 ¹²,
718 4378 1078 4449 ’Δντίπατρος
1102 4394 1118 4409 ο
1146 4377 1221 4442 ὡς
1247 4377 1303 4432 δὲ
1330 4377 1529 4449 ἕτεροι,
1561 4378 1826 4441 Φίλιππος
1851 4378 1880 4431 6
1903 4378 1998 4431 καὶ

423 4464 692 4536 ’Δριδαίος
739 4467 802 4533 ’³,
855 4466 1021 4520 αὐτοῦ
1070 4467 1423 4549 Ἀλεξάνδρου
1475 4467 1724 4537 ἀδελφός.
1794 4469 1866 4523 Al
1898 4467 2001 4539 μὲν

2097 3278 2363 3331 xandrum
2398 3276 2611 3345 pardali
2642 3277 3007 3345 comparavit,
3051 3286 3279 3347 propter
3316 3280 3677 3347 celeritatem,

2095 3377 2149 3423 et
2193 3370 2561 3435 velocitatem,
2610 3378 2663 3423 et
2718 3369 3064 3423 varietatem.
3102 3388 3122 3421 ι
3186 3370 3438 3436 Quatuor
3490 3385 3674 3431 autem

2097 3459 2214 3513 alas
2245 3458 2486 3513 volucris
2525 3476 2544 3509 ι
2589 3459 2779 3513 bestiae
2825 3457 2999 3514 fuisse
3048 3457 3211 3527 dixit,
3250 3462 3380 3532 quia
3430 3466 3678 3523 volucris

2097 3552 2274 3605 instar
2308 3549 2616 3605 Alexander
2657 3564 2781 3604 cum
2834 3551 3205 3621 percurrisset
3246 3564 3488 3624 quatuor
3525 3561 3678 3617 orbis

2099 3652 2369 3698 terrarum
2405 3653 2608 3713 partes,
2639 3658 2833 3699 omnes
2874 3643 3124 3700 insuam
3165 3655 3491 3717 potestatem
3525 3652 3681 3707 rede-

2099 3736 2211 3808 git;
2247 3744 2302 3792 et
2341 3752 2439 3808 per
2473 3755 2490 3788 ι
2542 3744 2785 3807 quatuor
2818 3737 2998 3808 capita
3034 3756 3054 3790 ›
3108 3739 3325 3810 imperii
3353 3742 3680 3800 divisionem

2098 3839 2226 3900 post
2245 3829 2616 3885 Alexandrum
2657 3828 2859 3884 factam
2882 3829 3236 3899 signiﬁcavit.
3268 3831 3680 3899 Quatuorenim

2098 3938 2200 3995 pro
2228 3939 2338 3979 uno
2368 3925 2654 3979 constituti
2703 3932 2832 3978 sunt
2871 3939 3064 3994 reges;
3106 3930 3163 3978 et
3207 3922 3505 3981 Ptolemaeo
3549 3925 3683 3998 Lagi

2098 4017 2393 4073 commissa
2457 4024 2589 4072 sunt
2655 4016 2875 4086 Egypti
2941 4016 3377 4086 gubernacula;
3450 4017 3683 4074 Seleuco

2098 4107 2339 4163 Orientis
2396 4107 2686 4178 imperium
2742 4106 3242 4163 administrandum
3300 4110 3682 4165 concreditum

2097 4206 2216 4265 est;
2257 4199 2563 4269 Antigonus
2604 4197 2810 4269 potitus
2857 4204 2942 4252 est
2973 4195 3122 4265 Asia,
3174 4199 3464 4269 Antipater
3503 4199 3686 4257 Mace-

2098 4293 2285 4359 donia,
2314 4299 2374 4346 ut
2403 4290 2625 4362 quidam
2662 4290 2977 4362 perhibent,
3018 4290 3325 4345 secundum
3360 4292 3499 4348 alios.
3529 4308 3680 4357 vero,

2098 4384 2410 4455 Philippus,
2455 4383 2548 4454 qui
2584 4390 2639 4438 et
2671 4380 2920 4438 Aridaeus
2959 4382 3141 4438 dictus
3192 4391 3298 4451 est,
3349 4384 3526 4455 ipsius
3560 4388 3686 4443 Alea

2101 4476 2296 4532 xandri
2333 4476 2522 4531 frater.
2576 4476 2821 4541 Quatuor
2856 4474 3024 4543 igitur
3062 4475 3241 4545 capita
3271 4484 3511 4547 quatuor
3557 4488 3685 4550 post

413 4553 505 4612 οὖν
536 4561 834 4630 τέσσαρες
879 4561 1139 4632 κεφαλαί
1192 4562 1291 4626 τὰς
1329 4562 1466 4632 μετὰ
1514 4562 1605 4615 τὸν
1641 4560 1993 4632 Ἀλέξανδρον

2102 4569 2478 4626 Alexandrum
2517 4568 2754 4624 innuunt
2797 4568 3053 4637 imperia,
3099 4576 3153 4623 et
3180 4577 3412 4640 quatuor
3457 4569 3561 4625 ala:
3605 4572 3685 4643 ip-

413 4649 683 4724 τέσσαρας
700 4654 800 4722 ήγε
808 4669 907 4721 μον
915 4652 1001 4716 ίας
1012 4651 1356 4710 αἰνίττονται.
1369 4652 1437 4705 τά
1449 4652 1504 4704 δὲ
1521 4651 1792 4720 τέσσαρα
1810 4651 1999 4720 πτερὰ

413 4742 584 4814 αὐτὴν
600 4743 711 4796 ,τοῦ
756 4742 1107 4815 Ἀλεξάνδρου
1139 4744 1239 4813 τὴν
1258 4742 1574 4797 δυναστείαν
1588 4741 1996 4814 τῶν’τεττάρων

416 4830 513 4902 τῆς
532 4833 856 4904 οἰκουμένης
891 4832 1324 4905 περιγενομένην
1353 4832 1669 4904 τμημάτων·
1705 4831 2001 4896 ἐξουσίαν

413 4924 472 4977 δὲ
502 4923 606 4995 ἔφη
650 4924 932 4981 δεδόσθαι
960 4922 1042 4990 τῷ
1068 4925 1269 4993 θηρίῳ,
1314 4924 1502 4995 ἐπειδὴ
1566 4924 1662 4977 καὶ
1694 4917 1770 4977 ὧν
1795 4924 1847 4978 ot
1894 4925 2001 4997 πρὸ

414 5012 582 5067 αὑτοῦ
632 5015 707 5085 μὴ
740 5016 1231 5088 έκεκρατήκεισαν,
1278 5009 1435 5080 οὗτος
1484 5015 1698 5088 ἐδείχθη
1753 5018 1997 5088 κρατῶν,

418 5103 536 5157 ἀλλ’
562 5104 712 5175 ὅμως
737 5109 829 5161 καὶ
844 5109 879 5180 ἠ
911 5108 1130 5163 πάντων
1151 5125 1218 5161 πε
1226 5107 1547 5180 ριγενομένη
1570 5106 1815 5178 βασιλεία
1846 5108 2000 5172 τέλος

416 5194 654 5261 ἐδέξατο.

484 5286 552 5348 ξ’.
588 5307 608 5340 ι
647 5290 856 5347 Ὀπίσω
878 5293 991 5363 γάρ
1022 5292 1234 5358 τούτου,
1259 5293 1425 5363 φησὶν
1471 5293 1536 5359 ⁸⁵,
1569 5292 1842 5365 ἐθεώρουν
1870 5297 1926 5347 ὲν
1954 5296 1998 5327 ¹⁸

416 5379 654 5451 ὁράματι
672 5383 774 5454 τῆς
802 5387 1018 5454 νυκτὸς,
1048 5387 1141 5440 καί⁵
1173 5385 1282 5440 ἰδοὺ
1314 5386 1499 5458 θηρίον
1545 5386 1807 5458 τέταρτον
1838 5387 2003 5457 φοϐε-

2108 4679 2231 4720 sum
2286 4660 2584 4717 Alexandri
2640 4659 3033 4732 principatum,
3092 4662 3184 4731 qui
3244 4669 3484 4731 quatuor
3532 4663 3686 4720 orbis

2107 4767 2379 4814 terrarum
2411 4763 2594 4827 partes
2628 4754 2944 4825 superavit:
2985 4756 3345 4823 potestatem‘
3386 4764 3568 4810 autem
3598 4756 3687 4813 di-

2110 4849 2189 4903 xit
2223 4849 2409 4902 datam
2439 4847 2608 4918 fuisse
2638 4846 2836 4912 bestia,
2864 4846 3085 4917 quando
3113 4860 3177 4900 ea
3207 4845 3397 4909 etiam,
3436 4863 3558 4919 quae
3589 4864 3654 4905 su
3674 4878 3688 4889 -

2108 4940 2356 5011 periores
2405 4954 2564 5006 reges
2611 4953 2721 4994 non
2778 4937 3158 5003 obtinuerant,
3227 4938 3468 4994 obtinuit
3518 4941 3684 5012 ipse:

2107 5040 2484 5101 verumtamen
2516 5031 2654 5088 illud
2682 5045 2900 5101 quoque
2940 5045 3190 5102 regnum,
3235 5031 3382 5101 quod
3428 5033 3690 5091 omnibus

2108 5121 2368 5194 superius
2401 5122 2525 5188 fuit,
2553 5119 2714 5175 ﬁnem
2744 5117 2950 5174 habuit.

2180 5294 2352 5353 Vens.
2407 5297 2464 5352 7.
2510 5316 2530 5348 ‹
2577 5296 2708 5353 Post
2746 5296 2887 5351 hanc
2909 5296 3056 5351 enim
3086 5293 3423 5363 aspiciebam
3476 5295 3683 5365 inquit,

2112 5387 2170 5441 in
2212 5388 2429 5447 visione
2481 5388 2683 5452 noctis,
2736 5394 2789 5441 et
2835 5401 2964 5441 ecce
3017 5381 3230 5454 1195
3280 5383 3454 5439 bestia
3490 5394 3686 5453 quarta

1712 5562 1797 5618 VA
1809 5560 1951 5619 me:
1980 5542 2412 5619 'LECTIONES.

506 5716 609 5791 ξδέ
662 5735 816 5789 φησι.
860 5717 900 5791 Β
928 5719 1056 5791 γάρ.
1165 5721 1186 5752 ⁷
1220 5718 1259 5772 Β
1288 5720 1508 5789 Συρίας.

422 5787 466 5820 ⁵⁸
495 5787 537 5844 Β
570 5788 645 5854 ὣς
675 5787 819 5852 τινες
857 5787 1086 5859 ἔφασαν.
1175 5791 1217 5822 ¹³
1249 5791 1287 5843 Β
1328 5787 1583 5860 ’Ᾱρίδεος.

743 5882 1015 5941 ΡΑΤιιοι.
1066 5882 1182 5942 Gn.
1236 5880 1466 5940 LXXXI
1483 5925 1497 5940 .

1596 5719 1617 5751 ³
1645 5721 1744 5775 ὅτι.
1780 5717 1901 5773 Des.
1938 5719 1990 5789 i_n
2022 5717 2082 5771 Β.
2167 5719 2189 5751 ⁸
2220 5717 2259 5772 Β
2290 5718 2516 5789 πτηνοῦ.

1703 5791 1745 5822 ιδ
1780 5806 1910 5861 ego.
1943 5787 2001 5843 In
2033 5788 2072 5843 Β
2102 5798 2225 5858 post
2253 5787 2519 5859 ἐθεώρουν
2550 5787 2793 5860 ponitur.
2880 5792 2921 5823 “’
2950 5795 3008 5844 ἐν
3034 5821 3100 5832 -—-
3131 5789 3343 5852 νυκτόςο
3380 5789 3501 5845 Ποῦ·
3532 5791 3588 5845 in
3619 5796 3684 5851 Ac

2604 5719 2720 5790 “ﬁt;
2763 5719 2884 5776 Des.
2934 5722 2988 5776 in
3046 5722 3089 5773 A
3118 5728 3170 5774 et
3219 5720 3287 5790 Β,
3379 5719 3417 5790 ξ’
3451 5718 3488 5770 Β
3518 5718 3689 5786 αὐτῷ.

3250 5875 3328 5941 1ιὸ
