4092 6456
497 442 597 505 419

1447 433 1928 495 THEODORETI
1973 428 2309 489 EPISCUPI
2355 435 2717 496 (IYRENSIS

3577 440 3710 510 MEO

462 556 720 612 terribilis
751 563 804 608 et
841 551 990 606 valde
1031 548 1319 619 stupenda,
1358 558 1408 602 et
1460 546 1648 601 dentes
1700 547 1820 611 ejus
1867 544 2030 599 ferrei

2136 542 2229 610 ρὸν
2259 547 2351 596 καὶ
2378 546 2652 618 ἕκθαμϐον
2683 549 2954 620 περισσῶς
2981 551 3044 614 ¹⁸,
3078 551 3171 604 καὶ
3211 552 3256 604 οἱ
3310 550 3517 616 ὀδόντες
3550 558 3713 611 αὐτοῦ

459 661 514 705 et
577 647 777 718 magni,
833 654 883 700 et
925 659 1132 713 ungues
1205 642 1326 711 ejus
1378 639 1504 693 aerei
1565 638 1922 692 coiucdebant
1977 641 2029 690 et

459 738 928 800 comminuebant,
961 745 1014 791 et
1049 736 1260 804 reliqua
1306 733 1535 803 pedibus
1583 736 1697 786 suis
1738 729 2030 784 conculca-

463 834 556 890 bat
589 853 600 886 :
629 841 684 888 et
720 831 836 899 ipsa
866 829 1021 883 valde
1061 827 1352 898 praestabat
1381 825 1638 880 omnibus
1671 823 1878 888 bestiis,
1913 836 2034 891 quae

462 933 615 979 erant
648 933 774 979 ante
809 925 1009 992 ipsam.
1043 939 1060 972 ι
1100 921 1363 986 Quartam
1408 919 1628 973 bestiam
1661 917 2031 970 Romanorum

463 1031 687 1086 regnum
718 1023 916 1081 vocat;
957 1012 1052 1068 sed
1095 1027 1205 1066 non
1237 1011 1470 1080 imponit
1503 1009 1608 1079 ipsi
1656 1023 1874 1070 nomen,
1903 1007 2032 1076 quia

458 1122 522 1162 ex
551 1105 802 1175 plurimis
827 1103 1144 1158 nationibus
1162 1100 1530 1156 Romanorum
1561 1099 1752 1153 civitas
1775 1095 2030 1161 conﬂata,

456 1195 588 1251 orbe
622 1205 893 1251 terrarum
925 1195 1098 1264 potita
1129 1201 1214 1249 est
1256 1211 1268 1246 :
1307 1208 1428 1262 qua:
1459 1208 1488 1245 a
1524 1191 1743 1261 regibus
1771 1190 2029 1260 primum,

459 1287 657 1342 deinde
684 1303 830 1342 miuc
861 1301 891 1340 a
919 1287 1140 1357 populo,
1188 1301 1336 1340 nunc
1367 1285 1436 1340 ab
1469 1283 1820 1354 optimatibus
1854 1280 2032 1335 admi-

461 1381 719 1445 nistrata,
743 1380 961 1433 demum
996 1377 1062 1432 ad
1096 1378 1394 1447 pristinum
1430 1373 1694 1445 regnandi
1735 1387 1907 1444 genus
1942 1388 2030 1426 re-

461 1471 581 1524 diit.
619 1468 1028 1539 Terribilemque
1069 1469 1243 1538 ipsam
1282 1467 1510 1520 bestiam
1541 1463 1759 1528 asserit,
1800 1473 1848 1516 et
1878 1460 2033 1517 valde

467 1561 802 1632 stupendum,
841 1561 970 1631 quia
1004 1561 1239 1613 aliorum
1291 1558 1536 1612 omnium
1597 1571 1892 1627 regnorum
1944 1571 2035 1624 po-

469 1653 835 1708 tentissimum
866 1653 970 1706 hoc
1004 1650 1106 1705 fuit
1147 1665 1394 1720 regnum.
1436 1647 1501 1702 Et
1534 1649 1590 1703 in
1633 1648 1872 1719 imagine
1903 1648 2032 1703 item

462 1755 715 1814 quartam
779 1745 1060 1798 materiam
1130 1746 1327 1814 ferrum
1383 1742 1605 1812 posuit,
1668 1750 1723 1797 et
1774 1741 2032 1810 subjecit.

461 1837 931 1905 Quemadmodum
955 1837 1139 1906 itaque
1177 1835 1381 1890 ferrum
1414 1833 1737 1889 comminuit
1767 1841 1822 1888 et
1849 1833 2034 1888 domat

2141 638 2348 707 σιδηροῖ
2369 641 2463 692 καὶ
2493 640 2735 710 μεγάλοι,
2799 644 2894 696 καὶ
2931 644 2970 678 ¹⁷
3005 643 3053 695 οἰ
3090 643 3278 713 ὄνυχες
3326 644 3490 698 αὑτοῦ
3525 648 3717 717 χαλκοῖ

2137 729 2326 799 ἤσθιον
2359 735 2450 784 καὶ
2477 729 2766 786 ἐλέπτύνον
2795 736 2858 800 ’⁸,
2887 737 2978 788 καὶ
3028 735 3097 788 τὰ
3140 736 3397 789 ἐπίλοιπα
3427 739 3538 800 τοῖς
3558 739 3716 792 ποσὶν

2139 820 2303 874 αὑτοῦ
2334 821 2643 885 συνεπάτει,
2671 824 2764 875 καὶ
2784 823 2917 876 αὐτὸ
2947 824 2988 854 ¹⁹
3021 823 3237 894 διέφερε
3270 826 3545 894 περισσῶς
3565 829 3716 898 παρά

2140 912 2319 966 πάντα
2349 911 2417 964 τὰ
2452 911 2615 983 θηρία
2646 912 2714 966 τὰ
2740 913 3049 986 ἔμπροσθεν
3077 915 3262 969 αὑτοῦ.
3293 935 3310 967 ι
3349 916 3420 969 Τὸ
3459 917 3718 990 τέταρτον

2139 1002 2326 1073 θηρίον
2354 1004 2451 1076 τὴν
2487 1005 2802 1077 Ῥωμαϊκὴν
2856 1007 3013 1060 καλεῖ
3073 1007 3386 1078 βασιλείαν
3437 1009 3608 1081 ὄνομα
3661 1013 3719 1064 δὲ

2139 1095 2288 1166 αὐτῷ
2342 1097 2403 1149 ού
2456 1096 2695 1167 τίθησιν,
2747 1098 2937 1168 ἐπειδὴ
2992 1099 3056 1151 ἐκ
3105 1098 3370 1152 πλειόνων
3408 1100 3576 1153 ἐθνῶν
3599 1103 3718 1173 ¹¹⁰ή

2148 1187 2438 1257 Ῥωμαίων
2524 1189 2962 1260 συγκροτηθείσα
3038 1191 3194 1255 πόλις
3239 1192 3339 1262 τῆς
3392 1193 3719 1264 οἰκουμένης

2136 1278 2440 1349 ἐκράτησε’
2467 1280 2682 1349 πρῶτον
2738 1281 2836 1349 μὲν
2881 1281 3298 1352 βασιλευομένη,
3333 1281 3453 1338 εἶτα
3503 1286 3720 1356 ὁτὲμὲν

2135 1371 2652 1442 δημοκρατουμένη,
2671 1374 2771 1427 ’ὁτὲ
2797 1373 2854 1427 δὲ
2890 1375 3426 1447 ἀριστοκρατουμένη
3449 1393 3460 1406 ·
3495 1375 3722 1448 ὕστερον

2135 1463 2294 1527 δὲείς
2336 1465 2433 1535 τὴν
2456 1466 2730 1537 προτέραν
2776 1466 3148 1520 ἐπανελθοῦσα
3191 1468 3492 1538 βασιλείαν.
3547 1472 3722 1524 Φοϐε-

2129 1557 2246 1625 ρὸν
2273 1557 2331 1609 δὲ
2383 1557 2530 1626 λέγει
2582 1559 2645 1611 τὸ
2691 1558 2878 1631 θηρίον
2920 1562 3014 1614 καὶ
3055 1562 3352 1630 ἐκθαμϐον
3394 1563 3718 1632 περισσῶς,

2139 1649 2328 1720 ἐπειδὴ
2379 1651 2489 1705 τῶν
2549 1651 2727 1706 ἄλλων
2753 1653 2981 1708 ἀπασῶν
3024 1653 3317 1724 βασιλειῶν
3375 1656 3722 1727 δυνατωτέρα

2138 1740 2279 1812 αῦτη
2308 1745 2340 1813 ἡ
2376 1742 2624 1812 βασιλεία
2681 1744 2996 1814 γεγένηται,
3019 1744 3114 1799 καὶ
3139 1745 3232 1799 ἐπὶ
3271 1744 3368 1815 τῆς
3392 1746 3594 1809 εἰκόνος
3643 1745 3720 1809 δὲ,

2140 1833 2406 1904 τετάρτην
2433 1833 2564 1904 ῦλην
2591 1835 2682 1888 τὸν
2713 1835 2968 1902 σίδηρον
3023 1835 3258 1901 τέθεικε,
3295 1836 3387 1888 καί
3422 1836 3718 1905 ἐπήγαγεν.

459 1899 665 1992 omnia,
704 1930 776 1982 ita
819 1927 1005 1984 omnia
1051 1899 1389 1981 comminuet
1427 1934 1481 1980 et
1532 1924 1797 1980 domabit.
1840 1925 1907 1976 Et
1944 1923 2030 1977 hic

2141 1926 2353 1997 ’Ὠσπερ
2399 1926 2579 1979 τοίνυν
2627 1928 2655 1978 ὁ
2715 1926 2930 1997 σίδηρος
2976 1926 3228 1979 λεπτύνει
3291 1927 3386 1979 καὶ
3423 1927 3722 1996 ἐκδαμάζει

460 2020 733 2084 similiter,
801 2039 821 2073 ι
863 2019 1084 2085 Bestiae,
1127 2018 1327 2088 inquit,
1385 2017 1579 2073 dentes
1639 2015 1849 2070 ferrei:
1904 2033 1924 2066 ›
1976 2022 2036 2068 ut

460 2112 807 2182 perspicuum
851 2111 945 2173 sit,
968 2120 1021 2165 et
1051 2110 1159 2175 hic,
1198 2118 1253 2163 et
1279 2108 1390 2162 illic
1418 2109 1560 2163 idem
1598 2123 1824 2179 regnum
1869 2107 2038 2177 signi-

459 2201 637 2255 ﬁcari.
688 2219 707 2252 ί
757 2199 1110 2263 Comedebat,
1159 2197 1357 2268 inquit,
1415 2206 1469 2252 et
1521 2198 1927 2252 comminuebat
1963 2217 1973 2252 :
2012 2215 2030 2248 ι

457 2292 657 2348 ctenim
689 2306 876 2347 revera
913 2293 1120 2360 majora
1161 2305 1191 2342 a
1222 2289 1488 2345 Romanis
1521 2289 1786 2358 subjectis
1816 2291 2032 2360 pepulis

459 2385 714 2456 imposita
744 2392 872 2440 sunt
912 2383 1138 2437 tributa.
1170 2400 1187 2432 ι
1217 2382 1280 2434 Et
1308 2382 1538 2450 reliqua,
1569 2381 1765 2450 inquit,
1803 2382 2032 2451 pedibus

457 2479 576 2534 suis
615 2477 991 2533 conculcabat.
1038 2494 1056 2527 ι
1095 2473 1262 2529 Pedes
1308 2485 1489 2529 autem
1539 2475 1688 2545 regni
1730 2476 2031 2529 exercitum

455 2581 510 2626 ct
541 2571 743 2626 milites
772 2571 1031 2630 innuunt.
1064 2584 1093 2622 a
1120 2568 1320 2638 quibus
1352 2567 1492 2620 haud
1519 2567 1824 2622 mediocres
1845 2567 2034 2622 clades

458 2663 658 2718 incolis
703 2671 754 2716 et
805 2661 1021 2716 urbium
1058 2667 1111 2714 et
1150 2661 1434 2729 regionum
1486 2660 1818 2713 inferuntur.
1884 2677 1902 2709 ι
1967 2658 2035 2711 Et

457 2754 578 2824 ipsa
613 2753 766 2808 valde
804 2752 1098 2822 praastabat
1151 2752 1405 2804 omnibus
1455 2750 1669 2813 bestiis,
1717 2767 1837 2820 qua:
1875 2759 2035 2805 erant

458 2853 586 2900 ante
639 2845 834 2914 ipsam.
900 2860 918 2893 ι
992 2840 1274 2897 Potentius
1333 2842 1477 2896 enim
1531 2851 1696 2911 atque
1761 2843 2034 2897 illustrius

459 2937 832 2992 Romanorum
863 2948 1090 3004 regnum
1124 2932 1501 3002 superioribus
1555 2932 1814 2988 omnibus
1849 2932 2032 3002 regnis

458 3038 543 3086 cst
579 3027 873 3084 redditum.
906 3043 925 3077 ι
965 3025 1031 3078 Et
1085 3039 1291 3078 cornua
1350 3023 1454 3094 ipsi
1491 3023 1700 3086 decem,
1759 3041 1777 3074 ι
1830 3025 2031 3094 inquit.

461 3118 1094 3196 Signiﬁcat-1196boc
1126 3119 1268 3180 loco,
1292 3116 1408 3172 fore
1436 3125 1493 3170 ut
1514 3117 1662 3171 circa
1692 3116 1842 3188 regni
1873 3117 2030 3171 ﬁnem
2064 3125 2074 3134 '

2138 2018 2338 2085 πάντα,
2372 2019 2515 2073 οὕτω
2571 2020 2749 2072 πάντα
2807 2019 3062 2072 λεπτυνεῖ
3118 2019 3213 2072 καὶ
3250 2020 3568 2090 ἐκδαμάσει.
3613 2021 3724 2072 Ka‘t

2138 2108 2371 2162 ἐνταῦθα
2401 2109 2458 2162 δέ
2490 2127 2655 2180 φησιν
2677 2125 2690 2139 ·
2716 2127 2735 2161 ι
2783 2113 2844 2163 υἱ
2877 2110 3088 2174 ὀδόντες
3109 2109 3202 2163 τοῦ
3228 2109 3417 2181 θηρίου
3444 2111 3717 2182 σιδηροῖ-ι

2138 2201 2214 2265 ὼς
2241 2197 2580 2271 εἶναιδῆλον,
2612 2203 2694 2255 ὅτι
2733 2203 2831 2273 τὴν
2856 2201 3026 2272 αὐτὴν
3056 2200 3339 2255 κάνταῦθα
3369 2203 3412 2233 ’ί
3445 2201 3723 2272 βασιλείαν

2138 2292 2458 2345 αἰνίττεται.
2497 2311 2515 2343 ι
2562 2292 2778 2355 Ἤσθιε,
2842 2291 2998 2361 φησὶ,
3059 2293 3155 2345 καὶ
3213 2292 3492 2345 έλέπτυνε.
3551 2312 3569 2345 ι
3615 2295 3724 2345 Καὶ

2136 2386 2214 2455 τῷ
2249 2387 2292 2417 ’³
2322 2385 2435 2440 ὄντι
2469 2385 2686 2456 μείζους
2747 2385 3086 2456 ἐπετέθησαν
3132 2387 3236 2440 ὑπὸ
3289 2387 3574 2458 Ῥωμαίων
3611 2391 3722 2450 τοῖς

2140 2475 2406 2546 ὑπηκόοις
2435 2478 2483 2528 οἱ
2533 2476 2708 2546 φόροι.
2747 2494 2765 2526 ι
2806 2475 2915 2529 Καὶ
2963 2476 3029 2528 τὰ
3079 2476 3357 2536 ἐπίλοιπα,
3401 2477 3556 2544 φησί,
3608 2479 3718 2539 τοῖς

2139 2569 2300 2620 ποσὶν
2356 2567 2522 2621 αὑτοῦ
2576 2567 2894 2620 συνεπάτει.
2937 2585 2954 2618 ι
2989 2566 3184 2633 Πόδας
3212 2568 3267 2620 δὲ
3314 2571 3413 2638 τῆς
3445 2568 3719 2638 βασιλείας

2137 2659 2236 2730 τὴν
2262 2659 2551 2728 στρατείαν
2578 2658 2896 2724 αἰνίττεται,
2931 2657 3021 2728 ὑφ’
3045 2651 3120 2711 ὧν
3149 2657 3210 2711 ού
3266 2660 3496 2729 σμικραὶ
3527 2658 3718 2730 ζημίαι

2135 2753 2248 2813 τοῖς
2317 2767 2378 2802 τε
2429 2750 2528 2811 τὰς
2581 2749 2766 2812 πόλεις
2821 2749 3028 2802 οἰκοῦσι
3080 2751 3175 2804 καὶ
3221 2750 3320 2813 τὰς
3381 2749 3566 2820 χώρας
3622 2753 3715 2802 έπ-

2137 2839 2390 2907 ἁγονται.
2438 2857 2456 2890 ι
2488 2840 2597 2891 Καὶ
2625 2837 2758 2891 αὐτὸ
2791 2837 3006 2908 διέφερε
3042 2839 3317 2908 περισσῶς
3361 2840 3514 2911 παρὰ
3545 2841 3719 2895 πάντα

2136 2931 2202 2984 τὰ
2233 2930 2400 3001 θηρία
2436 2930 2505 2983 τὰ
2539 2930 2850 3000 ἔμπροσθεν
2889 2930 3077 2987 αὐτοῦ.
3111 2949 3130 2983 ι
3156 2932 3514 3003 Δυνατωτέρα
3547 2933 3658 3004 γὰρ
3675 2933 3718 2964 ³³

2137 3025 2230 3077 καὶ
2267 3024 2705 3094 περιφανεστέρα
2749 3026 2782 3095 ἡ
2821 3025 3107 3094 Ῥωμαίων
3156 3024 3402 3094 βασιλεία
3449 3025 3558 3078 τῶν
3617 3026 3723 3098 πρὸ

2136 3113 2308 3183 αὐτῆς
2364 3111 2653 3181 βασιλειῶν
2710 3114 3022 3184 ἀπεφάνθη.
3069 3133 3087 3166 ι
3139 3114 3249 3168 Καὶ
3295 3114 3500 3184 κέρατα
3545 3116 3718 3187 αύτῷ,

457 3219 648 3272 decem
673 3213 836 3270 simul
865 3217 1161 3281 exsurgant
1190 3225 1365 3280 reges,
1391 3224 1626 3278 quorum
1652 3209 1742 3262 alii
1778 3217 2030 3278 potentes

2136 3205 2289 3274 φησί,
2321 3205 2473 3258 δέκα.
2511 3222 2530 3256 ι
2570 3205 2834 3275 Σημαίνει
2891 3205 3144 3271 ἐνταῦθα,
3199 3205 3281 3259 ὅτι
3327 3211 3455 3278 περὶ
3485 3207 3544 3260 τὸ
3567 3207 3719 3271 τέλος

460 3305 631 3360 futuri
670 3303 805 3367 sint,
859 3301 953 3355 alii
1006 3297 1300 3352 admodum
1355 3297 1676 3353 imbecilles.
1731 3295 1843 3350 Hoc
1882 3298 2029 3350 enim

416 3431 421 3436 -
456 3399 512 3451 in
544 3393 796 3465 imaginis
829 3405 1047 3462 quoque
1086 3389 1300 3444 somnio
1329 3386 1516 3442 docuit
1550 3405 1562 3441 :
1606 3402 1732 3441 nam
1775 3387 1851 3441 ibi
1905 3387 2031 3442 idi-

447 3487 550 3558 .giti
583 3483 778 3556 pedum
817 3482 1003 3537 decem
1027 3475 1227 3550 (erant)
1255 3492 1486 3547 quorum
1519 3491 1646 3548 pars
1678 3477 1876 3545 ferrea,
1905 3492 2032 3548 pars

453 3586 575 3631 erat
632 3575 845 3642 ﬁctilis;
885 3592 903 3626 ι
955 3572 1099 3644 quod
1155 3571 1350 3626 beatus
1390 3570 1580 3624 Daniel
1634 3571 2029 3641 interpretatus

457 3671 641 3726 dixit:
697 3685 720 3720 ι
779 3665 995 3720 Partem
1057 3665 1278 3735 quidem
1341 3662 1496 3732 regni
1545 3655 1827 3717 robustam
1886 3661 2028 3728 fore,

457 3771 666 3834 partem
721 3771 852 3814 vero
897 3756 1249 3812 imbecillem.
1300 3773 1316 3806 ι
1361 3753 1438 3808 ita
1473 3763 1530 3809 ut
1578 3763 1764 3823 aperte
1813 3761 2030 3810 constet

446 3856 641 3911 eadem
674 3858 905 3922 utroque
931 3848 1150 3906 somnio
1180 3846 1502 3917 signiﬁcari.

528 4128 546 4161 ι
586 4107 652 4161 Ει
684 4121 888 4161 cornua
933 4105 1034 4176 ipsi
1070 4105 1282 4170 decem,
1337 4105 1426 4159 ait.
1469 4103 1656 4176 (Vens.
1705 4105 1784 4176 8.)
1824 4105 2027 4162 Consi-

454 4199 729 4262 ilerabam,
760 4195 955 4266 inquit,
1003 4210 1212 4250 cornua
1243 4195 1384 4264 ejus,
1435 4206 1487 4250 ct
1516 4211 1645 4251 ecce
1675 4212 1846 4252 cornu
1879 4198 2027 4253 aliud

455 4305 678 4359 parvum
692 4289 1049 4358 conspicuum
1067 4287 1438 4342 ascendebat“
1465 4289 1520 4342 in
1549 4290 1730 4344 medio
1755 4291 2027 4360 ipsorum,

451 4391 504 4436 et
533 4381 640 4435 tria
685 4387 812 4434 ante
867 4379 997 4435 illud
1048 4380 1319 4436 eradicata
1370 4390 1499 4435 sunt
1537 4397 1567 4434 a
1603 4382 1740 4437 facie
1771 4384 1892 4454 ejus
1922 4423 1937 4448 ,
1973 4389 2029 4436 et

450 4485 580 4527 ecce
623 4471 790 4537 oculi,
838 4470 993 4540 quasi
1036 4471 1181 4524 oculi
1229 4471 1471 4525 hominis
1508 4473 1560 4524 in
1603 4487 1779 4526 cornu
1813 4475 1940 4536 isto,
1973 4481 2028 4525 et

2135 3293 2235 3364 τῆς
2271 3294 2548 3365 βασιλείας
2597 3295 2732 3350 δέκα
2790 3297 2931 3349 κατά
2959 3296 3156 3351 ταύτδν
3193 3298 3590 3368 ἀναστήσονται
3620 3298 3718 3369 βα-

2136 3385 2323 3452 σιλεῖς,
2347 3381 2420 3440 ὦν
2445 3389 2494 3440 οἰ
2519 3387 2618 3459 μὲν
2645 3386 2861 3441 ἔσονται
2883 3387 3121 3453 δυνατοὶ,
3142 3389 3192 3442 οἱ
3220 3389 3276 3442 δὲ
3297 3389 3416 3445 λίαν
3449 3388 3716 3455 ἀσθενεῖς.

2134 3479 2306 3533 Τοῦτο
2330 3479 2438 3551 γὰρ
2464 3481 2558 3532 καί⁵
2582 3480 2640 3533 ἐν
2673 3479 2750 3550 τῷ
2781 3479 2879 3550 τῆς
2933 3479 3141 3544 εἰκόνος
3190 3473 3431 3552 ’ἐνυπνίῳ
3477 3481 3715 3548 ἐδίδαξε·

2134 3573 2228 3624 καὶ
2265 3571 2374 3642 γάρ
2409 3573 2526 3624 ἐκεῖ
2567 3589 2586 3621 ι
2619 3571 2670 3624 οἰ
2725 3569 2977 3624 δάκτυλοι
3005 3570 3115 3624 τῶν
3189 3573 3368 3626 ποδῶν
3409 3573 3564 3638 δέκα,
3621 3574 3717 3627 καὶ

2133 3655 2279 3714 οῦτοι
2314 3661 2476 3732 μέρος
2503 3660 2602 3732 μὲν
2628 3660 2673 3691 ’⁸
2694 3654 2838 3729 εἶχον
2864 3659 3108 3730 σιδήρου,
3160 3660 3326 3732 μέρος
3351 3661 3408 3714 δέ
3434 3679 3486 3714 τι
3513 3662 3714 3732 ὀστράι

2134 3770 2269 3806 κου·
2307 3772 2325 3805 ι
2365 3751 2683 3822 ἑρμηνεύων
2739 3751 2796 3804 δὲ
2845 3753 2873 3805 ὁ
2932 3752 3204 3822 μακάριος
3253 3751 3356 3823 ἔφη
3401 3751 3447 3785 ⁸⁸
3492 3753 3718 3824 Δανιὴλ,

2131 3838 2207 3902 ὼς
2252 3859 2276 3896 ι
2306 3840 2416 3910 Τῆς
2467 3838 2744 3909 βασιλείας
2797 3839 2963 3910 μέρος
3021 3841 3120 3908 μέν
3172 3857 3224 3894 τι
3263 3841 3415 3894 ἔσται
3471 3842 3713 3914 ἰσχυρὸν,

2136 3930 2302 4000 μέρος
2333 3930 2387 3982 δέ
2411 3948 2462 3983 τι
2489 3930 2730 3993 ἀσθενές.
2757 3949 2782 3982 -ι
2829 3931 2920 3994 Ὠς
2968 3926 3105 3986 εἶναι
3138 3933 3318 4002 δῆλον,
3358 3934 3439 3986 ὅτι
3464 3933 3533 3988 τά
3575 3935 3714 3990 αὐτὰ

2133 4021 2389 4093 σημαίνει
2417 4023 2700 4092 ἀμφότερα
2729 4022 2797 4075 τὰ
2819 4023 3066 4077 ἐνύπνια.

2209 4117 2349 4169 «Καὶ
2396 4117 2600 4187 κέρατα
2642 4117 2791 4186 αὐτῷ
2818 4117 2969 4180 δέκα,
3013 4119 3164 4188 φησί.
3201 4119 3314 4190 (η’.)
3351 4120 3704 4191 Προσενόουν,

2133 4210 2268 4277 φησί
2291 4207 2357 4272 ’⁵,
2391 4210 2500 4270 τοῖς
2531 4206 2754 4276 κέρασιν
2805 4207 2991 4270 αὑτοῦ,
3023 4208 3117 4260 καὶ
3176 4207 3284 4260 ἰδοὺ
3337 4209 3500 4280 κέρας
3525 4211 3705 4280 ἕτερον

2135 4299 2329 4370 μικρὸν
2362 4297 2634 4368 θεωρητὸν
2699 4296 2979 4350 ἀνέϐαινεν
3011 4299 3054 4328 ’⁷
3081 4301 3139 4351 ἐν
3185 4299 3336 4370 μέσῳ
3381 4300 3578 4365 αὐτῶν,
3613 4300 3708 4352 καὶ

2131 4392 2258 4460 τρία
2293 4389 2602 4460 ἔμπροσθεν
2632 4390 2676 4421 ’⁸
2699 4388 2864 4442 αὑτοῦ
2897 4389 3237 4462 ἐξερῤιζὼθη
3265 4390 3372 4443 ἀπὸ
3416 4391 3702 4462 προσώπου

2129 4481 2298 4536 αὐτοῦ
2319 4499 2332 4514 ·
2365 4483 2459 4533 καὶ
2501 4481 2610 4532 ἰδοὺ
2641 4478 2911 4549 ὀφθαλμοὶ
2946 4479 3076 4532 ὡσεί
3119 4479 3385 4550 ὀφθαλμοί
3419 4479 3704 4551 ἀνθρώπου

451 4578 515 4618 os
554 4562 784 4633 loquens
813 4577 1032 4631 magna,
1063 4571 1116 4615 et
1153 4563 1364 4616 sanctis
1408 4563 1681 4618 inferebat
1723 4565 1953 4620 bellum.
2001 4585 2017 4617 ι

2134 4578 2183 4629 ἐν
2213 4574 2291 4645 τῷ
2314 4574 2503 4644 κέρατι
2525 4571 2722 4641 τούτῳ,
2747 4571 2837 4623 καὶ
2863 4571 3038 4639 στόμα
3086 4571 3279 4626 λαλοῦν
3310 4573 3519 4642 μεγάλα
3550 4573 3702 4625 κα¹ι¹⁹

454 4653 556 4706 liic
586 4651 980 4709 Anticliristum
1030 4652 1232 4715 innuit,
1269 4654 1360 4722 qui
1399 4655 1538 4707 inter
1580 4655 1766 4709 decem
1815 4672 2027 4712 cornua

449 4743 716 4808 exoritur,
757 4751 918 4814 atque
952 4743 1130 4810 ipsum
1161 4745 1265 4798 tria
1298 4755 1424 4798 ante
1471 4761 1531 4799 se
1571 4761 1779 4801 cornua
1827 4749 2029 4804 radici-

447 4843 541 4890 tus
565 4836 761 4889 asserit
790 4836 1059 4891 evulsissc
1101 4852 1114 4888 :
1154 4850 1263 4903 quo
1313 4835 1606 4905 signiﬁcat,
1647 4838 1800 4893 illum
1834 4856 1899 4895 ex
1932 4843 2028 4897 de-

451 4941 568 4982 cem
613 4925 801 4981 eodem
849 4937 1090 4996 tempore
1129 4927 1488 4994 regnantibus
1523 4939 1631 4984 tres
1665 4947 1820 5003 rcges
1861 4950 2022 4990 ever-

450 5029 638 5071 surum
668 5031 811 5072 esse.
849 5016 911 5070 Et
945 5032 1168 5085 parvum
1201 5033 1370 5073 cornu
1419 5020 1551 5076 illud
1605 5034 1786 5091 vocat,
1850 5038 1907 5083 ut
1954 5047 2022 5086 ex

451 5121 618 5177 parva
646 5107 954 5163 Judaaorum
997 5110 1138 5164 tribu
1170 5119 1358 5165 natum
1395 5131 1407 5166 :
1451 5117 1789 5182 conspicuum
1829 5131 2012 5178 autem

447 5208 510 5254 ut
540 5200 633 5270 qui
667 5199 862 5255 deinde
897 5197 1116 5254 futurus
1139 5201 1210 5256 sit
1244 5201 1496 5259 illustris.
1536 5203 1638 5260 Per
1661 5209 1841 5264 oculos
1865 5229 2018 5283 vero,

447 5291 794 5366 prudentiam
821 5291 1190 5364 astutiamque
1213 5293 1540 5366 designavit,
1573 5313 1679 5368 qua
1713 5301 1803 5357 ille
1833 5305 2018 5374 plures

2126 4666 2298 4719 ἐποίει
2334 4664 2570 4732 πόλεμον
2637 4661 2774 4734 πρὸς
2828 4661 2954 4724 τοὺς
3008 4661 3216 4729 ἁγίους.
3254 4681 3272 4713 ι
3317 4659 3576 4714 Ἐνταῦθα
3613 4661 3706 4716 τὸν

2139 4757 2502 4827 Ἀντίχριστον
2544 4753 2862 4818 αἰνίττεται,
2908 4750 3110 4822 μεταξὺ
3160 4752 3269 4806 τῶν
3291 4753 3422 4806 δέκα
3457 4753 3703 4823 κεράτων

2125 4847 2576 4915 ἀναφαινόμενον.
2602 4845 2763 4913 Λέγει
2787 4843 2842 4897 δὲ
2872 4845 2952 4896 ὅτι
2975 4843 3070 4896 καὶ
3102 4843 3229 4914 τρία
3259 4844 3468 4915 κέρατα
3492 4844 3703 4914 ἐξερρί-

2123 4941 2265 5005 ζωσε
2295 4939 2403 4992 τῶν
2431 4938 2739 5009 ἔμπροσθεν
2773 4936 2938 4989 αὑτοῦ
2973 4943 2986 4954 ⁸
3018 4939 3313 4990 αἰνίττεται
3341 4937 3395 4989 δέ
3424 4938 3504 4990 ὅτι
3552 4939 3701 5008 τρεῖς

2123 5030 2362 5101 βασιλεῖς
2392 5029 2683 5083 καταλύσει
2718 5029 2822 5082 ἀπὸ
2853 5028 2960 5082 τῶν
2993 5029 3123 5081 δέκα
3155 5029 3296 5083 κατὰ
3323 5029 3518 5082 ταύτὸν
3552 5028 3701 5099 βασι-

2125 5123 2410 5177 λευόντων.
2452 5123 2678 5190 Μικρὸν
2705 5122 2760 5174 δὲ
2783 5122 2913 5174 αὐτὸ
2959 5122 3127 5194 κέρας
3163 5121 3337 5185 καλεῖ,
3361 5121 3437 5185 ὡς
3470 5121 3576 5175 ἀπὸ
3607 5139 3700 5191 μι-

2127 5217 2266 5286 κρᾶς
2290 5215 2461 5285 φυλῆς
2515 5213 2624 5266 τῶν
2655 5213 2700 5245 ³ο
2745 5214 3017 5268 Ἰουδαίων
3068 5215 3368 5284 φυόμενον·
3402 5215 3702 5282 θεωρητόν

2125 5305 2206 5372 δὲ,
2236 5305 2311 5369 ὡς
2339 5305 2611 5375 ἐπίσημον
2653 5305 2793 5373 μετὰ
2858 5303 3032 5360 ταῦτα
3084 5304 3368 5374 γινόμενον
3407 5304 3472 5357 ³¹.
3511 5303 3610 5356 Διά
3643 5303 3699 5357 δὲ

1795 5476 2028 5533 νΑΒΙᾹί
2080 5480 2379 5538 LECTION
2387 5481 2486 5537 ES.

531 5565 577 5597 ¹⁶
607 5579 733 5634 περ.
766 5561 888 5619 Des.
925 5563 1070 5634 inqA.
1181 5565 1222 5597 ¹⁷
1251 5566 1346 5619 καὶ
1372 5596 1441 5606 -

445 5637 489 5669 ¹⁶
521 5633 769 5704 Β-αύτόν.
798 5635 858 5704 ῨΑ
879 5633 1010 5704 αύτὺ
1035 5633 1320 5704 διαφέρον.
1411 5637 1455 5668 ’⁸
1483 5633 1593 5692 EGV.
1620 5639 1740 5694 Des.
1775 5641 1828 5695 in
1862 5642 1921 5698 Β.

440 5705 483 5759 Β
521 5701 643 5773 οὖν..
719 5705 764 5736 ’δ
790 5703 833 5756 Β
863 5703 1068 5773 μέντοι.

441 5770 813 5847 Β-ἀναὸαῖνον.
830 5770 1092 5847 ¢Utc_tfque
1115 5770 1639 5847 omittitﬁswpqtov.

443 5842 632 5896 Cbald.
715 5843 759 5876 ³⁰
786 5843 914 5896 τῶν.
945 5842 1011 5898 Β.
1035 5846 1152 5914 τῆς.
1239 5845 1276 5874 ³⁸
1314 5846 1351 5896 Β
1379 5842 1716 5917 γιτνόμενον.

1482 5568 1686 5639 χαλκοῖ.
1747 5569 1870 5628 Des.
1901 5575 1953 5628 in
1983 5576 2050 5639 A,
2081 5576 2121 5629 Β
2150 5587 2203 5632 et
2233 5579 2287 5633 in
2321 5586 2468 5634 textu
2501 5575 2692 5630 Chald.
2765 5575 2809 5607 ¹⁸
2839 5577 2878 5630 Α
2911 5584 2964 5632 et
2994 5575 3034 5629 Β
3071 5577 3248 5632 ἐσθίον
3279 5579 3373 5632 καὶ
3411 5578 3692 5634 λεπτύνον.

1411 5645 1455 5668 ³ο
1484 5645 1593 5692 ἐθν.
1620 5645 1740 5694 Des.
1775 5645 1828 5695 in
1862 5645 1921 5698 Β.
2019 5648 2064 5677 ἰ
2089 5646 2129 5700 Β
2158 5649 2249 5701 καὶ
2281 5647 2511 5702 ἐνταῦθα
2542 5648 2720 5700 κάκεῖ.
2779 5647 2824 5678 ³⁵
2854 5647 2949 5718 τῷ.
2992 5645 3032 5699 Β
3078 5662 3264 5729 prtem.
3297 5649 3426 5751 γάρ.
3487 5650 3533 5681 ’³
3565 5650 3692 5722 γάρ.

1212 5775 1222 5778 Α
1281 5776 1289 5778 ᾗ
1352 5706 1506 5778 ανιὴλ
1556 5710 1719 5778 μέρος
1753 5712 1851 5778 μέν
1895 5731 1948 5769 τι
1993 5715 2092 5778 ἔφη
2133 5717 2282 5770 ἔσται
2319 5718 2556 5778 ἰσχυρόν.
2641 5717 2685 5748 ’⁸
2717 5717 2868 5778 φησί.
2920 5716 3042 5772 Des.
3079 5732 3133 5770 In
3166 5718 3225 5771 Β.
3343 5720 3363 5749 ³
3427 5723 3473 5772 Α
3503 5721 3691 5778 ἀνέϐη.

1556 5723 1719 5788 μέρος
1738 5723 1851 5788 Δμέν
1895 5731 1948 5769 τι
1993 5723 2092 5787 ἔφη
2133 5723 2282 5770 ἔσται
2319 5723 2556 5788 ἰσχυρόν.
2606 5787 2610 5788 ν
2641 5723 2685 5784 ’ὲ
2717 5723 2868 5786 φησί.
2920 5723 3042 5772 Des.
3079 5723 3133 5788 in
3166 5723 3225 5771 Β.
3305 5787 3318 5788 7
3343 5723 3390 5751 "
3427 5723 3473 5772 Α

2641 5717 2685 5784 εει
2717 5716 3052 5790 φησίςῡεδ.
3079 5716 3133 5790 in
3166 5718 3225 5771 Β.
3303 5716 3390 5790 4"
3427 5723 3473 5772 Α
3503 5716 3691 5790 ἀνέδῆ·

1737 5782 1781 5811 ⁸⁸
1811 5781 1978 5852 έμπρ.
2021 5781 2274 5856 Α’ῃι-ωιιι.
2315 5781 2518 5857 κέρατα
2550 5781 2684 5842 τῶν.
2729 5781 2788 5820 δ”
2809 5788 2901 5841 καὶ
2932 5817 2996 5828 -
3029 5787 3238 5855 ἁγίους.
3301 5787 3424 5844 Des.
3457 5791 3510 5844 in
3543 5781 3692 5846 textu
