4092 6390
442 429 570 494 1421
1641 439 1720 500 ΙΝ
1755 442 2058 505 DANIEL]

2079 445 2112 503 Β
2163 445 2320 506 CAP.
2339 447 2469 507 VII.
3559 456 3695 519 142"}.

437 541 557 595 τῶν
578 538 903 610 ὀφθαλμῶν
941 541 984 575 ³³
1036 543 1134 614 τὴν
1187 544 1448 615 φρόνησιν
1491 547 1588 600 καὶ
1617 549 1956 618 πανουργίαν
1982 551 2026 580 ³³

2077 550 2382 621 ιιιεςίρὶρι.
2422 552 2732 619 Quinetiam
2792 574 2867 621 os,
2938 561 3136 630 inquit,
3203 563 3418 634 ioquens
3478 582 3693 634 magna,

437 632 676 704 ᾐνίξατο,
771 635 1054 704 χρώμενος
1080 635 1411 708 ἐξαπατήσει
1435 639 1686 704 πολλούς.
1731 641 1889 694 Ἀλλά
1923 644 2018 695 καὶ

2123 642 2225 697 hoc
2257 651 2362 706 est,
2412 647 2724 716 arrogantia
2770 657 2934 718 atque
2988 626 3472 722 superlia."ldque
3513 626 3699 724 aperte

437 725 651 792 στόμα,
681 727 836 795 φησὶ,
854 728 1093 781 λαλοῦν
1113 729 1370 798 μεγάλα,
1391 731 1690 798 τουτέστιν,
1723 734 2019 798 ἀλαζονικὰ

2121 734 2312 791 beatus
2345 734 2552 792 Paulus
2579 753 2680 794 nos
2710 738 2864 795 docet
2894 782 2908 804 ,
2947 757 3070 796 cum
3112 744 3185 797 ait
3220 763 3233 798 :
3269 763 3286 795 ι
3323 743 3400 799 Ne
3439 746 3564 814 quis
3607 763 3699 799 vos

438 815 534 869 καλ⁸
595 815 907 888 ὑπέρογκα.
952 818 1146 888 Σαφῶς
1193 821 1248 875 δὲ
1273 825 1424 894 ἡμᾶς
1456 827 1484 878 6
1519 826 1786 897 μακάριος
1809 828 2020 892 Παῦλος

2127 825 2339 896 1197
2374 829 2599 883 seducat
2645 829 2758 884 ullo
2804 833 2985 896 modo,
3011 835 3291 902 quoniam,
3329 835 3438 892 nisi
3491 837 3699 892 venerit

436 906 595 960 τοῦτο
619 907 884 974 διδάσκει,
907 907 1115 977 λέγων·
1151 929 1169 960 ι
1203 913 1294 984 Μή
1335 931 1420 978 τις
1453 915 1596 985 ὑμᾶς
1620 915 2020 981 ἐξαπατάτωεῧ

2122 917 2388 974 discessio
2420 920 2679 988 primum,
2716 930 2769 976 et
2817 925 3085 982 revelatus
3140 927 3303 981 fuerit
3357 928 3521 982 homo
3568 943 3695 998 pec—

437 997 584 1077 κειτά
621 999 827 1070 μηδένα
851 1001 1071 1070 τρόπον,
1126 1003 1207 1056 ὄτι
1242 1004 1336 1058 ἐὰν
1373 1006 1447 1077 μὴ
1489 1006 1617 1079 ἔλθῃ
1648 1010 1680 1079 ἡ
1712 1009 2019 1063 ἀποστασία

2124 1010 2264 1073 cati,
2301 1009 2446 1065 ﬁlius
2479 1013 2827 1080 perditionis,
2864 1017 2956 1085 qui
3001 1018 3349 1080 adversatur,
3394 1029 3446 1074 et
3485 997 3695 1074 extolli-

437 1087 677 1158 πρῶτον.
715 1090 808 1143 καὶ
831 1091 1191 1164 ἀποκαλυφθῇ
1234 1094 1262 1148 6
1300 1095 1586 1166 ἄνθρωπος
1617 1099 1718 1169 τῆς
1750 1102 2020 1173 ἁμαρτίας

2127 1110 2215 1154 tur
2253 1118 2418 1172 supra
2452 1120 2670 1161 omnem
2705 1108 2797 1176 qui
2829 1107 3028 1163 dicitur
3059 1111 3226 1175 Deus,
3266 1121 3360 1166 aut
3389 1111 3531 1182 quod
3566 1113 3695 1168 coli-

437 1181 466 1233 6
491 1181 606 1245 υίὸς
636 1181 735 1252 τῆς
769 1183 1070 1251 ἀπωλείας,
1107 1186 1136 1238 ὁ
1169 1187 1573 1258 ἀντικείμενος,
1604 1192 1697 1244 καὶ
1728 1193 2022 1264 ὑπεραιρό-

2125 1200 2232 1255 tur,
2270 1193 2343 1247 ita
2365 1202 2425 1269 ut
2451 1195 2738 1267 ingressus
2777 1195 2833 1253 in
2865 1201 3126 1270 templum
3161 1201 3251 1256 Dei
3277 1181 3482 1268 sedeat,
3513 1211 3698 1258 osteno

440 1289 602 1342 μενος
637 1273 780 1345 ὑπὲρ
807 1275 854 1308 ³⁸
886 1277 1064 1330 πάντα
1118 1277 1411 1350 λεγόμενον
1447 1280 1602 1347 Θεὸν,
1656 1283 1688 1354 ἢ
1746 1283 2016 1355 σέϐασμα,

2122 1283 2257 1339 deus
2290 1300 2348 1339 se
2378 1292 2640 1356 tanquam
2675 1289 2748 1343 sit
2797 1287 2940 1344 Deus
2977 1289 3020 1344 τ.
3065 1311 3083 1342 ι
3139 1290 3250 1345 Hoc
3287 1294 3522 1348 innuens
3560 1291 3694 1362 qne-

437 1361 580 1416 ὥστε
603 1364 696 1418 καὶ
730 1364 776 1398 ⁸⁸
808 1367 892 1429 είς
911 1368 1012 1421 κτὸν
1037 1369 1165 1422 ναὸν
1189 1369 1284 1423 τοῦ
1313 1371 1449 1424 Θεοῦ
1476 1372 1786 1428 εἰσελθόντα
1813 1375 1856 1407 ’⁷
1887 1376 2020 1430 καθ-

2123 1391 2229 1446 que
2256 1378 2450 1434 beatus
2481 1378 2671 1435 Daniel
2707 1381 2845 1436 dixit
2873 1399 2886 1436 :
2938 1403 2956 1434 ί
2986 1382 3051 1436 Ει
3078 1399 3141 1440 os
3175 1384 3407 1454 loquens
3433 1361 3689 1456 ingentia,

391 1493 404 1502 .
441 1454 573 1521 ίσαι,
601 1456 1024 1513 ἀποδεικνύοντα
1053 1460 1098 1493 ³⁸
1121 1461 1334 1525 ἐαυτὸν,
1371 1464 1452 1516 ὅτι
1473 1465 1590 1517 ἐστὶ
1621 1464 1770 1528 Θεός.
1809 1485 1826 1517 ι
1851 1466 2007 1521 Τοῦτι

2121 1478 2174 1522 et
2204 1468 2412 1523 sanctis
2444 1467 2710 1523 inferebat
2732 1470 2956 1524 bellum.
2996 1489 3014 1522 ι
3052 1471 3246 1526 Omnia
3283 1475 3426 1528 enim
3453 1454 3690 1538 molitur,

437 1550 808 1620 αἰνιττόμενος
833 1552 928 1606 καὶ
955 1555 982 1606 6
1002 1555 1271 1626 μακάριος
1297 1556 1402 1627 ἐφη
1425 1559 1644 1628 Δανιήλ·
1667 1577 1685 1610 ι
1715 1560 1822 1612 Kal
1846 1561 2020 1629 στόμα

2123 1559 2323 1629 inquit,
2388 1573 2580 1614 omnes
2633 1561 2882 1616 homines
2931 1563 3162 1632 cupiens
3221 1564 3590 1634 improbitatis
3641 1573 3694 1618 et

437 1639 631 1695 λαλοῦν
655 1645 888 1714 μεγάλα,
906 1646 1002 1700 καὶ
1033 1648 1456 1720 ἐποίειπόλεμον
1482 1653 1618 1721 μετά
1647 1652 1757 1704 τῶν
1793 1653 2012 1720 ἁγίων.»

2123 1665 2410 1721 poenarum
2445 1651 2625 1706 socios
2659 1661 2712 1706 et
2744 1653 3041 1723 participes
3088 1653 3311 1709 habere.
3349 1653 3552 1710 Verum
3579 1651 3694 1708 haec

438 1734 622 1788 Πάντα
643 1736 772 1807 γὰρ,
807 1739 940 1808 φησι
970 1739 1036 1806 ³⁸,
1071 1742 1545 1813 πραγματεύεται,
1593 1745 1886 1808 κοινωνοὺς
1922 1746 2020 1815 τῆς

2123 1741 2351 1802 faciens,
2418 1741 2619 1810 inquit,
2669 1741 2813 1795 haud
2863 1743 3072 1800 diutius
3137 1744 3535 1815 perseverabit,
3596 1744 3691 1801 sed

439 1827 704 1898 πονηρίας
739 1831 958 1902 καὶτῆς
1019 1833 1288 1905 τιμωρίας
1337 1834 1382 1866 ⁸⁸
1421 1835 1668 1900 ἅπαντας
1697 1835 2019 1907 ἀνθρώπους

1348 1836 1382 1866 ’⁸
1421 1835 1668 1900 ἅπαντας
1697 1835 2019 1907 ἀνθρώπους
2123 1849 2286 1903 quam
2319 1833 2601 1887 celerrime
2629 1832 2964 1889 destruetur.

437 1919 626 1972 λαϐεῖν
675 1922 985 1992 ἐφιέμενος,
1041 1925 1202 1978 Ἀλλά
1245 1925 1416 1980 ταῦτα
1479 1928 1671 1994 ποιῶν,
1724 1929 1912 1998 φησιν,
1956 1929 2056 1982 οὑκ
2123 1927 2214 1978 ἐπὶ
2273 1925 2407 1978 πολὺ
2474 1924 2770 1994 διαρκέσει,
2827 1926 2942 1979 ἀλλ’
2981 1926 3059 1990 ὼς
3107 1926 3338 1997 τάχιστα
3392 1924 3696 1996 καταλυθή-

439 2027 610 2064 σεται.

507 2101 571 2165 θ’,
613 2110 665 2156 ι’.
711 2121 730 2154 ι
777 2102 1075 2177 Ἐθεώρουν
1113 2108 1243 2180 γὰρ,
1279 2111 1464 2178 φησὶν,
1499 2111 1605 2175 ἓως
1655 2113 1779 2166 ὅτου
1839 2111 2018 2184 θρόνοι
2053 2117 2092 2172 Β

2077 2118 2092 2172 ι
2195 2101 2355 2160 Vens.
2384 2103 2437 2168 9,
2476 2101 2557 2156 IO.
2600 2121 2618 2155 ι
2643 2102 3067 2172 Contemplabar
3095 2103 3264 2169 enim,
3287 2106 3488 2176 inquit,
3522 2110 3693 2166 donec

437 2195 722 2266 ἐτέθησαν,
784 2196 882 2249 καὶ
924 2198 1159 2261 Παλαιὸς
1203 2202 1428 2273 ἡμερῶν
1472 2202 1691 2256 ἐκάθισε
1722 2206 1790 2268 δί,
1831 2205 1926 2256 καὶ
1954 2203 2014 2256 τὸ

2117 2195 2302 2250 throni
2345 2194 2508 2264 positi
2541 2204 2703 2258 sunt,
2757 2201 2812 2248 et
2848 2195 3124 2265 Antiquus
3157 2196 3371 2252 dierum
3415 2199 3592 2268 sedit,
3636 2213 3692 2256 et

439 2285 645 2354 ἔνδυμα
673 2285 840 2339 αὐτοῦ
862 2286 994 2340 ὡσεὶ
1029 2288 1162 2358 χιὼν
1214 2289 1425 2357 λευκὸν,
1459 2293 1550 2346 καὶ
1577 2294 1610 2364 ἡ
1641 2293 1760 2364 θρὶξ
1787 2293 1887 2364 τῆς
1921 2311 2015 2346 κε-

2116 2287 2499 2340 veslimentum
2533 2284 2652 2352 ejus
2692 2284 2874 2338 album
2924 2285 3098 2340 instar
3131 2286 3274 2343 nivis
3306 2328 3320 2352 ,
3356 2298 3412 2343 et
3456 2291 3690 2360 capillus

440 2377 618 2444 φαλῆς
658 2376 822 2430 αὑτοῦ
882 2377 1014 2431 ώσεὶ
1071 2379 1218 2451 ἔριον
1247 2381 1488 2452 καθαρόν
1514 2398 1528 2412 ⁸
1562 2384 1590 2434 6
1628 2383 1816 2454 θρόνος
1847 2381 2013 2435 αὐτοῦ

2115 2375 2459 2446 capitis-ejus
2497 2376 2654 2445 quasi
2688 2375 2812 2429 lana
2850 2378 3088 2432 munda:
3127 2378 3363 2435 thronus
3392 2381 3513 2450 ejus
3540 2382 3691 2448 ﬂam-

444 2466 574 2534 φλὸξ
595 2467 786 2538 πυρὸς,
838 2469 888 2520 οἱ
941 2471 1124 2540 τροχοὶ
1172 2471 1336 2524 αὐτοῦ
1373 2472 1481 2544 πῦρ
1521 2473 1735 2542 φλέγον.
1765 2473 2016 2546 Ποταμὸς

2116 2483 2201 2522 ma
2249 2467 2428 2538 ignis,
2474 2475 2610 2521 rota:
2637 2465 2762 2536 ejus
2799 2467 2943 2538 ignis
2977 2471 3200 2524 ardens.
3237 2466 3467 2528 Fluvius
3497 2474 3687 2545 igneus

449 2555 668 2627 πύρινος
723 2557 768 2588 ⁸³
800 2551 981 2610 εἷλκεν
1028 2561 1458 2630 ἐκπορευόμενος
1506 2562 1552 2594 ⁴⁸
1583 2563 1894 2633 ἔμπροσθεν
1917 2563 2014 2617 αὐ-

2114 2559 2456 2630 proripiebat
2491 2574 2613 2614 sese
2641 2559 2932 2630 egrediens
2967 2570 3092 2616 ante
3117 2575 3240 2616 eum
3278 2579 3293 2618 :
3336 2564 3488 2619 mille
3516 2567 3685 2620 millia

447 2645 561 2711 τοῦ,
591 2647 754 2716 χίλιαι
808 2648 1044 2718 χιλιάδες
1074 2649 1447 2722 ἐλειτούργουν
1467 2652 1636 2722 αὐτῷ,
1671 2653 1768 2706 καὶ
1822 2653 2017 2725 μύριαι

2117 2649 2522 2704 ministrabant
2570 2649 2660 2714 ei,
2715 2658 2771 2704 et
2825 2650 3013 2707 decies
3075 2659 3307 2707 centena
3347 2653 3522 2709 millia
3577 2664 3688 2710 sta-

450 2739 702 2810 μυριάδες
767 2740 1228 2809 παρειστήκεισαν
1276 2742 1424 2813 αὐτῷ
1463 2742 1508 2775 ⁸⁸
1549 2745 1833 2815 κριτήριον
1885 2743 2017 2802 ἐκά-

2116 2739 2250 2795 bant
2283 2755 2456 2813 prope
2497 2756 2665 2808 etim;
2707 2740 2979 2810 judicium
3025 2744 3211 2814 sedit,
3249 2753 3303 2800 et
3349 2746 3474 2802 libri
3515 2753 3686 2819 aperti

444 2827 583 2892 θισε,
623 2830 720 2883 καὶ
756 2829 928 2900 βίϐλοι
959 2829 1331 2902 ἠνεῴχθησαν.
1363 2839 1387 2885 ι’
1403 2834 1618 2888 Ἐκεῖνα
1663 2835 1784 2905 μὲν,
1825 2837 2012 2907 φησὶν,

2116 2839 2268 2886 sunt.
2302 2848 2320 2881 ι
2375 2829 2510 2895 Illa,
2556 2831 2771 2902 inquit,
2819 2834 3004 2888 omnia
3050 2835 3285 2891 audebat
3325 2853 3496 2903 cornu
3553 2842 3687 2896 illud

442 2918 658 2974 ἅπαντα
672 2920 718 2953 ⁸⁸
738 2921 941 2992 ἐτόλμα
961 2922 1026 2975 τὺ
1041 2923 1207 2993 κέρας
1228 2924 1349 2978 1:6“
1369 2925 1562 2980 λαλοῦν
1589 2927 1660 2980 τὰ
1693 2927 1904 2997 μεγάλα
1921 2929 2016 2982 καὶ

2117 2936 2315 2991 magna
2340 2922 2572 2992 loquens
2601 2934 2656 2978 et
2681 2923 2918 2993 superba
2946 2933 3108 2995 atque
3129 2929 3463 2998 arrogantia,
3491 2937 3687 2985 etcum

441 3010 741 3075 ἀλαζονικὰ
762 3013 861 3066 καὶ
896 3013 1199 3084 ὑπέρογκα,
1236 3016 1331 3069 καὶ
1365 3019 1480 3081 τοῖς
1512 3018 1690 3087 ἁγίοις
1720 3019 2013 3090 πολεμοῦν,

2118 3013 2327 3068 sanctis
2362 3028 2635 3083 pugnans,
2658 3014 2834 3068 donec
2861 3015 3003 3070 sedit
3023 3015 3318 3086 judicium.
3345 3018 3483 3076 lllud
3511 3030 3691 3078 autem

440 3107 545 3170 ἕως
577 3107 801 3161 ἐκάθισε
827 3108 889 3161 τὸ
919 3110 1223 3182 κριτήριον.
1281 3113 1552 3184 Προσήκει
1597 3113 1652 3167 δὲ
1690 3113 1912 3180 εἰδέναι,
1935 3117 2017 3170 ὅτι

2119 3117 2222 3158 nos
2251 3104 2394 3158 seire
2427 3119 2525 3173 par
2552 3112 2672 3171 est,
2707 3104 2877 3160 Deum
2910 3107 3166 3177 corporis
3204 3119 3481 3180 expertem
3507 3153 3522 3178 ,
3557 3114 3693 3170 sim-

442 3197 731 3269 ἀσώματος
751 3198 828 3252 ὢν
857 3201 886 3253 6
912 3201 1061 3264 Θεὸς,
1106 3200 1310 3265 ἁπλοῦς
1346 3219 1406 3256 τε
1456 3203 1550 3260 καὶ
1583 3204 2014 3275 ἀσχημάτιστος,

2117 3195 2423 3265 plicemque
2455 3209 2518 3250 ac
2551 3195 2704 3249 nulla
2748 3195 2922 3252 forma
2951 3199 3242 3268 praeditum
3269 3241 3284 3266 ,
3322 3203 3528 3274 quique
3565 3207 3689 3260 nul-

445 3289 791 3362 περιγραφὴν
817 3290 1073 3361 οὐδεμίαν
1120 3291 1428 3363 δεχόμενος,
1472 3293 1585 3347 ἀλλ’
1636 3295 2018 3367 ἀπερίγραφον

2117 3285 2226 3340 lam
2246 3287 2487 3340 admittit
2513 3287 3108 3358 circumscriptionem,
3134 3306 3259 3345 cum
3289 3293 3464 3362 ipsius
3487 3303 3689 3351 natura

441 3380 586 3450 ἔχων
608 3379 710 3450 τὴν
739 3379 924 3449 φύσιν,
949 3383 1273 3452 σχηματίζει
1307 3385 1566 3448 πολλάκις
1613 3386 1749 3455 πρὸς
1791 3386 1851 3438 τὸ
1883 3387 2018 3457 χρή-

2116 3390 2180 3431 ea
2213 3376 2318 3440 sit,
2354 3391 2477 3445 quae
2497 3377 2883 3432 circumscribi
2915 3387 3167 3450 nequeat,
3202 3381 3417 3453 1198
3447 3400 3691 3457 persaepe

445 3492 622 3544 σιμον,
644 3472 721 3537 ὡς
749 3473 1057 3540 ἐθέλει,τάς
1087 3476 1375 3540 ὀπτασίας.
1415 3478 1524 3531 Kal
1559 3477 1706 3532 ἐστιν
1739 3479 1866 3531 ἰδεῖν
1895 3479 2014 3531 ἐτέ-
2041 3467 2061 3524 (

2074 3469 2084 3521 l
2119 3469 2381 3524 utilitatis
2419 3478 2624 3524 nostrae
2660 3485 2832 3526 causa
2874 3472 3102 3541 perinde
3137 3487 3200 3528 ac
3235 3477 3410 3541 velit,
3444 3477 3690 3534 visiones

446 3580 551 3633 ρως
585 3564 684 3633 μὲν
715 3563 879 3616 αὐτὸν
925 3565 1342 3635 ἐπιφαινόμενον
1370 3566 1448 3636 τῷ
1491 3566 1762 3638 Ἀϐραὰμ,
1815 3567 2018 3637 ἑτέρως

2121 3559 2379 3629 ﬁgurare.
2407 3559 2683 3618 Etvidere
2707 3564 2852 3625 licet,
2892 3564 3048 3618 illum
3090 3565 3198 3619 alia
3237 3565 3412 3622 forma
3443 3570 3691 3626 Abraha-

441 3652 498 3705 δὲ
529 3653 607 3724 τῷ
637 3655 811 3724 Μωσῇ
836 3653 904 3718 ⁸⁷,
942 3656 1035 3708 καὶ
1065 3655 1238 3719 ἄλλως
1263 3656 1340 3726 τῷ
1373 3657 1591 3727 Ἡσαΐᾳ,
1619 3658 1711 3710 καὶ
1740 3656 1817 3726 τῷ
1857 3655 2006 3722 Ἰεζε-

2120 3667 2212 3704 mo
2232 3669 2292 3707 se
2317 3653 2610 3706 videndum
2638 3655 2934 3718 obtulisse,
2965 3655 3071 3709 alia
3107 3655 3264 3722 Mosi,
3291 3669 3345 3713 et
3374 3660 3481 3714 alia
3513 3661 3690 3728 Isaias,

443 3745 566 3815 κιὴλ
597 3745 653 3798 δὲ
707 3745 967 3808 ὡσαύτως
1015 3745 1206 3818 ἑτέραν
1259 3747 1381 3816 δψιν
1433 3748 1705 3815 ἐπέδειξεν
1751 3749 1816 3802 ⁸⁸.
1849 3748 2017 3802 Ὅταν

2119 3750 2173 3795 et
2228 3743 2500 3798 Ezechieli
2544 3745 2800 3799 similiter
2854 3746 3018 3799 aliam
3061 3749 3687 3820 ostendisse'speciem.

399 3813 408 3822 ’
445 3813 618 3888 τοίνυν
648 3835 744 3902 τὴν
763 3835 870 3888 τῶν
913 3813 1313 3905 ἀποκαλύψεων
1337 3837 1453 3909 ἴδῃς
1476 3813 1756 3910 διαφορὰν,
1802 3838 1876 3910 μὴ
1917 3855 2015 3892 πο-

2119 3833 2353 3900 Quando
2383 3835 2569 3904 itaque
2598 3835 2805 3890 videris
2838 3836 3193 3892 revelationis
3217 3839 3540 3896 varietatem
3565 3885 3579 3909 ,
3623 3859 3691 3896 ne

442 3923 719 3994 λύμορφον
743 3927 1015 3999 ὑπολάϐῃς
1054 3927 1114 3980 τὸ
1161 3927 1337 3992 Θεῖον,
1383 3927 1614 3981 ἄκουσον
1646 3929 1701 3982 δὲ
1729 3927 1894 3981 αὐτοῦ
1928 3927 2018 3981 λέ-

2119 3926 2461 3982 multit‘orme
2490 3930 2504 3948 ‘
2537 3943 2741 3982 numen
2774 3928 3048 3998 opineris,
3079 3928 3261 3999 ipsum
3295 3941 3470 3986 autem
3501 3936 3689 3992 audias

447 4031 632 4085 γοντος
679 4017 767 4071 διὰ
825 4020 983 4090 Ὠσηὲ
1028 4018 1123 4072 τοῦ
1184 4021 1462 4091 προφήτου
1503 4036 1555 4070 σε
1607 4020 1748 4087 Ἐγὼ
1794 4019 2016 4090 ὁράσεις

2118 4033 2213 4087 per
2256 4017 2454 4072 Oseam
2501 4018 2827 4087 prophetam
2869 4018 3146 4073 dicentem
3181 4038 3194 4073 :
3233 4037 3254 4072 ι
3292 4020 3408 4092 Ego
3448 4023 3689 4080 visiones

445 4109 739 4180 ἐπλήθυνα,
795 4111 890 4164 καὶ
943 4111 1002 4163 ἐν
1062 4110 1217 4182 χερσὶ
1267 4108 1590 4179 ,προφητῶν
1641 4108 1950 4179 ώμοιώθην.
1990 4128 2008 4160 ι

2114 4106 2477 4176 multiplicavi
2503 4146 2518 4169 ,
2555 4114 2608 4160 et
2653 4107 2706 4159 iu
2747 4106 3004 4162 manibus
3041 4108 3429 4178 prophetarum
3462 4112 3686 4167 assimi-

453 4201 776 4269 Ὢμοιώθην
815 4199 989 4267 εἶπεν,
1045 4202 1144 4255 οὐκ
1196 4201 1405 4270 ὤφθην
1429 4217 1444 4230 ο
1481 4201 1556 4264 ὠς
1594 4200 1704 4272 γὰρ
1739 4199 2009 4270 βούλεται,

2114 4199 2259 4254 latus
2300 4213 2425 4254 sum
2456 4198 2564 4252 8-11.
2609 4217 2628 4250 ι
2661 4197 3008 4253 Assimilatus
3048 4215 3165 4254 sum
3197 4199 3368 4267 dixit,
3401 4216 3510 4257 non
3545 4205 3687 4260 visus

444 4293 768 4362 σχηματίζει
796 4293 895 4356 τὰς
913 4292 1084 4362 ὄψεις.
1119 4293 1330 4362 Ὥσπερ
1358 4292 1551 4362 ἀμέλει
1581 4293 1673 4344 καὶ
1699 4293 1726 4344 ό
1745 4292 2012 4363 μακάριος

2114 4309 2230 4346 sum
2261 4309 2279 4346 :
2308 4291 2768 4362 quemadmodum
2823 4295 2968 4349 enim
3006 4295 3146 4359 vult,
3184 4295 3428 4352 visiones
3465 4296 3686 4368 ﬁgurat.

454 4383 712 4455 Ἰεζεκιὴλ
733 4384 1067 4455 θεασάμενος
1100 4385 1160 4449 ἐξ
1180 4384 1444 4456 ἠλέκτρου
1475 4385 1568 4438 καὶ
1598 4387 1768 4456 πυρὸς
1791 4385 2013 4452 συγκεί-

2115 4386 2275 4441 Sicut
2301 4386 2538 4455 denique
2567 4385 2764 4440 beatus
2788 4385 2955 4441 etiam
2990 4385 3238 4443 Ezechiel
3280 4390 3686 4458 contemplatus

446 4491 603 4544 μενον
628 4475 722 4529 τὸν
759 4475 1011 4544 ὀφθέντα,
1062 4477 1464 4547 διηγησάμενος
1517 4476 1616 4548 τὴν
1669 4477 2012 4545 ἀποκάλυψιν

2113 4495 2178 4534 ex
2208 4480 2416 4534 electro
2437 4485 2492 4532 et
2525 4478 2650 4548 igne
2673 4479 3036 4548 compositum
3069 4479 3223 4532 illum
3261 4471 3419 4549 quem
3455 4480 3685 4545 viderat,

442 4567 724 4636 ἐπήγαγε·
791 4585 810 4618 ι
861 4567 1032 4622 Τοῦτο
1081 4569 1332 4638 ὁμοίωμα
1373 4568 1532 4638 δόξης
1585 4568 1809 4640 Κυρίου.
1850 4587 1870 4621 ι
1903 4568 2014 4622 Kal

2113 4561 2452 4639 'narrataque
2493 4569 2751 4635 visione,
2804 4570 3039 4640 subjecit
3091 4587 3105 4623 :
3157 4591 3174 4623 ι
3212 4571 3337 4627 Hzec
3379 4573 3686 4629 similitudo

441 4655 562 4712 οὔτε
602 4658 764 4711 αὑτὸν
789 4658 892 4728 ἐφη
932 4658 1218 4712 τεθεᾶσθαι
1267 4659 1362 4712 τὸν
1417 4657 1642 4728 Κύριον,
1689 4657 1812 4710 οὔτε
1843 4659 2013 4729 αὐτὴν

2116 4661 2302 4730 gloria:
2332 4659 2545 4714 Domini
2575 4663 2618 4701 ιο
2651 4680 2668 4712 ι
2715 4663 2791 4715 Ae
2823 4678 2996 4733 neque
3029 4665 3210 4734 ipsum
3241 4663 3533 4719 Dominum
3568 4681 3597 4720 a
3628 4681 3687 4722 se

440 4748 536 4820 τὴν
555 4748 650 4802 τοῦ
681 4750 887 4820 Κυρίου
936 4749 1117 4814 δόξαν,
1167 4750 1305 4804 ἀλλά
1363 4749 1423 4802 τὸ
1449 4749 1700 4854 ὁμοίωμα
1853 4749 2012 4854 δόξης
2045 4800 2056 4853 1

2071 4760 2471 4853 ’conspeclum
2507 4751 2685 4814 dixit,
2723 4769 2899 4823 neque
2947 4754 3118 4824 ipsam
3161 4753 3377 4810 Domini
3415 4757 3645 4827 gloriam
3669 4798 3687 4824 ,

442 4839 670 4909 Κυρίου.
699 4841 806 4892 Καὶ
841 4838 1075 4892 ἐνταῦθα
1124 4839 1302 4893 τοίνυν
1329 4840 1428 4892 "-6
1478 4839 1747 4909 μακάριος
1791 4840 2006 4908 Δανιὴλ,
2046 4838 2058 4853 ¹

2073 4838 2086 4852 ’
2119 4843 2213 4898 sed
2261 4842 2675 4898 similitudinem
2705 4846 2892 4916 gloriae
2923 4845 3161 4900 Domini.
3200 4845 3299 4901 Hic
3332 4849 3460 4902 item
3493 4848 3689 4905 beatus

441 4930 532 4983 διὰ
550 4931 646 5000 μὲν
711 4931 818 4985 τοῦ
859 4930 1128 4985 Παλαισῦ
1173 4931 1290 4984 τῶν
1325 4929 1557 5000 ἡμερῶν
1599 4930 1915 4982 διδάσκεται
1949 4929 2012 4982 τὸ

2121 4934 2311 4988 Daniel
2343 4950 2441 5004 per
2465 4935 2755 5005 Antiquam
2784 4938 2992 4992 dierum
3028 4938 3260 4994 docetur
3284 4948 3548 4994 mternum
3585 4958 3688 4996 nu-

443 5024 658 5076 αίώνιον
677 5039 690 5054 ⁸
723 5023 864 5078 οὕτω
891 5024 1000 5096 γὰρ
1023 5024 1116 5078 καί
1142 5041 1286 5087 τινες
1304 5023 1414 5076 τῶν
1452 5021 1799 5092 ἐρμηνευτῶν
1827 5037 2012 5090 νενοη-

2122 5039 2246 5077 men
2299 5041 2309 5073 :
2367 5025 2510 5094 quod
2561 5041 2685 5079 cum
2736 5027 2961 5096 quidam
3011 5029 3344 5101 interpretes
3392 5031 3558 5087 etiam
3610 5033 3691 5090 sic

518 5201 536 5239 τ
572 5201 613 5258 ΙΙ
645 5205 840 5261 Thess.
880 5225 938 5272 II,
971 5210 1021 5268 5,
1059 5212 1108 5264 4.
1192 5211 1273 5250 ⁸οῆ
1316 5207 1474 5266 Osce.
1519 5224 1571 5274 χ,
1604 5209 1688 5261 Η.
1776 5212 1787 5248 ί
1831 5207 2028 5263 Ezech.
2064 5225 2122 5274 Il,
2172 5209 2220 5265 Ι.

1719 5367 1949 5424 νΑΒϋΕ
1989 5367 2391 5425 LECTIONES.

526 5478 570 5510 ⁸¹
605 5479 728 5570 ὀξξθ.
764 5482 802 5570 If
832 5482 957 5570 add.
990 5482 1174 5538 αὐτοῦ.
1238 5485 1284 5516 ³³
1316 5503 1440 5570 παν.
1475 5483 1859 5570 ῐξςριςτεηηιλτην.
1923 5483 1966 5513 ³⁵
1996 5467 2262 5570 Luccei}.
2293 5492 2408 5570 est,
2432 5483 2786 5570 ὲιξοίτξτίιὶτησῃι
2832 5481 2881 5513 ³³
3032 5482 3073 5536 Β
3093 5482 3527 5570 ,ἐπιὶίιιξιεὶιίοᾼᾳ
3560 5481 3687 5570 lect.

441 5549 479 5602 1.
511 5565 558 5602 c.
629 5549 676 5581 ⁸⁸
703 5551 814 5605 καί.
840 5551 987 5607 Loco
1014 5557 1107 5610 cit.
1139 5563 1222 5610 est
1249 5555 1431 5609 αὐτόν.
1491 5549 2060 5638 ³⁷Ιζεῐσελθκ1ιοιεοι
2094 5553 2281 5638 est'ib;
2311 5552 2501 5638 656v.“
2521 5551 2622 5638 'ij
2651 5549 3059 5638 ἀτξοδεικνύντα,
3090 5553 3240 5620 iuxta
3268 5567 3377 5606 rec.
3409 5551 3533 5638 lect.
3568 5551 3603 5638 Ι..

439 5620 486 5649 ³⁸
517 5620 667 5688 φησί.
707 5621 826 5676 Des.
861 5624 914 5676 in
948 5624 1004 5679 Β.
1106 5625 1152 5656 ⁸ο
1183 5643 1236 5678 κ.
1266 5643 1316 5679 τ.
1373 5642 1488 5695 τιμ.
1529 5622 1648 5678 Des.
1673 5623 1726 5676 in
1769 5624 1826 5676 Β.
1935 5622 1978 5654 ⁸¹
2017 5625 2062 5676 Δ
2099 5623 2354 5688 ἐκάθητο.
2457 5623 2501 5654 ⁸⁸
2531 5619 2650 5676 A'ct
2699 5622 2739 5676 Β
2776 5624 2962 5695 πυρός.
2995 5624 3069 5677 Ita
3096 5619 3324 5692 'quonue
3352 5636 3540 5690 supra,
3577 5630 3614 5674 t.
3647 5619 3689 5683 l,

443 5705 563 5761 pag.
601 5690 706 5744 9&5
729 5694 963 5758 et1997,
994 5697 1094 5761 leg.
1189 5695 1234 5726 “
1271 5697 1396 5748 ἐκπ.
1449 5694 1572 5748 Des.
1639 5708 1825 5761 supra,
1862 5701 1900 5746 t.
1944 5691 1984 5755 l',
2025 5709 2146 5761 pag.
2173 5694 2296 5746 99.5.
2397 5693 2510 5745 “A
2538 5692 2847 5761 ἔμπροσθεν
2873 5692 3057 5748 αὑτοῦ.
3153 5690 3320 5761 δ’ἀπ.
3358 5689 3434 5761 λιιι
3458 5690 3520 5761 Β
3571 5697 3693 5761 post

443 5705 563 5754 pag.
601 5690 706 5744 9&5
729 5694 963 5758 et1997,
994 5697 1094 5765 leg.
1189 5695 1234 5726 “
1271 5697 1396 5748 ἐκπ.
1432 5690 1572 5748 ⁷009.
1639 5708 1825 5762 supra,
1862 5701 1900 5746 t.
1944 5691 1984 5755 l',
2025 5709 2146 5762 pag.
2173 5694 2296 5746 99.5.
2397 5693 2444 5725 “
2467 5694 2510 5745 Α
2538 5690 3057 5763 ἐμπροσθενάὑτοῦ.
3129 5690 3199 5725 ⁷⁸⁵
3221 5690 3320 5746 ἀπ.
3356 5690 3434 5771 .ln
3478 5690 3512 5742 li

441 5759 642 5830 ετόλμα
678 5763 916 5830 ponitttr.
992 5765 1037 5798 “
1073 5766 1136 5820 τὸ
1163 5773 1216 5822 et
1251 5765 1446 5820 deinde
1470 5764 1560 5830 τὰ,
1591 5763 1644 5818 in
1684 5765 1726 5815 Β
1755 5765 1869 5820 des.
1947 5763 1990 5794 "
2037 5765 2078 5815 Β
2109 5765 2336 5834 Μωῢσῇ.
2415 5764 2458 5796 ⁸⁸
2485 5763 2525 5816 Β
2561 5763 2864 5830 ἀπέδειξεν.
2937 5764 2982 5796 ⁸⁸
3012 5764 3146 5817 τοίν.
3199 5760 3321 5817 Des.
3356 5775 3412 5816 In
3451 5759 3512 5813 Β.
