4092 6396
449 418 590 483 1423

1473 414 1959 474 ΤΗΕΟΒΟΗΕΤΙ
1991 413 2329 475 EPISCOPI
2354 415 2726 476 CYRENSIS

3560 411 3695 480 1424

443 529 846 583 intellexissent
876 567 889 585 .
932 540 1026 595 pro
1051 524 1279 592 Amiquo
1312 522 1537 589 dierum,
1571 530 1875 592 posuerunt
1902 521 2015 575 Au-

2137 526 2297 591 ιότες,
2324 527 2444 580 ἀντὶ
2462 526 2567 581 τοῦ
2602 523 2929 580 natator?“
2947 523 3056 579 τῶν
3089 525 3341 595 ἡμερῶν,
3359 528 3392 580 ό
3419 528 3697 583 Παλαιῶν

445 620 658 690 tiquans
700 619 828 673 dies.
864 616 1282 685 Contemplatur
1319 613 1448 669 item
1488 613 1710 684 capillos
1741 628 1929 681 puros,
1963 624 2016 667 et

444 711 871 767 vestimentorum
899 707 1227 776 splendorem
1252 744 1267 769 ,
1302 706 1638 776 inculpatam
1678 705 1925 775 undique
1963 711 2019 759 et

444 813 690 858 sanctam
715 841 730 863 ,
762 816 870 855 non
902 802 1083 853 solum
1117 797 1361 852 divinam
1398 804 1655 851 naturam
1679 836 1694 859 ,
1722 797 1816 852 sed
1845 796 2017 851 etiam

442 909 507 947 ea
540 908 661 961 quae
691 892 759 947 de
797 892 917 962 ipsa
959 890 1195 961 intelligi
1237 896 1507 959 possunt,
1552 887 1814 956 edoctus,
1847 888 2018 958 justi-

445 989 575 1041 tiam
620 984 914 1046 videlicet,
952 983 1356 1054 providentiam
1385 1024 1400 1049 ,
1442 995 1637 1035 curam
1668 1022 1683 1046 ,
1725 980 2017 1050 judicium.

444 1077 600 1145 Quod
627 1077 774 1132 enim
806 1076 943 1129 vidit
977 1094 997 1128 ι
1019 1087 1191 1129 cornu
1224 1075 1478 1143 superbis
1503 1083 1663 1128 utens
1694 1073 1894 1138 verbis,
1919 1093 1938 1124 ι
1969 1080 2024 1127 et

444 1170 540 1224 Dei
567 1167 876 1223 cultoribus
910 1166 1162 1220 inﬁnitas
1195 1166 1431 1221 moliens
1456 1163 1710 1229 insidias,
1745 1179 1842 1234 per
1867 1162 2018 1234 puri-

445 1271 611 1316 tatem
648 1258 894 1329 undique
929 1265 1318 1311 coruscantem
1352 1257 1648 1319 edocetur,
1692 1258 1805 1308 non
1844 1254 2023 1324 negli-

447 1361 608 1423 gente
633 1349 849 1420 1199
877 1348 984 1403 Deo
1003 1389 1017 1409 ,
1056 1348 1150 1403 sed
1178 1344 1255 1403 ὀί)
1288 1346 1621 1402 ineﬁ‘abilem
1658 1346 2026 1416 dispensatio-

452 1459 574 1499 nem
613 1442 1007 1513 permittente,
1058 1440 1173 1493 haec
1217 1439 1352 1493 illud
1401 1438 1622 1493 audere.
1679 1437 1745 1492 Et
1786 1453 1857 1493 ne
1901 1437 2027 1506 quis

438 1550 648 1589 .rursus
708 1540 965 1602 opinetur
1013 1532 1153 1586 velle
1186 1530 1404 1599 quidem
1451 1529 1655 1593 Deum,
1702 1529 2025 1599 utpote-bo-

434 1642 606 1692 .num,
643 1623 857 1682 sanctis
884 1637 1041 1693 opem
1074 1620 1239 1685 ferre,
1274 1636 1385 1675 non
1424 1635 1589 1691 posse
1623 1629 1804 1675 autem
1831 1663 1847 1685 ,
1880 1620 2029 1676 videt

432 1720 615 1772 uetiam
662 1736 679 1767 ι
729 1716 987 1769 thronum
1034 1728 1098 1766 ex
1149 1712 1275 1783 igne
1323 1720 1743 1775 constructum,
1781 1718 1838 1766 et
1876 1723 2028 1766 rotas

452 1807 639 1864 itidem
686 1807 845 1876 ignea
894 1805 1154 1875 praeditas
1199 1810 1442 1865 natura,
1499 1812 1549 1857 ct
1603 1803 1832 1857 ﬂuvium
1882 1804 2029 1874 ignis

2121 617 2226 682 τὰς
2257 617 2479 685 ἡμέρας
2512 602 2842 669 τεθείκασιν.
2884 618 3018 687 Ὀρᾷ
3042 617 3083 648 ⁸³
3111 633 3171 669 τε
3228 615 3324 669 καὶ
3363 614 3475 685 τῆς
3496 617 3696 686 τριχός

2119 706 2235 774 τὴν
2253 708 2653 775 καθαρότητα,
2682 707 2777 759 καὶ
2803 703 2922 760 τῶν
2941 702 3406 776 ἐνδυμάτωντὴν
3431 707 3695 775 λαμπρό-

2120 815 2268 867 τητα
2286 839 2300 864 ,
2335 797 2396 851 τὸ
2433 799 2662 869 ἄμωμον
2703 798 3037 869 πανταχόθεν
3092 797 3188 851 καὶ
3235 798 3408 866 ἅγιον,
3438 797 3498 851 οὐ
3538 797 3697 867 μόνον

2120 892 2218 961 τῆς
2247 891 2395 954 θείας
2418 889 2655 960 φύσεως,
2707 890 2843 945 ἀλλὰ
2872 890 3094 945 καὶτῶν
3118 888 3248 959 περὶ
3268 889 3438 959 αὐτὴν
3475 888 3699 959 νοουμῶ

2122 1002 2228 1038 νων
2254 983 2660 1054 διδασκόμενος,
2710 984 2958 1037 τουτέστι
3015 980 3382 1049 δικαιοσύνης,
3443 981 3698 1052 προνοίας

2124 1075 2448 1147 κηδεμονίας
2465 1076 2533 1139 δ’,
2568 1076 2821 1145 κρίσεως.
2857 1073 3077 1145 Ἐπειδὴ
3100 1072 3210 1144 γὰρ
3232 1068 3372 1127 εἶδεν
3409 1092 3426 1122 ι
3445 1070 3507 1124 τὸ
3531 1056 3700 1142 κέρας

2123 1165 2464 1231 άλαζονικοῖς
2497 1166 2594 1237 μὲν
2627 1167 2909 1238 χρώμενον
2953 1168 3000 1199 ³³⁵
3039 1165 3242 1234 λόγοις,
3283 1182 3304 1216 ι
3359 1165 3473 1226 τοῖς
3511 1178 3571 1215 τε
3604 1161 3701 1215 τοῦ

2124 1259 2259 1313 Θεοῦ
2293 1258 2592 1331 θεράπουσι
2612 1260 2811 1330 μυρίας
2836 1257 3066 1312 καττύον
3099 1256 3413 1321 ἐπιϐουλὰς,
3451 1255 3704 1308 διδάσκε-

2126 1368 2217 1405 ται
2252 1351 2341 1405 διὰ
2371 1351 2471 1421 τῆς
2506 1351 2838 1421 πανταχόθεν
2867 1350 3289 1422 ἀστραπτούσης
3307 1349 3699 1421 καθαρότητος.

2124 1441 2200 1504 ὡς
2228 1441 2290 1494 οὐ
2318 1440 2665 1511 παρορῶντος
2693 1440 2789 1493 τοῦ
2846 1438 2982 1493 Θεοῦ
3026 1439 3200 1493 ταῦτα
3224 1440 3512 1508 τολμᾶται,
3569 1436 3704 1492 ἀλλὰ

2126 1534 2217 1588 διὰ
2244 1533 2345 1604 τὴν
2379 1535 2618 1604 ἄρρητον
2675 1533 3086 1604 συγχωροῦντος
3123 1532 3171 1564 ⁸³
3221 1531 3561 1602 οίκονομίαν.
3594 1531 3705 1584 Καὶ

2130 1625 2219 1677 ἵνα
2243 1624 2317 1694 μή
2348 1641 2430 1687 τις
2487 1624 2648 1677 πάλιν
2708 1623 2953 1695 ὑπολάϐῃ
2990 1624 3275 1694 βούλεσθαι
3307 1623 3407 1693 μὲν
3435 1622 3527 1675 τὸν
3549 1622 3701 1684 Θεὸν,

2133 1718 2228 1770 ἃτε
2249 1716 2311 1787 δὴ
2339 1715 2545 1784 ἀγαθὸν
2581 1717 2729 1782 ὄντα,
2782 1719 2894 1780 τοῖς
2940 1717 3113 1786 ἁγίοις
3155 1714 3475 1786 ἐπαμύνειν,
3507 1713 3583 1785 μὴ
3613 1713 3705 1766 δύ-

2131 1804 2327 1858 νασθαι
2372 1805 2450 1870 δέ,
2500 1807 2604 1877 ὁρᾷ
2662 1806 2797 1859 καὶ(
2849 1805 2938 1858 τὸν
2994 1806 3184 1876 θρόνον
3236 1809 3301 1859 ἐκ
3347 1805 3541 1874 φλογὸς
3574 1821 3708 1857 κατ-

432 1872 1068 1961 thronum-trahentem,
1101 1902 1154 1950 et
1184 1895 1330 1950 mille
1360 1894 1529 1948 millia
1563 1872 2025 1960 ministrantium,

2137 1897 2558 1969 εσκευασμένον,
2600 1899 2693 1951 καὶ
2746 1898 2872 1959 τοὺς
2922 1899 3151 1969 τροχοὺς
3219 1896 3479 1959 ὡσαύτως
3535 1895 3708 1966 πυρός

451 2001 506 2046 «ιι
534 1992 722 2046 decies
763 2000 998 2044 centena
1039 1987 1208 2040 millia
1262 1988 1585 2041 astantium.
1619 2006 1636 2039 ι
1685 1986 1751 2040 Ει
1785 2002 1881 2058 per
1911 1988 2027 2042 lucc

441 2082 675 2153 quidem
720 2080 906 2134 divina
950 2084 1202 2148 potestas
1232 2076 1553 2132 declaratur
1588 2116 1604 2141 ,
1644 2092 1741 2146 per
1773 2078 1867 2132 illa
1898 2092 2029 2133 vero

428 2177 774 2243 .incorrupta
805 2170 1053 2241 nullique
1076 2169 1490 2239 reprehensioni
1518 2168 1754 2224 obnoxia
1787 2179 1985 2224 natura
2012 2186 2026 2222 :

434 2278 552 2333 .per
596 2261 969 2330 antiquitatem
1022 2266 1205 2313 autem
1252 2258 1576 2319 aeternitas.
1622 2258 1930 2328 sapientia,
1976 2264 2033 2313 et

457 2352 848 2410 mansuetudo.
898 2351 997 2406 His
1026 2349 1258 2420 adjicit:
1284 2367 1302 2401 ι
1325 2347 1600 2404 Judicium
1628 2348 1793 2416 sedit,
1823 2358 1878 2405 et
1908 2349 2034 2404 libri

455 2443 628 2511 aperti
660 2449 827 2505 sunt,
861 2458 881 2492 ι
927 2440 1033 2495 hoc
1078 2447 1205 2494 est:
1248 2438 1447 2507 judieii
1493 2438 1767 2509 reliquum
1813 2448 2033 2509 tempus

456 2533 703 2589 decrevit
738 2547 898 2595 esse,
938 2539 994 2585 et
1028 2529 1329 2599 explicavit
1362 2545 1545 2585 rerum
1590 2532 1663 2586 ab
1699 2547 2035 2603 unoquoque

457 2634 737 2698 gestarum
778 2622 1119 2678 memoriam.
1155 2619 1343 2674 Libros
1379 2622 1530 2676 enim
1560 2623 1802 2692 appellat
1834 2623 2034 2679 unius-

441 2720 733 2789 cujusque
760 2716 839 2770 rei
867 2714 1210 2770 memoriam.
1236 2712 1393 2780 Quod
1417 2714 1464 2768 si
1490 2717 1616 2784 quis
1632 2717 1797 2770 etiam
1820 2714 2037 2770 Domini

430 2806 921 2880 ,pollicitationem
955 2804 1235 2860 existimat
1264 2803 1352 2858 his
1384 2804 1615 2859 indicari
1638 2844 1654 2869 ,
1701 2820 1863 2876 quam
1902 2821 2040 2876 apo-

461 2900 621 2956 stolis
663 2896 943 2969 pollicitus
983 2902 1067 2950 est
1100 2912 1112 2948 :
1155 2912 1172 2945 ι
1210 2892 1526 2955 Ponentur.
1561 2896 1854 2965 inquiens,
1903 2897 2042 2951 duo-

431 2990 640 3046 .decim
690 2988 851 3044 sedes
881 3026 896 3053 ,
944 2997 1000 3041 et
1054 2986 1312 3041 sedentes
1366 2986 1693 3056 judicabitis
1739 2986 2038 3043 duodecim

465 3085 642 3139 tribus
667 3079 928 3138 lsraelisi
960 3120 974 3146 ,
1019 3099 1037 3133 ι
1082 3080 1241 3150 plane
1269 3093 1379 3133 non
1417 3094 1448 3132 a
1491 3081 1708 3135 ratione
1741 3081 2038 3148 abhorret,

2130 1988 2354 2059 ἔχοντας
2375 1988 2678 2059 ιρύσιν,κα.ί⁵
2727 1990 2973 2060 ποταμὸν
3020 1989 3195 2060 πυρὸς
3245 1989 3336 2043 τὸν
3388 1988 3576 2059 θρόνον
3622 1987 3711 2040 ’ἑλ-

2130 2098 2314 2145 κοντα,
2347 2081 2441 2134 καί
2468 2080 2644 2149 χιλίας
2681 2080 2779 2151 μὲν
2833 2080 3079 2151 χιλιάδας
3127 2080 3565 2153 λειτουργούσας,
3602 2098 3705 2151 μυ·

2132 2170 2253 2242 ρίας
2280 2169 2337 2223 δὲ
2365 2170 2633 2241 μυριάδας
2664 2170 3043 2243 παρεστώσας.
3079 2190 3097 2223 ι
3129 2170 3345 2225 Καὶδιά
3370 2171 3574 2224 τούτων
3610 2172 3711 2241 μὲν

2129 2261 2191 2314 τὸ
2221 2260 2441 2314 δυνατὸν
2495 2260 2806 2315 διδάσκεται
2870 2261 2962 2315 τοῦ
3023 2260 3181 2325 Θεοῦ,
3218 2260 3283 2314 δι’
3309 2244 3533 2314 ἐκείνων
3559 2260 3617 2314 δὲ
3647 2259 3711 2313 τδ

2130 2342 2494 2421 ἀκήρατόείτε
2528 2350 2622 2404 καὶ
2655 2352 2884 2422 ἄμωμον
2904 2367 2918 2381 ο
2961 2350 3048 2405 διὰ
3080 2351 3136 2404 δὲ
3174 2350 3283 2419 τῆς
3312 2352 3713 2416 παλαιότητος

2131 2442 2193 2496 τὸ
2225 2442 2443 2495 αίώνιόν
2466 2459 2526 2495 τε
2554 2442 2650 2496 καὶ
2681 2441 2865 2512 σοφὸν,
2894 2443 3230 2513 καὶῆμερον.
3250 2442 3472 2504 Τούτοις
3494 2441 3707 2510 ἐπάγει·

2140 2533 2483 2605 «Κριτήριον
2538 2532 2763 2586 ἐκάθισε
2793 2574 2812 2600 ,
2865 2537 2960 2588 καὶ
3026 2533 3197 2602 βίϐλοι
3263 2532 3655 2603 ἡνειξιχθησαωο
3688 2552 3706 2585 ι

2135 2625 2258 2679 ἀντὶ
2282 2625 2407 2688 τοῦ,
2442 2624 2692 2696 Κρίσεως
2714 2623 2899 2678 λοιπὸν
2933 2625 3256 2695 ἐδοκίμασεν
3316 2621 3454 2679 εἶναι
3495 2624 3710 2696 καιρὸν.

2137 2716 2231 2769 καὶ
2247 2716 2512 2780 άνέπτυξε
2542 2717 2649 2769 τῶν
2676 2717 2890 2788 ἑκάστῳ
2906 2717 3310 2788 πεπραγμένων
3333 2717 3433 2788 τὴν
3470 2719 3710 2788 μνήμην.

2137 2809 2395 2874 Βίϐλους
2425 2807 2535 2880 γὰρ
2589 2810 2688 2871 τὰς
2726 2810 2944 2880 μνήμας
2980 2809 3154 2864 καλεῖ.
3204 2810 3267 2864 Et
3295 2809 3352 2863 δέ
3384 2827 3456 2873 τις
3486 2810 3582 2863 καὶ
3616 2810 3717 2880 τὴν

2138 2898 2232 2952 τοῦ
2267 2900 2474 2971 Κυρίου
2515 2900 2809 2971 ὑπόσχεσιν
2862 2902 3082 2971 ἡγεῖται
3136 2900 3308 2956 ταῦτα
3359 2902 3715 2963 αἰνίττεσθαι,

2138 2991 2206 3062 ἢν
2243 2994 2353 3054 τοῖς
2377 2992 2692 3058 ἀποστόλοις
2732 2993 2901 3048 ἔδωκε
2928 3008 2943 3025 ·
2989 3013 3009 3046 ι
3056 2993 3386 3064 Τεθήσονιαι
3419 2993 3486 3059 ⁸⁸,
3518 2993 3714 3063 λέγων.

2143 3080 2277 3134 δέκα
2303 3084 2397 3135 καὶ
2427 3081 2522 3135 δύο
2550 3082 2594 3114 ⁸⁵
2620 3082 2822 3154 θρόνοι,
2849 3083 2943 3138 καὶ
2972 3084 3329 3149 καθεσθέντες
3356 3088 3590 3157 κρινεῖτε
3618 3084 3718 3147 τὰς

465 3174 736 3245 siquidem
786 3172 1060 3229 mendacii
1110 3184 1313 3241 expers
1383 3178 1469 3227 est
1522 3172 1773 3229 veritatis
1819 3174 2035 3243 pollici-

2143 3171 2352 3266 δῴδεκα
2408 3173 2581 3243 φυλὰς
2636 3174 2729 3228 τοῦ
2799 3175 3037 3247 Ἰσραὴλ,
3095 3194 3112 3228 ι
3168 3176 3324 3229 οὐδὲν
3377 3175 3599 3239 ἀπεικός
3633 3173 3711 3206 ⁸⁷·

435 3314 441 3319 .
466 3268 631 3323 talio.

544 3358 705 3414 Vsus.
732 3358 818 3411 tl.
855 3375 874 3407 ι
907 3358 1280 3429 Aspiciebam,
1312 3358 1508 3428 inquit,
1544 3368 1676 3412 tunc
1705 3371 1734 3410 a
1767 3372 1901 3412 voce
1928 3373 2047 3413 ser-

444 3467 687 3507 .monum
719 3465 1041 3521 magnorum
1067 3489 1081 3512 ,
1112 3465 1252 3520 quos
1286 3464 1458 3504 cornu
1500 3447 1651 3504 istud
1690 3448 2043 3518 loquebatur,

468 3542 800 3613 aspiciebam
843 3542 1020 3596 donec
1059 3540 1350 3597 interfecta
1390 3544 1407 3562 '
1449 3550 1530 3596 est
1572 3540 1746 3596 bestia
1794 3539 1883 3592 illa
1915 3581 1930 3605 ,
1990 3547 2043 3593 et

456 3632 670 3701 periit,
702 3638 756 3684 et
795 3645 1001 3700 corpus
1028 3630 1149 3699 ejus
1179 3631 1368 3684 datum
1399 3636 1487 3684 est
1518 3629 1572 3682 in
1603 3629 2047 3684 combustionem

470 3722 635 3792 ignis.
669 3738 689 3772 ι
723 3718 857 3775 Nam
899 3728 1122 3790 propter
1149 3736 1323 3775 cornu
1358 3721 1509 3776 illius
1539 3720 1838 3783 insaniam,
1877 3718 2046 3785 facto,

471 3812 692 3883 inquit,
728 3810 971 3882 judicio.
1023 3821 1286 3881 quartum
1328 3811 1495 3866 etiam
1540 3826 1767 3883 regnum
1807 3811 2047 3867 deletum

472 3910 578 3967 est,
619 3921 638 3955 ι
676 3913 729 3958 et
759 3918 962 3974 corpus
988 3903 1177 3957 bestiae
1204 3902 1393 3957 datum
1419 3913 1504 3960 est
1529 3905 1582 3959 in
1612 3906 2049 3962 combustionem

475 3995 639 4064 ignis.
673 4011 693 4045 ι
736 3992 873 4048 Illud
910 4002 1091 4047 autem
1131 4008 1232 4047 nos
1263 3993 1418 4049 decet
1450 4004 1742 4062 annotare,
1781 4014 1888 4052 non
1919 4002 2052 4055 sim-

476 4086 697 4155 pliciter
750 4099 876 4139 eum
929 4082 1164 4149 dixisse,
1203 4082 1425 4139 Tradita
1454 4094 1544 4141 est
1592 4087 1806 4158 1200
1849 4088 2047 4157 bestia,

480 4174 573 4229 sed
602 4192 621 4224 ί
646 4188 849 4243 corpus
863 4172 1055 4228 bestia:
1080 4190 1099 4225 ι
1135 4173 1396 4229 traditum
1416 4175 1622 4246 estigui
1640 4176 1706 4231 ad
1721 4178 2052 4233 comburen-

486 4266 637 4321 dum.
669 4265 804 4320 Cum
840 4265 987 4319 enim
1028 4280 1124 4335 per
1143 4267 1366 4321 bestiam
1391 4283 1554 4322 omne
1583 4282 1810 4340 regnum
1845 4268 2054 4339 signiti-

479 4366 566 4413 cet
596 4397 613 4423 ,
643 4364 698 4411 et
732 4356 787 4410 in
815 4371 989 4426 regno
1015 4357 1106 4411 alii
1140 4357 1251 4412 sint
1276 4359 1499 4429 pietatis
1530 4359 1737 4415 alumni
1765 4401 1780 4425 ,
1817 4361 1910 4415 alii
1952 4361 2055 4413 im-

2146 3257 2382 3328 ἀψευδὴς
2418 3262 2527 3332 γὰρ
2550 3262 2583 3333 ἡ
2613 3261 2711 3331 τῆς
2735 3261 2990 3333 ἀληθείας
3018 3265 3339 3332 ἐπαγγελία.

2218 3348 2307 3403 ια’.
2344 3367 2361 3399 ι
2400 3350 2716 3422 Ἐθεώρουν,
2754 3353 2905 3421 φησὶ,
2937 3353 3057 3406 τότε
3088 3353 3135 3385 ⁸⁸
3157 3354 3265 3407 ἀπὸ
3294 3358 3477 3426 φωνῆς
3495 3354 3602 3408 τῶν
3628 3354 3719 3408 λό-

2147 3457 2258 3509 γων
2284 3441 2392 3495 τῶν
2413 3443 2683 3511 μεγάλων,
2712 3438 2787 3498 ὧν
2816 3444 2873 3497 τὸ
2903 3445 3070 3515 κέρας
3102 3445 3278 3505 ἐκεῖνο
3299 3446 3341 3478 ⁸⁸
3365 3447 3561 3512 ἐλάλει,
3589 3446 3724 3500 θεω-

2150 3532 2259 3604 ρῶν
2302 3519 2521 3605 ἧμηνῆο
2560 3535 2665 3599 ἓως
2692 3535 2928 3607 ἀνῃρέθη
2964 3536 3023 3589 τὸ
3074 3536 3278 3607 θηρίον,
3326 3539 3417 3591 καὶ
3452 3538 3719 3599 ἀπώλετο,

2149 3624 2243 3678 καί⁵
2271 3624 2331 3679 τὸ
2362 3625 2522 3696 σῶμα
2549 3624 2719 3680 αὐτοῦ
2737 3626 2894 3699 ἐδόθη
2927 3629 3008 3691 είς
3041 3628 3379 3681 κατάκαυσιν
3402 3630 3444 3662 ⁸⁸
3474 3629 3665 3700 πυρός.
3699 3648 3718 3681 ι

2149 3718 2249 3772 Διά
2272 3718 2382 3789 γάρ
2412 3717 2509 3789 τὴν
2540 3718 2635 3771 τοῦ
2669 3718 2898 3789 κέρατος
2927 3720 3136 3773 ἐκείνου
3166 3720 3384 3790 μανίαν,
3405 3720 3499 3773 τοῦ
3530 3738 3725 3792 κριτη-

2155 3809 2293 3881 ρίου,
2346 3811 2502 3879 φησὶ.
2558 3808 2893 3878 γενομένου,
2935 3810 3203 3881 κατελύθη
3252 3811 3348 3864 καὶ
3404 3811 3436 3882 ἡ
3486 3813 3725 3883 τετάρτη

2153 3901 2420 3973 βασιλεία.
2460 3920 2478 3953 ι
2512 3903 2603 3955 καὶ
2628 3902 2691 3955 τὸ
2720 3902 2880 3972 σῶμα
2911 3902 3004 3956 τοῦ
3035 3902 3224 3973 θηρίου
3265 3903 3421 3975 ἐδόθη
3450 3905 3530 3968 είς
3556 3906 3727 3960 κατά·

2152 4009 2345 4048 καυσιν
2398 3992 2587 4064 πυρός.
2646 4010 2665 4043 ι
2705 3993 2979 4064 Προσήκει
3035 3992 3093 4045 δὲ
3136 3993 3608 4065 ἐπισημήνασθαι,
3644 3997 3727 4049 ὅτι

2152 4087 2251 4157 οὐχ
2282 4086 2491 4152 ἁπλῶς,
2541 4084 2697 4157 ἐδόθη
2729 4086 2789 4138 τὸ
2816 4086 3002 4156 θηρίον
3030 4087 3109 4148 είς
3134 4086 3327 4139 καῦσιν
3354 4086 3547 4157 πυρὸς,
3566 4086 3723 4152 ἀλλὰ,

2159 4198 2183 4257 ε
2215 4179 2277 4232 τὸ
2305 4178 2468 4249 σῶμα
2488 4176 2674 4244 αὑτοῦ,
2701 4196 2719 4228 ι
2741 4172 2891 4229 εἶπεν
2910 4178 2974 4229 σί.
2994 4177 3210 4246 Ἐπειδὴ
3247 4178 3355 4247 γάρ
3372 4176 3461 4231 διὰ
3489 4176 3592 4232 τοῦ
3622 4179 3726 4244 θη-

2146 4271 2290 4339 ρίου
2309 4271 2489 4324 πᾶσαν
2504 4270 2601 4340 τὴν
2626 4267 2900 4339 βασιλείαν
2915 4267 3228 4333 αἰνίττεται,
3253 4269 3311 4322 ἐν
3330 4267 3388 4321 δὲ
3402 4269 3467 4338 τῇ
3485 4266 3726 4336 βασιλεία

2154 4364 2204 4416 οί
2238 4364 2337 4434 μὲν
2374 4364 2507 4417 εἰσὶν
2545 4363 2823 4427 εὐσεὸείας
2852 4364 3132 4433 τρόφιμοι,
3163 4366 3210 4416 οί
3237 4363 3293 4416 δὲ
3320 4363 3514 4426 κακίας
3558 4362 3725 4431 ἐργά-

464 4446 770 4516 .probitatis
803 4446 1061 4508 ministri.
1092 4459 1147 4502 et
1174 4449 1278 4503 hos
1303 4450 1527 4519 quidem
1556 4450 1895 4520 spirituales.
1924 4448 2035 4500 illo:

2156 4469 2268 4516 ται,
2313 4455 2403 4506 καὶ
2454 4454 2579 4515 τοὺς
2613 4452 2714 4521 μὲν
2742 4453 3165 4523 πνευματικοὺς,
3192 4453 3316 4515 τοὺς
3352 4452 3410 4504 δέ
3435 4453 3727 4521 σαρκικοίις

473 4553 612 4593 .vero
654 4536 911 4591 carnales
965 4538 1243 4607 appellare
1297 4541 1798 4604 consueverimus,
1854 4538 2035 4592 divina

2160 4541 2589 4613 προσαγορεύειν
2602 4539 2893 4611 εἰώθαμεν,
2919 4543 2984 4611 τῇ
3016 4541 3138 4611 θείᾳ
3168 4541 3357 4612 Γραφῇ
3395 4540 3726 4610 πειθόμενοι,

482 4627 785 4699 Scripturae
815 4643 984 4684 suasu
1032 4628 1293 4696 adducti,
1339 4631 1464 4701 jure
1496 4631 1638 4686 dixit
1672 4647 1782 4685 non
1819 4629 2035 4684 bestian

2156 4632 2384 4696 είκότως
2405 4632 2506 4686 οὐκ
2533 4627 2656 4684 εἷπε
2675 4632 2738 4684 τὸ
2757 4631 2943 4703 θηρίον
2965 4632 3183 4702 δοθῆναι
3209 4633 3288 4696 είς
3316 4631 3508 4686 καῦσιν
3540 4631 3728 4703 πυρὸς,

480 4722 740 4777 traditam
773 4737 896 4777 esse
944 4723 1053 4793 igni
1096 4722 1163 4776 ad
1204 4723 1681 4788 comburendum,
1724 4720 1822 4778 sed
1877 4720 2055 4774 bestite

483 4828 671 4882 corpus
701 4851 715 4875 ,
750 4811 850 4865 hoc
878 4821 995 4879 est,
1032 4813 1339 4869 crassiores
1363 4852 1377 4878 ,
1408 4824 1463 4869 et
1500 4814 1756 4869 carnales
1778 4854 1793 4878 ,
1833 4820 1887 4868 et
1918 4813 2058 4868 nihil

487 4899 781 4972 spirituale’
799 4901 1127 4970 cogitantes.

548 4970 724 5049 Vens.
761 4989 846 5045 12.
892 5010 911 5044 ι
951 4991 1017 5046 Et
1051 4991 1389 5063 reliquarum
1424 4992 1725 5048 bestiarum
1753 4993 2058 5049 translatus

487 5091 572 5138 est
623 5081 998 5152 principatus,
1059 5088 1113 5134 et
1166 5081 1446 5138 beatitudo
1487 5082 1612 5137 vita:
1660 5082 1786 5139 data
1836 5094 1921 5140 est
1968 5087 2050 5140 eis

565 5195 582 5247 i
622 5194 949 5256 Matth.xix,
981 5193 1075 5248 28.

2159 4723 2297 4777 ἀλλὰ
2324 4723 2430 4778 τοῦ
2480 4722 2687 4792 θηρίου
2711 4722 2780 4777 τό
2818 4722 3021 4793 σῶμα,
3051 4724 3316 4788 τουτέστι,
3343 4725 3468 4787 τοὺς
3497 4724 3734 4794 παχυτέη

2158 4833 2305 4888 ρους,
2341 4817 2436 4869 καὶ
2473 4814 2804 4886 σαρκικοὺς,
2842 4816 2939 4871 καὶ
2995 4815 3361 4887 πνευματικὸν
3394 4815 3735 4886 πεφρονηκό-

2151 4922 2252 4969 τας
2269 4906 2315 4937 ⁸⁸
2350 4905 2525 4959 οὐδέν.

2234 4995 2323 5068 ιβ’.
2366 5015 2383 5047 ι
2422 4999 2531 5051 Καὶ
2579 4997 2688 5050 τῶν
2737 4997 2941 5052 λοιπῶν
2983 4996 3040 5050 δέ
3064 4996 3110 5030 ⁸⁸
3138 4996 3342 5068 θηρίων
3372 4995 3732 5068 μετεστάθηή

2157 5087 2300 5159 ἀρχὴ
2326 5127 2341 5151 ,
2373 5086 2469 5140 καὶ
2506 5086 2844 5160 μακαριότης
2865 5087 2910 5120 ⁸⁸
2940 5086 3084 5157 ζωῆς
3132 5085 3288 5159 ἐδόθη
3331 5087 3513 5150 αὐτοῖς
3545 5086 3590 5117 ⁸⁸
3632 5086 3735 5147 ἕως

1812 5288 2041 5346 VARUE
2076 5290 2480 5348 LECTIONES.

495 5406 530 5455 τ’
557 5383 604 5415 ’⁸
642 5380 833 5455 λίθοι-ί.
862 5382 916 5435 ἰη
942 5379 1166 5455 ﬂexapl.
1195 5378 1263 5433 ad
1298 5379 1352 5455 h_.
1383 5380 1421 5434 l.
1454 5379 1617 5455 habet
1646 5382 1890 5455 παλαιός.
1965 5384 2008 5416 ¹¹
2029 5383 2246 5455 ὁρᾷ.1ιιι
2268 5399 2406 5455 cum
2432 5386 2475 5437 Β
2505 5385 2754 5455 legimus.
2801 5384 2967 5439 Sirm.
3008 5384 3130 5455 δρα.
3205 5383 3253 5455 "_
3291 5381 3413 5452 κηδ.
3446 5379 3551 5455 pes
3602 5378 3710 5455 in_B_

487 5450 648 5538 1’19.
680 5452 741 5507 In
783 5451 965 5538 {ipost
1003 5447 1447 5538 λέγοιὶςνροῃίιιιιι.
1501 5448 1572 5538 ,⁸)
1610 5467 1789 5538 συγχί.
1820 5447 2083 5538 B'przc‘m'.
2106 5447 2315 5538 ἀὺτοῦ.
2466 5447 2700 5538 ,Τεθῄση
2836 5473 2908 5538 ιτ.
2949 5455 3000 5538 λέ
3031 5447 3204 5538 aliter
3332 5447 3409 5534 cl.
3448 5450 3551 5538 leg.

485 5517 709 5576 δώδεκα.
786 5520 831 5552 ⁸⁷
852 5517 977 5575 “ἁπ.
1013 5519 1056 5571 Β
1091 5517 1241 5574 addit
1279 5517 1666 5589 ὑπολαμϐάνει.
1689 5517 1789 5556 φη
1815 5517 1956 5579 τότε.
1983 5522 2106 5577 Des.
2136 5524 2190 5577 in
2221 5523 2278 5578 Β.

1814 5594 1858 5665 9’
1886 5589 1996 5665 EI‘R’:
2039 5591 2166 5665 ln_B
2195 5608 2318 5647 ante
2347 5593 2506 5665 ἐδόθη
2564 5597 2800 5665 ροιιίιυτι

1174 5656 1436 5735 SuSpgcta
1476 5669 1559 5735 est
1590 5656 1768 5719 lectio.
1800 5664 1839 5718 A
1882 5673 1935 5719 et
1968 5663 2008 5715 Β
2042 5663 2244 5720 habent
2284 5656 2583 5735 μακρότης,
2635 5665 2789 5735 juxta
2823 5663 3015 5720 Cbald.
3051 5672 3106 5720 et
3144 5656 3256 5718 rec.
3309 5661 3598 5717 lectionem
3631 5656 3743 5713 τῶν

486 5596 541 5661 et
577 5593 619 5643 Β
656 5590 872 5645 καῦσιν.
906 5591 979 5661 lla
1011 5605 1228 5661 quoque
1250 5598 1371 5657 Ροεῑ
1403 5605 1568 5658 Pauca
1606 5593 1707 5661 ["8-

489 5660 614 5729 Des.
667 5662 719 5715 iu
772 5665 838 5719 Δ.
912 5660 956 5691 ⁸⁸
1001 5676 1133 5729 μακ.

487 5726 651 5783 LXX.
729 5730 774 5763 “
819 5726 1019 5793 αὑτοῖς.
1064 5730 1137 5783 Ex
1162 5732 1204 5782 Α
1231 5726 1350 5784 ctB
1380 5733 1556 5803 suppl.

2382 5525 2428 5557 ”
2461 5525 2544 5578 ἐκ.
2578 5518 2702 5579 Des.
2742 5524 2877 5579 ibid.
2950 5523 2996 5556 “
3036 5521 3085 5578 θ.
3118 5523 3217 5593 ῆμ.
3247 5520 3369 5574 Des.
3398 5520 3451 5575 in
3480 5518 3546 5573 Α.
3622 5518 3667 5550 ⁶¹
3697 5521 3741 5571 Α

2382 5593 2502 5640 δόθτι
2564 5597 2800 5640 nmiilnr.
2916 5594 2960 5626 ⁸³
2985 5594 3023 5640 Β
3061 5593 3508 5640 πεφροντικότας.
3587 5587 3633 5620 ⁸⁸
3659 5585 3738 5640 δέ.

2916 5594 2960 5626 ⁸³
2985 5594 3023 5647 Β
3061 5593 3508 5662 πεφροντικότας.
