4092 6462
377 414 506 476 ttat

1333 411 1824 472 TIIEUDORETI
1856 412 2195 474 EPISCOPI
2230 414 2600 475 CYRENSIS

3490 407 3631 473 1432

375 548 485 586 non
515 539 807 586 contentus
863 546 924 585 ea
970 528 1222 593 victoria,
1284 546 1448 599 quam
1513 533 1580 585 de
1632 531 1948 586 hominibus

2058 531 2324 587 ταλύσεινο
2364 533 2439 605 μὴ
2468 532 2803 604 ἀρκούμενος
2829 531 2889 585 δὲ
2915 532 2983 602 τῇ
3023 531 3164 584 κατά
3193 530 3302 584 τῶν
3329 530 3634 602 ἀνθρώπιον

377 623 743 693 reportaverit
776 642 788 676 :

450 733 619 788 Vsus.
653 733 742 787 25.
810 752 828 785 ‹
891 734 1067 788 Etiam
1118 748 1447 801 sermones,
1505 736 1706 805 inquit,
1762 744 1952 791 contra

376 825 724 880 Altissimum
761 824 1035 893 loquetur,
1066 834 1119 880 et
1149 837 1374 882 sanctos
1422 827 1694 882 Altissimi
1742 839 1954 882 vetera-

378 933 530 973 scere
563 916 745 979 faciet,
778 924 852 978 et,
912 936 931 968 ι
961 924 1019 971 ιιι
1067 919 1315 986 ιμιιοιίιηη
1362 919 1567 973 habent
1592 920 1949 989 exemplaria,

382 1028 402 1060 ι
451 1009 806 1072 humiliabit,
862 1019 916 1064 et
983 1010 1253 1080 rogitabit
1304 1018 1521 1066 mutare
1590 1020 1838 1081 tempora
1899 1018 1954 1066 et

377 1100 571 1170 legem.
621 1117 640 1151 ι
696 1099 873 1153 Tanta
934 1099 1081 1154 enim
1135 1102 1307 1166 rabie,
1363 1102 1587 1171 inquit,
1645 1112 1699 1157 et
1738 1102 1952 1156 insania

376 1189 768 1255 concitabitur,
806 1198 866 1244 ut
895 1191 1135 1261 superba
1172 1192 1335 1245 verba
1358 1199 1411 1246 et
1442 1192 1735 1248 maledicta
1757 1201 1953 1247 contra

376 1278 547 1334 Deum
570 1280 902 1335 altissimum
932 1292 1173 1346 evomat,
1199 1298 1473 1353 omneque
1498 1285 1755 1355 supplicii
1781 1301 1952 1353 genus

376 1370 579 1426 inferat
609 1372 699 1435 iis,
740 1373 834 1442 qui
866 1372 969 1443 ipsi
1001 1372 1159 1445 (Deo)
1193 1383 1346 1444 grato
1375 1383 1429 1429 et
1464 1374 1735 1430 benevolo
1766 1376 1954 1430 animo

377 1461 767 1526 inservientes,
802 1466 1112 1519 sanctitatis
1140 1466 1436 1536 participes
1472 1467 1681 1521 fuerint
1707 1465 1957 1537 :1206

375 1556 804 1625 opinabiturque
855 1572 915 1612 se
970 1573 1132 1627 posse
1184 1560 1474 1628 pietatem,
1537 1574 1657 1629 qua:
1704 1568 1835 1612 tunc
1872 1559 1955 1612 vi-

378 1645 564 1715 gebit,
646 1644 896 1700 funditus
975 1652 1260 1709 evertere,
1328 1645 1706 1716 optimamque
1758 1642 1953 1722 'ipsius

380 1733 783 1788 institutionem
844 1743 1213 1787 commutare.
1266 1732 1381 1788 lloc
1428 1735 1575 1787 enim
1620 1733 1823 1795 innuit,
1868 1730 1953 1784 di-

381 1840 511 1879 cens
542 1842 554 1853 ·
589 1842 607 1874 ι
652 1823 929 1893 Cogitabit
956 1831 1176 1878 mutare
1208 1832 1455 1894 tempora
1482 1834 1534 1879 et
1560 1825 1757 1894 legem,
1799 1841 1817 1873 ι
1850 1822 1955 1875 hoc

379 1926 485 1978 est,
525 1933 644 1970 eam
679 1932 800 1984 qua:
834 1926 964 1971 tunc
1013 1917 1229 1971 obtinet
1264 1916 1695 1971 institutionem.
1745 1912 1954 1968 Deinde

381 2008 609 2076 subiicit
639 2028 651 2062 :
694 2026 712 2057 ‹
746 2006 813 2060 Ει
842 2007 1093 2062 tradetur
1125 2008 1179 2061 in
1220 2023 1441 2061 manum
1475 2006 1615 2075 ejus.
1658 2025 1674 2055 ι
1708 2005 1822 2058 Hoc
1848 2011 1955 2066 est,

384 2103 660 2173 permittet
691 2100 876 2156 divina
902 2100 1250 2173 providentia
1280 2118 1296 2167 ;
1336 2100 1749 2168 ostendensque
1774 2095 1956 2151 defor-

384 2196 587 2250 mitatis
615 2195 882 2249 malorum
915 2195 1136 2249 illorum
1168 2202 1403 2263 tempus,
1440 2211 1458 2243 ι
1484 2191 1670 2262 Neque
1700 2190 1844 2246 enim
1901 2190 1953 2242 in

381 2296 706 2360 perpetuum
748 2288 1011 2343 oblivioni
1065 2286 1286 2342 dabitur
1320 2301 1547 2356 pauper,
1596 2292 1651 2340 et
1691 2284 1955 2354 patientia

282 2436 287 2439 _
385 2396 687 2450 pauperum
750 2395 859 2434 non
898 2378 1101 2448 peribit
1160 2378 1212 2432 in
1270 2382 1688 2448 perpetuum0;
1748 2394 1766 2426 ι
1828 2365 1955 2428 cum

380 2473 657 2528 dixisset:
697 2489 716 2524 ι
758 2470 1031 2525 Tradetur
1091 2471 1145 2524 in
1201 2462 1426 2523 manum
1463 2467 1606 2536 ejus,
1651 2484 1671 2516 ι
1737 2463 1954 2533 adjecit,

388 2584 405 2615 ι
480 2562 663 2633 Usque
715 2562 781 2618 ad
832 2570 1069 2631 tempus,
1127 2569 1182 2613 et
1240 2568 1513 2628 tempora,
1575 2563 1628 2609 et
1665 2554 1955 2609 dimidium

383 2655 665 2726 temporis.
710 2673 729 2707 ι
761 2653 935 2723 quue
977 2654 1220 2723 apertius
1249 2650 1304 2704 in
1339 2647 1446 2703 [ine
1499 2645 1802 2717 prophetia:
1852 2659 1955 2699 nos

382 2748 596 2802 docuit.
632 2766 652 2797 ι
681 2747 729 2799 A
754 2755 997 2815 tempore
1040 2743 1187 2798 enim
1230 2738 1552 2795 mutationis
1578 2736 1730 2807 jugis
1770 2735 1953 2791 sacri.

383 2839 514 2905 ticii,
543 2837 744 2908 inquit,
774 2845 827 2891 et
863 2844 925 2889 ut
951 2837 965 2855 ⁵
998 2834 1125 2888 data
1169 2832 1337 2886 fuerit
1369 2828 1708 2885 abominatio
1736 2826 1956 2881 desola-

382 2929 578 2994 tionis,
631 2935 793 2984 erunt
858 2928 981 2982 dies
1034 2925 1185 2980 mille
1239 2922 1460 2978 ducenti
1516 2920 1814 2990 nonaginta
1841 2928 1886 2969 P.
1931 2935 1950 2967 ι

381 3022 627 3091 Tempus
657 3020 845 3090 igitur,
874 3027 928 3074 et
957 3027 1226 3087 tempora,
1252 3022 1309 3069 et
1344 3012 1630 3068 dimidium
1663 3008 1951 3080 temporis,

383 3128 496 3171 tres
524 3130 700 3169 annos
734 3128 857 3167 cum
896 3110 1126 3165 dimidio
1156 3108 1313 3172 dicit,
1354 3107 1555 3178 quibus
1599 3120 1772 3159 cornu
1820 3100 1954 3156 illud

381 3222 580 3278 magna
611 3206 846 3276 loquens
879 3204 1190 3275 imperabit.

456 3316 623 3374 Vens.
681 3316 773 3372 26.
832 3335 850 3368 ί
921 3314 1024 3371 Sed
1068 3315 1362 3384 judicium,
1415 3312 1611 3382 inquit,
1674 3309 1839 3376 sedit,
1901 3317 1955 3364 et

380 3408 748 3478 principatum
771 3407 893 3474 ejus
921 3404 1395 3469 transmutabunt,
1431 3412 1490 3457 ut
1528 3401 1708 3456 deleat
1736 3409 1789 3454 et
1827 3413 1955 3469 per-

380 3504 474 3554 dat
509 3514 689 3569 usque
716 3498 770 3552 in
831 3498 1015 3552 linem.
1079 3516 1098 3549 ι
1161 3494 1277 3550 Hoc
1333 3509 1466 3549 vero
1524 3498 1710 3563 aperte
1760 3490 1956 3546 beatus

379 3606 601 3662 quoque
630 3589 837 3646 Paulus
880 3603 981 3644 nos
1024 3586 1234 3642 docuit.
1269 3585 1408 3641 Cum
1439 3585 1587 3640 enim
1633 3582 1860 3638 dixisset
1893 3596 1955 3636 ea

379 3696 501 3750 qua:
555 3681 720 3750 paulo
794 3685 922 3733 ante
973 3675 1570 3738 commemoravimus,
1625 3675 1739 3728 haec
1790 3673 1954 3728 etiam

380 3771 658 3841 subjecit:
695 3788 713 3821 ι
753 3768 1014 3831 Tantum,
1052 3767 1227 3822 donec
1274 3765 1372 3835 qui
1424 3779 1570 3818 nunc
1617 3763 1845 3827 detinet,
1888 3758 1957 3817 de

379 3862 563 3918 medio
618 3859 869 3916 sublatus
926 3857 1096 3913 fuerit
1137 3874 1151 3911 :
1188 3865 1243 3911 et
1297 3864 1432 3909 tunc
1477 3854 1817 3909 revelabitur
1867 3854 1958 3909 ille

379 3955 624 4022 iniquus,
681 3965 845 4021 quem
894 3948 1163 4004 Dominus
1213 3944 1376 4000 Jesus
1426 3944 1720 4000 interlieiet
1755 3944 1955 4015 spiritu

376 4047 490 4100 uris
520 4044 629 4111 sui,
662 4050 716 4097 et
742 4042 1015 4107 destruet,
1040 4054 1166 4094 cum
1191 4036 1486 4108 contigerit
1513 4038 1781 4093 adventus
1808 4038 1954 4108 ejus,

379 4154 504 4191 ιιιιιι
557 4136 718 4207 cujus
750 4145 836 4191 est
876 4135 1148 4189 adventus
1207 4130 1513 4187 secundum
1572 4134 1952 4203 operationem

378 4231 623 4293 Satanae,
655 4229 710 4282 in
762 4227 910 4283 omni
944 4227 1171 4289 virtute,
1210 4232 1267 4279 et
1325 4225 1525 4294 signis,
1582 4234 1637 4281 et
1690 4225 1956 4296 prodigiis

376 4319 760 4385 mendacibus,
797 4318 1009 4389 1207
1038 4328 1094 4375 et
1122 4321 1180 4374 in
1207 4319 1355 4375 omni
1389 4317 1713 4373 seductione
1751 4318 1957 4388 iniqui-

379 4413 514 4467 t~.tis
546 4413 599 4464 in
632 4412 703 4466 iis
739 4413 834 4481 qui
860 4420 1091 4481 pereunt
1115 4422 1162 4464 ει.
1196 4430 1213 4464 ι
1253 4410 1411 4479 Quod
1441 4420 1626 4465 autem
1657 4410 1814 4474 dicit,
1849 4410 1956 4465 tale

374 4512 460 4559 cst
503 4521 518 4559 :
560 4501 792 4573 Oportet
834 4503 886 4557 id
924 4503 1072 4573 quod
1106 4504 1268 4558 modo
1307 4502 1515 4557 detinet
1547 4518 1577 4557 e
1604 4503 1785 4557 medio
1816 4502 1952 4555 tolii.

374 4595 780 4666 lixstinguetur
811 4596 956 4651 enim
996 4611 1157 4651 error
1182 4596 1278 4665 qui
1308 4595 1538 4659 detinet,
1577 4603 1632 4650 et
1664 4593 1791 4649 linis
1837 4593 1954 4647 ido-

376 4689 557 4741 lorum
616 4687 764 4743 doiis
809 4688 1147 4758 imponetur,
1198 4697 1252 4741 et
1296 4694 1428 4743 tunc
1478 4686 1813 4742 revelabitur
1866 4685 1957 4740 ille

378 4779 621 4849 iniquus.
659 4779 773 4834 Hoc
828 4780 1097 4834 Dominus
1131 4795 1350 4851 quoque
1399 4780 1453 4835 in
1495 4779 1671 4835 sacris
1707 4778 1955 4847 Evange-

376 4871 471 4925 liis
514 4871 779 4926 asseruit.
825 4889 844 4923 ι
917 4870 1316 4926 Ρινειτάἰοαιιίιυιυ
1369 4873 1520 4928 enim
1565 4870 1951 4941 Evangelium,

378 4964 584 5031 inquit,
627 4978 723 5032 per
752 4977 950 5018 omnes
980 4964 1116 5019 ﬁnes
1154 4973 1313 5019 terra:
1352 4964 1405 5016 in
1440 4963 1822 5018 testimonium
1857 4976 1956 5031 pro

379 5051 543 5120 ipsis,
577 5063 631 5106 et
667 5060 799 5106 tunc
828 5053 1009 5108 veniet
1048 5055 1172 5109 linis
1196 5064 1242 5108 ι’.
1281 5072 1299 5105 ι
1362 5051 1479 5107 Hoc
1536 5052 1665 5107 inde
1726 5049 1955 5108 edoctus

382 5142 586 5197 beatus
638 5143 866 5209 Paulus,
919 5146 1449 5203 Thessalonicenscs
1500 5145 1680 5208 docet,
1750 5159 1816 5200 ac
1858 5162 1954 5215 per

459 5323 483 5349 ο
511 5315 650 5375 Psal.
681 5336 760 5384 ιχ,
795 5321 878 5377 19,
959 5332 987 5372 ιι
1024 5325 1158 5378 Dan~
1194 5337 1292 5387 xu,
1318 5324 1404 5378 11.

1484 5334 1509 5373 τι
1551 5324 1591 5377 ll
1625 5323 1817 5380 Thess.
1849 5340 1908 5391 ιι,
1946 5324 2096 5379 7ο10.

2056 626 2201 698 νίκῃ·

2127 742 2257 789 κε’.‹
2286 734 2397 789 Καὶ⁹
2415 734 2627 802 λόγους,
2654 733 2809 802 φησὶ,
2839 732 2972 803 πρὸς
2991 730 3082 783 τὸν
3106 730 3370 800 ’Ὕψιστον
3388 730 3632 804 λαλήσει,

2055 829 2306 892 καὶτοὺς
2350 828 2538 895 ἁγίους
2577 827 2834 896 Ὑψίστου
2890 822 3187 895 παλαιώσει
3211 824 3255 887 ⁸,
3307 825 3402 877 καὶ
3427 825 3468 888 δ,
3502 844 3518 875 t
3559 827 3634 889 ὡς

2055 922 2171 975 ἔνια
2205 919 2313 973 τῶν
2352 919 2702 990 ἀντιγράφων
2733 918 2865 988 ἔχει,
2908 935 2926 968 ι
2968 914 3334 969 ταπεινώσει·
3381 919 3475 969 καὶ
3504 917 3642 970 ὑπο-

2055 1015 2238 1082 νοήσει
2266 1012 2360 1065 τοῦ
2382 1013 2404 1043 ⁵
2439 1011 2731 1064 ἀλλοιῶσαι
2759 1008 2980 1080 καιροὺς
2998 1005 3096 1060 καὶ
3119 1005 3303 1076 νόμον.
3334 1026 3351 1058 ι
3384 1006 3632 1078 Τοσαύτῃ

2056 1104 2186 1176 γὰρ,
2220 1103 2375 1173 φησι,
2422 1102 2594 1171 λύσσῃ
2623 1100 2888 1172 χρήσεται
2930 1099 3025 1152 καὶ
3060 1097 3250 1169 μανία,
3284 1097 3358 1159 ὡς
3389 1096 3637 1162 ἀλαζονι-

2056 1196 2186 1256 xei);
2220 1193 2319 1265 μὲν
2342 1193 2436 1245 καὶ
2466 1191 2819 1263 βλασφήμους
2845 1190 3038 1257 λόγους
3063 1189 3347 1243 ἀκοντίσαι
3372 1188 3513 1241 κατά
3540 1187 3634 1241 τοῦ

2056 1287 2282 1356 ὑψίστου
2314 1285 2474 1352 Θεοῦ,
2503 1286 2610 1338 πᾶν
2638 1283 2694 1337 δέ
2727 1280 2867 1346 εἶδος
2886 1283 2907 1315 ⁸
2938 1282 3211 1354 τιμωρίας
3237 1284 3349 1343 τοῖς
3380 1278 3638 1343 εὐνοϊκῶς

2056 1378 2205 1450 αὐτῷ
2238 1377 2550 1431 δουλεύουσι
2584 1375 2679 1430 καὶ
2717 1374 3028 1446 ἁγιωσύνης
3059 1374 3376 1444 μετέχουσιν
3420 1375 3635 1440 ἐπαγα-

2055 1475 2206 1541 γεῖν·
2260 1470 2592 1541 ὑποτοπήσει
2628 1469 2707 1533 δὲ,
2739 1468 2814 1532 ὡς
2843 1468 2938 1522 καὶ
2972 1466 3290 1520 παντάπασι
3337 1464 3635 1517 καταλύσει

2054 1565 2157 1635 τὴν
2210 1562 2517 1635 κρατοῦσαν
2559 1561 2863 1625 εὐσέϐειαν,
2912 1561 3006 1614 καλ⁵
3038 1559 3136 1630 τὴν
3188 1557 3418 1630 ἀρίστην
3465 1555 3636 1626 αὐτῆς

2056 1656 2335 1709 πολιτείαν
2387 1654 2609 1725 ἀμείψει
2632 1655 2675 1707 ⁷.
2723 1652 2893 1706 Τοῦτο
2933 1652 3042 1723 γὰρ
3091 1650 3309 1722 ᾐνίξατο
3360 1647 3638 1718 εἰρηκώςο

2062 1767 2082 1800 ε
2135 1748 2458 1819 ’Υπονοήσει
2503 1745 2597 1798 τοῦ
2630 1744 2922 1798 ἀλλοιῶσαι
2950 1743 3175 1813 καιροὺς
3224 1741 3318 1794 καὶ
3368 1740 3532 1811 νόμον
3560 1756 3571 1768 ·
3610 1757 3632 1788 ι

2056 1839 2323 1901 τουτέστι,
2349 1838 2450 1907 τὴν
2476 1837 2597 1890 κατ’
2623 1835 2832 1888 ἐκεῖνον
2853 1833 2942 1887 τὸν
2973 1834 3161 1904 καιρὸν
3182 1832 3515 1902 κατέχουσαν
3541 1847 3637 1883 πο-

2057 1931 2279 1984 λιτείαν.
2315 1926 2447 1982 Εἶτα
2476 1927 2701 1996 ἐπάγει·
2739 1943 2758 1977 ι
2800 1926 2912 1979 Καὶ
2944 1924 3233 1996 δοθήσεται
3268 1926 3327 1976 ἐν
3361 1923 3505 1993 χειρὶ
3539 1921 3638 1975 αὐ-

2057 2021 2172 2076 τοῦ.
2212 2040 2230 2072 ι
2267 2020 2548 2084 Τουτέστι,
2576 2021 2919 2091 συγχωρήσει
2951 2020 2985 2088 ή
3010 2016 3106 2071 τοῦ
3131 2015 3270 2070 Θεοῦ
3300 2016 3633 2087 προμήθειαο

2059 2117 2153 2169 καὶ
2184 2115 2398 2178 δεικνὺς
2421 2114 2520 2183 τῆς
2555 2111 2662 2165 τῶν
2686 2110 2877 2189 κακῶν
2901 2109 3126 2164 ἐκείνων
3155 2106 3364 2178 ἀωρίας
3384 2107 3474 2160 τὸν
3504 2107 3636 2178 χρό-

2059 2223 2146 2261 νον
2167 2222 2181 2238 ·
2220 2225 2238 2257 ι
2273 2205 2347 2257 Οὐ
2369 2204 2477 2274 γὰρ
2500 2204 2579 2265 εἰς
2599 2201 2753 2266 τέλος
2774 2200 3200 2270 ἐπιλησθήσεται
3223 2200 3251 2251 6
3280 2198 3512 2267 πτωχὸς,
3538 2196 3637 2251 καὶ

2058 2302 2092 2371 ή
2151 2299 2399 2368 ὑπομονὴ
2456 2296 2563 2349 τῶν
2620 2294 2867 2364 πενήτων
2926 2291 3027 2346 οὐκ
3058 2290 3356 2361 ’ἀπολεῖται
3414 2291 3495 2351 εἰς
3542 2288 3659 2342 τὸν.

2058 2389 2302 2449 αἰῶνα⁸·
2344 2407 2362 2439 ι
2400 2384 2670 2458 εἰρηκώς·
2721 2404 2739 2437 ι
2775 2383 3072 2456 Δοθήσεται
3111 2383 3168 2435 ἐν
3209 2380 3354 2452 χειρὶ
3386 2378 3576 2442 αὐτοῦ,
3608 2398 3631 2431 ι

2059 2484 2373 2554 ἐπήγαγεν·
2415 2499 2434 2531 ι
2478 2479 2624 2539 Ἕως
2659 2474 2873 2542 καιροῦ,
2917 2473 3014 2527 καὶ
3061 2472 3293 2541 καιρῶν,
3329 2469 3424 2524 καὶ
3464 2470 3637 2540 ἣμισυ

2058 2574 2272 2645 καιροῦ.
2310 2592 2328 2625 ι
2370 2571 2541 2626 Τοῦτο
2566 2570 2622 2623 δὲ
2649 2568 2984 2637 σαφέστερον
3017 2566 3074 2618 ἐν
3101 2563 3181 2634 τῷ
3204 2562 3351 2616 τέλει
3375 2560 3478 2631 τῆς
3505 2578 3639 2632 προσ

2059 2664 2287 2735 φητείας
2316 2663 2464 2732 ἡμᾶς
2507 2658 2766 2725 ἐδίδαξεν.
2823 2675 2843 2708 ι
2888 2656 3021 2710 Ἀπὸ
3071 2654 3264 2725 καιροῦ
3307 2653 3438 2722 γὰρ,
3481 2652 3637 2722 φησὶ.

2058 2752 2450 2824 παραλλάξεως
2477 2751 2570 2803 τοῦ
2599 2745 3003 2818 ἐνδελεχισμοῦ,
3037 2747 3131 2800 καὶ
3157 2743 3377 2813 δοθῆναι
3398 2742 3420 2772 '
3454 2740 3629 2811 βδέλυο

2058 2864 2175 2915 γμα
2219 2842 2553 2915 ἐρημώσεως
2578 2881 2592 2903 ,
2648 2838 2853 2909 ἡμέραι
2896 2837 3063 2907 χίλιαι
3105 2835 3374 2889 διακόσιαι
3421 2833 3641 2903 ἐννενή-

2058 2952 2242 2990 κοντα.
2296 2952 2313 2984 ι
2357 2931 2564 3003 Καιρὸν
2590 2930 2632 2961 ¹⁰
2677 2923 2807 2991 οὖν,
2863 2928 2960 2981 καὶ
3014 2924 3273 2996 καιροὺς,
3320 2925 3415 2977 καὶ
3467 2923 3636 2993 ἥμισυ

2058 3024 2275 3099 καιροῦ,
2307 3025 2434 3096 τρία
2461 3024 2633 3093 ἥμισυ
2675 3020 2768 3091 ἐτη
2801 3019 2971 3089 λέγει,
3006 3017 3043 3073 ἃ
3084 3016 3144 3071 τὸ
3176 3016 3341 3089 κέρας
3369 3017 3546 3070 ἐκεῖνο
3576 3014 3637 3067 τὸ

2057 3118 2251 3174 λαλοῦν
2288 3114 2502 3188 μεγάλα
2529 3112 2815 3184 κρατήσει.

2094 3336 2107 3343 ‘
2131 3318 2244 3385 κς’.
2283 3335 2301 3369 ι
2345 3313 2506 3370 Ἀλλά
2539 3313 2601 3368 τὸ
2634 3312 2937 3383 κριτήριον,
2974 3308 3161 3380 φησὶν,
3198 3304 3417 3360 ἐκάθισε
3442 3305 3506 3369 ¹¹,
3539 3301 3635 3357 καὶ

2056 3409 2156 3480 τὴν
2201 3407 2376 3480 ἀρχὴν
2419 3404 2581 3460 αὐτοῦ
2628 3403 3051 3474 μεταστήσουσι,
3097 3397 3190 3452 τοῦ
3236 3396 3496 3466 ἀφανίσαι
3543 3395 3638 3449 καὶ

2057 3500 2151 3555 τοῦ
2178 3502 2219 3532 ¹¹
2253 3494 2514 3552 ἀπολέσαι
2545 3496 2651 3558 ἓως
2674 3493 2882 3556 τέλους.
2925 3509 2943 3543 ι
2984 3488 3156 3544 Τοῦτο
3186 3487 3244 3541 δὲ
3273 3488 3368 3541 καὶ
3395 3490 3425 3540 6
3460 3487 3641 3557 μακά-

2060 3608 2177 3662 ριος
2222 3591 2370 3660 ἡμᾶς
2426 3586 2614 3652 σαφῶς
2669 3585 2879 3651 ἐδίδαξε
2925 3583 3158 3646 Παῦλος.
3223 3580 3478 3654 Εἰρηκὼς
3530 3580 3639 3652 γάρ

2060 3683 2246 3736 ἐκεῖνα
2292 3679 2329 3734 ἃ
2382 3680 2792 3752 προειρήκαμεν
2817 3676 2882 3739 υ,
2918 3675 3232 3747 προσέθηκε
3280 3674 3376 3729 καὶ
3426 3673 3637 3728 ταῦτα’

2064 3792 2085 3827 ι
2118 3775 2296 3828 Μόνον
2328 3776 2356 3827 6
2386 3772 2631 3841 κατέχων
2668 3769 2793 3841 ἄρτι
2824 3769 2932 3832 ἕως
2960 3769 3026 3823 ἐκ
3059 3768 3228 3839 μέσου
3270 3768 3514 3839 γένηται,
3543 3766 3641 3821 καὶ

2057 3865 2179 3920 τότε
2212 3863 2731 3933 ἀποκαλυφθήσεται
2752 3864 2781 3916 6
2804 3861 3022 3932 ἄνομος,
3053 3859 3112 3913 ὃν
3131 3857 3393 3932 ὁμΚύριος
3430 3858 3642 3928 Ἰησοῦς

2059 3958 2324 4013 ἀναλώσει
2348 3956 2427 4027 τῷ
2444 3955 2712 4025 πνεύματι
2742 3954 2836 4008 τοῦ
2869 3952 3136 4022 στόματος
3165 3951 3351 4017 αὑτοῦ,
3381 3951 3477 4004 καὶ
3504 3966 3638 4004 κατ-

2058 4051 2288 4123 αργήσει
2317 4051 2384 4119 τῇ
2420 4047 2714 4117 ἐπιφανείᾳ
2736 4047 2833 4114 τῆς
2861 4044 3167 4118 παρουσίας
3213 4042 3334 4098 κατ’
3359 4042 3639 4114 ἐνέργειαν

2058 4143 2151 4196 τοῦ
2201 4143 2415 4195 Σατανᾶ
2452 4141 2509 4193 ἐν
2557 4139 2706 4210 πάσῃ
2754 4138 3006 4209 δυνάμει,
3060 4136 3152 4191 καὶ
3203 4135 3492 4205 σημείοις,
3544 4133 3638 4186 καὶ

2057 4235 2249 4306 τέρασι
2283 4232 2533 4304 ψεύδους,
2564 4232 2660 4285 καὶ
2699 4233 2758 4284 ὲν
2800 4231 2948 4301 πάσῃ
2984 4229 3166 4301 ἀπάτῃ
3210 4227 3310 4299 τῆς
3338 4226 3548 4287 ἀδικίας
3575 4225 3634 4275 ἐν

2056 4330 2170 4391 τοῖς
2190 4324 2606 4396 ἀπολλυμένοις.
2646 4341 2666 4375 ι
2711 4323 2776 4376 Ὃ
2806 4321 2863 4375 δέ
2895 4321 3043 4391 λέγει
3073 4319 3316 4374 τοιοῦτόν
3343 4321 3495 4373 ἐστι·
3542 4316 3637 4369 Δετ

2056 4418 2118 4471 τὸ
2155 4417 2385 4488 κατέχον
2428 4415 2551 4486 ἄρτι
2603 4417 2666 4468 ἐκ
2717 4413 2883 4482 μέσου
2943 4410 3217 4482 γενέσθαι.
3270 4409 3636 4481 Σ6εσθήσεται

2059 4509 2170 4580 γάρ
2218 4510 2251 4579 ή
2286 4507 2594 4578 κατέχουσα
2625 4503 2824 4574 πλάνη,
2857 4504 2954 4558 καὶ
2991 4502 3144 4575 λήξει
3184 4504 3219 4574 ή
3266 4501 3376 4554 τῶν
3403 4497 3638 4553 εἰδώλων

2060 4600 2328 4669 ἐξαπάτη,
2357 4598 2451 4652 καὶ
2479 4597 2602 4650 τότε
2628 4595 3148 4667 ἀποκαλυφθήσεται
3173 4596 3202 4648 6
3221 4594 3442 4664 ἄνομος.
3469 4591 3639 4646 Τοῦτο

2057 4688 2116 4743 δέ
2165 4689 2261 4741 καὶ
2307 4690 2335 4742 6
2380 4685 2585 4758 Κύριος
2633 4688 2691 4739 ὲν
2742 4689 2854 4751 τοῖς
2904 4687 3070 4757 ἱεροῖς
3104 4684 3462 4754 Εὐαγγελίοις
3507 4683 3635 4753 ἔφη.

2063 4799 2083 4832 ι
2117 4779 2541 4851 Κηρυχθήσεται
2575 4779 2683 4850 γάρ
2711 4779 2772 4832 τὸ
2788 4779 3142 4849 Ἐὐσγγέλιον
3167 4778 3212 4810 ¹⁸
3249 4779 3329 4841 είς
3368 4776 3546 4830 πάντα
3572 4774 3640 4829 τὰ

2061 4870 2273 4942 πέρατα
2301 4872 2399 4940 τῆς
2427 4871 2531 4939 γῆς
2559 4871 2640 4933 είς
2670 4868 2971 4941 μαρτύριον
3005 4869 3210 4932 αὐτοῖς,
3238 4869 3333 4921 καὶ
3360 4867 3479 4919 τότε
3516 4864 3637 4934 ἥξει

2058 4962 2120 5016 τὸ
2151 4960 2323 5024 τέλος.
2355 4978 2373 5012 ι
2422 4960 2661 5015 Ἐκεῖθεν
2685 4960 2846 5015 τοῦτο
2878 4959 3064 5032 μαθὼν
3085 4963 3114 5015 6
3137 4960 3400 5032 μακάριος
3426 4954 3639 5018 Παῦλος

2059 5052 2300 5107 διδάσκει
2349 5050 2800 5115 Θεσσαλονικέας,
2842 5052 2936 5105 καὶ
2990 5051 3057 5106 δι’
3108 5050 3333 5107 ἐκείνων
3387 5048 3639 5109 ἅπαντας

2060 5148 2187 5211 τοὺς
2214 5146 2255 5178 ¹⁸
2286 5146 2383 5215 τῆς
2410 5145 2692 5208 εὐσεϐείας
2720 5143 2977 5214 ἐραστὰς,
3010 5144 3092 5198 ὅτι
3119 5143 3212 5213 Μὴ
3251 5141 3508 5214 νομίσητε
3543 5136 3637 5193 νῦν

2179 5335 2199 5361 τ
2239 5323 2427 5380 Mattlt.
2475 5341 2622 5390 χχιιι,
2656 5326 2719 5378 16

1692 5477 1925 5537 VARUE
1953 5478 2357 5536 LECTIONES.

497 5608 703 5682 παλ-Α
742 5611 1037 5682 πλανήσει.
1105 5611 1264 5682 frmi.
1290 5611 1331 5665 Β
1352 5613 1407 5682 ἦ.

373 5674 558 5756 discat.
607 5678 657 5756 _°
686 5682 777 5734 τὸν
800 5674 1064 5756 αἰῶνι-Β
1078 5681 1257 5756 τέλος..
1320 5674 1438 5756 _"B
1469 5683 1774 5756 δοθήσεται.

455 5746 501 5796 Α
533 5748 763 5804 καθίσει.
861 5752 903 5783 ¹¹
926 5750 1041 5803 τοῦ.
1078 5751 1199 5808 Des.
1235 5753 1289 5806 in
1319 5752 1377 5806 Β.

379 5746 421 5779 ιι

378 5816 484 5883 leg.
564 5815 605 5847 "
640 5819 780 5881 τούς.
815 5818 871 5874 In
899 5820 936 5871 Β
970 5832 1090 5890 post
1115 5822 1391 5885 εὐσεϐείας
1414 5825 1651 5892 punitur.

1484 5614 1505 5700 ξ
1535 5615 1646 5669 τοῦ.
1682 5612 1758 5669 Ex
1791 5615 1835 5668 Α
1864 5624 1918 5671 et
1951 5616 1993 5669 Β
2022 5615 2199 5740 suppl.
2271 5612 2292 5643 '
2328 5614 2425 5672 εἷδ.
2453 5617 2505 5671 lu
2540 5620 2581 5672 B
2609 5623 2732 5688 post
2770 5634 2972 5690 τιμωρ.
3003 5614 3244 5689 ponitur.

1484 5683 1774 5740 ›οθήσεται.
1889 5687 1932 5719 ²⁰
1956 5703 2088 5740 καιο
2120 5705 2147 5739 ν
2176 5718 2247 5729 --
2273 5688 2441 5740 λέγει.
2477 5688 2574 5740 His
2603 5690 2803 5740 similia
2827 5696 3045 5740 exstant
3067 5684 3233 5740 infra.

1491 5703 1774 5759 μουησεται.
1889 5703 1932 5719 ιν
1956 5703 2147 5758 καιρον
2176 5718 2247 5729 -—
2275 5703 2441 5756 Λεγει.
2478 5703 2557 5741 ms

1491 5754 1534 5828 ’ἦ
1562 5760 1644 5811 ἐκ,
1674 5754 1710 5809 θ.
1730 5774 1825 5828 πρ.
1861 5755 1982 5812 Vid.
2014 5773 2199 5828 supra,
2237 5760 2302 5812 ad
2333 5766 2476 5813 vers.
2504 5758 2557 5812 8.

3344 5616 3366 5649 ⁷
3395 5615 3438 5669 Β
3471 5615 3633 5689 ἀμείο

2176 5718 2247 5729 -—
2273 5688 2441 5756 λέγει.
2477 5688 2574 5744 His
2603 5684 2803 5743 similia
2827 5684 3045 5744 exstant
3067 5684 3233 5746 intra.
3264 5684 3332 5741 ad
3364 5701 3413 5742 c.
3440 5684 3542 5744 ιιι.
3577 5687 3630 5741 7.

2658 5759 2701 5790 ¹⁵
2728 5759 2791 5813 τὸ
2824 5760 3038 5827 εὐαγγ.,
3064 5776 3116 5814 κ.
3143 5772 3197 5811 τ.
3229 5757 3278 5811 λ.
3313 5757 3486 5814 Aliter
3510 5760 3544 5813 l.
3579 5773 3629 5811 c.
