  <div class='ocr_page' id='page_1' title='image "/cluster/home/n/w/nwhite01/storage/ocr_20150623/81:no.2/coo.31924054869825/727.png"; bbox 0 0 4092 6460; ppageno 0'>
   <div class='ocr_carea' id='block_1_1' title="bbox 432 468 566 532">
    <p class='ocr_par' dir='ltr' id='par_1_1' title="bbox 432 468 566 532">
     <span class='ocr_line' id='line_1_1' title="bbox 432 468 566 532; baseline -0.015 0"><span class='ocrx_word' id='word_1_1' title='bbox 432 468 566 532; x_wconf 62' lang='lat'><strong>1439</strong></span> 
     </span>
    </p>
   </div>
   <div class='ocr_carea' id='block_1_2' title="bbox 1406 453 2660 521">
    <p class='ocr_par' dir='ltr' id='par_1_2' title="bbox 1406 453 2660 521">
     <span class='ocr_line' id='line_1_2' title="bbox 1406 453 2660 521; baseline -0.008 1"><span class='ocrx_word' id='word_1_2' title='bbox 1406 456 1891 521; x_wconf 78' lang='lat' dir='ltr'><strong>THEODORETI</strong></span> <span class='ocrx_word' id='word_1_3' title='bbox 1926 454 2264 514; x_wconf 74' lang='lat' dir='ltr'><strong>EPISCOPI</strong></span> <span class='ocrx_word' id='word_1_4' title='bbox 2296 453 2660 514; x_wconf 76' lang='lat' dir='ltr'><strong>CYRENSIS</strong></span> 
     </span>
    </p>
   </div>
   <div class='ocr_carea' id='block_1_3' title="bbox 3533 446 3671 513">
    <p class='ocr_par' dir='ltr' id='par_1_3' title="bbox 3533 446 3671 513">
     <span class='ocr_line' id='line_1_3' title="bbox 3533 446 3671 513; baseline 0.022 -3"><span class='ocrx_word' id='word_1_5' title='bbox 3533 446 3671 513; x_wconf 73' lang='grc'><strong>1440</strong></span> 
     </span>
    </p>
   </div>
   <div class='ocr_carea' id='block_1_4' title="bbox 427 546 2005 652">
    <p class='ocr_par' dir='ltr' id='par_1_4' title="bbox 427 569 1996 652">
     <span class='ocr_line' id='line_1_4' title="bbox 427 569 1996 652; baseline -0.009 -16"><span class='ocrx_word' id='word_1_6' title='bbox 427 584 626 652; x_wconf 86' lang='lat' dir='ltr'><strong>inquit,</strong></span> <span class='ocrx_word' id='word_1_7' title='bbox 655 580 783 635; x_wconf 76' lang='lat' dir='ltr'><strong>milii</strong></span> <span class='ocrx_word' id='word_1_8' title='bbox 805 577 1025 634; x_wconf 84' lang='lat' dir='ltr'><strong>videbar</strong></span> <span class='ocrx_word' id='word_1_9' title='bbox 1054 585 1204 633; x_wconf 84' lang='lat' dir='ltr'><strong>stare</strong></span> <span class='ocrx_word' id='word_1_10' title='bbox 1233 594 1246 632; x_wconf 90' lang='lat'><strong>:</strong></span> <span class='ocrx_word' id='word_1_11' title='bbox 1273 575 1346 630; x_wconf 90' lang='lat' dir='ltr'><strong>ita</strong></span> <span class='ocrx_word' id='word_1_12' title='bbox 1371 572 1515 629; x_wconf 86' lang='lat' dir='ltr'><strong>enim</strong></span> <span class='ocrx_word' id='word_1_13' title='bbox 1545 569 1767 641; x_wconf 83' lang='lat' dir='ltr'><strong>quidam</strong></span> <span class='ocrx_word' id='word_1_14' title='bbox 1797 583 1996 638; x_wconf 84' lang='lat' dir='ltr'><strong>posue-</strong></span> 
     </span>
    </p>
   </div>
   <div class='ocr_carea' id='block_1_5' title="bbox 2106 546 3669 652">
    <p class='ocr_par' dir='ltr' id='par_1_5' title="bbox 2106 546 3669 636">
     <span class='ocr_line' id='line_1_5' title="bbox 2106 546 3669 636; baseline 0.001 -21"><span class='ocrx_word' id='word_1_15' title='bbox 2106 585 2124 615; x_wconf 75' lang='grc' dir='ltr'><strong>ι</strong></span> <span class='ocrx_word' id='word_1_16' title='bbox 2163 566 2270 617; x_wconf 63' lang='grc' dir='ltr'>Καὶ</span> <span class='ocrx_word' id='word_1_17' title='bbox 2308 566 2455 636; x_wconf 74' lang='grc' dir='ltr'>ήμην</span> <span class='ocrx_word' id='word_1_18' title='bbox 2478 605 2493 629; x_wconf 88' lang='grc'><strong>,</strong></span> <span class='ocrx_word' id='word_1_19' title='bbox 2528 546 2852 633; x_wconf 41' lang='grc' dir='ltr'>φησὶνξὲπὶ</span> <span class='ocrx_word' id='word_1_20' title='bbox 2889 561 3045 616; x_wconf 56' lang='grc' dir='ltr'><strong>τοῦδ⁸</strong></span> <span class='ocrx_word' id='word_1_21' title='bbox 3080 560 3282 616; x_wconf 78' lang='grc' dir='ltr'><strong>Οὺόάλ.</strong></span> <span class='ocrx_word' id='word_1_22' title='bbox 3319 579 3337 614; x_wconf 78' lang='grc' dir='ltr'>ι</span> <span class='ocrx_word' id='word_1_23' title='bbox 3374 559 3533 633; x_wconf 74' lang='grc' dir='ltr'>Παρὰ</span> <span class='ocrx_word' id='word_1_24' title='bbox 3571 562 3669 632; x_wconf 77' lang='grc' dir='ltr'><strong>τὴν</strong></span> 
     </span>
    </p>
   </div>
   <div class='ocr_carea' id='block_1_6' title="bbox 430 676 930 741">
    <p class='ocr_par' dir='ltr' id='par_1_6' title="bbox 430 676 930 741">
     <span class='ocr_line' id='line_1_6' title="bbox 430 676 930 741; baseline -0.006 -13"><span class='ocrx_word' id='word_1_25' title='bbox 430 682 557 728; x_wconf 89' lang='lat' dir='ltr'><strong>runt</strong></span> <span class='ocrx_word' id='word_1_26' title='bbox 589 676 930 741; x_wconf 72' lang='lat' dir='ltr'><strong>interpretes.</strong></span> 
     </span>
    </p>
   </div>
   <div class='ocr_carea' id='block_1_7' title="bbox 503 831 1999 898">
    <p class='ocr_par' dir='ltr' id='par_1_7' title="bbox 503 831 1999 898">
     <span class='ocr_line' id='line_1_7' title="bbox 503 831 1999 898; baseline -0.008 0"><span class='ocrx_word' id='word_1_27' title='bbox 503 845 662 898; x_wconf 74' lang='lat' dir='ltr'><strong>Vens.</strong></span> <span class='ocrx_word' id='word_1_28' title='bbox 696 843 749 896; x_wconf 78' lang='lat'><strong>3.</strong></span> <span class='ocrx_word' id='word_1_29' title='bbox 779 840 874 895; x_wconf 66' lang='lat' dir='ltr'><strong>«Et</strong></span> <span class='ocrx_word' id='word_1_30' title='bbox 922 839 1118 895; x_wconf 85' lang='lat' dir='ltr'><strong>sustuli</strong></span> <span class='ocrx_word' id='word_1_31' title='bbox 1156 837 1348 893; x_wconf 90' lang='lat' dir='ltr'><strong>oculos</strong></span> <span class='ocrx_word' id='word_1_32' title='bbox 1396 850 1567 897; x_wconf 81' lang='lat' dir='ltr'><strong>meos,</strong></span> <span class='ocrx_word' id='word_1_33' title='bbox 1598 846 1651 888; x_wconf 90' lang='lat' dir='ltr'><strong>et</strong></span> <span class='ocrx_word' id='word_1_34' title='bbox 1691 846 1816 888; x_wconf 84' lang='lat' dir='ltr'><strong>ecce</strong></span> <span class='ocrx_word' id='word_1_35' title='bbox 1855 831 1999 886; x_wconf 84' lang='lat' dir='ltr'><strong>aries</strong></span> 
     </span>
    </p>
   </div>
   <div class='ocr_carea' id='block_1_8' title="bbox 430 924 1994 1001">
    <p class='ocr_par' dir='ltr' id='par_1_8' title="bbox 430 924 1994 1001">
     <span class='ocr_line' id='line_1_8' title="bbox 430 924 1994 1001; baseline -0.01 -11"><span class='ocrx_word' id='word_1_36' title='bbox 430 952 572 990; x_wconf 85' lang='lat' dir='ltr'><strong>unus</strong></span> <span class='ocrx_word' id='word_1_37' title='bbox 627 944 782 989; x_wconf 89' lang='lat' dir='ltr'><strong>stans</strong></span> <span class='ocrx_word' id='word_1_38' title='bbox 825 948 989 1001; x_wconf 83' lang='lat' dir='ltr'><strong>super</strong></span> <span class='ocrx_word' id='word_1_39' title='bbox 1033 930 1192 992; x_wconf 89' lang='lat' dir='ltr'><strong>Ubal,</strong></span> <span class='ocrx_word' id='word_1_40' title='bbox 1224 940 1279 983; x_wconf 85' lang='lat' dir='ltr'><strong>et</strong></span> <span class='ocrx_word' id='word_1_41' title='bbox 1320 931 1421 997; x_wconf 85' lang='lat' dir='ltr'><strong>ipsi</strong></span> <span class='ocrx_word' id='word_1_42' title='bbox 1475 939 1681 980; x_wconf 82' lang='lat' dir='ltr'><strong>cornua</strong></span> <span class='ocrx_word' id='word_1_43' title='bbox 1740 924 1953 978; x_wconf 85' lang='lat' dir='ltr'><strong>excelsa</strong></span> <span class='ocrx_word' id='word_1_44' title='bbox 1980 961 1994 986; x_wconf 90' lang='lat'><strong>,</strong></span> 
     </span>
    </p>
   </div>
   <div class='ocr_carea' id='block_1_9' title="bbox 428 1016 1996 1086">
    <p class='ocr_par' dir='ltr' id='par_1_9' title="bbox 428 1016 1996 1086">
     <span class='ocr_line' id='line_1_9' title="bbox 428 1016 1996 1086; baseline -0.009 -3"><span class='ocrx_word' id='word_1_45' title='bbox 428 1042 478 1083; x_wconf 85' lang='lat' dir='ltr'><strong>et</strong></span> <span class='ocrx_word' id='word_1_46' title='bbox 501 1043 666 1081; x_wconf 87' lang='lat' dir='ltr'><strong>unum</strong></span> <span class='ocrx_word' id='word_1_47' title='bbox 698 1026 970 1079; x_wconf 70' lang='lat' dir='ltr'><strong>excelsius</strong></span> <span class='ocrx_word' id='word_1_48' title='bbox 1004 1026 1196 1086; x_wconf 79' lang='lat' dir='ltr'><strong>altero,</strong></span> <span class='ocrx_word' id='word_1_49' title='bbox 1224 1031 1277 1076; x_wconf 89' lang='lat' dir='ltr'><strong>et</strong></span> <span class='ocrx_word' id='word_1_50' title='bbox 1299 1021 1572 1076; x_wconf 81' lang='lat' dir='ltr'><strong>excelsius</strong></span> <span class='ocrx_word' id='word_1_51' title='bbox 1596 1016 1996 1074; x_wconf 83' lang='lat' dir='ltr'><strong>ascendebatin</strong></span> 
     </span>
    </p>
   </div>
   <div class='ocr_carea' id='block_1_10' title="bbox 428 1110 1998 1185">
    <p class='ocr_par' dir='ltr' id='par_1_10' title="bbox 428 1110 1998 1185">
     <span class='ocr_line' id='line_1_10' title="bbox 428 1110 1998 1185; baseline -0.011 -10"><span class='ocrx_word' id='word_1_52' title='bbox 428 1129 690 1175; x_wconf 81' lang='lat' dir='ltr'><strong>extremo.</strong></span> <span class='ocrx_word' id='word_1_53' title='bbox 724 1136 744 1168; x_wconf 73' lang='grc' dir='ltr'>ι</span> <span class='ocrx_word' id='word_1_54' title='bbox 783 1115 1061 1171; x_wconf 84' lang='lat' dir='ltr'><strong>Persicum</strong></span> <span class='ocrx_word' id='word_1_55' title='bbox 1085 1128 1308 1185; x_wconf 72' lang='lat' dir='ltr'><strong>regnum</strong></span> <span class='ocrx_word' id='word_1_56' title='bbox 1339 1114 1495 1165; x_wconf 85' lang='lat' dir='ltr'><strong>arieti</strong></span> <span class='ocrx_word' id='word_1_57' title='bbox 1529 1111 1708 1166; x_wconf 88' lang='lat' dir='ltr'><strong>simile</strong></span> <span class='ocrx_word' id='word_1_58' title='bbox 1737 1110 1998 1174; x_wconf 87' lang='lat' dir='ltr'><strong>intuetur,</strong></span> 
     </span>
    </p>
   </div>
   <div class='ocr_carea' id='block_1_11' title="bbox 430 1201 1998 1278">
    <p class='ocr_par' dir='ltr' id='par_1_11' title="bbox 430 1201 1998 1278">
     <span class='ocr_line' id='line_1_11' title="bbox 430 1201 1998 1278; baseline -0.006 -16"><span class='ocrx_word' id='word_1_59' title='bbox 430 1219 689 1278; x_wconf 82' lang='lat' dir='ltr'><strong>tanquam</strong></span> <span class='ocrx_word' id='word_1_60' title='bbox 729 1208 937 1263; x_wconf 76' lang='lat' dir='ltr'><strong>divitiis</strong></span> <span class='ocrx_word' id='word_1_61' title='bbox 971 1205 1195 1265; x_wconf 82' lang='lat' dir='ltr'><strong>ﬂorens,</strong></span> <span class='ocrx_word' id='word_1_62' title='bbox 1233 1205 1636 1271; x_wconf 87' lang='lat' dir='ltr'><strong>multarumque</strong></span> <span class='ocrx_word' id='word_1_63' title='bbox 1677 1201 1998 1254; x_wconf 84' lang='lat' dir='ltr'><strong>facultatum</strong></span> 
     </span>
    </p>
   </div>
   <div class='ocr_carea' id='block_1_12' title="bbox 429 1293 2005 1356">
    <p class='ocr_par' dir='ltr' id='par_1_12' title="bbox 429 1293 2005 1356">
     <span class='ocr_line' id='line_1_12' title="bbox 429 1293 2005 1356; baseline -0.007 -1"><span class='ocrx_word' id='word_1_64' title='bbox 429 1302 683 1355; x_wconf 80' lang='lat' dir='ltr'><strong>obtinens</strong></span> <span class='ocrx_word' id='word_1_65' title='bbox 725 1300 1137 1356; x_wconf 88' lang='lat' dir='ltr'><strong>abundantiam.</strong></span> <span class='ocrx_word' id='word_1_66' title='bbox 1162 1296 1276 1350; x_wconf 82' lang='lat' dir='ltr'><strong>Duo</strong></span> <span class='ocrx_word' id='word_1_67' title='bbox 1331 1311 1525 1349; x_wconf 86' lang='lat' dir='ltr'><strong>cornua</strong></span> <span class='ocrx_word' id='word_1_68' title='bbox 1574 1294 1628 1347; x_wconf 91' lang='lat' dir='ltr'><strong>in</strong></span> <span class='ocrx_word' id='word_1_69' title='bbox 1675 1293 1846 1346; x_wconf 86' lang='lat' dir='ltr'><strong>ariete</strong></span> <span class='ocrx_word' id='word_1_70' title='bbox 1870 1308 2005 1346; x_wconf 78' lang='lat' dir='ltr'><strong>con-</strong></span> 
     </span>
    </p>
   </div>
   <div class='ocr_carea' id='block_1_13' title="bbox 431 1387 1974 1462">
    <p class='ocr_par' dir='ltr' id='par_1_13' title="bbox 431 1387 1974 1462">
     <span class='ocr_line' id='line_1_13' title="bbox 431 1387 1974 1462; baseline -0.006 -14"><span class='ocrx_word' id='word_1_71' title='bbox 431 1396 747 1462; x_wconf 85' lang='lat' dir='ltr'><strong>tetnplatur,</strong></span> <span class='ocrx_word' id='word_1_72' title='bbox 779 1398 797 1417; x_wconf 84' lang='lat'>&#39;</span> <span class='ocrx_word' id='word_1_73' title='bbox 838 1393 967 1462; x_wconf 85' lang='lat' dir='ltr'><strong>quia</strong></span> <span class='ocrx_word' id='word_1_74' title='bbox 1018 1392 1227 1460; x_wconf 88' lang='lat' dir='ltr'><strong>primus</strong></span> <span class='ocrx_word' id='word_1_75' title='bbox 1260 1390 1498 1455; x_wconf 87' lang='lat' dir='ltr'><strong>ipsorum</strong></span> <span class='ocrx_word' id='word_1_76' title='bbox 1553 1400 1718 1454; x_wconf 81' lang='lat' dir='ltr'><strong>regno</strong></span> <span class='ocrx_word' id='word_1_77' title='bbox 1766 1387 1974 1453; x_wconf 84' lang='lat' dir='ltr'><strong>potitus</strong></span> 
     </span>
    </p>
   </div>
   <div class='ocr_carea' id='block_1_14' title="bbox 430 1479 2003 1554">
    <p class='ocr_par' dir='ltr' id='par_1_14' title="bbox 430 1479 2003 1554">
     <span class='ocr_line' id='line_1_14' title="bbox 430 1479 2003 1554; baseline -0.004 -17"><span class='ocrx_word' id='word_1_78' title='bbox 430 1492 514 1537; x_wconf 90' lang='lat' dir='ltr'><strong>est</strong></span> <span class='ocrx_word' id='word_1_79' title='bbox 542 1484 742 1554; x_wconf 80' lang='lat' dir='ltr'><strong>Cyrus,</strong></span> <span class='ocrx_word' id='word_1_80' title='bbox 771 1493 824 1537; x_wconf 92' lang='lat' dir='ltr'><strong>et</strong></span> <span class='ocrx_word' id='word_1_81' title='bbox 850 1497 1022 1551; x_wconf 81' lang='lat' dir='ltr'><strong>usque</strong></span> <span class='ocrx_word' id='word_1_82' title='bbox 1046 1480 1110 1534; x_wconf 90' lang='lat' dir='ltr'><strong>ad</strong></span> <span class='ocrx_word' id='word_1_83' title='bbox 1147 1479 1287 1532; x_wconf 84' lang='lat' dir='ltr'><strong>ﬁlios</strong></span> <span class='ocrx_word' id='word_1_84' title='bbox 1318 1485 1528 1530; x_wconf 90' lang='lat' dir='ltr'><strong>tantum</strong></span> <span class='ocrx_word' id='word_1_85' title='bbox 1560 1492 1788 1545; x_wconf 80' lang='lat' dir='ltr'><strong>regnum</strong></span> <span class='ocrx_word' id='word_1_86' title='bbox 1815 1482 2003 1530; x_wconf 88' lang='lat' dir='ltr'><strong>trans-</strong></span> 
     </span>
    </p>
   </div>
   <div class='ocr_carea' id='block_1_15' title="bbox 431 1563 1997 1642">
    <p class='ocr_par' dir='ltr' id='par_1_15' title="bbox 431 1563 1997 1642">
     <span class='ocr_line' id='line_1_15' title="bbox 431 1563 1997 1642; baseline -0.004 -17"><span class='ocrx_word' id='word_1_87' title='bbox 431 1571 625 1626; x_wconf 86' lang='lat' dir='ltr'><strong>misit:</strong></span> <span class='ocrx_word' id='word_1_88' title='bbox 663 1572 931 1642; x_wconf 85' lang='lat' dir='ltr'><strong>Catnbyse</strong></span> <span class='ocrx_word' id='word_1_89' title='bbox 976 1570 1121 1624; x_wconf 83' lang='lat' dir='ltr'><strong>enim</strong></span> <span class='ocrx_word' id='word_1_90' title='bbox 1175 1568 1321 1622; x_wconf 90' lang='lat' dir='ltr'><strong>illius</strong></span> <span class='ocrx_word' id='word_1_91' title='bbox 1381 1567 1490 1620; x_wconf 82' lang='lat' dir='ltr'><strong>lilio</strong></span> <span class='ocrx_word' id='word_1_92' title='bbox 1554 1566 1661 1618; x_wconf 87' lang='lat' dir='ltr'><strong>vita</strong></span> <span class='ocrx_word' id='word_1_93' title='bbox 1716 1563 1997 1630; x_wconf 75' lang='lat' dir='ltr'><strong>defuncto,</strong></span> 
     </span>
    </p>
   </div>
   <div class='ocr_carea' id='block_1_16' title="bbox 430 1658 2004 1731">
    <p class='ocr_par' dir='ltr' id='par_1_16' title="bbox 430 1658 2004 1731">
     <span class='ocr_line' id='line_1_16' title="bbox 430 1658 2004 1731; baseline -0.002 -16"><span class='ocrx_word' id='word_1_94' title='bbox 430 1677 635 1731; x_wconf 84' lang='lat' dir='ltr'><strong>paucos</strong></span> <span class='ocrx_word' id='word_1_95' title='bbox 683 1677 895 1716; x_wconf 88' lang='lat' dir='ltr'><strong>menses</strong></span> <span class='ocrx_word' id='word_1_96' title='bbox 945 1661 1084 1727; x_wconf 70' lang='lat' dir='ltr'><strong>magi</strong></span> <span class='ocrx_word' id='word_1_97' title='bbox 1135 1673 1367 1727; x_wconf 77' lang='lat' dir='ltr'><strong>regnum</strong></span> <span class='ocrx_word' id='word_1_98' title='bbox 1408 1658 1804 1711; x_wconf 86' lang='lat' dir='ltr'><strong>obtinuerunt:</strong></span> <span class='ocrx_word' id='word_1_99' title='bbox 1854 1658 2004 1726; x_wconf 89' lang='lat' dir='ltr'><strong>quod</strong></span> 
     </span>
    </p>
   </div>
   <div class='ocr_carea' id='block_1_17' title="bbox 433 1750 2006 1823">
    <p class='ocr_par' dir='ltr' id='par_1_17' title="bbox 433 1750 2006 1823">
     <span class='ocr_line' id='line_1_17' title="bbox 433 1750 2006 1823; baseline -0.001 -17"><span class='ocrx_word' id='word_1_100' title='bbox 433 1754 592 1823; x_wconf 84' lang='lat' dir='ltr'><strong>paulo</strong></span> <span class='ocrx_word' id='word_1_101' title='bbox 614 1762 735 1823; x_wconf 81' lang='lat' dir='ltr'><strong>post</strong></span> <span class='ocrx_word' id='word_1_102' title='bbox 754 1755 961 1823; x_wconf 75' lang='lat' dir='ltr'><strong>excepit</strong></span> <span class='ocrx_word' id='word_1_103' title='bbox 984 1751 1176 1807; x_wconf 88' lang='lat' dir='ltr'><strong>Darius</strong></span> <span class='ocrx_word' id='word_1_104' title='bbox 1199 1750 1481 1821; x_wconf 81' lang='lat' dir='ltr'><strong>Hystaspis</strong></span> <span class='ocrx_word' id='word_1_105' title='bbox 1507 1750 1672 1812; x_wconf 84' lang='lat' dir='ltr'><strong>ﬁlius,</strong></span> <span class='ocrx_word' id='word_1_106' title='bbox 1701 1750 1795 1820; x_wconf 90' lang='lat' dir='ltr'><strong>qni</strong></span> <span class='ocrx_word' id='word_1_107' title='bbox 1830 1765 2006 1818; x_wconf 89' lang='lat' dir='ltr'><strong>usque</strong></span> 
     </span>
    </p>
   </div>
   <div class='ocr_carea' id='block_1_18' title="bbox 431 1838 2004 1911">
    <p class='ocr_par' dir='ltr' id='par_1_18' title="bbox 431 1838 2004 1911">
     <span class='ocr_line' id='line_1_18' title="bbox 431 1838 2004 1911; baseline -0.001 -18"><span class='ocrx_word' id='word_1_108' title='bbox 431 1842 496 1894; x_wconf 86' lang='lat' dir='ltr'><strong>ad</strong></span> <span class='ocrx_word' id='word_1_109' title='bbox 517 1850 738 1911; x_wconf 86' lang='lat' dir='ltr'><strong>nepotes</strong></span> <span class='ocrx_word' id='word_1_110' title='bbox 751 1850 801 1895; x_wconf 90' lang='lat' dir='ltr'><strong>et</strong></span> <span class='ocrx_word' id='word_1_111' title='bbox 815 1848 1137 1911; x_wconf 84' lang='lat' dir='ltr'><strong>pronepotes</strong></span> <span class='ocrx_word' id='word_1_112' title='bbox 1162 1855 1386 1909; x_wconf 80' lang='lat' dir='ltr'><strong>regnum</strong></span> <span class='ocrx_word' id='word_1_113' title='bbox 1405 1838 1732 1899; x_wconf 86' lang='lat' dir='ltr'><strong>transmisit,</strong></span> <span class='ocrx_word' id='word_1_114' title='bbox 1751 1854 1921 1907; x_wconf 86' lang='lat' dir='ltr'><strong>usque</strong></span> <span class='ocrx_word' id='word_1_115' title='bbox 1937 1838 2004 1892; x_wconf 89' lang='lat' dir='ltr'><strong>ad</strong></span> 
     </span>
    </p>
   </div>
   <div class='ocr_carea' id='block_1_19' title="bbox 2098 652 3668 727">
    <p class='ocr_par' dir='ltr' id='par_1_19' title="bbox 2098 652 3668 727">
     <span class='ocr_line' id='line_1_19' title="bbox 2098 652 3668 727; baseline -0.001 -19"><span class='ocrx_word' id='word_1_116' title='bbox 2098 656 2309 727; x_wconf 90' lang='grc' dir='ltr'>πύλην,</span> <span class='ocrx_word' id='word_1_117' title='bbox 2360 657 2563 725; x_wconf 71' lang='grc' dir='ltr'>φησιν,</span> <span class='ocrx_word' id='word_1_118' title='bbox 2607 653 2826 709; x_wconf 72' lang='grc' dir='ltr'>ἐδόκουν</span> <span class='ocrx_word' id='word_1_119' title='bbox 2874 655 3101 707; x_wconf 79' lang='grc' dir='ltr'>ἑστάναι</span> <span class='ocrx_word' id='word_1_120' title='bbox 3128 670 3141 686; x_wconf 88' lang='grc'><strong>·</strong></span> <span class='ocrx_word' id='word_1_121' title='bbox 3183 652 3326 706; x_wconf 73' lang='grc' dir='ltr'>οὕτω</span> <span class='ocrx_word' id='word_1_122' title='bbox 3371 652 3481 723; x_wconf 81' lang='grc' dir='ltr'><strong>γὰρ</strong></span> <span class='ocrx_word' id='word_1_123' title='bbox 3512 652 3668 707; x_wconf 78' lang='grc' dir='ltr'>τοῦτό</span> 
     </span>
    </p>
   </div>
   <div class='ocr_carea' id='block_1_20' title="bbox 2095 746 3072 817">
    <p class='ocr_par' dir='ltr' id='par_1_20' title="bbox 2095 746 3072 817">
     <span class='ocr_line' id='line_1_20' title="bbox 2095 746 3072 817; baseline -0.002 -17"><span class='ocrx_word' id='word_1_124' title='bbox 2095 764 2238 811; x_wconf 85' lang='grc' dir='ltr'>τινες</span> <span class='ocrx_word' id='word_1_125' title='bbox 2264 748 2374 800; x_wconf 82' lang='grc' dir='ltr'>τῶν</span> <span class='ocrx_word' id='word_1_126' title='bbox 2396 746 2744 817; x_wconf 84' lang='grc' dir='ltr'>ὲρμηνευτῶν</span> <span class='ocrx_word' id='word_1_127' title='bbox 2771 746 3072 799; x_wconf 82' lang='grc' dir='ltr'>τεθείκασι.</span> 
     </span>
    </p>
   </div>
   <div class='ocr_carea' id='block_1_21' title="bbox 2170 834 3670 910">
    <p class='ocr_par' dir='ltr' id='par_1_21' title="bbox 2170 834 3670 910">
     <span class='ocr_line' id='line_1_21' title="bbox 2170 834 3670 910; baseline -0.003 -17"><span class='ocrx_word' id='word_1_128' title='bbox 2170 846 2241 906; x_wconf 88' lang='grc' dir='ltr'><strong>γ’.</strong></span> <span class='ocrx_word' id='word_1_129' title='bbox 2279 859 2298 890; x_wconf 77' lang='grc' dir='ltr'><strong>ι</strong></span> <span class='ocrx_word' id='word_1_130' title='bbox 2333 839 2443 892; x_wconf 84' lang='lat' dir='ltr'><strong>Kal.</strong></span> <span class='ocrx_word' id='word_1_131' title='bbox 2465 834 2575 910; x_wconf 78' lang='grc' dir='ltr'>ἦρα</span> <span class='ocrx_word' id='word_1_132' title='bbox 2612 838 2739 900; x_wconf 82' lang='grc' dir='ltr'>τοὺς</span> <span class='ocrx_word' id='word_1_133' title='bbox 2786 837 3098 909; x_wconf 83' lang='grc' dir='ltr'>ὀφθαλμούς</span> <span class='ocrx_word' id='word_1_134' title='bbox 3141 854 3243 906; x_wconf 91' lang='grc' dir='ltr'><strong>μου</strong></span> <span class='ocrx_word' id='word_1_135' title='bbox 3264 836 3308 870; x_wconf 74' lang='grc'><strong>⁸⁸</strong></span> <span class='ocrx_word' id='word_1_136' title='bbox 3354 837 3450 889; x_wconf 77' lang='grc' dir='ltr'><strong>καὶ</strong></span> <span class='ocrx_word' id='word_1_137' title='bbox 3467 836 3513 868; x_wconf 82' lang='grc' dir='ltr'><strong>⁵ο</strong></span> <span class='ocrx_word' id='word_1_138' title='bbox 3560 835 3670 889; x_wconf 74' lang='grc' dir='ltr'>ἰδοὺ</span> 
     </span>
    </p>
   </div>
   <div class='ocr_carea' id='block_1_22' title="bbox 2099 925 3675 1002">
    <p class='ocr_par' dir='ltr' id='par_1_22' title="bbox 2099 925 3675 1002">
     <span class='ocr_line' id='line_1_22' title="bbox 2099 925 3675 1002; baseline -0.003 -18"><span class='ocrx_word' id='word_1_139' title='bbox 2099 930 2253 1002; x_wconf 82' lang='grc' dir='ltr'>κριὸς</span> <span class='ocrx_word' id='word_1_140' title='bbox 2284 925 2362 992; x_wconf 79' lang='grc' dir='ltr'><strong>εἷς</strong></span> <span class='ocrx_word' id='word_1_141' title='bbox 2402 930 2649 1001; x_wconf 75' lang='grc' dir='ltr'>ἑστηκὼς</span> <span class='ocrx_word' id='word_1_142' title='bbox 2682 931 2836 983; x_wconf 80' lang='grc' dir='ltr'>ὲπὶ⁸¹</span> <span class='ocrx_word' id='word_1_143' title='bbox 2884 930 2978 984; x_wconf 81' lang='grc' dir='ltr'>τοῦ</span> <span class='ocrx_word' id='word_1_144' title='bbox 3023 930 3237 994; x_wconf 77' lang='grc' dir='ltr'>Οὑὸὰλ,</span> <span class='ocrx_word' id='word_1_145' title='bbox 3277 928 3370 982; x_wconf 75' lang='grc' dir='ltr'><strong>καὶ</strong></span> <span class='ocrx_word' id='word_1_146' title='bbox 3400 926 3551 998; x_wconf 82' lang='grc' dir='ltr'><strong>αὖτῷ</strong></span> <span class='ocrx_word' id='word_1_147' title='bbox 3579 927 3675 981; x_wconf 80' lang='grc' dir='ltr'><strong>κέ·-</strong></span> 
     </span>
    </p>
   </div>
   <div class='ocr_carea' id='block_1_23' title="bbox 2102 1017 3674 1093">
    <p class='ocr_par' dir='ltr' id='par_1_23' title="bbox 2102 1017 3674 1093">
     <span class='ocr_line' id='line_1_23' title="bbox 2102 1017 3674 1093; baseline -0.004 -17"><span class='ocrx_word' id='word_1_148' title='bbox 2102 1039 2241 1092; x_wconf 88' lang='grc' dir='ltr'>ρατα</span> <span class='ocrx_word' id='word_1_149' title='bbox 2258 1023 2302 1055; x_wconf 77' lang='grc'><strong>⁵³</strong></span> <span class='ocrx_word' id='word_1_150' title='bbox 2331 1021 2529 1092; x_wconf 76' lang='grc' dir='ltr'>ὑψηλὰ,</span> <span class='ocrx_word' id='word_1_151' title='bbox 2559 1025 2652 1076; x_wconf 70' lang='grc' dir='ltr'><strong>καὶ</strong></span> <span class='ocrx_word' id='word_1_152' title='bbox 2681 1023 2742 1075; x_wconf 84' lang='grc' dir='ltr'><strong>τὸ</strong></span> <span class='ocrx_word' id='word_1_153' title='bbox 2769 1022 2828 1077; x_wconf 78' lang='grc' dir='ltr'><strong>ἓν</strong></span> <span class='ocrx_word' id='word_1_154' title='bbox 2858 1022 3192 1093; x_wconf 75' lang='grc' dir='ltr'><strong>ὑψηλότερον</strong></span> <span class='ocrx_word' id='word_1_155' title='bbox 3210 1021 3307 1074; x_wconf 79' lang='grc' dir='ltr'><strong>τοῦ</strong></span> <span class='ocrx_word' id='word_1_156' title='bbox 3335 1020 3547 1090; x_wconf 75' lang='grc' dir='ltr'>ἑτέρου,</span> <span class='ocrx_word' id='word_1_157' title='bbox 3578 1017 3674 1071; x_wconf 76' lang='grc' dir='ltr'><strong>καὶ</strong></span> 
     </span>
    </p>
   </div>
   <div class='ocr_carea' id='block_1_24' title="bbox 2099 1108 3673 1183">
    <p class='ocr_par' dir='ltr' id='par_1_24' title="bbox 2099 1108 3673 1183">
     <span class='ocr_line' id='line_1_24' title="bbox 2099 1108 3673 1183; baseline -0.003 -18"><span class='ocrx_word' id='word_1_158' title='bbox 2099 1113 2160 1165; x_wconf 82' lang='grc' dir='ltr'>τὸ</span> <span class='ocrx_word' id='word_1_159' title='bbox 2200 1111 2527 1183; x_wconf 74' lang='grc' dir='ltr'><strong>ὑψηλότερον</strong></span> <span class='ocrx_word' id='word_1_160' title='bbox 2575 1112 2859 1167; x_wconf 74' lang='grc' dir='ltr'><strong>ἀνέϐαινεν</strong></span> <span class='ocrx_word' id='word_1_161' title='bbox 2914 1116 3001 1166; x_wconf 81' lang='grc' dir='ltr'>ἐπ’</span> <span class='ocrx_word' id='word_1_162' title='bbox 3054 1114 3285 1182; x_wconf 78' lang='grc' dir='ltr'><strong>ἐσχάτου</strong></span> <span class='ocrx_word' id='word_1_163' title='bbox 3305 1110 3449 1164; x_wconf 66' lang='grc'><strong>⁸³⁸⁸⁸.</strong></span> <span class='ocrx_word' id='word_1_164' title='bbox 3489 1128 3507 1161; x_wconf 75' lang='grc' dir='ltr'>ι</span> <span class='ocrx_word' id='word_1_165' title='bbox 3561 1108 3673 1178; x_wconf 80' lang='grc' dir='ltr'><strong>Τὴν</strong></span> 
     </span>
    </p>
   </div>
   <div class='ocr_carea' id='block_1_25' title="bbox 2102 1199 3733 1275">
    <p class='ocr_par' dir='ltr' id='par_1_25' title="bbox 2102 1199 3733 1275">
     <span class='ocr_line' id='line_1_25' title="bbox 2102 1199 3733 1275; baseline 0.001 -18"><span class='ocrx_word' id='word_1_166' title='bbox 2102 1204 2376 1275; x_wconf 83' lang='grc' dir='ltr'>Περσικὴν</span> <span class='ocrx_word' id='word_1_167' title='bbox 2432 1204 2710 1274; x_wconf 81' lang='grc' dir='ltr'>βασιλείαν</span> <span class='ocrx_word' id='word_1_168' title='bbox 2764 1204 2906 1273; x_wconf 78' lang='grc' dir='ltr'>κριῷ</span> <span class='ocrx_word' id='word_1_169' title='bbox 2963 1206 3208 1258; x_wconf 73' lang='grc' dir='ltr'><strong>ἐοικυῖαν</strong></span> <span class='ocrx_word' id='word_1_170' title='bbox 3261 1204 3404 1273; x_wconf 80' lang='grc' dir='ltr'>ὁρᾷ,</span> <span class='ocrx_word' id='word_1_171' title='bbox 3464 1201 3559 1255; x_wconf 74' lang='grc' dir='ltr'><strong>ἅτε</strong></span> <span class='ocrx_word' id='word_1_172' title='bbox 3607 1199 3673 1271; x_wconf 78' lang='grc' dir='ltr'><strong>δὴ</strong></span> <span class='ocrx_word' id='word_1_173' title='bbox 3730 1258 3733 1259; x_wconf 65' lang='lat'><strong>,</strong></span> 
     </span>
    </p>
   </div>
   <div class='ocr_carea' id='block_1_26' title="bbox 2101 1292 3676 1367">
    <p class='ocr_par' dir='ltr' id='par_1_26' title="bbox 2101 1292 3676 1367">
     <span class='ocr_line' id='line_1_26' title="bbox 2101 1292 3676 1367; baseline -0.004 -18"><span class='ocrx_word' id='word_1_174' title='bbox 2101 1296 2318 1366; x_wconf 83' lang='grc' dir='ltr'>πλούτῳ</span> <span class='ocrx_word' id='word_1_175' title='bbox 2348 1297 2642 1366; x_wconf 79' lang='grc' dir='ltr'>κομῶσαν,</span> <span class='ocrx_word' id='word_1_176' title='bbox 2691 1298 2784 1350; x_wconf 78' lang='grc' dir='ltr'>καὶ</span> <span class='ocrx_word' id='word_1_177' title='bbox 2827 1295 3027 1367; x_wconf 83' lang='grc' dir='ltr'>πολλὴν</span> <span class='ocrx_word' id='word_1_178' title='bbox 3071 1293 3393 1365; x_wconf 79' lang='grc' dir='ltr'>περιουσίας</span> <span class='ocrx_word' id='word_1_179' title='bbox 3443 1292 3676 1362; x_wconf 74' lang='grc' dir='ltr'>ἔχουσαν</span> 
     </span>
    </p>
   </div>
   <div class='ocr_carea' id='block_1_27' title="bbox 2101 1381 3677 1458">
    <p class='ocr_par' dir='ltr' id='par_1_27' title="bbox 2101 1381 3677 1458">
     <span class='ocr_line' id='line_1_27' title="bbox 2101 1381 3677 1458; baseline -0.006 -15"><span class='ocrx_word' id='word_1_180' title='bbox 2101 1388 2382 1458; x_wconf 85' lang='grc' dir='ltr'>ἀφθονίαν.</span> <span class='ocrx_word' id='word_1_181' title='bbox 2422 1388 2538 1442; x_wconf 80' lang='grc' dir='ltr'>Δύο</span> <span class='ocrx_word' id='word_1_182' title='bbox 2571 1387 2843 1456; x_wconf 78' lang='grc' dir='ltr'>κέρατα⁵⁵</span> <span class='ocrx_word' id='word_1_183' title='bbox 2877 1389 2934 1440; x_wconf 82' lang='grc' dir='ltr'>ὲν</span> <span class='ocrx_word' id='word_1_184' title='bbox 2957 1386 3036 1456; x_wconf 83' lang='grc' dir='ltr'>τῷ</span> <span class='ocrx_word' id='word_1_185' title='bbox 3064 1384 3203 1457; x_wconf 80' lang='grc' dir='ltr'>κριῷ</span> <span class='ocrx_word' id='word_1_186' title='bbox 3242 1385 3456 1454; x_wconf 80' lang='grc' dir='ltr'><strong>θεωρεῖ,</strong></span> <span class='ocrx_word' id='word_1_187' title='bbox 3487 1381 3677 1453; x_wconf 76' lang='grc' dir='ltr'>ἐπειδὴ</span> 
     </span>
    </p>
   </div>
   <div class='ocr_carea' id='block_1_28' title="bbox 2103 1470 3676 1548">
    <p class='ocr_par' dir='ltr' id='par_1_28' title="bbox 2103 1470 3676 1548">
     <span class='ocr_line' id='line_1_28' title="bbox 2103 1470 3676 1548; baseline -0.004 -19"><span class='ocrx_word' id='word_1_188' title='bbox 2103 1477 2315 1548; x_wconf 81' lang='grc' dir='ltr'>πρῶτος</span> <span class='ocrx_word' id='word_1_189' title='bbox 2345 1476 2443 1545; x_wconf 83' lang='grc' dir='ltr'><strong>μὲν</strong></span> <span class='ocrx_word' id='word_1_190' title='bbox 2475 1476 2657 1529; x_wconf 84' lang='grc' dir='ltr'>αὐτῶν</span> <span class='ocrx_word' id='word_1_191' title='bbox 2686 1476 3003 1529; x_wconf 67' lang='grc' dir='ltr'>ἐϐασίλευσε</span> <span class='ocrx_word' id='word_1_192' title='bbox 3029 1475 3233 1544; x_wconf 76' lang='grc' dir='ltr'>Κῦρος,</span> <span class='ocrx_word' id='word_1_193' title='bbox 3272 1472 3434 1543; x_wconf 82' lang='grc' dir='ltr'><strong>μέχρι</strong></span> <span class='ocrx_word' id='word_1_194' title='bbox 3458 1470 3515 1523; x_wconf 81' lang='grc' dir='ltr'><strong>δὲ</strong></span> <span class='ocrx_word' id='word_1_195' title='bbox 3544 1470 3676 1522; x_wconf 86' lang='grc' dir='ltr'>παί-</span> 
     </span>
    </p>
   </div>
   <div class='ocr_carea' id='block_1_29' title="bbox 2102 1561 3677 1637">
    <p class='ocr_par' dir='ltr' id='par_1_29' title="bbox 2102 1561 3677 1637">
     <span class='ocr_line' id='line_1_29' title="bbox 2102 1561 3677 1637; baseline -0.005 -17"><span class='ocrx_word' id='word_1_196' title='bbox 2102 1567 2207 1620; x_wconf 84' lang='grc' dir='ltr'><strong>δων</strong></span> <span class='ocrx_word' id='word_1_197' title='bbox 2237 1565 2397 1637; x_wconf 87' lang='grc' dir='ltr'><strong>μόνον</strong></span> <span class='ocrx_word' id='word_1_198' title='bbox 2419 1564 2466 1598; x_wconf 81' lang='grc'><strong>⁵⁸</strong></span> <span class='ocrx_word' id='word_1_199' title='bbox 2509 1565 2606 1637; x_wconf 82' lang='grc' dir='ltr'>τὴν</span> <span class='ocrx_word' id='word_1_200' title='bbox 2637 1566 2910 1636; x_wconf 85' lang='grc' dir='ltr'>βασιλείαν</span> <span class='ocrx_word' id='word_1_201' title='bbox 2956 1563 3286 1636; x_wconf 76' lang='grc' dir='ltr'>παρέπεμψε</span> <span class='ocrx_word' id='word_1_202' title='bbox 3317 1581 3331 1594; x_wconf 77' lang='grc'><em>’</em></span> <span class='ocrx_word' id='word_1_203' title='bbox 3373 1561 3677 1631; x_wconf 65' lang='grc' dir='ltr'><strong>Καμβύσου</strong></span> 
     </span>
    </p>
   </div>
   <div class='ocr_carea' id='block_1_30' title="bbox 2103 1653 3678 1728">
    <p class='ocr_par' dir='ltr' id='par_1_30' title="bbox 2103 1653 3678 1728">
     <span class='ocr_line' id='line_1_30' title="bbox 2103 1653 3678 1728; baseline -0.003 -19"><span class='ocrx_word' id='word_1_204' title='bbox 2103 1656 2213 1728; x_wconf 77' lang='grc' dir='ltr'>’γὰρ</span> <span class='ocrx_word' id='word_1_205' title='bbox 2248 1658 2340 1712; x_wconf 85' lang='grc' dir='ltr'><strong>τοῦ</strong></span> <span class='ocrx_word' id='word_1_206' title='bbox 2388 1658 2549 1722; x_wconf 82' lang='grc' dir='ltr'>υίέως</span> <span class='ocrx_word' id='word_1_207' title='bbox 2600 1658 2763 1711; x_wconf 69' lang='grc' dir='ltr'>αὑτοῦ</span> <span class='ocrx_word' id='word_1_208' title='bbox 2816 1657 3264 1721; x_wconf 81' lang='grc' dir='ltr'>τελευτήσαντος,</span> <span class='ocrx_word' id='word_1_209' title='bbox 3329 1655 3547 1721; x_wconf 75' lang='grc' dir='ltr'><strong>ὀλίγους¹</strong></span> <span class='ocrx_word' id='word_1_210' title='bbox 3579 1653 3678 1723; x_wconf 80' lang='grc' dir='ltr'><strong>μὲν</strong></span> 
     </span>
    </p>
   </div>
   <div class='ocr_carea' id='block_1_31' title="bbox 2109 1741 3676 1819">
    <p class='ocr_par' dir='ltr' id='par_1_31' title="bbox 2109 1741 3676 1819">
     <span class='ocr_line' id='line_1_31' title="bbox 2109 1741 3676 1819; baseline -0.004 -20"><span class='ocrx_word' id='word_1_211' title='bbox 2109 1750 2282 1817; x_wconf 87' lang='grc' dir='ltr'>μῆνας</span> <span class='ocrx_word' id='word_1_212' title='bbox 2319 1749 2369 1802; x_wconf 85' lang='grc' dir='ltr'>οί</span> <span class='ocrx_word' id='word_1_213' title='bbox 2404 1749 2568 1819; x_wconf 81' lang='grc' dir='ltr'><strong>μάγοι</strong></span> <span class='ocrx_word' id='word_1_214' title='bbox 2599 1748 2865 1818; x_wconf 81' lang='grc' dir='ltr'><strong>κατέσχον</strong></span> <span class='ocrx_word' id='word_1_215' title='bbox 2904 1747 3002 1818; x_wconf 80' lang='grc' dir='ltr'><strong>τὴν</strong></span> <span class='ocrx_word' id='word_1_216' title='bbox 3045 1746 3321 1816; x_wconf 84' lang='grc' dir='ltr'>βασιλείαν</span> <span class='ocrx_word' id='word_1_217' title='bbox 3352 1761 3367 1776; x_wconf 89' lang='grc'><strong>·</strong></span> <span class='ocrx_word' id='word_1_218' title='bbox 3399 1741 3676 1814; x_wconf 70' lang='grc' dir='ltr'>παρέλαϐε</span> 
     </span>
    </p>
   </div>
   <div class='ocr_carea' id='block_1_32' title="bbox 2104 1834 3681 1911">
    <p class='ocr_par' dir='ltr' id='par_1_32' title="bbox 2104 1834 3681 1911">
     <span class='ocr_line' id='line_1_32' title="bbox 2104 1834 3681 1911; baseline -0.004 -19"><span class='ocrx_word' id='word_1_219' title='bbox 2104 1839 2160 1892; x_wconf 84' lang='grc' dir='ltr'><strong>δὲ</strong></span> <span class='ocrx_word' id='word_1_220' title='bbox 2198 1839 2367 1911; x_wconf 82' lang='grc' dir='ltr'>αὐτὴν</span> <span class='ocrx_word' id='word_1_221' title='bbox 2410 1840 2603 1910; x_wconf 82' lang='grc' dir='ltr'>μικρὸν</span> <span class='ocrx_word' id='word_1_222' title='bbox 2646 1838 2872 1909; x_wconf 77' lang='grc' dir='ltr'>ὕστερον</span> <span class='ocrx_word' id='word_1_223' title='bbox 2920 1840 3142 1908; x_wconf 81' lang='grc' dir='ltr'>Δαρεῖος</span> <span class='ocrx_word' id='word_1_224' title='bbox 3171 1839 3198 1889; x_wconf 90' lang='grc' dir='ltr'><strong>ό</strong></span> <span class='ocrx_word' id='word_1_225' title='bbox 3238 1835 3551 1890; x_wconf 73' lang='grc' dir='ltr'>Ὑστάσπου</span> <span class='ocrx_word' id='word_1_226' title='bbox 3576 1874 3590 1896; x_wconf 89' lang='grc'><strong>,</strong></span> <span class='ocrx_word' id='word_1_227' title='bbox 3620 1834 3681 1896; x_wconf 78' lang='grc' dir='ltr'>ὃς</span> 
     </span>
    </p>
   </div>
   <div class='ocr_carea' id='block_1_33' title="bbox 434 1925 2005 2001">
    <p class='ocr_par' dir='ltr' id='par_1_33' title="bbox 434 1927 1999 1998">
     <span class='ocr_line' id='line_1_33' title="bbox 434 1927 1999 1998; baseline 0.001 -17"><span class='ocrx_word' id='word_1_228' title='bbox 434 1927 648 1983; x_wconf 90' lang='lat' dir='ltr'><strong>Darium</strong></span> <span class='ocrx_word' id='word_1_229' title='bbox 691 1932 962 1993; x_wconf 88' lang='lat' dir='ltr'><strong>ultimum,</strong></span> <span class='ocrx_word' id='word_1_230' title='bbox 1004 1944 1115 1998; x_wconf 91' lang='lat' dir='ltr'><strong>quo</strong></span> <span class='ocrx_word' id='word_1_231' title='bbox 1146 1928 1355 1998; x_wconf 78' lang='lat'><strong>1213</strong></span> <span class='ocrx_word' id='word_1_232' title='bbox 1380 1928 1670 1982; x_wconf 82' lang='lat' dir='ltr'><strong>interfecto</strong></span> <span class='ocrx_word' id='word_1_233' title='bbox 1696 1929 1999 1982; x_wconf 78' lang='lat' dir='ltr'><strong>Alexander</strong></span> 
     </span>
    </p>
   </div>
   <div class='ocr_carea' id='block_1_34' title="bbox 2106 1925 3678 2001">
    <p class='ocr_par' dir='ltr' id='par_1_34' title="bbox 2107 1925 3678 2001">
     <span class='ocr_line' id='line_1_34' title="bbox 2107 1925 3678 2001; baseline -0.004 -19"><span class='ocrx_word' id='word_1_234' title='bbox 2107 1930 2300 2001; x_wconf 77' lang='grc' dir='ltr'><strong>μέχρις</strong></span> <span class='ocrx_word' id='word_1_235' title='bbox 2342 1930 2583 1997; x_wconf 76' lang='grc' dir='ltr'>ἐκγόνων</span> <span class='ocrx_word' id='word_1_236' title='bbox 2628 1930 2720 1982; x_wconf 74' lang='lat' dir='ltr'><strong>xal.</strong></span> <span class='ocrx_word' id='word_1_237' title='bbox 2751 1929 3033 1997; x_wconf 79' lang='grc' dir='ltr'><strong>ἀπογόνων</strong></span> <span class='ocrx_word' id='word_1_238' title='bbox 3070 1928 3168 1998; x_wconf 82' lang='grc' dir='ltr'><strong>τὴν</strong></span> <span class='ocrx_word' id='word_1_239' title='bbox 3209 1925 3484 1996; x_wconf 85' lang='grc' dir='ltr'>βασιλείαν</span> <span class='ocrx_word' id='word_1_240' title='bbox 3530 1942 3678 1995; x_wconf 84' lang='grc' dir='ltr'>παρ-</span> 
     </span>
    </p>
   </div>
   <div class='ocr_carea' id='block_1_35' title="bbox 433 2017 1999 2090">
    <p class='ocr_par' dir='ltr' id='par_1_35' title="bbox 433 2017 1999 2090">
     <span class='ocr_line' id='line_1_35' title="bbox 433 2017 1999 2090; baseline -0.001 -19"><span class='ocrx_word' id='word_1_241' title='bbox 433 2017 650 2073; x_wconf 81' lang='lat' dir='ltr'><strong>Macedo</strong></span> <span class='ocrx_word' id='word_1_242' title='bbox 674 2034 840 2090; x_wconf 75' lang='lat' dir='ltr'><strong>regno</strong></span> <span class='ocrx_word' id='word_1_243' title='bbox 869 2018 1072 2088; x_wconf 88' lang='lat' dir='ltr'><strong>potitus</strong></span> <span class='ocrx_word' id='word_1_244' title='bbox 1091 2026 1193 2072; x_wconf 87' lang='lat' dir='ltr'><strong>est.</strong></span> <span class='ocrx_word' id='word_1_245' title='bbox 1222 2022 1335 2071; x_wconf 80' lang='lat' dir='ltr'><strong>Duo</strong></span> <span class='ocrx_word' id='word_1_246' title='bbox 1362 2018 1544 2086; x_wconf 81' lang='lat' dir='ltr'><strong>itaque</strong></span> <span class='ocrx_word' id='word_1_247' title='bbox 1570 2032 1769 2087; x_wconf 80' lang='lat' dir='ltr'><strong>genera</strong></span> <span class='ocrx_word' id='word_1_248' title='bbox 1813 2033 1999 2086; x_wconf 82' lang='lat' dir='ltr'><strong>regum</strong></span> 
     </span>
    </p>
   </div>
   <div class='ocr_carea' id='block_1_36' title="bbox 430 2104 1999 2180">
    <p class='ocr_par' dir='ltr' id='par_1_36' title="bbox 430 2104 1999 2180">
     <span class='ocr_line' id='line_1_36' title="bbox 430 2104 1999 2180; baseline 0 -18"><span class='ocrx_word' id='word_1_249' title='bbox 430 2127 525 2180; x_wconf 75' lang='lat' dir='ltr'><strong>per</strong></span> <span class='ocrx_word' id='word_1_250' title='bbox 561 2111 665 2165; x_wconf 81' lang='lat' dir='ltr'><strong>duo</strong></span> <span class='ocrx_word' id='word_1_251' title='bbox 710 2127 909 2166; x_wconf 83' lang='lat' dir='ltr'><strong>cornua</strong></span> <span class='ocrx_word' id='word_1_252' title='bbox 954 2104 1337 2180; x_wconf 59' lang='lat' dir='ltr'><strong>signiﬁcantur</strong></span> <span class='ocrx_word' id='word_1_253' title='bbox 1392 2128 1404 2165; x_wconf 91' lang='lat'><strong>:</strong></span> <span class='ocrx_word' id='word_1_254' title='bbox 1461 2118 1516 2164; x_wconf 88' lang='lat' dir='ltr'><strong>et</strong></span> <span class='ocrx_word' id='word_1_255' title='bbox 1564 2110 1722 2162; x_wconf 90' lang='lat' dir='ltr'><strong>ambo</strong></span> <span class='ocrx_word' id='word_1_256' title='bbox 1780 2109 1999 2178; x_wconf 84' lang='lat' dir='ltr'><strong>quidem</strong></span> 
     </span>
    </p>
   </div>
   <div class='ocr_carea' id='block_1_37' title="bbox 430 2199 1998 2271">
    <p class='ocr_par' dir='ltr' id='par_1_37' title="bbox 430 2199 1998 2271">
     <span class='ocr_line' id='line_1_37' title="bbox 430 2199 1998 2271; baseline 0.001 -19"><span class='ocrx_word' id='word_1_257' title='bbox 430 2205 671 2257; x_wconf 87' lang='lat' dir='ltr'><strong>intuetur</strong></span> <span class='ocrx_word' id='word_1_258' title='bbox 697 2205 934 2267; x_wconf 85' lang='lat' dir='ltr'><strong>excelsa,</strong></span> <span class='ocrx_word' id='word_1_259' title='bbox 974 2203 1245 2258; x_wconf 84' lang='lat' dir='ltr'><strong>excelsius</strong></span> <span class='ocrx_word' id='word_1_260' title='bbox 1281 2208 1461 2255; x_wconf 86' lang='lat' dir='ltr'><strong>autem</strong></span> <span class='ocrx_word' id='word_1_261' title='bbox 1502 2200 1670 2271; x_wconf 89' lang='lat' dir='ltr'><strong>priori</strong></span> <span class='ocrx_word' id='word_1_262' title='bbox 1704 2199 1998 2269; x_wconf 83' lang='lat' dir='ltr'><strong>posterius.</strong></span> 
     </span>
    </p>
   </div>
   <div class='ocr_carea' id='block_1_38' title="bbox 427 2290 2004 2362">
    <p class='ocr_par' dir='ltr' id='par_1_38' title="bbox 427 2290 2004 2362">
     <span class='ocr_line' id='line_1_38' title="bbox 427 2290 2004 2362; baseline 0.001 -17"><span class='ocrx_word' id='word_1_263' title='bbox 427 2296 587 2349; x_wconf 69' lang='lat' dir='ltr'><strong>Sient</strong></span> <span class='ocrx_word' id='word_1_264' title='bbox 639 2298 781 2351; x_wconf 89' lang='lat' dir='ltr'><strong>enim</strong></span> <span class='ocrx_word' id='word_1_265' title='bbox 831 2297 941 2362; x_wconf 87' lang='lat' dir='ltr'><strong>jam</strong></span> <span class='ocrx_word' id='word_1_266' title='bbox 993 2307 1119 2349; x_wconf 83' lang='lat' dir='ltr'><strong>ante</strong></span> <span class='ocrx_word' id='word_1_267' title='bbox 1172 2294 1432 2356; x_wconf 86' lang='lat' dir='ltr'><strong>diximus,</strong></span> <span class='ocrx_word' id='word_1_268' title='bbox 1481 2294 1715 2362; x_wconf 82' lang='lat' dir='ltr'><strong>amplius</strong></span> <span class='ocrx_word' id='word_1_269' title='bbox 1758 2290 1922 2346; x_wconf 87' lang='lat' dir='ltr'><strong>Dario</strong></span> <span class='ocrx_word' id='word_1_270' title='bbox 1949 2299 2004 2346; x_wconf 91' lang='lat' dir='ltr'><strong>et</strong></span> 
     </span>
    </p>
   </div>
   <div class='ocr_carea' id='block_1_39' title="bbox 427 2379 2000 2455">
    <p class='ocr_par' dir='ltr' id='par_1_39' title="bbox 427 2379 2000 2455">
     <span class='ocr_line' id='line_1_39' title="bbox 427 2379 2000 2455; baseline -0.001 -17"><span class='ocrx_word' id='word_1_271' title='bbox 427 2385 603 2440; x_wconf 82' lang='lat' dir='ltr'><strong>Xerxe</strong></span> <span class='ocrx_word' id='word_1_272' title='bbox 640 2394 852 2455; x_wconf 85' lang='lat' dir='ltr'><strong>sceptra</strong></span> <span class='ocrx_word' id='word_1_273' title='bbox 893 2384 1204 2439; x_wconf 91' lang='lat' dir='ltr'><strong>tenentibus</strong></span> <span class='ocrx_word' id='word_1_274' title='bbox 1233 2398 1462 2453; x_wconf 78' lang='lat' dir='ltr'><strong>regnum</strong></span> <span class='ocrx_word' id='word_1_275' title='bbox 1496 2380 1617 2435; x_wconf 76' lang='lat' dir='ltr'><strong>fuit.</strong></span> <span class='ocrx_word' id='word_1_276' title='bbox 1656 2379 1790 2434; x_wconf 88' lang='lat' dir='ltr'><strong>Nam</strong></span> <span class='ocrx_word' id='word_1_277' title='bbox 1824 2380 2000 2451; x_wconf 89' lang='lat' dir='ltr'><strong>Cyrus</strong></span> 
     </span>
    </p>
   </div>
   <div class='ocr_carea' id='block_1_40' title="bbox 429 2472 2001 2542">
    <p class='ocr_par' dir='ltr' id='par_1_40' title="bbox 429 2472 2001 2542">
     <span class='ocr_line' id='line_1_40' title="bbox 429 2472 2001 2542; baseline 0 -14"><span class='ocrx_word' id='word_1_278' title='bbox 429 2476 661 2530; x_wconf 80' lang='lat' dir='ltr'><strong>Pontum</strong></span> <span class='ocrx_word' id='word_1_279' title='bbox 708 2476 981 2531; x_wconf 81' lang='lat' dir='ltr'><strong>Euxinum</strong></span> <span class='ocrx_word' id='word_1_280' title='bbox 1032 2485 1086 2531; x_wconf 89' lang='lat' dir='ltr'><strong>et</strong></span> <span class='ocrx_word' id='word_1_281' title='bbox 1119 2474 1305 2530; x_wconf 78' lang='lat' dir='ltr'><strong>Asiam</strong></span> <span class='ocrx_word' id='word_1_282' title='bbox 1364 2474 1468 2529; x_wconf 89' lang='lat' dir='ltr'><strong>sibi</strong></span> <span class='ocrx_word' id='word_1_283' title='bbox 1519 2474 1750 2542; x_wconf 76' lang='lat' dir='ltr'><strong>subegit,</strong></span> <span class='ocrx_word' id='word_1_284' title='bbox 1805 2472 2001 2528; x_wconf 89' lang='lat' dir='ltr'><strong>Darius</strong></span> 
     </span>
    </p>
   </div>
   <div class='ocr_carea' id='block_1_41' title="bbox 428 2564 2005 2637">
    <p class='ocr_par' dir='ltr' id='par_1_41' title="bbox 428 2564 2005 2637">
     <span class='ocr_line' id='line_1_41' title="bbox 428 2564 2005 2637; baseline 0 -18"><span class='ocrx_word' id='word_1_285' title='bbox 428 2568 589 2620; x_wconf 86' lang='lat' dir='ltr'><strong>ctiam</strong></span> <span class='ocrx_word' id='word_1_286' title='bbox 624 2566 859 2637; x_wconf 82' lang='lat' dir='ltr'><strong>Scythas</strong></span> <span class='ocrx_word' id='word_1_287' title='bbox 897 2565 1171 2621; x_wconf 86' lang='lat' dir='ltr'><strong>Nomadas</strong></span> <span class='ocrx_word' id='word_1_288' title='bbox 1208 2580 1332 2619; x_wconf 90' lang='lat' dir='ltr'><strong>cum</strong></span> <span class='ocrx_word' id='word_1_289' title='bbox 1394 2565 1625 2633; x_wconf 82' lang='lat' dir='ltr'><strong>reliquis</strong></span> <span class='ocrx_word' id='word_1_290' title='bbox 1664 2564 1768 2618; x_wconf 89' lang='lat' dir='ltr'><strong>sibi</strong></span> <span class='ocrx_word' id='word_1_291' title='bbox 1820 2564 2005 2634; x_wconf 87' lang='lat' dir='ltr'><strong>subje-</strong></span> 
     </span>
    </p>
   </div>
   <div class='ocr_carea' id='block_1_42' title="bbox 428 2656 2001 2731">
    <p class='ocr_par' dir='ltr' id='par_1_42' title="bbox 428 2656 2001 2731">
     <span class='ocr_line' id='line_1_42' title="bbox 428 2656 2001 2731; baseline 0.001 -22"><span class='ocrx_word' id='word_1_292' title='bbox 428 2658 542 2712; x_wconf 83' lang='lat' dir='ltr'><strong>ctis</strong></span> <span class='ocrx_word' id='word_1_293' title='bbox 576 2658 878 2727; x_wconf 81' lang='lat' dir='ltr'><strong>conjunxit,</strong></span> <span class='ocrx_word' id='word_1_294' title='bbox 901 2657 1110 2731; x_wconf 80' lang='lat' dir='ltr'><strong>Xerxes</strong></span> <span class='ocrx_word' id='word_1_295' title='bbox 1135 2656 1365 2727; x_wconf 71' lang='lat' dir='ltr'><strong>Europae</strong></span> <span class='ocrx_word' id='word_1_296' title='bbox 1385 2672 1607 2726; x_wconf 90' lang='lat' dir='ltr'><strong>quoque</strong></span> <span class='ocrx_word' id='word_1_297' title='bbox 1638 2658 1789 2725; x_wconf 80' lang='lat' dir='ltr'><strong>regni</strong></span> <span class='ocrx_word' id='word_1_298' title='bbox 1811 2656 2001 2727; x_wconf 80' lang='lat' dir='ltr'><strong>jugum</strong></span> 
     </span>
    </p>
   </div>
   <div class='ocr_carea' id='block_1_43' title="bbox 434 2746 2005 2817">
    <p class='ocr_par' dir='ltr' id='par_1_43' title="bbox 434 2746 2005 2817">
     <span class='ocr_line' id='line_1_43' title="bbox 434 2746 2005 2817; baseline 0.001 -16"><span class='ocrx_word' id='word_1_299' title='bbox 434 2749 711 2817; x_wconf 87' lang='lat' dir='ltr'><strong>imponere</strong></span> <span class='ocrx_word' id='word_1_300' title='bbox 738 2758 968 2804; x_wconf 85' lang='lat' dir='ltr'><strong>conatus</strong></span> <span class='ocrx_word' id='word_1_301' title='bbox 998 2756 1100 2802; x_wconf 88' lang='lat' dir='ltr'><strong>est.</strong></span> <span class='ocrx_word' id='word_1_302' title='bbox 1128 2747 1338 2802; x_wconf 84' lang='lat' dir='ltr'><strong>Idcirco</strong></span> <span class='ocrx_word' id='word_1_303' title='bbox 1364 2746 1474 2800; x_wconf 92' lang='lat' dir='ltr'><strong>duo</strong></span> <span class='ocrx_word' id='word_1_304' title='bbox 1513 2761 1720 2801; x_wconf 85' lang='lat' dir='ltr'><strong>cornua</strong></span> <span class='ocrx_word' id='word_1_305' title='bbox 1747 2761 1801 2801; x_wconf 90' lang='lat' dir='ltr'><strong>tn</strong></span> <span class='ocrx_word' id='word_1_306' title='bbox 1834 2748 2005 2803; x_wconf 87' lang='lat' dir='ltr'><strong>ariete</strong></span> 
     </span>
    </p>
   </div>
   <div class='ocr_carea' id='block_1_44' title="bbox 411 2837 2003 2908">
    <p class='ocr_par' dir='ltr' id='par_1_44' title="bbox 411 2837 2003 2908">
     <span class='ocr_line' id='line_1_44' title="bbox 411 2837 2003 2908; baseline 0.001 -16"><span class='ocrx_word' id='word_1_307' title='bbox 411 2839 859 2908; x_wconf 83' lang='lat' dir='ltr'><strong>.contemplatur,</strong></span> <span class='ocrx_word' id='word_1_308' title='bbox 888 2838 981 2894; x_wconf 85' lang='lat' dir='ltr'><strong>sed</strong></span> <span class='ocrx_word' id='word_1_309' title='bbox 1038 2839 1272 2892; x_wconf 85' lang='lat' dir='ltr'><strong>alterum</strong></span> <span class='ocrx_word' id='word_1_310' title='bbox 1322 2838 1494 2907; x_wconf 88' lang='lat' dir='ltr'><strong>prius,</strong></span> <span class='ocrx_word' id='word_1_311' title='bbox 1541 2837 1771 2892; x_wconf 88' lang='lat' dir='ltr'><strong>alterum</strong></span> <span class='ocrx_word' id='word_1_312' title='bbox 1817 2845 2003 2907; x_wconf 82' lang='lat' dir='ltr'><strong>poste-</strong></span> 
     </span>
    </p>
   </div>
   <div class='ocr_carea' id='block_1_45' title="bbox 431 2927 1480 2997">
    <p class='ocr_par' dir='ltr' id='par_1_45' title="bbox 431 2927 1480 2997">
     <span class='ocr_line' id='line_1_45' title="bbox 431 2927 1480 2997; baseline -0.002 -16"><span class='ocrx_word' id='word_1_313' title='bbox 431 2927 571 2992; x_wconf 88' lang='lat' dir='ltr'><strong>rius,</strong></span> <span class='ocrx_word' id='word_1_314' title='bbox 605 2938 658 2983; x_wconf 88' lang='lat' dir='ltr'><strong>et</strong></span> <span class='ocrx_word' id='word_1_315' title='bbox 688 2929 959 2997; x_wconf 76' lang='lat' dir='ltr'><strong>posterius</strong></span> <span class='ocrx_word' id='word_1_316' title='bbox 988 2927 1258 2985; x_wconf 85' lang='lat' dir='ltr'><strong>excelsius</strong></span> <span class='ocrx_word' id='word_1_317' title='bbox 1290 2927 1480 2997; x_wconf 88' lang='lat' dir='ltr'><strong>priori.</strong></span> 
     </span>
    </p>
   </div>
   <div class='ocr_carea' id='block_1_46' title="bbox 2104 2017 3683 2092">
    <p class='ocr_par' dir='ltr' id='par_1_46' title="bbox 2104 2017 3683 2092">
     <span class='ocr_line' id='line_1_46' title="bbox 2104 2017 3683 2092; baseline -0.002 -19"><span class='ocrx_word' id='word_1_318' title='bbox 2104 2022 2372 2092; x_wconf 73' lang='grc' dir='ltr'>ἐπεμψεν,</span> <span class='ocrx_word' id='word_1_319' title='bbox 2424 2022 2528 2086; x_wconf 81' lang='grc' dir='ltr'>ἓως</span> <span class='ocrx_word' id='word_1_320' title='bbox 2558 2022 2787 2092; x_wconf 80' lang='grc' dir='ltr'><strong>Δαρείου</strong></span> <span class='ocrx_word' id='word_1_321' title='bbox 2821 2021 2916 2075; x_wconf 78' lang='grc' dir='ltr'><strong>τοῦ</strong></span> <span class='ocrx_word' id='word_1_322' title='bbox 2947 2020 3285 2083; x_wconf 83' lang='grc' dir='ltr'>τελευταίου,</span> <span class='ocrx_word' id='word_1_323' title='bbox 3320 2019 3380 2071; x_wconf 79' lang='grc' dir='ltr'><strong>ὃν</strong></span> <span class='ocrx_word' id='word_1_324' title='bbox 3431 2017 3683 2082; x_wconf 76' lang='grc' dir='ltr'><strong>Ἀλέξανο</strong></span> 
     </span>
    </p>
   </div>
   <div class='ocr_carea' id='block_1_47' title="bbox 2101 2109 3678 2184">
    <p class='ocr_par' dir='ltr' id='par_1_47' title="bbox 2101 2109 3678 2184">
     <span class='ocr_line' id='line_1_47' title="bbox 2101 2109 3678 2184; baseline -0.001 -18"><span class='ocrx_word' id='word_1_325' title='bbox 2101 2113 2227 2183; x_wconf 87' lang='grc' dir='ltr'>δρος</span> <span class='ocrx_word' id='word_1_326' title='bbox 2267 2116 2294 2167; x_wconf 85' lang='grc' dir='ltr'><strong>ὁ</strong></span> <span class='ocrx_word' id='word_1_327' title='bbox 2342 2114 2607 2168; x_wconf 80' lang='grc' dir='ltr'>Μακεδὼν</span> <span class='ocrx_word' id='word_1_328' title='bbox 2664 2113 2869 2166; x_wconf 83' lang='grc' dir='ltr'>ἀνελὼν</span> <span class='ocrx_word' id='word_1_329' title='bbox 2900 2113 2998 2184; x_wconf 84' lang='grc' dir='ltr'>τὴν</span> <span class='ocrx_word' id='word_1_330' title='bbox 3051 2111 3332 2182; x_wconf 85' lang='grc' dir='ltr'>βασιλείαν</span> <span class='ocrx_word' id='word_1_331' title='bbox 3375 2109 3678 2181; x_wconf 78' lang='grc' dir='ltr'>παρέλαϐε.</span> 
     </span>
    </p>
   </div>
   <div class='ocr_carea' id='block_1_48' title="bbox 2102 2201 3683 2277">
    <p class='ocr_par' dir='ltr' id='par_1_48' title="bbox 2102 2201 3683 2277">
     <span class='ocr_line' id='line_1_48' title="bbox 2102 2201 3683 2277; baseline -0.002 -19"><span class='ocrx_word' id='word_1_332' title='bbox 2102 2206 2183 2258; x_wconf 81' lang='grc' dir='ltr'><strong>Τὰ</strong></span> <span class='ocrx_word' id='word_1_333' title='bbox 2206 2206 2249 2237; x_wconf 82' lang='grc'><strong>⁸⁷</strong></span> <span class='ocrx_word' id='word_1_334' title='bbox 2289 2207 2471 2259; x_wconf 85' lang='grc' dir='ltr'>τοίνυν</span> <span class='ocrx_word' id='word_1_335' title='bbox 2512 2206 2604 2259; x_wconf 83' lang='grc' dir='ltr'>δύο</span> <span class='ocrx_word' id='word_1_336' title='bbox 2653 2206 2788 2277; x_wconf 82' lang='grc' dir='ltr'>γένη</span> <span class='ocrx_word' id='word_1_337' title='bbox 2823 2205 2932 2258; x_wconf 82' lang='grc' dir='ltr'>τῶν</span> <span class='ocrx_word' id='word_1_338' title='bbox 2977 2204 3240 2276; x_wconf 82' lang='grc' dir='ltr'>βασιλέων</span> <span class='ocrx_word' id='word_1_339' title='bbox 3294 2202 3384 2256; x_wconf 78' lang='grc' dir='ltr'><strong>διὰ</strong></span> <span class='ocrx_word' id='word_1_340' title='bbox 3412 2201 3531 2257; x_wconf 80' lang='grc' dir='ltr'>τῶν</span> <span class='ocrx_word' id='word_1_341' title='bbox 3571 2202 3683 2255; x_wconf 87' lang='grc' dir='ltr'><strong>δύο</strong></span> 
     </span>
    </p>
   </div>
   <div class='ocr_carea' id='block_1_49' title="bbox 2104 2294 3681 2367">
    <p class='ocr_par' dir='ltr' id='par_1_49' title="bbox 2104 2294 3681 2367">
     <span class='ocr_line' id='line_1_49' title="bbox 2104 2294 3681 2367; baseline -0.001 -20"><span class='ocrx_word' id='word_1_342' title='bbox 2104 2295 2370 2362; x_wconf 81' lang='grc' dir='ltr'><strong>κεράτων</strong></span> <span class='ocrx_word' id='word_1_343' title='bbox 2411 2298 2739 2366; x_wconf 82' lang='grc' dir='ltr'>σημαίνεται</span> <span class='ocrx_word' id='word_1_344' title='bbox 2758 2314 2771 2328; x_wconf 77' lang='grc' dir='ltr'><strong>ο</strong></span> <span class='ocrx_word' id='word_1_345' title='bbox 2806 2298 2901 2350; x_wconf 73' lang='grc' dir='ltr'>καὶ</span> <span class='ocrx_word' id='word_1_346' title='bbox 2930 2296 3096 2367; x_wconf 81' lang='grc' dir='ltr'><strong>ἄμφω</strong></span> <span class='ocrx_word' id='word_1_347' title='bbox 3128 2298 3227 2367; x_wconf 80' lang='grc' dir='ltr'>μὲν</span> <span class='ocrx_word' id='word_1_348' title='bbox 3258 2294 3438 2365; x_wconf 74' lang='grc' dir='ltr'>ὑψηλὰ</span> <span class='ocrx_word' id='word_1_349' title='bbox 3464 2294 3681 2364; x_wconf 80' lang='grc' dir='ltr'>θεωρεῖ,</span> 
     </span>
    </p>
   </div>
   <div class='ocr_carea' id='block_1_50' title="bbox 2105 2385 3682 2459">
    <p class='ocr_par' dir='ltr' id='par_1_50' title="bbox 2105 2385 3682 2459">
     <span class='ocr_line' id='line_1_50' title="bbox 2105 2385 3682 2459; baseline 0 -21"><span class='ocrx_word' id='word_1_350' title='bbox 2105 2386 2434 2458; x_wconf 72' lang='grc' dir='ltr'>ὑψηλότερον</span> <span class='ocrx_word' id='word_1_351' title='bbox 2481 2388 2538 2441; x_wconf 83' lang='grc' dir='ltr'><strong>δὲ</strong></span> <span class='ocrx_word' id='word_1_352' title='bbox 2582 2388 2677 2441; x_wconf 79' lang='grc' dir='ltr'><strong>τοῦ</strong></span> <span class='ocrx_word' id='word_1_353' title='bbox 2721 2388 2991 2459; x_wconf 77' lang='grc' dir='ltr'>προτέρου</span> <span class='ocrx_word' id='word_1_354' title='bbox 3032 2388 3094 2441; x_wconf 66' lang='grc' dir='ltr'><strong>τ’)</strong></span> <span class='ocrx_word' id='word_1_355' title='bbox 3136 2388 3409 2457; x_wconf 85' lang='grc' dir='ltr'>δεύτερον.</span> <span class='ocrx_word' id='word_1_356' title='bbox 3454 2388 3541 2449; x_wconf 84' lang='grc' dir='ltr'>Ὡς</span> <span class='ocrx_word' id='word_1_357' title='bbox 3571 2385 3682 2457; x_wconf 73' lang='grc' dir='ltr'>γὰρ</span> 
     </span>
    </p>
   </div>
   <div class='ocr_carea' id='block_1_51' title="bbox 2103 2476 3685 2549">
    <p class='ocr_par' dir='ltr' id='par_1_51' title="bbox 2103 2476 3685 2549">
     <span class='ocr_line' id='line_1_51' title="bbox 2103 2476 3685 2549; baseline 0.001 -21"><span class='ocrx_word' id='word_1_358' title='bbox 2103 2477 2203 2547; x_wconf 72' lang='grc' dir='ltr'><strong>ἤδη</strong></span> <span class='ocrx_word' id='word_1_359' title='bbox 2231 2479 2671 2549; x_wconf 81' lang='grc' dir='ltr'>προειρήκαμεν,</span> <span class='ocrx_word' id='word_1_360' title='bbox 2709 2478 2908 2531; x_wconf 85' lang='grc' dir='ltr'>πλείων</span> <span class='ocrx_word' id='word_1_361' title='bbox 2953 2480 3046 2531; x_wconf 68' lang='grc' dir='ltr'><strong>ἐπὶ</strong></span> <span class='ocrx_word' id='word_1_362' title='bbox 3075 2478 3298 2545; x_wconf 78' lang='grc' dir='ltr'>Δαρείου</span> <span class='ocrx_word' id='word_1_363' title='bbox 3336 2476 3429 2530; x_wconf 77' lang='grc' dir='ltr'>καὶ</span> <span class='ocrx_word' id='word_1_364' title='bbox 3477 2476 3685 2547; x_wconf 81' lang='grc' dir='ltr'>Ξέρξου</span> 
     </span>
    </p>
   </div>
   <div class='ocr_carea' id='block_1_52' title="bbox 2102 2564 3685 2639">
    <p class='ocr_par' dir='ltr' id='par_1_52' title="bbox 2102 2564 3685 2639">
     <span class='ocr_line' id='line_1_52' title="bbox 2102 2564 3685 2639; baseline -0.003 -18"><span class='ocrx_word' id='word_1_365' title='bbox 2102 2569 2137 2637; x_wconf 78' lang='grc' dir='ltr'><strong>ἡ</strong></span> <span class='ocrx_word' id='word_1_366' title='bbox 2189 2568 2435 2637; x_wconf 86' lang='grc' dir='ltr'>βασιλεία</span> <span class='ocrx_word' id='word_1_367' title='bbox 2465 2569 2699 2637; x_wconf 83' lang='grc' dir='ltr'>ἐγένετο.</span> <span class='ocrx_word' id='word_1_368' title='bbox 2749 2569 2807 2622; x_wconf 83' lang='grc' dir='ltr'>Ὀ</span> <span class='ocrx_word' id='word_1_369' title='bbox 2868 2569 2967 2639; x_wconf 80' lang='grc' dir='ltr'><strong>μὲν</strong></span> <span class='ocrx_word' id='word_1_370' title='bbox 3009 2569 3117 2637; x_wconf 76' lang='grc' dir='ltr'><strong>γὰρ</strong></span> <span class='ocrx_word' id='word_1_371' title='bbox 3150 2567 3328 2638; x_wconf 82' lang='grc' dir='ltr'>Κῦρος</span> <span class='ocrx_word' id='word_1_372' title='bbox 3368 2566 3459 2619; x_wconf 86' lang='grc' dir='ltr'><strong>τόν</strong></span> <span class='ocrx_word' id='word_1_373' title='bbox 3491 2583 3551 2618; x_wconf 90' lang='grc' dir='ltr'><strong>τε</strong></span> <span class='ocrx_word' id='word_1_374' title='bbox 3581 2564 3685 2618; x_wconf 81' lang='grc' dir='ltr'><strong>Εὕ-</strong></span> 
     </span>
    </p>
   </div>
   <div class='ocr_carea' id='block_1_53' title="bbox 2105 2655 3687 2732">
    <p class='ocr_par' dir='ltr' id='par_1_53' title="bbox 2105 2655 3687 2732">
     <span class='ocr_line' id='line_1_53' title="bbox 2105 2655 3687 2732; baseline -0.001 -19"><span class='ocrx_word' id='word_1_375' title='bbox 2105 2661 2276 2729; x_wconf 81' lang='grc' dir='ltr'><strong>ξεινον</strong></span> <span class='ocrx_word' id='word_1_376' title='bbox 2306 2662 2505 2716; x_wconf 87' lang='grc' dir='ltr'>Πόντον</span> <span class='ocrx_word' id='word_1_377' title='bbox 2538 2662 2631 2715; x_wconf 76' lang='grc' dir='ltr'>καὶ</span> <span class='ocrx_word' id='word_1_378' title='bbox 2663 2662 2762 2731; x_wconf 79' lang='grc' dir='ltr'><strong>τὴν</strong></span> <span class='ocrx_word' id='word_1_379' title='bbox 2808 2655 2992 2715; x_wconf 72' lang='grc' dir='ltr'>Ἀσίαν</span> <span class='ocrx_word' id='word_1_380' title='bbox 3045 2660 3379 2732; x_wconf 78' lang='grc' dir='ltr'>ἐχειρώσατο</span> <span class='ocrx_word' id='word_1_381' title='bbox 3403 2676 3417 2689; x_wconf 77' lang='grc' dir='ltr'><strong>ο</strong></span> <span class='ocrx_word' id='word_1_382' title='bbox 3458 2661 3687 2729; x_wconf 78' lang='grc' dir='ltr'>Δαρεῖος</span> 
     </span>
    </p>
   </div>
   <div class='ocr_carea' id='block_1_54' title="bbox 2105 2751 3688 2825">
    <p class='ocr_par' dir='ltr' id='par_1_54' title="bbox 2105 2751 3688 2825">
     <span class='ocr_line' id='line_1_54' title="bbox 2105 2751 3688 2825; baseline -0.001 -19"><span class='ocrx_word' id='word_1_383' title='bbox 2105 2752 2163 2806; x_wconf 83' lang='grc' dir='ltr'>δὲ</span> <span class='ocrx_word' id='word_1_384' title='bbox 2196 2754 2291 2806; x_wconf 81' lang='grc' dir='ltr'>καὶ</span> <span class='ocrx_word' id='word_1_385' title='bbox 2316 2753 2527 2817; x_wconf 80' lang='grc' dir='ltr'>Σκύθας</span> <span class='ocrx_word' id='word_1_386' title='bbox 2560 2756 2686 2815; x_wconf 73' lang='grc' dir='ltr'>τοὺς</span> <span class='ocrx_word' id='word_1_387' title='bbox 2724 2755 2980 2825; x_wconf 78' lang='grc' dir='ltr'><strong>Νομάδας</strong></span> <span class='ocrx_word' id='word_1_388' title='bbox 3024 2756 3136 2816; x_wconf 81' lang='grc' dir='ltr'>τοῖς</span> <span class='ocrx_word' id='word_1_389' title='bbox 3165 2753 3428 2823; x_wconf 77' lang='grc' dir='ltr'><strong>ὑπηκόοις</strong></span> <span class='ocrx_word' id='word_1_390' title='bbox 3459 2751 3688 2804; x_wconf 78' lang='grc' dir='ltr'>συνέτα-</span> 
     </span>
    </p>
   </div>
   <div class='ocr_carea' id='block_1_55' title="bbox 2103 2843 3683 2916">
    <p class='ocr_par' dir='ltr' id='par_1_55' title="bbox 2103 2843 3683 2916">
     <span class='ocr_line' id='line_1_55' title="bbox 2103 2843 3683 2916; baseline 0.001 -20"><span class='ocrx_word' id='word_1_391' title='bbox 2103 2843 2230 2909; x_wconf 83' lang='grc' dir='ltr'>ξεν·</span> <span class='ocrx_word' id='word_1_392' title='bbox 2277 2848 2306 2898; x_wconf 88' lang='grc' dir='ltr'>ὁ</span> <span class='ocrx_word' id='word_1_393' title='bbox 2335 2845 2393 2897; x_wconf 78' lang='grc' dir='ltr'><strong>δὲ</strong></span> <span class='ocrx_word' id='word_1_394' title='bbox 2432 2844 2641 2916; x_wconf 80' lang='grc' dir='ltr'>Ξέρξης</span> <span class='ocrx_word' id='word_1_395' title='bbox 2691 2846 2788 2899; x_wconf 69' lang='grc' dir='ltr'><strong>καλ⁵</strong></span> <span class='ocrx_word' id='word_1_396' title='bbox 2829 2849 2895 2916; x_wconf 79' lang='grc' dir='ltr'>τῇ</span> <span class='ocrx_word' id='word_1_397' title='bbox 2945 2844 3181 2916; x_wconf 78' lang='grc' dir='ltr'>Εὐρώπῃ</span> <span class='ocrx_word' id='word_1_398' title='bbox 3240 2845 3342 2913; x_wconf 82' lang='grc' dir='ltr'>τῆς</span> <span class='ocrx_word' id='word_1_399' title='bbox 3399 2843 3683 2914; x_wconf 74' lang='grc' dir='ltr'>βασιλείας</span> 
     </span>
    </p>
   </div>
   <div class='ocr_carea' id='block_1_56' title="bbox 2102 2935 3686 3008">
    <p class='ocr_par' dir='ltr' id='par_1_56' title="bbox 2102 2935 3686 3008">
     <span class='ocr_line' id='line_1_56' title="bbox 2102 2935 3686 3008; baseline 0.001 -20"><span class='ocrx_word' id='word_1_400' title='bbox 2102 2935 2366 3006; x_wconf 75' lang='grc' dir='ltr'>ἐπειράθη</span> <span class='ocrx_word' id='word_1_401' title='bbox 2420 2937 2511 2989; x_wconf 81' lang='grc' dir='ltr'><strong>τὸν</strong></span> <span class='ocrx_word' id='word_1_402' title='bbox 2560 2937 2725 3005; x_wconf 80' lang='grc' dir='ltr'>ζυγὸν</span> <span class='ocrx_word' id='word_1_403' title='bbox 2779 2937 3067 2990; x_wconf 76' lang='grc' dir='ltr'>ἐπιθεῖναι.</span> <span class='ocrx_word' id='word_1_404' title='bbox 3128 2936 3333 2990; x_wconf 80' lang='grc' dir='ltr'>Τούτου</span> <span class='ocrx_word' id='word_1_405' title='bbox 3378 2937 3539 3008; x_wconf 82' lang='grc' dir='ltr'>χάριν</span> <span class='ocrx_word' id='word_1_406' title='bbox 3593 2935 3686 2990; x_wconf 78' lang='grc' dir='ltr'><strong>δύο</strong></span> 
     </span>
    </p>
   </div>
   <div class='ocr_carea' id='block_1_57' title="bbox 432 3018 3690 3104">
    <p class='ocr_par' dir='ltr' id='par_1_57' title="bbox 432 3018 3690 3104">
     <span class='ocr_line' id='line_1_57' title="bbox 432 3018 3690 3104; baseline 0.005 -37"><span class='ocrx_word' id='word_1_407' title='bbox 432 3025 640 3093; x_wconf 81' lang='grc' dir='ltr'>κέρατα</span> <span class='ocrx_word' id='word_1_408' title='bbox 681 3023 738 3075; x_wconf 73' lang='grc' dir='ltr'><strong>ὲν</strong></span> <span class='ocrx_word' id='word_1_409' title='bbox 770 3020 848 3092; x_wconf 78' lang='grc' dir='ltr'>τῷ</span> <span class='ocrx_word' id='word_1_410' title='bbox 890 3020 1029 3093; x_wconf 82' lang='grc' dir='ltr'>κριῷ</span> <span class='ocrx_word' id='word_1_411' title='bbox 1058 3020 1271 3091; x_wconf 81' lang='grc' dir='ltr'>θεωρεῖ,</span> <span class='ocrx_word' id='word_1_412' title='bbox 1311 3018 1448 3074; x_wconf 79' lang='grc' dir='ltr'>ἀλλὰ</span> <span class='ocrx_word' id='word_1_413' title='bbox 1480 3020 1543 3073; x_wconf 79' lang='grc' dir='ltr'>τὸ</span> <span class='ocrx_word' id='word_1_414' title='bbox 1584 3020 1685 3090; x_wconf 80' lang='grc' dir='ltr'><strong>μὲν</strong></span> <span class='ocrx_word' id='word_1_415' title='bbox 1711 3021 1999 3092; x_wconf 84' lang='grc' dir='ltr'>πρότερον,</span> <span class='ocrx_word' id='word_1_416' title='bbox 2035 3025 2095 3078; x_wconf 77' lang='grc' dir='ltr'>τὸ</span> <span class='ocrx_word' id='word_1_417' title='bbox 2123 3027 2179 3081; x_wconf 80' lang='grc' dir='ltr'><strong>δὲ</strong></span> <span class='ocrx_word' id='word_1_418' title='bbox 2208 3028 2479 3097; x_wconf 86' lang='grc' dir='ltr'>δεύτερον,</span> <span class='ocrx_word' id='word_1_419' title='bbox 2512 3031 2605 3085; x_wconf 78' lang='grc' dir='ltr'>καὶ</span> <span class='ocrx_word' id='word_1_420' title='bbox 2638 3031 2705 3084; x_wconf 73' lang='grc' dir='ltr'>τὺ</span> <span class='ocrx_word' id='word_1_421' title='bbox 2718 3030 2969 3102; x_wconf 86' lang='grc' dir='ltr'>δεύτερον</span> <span class='ocrx_word' id='word_1_422' title='bbox 3021 3032 3348 3104; x_wconf 82' lang='grc' dir='ltr'>ὑψηλότερον</span> <span class='ocrx_word' id='word_1_423' title='bbox 3403 3031 3500 3086; x_wconf 82' lang='grc' dir='ltr'><strong>τοῦ</strong></span> <span class='ocrx_word' id='word_1_424' title='bbox 3552 3048 3690 3103; x_wconf 79' lang='grc' dir='ltr'>προ·-</span> 
     </span>
    </p>
   </div>
   <div class='ocr_carea' id='block_1_58' title="bbox 434 3113 669 3186">
    <p class='ocr_par' dir='ltr' id='par_1_58' title="bbox 434 3113 669 3186">
     <span class='ocr_line' id='line_1_58' title="bbox 434 3113 669 3186; baseline 0 -17"><span class='ocrx_word' id='word_1_425' title='bbox 434 3115 492 3169; x_wconf 81' lang='grc' dir='ltr'><em>τέ</em></span> <span class='ocrx_word' id='word_1_426' title='bbox 501 3131 593 3186; x_wconf 92' lang='grc' dir='ltr'><strong>ρου</strong></span> <span class='ocrx_word' id='word_1_427' title='bbox 603 3113 669 3169; x_wconf 83' lang='grc'><strong>⁸⁸.</strong></span> 
     </span>
    </p>
   </div>
   <div class='ocr_carea' id='block_1_59' title="bbox 511 3204 2005 3290">
    <p class='ocr_par' dir='ltr' id='par_1_59' title="bbox 511 3204 2005 3278">
     <span class='ocr_line' id='line_1_59' title="bbox 511 3204 2005 3278; baseline 0.005 -20"><span class='ocrx_word' id='word_1_428' title='bbox 511 3204 673 3261; x_wconf 70' lang='lat' dir='ltr'><strong>Vsus.</strong></span> <span class='ocrx_word' id='word_1_429' title='bbox 703 3206 757 3261; x_wconf 75' lang='grc'><strong>4.</strong></span> <span class='ocrx_word' id='word_1_430' title='bbox 799 3224 819 3258; x_wconf 76' lang='grc' dir='ltr'><strong>ι</strong></span> <span class='ocrx_word' id='word_1_431' title='bbox 861 3207 924 3261; x_wconf 85' lang='lat' dir='ltr'><strong>Et</strong></span> <span class='ocrx_word' id='word_1_432' title='bbox 953 3207 1099 3271; x_wconf 89' lang='lat' dir='ltr'><strong>vidi,</strong></span> <span class='ocrx_word' id='word_1_433' title='bbox 1143 3207 1344 3278; x_wconf 86' lang='lat' dir='ltr'><strong>inquit,</strong></span> <span class='ocrx_word' id='word_1_434' title='bbox 1404 3208 1630 3264; x_wconf 81' lang='lat' dir='ltr'><strong>arietem</strong></span> <span class='ocrx_word' id='word_1_435' title='bbox 1685 3223 1859 3264; x_wconf 92' lang='lat' dir='ltr'><strong>cornu</strong></span> <span class='ocrx_word' id='word_1_436' title='bbox 1927 3212 2005 3267; x_wconf 79' lang='lat' dir='ltr'><strong>fe—</strong></span> 
     </span>
    </p>
   </div>
   <div class='ocr_carea' id='block_1_60' title="bbox 2106 3204 3685 3290">
    <p class='ocr_par' dir='ltr' id='par_1_60' title="bbox 2181 3209 3685 3289">
     <span class='ocr_line' id='line_1_60' title="bbox 2181 3209 3685 3289; baseline 0.006 -23"><span class='ocrx_word' id='word_1_437' title='bbox 2181 3212 2243 3268; x_wconf 83' lang='grc' dir='ltr'><strong>δ’.</strong></span> <span class='ocrx_word' id='word_1_438' title='bbox 2281 3232 2299 3266; x_wconf 84' lang='lat' dir='ltr'><strong>t</strong></span> <span class='ocrx_word' id='word_1_439' title='bbox 2331 3214 2442 3268; x_wconf 70' lang='grc' dir='ltr'>Καὶ</span> <span class='ocrx_word' id='word_1_440' title='bbox 2474 3209 2653 3280; x_wconf 79' lang='grc' dir='ltr'>εἷδον,.</span> <span class='ocrx_word' id='word_1_441' title='bbox 2673 3216 2828 3286; x_wconf 68' lang='grc' dir='ltr'>φησὶ,</span> <span class='ocrx_word' id='word_1_442' title='bbox 2856 3217 2949 3270; x_wconf 78' lang='grc' dir='ltr'>τὸν</span> <span class='ocrx_word' id='word_1_443' title='bbox 2976 3215 3129 3286; x_wconf 78' lang='grc' dir='ltr'>κριὸν</span> <span class='ocrx_word' id='word_1_444' title='bbox 3161 3217 3515 3289; x_wconf 78' lang='grc' dir='ltr'>κερατίζοντα</span> <span class='ocrx_word' id='word_1_445' title='bbox 3546 3219 3685 3275; x_wconf 80' lang='grc' dir='ltr'>κατὰ</span> 
     </span>
    </p>
   </div>
   <div class='ocr_carea' id='block_1_61' title="bbox 434 3295 2002 3369">
    <p class='ocr_par' dir='ltr' id='par_1_61' title="bbox 434 3295 2002 3369">
     <span class='ocr_line' id='line_1_61' title="bbox 434 3295 2002 3369; baseline 0.003 -20"><span class='ocrx_word' id='word_1_446' title='bbox 434 3295 666 3350; x_wconf 89' lang='lat' dir='ltr'><strong>rientem</strong></span> <span class='ocrx_word' id='word_1_447' title='bbox 696 3310 891 3353; x_wconf 81' lang='lat' dir='ltr'><strong>versus</strong></span> <span class='ocrx_word' id='word_1_448' title='bbox 916 3312 1067 3353; x_wconf 88' lang='lat' dir='ltr'><strong>mare</strong></span> <span class='ocrx_word' id='word_1_449' title='bbox 1087 3338 1101 3363; x_wconf 90' lang='lat'><strong>,</strong></span> <span class='ocrx_word' id='word_1_450' title='bbox 1134 3305 1186 3352; x_wconf 86' lang='lat' dir='ltr'><strong>et</strong></span> <span class='ocrx_word' id='word_1_451' title='bbox 1211 3298 1550 3369; x_wconf 81' lang='lat' dir='ltr'><strong>aquilonem,</strong></span> <span class='ocrx_word' id='word_1_452' title='bbox 1592 3309 1647 3355; x_wconf 89' lang='lat' dir='ltr'><strong>et</strong></span> <span class='ocrx_word' id='word_1_453' title='bbox 1678 3309 1950 3356; x_wconf 90' lang='lat' dir='ltr'><strong>austrum.</strong></span> <span class='ocrx_word' id='word_1_454' title='bbox 1982 3320 2002 3353; x_wconf 76' lang='grc' dir='ltr'>ι</span> 
     </span>
    </p>
   </div>
   <div class='ocr_carea' id='block_1_62' title="bbox 438 3384 2009 3458">
    <p class='ocr_par' dir='ltr' id='par_1_62' title="bbox 438 3384 2009 3458">
     <span class='ocr_line' id='line_1_62' title="bbox 438 3384 2009 3458; baseline 0.003 -18"><span class='ocrx_word' id='word_1_455' title='bbox 438 3384 634 3440; x_wconf 89' lang='lat' dir='ltr'><strong>Omnia</strong></span> <span class='ocrx_word' id='word_1_456' title='bbox 667 3387 812 3439; x_wconf 86' lang='lat' dir='ltr'><strong>enim</strong></span> <span class='ocrx_word' id='word_1_457' title='bbox 836 3426 849 3451; x_wconf 88' lang='lat'><strong>,</strong></span> <span class='ocrx_word' id='word_1_458' title='bbox 877 3394 932 3442; x_wconf 91' lang='lat' dir='ltr'><strong>et</strong></span> <span class='ocrx_word' id='word_1_459' title='bbox 956 3386 1024 3442; x_wconf 91' lang='lat' dir='ltr'><strong>ad</strong></span> <span class='ocrx_word' id='word_1_460' title='bbox 1066 3388 1379 3458; x_wconf 90' lang='lat' dir='ltr'><strong>aquilonem</strong></span> <span class='ocrx_word' id='word_1_461' title='bbox 1433 3398 1489 3444; x_wconf 88' lang='lat' dir='ltr'><strong>et</strong></span> <span class='ocrx_word' id='word_1_462' title='bbox 1518 3389 1583 3443; x_wconf 90' lang='lat' dir='ltr'><strong>ad</strong></span> <span class='ocrx_word' id='word_1_463' title='bbox 1614 3398 1862 3444; x_wconf 87' lang='lat' dir='ltr'><strong>austrum</strong></span> <span class='ocrx_word' id='word_1_464' title='bbox 1902 3392 2009 3445; x_wconf 84' lang='lat' dir='ltr'><strong>sita</strong></span> 
     </span>
    </p>
   </div>
   <div class='ocr_carea' id='block_1_63' title="bbox 437 3479 2011 3553">
    <p class='ocr_par' dir='ltr' id='par_1_63' title="bbox 437 3479 2011 3553">
     <span class='ocr_line' id='line_1_63' title="bbox 437 3479 2011 3553; baseline 0.001 -18"><span class='ocrx_word' id='word_1_465' title='bbox 437 3479 540 3535; x_wconf 89' lang='lat' dir='ltr'><strong>sibi</strong></span> <span class='ocrx_word' id='word_1_466' title='bbox 570 3480 819 3548; x_wconf 84' lang='lat' dir='ltr'><strong>subjecta</strong></span> <span class='ocrx_word' id='word_1_467' title='bbox 845 3480 1082 3537; x_wconf 87' lang='lat' dir='ltr'><strong>habebat</strong></span> <span class='ocrx_word' id='word_1_468' title='bbox 1104 3521 1117 3545; x_wconf 87' lang='lat'><strong>,</strong></span> <span class='ocrx_word' id='word_1_469' title='bbox 1145 3497 1248 3536; x_wconf 92' lang='lat' dir='ltr'><strong>nec</strong></span> <span class='ocrx_word' id='word_1_470' title='bbox 1273 3496 1381 3536; x_wconf 92' lang='lat' dir='ltr'><strong>non</strong></span> <span class='ocrx_word' id='word_1_471' title='bbox 1413 3496 1475 3538; x_wconf 90' lang='lat' dir='ltr'><strong>ea</strong></span> <span class='ocrx_word' id='word_1_472' title='bbox 1505 3498 1627 3553; x_wconf 73' lang='lat' dir='ltr'><strong>qua:</strong></span> <span class='ocrx_word' id='word_1_473' title='bbox 1654 3482 1720 3536; x_wconf 86' lang='lat' dir='ltr'><strong>ad</strong></span> <span class='ocrx_word' id='word_1_474' title='bbox 1751 3482 2011 3537; x_wconf 80' lang='lat' dir='ltr'><strong>occiden-</strong></span> 
     </span>
    </p>
   </div>
   <div class='ocr_carea' id='block_1_64' title="bbox 438 3572 2012 3642">
    <p class='ocr_par' dir='ltr' id='par_1_64' title="bbox 438 3572 2012 3642">
     <span class='ocr_line' id='line_1_64' title="bbox 438 3572 2012 3642; baseline 0.003 -20"><span class='ocrx_word' id='word_1_475' title='bbox 438 3578 550 3623; x_wconf 85' lang='lat' dir='ltr'><strong>tem</strong></span> <span class='ocrx_word' id='word_1_476' title='bbox 603 3578 758 3624; x_wconf 90' lang='lat' dir='ltr'><strong>erant</strong></span> <span class='ocrx_word' id='word_1_477' title='bbox 796 3586 973 3639; x_wconf 88' lang='lat' dir='ltr'><strong>usque</strong></span> <span class='ocrx_word' id='word_1_478' title='bbox 1019 3572 1084 3625; x_wconf 91' lang='lat' dir='ltr'><strong>ad</strong></span> <span class='ocrx_word' id='word_1_479' title='bbox 1137 3587 1327 3634; x_wconf 84' lang='lat' dir='ltr'><strong>mare;</strong></span> <span class='ocrx_word' id='word_1_480' title='bbox 1370 3580 1424 3626; x_wconf 92' lang='lat' dir='ltr'><strong>et</strong></span> <span class='ocrx_word' id='word_1_481' title='bbox 1473 3572 1740 3641; x_wconf 88' lang='lat' dir='ltr'><strong>plurimas</strong></span> <span class='ocrx_word' id='word_1_482' title='bbox 1792 3586 2012 3642; x_wconf 87' lang='lat' dir='ltr'><strong>quoque</strong></span> 
     </span>
    </p>
   </div>
   <div class='ocr_carea' id='block_1_65' title="bbox 439 3660 2010 3731">
    <p class='ocr_par' dir='ltr' id='par_1_65' title="bbox 439 3660 2010 3731">
     <span class='ocr_line' id='line_1_65' title="bbox 439 3660 2010 3731; baseline 0 -17"><span class='ocrx_word' id='word_1_483' title='bbox 439 3660 651 3715; x_wconf 89' lang='lat' dir='ltr'><strong>insulas</strong></span> <span class='ocrx_word' id='word_1_484' title='bbox 686 3662 740 3715; x_wconf 92' lang='lat' dir='ltr'><strong>in</strong></span> <span class='ocrx_word' id='word_1_485' title='bbox 789 3662 1118 3716; x_wconf 83' lang='lat' dir='ltr'><strong>servitutem</strong></span> <span class='ocrx_word' id='word_1_486' title='bbox 1153 3662 1385 3731; x_wconf 72' lang='lat' dir='ltr'><strong>redegit.</strong></span> <span class='ocrx_word' id='word_1_487' title='bbox 1436 3662 1614 3717; x_wconf 83' lang='lat' dir='ltr'><strong>Simul</strong></span> <span class='ocrx_word' id='word_1_488' title='bbox 1659 3662 1841 3731; x_wconf 91' lang='lat' dir='ltr'><strong>itaque</strong></span> <span class='ocrx_word' id='word_1_489' title='bbox 1885 3676 2010 3716; x_wconf 91' lang='lat' dir='ltr'><strong>cum</strong></span> 
     </span>
    </p>
   </div>
   <div class='ocr_carea' id='block_1_66' title="bbox 439 3754 2014 3826">
    <p class='ocr_par' dir='ltr' id='par_1_66' title="bbox 439 3754 2014 3826">
     <span class='ocr_line' id='line_1_66' title="bbox 439 3754 2014 3826; baseline -0.002 -14"><span class='ocrx_word' id='word_1_490' title='bbox 439 3757 621 3812; x_wconf 78' lang='lat' dir='ltr'><strong>Xerxe</strong></span> <span class='ocrx_word' id='word_1_491' title='bbox 658 3758 861 3812; x_wconf 87' lang='lat' dir='ltr'><strong>bellum</strong></span> <span class='ocrx_word' id='word_1_492' title='bbox 895 3756 1116 3813; x_wconf 61' lang='lat' dir='ltr'><strong>Graeciaa</strong></span> <span class='ocrx_word' id='word_1_493' title='bbox 1147 3757 1438 3820; x_wconf 82' lang='lat' dir='ltr'><strong>inferente,</strong></span> <span class='ocrx_word' id='word_1_494' title='bbox 1468 3766 1524 3811; x_wconf 90' lang='lat' dir='ltr'><strong>et</strong></span> <span class='ocrx_word' id='word_1_495' title='bbox 1553 3755 1762 3826; x_wconf 84' lang='lat' dir='ltr'><strong>Cyprii,</strong></span> <span class='ocrx_word' id='word_1_496' title='bbox 1788 3764 1843 3811; x_wconf 88' lang='lat' dir='ltr'><strong>et</strong></span> <span class='ocrx_word' id='word_1_497' title='bbox 1867 3754 2014 3809; x_wconf 68' lang='lat' dir='ltr'><strong>libo-</strong></span> 
     </span>
    </p>
   </div>
   <div class='ocr_carea' id='block_1_67' title="bbox 440 3846 2014 3918">
    <p class='ocr_par' dir='ltr' id='par_1_67' title="bbox 440 3846 2014 3918">
     <span class='ocr_line' id='line_1_67' title="bbox 440 3846 2014 3918; baseline 0 -15"><span class='ocrx_word' id='word_1_498' title='bbox 440 3849 539 3913; x_wconf 87' lang='lat' dir='ltr'><strong>dii,</strong></span> <span class='ocrx_word' id='word_1_499' title='bbox 577 3848 769 3913; x_wconf 84' lang='lat' dir='ltr'><strong>Samii,</strong></span> <span class='ocrx_word' id='word_1_500' title='bbox 810 3857 865 3905; x_wconf 88' lang='lat' dir='ltr'><strong>et</strong></span> <span class='ocrx_word' id='word_1_501' title='bbox 889 3848 1097 3915; x_wconf 86' lang='lat' dir='ltr'><strong>Lesbii,</strong></span> <span class='ocrx_word' id='word_1_502' title='bbox 1129 3858 1184 3903; x_wconf 89' lang='lat' dir='ltr'><strong>et</strong></span> <span class='ocrx_word' id='word_1_503' title='bbox 1221 3847 1379 3909; x_wconf 87' lang='lat' dir='ltr'><strong>Chii,</strong></span> <span class='ocrx_word' id='word_1_504' title='bbox 1431 3855 1487 3902; x_wconf 89' lang='lat' dir='ltr'><strong>et</strong></span> <span class='ocrx_word' id='word_1_505' title='bbox 1519 3846 1788 3918; x_wconf 87' lang='lat' dir='ltr'><strong>Cyclades</strong></span> <span class='ocrx_word' id='word_1_506' title='bbox 1819 3862 2014 3903; x_wconf 86' lang='lat' dir='ltr'><strong>omnes</strong></span> 
     </span>
    </p>
   </div>
   <div class='ocr_carea' id='block_1_68' title="bbox 440 3940 2014 4013">
    <p class='ocr_par' dir='ltr' id='par_1_68' title="bbox 440 3940 2014 4013">
     <span class='ocr_line' id='line_1_68' title="bbox 440 3940 2014 4013; baseline -0.001 -16"><span class='ocrx_word' id='word_1_507' title='bbox 440 3943 576 3997; x_wconf 89' lang='lat' dir='ltr'><strong>inita</strong></span> <span class='ocrx_word' id='word_1_508' title='bbox 614 3943 880 3998; x_wconf 86' lang='lat' dir='ltr'><strong>societate</strong></span> <span class='ocrx_word' id='word_1_509' title='bbox 934 3942 1277 4013; x_wconf 81' lang='lat' dir='ltr'><strong>pugnabant.</strong></span> <span class='ocrx_word' id='word_1_510' title='bbox 1332 3942 1448 3995; x_wconf 85' lang='lat' dir='ltr'><strong>Hac</strong></span> <span class='ocrx_word' id='word_1_511' title='bbox 1493 3940 1561 3995; x_wconf 90' lang='lat' dir='ltr'><strong>de</strong></span> <span class='ocrx_word' id='word_1_512' title='bbox 1588 3955 1759 3998; x_wconf 89' lang='lat' dir='ltr'><strong>causa</strong></span> <span class='ocrx_word' id='word_1_513' title='bbox 1814 3958 1832 3991; x_wconf 77' lang='grc' dir='ltr'><strong>ι</strong></span> <span class='ocrx_word' id='word_1_514' title='bbox 1862 3940 2014 3996; x_wconf 81' lang='lat' dir='ltr'><strong>Vidit</strong></span> 
     </span>
    </p>
   </div>
   <div class='ocr_carea' id='block_1_69' title="bbox 440 4024 2017 4104">
    <p class='ocr_par' dir='ltr' id='par_1_69' title="bbox 440 4024 2017 4104">
     <span class='ocr_line' id='line_1_69' title="bbox 440 4024 2017 4104; baseline -0.001 -17"><span class='ocrx_word' id='word_1_515' title='bbox 440 4034 666 4090; x_wconf 82' lang='lat' dir='ltr'><strong>arietem</strong></span> <span class='ocrx_word' id='word_1_516' title='bbox 711 4050 882 4090; x_wconf 92' lang='lat' dir='ltr'><strong>cornu</strong></span> <span class='ocrx_word' id='word_1_517' title='bbox 914 4035 1202 4090; x_wconf 80' lang='lat' dir='ltr'><strong>ferientem</strong></span> <span class='ocrx_word' id='word_1_518' title='bbox 1251 4048 1451 4089; x_wconf 80' lang='lat' dir='ltr'><strong>versus</strong></span> <span class='ocrx_word' id='word_1_519' title='bbox 1492 4048 1662 4099; x_wconf 89' lang='lat' dir='ltr'><strong>mare,</strong></span> <span class='ocrx_word' id='word_1_520' title='bbox 1698 4041 1754 4087; x_wconf 90' lang='lat' dir='ltr'><strong>et</strong></span> <span class='ocrx_word' id='word_1_521' title='bbox 1795 4024 2017 4104; x_wconf 75' lang='lat' dir='ltr'><strong>aquilo-</strong></span> 
     </span>
    </p>
   </div>
   <div class='ocr_carea' id='block_1_70' title="bbox 439 4124 2035 4196">
    <p class='ocr_par' dir='ltr' id='par_1_70' title="bbox 439 4124 2035 4196">
     <span class='ocr_line' id='line_1_70' title="bbox 439 4124 2035 4196; baseline -0.001 -16"><span class='ocrx_word' id='word_1_522' title='bbox 439 4142 589 4190; x_wconf 89' lang='lat' dir='ltr'><strong>nem,</strong></span> <span class='ocrx_word' id='word_1_523' title='bbox 616 4133 669 4181; x_wconf 91' lang='lat' dir='ltr'><strong>et</strong></span> <span class='ocrx_word' id='word_1_524' title='bbox 698 4134 976 4182; x_wconf 87' lang='lat' dir='ltr'><strong>austrum.</strong></span> <span class='ocrx_word' id='word_1_525' title='bbox 1034 4124 1102 4179; x_wconf 87' lang='lat' dir='ltr'><strong>Et</strong></span> <span class='ocrx_word' id='word_1_526' title='bbox 1153 4140 1365 4189; x_wconf 84' lang='lat' dir='ltr'><strong>omnes,</strong></span> <span class='ocrx_word' id='word_1_527' title='bbox 1412 4124 1612 4196; x_wconf 89' lang='lat' dir='ltr'><strong>inquit,</strong></span> <span class='ocrx_word' id='word_1_528' title='bbox 1654 4125 1847 4181; x_wconf 72' lang='lat' dir='ltr'><strong>bestiae</strong></span> <span class='ocrx_word' id='word_1_529' title='bbox 1900 4139 2035 4179; x_wconf 72' lang='lat' dir='ltr'><strong>non.</strong></span> 
     </span>
    </p>
   </div>
   <div class='ocr_carea' id='block_1_71' title="bbox 441 4216 2015 4295">
    <p class='ocr_par' dir='ltr' id='par_1_71' title="bbox 441 4216 2015 4295">
     <span class='ocr_line' id='line_1_71' title="bbox 441 4216 2015 4295; baseline -0.002 -22"><span class='ocrx_word' id='word_1_530' title='bbox 441 4219 664 4273; x_wconf 88' lang='lat' dir='ltr'><strong>stabunt</strong></span> <span class='ocrx_word' id='word_1_531' title='bbox 694 4219 748 4273; x_wconf 91' lang='lat' dir='ltr'><strong>in</strong></span> <span class='ocrx_word' id='word_1_532' title='bbox 790 4222 1094 4286; x_wconf 87' lang='lat' dir='ltr'><strong>conspectu</strong></span> <span class='ocrx_word' id='word_1_533' title='bbox 1145 4216 1288 4284; x_wconf 88' lang='lat' dir='ltr'><strong>ejus,</strong></span> <span class='ocrx_word' id='word_1_534' title='bbox 1319 4224 1375 4272; x_wconf 91' lang='lat' dir='ltr'><strong>et</strong></span> <span class='ocrx_word' id='word_1_535' title='bbox 1412 4232 1520 4272; x_wconf 91' lang='lat' dir='ltr'><strong>non</strong></span> <span class='ocrx_word' id='word_1_536' title='bbox 1557 4222 1677 4271; x_wconf 87' lang='lat' dir='ltr'><strong>erat</strong></span> <span class='ocrx_word' id='word_1_537' title='bbox 1712 4216 2015 4295; x_wconf 51' lang='lat' dir='ltr'><strong>liberans}</strong></span> 
     </span>
    </p>
   </div>
   <div class='ocr_carea' id='block_1_72' title="bbox 440 4307 2013 4377">
    <p class='ocr_par' dir='ltr' id='par_1_72' title="bbox 440 4307 2013 4377">
     <span class='ocr_line' id='line_1_72' title="bbox 440 4307 2013 4377; baseline -0.001 -16"><span class='ocrx_word' id='word_1_538' title='bbox 440 4324 604 4364; x_wconf 88' lang='lat' dir='ltr'><strong>manu</strong></span> <span class='ocrx_word' id='word_1_539' title='bbox 649 4309 792 4377; x_wconf 88' lang='lat' dir='ltr'><strong>ejus,</strong></span> <span class='ocrx_word' id='word_1_540' title='bbox 835 4317 891 4364; x_wconf 89' lang='lat' dir='ltr'><strong>et</strong></span> <span class='ocrx_word' id='word_1_541' title='bbox 926 4308 1054 4363; x_wconf 83' lang='lat' dir='ltr'><strong>fecit</strong></span> <span class='ocrx_word' id='word_1_542' title='bbox 1088 4307 1392 4364; x_wconf 88' lang='lat' dir='ltr'><strong>secundum</strong></span> <span class='ocrx_word' id='word_1_543' title='bbox 1448 4310 1785 4363; x_wconf 82' lang='lat' dir='ltr'><strong>voluntatem</strong></span> <span class='ocrx_word' id='word_1_544' title='bbox 1829 4322 2013 4373; x_wconf 91' lang='lat' dir='ltr'><strong>suam,</strong></span> 
     </span>
    </p>
   </div>
   <div class='ocr_carea' id='block_1_73' title="bbox 440 4398 2015 4472">
    <p class='ocr_par' dir='ltr' id='par_1_73' title="bbox 440 4398 2015 4472">
     <span class='ocr_line' id='line_1_73' title="bbox 440 4398 2015 4472; baseline -0.003 -17"><span class='ocrx_word' id='word_1_545' title='bbox 440 4409 495 4455; x_wconf 88' lang='lat' dir='ltr'><strong>et</strong></span> <span class='ocrx_word' id='word_1_546' title='bbox 530 4402 918 4472; x_wconf 76' lang='lat' dir='ltr'><strong>magnificatus</strong></span> <span class='ocrx_word' id='word_1_547' title='bbox 968 4408 1075 4457; x_wconf 82' lang='lat' dir='ltr'><strong>est.</strong></span> <span class='ocrx_word' id='word_1_548' title='bbox 1112 4400 1371 4456; x_wconf 71' lang='grc' dir='ltr'><strong>»Βεςιίασ</strong></span> <span class='ocrx_word' id='word_1_549' title='bbox 1420 4407 1600 4455; x_wconf 90' lang='lat' dir='ltr'><strong>autem</strong></span> <span class='ocrx_word' id='word_1_550' title='bbox 1660 4414 1858 4454; x_wconf 86' lang='lat' dir='ltr'><strong>rursus</strong></span> <span class='ocrx_word' id='word_1_551' title='bbox 1908 4398 2015 4453; x_wconf 88' lang='lat' dir='ltr'><strong>alia</strong></span> 
     </span>
    </p>
   </div>
   <div class='ocr_carea' id='block_1_74' title="bbox 439 4492 2016 4563">
    <p class='ocr_par' dir='ltr' id='par_1_74' title="bbox 439 4492 2016 4563">
     <span class='ocr_line' id='line_1_74' title="bbox 439 4492 2016 4563; baseline -0.001 -16"><span class='ocrx_word' id='word_1_552' title='bbox 439 4508 606 4562; x_wconf 76' lang='lat' dir='ltr'><strong>regna</strong></span> <span class='ocrx_word' id='word_1_553' title='bbox 641 4493 945 4563; x_wconf 77' lang='lat' dir='ltr'><strong>singularia</strong></span> <span class='ocrx_word' id='word_1_554' title='bbox 979 4503 1174 4557; x_wconf 83' lang='lat' dir='ltr'><strong>vocat,</strong></span> <span class='ocrx_word' id='word_1_555' title='bbox 1233 4493 1495 4563; x_wconf 88' lang='lat' dir='ltr'><strong>Syrorum</strong></span> <span class='ocrx_word' id='word_1_556' title='bbox 1526 4533 1540 4555; x_wconf 89' lang='lat'><strong>,</strong></span> <span class='ocrx_word' id='word_1_557' title='bbox 1572 4492 1806 4547; x_wconf 90' lang='lat' dir='ltr'><strong>Cilicum</strong></span> <span class='ocrx_word' id='word_1_558' title='bbox 1829 4533 1843 4555; x_wconf 84' lang='lat'><strong><em>.</em></strong></span> <span class='ocrx_word' id='word_1_559' title='bbox 1879 4492 2016 4545; x_wconf 79' lang='lat' dir='ltr'><strong>Ara-</strong></span> 
     </span>
    </p>
   </div>
   <div class='ocr_carea' id='block_1_75' title="bbox 2112 3304 3686 3382">
    <p class='ocr_par' dir='ltr' id='par_1_75' title="bbox 2112 3304 3686 3382">
     <span class='ocr_line' id='line_1_75' title="bbox 2112 3304 3686 3382; baseline 0.004 -24"><span class='ocrx_word' id='word_1_560' title='bbox 2112 3304 2408 3369; x_wconf 80' lang='grc' dir='ltr'>θὰλασσαν,</span> <span class='ocrx_word' id='word_1_561' title='bbox 2434 3307 2527 3359; x_wconf 74' lang='grc' dir='ltr'>καὶ</span> <span class='ocrx_word' id='word_1_562' title='bbox 2552 3306 2772 3378; x_wconf 80' lang='grc' dir='ltr'>βορῤἄν,</span> <span class='ocrx_word' id='word_1_563' title='bbox 2795 3307 2888 3361; x_wconf 79' lang='grc' dir='ltr'>καὶ</span> <span class='ocrx_word' id='word_1_564' title='bbox 2908 3308 3079 3363; x_wconf 89' lang='grc' dir='ltr'>νότον.</span> <span class='ocrx_word' id='word_1_565' title='bbox 3109 3326 3128 3361; x_wconf 76' lang='lat' dir='ltr'><strong>t</strong></span> <span class='ocrx_word' id='word_1_566' title='bbox 3159 3310 3241 3363; x_wconf 82' lang='grc' dir='ltr'><strong>Τά</strong></span> <span class='ocrx_word' id='word_1_567' title='bbox 3263 3328 3322 3362; x_wconf 89' lang='grc' dir='ltr'><strong>τε</strong></span> <span class='ocrx_word' id='word_1_568' title='bbox 3345 3310 3453 3381; x_wconf 80' lang='grc' dir='ltr'>γὰρ</span> <span class='ocrx_word' id='word_1_569' title='bbox 3478 3310 3686 3382; x_wconf 80' lang='grc' dir='ltr'>βόρεια,</span> 
     </span>
    </p>
   </div>
   <div class='ocr_carea' id='block_1_76' title="bbox 2110 3396 3691 3472">
    <p class='ocr_par' dir='ltr' id='par_1_76' title="bbox 2110 3396 3691 3472">
     <span class='ocr_line' id='line_1_76' title="bbox 2110 3396 3691 3472; baseline 0.005 -21"><span class='ocrx_word' id='word_1_570' title='bbox 2110 3398 2180 3451; x_wconf 86' lang='grc' dir='ltr'>τά</span> <span class='ocrx_word' id='word_1_571' title='bbox 2204 3415 2263 3451; x_wconf 91' lang='grc' dir='ltr'><strong>τε</strong></span> <span class='ocrx_word' id='word_1_572' title='bbox 2279 3397 2325 3431; x_wconf 84' lang='lat'>&quot;</span> <span class='ocrx_word' id='word_1_573' title='bbox 2370 3399 2552 3467; x_wconf 87' lang='grc' dir='ltr'>νότια,</span> <span class='ocrx_word' id='word_1_574' title='bbox 2596 3400 2811 3472; x_wconf 85' lang='grc' dir='ltr'>ὑπήκοα</span> <span class='ocrx_word' id='word_1_575' title='bbox 2861 3396 3007 3471; x_wconf 73' lang='grc' dir='ltr'><strong>εἶχεν</strong></span> <span class='ocrx_word' id='word_1_576' title='bbox 3036 3401 3288 3469; x_wconf 74' lang='grc' dir='ltr'>ἅπαντα,</span> <span class='ocrx_word' id='word_1_577' title='bbox 3342 3404 3601 3468; x_wconf 80' lang='grc' dir='ltr'>ὡσαύτως</span> <span class='ocrx_word' id='word_1_578' title='bbox 3633 3404 3691 3459; x_wconf 77' lang='grc' dir='ltr'><strong>δὲ</strong></span> 
     </span>
    </p>
   </div>
   <div class='ocr_carea' id='block_1_77' title="bbox 2111 3488 3693 3565">
    <p class='ocr_par' dir='ltr' id='par_1_77' title="bbox 2111 3488 3693 3565">
     <span class='ocr_line' id='line_1_77' title="bbox 2111 3488 3693 3565; baseline 0.004 -22"><span class='ocrx_word' id='word_1_579' title='bbox 2111 3490 2204 3543; x_wconf 75' lang='grc' dir='ltr'>καὶ</span> <span class='ocrx_word' id='word_1_580' title='bbox 2236 3488 2305 3543; x_wconf 73' lang='grc' dir='ltr'>τὰ</span> <span class='ocrx_word' id='word_1_581' title='bbox 2355 3491 2588 3563; x_wconf 77' lang='grc' dir='ltr'>ἑσπέρια</span> <span class='ocrx_word' id='word_1_582' title='bbox 2631 3492 2825 3563; x_wconf 86' lang='grc' dir='ltr'>μέχρις</span> <span class='ocrx_word' id='word_1_583' title='bbox 2865 3493 3037 3563; x_wconf 82' lang='grc' dir='ltr'>αὐτῆς</span> <span class='ocrx_word' id='word_1_584' title='bbox 3101 3494 3190 3563; x_wconf 75' lang='grc' dir='ltr'><strong>τῆς</strong></span> <span class='ocrx_word' id='word_1_585' title='bbox 3236 3494 3543 3565; x_wconf 81' lang='grc' dir='ltr'>θαλάσσης·</span> <span class='ocrx_word' id='word_1_586' title='bbox 3595 3496 3693 3551; x_wconf 60' lang='grc' dir='ltr'><strong>καὶ¹</strong></span> 
     </span>
    </p>
   </div>
   <div class='ocr_carea' id='block_1_78' title="bbox 2110 3582 3688 3655">
    <p class='ocr_par' dir='ltr' id='par_1_78' title="bbox 2110 3582 3688 3655">
     <span class='ocr_line' id='line_1_78' title="bbox 2110 3582 3688 3655; baseline 0.004 -21"><span class='ocrx_word' id='word_1_587' title='bbox 2110 3582 2219 3634; x_wconf 86' lang='grc' dir='ltr'>τῶν</span> <span class='ocrx_word' id='word_1_588' title='bbox 2262 3583 2442 3653; x_wconf 88' lang='grc' dir='ltr'>νήσων</span> <span class='ocrx_word' id='word_1_589' title='bbox 2476 3583 2533 3636; x_wconf 71' lang='grc' dir='ltr'><strong>δὲ</strong></span> <span class='ocrx_word' id='word_1_590' title='bbox 2576 3584 2675 3648; x_wconf 77' lang='grc' dir='ltr'><strong>τὰς</strong></span> <span class='ocrx_word' id='word_1_591' title='bbox 2722 3583 2982 3650; x_wconf 88' lang='grc' dir='ltr'>πλείστας</span> <span class='ocrx_word' id='word_1_592' title='bbox 3030 3584 3305 3638; x_wconf 73' lang='grc' dir='ltr'>δουλεύειν</span> <span class='ocrx_word' id='word_1_593' title='bbox 3356 3585 3688 3655; x_wconf 76' lang='grc' dir='ltr'>ἠνάγκασεν.</span> 
     </span>
    </p>
   </div>
   <div class='ocr_carea' id='block_1_79' title="bbox 2111 3670 3688 3746">
    <p class='ocr_par' dir='ltr' id='par_1_79' title="bbox 2111 3670 3688 3746">
     <span class='ocr_line' id='line_1_79' title="bbox 2111 3670 3688 3746; baseline 0.002 -20"><span class='ocrx_word' id='word_1_594' title='bbox 2111 3672 2318 3727; x_wconf 78' lang='grc' dir='ltr'>Αὐτίκα</span> <span class='ocrx_word' id='word_1_595' title='bbox 2348 3673 2526 3727; x_wconf 83' lang='grc' dir='ltr'>τοίνυν</span> <span class='ocrx_word' id='word_1_596' title='bbox 2551 3673 2631 3744; x_wconf 85' lang='grc' dir='ltr'>τῷ</span> <span class='ocrx_word' id='word_1_597' title='bbox 2661 3670 2838 3746; x_wconf 78' lang='grc' dir='ltr'><strong>Ξέρξῃ</strong></span> <span class='ocrx_word' id='word_1_598' title='bbox 2887 3675 2982 3728; x_wconf 72' lang='grc' dir='ltr'><strong>καὶ</strong></span> <span class='ocrx_word' id='word_1_599' title='bbox 3024 3674 3299 3741; x_wconf 84' lang='grc' dir='ltr'>Κύπριοι,</span> <span class='ocrx_word' id='word_1_600' title='bbox 3336 3676 3429 3729; x_wconf 74' lang='grc' dir='ltr'>καὶ</span> <span class='ocrx_word' id='word_1_601' title='bbox 3478 3676 3688 3743; x_wconf 86' lang='grc' dir='ltr'>Ῥόδιοι,</span> 
     </span>
    </p>
   </div>
   <div class='ocr_carea' id='block_1_80' title="bbox 2112 3764 3693 3833">
    <p class='ocr_par' dir='ltr' id='par_1_80' title="bbox 2112 3764 3693 3833">
     <span class='ocr_line' id='line_1_80' title="bbox 2112 3764 3693 3833; baseline 0.001 -15"><span class='ocrx_word' id='word_1_602' title='bbox 2112 3764 2305 3832; x_wconf 79' lang='grc' dir='ltr'><strong>Σάμιοι</strong></span> <span class='ocrx_word' id='word_1_603' title='bbox 2342 3781 2403 3817; x_wconf 88' lang='grc' dir='ltr'><strong>τε</strong></span> <span class='ocrx_word' id='word_1_604' title='bbox 2443 3765 2536 3817; x_wconf 81' lang='grc' dir='ltr'><strong>καὶ</strong></span> <span class='ocrx_word' id='word_1_605' title='bbox 2569 3764 2822 3828; x_wconf 80' lang='grc' dir='ltr'><strong>Λέσϐιοι,</strong></span> <span class='ocrx_word' id='word_1_606' title='bbox 2864 3767 2961 3820; x_wconf 74' lang='grc' dir='ltr'>καὶ</span> <span class='ocrx_word' id='word_1_607' title='bbox 2986 3767 3147 3829; x_wconf 83' lang='grc' dir='ltr'>Χῖοι,</span> <span class='ocrx_word' id='word_1_608' title='bbox 3189 3766 3283 3820; x_wconf 80' lang='grc' dir='ltr'>καὶ</span> <span class='ocrx_word' id='word_1_609' title='bbox 3324 3768 3379 3820; x_wconf 90' lang='grc' dir='ltr'><strong>αί</strong></span> <span class='ocrx_word' id='word_1_610' title='bbox 3411 3767 3693 3833; x_wconf 71' lang='grc' dir='ltr'>Κυκλάδες</span> 
     </span>
    </p>
   </div>
   <div class='ocr_carea' id='block_1_81' title="bbox 2113 3852 3692 3931">
    <p class='ocr_par' dir='ltr' id='par_1_81' title="bbox 2113 3852 3692 3931">
     <span class='ocr_line' id='line_1_81' title="bbox 2113 3852 3692 3931; baseline 0.003 -23"><span class='ocrx_word' id='word_1_611' title='bbox 2113 3852 2324 3908; x_wconf 76' lang='grc' dir='ltr'>ἅπασαι</span> <span class='ocrx_word' id='word_1_612' title='bbox 2369 3855 2705 3925; x_wconf 86' lang='grc' dir='ltr'><strong>συνεμάχουν</strong></span> <span class='ocrx_word' id='word_1_613' title='bbox 2755 3856 2852 3925; x_wconf 85' lang='grc' dir='ltr'>τὴν</span> <span class='ocrx_word' id='word_1_614' title='bbox 2898 3857 3041 3910; x_wconf 85' lang='grc' dir='ltr'>κατὰ</span> <span class='ocrx_word' id='word_1_615' title='bbox 3093 3858 3194 3928; x_wconf 83' lang='grc' dir='ltr'>τῆς</span> <span class='ocrx_word' id='word_1_616' title='bbox 3244 3857 3492 3922; x_wconf 80' lang='grc' dir='ltr'>Ἑλλάδος</span> <span class='ocrx_word' id='word_1_617' title='bbox 3528 3875 3692 3931; x_wconf 83' lang='grc' dir='ltr'>στρα-</span> 
     </span>
    </p>
   </div>
   <div class='ocr_carea' id='block_1_82' title="bbox 2113 3945 3693 4023">
    <p class='ocr_par' dir='ltr' id='par_1_82' title="bbox 2113 3945 3693 4023">
     <span class='ocr_line' id='line_1_82' title="bbox 2113 3945 3693 4023; baseline 0.004 -24"><span class='ocrx_word' id='word_1_618' title='bbox 2113 3946 2265 3999; x_wconf 86' lang='grc' dir='ltr'>τείαν</span> <span class='ocrx_word' id='word_1_619' title='bbox 2303 3946 2633 4017; x_wconf 74' lang='grc' dir='ltr'><strong>ποιουμένῳ.</strong></span> <span class='ocrx_word' id='word_1_620' title='bbox 2680 3946 2884 4001; x_wconf 83' lang='grc' dir='ltr'>Τούτου</span> <span class='ocrx_word' id='word_1_621' title='bbox 2937 3948 3123 4002; x_wconf 70' lang='grc' dir='ltr'>ἕνεκεν</span> <span class='ocrx_word' id='word_1_622' title='bbox 3156 3967 3175 4001; x_wconf 79' lang='grc' dir='ltr'><strong>ι</strong></span> <span class='ocrx_word' id='word_1_623' title='bbox 3216 3945 3371 4003; x_wconf 82' lang='grc' dir='ltr'>Εἷδεν</span> <span class='ocrx_word' id='word_1_624' title='bbox 3407 3952 3501 4005; x_wconf 78' lang='grc' dir='ltr'>τὸν</span> <span class='ocrx_word' id='word_1_625' title='bbox 3538 3954 3693 4023; x_wconf 76' lang='grc' dir='ltr'>κριὸν</span> 
     </span>
    </p>
   </div>
   <div class='ocr_carea' id='block_1_83' title="bbox 2114 4038 3689 4114">
    <p class='ocr_par' dir='ltr' id='par_1_83' title="bbox 2114 4038 3689 4114">
     <span class='ocr_line' id='line_1_83' title="bbox 2114 4038 3689 4114; baseline 0.004 -22"><span class='ocrx_word' id='word_1_626' title='bbox 2114 4038 2466 4108; x_wconf 77' lang='grc' dir='ltr'>κερατίζοντα</span> <span class='ocrx_word' id='word_1_627' title='bbox 2503 4040 2646 4093; x_wconf 81' lang='grc' dir='ltr'>κατὰ</span> <span class='ocrx_word' id='word_1_628' title='bbox 2672 4039 2969 4104; x_wconf 83' lang='grc' dir='ltr'>θάλασσαν,</span> <span class='ocrx_word' id='word_1_629' title='bbox 3010 4042 3105 4094; x_wconf 76' lang='grc' dir='ltr'><strong>καὶ</strong></span> <span class='ocrx_word' id='word_1_630' title='bbox 3131 4042 3354 4114; x_wconf 74' lang='grc' dir='ltr'>βορρᾶν,</span> <span class='ocrx_word' id='word_1_631' title='bbox 3391 4044 3486 4097; x_wconf 74' lang='grc' dir='ltr'>καὶ</span> <span class='ocrx_word' id='word_1_632' title='bbox 3516 4045 3689 4098; x_wconf 88' lang='grc' dir='ltr'>νότον.</span> 
     </span>
    </p>
   </div>
   <div class='ocr_carea' id='block_1_84' title="bbox 2114 4128 3692 4201">
    <p class='ocr_par' dir='ltr' id='par_1_84' title="bbox 2114 4128 3692 4201">
     <span class='ocr_line' id='line_1_84' title="bbox 2114 4128 3692 4201; baseline 0.001 -20"><span class='ocrx_word' id='word_1_633' title='bbox 2114 4129 2223 4182; x_wconf 70' lang='grc' dir='ltr'><strong>Καὶ</strong></span> <span class='ocrx_word' id='word_1_634' title='bbox 2253 4129 2432 4182; x_wconf 78' lang='grc' dir='ltr'>πάντα</span> <span class='ocrx_word' id='word_1_635' title='bbox 2454 4170 2469 4194; x_wconf 93' lang='grc'><strong>,</strong></span> <span class='ocrx_word' id='word_1_636' title='bbox 2514 4129 2648 4201; x_wconf 74' lang='grc' dir='ltr'>φησὶ</span> <span class='ocrx_word' id='word_1_637' title='bbox 2671 4169 2686 4193; x_wconf 96' lang='grc'><strong>,</strong></span> <span class='ocrx_word' id='word_1_638' title='bbox 2716 4129 2786 4181; x_wconf 78' lang='grc' dir='ltr'>τὰ</span> <span class='ocrx_word' id='word_1_639' title='bbox 2813 4128 2980 4199; x_wconf 85' lang='grc' dir='ltr'>θηρία</span> <span class='ocrx_word' id='word_1_640' title='bbox 3007 4129 3068 4183; x_wconf 80' lang='grc' dir='ltr'>οὐ</span> <span class='ocrx_word' id='word_1_641' title='bbox 3116 4131 3374 4199; x_wconf 83' lang='grc' dir='ltr'>στήσεται</span> <span class='ocrx_word' id='word_1_642' title='bbox 3391 4132 3439 4164; x_wconf 72' lang='grc' dir='ltr'>’θ</span> <span class='ocrx_word' id='word_1_643' title='bbox 3463 4129 3692 4184; x_wconf 76' lang='grc' dir='ltr'>ἐνώπιον</span> 
     </span>
    </p>
   </div>
   <div class='ocr_carea' id='block_1_85' title="bbox 2115 4214 3693 4290">
    <p class='ocr_par' dir='ltr' id='par_1_85' title="bbox 2115 4214 3693 4290">
     <span class='ocr_line' id='line_1_85' title="bbox 2115 4214 3693 4290; baseline -0.001 -17"><span class='ocrx_word' id='word_1_644' title='bbox 2115 4219 2320 4285; x_wconf 79' lang='grc' dir='ltr'>αὐτοῦ,</span> <span class='ocrx_word' id='word_1_645' title='bbox 2378 4220 2472 4273; x_wconf 76' lang='grc' dir='ltr'>καὶ</span> <span class='ocrx_word' id='word_1_646' title='bbox 2502 4220 2603 4273; x_wconf 81' lang='grc' dir='ltr'><strong>οὐκ</strong></span> <span class='ocrx_word' id='word_1_647' title='bbox 2632 4214 2702 4289; x_wconf 82' lang='grc' dir='ltr'><strong>ἦν</strong></span> <span class='ocrx_word' id='word_1_648' title='bbox 2733 4222 2761 4272; x_wconf 85' lang='grc' dir='ltr'><strong>ό</strong></span> <span class='ocrx_word' id='word_1_649' title='bbox 2809 4218 3200 4288; x_wconf 78' lang='grc' dir='ltr'>ἐξαιρούμενος</span> <span class='ocrx_word' id='word_1_650' title='bbox 3242 4219 3308 4272; x_wconf 80' lang='grc' dir='ltr'>ὲκ</span> <span class='ocrx_word' id='word_1_651' title='bbox 3361 4220 3458 4289; x_wconf 83' lang='grc' dir='ltr'><strong>τῆς</strong></span> <span class='ocrx_word' id='word_1_652' title='bbox 3509 4219 3693 4290; x_wconf 79' lang='grc' dir='ltr'>χειρὸς</span> 
     </span>
    </p>
   </div>
   <div class='ocr_carea' id='block_1_86' title="bbox 2117 4307 3695 4380">
    <p class='ocr_par' dir='ltr' id='par_1_86' title="bbox 2117 4307 3695 4380">
     <span class='ocr_line' id='line_1_86' title="bbox 2117 4307 3695 4380; baseline -0.001 -15"><span class='ocrx_word' id='word_1_653' title='bbox 2117 4310 2303 4373; x_wconf 81' lang='grc' dir='ltr'>αὑτοῦ,</span> <span class='ocrx_word' id='word_1_654' title='bbox 2346 4311 2442 4364; x_wconf 74' lang='grc' dir='ltr'>καὶ</span> <span class='ocrx_word' id='word_1_655' title='bbox 2469 4309 2693 4379; x_wconf 77' lang='grc' dir='ltr'>εποίησε</span> <span class='ocrx_word' id='word_1_656' title='bbox 2719 4308 2860 4363; x_wconf 85' lang='grc' dir='ltr'>κατὰ</span> <span class='ocrx_word' id='word_1_657' title='bbox 2889 4309 2949 4363; x_wconf 74' lang='grc' dir='ltr'>τὸ</span> <span class='ocrx_word' id='word_1_658' title='bbox 2974 4309 3189 4378; x_wconf 88' lang='grc' dir='ltr'>θέλημα</span> <span class='ocrx_word' id='word_1_659' title='bbox 3219 4307 3408 4373; x_wconf 81' lang='grc' dir='ltr'>αὐτοῦ,</span> <span class='ocrx_word' id='word_1_660' title='bbox 3437 4309 3534 4362; x_wconf 66' lang='grc' dir='ltr'><strong>καὶ.</strong></span> <span class='ocrx_word' id='word_1_661' title='bbox 3566 4311 3695 4380; x_wconf 78' lang='grc' dir='ltr'><strong>ἐμε-</strong></span> 
     </span>
    </p>
   </div>
   <div class='ocr_carea' id='block_1_87' title="bbox 2116 4400 3692 4473">
    <p class='ocr_par' dir='ltr' id='par_1_87' title="bbox 2116 4400 3692 4473">
     <span class='ocr_line' id='line_1_87' title="bbox 2116 4400 3692 4473; baseline 0.002 -18"><span class='ocrx_word' id='word_1_662' title='bbox 2116 4400 2380 4472; x_wconf 89' lang='grc' dir='ltr'>γαλύνθη.</span> <span class='ocrx_word' id='word_1_663' title='bbox 2425 4412 2445 4455; x_wconf 70' lang='lat' dir='ltr'><strong>i</strong></span> <span class='ocrx_word' id='word_1_664' title='bbox 2486 4402 2671 4468; x_wconf 78' lang='grc' dir='ltr'>Θηρία</span> <span class='ocrx_word' id='word_1_665' title='bbox 2712 4400 2769 4454; x_wconf 82' lang='grc' dir='ltr'><strong>δὲ</strong></span> <span class='ocrx_word' id='word_1_666' title='bbox 2827 4401 2989 4455; x_wconf 82' lang='grc' dir='ltr'>πάλιν</span> <span class='ocrx_word' id='word_1_667' title='bbox 3040 4402 3140 4465; x_wconf 78' lang='grc' dir='ltr'>τὰς</span> <span class='ocrx_word' id='word_1_668' title='bbox 3194 4402 3360 4465; x_wconf 75' lang='grc' dir='ltr'>ἄλλας</span> <span class='ocrx_word' id='word_1_669' title='bbox 3415 4403 3692 4473; x_wconf 80' lang='grc' dir='ltr'>βασιλείας</span> 
     </span>
    </p>
   </div>
   <div class='ocr_carea' id='block_1_88' title="bbox 2119 4491 3691 4565">
    <p class='ocr_par' dir='ltr' id='par_1_88' title="bbox 2119 4491 3691 4565">
     <span class='ocr_line' id='line_1_88' title="bbox 2119 4491 3691 4565; baseline -0.001 -19"><span class='ocrx_word' id='word_1_670' title='bbox 2119 4493 2277 4546; x_wconf 87' lang='grc' dir='ltr'><strong>καλεί</strong></span> <span class='ocrx_word' id='word_1_671' title='bbox 2322 4492 2419 4555; x_wconf 85' lang='grc' dir='ltr'>τὰς</span> <span class='ocrx_word' id='word_1_672' title='bbox 2449 4491 2711 4563; x_wconf 83' lang='grc' dir='ltr'>μερικὰς,</span> <span class='ocrx_word' id='word_1_673' title='bbox 2746 4491 2845 4562; x_wconf 80' lang='grc' dir='ltr'><strong>τὴν</strong></span> <span class='ocrx_word' id='word_1_674' title='bbox 2885 4492 3073 4563; x_wconf 83' lang='grc' dir='ltr'>Σύρων</span> <span class='ocrx_word' id='word_1_675' title='bbox 3099 4536 3112 4559; x_wconf 87' lang='grc'><strong>,</strong></span> <span class='ocrx_word' id='word_1_676' title='bbox 3146 4492 3248 4561; x_wconf 84' lang='grc' dir='ltr'>τὴν</span> <span class='ocrx_word' id='word_1_677' title='bbox 3277 4494 3519 4548; x_wconf 83' lang='grc' dir='ltr'>Κιλίκων</span> <span class='ocrx_word' id='word_1_678' title='bbox 3544 4535 3561 4559; x_wconf 86' lang='grc'><strong>,</strong></span> <span class='ocrx_word' id='word_1_679' title='bbox 3593 4495 3691 4565; x_wconf 80' lang='grc' dir='ltr'><strong>τὴν</strong></span> 
     </span>
    </p>
   </div>
   <div class='ocr_carea' id='block_1_89' title="bbox 440 4571 2005 4655">
    <p class='ocr_par' dir='ltr' id='par_1_89' title="bbox 440 4582 2005 4654">
     <span class='ocr_line' id='line_1_89' title="bbox 440 4582 2005 4654; baseline -0.002 -16"><span class='ocrx_word' id='word_1_680' title='bbox 440 4583 592 4649; x_wconf 83' lang='lat' dir='ltr'><strong>bum,</strong></span> <span class='ocrx_word' id='word_1_681' title='bbox 641 4582 1026 4654; x_wconf 60' lang='lat' dir='ltr'><strong>IEgyptiorum</strong></span> <span class='ocrx_word' id='word_1_682' title='bbox 1058 4603 1073 4639; x_wconf 91' lang='lat'><strong>:</strong></span> <span class='ocrx_word' id='word_1_683' title='bbox 1110 4593 1166 4639; x_wconf 90' lang='lat' dir='ltr'><strong>et</strong></span> <span class='ocrx_word' id='word_1_684' title='bbox 1198 4583 1392 4638; x_wconf 73' lang='lat' dir='ltr'><strong>bestias</strong></span> <span class='ocrx_word' id='word_1_685' title='bbox 1451 4585 1569 4652; x_wconf 89' lang='lat' dir='ltr'><strong>ipsa</strong></span> <span class='ocrx_word' id='word_1_686' title='bbox 1626 4585 1886 4653; x_wconf 88' lang='lat' dir='ltr'><strong>appellat,</strong></span> <span class='ocrx_word' id='word_1_687' title='bbox 1945 4596 2005 4635; x_wconf 88' lang='lat' dir='ltr'><strong>eo</strong></span> 
     </span>
    </p>
   </div>
   <div class='ocr_carea' id='block_1_90' title="bbox 2106 4571 3690 4655">
    <p class='ocr_par' dir='ltr' id='par_1_90' title="bbox 2130 4582 3690 4655">
     <span class='ocr_line' id='line_1_90' title="bbox 2130 4582 3690 4655; baseline 0.002 -19"><span class='ocrx_word' id='word_1_688' title='bbox 2130 4584 2407 4655; x_wconf 78' lang='grc' dir='ltr'><strong>’Λράὅων,</strong></span> <span class='ocrx_word' id='word_1_689' title='bbox 2439 4582 2537 4652; x_wconf 86' lang='grc' dir='ltr'><strong>τὴν</strong></span> <span class='ocrx_word' id='word_1_690' title='bbox 2570 4583 2883 4651; x_wconf 74' lang='grc' dir='ltr'>Αἰγυπτίων</span> <span class='ocrx_word' id='word_1_691' title='bbox 2914 4598 2929 4614; x_wconf 84' lang='grc'>⁶</span> <span class='ocrx_word' id='word_1_692' title='bbox 2981 4584 3157 4651; x_wconf 83' lang='grc' dir='ltr'>θηρία</span> <span class='ocrx_word' id='word_1_693' title='bbox 3193 4583 3249 4637; x_wconf 84' lang='grc' dir='ltr'><strong>δὲ</strong></span> <span class='ocrx_word' id='word_1_694' title='bbox 3282 4584 3453 4648; x_wconf 81' lang='grc' dir='ltr'>αὑτὰς</span> <span class='ocrx_word' id='word_1_695' title='bbox 3489 4585 3690 4654; x_wconf 82' lang='grc' dir='ltr'><strong>ὀνομά-</strong></span> 
     </span>
    </p>
   </div>
   <div class='ocr_carea' id='block_1_91' title="bbox 439 4669 2005 4745">
    <p class='ocr_par' dir='ltr' id='par_1_91' title="bbox 439 4671 2005 4745">
     <span class='ocr_line' id='line_1_91' title="bbox 439 4671 2005 4745; baseline -0.003 -15"><span class='ocrx_word' id='word_1_696' title='bbox 439 4674 586 4744; x_wconf 86' lang='lat' dir='ltr'><strong>quod</strong></span> <span class='ocrx_word' id='word_1_697' title='bbox 630 4675 897 4743; x_wconf 84' lang='lat' dir='ltr'><strong>subjectis</strong></span> <span class='ocrx_word' id='word_1_698' title='bbox 941 4674 1165 4745; x_wconf 88' lang='lat' dir='ltr'><strong>populis</strong></span> <span class='ocrx_word' id='word_1_699' title='bbox 1219 4675 1485 4729; x_wconf 88' lang='lat' dir='ltr'><strong>terribilia</strong></span> <span class='ocrx_word' id='word_1_700' title='bbox 1530 4674 1728 4728; x_wconf 79' lang='lat' dir='ltr'><strong>forent.</strong></span> <span class='ocrx_word' id='word_1_701' title='bbox 1788 4671 2005 4726; x_wconf 80' lang='lat' dir='ltr'><strong>Nullum</strong></span> 
     </span>
    </p>
   </div>
   <div class='ocr_carea' id='block_1_92' title="bbox 2106 4669 3692 4745">
    <p class='ocr_par' dir='ltr' id='par_1_92' title="bbox 2115 4669 3692 4745">
     <span class='ocr_line' id='line_1_92' title="bbox 2115 4669 3692 4745; baseline 0.001 -19"><span class='ocrx_word' id='word_1_702' title='bbox 2115 4674 2221 4737; x_wconf 78' lang='grc' dir='ltr'>ζει,</span> <span class='ocrx_word' id='word_1_703' title='bbox 2250 4674 2338 4727; x_wconf 80' lang='grc' dir='ltr'><strong>διὰ</strong></span> <span class='ocrx_word' id='word_1_704' title='bbox 2366 4673 2427 4726; x_wconf 80' lang='grc' dir='ltr'>τὸ</span> <span class='ocrx_word' id='word_1_705' title='bbox 2463 4673 2704 4744; x_wconf 71' lang='grc' dir='ltr'>φοϐερὰς</span> <span class='ocrx_word' id='word_1_706' title='bbox 2735 4669 2876 4729; x_wconf 80' lang='grc' dir='ltr'><strong>εἶναι</strong></span> <span class='ocrx_word' id='word_1_707' title='bbox 2921 4676 3035 4736; x_wconf 80' lang='grc' dir='ltr'>τοῖς</span> <span class='ocrx_word' id='word_1_708' title='bbox 3072 4675 3419 4745; x_wconf 76' lang='grc' dir='ltr'><strong>ἀρχομένοις.</strong></span> <span class='ocrx_word' id='word_1_709' title='bbox 3449 4674 3692 4745; x_wconf 77' lang='grc' dir='ltr'><strong>Οὐδεμία</strong></span> 
     </span>
    </p>
   </div>
   <div class='ocr_carea' id='block_1_93' title="bbox 442 4763 2005 4837">
    <p class='ocr_par' dir='ltr' id='par_1_93' title="bbox 442 4763 2005 4834">
     <span class='ocr_line' id='line_1_93' title="bbox 442 4763 2005 4834; baseline -0.004 -14"><span class='ocrx_word' id='word_1_710' title='bbox 442 4768 628 4833; x_wconf 89' lang='lat' dir='ltr'><strong>itaque</strong></span> <span class='ocrx_word' id='word_1_711' title='bbox 661 4780 912 4833; x_wconf 76' lang='lat' dir='ltr'><strong>regnum,</strong></span> <span class='ocrx_word' id='word_1_712' title='bbox 946 4765 1148 4834; x_wconf 85' lang='lat' dir='ltr'><strong>inquit,</strong></span> <span class='ocrx_word' id='word_1_713' title='bbox 1175 4765 1437 4820; x_wconf 88' lang='lat' dir='ltr'><strong>resistere</strong></span> <span class='ocrx_word' id='word_1_714' title='bbox 1468 4774 1683 4833; x_wconf 87' lang='lat' dir='ltr'><strong>poterat</strong></span> <span class='ocrx_word' id='word_1_715' title='bbox 1709 4778 1879 4833; x_wconf 78' lang='lat' dir='ltr'><strong>regno</strong></span> <span class='ocrx_word' id='word_1_716' title='bbox 1906 4763 2005 4823; x_wconf 84' lang='lat' dir='ltr'><strong>illi,</strong></span> 
     </span>
    </p>
   </div>
   <div class='ocr_carea' id='block_1_94' title="bbox 2106 4763 3693 4837">
    <p class='ocr_par' dir='ltr' id='par_1_94' title="bbox 2113 4763 3693 4837">
     <span class='ocr_line' id='line_1_94' title="bbox 2113 4763 3693 4837; baseline 0.001 -22"><span class='ocrx_word' id='word_1_717' title='bbox 2113 4763 2315 4826; x_wconf 83' lang='grc' dir='ltr'>τοίνυν,</span> <span class='ocrx_word' id='word_1_718' title='bbox 2348 4764 2483 4833; x_wconf 68' lang='grc' dir='ltr'><strong>φησὶ⁹</strong></span> <span class='ocrx_word' id='word_1_719' title='bbox 2500 4765 2568 4825; x_wconf 77' lang='grc'><strong>⁸⁸,</strong></span> <span class='ocrx_word' id='word_1_720' title='bbox 2612 4763 2858 4834; x_wconf 88' lang='grc' dir='ltr'>βασιλεία</span> <span class='ocrx_word' id='word_1_721' title='bbox 2883 4765 3199 4834; x_wconf 77' lang='grc' dir='ltr'>ἀντιστῆναι</span> <span class='ocrx_word' id='word_1_722' title='bbox 3231 4763 3464 4833; x_wconf 73' lang='grc' dir='ltr'>ἠδύνατο</span> <span class='ocrx_word' id='word_1_723' title='bbox 3508 4764 3693 4837; x_wconf 74' lang='grc' dir='ltr'>ἐκείνῃ</span> 
     </span>
    </p>
   </div>
   <div class='ocr_carea' id='block_1_95' title="bbox 441 4853 2005 4927">
    <p class='ocr_par' dir='ltr' id='par_1_95' title="bbox 441 4853 2005 4925">
     <span class='ocr_line' id='line_1_95' title="bbox 441 4853 2005 4925; baseline -0.003 -16"><span class='ocrx_word' id='word_1_724' title='bbox 441 4855 588 4924; x_wconf 86' lang='lat' dir='ltr'><strong>quod</strong></span> <span class='ocrx_word' id='word_1_725' title='bbox 647 4870 823 4909; x_wconf 89' lang='lat' dir='ltr'><strong>cornu</strong></span> <span class='ocrx_word' id='word_1_726' title='bbox 868 4854 1086 4923; x_wconf 81' lang='lat' dir='ltr'><strong>petebat</strong></span> <span class='ocrx_word' id='word_1_727' title='bbox 1105 4869 1301 4910; x_wconf 88' lang='lat' dir='ltr'><strong>versus</strong></span> <span class='ocrx_word' id='word_1_728' title='bbox 1353 4853 1567 4925; x_wconf 57' lang='lat'><strong>1215.</strong></span> <span class='ocrx_word' id='word_1_729' title='bbox 1619 4861 1900 4913; x_wconf 87' lang='lat' dir='ltr'><strong>austrum,</strong></span> <span class='ocrx_word' id='word_1_730' title='bbox 1958 4856 2005 4905; x_wconf 89' lang='lat' dir='ltr'><strong>et</strong></span> 
     </span>
    </p>
   </div>
   <div class='ocr_carea' id='block_1_96' title="bbox 2106 4853 3691 4927">
    <p class='ocr_par' dir='ltr' id='par_1_96' title="bbox 2114 4853 3691 4927">
     <span class='ocr_line' id='line_1_96' title="bbox 2114 4853 3691 4927; baseline -0.001 -18"><span class='ocrx_word' id='word_1_731' title='bbox 2114 4858 2182 4926; x_wconf 72' lang='grc' dir='ltr'>τῇ</span> <span class='ocrx_word' id='word_1_732' title='bbox 2218 4853 2466 4926; x_wconf 77' lang='grc' dir='ltr'>βασιλείᾳ</span> <span class='ocrx_word' id='word_1_733' title='bbox 2505 4854 2872 4927; x_wconf 79' lang='grc' dir='ltr'>κερατιζούσῃ</span> <span class='ocrx_word' id='word_1_734' title='bbox 2916 4853 3060 4909; x_wconf 79' lang='grc' dir='ltr'>κατὰ</span> <span class='ocrx_word' id='word_1_735' title='bbox 3101 4855 3289 4919; x_wconf 83' lang='grc' dir='ltr'>νότον,</span> <span class='ocrx_word' id='word_1_736' title='bbox 3331 4857 3427 4909; x_wconf 73' lang='grc' dir='ltr'>καὶ</span> <span class='ocrx_word' id='word_1_737' title='bbox 3469 4855 3691 4927; x_wconf 72' lang='grc' dir='ltr'>βορρᾶν,</span> 
     </span>
    </p>
   </div>
   <div class='ocr_carea' id='block_1_97' title="bbox 443 4943 2005 5018">
    <p class='ocr_par' dir='ltr' id='par_1_97' title="bbox 443 4945 2005 5012">
     <span class='ocr_line' id='line_1_97' title="bbox 443 4945 2005 5012; baseline -0.002 -14"><span class='ocrx_word' id='word_1_738' title='bbox 443 4945 781 5012; x_wconf 83' lang='lat' dir='ltr'><strong>aquilonem,</strong></span> <span class='ocrx_word' id='word_1_739' title='bbox 822 4951 880 4998; x_wconf 84' lang='lat' dir='ltr'><strong>et</strong></span> <span class='ocrx_word' id='word_1_740' title='bbox 924 4958 1122 5001; x_wconf 87' lang='lat' dir='ltr'><strong>mare:</strong></span> <span class='ocrx_word' id='word_1_741' title='bbox 1153 4953 1208 5001; x_wconf 91' lang='lat' dir='ltr'><strong>et</strong></span> <span class='ocrx_word' id='word_1_742' title='bbox 1248 4960 1407 5000; x_wconf 92' lang='lat' dir='ltr'><strong>nemo</strong></span> <span class='ocrx_word' id='word_1_743' title='bbox 1464 4945 1748 4999; x_wconf 82' lang='lat' dir='ltr'><strong>hominum</strong></span> <span class='ocrx_word' id='word_1_744' title='bbox 1797 4950 2005 5011; x_wconf 88' lang='lat' dir='ltr'><strong>poterat</strong></span> 
     </span>
    </p>
   </div>
   <div class='ocr_carea' id='block_1_98' title="bbox 2106 4943 3694 5018">
    <p class='ocr_par' dir='ltr' id='par_1_98' title="bbox 2116 4943 3694 5018">
     <span class='ocr_line' id='line_1_98' title="bbox 2116 4943 3694 5018; baseline -0.002 -17"><span class='ocrx_word' id='word_1_745' title='bbox 2116 4949 2211 5001; x_wconf 74' lang='grc' dir='ltr'>καὶ</span> <span class='ocrx_word' id='word_1_746' title='bbox 2238 4947 2534 5008; x_wconf 82' lang='grc' dir='ltr'>θάλασσαν,</span> <span class='ocrx_word' id='word_1_747' title='bbox 2560 4946 2684 5001; x_wconf 74' lang='grc' dir='ltr'>οὔτε</span> <span class='ocrx_word' id='word_1_748' title='bbox 2706 4944 2816 5011; x_wconf 76' lang='grc' dir='ltr'>οἷός</span> <span class='ocrx_word' id='word_1_749' title='bbox 2845 4965 2904 5001; x_wconf 77' lang='grc' dir='ltr'><strong>τε</strong></span> <span class='ocrx_word' id='word_1_750' title='bbox 2929 4943 2997 5017; x_wconf 81' lang='grc' dir='ltr'>ἦν</span> <span class='ocrx_word' id='word_1_751' title='bbox 3024 4964 3107 5008; x_wconf 86' lang='grc' dir='ltr'><strong>τις</strong></span> <span class='ocrx_word' id='word_1_752' title='bbox 3149 4946 3454 5018; x_wconf 82' lang='grc' dir='ltr'>ἀνθρώπων</span> <span class='ocrx_word' id='word_1_753' title='bbox 3479 4946 3694 5015; x_wconf 69' lang='grc' dir='ltr'>ἐκείνης</span> 
     </span>
    </p>
   </div>
   <div class='ocr_carea' id='block_1_99' title="bbox 443 5034 2005 5109">
    <p class='ocr_par' dir='ltr' id='par_1_99' title="bbox 443 5035 2005 5106">
     <span class='ocr_line' id='line_1_99' title="bbox 443 5035 2005 5106; baseline -0.001 -16"><span class='ocrx_word' id='word_1_754' title='bbox 443 5037 634 5092; x_wconf 89' lang='lat' dir='ltr'><strong>abillo</strong></span> <span class='ocrx_word' id='word_1_755' title='bbox 668 5036 897 5103; x_wconf 83' lang='lat' dir='ltr'><strong>imperio</strong></span> <span class='ocrx_word' id='word_1_756' title='bbox 947 5036 1177 5093; x_wconf 87' lang='lat' dir='ltr'><strong>liberum</strong></span> <span class='ocrx_word' id='word_1_757' title='bbox 1230 5036 1546 5106; x_wconf 84' lang='lat' dir='ltr'><strong>quempiam</strong></span> <span class='ocrx_word' id='word_1_758' title='bbox 1595 5035 2005 5097; x_wconf 86' lang='lat' dir='ltr'><strong>demonstrare.</strong></span> 
     </span>
    </p>
   </div>
   <div class='ocr_carea' id='block_1_100' title="bbox 2106 5034 3697 5109">
    <p class='ocr_par' dir='ltr' id='par_1_100' title="bbox 2119 5034 3697 5109">
     <span class='ocr_line' id='line_1_100' title="bbox 2119 5034 3697 5109; baseline -0.002 -19"><span class='ocrx_word' id='word_1_759' title='bbox 2119 5040 2218 5108; x_wconf 86' lang='grc' dir='ltr'><strong>τῆς</strong></span> <span class='ocrx_word' id='word_1_760' title='bbox 2243 5037 2559 5100; x_wconf 87' lang='grc' dir='ltr'>δυναστείας</span> <span class='ocrx_word' id='word_1_761' title='bbox 2596 5036 2880 5109; x_wconf 75' lang='grc' dir='ltr'>ἐλεύθερον</span> <span class='ocrx_word' id='word_1_762' title='bbox 2917 5035 3196 5105; x_wconf 77' lang='grc' dir='ltr'>ἀποφῆναί</span> <span class='ocrx_word' id='word_1_763' title='bbox 3220 5052 3360 5101; x_wconf 88' lang='grc' dir='ltr'>τινα,</span> <span class='ocrx_word' id='word_1_764' title='bbox 3396 5035 3510 5088; x_wconf 82' lang='grc' dir='ltr'>ἀλλ’</span> <span class='ocrx_word' id='word_1_765' title='bbox 3549 5034 3697 5089; x_wconf 71' lang='grc' dir='ltr'>ἅπαν</span> 
     </span>
    </p>
   </div>
   <div class='ocr_carea' id='block_1_101' title="bbox 444 5124 2005 5199">
    <p class='ocr_par' dir='ltr' id='par_1_101' title="bbox 444 5126 2005 5197">
     <span class='ocr_line' id='line_1_101' title="bbox 444 5126 2005 5197; baseline 0.001 -16"><span class='ocrx_word' id='word_1_766' title='bbox 444 5129 538 5182; x_wconf 86' lang='lat' dir='ltr'><strong>sed</strong></span> <span class='ocrx_word' id='word_1_767' title='bbox 570 5126 940 5197; x_wconf 87' lang='lat' dir='ltr'><strong>quodcunque</strong></span> <span class='ocrx_word' id='word_1_768' title='bbox 969 5130 1017 5184; x_wconf 87' lang='lat' dir='ltr'><strong>ei</strong></span> <span class='ocrx_word' id='word_1_769' title='bbox 1046 5130 1358 5189; x_wconf 76' lang='lat' dir='ltr'><strong>videbatur.</strong></span> <span class='ocrx_word' id='word_1_770' title='bbox 1382 5127 1515 5181; x_wconf 82' lang='lat' dir='ltr'><strong>illud</strong></span> <span class='ocrx_word' id='word_1_771' title='bbox 1548 5127 1615 5183; x_wconf 87' lang='lat' dir='ltr'><strong>ad</strong></span> <span class='ocrx_word' id='word_1_772' title='bbox 1645 5127 1850 5192; x_wconf 73' lang='lat' dir='ltr'><strong>exitum</strong></span> <span class='ocrx_word' id='word_1_773' title='bbox 1878 5142 2005 5197; x_wconf 86' lang='lat' dir='ltr'><strong>per-</strong></span> 
     </span>
    </p>
   </div>
   <div class='ocr_carea' id='block_1_102' title="bbox 2106 5124 2887 5199">
    <p class='ocr_par' dir='ltr' id='par_1_102' title="bbox 2119 5124 2887 5199">
     <span class='ocr_line' id='line_1_102' title="bbox 2119 5124 2887 5199; baseline 0 -18"><span class='ocrx_word' id='word_1_774' title='bbox 2119 5129 2181 5181; x_wconf 85' lang='grc' dir='ltr'>τδ</span> <span class='ocrx_word' id='word_1_775' title='bbox 2209 5128 2397 5183; x_wconf 85' lang='grc' dir='ltr'>δοκοῦν</span> <span class='ocrx_word' id='word_1_776' title='bbox 2424 5131 2503 5193; x_wconf 84' lang='grc' dir='ltr'><strong>εἰς</strong></span> <span class='ocrx_word' id='word_1_777' title='bbox 2530 5129 2703 5198; x_wconf 80' lang='grc' dir='ltr'>πέρας</span> <span class='ocrx_word' id='word_1_778' title='bbox 2725 5124 2847 5199; x_wconf 81' lang='grc' dir='ltr'><strong>ἦγε.</strong></span> <span class='ocrx_word' id='word_1_779' title='bbox 2882 5174 2887 5181; x_wconf 92' lang='grc'><strong>.</strong></span> 
     </span>
    </p>
   </div>
   <div class='ocr_carea' id='block_1_103' title="bbox 442 5218 695 5275">
    <p class='ocr_par' dir='ltr' id='par_1_103' title="bbox 442 5218 695 5275">
     <span class='ocr_line' id='line_1_103' title="bbox 442 5218 695 5275; baseline -0.02 0"><span class='ocrx_word' id='word_1_780' title='bbox 442 5218 695 5275; x_wconf 81' lang='lat' dir='ltr'><strong>ducebat.</strong></span> 
     </span>
    </p>
   </div>
   <div class='ocr_carea' id='block_1_104' title="bbox 519 5301 2005 5387">
    <p class='ocr_par' dir='ltr' id='par_1_104' title="bbox 519 5308 2005 5387">
     <span class='ocr_line' id='line_1_104' title="bbox 519 5308 2005 5387; baseline 0.001 -23"><span class='ocrx_word' id='word_1_781' title='bbox 519 5312 680 5367; x_wconf 69' lang='lat' dir='ltr'><strong>Vens.</strong></span> <span class='ocrx_word' id='word_1_782' title='bbox 728 5311 781 5367; x_wconf 82' lang='lat'><strong>5.</strong></span> <span class='ocrx_word' id='word_1_783' title='bbox 825 5334 844 5365; x_wconf 82' lang='grc' dir='ltr'><strong>ι</strong></span> <span class='ocrx_word' id='word_1_784' title='bbox 879 5314 942 5369; x_wconf 89' lang='lat' dir='ltr'><strong>Et</strong></span> <span class='ocrx_word' id='word_1_785' title='bbox 963 5328 1084 5387; x_wconf 74' lang='lat' dir='ltr'><strong>ego.</strong></span> <span class='ocrx_word' id='word_1_786' title='bbox 1116 5312 1331 5382; x_wconf 88' lang='lat' dir='ltr'><strong>inquit,</strong></span> <span class='ocrx_word' id='word_1_787' title='bbox 1362 5310 1785 5382; x_wconf 70' lang='lat' dir='ltr'><strong>intelligebam.)</strong></span> <span class='ocrx_word' id='word_1_788' title='bbox 1858 5308 2005 5371; x_wconf 69' lang='lat' dir='ltr'><strong>llaec1</strong></span> 
     </span>
    </p>
   </div>
   <div class='ocr_carea' id='block_1_105' title="bbox 2106 5301 3695 5387">
    <p class='ocr_par' dir='ltr' id='par_1_105' title="bbox 2192 5301 3695 5379">
     <span class='ocr_line' id='line_1_105' title="bbox 2192 5301 3695 5379; baseline -0.006 -16"><span class='ocrx_word' id='word_1_789' title='bbox 2192 5317 2254 5365; x_wconf 86' lang='grc' dir='ltr'><strong>ε’.</strong></span> <span class='ocrx_word' id='word_1_790' title='bbox 2311 5329 2328 5362; x_wconf 84' lang='lat' dir='ltr'><strong>t</strong></span> <span class='ocrx_word' id='word_1_791' title='bbox 2365 5310 2477 5365; x_wconf 78' lang='grc' dir='ltr'>Καὶ</span> <span class='ocrx_word' id='word_1_792' title='bbox 2514 5308 2662 5377; x_wconf 76' lang='grc' dir='ltr'><strong>ἐγὼ,</strong></span> <span class='ocrx_word' id='word_1_793' title='bbox 2717 5307 2912 5379; x_wconf 72' lang='grc' dir='ltr'>φησὶν,</span> <span class='ocrx_word' id='word_1_794' title='bbox 2959 5306 3108 5377; x_wconf 74' lang='grc' dir='ltr'>ήμην</span> <span class='ocrx_word' id='word_1_795' title='bbox 3160 5305 3375 5358; x_wconf 83' lang='grc' dir='ltr'><strong>συνιών.</strong></span> <span class='ocrx_word' id='word_1_796' title='bbox 3430 5323 3453 5356; x_wconf 64' lang='grc' dir='ltr'>ν</span> <span class='ocrx_word' id='word_1_797' title='bbox 3489 5301 3695 5364; x_wconf 81' lang='grc' dir='ltr'>Ταῦτα,</span> 
     </span>
    </p>
   </div>
   <div class='ocr_carea' id='block_1_106' title="bbox 444 5392 2005 5479">
    <p class='ocr_par' dir='ltr' id='par_1_106' title="bbox 444 5402 2005 5479">
     <span class='ocr_line' id='line_1_106' title="bbox 444 5402 2005 5479; baseline -0.001 -22"><span class='ocrx_word' id='word_1_798' title='bbox 444 5402 644 5476; x_wconf 73' lang='grc' dir='ltr'>ἱιιιιυίῑ,</span> <span class='ocrx_word' id='word_1_799' title='bbox 687 5408 1065 5479; x_wconf 86' lang='lat' dir='ltr'><strong>contemplans</strong></span> <span class='ocrx_word' id='word_1_800' title='bbox 1098 5419 1312 5460; x_wconf 84' lang='lat' dir='ltr'><strong>mecum</strong></span> <span class='ocrx_word' id='word_1_801' title='bbox 1353 5403 1471 5473; x_wconf 82' lang='lat' dir='ltr'><strong>ipse</strong></span> <span class='ocrx_word' id='word_1_802' title='bbox 1510 5404 1854 5474; x_wconf 89' lang='lat' dir='ltr'><strong>repntabam,</strong></span> <span class='ocrx_word' id='word_1_803' title='bbox 1895 5417 2005 5472; x_wconf 68' lang='lat' dir='ltr'><strong>qua</strong></span> 
     </span>
    </p>
   </div>
   <div class='ocr_carea' id='block_1_107' title="bbox 2106 5392 3699 5479">
    <p class='ocr_par' dir='ltr' id='par_1_107' title="bbox 2124 5392 3699 5472">
     <span class='ocr_line' id='line_1_107' title="bbox 2124 5392 3699 5472; baseline -0.006 -18"><span class='ocrx_word' id='word_1_804' title='bbox 2124 5402 2278 5471; x_wconf 68' lang='grc' dir='ltr'>φησι,</span> <span class='ocrx_word' id='word_1_805' title='bbox 2313 5400 2532 5472; x_wconf 81' lang='grc' dir='ltr'>θεωρῶν</span> <span class='ocrx_word' id='word_1_806' title='bbox 2562 5400 2885 5471; x_wconf 76' lang='grc' dir='ltr'>ἐλογιζόμην</span> <span class='ocrx_word' id='word_1_807' title='bbox 2924 5399 3055 5469; x_wconf 79' lang='grc' dir='ltr'>παρ’</span> <span class='ocrx_word' id='word_1_808' title='bbox 3088 5394 3331 5467; x_wconf 73' lang='grc' dir='ltr'>ἒμαυτῷ,</span> <span class='ocrx_word' id='word_1_809' title='bbox 3366 5394 3437 5448; x_wconf 73' lang='grc' dir='ltr'>τὰ</span> <span class='ocrx_word' id='word_1_810' title='bbox 3462 5394 3552 5449; x_wconf 82' lang='grc' dir='ltr'><strong>διὰ</strong></span> <span class='ocrx_word' id='word_1_811' title='bbox 3576 5392 3699 5447; x_wconf 57' lang='grc' dir='ltr'>τούς</span> 
     </span>
    </p>
   </div>
   <div class='ocr_carea' id='block_1_108' title="bbox 1743 5572 2428 5630">
    <p class='ocr_par' dir='ltr' id='par_1_108' title="bbox 1743 5572 2428 5630">
     <span class='ocr_line' id='line_1_108' title="bbox 1743 5572 2428 5630; baseline 0.003 -2"><span class='ocrx_word' id='word_1_812' title='bbox 1743 5572 1978 5630; x_wconf 63' lang='grc' dir='ltr'><strong>ἺΑΒΙΕ</strong></span> <span class='ocrx_word' id='word_1_813' title='bbox 2018 5572 2428 5630; x_wconf 80' lang='lat' dir='ltr'><strong>LECTIONES.</strong></span> 
     </span>
    </p>
   </div>
   <div class='ocr_carea' id='block_1_109' title="bbox 521 5679 3695 5766">
    <p class='ocr_par' dir='ltr' id='par_1_109' title="bbox 521 5679 3695 5766">
     <span class='ocr_line' id='line_1_109' title="bbox 521 5679 3695 5766; baseline -0.007 -13"><span class='ocrx_word' id='word_1_814' title='bbox 521 5695 568 5731; x_wconf 77' lang='grc'><strong>⁸⁸</strong></span> <span class='ocrx_word' id='word_1_815' title='bbox 597 5695 641 5752; x_wconf 84' lang='grc' dir='ltr'><strong>Β</strong></span> <span class='ocrx_word' id='word_1_816' title='bbox 669 5699 725 5752; x_wconf 83' lang='grc' dir='ltr'><strong>ὲν</strong></span> <span class='ocrx_word' id='word_1_817' title='bbox 745 5695 841 5766; x_wconf 84' lang='grc' dir='ltr'><strong>τῷ.</strong></span> <span class='ocrx_word' id='word_1_818' title='bbox 919 5695 964 5727; x_wconf 66' lang='grc'>⁸⁸</span> <span class='ocrx_word' id='word_1_819' title='bbox 993 5710 1114 5766; x_wconf 80' lang='grc' dir='ltr'>μου.</span> <span class='ocrx_word' id='word_1_820' title='bbox 1146 5693 1225 5766; x_wconf 76' lang='lat' dir='ltr'><strong>Ex</strong></span> <span class='ocrx_word' id='word_1_821' title='bbox 1251 5693 1297 5745; x_wconf 83' lang='lat' dir='ltr'><strong>A</strong></span> <span class='ocrx_word' id='word_1_822' title='bbox 1324 5700 1378 5747; x_wconf 91' lang='lat' dir='ltr'><strong>et</strong></span> <span class='ocrx_word' id='word_1_823' title='bbox 1394 5691 1453 5766; x_wconf 45' lang='grc' dir='ltr'><strong>-Β</strong></span> <span class='ocrx_word' id='word_1_824' title='bbox 1478 5691 1657 5766; x_wconf 60' lang='lat' dir='ltr'><strong>suppl.</strong></span> <span class='ocrx_word' id='word_1_825' title='bbox 1725 5690 1771 5721; x_wconf 79' lang='grc' dir='ltr'><strong>⁸ο</strong></span> <span class='ocrx_word' id='word_1_826' title='bbox 1802 5688 1987 5766; x_wconf 39' lang='grc' dir='ltr'>καίηΑ</span> <span class='ocrx_word' id='word_1_827' title='bbox 2018 5705 2202 5766; x_wconf 54' lang='lat' dir='ltr'><strong>prauo.</strong></span> <span class='ocrx_word' id='word_1_828' title='bbox 2234 5692 2331 5766; x_wconf 72' lang='grc' dir='ltr'>καὶ</span> <span class='ocrx_word' id='word_1_829' title='bbox 2363 5689 2498 5766; x_wconf 22' lang='grc' dir='ltr'><strong>ῶονίί</strong></span> <span class='ocrx_word' id='word_1_830' title='bbox 2532 5758 2569 5766; x_wconf 84' lang='lat'><strong><em>_</em></strong></span> <span class='ocrx_word' id='word_1_831' title='bbox 2602 5690 2643 5722; x_wconf 83' lang='grc'><strong>⁸¹</strong></span> <span class='ocrx_word' id='word_1_832' title='bbox 2668 5688 2787 5766; x_wconf 50' lang='grc' dir='ltr'>ἐπί.</span> <span class='ocrx_word' id='word_1_833' title='bbox 2817 5686 3045 5766; x_wconf 44' lang='lat' dir='ltr'><strong>Anapis.</strong></span> <span class='ocrx_word' id='word_1_834' title='bbox 3074 5754 3112 5766; x_wconf 76' lang='lat'><strong>__</strong></span> <span class='ocrx_word' id='word_1_835' title='bbox 3139 5685 3185 5766; x_wconf 64' lang='grc' dir='ltr'>ξ’</span> <span class='ocrx_word' id='word_1_836' title='bbox 3212 5683 3332 5766; x_wconf 48' lang='lat' dir='ltr'><strong>ire-Sp.</strong></span> <span class='ocrx_word' id='word_1_837' title='bbox 3364 5681 3575 5766; x_wconf 47' lang='lat' dir='ltr'><strong>Ajdd.’</strong></span> <span class='ocrx_word' id='word_1_838' title='bbox 3601 5679 3695 5733; x_wconf 72' lang='grc' dir='ltr'><strong>καὶ</strong></span> 
     </span>
    </p>
   </div>
   <div class='ocr_carea' id='block_1_110' title="bbox 449 5750 3695 5834">
    <p class='ocr_par' dir='ltr' id='par_1_110' title="bbox 449 5750 3695 5834">
     <span class='ocr_line' id='line_1_110' title="bbox 449 5750 3695 5834; baseline -0.005 -14"><span class='ocrx_word' id='word_1_839' title='bbox 449 5769 522 5823; x_wconf 77' lang='grc' dir='ltr'>τὰ</span> <span class='ocrx_word' id='word_1_840' title='bbox 547 5750 770 5833; x_wconf 74' lang='grc' dir='ltr'>κέρατα.</span> <span class='ocrx_word' id='word_1_841' title='bbox 794 5750 806 5766; x_wconf 65' lang='grc'>³</span> <span class='ocrx_word' id='word_1_842' title='bbox 845 5766 968 5806; x_wconf 70' lang='grc' dir='ltr'><strong>⁸³-δδ</strong></span> <span class='ocrx_word' id='word_1_843' title='bbox 988 5750 1031 5815; x_wconf 74' lang='grc' dir='ltr'><strong>λ</strong></span> <span class='ocrx_word' id='word_1_844' title='bbox 1060 5763 1327 5834; x_wconf 53' lang='grc' dir='ltr'>ἐσχάτων,</span> <span class='ocrx_word' id='word_1_845' title='bbox 1392 5750 1637 5834; x_wconf 55' lang='grc' dir='ltr'>⁵⁵κερξΒ</span> <span class='ocrx_word' id='word_1_846' title='bbox 1664 5773 1849 5834; x_wconf 57' lang='lat' dir='ltr'><strong>prauo.</strong></span> <span class='ocrx_word' id='word_1_847' title='bbox 1879 5758 1957 5811; x_wconf 79' lang='grc' dir='ltr'><strong>δέ.</strong></span> <span class='ocrx_word' id='word_1_848' title='bbox 2018 5750 2081 5793; x_wconf 77' lang='grc'><strong>’⁸⁸</strong></span> <span class='ocrx_word' id='word_1_849' title='bbox 2110 5760 2150 5814; x_wconf 85' lang='grc' dir='ltr'>Β</span> <span class='ocrx_word' id='word_1_850' title='bbox 2182 5761 2375 5832; x_wconf 82' lang='grc' dir='ltr'><strong>μόνων.</strong></span> <span class='ocrx_word' id='word_1_851' title='bbox 2464 5760 2503 5791; x_wconf 67' lang='grc'><strong>⁵⁷</strong></span> <span class='ocrx_word' id='word_1_852' title='bbox 2532 5758 2573 5812; x_wconf 92' lang='grc' dir='ltr'><strong>Β</strong></span> <span class='ocrx_word' id='word_1_853' title='bbox 2593 5759 2784 5813; x_wconf 77' lang='grc' dir='ltr'>ταῦτα.</span> <span class='ocrx_word' id='word_1_854' title='bbox 2863 5758 2908 5790; x_wconf 78' lang='grc'><strong>⁸⁸</strong></span> <span class='ocrx_word' id='word_1_855' title='bbox 2940 5750 3034 5826; x_wconf 77' lang='grc' dir='ltr'>πρ.</span> <span class='ocrx_word' id='word_1_856' title='bbox 3073 5754 3114 5808; x_wconf 85' lang='grc' dir='ltr'><strong><em>Β</em></strong></span> <span class='ocrx_word' id='word_1_857' title='bbox 3143 5750 3349 5824; x_wconf 77' lang='grc' dir='ltr'><strong>ἑτέρου.</strong></span> <span class='ocrx_word' id='word_1_858' title='bbox 3424 5751 3471 5784; x_wconf 79' lang='grc'><strong>⁸⁹</strong></span> <span class='ocrx_word' id='word_1_859' title='bbox 3515 5750 3584 5810; x_wconf 81' lang='grc' dir='ltr'>τά</span> <span class='ocrx_word' id='word_1_860' title='bbox 3610 5766 3695 5805; x_wconf 77' lang='grc' dir='ltr'><strong>τι.</strong></span> 
     </span>
    </p>
   </div>
   <div class='ocr_carea' id='block_1_111' title="bbox 456 5827 1867 5904">
    <p class='ocr_par' dir='ltr' id='par_1_111' title="bbox 456 5827 1867 5904">
     <span class='ocr_line' id='line_1_111' title="bbox 456 5827 1867 5904; baseline -0.009 -11"><span class='ocrx_word' id='word_1_861' title='bbox 456 5835 499 5893; x_wconf 74' lang='grc' dir='ltr'><strong>Β</strong></span> <span class='ocrx_word' id='word_1_862' title='bbox 542 5827 655 5890; x_wconf 83' lang='grc' dir='ltr'>καί.</span> <span class='ocrx_word' id='word_1_863' title='bbox 734 5835 780 5867; x_wconf 76' lang='grc'><strong>⁸⁸</strong></span> <span class='ocrx_word' id='word_1_864' title='bbox 813 5835 856 5887; x_wconf 77' lang='grc' dir='ltr'><strong>Α</strong></span> <span class='ocrx_word' id='word_1_865' title='bbox 912 5827 1213 5904; x_wconf 68' lang='grc' dir='ltr'>στήσονται.</span> <span class='ocrx_word' id='word_1_866' title='bbox 1292 5833 1333 5863; x_wconf 88' lang='lat'>“</span> <span class='ocrx_word' id='word_1_867' title='bbox 1368 5827 1533 5901; x_wconf 81' lang='grc' dir='ltr'>φησί.’</span> <span class='ocrx_word' id='word_1_868' title='bbox 1558 5827 1691 5885; x_wconf 60' lang='lat' dir='ltr'><strong>Des}</strong></span> <span class='ocrx_word' id='word_1_869' title='bbox 1721 5831 1772 5881; x_wconf 90' lang='lat' dir='ltr'><strong>in</strong></span> <span class='ocrx_word' id='word_1_870' title='bbox 1810 5827 1867 5881; x_wconf 85' lang='grc' dir='ltr'><strong>Β.</strong></span> 
     </span>
    </p>
   </div>
   <div class='ocr_carea' id='block_1_112' title="bbox 1292 6017 1325 6043">
    <p class='ocr_par' dir='ltr' id='par_1_112' title="bbox 1292 6017 1325 6043">
     <span class='ocr_line' id='line_1_112' title="bbox 1292 6017 1325 6043; baseline 0 0"><span class='ocrx_word' id='word_1_871' title='bbox 1292 6017 1325 6043; x_wconf 51' lang='grc' dir='ltr'>ἢ</span> 
     </span>
    </p>
   </div>
  </div>
