4092 6444
443 429 597 500 liii

1612 431 1693 491 IN
1717 430 2074 492 DANIELIS
2118 430 2276 492 CAP.
2323 431 2464 491 VllI

3573 419 3706 487 1442

432 552 542 587 των
572 533 949 606 σημαιν-ῧμενα
976 535 1156 606 εὑρεῖν
1200 524 1490 604 ἐφιέμενος
1512 548 1524 562 ’
1562 533 1697 605 ἐμοῦ
1725 535 1783 589 δὲ
1815 533 2022 588 πυνθα-

2127 550 2225 605 per
2261 534 2377 591 haec
2409 533 2856 605 signiﬁcarentur
2908 534 3139 604 cupiens
3186 530 3434 586 invenire
3464 547 3479 587 :
3509 546 3708 600 meque

434 628 664 698 νομένου
690 643 704 657 '
745 646 765 679 ί
813 627 947 682 Ἰδοὺ
997 627 1197 698 τράγος
1243 625 1415 695 αίγῶν
1458 626 1656 698 ἤρχετο
1712 627 1821 682 ἀπὸ
1860 627 2023 691 Λιϐὸς

435 720 530 776 ἐπὶ
564 720 859 792 πρόσωπον
904 720 1085 791 πάσης
1127 720 1228 789 τῆς
1268 720 1390 789 γῆς.
1425 736 1444 768 ι
1484 718 1608 772 Τισὶ
1640 719 1697 772 δὲ
1738 719 1847 771 τῶν
1876 719 2025 771 ἀντι-

435 812 665 883 γράφων
690 812 1015 880 πρόσκειται
1042 811 1140 863 καὶ
1169 809 1329 862 τοῦτο
1352 824 1366 837 ·
1411 828 1429 861 ι
1466 810 1577 863 Καὶ
1614 810 1715 863 οὐκ
1757 805 1824 880 ἦν
1853 809 2023 862 ἁπτό-

437 919 603 974 μενος
641 903 744 971 τῆς
800 904 906 973 γῆς
931 944 947 968 ,
999 901 1098 955 καὶ
1137 901 1215 973 τῷ
1247 902 1435 972 τράγῳ
1469 903 1663 973 ἐκείνῳ
1694 903 1863 975 κέρας
1903 902 1959 956 ἓν
1977 903 2022 933 θ’

435 983 716 1065 θεωρητὺν
768 993 1045 1064 ἀναμέσον
1095 994 1205 1047 τῶν
1252 992 1549 1064 ὀφθαλμῶν
1606 994 1791 1047 αὐτοῦ.
1844 1015 1860 1046 ι
1910 993 2024 1065 Τὴν

432 1083 817 1155 Μακεδονικὴν
857 1083 1097 1138 ὲνταῧθα
1146 1083 1426 1154 βασιλείαν
1468 1087 1740 1156 ἐσήμανεν
1794 1083 1888 1138 τοῦ
1939 1087 2024 1137 ἐν-

434 1174 628 1229 υπνίου
666 1176 728 1228 τὸ
761 1174 994 1245 αἴνιγμα
1021 1191 1035 1206 ο
1077 1173 1297 1244 τράγον
1329 1173 1385 1226 δὲ
1427 1175 1596 1246 αὐτὴν
1643 1174 1892 1244 ὠνόμασε
1934 1174 2024 1229 διὰ

431 1264 493 1318 τὸ
520 1266 658 1336 ταχὺ
695 1267 787 1318 καὶ
822 1266 1113 1336 εὐκίνητον
1140 1280 1154 1295 '
1202 1262 1298 1317 τοῦ
1351 1264 1510 1336 κριοῦ
1545 1265 1652 1335 γὰρ
1702 1264 1957 1336 ὀξύτερος
1991 1266 2021 1317 6

428 1354 655 1425 τράγος.
717 1353 852 1409 Ἀπὸ
916 1353 1209 1419 Λιὸὸς,δὲ
1269 1353 1432 1406 αὑτὸν
1487 1350 1802 1422 ἐληλυθέναι
1872 1351 2020 1422 ἔφη’

431 1446 621 1518 ἐπειδὴ
657 1447 929 1518 πρότερον
954 1447 1233 1516 Αἴγυπτον
1265 1445 1702 1517 χειρωσάμενος,
1737 1444 1909 1508 οὔτως
1943 1447 2023 1508 εἰς

430 1537 531 1608 τὴν
574 1537 801 1609 Περσῶν
833 1537 1060 1607 ἐλήλυθε
1096 1536 1301 1608 χώραν.
1364 1537 1612 1609 Ἐνίκησε
1659 1536 1756 1608 μὲν
1791 1536 1900 1606 γὰρ
1932 1536 2022 1590 τὸν

430 1632 658 1699 Δαρεῖον
689 1630 747 1682 ὲν
768 1632 834 1701 τῇ
871 1629 1118 1702 Κιλικία,
1153 1630 1268 1684 ἀλλ’
1300 1630 1513 1682 ἐκεῖθεν
1548 1631 1646 1700 τὴν
1672 1630 1893 1700 Συρίαν,
1927 1628 2021 1681 καὶ

423 1721 706 1792 Φοινίκην,
737 1723 834 1774 καὶ
871 1722 1242 1794 Παλαιστίνην
1276 1721 1613 1794 διαδραμὼν,
1652 1722 1747 1775 καὶ
1782 1721 1884 1784 τὰς
1919 1721 2021 1792 μὲν

428 1811 540 1866 τῶν
577 1812 787 1865 πόλεων
822 1812 1088 1884 ὁμολογία
1119 1811 1334 1879 λαϐὼν,
1384 1813 1481 1876 τὰς
1513 1811 1572 1866 δὲ
1614 1811 1706 1883 βίᾳ
1743 1811 1910 1870 ἑλὼν,
1942 1814 2024 1875 είς

2128 627 2244 680 haec
2284 627 2559 697 COgitattle
2593 644 2608 679 :
2650 644 2669 678 ‹
2708 626 2849 680 Ecce
2882 624 3073 679 hircus
3118 637 3410 694 caprarum
3454 623 3709 677 veniebat

2127 732 2156 771 a
2187 717 2393 790 Libyco
2425 732 2591 789 super
2620 718 2816 773 faciem
2840 716 3014 772 totius
3044 723 3259 771 terras.)
3283 713 3340 768 In
3372 714 3707 784 quibusdam

2125 810 2531 878 exemplaribus
2556 817 2570 834 ‘
2603 811 2707 864 hoc
2729 811 2893 864 etiam
2930 809 3196 863 additur:
3232 823 3251 858 ι
3292 807 3357 861 Et
3400 823 3508 861 non
3540 814 3711 861 attin-

2127 901 2287 970 gebat
2310 909 2510 957 terram
2550 918 2563 954 :
2598 909 2651 958 et
2682 903 2834 957 hirco
2865 903 2946 956 illi
2983 917 3157 957 cornu
3191 909 3310 956 erat
3341 900 3708 971 conspicuum

2125 992 2270 1047 inter
2340 994 2533 1048 oculos
2585 994 2727 1063 ejus.
2763 1012 2783 1046 ι
2827 994 3238 1048 Macedonicum
3313 1006 3546 1062 regnum
3604 991 3711 1046 hoc

2126 1082 2249 1136 loco
2285 1082 2339 1135 in
2367 1082 2587 1137 somnio
2619 1083 2963 1152 aznigmatice
2999 1083 3373 1152 significatum
3421 1093 3526 1143 est,
3559 1081 3708 1150 quod

2126 1183 2350 1244 propter
2381 1175 2719 1229 celeritatem
2765 1174 3179 1244 agilitatcmque
3208 1175 3411 1227 hircum
3458 1174 3707 1244 appella-

2125 1266 2200 1318 vit
2233 1284 2246 1320 :
2282 1266 2453 1321 ariete
2492 1267 2638 1321 enim
2673 1267 2918 1321 velocior
2961 1273 3045 1320 est
3083 1265 3292 1320 hircus.
3330 1264 3397 1319 Et
3431 1265 3496 1319 ab
3526 1265 3706 1334 Africo

2123 1354 2303 1425 ipsum
2357 1357 2577 1412 venisse
2626 1357 2785 1423 dixit,
2840 1358 2968 1426 quia
3001 1372 3127 1411 cum
3189 1355 3485 1427 Egyptum
3553 1357 3706 1427 prius

2124 1446 2456 1517 subegisset,
2485 1458 2670 1518 postea
2704 1431 3077 1503 in'Persarum
3108 1449 3382 1519 regionem
3409 1451 3703 1504 concessit.

2123 1533 2268 1591 Vicit
2297 1540 2444 1592 enim
2479 1539 2699 1595 Darium
2752 1540 2805 1592 in
2838 1539 3055 1601 Cilicia,
3092 1547 3147 1594 et
3198 1538 3325 1595 inde
3368 1540 3707 1609 perlustrata

2126 1625 2309 1699 Syria,
2347 1627 2630 1693 Phoenice,
2675 1638 2728 1684 et
2766 1630 3082 1694 Palaestina,
3125 1638 3181 1684 et
3232 1630 3466 1684 urbibus
3507 1629 3706 1700 partim

2124 1720 2425 1786 deditione,
2452 1723 2648 1791 partim
2682 1724 2731 1776 vi
2765 1722 2964 1793 captis.
2999 1722 3053 1776 in
3095 1720 3396 1794 Egyptum
3424 1722 3708 1793 profectus

2125 1823 2209 1867 est
2238 1829 2252 1865 :
2287 1811 2485 1867 deinde
2516 1813 2608 1868 illo
2625 1815 2789 1868 etiam
2824 1829 2994 1885 regno
3024 1816 3256 1884 potitus,
3291 1812 3519 1869 Perside
3539 1829 3708 1868 occu-

427 1903 527 1975 τὴν
558 1904 834 1971 Αἴγυπτον
867 1903 1162 1975 ὥρμησενο
1201 1898 1318 1957 εἶτα
1361 1904 1623 1974 κάκείνην
1640 1903 1686 1934 ⁸³
1728 1903 1828 1972 τὴν
1873 1900 2022 1971 βασι-

2128 1914 2250 1973 pata
2295 1905 2605 1958 maximum
2667 1905 2911 1975 ipsorum
2963 1906 3167 1961 evertit
3220 1921 3472 1977 regnum.
3530 1902 3708 1979 Unum

426 1992 581 2045 λείαν
631 1990 1005 2063 παραλαϐὼν,
1067 1992 1167 2063 τὴν
1225 1991 1464 2062 Περσίδα
1519 1988 2017 2061 καταλαμϐάνει⁶⁸,

428 2086 525 2135 καὶ⁹
569 2080 669 2152 τὴν
726 2080 991 2152 μεγίστην
1055 2079 1238 2133 αὐτῶν
1276 2078 1540 2134 καταλύει
1572 2079 1873 2151 βασιλείαν.
1917 2079 2020 2133 Ἕν

426 2173 487 2227 δὲ
517 2172 700 2243 κέρας
734 2171 1050 2240 θεωρητὸν,
1082 2173 1390 2238 τουτέστιν,
1422 2173 1698 2244 ἐπίσημον
1732 2174 1827 2227 καὶ
1860 2172 2020 2243 περί-

428 2269 686 2335 ϐλεπτον,
716 2267 879 2322 αὐτὸν
898 2267 1064 2320 καλεῖ
1091 2267 1182 2321 τὸν
1219 2267 1567 2339 Ἀλέξανδρον
1589 2285 1603 2300 ο
1638 2267 1948 2338 ἁναμέσον
1966 2266 2023 2320 δὲ

2127 2002 2311 2049 autem
2341 2011 2507 2049 cornu
2538 1997 2905 2066 conspicuum,
2944 1996 3051 2050 hoc
3076 2007 3182 2064 est,
3219 1996 3437 2067 insigne
3479 2002 3535 2052 et
3578 1996 3707 2050 illu-

2127 2093 2263 2151 stre,
2297 2087 2478 2157 ipsum
2511 2096 2674 2144 vocat
2700 2089 3072 2145 Alexandrum
3100 2097 3189 2146 :et
3212 2091 3347 2143 inter
3369 2089 3505 2142 hirci
3526 2088 3706 2143 oculos

2129 2188 2322 2233 natum
2354 2180 2560 2235 asserit
2610 2180 2744 2236 illud
2794 2196 2990 2246 cornu,
3045 2191 3270 2253 pr0pter
3304 2182 3605 2252 ingenium,
3651 2191 3707 2236 ct

2132 2268 2504 2338 prudentiam,
2535 2280 2588 2325 et
2617 2271 2979 2343 sagacitatem
3015 2272 3217 2327 mentis
3243 2271 3562 2326 Alexandri.

428 2363 550 2420 τῶν
599 2364 926 2433 ὀφθαλμῶν
980 2363 1088 2417 τοῦ
1118 2362 1337 2434 τράγου
1373 2363 1537 2433 φῦναι
1571 2364 1719 2433 λέγει
1768 2363 1831 2416 τὸ
1878 2362 2070 2433 κέρας,
2102 2363 2189 2419 διὰ
2222 2365 2285 2419 τὸ
2315 2365 2595 2436 ἀγχίνουν,
2635 2367 2729 2420 xui.
2757 2366 2997 2433 συνετὸν,
3028 2368 3123 2421 καὶ
3157 2366 3361 2422 πυκνὸν
3383 2365 3494 2420 τῶν
3519 2362 3617 2420 τοῦ
3659 2366 3704 2397 ³⁵

442 2452 791 2525 Ἀλεξάνδρου
826 2455 1064 2525 φρενῶν.

506 2555 580 2613 ς’,
606 2547 669 2612 ς’.
710 2566 729 2598 ι
772 2548 883 2600 Καὶ
916 2543 1070 2619 ἦλθε,
1106 2546 1292 2618 φησὶν,
1328 2549 1356 2601 6
1380 2547 1584 2619 τράγος
1607 2546 1712 2611 ἓως
1736 2545 1830 2600 τοῦ
1859 2544 2016 2617 κριοῦ

433 2636 529 2692 τοῦ
552 2637 618 2692 τὰ
644 2638 854 2711 κέρατα
891 2638 1123 2709 ἔχοντος,
1160 2637 1218 2692 ὃν
1249 2633 1387 2691 εἶδον
1418 2639 1629 2691 ἑστῶτα
1652 2638 1697 2669 ⁸⁸
1727 2638 1821 2691 ἐπὶ
1842 2637 1884 2669 ⁸⁷
1923 2635 2017 2690 τοῦ

435 2727 635 2793 Ούϐὰλ,
682 2729 778 2782 καὶ
812 2728 1017 2800 ἔδραμε
1057 2728 1195 2799 πρὸς
1230 2729 1393 2784 αὐτὸν
1440 2730 1496 2782 ὲν
1527 2730 1672 2800 ὁρμῇ
1703 2729 1803 2799 τῆς
1837 2727 2019 2797 ίσχύος

431 2819 618 2874 αὑτοῦ.
654 2821 767 2874 Καὶ
797 2816 937 2875 εἶδον
980 2820 1145 2874 αὐτὸν
1184 2820 1469 2890 φθάσαντα
1491 2820 1535 2852 ⁸⁸
1568 2819 1674 2882 ἕως
1704 2818 1800 2872 τοῦ
1836 2817 2017 2888 κριοῦ,

432 2913 526 2965 καὶ
568 2912 885 2984 ἐξηγριώθη
928 2912 1066 2984 πρὸς
1115 2911 1307 2975 αὐτὸν,
1353 2912 1450 2965 καὶ
1486 2911 1678 2964 ἔπαισε
1717 2910 1808 2963 τὸν
1842 2904 2017 2981 κριὸν,

430 3005 529 3058 καὶ
552 3003 874 3075 συνέτριψεν
907 3003 1197 3074 ἀμφότερα
1232 3003 1302 3057 τὰ
1332 3003 1544 3075 κέρατα
1574 3000 1761 3066 αὑτοῦ,
1794 3001 1888 3054 καὶ
1919 3000 2020 3054 οὐκ

429 3091 499 3165 ἦν
532 3096 685 3166 ἰσχὺς
715 3097 793 3168 τῷ
830 3097 974 3169 κριῷ
1015 3097 1112 3151 τοῦ
1149 3098 1340 3167 στῆναι
1384 3096 1616 3151 ἐνώπιον
1665 3096 1829 3150 αὐτοῦ
1857 3111 1869 3124 ⁸
1925 3096 2020 3149 καὶ

433 3185 658 3256 ἔρριψεν
684 3187 849 3241 αὐτὸ)
885 3189 977 3241 ἐπὶ
1000 3187 1098 3258 τὴν
1125 3189 1251 3259 γῆν,
1296 3186 1393 3241 καὶ
1433 3188 1808 3258 συνεπάτησεν
1833 3186 2017 3249 αὐτὸν,

2198 2541 2362 2598 Vsus.
2397 2542 2512 2609 6,7.
2555 2563 2574 2596 ι
2609 2544 2679 2599 Ει
2713 2544 2894 2611 venit,
2924 2543 3141 2615 inquit,
3182 2544 3374 2602 hircus
3419 2563 3594 2619 usque
3637 2552 3703 2605 ad
3816 2572 3829 2585 ι

2123 2633 2348 2689 arietem
2383 2634 2671 2689 habentem
2691 2649 2921 2700 cornua,
2955 2651 3117 2706 quem
3141 2635 3253 2691 vidi
3278 2645 3510 2692 stantem
3539 2655 3708 2712 super

2128 2723 2285 2789 Ubal,
2317 2733 2370 2779 et
2404 2725 2658 2779 cucurrit
2691 2726 2757 2779 ad
2792 2740 2915 2781 eum
2950 2741 3074 2780 cum
3103 2727 3310 2797 impetu
3352 2730 3571 2787 roboris
3596 2736 3703 2788 sui.

2123 2813 2189 2867 Et
2213 2814 2321 2867 vidi
2348 2814 2528 2884 ipsum
2554 2816 2871 2886 pervenisse
2912 2815 3126 2886 1215
3160 2834 3336 2887 usque
3359 2821 3427 2873 ad
3451 2821 3706 2887 arietem,

2125 2909 2180 2957 et
2203 2902 2464 2958 eﬂ‘eratus
2498 2913 2582 2959 est
2613 2915 2810 2959 contra
2856 2921 3005 2971 eum,
3053 2917 3107 2960 et
3144 2910 3419 2977 percussit
3452 2912 3705 2978 arietem,

2126 3003 2183 3049 et
2211 2996 2471 3050 contrivit
2500 3004 2738 3068 utraque
2753 3012 2959 3051 cornua
2983 2996 3102 3067 ejus
3140 3017 3152 3052 :
3183 3009 3235 3055 et
3257 3016 3367 3056 non
3395 3012 3514 3057 erat
3543 3006 3709 3060 robur

2127 3086 2310 3151 arieti,
2348 3096 2408 3142 ut
2439 3096 2613 3143 staret
2667 3104 2857 3143 coram
2909 3090 3052 3161 ipso,
3088 3098 3144 3146 et
3179 3096 3477 3162 prostravit
3528 3096 3705 3166 ipsum

2128 3177 2184 3232 in
2219 3188 2443 3245 terram,
2474 3188 2529 3234 et
2582 3182 2931 3237 conculcavit
2962 3183 3164 3252 ipsum,
3193 3194 3248 3240 et
3297 3202 3406 3243 non
3439 3199 3558 3243 erat
3613 3191 3708 3261 qui

434 3276 529 3330 καὶ
574 3266 675 3330 οὐκ
703 3272 772 3348 ἦν
800 3278 829 3330 6
857 3277 1246 3349 ἐξαιρούμενος
1274 3276 1367 3330 τδν
1404 3276 1557 3349 κριὸν
1590 3276 1657 3330 ὲκ
1689 3277 1789 3346 τῆς
1837 3275 2021 3347 χειρὸς

2126 3270 2394 3326 liberaret
2442 3272 2670 3327 arietem
2716 3272 2786 3328 de
2818 3289 2985 3330 manu
3030 3276 3172 3346 ejus.
3207 3296 3226 3329 ι
3263 3278 3506 3334 Primum
3558 3283 3707 3337 enim

434 3366 624 3423 αὐτοῦ.
659 3387 679 3420 ι
716 3366 966 3439 Πρώτοις
989 3369 1033 3401 ⁸⁸
1068 3369 1168 3440 μὲν
1209 3368 1319 3439 γὰρ
1347 3371 1461 3432 τοῖς
1490 3368 1701 3421 ἐκείνου
1729 3364 2022 3436 συμϐαλὼν

437 3462 763 3530 στρατηγοῖς
800 3461 860 3512 ἐν
890 3462 1004 3522 τοῖς
1045 3458 1190 3513 κατὰ
1229 3459 1328 3530 τὴν
1368 3459 1555 3512 ’Δσίαν
1581 3458 1801 3523 τόποις,
1841 3458 2021 3511 πᾶσαν

433 3550 614 3604 αὐτῶν
640 3551 861 3621 ἐκείνην
884 3551 1144 3622 άφείλατο
1170 3550 1269 3621 τὴν
1292 3551 1486 3622 ἀρχήν.
1521 3545 1656 3604 Εῖτα
1678 3548 1772 3602 τοῦ
1796 3550 2020 3621 Δαρείου

435 3642 578 3695 κατὰ
601 3641 699 3713 τὴν
722 3642 978 3696 Κιλικίαν
1013 3644 1154 3714 μετὰ
1174 3641 1377 3711 πολλῆς
1400 3642 1503 3712 τῆς
1527 3641 1819 3713 στρατείας
1850 3642 2024 3695 ἀπαν-

434 3734 729 3804 τήσαντος,
768 3732 933 3805 ἑτέρα
963 3733 1238 3802 γίνεταιτθ
1277 3732 1568 3804 συμπλοκὴ
1594 3774 1610 3799 ,
1642 3731 1737 3785 καὶ
1759 3731 2023 3803 τρέπεται

441 3823 539 3893 μὲν
576 3825 604 3876 6
629 3826 853 3894 Δαρεῖος
881 3825 962 3887 είς
1005 3825 1204 3894 φυγὴν,
1237 3823 1465 3888 πολλοὺς
1505 3823 1561 3877 δὲ
1598 3824 1700 3894 τῆς
1731 3822 2021 3895 στρατείας

441 3913 828 3978 καταναλώσας
850 3916 881 3969 6
913 3914 1262 3985 Ἀλέξανδρος
1290 3914 1484 3968 ἐλαϐεν
1515 3913 1895 3984 αἰχμαλώτους
1925 3913 2020 3968 τοῦ

441 4005 668 4075 Δαρείου
713 4005 812 4069 τὰς
850 4004 1181 4075 θυγατέρας.
1241 3999 1378 4058 Εἶτα
1430 3999 1585 4067 αὖθις
1636 4005 1777 4073 μετὰ
1823 4003 1920 4076 τὴν
1962 4002 2022 4071 ἐξ
2078 4078 2083 4081 _

440 4096 714 4165 Αίγύπτου
750 4097 1009 4152 ἐπάνοδον
1031 4138 1046 4163 ,
1089 4096 1222 4167 περὶ
1249 4095 1348 4167 τὴν
1374 4093 1672 4148 Βαϐυλῶνα
1702 4092 2020 4166 παραταξά-

443 4206 632 4258 μενος,
671 4190 837 4244 αύτόν
866 4207 925 4244 τε
973 4190 1066 4244 τὸν
1098 4189 1323 4260 Δαρεῖον
1360 4186 1540 4241 ἀνεῖλε
1565 4230 1579 4253 ,
1616 4186 1711 4239 καὶ
1755 4185 1853 4257 τὴν
1883 4187 2024 4256 Περ-

441 4282 601 4354 σικὴν
655 4283 926 4337 κατέλυσε
996 4281 1294 4353 βασιλείαν.
1353 4278 1715 4350 Συντριϐἦναι
1763 4278 1819 4332 δὲ
1871 4276 2022 4346 λέγει

440 4374 729 4447 ἀμφότερα
771 4375 841 4428 τὰ
880 4374 1089 4447 κέρατα
1117 4369 1286 4426 αὐτοῦ
1308 4409 1323 4435 ,
1372 4369 1560 4440 ἐπειδὴ
1607 4369 1697 4423 καὶ
1729 4368 1904 4441 Μῆδοι
1929 4366 2023 4421 καὶ

442 4465 649 4538 Πέρσαι
677 4465 821 4520 κατὰ
846 4464 1044 4518 ταύτὸν
1069 4461 1441 4533 ὠνομάζοντο,
1473 4460 1659 4532 Κύρου
1687 4459 1782 4512 τοῦ
1806 4458 2022 4529 πρώτου

2124 3377 2249 3416 cum
2281 3361 2431 3418 illius
2465 3363 2699 3419 ducibus
2730 3379 3060 3436 congressus
3097 3367 3152 3421 in
3185 3370 3330 3425 Asite
3363 3372 3705 3442 regionibus,

2123 3471 2288 3511 omne
2314 3457 2449 3526 ipsis
2483 3457 2773 3528 imperium
2805 3458 3009 3513 ademit
3041 3459 3283 3516 :deinde
3329 3476 3454 3516 cum
3508 3463 3706 3519 Darius

2125 3547 2180 3602 in
2204 3549 2394 3603 Cilicia
2424 3549 2631 3618 ingenti
2658 3564 2784 3603 cum
2819 3550 3069 3605 exercitu
3096 3551 3145 3607 ei
3173 3554 3535 3617 occurrisset,
3568 3556 3709 3611 alte-

2124 3655 2244 3693 rum
2304 3640 2551 3708 praelium
2613 3639 2999 3705 committitur,
3053 3650 3108 3699 et
3166 3644 3364 3700 Darius
3410 3646 3464 3700 in
3517 3646 3705 3718 fugant

2125 3732 2378 3804 vertitur,
2421 3731 2722 3803 multisque
2758 3733 3029 3789 militibus
3077 3735 3412 3804 interfectis,
3455 3740 3706 3810 captivas

2129 3821 2284 3877 Darii
2335 3823 2478 3880 tilias
2524 3821 2839 3879 Alexander
2875 3826 3108 3895 accepit.
3145 3824 3282 3881 Tum
3336 3844 3531 3885 rursus
3584 3840 3709 3901 post

2126 3916 2510 3969 reversionem
2532 3930 2601 3970 ex
2636 3913 2898 3985 Egypto,
2931 3930 3101 3986 prope
3130 3915 3465 3989 Babylonem
3498 3922 3709 3976 instru-

2124 4015 2210 4077 cta
2242 4008 2383 4074 acie,
2420 4018 2475 4063 et
2514 4008 2695 4077 ipsum
2752 4008 2978 4064 Darium
3024 4010 3249 4074 occidit,
3311 4020 3363 4067 et
3419 4012 3705 4069 Persicum

2108 4098 2322 4157 evertit
2350 4111 2603 4165 regnum.
2628 4095 2695 4149 Et
2731 4100 3034 4152 contritum
3060 4115 3217 4166 esse,
3258 4100 3371 4164 ait,
3409 4112 3708 4174 utrumque

2123 4187 2301 4258 ipsius
2341 4202 2552 4254 cornu,
2617 4203 2685 4243 eo
2725 4188 2875 4259 quod
2928 4196 2983 4245 et
3012 4188 3152 4246 Medi
3203 4201 3258 4246 et
3305 4191 3488 4249 Persa:
3539 4196 3705 4251 simul

2125 4282 2576 4345 nominabantur,
2608 4294 2735 4335 cum
2784 4280 2984 4352 Cyrus,
3030 4281 3125 4351 qui
3167 4283 3379 4352 primus
3429 4289 3702 4353 regnavit,

2125 4388 2158 4429 a
2195 4380 2372 4428 matre
2406 4371 2584 4438 Meda,
2610 4381 2664 4427 et
2697 4386 2726 4425 a
2752 4381 2911 4441 patre
2938 4371 3109 4427 Persa
3141 4372 3370 4429 duceret
3391 4377 3661 4447 originem
3686 4394 3699 4429 :

2126 4472 2180 4520 et
2209 4465 2341 4537 quia
2370 4464 2584 4535 primus
2615 4464 2862 4535 ipsorum
2894 4478 2988 4518 rex
3023 4465 3273 4534 utrisque
3319 4465 3406 4521 his
3461 4468 3704 4522 nomini-

443 4557 895 4629 βασιλεύσαντος,
940 4556 1125 4627 Μήδου
1164 4553 1260 4626 μὲν
1291 4552 1440 4616 ὄντος
1475 4551 1746 4623 μητρόθεν
1766 4592 1782 4616 ,
1811 4550 2023 4621 Πέρσου

2128 4556 2234 4612 bus
2264 4555 2571 4628 appellatus
2610 4562 2718 4620 est,
2743 4555 3139 4611 convenienter
3184 4555 3262 4609 illi
3307 4570 3554 4631 quoque,
3610 4558 3704 4627 qui

440 4649 497 4703 δὲ
530 4648 801 4721 πατρόθεν
827 4665 840 4679 ⁶
879 4649 973 4702 καὶ⁹
1024 4647 1212 4717 ἐπειδὴ
1240 4648 1267 4700 ὁ
1300 4644 1517 4716 πρῶτος
1554 4644 1735 4697 αὐτῶν
1767 4641 2023 4714 βασιλεὺς

2131 4649 2235 4703 sub
2265 4648 2387 4718 ejus
2435 4662 2604 4718 regno
2647 4655 2828 4711 erant,
2882 4646 3071 4702 Medos
3123 4657 3176 4701 et
3222 4645 3423 4704 Persas
3481 4649 3705 4705 eosdem

443 4740 612 4809 ἄμφω
651 4739 855 4803 ταύτας
890 4734 1005 4810 εἶχε
1038 4738 1137 4802 τὰς
1169 4734 1563 4807 προσηγορίας,
1595 4733 1904 4802 ἀναγκαίως
1930 4732 2023 4786 καὶ

2132 4740 2496 4795 nominabant
2533 4740 2633 4794 :in
2672 4755 2842 4794 unum
2881 4739 3029 4795 enim
3064 4739 3432 4810 principatum
3476 4749 3709 4812 utraque

445 4833 494 4885 οί
533 4832 827 4903 ἀρχόμενοι
854 4874 869 4895 ,
918 4829 1013 4885 καὶ
1041 4828 1262 4898 Μήδους
1294 4826 1391 4880 καὶ
1422 4825 1638 4896 Πέρσας
1668 4824 1796 4887 τοὺς
1829 4823 2023 4886 αὐτοὺς

2133 4846 2299 4903 regna
2330 4846 2660 4888 convenere.
2692 4829 2876 4886 Exteri
2910 4845 3130 4901 quoque
3153 4831 3459 4900 scriptores
3492 4840 3545 4887 et
3572 4832 3707 4888 Per-

447 4922 748 4992 ὠνόμαζον.
787 4923 883 4986 Et;
924 4921 1032 4993 γὰρ
1082 4921 1212 4993 μίαν
1262 4919 1439 4991 ἀρχὴν
1472 4917 1642 4989 ἄμφω
1676 4917 1938 4987 συνῆλθον
1971 4916 2023 4969 ai

2137 4939 2230 4981 sas
2253 4931 2308 4979 et
2357 4922 2546 4980 Medos
2582 4922 2806 4979 eosdem
2862 4929 3208 4991 nuncupant.
3242 4920 3324 4976 ita
3369 4930 3578 4991 autem,
3624 4924 3712 4979 in-

453 5011 740 5081 βασιλεῖαι.
793 5014 904 5068 Καὶ
956 5013 1007 5066 οἱ
1060 5010 1165 5075 ἔξω
1190 5011 1247 5064 δὲ
1283 5010 1620 5079 συγγραφεῖς
1653 5008 1780 5070 τοὺς
1831 5007 2023 5071 αὐτοὺς

2140 5017 2280 5088 quit,
2306 5017 2564 5072 contritis
2592 5015 2782 5071 arietis
2810 5014 3099 5080 cornibus,

451 5105 547 5157 καὶ
572 5106 785 5176 Πέρσας
809 5106 904 5158 καὶ
924 5103 1145 5174 Μήδους
1178 5099 1560 5173 ὀνομάζουσιν.
1579 5098 1737 5153 Οὕτω
1759 5099 1836 5166 δὲ,
1871 5098 2028 5169 φησὶ,

451 5193 558 5246 τῶν
586 5194 682 5247 τοῦ
714 5193 872 5264 κριοῦ
914 5186 1309 5264 συντριϐέντων
1345 5189 1594 5262 κεράτων
1617 5228 1633 5253 ,

458 5284 471 5291 ﬁ
521 5293 592 5357 η’·
643 5305 662 5338 ⁴
713 5287 772 5340 ’0
828 5287 1031 5357 τράγος
1073 5283 1182 5338 τῶν
1236 5281 1406 5352 αἰγῶν
1429 5282 1473 5314 τί
1532 5279 1874 5352 ὲμεγαλύνθη
1927 5278 2034 5341 ἕως

455 5379 681 5448 σφόδρα.
738 5396 757 5429 ι
796 5378 910 5450 Τῆς
958 5376 1069 5446 γάρ
1101 5375 1417 5447 Περσικῆς,
1476 5372 1573 5427 εἶτ’
1626 5366 1719 5426 οὖν
1762 5371 2032 5441 Μηδικῆς,

456 5471 852 5541 καταλυθείσης
898 5468 1211 5543 βασιλείας,
1265 5468 1326 5522 τὸ
1358 5466 1500 5521 κατὰ
1549 5464 1770 5518 πάντων
1801 5464 1829 5515 6
1886 5462 2037 5516 Ἀλέ-

1736 5616 1976 5673 VARle
2020 5615 2421 5674 LECTIONES.

530 5761 578 5791 "
600 5753 683 5815 ἕν.
723 5759 846 5835 Des.
876 5759 931 5813 in
962 5760 1027 5812 A.
1066 5756 1223 5835 n“_B
1252 5754 1484 5835 ἐκείνην.
1580 5754 1633 5835 ,ξ’
1740 5750 2175 5835 παραλαμϐάῆνειῖ
2270 5747 2324 5835 ,ξ’
2353 5746 2466 5830 τού.
2502 5744 2706 5835 actin
2744 5745 2804 5803 Β.
2845 5745 2919 5835 ’⁸⁸
2947 5745 2993 5835 ᾖ
3022 5742 3082 5802 οὗ
3112 5742 3449 5835 ίξδονῃὲςτώς.

462 5833 508 5888 Δ
542 5840 597 5888 et
645 5812 687 5884 Β
739 5812 986 5883 ἐνώπιον.
1064 5828 1109 5861 ⁸⁸
1140 5827 1181 5881 A
1209 5812 1499 5897 φθάνοντα.
1580 5823 1623 5856 ⁶⁹
1660 5822 1698 5876 Β
1726 5812 1974 5894 πρῶτον]
2037 5822 2083 5853 ⁷⁰
2113 5820 2216 5889 γίν.
2268 5817 2391 5873 Des.
2430 5820 2482 5873 in
2508 5817 2566 5871 B.
2642 5819 2685 5850 ⁷⁸
2719 5835 2771 5873 τ.
2806 5816 2917 5884 air.
2953 5814 3075 5872 Des.
3125 5817 3176 5868 in
3214 5812 3272 5867 Β.

2216 5277 2384 5334 Vens.
2423 5278 2480 5333 8.
2517 5295 2538 5329 ι
2576 5274 2775 5332 Hircus
2830 5290 3124 5346 caprarum
3175 5272 3593 5347 magniﬁcatus“
3632 5285 3715 5332 est

2143 5383 2319 5440 usque
2350 5369 2533 5423 valde.
2576 5386 2596 5421 ι
2625 5368 2851 5423 Persico
2908 5367 3056 5423 enim
3103 5366 3219 5424 sive
3265 5365 3478 5424 Medico
3521 5382 3715 5422 everso

2147 5477 2340 5532 regno,
2362 5459 2671 5516 Alexander
2695 5460 2751 5515 in
2787 5474 2980 5517 omnes
3012 5460 3298 5532 imperium
3330 5459 3563 5531 adeptus
3585 5468 3668 5513 est
3699 5480 3712 5515 :

3528 5742 3569 5772 ⁶’
3602 5741 3709 5796 ἐπί.
