4092 6454
448 406 585 469 1443

1396 395 1879 457 TIIEODORETJ
1914 390 2253 453 EPISCOI’I
2284 391 2651 453 CYRENSIS

3566 394 3700 458 1444

450 518 546 575 sed
579 517 685 572 iste
706 526 926 586 quoque
958 524 1085 567 cum
1115 509 1283 564 breve
1315 515 1532 577 tempus
1570 506 1788 576 1216
1820 518 2014 574 super-

2127 501 2342 573 Εανδρος
2366 503 2710 570 ἀνεδέξατοη
2737 501 2935 575 κράτος
2951 519 2964 534 ·
2988 502 3125 558 ἁλλά
3152 502 3245 557 καὶ
3270 492 3426 568 οὗτος
3445 505 3493 537 ⁷³
3518 504 3702 577 ὀλίγον

451 607 705 670 vixisset,
726 603 958 662 sortitus
983 606 1069 655 est
1116 598 1241 653 vitae
1268 596 1461 652 ﬁnem.
1496 596 1611 651 lloc
1668 595 1830 651 etiam
1881 592 2019 648 vidit

450 698 644 755 beatus
666 692 875 749 haniel.
899 689 1118 745 .ldcinco
1155 688 1234 742 ait
1264 706 1278 743 :
1317 703 1336 740 α
1380 685 1448 741 Et
1468 702 1602 741 cum
1655 684 2020 740 invalesceret

449 788 588 857 ipse,
625 782 925 839 contritum
968 787 1056 835 est
1105 792 1279 832 cornu
1321 776 1472 845 ,illud
1512 789 1795 846 magnum.
1838 793 1856 827 ι
1890 772 2021 828 Post

450 874 735 931 victoriam
798 871 945 926 illam
1009 868 1333 929 maximam,
1407 865 1606 934 inquit,
1670 878 2020 919 communem

450 966 732 1022 hominum
761 957 1071 1015 Alexander
1098 958 1335 1013 sortitus
1358 956 1642 1009 estiinem.
1676 973 1694 1005 ι
1726 952 1790 1006 Ει
1831 968 2024 1008 ascen-

451 1060 670 1119 derunt,
719 1053 919 1121 inquit,
973 1057 1214 1120 quatuor
1268 1062 1482 1102 cornua
1534 1046 1724 1100 subter
1780 1045 1912 1100 illud
1955 1045 2022 1100 ad

450 1153 686 1216 quatuor
744 1150 941 1196 ventos
990 1139 1138 1194 cmli.
1203 1155 1224 1189 ι
1284 1138 1527 1201 Quatuor
1592 1143 1773 1190 autem
1823 1151 2023 1189 cornua

451 1243 690 1306 quatuor
728 1233 854 1286 illos
881 1245 1039 1301 reges
1086 1230 1343 1294 innuunt,
1388 1229 1480 1299 qui
1528 1228 1718 1281 eodem
1780 1236 2025 1296 tempore

453 1324 617 1380 simul
684 1320 1004 1375 Alexandro
1057 1332 1399 1374 successere.
1468 1315 1798 1371 Ptolemams
1875 1316 2022 1369 enim

455 1414 587 1484 Lagi
615 1388 834 1483 IEgvpti
881 1408 1091 1478 accepit
1148 1407 1460 1477 imperium,
1524 1407 1789 1461 Seleucus
1841 1416 2023 1460 autem

458 1506 695 1563 Nicanor
726 1502 1054 1572 Babylonem
1104 1498 1384 1563 obtinuit,
1437 1505 1493 1553 et
1551 1498 1795 1566 reliquas
1840 1504 2024 1566 partes

458 1612 633 1667 usque
672 1594 741 1648 ad
789 1592 1003 1663 Syriam
1058 1590 1469 1661 pertingentes;
1529 1584 1838 1659 Antigonus
1895 1586 2026 1641 Asia

458 1690 665 1760 potitus
694 1694 809 1751 est,
845 1694 898 1739 et
934 1682 1255 1738 Macedonia
1284 1681 1597 1749 Antipater,
1631 1689 1725 1733 aut
1752 1688 1861 1746 ,-ut
1895 1679 2025 1748 qui-

2121 590 2424 657 ἐπιϐιὼσας
2476 593 2702 663 χρόνον,
2748 593 2844 647 τοῦ
2876 592 2991 665 βίου
3033 593 3094 646 τὸ
3136 592 3288 658 τέλος
3317 592 3555 660 ἐδέξατο.
3589 597 3703 650 Kal

2120 682 2278 738 τοῦτο
2302 684 2361 738 δὲ
2393 680 2536 740 εἶδεν
2568 687 2597 739 6
2638 686 2906 757 μακάριος
2934 685 3157 758 Δανιήλ.
3187 686 3281 740 Διό
3322 703 3455 758 φησι
3476 703 3494 720 θ
3526 707 3551 741 .‹
3586 685 3727 744 Kal’

2118 774 2178 826 ἐν
2210 773 2286 845 τῷ
2319 773 2535 846 ἰσχῦσαι
2568 774 2728 829 αὐτὸν
2757 776 3046 847 συνετρίϐη
3090 778 3153 830 τὸ
3180 776 3349 848 κέρας
3382 777 3444 831 τὸ
3472 778 3636 847 μέγα.
3675 798 3696 830 ι

2120 866 2276 919 Μετά
2321 866 2420 935 τὴν
2470 864 2627 937 νίκην
2662 865 2878 937 ἐκείνην
2924 865 3020 941 τὴν
3076 866 3381 938 μεγίστην,
3439 869 3603 940 φησὶ,
3638 869 3706 923 τὸ

2122 955 2301 1009 κοινὸν
2345 956 2453 1010 τῶν
2495 954 2848 1028 ἀνθρὼπωνὸ
2884 957 3235 1027 Ἀλέξανδρος
3281 957 3503 1021 ἐδέξατο
3527 959 3698 1026 τέλος.

2128 1065 2147 1099 ι
2183 1048 2295 1101 Kal
2321 1046 2487 1119 ἀνέϐη
2514 1086 2530 1107 .
2579 1049 2713 1119 φησὶ
2739 1088 2754 1114 ,
2802 1048 3045 1118 τέσσαρα
3092 1048 3303 1121 κέρατα
3348 1032 3701 1107 ὑποκάτωθεν

2124 1137 2290 1193 αὐτοῦ
2338 1140 2418 1203 είς
2464 1139 2590 1202 τοὺς
2633 1140 2909 1211 τέσσαρας
2957 1140 3193 1211 ἀνέμους
3231 1140 3325 1195 τοῦ
3365 1142 3619 1213 ούρανοῦ.
3677 1165 3697 1196 ι

2126 1214 2406 1297 Τέσσαρα
2434 1229 2490 1282 δὲ
2521 1228 2740 1299 κέρατα
2762 1271 2777 1293 ,
2807 1231 2931 1295 τοὺς
2964 1229 3233 1301 τέσσαρας
3272 1231 3548 1303 βασιλέας,
3574 1235 3706 1299 τοὺς

2125 1322 2267 1374 κατά
2312 1320 2508 1374 ταύτὸν
2544 1320 2636 1373 τὸν
2682 1319 3032 1392 Ἀλέξανδρον
3064 1321 3490 1393 διαδεξαμένους
3529 1326 3705 1380 αἰνίτ-

2120 1428 2297 1466 τεται.
2326 1412 2669 1482 Πτολεμαῖος
2714 1412 2821 1485 γὰρ
2871 1415 2900 1466 6
2931 1413 3113 1482 Λάγου
3149 1415 3247 1485 τῆς
3291 1415 3579 1484 Αἰγύπτου
3604 1417 3704 1490 τὴν

2124 1500 2422 1570 ἡγεμονίαν
2468 1500 2781 1571 παρέλαϐε·
2831 1500 3093 1566 Σέλευκος
3135 1502 3193 1556 δὲ
3225 1504 3255 1556 ὁ
3302 1505 3559 1577 Νικάνωρ
3603 1508 3706 1578 τὴν

2126 1588 2429 1644 Βαϐυλῶνα
2481 1593 2725 1661 κατεῖχε,
2782 1590 2878 1643 καὶ
2916 1591 2985 1645 τὰ
3012 1591 3148 1646 ἄλλα
3190 1593 3331 1665 μέρη
3353 1596 3401 1627 ⁷⁷
3428 1597 3497 1649 τὰ
3541 1597 3706 1669 μέχρι

2127 1680 2326 1752 Συρίας
2348 1681 2609 1761 διήκοντα
2634 1699 2648 1713 ·
2684 1682 2992 1751 ’Δντίγονος
3021 1684 3077 1738 δὲ
3102 1683 3203 1755 τῆς
3250 1685 3435 1750 ’Δσίας
3461 1689 3704 1760 ἐκράτει,

460 1779 688 1836 busdam
727 1775 1094 1844 scriptoribus
1117 1772 1356 1834 videtur,
1392 1769 1699 1840 Philippus,
1732 1771 1824 1839 qui
1855 1769 2022 1824 etiam

2131 1773 2225 1844 τῆς
2271 1772 2327 1825 δὲ
2359 1772 2698 1837 Μακεδονίας
2762 1774 3159 1843 Ἀντίπατρος·
3194 1777 3268 1842 ὡς
3323 1777 3381 1830 δέ
3435 1795 3546 1832 τισι
3597 1782 3707 1834 τῶν

455 1872 704 1927 Αιοὶιιεοιιε
730 1868 911 1922 dictus
957 1872 1060 1929 est,
1111 1862 1408 1918 Alexandri
1458 1860 1648 1917 frater.
1704 1860 1878 1916 Porro
1930 1876 2027 1915 no-

2136 1866 2492 1935 συγγραφέων
2534 1864 2699 1928 δοκεῖ,
2729 1865 3015 1931 Φίλιππος,
3046 1868 3102 1931 ὃς
3147 1868 3239 1922 καὶ
3285 1869 3551 1940 Ἀριδαῖος
3571 1871 3639 1937 ⁷⁵,
3680 1875 3711 1926 6

456 1961 682 2017 tandum
737 1967 820 2014 est
869 1956 1231 2026 conspexisse
1284 1953 1617 2024 prophetam
1672 1955 1892 2017 tertiam
1936 1954 2031 2009 be-

458 2053 619 2109 stiam
652 2058 895 2120 quatuor
934 2047 1227 2101 habentem
1286 2043 1490 2112 capita,
1544 2051 1597 2096 el
1648 2040 1862 2096 hircum
1902 2050 2029 2113 post

458 2159 625 2200 unum
653 2156 826 2195 cornu
846 2138 1144 2193 contritum
1170 2144 1409 2205 quatuor
1430 2148 1635 2188 cornua
1657 2134 2024 2204 produxisse:

458 2244 520 2291 ut
544 2233 894 2306 perspicuum
955 2230 1045 2294 sit,
1109 2228 1300 2284 eadem
1330 2236 1384 2282 et
1431 2240 1528 2297 per
1556 2225 1762 2279 hircum
1786 2264 1802 2292 ,
1837 2232 1892 2282 et
1928 2240 2027 2296 per

459 2328 670 2384 tertiam
693 2326 915 2380 bestiam
938 2320 1260 2393 signiﬁcari.

528 2505 696 2560 Vens.
724 2501 779 2556 9.
817 2519 835 2553 ι
871 2501 1022 2554 htex
1045 2513 1176 2565 uno,
1203 2498 1403 2568 inquit,
1445 2511 1715 2552 cornuum
1746 2509 2029 2565 egressum

457 2604 543 2651 cst
592 2609 763 2649 cornu
829 2606 999 2645 unum
1059 2589 1371 2644 robustum.
1420 2606 1440 2639 ι
1492 2586 1821 2641 Antiochum
1889 2585 2032 2639 dicit

459 2686 816 2757 Epiphanem,
844 2680 1097 2737 Antiochi
1125 2680 1298 2743 illius,
1328 2680 1421 2750 qui
1448 2679 1684 2749 Magnus
1705 2677 2027 2740 vocabatur,

459 2778 650 2834 tilium.
682 2795 702 2829 ι
747 2774 809 2832 Et
831 2774 1121 2830 admodum
1153 2772 1539 2844 magnificatus
1571 2762 1893 2841 est,'inquit
1913 2810 1928 2835 ,
1961 2768 2032 2823 ad

460 2878 731 2934 austrum,
761 2877 815 2924 et
849 2867 917 2921 ad
979 2868 1269 2928 orientem,
1307 2870 1363 2918 et
1410 2864 1479 2917 ad
1534 2860 1824 2934 Libycum,
1875 2868 1930 2915 et
1961 2859 2030 2914 ad

457 2961 752 3021 virtutem.
798 2977 817 3012 ι
886 2956 1113 3022 Potens,
1182 2955 1393 3026 inquit,
1457 2953 1685 3010 eﬂ‘ectus
1749 2953 2033 3023 superavit

456 3050 681 3125 Λεωτριί
723 3064 930 3120 regem,
961 3057 1018 3103 et
1046 3045 1305 3102 nationes
1349 3043 1417 3099 ad
1453 3045 1727 3100 orientem
1780 3045 1917 3102 sitas
1974 3044 2030 3099 in

458 3158 613 3198 suam
642 3139 856 3211 redegit
873 3143 1223 3208 potestatem,
1246 3145 1297 3189 et
1324 3134 1529 3191 Iudaeis
1553 3150 1792 3206 quoque,
1827 3135 2030 3205 inquit,

2130 1953 2224 2008 καὶ
2267 1953 2617 2028 Ἀλεξάνδρου
2668 1955 2914 2024 ἀδελφός.
2976 1957 3457 2029 Ἐπισημήνασθαι
3502 1961 3560 2014 δέ
3596 1961 3705 2025 δεῖ,

2128 2045 2212 2098 ὅτι
2252 2045 2347 2099 καὶ⁵
2401 2046 2465 2099 τὸ
2508 2046 2694 2116 τρίτον
2740 2047 2930 2119 θηρίον
2973 2048 3246 2118 τέσσαρας
3296 2050 3543 2119 κεφαλὰς
3584 2051 3709 2122 ἔχον

2120 2134 2415 2203 ἐθεάσατο,
2450 2138 2546 2192 καὶ
2574 2137 2665 2191 τὸν
2698 2138 2899 2209 τράγον
2932 2138 3070 2210 μετά
3113 2139 3215 2211 τὴν
3265 2140 3361 2194 τοῦ
3393 2142 3510 2205 ἐνὸς
3539 2144 3709 2213 κέρα-

2128 2243 2219 2289 τος
2282 2226 2574 2300 συντριϐὴν
2618 2228 2860 2301 τέσσαρα
2892 2229 3136 2298 φύσαντα
3170 2230 3377 2302 κέρατα
3401 2246 3418 2262 ·
3460 2232 3535 2296 ὡς
3562 2229 3711 2290 εἶναι

2128 2317 2287 2388 δῆλον
2316 2321 2443 2375 τὰ⁷⁶
2478 2322 2621 2376 αὐτὰ
2674 2323 2768 2375 καὶ
2805 2322 2893 2377 διὰ
2929 2323 3033 2377 τοῦ
3056 2324 3299 2394 τράγου,
3346 2326 3442 2380 καὶ
3477 2326 3569 2382 διὰ
3612 2328 3709 2383 τοῦ

2133 2410 2337 2477 τρίτου
2364 2413 2573 2480 θηρίου
2605 2412 3044 2482 σημαίνεσθαιττ.

2204 2501 2269 2555 θ’.
2310 2519 2329 2553 t
2370 2502 2482 2554 Kal
2510 2503 2574 2555 ἐκ
2618 2501 2711 2555 τοῦ
2741 2502 2894 2568 ἐνὸς,
2928 2502 3103 2575 φησὶ,
3132 2504 3242 2558 τῶν
3272 2505 3519 2576 κεράτων
3535 2507 3579 2540 ⁷⁸
3621 2507 3710 2573 ἐξ-

2131 2592 2260 2665 ῆλθε
2283 2592 2450 2663 κέρας
2479 2591 2537 2645 ἓν
2552 2592 2599 2626 ⁷⁸
2630 2593 2870 2666 ἰσχυρόν.
2902 2612 2922 2647 t
2966 2594 3236 2667 Ἀντίοχον
3258 2597 3404 2668 λέγει
3427 2600 3520 2654 τὸν
3560 2601 3713 2656 Ἐπι-
3784 2649 3789 2652 ,

2134 2682 2307 2753 φανῆ,
2343 2681 2401 2744 ὃς
2450 2682 2724 2753 Ἀντιόχου
2767 2682 2863 2737 τοῦ
2908 2684 3339 2756 ἐπικαλουμένου
3356 2688 3402 2720 ⁸⁸
3457 2690 3710 2759 Μεγάλου

2133 2774 2248 2837 υίὸς
2278 2773 2521 2842 ἐγεγόνει
2540 2773 2609 2827 ⁸⁸.
2645 2793 2664 2825 ι
2694 2772 2804 2827 Καὶ
2844 2775 3209 2849 ἐμεγαλύνθη,
3249 2778 3404 2850 φησὶ,
3436 2782 3711 2853 περισσῶς

2134 2864 2271 2935 πρὸς
2299 2865 2450 2917 νότον
2470 2906 2484 2930 ,
2530 2864 2624 2917 καὶ
2656 2864 2793 2936 πρὸς
2826 2865 3087 2939 ἀνατολὴν
3106 2908 3120 2931 ,
3166 2869 3261 2923 καὶ
3279 2871 3323 2903 ’⁸
3364 2872 3501 2944 πρὸς
3545 2875 3705 2940 Λίϐα,

2133 2953 2228 3007 καὶ
2268 2952 2405 3025 πρὸς
2449 2952 2549 3024 τὴν
2574 2952 2826 3024 δύναμιν.
2865 2974 2883 3007 ι
2922 2958 3179 3024 Δυνατὸς,
3230 2961 3383 3031 φησὶ,
3420 2963 3711 3034 γενόμενος

2134 3042 2484 3115 περιεγένετο
2537 3043 2637 3113 μὲν
2674 3043 2768 3098 τοῦ
2820 3044 2921 3117 τῆς
2954 3046 3232 3115 Αἰγύπτου
3266 3049 3530 3119 βασιλέως
3553 3095 3568 3119 ,
3617 3054 3708 3125 ὑφ’

2134 3135 2324 3189 ἑαυτὸν
2351 3135 2407 3188 δὲ
2435 3136 2529 3189 καὶ
2554 3134 2622 3188 τὰ
2649 3135 2785 3208 πρὸς
2811 3136 2886 3191 ἐω
2917 3138 3148 3211 κείμενα
3168 3141 3214 3173 ⁸³
3234 3142 3529 3215 ἐποιήσατο
3548 3146 3668 3219 ἔθνη
3685 3165 3701 3180 ο

459 3234 661 3289 bellum
724 3200 935 3301 15.1.7
996 3200 1215 3292 intulit,
1275 3234 1330 3281 et
1396 3200 1644 3281 sanctam
1682 3200 2027 3297 metropolin

2132 3226 2531 3295 ἐπεστράτευσε
2569 3225 2647 3293 δὲ,
2683 3200 2839 3299 ιρησὶ,
2878 3229 2974 3282 καὶ
3004 3200 3118 3295 τοῖς
3158 3200 3453 3302 Ἰουδαίοίς,
3607 3200 3705 3308 την
3796 3262 3805 3267 ε

458 3324 691 3396 subegit.
736 3321 998 3377 Virtutem
1051 3317 1196 3372 enim
1237 3317 1414 3387 ipsam
1448 3318 1765 3389 appellavit,
1806 3326 2033 3390 propter

456 3406 699 3470 divinam
740 3411 1011 3482 gratiam,
1041 3421 1164 3477 qua:
1199 3421 1265 3461 eo
1299 3417 1548 3477 tempore
1580 3406 1637 3462 in
1679 3408 1885 3478 templo
1928 3406 2033 3462 ﬂo-

455 3506 635 3561 rebat.
671 3503 840 3575 quue
866 3498 1086 3572 planius
1114 3495 1325 3553 faciens
1346 3497 1592 3568 subjecit
1621 3517 1635 3554 :

526 3674 696 3733 Vsus.
738 3675 825 3730 lo.
870 3694 889 3727 ί
924 3662 992 3728 Et
1024 3673 1433 3746 magniﬁcatum
1469 3682 1555 3731 est
1586 3690 1767 3747 usque
1817 3674 1884 3730 ad
1915 3675 2031 3730 vir-

456 3776 632 3823 tutem
658 3766 806 3831 cteli,
834 3772 889 3820 et
938 3765 1138 3821 cecidit
1182 3765 1237 3819 in
1270 3773 1474 3821 terram
1509 3766 1577 3821 de
1613 3766 1843 3830 virtute,
1879 3776 1935 3821 et
1964 3766 2033 3822 de

458 3857 656 3920 stellis,
714 3862 769 3911 et
818 3854 1166 3909 conculcavit
1226 3870 1340 3909 eas.
1394 3873 1413 3906 ι
1449 3853 1576 3909 Haec
1631 3868 1733 3910 nos
1785 3856 2032 3927 apertius

458 3947 662 4020 docent
688 3945 901 4016 primus
947 3953 1002 4000 et
1039 3944 1323 4000 secundus
1383 3942 1826 3999 Machabazorum
1882 3946 2030 4011 libri,

456 4038 816 4110 etJoseplius
863 4037 1350 4108 bistoriograpbus
1405 4037 1523 4091 haec
1577 4045 1837 4093 accurate
1897 4053 2032 4093 con-

458 4132 700 4202 scripsit,
736 4137 790 4185 et
816 4143 921 4184 nos
967 4129 1095 4183 item
1149 4127 1413 4193 breviter,
1446 4142 1567 4199 quae
1622 4142 1689 4183 eo
1729 4129 2029 4199 pertinent,

457 4220 861 4277 enarrabimus.
889 4218 1027 4278 Cum
1080 4216 1254 4271 iudici
1313 4217 1413 4284 illi,
1470 4218 1567 4290 qui
1627 4232 1695 4274 ex
1742 4219 2033 4290 pontiﬁcio

457 4320 619 4368 erant
675 4324 910 4381 genere,
972 4318 1164 4363 contra
1227 4309 1533 4380 principem
1583 4310 1708 4380 ejus
1762 4312 2032 4382 temporis

456 4402 805 4460 sacerdotum
866 4400 1207 4457 seditionem
1270 4402 1670 4470 concitassent,
1726 4404 1820 4475 qui
1884 4405 2032 4459 hunc

456 4495 826 4566 principatum
874 4492 1253 4563 appetebant,‘
1278 4492 1347 4547 ad
1387 4494 1721 4550 Antiochum
1772 4494 2029 4566 profecti,

2130 3318 2292 3389 ἁγίαν
2312 3319 2360 3351 ⁸⁵
2403 3319 2734 3391 μητρόπολιν
2764 3323 3175 3394 κατεστρέψατο
3196 3341 3213 3356 ο
3248 3325 3508 3397 δύναμιν
3532 3330 3640 3404 γὰρ
3659 3330 3707 3364 ⁸⁸

2131 3407 2302 3479 αὐτὴν
2350 3408 2796 3479 προσηγόρευσε,
2839 3408 2932 3464 διὰ
2972 3409 3070 3483 τὴν
3103 3412 3442 3471 ἐπανθοῦσαν
3488 3417 3565 3489 τῷ
3596 3418 3711 3490 ναῷ

2129 3498 2433 3571 τηνικαῦτα
2486 3500 2648 3573 χάριν
2670 3500 2718 3533 ⁸⁸
2751 3499 2924 3558 Θείαν.
2980 3502 3092 3556 Kal
3147 3504 3308 3559 τοῦτο
3371 3508 3710 3583 σαφέστερον

2131 3588 2300 3644 ποιῶν
2322 3590 2571 3661 ἐπήγαγε
2596 3606 2609 3621 ο

2206 3685 2258 3734 ι’.
2296 3698 2315 3732 t
2351 3681 2463 3735 Kal
2492 3680 2839 3752 ἐμεγαλύνθη
2874 3682 2989 3749 ἕως
3021 3684 3120 3756 τῆς
3151 3682 3430 3759 δυνάμεως
3478 3689 3572 3743 τοῦ
3624 3692 3713 3745 06-

2122 3772 2320 3843 pavoi)’,
2347 3775 2445 3827 καὶ
2476 3772 2673 3828 ἔπεσεν
2694 3773 2798 3828 ,ἐπὶ
2819 3774 2918 3845 τὴν
2941 3776 3045 3846 γῆν
3070 3778 3179 3831 ἀπὸ
3209 3781 3309 3849 τῆς
3335 3780 3619 3851 δυνάμεως
3639 3783 3707 3847 ⁸⁷,

2132 3866 2228 3918 καὶ
2248 3864 2355 3918 ἀπὸ
2380 3864 2490 3918 τῶν
2512 3865 2756 3936 ἀστέρων
2777 3864 2842 3930 ⁸⁸,
2865 3870 2959 3919 xal
2984 3869 3354 3939 συνεπάτησεν
3383 3870 3660 3935 αύτούς⁸⁹.
3685 3891 3704 3923 ι

2130 3956 2318 4011 Ταῦτα
2348 3956 2680 4025 σαφέστερον
2714 3959 2863 4028 ἡμᾶς
2898 3960 2931 4029 ἡ
2972 3959 3080 4012 τῶν
3124 3961 3500 4017 Μακκαϐαίων
3529 3964 3712 4033 βίϐλος

2131 4049 2167 4120 ἦ
2198 4064 2258 4102 τε
2287 4047 2480 4118 πρώτη
2514 4049 2612 4101 καὶ
2636 4049 2670 4119 ἡ
2696 4047 2926 4120 δευτέρα
2970 4049 3233 4120 διδάσκει,
3258 4054 3365 4106 καὶ,
3406 4053 3714 4127 Ἰιῖισηππος

2132 4140 2188 4195 δὲ
2220 4143 2248 4193 ὁ
2286 4142 2698 4211 ίστοριογράφος
2742 4140 2987 4214 ἀκριϐῶς
3031 4136 3205 4197 ταῦτα
3242 4147 3584 4217 συνέγραψε,
3619 4150 3713 4203 καὶ

2130 4232 2296 4302 ἡμεῖς
2323 4229 2379 4284 δὲ
2411 4230 2691 4299 συντόμως
2720 4230 2789 4284 τὰ
2822 4231 2944 4284 κατ’
2970 4230 3134 4285 αὑτὸν
3162 4232 3554 4305 διηγησόμεθα.
3591 4236 3711 4292 Τῶν

2132 4322 2198 4375 ὲκ
2239 4320 2428 4389 γένους
2462 4319 2849 4391 ἀρχιερατικοῦ
2884 4319 3019 4393 πρὸς
3055 4321 3148 4376 τὸν
3188 4325 3489 4396 τηνικαῦτα
3529 4328 3715 4400 ἀρχιε-

2135 4413 2234 4484 ρέα
2281 4410 2391 4465 τῶν
2451 4411 2724 4465 Ἰουδαίων
2779 4415 3191 4491 στασιασάντων
3216 4457 3230 4483 ,
3267 4419 3317 4470 oi
3370 4419 3575 4491 ταύτης
3613 4420 3713 4491 τῆς

2065 4547 2114 4608 ο
2135 4501 2310 4608 ἀρχῇς
2339 4501 2634 4608 ἐφιέμενοι,
2669 4503 2804 4608 πρὸς
2831 4504 2924 4608 τὸν
2955 4505 3227 4578 Ἀντίοχον
3256 4511 3709 4582 παραγενόμενοι,

452 4588 504 4643 ei
529 4586 886 4658 persuadent,
925 4582 1323 4640 utJudteorum
1365 4587 1691 4657 religionem
1726 4588 1797 4643 ad
1832 4587 2027 4644 ἀι-πα

2138 4593 2415 4648 πείθουσιν
2443 4593 2605 4647 αὐτὸν
2632 4592 2732 4665 τὴν
2774 4593 3075 4668 Ἱουδαῖκὴν
3105 4598 3381 4654 πολιτείαν
3404 4603 3485 4666 είς
3522 4602 3712 4677 Ἐλλη-

444 4676 762 4732 transferat
807 4675 1086 4740 instituta,
1117 4681 1172 4730 et
1223 4679 1569 4746 gymnasium
1600 4679 1658 4733 in
1691 4678 1827 4733 urbe
1861 4678 2032 4733 (ediﬁ-

454 4768 690 4824 candum
724 4776 896 4824 curet.
928 4767 1142 4834 Quibus
1186 4769 1354 4826 rebus
1382 4771 1578 4842 gestis,
1634 4772 1711 4842 pii
1771 4771 2028 4828 homines

448 4861 786 4923 manebant,
819 4856 968 4929 quod
1004 4866 1249 4929 apertam
1301 4869 1592 4916 cernerent
1642 4861 1824 4931 legum
1858 4860 2031 4915 viola-

452 4949 657 5005 tionem
691 4958 798 5003 :at
851 4949 1065 5019 reliqua
1104 4950 1268 5006 turba
1297 4950 1472 5007 libere
1500 4951 1713 5023 absque
1735 4952 1848 5006 ullo
1878 4962 2030 5010 metu

452 5040 698 5094 divinam
723 5039 901 5108 legem
937 5040 1331 5104 conculcabat,
1371 5047 1427 5096 et
1472 5041 1530 5096 in
1584 5042 2029 5101 circumcisionis

452 5138 790 5201 pmeptum
820 5133 1228 5188 contumeliose
1263 5130 1581 5188 invehebat.
1617 5131 2029 5193 Vehementiori

455 5228 641 5277 autem
673 5220 909 5277 conﬂata
945 5222 1240 5291 seditione,
1272 5236 1397 5277 eum
1431 5237 1499 5278 eo
1520 5225 1882 5295 pervenisset
1916 5229 2027 5282 An-

2136 4684 2292 4757 νικὴν
2347 4684 2705 4757 μεταϐάλλειν
2727 4686 2797 4754 ⁸⁸,
2851 4687 2947 4742 καὶ
2990 4690 3295 4760 γυμνάσιον
3341 4694 3401 4747 ἐν
3437 4695 3506 4768 τῇ
3560 4695 3712 4750 πόλει

2135 4774 2509 4846 οἰκοδομῆσαι.
2554 4774 2773 4830 Τούτων
2804 4777 3113 4849 γενομένων
3134 4779 3204 4844 ⁸⁷,
3250 4782 3301 4835 οἱ
3334 4781 3435 4854 μὲν
3465 4783 3713 4850 εὐσεϐεῖς

2136 4867 2195 4918 ἐν
2219 4865 2436 4935 θρήνοις
2474 4861 2617 4938 ἦσαν
2636 4907 2652 4934 ,
2691 4866 2790 4937 τὴν
2819 4871 3068 4941 προφανῆ
3105 4869 3214 4925 τῶν
3267 4872 3447 4944 νόμων
3476 4875 3713 4949 ὁρῶντες

2136 4955 2485 5026 παράϐασιν,
2539 4957 2568 5010 6
2613 4957 2671 5011 δὲ
2720 4957 2906 5023 λοιπὸς
2948 4959 3138 5031 ὅμιλος
3189 4962 3363 5029 ἀδεῶς
3418 4965 3511 5019 τὸν
3570 4964 3719 5024 θεῖον

2135 5047 2327 5101 ἐπάτει
2370 5047 2552 5118 νόμον,
2598 5050 2696 5104 καὶ
2728 5052 2807 5114 εἰς
2830 5050 2929 5122 τὴν
2963 5050 3067 5123 τῆς
3098 5055 3401 5127 περιτομῆς
3433 5055 3716 5129 ἐξύϐριζον

2134 5139 2376 5211 ἐντολήν.
2431 5140 2805 5215 Σφοδροτέρας
2848 5143 2907 5198 δὲ
2952 5145 3258 5219 γενομένης
3300 5146 3401 5219 τῆς
3443 5149 3709 5216 στάσεως,

2135 5231 2470 5303 ἀφικόμενος
2517 5232 2546 5285 6
2588 5232 2860 5306 Ἀντίοχος
2888 5223 3193 5301 ⁴πλείστους
3242 5238 3346 5309 μὲν
3381 5237 3560 5295 ἀνεῖλε
3603 5238 3711 5294 τῶν

1800 5398 2037 5457 ΥΑΗΙΛΕ
2078 5403 2484 5464 LECTIONES.

524 5490 573 5523 "
592 5490 679 5545 ἀν.
700 5489 782 5546 Ita
824 5506 948 5547 cum
972 5491 1022 5545 ’Β
1049 5491 1155 5561 leg.
1193 5490 1358 5547 Sirm.
1389 5492 1703 5566 ἀνεδήσατο.
1796 5494 1848 5527 ⁷³
1883 5486 1997 5551 οῧτ.
2063 5495 2103 5550 Β
2151 5499 2333 5564 αὐτός.
2438 5501 2487 5534 ⁷⁵
2530 5502 2691 5576 μέρη.
2724 5501 2771 5557 Β
2810 5503 2959 5577 ἔθνη.

524 5559 614 5614 τά.
652 5560 693 5613 Β
745 5578 934 5627 praem.
976 5565 1079 5617 ὅτι.
1155 5563 1200 5596 ⁷⁷
1230 5559 1272 5613 Β
1320 5563 1664 5627 σημαίνεται.
1734 5563 1781 5597 ⁷⁸
1806 5581 1857 5618 τ.
1893 5581 2012 5627 κερ.
2038 5568 2085 5620 Α
2123 5569 2321 5625 αὐτῶν.
2399 5572 2443 5604 ⁷⁹
2468 5572 2544 5626 ἓν.
2597 5577 2716 5627 Des.
2762 5575 2817 5627 in
2853 5575 2914 5627 B.

3064 5506 3118 5581 ⁷1
3144 5507 3187 5559 Β
3225 5509 3261 5581 β
3306 5509 3401 5581 καὶ
3443 5509 3565 5581 Ἀρί
3569 5509 3703 5581 δεοὲ

449 5559 497 5650 ⁷⁸
523 5559 614 5650 τά.
652 5560 693 5613 Β
745 5578 934 5650 praem:
976 5559 1127 5650 613;:
1155 5563 1200 5596 ⁷⁷
1230 5559 1272 5613 Β
1320 5559 1664 5650 σημαίνεται.
1734 5563 1869 5650 te;
1893 5581 2012 5650 κερ.
2123 5559 2349 5650 αὐτῶνιμ
2399 5572 2443 5650 ⁷⁸⁷
2468 5559 2584 5650 ἐνί·⁸
2597 5559 2716 5650 Deis,
2762 5575 2820 5650 in_
2983 5574 3126 5650 '°__B
3152 5559 3710 5650 καλουμένου-,Γνῖιίῇ

449 5630 727 5721 ἐγέέετοέ.
747 5630 1306 5721 ’ΣίΙκαὶΔ-εδύναμιχ,
1326 5630 1489 5721 θ[λεδ.Δ
1512 5634 1678 5721 in,
1752 5634 1799 5714 ξ’
1898 5630 2232 5721 διακείμενα.
2256 5709 2270 5721 ι
2309 5641 2359 5672 ⁸⁵
2403 5642 2501 5721 ἀγ..
2548 5642 2588 5695 Β
2608 5645 2732 5700 add.
2764 5646 2962 5721 αύτῶν.
3019 5646 3242 5721 Α”ᾼγάρ⁸
3276 5630 3427 5703 Βτδέ.

542 5697 584 5752 Β
609 5708 732 5775 post
755 5700 906 5755 θείαν
935 5701 1174 5775 ponitur.
1197 5697 1210 5703 ’
1251 5703 1295 5735 ⁸⁷
1322 5702 1434 5758 δυν.
1462 5705 1501 5758 Α
1529 5703 1656 5761 add.
1687 5703 1782 5759 τοῦ
1810 5704 2061 5775 ούρανοῦ.

453 5769 497 5799 ’⁸
525 5769 638 5836 γεν.
666 5769 706 5822 Β
735 5785 919 5839 prtem.
937 5769 1028 5830 δέ.

2165 5657 2232 5693 να.
2309 5648 2359 5672 ⁸⁵
2403 5648 2496 5708 ἀγ.
2549 5648 2732 5700 Badd.
2764 5648 2962 5699 αὐτῶν.
3040 5648 3087 5679 ⁸³
3113 5648 3242 5721 γάρ.
3276 5648 3427 5703 nec.
3506 5650 3553 5682 "
3615 5648 3707 5718 ἀρ.

2165 5709 2210 5741 ⁸⁸
2242 5709 2286 5763 Α
2319 5722 2371 5767 et
2401 5710 2441 5765 Β
2472 5711 2701 5784 ἄστρων.
2782 5716 2826 5748 ⁸⁹
2880 5718 2925 5770 Α
2973 5716 3132 5774 αὐτά.
3212 5720 3257 5752 ’⁸³
3291 5721 3336 5773 Α
3361 5668 3704 5791 μεταϐαέεῖν.
