4092 6452
403 404 536 475 1447

1396 402 1884 466 TIlEODORETI
1919 400 2257 462 EPISCOPI
2276 402 2647 463 CYRENSIS

3532 395 3667 461 1448

399 520 610 590 iniusta
639 516 750 589 piis
775 516 1091 573 hominibus
1122 514 1273 568 illata
1308 527 1478 565 nece:
1515 520 1569 566 et
1601 512 1821 565 interim
1849 524 1974 562 cum

2095 511 2238 577 ρόνον
2267 513 2379 573 τοῖς
2400 510 2681 562 εὐσεϐέσιν
2751 509 3071 577 ἐπαγαγὼν,
3127 510 3224 562 καὶ
3273 510 3437 574 τέως,
3472 513 3665 580 φησὶν,

398 613 519 666 lite
562 610 790 673 faceret,
820 608 1049 677 inquit,
1092 625 1109 655 ι
1149 618 1412 673 prospere
1465 603 1516 657 ci
1575 599 1928 657 succedebat.
1957 618 1977 652 ι

403 704 636 765 Deinde,

470 795 635 849 Vens.
665 794 747 847 i5.
776 810 794 843 ι
824 788 1021 846 Audivi
1052 785 1347 858 quemdam
1367 785 1983 853 sanctumloqueutcm,

401 898 453 946 et
478 888 618 942 dixit
665 893 893 940 sanctus
948 883 1172 951 quidam
1214 880 1293 934 illi
1344 880 1595 949 loquenti
1632 895 1646 933 :
1682 877 1986 948 Usquequo

400 974 547 1029 visio
579 976 767 1033 stabit,
798 981 851 1026 et
894 969 1236 1024 sacrificium
1282 968 1551 1033 ablatmn,
1610 977 1664 1021 et
1698 977 1985 1037 peccatum

401 1064 758 1120 desolationis
782 1063 1001 1126 datum,
1041 1070 1095 1115 et
1122 1069 1403 1122 sanctum,
1445 1067 1501 1113 et
1548 1058 1820 1113 fortitudo
1854 1071 1989 1112 con-

399 1154 754 1211 culcabitur?
807 1172 825 1205 ι
878 1152 1161 1207 Phelmuni
1223 1151 1413 1207 Graeca
1464 1150 1793 1203 translatum
1859 1162 1990 1203 voce

401 1245 679 1317 quemdam
711 1244 1006 1315 signillcat,
1040 1244 1204 1312 idque
1229 1250 1466 1298 testatur
1501 1240 1769 1311 Syrorum
1799 1240 1990 1308 lingua

404 1336 647 1390 liebra-a‘.
674 1333 874 1389 aﬁinis.
907 1333 997 1385 Ait
1025 1333 1214 1401 itaque
1236 1333 1435 1386 beatus
1467 1330 1655 1385 Daniel
1687 1347 1701 1383 :
1731 1349 1748 1380 ι
1783 1328 1989 1383 Audivi

404 1427 696 1496 quemdam
752 1434 1006 1480 sanctum
1043 1440 1109 1479 ex
1146 1425 1257 1478 alio
1312 1430 1510 1478 sancto
1565 1430 1924 1492 quaerentem.
1966 1439 1985 1473 ι

408 1516 473 1570 Et
511 1518 860 1586 perspicuum
915 1524 1002 1571 est
1049 1516 1204 1569 illum
1241 1515 1446 1571 vidisse
1492 1516 1720 1586 angelos
1761 1515 1906 1569 inter
1933 1526 1993 1569 se

406 1610 807 1674 colloquentes.
850 1621 915 1660 ac
943 1607 1160 1661 discere
1181 1608 1467 1675 cupientes
1489 1646 1505 1671 ,
1538 1616 1806 1677 quantum
1837 1605 1992 1661 futu-

411 1718 530 1755 rum
585 1701 657 1756 sit
718 1698 1023 1755 temerariae
1080 1698 1383 1767 impietatis
1446 1700 1889 1769 iniquitatisque,
1939 1707 1992 1754 et

409 1791 776 1847 desulationis
814 1791 1021 1858 templi,
1045 1798 1100 1844 et
1148 1790 1374 1846 minime
1422 1791 1652 1863 legitimi
1682 1791 1991 1846 detestabi-
2034 1853 2048 1864 α

2092 620 2111 653 ι
2150 600 2419 687 εὐωδοῦτο
2458 620 2478 653 ι
2518 600 2692 654 ταῦτα
2723 600 2913 654 ποιῶν.
2952 593 3107 665 Elea,

2161 773 2250 842 ιγ’.
2287 792 2307 826 ι
2340 775 2591 829 Ἤκουσά
2609 793 2756 840 τινος
2776 778 2797 811 ⁸
2827 777 2986 846 ἁγίου
3018 780 3040 811 ⁸
3063 778 3371 843 λαλοῦντος.
3398 782 3494 835 καὶ
3516 777 3673 834 εἶπεν

2087 862 2171 930 εἷς
2197 868 2352 937 ἅγιος
2406 867 2486 938 τῷ
2541 870 2805 939 φελμουνὶ
2853 871 2933 940 τῷ
2983 870 3235 925 λαλοῦντι
3256 888 3271 903 ο
3303 873 3447 937 Ἕως
3474 874 3603 927 πότε
3638 876 3670 944 ἠ

2086 958 2278 1027 ὅρασις
2317 957 2599 1027 στήσεται,
2656 958 2751 1011 καὶ
2813 960 2847 1030 ἡ
2908 958 3066 1012 θυσία
3109 960 3143 1029 ὴ
3203 958 3455 1031 ἀρθεῖσα,
3493 959 3588 1012 καὶ
3637 961 3671 1030 ἡ

2092 1049 2340 1121 ἁμαρτία
2371 1049 2471 1119 τῆς
2536 1048 2874 1121 ἐρημώσεως
2928 1051 2962 1121 ἡ
2999 1049 3235 1115 δοθεῖσα,
3261 1051 3355 1104 καὶ
3406 1050 3470 1103 τὸ
3496 1050 3670 1120 ἅγιον,

2091 1143 2187 1196 καὶ
2216 1141 2507 1213 ήδύναμις
2586 1143 3121 1214 συμπατηθήσεται;
3171 1163 3190 1197 ι
3259 1144 3335 1198 Τὸ
3378 1145 3674 1214 φελμουνὶ

2088 1234 2181 1287 τὸν
2229 1236 2365 1288 τινὰ
2434 1235 2780 1307 σημαίνειτῇ
2820 1236 3032 1290 Ἐλλάδι
3093 1240 3278 1308 φωνῇ’
3324 1240 3591 1309 μαρτυρεῖ
3617 1237 3675 1290 δὲ

2090 1325 2301 1389 τούτοις
2319 1327 2416 1379 καὶ
2442 1328 2476 1396 ή
2500 1326 2687 1397 Σύρων
2704 1327 2856 1398 φωνὴ
2871 1329 3250 1395 γειτνιάζουσα
3279 1332 3346 1401 τῇ
3381 1329 3611 1401 Ἐϐραίᾳ
3627 1332 3670 1384 ⁷.

2089 1418 2228 1488 Φησὶ
2257 1418 2438 1471 τοίνυν
2465 1419 2494 1470 ὁ
2531 1419 2802 1491 μακάριος
2836 1420 3056 1489 Δανιὴλ,
3090 1423 3170 1475 ὅτι
3205 1439 3225 1471 ι
3254 1421 3502 1475 Ἤκουσα
3528 1438 3676 1485 τινος

2092 1510 2251 1579 ἁγίου
2282 1510 2470 1581 ἕτερον
2510 1509 2664 1580 ἅγιον
2690 1512 3025 1584 ἐρωτῶντος.
3065 1533 3081 1564 ι
3110 1512 3279 1584 Δῆλον
3305 1513 3363 1567 δὲ
3391 1515 3475 1568 ὅτι
3511 1515 3676 1583 ἀγγέ-

2091 1602 2217 1665 λους
2259 1601 2679 1674 διαλεγομένους
2739 1606 2884 1676 όρᾷ⁸
2933 1610 3028 1659 καὶ
3075 1605 3429 1676 βουλομένους
3460 1607 3670 1676 μαθεῖν,

2094 1696 2261 1759 πόσος
2289 1696 2310 1728 ⁸
2343 1697 2491 1749 ἐστὶν
2524 1697 2765 1768 όχρὸνος
2801 1698 2903 1767 τῆς
2946 1697 3306 1770 τολμωμένης
3340 1694 3591 1763 ἀσεϐείας
3611 1716 3672 1753 τε

2098 1788 2190 1839 καὶ
2227 1786 2597 1859 παρανομίας,
2633 1790 2732 1857 τῆς
2758 1805 2815 1840 τε
2865 1788 2957 1842 τοῦ
2985 1790 3112 1841 ναοῦ
3156 1791 3414 1861 ἐρημίας,
3448 1791 3542 1844 καὶ
3577 1792 3676 1861 τῆς

410 1887 584 1955 lisque
608 1885 870 1940 sacriﬁcii
932 1894 1170 1956 tempus,
1204 1899 1268 1938 ac
1313 1884 1630 1956 tyrannidis
1656 1884 1832 1951 illius,
1882 1898 1990 1954 qua

2095 1878 2335 1949 ἀθέσμου
2358 1881 2452 1932 καὶ
2466 1878 2729 1951 βδελυρᾶς
2743 1878 2958 1945 θυσίας,
2986 1880 3197 1951 καὶτῆς
3222 1881 3316 1935 τοῦ
3348 1881 3479 1936 λαοῦ
3509 1899 3676 1936 κατα-

412 1978 649 2047 populus
682 1978 1055 2047 opprimetur;

484 2066 652 2125 Vens.
685 2068 775 2121 14.
814 2086 832 2118 ι
872 2067 937 2121 Et
957 2068 1097 2122 dixit
1123 2069 1197 2135 ei,
1223 2068 1403 2138 inquit
1433 2083 1445 2120 :
1481 2067 1671 2137 Usque
1705 2068 1770 2122 ad
1796 2082 1990 2136 vespe-

410 2176 525 2216 ram
556 2170 609 2215 et
637 2176 817 2223 mane,
849 2161 967 2214 dies
996 2160 1108 2215 duo
1134 2162 1287 2216 mille
1312 2169 1368 2216 et
1401 2162 1618 2230 1220
1653 2160 1912 2222 trecenti,
1937 2167 1993 2214 et

411 2251 739 2321 purgabitur
780 2260 1055 2307 sanctum.
1094 2270 1113 2303 ι
1165 2250 1447 2321 Vcsperam
1492 2252 1707 2306 vocavit
1755 2252 1989 2307 calami-

411 2350 584 2397 tatum
622 2342 859 2403 initium.
892 2353 946 2397 et
984 2359 1139 2397 mane
1188 2344 1571 2398 calamitatum
1627 2342 1813 2404 ﬁnem,
1858 2343 1990 2412 quia

410 2449 532 2505 qua:
562 2435 807 2489 dolorem
844 2434 1098 2501 aﬁ‘erunt;
1147 2449 1211 2489 ea
1253 2436 1402 2489 nocti
1453 2449 1518 2489 ac
1556 2433 1799 2489 tenebris
1833 2449 1987 2489 com-

413 2533 700 2595 parantur.
734 2525 775 2577 A
807 2524 1084 2595 praesenti,
1133 2525 1337 2594 inquit,
1391 2523 1549 2578 initio
1584 2524 1985 2588 calamitatum,

414 2633 590 2687 usque
616 2617 682 2672 ad
734 2615 896 2671 ﬁnem
934 2617 1231 2681 malorum,
1277 2624 1493 2670 tantum
1517 2616 1785 2686 temporis
1819 2617 1991 2669 inter-

411 2710 580 2766 cedit.
618 2709 684 2763 Et
715 2711 1018 2780 computati
1047 2710 1169 2765 dies
1199 2710 1252 2764 hi
1286 2709 1594 2764 secundum
1633 2708 1988 2765 Ilcbrazorum

416 2799 709 2864 rationem,
733 2814 831 2854 sex
863 2815 1128 2853 annorum
1164 2807 1219 2855 et
1248 2816 1345 2855 sex
1381 2801 1653 2854 mensium
1697 2812 1989 2853 numerum

419 2891 713 2960 perﬁciunt
744 2910 758 2946 :
795 2900 905 2946 tam
952 2892 1045 2947 diu
1086 2892 1232 2946 enim
1268 2899 1521 2963 grassata
1553 2899 1637 2947 cst
1670 2890 1991 2946 Judacorum

416 2983 723 3038 calamitas.

487 3074 655 3132 Vens.
691 3076 775 3132 15.
809 3096 828 3129 ι
862 3076 928 3132 Et
951 3076 1159 3132 factum
1186 3087 1294 3141 est,
1329 3076 1530 3146 inquit,
1566 3091 1693 3132 cum
1740 3074 1992 3132 viderem

2094 1969 2436 2035 δυναστείας.

2171 2061 2252 2115 ιδ’.
2283 2081 2301 2115 ι
2338 2063 2450 2116 Kal
2478 2058 2633 2117 εἶπεν
2662 2061 2831 2135 αὐτῷ,
2888 2064 3086 2136 φησίνο
3125 2065 3268 2130 Ἕως
3304 2063 3543 2137 ἑσπέρας
3581 2063 3674 2118 καὶ

2096 2154 2263 2226 πρωῒ,
2285 2155 2491 2226 ἡμέραι
2513 2157 2772 2227 δισχίλιαι
2803 2158 2900 2210 καὶ
2941 2157 3256 2229 τριακόσιαι
3290 2159 3357 2225 ¹⁰,
3382 2158 3477 2210 καὶ
3506 2156 3676 2210 καθα·-

2096 2248 2413 2320 ρισθήσεται
2443 2249 2506 2303 τὸ
2527 2249 2702 2318 ἆγιον.
2729 2269 2749 2303 ι
2780 2251 3086 2320 Ἑσπέραν
3110 2252 3167 2306 δὲ
3194 2250 3421 2306 ἐκάλεσε
3449 2251 3548 2321 τὴν
3574 2250 3673 2321 ἀρ-

2093 2340 2195 2411 χὴν
2221 2341 2331 2395 τῶν
2356 2343 2673 2414 συμφορῶν,
2706 2345 2861 2412 πρωϊ
2875 2345 2933 2398 δὲ
2960 2343 3188 2407 τὸτέλος
3217 2343 3328 2398 τῶν
3359 2341 3673 2414 συμφορῶν·

2093 2431 2284 2504 ἐπειδὴ
2317 2435 2472 2487 νυκτὶ
2492 2435 2586 2487 καὶ
2628 2435 2807 2505 σκότῳ
2833 2434 2995 2506 ἐῴκει
3022 2435 3092 2489 τὰ
3128 2434 3369 2507 λυπηρά.
3416 2434 3550 2488 Ἀπὸ
3580 2432 3673 2488 τοῦ

2095 2521 2191 2576 νῦν
2228 2523 2295 2589 η,
2343 2526 2498 2594 φησὶ.
2532 2526 2631 2596 τῆς
2684 2526 2863 2596 ἀρχῆς
2909 2526 3018 2581 τῶν
3066 2527 3274 2593 κακῶν,
3338 2526 3444 2591 ἓως
3487 2525 3676 2590 τέλους

2092 2615 2251 2679 τόσος
2280 2616 2340 2669 τέ
2371 2618 2488 2670 ἐστι
2517 2619 2727 2689 χρόνος.
2752 2617 3135 2689 Ψηφιζὸμεναι
3174 2618 3231 2672 δὲ
3259 2619 3316 2672 ai
3341 2617 3545 2689 ἡμέραι
3580 2612 3677 2672 αῦ-

2090 2723 2182 2762 ται
2215 2708 2460 2762 ποιοῦσιν
2488 2708 2549 2773 ἒξ
2597 2710 2734 2763 ὲτῶν
2780 2710 3036 2782 ἀριθμὸν,
3074 2712 3170 2766 καὶ
3210 2711 3270 2779 ἓξ
3298 2711 3506 2783 μηνῶν,
3534 2711 3677 2767 κατὲ

2091 2801 2192 2870 τὴν
2241 2800 2510 2872 Ἐϐραίων
2534 2801 2715 2872 ψῆφον
2738 2818 2752 2832 ⁸
2807 2804 3061 2858 τοσοῦτον
3099 2804 3205 2877 γὰρ
3253 2804 3523 2877 ἐκράτησε
3551 2805 3677 2877 χρό-

2093 2908 2184 2947 νον
2203 2890 2312 2949 τῶν
2350 2893 2622 2949 Ἰουδαίων
2644 2895 2669 2966 ἡ
2700 2894 2974 2969 συμφορά.

2171 3074 2254 3121 ιε’.
2283 3086 2302 3119 ι
2334 3069 2443 3121 Καὶ
2491 3069 2730 3136 ἐγένετο,
2789 3070 2978 3141 φησὶν,
3028 3074 3089 3126 ὲν
3139 3071 3215 3142 τῷ
3264 3071 3392 3126 ίδεῖν
3440 3088 3530 3143 με,
3569 3070 3677 3140 ἐγὼ

417 3183 521 3239 ego
552 3167 739 3223 Daniel
775 3170 1064 3236 visionem,
1121 3169 1433 3239 quaerebam
1477 3168 1930 3239 intelligentiam.
1971 3186 1988 3216 ι

2096 3155 2316 3228 Δανιὴλ,
2343 3158 2443 3227 τὴν
2465 3159 2677 3229 ὅρασιν,
2704 3162 2930 3233 ἐζήτουν
2958 3162 3192 3217 σύνεσιν.
3230 3182 3249 3215 ι
3279 3162 3486 3226 Ταῦτα,
3520 3166 3669 3234 φησὶ,

2101 3247 2436 3273 n-__.'..--_.--
2500 3254 2731 3273 _-.-.-!_.-__
2765 3254 2849 3273 _.,\
2892 3272 2913 3273 η
2936 3254 2991 3273 μΛ
3026 3257 3048 3272 ο
3092 3257 3115 3273 ις
3184 3272 3187 3273 ,
3228 3255 3292 3273 ρει
3382 3256 3439 3273 ορ
3504 3256 3523 3273 ς
3548 3257 3559 3273 ο

421 3257 541 3324 liis,
598 3259 796 3328 inquit,
855 3260 1205 3331 conspectis,
1263 3258 1570 3330 intelligere
1631 3267 1685 3312 et
1738 3265 1993 3311 accurate

2101 3247 2459 3318 θεασάμενος,
2496 3254 2734 3305 συνεῖναι
2764 3254 2858 3307 καὶ
2886 3254 3077 3324 μαθεῖν
3092 3255 3334 3327 ἀκριϐῶς
3378 3256 3672 3326 ἐϐουλόμην

419 3352 715 3422 percipere
746 3353 1061 3423 cupiebam,
1094 3367 1217 3423 quae
1261 3369 1355 3423 per
1386 3352 1503 3406 haec
1544 3350 1997 3421 signiﬁcarentur

419 3444 729 3515 aenigmata.
771 3462 790 3495 ι
825 3445 891 3497 Et
921 3458 1050 3500 ecce
1084 3445 1237 3500 stetit
1274 3445 1328 3497 in
1365 3451 1670 3512 conspectu
1696 3456 1817 3497 meo
1834 3439 1995 3510 quasi

422 3534 561 3588 visio
589 3533 710 3589 viri.
753 3553 772 3586 ι
817 3532 1079 3600 Videbar,
1131 3535 1331 3604 inquit,
1383 3534 1515 3587 mihi
1566 3533 1753 3587 videre
1793 3524 1989 3585 virum.

494 3623 657 3677 Vens.
682 3621 795 3677 46.‘
831 3640 850 3674 ι
889 3623 953 3676 Et
982 3624 1166 3678 audivi
1193 3638 1387 3677 vocem
1414 3622 1517 3678 viri
1543 3622 1597 3676 in
1624 3621 1807 3677 medio
1835 3619 1995 3688 Ubal,

419 3723 472 3768 ct
497 3715 715 3767 vocavit
743 3729 806 3767 ac
846 3713 1025 3778 dixit,
1061 3713 1327 3768 Gabriel!
1361 3712 1447 3767 fac
1491 3713 1646 3767 illum
1691 3711 1999 3779 intelligere

425 3807 712 3861 visionem.
755 3823 772 3855 ι
805 3806 1004 3860 Audivi
1034 3807 1198 3860 etiam
1238 3805 1406 3859 alium
1436 3805 1726 3874 quemdam
1757 3805 1998 3857 humana

2100 3340 2175 3392 τὰ
2200 3339 2288 3395 διὰ
2315 3340 2521 3396 τούτων
2561 3346 2934 3416 σημαινόμενα
2984 3348 3094 3403 τῶν
3142 3349 3493 3422 αἰνιγμάτων.
3526 3368 3545 3401 ι
3569 3348 3677 3402 Kal.

2106 3429 2216 3484 ίδοὺ
2277 3430 2407 3503 ἔστη
2448 3433 2679 3517 ὲνῴπιόν
2730 3455 2831 3506 μου
2883 3439 2959 3502 ὡς
3006 3441 3194 3512 ὅρασις
3257 3443 3467 3514 ἀνδρός.
3510 3462 3530 3493 ι
3570 3442 3677 3495 Καὶ

2101 3521 2344 3589 ἐδόκουν,
2377 3525 2563 3594 φησὶν,
2597 3525 2777 3597 ἄνδρα
2803 3529 3048 3601 θεωρεῖν.

2175 3620 2269 3677 ις’.
2306 3630 2324 3665 ι
2367 3615 2476 3669 Kal.
2514 3617 2726 3685 ηκουσα
2780 3621 2966 3693 φωνὴν
3018 3623 3210 3695 ἀνδρὸς
3266 3625 3540 3696 ἁναμέσον
3581 3625 3675 3679 τοῦ

2100 3707 2303 3771 Ούϐὰλ,
2345 3709 2440 3761 καὶ
2477 3709 2725 3771 ἐκάλεσε.
2780 3714 2874 3767 καὶ
2930 3712 3083 3769 εἷπε·
3113 3717 3373 3789 Γαϐριὴλ,
3400 3719 3677 3773 συνέτισον

2097 3797 2305 3850 ἐκεῖνον
2334 3797 2431 3868 τὴν
2469 3800 2679 3870 ὅρασιν.
2715 3821 2734 3854 ι
2764 3804 3011 3861 Ἤκουσα
3034 3807 3090 3860 δὲ
3118 3808 3213 3862 καὶ
3256 3810 3442 3880 ἑτέρου
3464 3813 3606 3874 τινὸς
3634 3812 3675 3842 ¹¹

423 3911 556 3952 voce
595 3901 857 3962 utentem,
910 3905 965 3951 et
1016 3896 1373 3967 imperantem
1435 3897 1485 3951 ei
1550 3897 1641 3966 qui
1706 3894 1993 3952 assistebat

2097 3887 2417 3959 ἀνθρωπεία
2434 3890 2715 3961 χρωμένου
2736 3894 2779 3926 ¹³
2794 3900 2968 3967 φωνῇ,
3008 3899 3104 3953 καὶ
3128 3899 3483 3965 κελεύσαντος
3502 3902 3593 3955 τὸν
3633 3902 3676 3935 ³⁸

425 3986 579 4050 mihi,
611 4001 770 4055 quem
823 3986 1133 4043 Gabrielem
1183 4002 1407 4058 quoque
1449 3988 1781 4055 nominavit,
1819 3995 1878 4041 ut
1910 3986 1997 4040 in-

425 4087 816 4147 terpretaretur
865 4078 996 4133 mihi
1039 4078 1397 4136 revelationis
1443 4080 1758 4149 aenigmata.
1794 4079 1871 4134 Ex
1925 4079 1999 4134 iis

423 4169 587 4223 etiam
621 4184 742 4239 quae
772 4169 918 4224 dicta
951 4179 1079 4224 sunt
1114 4170 1314 4242 conjici
1366 4177 1570 4242 potest,
1606 4186 1734 4226 eum
1766 4170 1855 4239 qui
1904 4169 1996 4239 ju-

424 4259 605 4323 bebat,
639 4259 930 4315 Dominum
965 4260 1157 4318 fuisse.

498 4348 657 4405 Vens.
688 4350 771 4403 i7.
809 4369 828 4402 ι
875 4349 941 4404 Et
993 4353 1179 4420 venit,
1238 4352 1453 4422 inquit,
1511 4359 1568 4405 et
1635 4353 1790 4407 stetit
1835 4349 1996 4421 juxta

423 4443 715 4496 stationem
746 4458 942 4496 meam.
980 4460 999 4496 ι
1034 4442 1256 4505 Statim,
1288 4444 1490 4517 inquit,
1519 4444 1715 4513 jussus
1741 4446 1911 4510 venit,
1942 4451 1999 4498 et

2099 3980 2428 4050 παρεστῶτα
2462 3999 2573 4054 μοι,
2602 3983 2661 4036 δν
2676 3985 2770 4038 καὶ
2797 3987 3036 4061 Γαϐριὴλ
3069 3990 3372 4062 ὠνόμασεν,
3406 3993 3675 4064 έρμηνεῦ⁸

2102 4069 2194 4123 σαί
2226 4087 2317 4139 μοι
2349 4072 2449 4143 τῆς
2504 4075 2902 4148 ἀποκαλύψεως
2954 4081 3025 4135 τὰ
3070 4082 3392 4156 αἰνίγματα.
3430 4086 3588 4140 Ἐστι
3618 4086 3675 4140 δὲ

2096 4161 2189 4214 καὶ
2212 4162 2255 4193 ⁸⁵
2272 4162 2338 4216 ὲκ
2365 4163 2475 4217 τῶν
2491 4167 2797 4237 εἰρημένων
2822 4173 3227 4244 τεκμήρασθαι,
3255 4177 3340 4231 ὅτι
3368 4178 3395 4230 ό
3413 4178 3675 4243 κελεύσας

2094 4253 2124 4306 ό
2151 4254 2431 4326 Δεσπότης
2458 4257 2597 4312 ἐστί.

2169 4346 2252 4411 ιζ’.
2288 4367 2306 4400 ι
2343 4349 2454 4403 Καὶ
2482 4344 2635 4420 ἦλθε,
2691 4353 2848 4424 φησὶ,
2889 4357 2983 4411 καὶ
3021 4358 3150 4433 ἔστη
3173 4361 3218 4396 ⁸⁸
3249 4362 3487 4434 ἐχόμενα
3515 4363 3554 4397 ³⁷
3577 4363 3674 4435 τῆς

2098 4438 2340 4503 στάσεώς
2392 4458 2518 4510 μου.
2572 4461 2591 4494 ι
2629 4443 2952 4516 Παραυτίκα
3009 4452 3073 4519 ³⁸,
3121 4455 3274 4525 φησὶ,
3314 4457 3675 4528 προσταχθεὶς

422 4547 593 4603 prope
627 4548 710 4587 me
742 4536 947 4592 stetim
978 4534 1190 4590 Etcum
1218 4535 1433 4589 veniret
1458 4536 1595 4605 ipse,
1627 4536 1908 4605 obstupui,
1940 4541 1993 4588 et

2099 4529 2347 4621 ἀφίκετο,
2384 4532 2478 4584 καὶ
2511 4533 2736 4605 πλησίον
2770 4555 2873 4608 μου
2932 4541 3082 4617 ἔστη.
3118 4563 3138 4597 ι
3176 4547 3283 4600 Καὶ
3313 4549 3467 4621 ὲντῷ
3499 4550 3674 4604 ἐλθεῖν

424 4622 651 4692 procido
678 4624 732 4678 in
764 4625 958 4679 faciem
990 4639 1187 4680 meam.
1229 4644 1248 4677 ι
1288 4624 1577 4681 Sufﬁciunt
1607 4625 1720 4681 haec
1751 4624 1818 4680 ad
1869 4638 2001 4679 con-

424 4712 749 4769 vincendum
787 4714 1044 4770 Eunomii
1081 4713 1302 4781 fastum,
1331 4716 1424 4785 qui
1458 4717 1631 4786 ipsam
1670 4715 1764 4770 Dei
1807 4730 1999 4769 essen-

343 4805 348 4809 “
424 4804 553 4857 tiam
587 4821 647 4860 se
678 4821 1011 4878 cognoscere
1060 4817 1390 4877 arroganter
1435 4808 1675 4877 jactitat.
1743 4805 1801 4861 Si
1851 4807 1997 4862 enim

425 4896 742 4967 angelorum
811 4896 1367 4967 contemplationem,
1433 4898 1796 4968 eamdemque
1866 4912 1997 4952 con-

426 4988 741 5058 templantis
766 4989 978 5043 viribus
1002 4990 1494 5052 accommodatam,
1523 4996 1708 5041 tantus
1730 4987 1994 5059 propheta

427 5095 534 5134 non
564 5079 708 5147 tulit,
738 5081 946 5149 1221
974 5079 1109 5150 quid
1152 5081 1327 5150 magis
1361 5078 1591 5146 impium
1627 5086 1724 5132 aut
1749 5078 1993 5133 detesta-

424 5169 591 5225 bilius
622 5171 687 5224 iis
723 5172 817 5240 qui
863 5172 1173 5241 gloriantur
1227 5170 1471 5225 divinam
1510 5185 1571 5225 se
1609 5171 1828 5227 novisse
1859 5171 1992 5227 sub-

424 5260 728 5316 stantiam?
769 5262 875 5318 Sed
903 5262 968 5317 ad
1023 5262 1369 5335 propositum
1433 5271 1795 5317 revertamur.
1843 5279 1863 5314 ι
1927 5260 1994 5317 Ει

2100 4618 2635 4711 α-ὐτδνιὲθαμϐήθην,
2678 4628 2773 4681 καὶ
2802 4630 2990 4687 πίπτω
3031 4636 3125 4689 ἐπὶ
3159 4618 3452 4708 πρόσωπόν
3485 4657 3609 4711 μου.
3647 4660 3666 4693 ι

2108 4707 2292 4803 ’ίκανὰ
2320 4708 2613 4803 ταῦταᾲτὸν
2647 4714 2918 4791 Εὐνομίου
2953 4722 3122 4794 τῦφον
3151 4707 3388 4798 ἐλέγξαι,
3422 4707 3672 4803 δςγαύτὴν

2098 4799 2295 4895 εἰδέναι
2352 4798 2447 4895 τοῦ
2483 4801 2630 4895 Δ«θεοῦ
2679 4807 2779 4880 τὴν
2804 4812 2994 4869 οὐσίαν
3027 4816 3432 4884 ἀλαζονεύεται.
3463 4823 3527 4876 Εί
3564 4798 3673 4895 γάρ

2097 4890 2345 4986 ἀγγέλξυγ
2370 4890 2412 4926 ¹⁹
2443 4892 2542 4986 τὴν
2591 4897 2844 4974 θεωρίαν,
2895 4908 2990 4962 καὶ
3048 4908 3252 4981 ταύτην
3299 4890 3672 4986 μετρουμένην

2100 4987 2167 5057 τῇ
2192 4982 2285 5036 τοῦ
2313 4982 2647 5055 θεωροῦντος
2670 4990 2919 5069 δυνάμει,
2945 5000 3243 5067 ότοσοῦτος
3269 4982 3553 5075 προςρήτης
3573 4982 3671 5059 οῦκ

2100 5083 2320 5154 ῇνεγκε,
2374 5078 2426 5132 τί
2473 5080 2962 5165 δυσσεϐέστερονῆ
3004 5093 3416 5168 βδελυττότερον
3472 5100 3517 5132 ’θ
3562 5101 3671 5153 τῶν

2097 5172 2267 5243 αὐτὴν
2296 5168 2496 5224 είδέναι
2528 5174 2621 5228 τοῦ
2653 5177 2789 5234 Θεοῦ
2833 5183 2932 5254 τὴν
2983 5184 3173 5240 οὐσίαν
3219 5190 3667 5260 σεμνυνομένωνς

2097 5265 2213 5319 ἀλλ’
2242 5266 2337 5319 ἐπὶ
2370 5269 2432 5324 τὸ
2482 5269 2842 5340 προκείμενον
2889 5274 3299 5350 ἐπανέλθωμεν.
3337 5297 3357 5331 ι
3392 5281 3505 5335 Kal.
3547 5276 3668 5334 εἶπε

1728 5444 1960 5504 νΑΙῖῘλΕ
1999 5449 2292 5509 LECTION
2301 5452 2409 5514 ES.

494 5574 515 5604 ⁸
548 5573 708 5636 τινός,
743 5575 947 5648 Α’ένός.
1051 5574 1193 5648 “pay.
1222 5577 1265 5630 B
1288 5578 1539 5648 ἀγγέλου.

1638 5584 1659 5617 ⁷
1774 5583 2032 5661 Ἐϐραΐδι.
2109 5587 2131 5618 ⁸
2165 5588 2204 5640 Β
2255 5591 2419 5661 έώρα.

2497 5593 2517 5624 ⁸
2547 5594 2589 5646 Β
2618 5594 2790 5664 ποῖος,
2826 5595 3066 5664 ascripta
3097 5603 3278 5654 tamen
3318 5600 3552 5657 lectione
3575 5603 3673 5656 πό-

422 5645 1019 5731 στος-’,νρνοιῖτοξτὸςαιιι
1048 5645 1410 5731 videbam-"'2
1433 5654 1475 5705 Β
1504 5645 2004 5731 τετρακόσιαιξ-βοιι
2049 5667 2238 5731 contra
2271 5645 2433 5716 Ilébr.
2513 5664 2555 5694 “
2588 5645 2681 5715 τοῦ
2709 5645 3665 5731 .69."aeaKJVJ’Wi'l:542213356.

422 5711 607 5780 φησίν.
687 5715 730 5745 ¹³
774 5715 816 5765 Β
853 5715 1218 5783 χρησαμένου.
1298 5719 1342 5751 ¹⁸
1371 5721 1413 5772 Β
1454 5711 1798 5788 καλέσαντος.

424 5780 464 5830 Β
493 5796 677 5830 unum.
708 5782 820 5830 καί.
900 5782 940 5813 ¹⁹
967 5784 1007 5830 Β
1036 5786 1282 5830 ἀνγέληῑι
1359 5792 1403 5822 ιο
1436 5792 1476 5830 R
1506 5791 1796 5830 manus"

492 5796 677 5851 prazm.
708 5782 820 5834 καί.
900 5782 940 5813 ¹⁹
967 5784 1007 5834 Β
1036 5782 1285 5854 ἀγγέλου.
1359 5792 1403 5822 ²⁰
1432 5792 1476 5844 Β
1505 5782 1911 5866 βδελυρώτερος.

1882 5724 1923 5756 ¹¹
1963 5727 2073 5785 καί.
2118 5726 2240 5785 Des.
2283 5731 2337 5784 in
2372 5731 2433 5788 Β.
2512 5732 2556 5764 ⁸⁸
2585 5734 2626 5785 Β
2654 5733 2872 5805 ἐστάθη.

2944 5735 2982 5767 ¹⁷
3013 5737 3058 5788 Α
3095 5736 3371 5809 ἐχόμενος.
3450 5742 3492 5776 ¹³
3523 5743 3664 5814 Περ.
