4092 6400
448 456 591 537 1457
1685 467 1770 528 IN
1811 465 2172 528 DANIELIS
2207 464 2366 526 CAP.
2400 463 2502 527 iX.
3571 446 3712 522 1458

446 582 674 656 Περσῶν
731 570 1140 654 ἀναδησαμένου
1194 579 1413 652 κράτος,
1447 579 1541 634 τοῦ
1578 581 1773 652 χρόνου
1810 599 2021 653 μνημον
2055 626 2062 642 λ

2087 608 2097 643 ι
2127 579 2373 634 cbariam
2400 578 2571 632 lilium
2604 575 2909 643 Baracbite,
2933 573 3025 631 lilii
3053 573 3235 641 Addo,
3263 572 3588 646 prophetam
3621 576 3703 629 κδ

445 668 644 737 νεύσας
672 673 700 725 6
752 673 1071 744 προφήτηςθ
1097 691 1117 725 ι
1161 672 1240 743 Τῇ
1301 671 1519 741 τετράδι
1572 672 1700 743 γὰρ,
1747 672 1901 742 φησί,
1933 672 2027 726 καὶ

2131 671 2195 725 Et
2242 670 2404 740 paulo
2452 678 2577 739 post
2629 666 2880 736 adjecit:
2942 686 2961 720 ι
3019 666 3086 721 Et
3142 664 3428 738 respondit
3478 664 3708 735 angelus

447 766 625 820 εἰκάδι
674 764 768 818 τοῦ
815 764 1102 819 ἑνδεκάτου
1141 763 1333 835 μηνὸς,
1364 758 1515 828 οὗτός
1546 765 1694 818 ἐστιν
1733 765 1761 816 6
1789 766 1893 837 μὴν
1920 765 2027 819 Σα-

2129 758 2367 826 Domini,
2410 765 2465 814 et
2506 757 2688 813 dixit:
2715 756 2945 813 Domine
2989 756 3363 828 omnipotens,
3412 757 3708 824 usquequ‘o

448 857 572 923 ὁὰτ,
606 856 665 909 ὲν
693 853 772 925 τῷ
795 855 1034 927 δευτέρῳ
1067 854 1176 909 ἔτει
1204 855 1297 910 ἐπὶ
1345 856 1594 925 Δαρείου,
1625 854 1844 924 ἐγένετο
1871 856 2031 924 λόγος

2130 869 2238 907 non
2293 851 2647 908 misereberis
2708 848 3128 922 Hierosolyma,
3176 856 3231 905 et
3275 846 3498 903 urbium
3552 843 3709 902 Judm

449 948 655 1020 Κυρίου
698 949 838 1019 πρὸς
885 948 1164 1020 Ζαχαρίαν
1203 949 1296 1002 τὸν
1343 949 1635 1021 Βαραχίου,
1682 948 1800 1002 υἱοῦ
1840 948 2025 1009 Ἀδδὼ.

2128 961 2267 1015 quas
2301 945 2600 1016 sprevisti?
2629 945 2734 1000 iste
2768 944 3217 1015 septuagesimus
3252 950 3336 998 est
3377 956 3559 997 annus
3610 938 3654 993 ι.
3684 960 3701 991 ι

447 1041 540 1095 τὸν
569 1042 876 1113 προφήτην.
923 1060 941 1093 ι
972 1041 1081 1093 Καὶ
1127 1041 1377 1112 ἐπήγαγε
1408 1041 1547 1111 μετὰ
1584 1040 1790 1112 βραχέα
1814 1056 1829 1071 ο
1869 1060 1888 1092 ι
1916 1042 2029 1094 Καὶ

2129 1038 2197 1094 Et
2228 1038 2479 1093 nonnulli
2512 1038 2735 1108 quidem
2767 1053 2834 1093 ex
2862 1038 2931 1092 iis
2961 1037 3055 1107 qui
3087 1033 3491 1091 incredulitatis
3511 1034 3707 1089 morbo

448 1131 722 1203 ἀπεκρίθη
754 1133 783 1185 6
814 1131 1046 1200 ἄγγελος
1091 1131 1321 1203 Κυρίου,
1364 1132 1461 1186 καὶ
1498 1127 1653 1186 εἴπεο
1696 1132 1868 1203 Κύριε
1893 1149 2030 1187 ιινιαν⁶

2128 1132 2402 1197 laborant,
2441 1131 2663 1202 1228
2687 1137 2914 1187 sanctos
2963 1130 3108 1185 inter
3142 1144 3203 1185 se
3244 1129 3543 1200 prophetas
3570 1127 3722 1182 -dis-'

448 1222 757 1293 τοκράτωρ,
784 1221 891 1286 ἓως
911 1221 1058 1285 τίνος
1070 1222 1232 1294 ούδμὴ
1248 1221 1479 1294 ἐλεήσῃς
1507 1222 1608 1293 τὴν
1648 1222 2026 1294 Ἰερουσαλὴμ,

2129 1223 2337 1280 sentire
2371 1226 2672 1294 Opinantur
2704 1241 2718 1278 :
2755 1224 2849 1293 qui
2885 1237 3018 1278 vero
3046 1221 3222 1277 sacris
3265 1222 3321 1275 in
3354 1218 3708 1277 sermonibus

451 1315 544 1366 καὶ
572 1311 671 1377 τὰς
705 1313 889 1377 πόλεις
932 1312 1104 1368 ’ἰούδα
1138 1314 1206 1377 ἃς
1235 1314 1541 1386 περιεῖδες;
1580 1314 1750 1368 Τοῦτο
1795 1315 2029 1388 ἑϐδομη-

2129 1316 2349 1371 educati
2395 1322 2548 1381 sunt,
2586 1314 2793 1370 divina
2824 1313 3000 1385 gratia
3052 1313 3335 1378 illustrati,
3387 1320 3705 1368 sanctorum

449 1404 642 1458 κοστὸν
663 1403 801 1469 ἔτος.
840 1423 859 1456 ι
894 1405 1004 1459 Καί
1034 1422 1181 1470 τινες
1230 1407 1327 1478 μὲν
1360 1405 1470 1460 τῶν
1530 1407 1789 1462 ἀπιστίαν
1812 1406 2030 1462 νοσούνο

2130 1408 2530 1479 prophetarum
2579 1407 2871 1463 inveniunt
2912 1420 3274 1462 consensum.
3328 1404 3443 1476 Age
3498 1404 3704 1473 itaque,

448 1512 557 1549 των
589 1498 879 1565 διαφωνεῖν
911 1500 1040 1563 τοὺς
1076 1500 1268 1569 ἁγίους
1301 1499 1583 1570 νομίζουσι
1613 1502 1898 1573 προφήτας
1930 1519 1943 1532 ·
1977 1502 2028 1555 οἱ

2140 1499 2226 1554 illo
2248 1497 2550 1573 splendore
2583 1499 2841 1570 precibus
2874 1503 3132 1564 exorato,
3169 1496 3384 1567 ignaris
3420 1510 3547 1550 eum
3584 1510 3744 1573 ρετ-1

449 1589 508 1641 δὲ
538 1590 644 1651 τοῖς
670 1561 834 1661 ίεροτς
870 1561 1051 1659 λόγοις
1106 1561 1558 1663 έπεθραμμένοι,
1616 1561 1844 1665 ’της
1878 1561 2035 1659 θείας

2142 1561 2384 1664 spicuitm
2426 1561 2719 1648 faciamus.
2748 1591 2900 1647 Idem
2931 1561 3466 1663 igiturvca'ptivitatis
3494 1561 3758 1675 templis§~

451 1681 812 1753 φωτιζόμενοι
840 1682 1085 1755 χάριτος,
1138 1684 1240 1756 τὴν
1272 1685 1384 1739 τῶν
1409 1686 1581 1754 ἁγίων
1608 1686 1906 1758 προφητῶν
1937 1688 2033 1742 εύ-

2131 1699 2326 1741 omnes
2357 1685 2520 1755 plane
2554 1701 2661 1740 non
2691 1685 3073 1755 discrepantes
3107 1698 3362 1755 posuere,
3394 1692 3449 1739 et
3482 1684 3709 1751 divinus

456 1772 702 1840 ρίσκουσι
759 1777 1102 1849 συμφωνίαν.
1147 1779 1287 1850 Φέρε
1331 1779 1533 1846 τοίνυν,
1579 1780 1796 1850 ἐκείνης
1837 1781 1883 1813 ⁸⁸
1932 1780 2035 1852 τῆς

2131 1775 2423 1843 Jercmias,
2459 1787 2514 1834 et
2540 1778 2764 1836 divinus
2798 1777 3126 1844 Zacharias,
3167 1787 3220 1834 et
3250 1777 3445 1832 beatus
3480 1774 3708 1839 Esdras,

452 1864 646 1937 αἴγλης
664 1871 848 1938 τυχεῖν
869 1869 1266 1934 ἱκετεύσαντες,
1305 1870 1473 1942 δήλην
1514 1871 1685 1942 αὐτὴν
1721 1875 1836 1935 τοῖς
1874 1875 2033 1941 ἀγνο-

2090 1939 2096 1942 »
2134 1869 2188 1923 in
2216 1870 2619 1940 septuagesimo
2649 1873 2669 1895 '
2702 1886 2936 1927 numero
2966 1885 3159 1926 omnes
3194 1884 3532 1925 consensere
3562 1889 3575 1924 ς
3614 1869 3706 1923 sed

451 1957 574 2011 οὖσι
601 1960 941 2032 ποιήσωμεν.
972 1961 1078 2015 Τδν
1121 1962 1223 2033 μὲν
1272 1939 1366 2016 οῦν
1393 1939 1587 2033 χρόνον
1620 1939 1722 2034 τῆς
1749 1939 2032 2035 αἰχμαλω-
2066 1944 2067 1947 Ἴ

2092 1939 2111 1998 ι
2138 1975 2246 2014 non
2284 1960 2353 2015 ab
2385 1961 2581 2018 iisdem
2621 1963 2964 2033 temporibus
2987 1978 3181 2018 omnes
3210 1977 3503 2016 numerare
3524 1961 3708 2015 exorsi

456 2050 577 2113 σίας
607 2051 912 2122 συμφώνως
940 2052 1257 2109 τεθείκασιν
1309 2055 1621 2120 ἆπαντες,ὅ
1658 2074 1714 2110 τε
1753 2055 1893 2120 θεῖος
1935 2056 2033 2110 Ἱε-

2137 2053 2242 2108 hoc
2270 2061 2509 2124 tempus,
2542 2054 2632 2108 alii
2658 2054 2713 2109 in
2744 2052 2911 2127 Cyro,
2946 2055 3036 2110 alii
3074 2056 3129 2110 in
3151 2053 3318 2109 Dario
3349 2053 3497 2108 liunc
3529 2054 3707 2123 ipsum

454 2140 669 2211 ρεμίας,
698 2143 726 2196 ὅ
777 2161 834 2198 τε
882 2144 1170 2209 θεσπέσιος
1211 2148 1506 2219 Ζαχαρίας,
1565 2150 1658 2203 καὶ
1699 2151 1727 2204 6
1765 2150 2053 2222 μακάριος

2136 2159 2429 2201 numerum
2478 2145 2735 2227 desinere
2788 2144 3070 2201 dixerunt.
3124 2145 3325 2202 Beatus
3368 2144 3512 2200 enim
3562 2143 3707 2199 lere-

454 2232 727 2304 Ἔσδρας
773 2235 867 2289 τὸν
916 2237 1422 2312 ὲὸδομηκοντούτην
1448 2240 1557 2312 γὰρ
1601 2241 1832 2312 ἀριθμὸν
1858 2242 2035 2296 τεθεί-

2135 2239 2307 2305 mias,
2341 2244 2395 2293 et
2441 2237 2671 2303 Esdras,
2716 2252 2747 2292 a
2783 2238 2974 2309 primae
3009 2239 3349 2310 captivitatis
3400 2239 3556 2293 initio
3610 2253 3708 2292 tm-

451 2340 609 2377 κασιν
664 2325 937 2390 ἅπαντες·
998 2329 1098 2382 οὐκ
1157 2331 1265 2384 ἀπὸ
1318 2332 1430 2384 τῶν
1480 2333 1659 2388 αὐτῶν
1711 2333 1769 2388 δὲ
1826 2335 2034 2406 καιρῶν

2134 2335 2438 2394 merantes,
2468 2328 2593 2399 jure
2629 2343 2804 2399 usque
2840 2329 2908 2384 ad
2945 2328 3146 2402 Cyrum
3198 2328 3490 2385 Persarum
3527 2342 3708 2397 regem

449 2415 701 2485 ἀριθμεῖν
736 2418 780 2450 ⁸⁸
804 2418 1099 2491 ἀρχόμενοι
1156 2419 1345 2475 τοῦτον
1389 2422 1481 2476 τὸν
1507 2424 1719 2495 χρόνον,
1747 2427 1795 2478 οἰ
1824 2423 1923 2495 μὲν
1953 2426 2034 2489 εἰς

2136 2422 2489 2494 septuaginta
2553 2422 2826 2479 deﬁniunt
2882 2438 3078 2478 annos.
3150 2421 3258 2478 Sed
3320 2419 3711 2477 sanctissimus

452 2506 653 2578 Κῦρον,
683 2509 731 2561 οἱ
764 2508 821 2562 δὲ
849 2512 928 2573 εἰς
972 2513 1218 2582 Δαρεῖον,
1248 2512 1438 2567 τοῦτον
1465 2515 1797 2587 καταλήγειν
1825 2515 2034 2584 ἔφασαν

2136 2514 2433 2570 Zarharias
2467 2528 2497 2568 a
2548 2514 2854 2570 novissima
2907 2514 3215 2581 obsidione,
3291 2527 3400 2584 qua
3462 2511 3711 2567 funditus

457 2595 544 2649 τὸν
573 2597 821 2670 ἀριθμόν.
840 2600 903 2653 Οί
937 2601 1035 2671 μὲν
1056 2603 1165 2673 γὰρ
1205 2604 1335 2673 περὶ
1351 2603 1444 2657 τὸν
1467 2604 1735 2675 μακάριον
1765 2605 2033 2678 Ἱερεμίαν

2135 2606 2416 2674 interiere,
2455 2621 2781 2671 numerans,
2837 2606 3185 2678 septuaginta
3221 2618 3488 2662 annorum
3520 2619 3713 2660 nume-

455 2687 543 2741 καὶ
576 2690 830 2762 Ἔσδραν,
865 2692 973 2746 ἀπὸ
999 2694 1099 2764 τῆς
1119 2695 1296 2767 ἀρχῆς
1317 2697 1416 2767 τῆς
1434 2695 1656 2767 πρώτης
1676 2695 1724 2729 ⁷ο
1752 2698 2034 2768 αἰχμαλω-

2134 2714 2257 2756 rum
2300 2706 2567 2770 regnante
2612 2698 2777 2754 Dario
2812 2698 3104 2754 Persarum
3140 2712 3267 2770 rege
3300 2697 3507 2768 expleri
3562 2711 3714 2752 asse-

453 2778 571 2842 σίας
593 2780 971 2852 ἀριθμοῦντες,
1002 2784 1227 2847 εἰκότως
1253 2784 1415 2857 μέχρι
1448 2785 1655 2857 Κύρου,
1686 2785 1781 2839 τοῦ
1805 2788 2034 2855 Περσῶν

2135 2792 2281 2847 ruit:
2315 2806 2506 2847 revera
2551 2790 2720 2858 enim,
2759 2791 2880 2862 ipso
2910 2798 3192 2862 regnante,
3227 2799 3477 2845 sanctum
3516 2803 3712 2843 rursus

450 2870 737 2939 βασιλέως,
769 2873 839 2927 τὰ
889 2874 1257 2948 ἑϐδομήκοντα
1292 2878 1700 2949 περιορίζουσιν
1734 2878 1855 2952 ἔτη.
1895 2880 1953 2935 '0
1975 2882 2039 2936 δὲ

2134 2882 2462 2939 aediﬁcatum
2517 2890 2605 2939 est
2654 2882 2944 2952 templum.
2988 2881 3124 2937 Nam
3185 2883 3313 2953 quia
3343 2889 3424 2935 ter
3460 2880 3713 2950 populus

448 2960 724 3027 θειότατος
756 2966 1033 3037 Ζαχαρίας
1081 2967 1189 3021 ἀπὺ
1212 2969 1310 3038 τῆς
1339 2968 1657 3034 τελευταίας
1691 2971 2032 3045 πολιορκίας,

2135 2975 2390 3047 captivus
2422 2960 2603 3031 factus
2632 2983 2738 3043 est,
2776 2974 3013 3046 primum
3056 2981 3304 3044 tempore
3345 2969 3579 3028 Joauimi
3619 2972 3710 3026 lilii

450 3048 685 3129 ἑνῇτὴν
706 3057 1082 3130 πανωλεθρίαι)
1128 3060 1449 3131 ὑπέμειναν,
1503 3064 1774 3135 ἀριθμῶν,
1817 3066 1907 3119 ἐπὶ
1933 3067 2037 3120 Δα-

2134 3065 2299 3123 Josia:
2334 3067 2482 3137 regis
2531 3065 2707 3133 Iudae,
2740 3067 2939 3123 deinde
2981 3065 3262 3122 Jecliouia:
3312 3065 3407 3120 lilii
3458 3064 3711 3128 Joacimi,

452 3146 598 3215 ρείου
625 3148 720 3201 τοῦ
755 3150 980 3221 Περσῶν
1023 3150 1309 3221 βασιλέως,
1372 3153 1465 3207 τὴν
1510 3154 1618 3207 τῶν
1661 3156 2034 3229 ἑϐδομήκοντα

2137 3176 2303 3232 porro
2332 3158 2579 3216 Sedecia:
2625 3159 2815 3215 fratris
2861 3159 3118 3223 Joacimi,
3172 3158 3355 3232 patrui
3403 3155 3713 3232 Jeclionize.

450 3238 586 3343 ἑτων
618 3240 851 3311 ἀριθμὸν
900 3243 1357 3316 συμπληροῦσθαι
1402 3264 1570 3318 φησι·
1642 3247 1738 3302 καὶ
1779 3247 1889 3317 γὰρ
1940 3248 2066 3333 ἐπὶ⁴

2102 3248 2294 3341 :valde
2323 3249 2568 3320 apposite
2614 3258 2698 3305 ter
2728 3250 2894 3305 etiam
2940 3250 2995 3304 in
3036 3249 3271 3320 patriam
3311 3231 3543 3303 reditum
3580 3260 3718 3301 con-

449 3332 640 3387 τούτου
672 3334 753 3404 τῷ
775 3334 888 3388 δντι
921 3338 948 3390 ὁ
996 3336 1137 3402 θεῖος
1177 3339 1568 3411 ἀνῳκοδομήθη
1607 3341 1763 3404 νεώς.
1812 3343 2032 3414 Ἐπειδὴ

2098 3332 2108 3342 ’
2138 3353 2466 3413 sequuntur.
2506 3341 2692 3398 Primo
2726 3343 2869 3398 enim
2899 3343 3107 3398 dimisit
3142 3343 3292 3413 ipsos
3321 3341 3501 3414 Cyrus
3527 3339 3714 3401 Persa.

450 3427 561 3495 γὰρ
589 3426 712 3496 τρὶς
736 3428 763 3480 6
789 3427 915 3492 λαὸς
948 3430 1299 3498 αἰχμάλωτος
1321 3433 1539 3500 γέγονε,
1568 3433 1786 3504 πρῶτον
1819 3434 1917 3504 μὲν
1940 3435 2039 3488 ἐπὶ·

2138 3437 2338 3491 deinde
2400 3437 2597 3492 Darius
2650 3434 2938 3508 Hystaspis
2985 3435 3152 3497 ﬁlius,
3207 3443 3322 3490 tum
3381 3435 3715 3489 Artaxerxes

360 3575 368 3585 ε
464 3517 740 3589 ’ἰωακεὶμ,
805 3519 901 3573 τοῦ
962 3521 1078 3575 υίοῦ
1120 3522 1324 3576 Ἰωσίου
1366 3523 1630 3593 βασιλέως
1673 3526 1864 3592 Ἰούδα,
1895 3527 1956 3580 τὸ

2137 3527 2336 3583 Xerxis
2369 3529 2536 3594 ﬁlius,
2578 3543 2689 3598 quo
2737 3536 2981 3598 tempore
3012 3528 3191 3598 primo
3227 3525 3487 3588 Esdram,
3524 3533 3716 3595 postea

449 3607 704 3679 δεύτερον
734 3610 827 3664 ἐπὶ
872 3610 1141 3682 Ἰεχονίου,
1163 3611 1259 3666 τοῦ
1293 3613 1409 3667 υίοῦ
1454 3616 1728 3686 Ἰωακεὶμ,
1756 3615 1816 3670 τὸ
1836 3616 1893 3669 δὲ
1916 3616 2035 3688 τρί-

2144 3618 2361 3690 1229
2387 3617 2706 3675 Nehemiam
2756 3619 2930 3685 misit,
2982 3631 3041 3675 ut
3089 3633 3278 3676 muros
3328 3617 3720 3689 Hierosolyma.

450 3717 542 3754 τον
574 3700 664 3754 ἐπὶ
696 3701 972 3770 Σεδεκίου,
1022 3703 1116 3758 τοῦ
1167 3705 1402 3770 ἀδελφοῦ
1452 3706 1553 3778 μὲν
1600 3706 1693 3761 τοῦ
1750 3708 2031 3780 Ἰωακεὶμ,

2140 3710 2340 3766 iterum
2377 3711 2787 3767 construendos
2824 3718 3107 3767 curarent.
3152 3709 3356 3766 Eorum
3400 3708 3587 3780 igitur,
3624 3709 3718 3778 qui

454 3791 599 3845 θείου
634 3792 691 3846 δὲ
712 3793 808 3847 τοῦ
846 3794 1116 3866 Ἰεχονίου,
1155 3797 1469 3865 ἀναγκαίως
1489 3799 1611 3870 τρὶς
1634 3798 1728 3853 καὶ
1745 3799 1845 3871 τῆς
1869 3801 2037 3852 ὲπανο

2138 3804 2316 3874 primo
2351 3804 2498 3874 capti
2534 3802 2706 3867 fuere.
2745 3804 3097 3875 septuaginta
3146 3816 3416 3857 annorum
3456 3815 3718 3855 numerus

459 3880 576 3933 ὁδου
616 3883 966 3952 τυγχάνουσι.
1027 3886 1256 3957 Πρῶτον
1297 3887 1396 3957 μὲν
1426 3889 1534 3958 γὰρ
1574 3890 1799 3959 ἀφίησιν
1844 3891 2041 3954 αὐτοὺς

2137 3893 2282 3960 Cyro
2312 3891 2478 3949 Persa
2524 3902 2793 3964 regnante
2820 3893 3108 3964 expletur:
3162 3892 3353 3962 templi
3397 3901 3582 3946 autem
3623 3890 3718 3944 dc-

460 3972 643 4045 Κῦρος
669 3977 697 4028 6
720 3976 954 4050 Πέρσης,
979 3973 1095 4032 εἶτα
1145 3982 1368 4052 Δαρεῖος
1403 3983 1430 4035 ὁ
1459 3980 1580 4045 υἰδς
1617 3982 1660 4013 ⁷⁸
1706 3981 2038 4048 Ὑστάσπου,

2139 3983 2430 4039 solationis
2456 3983 2569 4038 hoc
2612 3983 2758 4039 idem
2796 3992 3011 4053 tempus
3062 3981 3254 4037 [luitur
3284 3995 3430 4036 anno
3476 3979 3722 4036 secundo

460 4067 651 4123 ἔπειτα
689 4070 1052 4145 Ἀρταξέρξης
1097 4074 1126 4128 6
1181 4073 1405 4145 Ξέρξου,
1439 4075 1602 4145 ἡνίκα
1635 4074 1901 4146 πρότερον
1941 4075 2043 4146 μὲν

2141 4073 2290 4128 Darii
2341 4073 2628 4148 HystaSpis
2662 4093 2674 4128 :
2705 4076 2780 4129 ita
2826 4082 2885 4128 ut
2937 4083 3174 4144 utraque
3203 4073 3511 4144 pr0plietia,
3548 4082 3604 4126 et
3641 4070 3725 4127 Je-

455 4157 548 4211 τὺν
569 4158 825 4231 Ἐσδραν,
860 4161 977 4231 μετ’
1012 4164 1219 4216 ἐκεῖνον
1247 4164 1304 4217 δὲ
1320 4163 1410 4217 τὸν
1432 4163 1674 4233 Νεεμίαν
1696 4162 2034 4230 ἀπέστειλεν,

2142 4165 2332 4223 remis:
2382 4175 2436 4222 et
2474 4163 2779 4232 Zachariae,
2834 4174 2887 4221 et
2939 4165 3125 4221 itidem
3180 4162 3373 4219 Esdra:
3421 4164 3721 4233 scriptura,

457 4249 598 4304 ὥστε
636 4251 705 4307 τὰ
752 4254 854 4324 τῆς
896 4255 1253 4328 Ἰερουσαλὴμ
1315 4256 1735 4327 ἀνοικοδομῆσαι
1771 4258 1817 4289 ⁷³
1859 4256 2038 4328 τείχη.

2145 4256 2434 4314 mendacio
2469 4264 2677 4322 careat,
2708 4265 2763 4312 et
2790 4271 2915 4311 vera
2950 4258 3042 4312 sit.
3084 4253 3223 4319 Hoc,
3265 4252 3467 4325 inquit,
3509 4261 3723 4322 tempus

457 4341 579 4396 Τῶν
610 4344 710 4415 μὲν
748 4341 844 4399 οὖν
889 4348 1123 4419 πρώτων
1168 4346 1531 4419 αἰχμαλώτων
1593 4349 1980 4420 γεγενημένων
2009 4349 2040 4402 6

2145 4349 2340 4404 beatus
2368 4346 2556 4404 Daniel
2596 4347 2932 4419 intelligens,
2973 4362 3099 4403 cum
3132 4352 3504 4411 numerasset,
3533 4354 3586 4400 et
3610 4342 3722 4414 iam

457 4432 962 4508 ἑϐδομηκονταέτης
1004 4438 1307 4511 πληροῦται
1346 4438 1539 4510 χρόνος
1571 4439 1666 4492 ἐπὶ
1727 4439 1913 4510 Κύρου
1942 4438 2038 4493 τοῦ

1433 4438 1539 4503 ενος
1571 4439 1666 4492 ἐπὶ
1727 4439 1913 4510 Κύρου
1942 4438 2038 4493 τοῦ
2145 4440 2596 4510 appmpinquare
2641 4438 3005 4511 comperisset
3036 4457 3049 4494 :

457 4525 669 4593 Πέρσου
696 4545 709 4559 ο
744 4529 846 4599 τῆς
888 4530 945 4584 δὲ
985 4530 1080 4585 τοῦ
1112 4530 1242 4585 ναοῦ
1267 4531 1504 4603 ἐρημίας
1538 4533 1566 4586 6
1594 4530 1758 4595 αὐτὸς
1786 4523 1942 4595 οὗτος
2001 4530 2197 4601 χρόνος
2226 4530 2495 4602 λαμϐάνει
2526 4530 2680 4594 τέλος
2715 4531 2764 4564 ⁷³
2798 4533 2856 4586 ὲν
2883 4529 2962 4603 τῷ
2982 4530 3218 4603 δευτέρῳ
3245 4530 3354 4584 ἔτει
3376 4514 3602 4601 Δαρείου
3631 4524 3724 4580 τοῦ

467 4619 799 4686 Ὑστάσπου,
860 4621 939 4685 ὡς
998 4618 1138 4677 εἶναι
1189 4623 1527 4695 προφητείαν
1584 4623 1885 4695 ἑκατέραν,
1952 4623 2071 4694 τὴν,
2093 4623 2353 4695 Ἰερεμίου
2404 4639 2463 4677 τε
2495 4624 2592 4678 καὶ
2630 4623 2897 4695 Ζαχαρίου
2919 4666 2933 4690 ,
2984 4622 3245 4688 ὡσαύτως
3278 4623 3335 4676 δὲ
3369 4623 3461 4677 καὶ
3495 4620 3594 4694 τὴν
3631 4621 3731 4676 τοῦ

462 4714 668 4787 Ἔσδρα
695 4717 1039 4787 συγγραφὴν,
1088 4717 1297 4787 ἀψευδῆ
1327 4735 1388 4771 τε
1439 4718 1534 4772 καὶ
1575 4718 1773 4791 ἀληθῆ.
1807 4716 2030 4785 Τοῦτον,
2068 4721 2222 4791 φησί,
2262 4718 2354 4774 τὸν
2407 4718 2599 4791 χρόνον
2647 4720 2677 4772 6
2751 4718 3020 4790 μακάριος
3075 4716 3273 4791 Δανιὴλ
3327 4715 3550 4781 συνιεὶς,
3633 4716 3729 4771 καὶ

462 4807 798 4879 ἀριθμήσας,
838 4808 932 4862 καὶ
966 4805 1143 4880 εὑρὼν
1164 4806 1534 4880 πλησιάζοντα
1564 4825 1581 4843 ο
1716 4814 1723 4819 '
3418 4856 3427 4865 .

529 4906 598 4968 γ’.
646 4916 665 4950 ι
697 4898 915 4953 Ἔδωκα
936 4901 997 4954 τὸ
1025 4899 1319 4971 πρόσωπόν
1346 4918 1470 4970 μου,
1494 4901 1651 4972 φησι,
1684 4902 1820 4973 πρὸς
1839 4902 2045 4975 Κύριον
2077 4896 2122 4951 D

2111 4903 2122 4945 ι
2221 4893 2387 4951 Vzns.
2419 4896 2474 4950 5.
2506 4913 2526 4947 ι
2577 4894 2733 4960 Dedi,
2788 4895 2987 4965 inquit,
3039 4895 3235 4951 faciem
3289 4911 3467 4951 meam
3507 4897 3576 4952 ad
3620 4897 3727 4950 Do-

458 4988 551 5042 τὸν
599 4989 752 5055 Θεὸν,
795 4989 890 5044 τοῦ
943 4992 1242 5064 ὲκζητῆσαι
1293 4994 1603 5064 προσευχὴν
1638 4994 1732 5048 καὶ
1765 4993 1952 5064 δέησιν
1991 4996 2048 5048 ὲν

2147 4988 2358 5041 minum
2396 4986 2591 5052 Deum,
2623 4997 2681 5042 ut
2708 5002 3016 5057 quaererem
3048 4986 3359 5066 orationem
3391 4997 3443 5044 et
3467 4984 3729 5059 depreca-

460 5082 758 5149 νηστείαις,
812 5086 906 5138 καὶ
935 5085 1125 5154 σάκκῳ
1172 5086 1267 5140 καὶ
1299 5084 1498 5156 σποδῷ.
1534 5105 1552 5138 ι
1584 5087 1660 5140 Ού
1691 5086 1821 5157 γάρ,
1859 5088 2044 5158 φησιν,

2145 5082 2378 5147 tionem,
2435 5080 2492 5135 in
2553 5080 2800 5151 jejuniis,
2840 5087 2896 5136 et
2943 5094 3129 5144 sacco,
3183 5088 3238 5135 et
3272 5080 3485 5137 cinere.
3548 5100 3568 5133 ι
3609 5081 3727 5136 Νοιι

463 5175 650 5240 ἀτελῶς
687 5176 953 5247 ἀνέμενον
999 5177 1100 5250 τὴν
1143 5178 1245 5248 τῆς
1273 5177 1659 5249 αἰχμαλωσίας
1696 5178 2044 5250 ἀπαλλαγὴνν

2146 5175 2314 5238 enim,
2346 5175 2547 5244 inquit,
2578 5173 2905 5245 simpliciter
2938 5175 3329 5244 exspectabam
3385 5183 3443 5229 ut
3489 5190 3519 5228 a
3555 5176 3730 5232 servi-

460 5267 575 5320 ἀλλ’
613 5267 851 5322 ἰκετείαν
890 5267 970 5337 τῷ
1014 5268 1261 5341 Δεσπότῃ
1299 5270 1664 5341 προσέφερον,
1705 5269 1802 5340 τὴν
1836 5270 2048 5324 ἐλευθε-

2148 5274 2266 5324 tute
2324 5267 2784 5332 vindicarentur,
2849 5265 2946 5339 scil
3003 5264 3239 5322 Domino
3295 5268 3677 5339 supplicabant
3712 5306 3726 5330 ,

465 5358 585 5426 ρῖαν
620 5360 734 5421 τοῖς
768 5357 1062 5429 ὁμοφύλοις
1096 5358 1283 5414 αἰτῶν.
1323 5359 1443 5413 Κᾶν
1475 5359 1585 5431 γὰρ
1616 5361 1878 5431 μυριάκις
1909 5361 2043 5413 ὑπό-

2150 5368 2515 5433 cognatorum
2547 5374 2795 5416 meorum
2836 5359 3150 5416 libertatem
3185 5366 3398 5430 petens.
3443 5358 3574 5414 Nam
3626 5356 3727 5439 etsi

536 5518 559 5557 λ
586 5517 751 5573 lauit.
789 5538 824 5584 I,
852 5522 903 5574 7.
988 5520 1006 5560 ι
1039 5521 1169 5577 ibid.
1195 5521 1276 5577 12.

1783 5635 2021 5692 ὙΑΒΙᾹΞ
2063 5637 2482 5695 LECTIONES.

533 5789 682 5871 ”_éx.
712 5793 768 5848 lu
869 5792 1204 5871 ιιιξεῑαῖγλης
1238 5792 1476 5871 ponitur.
1555 5793 1597 5826 ⁶⁹
1633 5795 1672 5846 Β
1703 5794 1792 5850 τὸν
1828 5794 2077 5867 ἀριθμόν.
2156 5797 2202 5865 τέ
2237 5816 2327 5870 πρ.
2365 5797 2403 5850 Β
2427 5798 2704 5871 δευτέρας.
2783 5800 2824 5833 ⁷*
2855 5794 3147 5863 υἰός.,ἰ)οε.
3190 5793 3244 5850 in
3288 5795 3362 5849 Β.
3428 5793 3474 5826 ’⁸
3507 5792 3545 5847 Β
3586 5794 3730 5847 οἱκο-

462 5860 715 5931 δομῆσαι.
797 5864 843 5895 ⁷³
865 5860 973 5917 τέλ.
1006 5864 1045 5914 Β
1080 5860 1265 5933 pum.
1300 5863 1375 5916 τό.
1446 5880 1452 5886 ·
