4092 6400
387 425 537 494 M59

1362 428 1849 488 THEODOHETI
1877 429 2216 491 EPISCOPI
2254 433 2620 496 CYRENSIS

3508 435 3646 504 1460

380 541 584 599 millies
620 541 766 598 bona
800 538 1151 612 polliceatur,
1192 545 1246 593 ct
1290 540 1666 611 nosmetipsos
1708 541 1802 595 tali
1839 557 1948 595 mu-

2064 559 2260 615 σχηται
2287 545 2490 614 ἀγαθά,
2524 547 2776 612 ἀναξίους
2804 547 2860 600 δὲ
2891 547 3035 618 ἡμᾶς
3066 547 3265 613 αὐτοὺς
3298 546 3396 619 τῆς
3434 547 3643 621 δωρεᾶς

378 647 513 689 nere
568 633 915 704 praebeamus
950 629 1253 700 indignus,
1310 630 1508 685 divina:
1562 631 1954 687 muniﬁcentiae

380 726 779 796 impedimento
796 737 1011 778 sumus.
1041 720 1157 777 Hoc
1183 736 1312 778 vero
1341 721 1507 778 etiam
1556 738 1655 793 per
1689 721 1953 781 Ezechie-

378 819 482 873 lem
528 818 850 888 prophetam
885 814 963 870 ait
1005 813 1191 870 Deus:
1224 832 1244 866 ι
1305 813 1391 868 Ad
1431 828 1707 869 summam
1759 814 1953 885 loquar

377 925 545 981 super
573 923 789 981 gentem
819 917 874 964 et
904 923 1159 979 regnum,
1197 917 1256 962 ut
1287 906 1553 965 aedificem
1577 915 1637 964 et
1664 908 1905 979 plantem
1935 924 1952 974 ;

373 1008 429 1053 et
455 998 584 1061 erit.
610 998 659 1056 si
689 1013 885 1054 aversa
914 1014 1057 1071 gens
1081 999 1179 1054 illa
1206 998 1402 1055 fecerit
1429 999 1597 1068 mala,
1646 1014 1761 1056 non
1789 998 1953 1057 indu-

373 1104 495 1145 cam
526 1105 690 1162 super
715 1104 847 1146 eam
868 1091 1057 1147 omnia
1092 1091 1239 1147 bona
1265 1106 1389 1162 qua
1420 1092 1649 1148 locutus
1664 1107 1788 1148 sum
1818 1102 1880 1146 ι’.
1926 1111 1944 1144 ι

374 1180 499 1237 llaec
526 1182 757 1239 edoctus
787 1183 982 1239 beatus
1020 1180 1242 1249 Daniel,
1279 1201 1300 1237 ι
1336 1184 1578 1255 jejunio,
1614 1193 1667 1241 et
1697 1198 1883 1250 sacco,
1898 1193 1953 1239 et

371 1273 587 1341 cinere,
623 1293 647 1327 ι
697 1274 862 1347 quasi
906 1275 1011 1333 aiis
1058 1277 1362 1334 instructas
1417 1291 1619 1349 preces
1655 1276 1769 1334 Deo
1812 1276 1951 1335 05e-

372 1364 552 1423 rcbat.

514 1452 687 1512 Vens.
708 1455 762 1511 ι.
795 1474 816 1509 ι
851 1454 916 1511 Et
941 1464 1198 1527 precante
1238 1473 1389 1527 sum,
1422 1458 1620 1530 inquit,
1658 1458 1950 1517 Dominum

375 1545 546 1602 Deum
580 1562 785 1613 meum,
834 1557 889 1604 et
925 1551 1219 1607 confessus
1248 1565 1401 1617 sum,
1429 1559 1486 1607 et
1519 1551 1634 1607 dixi
1674 1570 1689 1607 :
1721 1550 1951 1610 Domine

372 1637 538 1702 Deus,
570 1653 767 1710 magne
789 1641 807 1661 ⁶
833 1647 888 1696 et
919 1640 1208 1706 terribilis.
1236 1641 1331 1712 qui
1364 1643 1613 1700 custodis
1643 1650 1948 1701 testamen-

371 1739 488 1784 tum
524 1729 741 1802 1230
788 1740 844 1787 et
897 1733 1336 1790 misericordiam
1367 1734 1737 1807 diligentibus
1759 1746 1830 1801 te,
1894 1745 1951 1793 et

370 1820 812 1879 custodientibus
845 1823 1105 1879 mandata
1134 1835 1248 1880 tua.
1286 1844 1309 1881 ι
1359 1824 1614 1897 Magnum
1666 1836 1848 1884 autem
1894 1836 1950 1883 et

2061 639 2516 708 καταστήσωμεν,
2559 639 2816 709 ἐμπόδιον
2864 640 3131 710 γινόμεθα
3170 642 3236 712 τῇ
3271 639 3391 712 θείᾳ
3439 642 3643 711 φιλοτι-

2064 727 2245 796 μίᾳτδ.
2275 728 2446 782 Τοῦτο
2465 728 2522 783 δὲ
2546 730 2640 783 καὶ
2666 731 2735 785 δι’
2776 730 3025 803 Ἑζεκιὴλ
3050 731 3145 785 τοῦ
3177 733 3457 802 προφήτου
3480 734 3646 804 φησὶν

2058 824 2091 877 6
2118 821 2252 886 Θεός
2271 837 2284 851 ⁸
2338 842 2356 874 ι
2382 822 2619 895 Πέραςη
2650 824 2870 894 λαλήσω
2902 825 2996 878 ὲπί
3026 823 3180 888 ἔθνος
3209 825 3307 878 καὶ
3336 824 3637 894 βασιλείαν,

2058 910 2154 964 τοῦ
2183 912 2556 984 ἀνοικοδομεῖν
2589 916 2685 969 καὶ
2713 915 3139 984 καταφυτεύειν,
3194 915 3290 969 καὶ
3326 914 3501 982 ἔσται,
3542 916 3640 970 Liv

2060 1004 2301 1075 στραφὲν
2330 1004 2393 1057 τὸ
2415 1004 2567 1070 ἔθνος
2596 1007 2772 1060 ἐκεῖνο
2805 1007 3007 1076 ποιήσῃ
3046 1004 3282 1075 πονηρὰ,
3313 1005 3376 1059 οὗ
3409 1004 3486 1076 μὴ
3540 1006 3641 1058 ἐπ-

2064 1093 2322 1162 αγάγω⁷⁶
2367 1095 2454 1148 ἐπ’
2495 1096 2628 1150 αὐτὸ
2681 1096 2858 1151 πάντα
2882 1100 2951 1150 τὰ
3007 1094 3191 1163 ἀγαθά
3234 1094 3271 1149 ἀ
3319 1095 3575 1167 ἐλάλησα.
3616 1114 3636 1147 ι

2058 1185 2246 1239 Ταῦτα
2276 1185 2710 1257 πεπαιδευμένος
2736 1189 2766 1240 6
2796 1188 3068 1257 μακάριος
3085 1184 3307 1257 Δανιὴλ,
3343 1205 3362 1237 ι
3390 1184 3639 1256 νηστείᾳ,

2058 1277 2154 1333 καὶ
2188 1279 2399 1349 σάκκῳ,
2435 1280 2532 1334 καὶ
2562 1279 2769 1352 σποδῷ,
2810 1299 2828 1332 ι
2880 1281 2980 1351 τὴν
3010 1278 3325 1350 προσευχήν
3353 1279 3641 1351 πτερώσας

2056 1370 2400 1442 προσέφερεν
2430 1371 2511 1444 τῷ
2543 1372 2682 1445 Θεῷ.

2125 1461 2190 1516 δ’.
2248 1482 2267 1515 ι
2298 1463 2408 1518 Καὶ
2457 1463 2879 1538 προσηυξάμην,
2918 1463 3075 1537 φησὶ,
3120 1462 3258 1535 πρὸς
3300 1462 3506 1534 Κύριον
3547 1462 3641 1516 τὸν

2055 1554 2189 1608 Θεόν
2215 1572 2342 1626 μου,
2371 1556 2467 1610 καί
2498 1556 3023 1630 ἑξωμολογησάμην,
3052 1557 3150 1613 καὶ
3182 1552 3338 1610 εἷπον
3358 1575 3373 1588 ·
3410 1555 3583 1625 Κύριε
3608 1556 3641 1608 6

2055 1646 2210 1716 Θεὸς,
2241 1649 2271 1701 6
2304 1649 2476 1719 μέγας
2511 1648 2608 1704 καὶ
2641 1649 2977 1722 θαυμαστὸς,
3009 1650 3038 1702 6
3072 1648 3366 1718 φυλάσσων
3386 1645 3495 1718 ’τὴν
3519 1647 3638 1700 δια-

2057 1737 2232 1810 θήκην
2258 1740 2304 1771 ’⁷
2337 1740 2430 1794 καὶ
2470 1741 2562 1795 τὸν
2590 1740 2742 1796 ἔλεον
2771 1743 2883 1806 τοῖς
2910 1739 3167 1811 ἀγαπῶσί
3198 1756 3280 1803 σε,
3316 1739 3411 1794 καὶ
3439 1738 3643 1806 φυλάτ-

2054 1848 2208 1885 τουσι
2234 1831 2303 1886 ea.
2327 1834 2729 1904 προστάγματά
2743 1834 2795 1865 ⁷⁸
2822 1849 2940 1886 σου.
2974 1851 2993 1884 ι
3042 1832 3227 1886 Καλεῖ
3250 1831 3308 1885 δὲ
3339 1831 3513 1901 μέγαν
3543 1829 3638 1883 καὶ

368 1907 744 1966 admirabilem
776 1919 960 1978 vocat,
985 1920 1047 1969 ut
1068 1913 1164 1985 qui
1197 1928 1394 1986 magna
1425 1922 1483 1971 et
1509 1915 1786 1971 mirabilia
1819 1930 1945 1986 pos-

2054 1924 2385 1994 θαυμαστὸν,
2436 1924 2513 1989 ὡς
2565 1924 2779 1997 μεγάλα
2816 1925 2910 1978 καὶ
2941 1922 3236 1994 θαυμαστά
3268 1924 3442 1975 ποιεῖν
3473 1920 3637 1974 δυνά·-

370 2002 442 2054 s't
471 1999 710 2057 etﬁrere.
748 2001 830 2058 Ab
856 2004 1279 2075 operationibus
1308 2007 1459 2061 enim
1506 2006 1679 2062 divini
1716 2008 1818 2062 viri
1864 2008 1952 2064 tli-

367 2092 495 2147 vina
518 2092 802 2165 imponere
831 2096 1051 2152 nomina
1073 2112 1435 2155 consuevere.
1468 2099 1536 2154 Et
1608 2117 1626 2151 ι
1667 2100 1950 2156 custodire

369 2184 550 2253 ipsum
592 2185 733 2241 dixit
785 2195 1200 2256 testamentum,
1236 2197 1293 2246 et
1333 2189 1777 2247 misericordiam
1820 2191 1948 2249 dili-

368 2277 625 2346 gentibus
659 2294 807 2344 eum,
847 2298 871 2333 ι
905 2280 1237 2346 admonens,
1300 2289 1361 2338 ut
1389 2297 1659 2339 memores
1707 2284 1820 2341 sint
1852 2299 1950 2341 eo-

369 2383 490 2422 rum
516 2384 639 2440 qua:
656 2368 994 2438 Abrahamo,
1018 2371 1208 2430 lsaaco
1224 2380 1280 2429 ct
1300 2372 1506 2432 Iacobo
1522 2376 1654 2431 olim
1676 2376 1947 2448 promissa

368 2466 519 2513 sunt.
563 2457 724 2514 Omni
758 2467 942 2517 autem
978 2463 1166 2519 studio
1196 2479 1393 2533 orans,
1429 2464 1593 2523 docet
1629 2465 1780 2524 haud
1812 2468 1950 2523 sim-

368 2550 585 2620 pliciter
618 2551 773 2609 illum
818 2556 1126 2622 custodire,
1162 2557 1263 2614 sed
1294 2576 1315 2610 ι
1375 2557 1737 2630 diligentibus
1784 2576 1946 2628 eum,

365 2652 422 2698 et
473 2643 915 2704 custodientibus
947 2649 1205 2704 mandata
1244 2650 1387 2721 ejus.
1426 2670 1447 2704 ι
1494 2651 1553 2705 Si
1612 2651 1739 2722 quis
1800 2652 1947 2708 enim

370 2747 483 2801 tua,
509 2736 711 2807 inquit,
745 2738 1003 2795 mandata
1033 2741 1221 2805 violet,
1245 2742 1495 2813 seipsum
1520 2742 1806 2813 indignum
1840 2744 1948 2801 tuis

368 2826 864 2898 pollicitationibus
891 2831 1092 2887 reddit.
1130 2831 1247 2887 Hoc
1285 2833 1418 2891 item
1451 2833 1612 2889 nobis
1638 2850 1744 2892 usu
1775 2836 1944 2893 venit.

439 2918 606 2975 Vens.
640 2920 695 2977 5.
720 2940 738 2973 ι
774 2921 1135 2981 Peccavimus
1156 2925 1327 2990 enim,
1368 2925 1569 2996 inquit,
1598 2925 1944 2997 iniquitatem

368 3005 630 3081 fecimus,
649 3014 814 3084 impie
838 3014 1078 3086 egimus,
1103 3022 1158 3073 et
1179 3015 1582 3073 declinavimus
1611 3032 1643 3073 a
1675 3018 1948 3075 mandatis

367 3104 502 3170 tuis,
529 3113 639 3161 eta
681 3105 912 3175 judiciis
961 3107 1093 3162 tuis.
1130 3126 1151 3159 ι
1202 3108 1339 3162 Cum
1387 3107 1681 3164 admodum
1742 3126 1942 3165 convc-

367 3199 587 3254 nienter
631 3196 874 3270 gloriosa
933 3207 985 3256 et
1025 3199 1379 3256 admirabilia
1420 3201 1512 3255 illa
1564 3202 1785 3257 nomina
1833 3201 1944 3256 Dco

366 3290 748 3360 imposuisset,
801 3292 1086 3345 contraria
1140 3300 1195 3349 et
1265 3293 1486 3362 penitus
1543 3292 1777 3350 adversa
1836 3295 1940 3351 sibi

367 3380 508 3451 ipsis
544 3380 827 3453 imposuit.
890 3380 1078 3452 Neque
1124 3392 1418 3440 contentus
1455 3383 1668 3440 dixisse
1708 3385 1947 3454 peccavi-

367 3489 506 3541 mus,
534 3472 738 3542 adjecit
779 3472 1009 3544 insuper
1042 3492 1061 3526 ι
1105 3473 1452 3545 iniquitatem
1484 3474 1738 3543 fecimus,
1781 3476 1947 3544 impie

367 3566 603 3637 egimus,
639 3585 658 3617 ι
693 3566 891 3637 ingrati
924 3582 1053 3638 erga
1084 3574 1173 3621 tua
1204 3568 1471 3624 beneﬁcia
1520 3567 1741 3625 fuimus.
1776 3566 1950 3637 Impia

366 3660 569 3730 agimus
597 3667 813 3725 autem,
838 3660 962 3717 aliis
990 3646 1121 3727 diis,
1155 3661 1338 3716 anima
1385 3676 1667 3732 sensuque
1702 3662 1945 3717 carenti-

371 3751 475 3806 bus
528 3765 591 3806 ac
648 3750 797 3806 nulla
863 3751 913 3805 vi
946 3752 1214 3822 praeditis,
1272 3751 1371 3806 tibi
1428 3752 1687 3822 praelatis.
1742 3750 1949 3806 Deinde

369 3840 670 3897 ostendens
724 3856 842 3897 eam
902 3857 1117 3908 curam,
1168 3858 1277 3913 qua
1314 3842 1439 3898 illos
1495 3840 1637 3897 Deus
1678 3850 1945 3913 perpetuo

370 3931 724 4003 dignabatur,
776 3939 830 3989 et
871 3931 1148 4007 ingentem
1196 3932 1384 4004 pepuli
1439 3932 1729 3988 stultitiam
1757 3976 1783 4001 ,
1811 3934 1946 3989 sub-

366 4021 539 4091 jecit:

442 4112 609 4172 Vsus.
636 4115 691 4172 6.
728 4133 748 4167 ι
782 4112 971 4185 Neque
994 4114 1311 4171 audivimus
1344 4129 1536 4172 servos
1563 4123 1685 4172 tuos
1711 4116 1947 4188 prophe-

372 4217 477 4271 tas,
508 4207 602 4279 qui
636 4208 1005 4278 loquebantur
1026 4207 1250 4264 nomine
1279 4214 1375 4263 tuo
1409 4206 1477 4262 ad
1512 4223 1670 4278 reges
1702 4216 1946 4275 nostros,

370 4308 426 4353 et
464 4299 531 4353 ad
577 4300 860 4372 principes
899 4310 1145 4365 nostros,
1171 4308 1227 4355 et
1258 4297 1327 4354 ad
1357 4307 1544 4370 patres
1601 4310 1844 4366 nostros,
1891 4311 1947 4358 et

376 4390 587 4462 1231
653 4392 721 4447 ad
755 4407 974 4447 omnem
1011 4391 1274 4462 pupulum
1311 4401 1490 4448 terrae.
1533 4411 1551 4444 ι
1592 4390 1780 4463 Neque
1800 4394 1947 4449 enim

371 4482 586 4539 destitit
635 4491 726 4538 tua
764 4484 942 4555 gratia
1002 4499 1107 4541 nos
1163 4485 1330 4552 tueri,
1390 4493 1446 4540 et
1504 4499 1603 4556 per
1646 4486 1949 4557 prophetas

2055 2032 2238 2087 μενον.
2293 2015 2424 2069 Ἀπὸ
2464 2015 2576 2087 γάρ
2626 2016 2736 2071 τῶν
2780 2015 3070 2086 ἰνεργειιῖιν
3107 2014 3159 2068 οἰ
3196 2013 3329 2068 θεῖοι
3366 2013 3560 2083 ἄνδρες
3592 2013 3635 2045 τ’

2052 2106 2148 2170 τὰς
2183 2105 2336 2169 θείας
2366 2106 2738 2178 προσηγορίας
2768 2104 2979 2160 τιθέναι
3004 2103 3239 2175 φιλοῦσι.
3295 2122 3315 2155 ι
3343 2103 3635 2158 Φυλάττειν

2051 2196 2111 2251 δὲ
2140 2195 2232 2252 καί
2254 2197 2300 2230 ⁸⁸
2339 2197 2504 2253 αὑτὸν
2532 2197 2638 2269 ἔφη
2666 2197 2766 2269 τὴν
2797 2196 3063 2269 διαθήκην
3103 2196 3201 2251 καὶ
3224 2194 3316 2251 τὸν
3347 2194 3496 2249 ἔλεον
3524 2197 3637 2258 τοῖς

2049 2289 2338 2359 ἀγαπῶσιν
2367 2289 2553 2353 αὐτὸν,
2584 2308 2604 2342 ι
2657 2288 2768 2343 τῶν
2809 2289 2945 2360 πρὸς
2989 2286 3263 2359 Ἁϐραάμ,
3294 2287 3390 2339 καὶ
3426 2284 3636 2353 Ἰσαάκ,

2050 2382 2146 2435 καὶ
2180 2381 2378 2435 Ἰακὼὸ
2407 2381 2839 2453 ἀναμιμνήσκων
2865 2377 3230 2448 ἐπαγγελιῶν.
3261 2378 3419 2432 Μετά
3452 2375 3634 2448 πάσης

2048 2474 2105 2528 δὲ
2146 2475 2430 2547 ἀκριϐείας
2484 2474 2804 2546 εὐχόμενος,
2854 2473 3129 2537 διδάσκει,
3181 2474 3266 2527 ὅτι
3311 2468 3636 2542 οὐχοάπλῶς

2051 2567 2330 2637 φυλάττει.
2366 2566 2505 2621 ἀλλὰ
2537 2585 2556 2619 t
2581 2568 2696 2629 τοῖς
2742 2565 3033 2634 ἀγαπῶσιν
3073 2564 3258 2629 αὐτὸν,
3303 2562 3399 2617 καὶ
3431 2560 3637 2630 φυλάτ-

2052 2676 2206 2713 τουσι
2220 2659 2323 2724 τὰς
2343 2658 2562 2723 ἐντολάς
2591 2657 2780 2714 αὑτοῦ.
2814 2677 2832 2710 ι
2862 2659 2925 2713 Εἰ
2950 2658 3062 2729 γάρ
3091 2674 3195 2722 τις,
3226 2656 3386 2727 φησί,
3409 2654 3635 2726 παραϐῇ

2051 2768 2145 2805 σου
2178 2750 2249 2804 τὰ
2280 2752 2700 2823 προστάγματα,
2735 2750 2955 2817 ἀνάξιον
3003 2748 3213 2805 ἑαυτὸν,
3245 2747 3354 2801 τῶν
3397 2747 3634 2818 ὑποσχέο

2051 2843 2193 2899 σεών
2223 2861 2320 2898 σου
2348 2843 2662 2914 καθίστησι.
2699 2844 2871 2898 Τοῦτο
2897 2844 2952 2898 δὲ
2980 2843 3072 2897 καὶ
3104 2845 3235 2914 ήμῖν
3269 2842 3488 2912 συνέεη.

2117 2943 2181 2992 ε’.
2230 2954 2249 2988 t
2280 2936 2630 3008 Ἥμάρτομεν
2662 2935 2793 3006 γὰρ,
2829 2936 3014 3005 φησὶν,
3047 2935 3408 3007 ἠδικήσαμεν,
3434 2933 3634 3005 ἠσεϐή-

2051 3044 2226 3099 σαμεν
2241 3026 2286 3059 ⁸¹
2311 3027 2405 3080 καὶ
2420 3025 2669 3091 ἐξεκλίνα
2679 3043 2777 3097 μεν
2793 3029 2901 3080 ἀπὸ
2911 3026 3019 3078 τῶν
3035 3024 3267 3080 ἐντολῶν
3280 3041 3397 3089 σου,
3415 3025 3511 3078 καὶ
3525 3021 3635 3078 ἀπὸ

2047 3120 2155 3175 τῶν
2185 3120 2467 3192 χριμάτων
2492 3137 2604 3174 σου.
2637 3139 2656 3172 ι
2688 3119 2900 3189 Σφόδρα
2925 3118 2982 3172 δὲ
2997 3120 3043 3151 ⁸³
3070 3119 3395 3190 προσφόρως
3425 3117 3517 3171 ἐπὶ
3538 3115 3632 3170 τοῦ

2049 3212 2184 3266 Θεοῦ
2210 3214 2307 3277 τὰς
2324 3212 2577 3283 ἐντίμους
2599 3212 2813 3275 ὲκείνας
2830 3211 2877 3242 ⁸³
2905 3211 2999 3265 καὶ
3031 3209 3352 3279 θαυμαστὰς
3373 3207 3634 3271 τεθεικὼς

2054 3304 2447 3376 προσηγορίας,
2482 3304 2578 3368 τάς
2610 3306 2675 3357 ὲκ
2699 3302 2999 3374 διαμέτρου
3028 3302 3278 3365 ἐναντίας
3319 3300 3503 3368 σφίσιν
3531 3297 3630 3350 αὖ·

2052 3398 2165 3460 τοῖς
2196 3395 2555 3449 ἐπιτέθεικεν.
2604 3395 2718 3448 Οὐκ
2750 3393 2995 3464 ἠρκέσθη
3024 3392 3080 3445 δὲ
3110 3392 3187 3463 τῷ
3230 3393 3404 3445 εἰπεῖν
3442 3389 3630 3460 ἡμάρ-

2054 3504 2253 3558 τομεν,
2294 3486 2430 3542 ἀλλὰ
2458 3487 2552 3540 καὶ
2593 3485 2654 3540 τὸ
2697 3485 3074 3556 «ἠδικήσαμεν
3102 3483 3197 3539 καὶ
3223 3483 3576 3554 ήσεδήσαμεν
3606 3498 3628 3533 ι

2055 3578 2415 3650 προσέθηκεν,
2466 3576 2781 3646 ἀγνώμονες
2827 3578 2958 3646 ’περί¹
3006 3575 3106 3641 τὰς
3162 3576 3261 3640 σάς
3311 3573 3632 3645 εὐεργεσίας

2054 3668 2358 3739 γενόμενοι.
2418 3666 2830 3736 Ἠσεὸήσαμεν
2862 3666 2940 3730 δὲ,
2983 3666 3174 3730 ἄλλους
3204 3665 3325 3719 ἀντὶ
3354 3663 3449 3718 σοῦ
3477 3663 3634 3728 θεοὺς

2056 3761 2429 3833 προελόμενοι,
2457 3759 2717 3830 ἀψύχους,
2747 3757 3124 3828 ἀναισθήτους,
3149 3756 3404 3828 οὐδεμίαν
3431 3771 3630 3825 κεκτη·

2057 3853 2252 3923 μένους
2288 3850 2464 3922 ἰσχύν.
2493 3847 2628 3904 Εἶτα
2658 3850 2875 3914 δεικνὺς
2904 3849 3004 3921 τὴν
3034 3847 3295 3920 διηνεκῶς
3325 3848 3405 3910 εἰς
3433 3846 3633 3910 αὐτοὺς

2053 3943 2343 4014 γινομένην
2359 3942 2407 3976 ⁸⁸
2448 3942 2541 3996 τοῦ
2572 3940 2707 3996 Θεοῦ
2742 3940 3090 4012 κηδεμονίαν,
3135 3939 3228 3993 καὶ
3279 3938 3380 4010 τὴν
3430 3936 3632 4008 πολλὴν

2051 4035 2147 4089 τοῦ
2186 4034 2315 4089 λαοῦ
2350 4034 2707 4104 ἀναλγησίαν,
2744 4034 3022 4103 ἐπήγαγεο

2127 4136 2201 4195 ς’.
2246 4147 2265 4180 ι
2294 4128 2406 4183 Καὶ
2433 4128 2533 4182 οὐκ
2557 4126 2957 4198 εἰσηκούσαμεν
2974 4124 3020 4158 ⁸³
3041 4124 3150 4178 τῶν
3177 4122 3377 4177 δούλων
3405 4138 3499 4175 σου
3523 4118 3632 4172 τῶν

2053 4219 2371 4293 προφητῶν,
2405 4219 2455 4273 οἳ
2481 4218 2703 4273 ἐλάλουν
2741 4219 2799 4271 ὲν
2838 4216 2916 4288 τῷ
2947 4215 3172 4286 ὀνόματί
3206 4230 3301 4268 σου
3342 4212 3478 4283 πρὸς
3505 4211 3632 4275 τοὺς

2056 4313 2295 4385 βασιλεῖς
2341 4312 2537 4383 ήμῶν,
2567 4312 2666 4365 καὶ
2715 4309 2854 4381 πρὸς
2907 4309 3036 4372 τοὺς
3061 4308 3109 4341 ⁸⁸
3136 4307 3402 4379 ἄρχοντας
3447 4302 3629 4375 ήμῶν,

2056 4406 2151 4460 καὶ
2170 4407 2214 4437 ⁸⁷
2262 4404 2399 4476 πρὸς
2432 4403 2563 4467 τοὺς
2616 4399 2860 4469 πατέρας
2895 4397 3091 4471 ήμῶν,
3138 4399 3233 4452 καὶ
3263 4395 3401 4467 πρὸς
3453 4393 3632 4448 πάντα

2054 4498 2147 4551 τὸν
2180 4499 2308 4552 λαὸν
2355 4497 2454 4567 τῆς
2497 4495 2620 4566 γῆς.
2650 4513 2669 4546 ι
2707 4494 2781 4548 Οὐ
2812 4492 2920 4565 γάρ
2954 4490 3232 4546 ἐπαύσατό
3284 4505 3377 4542 σου
3407 4488 3441 4558 ή
3471 4484 3632 4556 χάρις

373 4574 613 4647 ωηοηυί
655 4577 819 4632 modo
857 4591 983 4633 eum
1028 4576 1252 4646 regibus
1282 4584 1338 4633 et
1376 4576 1748 4648 principibus,
1786 4577 1948 4631 modo

2055 4590 2434 4646 ἐποπτεύουσά
2456 4606 2514 4643 τε
2534 4590 2704 4660 ήμᾶς,
2723 4587 2819 4641 καὶ
2839 4585 2927 4640 διὰ
2949 4585 3059 4639 τῶν
3076 4581 3371 4654 προφητῶν
3389 4578 3632 4670 διαλεγοη
3661 4649 3669 4655 _

375 4680 501 4722 cum
528 4668 911 4726 sacerdotibus
946 4678 999 4725 et
1045 4668 1367 4726 doctoribus
1405 4670 1532 4741 (llos
1577 4669 1726 4725 enim
1773 4678 1948 4737 patres

2060 4681 2217 4752 μένη,
2251 4682 2382 4735 ποτὲ
2418 4680 2518 4751 μὲν
2555 4676 2837 4749 βασιλεῦσι
2883 4676 2978 4729 καὶ⁵
3017 4675 3266 4745 ἄρχουσι,
3308 4669 3438 4724 ποτὲ
3469 4668 3525 4721 δὲ
3558 4669 3632 4719 ἰε-

380 4758 636 4828 vocavit),
677 4767 735 4817 et
784 4774 930 4830 saepe
975 4760 1143 4816 etiam
1190 4777 1318 4818 cum
1353 4760 1505 4816 omni
1562 4758 1806 4829 populo:
1857 4758 1948 4815 sed

2061 4770 2215 4842 ρεῦσι
2238 4771 2330 4823 καὶ
2348 4768 2687 4830 διδασκάλοις
2706 4765 2945 4835 (τούτους
2969 4764 3078 4836 γάρ
3096 4762 3336 4834 πατέρας
3354 4755 3631 4827 ἐκάλεσε),

377 4851 629 4918 quainvis
655 4851 771 4908 hac
803 4851 877 4906 ita
913 4852 1126 4916 tierent,
1181 4867 1286 4908 nos
1337 4859 1525 4906 tamen
1574 4848 1948 4906 contradicere

2061 4858 2322 4922 πολλάκις
2353 4856 2411 4910 δὲ
2446 4858 2541 4910 καὶ
2588 4854 2752 4910 παντὶ
2780 4854 2860 4925 τῷ
2898 4852 3013 4924 λαῷ
3035 4870 3049 4884 ο
3101 4851 3240 4906 ἀλλὰ
3290 4849 3386 4904 καὶ
3431 4847 3632 4902 τούτων

378 4944 869 5010 perseveravimus.
897 4941 1025 4999 Ideo
1058 4944 1187 5014 jure
1211 4942 1365 4999 addit
1391 4959 1406 4998 :

452 5129 622 5188 Vens.
655 5130 709 5190 7.
748 5153 768 5186 ι
799 5131 943 5202 Tibi,
964 5134 1458 5206 Domine,justitia,
1479 5144 1534 5191 et
1561 5136 1723 5195 nobis
1748 5139 1941 5195 confu-

454 5272 493 5327 αἱ
531 5287 664 5357 lmo,
692 5286 891 5346 Jercm.
920 5307 1072 5357 xvm,
1104 5291 1162 5361 9,
1195 5291 1279 5351 l0.

2057 4949 2202 5006 οὓτω
2247 4947 2558 5019 γενομένων
2604 4948 2761 5018 ήμείς
2808 4945 3190 5016 διετελέσαμεν
3237 4939 3631 5008 ἀντιλέγοντες.

2060 5042 2152 5098 Διὸ
2180 5043 2404 5105 εἰκότως
2435 5042 2819 5113 προστέθεικεν
2839 5054 2854 5069 ο

2123 5137 2188 5202 ζ’.
2238 5156 2255 5188 ι
2286 5135 2397 5202 Σοὶ,
2429 5134 2623 5205 Κύριε,
2654 5136 2689 5205 ή
2714 5132 3053 5203 δικαιοσύνη,
3079 5130 3173 5185 καὶ
3197 5131 3329 5202 ἡμῖν
3359 5132 3383 5201 ’γ
3408 5127 3635 5200 αἰσχύνη

1677 5443 1911 5501 νΑιιιᾹι
1950 5443 2357 5503 LECTIONES.

452 5535 566 5608 f"_B
594 5534 892 5608 τῆς-θείας
948 5534 1277 5608 φιλοτιμίας.
1355 5538 1401 5570 ⁷⁸
1441 5539 1610 5607 πέρας
1635 5580 1650 5605 ,
1687 5554 1742 5592 κ.
1774 5554 1824 5591 τ.
1862 5537 1912 5590 λ.
1938 5534 2017 5608 Ita
2063 5536 2175 5594 fere
2205 5553 2391 5608 supra,
2423 5545 2462 5592 t.
2491 5535 2544 5600 l,
2570 5551 2693 5607 pag.
2716 5532 2860 5608 Δ160,
2890 5534 2981 5589 ubi
3000 5533 3336 5608 ⁸ἰιςῐειινειξιξῐιι
3387 5532 3470 5608 ad
3497 5530 3631 5608 liae-

384 5604 615 5659 eliielem
642 5603 671 5660 a
704 5606 906 5660 Nostro
934 5603 1269 5672 referuntur,
1294 5622 1421 5662 cum
1451 5603 1634 5664 tamen

1664 5607 1846 5677 potius
1871 5608 1936 5662 ad
1960 5605 2165 5663 Jerem.
2204 5605 2358 5671 xviu,
2391 5609 2447 5672 9,
2477 5608 2564 5671 10,

2595 5601 2951 5676 pertineant._
2998 5605 3045 5676 ’ὲ
3075 5606 3116 5658 Β
3142 5604 3349 5668 ἐπάξω.
3427 5604 3471 5636 ⁷⁷
3491 5601 3631 5657 διαθ.

384 5675 433 5749 Δ.
458 5675 575 5728 etB
603 5675 815 5749 addunt
840 5691 956 5749 σου,
986 5675 1040 5749 li.
1077 5674 1113 5749 l_.
1145 5683 1201 5730 et
1222 5689 1353 5749 post
1378 5678 1526 5749 ἔλεον
1556 5678 1620 5748 (Α
1656 5672 1848 5749 ἔλεος).
1922 5678 1967 5711 ⁷³
1994 5678 2041 5730 Α
2068 5678 2168 5740 τάς
2191 5679 2428 5749 ἐντολάς.
2501 5678 2545 5709 ’⁸
2574 5672 2622 5730 οἰ
2646 5676 2697 5749 θ,
2726 5674 2878 5749 ἀνδρ.
2916 5672 3064 5749 _ln_B
3094 5684 3216 5744 post
3259 5685 3641 5749 zenon}.-_po-

388 5744 555 5819 pitur.
708 5743 822 5819 καί,
840 5744 970 5819 _De_s_.
997 5744 1053 5799 in
1076 5744 1138 5801 Β.
1171 5814 1189 5819 _
1216 5742 1259 5779 ⁸⁸
1287 5742 1658 5819 ήσεϐήσαμξεν.
1677 5748 1755 5803 Ex
1782 5742 1820 5801 Ᾰ
1852 5757 1905 5804 et
1926 5749 1969 5801 Β
1995 5751 2328 5818 suppletum.
2346 5748 2406 5801 ln
2435 5749 2481 5802 A
2510 5747 2764 5819 sequitur
2784 5742 2879 5799 καὶ
2904 5742 3244 5819 ἀπέστημεν.
3306 5742 3365 5819 ’ξ’
3390 5742 3633 5819 8é._De_s.

390 5809 442 5903 ξς
477 5811 546 5894 Β..
638 5812 796 5895 “ex:
839 5815 966 5903 InnB
1009 5809 1332 5903 ppLsthaugi'.
1377 5809 1612 5888 ponitur.
1713 5820 1757 5853 °‘

464 5880 556 5931 καὶ
588 5908 654 5919 --
685 5883 858 5949 manv.
896 5880 1027 5939 Dcsf
1046 5884 1179 5939 ibid.

380 6114 441 6169 Α

406 6178 411 6193 ι
428 6162 463 6201 ι

1791 5819 1831 5872 Β
1857 5819 2250 5889 γεγενημένην.

2354 5819 2398 5851 ⁸³
2431 5819 2471 5873 Δ
2504 5811 2836 5888 ἠκούσαμεν.
2913 5814 2958 5847 ⁸⁸
2990 5811 3271 5888 πρ.’τούς.
3316 5812 3441 5871 Dcs.
3479 5812 3534 5869 in
3565 5811 3620 5866 A-
