4092 6428
430 437 562 504 1481

1627 446 1709 508 ΙΝ
1760 445 2118 507 DANIELIS
2164 447 2324 509 CAP.
2369 449 2467 514 1X.

3551 439 3687 506 1462

426 551 521 607 τοῦ
549 547 866 622 προσώπου,
898 548 973 613 ὡς
1007 547 1039 620 ἡ
1067 550 1251 621 ἡμέρα
1283 548 1444 623 αὕτη,
1492 550 1646 626 ἀνδρὶ
1687 556 1877 622 Ἰούδα,
1913 562 2005 611 κει)⁵

2118 560 2192 614 sio
2225 557 2406 621 faciei,
2440 556 2589 612 sicut
2620 555 2737 611 dies
2771 554 2864 609 hic
2899 552 3015 609 viro
3062 550 3236 620 Iudae,
3293 559 3349 609 et
3387 552 3688 611 habitanti—

426 642 539 705 τοῖς
565 640 911 696 κατοικοῦσιν
935 640 982 674 ⁸⁸
1020 640 1396 715 ἷιερουσαὶπὴμ,
1434 646 1529 701 καὶ
1561 649 1723 701 παντὶ
1764 650 2002 721 Ἰσραὴλ,

425 735 539 797 τοῖς
586 732 750 801 ἐγγὺς
800 732 896 785 κα)⁸
941 734 1054 796 τοῖς
1101 735 1339 804 μακρὰν,
1389 737 1446 791 ἐν
1492 738 1642 812 πάσῃ
1689 743 1756 810 τῇ
1808 744 1902 811 γῇ,
1944 734 2004 795 οὗ

423 825 736 897 διέσπειρας
764 824 956 888 αὐτοὺς
974 826 1089 877 ἐκεῖ
1109 825 1167 878 ἐν
1189 826 1445 900 ἁθετὴσει
1467 832 1667 897 αὐτῶν,
1688 828 1785 908 θ’
1809 833 2005 904 ἠθέτη-

426 919 526 971 σαν
564 934 641 980 σε,
681 917 871 988 Κύριε.
910 938 928 970 ι
988 920 1067 972 Τὰ
1112 921 1210 990 μὲν
1242 921 1373 994 γὰρ,
1415 926 1599 996 φησὶν,
1648 927 1753 979 ὑπὸ
1784 926 2006 995 σοῦ-γε-

425 1008 738 1078 γενημένα,
788 1010 1128 1078 Δέσποτα⁹⁹,
1184 1017 1282 1085 τὴν
1338 1017 1437 1086 σὴν
1488 1018 1749 1087 κηρύττει
1805 1019 2006 1072 δικαιο-

426 1103 623 1172 σύνην·
673 1104 835 1174 ἡμεῖς
858 1104 914 1157 δὲ
960 1104 1049 1159 διὰ
1082 1105 1180 1176 τὴν
1222 1108 1419 1178 πολλὴν
1464 1111 1621 1180 ἡμῶν
1657 1113 2006 1183 παρανομίαν

423 1197 483 1247 ὲν
506 1194 738 1269 αἰσχύνῃ
764 1197 1069 1267 γενόμενοι,
1095 1203 1191 1271 τῆς
1215 1201 1351 1267 ἰδίας
1368 1203 1413 1234 ’ί
1441 1203 1834 1276 ἀγνωμοσύνης
1885 1223 2010 1261 κατ-

424 1284 754 1356 ηγοροῦμεν.
804 1287 894 1340 Σοὶ
949 1288 1047 1358 μὲν
1079 1289 1188 1360 γὰρ
1217 1292 1278 1344 ἐκ
1309 1292 1405 1360 τῆς
1439 1292 1711 1363 ἡμετέρας
1757 1295 2011 1359 ἀσεϐείας

422 1376 653 1446 οὐδεμία
683 1379 1044 1447 προσεγένετο
1076 1380 1244 1452 βλάϐη
1275 1400 1289 1413 ·
1344 1385 1503 1453 ἡμεῖς
1527 1383 1584 1436 δὲ
1614 1384 1724 1438 τῶν
1756 1386 2009 1457 σπερμά-

422 1485 535 1521 των
583 1468 882 1540 ἐδεξάμεθα
899 1473 944 1511 ⁸⁸
989 1473 1116 1535 τοὺς
1148 1474 1429 1545 καρποὺς,
1484 1475 1578 1529 καὶ
1622 1476 1890 1542 ἐλεεινῶς,
1928 1479 2010 1532 ὅτι

422 1558 533 1611 τῶν
566 1558 854 1630 ὁμοφύλων
898 1563 1250 1634 κατηγορῶν,
1301 1565 1394 1617 καὶ
1425 1567 1620 1621 ἑαυτὸν
1665 1571 1778 1632 τοῖς
1830 1586 2012 1641 παρα-

428 1651 622 1715 ϐάταις
656 1651 978 1707 συνάπτει.“

497 1749 567 1811 η’.
596 1761 615 1792 ι
638 1743 820 1814 Ἡμῖν,
835 1745 1071 1817 φησὶν,ή
1102 1747 1330 1818 αἰσχύνη
1350 1747 1441 1801 τοῦ
1461 1749 1774 1821 προσώπου,
1792 1751 1885 1804 καὶ
1902 1754 2013 1815 τοῖς

426 1835 736 1906 βασιλεῦσιν
762 1837 939 1909 ἡμῶν,
960 1840 1177 1903 καὶτοῖς
1203 1841 1459 1911 ἄρχουσιν
1475 1843 1654 1912 ἡμῶν,
1674 1844 1770 1896 καὶ
1793 1846 1904 1907 τοῖς
1920 1861 2014 1898 πα-

2107 650 2211 703 bus
2243 647 2656 719 Hierosolymze,
2690 653 2745 702 et
2773 645 2922 701 omni
2956 644 3165 707 Israeli,
3192 644 3259 698 iis
3297 645 3390 713 qui
3419 659 3608 714 prope,
3633 654 3687 699 et

2110 740 2179 795 iis
2207 740 2301 810 qui
2328 740 2506 809 longe,
2540 739 2594 794 in
2624 739 2776 795 omni
2813 747 2986 804 terra,
3016 739 3110 794 ubi
3163 735 3535 793 disseminasti
3591 751 3687 791 eos

2111 832 2165 885 in
2196 832 2655 902 praevaricatione
2682 844 2894 897 eorum,
2930 844 3039 900 qua
3071 828 3414 900 prmvaricati
3447 835 3579 882 sunt
3630 829 3686 881 in

2111 933 2182 991 te,
2215 925 2495 980 Domine.»
2527 925 2602 978 Ea
2634 925 2804 990 enim,
2827 938 2947 993 quae
2975 938 3005 977 a
3037 931 3090 978 te
3124 921 3265 976 facta
3300 929 3452 986 sunt,
3488 921 3685 990 inquit,

2114 1017 2360 1085 Domine,
2388 1027 2535 1071 tuam
2575 1016 2735 1087 quasi
2784 1014 3060 1086 praeconio
3104 1011 3493 1069 commendant
3522 1010 3688 1080 justi-

2112 1108 2289 1162 tiam:
2350 1123 2454 1163 nos
2493 1121 2625 1162 vero
2662 1113 2883 1176 propter
2943 1103 3186 1175 ingentia
3226 1109 3417 1159 nostra
3477 1101 3685 1157 scelera

2113 1200 2324 1271 pudore
2355 1197 2589 1268 perfusi,
2620 1197 2824 1267 ingrati
2867 1196 3031 1250 animi
3077 1194 3252 1250 nostri
3282 1194 3491 1249 crimen
3522 1194 3687 1248 accu-

2112 1306 2325 1346 samus.
2356 1289 2482 1355 Tibi
2515 1290 2661 1345 enim
2694 1304 2759 1345 ex
2800 1294 2991 1343 nostra
3033 1284 3312 1356 impietate
3339 1285 3474 1338 nihil
3500 1282 3683 1338 damni

2114 1384 2347 1439 accidit:
2386 1399 2488 1438 nos
2538 1392 2721 1438 autem
2760 1382 3032 1438 seminum
3076 1379 3289 1435 fructus
3345 1378 3598 1443 tulimus,
3634 1386 3688 1432 et

2113 1475 2531 1539 miserabiliter,
2567 1475 2697 1544 quia
2744 1475 3041 1544 cOgnatos‘
3098 1485 3390 1534 accusans,
3441 1470 3685 1541 seipsum

2114 1583 2331 1639 quoque
2364 1582 2490 1622 cum
2522 1567 2589 1623 iis
2616 1567 2707 1638 qui
2742 1567 2911 1641 legem
2953 1564 3244 1630 violarent,
3273 1563 3579 1635 coniungit.

2207 1747 2374 1803 Vens.
2412 1748 2465 1803 8.
2513 1766 2532 1800 ι
2596 1746 2791 1811 Nobis,
2848 1747 3049 1817 inquit,
3086 1746 3342 1802 confusio
3401 1745 3582 1803 faciei.
3637 1752 3692 1801 et

2118 1841 2336 1911 regibus
2370 1841 2602 1904 nostris,
2645 1850 2699 1896 et
2732 1840 3073 1910 principibus
3101 1839 3331 1904 nostris,
3358 1845 3413 1893 et
3441 1837 3691 1908 patribus

426 1930 618 1998 τράσιν
644 1901 822 1999 ἡμῶν,
843 1931 1040 1996 οἵτινες
1059 1901 1376 2003 ἡμάρτομεν
1407 1901 1553 1988 corr)
1604 1901 1807 1990 ἰ’κανδν
1822 1901 2015 1990 δὲ-τού-

2119 1933 2348 1999 nostris,
2378 1934 2473 2004 qui
2521 1934 2870 2003 peccavimus
2911 1942 3103 1988 contra
3143 1938 3217 1987 te.
3266 1950 3285 1983 ι
3333 1928 3691 1999 Unumquod—

428 2039 536 2076 των
567 2021 795 2075 ἕκαστον
837 2023 915 2085 είς
957 2022 1103 2076 ἔλεον
1139 2023 1448 2095 ἐπικάμψαι
1470 2026 1566 2079 καὶ
1597 2025 1688 2079 τὸν
1716 2026 2016 2096 ὠμότατον,

430 2114 632 2183 μήτιγε
662 2112 751 2167 τὸν
766 2113 814 2145 ⁸³
844 2113 1193 2186 ἡμερώτατον
1217 2116 1311 2169 καὶ
1330 2115 1868 2189 φιλανθρωπότατον.
1898 2119 2017 2172 Δεί-

427 2221 526 2256 κνυ
535 2220 586 2256 σι
614 2203 722 2274 γὰρ
739 2202 827 2258 διὰ
849 2202 955 2257 τῶν
969 2204 1142 2274 λόγων
1158 2206 1217 2258 οὐ
1237 2206 1360 2270 τοὺς
1388 2207 1624 2272 εὐτελεῖς
1640 2209 1734 2263 τοῦ
1761 2209 1892 2264 λαοῦ
1924 2211 2018 2266 καὶ

427 2296 653 2362 ἀφανεῖς
680 2295 874 2364 μόνους
902 2295 1162 2366 αἰσχύνης
1186 2296 1650 2369 ἀναπλησθέντας,
1667 2299 1907 2354 ἀλλὰκαὶ
1922 2301 2019 2354 αὐ-

427 2385 551 2449 τοὺς
568 2385 692 2449 τοὺς
710 2384 986 2456 βασιλέας,
1006 2387 1234 2449 καὶτοὺς
1253 2385 1537 2458 ἄρχοντας.
1559 2390 1789 2454 καὶτοὺς
1814 2390 2015 2461 ἱερέαςο

430 2474 647 2541 τούτους
694 2477 803 2548 γὰρ
852 2478 1096 2551 πατέρας
1151 2477 1424 2551 ὠνόμασε.
1481 2482 1591 2537 Καὶ
1654 2481 1869 2546 δεικνὺς
1918 2483 2016 2553 τῆς

436 2567 699 2638 τιμωρίας
731 2567 790 2622 τὸ
816 2567 1047 2632 δίκαιον,
1080 2570 1467 2641 προστέθεικεν
1491 2588 1506 2600 °
1554 2591 1573 2624 ι
1594 2571 1804 2637 Οἴτινες
1833 2573 2016 2644 ἡμάρ-

437 2658 597 2726 τομέν
623 2675 723 2713 σοι.
753 2679 772 2712 ι
820 2658 960 2713 Ἀλλ’
984 2660 1145 2731 ἡμεῖς
1173 2661 1269 2732 μὲν
1300 2660 1482 2726 ἀξίους
1509 2663 1888 2734 ὲκομισάμεθα
1916 2664 2018 2735 τῆς

433 2750 778 2821 παρανομίας
805 2752 933 2815 τοὺς
967 2751 1217 2822 καρπούς
1235 2768 1248 2782 ’

503 2841 570 2898 θ’.
619 2861 638 2894 ι
668 2842 774 2896 Τοῦ
803 2842 1008 2915 Κυρίου
1036 2842 1092 2896 δὲ
1126 2842 1262 2897 Θεοῦ
1288 2845 1509 2916 ἠμῶν“
1539 2847 1586 2899 οἱ
1617 2848 1895 2919 οἰκτιρμοὶ
1921 2848 2018 2902 καὶ

432 2932 728 3004 ί>.ασμοί⁹⁵,
763 2953 781 2987 ι
829 2935 1038 3006 Πρέπει
1070 2936 1178 3007 γάρ
1204 2953 1311 3000 σοι,
1342 2936 1533 3007 ἡμέρῳ
1565 2937 1677 2990 ῦντι
1708 2940 1800 2992 καὶ
1830 2939 2017 3008 φιλαν-

430 3025 655 3098 θρώπῳ,
699 3026 833 3097 ἐλέῳ
859 3029 953 3081 καὶ¹
980 3028 1147 3098 οἴκτῳ
1176 3029 1305 3099 περὶ
1333 3030 1481 3099 ἡμᾶς
1524 3028 1853 3099 χρήσασθαι.
1904 3029 2017 3084 Καὶ⁹

430 3120 704 3190 ἐπιμένων
748 3123 813 3192 τῇ
863 3121 963 3190 τῆς
1013 3124 1362 3193 παρανομίας
1411 3122 1715 3195 κατηγορίᾳ
1792 3123 2015 3195 (ἢκουσε

2118 2042 2223 2094 que
2257 2026 2453 2080 horum
2490 2026 2625 2081 satis
2656 2033 2764 2092 est,
2787 2026 2873 2081 vel
2905 2024 3345 2080 crudelissimum
3371 2022 3438 2077 ad
3475 2022 3692 2076 miscri-

2116 2118 2357 2173 cordiam
2385 2117 2628 2183 ﬂectere,
2660 2117 2861 2172 nedum
2898 2116 3259 2171 mitissimum
3304 2122 3358 2169 et
3409 2114 3693 2168 humaniso

2116 2212 2337 2267 simum.
2388 2209 2487 2266 His
2544 2211 2687 2266 enim
2744 2209 2929 2264 verbis
2993 2207 3254 2272 ostendit,
3316 2222 3426 2261 non
3498 2214 3692 2261 tenues

2115 2303 2368 2358 homines
2394 2319 2425 2358 e
2460 2303 2633 2373 plebe,
2667 2317 2844 2372 neque
2873 2301 3138 2373 ignobiles
3168 2308 3383 2354 tantum
3406 2340 3420 2363 ,
3460 2299 3693 2370 ignomi-

2117 2395 2209 2449 nia
2236 2394 2481 2461 all‘ectos,
2513 2395 2609 2450 sed
2638 2394 2804 2449 etiam
2839 2407 2994 2465 reges
3022 2393 3172 2464 ipsos
3200 2400 3254 2447 et
3286 2392 3591 2461 principes,
3637 2398 3691 2444 ct

2115 2502 2254 2557 quos
2280 2496 2458 2556 patres
2485 2487 2845 2557 nuncupavit,
2876 2486 3213 2543 sacerdotes.
3243 2484 3456 2555 1232
3474 2482 3691 2538 JuStas-
3780 2518 3790 2529 -

2116 2591 2223 2646 que
2256 2592 2378 2633 esse
2405 2591 2598 2646 pmnas
2628 2573 2950 2638 ostendens,
2989 2572 3199 2627 addidit
3232 2590 3245 2626 :
3282 2588 3300 2621 ι
3357 2570 3460 2636 Qui
3494 2583 3693 2639 pecca-

2115 2667 2299 2723 vimus
2352 2674 2546 2724 contra
2589 2674 2662 2722 te.
2706 2686 2727 2719 ι
2792 2658 2996 2720 Verum
3058 2678 3161 2720 nos
3216 2661 3438 2734 quidem
3496 2662 3691 2733 dignos

2117 2759 2406 2829 iniquitate
2434 2766 2624 2814 nostra
2657 2756 2870 2814 fructus
2904 2756 3172 2812 tulimus:

2185 2850 2354 2908 Vsus.
2385 2852 2436 2907 9.
2482 2871 2500 2905 ι
2539 2849 2750 2906 Domini
2774 2856 2957 2905 autem
2988 2847 3082 2904 Dei
3112 2847 3289 2902 nostri
3328 2845 3502 2914 (sunt)
3528 2846 3695 2900 mise-

2115 2943 2362 3000 rationes
2392 2951 2445 2999 et
2470 2942 2911 3013 propitiationes.
2957 2960 2976 2993 ι
3003 2940 3166 2996 Decet
3198 2937 3346 2994 enim
3402 2946 3456 2993 te
3504 2920 3691 2991 mitem

2116 3042 2171 3091 et
2194 3036 2519 3091 clementem
2552 3032 2932 3091 misericordia
2964 3040 3019 3087 et
3045 3030 3402 3086 miseratione
3424 3044 3554 3100 erga
3595 3042 3695 3083 nos

2117 3125 2474 3181 commoveri.
2510 3123 2575 3178 Et
2608 3138 2954 3179 commorans
2981 3123 3036 3175 in
3083 3121 3409 3177 accusandis
3446 3118 3687 3189 peccatis

430 3210 540 3281 γὰρ
568 3210 663 3264 τοῦ
694 3210 827 3264 Θεοῦ
862 3211 930 3264 δι’
959 3213 1145 3284 ἑτέρου
1176 3214 1457 3284 προφήτου
1485 3212 1735 3282 λέγοντος
1764 3230 1779 3245 ο
1828 3232 1847 3264 ι
1872 3213 2015 3284 Λέγε

2122 3217 2375 3291 (audivit
2404 3218 2606 3286 quippe
2630 3216 2800 3273 Deum
2833 3231 2930 3285 per
2955 3213 3123 3268 alium
3153 3213 3475 3284 prophetam
3506 3211 3695 3264 dicen-

434 3302 499 3353 σὺ
541 3301 639 3365 τὰς
682 3302 909 3372 ἀνομίας
957 3319 1048 3356 σου
1109 3303 1420 3372 πρῶτονθδ,
1474 3302 1562 3357 ἵνα
1608 3303 1904 3376 δικαιωθῇς
1946 3304 2012 3376 ι),

431 3393 729 3447 οἰκειοῦται
761 3393 859 3463 τὴν
891 3392 989 3447 τοῦ
1035 3393 1166 3448 λαοῦ
1207 3393 1574 3465 παρανομίαν,
1626 3395 1721 3449 καὶ
1763 3394 1860 3467 τὴν
1892 3396 2018 3450 ταύ-

433 3501 535 3555 της
586 3487 821 3539 ποιεῖται
875 3485 1246 3557 κατηγορίαν,
1304 3485 1395 3539 τὸν
1450 3485 1592 3540 θεῖον
1648 3486 1797 3540 ἔλεον
1847 3489 2018 3556 ἐπαγ-

435 3576 663 3645 γέλλων.

510 3675 560 3722 ι’.
626 3687 644 3720 ι
670 3668 795 3722 Ὀτι
848 3668 1184 3740 ἀπέστημεν,
1221 3670 1376 3740 φησὶ,
1421 3669 1516 3723 καὶ
1557 3670 1658 3725 οὐκ
1695 3670 2019 3741 εἰσηκούσα-

441 3776 538 3830 μεν
564 3758 665 3828 τῆς
696 3762 879 3831 φωνῆς
929 3761 1134 3832 Κυρίου
1176 3761 1271 3814 τοῦ
1299 3759 1433 3815 Θεοῦ
1474 3761 1654 3833 ἡμῶν,
1695 3762 2018 3833 πορεύεσθαι

443 3853 500 3902 ὲν
524 3853 632 3913 τοῖς
652 3851 837 3921 νόμοις
868 3852 1060 3918 αὑτοῦ,
1085 3848 1167 3917 οἷς
1195 3854 1362 3908 ἔδωκε
1385 3854 1528 3908 κατὰ
1552 3855 1841 3927 πρόσωπον
1865 3855 2021 3927 ἡμῶν

445 3940 502 3991 ὲν
534 3941 674 4010 χειρὶ
703 3939 808 3993 τῶν
835 3940 1037 3995 δούλων
1068 3941 1230 3996 αὑτοῦ
1260 3941 1368 3995 τῶν
1391 3945 1707 4015 προφητῶν.
1743 3964 1761 3997 ι
1796 3945 2024 4011 Φωτιζό-

448 4047 593 4100 μενοι
623 4032 752 4102 γὰρ,
781 4034 964 4104 φησὶν,
998 4033 1103 4087 ὑπὸ
1140 4033 1248 4088 τῶν
1287 4035 1604 4107 προφητῶν,
1637 4037 1731 4090 καὶ
1758 4035 2025 4107 ποδηγού-

444 4139 595 4192 μενοι
639 4123 773 4194 πρὸς
811 4125 873 4177 τὸ
902 4124 1042 4190 δέον,
1095 4124 1470 4194 ἀντιλέγοντες
1504 4126 1683 4182 πάντα
1712 4127 1806 4181 τὸν
1832 4128 2022 4198 χρόνον

439 4213 842 4287 διετελέσαμεν.

515 4313 602 4360 ια’.
648 4325 666 4357 ι
694 4307 808 4360 Καὶ
835 4308 942 4372 πᾶς
991 4307 1208 4380 Ἰσραὴλ
1236 4309 1556 4380 παρέϐησαν
1586 4309 1678 4363 τὸν
1705 4310 1868 4380 νόμον
1903 4327 2020 4374 σου,

439 4399 536 4451 καὶ
561 4398 842 4465 ἐξέκλιναν
868 4399 964 4453 τοῦ
1012 4399 1086 4471 μὴ
1125 4398 1355 4455 ἀκοῦσαι
1399 4402 1499 4472 τῆς
1525 4402 1708 4473 φωνῆς
1739 4419 1853 4456 σου.
1888 4420 1906 4453 ›
1960 4403 2023 4456 Ei

440 4489 550 4560 γὰρ
579 4493 626 4544 oi
663 4492 759 4559 μὲν
791 4491 1132 4562 παρέϐησαν,
1170 4495 1220 4546 οἱ
1263 4493 1321 4546 δὲ
1352 4491 1590 4562 φύλακες
1631 4494 1878 4564 ἀκριϐεῖς
1915 4491 2025 4546 τῶν

2118 3318 2266 3367 tem:
2312 3328 2332 3362 ι
2360 3309 2479 3373 Dic,
2515 3317 2599 3374 tu,
2622 3308 2944 3377 iniquitates
2973 3313 3097 3359 tuas
3131 3304 3392 3375 primum,
3431 3310 3490 3356 ut
3525 3300 3692 3370 justi-
3777 3366 3798 3383 .

2120 3399 2298 3456 ﬂceris
2327 3420 2346 3452 ι
2374 3403 2419 3470 ),
2445 3400 2727 3454 asciscens
2761 3398 2863 3452 sibi
2894 3396 3074 3467 populi
3104 3396 3333 3459 scelera,
3356 3409 3418 3447 ea
3445 3400 3692 3459 accusat,

2118 3491 2361 3547 divinam
2400 3489 2706 3561 praedicans
2743 3486 3196 3567 misericordiam.

2195 3667 2360 3725 Vsus.
2402 3665 2486 3721 ιο.
2521 3683 2540 3717 ι
2580 3663 2723 3730 Quia
2776 3659 3130 3723 recessimus,
3194 3657 3389 3730 inquit.
3457 3653 3527 3710 Et
3583 3672 3696 3715 non

2121 3759 2436 3815 audivimus
2465 3769 2657 3811 vocem
2692 3752 2911 3807 Domini
2950 3750 3042 3807 Dei
3078 3750 3276 3815 nostri,
3335 3758 3397 3804 ut
3444 3750 3696 3805 ambula-

2121 3864 2309 3906 remus
2343 3849 2398 3903 in
2427 3848 2641 3918 legibus
2669 3846 2814 3914 ejus,
2849 3858 2987 3914 quas
3017 3842 3172 3898 dedit
3203 3851 3331 3897 ante
3362 3841 3557 3898 faciem
3598 3857 3699 3898 no-

2122 3952 2316 4003 stram,
2349 3940 2403 3994 in
2434 3953 2598 3993 manu
2635 3918 3177 3993 servorum'suorum
3214 3932 3626 4002 prophetarum.
3671 3950 3690 3983 ο

2121 4030 2420 4086 Illuminati
2454 4029 2600 4083 enim
2632 4043 2661 4081 a
2694 4026 3000 4096 prophetis,
3027 4024 3226 4094 inquit,
3262 4030 3319 4077 et
3349 4022 3498 4076 ducti
3541 4022 3607 4076 ad
3633 4037 3699 4077 ea

2122 4137 2244 4192 quze
2288 4120 2541 4176 facienda
2570 4126 2750 4182 erant,
2794 4117 3073 4172 adversari
3123 4128 3338 4183 semper
3371 4127 3696 4184 persevera-

2122 4217 2318 4269 vimus.

2193 4305 2357 4361 Vsas.
2390 4304 2477 4359 ll.
2511 4322 2528 4355 ι
2568 4301 2633 4355 Ει
2654 4316 2846 4355 omnes
2881 4300 2948 4353 de
2980 4299 3181 4355 lsraele
3217 4301 3493 4356 violarunt
3523 4301 3695 4370 legem

2125 4410 2296 4461 tuam,
2328 4405 2380 4450 et
2413 4396 2826 4450 declinaverunt
2856 4407 2923 4446 ne
2954 4391 3208 4445 audirent
3244 4407 3432 4447 vocem
3466 4400 3635 4447 tuam.
3672 4412 3691 4443 ι

2128 4493 2184 4547 Si
2219 4491 2363 4546 enim
2403 4489 2495 4543 alii
2539 4487 2765 4557 quidem
2804 4485 3125 4552 violassent,
3161 4486 3255 4539 alii
3299 4484 3526 4555 perfecti
3559 4486 3698 4541 fuis-

445 4582 551 4634 σῶν
577 4581 755 4653 νόμων
790 4581 1058 4649 ἐγένοντο,
1105 4585 1206 4637 οὐκ
1250 4584 1317 4639 ἂν
1344 4585 1446 4653 τὴν
1480 4584 1766 4656 συμφορὰν
1793 4585 2015 4656 ὑπέμει-

2126 4590 2249 4639 sent
2272 4582 2454 4651 legum
2488 4589 2704 4633 tuarum
2736 4575 3140 4640 observatores,
3168 4575 3365 4645 utique
3396 4588 3505 4629 non
3536 4575 3704 4629 susti-

443 4687 539 4723 ναν
556 4670 600 4703 ³⁷
632 4669 836 4732 ταύτην
860 4688 872 4702 ο
908 4671 1096 4742 ἐπειδὴ
1119 4672 1175 4726 δὲ
1199 4673 1349 4745 κοινὴ
1374 4674 1526 4745 παρὰ
1551 4675 1766 4728 πάντων
1788 4676 1820 4745 ἠ
1850 4691 2021 4746 παρα-

444 4762 607 4830 νομία
631 4762 983 4834 τετόλμηται,
1033 4764 1259 4830 εἰκότως
1304 4765 1469 4838 φησίν
1499 4782 1515 4798 ο
1573 4784 1593 4819 ι
1636 4767 1905 4837 Ἐπῆλοεν
1935 4770 2021 4837 ἐφ’

444 4853 594 4921 ἡμᾶς
620 4854 654 4924 ἡ
692 4854 927 4926 κατάρα,
958 4856 1052 4909 καὶ
1084 4858 1112 4910 ὁ
1140 4857 1299 4927 ὅρκος
1340 4859 1368 4910 ὁ
1417 4859 1805 4932 γεγραμμένος
1845 4860 1904 4913 ἐν
1944 4859 2023 4932 τῷ

446 4942 596 5013 νόμῳ
616 4944 786 5014 Μωσῆ
798 4944 845 4976 ⁸⁸
865 4944 1052 5000 δούλου
1075 4945 1169 5000 τοῦ
1187 4948 1342 5013 Θεοῦ,
1365 4950 1447 5002 ὅτι
1472 4951 1968 5023 ήμάρτομεναύτῷ.
1995 4971 2013 5003 ι

450 5035 672 5103 Ὅρκον
712 5036 768 5089 δὲ
810 5036 968 5090 καλεῖ
1010 5038 1103 5094 τὸν
1147 5042 1206 5093 ὲν
1240 5039 1318 5111 τῷ
1350 5043 1753 5114 Δευτερονομίῳ
1786 5042 1889 5095 ὑπὸ
1927 5041 2020 5095 τοῦ

447 5125 581 5179 Θεοῦ
605 5127 1002 5198 γεγενημένον’
1035 5149 1053 5182 ι
1090 5130 1234 5202 Ἀρῶ
1265 5133 1394 5203 γὰρ,
1425 5133 1609 5203 φησὶν,
1643 5134 1719 5196 εἰς
1750 5134 1840 5185 τὸν
1867 5134 2024 5204 ούρα-

448 5218 536 5272 νδν
562 5217 659 5290 τὴν
684 5221 844 5291 χεῖρά
879 5237 1002 5290 μου,
1049 5223 1143 5277 καὶ
1177 5224 1417 5295 ὀμοῦμαι
1446 5227 1512 5297 τῇ
1558 5224 1709 5297 δεξιᾷ
1757 5241 1880 5295 μου,
1927 5227 2021 5278 καὶ

520 5406 546 5437 ⁸
575 5409 731 5465 Deut.
766 5426 938 5480 χχιιι,
965 5409 1152 5466 40-42.

2128 4672 2383 4728 nuissent
2414 4670 2557 4724 hanc
2597 4666 2963 4721 calamitatem
2994 4683 3007 4719 :
3041 4678 3167 4718 cum
3211 4678 3342 4718 vero
3393 4664 3701 4719 communis

2128 4763 2374 4819 omnium
2403 4759 2665 4830 iniquitas
2708 4757 2825 4812 haec
2870 4770 3003 4811 ausa
3035 4754 3221 4820 fuerit,
3254 4755 3451 4811 merito
3481 4756 3696 4825 inquit:

2133 4876 2152 4909 ι
2220 4854 2383 4911 Venit
2437 4867 2606 4922 super
2656 4864 2755 4905 nos
2816 4846 3132 4903 maledictio
3192 4857 3245 4902 et
3310 4847 3701 4918 jusjurandum

2130 4948 2397 5016 scriptum
2434 4944 2489 4997 in
2524 4943 2640 5011 lege
2681 4938 2848 4993 Mosis
2875 4935 3017 4991 servi
3050 4935 3166 5002 Dei,
3199 4935 3327 5006 quia
3354 4936 3705 5006 peccavimus

2131 5040 2323 5093 contia
2380 5049 2527 5089 eum.
2594 5051 2612 5083 ι
2666 5026 3060 5096 Jusjurandum
3119 5034 3301 5082 autem
3336 5035 3518 5090 vocat,
3556 5028 3704 5098 quod

2132 5130 2278 5184 Deus
2305 5127 2514 5197 juravit
2541 5125 2595 5178 in
2624 5121 3050 5177 Deutcronomio
3082 5120 3388 5191 scriptum:
3428 5137 3446 5172 ι
3488 5118 3708 5176 Levabo

2132 5221 2276 5275 enim
2307 5220 2360 5273 in
2400 5217 2620 5279 ccelum,
2653 5212 2828 5284 inquit
2849 5221 2899 5276 ιι,
2937 5222 3403 5279 manum‘meam,
3431 5222 3484 5268 et
3510 5212 3709 5284 jurabo

1751 5568 1982 5625 VARle
2008 5567 2403 5625 LECTIONES.

544 5696 592 5731 ⁸⁸
615 5701 659 5750 Δ
681 5699 998 5756 ἐνοικοῦσιν.

636 5703 998 5775 δ-ὲνοικοῦσιν.
1060 5774 1065 5775 γ
1105 5703 1149 5775 ξ’
1187 5705 1387 5759 αὐτῶν.
1422 5703 1515 5775 Ειι
1550 5704 1588 5758 Δ
1636 5715 1692 5759 et
1751 5706 1792 5757 Β
1822 5706 2003 5775 suppl.

452 5770 496 5802 "
537 5768 602 5822 i6.
636 5768 924 5835 Βοίκείας.

1175 5791 1265 5829 an,
1314 5774 1470 5844 ήμῶν
1501 5774 1835 5845 δρεπόμεθα.

2102 5707 2149 5738 °°
2193 5704 2361 5758 Δέσπ.
2399 5704 2441 5755 Β
2476 5718 2660 5770 pratum.

456 5773 496 5802 "
537 5773 602 5822 ιδ.
637 5773 924 5835 Βοικείας.
1026 5774 1070 5807 ⁹¹
1103 5773 1143 5827 Β
1175 5791 1265 5829 σπ.
1314 5774 1470 5844 ἡμῶν
1501 5774 1835 5877 δρεπόμεθα.
1894 5773 1905 5775 ’
1932 5773 1983 5807 δ’
2007 5777 2113 5830 τόν.
2156 5778 2196 5828 Β
2247 5790 2433 5844 przem.
2466 5773 2553 5845 δή.

456 5838 499 5893 Δ
522 5847 575 5895 ct
596 5837 636 5892 Β
668 5854 850 5897 manui.
882 5843 950 5897 oi.
1047 5844 1093 5874 ”
1124 5844 1164 5897 Β
1192 5846 1427 5897 πρῶτος.
1554 5847 1571 5877 ⁷
1605 5847 1643 5897 Β
1677 5847 2068 5897 ὑπεμείναμεν.
2143 5848 2187 5879 ’⁸
2216 5847 2255 5897 Β
2276 5845 2504 5897 Μωῦσῆ.

666 5854 850 5909 praem.
882 5847 950 5897 οἱ.
1047 5847 1093 5874 ’⁵
1124 5847 1164 5897 Β
1192 5847 1427 5917 πρῶτος.
1529 5847 1571 5877 ’⁷
1605 5847 1643 5897 Β
1677 5847 2068 5918 ὑπεμείναμεν.
2143 5848 2187 5879 ’⁸
2216 5847 2255 5898 Β
2276 5847 2504 5914 Μωῦσῆ.

2711 5697 2964 5773 φησίνῶ,
2996 5700 3202 5773 omisso
3231 5693 3705 5773 gqaiv_anle_t}7_:§.

2653 5773 2698 5806 ”
2724 5763 2786 5827 'A'
2806 5771 2895 5843 Τῷ
2937 5763 3123 5843 Κυρίῳ
3150 5763 3269 5840 Θειῖῖ
3293 5763 3471 5839 ἢμῶν-
3562 5764 3606 5797 ’⁸
3635 5763 3704 5819 ιλ·
