4092 6390
442 367 583 429 1463

1462 370 1946 434 THEODORETI
1978 375 2315 435 EPlSCOPl
2346 326 2710 437 (iYRENSlS

3569 367 3705 434 1465

440 479 666 535 dextera
704 491 845 541 mea,
869 483 923 530 et
949 475 1129 532 dicam
1159 495 1177 532 :
1199 476 1337 533 Vivo
1367 492 1468 548 ego
1500 480 1555 534 in
1576 490 1864 545 aeternum,
1894 484 2021 551 quia

2127 483 2237 555 ἐρῶ
2265 501 2274 510 ·
2307 482 2393 537 Ζῶ
2420 482 2530 550 ἐγὼ
2557 485 2635 546 εἰς
2659 481 2748 534 τὸν
2776 472 2965 543 αἰῶνα,
2989 480 3069 534 ὅτι
3098 477 3387 549 παροξυνῶ
3409 479 3483 546 ὠς
3505 480 3707 556 άστρα·

440 587 629 627 aruam
678 581 735 625 ut
775 569 959 640 fulgur
1000 569 1243 639 gladium
1291 586 1494 634 meum,
1524 580 1578 626 et
1614 573 1842 644 arripiet
1869 574 2025 644 judi-

442 659 591 714 dium
623 676 818 715 manus
848 674 987 725 mea,
1026 659 1238 730 1233
1276 669 1330 716 et
1364 662 1678 729 vindicabo,
1706 672 1762 720 et
1797 666 2021 720 reddam

443 752 705 806 ultionem
766 751 1017 807 hostibus
1053 752 1211 815 meis,
1246 760 1299 807 et
1353 753 1672 810 odientibus
1719 770 1805 811 me
1862 756 2025 811 retri-

443 845 601 896 buam
630 860 644 895 :
675 842 958 897 inebriabo
1001 844 1236 914 sagittas
1273 860 1425 900 meas
1478 847 1779 916 sanguine,
1814 853 1869 902 et
1912 848 2025 917 glac

440 935 562 989 dius
602 947 758 988 meus
790 933 1076 991 devorabit
1110 949 1330 999 carnes.
1374 937 1788 1009 (inebriabitur)
1825 954 2025 995 cruore

438 1028 853 1081 vulneratorum
881 1037 937 1083 et
977 1030 1349 1098 captivorum,
1386 1029 1515 1084 inde
1542 1046 1570 1084 a
1597 1032 1780 1100 capite
1814 1033 2021 1102 princi-

439 1133 566 1187 pum
590 1118 837 1190 gentium
867 1161 881 1173 .
912 1138 931 1171 ι
971 1118 1038 1172 Ει
1064 1119 1229 1189 paulo
1270 1128 1396 1175 ante
1421 1120 1539 1177 bmc
1573 1123 1738 1177 verba
1760 1162 1776 1188 ,
1799 1124 1879 1178 sic
1900 1124 1973 1177 ait
2008 1143 2020 1178 :

446 1229 462 1260 ι
502 1209 662 1264 Dixi:
697 1211 1010 1281 Dispergam
1072 1227 1192 1276 eos,
1234 1227 1455 1269 cessare
1523 1212 1716 1269 faciam
1747 1229 1813 1269 ex
1845 1214 2023 1269 bomi-

441 1301 604 1356 nibus
636 1302 962 1356 memoriam
998 1317 1194 1358 eorum
1215 1311 1261 1358 °.
1291 1306 1309 1323 ‘
1354 1322 1373 1354 ι
1413 1303 1847 1361 lllaledictionem
1896 1321 2026 1362 vero

440 1407 559 1447 eam
594 1392 749 1456 dicit,
780 1409 903 1463 quae
951 1409 984 1448 a
1021 1410 1118 1450 sex
1167 1396 1422 1452 tribubus
1457 1396 1599 1450 facta
1628 1404 1714 1451 est
1750 1397 1805 1451 in
1839 1407 2025 1453 monte

442 1482 635 1538 Gebal.
672 1482 809 1539 lllud
854 1485 1038 1555 itaque
1073 1485 1491 1558 jusjurandum,
1529 1488 1730 1557 inquit,
1763 1495 1818 1542 et
1857 1489 2026 1543 male-

443 1576 634 1644 dictio,
671 1592 791 1648 quze
821 1576 966 1633 facta
998 1587 1083 1634 est
1117 1578 1172 1632 in
1228 1579 1344 1649 lege
1378 1578 1565 1643 Mosis,
1623 1578 1677 1632 iu
1715 1577 1874 1633 nobis
1925 1594 2023 1633 ex-

445 1672 581 1724 itum
620 1670 818 1725 sortita
842 1678 947 1727 est.

522 1760 687 1818 Vnus.
718 1763 804 1817 12.
853 1781 873 1815 ι
904 1762 970 1815 Ει
1004 1762 1201 1817 statuit
1237 1777 1523 1819 sermones
1571 1780 1724 1828 suos,
1769 1778 1907 1833 quos
1942 1764 2024 1816 lo-

2128 574 2235 645 πὴν
2269 577 2368 643 τὴν
2414 574 2687 644 μάχαιράν
2724 591 2849 643 μου,
2897 573 2991 626 καὶ
3044 572 3325 637 ἀνθέξεται
3372 576 3640 647 κρίματος
3673 582 3706 650 ἡ

2126 668 2249 738 χείρ
2286 684 2407 737 μου,
2436 668 2530 719 καὶ
2558 666 2851 737 ἐκδικήσω,
2897 665 2990 719 καὶ
3018 665 3384 719 ἀνταποδώσω
3416 667 3570 739 δίκην
3597 673 3711 735 τοῖς

2126 757 2342 829 ἐχθροῖς
2396 774 2527 827 μου,
2578 757 2672 833 καὶ
2731 759 2843 820 τοῖς
2903 755 3122 827 μισοῦσί
3177 774 3245 827 με
3300 758 3708 814 ἀνταποδώσωο

2131 850 2350 921 μεθύσω
2388 849 2454 903 τὰ
2486 850 2615 921 βέλη
2667 868 2767 920 μου
2815 851 2906 919 ἀφ’
2943 850 3193 921 αἵματος,
3241 849 3335 904 καὶ
3382 854 3417 923 ἡ
3466 852 3713 924 μάχαιρά

2131 960 2230 1012 μου
2287 944 2519 1012 φάγεται
2572 942 2708 1013 κρέα
2759 942 2853 1011 ἀφ’
2900 943 3133 1012 αἵματος
3177 944 3568 1013 τραυματιῶν,
3602 944 3714 998 ,καὶ

2127 1035 2528 1107 αἰχμαλωσίας,
2578 1035 2688 1089 ἀπὸ
2714 1035 2957 1109 κεφαλῆς
2991 1034 3272 1107 ἀρχόντων
3300 1034 3490 1090 ἐθνῶν.
3528 1054 3547 1087 ι
3600 1037 3712 1090 Καὶ

2130 1126 2325 1196 μικρὸν
2381 1124 2487 1196 πρὸ
2536 1128 2739 1181 τούτων
2795 1126 3057 1197 φησίν’⁹·
3114 1144 3132 1176 ι
3165 1122 3373 1179 Εἶπον·
3424 1126 3713 1197 Διασπερῶ

2128 1216 2345 1278 αὑτοὺς.
2382 1215 2574 1269 παύσω
2601 1216 2658 1270 δὲ
2677 1217 2693 1246 ¹
2733 1216 2792 1281 ἐξ
2821 1214 3123 1285 ἀνθρώπων
3147 1215 3207 1268 τὸ
3239 1217 3585 1288 μνημόσυνον
3616 1217 3712 1270 αὑ-

2126 1306 2256 1359 τῶν.
2296 1326 2313 1357 ι
2355 1306 2465 1377 Τὴν
2498 1307 2554 1361 δὲ
2581 1302 2850 1380 κατάραν,
2886 1308 2984 1379 τὴν
3018 1309 3121 1363 ὑπὸ
3149 1309 3257 1362 τῶν
3286 1309 3347 1375 ἒξ
3380 1310 3580 1380 φυλῶν,
3614 1309 3712 1379 τὴν

2128 1398 2189 1450 ὲν
2232 1398 2311 1469 τῷ
2356 1400 2469 1470 δρει
2503 1398 2580 1469 τῷ
2626 1399 2797 1453 Γεϐὰλ
2847 1403 3219 1472 γεγενημένην
3262 1403 3429 1471 λέγει.
3478 1405 3714 1468 Ἐκεῖνος

2129 1490 2325 1554 τοίνυν,
2357 1491 2541 1560 φησὶν,
2581 1493 2609 1543 6
2638 1492 2820 1562 ὅρκος,
2860 1495 2953 1545 καὶ
2982 1495 3014 1561 ἡ
3047 1494 3262 1565 κατάρα
3296 1497 3328 1564 ἡ
3365 1497 3421 1547 ὲν
3458 1494 3536 1565 τῷ
3561 1496 3712 1566 νόμῳ

2125 1581 2373 1644 Μωσέως
2403 1583 2768 1653 γεγενημένη,
2801 1585 2976 1655 πέρας
3009 1584 3202 1638 ἔλαϐεν
3231 1587 3316 1655 ἐφ’
3354 1586 3533 1657 ἡμῶν.

2203 1757 2289 1827 ιβ’.
2337 1776 2356 1808 ι
2386 1757 2497 1810 Καὶ
2523 1756 2716 1825 ἔστησε
2742 1761 2867 1822 τοὺς
2893 1759 3087 1827 λόγους
3120 1757 3306 1819 αὑτοῦ,
3338 1758 3430 1822 οὓς
3456 1759 3716 1831 ἐλάλησεν

445 1861 606 1910 cutus
640 1863 726 1910 est
754 1870 922 1925 super
953 1870 1077 1919 nos,
1104 1864 1158 1909 et
1206 1870 1373 1924 super
1414 1854 1633 1924 judices
1683 1865 1929 1921 nostros,
1973 1863 2021 1910 et

2131 1849 2253 1916 Et?"
2305 1849 2473 1919 ἡμᾶς,
2524 1848 2618 1900 καὶ
2658 1848 2750 1899 ἐπὶ
2789 1850 2914 1913 τοὺς
2958 1850 3150 1920 κριτὰς
3195 1849 3374 1921 ἡμῶν,
3418 1851 3509 1903 καὶ
3555 1850 3716 1904 δσοι⁸

445 1945 762 2015 quicunque
786 1944 1110 2015 iudicarunt
1140 1960 1262 2011 nos,
1296 1953 1356 1999 ut
1389 1945 1686 2002 adduceret
1724 1962 1892 2018 super
1923 1963 2024 2002 nos

445 2037 587 2091 mala
618 2052 834 2107 magna.
877 2055 895 2089 ι
934 2039 1000 2092 Ει
1029 2037 1299 2092 malorum
1345 2038 1647 2095 ostendens
1687 2054 2025 2109 exsuperan—

446 2128 607 2196 tiam,
637 2147 656 2180 ι
698 2128 914 2195 Qualia,
947 2130 1147 2201 inquit,
1182 2145 1293 2184 non
1340 2127 1495 2185 fuere
1529 2129 1634 2184 sub
1672 2130 1822 2184 omni
1858 2132 2022 2197 ccelo,

444 2222 751 2277 secundum
782 2238 846 2279 ea
888 2239 1010 2294 qua:
1070 2222 1221 2277 facta
1260 2231 1389 2279 sunt
1439 2223 1493 2276 in
1542 2222 1938 2296 Hierosolyma.
1999 2244 2020 2279 ι

441 2313 630 2384 Neque
663 2315 809 2371 enim
868 2316 1113 2382 invenio,
1146 2315 1344 2386 inquit,
1380 2323 1697 2370 nostrorum
1752 2322 2022 2371 malorum

441 2408 776 2479 exemplum.
841 2406 1047 2464 Deinde
1105 2410 1310 2464 docens
1362 2406 1562 2463 divina:
1642 2407 2023 2476 praedictionis

443 2502 733 2558 veritatem
763 2521 776 2556 :

519 2590 683 2665 Vsus.
726 2592 808 2646 l5.
840 2611 859 2644 ι
905 2591 1063 2647 Sicut
1094 2593 1361 2664 scriptum
1398 2604 1516 2660 est,
1567 2596 1768 2667 inquit,
1805 2596 1859 2650 in
1910 2594 2026 2664 lege

443 2681 634 2740 Mosis.
669 2702 687 2734 ι
717 2683 778 2737 Et
801 2685 1069 2755 supplicia
1090 2672 1242 2755 justa
1266 2702 1389 2742 esse
1411 2687 1698 2744 declarans
1719 2706 1732 2742 :
1760 2708 1779 2739 ι
1804 2685 2024 2747 Omnia,

443 2778 645 2845 inquit,
691 2777 832 2830 mala
882 2785 1153 2832 venerunt
1209 2794 1378 2848 super
1408 2794 1542 2843 nos,
1597 2794 1696 2833 nec
1745 2777 2023 2848 deprecati

442 2883 638 2922 sumus
686 2865 883 2922 faciem
917 2868 1132 2924 Domini
1162 2870 1260 2923 Dei
1295 2871 1495 2934 nostri,
1532 2878 1590 2924 ut
1642 2872 2024 2925 recederemus

443 2961 515 3014 ab
544 2960 931 3029 iniquitatibus
958 2962 1186 3026 nostris,
1227 2969 1282 3015 et
1318 2961 1755 3033 iutelligercmus
1787 2961 1841 3015 in
1873 2960 2023 3015 omni

441 3051 675 3107 veritate
711 3061 827 3120 tua,
860 3052 1107 3107 Domine.
1148 3071 1167 3103 ι
1210 3051 1393 3121 Neque
1422 3054 1568 3107 enim
1599 3062 1674 3108 tot
1721 3069 1785 3108 ac
1818 3053 2023 3109 talibus

446 3145 608 3199 nobis
644 3145 812 3200 illatis
844 3144 1253 3201 calamitatibus
1282 3146 1609 3216 resipiscere
1640 3147 1935 3209 voluimus,
1969 3152 2023 3200 et

442 3255 478 3291 ae
506 3239 738 3309 pristina
772 3239 1067 3307 iniquitate
1104 3238 1441 3307 desciscere,
1492 3240 1783 3311 legumque
1829 3240 2021 3297 obser-

443 3336 666 3390 vatione
695 3332 795 3387 tibi
825 3334 1034 3388 cultum
1064 3333 1345 3388 exhibere.
1380 3332 1590 3387 Idcirco
1617 3353 1630 3388 :

502 3499 676 3562 Vens.
728 3508 810 3561 14.
856 3525 875 3558 ‹
943 3505 1231 3577 Vigilavit,
1292 3508 1491 3579 inquit,
1552 3507 1817 3565 Dominus
1877 3507 2022 3565 Deus

447 3597 664 3669 123ﬁ
696 3605 885 3653 noster
912 3612 1080 3667 super
1118 3598 1383 3653 malitiam
1422 3609 1690 3666 nostram,
1717 3607 1772 3654 et
1796 3598 2022 3653 adduxit

441 3704 563 3742 eam
617 3702 787 3757 super
821 3703 943 3745 nos.
1011 3707 1029 3739 ι
1088 3688 1263 3753 Quasi
1294 3690 1439 3743 enim
1493 3704 1730 3744 excusso
1785 3688 2021 3759 quodam

443 3780 833 3835 suardiutinae
879 3780 1119 3836 lenitatis
1154 3797 1367 3846 somno,
1412 3796 1605 3851 pinnas
1652 3783 1720 3835 iis
1767 3795 1891 3850 quae
1924 3781 2020 3836 ad-

444 3871 880 3935 ministravimns
902 3870 1099 3941 dignas
1123 3873 1282 3928 nobis
1310 3870 1523 3926 inﬂixit.
1566 3872 1702 3938 Quia
1731 3891 1750 3922 ι
1773 3881 2019 3933 sanctus.

444 3962 645 4033 inquit,
673 3962 943 4019 Dominus
973 3965 1119 4020 Deus
1173 3971 1399 4028 noster,
1434 3964 1488 4018 in
1533 3963 1681 4019 omni
1718 3963 1813 4018 illo
1872 3963 2020 4034 quod

442 4052 589 4117 fecit,
626 4056 756 4123 quia
793 4069 900 4108 non
933 4054 1248 4109 audivimus
1276 4068 1465 4108 vocem
1498 4053 1637 4123 ejus.
1683 4071 1703 4104 ι
1736 4052 1855 4122 Ipse
1875 4054 2019 4107 enim

440 4146 709 4201 innocens
735 4156 838 4210 est,
884 4146 1085 4216 inquit,
1122 4154 1177 4199 et
1226 4146 1376 4199 nulla
1408 4145 1479 4200 ob
1507 4161 1568 4199 ea
1600 4161 1723 4216 quae
1756 4143 1885 4199 fecit
1935 4160 2018 4200 re-

440 4235 810 4303 prehensione
861 4234 1103 4305 dignus:
1158 4250 1259 4290 nos
1290 4245 1472 4288 autem
1515 4235 1779 4305 impietati
1809 4245 1863 4290 et
1914 4236 2018 4288 im-

439 4325 703 4393 probitati
732 4324 933 4379 addicti
973 4324 1304 4394 supplicium
1339 4324 1392 4377 in
1427 4339 1525 4377 nos
1556 4324 1909 4377 attraximus.
1942 4322 2016 4375 Ita

439 4423 662 4483 peracta
692 4416 959 4471 scelerum
995 4416 1372 4477 accusatione,
1407 4415 1474 4469 de
1508 4416 1719 4485 reliquo
1748 4414 2021 4484 supplicat

434 4515 492 4559 et
532 4506 877 4561 clementiam
920 4506 1198 4575 implorat.

514 4597 672 4651 Vens.
708 4600 798 4662 15,
829 4598 915 4651 l6.
950 4617 969 4649 ι
1016 4597 1081 4650 Et
1132 4613 1301 4665 nunc,
1339 4598 1568 4652 Domine
1606 4596 1748 4652 Deus
1782 4606 1969 4651 noster
1999 4635 2015 4661 ,

433 4690 528 4761 qui
584 4690 824 4744 eduxisti
879 4692 1139 4760 populum
1193 4699 1347 4745 tuum
1389 4706 1419 4744 e
1480 4700 1626 4744 terra
1684 4687 1907 4759 Egypti
1960 4688 2016 4741 in

436 4796 600 4834 manu
654 4780 804 4845 forti,
838 4789 895 4834 et
927 4781 1104 4835 iecisti
1160 4782 1259 4836 tibi
1306 4782 1410 4853 ipsi
1462 4797 1683 4845 nomen,
1749 4781 1898 4833 sicut
1933 4788 2019 4833 est

436 4874 555 4927 dies
586 4874 695 4936 hic,
728 4872 1099 4941 peccavimus,
1134 4873 1320 4943 inique
1355 4872 1566 4941 egimus
1595 4891 1607 4925 :
1641 4870 1891 4937 Domine,
1916 4885 2016 4942 pro

438 4964 586 5016 omni
650 4963 1028 5019 misericordia
1070 4975 1165 5018 tua
1228 4972 1530 5029 avertatur,
1582 4979 1790 5033 quaeso,
1859 4962 2015 5019 [uror

439 5067 565 5110 tuus
589 5070 618 5107 a
642 5056 865 5111 civitate
892 5066 982 5111 tua
1010 5056 1412 5125 Hierosolyma,
1437 5065 1624 5110 monte
1646 5068 1837 5110 sancto
1859 5066 2008 5114 tuo.»

440 5126 677 5205 l’ristin'a
730 5157 1129 5205 commemorat
1178 5148 1465 5215 beneﬁcia,
1520 5160 1572 5202 ut
1639 5148 1785 5218 grati
1842 5149 2011 5204 animi

509 5342 534 5369 ο
565 5331 719 5387 Dent.
756 5344 927 5392 χχχιι,
949 5327 1042 5383 26.

2130 1941 2352 2011 ἔκριναν
2380 1941 2548 2010 ἡμᾶς,
2581 1940 2915 2009 ἐπαγαγεῖνι
2944 1942 3029 2011 ἐφ’
3067 1943 3214 2011 ἡμᾶς
3250 1941 3394 1996 κακὰ
3432 1942 3661 2011 μεγαλα.
3690 1961 3710 1993 ι

2127 2035 2239 2087 Καὶ
2260 2033 2471 2095 δεικνῢς
2493 2032 2592 2103 τὴν
2612 2032 2720 2084 τῶν
2745 2032 2929 2086 κακῶν
2950 2033 3275 2105 ὑπερϐολὴν,
3318 2053 3337 2085 ι
3377 2028 3497 2095 Οἷα,
3528 2033 3715 2102 φησὶν,

2126 2126 2187 2180 οὑ
2235 2125 2457 2195 γέγονεν
2507 2125 2764 2178 ὑποκάτω
2814 2125 3014 2189 παντὸς
3060 2124 3154 2177 τοῦ
3200 2126 3430 2197 οὑρανοῦ
3462 2124 3602 2179 κατὰ
3644 2125 3716 2177 τὰ

2126 2218 2393 2288 γενόμενα
2422 2218 2480 2270 ἐν
2527 2217 2903 2289 Ἰερουσαλήμ.
2945 2237 2962 2267 ι
3015 2218 3089 2271 Οὑ
3119 2216 3226 2287 γὰρ
3258 2217 3518 2287 εὑρίσκω,
3557 2218 3714 2287 φησὶ,

2127 2308 2483 2380 παράδειγμα
2530 2309 2638 2360 τῶν
2687 2310 2974 2380 ἡμετέρων
3019 2310 3225 2363 κακῶν.
3270 2303 3405 2362 Εἶτα
3446 2308 3718 2362 διδάσκων

2126 2400 2224 2470 τῆς
2265 2400 2413 2463 θείας
2450 2400 2810 2471 προρρήσεως
2842 2399 2902 2452 τδ
2937 2399 3197 2468 ἀψευδέςο

2199 2580 2290 2643 ιγ’.
2337 2594 2355 2626 ι
2393 2574 2614 2639 Καθὼς,
2657 2576 2814 2644 φησὶ,
2850 2575 3161 2643 γέγραπται
3197 2575 3253 2628 ἐν
3296 2574 3373 2645 τῷ
3405 2574 3557 2645 νόμῳ
3588 2576 3717 2628 Μω-

2129 2664 2286 2727 σέως.
2328 2683 2347 2715 ι
2405 2663 2513 2716 Καὶ
2557 2664 2656 2733 τῆς
2701 2662 2977 2733 τιμωρίας
3032 2664 3312 2734 ἐμφαίνων
3360 2663 3420 2716 τὸ
3465 2663 3717 2727 δίκαιον,

2133 2776 2151 2807 ι
2186 2756 2387 2817 Πάντα,
2441 2755 2596 2822 φησὶ.
2630 2754 2700 2808 τά
2745 2755 2891 2807 κακὰ
2933 2749 3096 2824 ἦλθεν
3140 2735 3238 2823 €19"
3264 2755 3432 2824 ἡμᾶς,
3481 2754 3575 2807 καλ⁵
3613 2755 3714 2807 οὑκ

2127 2847 2425 2919 ἐδεήθημεν
2464 2847 2559 2900 τοὺ
2610 2845 2905 2916 προσώπου
2969 2847 3175 2917 Κυρίου
3227 2845 3321 2899 τοῦ
3353 2846 3487 2898 Θεοῦ
3530 2844 3713 2916 ἡμῶν,

2127 2936 2467 3008 ἀποστρέψαι
2490 2936 2599 2989 ἀπὸ
2634 2934 2741 2989 τῶν
2764 2936 2988 2990 ἀδικιῶν
3022 2935 3201 3007 ἡμῶν,
3233 2936 3326 2988 καὶ
3349 2935 3443 2988 τοῦ
3475 2935 3717 2988 συνιέναι

2125 3032 2183 3082 ὲν
2216 3029 2365 3100 πάσῃ
2395 3028 2623 3100 ἀληθείᾳ
2655 3044 2772 3091 σου,
2808 3028 3002 3098 Κύριε.
3042 3046 3060 3079 ι
3101 3028 3235 3081 Οὑδε
3264 3030 3373 3098 γάρ
3404 3028 3511 3080 τῶν
3535 3026 3714 3081 τοσού-

2126 3138 2232 3175 των
2264 3123 2395 3192 ἡμῖν
2427 3120 2524 3173 καὶ
2562 3118 2900 3186 τηλικούτων
2946 3118 3344 3189 ἐπενεχθεισῶν
3393 3119 3710 3191 συμφορῶν,

2049 3208 2092 3265 C
2130 3212 2462 3283 μεταμελείᾳ
2493 3210 2802 3284 χρήσασθαι
2826 3210 3233 3283 ἡϐουλῆθημεν,
3275 3212 3370 3265 καὶ
3401 3211 3713 3265 παύσασθαι

2131 3306 2229 3374 μὲν
2257 3304 2357 3373 τῆς
2392 3305 2663 3375 προτέρας
2693 3304 3063 3375 παρανομίας,
3097 3303 3435 3374 θεραπεῦσαι
3465 3304 3521 3358 δέ
3553 3321 3611 3356 σε
3642 3307 3711 3375 τῇ

2127 3397 2343 3467 φυλακῇ
2370 3396 2479 3448 τῶν
2507 3395 2707 3467 νόμων.
2754 3394 2846 3448 Διό
2876 3413 3038 3466 φησιν
3059 3412 3074 3428 '

2201 3486 2282 3541 ιδ’.
2332 3507 2350 3538 ι
2393 3487 2771 3559 Ἐγρηγόρησε
2804 3486 3009 3555 Κύριος
3062 3489 3089 3540 ὀ
3125 3485 3258 3550 Θεὸς
3302 3486 3462 3558 ἡμῶν
3490 3488 3581 3541 ἐπὶ
3615 3487 3713 3558 τὴν

2124 3579 2324 3633 κακίαν
2352 3579 2528 3649 ἡμῶν,
2558 3579 2653 3633 καὶ
2674 3579 2881 3649 ἤγαγεν
2903 3578 3110 3652 αὑτὴν⁸
3135 3580 3220 3649 ἐφ’
3251 3581 3417 3650 ἡμᾶς.
3450 3600 3469 3633 ι
3503 3581 3714 3650 Ὥσπερ

2124 3672 2234 3744 γάρ
2260 3690 2383 3725 τινα
2408 3670 2576 3725 ὑπνον
2601 3670 2699 3742 τὴν
2731 3671 3113 3743 μακροθυμίαν
3134 3674 3587 3745 ἀποσεισάμενος,
3614 3674 3714 3745 τὴν

2124 3762 2282 3828 ἀξίαν
2310 3763 2417 3815 τῶν
2453 3762 2932 3831 πεπολιτευμένων
2959 3764 3093 3833 ἡμῖν
3125 3764 3374 3835 ἐπήγαγε
3403 3762 3710 3833 τιμωρίανο

2124 3853 2208 3908 ὃτι
2237 3854 2428 3923 ’Ἀγιος
2446 3854 2487 3916 ⁸,
2536 3854 2691 3925 φησὶ,
2743 3854 2947 3925 Κύριος
2980 3855 3009 3906 ὁ
3037 3853 3171 3918 Θεὸς
3217 3854 3375 3925 ἡμῶν
3404 3855 3496 3907 ἐπὶ
3531 3855 3714 3907 πᾶσαν

2122 3942 2221 4015 τὴν
2256 3945 2476 4015 ποίησιν
2524 3943 2687 3997 αὑτοῦ
2719 3945 2785 4016 ἢν
2817 3943 3065 4018 ἐποίησε,
3107 3945 3241 3999 διότι
3269 3946 3289 3976 ⁷
3324 3946 3424 3998 οὑκ
3454 3944 3712 4016 εἰσηκοὺ-

2127 4056 2300 4107 σαμεν
2329 4042 2430 4105 τῆς
2475 4037 2662 4108 φωνῆς
2706 4036 2898 4093 αὑτοῦ.
2944 4057 2962 4090 ι
3013 4038 3186 4102 Αὑτδς
3218 4037 3316 4109 μὲν
3348 4037 3480 4109 γὰρ,
3524 4037 3709 4109 φησὶν,

2122 4135 2297 4199 ἀθῶός
2336 4136 2477 4199 ἐστι,
2523 4134 2615 4188 καὶ
2644 4132 2908 4203 οὐδεμιᾶς
2940 4134 3202 4204 μέμψεως
3227 4133 3313 4202 ἐφ’
3337 4128 3417 4196 οἷς
3455 4133 3713 4202 ἐποίησεν

2123 4230 2304 4297 ἄξιος·
2342 4232 2501 4301 ἡμεῖς
2527 4229 2585 4283 δὲ
2614 4228 2908 4300 δυσσεϐεία
2945 4229 3040 4283 καὶ
3068 4226 3342 4299 πονηρία⁸
3376 4224 3711 4297 συζήσαντες

2120 4321 2221 4392 τὴν
2240 4321 2509 4393 τιμωρίαν
2540 4320 2995 4391 ὲπεσπασάμεθα.
3028 4317 3185 4372 Οὑτω
3222 4319 3328 4389 τῆς
3348 4317 3709 4390 ,παρανομίας

2122 4413 2219 4484 τὴν
2242 4413 2574 4485 κατηγορίαν
2600 4413 2988 4482 ποιησάμενος,
3021 4410 3253 4464 ἱκετεύει
3283 4410 3468 4463 λοιπὸν
3492 4409 3587 4463 καὶ
3608 4410 3710 4476 τὴν

2051 4546 2093 4600 D
2126 4505 2540 4577 φιλανθρωπίαν
2585 4506 2749 4558 αἰτεῖ.

2198 4603 2277 4661 ιε’,
2304 4594 2399 4660 ις’.
2449 4614 2467 4647 ι
2498 4596 2607 4649 Καὶ
2634 4594 2749 4657 νῦν,
2777 4592 2946 4666 Κύριε
2978 4596 3007 4648 ὁ
3041 4593 3171 4658 Θεὸς
3203 4594 3381 4665 ἡμῶν,
3420 4594 3477 4657 ὃς
3507 4594 3705 4665 ἐξήγα-

2124 4702 2219 4753 γες
2240 4688 2333 4739 τὸν
2359 4686 2485 4739 λαόν
2532 4704 2626 4739 σου
2681 4687 2744 4740 ὲκ
2784 4687 2924 4756 γῆς’
2972 4686 3250 4755 Αἰγύπτου
3285 4689 3342 4738 ὲν
3382 4688 3525 4757 χειρὶ
3567 4704 3707 4757 κρα-

2124 4777 2271 4847 ταιᾷ,
2298 4776 2389 4829 καὶ
2408 4776 2669 4847 ἐποίησας
2700 4775 2909 4847 σεαυτῷ
2939 4776 3132 4846 ὄνομα,
3164 4778 3239 4842 ὡς
3270 4779 3303 4849 ἡ
3336 4778 3517 4849 ἡμέρα
3541 4776 3704 4848 αὕτη,

2124 4869 2462 4941 ἡμάρτομεν,
2493 4870 2844 4939 ἡνομήσαμεν
2865 4870 2908 4900 ¹⁰
2928 4886 2941 4900 ι
2986 4870 3182 4940 Κύριε,
3218 4871 3276 4921 ὲν
3303 4871 3450 4941 πάσῃ
3479 4869 3705 4941 ἐλεημο-

2125 4963 2259 5032 σὺνῃ
2303 4977 2395 5014 σου
2430 4961 2836 5031 ἀποστραφήτω
2869 4960 2933 5033 δὴ
2966 4964 2993 5015 ὁ
3034 4962 3201 5032 θυμός
3239 4979 3331 5015 σου
3364 4963 3404 4993 ¹¹
3451 4962 3560 5016 ἀπὸ
3602 4962 3703 5032 τῆς

2125 5051 2332 5115 πόλεώς
2365 5067 2458 5103 σου
2495 5052 2869 5123 Ἰερουσαλὴμ,
2897 5053 3057 5124 ὅρους
3091 5054 3249 5122 ἁγίου
3274 5071 3387 5108 σου.
3424 5073 3442 5106 ι
3481 5054 3706 5122 Ἀναμι-

2127 5150 2359 5218 μνήσκει
2387 5145 2493 5198 τῶν
2522 5147 2801 5219 προτέρων
2834 5150 3185 5219 εὐεργεσιῶν,
3216 5153 3287 5221 τῇ
3310 5149 3704 5222 εὐγνωμοσύνῃ

616 5505 665 5564 ὃ
1747 5479 1978 5535 VARUE
2014 5480 2305 5538 LECTION
2315 5483 2414 5539 ES.

510 5655 556 5690 θ’
583 5651 624 5703 Β
652 5647 800 5714 εἶπα,
833 5648 985 5718 φησι.
1070 5649 1082 5679 ⁸
1118 5648 1265 5718 Βδὴ.
1352 5648 1383 5718 ’ξ
1553 5646 1594 5699 Β
1621 5646 1779 5718 πρὸς.

443 5723 598 5775 αὑτά.
678 5723 697 5752 θ
731 5722 822 5786 ᾶγ.
847 5716 904 5774 “Α“
924 5720 1150 5783 δίκαιος,
1180 5716 1330 5787 juxta
1358 5717 1520 5773 Hebr.
1612 5717 1632 5747 ⁷
1661 5716 1890 5787 arma
1930 5717 2040 5772 καί.

440 5791 565 5860 τῆς,
661 5790 702 5823 '°
727 5792 811 5861 ην.
842 5793 887 5844 Α
913 5788 1038 5842 add.
1066 5789 1420 5862 ᾑδικήσαμεν.

1896 5646 1915 5678 ³
1945 5648 2026 5699 ὄσ.
2052 5649 2093 5699 Λ
2127 5645 2196 5699 οἴ.

2299 5646 2319 5677 ⁸
2353 5648 2395 5697 Α
2426 5646 2668 5719 ἐπάγειν.
2701 5649 2740 5699 Β
2773 5650 2862 5702 καὶ
2891 5650 3185 5719 ἐπήγαγεν.
3210 5718 3243 5719 η
3298 5650 3318 5680 ⁸
3352 5647 3697 5716 Λέπήγαγεν

2144 5719 2165 5747 ⁸
2271 5717 2501 5787 πονηρία
2525 5719 2616 5772 καὶ
2647 5720 2889 5788 iactati}.
2985 5717 3010 5749 7'
3043 5720 3167 5788 γῆς.
3207 5718 3349 5775 Edil.
3390 5735 3535 5789 pl‘tor
3565 5719 3693 5775 hab.

1503 5788 1539 5817 ¹¹
1574 5802 1684 5840 σου.
1709 5787 1753 5839 Α
1780 5786 1903 5842 add.
1933 5788 2025 5843 mi.
2055 5788 2091 5857 ἠ
2116 5788 2251 5858 ὀργή
2284 5803 2394 5839 σου.
