4092 6428
305 446 450 516 1465

1514 458 1517 461 ’
1570 457 1653 516 ΙΝ
1692 458 2054 519 DANIELIS
2088 462 2248 523 CAP.
2290 464 2395 525 IX.

3447 464 3586 528 i-iﬁti

303 559 409 624 τῆς
463 558 683 630 μνήμης
739 558 829 611 τὸν
894 558 1041 612 ἔλεον
1095 558 1517 628 ἐπισπώμενος,
1576 563 1669 615 καί
1719 581 1856 633 φησι

2011 568 2434 637 signiﬁcatione,
2460 572 2590 627 dum
2627 588 2688 629 ca
2723 588 2782 629 se
2806 570 3065 630 memoria
3103 554 3289 629 tenere
3322 572 3585 634 ostendit.

319 650 531 722 Ῥᾴδιόν
580 666 684 714 σοι,
735 650 1004 720 Δέσποτα,
1053 651 1150 720 τὴν
1205 650 1519 722 ἐλευθερίαν
1563 654 1694 723 ἡμῖν
1738 656 1893 725 χαρί-

307 741 508 795 σασθαι
529 757 543 770 ’
592 741 688 794 καὶ
716 741 826 811 γὰρ
856 740 958 810 ἤδη
1005 740 1473 813 θαυματουργίαις
1504 743 1752 814 μυρίαις,
1801 747 1894 799 καὶ⁹

302 831 600 902 τιμωρίαις
650 833 794 886 κατά
845 832 953 885 τῶν
996 833 1313 900 Αἰγυπτίων
1360 834 1744 906 χρησάμενος,
1793 837 1895 907 τῆς

305 926 514 996 πικρᾶς
542 924 792 988 δουλείας
816 925 1034 995 ἐκείνης
1074 925 1166 978 τὸν
1198 925 1289 980 σὸν
1326 926 1455 980 λαὸν
1486 926 1891 999 ἡλευθέρωσας,

302 1018 382 1080 ὼς
414 1019 495 1080 είς
520 1017 769 1079 ἅπαντας
793 1016 889 1070 ἀνθ
899 1015 1113 1087 ρώπους
1132 1016 1242 1070 τῶν
1265 1020 1647 1089 γεγενημένων
1674 1018 1891 1088 θαυμάα

300 1125 414 1162 των
440 1106 540 1178 τὴν
569 1107 760 1177 φήμην
790 1105 1167 1178 δραμεῐν,-καὶ
1198 1105 1295 1176 τὴν
1332 1108 1434 1179 σὴν
1461 1108 1693 1179 δύναμιν
1718 1110 1891 1163 ἅπασι

302 1196 561 1265 γενέσθαι
605 1197 794 1268 δήλην.
851 1198 961 1250 Καὶ
1005 1198 1192 1269 ἐπειδὴ
1227 1200 1388 1269 ἡμεῖς
1415 1201 1758 1272 ἡμάρτομεν,
1797 1201 1892 1254 καὶ

299 1292 403 1361 τῆς
466 1291 565 1358 σῆς
625 1290 1039 1363 φιλανθρωπίας
1105 1292 1357 1357 ἀναξίους
1410 1295 1559 1362 ἡμᾶς
1624 1294 1820 1357 αὐτοὺς
1849 1294 1890 1324 ¹²

300 1385 688 1454 ἀπεφήναμεν,
744 1384 843 1452 τὴν
896 1384 995 1453 σὴν
1038 1386 1192 1439 πόλιν
1259 1386 1578 1457 ἱκετεύομεν
1626 1387 1724 1455 τῆς
1791 1388 1891 1457 σῆς

300 1477 605 1546 ἀξιωθῆναι
634 1477 871 1545 φειδοῦς,
903 1479 997 1531 καὶ
1017 1478 1077 1530 τὸ
1107 1478 1232 1548 ὅρος
1266 1481 1461 1544 ἐκεῖνο,
1491 1479 1520 1531 ὃ
1550 1479 1639 1533 διά
1660 1481 1761 1547 τῆς
1789 1478 1890 1548 σῆς

300 1564 631 1639 ἐπιφανείας
670 1570 843 1639 ἄτιον
872 1571 1180 1640 ἀπέφηνας.
1213 1571 1319 1624 Καὶ
1342 1574 1617 1643 ἐπιμένων
1641 1574 1707 1642 τῇ
1750 1571 1890 1641 ὑπὲρ

298 1663 404 1733 τῆς
463 1661 671 1726 πόλεως
722 1662 964 1733 ἱκετείᾳ,
1032 1681 1049 1713 ι
1089 1664 1211 1716 Ὅτι
1237 1663 1279 1694 ¹³
1332 1665 1390 1716 ἐν
1436 1665 1555 1726 ταῖς
1595 1663 1890 1733 ἁμαρτίαις

297 1752 483 1824 ἡμῶν,
519 1754 675 1824 φησὶ,
711 1755 803 1808 καὶ
829 1757 950 1818 ταῖς
980 1754 1021 1784 ¹⁸
1054 1755 1289 1818 ἀδικίαις
1319 1755 1499 1825 ἡμῶν,
1533 1755 1626 1807 καὶ
1652 1753 1761 1807 τῶν
1787 1772 1890 1807 πα-

297 1843 476 1913 τέρων
522 1843 705 1912 ἡμῶν,
750 1844 1103 1915 Ἰερουσαλὴμ
1141 1845 1236 1898 καὶ
1280 1848 1307 1898 ὁ
1353 1845 1481 1907 λαός
1514 1863 1606 1898 σου
1641 1847 1720 1908 εἰς
1751 1846 1890 1899 ὀνει-

2001 661 2433 717 ιιιίδονίρυνιῒίίιη]
2462 664 2565 719 sibi
2606 664 2883 729 conciliet,
2918 671 2973 719 ct
3007 663 3081 716 ait
3107 680 3122 718 :
3148 661 3328 718 Facile
3349 670 3432 720 est
3459 664 3583 727 tibi,

2000 748 2244 815 Domine,
2284 753 2591 810 libertatem
2629 756 2790 811 nobis
2814 753 3155 826 gratiﬁcari;
3186 752 3417 809 inﬁnitis
3437 754 3583 809 enim

1992 841 2105 910 jam
2134 843 2295 899 editis
2326 847 2632 912 miraculis,
2670 854 2725 902 et
2752 847 2933 917 pmnis
2962 844 3239 918 Egyptiis
3273 845 3477 911 illatis,
3514 846 3586 900 ab

1997 945 2182 986 amara
2213 934 2306 988 illa
2366 935 2635 991 servitute
2670 937 2724 991 in
2758 937 3068 991 libertatem
3122 937 3382 1006 populum
3426 945 3581 990 tuum

1995 1022 2331 1079 vindicasti:
2368 1025 2443 1080 ita
2473 1034 2534 1080 ut
2569 1026 2636 1080 ad
2682 1042 2875 1083 omnes
2916 1027 3166 1082 homines
3192 1029 3210 1047 '
3243 1042 3435 1082 eorum
3474 1028 3582 1082 mi-

1997 1113 2259 1168 rabilium
2290 1130 2415 1184 quae
2447 1114 2629 1170 fecisti
2662 1116 2807 1170 fama
2843 1116 3183 1183 cucurrerit,
3231 1123 3285 1170 et
3337 1114 3581 1185 potentia

1996 1212 2088 1258 tua
2119 1206 2376 1262 omnibus
2420 1206 2697 1263 declarata
2749 1208 2842 1262 sit.
2895 1206 2960 1260 Et
3015 1207 3144 1277 quia
3195 1222 3298 1262 nos
3334 1206 3583 1276 peccavi~

1995 1312 2141 1361 mus,
2185 1305 2354 1368 atque
2400 1314 2502 1354 nos
2536 1307 2629 1353 tua
2663 1299 2957 1354 clementia
3013 1298 3271 1369 indignos
3323 1298 3582 1368 praestiti-

1994 1405 2138 1457 mus,
2177 1391 2461 1461 supplices
2507 1392 2749 1461 petimus
2807 1397 2868 1444 ut
2901 1390 3178 1444 civitatem
3214 1396 3363 1443 tuam
3420 1389 3579 1442 venia

1994 1489 2089 1534 tua
2137 1480 2362 1550 dignam
2419 1495 2682 1544 censeas,
2744 1494 2809 1535 ac
2860 1488 3103 1533 montem
3159 1477 3354 1543 illum,
3417 1492 3580 1546 quem

1996 1571 2209 1642 1235
2231 1581 2494 1638 sanctum,
2517 1587 2585 1626 eo
2609 1571 2753 1638 quod
2779 1572 2853 1626 ibi
2883 1569 3234 1641 apparueris,
3262 1570 3576 1625 ostendisti.

1994 1662 2060 1716 Et
2116 1677 2468 1718 commorans
2537 1663 2594 1717 in
2655 1663 2913 1733 precibus
2969 1677 3069 1732 pro
3130 1661 3249 1730 ipsa
3315 1661 3578 1715 civitate:

1999 1773 2019 1806 ι
2051 1755 2192 1821 Quia
2224 1755 2279 1808 in
2314 1757 2558 1826 peccatis
2594 1755 2827 1819 nostris,
2876 1754 3078 1825 inquit,
3112 1762 3166 1808 e-t
3194 1746 3581 1823 iniquitaiibus

1994 1848 2225 1909 nostris,
2255 1854 2310 1901 et
2350 1853 2570 1917 patrum
2604 1856 2947 1915 nostrorum,
2983 1845 3363 1915 Hierosolyma
3395 1851 3449 1897 et
3479 1858 3580 1912 po-

296 1936 492 2007 δεσμὸν
519 1937 766 2005 ἐγένοντο
789 1938 832 1970 ’⁵
876 1940 935 1991 ἐν
982 1941 1116 1992 πᾶσι
1159 1941 1269 2002 τοῖς
1306 1939 1620 2009 περικύκλῳ
1650 1939 1827 2011 ἡμῶν.
1864 1959 1884 1990 ι

1996 1936 2158 2006 pulus
2182 1943 2310 1990 tuus
2336 1909 2636 2004 opprobrio
2666 1934 2799 1988 facti
2832 1909 2965 1990 sunt
3009 1909 3292 1994 omnibus,
3321 1931 3412 2001 qui
3449 1909 3577 1986 sunt

297 2024 405 2077 Διά
435 2025 544 2096 γὰρ
577 2026 675 2089 τὰς
702 2027 978 2098 ἡμετέρας
1005 2029 1379 2099 παρανομίας,
1431 2028 1527 2081 καὶ
1557 2030 1890 2098 ἀμαρτίας¹⁶

295 2117 414 2171 τῶν
439 2118 692 2188 πατέρων
718 2120 894 2190 ἡμῶν,
931 2123 1177 2192 ἡμεί;,τε
1212 2124 1324 2185 τοῖς
1352 2121 1572 2193 ὁμόροις
1603 2123 1890 2194 ἐπίχαρτοι

295 2212 730 2283 γεγενήμεθα¹⁷,
780 2216 875 2268 καὶ
928 2216 961 2285 ή
1020 2215 1460 2286 πολυθρύλλητος
1506 2217 1602 2271 καὶ
1646 2219 1891 2290 ἀοίδιμος

297 2304 457 2365 πόλις
480 2304 522 2336 ⁸³
552 2305 655 2375 τὴν
677 2307 914 2377 ἐρημίαν
938 2307 1253 2378 ὑπέμεινεν.

376 2395 465 2460 ιζ’.
507 2415 525 2448 ι
557 2398 671 2451 Kal
693 2399 788 2452 νῦν
810 2400 1150 2464 εἰσάκουσον,
1170 2400 1342 2470 Κύριε
1377 2403 1405 2454 ὁ
1434 2402 1565 2465 Θεὸς
1596 2402 1774 2472 ἡμῶν,
1790 2404 1891 2474 τῆς

307 2489 616 2559 προσευχῆς
640 2488 733 2543 τοῦ
788 2490 977 2544 δούλου
1010 2509 1126 2554 σου,
1164 2493 1259 2545 καὶ
1296 2493 1405 2546 τῶν
1431 2494 1669 2564 δεήσεων
1695 2495 1884 2562 αὑτοῦ,

303 2581 404 2632 καὶ
435 2581 692 2650 ἐπίφανον
724 2583 787 2635 τὸ
837 2584 1132 2653 πρόσωπόν
1168 2601 1261 2637 σου
1302 2585 1395 2637 ἐπὶ
1424 2585 1486 2638 τὸ
1516 2584 1765 2657 ἀγίασμά
1791 2603 1884 2640 σου

303 2669 366 2721 τὺ
397 2669 648 2740 ἔρημον.»
682 2672 864 2738 Δέξαι,
898 2674 1053 2743 φησὶ,
1079 2673 1174 2726 τοῦ
1210 2676 1399 2729 δούλου
1435 2693 1528 2729 σου
1552 2677 1651 2747 τὴν
1676 2677 1881 2747 δέησιν,

302 2759 569 2827 Δέσποτα,
616 2764 711 2815 καὶ
765 2763 931 2834 βλέπε
970 2765 1067 2836 τὴν
1094 2767 1376 2837 ἐρήμωσιν
1402 2766 1496 2819 τοῦ
1532 2768 1886 2836 ἀγιασθέντος

301 2849 411 2903 ὑπὸ
442 2850 536 2904 σοῦ
568 2852 757 2916 τόπου,
775 2855 872 2906 καὶ
900 2856 1001 2925 τῆς
1024 2859 1124 2926 σῆς
1146 2858 1310 2910 αὐτὸν
1343 2853 1499 2920 αὖθις
1527 2859 1816 2930 πλήρωσον
1838 2861 1883 2893 ¹⁹

293 2940 537 3011 χάριτος.
557 2944 669 2996 Καὶ
688 2944 876 3015 ἐπειδὴ
903 2945 1120 3010 ἀνάξιος
1151 2942 1218 3018 ἦν
1241 2949 1270 3001 ὁ
1299 2947 1424 3010 λαὸς
1444 2946 1652 3002 τούτων
1672 2951 1880 3020 τυχεῖν,

294 3030 504 3101 σφόδρα
539 3030 815 3101 ἁρμοδίως
847 3035 1127 3104 ἐπήγαγεν
1149 3052 1162 3064 ’
1197 3054 1215 3086 ι
1248 3036 1475 3089 Ἕνεκεν
1505 3054 1620 3098 σου.
1650 3037 1877 3109 Κύριε.»

1994 2027 2049 2081 in
2080 2026 2315 2081 circuitu
2356 2032 2572 2081 nostro.
2614 2045 2633 2077 ι
2674 2024 2811 2079 Nam
2846 2035 3071 2096 propter
3111 2023 3325 2079 scelera
3361 2031 3574 2086 nostra,

1990 2128 2042 2175 et
2072 2128 2297 2190 peccata
2333 2126 2625 2189 parentum
2659 2126 3001 2182 nostrorum,
3039 2124 3095 2172 et
3125 2131 3227 2171 nos
3261 2116 3399 2170 tales
3449 2129 3577 2168 cva-

1991 2212 2188 2275 situus,
2226 2210 2433 2281 quibus
2477 2209 2726 2264 ﬁnitimae
2778 2217 2971 2280 gentes
3020 2208 3275 2272 illudant,
3327 2214 3381 2261 et
3432 2206 3576 2261 cele-

1990 2303 2232 2359 berrima
2260 2309 2431 2373 atque
2456 2301 2696 2357 illustris
2729 2301 2930 2355 civitas
2956 2297 3098 2354 facta
3128 2305 3213 2354 est
3243 2297 3479 2352 deserta.

2059 2393 2223 2448 Vens.
2253 2392 2341 2448 Π.
2372 2411 2391 2444 ι
2430 2392 2495 2447 Ει
2521 2407 2667 2446 nunc
2682 2389 2911 2454 exaudi,
2931 2388 3157 2443 Domine
3184 2387 3329 2444 Deus
3357 2394 3572 2445 noster.

1987 2485 2443 2555 deprecationem
2466 2483 2613 2539 servi
2645 2482 2748 2547 tui,
2777 2488 2833 2537 et
2862 2496 3055 2552 preces
3087 2480 3230 2551 ejus,
3261 2487 3315 2536 et
3344 2479 3576 2535 ostende

1987 2575 2188 2631 faciem
2218 2584 2371 2631 tuam
2402 2591 2570 2646 super
2604 2573 2988 2632 sanctuarium
3021 2582 3172 2627 tuum
3205 2572 3508 2628 desertum.
3548 2588 3570 2622 ι

1985 2670 2429 2739 Accipe,inquit,
2459 2669 2604 2725 servi
2625 2670 2702 2723 tui
2742 2682 2962 2738 preces,
2990 2681 3024 2720 ο
3057 2665 3312 2731 Domine,
3341 2671 3396 2720 et
3426 2663 3572 2730 vide,

1984 2778 2150 2833 quam
2192 2761 2453 2817 desertus
2494 2763 2568 2817 sit
2610 2761 2768 2815 locus
2814 2760 2910 2815 ille
2937 2798 2954 2823 ,
3004 2774 3171 2830 quem
3212 2769 3270 2813 tu
3313 2765 3573 2812 sanctum

1985 2855 2188 2922 fecisti,
2207 2857 2505 2926 ipsumque
2529 2869 2735 2910 rursus
2763 2861 2859 2907 tua
2881 2853 3060 2924 gratia
3091 2853 3327 2922 comple.
3352 2850 3416 2904 Et
3443 2851 3574 2920 quia

1985 2949 2246 3019 indignus
2287 2954 2410 3004 erat
2449 2947 2721 3018 populus,
2763 2946 2859 3016 qui
2904 2945 3023 3000 haec
3071 2946 3379 3008 obtineret,
3413 2941 3577 2998 valde

1982 3045 2293 3109 opportune
2349 3036 2588 3105 subjecit
2630 3052 2647 3090 :
2722 3051 2743 3087 ι
2776 3033 3012 3105 Propter
3039 3044 3115 3099 te,
3158 3048 3193 3090 o
3251 3033 3499 3089 Domine.
3546 3051 3569 3086 ι

293 3118 380 3172 Ti
410 3118 595 3189 σαυτῷ
620 3161 634 3182 ,
664 3123 820 3192 φησὶ,
867 3124 1147 3196 πρέποντα
1192 3127 1440 3197 ποίησον,
1482 3129 1748 3195 Δέσποτα,
1784 3131 1880 3185 καὶ

1989 3127 2058 3180 Ea
2097 3143 2220 3197 qua:
2265 3137 2318 3183 te
2367 3126 2571 3181 decent
2620 3112 2741 3191 fac,
2788 3124 3022 3194 inquit,
3072 3122 3343 3189 Domine,
3399 3129 3454 3177 et
3499 3135 3572 3176 ne

296 3212 373 3281 μὴ
403 3210 501 3275 τὰς
533 3213 811 3284 ἡμετέρας
842 3216 1034 3289 λογίσῃ
1068 3219 1439 3287 παρανομίας,
1463 3219 1598 3274 ἀλλὰ
1631 3221 1731 3285 τὰς
1754 3223 1879 3276 ἀεν-

1989 3221 2197 3276 scelera
2248 3228 2445 3275 nostra
2498 3227 2679 3273 tecum
2723 3218 3104 3288 reputaveris,
3148 3216 3244 3272 sed
3297 3230 3572 3286 perennes

292 3305 458 3367 νάους
505 3304 603 3374 τῆς
634 3305 730 3374 σῆς
763 3307 1175 3381 φιλανθρωπίας
1220 3312 1425 3381 πηγάς.
1470 3313 1582 3367 Καὶ
1608 3315 1882 3385 ἐπιμένων

290 3398 360 3465 τῇ
410 3401 688 3468 προσευχῇ
731 3415 747 3428 ⁸

370 3495 459 3557 ιη’.
496 3506 516 3539 ‹
557 3491 774 3551 Κλίνον,
808 3491 993 3560 φησὶν,
1026 3493 1054 3545 ὁ
1078 3492 1211 3556 Θεός
1259 3511 1384 3565 μου,
1420 3496 1480 3548 τὸ
1504 3492 1598 3560 οὖς
1630 3515 1744 3563 σου,
1787 3499 1884 3552 καὶ

295 3577 565 3631 ἄκουσον·
597 3579 809 3645 ἄνοιξον
854 3583 982 3645 τοὺς
1009 3583 1325 3654 ὀφθαλμούς
1382 3602 1498 3650 σου,
1531 3588 1627 3642 καὶ
1668 3587 1744 3642 ἴδε
1791 3591 1881 3644 τὸν

291 3669 604 3741 ἀφανισμὸν
650 3672 843 3742 ἡμῶν,
872 3675 1104 3745 καὶτῆς
1149 3676 1357 3740 πόλεώς
1406 3695 1521 3732 σου.
1572 3697 1591 3729 ι
1639 3681 1748 3733 Καὶ
1801 3681 1881 3735 ἔτι

295 3762 479 3815 πλεῖον
509 3764 555 3794 ²⁰
588 3765 950 3835 προσοικειῶν
998 3767 1150 3839 αὐτῷ
1204 3769 1302 3840 τὴν
1335 3771 1492 3823 πόλιν
1522 3771 1626 3842 ἔφη
1654 3789 1668 3803 ⁸
1704 3793 1722 3825 ι
1766 3774 1881 3843 Ἐφ’

296 3848 334 3925 ᾖ
367 3855 726 3923 ὲπικέκληταί
761 3876 857 3915 σου
890 3860 952 3912 τὸ
1000 3861 1176 3931 ὄνομα
1217 3863 1276 3914 ὲν
1330 3863 1469 3934 αὑτῇ
1495 3866 1562 3917 ’³.
1614 3884 1634 3916 ι
1672 3865 1746 3918 Τὸ
1783 3867 1839 3919 δὲ
1863 3906 1877 3933 ,

302 3962 323 3995 ι
351 3944 547 3998 Κλῖνον
563 3946 626 3998 τὸ
644 3943 735 4012 οὖς
756 3967 873 4014 σου,
898 3952 994 4005 καλ⁵
1017 3952 1226 4016 ἄνοιξον
1242 3954 1370 4016 τοὺς
1391 3954 1704 4027 ὀφθαλμούς
1727 3974 1840 4021 σου,
1854 3976 1872 4009 t

1988 3320 2100 3367 ture
2136 3310 2447 3366 clementia:
2488 3312 2691 3366 fontes.
2751 3310 2819 3362 Et
2860 3310 2917 3363 in
2964 3308 3356 3378 deprecatione
3394 3307 3573 3377 persi-

1987 3409 2142 3456 stens
2177 3417 2193 3454 ἒ

2057 3488 2224 3545 Vens.
2267 3489 2355 3543 18.
2416 3504 2436 3540 ι
2478 3488 2737 3554 lnclina,
2778 3487 2958 3559 inquit
2984 3526 2999 3551 ,
3046 3488 3190 3544 Deus
3232 3488 3338 3551 mi,
3381 3502 3569 3544 aurem

1986 3592 2133 3638 tuam
2160 3624 2174 3650 ,
2213 3591 2267 3638 et
2299 3581 2469 3649 audi;
2523 3582 2672 3652 aperi
2712 3583 2905 3637 oculos
2946 3589 3074 3637 tuos
3100 3621 3116 3646 ,
3165 3589 3221 3636 ct
3253 3582 3378 3637 vide
3408 3581 3570 3637 deso-

1984 3674 2247 3729 lationem
2272 3680 2557 3739 nostram,
2593 3679 2651 3727 et
2682 3671 2929 3727 civitatis
2982 3680 3113 3727 tute.
3169 3690 3189 3724 ι
3228 3670 3293 3725 Et
3329 3672 3571 3742 amplius

1983 3766 2166 3836 ipsum
2216 3764 2404 3820 adhuc
2442 3764 2656 3819 civitati
2687 3763 3002 3820 concilians
3035 3781 3051 3818 :
3107 3781 3128 3815 ι
3167 3764 3225 3818 In
3269 3779 3378 3834 qua
3415 3765 3574 3820 invo-

1983 3866 2170 3913 catum
2219 3864 2306 3914 est
2352 3865 2556 3913 nomen
2613 3863 2810 3921 tuum,
2849 3875 2869 3907 ι
2927 3855 3125 3926 inquit.
3168 3854 3307 3910 illud
3349 3863 3569 3921 autem,

1987 3969 2006 4001 ι
2043 3949 2257 4004 inclina
2278 3964 2466 4004 aurem
2491 3958 2662 4011 tuam,
2690 3956 2746 4003 et
2777 3948 2926 4018 aperi
2962 3948 3157 4002 oculos
3194 3958 3340 4012 tuos,
3369 3967 3389 3998 ι
3424 3948 3568 4003 idem

186 4830 191 4831 ν
284 4765 457 4833 ἡμεῖς
488 4767 810 4839 ῥίπτομεν²³
843 4772 937 4825 τὸν
978 4775 1263 4844 οίκτιρμὸν
1294 4775 1452 4845 ἡμῶν
1484 4776 1715 4829 ἐνώπιόν
1759 4794 1877 4840 σου,

297 4035 422 4089 ἀντὶ
481 4036 575 4090 τοῦ
600 4078 615 4102 ,
655 4039 745 4112 Μὴ
798 4044 1161 4116 ἀποστραφῇς
1197 4062 1299 4116 μου
1357 4048 1458 4118 τὴν
1493 4046 1702 4116 δέησιν,
1742 4048 1882 4103 ἀλλά

1989 4049 2067 4096 est
2102 4047 2167 4095 ac
2212 4041 2260 4095 si
2291 4039 2504 4094 diceret
2533 4056 2548 4092 :
2590 4037 2668 4093 Ne
2703 4038 2984 4093 averseris
3009 4053 3205 4107 preces
3233 4053 3387 4093 meas
3409 4078 3424 4102 ,
3469 4038 3569 4093 sed

297 4128 422 4196 μετ’
446 4127 731 4198 εὐμενείας
754 4133 985 4187 ἄκουσόν
1017 4152 1120 4205 μου
1149 4138 1247 4207 τῆς
1271 4137 1602 4207 προσευχῆς.
1627 4136 1750 4192 Οἵδε
1771 4139 1879 4211 γὰρ

1989 4132 2160 4186 amice
2192 4139 2248 4186 et
2273 4129 2533 4185 benevole
2567 4128 2696 4183 audi
2730 4128 3180 4199 deprecationem
3214 4142 3418 4184 meam.
3457 4126 3571 4182 No-

292 4220 387 4271 καὶ
416 4220 596 4285 αὐτὸς,
620 4223 697 4285 ὡς
723 4224 784 4278 τὸ
824 4223 979 4279 Θεῖον
1010 4227 1320 4296 ἀσώματον,
1351 4228 1556 4298 ἑτέρως
1584 4229 1639 4281 δὲ
1663 4228 1875 4299 ἅνθρω-

1989 4222 2058 4275 rit
2108 4220 2255 4277 enim
2302 4219 2422 4290 ipse
2475 4233 2699 4289 quoque
2755 4217 2971 4273 Numen
3039 4219 3257 4290 1236
3315 4218 3568 4289 corporis

291 4327 397 4373 πος
422 4309 497 4365 ὣν
521 4313 622 4366 οὐκ
667 4310 776 4368 οἶδε
807 4316 1158 4390 διαλεχθῆναι
1186 4318 1327 4389 Θεῷ.
1369 4319 1509 4372 Ἀλλ’
1544 4319 1732 4388 ἐπειδὴ
1767 4319 1876 4372 τῶν

1989 4330 2176 4385 expers
2209 4328 2369 4369 esse:
2404 4312 2569 4367 aliter
2600 4319 2808 4374 tamen,
2848 4327 2974 4367 cum
3016 4312 3180 4366 homo
3220 4319 3408 4376 esset,
3440 4326 3566 4367 cum

287 4400 601 4473 ἀνθρώπων
642 4407 875 4471 ἕκαστος
908 4408 996 4463 διὰ
1039 4409 1138 4479 μὲν
1166 4409 1274 4463 τῶν
1312 4409 1609 4478 ὀφθαλμῶν
1633 4413 1755 4481 ὁρᾷ,
1786 4411 1876 4465 διά

1989 4406 2090 4462 Deo
2119 4405 2359 4474 colloqui
2391 4403 2650 4460 nescivit.
2682 4402 2791 4459 Sed
2824 4402 2955 4473 quia
2985 4403 3216 4472 quilibet
3246 4402 3411 4458 homo
3434 4416 3569 4457 ocu-

285 4489 348 4543 δὲ
391 4491 500 4544 τῶν
545 4490 700 4547 ὢτων
739 4494 966 4562 ἀκούει,
1003 4498 1217 4551 τέθεικε
1277 4497 1446 4552 ταῦτα
1492 4500 1586 4552 καὶ
1636 4501 1733 4553 ἐπὶ
1779 4498 1873 4553 τοῦ

1989 4501 2046 4553 lis
2066 4496 2249 4560 videt,
2282 4495 2510 4550 auribus
2532 4492 2707 4559 audit,
2738 4493 2854 4549 haec
2880 4493 3070 4549 eadem
3101 4508 3336 4565 corpore
3353 4494 3566 4549 carenti

288 4582 591 4652 ἀσωμάτου
623 4585 780 4652 Θεοῦ,
813 4589 912 4651 τὰς
940 4590 1221 4661 ἐνεργείας
1251 4590 1395 4644 οὕτω
1423 4591 1619 4646 καλῶν.
1647 4593 1873 4657 Τούτοις

1989 4590 2094 4645 Deo
2125 4589 2410 4651 attribuit,
2463 4587 2540 4640 ita
2566 4601 2631 4642 ea
2665 4601 2872 4642 vocans
2915 4602 3039 4656 quae
3089 4588 3157 4642 ab
3182 4586 3277 4641 illo
3314 4586 3566 4641 etliciun-

286 4673 523 4741 ἐπάγειο
563 4694 583 4727 ι
626 4677 749 4732 Ὅτι
793 4680 896 4734 οὐκ
948 4682 1005 4734 ὲν
1030 4684 1074 4713 ²¹
1120 4685 1241 4745 ταῖς
1292 4683 1663 4748 δικαιοσύναις
1720 4685 1879 4757 ἡμῶν

1989 4693 2091 4735 Ltlt‘.
2128 4677 2228 4733 llis
2263 4677 2487 4747 subjicil
2518 4695 2532 4732 :
2572 4676 2714 4743 Quia
2742 4692 2853 4732 non
2875 4676 3184 4746 injustitiis
3224 4677 3436 4733 nostris
3462 4691 3567 4730 nos

1982 4771 2315 4842 projiciinus
2368 4770 2788 4825 miserationem
2848 4778 3096 4825 nostram
3152 4770 3207 4823 in
3258 4777 3567 4840 conspectu

1985 4875 2119 4930 tuo,
2153 4863 2251 4919 sed
2292 4864 2347 4916 in
2388 4861 2847 4917 miserationibus
2873 4860 2985 4916 tuis
3013 4861 3227 4926 multis,
3261 4861 3511 4917 Domine.
3540 4880 3560 4912 ι

1983 4956 2172 5023 Neque
2204 4955 2351 5010 enim
2388 4969 2492 5009 nos
2526 4953 2595 5009 iis
2624 4953 2784 5017 freti,
2814 4968 2939 5022 qua:
2959 4952 3110 5022 juste
3132 4955 3444 5022 egerimus,
3476 4953 3563 5007 in-

1982 5047 2132 5116 quit,
2183 5053 2334 5100 tuam
2378 5046 2744 5115 itnploramus
2805 5045 3245 5115 benignitatem,
3298 5045 3394 5101 sed
3470 5058 3567 5101 tua

286 4854 410 4910 ἀλλ’
439 4858 534 4912 ἐπὶ
564 4863 690 4925 τοὺς
728 4864 1051 4937 οἱκτιρμούς
1080 4883 1172 4920 σου
1210 4868 1337 4931 τοὺς
1369 4868 1615 4931 πολλοὺς,
1649 4868 1877 4939 Κύριε.»

287 4947 370 5001 Οὐ
401 4948 511 5018 γὰρ
560 4955 682 5016 ταῖς
713 4953 1083 5022 δικαιοσύναις
1112 4957 1290 5028 ἡμῶν,
1333 4961 1518 5031 φησὶν.
1554 4962 1885 5032 Θαρροῦντες

286 5039 393 5111 τὴν
454 5038 552 5111 σὴν
601 5044 865 5115 αἰτοῦμεν
921 5048 1359 5121 φιλανθρωπίαν,
1387 5050 1521 5104 ἀλλά
1560 5052 1637 5122 τῷ
1668 5052 1747 5120 σῷ
1783 5069 1879 5106 πε-

288 5129 544 5196 ⁸ιωιθότες
578 5135 712 5206 ἐλέῳ
756 5138 1050 5210 τολμῶμεν
1076 5140 1179 5212 τὴν
1216 5141 1422 5211 δέησιν.

1989 5136 2375 5192 misericordia
2410 5136 2604 5193 conﬁsi
2637 5136 2905 5193 audemus
2936 5138 3032 5193 tibi
3062 5139 3410 5209 supplicare.

365 5226 450 5275 ω’.
491 5244 508 5274 ι
564 5226 900 5283 Είσάκουσον
928 5228 1043 5292 οὖν,
1078 5232 1275 5304 Κύριε,
1312 5231 1579 5303 ἱλάσθητι,
1619 5233 1788 5304 Κύριε
1807 5233 1872 5295 ²’⁵,

2048 5227 2216 5283 Vens.
2257 5227 2346 5284 l9.
2392 5247 2411 5281 ι
2440 5228 2648 5283 Exaudi
2705 5229 2896 5299 igitur,
2937 5228 3207 5296 Domine,
3243 5230 3520 5300 pr0pitius
3547 5232 3566 5256 ‘

288 5313 552 5385 πρόσχες,
577 5319 747 5390 Κύριε
767 5321 833 5352 ’⁸³
862 5321 937 5392 μὴ
955 5324 1209 5395 χρονίσῃς
1226 5327 1269 5355 ³⁸
1285 5324 1470 5378 ἕνεκέν
1490 5337 1613 5388 σου,
1631 5326 1659 5376 ὁ
1682 5323 1811 5391 ago;
1829 5325 1873 5356 ³⁷

1989 5329 2117 5384 :sto,
2146 5320 2407 5388 Domine;
2443 5320 2687 5387 attende,
2720 5321 2972 5390 Domine,
2994 5339 3064 5381 ne
3085 5324 3317 5381 moreris
3342 5332 3566 5395 propter

1603 5502 1838 5559 VARI/ﬁ
1878 5501 2291 5559 LECTIONES.

367 5655 411 5728 9
428 5656 528 5728 ἡμζ
560 5654 684 5712 αὐτ.
713 5655 756 5707 Β
789 5652 1066 5728 ἑαυτούςτῄ
1095 5655 1156 5728 λ³
1189 5655 1355 5728 astet
1382 5659 1499 5718 ταῖς
1533 5659 1632 5728 ἀμ.
1677 5660 1775 5728 ἠμ.
1808 5657 1924 5715 Des.
1950 5660 2003 5714 itt
2026 5663 2087 5716 Α.

366 5720 534 5805 ἀμίς]
559 5740 755 5805 pisctu.
792 5724 943 5805 τάς-ι.
983 5794 1004 5805 ﬂ
1025 5725 1066 5755 ³⁷
1093 5723 1133 5777 Β
1163 5727 1486 5805 γεγοναμε-ν.
1652 5720 1777 5805 ,πόλτ
1894 5730 2268 5805 Ἰερουσαλήμ.

296 5793 340 5824 αι
376 5790 436 5866 ,ςΔ
460 5790 669 5866 Ἐφίῆς
696 5797 844 5848 ὲτιικ.
897 5794 1057 5866 tofis.
1092 5790 1183 5849 σου
1213 5790 1508 5864 ἐπάὖτῆς.
1580 5800 1622 5830 ²¹
1648 5801 1723 5852 ἐν.
1752 5801 1789 5852 Λ
1817 5799 1927 5851 ἐπί.
1968 5790 1977 5802 ’
2009 5804 2053 5833 ³³
2091 5792 2150 5855 Δ.
2186 5790 2502 5866 διπτοῧμεν·

304 5866 346 5916 Α
377 5864 506 5921 add.
531 5855 776 5936 ποίῆσον.
874 5865 918 5895 ¹⁶
945 5864 985 5918 Β
1010 5869 1259 5935 χρονιεῖς.
1350 5868 1391 5897 ’⁷
1418 5855 1623 5931 ὁἯεός.
1661 5869 1698 5921 .\
1733 5885 1915 5939 praem.
1958 5871 2149 5943 Κύριε.
2186 5855 2196 5875 ³
2328 5855 2397 5875 η’

1116 5655 1156 5735 1³
1189 5655 1355 5735 δτι-οι
1382 5659 1499 5718 ταῖς
1533 5659 1632 5735 dit:
1677 5660 1775 5735 ἠμ.
1808 5657 2003 5735 [gestit]
2026 5663 2087 5716 Α.
2140 5734 2145 5735 γ
2172 5664 2214 5696 ιτ
2249 5666 2387 5728 ταῖς.
2425 5666 2553 5735 Aget
2581 5663 2619 5717 Β
2660 5681 2846 5735 prtem.
2883 5665 2963 5718 ὲν.
3012 5666 3080 5735 μ¹ί⁵
3108 5665 3150 5717 Α
3173 5673 3223 5718 et
3251 5661 3555 5735 Bﬁyéyero.

2378 5735 2419 5767 ¹⁹
2460 5733 2500 5787 Β
2542 5730 2830 5804 πλήρωσον
2857 5730 3145 5804 καὶαῦοις.
3180 5736 3263 5804 _'°
3300 5731 3553 5804 lijtléov.

2607 5800 2747 5859 “il.
2780 5805 2915 5876 Κὺρ.
2950 5803 3077 5859 Dcs.
3100 5804 3151 5857 in
3179 5801 3237 5854 Β.
3341 5800 3389 5832 ’³
3411 5801 3555 5871 Κύρ,
