4092 6454
512 438 531 503 1
545 438 645 505 -ίῦἸ

1515 441 2007 503 THEODORETI
2042 438 2381 504 EPISCOPI
2418 446 2786 508 CYRENSIS

3636 442 3795 511 1468

511 561 598 614 tc,
635 553 777 610 Deus
812 552 906 609 mi.
945 573 964 605 ι
1001 552 1276 608 Admirati
1316 558 1498 606 autem
1526 568 1706 623 Operm
1738 554 1972 623 pretium
2008 562 2089 606 est

2216 572 2321 610 ιου.
2363 579 2382 611 ι
2421 560 2603 625 Ἄξιον
2624 562 2679 614 δέ
2715 562 2991 630 θαυμάσαι
3014 559 3121 612 τῶν
3144 557 3449 629 εἰρημένων
3470 558 3567 630 τὴν
3597 560 3785 624 τάξιν.

511 661 702 698 eorum
751 662 872 714 quae
923 645 1070 701 dicta
1124 654 1258 699 sunt
1295 645 1571 699 ordinem.
1615 643 1905 713 Suppiicat
1945 647 2090 699 enim

515 736 644 798 Deo,
681 737 918 807 primum
956 746 1015 791 ut
1046 736 1231 789 audet
1264 737 1714 806 deprecationem
1739 777 1753 799 ,
1786 744 1841 791 et
1871 752 1939 790 ne
1969 752 2092 805 pre-

515 845 608 884 ces
644 839 973 884 aversetur:
1027 828 1228 883 deinde
1275 838 1335 882 ut
1375 845 1502 883 cum
1539 828 1783 883 audierit
1829 828 2092 897 propitius

514 922 649 989 ﬁat,
706 929 757 975 ct
815 921 1089 991 prapitius
1131 921 1312 976 factus
1356 920 1593 991 benigne
1643 920 1882 974 attendat
1913 959 1929 983 ,
1976 928 2094 972 tum

512 1021 733 1067 ostensa
767 1028 865 1067 sua
907 1013 1314 1075 benevolentia,
1357 1012 1409 1065 id
1448 1010 1718 1080 perﬁciat,
1753 1009 1899 1079 quod
1932 1009 2095 1063 oise-

508 1105 763 1159 (ratione
805 1107 1030 1172 petitur.
1069 1103 1165 1159 llis
1199 1103 1352 1158 addit
1381 1144 1394 1166 ,
1435 1102 1515 1156 Ne
1547 1103 1763 1157 utereris
1785 1142 1801 1165 ,
1842 1102 1946 1156 hoc
1972 1110 2093 1162 cst,

510 1207 582 1246 ne
622 1193 769 1261 quod
807 1208 1105 1261 precamur
1152 1194 1207 1247 in
1256 1192 1404 1246 aliud
1452 1200 1670 1262 tempus
1698 1190 1951 1256 diﬂeras,
1998 1190 2096 1245 sed

514 1300 639 1337 tnox
672 1285 875 1355 dignos
898 1301 1001 1340 nos
1027 1301 1277 1351 censeas,
1303 1286 1511 1355 quibus
1532 1292 1585 1339 te
1605 1288 1787 1355 ipsum
1814 1284 2097 1340 ostendas.

517 1376 585 1429 Et
610 1376 734 1431 linis
776 1375 1193 1446 deprecationis
1233 1378 1435 1446 dignus
1475 1388 1559 1431 est
1596 1376 1836 1430 Danielis
1871 1375 2099 1430 humili-

518 1477 653 1521 tate.
690 1485 708 1517 ι
747 1466 977 1538 Propter
1011 1479 1062 1524 te
1091 1510 1105 1533 ,
1139 1471 1341 1539 inquit,
1379 1469 1518 1525 Deus
1541 1468 1637 1522 mi.
1678 1487 1697 1520 ι
1741 1466 1932 1537 Neque
1952 1468 2098 1522 enim

522 1573 625 1627 ego
650 1600 664 1622 ,
711 1559 929 1628 inquit,
970 1561 1170 1629 dignus
1209 1576 1330 1615 sum
1356 1602 1370 1626 ,
1404 1561 1497 1629 qui
1529 1560 1671 1614 lianc
1714 1575 1742 1613 a
1779 1569 1830 1615 te
1866 1560 2097 1630 gratiam

523 1666 767 1716 exorem,
801 1652 920 1714 sed,
951 1671 969 1704 ι
1004 1652 1138 1718 Quia
1174 1668 1372 1708 nomen
1411 1663 1563 1707 ltlllm
1595 1662 1850 1707 vocatum
1888 1658 1975 1706 est
2014 1667 2103 1706 suo

525 1758 623 1811 per
664 1743 945 1799 civitatem
995 1752 1181 1807 tuam,
1235 1753 1290 1799 ct
1334 1760 1501 1813 super
1550 1745 1809 1814 populum
1861 1752 2039 1799 tuum.
2078 1764 2097 1795 ι

524 1834 660 1887 Cum
687 1835 760 1888 ita
792 1836 1064 1905 petiissct,
1090 1851 1153 1890 ac
1182 1844 1339 1889 tanto
1360 1835 1545 1891 studio
1580 1850 1677 1904 pro
1706 1837 1957 1904 cognatis
1985 1834 2103 1890 suis

526 1926 929 1994 supplicasset,
972 1935 1339 1997 precatusque
1373 1934 1523 1981 esset
1608 1941 1676 1981 ne
1731 1926 1877 1980 Deus
1918 1939 2101 1979 mora-
2133 1916 2177 1971 Β

529 2025 699 2083 retur,
733 2018 920 2072 statim
951 2018 1197 2072 divinum
1241 2020 1444 2087 accipit
1471 2032 1820 2086 responsum.

596 2108 764 2165 Vsus.
793 2110 885 2169 20.
921 2110 1010 2165 2!.
1048 2128 1067 2162 ι
1101 2110 1294 2165 Adhuc
1330 2110 1546 2181 1237
1586 2111 1732 2165 enim
1767 2124 1855 2164 me
1875 2108 2109 2178 loquen-

525 2212 581 2259 te
605 2243 619 2268 ,
659 2202 857 2273 inquit,
898 2209 954 2258 et
993 2203 1350 2273 deprecante,
1379 2213 1432 2258 et
1461 2202 1756 2257 conﬁtente
1787 2200 2109 2270 iniquitates

528 2311 710 2357 meas,
743 2303 798 2350 et
842 2306 1067 2365 peccata
1112 2295 1299 2364 populi
1336 2293 1536 2359 Israel,
1565 2302 1620 2350 et
1663 2293 1986 2364 projiciente
2011 2293 2114 2347 mi-

529 2384 892 2440 sericordiam
937 2399 1112 2457 meam
1155 2398 1342 2439 coram
1391 2382 1622 2438 Omnino
1673 2382 1785 2438 Deo
1827 2398 1949 2436 meo
1991 2396 2004 2433 :
2055 2387 2110 2437 et

525 2476 710 2531 adhuc
743 2491 828 2531 me
859 2476 1121 2545 loquente
1151 2477 1209 2530 iu
1242 2476 1493 2530 oratione
1516 2514 1531 2539 ,
1564 2489 1696 2530 ecce
1735 2473 1821 2527 vir
1850 2472 2112 2539 Gabriel,

524 2582 691 2636 quem
721 2567 832 2621 vidi
864 2567 917 2621 in
956 2568 1169 2622 visione
1212 2583 1331 2624 mea
1378 2569 1434 2622 in
1481 2567 1794 2638 principio,
1833 2567 2054 2623 volans.
2088 2583 2111 2616 ι

531 2655 677 2722 llae,
736 2655 953 2726 inquit,
995 2656 1248 2712 oratione
1289 2667 1451 2712 utens
1477 2697 1493 2721 ,
1537 2667 1591 2712 et
1631 2671 1980 2712 communem
2016 2670 2116 2711 no-

531 2758 706 2805 stram
761 2749 1115 2819 iniquitatem
1171 2765 1488 2814 accusans,
1550 2749 1795 2804 nondum
1856 2747 2116 2818 imposito

531 2839 797 2910 precibus
827 2839 953 2905 line,
985 2840 1145 2910 video
1175 2839 1486 2895 Gabrielem
1515 2839 1816 2901 volantem,
1844 2845 1899 2891 et
1930 2837 2000 2892 ad
2031 2852 2118 2893 me

531 2942 907 2987 accurrentem
944 2950 959 2988 :
990 2933 1218 3001 cognovi
1252 2940 1435 2986 autem
1471 2930 1597 3000 quis
1627 2940 1795 2994 esset,
1822 2928 1971 2998 quod
2002 2929 2115 2996 iam

532 3024 691 3093 prius
715 3024 1001 3080 insomnis
1019 3025 1174 3077 illum
1191 3037 1611 3092 conspexerant,
1637 3029 1693 3076 et
1718 3020 2118 3121 nosnen‘ipsius

532 3122 666 3169 tunc
707 3115 899 3183 didici,
936 3130 1061 3170 cum
1092 3115 1338 3170 audirem
1376 3112 1690 3179 Dominum,
1716 3114 1811 3183 qui
1841 3112 2019 3168 illi'ad
2060 3130 2121 3170 se

531 3206 806 3261 accersito
835 3206 907 3261 ita
938 3206 1223 3276 imperavit
1252 3216 1279 3255 P
1302 3244 1318 3270 ,
1352 3204 1599 3271 Gabriel,
1628 3205 1781 3258 illum
1812 3204 2122 3275 intelligere

536 3298 623 3353 fac
654 3299 949 3354 visionem.
990 3297 1176 3352 Virum
1219 3306 1404 3352 autem
1451 3299 1640 3368 ipsum
1664 3298 1918 3363 vocavit,
1950 3298 2020 3353 ab
2054 3312 2122 3354 eo

536 3392 682 3461 quod
718 3392 929 3446 viderat
958 3391 1220 3461 imposito
1251 3391 1333 3444 illi
1377 3390 1623 3446 nomine.
1672 3390 1885 3447 Etenim
1923 3392 1978 3450 in
2025 3391 2123 3447 illo

538 3483 802 3538 somnio:
849 3498 869 3534 ι
906 3480 1319 3552 Eece,inquit,
1358 3482 1514 3537 stetit
1554 3484 1607 3537 in
1649 3493 1951 3556 conspectu
1995 3499 2120 3540 meo

539 3575 699 3645 quasi
743 3574 885 3629 visio
936 3574 1041 3627 viri
1075 3582 1141 3639 tt;
1185 3593 1204 3625 ι
1260 3588 1366 3643 qua
1407 3573 1475 3629 de
1504 3589 1671 3629 causa
1722 3575 1815 3629 hic
1861 3590 2121 3645 quoque:

547 3685 566 3717 ι
615 3665 779 3729 Ecce,
811 3667 908 3730 ait,
934 3666 1016 3719 vir
1047 3664 1289 3727 Gabriel,
1320 3682 1483 3736 quem
1515 3667 1630 3721 vidi
1675 3667 1729 3721 in
1759 3667 1975 3723 visione
2003 3682 2125 3723 mea

545 3755 601 3809 in
636 3756 905 3825 principio
927 3797 942 3819 ,
968 3756 1183 3811 volans.
1216 3775 1232 3806 ι
1273 3756 1335 3809 Et
1373 3756 1550 3810 volare
1574 3756 1756 3825 ipsum
1782 3756 1922 3811 dixit
1947 3796 1962 3820 ,
1997 3771 2125 3813 aera

546 3848 801 3904 celeriter
846 3848 1151 3913 secantem,
1175 3857 1229 3904 et
1261 3849 1330 3903 ad
1374 3865 1434 3904 se
1479 3856 1863 3904 accurrentem
1899 3851 2125 3920 conspi-

546 3947 726 3997 catus.
760 3960 778 3991 ι
807 3940 870 3994 Ει
911 3941 1091 4012 tetigit
1131 3957 1219 3995 me
1253 3941 1408 4011 quasi
1436 3941 1572 3995 hora
1605 3939 1865 4019 sacrilieii
1902 3956 2124 4011 vesper-

546 4035 669 4091 tini.
702 4053 721 4085 ι
778 4033 893 4090 [loc
934 4042 1048 4094 est,
1097 4034 1248 4089 circa
1297 4043 1513 4102 tempus
1552 4033 1852 4102 vespertini
1901 4033 2125 4100 cultus,

542 4129 630 4184 vel
654 4136 866 4182 tantum
895 4127 1162 4199 temporis
1181 4127 1447 4197 spatium,
1473 4134 1748 4196 quantum
1778 4128 2129 4198 vespertinus

540 4229 784 4292 occupat
812 4220 1023 4274 cultus.

624 4310 786 4368 Vens.
826 4313 917 4375 2'2,
946 4311 1038 4366 23.
1073 4331 1092 4363 ι
1128 4310 1193 4366 Ει
1225 4311 1446 4365 loeutus
1475 4319 1559 4367 est
1590 4326 1829 4377 mecum,
1862 4320 1916 4367 et
1948 4311 2125 4367 dixit:

548 4404 763 4471 Daniel,
800 4420 953 4458 nunc
985 4419 1245 4473 egressus
1277 4419 1423 4466 sum,
1463 4411 1523 4458 ut
1570 4404 1870 4473 praeberem
1904 4403 2004 4458 tibi
2045 4404 2130 4458 iu.

546 4496 933 4566 telligentiam.
965 4495 1022 4550 In
1050 4496 1327 4565 principio
1360 4497 1702 4566 precationis
1733 4505 1840 4551 tuae
1869 4512 2131 4566 egressus

2211 647 2465 704 Ἰκετεύει
2498 653 2608 723 γὰρ
2642 651 2734 705 τὸν
2765 651 2916 712 Θεὸν,
2948 652 3163 721 πρῶτον
3219 652 3315 722 μὲν
3362 651 3619 705 ἀκοῦσαι
3676 650 3792 716 τῆς

2202 743 2530 812 προσευχῆς,
2559 745 2652 796 καὶ
2688 743 2761 814 μὴ
2812 742 3136 797 ἀπώσασθαι
3174 743 3272 811 τὴν
3306 742 3584 813 ἱκετηρίαν
3617 756 3629 771 ·
3657 737 3792 794 εἶτα.

2200 833 2509 886 ἀκούσαντα
2555 836 2735 888 ἵλεων
2798 836 3075 905 γενέσθαι
3108 877 3122 899 ,
3160 835 3318 887 ἵλεων
3370 835 3429 887 δὲ
3485 835 3794 903 γενόμενον

2201 923 2528 994 προσέχειν
2560 927 2834 996 εὐμενῶς,
2866 928 3114 994 δείξαντα
3152 927 3209 980 δὲ
3256 927 3353 997 τὴν
3378 928 3585 980 οἰκείαν
3613 926 3795 996 εύμὲσ-

2202 1030 2352 1065 νειαν
2395 1015 2619 1085 ποιῆσαι
2648 1017 2740 1068 καὶ
2773 1016 3057 1086 πληρῶσαι
3088 1016 3188 1086 τὴν
3212 1016 3446 1069 ἱκετείαν
3466 1017 3532 1069 ’⁸.
3555 1015 3797 1078 Τούτοις

2202 1107 2451 1175 ἐπήγαγε
2472 1122 2487 1135 ⁸
2520 1106 2617 1173 Μὴ
2648 1110 2958 1176 χρονίσῃς.
2993 1110 3113 1161 ἀντὶ
3143 1107 3258 1170 τοῦ,
3290 1107 3382 1177 Μὴ
3411 1107 3653 1178 ἀναϐάλῃ
3680 1106 3794 1176 τὴν

2202 1195 2386 1267 δέησιν
2407 1198 2453 1228 ³*
2480 1198 2564 1260 εἰς
2617 1199 2802 1271 ἓτερον
2851 1200 3041 1270 χρόνον
3066 1240 3080 1264 ,
3112 1199 3227 1253 ἀλλ’
3257 1199 3457 1252 αὐτίκα
3507 1199 3606 1268 τῆς
3661 1199 3795 1250 ἐπι-

2206 1289 2431 1357 φανείας
2448 1290 2492 1321 ³⁰
2522 1292 2667 1361 ἡμᾶς
2714 1290 2964 1355 ἀξίωσον.
3003 1292 3112 1345 Καὶ
3141 1292 3240 1361 τῆς
3269 1291 3435 1361 εὐχῆς
3456 1290 3514 1344 δὲ
3545 1290 3606 1342 τὸ
3629 1291 3794 1352 τέλος

2203 1382 2303 1451 τῆς
2329 1381 2424 1435 τοῦ
2475 1383 2674 1453 Δανιὴλ
2719 1384 3224 1457 ταπεινοφροσύνης
3270 1384 3439 1448 ἄξιον.
3493 1403 3510 1435 ι
3554 1383 3793 1437 Ἕνεκεν

2138 1536 2149 1549 κ
2208 1488 2323 1536 σου,
2352 1473 2516 1542 φησιν
2538 1513 2554 1536 ,
2604 1472 2632 1523 ὁ
2689 1472 2821 1537 Θεὸς
2853 1491 2974 1543 μου.
3019 1493 3037 1525 ι
3077 1474 3209 1526 Οὐδὲ
3235 1473 3344 1542 γὰρ
3374 1471 3503 1540 ἐγὼ,
3534 1471 3789 1542 equiti",

2206 1562 2356 1628 ἄξιος
2396 1563 2490 1617 τοῦ
2539 1564 2742 1633 ταύτην
2792 1564 2977 1619 λαϐεῖν
3015 1565 3114 1637 τὴν
3137 1566 3328 1636 χάριν·
3366 1564 3481 1618 ἀλλ’
3513 1583 3530 1615 ι
3569 1564 3694 1616 Ὀτι
3723 1565 3795 1615 τὸ

2206 1656 2380 1724 ὄνομα
2412 1673 2504 1709 σου
2540 1656 2900 1727 ἐπικέκληται
2951 1658 3044 1709 ἐπὶ
3073 1658 3171 1728 τὴν
3207 1656 3362 1709 πόλιν
3411 1672 3540 1722 σου,
3573 1656 3666 1707 καὶ¹
3693 1656 3795 1707 ἐπὶ

2208 1744 2299 1796 τὸν
2329 1745 2457 1798 λαόν
2494 1762 2609 1799 σου.
2646 1766 2663 1797 ι
2694 1744 2882 1808 Οὕτως
2926 1746 3174 1815 αἰτήσας,
3215 1746 3310 1798 καὶ
3346 1745 3484 1815 μετὰ
3517 1742 3797 1814 τοσαύτης

2210 1835 2520 1907 προθυμίας
2547 1839 2646 1906 τὴν
2674 1839 2814 1908 ὑπὲρ
2843 1837 2949 1890 τῶν
2984 1836 3272 1908 ὁμοφύλων
3308 1835 3587 1907 ἱκετηρίαν
3618 1850 3797 1901 προσ-
3884 1866 3897 1873 -

2209 1925 2471 1994 ενεγκὼν,
2498 1929 2593 1981 καὶ
2653 1927 3016 1998 ἀντιϐολήσας
3064 1928 3138 1996 μὴ
3193 1924 3439 1996 χρονίσαι
3483 1924 3576 1977 τὸν
3610 1922 3748 1975 Θεὸν
3775 1962 3795 1988 ,

2211 2016 2527 2088 παραυτίκα
2555 2016 2655 2086 τῆς
2685 2016 2836 2081 θείας
2884 2015 3229 2087 ἀποκρίσεως
3262 2012 3541 2067 ἀπολαύει.

2279 2114 2348 2163 κ’.
2381 2127 2399 2160 ι
2443 2109 2565 2162 Ἔτι
2619 2109 2729 2178 γάρ
2773 2125 2897 2179 μου,
2948 2107 3105 2177 φησι,
3140 2104 3461 2169 λαλοῦντος,
3491 2103 3586 2159 καὶ
3621 2118 3798 2174 προσ-

2211 2203 2525 2273 ευχομένου,
2561 2202 2655 2256 καὶ
2708 2200 3122 2271 ἐξαγορεύοντος
3151 2199 3250 2262 τὰς
3282 2195 3512 2267 ἀνομίας
3543 2212 3666 2264 μου,
3697 2195 3798 2248 καὶ

2210 2294 2308 2357 τὰς
2342 2292 2614 2364 ἁμαρτίας
2639 2292 2682 2324 ³¹
2701 2291 2794 2345 τοῦ
2813 2289 2945 2344 λαοῦ
2975 2290 3213 2360 Ἰσραὴλ,
3234 2289 3327 2343 καὶ
3361 2284 3681 2358 ῥιπτοῦντος
3699 2284 3800 2337 τὸν

2212 2386 2361 2440 ἐλεόν
2391 2402 2493 2455 μου
2512 2383 2759 2437 ἐναντίον
2789 2381 2995 2453 Κυρίου
3015 2381 3059 2413 ⁸³
3075 2381 3170 2435 τοῦ
3193 2379 3329 2433 Θεοῦ
3356 2396 3458 2450 μου
3482 2379 3551 2433 ³⁵.
3578 2377 3693 2435 Καὶ
3713 2376 3798 2430 ἔτι

2217 2495 2319 2547 μου
2341 2476 2627 2539 λαλοῦντος
2643 2476 2700 2527 ἐν
2713 2478 2780 2545 τῇ
2802 2477 3100 2547 προσευχῇ,
3118 2474 3211 2527 καὶ
3231 2473 3341 2526 ἰδοὺ
3371 2473 3512 2543 ἀνὴρ
3530 2471 3568 2523 Γ
3570 2470 3794 2540 αϐριὴλ,

2213 2569 2271 2623 ὃν
2301 2564 2440 2623 εἶδον
2487 2569 2546 2621 ἐν
2573 2570 2640 2637 τῇ
2688 2566 2881 2637 ὁράσει
2934 2583 3036 2637 μου
3088 2568 3150 2619 ἐν
3197 2568 3380 2636 ἀρχῇ,
3417 2563 3736 2634 πετόμενος.
3772 2581 3792 2614 ι

2215 2660 2454 2731 Ταύτην,
2481 2658 2637 2729 φησὶ,
2663 2657 2761 2729 τὴν
2797 2658 3032 2712 ἱκετείαν
3065 2658 3415 2728 προσφέρων,
3448 2654 3657 2723 καὶτῆς
3690 2671 3797 2706 κοι-

2215 2753 2313 2822 νῆς
2341 2753 2496 2824 ἡμῶν
2527 2751 2873 2823 παρανομίας
2908 2749 3256 2821 κατηγορῶν,
3292 2748 3517 2818 μηδέπω
3538 2747 3582 2779 ³⁵
3624 2746 3790 2815 πέρας

2215 2845 2427 2909 ἐπιθεὶς
2455 2847 2520 2916 τῇ
2568 2846 2873 2915 προσευχῇ,
2914 2842 3026 2913 ὁρῶ
3066 2842 3158 2894 τὸν
3192 2839 3431 2910 Γαϐριὴλ
3476 2839 3789 2909 πετόμενον,

2217 2937 2313 2991 καὶ
2342 2937 2481 3007 πρὸς
2513 2937 2612 3007 ὲμέ
2643 2935 2835 2989 θέοντα
2861 2952 2875 2966 ο
2908 2935 3081 3001 ἔγνων
3108 2934 3164 2986 δὲ
3209 2933 3291 2994 τίς
3323 2934 3492 2996 ἐστιν,
3525 2930 3627 3003 ἤδη
3668 2929 3797 3001 πρό-

2216 3046 2372 3099 τερον
2395 3027 2527 3098 ὄναρ
2556 3027 2717 3080 αὐτὸν
2752 3026 3087 3096 θεασάμενος
3114 3042 3128 3055 ·
3159 3025 3254 3077 καὶ
3277 3026 3375 3092 τὴν
3414 3023 3790 3095 προσηγορίαν

2217 3120 2275 3174 δὲ
2301 3118 2467 3172 αὐτοῦ
2500 3117 2723 3188 ἔμαθον,
2755 3115 2995 3178 ἀκούσας
3044 3116 3345 3183 τηνικαῦτα
3384 3112 3480 3167 τοῦ
3525 3113 3798 3166 Δεσπότου

2222 3210 2581 3272 καλέσαντος,
2613 3209 2707 3262 καὶ
2736 3208 3139 3277 προστάξαντος
3173 3221 3186 3235 ·
3221 3205 3459 3277 Γαϐριὴλ
3478 3244 3493 3268 ,
3525 3205 3801 3257 συνέτισον

2226 3305 2437 3357 ἐκεῖνον
2494 3300 2592 3372 τὴν
2639 3300 2853 3370 ὅρασιν.
2912 3296 3135 3363 Ἄνδρα
3186 3295 3244 3349 δὲ
3300 3296 3463 3348 αὐτὴν
3528 3294 3795 3364 κέκληκεν

2224 3396 2334 3451 ἀπὸ
2407 3399 2506 3466 τῆς
2560 3392 2689 3455 θέας
2751 3390 2850 3459 τὴν
2923 3388 3291 3459 προσηγορίαν
3349 3385 3629 3448 τεθεικώς.
3685 3387 3794 3438 Καὶ

2223 3489 2332 3561 γὰρ
2380 3490 2436 3541 ἐν
2490 3487 2685 3557 ἐκείνῳ
2742 3485 2821 3556 τῷ
2881 3483 3119 3552 ἐνυπνίῳ
3169 3482 3369 3552 φησιν·
3407 3499 3426 3531 ι
3468 3481 3601 3533 ’ἰδοὺ
3644 3479 3790 3547 ’ἔστη

2226 3579 2455 3634 ἐνώπιόν
2505 3596 2603 3648 μου
2634 3579 2711 3641 ὡς
2744 3580 2934 3648 ὅρασις
2981 3577 3193 3645 ἀνδρός.
3230 3594 3248 3626 ι
3275 3570 3351 3627 υἷι
3405 3575 3563 3643 χάριν
3593 3573 3687 3627 καὶ
3714 3574 3795 3625 ἐν·

2224 3670 2399 3725 ταῦοά
2423 3687 2586 3739 φησιν
2608 3686 2619 3698 ·
2661 3689 2678 3720 ι
2710 3670 2840 3722 Ἰδοὺ
2872 3669 2901 3720 ὁ
2932 3669 3072 3739 ἀνὴρ
3107 3668 3369 3738 Γαϐριὴλ,
3401 3669 3459 3721 εν
3490 3664 3631 3720 εἶδον
3653 3669 3711 3719 ἐν
3735 3668 3794 3735 τῇ

2226 3763 2412 3833 ὁράσει
2447 3778 2549 3832 μου
2577 3762 2634 3812 ἐν
2656 3762 2820 3832 ἀρχῇ,
2856 3761 3203 3829 πετόμενος.»
3242 3760 3537 3815 Πετᾶσθαι
3569 3759 3625 3813 δὲ
3650 3760 3739 3812 καὶ
3755 3759 3799 3789 ³⁸

2227 3854 2389 3908 αὐτὸν
2423 3853 2527 3924 ἔφη
2556 3854 2725 3917 ὀξέως
2762 3853 3122 3923 διατέμνοντα
3142 3854 3184 3884 ³⁷
3210 3853 3301 3906 τὸν
3343 3854 3501 3923 ἀέρα.
3528 3852 3625 3905 καὶ
3674 3852 3797 3921 παρ’

2229 3947 2391 3999 αὑτὸν
2425 3947 2614 3999 θέοντα
2667 3944 3026 4014 θεασάμενος.
3068 3962 3087 3996 ι
3130 3944 3240 3997 Καὶ
3290 3944 3466 4014 ἣψατό
3522 3962 3624 4014 μου
3672 3945 3798 3996 ὡσεὶ

2228 4037 2377 4106 ὤραν
2415 4036 2605 4100 θυσίας
2633 4036 2951 4106 ἐσπερινῆς.
2996 4055 3015 4085 ι
3062 4035 3208 4087 ’Λντὶ
3240 4035 3354 4097 τοῦ,
3388 4036 3531 4087 κατὰ
3559 4036 3646 4087 τὴν
3683 4053 3798 4088 και-

2233 4130 2324 4201 ρὸν
2354 4130 2450 4201 τῆς
2482 4128 2779 4200 ὲσπερινῆς
2804 4128 3082 4196 λατρείας,
3110 4129 3141 4201 ἢ
3172 4127 3427 4180 τοσοῦτον
3450 4126 3662 4197 καιρὸν,
3683 4126 3798 4179 ὅσον

2232 4226 2267 4293 ἡ
2301 4220 2558 4294 ἐσπερινὴ
2581 4221 2801 4291 κατέχει
2822 4219 3069 4291 λατρεία.
3264 4205 3286 4229 ⁸

2302 4315 2423 4386 κβ⁹,
2453 4320 2558 4384 κγ’.
2612 4334 2630 4366 ι
2671 4315 2782 4366 Καὶ
2838 4312 3069 4383 ἐλάλησε
3126 4312 3242 4382 μετ’
3289 4312 3424 4381 ἐμοῦ
3458 4354 3470 4374 ,
3502 4314 3596 4366 καὶ
3648 4307 3796 4372 εἶπε·

2234 4406 2454 4477 Δανιὴλ,
2477 4404 2573 4457 νῦν
2597 4403 2818 4475 ἐξῆλθον
2843 4421 2905 4456 συ
2916 4401 3178 4473 μϐιϐάσαι
3201 4417 3258 4454 σε
3285 4402 3518 4456 σύνεσιν.
3552 4402 3639 4455 Ἑν
3666 4404 3798 4473 ἀρχῇ

2232 4501 2330 4571 τῆς
2349 4497 2585 4569 δεήσεώς
2626 4514 2719 4550 σου
2754 4495 2978 4564 ἐξῆλθεν
3005 4498 3033 4549 ὁ
3055 4495 3231 4563 λόγος,
3261 4496 3356 4547 καὶ
3392 4494 3500 4563 ἐγὼ
3532 4490 3692 4566 ἦλθον
3713 4494 3800 4546 τοῦ

548 4598 635 4646 est
674 4604 879 4654 sermo,
910 4598 967 4645 et
1003 4604 1104 4659 ego
1127 4592 1253 4644 veni
1284 4591 1302 4609 ‘
1339 4597 1401 4643 ut
1444 4591 1819 4644 renuntiarem
1848 4588 1970 4652 tibi,
2004 4589 2115 4659 qui:

2237 4588 2557 4659 ἀναγγεῖλαί
2594 4604 2695 4655 σοι,
2722 4587 2863 4640 ὅτι³³
2887 4586 3026 4657 ἀνὴρ
3056 4584 3362 4654 ἐπιθυμιῶν
3398 4586 3462 4638 σὺ
3495 4580 3546 4638 εἴ
3571 4603 3582 4614 ·
3605 4586 3697 4637 καὶ
3720 4586 3802 4636 ἐν-

550 4682 635 4735 vir
674 4681 1083 4737 desideriorum
1130 4688 1187 4734 tu
1233 4697 1325 4744 es,
1365 4688 1420 4735 et
1460 4681 1839 4735 animadverte
1864 4680 2093 4734 verbum

2232 4684 2454 4756 νοήθητι
2493 4682 2551 4733 ἐν
2577 4679 2658 4750 τῷ
2696 4681 2922 4750 ῥήματι,
2956 4680 3051 4731 καὶ
3108 4676 3265 4740 σύνες
3293 4678 3351 4732 ἐν
3388 4680 3455 4747 τῇ
3486 4675 3741 4747 ὀπτασίᾳ.
3781 4694 3799 4725 ι

551 4785 607 4836 et
642 4775 885 4845 intelligo
913 4774 1203 4830 visionem.
1236 4793 1254 4826 ι
1296 4773 1526 4841 Statim,
1560 4774 1771 4845 inquit,
1816 4772 2032 4843 1238
2061 4773 2138 4828 si-

551 4868 668 4922 mul
701 4877 863 4937 atque
892 4866 1179 4935 deprecari
1205 4867 1447 4939 coepisti,
1480 4859 1796 4921 communis
1825 4864 2096 4920 Dominus
2119 4904 2133 4928 ,

2240 4775 2433 4838 Εὐθὺς,
2460 4773 2643 4843 φησιν,
2667 4771 2828 4842 ἡνίκα
2875 4769 3028 4841 ἤρξω
3063 4768 3485 4840 προσεύχεσθαι,
3519 4766 3804 4837 δεξάμενος

2234 4871 2263 4923 ό
2292 4867 2469 4929 κοινὸς
2496 4865 2774 4934 Δεσπότης
2790 4863 2889 4935 τὴν
2919 4863 3178 4925 ἱκετείαν,
3212 4862 3308 4916 καὶ
3351 4860 3687 4931 θεασάμενός
3717 4876 3804 4912 σου

554 4961 796 5017 admissa
834 4960 1257 5027 obsecratione,
1291 4968 1704 5030 conspectaque
1744 4967 1837 5013 tua
1867 4958 2112 5014 laudabil

2235 4959 2336 5030 τὴν
2360 4956 2570 5029 ἀγαθὴν
2602 4955 2917 5026 ἐπιθυμίαν,
2965 4953 3257 5009 ἀπέστειλέ
3280 4952 3361 5024 ¹με
3393 4952 3605 5019 διδάξαι
3651 4968 3709 5004 σε
3742 4949 3805 5003 τὰ

555 5051 891 5121 cupiditate,
933 5052 1083 5108 misit
1132 5070 1257 5116 me,
1310 5060 1370 5106 ut
1414 5050 1598 5106 futura
1640 5059 1692 5107 te
1726 5051 2004 5107 docerem.
2051 5051 2133 5107 Tu

556 5153 735 5201 autem
764 5143 1055 5215 diligenter
1091 5144 1347 5205 attende,
1386 5142 1451 5195 ad
1499 5142 1636 5207 ista,
1674 5159 1794 5211 qum
1827 5143 2129 5197 dicuntur:

556 5245 677 5305 qua:
702 5233 847 5287 enim
881 5233 1154 5297 dicentur,
1186 5234 1349 5290 nimis
1380 5233 1665 5311 recondita
1698 5246 1847 5302 sunt,
1881 5252 2043 5307 quam
2074 5244 2132 5291 ut

629 5406 809 5467 PDan.
834 5425 955 5477 vm,
991 5408 1079 5464 16.
1157 5419 1185 5460 ιι
1216 5409 1347 5464 ibid.
1373 5410 1462 5465 15.

2238 5051 2493 5121 ἐσόμενα.
2520 5050 2592 5103 Σὺ
2625 5048 2681 5101 δὲ
2719 5046 2964 5120 ἀκριϐῶς
2998 5047 3229 5117 πρόσεχε
3251 5046 3296 5078 ³⁵
3321 5047 3434 5108 τοῖς
3466 5044 3803 5113 λεγομένοιςο

2245 5143 2515 5214 βαθύτερα
2559 5139 2735 5210 γὰρῆ
2785 5138 2928 5193 κατὰ
2976 5137 3263 5208 ἄνθρωπον
3310 5136 3379 5189 τὰ
3416 5135 3801 5206 λεχθησόμενα.

2241 5234 2412 5290 Τοῦτο
2440 5234 2546 5304 γὰρ
2565 5233 2711 5302 λέγει
2738 5249 2751 5262 ·
2776 5232 2964 5298 Σύνες
2987 5231 3056 5286 ἐν
3082 5228 3159 5299 τῇ
3183 5230 3443 5296 ὀπτασίᾳ
3463 5247 3475 5259 ο
3497 5226 3804 5292 τουτέστιν,

1876 5563 2113 5622 VARUS
2156 5564 2558 5624 LECTIONES.

631 5703 680 5737 “
708 5703 750 5758 Β
780 5704 1097 5777 ἱκετηρίαν.
1154 5705 1199 5738 ¹⁹
1225 5706 1265 5758 Β
1289 5706 1456 5760 δόσιν.
1535 5704 1578 5736 ³⁸
1663 5706 1760 5777 σῆς
1777 5707 1925 5777 ἡμᾶς
1951 5704 2294 5777 ἐπιφανείας.

563 5771 611 5841 ιλ
636 5788 824 5841 praem.
855 5771 968 5828 τοῦ.

566 5839 612 5871 ’τ
637 5839 780 5897 διατ.
805 5843 844 5896 Β
873 5860 1056 5914 praem.
1086 5839 1266 5901 σῦτόν.
1366 5849 1409 5880 ³⁸
1436 5848 1535 5898 ὅτι.
1584 5839 1656 5898 Ex
1685 5847 1725 5900 Δ
1750 5839 1865 5903 ινιἹ)
1894 5839 2078 5917 suppl.

1062 5775 1108 5806 3‘
1134 5794 1260 5849 μου.
1284 5777 1326 5831 Α
1355 5777 1479 5849 add.
1518 5776 1645 5849 περὶ
1668 5773 1758 5849 τοῦ
1782 5773 1939 5849 ὅρους
1967 5773 2070 5831 τοῦ
2097 5773 2467 5849 ἁγίᾼουῃαὺτοῧ.

2370 5704 2409 5735 ³¹
2434 5702 2706 5773 φησ.1)υδ.
2730 5705 2783 5757 in
2812 5702 2869 5756 Β.
2940 5703 2981 5735 ⁸¹
3004 5703 3152 5756 λαου.
3180 5701 3219 5755 Β
3241 5701 3367 5756 add.
3398 5716 3522 5770 μου.
3599 5699 3645 5731 ³³
3674 5699 3753 5753 Κυ
3788 5734 3802 5751 .

2370 5773 2467 5822 τοῦ.
2572 5773 2615 5804 ³⁵
2654 5774 2779 5822 ιιτδ-
2823 5773 2861 5822 Β
2887 5772 3012 5822 add.
3048 5773 3124 5822 δέ.
3224 5772 3268 5804 ³⁸
3305 5771 3417 5822 καί.
3479 5769 3604 5822 Des.
3643 5771 3695 5822 in
3746 5712 3800 5822 ﬁ.

2572 5773 2615 5804 ³⁵
2652 5774 2779 5845 μηδ.
2822 5773 2861 5826 Β
2887 5772 3012 5828 add.
3048 5773 3124 5827 δέ.
3224 5772 3268 5804 ³⁸
3305 5769 3417 5826 καί.
3479 5769 3604 5826 Des.
3643 5771 3695 5825 in
3746 5769 3800 5824 Β.

2180 5847 2224 5877 ³⁹
2246 5845 2287 5898 Β
2316 5844 2564 5914 πρόσχες.
