4092 6426
211 458 238 523 1
263 459 358 525 269

1422 461 1504 521 IN
1531 460 1886 521 DANIELJS
1929 462 2085 522 CAP.
2142 464 2244 522 IX.

3361 461 3495 529 1470

208 567 637 640 αἰνιγματωδῶς
684 568 862 622 ταῦτα
889 569 1241 641 λεχθήσεται,
1276 571 1370 622 καὶ
1403 569 1485 623 δεῖ
1516 587 1598 623 σοι
1627 588 1796 623 κατα-

1917 569 1973 620 rh
2018 570 2234 623 homine
2279 570 2488 640 percipi
2541 576 2769 640 queant.
2811 568 2927 624 lloc
2975 566 3121 624 enim
3168 568 3446 641 signiﬁcat
3474 613 3491 638 ,

211 665 463 733 νοήσεως
502 660 766 733 ἀκριϐοῦς
804 662 884 726 εἰς
900 662 946 693 ³⁸
968 662 1028 715 τδ
1084 662 1276 732 νοῆσαι
1303 660 1498 716 ταῦτα.
1534 664 1803 732 Αἰνιγμα-

208 754 412 818 τωδῶς
451 753 511 808 δέ
540 756 688 807 ἐστιν
720 755 809 807 ὅτε
858 754 929 807 τά
976 754 1097 808 θεῖα
1128 752 1352 822 λέγεται
1384 755 1479 805 καὶ
1508 753 1801 824 γράφεται,

209 846 311 902 ἵνα
346 845 425 919 μὴ
464 847 631 900 πᾶσιν
749 845 887 916 δῆλα
936 844 1007 899 τὰ
1056 846 1170 908 τοῖς
1214 845 1388 913 ἁγίοις
1426 844 1805 899 ἀποκαλυπτό-

211 957 368 1012 μενα
390 957 405 972 ο
428 937 576 994 οὕτω
599 938 710 1010 γάρ
733 937 799 993 ἂν
832 938 1287 1010 εὐκαταφρόνητα
1322 938 1564 1007 ἐγεγόνει
1603 937 1805 1007 ὁμοίως

211 1033 333 1086 ὑπὸ
386 1031 608 1101 πάντων
661 1028 1065 1102 γνωριζόμενα.
1101 1029 1327 1097 ’Ἄνδρα
1357 1029 1414 1082 δὲ
1464 1028 1626 1082 αὑτὸν
1675 1029 1804 1082 ἐπι-

210 1121 453 1193 Ουμιῶν
491 1122 665 1182 καλεῖ.
717 1121 750 1191 ἢ
796 1121 872 1184 ὡς
916 1121 1142 1193 νηστείᾳ
1177 1121 1270 1174 καί¹
1322 1119 1587 1192 κακουχίᾳ
1616 1119 1806 1173 ἑαυτόν

206 1213 563 1268 ἐκδεδωκότα
586 1255 601 1279 ,
637 1213 732 1266 καὶ
766 1211 1027 1283 ἀνδρείως
1064 1213 1206 1265 κατὰ
1243 1211 1354 1264 τῶν
1404 1208 1498 1264 τοῦ
1554 1211 1806 1280 σώματος

207 1304 532 1374 ἐπιθυμιῶν
558 1302 981 1374 ἀγωνιζόμενον,
1013 1303 1046 1375 ἦ
1078 1304 1153 1368 ὡς
1184 1302 1553 1372 ἐπιθυμοῦντα
1580 1301 1803 1372 γνῶναι,

214 1396 321 1450 καὶ
362 1396 556 1467 μαθεῖν
608 1395 899 1466 ἐφιέμενον
949 1396 1017 1449 τὰ
1048 1396 1127 1467 τῷ
1164 1395 1279 1466 λαῷ
1318 1393 1730 1465 συμϐησόμενα,
1770 1391 1803 1464 ἢ

211 1480 306 1535 δτι
344 1483 609 1554 ὲράσμιός
641 1485 756 1536 ἐστι
784 1484 879 1538 καὶ
904 1484 1027 1539 λίαν
1070 1485 1391 1556 ἐπέραστος,
1415 1485 1513 1548 τὰς
1541 1484 1643 1555 τῆς
1672 1485 1805 1555 ἀρε-

207 1571 325 1641 τῆς
357 1573 731 1645 μαρμαρυγὰς
753 1575 958 1645 ἀφιείς.
987 1574 1147 1629 Οὕτω
1170 1576 1447 1646 διεγείρας
1476 1575 1566 1629 τδν
1594 1576 1806 1648 προφή’

206 1678 326 1733 την
376 1666 406 1718 ό
439 1663 582 1728 θεῖος
625 1664 966 1737 ἀρχάγγελος
1018 1667 1098 1730 εἰς
1130 1667 1230 1736 τὴν
1271 1666 1382 1720 τῶν
1416 1667 1806 1738 ῥηθησομένων

209 1756 577 1827 κατανόησιν,
601 1757 701 1828 τὴν
744 1757 1094 1812 διδασκαλίαν
1124 1759 1444 1831 προσφέρει.

292 2016 393 2070 κδ’.
441 2034 460 2068 ι
509 2014 916 2087 Ἐὁδομήκοντα
943 2015 1237 2088 ἑϐδομάδες
1278 2020 1700 2092 συνετμήθησαν
1721 2025 1815 2078 ἐπὶ

209 2108 313 2163 τὸν
355 2106 487 2161 λαόν
517 2123 635 2171 σου,
662 2108 758 2160 καὶ
801 2108 896 2160 ἐπὶ
924 2106 1019 2179 τὴν
1066 2108 1222 2162 πόλιν
1262 2110 1363 2180 τὴν
1417 2111 1580 2179 ἁγίαν
1612 2130 1704 2167 σου
1744 2114 1813 2181 δι,

213 2201 331 2265 ἕως
350 2199 396 2234 ⁵³
443 2198 544 2254 τοῦ
599 2199 977 2269 mxumam
1034 2201 1096 2254 τὸ
1146 2203 1541 2276 παράπτωμα,
1567 2207 1663 2260 καὶ
1719 2207 1815 2261 τοῦ

215 2291 548 2361 τελεσθῆναι
573 2290 620 2322 ⁸³
661 2289 939 2361 ἁμαρτίαν
962 2333 977 2357 ,
1013 2292 1108 2345 καὶ
1145 2292 1242 2346 τοῦ
1301 2299 1603 2365 σφραγίσαι
1636 2297 1819 2368 ἀμαρ-

218 2382 344 2436 τίαν
364 2380 435 2446 δδ,
464 2381 559 2434 καὶ
592 2378 894 2447 ἀπαλεῖψαι
928 2379 1027 2443 τάς
1051 2381 1299 2451 ἀνομίας,
1320 2385 1413 2437 καὶ
1441 2384 1486 2417 ’⁵⁸
1509 2385 1604 2438 τοῦ
1633 2385 1815 2451 ὲξιλά-

226 2473 431 2529 σασθαι
453 2473 667 2527 ἀδικίαν
688 2474 757 2538 ⁸⁸,
786 2474 879 2526 καὶ
906 2473 1000 2527 τοῦ
1043 2476 1274 2545 ἀγαγεῖν
1306 2475 1659 2551 δικαιοσύνην
1684 2480 1817 2534 αἰώ-

228 2584 369 2634 νιον,
395 2568 490 2622 καὶ
532 2566 624 2621 τοῦ
670 2566 972 2638 σφραγίσαι
1019 2568 1211 2639 ὅρασιν
1245 2572 1341 2624 καὶ
1375 2576 1686 2643 προφήτην,
1719 2576 1817 2628 καὶ

229 2658 330 2713 τοῦ
350 2661 533 2730 χρῖσαι
553 2658 736 2735 ᾊγιον
767 2660 959 2728 ἁγίων.
999 2679 1018 2711 ι
1060 2660 1173 2731 Πρὸ
1202 2661 1312 2715 τῶν
1353 2662 1531 2716 ἀλλων
1558 2665 1815 2720 ἁπάντων

227 2751 680 2823 ἐπισημήνασθαι
723 2751 828 2817 δεῖ,
859 2750 943 2804 ὅτι
980 2751 1076 2804 τοῦ
1111 2753 1395 2823 προφήτου
1439 2756 1499 2807 ἐν
1536 2757 1605 2826 τῇ
1641 2773 1813 2825 προσ-

221 2846 361 2916 ευχῇ
407 2842 486 2915 τῷ
522 2842 644 2914 Θεῷ
694 2843 948 2911 λέγοντος
997 2843 1127 2915 περί
1160 2861 1220 2898 τε
1254 2844 1349 2898 τοῦ
1377 2845 1507 2899 λαοῦ
1525 2847 1570 2878 ³⁸⁷
1593 2848 1686 2902 καὶ
1715 2849 1816 2919 τῆς

234 2935 605 3008 Ἰερουσαλήμ
624 2952 638 2966 ·
667 2954 687 2987 ι
718 2937 777 2988 '0
799 2935 929 2999 λαός
960 2952 1079 2999 σου,
1105 2936 1200 2989 καὶ
1235 2937 1268 3007 ἡ
1296 2937 1450 3002 πόλις
1476 2955 1592 3004 σου,
1624 2939 1720 2993 καὶ
1751 2941 1814 2993 τὸ

222 3026 385 3097 ἅγιόν
410 3045 526 3082 σου.
557 3046 575 3079 ι
618 3025 1018 3099 Ἀντιστρέφων
1049 3027 1078 3079 ὁ
1113 3025 1247 3090 Θεὸς
1275 3026 1425 3096 λέγει
1458 3027 1535 3098 τῷ
1574 3032 1777 3101 Δανιήλ
1796 3047 1811 3061 ⁸

230 3139 252 3174 ι
300 3120 709 3190 Ἑϐδομήκοντα
754 3117 1048 3188 ὲϐδομάδες
1107 3118 1524 3189 συνετμήθησαν
1569 3121 1664 3174 ἐπὶ
1720 3121 1813 3176 τὸν

221 3212 357 3266 λαόν
390 3229 506 3273 σου,
539 3212 634 3265 καὶ
663 3210 756 3263 ἐπὶ
784 3209 1061 3316 τὴνοπόλιν
1098 3210 1379 3316 τὴνκάγίαν
1409 3227 1504 3265 σου
1526 3228 1539 3241 ·
1565 3232 1584 3263 ι
1621 3211 1813 3286 ὥσπερ
1843 3261 1888 3316 G

220 3307 329 3358 οὐκ
357 3303 525 3369 ἀξιῶν
548 3304 654 3356 τὸν
682 3302 840 3356 λαὸν
872 3301 1091 3356 ἑαυτοῦ
1123 3301 1308 3355 καλεῖν
1331 3301 1422 3356 τὸν
1450 3302 1620 3358 πάλαι
1650 3303 1814 3358 αὑτοῦ

220 3392 620 3465 ὠνομασμένον
649 3391 800 3456 λαὸν,
834 3389 960 3445 οὔτε
992 3392 1099 3463 μὴν
1129 3392 1229 3463 τὴν
1263 3393 1416 3446 πόλιν
1438 3394 1538 3465 τὴν
1558 3394 1820 3459 ὡσαύτως

221 3482 396 3540 αὐτοῦ
436 3483 605 3537 πάλαι
657 3481 1233 3555 προσαγορευομένην.
1286 3484 1459 3538 Τοῦτο
1488 3484 1545 3538 δὲ
1598 3486 1693 3538 κα)⁸
1726 3487 1819 3539 ἐπὶ

223 3574 330 3631 τοῦ
368 3576 606 3647 μεγάλου
647 3574 918 3644 πεποίηκε
937 3574 1203 3638 Μωσέως.
1240 3574 1437 3630 Ἦνίκα
1466 3577 1575 3648 γὰρ
1598 3577 1690 3629 τὸν
1720 3577 1818 3648 μό-

227 3685 364 3738 σχον
384 3666 781 3738 τεκτηνάμενοι
800 3665 862 3718 τὸ
887 3663 1030 3719 θεῖον
1048 3665 1196 3736 αὑτῴ
1218 3670 1600 3739 προσήνεγκαν
1629 3669 1816 3734 σέϐας,

222 3759 342 3828 ἔφη
397 3759 532 3828 πρὸς
560 3759 651 3811 τὸν
685 3758 970 3830 προφήτην
1007 3760 1035 3811 ό
1080 3758 1246 3822 Θεδς’
1290 3780 1308 3812 ι
1338 3758 1607 3824 Σπεῦσον,
1647 3761 1821 3814 κατὰ·

225 3850 369 3921 ϐηθι
418 3849 480 3902 τὸ
535 3850 697 3920 τάχος
731 3848 983 3903 ἐντεῦθεν
1013 3864 1024 3876 ’
1053 3849 1301 3921 ὴνόμησε
1332 3850 1442 3921 γὰρ
1467 3851 1496 3903 ό
1527 3851 1664 3914 ,λαός
1703 3869 1818 3916 σου,

227 3944 336 4011 οὒς
367 3945 635 4016 ἐξήγαγες
661 3943 719 4009 ἐξ
740 3944 1039 4012 Αἰγύπτου.
1071 3963 1090 3997 ι
1122 3945 1260 4015 Φησὶ
1291 3944 1472 3999 τοίνυν
1503 3946 1531 3998 ὁ
1553 3945 1688 4008 Θεὸς
1721 3946 1820 3998 αύ-

227 4039 331 4092 τὺν
362 4036 453 4090 διὰ
473 4034 567 4090 τοῦ
588 4035 950 4108 ἀρχαγγέλου,
982 4036 1064 4090 ὅτι
1094 4034 1191 4107 τὴν
1222 4035 1407 4107 δέησίν
1452 4052 1544 4089 σου
1589 4035 1823 4107 δεξάμε-

229 4146 351 4194 νος,
375 4129 472 4183 καὶ
495 4126 917 4198 οἰκοδομηθῆναι
938 4126 1038 4199 τὴν
1073 4126 1430 4199 Ἰερουσαλὴμ
1459 4130 1821 4198 συγχωρήσω,

228 4221 335 4276 καὶ
383 4219 476 4273 τὸν
523 4218 653 4272 λαόν
693 4235 789 4272 σου
837 4221 938 4289 τῆς
994 4218 1257 4273 ἐπανόδου
1314 4220 1499 4289 τυχεῖν
1557 4217 1819 4273 κελεύσω.

226 4310 394 4369 Μετά
426 4310 484 4365 δὲ
532 4311 636 4381 τὴν
686 4310 787 4381 τῆς
829 4310 1194 4382 Ἰερουσαλὴμ
1239 4310 1572 4381 οἰκοδομίαν,
1605 4310 1824 4381 διαρκέ-

234 4416 429 4456 σουσιν
470 4400 564 4453 ἐπὶ
619 4402 952 4472 τετρακόσια
990 4401 1084 4456 καὶ
1120 4400 1480 4472 ἐννενήκοντα
1530 4401 1623 4472 ἔτη
1682 4404 1827 4457 κατά

231 4492 405 4564 νόμον
446 4491 896 4564 πολιτευόμενοι·
939 4493 1196 4548 τοσοῦτον
1226 4492 1337 4563 γὰρ
1369 4494 1425 4547 αἰ
1452 4492 1825 4564 ἐϐδομήκοντα

1913 663 2141 731 ὁιιιείίέθε
2175 665 2446 724 visionem,
2479 662 2532 716 id
2560 672 2665 729 ρει,
2696 678 2796 733 per
2831 662 3120 731 mnigmata
3157 661 3270 716 hmc
3299 663 3498 717 dicen-

1913 760 2020 817 tur,
2058 759 2110 805 et
2137 763 2394 806 accurata
2419 752 2516 805 tibi
2552 767 2692 823 opus
2721 760 2805 807 est
2834 750 3199 821 intelligentia
3225 790 3239 814 ,
3278 759 3338 805 ut
3381 752 3496 807 haec

1909 839 2028 909 ipsa
2061 840 2519 911 comprehendas.
2570 840 2675 894 Per
2713 840 3009 911 aenigmata
3050 854 3185 895 vero
3216 839 3494 895 interdum

1908 929 2093 984 divina
2124 939 2178 985 et
2207 932 2469 986 dicuntur
2491 940 2546 986 et
2572 931 2897 987 scribuntur
2922 972 2936 996 ,
2979 947 3049 985 ne
3083 931 3342 986 omnibus
3371 946 3494 1000 per-

1910 1021 2102 1089 spicua
2131 1022 2260 1075 [iant
2283 1038 2406 1093 quae
2432 1023 2642 1077 sanctis
2672 1022 3011 1076 revelantur.
3037 1021 3130 1075 Sic
3153 1022 3299 1076 enim
3334 1020 3497 1076 facile

1908 1116 2245 1184 contemptui
2273 1116 2631 1178 haberentur,
2658 1114 2703 1170 si
2735 1129 2890 1183 aeque
2913 1116 2982 1168 ab
3008 1114 3266 1168 omnibus
3286 1127 3496 1183 cogno-

1909 1213 2215 1260 scerentur.
2253 1205 2436 1259 Virum
2466 1213 2649 1259 autem
2679 1203 3067 1259 desideriorum
3097 1207 3276 1272 ipsum
3312 1212 3493 1262 vocat.

1909 1293 1995 1346 vel
2027 1299 2085 1346 ut
2113 1308 2260 1361 eum,
2294 1292 2388 1363 qui
2411 1292 2630 1362 jejunio
2660 1302 2713 1347 et
2743 1292 3023 1346 atllictioni
3062 1293 3283 1348 deditus
3306 1301 3498 1346 contra

1908 1385 2161 1455 corporis
2189 1384 2521 1455 cupiditates
2553 1382 2793 1438 viriliter
2825 1382 3155 1448 decertaret,
3188 1383 3272 1436 vel
3316 1389 3376 1435 ut
3405 1396 3503 1435 ex-

1908 1485 2183 1548 petentem
2210 1490 2549 1547 cognoscere
2586 1483 2642 1531 et
2679 1490 2801 1546 quae
2837 1475 3043 1545 templo
3083 1478 3197 1529 sint
3235 1482 3501 1529 eventura

1907 1570 2193 1640 percipere
2241 1568 2602 1638 cupientem:
2657 1567 2744 1622 vel
2793 1557 2924 1637 quia
2964 1566 3249 1636 jucundns
3294 1573 3406 1631 est,
3447 1572 3503 1619 et

1907 1659 2206 1713 admodum
2233 1658 2514 1722 amabilis,
2549 1658 2685 1712 tales
2716 1657 2946 1713 virtutis
2979 1655 3302 1726 splendores
3340 1656 3504 1709 emit-
3566 1688 3583 1706 .

1909 1758 2051 1806 lens.
2081 1749 2219 1804 Cum
2265 1751 2337 1802 ita
2382 1760 2619 1805 sanctus
2659 1749 3031 1819 archangelus
3072 1749 3139 1803 ad
3181 1762 3246 1803 ea
3293 1748 3501 1803 intelli-

1908 1839 2086 1911 genda
2113 1882 2128 1906 ,
2158 1853 2283 1909 quae
2312 1838 2546 1893 dicenda
2575 1844 2755 1904 erant,
2793 1838 3120 1908 prOphetam
3153 1839 3451 1894 excitasset
3477 1860 3498 1891 ο

1848 1920 1890 1975 Β
1917 1929 2226 1986 doctrinam
2267 1929 2445 1985 all‘ert.

1987 2022 2155 2078 Vens.
2183 2022 2275 2077 94.
2317 2041 2337 2074 ι
2367 2021 2723 2094 Septuaginta
2766 2021 3141 2078 hebdomades
3169 2022 3502 2078 determina—

1914 2120 1985 2169 ιω
2010 2121 2139 2168 sunt
2163 2127 2333 2184 super
2363 2112 2627 2183 populum
2661 2120 2841 2179 tuum,
2872 2121 2928 2168 et
2954 2128 3124 2184 super
3146 2113 3340 2168 urbem
3371 2128 3501 2169 san-

1914 2214 2061 2259 ctam
2101 2212 2277 2270 tuam,
2299 2204 2474 2260 donec
2508 2205 2829 2275 antiquetur
2860 2205 3243 2274 praevaricatio
3272 2213 3328 2260 et
3366 2220 3500 2260 con-

1915 2305 2225 2353 summetur
2255 2304 2545 2368 peccatum
2571 2340 2587 2364 ,
2621 2306 2678 2352 et
2711 2297 2780 2352 ad
2814 2297 3146 2369 signandum
3179 2305 3498 2370 peccatum,

1914 2398 1970 2445 et
2018 2388 2088 2444 ad
2139 2388 2441 2445 delendum
2488 2389 2857 2460 iniquitates,
2907 2400 2964 2445 et
3018 2389 3085 2444 ad
3131 2390 3501 2461 expiationem

1915 2491 2146 2556 propter
2173 2482 2529 2551 injustitiam,
2552 2491 2608 2537 et
2630 2481 3017 2538 adducendum
3048 2482 3321 2552 justitiam
3342 2491 3504 2537 aster-

1915 2589 2063 2641 nam,
2094 2582 2150 2629 et
2182 2574 2248 2629 ad
2276 2574 2606 2645 signandum
2655 2574 2924 2629 visionem
2964 2581 3020 2629 et
3052 2574 3372 2645 prophetam
3398 2612 3414 2638 ,
3448 2582 3504 2627 et

1917 2665 2231 2736 ungendum
2262 2664 2526 2719 Sanctum
2564 2675 2904 2720 sanctorum.
2934 2684 2953 2718 ι
2990 2667 3130 2719 Ante
3162 2666 3269 2720 alia
3313 2665 3501 2719 omnia

1914 2757 2048 2812 illud
2073 2766 2157 2812 est
2185 2756 2666 2813 animadversione
2707 2754 2934 2827 dignum
2962 2798 2978 2824 ,
3018 2757 3166 2827 quod
3202 2770 3330 2810 cum
3378 2771 3506 2826 pro.

1915 2848 2077 2917 pheta
2100 2846 2153 2901 in
2174 2847 2561 2917 deprecatione
2591 2863 2689 2903 sua
2717 2863 2842 2903 cum
2869 2848 2979 2903 Deo
3010 2848 3225 2919 1239
3254 2849 3504 2916 loquens.

1916 2939 1985 2994 de
2027 2939 2231 3011 papulo
2276 2947 2331 2994 et
2373 2938 2443 2994 de
2490 2938 2875 3011 Hierosolyma
2921 2940 3173 2996 diceret:
3214 2959 3233 2991 ι
3262 2938 3507 3009 Populus

1917 3037 2046 3086 tuus
2072 3072 2087 3096 ,
2122 3041 2172 3085 et
2205 3031 2402 3086 civitas
2435 3038 2528 3084 tua
2554 3073 2569 3098 ,
2611 3039 2665 3085 et
2698 3042 2949 3087 sanctum
2983 3040 3138 3085 tuum
3169 3074 3182 3097 ,
3217 3050 3234 3082 ι
3275 3046 3508 3101 respon-

1916 3120 2054 3176 dens
2086 3120 2228 3176 Deus
2254 3122 2400 3176 dicat
2431 3119 2644 3177 Danieli
2676 3141 2689 3177 :
2727 3140 2746 3174 ι
2784 3120 3153 3192 Septuaginta
3206 3121 3509 3177 hebdoma-

1917 3211 2022 3266 desl
2044 3211 2427 3266 determinatus
2459 3218 2589 3266 sunt
2620 3227 2792 3281 super
2820 3212 3081 3281 populum
3110 3221 3267 3265 tuum
3293 3253 3306 3275 ,
3337 3219 3390 3265 et
3417 3227 3512 3266 sur

1923 3319 2018 3373 per
2056 3304 2340 3359 civitatem
2381 3310 2629 3358 sanctam
2674 3311 2826 3357 tuam
2860 3321 2872 3355 :
2913 3321 2932 3353 ι
2971 3302 3132 3371 quasi
3172 3318 3281 3355 non
3314 3300 3510 3370 digne-

1920 3404 2011 3449 tur
2044 3394 2298 3463 populum
2327 3410 2483 3448 suum
2518 3407 2721 3448 uocare
2750 3409 2873 3447 eum
2910 3394 3003 3461 qui
3041 3392 3352 3462 antiquitus
3386 3393 3510 3458 ejus

1920 3485 2158 3555 populus
2206 3490 2564 3553 [nuncupatus
2603 3482 2750 3550 fuit,
2811 3498 2988 3553 neque
3038 3484 3171 3537 item
3218 3484 3505 3537 civitatem

1921 3591 2045 3647 quze
2077 3576 2251 3646 ipsius
2279 3576 2410 3630 olim
2453 3576 2730 3646 appellata
2769 3585 2876 3630 est.
2911 3572 3027 3630 Hoc
3071 3590 3199 3645 erga
3241 3590 3507 3645 magnum

1921 3666 2103 3723 Mosen
2138 3681 2359 3737 quoque
2394 3665 2537 3722 fecit.
2575 3665 2809 3734 Quando
2841 3667 3013 3731 enim,
3045 3666 3286 3723 conﬂato
3314 3668 3508 3730 vitulo,

1921 3761 2112 3815 divino
2142 3760 2296 3814 illum
2325 3759 2480 3814 cultu
2510 3761 2752 3815 venerati
2787 3767 2917 3815 sunt
2937 3802 2950 3826 ,
2988 3758 3131 3814 dixit
3165 3760 3231 3813 ad
3277 3759 3514 3828 prophe—

1921 3863 2033 3909 tam
2075 3852 2221 3909 Deus
2263 3870 2277 3907 :
2339 3869 2358 3902 ι
2404 3849 2668 3916 Festina,
2705 3853 2963 3908 celeriter
3018 3853 3150 3907 hinc
3198 3850 3508 3907 descende:

1925 3943 2174 4013 peccavit
2218 3943 2371 4020 enim
2418 3943 2657 4013 populus
2705 3951 2880 4010 tuus,
2942 3958 3084 4013 quos
3143 3942 3386 3998 cduxisti
3444 3957 3509 3995 ex

1922 4034 2159 4106 {Egypto
2191 4043 2236 4087 τ.
2274 4053 2292 4085 ι
2332 4032 2424 4087 Ait
2470 4033 2660 4102 itaque
2711 4038 2729 4057 ‘
2766 4032 2911 4089 Deus
2944 4033 3011 4087 ad
3066 4034 3248 4104 ipsum
3295 4048 3391 4102 per
3424 4046 3515 4084 ar-

1926 4127 2255 4197 changelum
2287 4141 2304 4180 :
2357 4123 2476 4178 Tua
2512 4125 2757 4181 admissa
2789 4125 3181 4195 deprecatione
3212 4122 3511 4179 concedam

1926 4228 1987 4273 ut
2010 4216 2389 4288 Hierosolyma
2409 4214 2736 4281 aediﬁcetur,
2762 4227 2816 4271 et
2839 4219 3099 4288 populqu
3128 4226 3282 4271 tuum
3306 4214 3514 4285 juhebo

1927 4311 2162 4366 reditum
2196 4310 2251 4363 in
2289 4308 2528 4379 patriam
2562 4310 2853 4379 consequi.
2881 4308 2989 4364 Sed
3024 4316 3147 4380 post
3181 4308 3357 4379 ipsius
3388 4305 3517 4361 Ilie-

1928 4402 2221 4474 rosolymae
2254 4399 2701 4467 aedificationem,
2745 4418 2842 4473 per
2867 4404 3310 4474 quadringentos
3332 4415 3510 4455 nonac

1928 4495 2080 4565 ginta
2118 4507 2292 4547 annos
2335 4491 2643 4548 secundum
2697 4494 2871 4566 legem
2918 4495 3171 4549 viventes
3223 4506 3515 4564 permane-

233 4584 536 4654 ὲϐδομάδες
559 4584 771 4639 ποιοῦσι
805 4585 1245 4658 χρόνον,ἡμέρας
1267 4586 1507 4655 ἑκάστης
1538 4588 1618 4649 εἰς
1648 4588 1816 4641 ἐνιαυ-

1932 4589 2088 4642 buut.
2112 4585 2354 4639 Tantum
2377 4587 2522 4639 enim
2549 4590 2815 4657 temporis
2840 4589 3143 4643 coniiciunt
3169 4587 3514 4657 septuaginta

232 4676 331 4731 τὸν
384 4676 825 4748 λαμϐανομένης.
902 4676 1123 4748 Ἐπειδὴ
1175 4678 1286 4750 γάρ
1343 4676 1816 4749 ὲὸδομηκονταέτει

1927 4674 2334 4740 hebdomades,
2384 4675 2432 4730 si
2487 4678 2691 4748 singuli
2734 4680 2854 4735 dies
2906 4696 3003 4750 pro
3070 4679 3302 4751 singulis
3353 4678 3517 4733 annis

233 4768 422 4841 χρόνῳ
450 4770 548 4840 τὴν
581 4769 963 4841 αἰχμαλωσίαν
990 4768 1171 4825 αὐτῶν
1204 4768 1556 4841 περιώρισεν,
1598 4770 1816 4833 ἑπτάκις

1924 4775 2337 4839 computentur.
2381 4769 2448 4822 Et
2477 4770 2606 4838 quia
2639 4773 3068 4842 septuagenario
3102 4786 3372 4826 annorum
3412 4786 3517 4825 nu-

233 4862 319 4923 εἰς
345 4858 538 4913 ἑαυτὸν
560 4860 751 4916 τοῦτον
781 4862 1032 4928 ἀνελίξεις
1048 4862 1138 4917 τόν
1170 4861 1362 4934 χρόνον
1382 4863 1482 4933 τὴν
1509 4861 1649 4915 κατὰ
1668 4863 1816 4931 νόμοι

1925 4877 2078 4917 mero
2120 4860 2498 4931 captivitatem
2529 4877 2724 4917 eorum
2761 4864 3054 4932 deﬁnivit,
3107 4865 3318 4935 septies
3364 4863 3418 4918 in
3457 4877 3519 4918 se

233 4951 522 5007 πολιτείαν
589 4955 914 5026 περιορίζει.
979 4975 999 5007 ι
1069 4955 1473 5027 Ἐὁδομήκοντα
1535 4953 1816 5024 ἑϐδομάδες

1932 4956 2037 5009 hoc
2069 4962 2317 5023 tempore
2360 4955 2728 5024 multiplicato
2777 4958 3260 5013 conversationem
3288 4942 3519 5011 secun—

236 5042 665 5115 συνετμήθησαν
685 5045 754 5110 ⁸⁸,
788 5068 807 5099 ι
836 5048 959 5103 ἀντὶ
1024 5046 1119 5101 τοῦ
1139 5088 1155 5112 ,
1215 5045 1672 5117 ἐδοκιμάσθησαν,
1742 5045 1816 5101 κα

1928 5045 2059 5100 dum
2090 5045 2257 5112 legem
2294 5042 2504 5098 deﬁnit.
2544 5065 2562 5097 ι
2607 5046 2971 5119 Septuaginta
3009 5047 3390 5105 hebdomadas
3422 5046 3528 5101 de-.

236 5133 575 5207 ἐκρίθησανο
623 5138 769 5193 οὕτω
829 5141 939 5213 γάρ
992 5157 1135 5204 τινες
1190 5138 1300 5193 τῶν
1342 5136 1695 5210 ὲρμηνευτῶν
1736 5139 1829 5191 ὲκ-

238 5224 578 5285 δεδὼκασιν·
619 5252 637 5283 ι
667 5233 761 5286 ἐπὶ
808 5233 897 5286 τὸν
933 5235 1061 5288 λαόν
1104 5251 1219 5297 σου,
1269 5231 1362 5286 καὶ
1401 5230 1496 5284 ἐπὶ
1542 5228 1641 5302 τὴν
1680 5228 1838 5284 πόλιν

323 5390 347 5420 ν
381 5390 553 5448 Exod.
576 5409 749 5459 xxxii,
786 5394 838 5449 7.

1933 5137 2240 5193 terminata:
2268 5143 2426 5202 sunt,
2457 5155 2476 5188 ι
2514 5137 2618 5193 hoc
2643 5148 2746 5207 est,
2784 5142 3027 5211 probata
3053 5150 3203 5209 sunt,
3238 5154 3293 5197 et
3325 5142 3522 5196 decre-

1946 5237 2013 5283 ta:
2045 5234 2207 5293 sunt,
2260 5226 2335 5281 ita
2383 5228 2530 5283 enim
2572 5233 2796 5302 quidam
2842 5235 3168 5308 interpretes
3191 5235 3533 5307 ediderunt‘

1544 5556 1779 5613 VARIE
1822 5557 2239 5618 LECTIONES.

346 5662 392 5694 ⁸⁵⁸
424 5666 502 5728 εἰς
534 5693 596 5722 -.—-
622 5663 811 5722 ταῦτα.
846 5665 967 5721 Des.
1001 5668 1052 5720 in
1091 5665 1147 5720 Β.

246 5738 587 5802 wrpretatio.
618 5812 621 5813 ν
668 5736 715 5766 ⁸³
743 5739 787 5789 Λ
811 5736 1248 5813 συντελεσθῆναι.
1325 5741 1369 5772 ⁸⁸
1391 5743 1436 5796 Α
1466 5736 1758 5813 ἀμαρτίας.

1252 5668 1291 5701 ⁸¹
1327 5687 1421 5744 σου
1445 5702 1515 5744 s-
1548 5674 1792 5744 παράπτ.
1822 5674 1936 5729 καί.
1969 5674 2090 5731 Des.
2124 5676 2176 5730 in
2207 5676 2272 5730 A.
2346 5675 2392 5708 “
2414 5675 2516 5737 ἕως
2545 5704 2616 5715 -
2645 5673 2855 5730 τελεσθ.
2899 5672 3114 5744 ἀμαρτ.
3151 5667 3375 5744 (sentina
3425 5668 3527 5744 i_n-

1837 5743 1883 5776 ⁸⁵⁸
1909 5746 2203 5814 ἀπαλεῖψαι
2231 5765 2280 5801 τ.
2315 5748 2400 5801 ἀν.
2432 5735 2543 5799 καί.
2579 5745 2653 5799 Ex
2687 5744 2730 5799 Α
2761 5735 2953 5814 suppl:
3016 5735 3062 5814 ξ’
3089 5743 3136 5814 AA
3168 5735 3529 5814 d6:xia<;._lta

246 5812 629 5887 gyoqpopost
666 5821 854 5887 pauca.
884 5877 895 5887 _
934 5808 981 5887 ξτ
1021 5808 1172 5887 λαοῦ.
1207 5808 1283 5865 lla
1315 5827 1437 5868 cum
1476 5807 1519 5867 Β
1544 5807 1645 5886 leg.
1682 5813 1848 5871 Sirm.
1876 5816 2029 5872 Θεοῦ.
2108 5807 2151 5849 δ’
2182 5833 2402 5887 συνετμ.
2440 5814 2519 5869 Ad
2549 5807 2994 5872 'l‘hcoﬂetfhanc
3018 5812 3300 5868 lectionem
3340 5807 3537 5865 referte

249 5870 440 5929 non“.
478 5875 534 5930 in
568 5870 807 5948 liciupl.,
830 5877 895 5931 ad
945 5880 996 5932 h.
1051 5879 1086 5933 ἰ.

3344 5904 3371 5915 ιι...
