4092 6456
555 450 688 518 1471
1534 443 2020 505 THEODORETI
2055 445 2157 504 ΕΡ]

2261 442 2395 504 IOPI
2423 446 2781 506 CYRENSIS
3664 441 3877 508 1&1’2.

560 591 579 621 ι
620 581 782 637 super
831 561 1086 634 populum
1120 567 1294 623 tuum,
1328 573 1383 613 et
1429 573 1597 627 super
1648 559 1842 613 urbem
1880 566 2130 613 sanctam

2261 575 2329 610 που
2360 558 2458 627 τὴν
2488 559 2666 624 ἀγίαν,
2686 558 2790 620 ἕως
2811 554 2906 631 τοῦ
2941 553 3315 625 παλαιωθῆναι
3339 555 3400 609 τὸ
3434 557 3855 627 παράπτωμα,

556 674 706 715 tuam
734 700 747 723 ,
798 656 970 710 donec
1008 654 1329 720 antiquetur
1368 650 1745 719 przrvariratio
1782 658 1835 702 et
1870 664 2131 703 consum-

2261 650 2331 701 :a‘t
2352 649 2444 702 τοῦ
2471 651 2790 719 τελεσθῆναι
2815 649 3091 719 ἁμαρτίαν
3112 665 3156 699 ἰ
3195 649 3316 703 ἀντὶ
3333 647 3428 702 τοῦ
3450 690 3465 714 ,
3488 650 3593 713 ἕως
3619 652 3688 705 ἂν
3716 652 3804 705 αὐ
3820 683 3854 693 ο

557 760 737 804 metur
782 751 1088 815 peccatum,
1124 760 1141 793 ι
1170 740 1225 794 id
1282 748 1416 806 est,
1480 739 1659 794 donec
1701 748 1967 810 augeatur
2025 738 2133 791 im-

2261 740 2370 810 ξηθῇ
2405 741 2585 794 αὐτῶν
2614 740 2674 792 τὸ
2718 740 2974 803 δυσσεδὲς
3009 740 3285 811 τόλμημα,
3337 743 3430 796 καὶ
3473 745 3626 807 τέλος
3671 746 3856 820 λάϐῃ

555 842 680 909 pius
726 834 976 905 ipsorum
1030 841 1310 898 conatus,
1362 839 1415 885 et
1460 838 1750 900 peccatum
1807 830 1874 884 ad
1922 829 2131 884 exitum

2261 848 2270 899 ι
2304 831 2568 899 ἁμαρτία.
2598 830 2761 898 Λέγει
2818 828 2875 881 δὲ
2905 829 3197 898 ἁμαρτίαν
3236 831 3697 900 τελειουμένην,
3732 836 3859 886 καὶ

560 927 768 997 1240
792 924 1145 994 perducatur.
1171 920 1453 975 Peccatum
1475 928 1658 974 autem
1680 927 2132 983 consummatum,

2261 917 2607 988 ταράπτωμα
2638 918 3088 987 παλαιούμενον
3109 960 3125 982 ,
3157 919 3254 972 εἶτ’
3299 915 3393 973 οὖν
3423 921 3854 991 αὐξανόμενον,

554 1028 608 1073 ct
638 1015 1128 1084 prwvaricationem
1157 1013 1517 1082 antiquatam,
1554 1011 1673 1066 sive
1707 1020 1947 1072 auctam,
1979 1020 2032 1064 et
2065 1008 2133 1064 ad

554 1123 832 1163 summurn
863 1105 1188 1177 perductam
1216 1144 1231 1169 ,
1276 1118 1506 1158 crucem
1537 1110 1698 1157 vocat
1723 1141 1739 1164 ,
1791 1116 1959 1171 quam
2013 1102 2136 1157 ausi

556 1201 635 1254 illi
676 1207 806 1255 sunt
842 1204 1039 1252 contra
1079 1194 1374 1249 Dominum
1424 1208 1648 1264 parare.
1685 1191 1820 1246 Nam
1865 1200 1993 1248 ante
2035 1193 2140 1248 hoc

555 1302 780 1362 tempus
807 1290 1017 1345 inﬁnita
1052 1287 1175 1342 ausi
1215 1287 1465 1341 facinora
1501 1300 1703 1356 poenas
1737 1284 2046 1351 dederunt,
2084 1291 2141 1339 et

559 1385 782 1437 luerunt
813 1379 1090 1451 supplicia
1117 1393 1217 1449 pro
1241 1378 1310 1433 iis
1334 1392 1455 1446 quae
1478 1386 1790 1447 patrarant,
1822 1376 1916 1431 sed
1947 1389 2143 1432 rursus

562 1476 854 1544 impetrata
886 1473 1045 1526 venia
1076 1469 1371 1526 clementia
1406 1469 1557 1539 digni
1599 1469 1772 1523 habiti
1810 1480 1983 1525 sunt:
2020 1475 2146 1539 post

560 1564 834 1619 insaniam
878 1577 1052 1627 vero,
1102 1576 1210 1631 qua
1268 1569 1464 1616 contra
1529 1559 1820 1615 Dominqu
1877 1559 2145 1614 concitati

560 1655 749 1711 crucis
784 1654 1001 1709 facinus
1028 1654 1149 1708 ausi
1183 1651 1338 1707 fuere
1361 1691 1373 1714 ,
1409 1667 1698 1722 nunquam
1739 1652 1977 1708 assecuti
2015 1660 2147 1706 sunt

2240 1012 2327 1064 xui
2364 1013 2444 1072 εἰς
2486 1010 2713 1080 ἔσχατον
2746 1012 3164 1080 ἀφικνούμενον,
3197 1010 3288 1064 τὸν
3319 1011 3462 1064 κατὰ
3482 1012 3578 1066 τοῦ
3606 1013 3855 1084 Κυρίου

2237 1102 2577 1171 τολμηθέντα
2613 1103 2862 1173 σταυρόν.
2903 1103 3016 1172 Πρὸ
3046 1101 3146 1172 μὲν
3181 1102 3290 1174 γὰρ
3316 1102 3507 1156 τούτου
3544 1104 3722 1174 μυρία
3750 1121 3857 1157 τεο

2239 1192 2573 1263 τολμηκότες
2601 1192 2748 1246 κακά
2777 1192 2964 1247 ἔδοσαν
2999 1194 3098 1263 μὲν
3123 1193 3299 1256 δίκας,
3317 1195 3412 1246 καὶ
3442 1193 3628 1247 ἔτισαν
3647 1212 3853 1265 τιμω-

2246 1283 2365 1353 ρίας
2394 1282 2532 1353 ὑπὲρ
2562 1275 2639 1334 ὧν
2666 1282 3120 1353 ἐπλημμέλησαν,
3140 1282 3275 1337 ἀλλά
3298 1285 3461 1339 πάλιν
3489 1285 3857 1354 συγγνώμης

2241 1373 2648 1437 ἀπολαύσαντες
2697 1373 3108 1444 φιλανθρωπίας
3159 1374 3474 1444 ἠξιώθησαν
3513 1391 3527 1406 ·
3571 1377 3715 1445 μετά
3775 1377 3853 1430 δὲ

2242 1467 2341 1538 τὴν
2377 1467 2518 1521 κατὰ
2558 1467 2652 1520 τοῦ
2686 1467 2960 1521 Δεσπότου
3001 1466 3224 1538 μανίαν,
3248 1468 3454 1521 καὶτὸν
3482 1468 3857 1538 τολμηθέντα

2247 1560 2483 1630 σταυρὸν
2507 1599 2522 1622 ,
2549 1560 2810 1631 οὐδεμιᾶς
2867 1560 3055 1631 ἔτυχον
3082 1561 3127 1594 ⁵⁸
3156 1562 3510 1633 ἀνακλήσεως
3530 1601 3545 1626 ,
3574 1562 3649 1625 ὡς
3682 1563 3853 1617 αὐτὰ

2249 1653 2348 1724 βοᾷ
2373 1653 2445 1705 τά
2492 1654 2798 1723 πράγματα
2821 1671 2834 1682 ·
2870 1651 3008 1706 ἀλλά
3058 1653 3325 1707 πλειόνων
3355 1655 3389 1725 ἢ
3413 1654 3848 1726 τεσσαράκοντα

561 1756 624 1800 ut
660 1746 713 1799 in
744 1746 1037 1814 pristinum
1081 1751 1285 1798 statum
1318 1743 1750 1796 restituerentur
1776 1781 1791 1805 ,
1841 1741 1988 1795 sicut
2015 1742 2148 1810 ipsa:

2261 1747 2343 1799 ml.
2405 1745 2773 1814 τετρακοσίων
2837 1745 3243 1815 διαδραμόντων
3295 1748 3433 1801 ἑτῶν
3460 1748 3507 1780 ⁸⁶
3556 1747 3853 1819 σποράδες

559 1851 651 1890 res
706 1836 967 1888 clamant.
1024 1834 1223 1887 Verum
1275 1849 1399 1887 cum
1460 1833 1696 1901 amplius
1750 1832 2143 1900 quadringenti

2261 1852 2319 1906 με
2329 1836 2621 1906 μενήκασι,
2643 1836 2747 1887 -καὶ
2768 1836 2867 1904 τῆς
2893 1835 3215 1906 οἰκουμένης
3248 1836 3510 1908 μέτοικοι.
3541 1839 3639 1892 Διά
3666 1837 3848 1892 τοῦτό

560 1926 930 1996 quadraginta
973 1923 1285 1979 eﬁluxerint
1329 1924 1458 1978 anui
1488 1966 1502 1986 ,
1545 1924 1781 1993 dispersi
1823 1939 1922 1993 per
1950 1924 2143 1978 orbem

2261 1896 2386 1996 μησί
2572 1896 3078 1997 μακαρίζω-Δανιὴλ
3134 1896 3369 1996 δ’-άγιος
3432 1929 3780 1998 ἀρχάγγελος
3827 1946 3843 1957 ·

563 2032 834 2075 terrarum
855 2058 871 2083 ,
896 2035 961 2071 ex
993 2018 1118 2072 aliis
1145 2022 1199 2070 in
1226 2016 1331 2069 alia
1367 2017 1487 2068 loca
1520 2016 1823 2085 migrantes
1858 2023 2143 2083 vagantur.

2261 2037 2273 2068 ι
2326 2018 2728 2089 Ἑϐδομὴκοντα
2784 2018 3083 2089 ἑϐδομάδες
3132 2020 3552 2091 συνετμήθησαν
3586 2021 3677 2074 ἐπὶ
3739 2019 3847 2075 τὸν

561 2112 776 2165 Idcirco
832 2117 1061 2163 sanctus
1115 2107 1488 2176 archangelus
1540 2107 1704 2160 beato
1767 2106 1971 2161 Danieli
2027 2107 2143 2161 ait:

2261 2111 2377 2163 λαόν
2402 2127 2517 2171 σου,
2548 2110 2644 2163 καὶ
2688 2110 2776 2162 ἐπὶ
2825 2109 2923 2179 τὴν
2954 2109 3110 2163 πόλιν
3140 2110 3239 2180 τὴν
3263 2111 3424 2179 ἀγίαν
3451 2128 3567 2178 σου,
3602 2112 3707 2170 ἓως
3735 2110 3842 2164 τοῦ

566 2220 586 2253 ι
623 2199 981 2271 Septuaginta
1007 2199 1383 2254 hebdomades
1408 2198 1793 2252 deter-minata
1824 2206 1957 2253 sunt
1980 2213 2148 2266 super

2261 2201 2628 2272 παλαιωθῆναι
2677 2201 2737 2254 τὸ
2794 2201 3172 2272 παράπτωμα,
3219 2204 3312 2257 καὶ
3361 2201 3456 2256 τοῦ
3507 2202 3843 2273 τελεσθῆναι

562 2293 822 2361 ρονιιὲιιη]
859 2300 1011 2344 ιιιιιιιι
1037 2333 1052 2356 ,
1099 2298 1152 2344 et
1196 2305 1363 2358 super
1404 2289 1595 2342 urbem
1652 2298 1898 2343 sanctam
1949 2297 2098 2342 tuam
2129 2326 2144 2350 ,

562 2385 740 2439 donec
804 2386 1129 2453 antiquetur
1193 2382 1578 2450 prtevaricatio
1636 2389 1692 2437 et
1729 2387 2150 2435 consummetur

562 2483 872 2544 peccatmn.
926 2493 945 2525 ι
983 2474 1052 2527 Ει
1077 2473 1204 2543 quia
1238 2456 1503 2527 Dominus
1530 2470 1788 2527 Christus
1826 2471 1880 2524 in
1930 2484 1992 2524 se
2030 2484 2152 2524 cre-

562 2568 825 2624 dentibus
873 2574 1097 2636 pcccata
1148 2566 1485 2621 remissurus
1517 2572 1684 2633 atque
1726 2562 2149 2617 condonaturus

2250 2292 2581 2363 ἁμαρτίαν.»
2615 2292 2726 2346 Kal.
2751 2293 2936 2362 ἐπειδὴ
2965 2292 3189 2363 ἔμελλεν
3216 2297 3243 2346 ό
3287 2296 3567 2366 Δεσπότης
3595 2297 3844 2366 Χριστος

2248 2388 2363 2448 τοῖς
2384 2389 2463 2448 εἰς
2496 2384 2659 2437 αὐτὸν
2686 2382 3003 2437 πιστεύουσι
3048 2384 3158 2437 τῶν
3187 2386 3604 2457 ἁμαρτημάτων
3641 2388 3842 2457 δωρεῖ-

2253 2475 2377 2529 σθαι
2413 2474 2512 2545 τὴν
2536 2475 2752 2542 ἄφεσιν,
2778 2474 2854 2539 ὼς
2900 2476 2995 2528 καὶ
3032 2476 3061 2528 6
3098 2476 3363 2547 μακάριος
3392 2478 3648 2549 Ἰωάννης
3678 2479 3836 2542 ἐϐόα,

2251 2566 2424 2634 λέγων
2446 2585 2456 2596 ·
2479 2585 2498 2617 ι
2526 2565 2632 2619 Ἴδε
2662 2568 2691 2619 6
2718 2566 2888 2635 ἀμνὸς
2912 2564 3005 2618 τοῦ
3025 2566 3160 2619 Θεοῦ
3185 2570 3213 2621 6
3240 2568 3407 2639 αἴρων
3433 2568 3533 2640 τὴν
3556 2571 3838 2641 ἁμαρτίαν

561 2666 682 2714 erat
712 2697 727 2719 ,
762 2667 822 2711 ut
863 2657 1030 2713 etiam
1078 2658 1275 2712 beatus
1305 2654 1548 2709 Joannes
1591 2654 1983 2719 exclamabat,
2024 2668 2151 2707 cum

2261 2658 2345 2712 τοῦ
2374 2658 2604 2727 κόσμου,
2642 2676 2660 2709 ι
2693 2658 2918 2721 εἰκότως
2953 2658 3200 2729 ἐπήγαγε
3227 2674 3240 2688 ’
3278 2677 3295 2709 ι
3329 2660 3443 2712 Καὶ
3474 2660 3569 2714 τοῦ
3602 2666 3833 2734 σφραγί-

562 2752 774 2806 diceret
807 2769 820 2802 :
858 2769 878 2801 ι
918 2748 1059 2803 Ecce
1085 2764 1263 2819 agnus
1295 2747 1390 2802 Dei
1421 2747 1516 2817 qui
1552 2746 1698 2800 tollit
1727 2752 1954 2815 peccata
1983 2760 2146 2800 mun-

2261 2766 2347 2803 σαι
2375 2750 2670 2821 ἁμαρτίας,
2717 2750 2810 2803 καὶ
2843 2747 2938 2802 τοῦ
2977 2750 3278 2819 ἀπαλεῖψαι
3312 2752 3564 2821 ἀνομίας,
3602 2753 3694 2806 καὶ
3734 2752 3823 2806 τοῦ

563 2844 621 2900 di
654 2854 676 2882 ι
706 2883 723 2910 ,
760 2863 779 2897 ι
823 2843 1023 2897 merito
1065 2841 1304 2911 subjecit
1335 2859 1350 2895 :
1395 2861 1413 2892 ς
1447 2839 1515 2893 Ει
1560 2839 1625 2893 ad
1657 2837 1990 2908 signandum
2022 2852 2154 2907 pec-

2261 2841 2607 2908 ὲξιλάσασθαι
2634 2841 2872 2905 ἀδικίας.
2915 2858 2934 2893 ι
2977 2842 3271 2915 ’Δπήλειψε
3319 2842 3419 2914 μὲν
3447 2844 3557 2915 γάρ
3589 2845 3686 2909 τὰς
3703 2847 3825 2900 am-
3930 2834 3934 2838 Α

564 2945 715 3001 cata,
743 2946 794 2991 et
819 2933 887 2988 ad
915 2934 1211 2989 delendum
1235 2932 1589 3001 iniquitates,
1614 2939 1670 2987 et
1695 2931 1762 2984 ad
1789 2930 2152 3000 expiationem

2261 2938 2390 3008 μίας
2423 2935 2531 2990 τῶν
2584 2937 2666 2999 εἰς
2722 2935 2888 2989 αὐτὸν
2921 2936 3368 2989 πεπιστευκότων
3392 2977 3407 2999 ,
3441 2937 3733 3007 ἐξαλείψας
3774 2938 3834 2990 τδ

564 3035 796 3097 propter
841 3026 1175 3095 injustitias.
1213 3045 1232 3078 ι
1278 3023 1490 3079 Delevit
1512 3024 1657 3078 enim
1695 3022 2023 3091 iniquitates
2063 3036 2157 3076 eo-

2261 3031 2380 3084 καθ’
2407 3027 2566 3099 ἡμῶν
2594 3020 3034 3100 χειρόγραφον,ᾖ
3062 3045 3228 3097 φησιν
3250 3029 3279 3080 ὁ
3311 3029 3585 3098 μακάριος
3605 3029 3835 3093 Παῦλος.

567 3134 692 3173 rum
719 3118 812 3187 qui
837 3115 1193 3172 crediderunt
1222 3116 1276 3170 iu
1308 3116 1487 3186 ipsum
1512 3154 1527 3181 ,
1569 3114 1751 3169 deleto
1780 3111 1929 3183 quod
1959 3121 2153 3168 contra

2270 3119 2605 3190 Ἐσφράγισε
2642 3118 2700 3172 δὲ
2728 3119 2829 3182 τὰς
2859 3119 3155 3191 ἁμαρτίας,
3193 3119 3408 3184 παύσας
3435 3120 3536 3190 μὲν
3567 3121 3664 3192 τὴν
3693 3123 3841 3175 κατά

568 3223 675 3264 nos
694 3217 815 3263 erat
834 3208 1229 3278 chirographo,
1251 3207 1417 3261 sicuti
1445 3207 1640 3261 beatus
1661 3204 1868 3260 Paulus
1889 3205 2093 3260 asserit
2112 3205 2153 3257 ι.

2261 3213 2426 3285 νόμον
2464 3213 2765 3275 πολιτείαν,
2788 3212 2887 3283 τὴν
2905 3212 2962 3265 δὲ
2990 3211 3083 3266 τοῦ
3114 3212 3430 3283 Πνεύματος
3449 3213 3842 3285 δωρησάμενος

569 3301 898 3372 Obsiguavit
930 3308 1110 3356 autem
1152 3308 1405 3368 peccata,
1442 3299 1572 3354 dum
1595 3299 1719 3352 vitae
1746 3297 2048 3353 secundum
2080 3295 2157 3350 le-

2261 3303 2443 3376 χάριν,
2475 3304 2567 3372 ὑφ’
2609 3298 2677 3373 ἦς
2718 3301 3075 3373 βοηθούμενοι
3108 3303 3479 3374 περιγίνονται
3509 3304 3618 3357 τῶν
3652 3305 3842 3358 παθῶν

571 3409 691 3463 gem
709 3392 1030 3464 composita:
1056 3392 1218 3447 ﬁnem
1244 3394 1259 3413 ‘
1278 3390 1642 3462 imposuit,et
1666 3391 1901 3461 spiritus
1921 3388 2160 3460 gratiam

570 3488 802 3558 largitus
825 3499 1055 3557 est,qua
1079 3485 1252 3555 adjuti
1273 3487 1367 3556 qui
1394 3484 1756 3554 spiritualiter
1778 3484 1972 3536 vivunt
1997 3496 2165 3551 supe-

570 3588 697 3633 rant
716 3577 1057 3634 affectiones.
1077 3578 1157 3632 Aul
1181 3580 1294 3631 hate
1310 3576 1522 3631 addidit
1546 3593 1591 3629 ει
1613 3575 1757 3629 Etad
1776 3573 2163 3630 adducendum

571 3671 852 3739 justitiam
879 3670 1296 3741 sempiternam.
1322 3689 1340 3721 ι
1366 3666 1590 3723 Iustitia
1614 3677 1794 3721 autem
1826 3666 2167 3734 sempiterna

581 3762 792 3834 1241
821 3763 1045 3832 praprie
1100 3763 1220 3832 ipse
1274 3760 1542 3817 Dominus
1600 3760 1861 3814 Christus
1917 3765 2023 3813 est.
2090 3754 2167 3811 De

577 3853 672 3908 illo
689 3854 834 3908 enim
875 3854 1071 3909 beatus
1105 3854 1309 3908 Paulus
1335 3854 1413 3907 ait
1447 3870 1460 3907 :
1500 3870 1520 3902 ι
1564 3849 1740 3905 Datus
1762 3861 1873 3904 'est
1910 3847 2071 3902 nobis
2105 3854 2168 3902 ut

578 3954 723 3999 esset
753 3945 1024 4015 sapientia
1055 3960 1086 3999 a
1111 3943 1244 4009 Deo,
1280 3953 1336 4000 et
1373 3942 1611 4013 justitia,
1642 3949 1697 3996 et
1726 3940 2083 4021 santiticatio,
2114 3946 2168 3994 et

577 4036 885 4107 redemptio
900 4045 983 4092 ιι.»
1029 4036 1095 4092 Et
1123 4036 1191 4092 de
1216 4036 1511 4106 Evangelio
1533 4034 1797 4089 Romanis
1834 4034 1887 4089 in
1922 4033 2169 4105 Epistola

578 4129 829 4185 scribens
859 4129 999 4185 dixit
1037 4149 1049 4184 :
1091 4150 1109 4181 ι
1144 4128 1370 4185 Justitia
1421 4127 1515 4184 Dei
1557 4128 1613 4182 in
1655 4143 1720 4182 eo
1771 4127 2113 4185 revelatur'.
2142 4145 2162 4179 ι

582 4220 867 4292 Siquidem
894 4223 1225 4277 liberalitate
1251 4237 1387 4277 usus
1409 4261 1423 4285 ,
1480 4230 1699 4275 aeternae
1750 4220 1876 4274 vita:
1904 4220 2171 4276 concilia—

579 4315 1075 4384 tricemjustitiam
1117 4315 1185 4370 iis
1215 4315 1307 4393 qui
1344 4314 1398 4368 in
1428 4314 1585 4371 illum
1626 4314 1985 4369 crediderunt
2041 4328 2169 4383 gra-

580 4404 823 4460 tiﬁcatus
872 4415 957 4461 est
996 4421 1202 4476 :quam
1271 4405 1438 4460 etiam
1508 4411 1569 4460 ut
1625 4413 1877 4475 peterent
1946 4415 2168 4459 orantes

580 4496 834 4553 hortatus
859 4496 1078 4553 fuerat:
1119 4517 1137 4549 ι
1177 4497 1374 4563 Petite,
1440 4498 1719 4568 inquiens,
1765 4512 1992 4568 regnum
2046 4496 2165 4560 Dei,

579 4596 637 4644 et
662 4590 942 4659 justitiam
971 4591 1094 4659 ejus
1113 4598 1160 4645 ³.
1197 4610 1214 4646 ι
1248 4590 1465 4644 Idcirco
1485 4599 1717 4646 sanctus
1736 4588 1959 4645 Gabriel
1993 4603 2166 4658 appo-

581 4682 688 4735 site
717 4682 859 4736 dixit
899 4700 912 4736 :
945 4700 964 4733 ι
1006 4680 1070 4735 Ει
1103 4682 1170 4737 ad
1212 4681 1599 4737 adducendum
1632 4680 1907 4751 justitiam
1961 4681 2167 4748 sempi—

580 4781 817 4826 lernam.
874 4790 894 4824 ι
958 4771 1178 4841 Adjecit
1234 4782 1469 4828 autent:
1532 4791 1551 4823 ι
1620 4771 1688 4824 Et
1748 4768 1815 4823 ad
1840 4766 2165 4837 signandum

581 4863 851 4918 visionem
879 4871 935 4918 et
965 4864 1311 4933 prophetam,
1345 4883 1364 4916 ι
1405 4864 1509 4918 hoc
1530 4869 1636 4927 est,
1676 4861 1744 4916 ad
1769 4858 2165 4929 imponendum

584 4956 750 5011 ﬁnem
822 4959 1083 5015 omnibus
1136 4960 1420 5014 vaticiniis
1462 4976 1476 5012 :
1524 4978 1543 5008 ι
1594 4957 1749 5012 Finis
1811 4956 1959 5012 enim
2027 4957 2166 5029 legis

583 5044 868 5111 Christus,
900 5048 967 5103 ad
991 5049 1268 5118 justitiam
1313 5049 1462 5103 omni
1486 5046 1749 5103 credenti
1772 5055 1857 5110 Y,»
1886 5054 1943 5102 et
1967 5047 2035 5102 ad
2061 5048 2165 5102 hoc

583 5133 943 5206 efﬁciendum,
984 5148 1043 5195 ut
1085 5156 1114 5194 a
1161 5139 1475 5194 Judzeorum
1526 5140 1751 5193 natione
1786 5140 1841 5193 in
1890 5140 2165 5210 reliquum

585 5233 807 5296 tempus
855 5233 1233 5300 propheticum
1291 5246 1493 5286 munus
1551 5230 1791 5287 deﬁciat.
1843 5229 1965 5285 .Nisi
2019 5232 2164 5285 enim

2262 3398 2313 3451 oi
2370 3394 2758 3466 πνευματικῶς
2804 3393 3230 3464 πολιτευόμενοι.
3295 3389 3391 3459 οἷς
3444 3395 3795 3467 προστέθεικε
3823 3414 3841 3430 ο

2271 3509 2291 3542 ι
2323 3490 2432 3542 Καὶ
2479 3487 2571 3541 τοῦ
2625 3488 2855 3555 ἀγαγεῖν
2917 3485 3266 3555 δικαιοσύνην
3307 3486 3542 3541 αἰώνιον.
3576 3506 3592 3539 ι
3630 3489 3844 3542 Δικαιο-

2268 3582 2403 3653 σύνη
2442 3581 2496 3634 δὲ
2560 3580 2779 3642 αἰώνιος
2813 3578 3018 3648 κυρίως
3040 3579 3086 3611 ⁸¹
3114 3578 3263 3631 ἐστὶν
3308 3578 3470 3641 αὐτὸς
3502 3581 3531 3633 6
3566 3580 3845 3651 Δεσπότης

2267 3675 2522 3747 Χριστός.
2557 3674 2629 3725 Πε
2641 3674 2693 3743 pl.
2713 3672 2822 3743 γάρ
2849 3669 3015 3724 αὑτοῦ
3057 3687 3225 3741 φησιν
3255 3672 3283 3724 6
3309 3671 3576 3742 μακάριος
3600 3670 3840 3734 Παῦλοςο

2274 3784 2293 3819 ι
2343 3766 2530 3836 Ἐδόθη
2556 3765 2602 3796 ⁸⁸
2630 3766 2761 3834 ⁷ἕδμῖν
2791 3763 2952 3827 σοφία
2980 3762 3087 3816 ἀπὸ
3123 3761 3283 3825 Θεοῦ,
3313 3763 3627 3832 δικαιοσύνη
3662 3780 3721 3816 τε
3748 3764 3843 3817 καὶ

2270 3854 2558 3925 ἁγιασμὸς,
2584 3854 2678 3908 καὶ
2706 3851 3104 3922 ἀπολύτρωσις.
3130 3870 3149 3903 ι
3187 3853 3299 3906 Kal.
3328 3852 3458 3923 περὶ
3484 3851 3581 3906 τοῦ
3607 3854 3835 3923 Εὑαγγε-

2269 3949 2384 4001 λίου
2416 3947 2475 4000 δὲ
2517 3946 2809 4014 Ῥωμαίοις
2843 3944 3174 3999 ἐπιστέλλων
3209 3945 3334 4016 ἔφη,
3363 3947 3447 3999 ὃτι
3470 3965 3489 3997 ι
3522 3946 3839 4016 Δικαιοσύνη

2269 4040 2404 4095 Θεοῦ
2431 4041 2488 4092 ὲν
2509 4037 2659 4108 αὐτῷ
2688 4036 3155 4092 ἀποκαλύπτεται.
3188 4056 3207 4088 ι
3227 4036 3447 4108 Ἐπειδὴ
3476 4036 3535 4091 δὲ
3567 4037 3843 4111 φιλοτιμίᾳ

2269 4130 2638 4202 χρησάμενος,
2671 4126 2767 4181 καὶ
2794 4124 2893 4195 τὴν
2947 4125 3208 4197 πρόξενον
3240 4126 3338 4195 τῆς
3390 4126 3608 4179 αἰωνίου
3640 4123 3843 4195 ξωῆςυ

2268 4219 2614 4293 δικαιοσύνην
2652 4217 2764 4280 τοῖς
2796 4216 2875 4278 εἰς
2907 4214 3070 4268 αὐτὸν
3126 4214 3551 4268 πεπιστευκόσιν
3583 4214 3632 4247 ⁸⁵
3663 4215 3844 4284 ἐχαρί-

2272 4330 2423 4377 σατο,
2452 4312 2520 4382 ἢν
2543 4310 2638 4363 καὶ
2668 4311 2840 4363 αἰτεῖν
2863 4308 3326 4378 προσευχομένοις
3371 4307 3806 4379 παρεκελεύσατο
3825 4324 3841 4338 ’

2276 4425 2294 4456 ι
2324 4406 2534 4457 Αἰτεῖτε
2555 4403 2623 4466 ⁸⁸,
2654 4401 2852 4469 λέγων,
2875 4398 2974 4469 τὴν
3001 4398 3278 4469 βασιλείαν
3314 4399 3409 4453 τοῦ
3438 4399 3596 4460 Θεοῦ,
3631 4398 3722 4453 καὶ
3747 4398 3847 4469 τὴν

2268 4494 2614 4562 δικαιοσύνην
2646 4490 2843 4545 αὑτοῦ·
2880 4509 2900 4542 ›
2945 4490 3259 4565 ἀναγκαίως
3300 4486 3457 4545 εἷπεν
3497 4492 3525 4544 6
3560 4489 3711 4559 ἅγιος
3738 4492 3847 4544 Γα-

2270 4587 2432 4660 ϐριὴλ
2448 4603 2489 4637 ἰ
2516 4584 2630 4639 Kal.
2641 4583 2732 4637 τοῦ
2757 4584 2986 4651 ἀγαγεῖν
3007 4581 3355 4652 δικαιοσύνην
3379 4582 3648 4637 αἰώνιον.»
3676 4584 3849 4654 Προσ-

2270 4680 2482 4735 τέθεικε
2509 4678 2594 4731 δέ·
2624 4695 2643 4728 ι
2669 4675 2779 4727 Καὶ
2809 4673 2903 4727 τοῦ
2938 4674 3235 4744 σφραγίσαι
3263 4675 3454 4744 ὅρασιν
3486 4675 3580 4727 καὶ
3629 4675 3840 4744 προφή-

2270 4787 2400 4841 τηνο
2438 4788 2458 4822 ι
2501 4766 2773 4828 τουτέστι,
2800 4761 2896 4816 τοῦ
2931 4762 3113 4817 δοῦναι
3149 4762 3249 4833 μὲν
3278 4762 3431 4825 τέλος
3465 4763 3702 4824 ἀπάσαις
3726 4764 3846 4825 ταῖς

2273 4858 2632 4931 προφητείαις
2650 4871 2664 4885 ·
2697 4874 2716 4906 ι
2741 4854 2908 4920 Τέλος
2948 4855 3058 4924 γὰρ
3089 4855 3256 4926 νόμου
3280 4855 3516 4926 Χριστὸς
3544 4856 3626 4917 είς
3649 4854 3846 4906 δικαιο-

2272 4951 2439 5021 σύνην
2490 4947 2657 5001 παντὶ
2683 4945 2761 5016 τῷ
2789 4946 3134 5000 πιστεύοντι·
3166 4965 3184 4998 ι
3216 4943 3424 4998 παῦσαι
3456 4944 3513 4998 δὲ
3542 4944 3722 4998 λοιπὸν
3744 4941 3845 5014 τὴν

2272 5040 2622 5116 προφητικὴν
2649 5038 2809 5110 χάριν
2834 5038 2942 5091 ἀπὸ
2981 5037 3076 5092 τοῦ
3115 5038 3383 5092 Ἰουδαίων
3405 5037 3612 5101 ἔθνους.
3651 5037 3709 5088 ΕΞ
3734 5035 3845 5107 γὰρ

2277 5134 2352 5207 μὴ
2394 5129 2682 5200 ἐπιφανεὶς
2706 5130 2734 5181 ὁ
2767 5128 3045 5196 Δεσπότης
3090 5128 3327 5199 Χριστὸς
3374 5127 3645 5199 πεποίηκὲ
3668 5143 3723 5179 τε
3749 5129 3845 5180 καὶ

2278 5225 2568 5289 πέπονθεν,
2598 5220 2742 5291 άπερ
2780 5220 2829 5273 oi
2863 5220 3139 5291 προφῆται
3174 5223 3455 5290 προεῖπον,
3489 5221 3588 5272 οὐκ
3619 5219 3685 5272 ἂν
3715 5218 3852 5271 ἐδεί-

659 5395 681 5423 ι
711 5383 849 5438 Juan
911 5403 945 5449 ι,
982 5387 1071 5441 29.
1156 5387 1405 5442 ‘Coloss.
1453 5403 1513 5451 lt,
1554 5387 1636 5440 l4.
1715 5389 1934 5443 ulCor.
1971 5404 2008 5452 l,
2034 5389 2124 5445 '50.

2261 5388 2415 5441 Rom.
2444 5399 2482 5449 ι,
2512 5382 2594 5436 l7.
2672 5389 2697 5417 ι
2729 5377 2921 5435 Matth.
2952 5380 3135 5442 v1.53.
3214 5388 3243 5429 γ
3273 5383 3504 5443 Βοιῃ.ι,
3540 5377 3596 5434 ι,

1894 5549 2130 5605 VARI/IS
2168 5544 2574 5604 LECTIONES.

629 5680 670 5712 ’⁸³
702 5678 744 5732 Β
779 5676 983 5754 ἔτυχεν..
1026 5680 1071 5754 ¹ξ⁰
1096 5680 1173 5732 ετ.
1206 5679 1243 5731 Β
1266 5680 1543 5754 ἐνιαμτῶν.
1587 5684 1629 5714 ³¹
1658 5701 1777 5754 κυρλ
1806 5683 1849 5734 Β
1877 5683 2002 5738 add.
2032 5684 2147 5751 μέν.
2191 5682 2234 5717 δ’
2265 5686 2338 5739 ἐδ.
2368 5687 2445 5740 lta
2481 5700 2699 5753 quoque
2730 5695 2916 5754 supra,
2942 5678 3007 5733 ad
3037 5679 3172 5754 psal;
3205 5691 3358 5742 XCIII.
3480 5691 3493 5737 ξ
3525 5675 3626 5731 18³.
3650 5676 3832 5754 ξΞ-ιεξέν

588 5750 695 5823 lex.
726 5747 817 5823 sm!
852 5757 888 5798 l.
917 5747 1067 5823 “Li.
1105 5766 1152 5802 (τ.
1187 5757 1240 5804 et
1270 5748 1396 5802 alibi
1427 5761 1604 5806 exstat
1631 5746 1884 5823 ἐγενήθη.
1914 5746 2071 5823 juxta
2107 5770 2215 5808 rec.
2241 5755 2362 5811 lect.
2437 5746 2551 5808 "'1!
2574 5746 2719 5823 ζὶοῆς
2744 5746 2982 5806 αἰωνίου.
3039 5746 3105 5782 ’⁸⁸
3137 5748 3176 5801 Β
3209 5746 3577 5801 πιστεύουσιν.
3654 5746 3697 5778 ⁸⁸
3722 5747 3837 5799 Ait.

592 5817 739 5874 Loco
772 5817 864 5869 (τίι.
900 5829 979 5871 est
1014 5821 1231 5887 Ζητεῖτε
