4092 6428
302 401 443 466 1473

1508 396 1589 455 ΙΝ
1634 391 1992 455 DANIELIS
2050 391 2209 449 CAP.
2242 390 2345 450 IX.

3427 384 3561 448 ’,474

292 519 405 588 χθη
433 502 544 570 τῶν
576 516 870 588 προφητῶν
906 517 939 587 ἡ
978 513 1227 586 ἀλήθεια.
1293 514 1497 585 Πληροῖ
1555 515 1754 575 τοίνυν,
1792 509 1886 562 καὶ

1990 506 2337 575 apparuisset
2375 503 2638 560 Dominus
2680 500 2956 566 Christus,
3006 512 3057 557 et
3094 519 3155 559 ea
3216 501 3441 560 fecisset
3500 520 3562 557 ac

216 620 232 673 ζ
294 609 467 662 οἱονεὶ
509 608 800 681 σφραγίζει
833 609 928 664 καὶ
970 606 1174 678 βεὸαἶοι
1199 606 1267 660 τὰ
1304 607 1408 660 ὑπὸ
1453 607 1561 663 τῶν
1591 603 1886 677 προφητῶν

294 702 713 774 προρρηθέντα,
772 701 945 756 ποιῶν
1003 703 1218 757 ἅπαντα
1257 701 1353 754 καὶ
1402 700 1625 771 πάσχων
1673 699 1740 751 τὰ
1794 698 1883 750 ὑπ’

295 796 530 848 ἐκείνων
560 796 1049 867 χρησμῳδηθὲντα.
1068 794 1289 858 Τούτοις
1323 792 1482 846 πάλιν
1506 790 1882 862 προστέθεικεο

304 900 325 931 ι
359 882 472 934 Καὶ
498 880 589 934 τοῦ
619 882 1012 954 χρίσαιἊγιον
1037 883 1227 952 ἁγίων.
1261 903 1278 935 ι
1308 880 1403 946 Τίς
1421 883 1476 935 δὲ
1493 876 1648 944 οὗτός
1672 883 1818 934 ἐστιν
1838 880 1885 911 ³⁸

204 1026 212 1032 ,
295 971 331 1023 6
364 969 476 1023 τῶν
495 971 667 1039 ἁγίων
720 970 911 1038 ’Ἄγιος
956 987 970 1037 ;
1008 972 1317 1025 εἰπάτωσαν
1357 970 1653 1025 Ἰουδαῖοι⁸⁷
1699 986 1713 1002 ο
1751 967 1885 1021 εἰδὲ

293 1063 579 1131 ἀγνοοῦσι,
609 1065 740 1135 παρ’
768 1064 924 1133 ἡμῶν
983 1063 1323 1133 μαθέτωσαν,
1350 1063 1425 1126 ὡς
1471 1061 1632 1123 αὐτὸς
1680 1063 1826 1114 ἐστιν
1858 1062 1886 1114 6

296 1156 588 1223 Δεσπότης
640 1155 897 1223 Χριστὸς,
949 1154 1037 1208 διὰ
1110 1155 1208 1225 μὲν
1270 1155 1494 1208 Ἡσαΐου
1550 1152 1828 1225 προλέγων
1868 1168 1883 1183 ο

303 1262 324 1294 ι
386 1244 612 1314 Πνεῦμα
659 1245 866 1314 Κυρίου
905 1245 990 1297 ἐπ’
1027 1246 1128 1314 ἐμὲ
1158 1288 1172 1309 ,
1211 1241 1273 1300 οὗ
1324 1246 1533 1299 εἵνεκεν
1589 1245 1771 1317 ἐχρισέ
1818 1263 1884 1317 με

298 1335 594 1407 Κύριοςδδ.
649 1353 669 1386 ι
725 1336 865 1388 Ὑπὸ
892 1336 948 1389 δὲ
984 1336 1076 1389 τοῦ
1115 1335 1280 1391 Δαϐἰδ
1316 1337 1886 1408 μαρτυρούμενος,ὂτι

302 1447 323 1478 ι
382 1427 668 1497 Ἦγάπησε
690 1428 736 1459 ⁸⁸
783 1427 1151 1498 δικαιοσύνην,
1206 1429 1301 1481 καὶ
1342 1429 1603 1499 ἐμίσησεν
1634 1430 1883 1497 ἀνομίαν,

296 1519 402 1573 καὶ
423 1519 511 1572 διὰ
540 1519 698 1572 τοῦτο
729 1519 954 1598 ἐχρίσρη
984 1520 1153 1591 ἐλαίῳ
1182 1518 1556 1588 ἀγαλλιάσεως
1588 1519 1734 1590 παρὰ
1762 1521 1887 1584 τοὺς

301 1612 574 1680 μετόχους
624 1610 810 1663 αὐτοῦ.
845 1629 864 1662 ι
896 1611 1186 1680 Μαρτυρεῖ
1204 1610 1260 1662 δὲ
1300 1610 1394 1664 καὶ
1423 1611 1450 1663 6
1482 1611 1751 1680 μακάριος
1780 1610 1886 1664 Πέ-

292 1717 454 1769 τρος,
486 1699 596 1753 τῶν
649 1700 964 1754 ἀποστόλων
991 1700 1036 1732 ⁶⁰
1059 1703 1087 1754 6
1121 1704 1438 1771 κορυφαῖος,
1475 1702 1680 1771 λέγων·
1719 1720 1737 1753 ι
1783 1704 1886 1773 Ἰη-

295 1792 437 1845 σοῦν
475 1792 566 1844 τὸν
607 1791 715 1844 ἀπὸ
772 1791 1055 1863 Ναζαρὲτ,
1098 1791 1173 1855 ὡς
1225 1792 1439 1864 ἔχρισεν
1491 1793 1652 1848 αὐτὸν
1683 1796 1709 1847 6
1754 1794 1886 1856 Θεὸς

294 1881 588 1951 Πνεύματι
614 1881 754 1949 ἁγίῳ
789 1881 883 1932 καὶ
932 1879 1181 1949 δυνάμει,
1212 1878 1270 1942 ὃς
1297 1880 1509 1950 διῆλθεν
1554 1880 1881 1950 εὐεργετῶν,
1922 1878 1944 1923 ‘t

293 1973 401 2025 καὶ
435 1971 665 2041 ἰώμενος
693 1971 902 2034 πάντας
938 1970 1066 2033 τοὺς
1100 1972 1737 2049 καταδυναστευομένους
1782 1971 1887 2024 ὑπὸ

293 2062 400 2114 τοῦ
438 2061 705 2126 διαϐόλου,
729 2062 811 2114 ὅτι
839 2063 868 2114 6
890 2060 1021 2124 θεὸς
1061 2056 1129 2133 ἦν
1155 2063 1272 2133 μετ’
1301 2061 1482 2117 αὑτοῦ.
1512 2082 1529 2114 ι
1567 2061 1887 2115 Διδάσκεται

293 2151 488 2205 τοίνυν
516 2152 544 2204 ὁ
572 2151 843 2221 μακάριος
879 2150 1077 2222 Δανιὴλ
1104 2153 1134 2204 6
1173 2154 1480 2224 προφήτης.
1513 2153 1595 2206 ὅτι
1628 2170 1887 2224 τετρακοο

297 2241 443 2296 σίων
468 2244 562 2296 καὶ
587 2243 945 2312 ἐννενήκοντα
968 2242 1107 2296 ἐτῶν
1133 2244 1325 2315 χρόνον
1354 2243 1499 2311 ἔδοξε
1536 2243 1885 2314 παρασχεθῆ-

297 2350 396 2387 ναι
428 2336 495 2404 τῇ
538 2335 896 2405 Ἰερουσαλὴμ
920 2337 996 2398 εἰς
1033 2336 1096 2389 τὸ
1133 2335 1242 2389 τῶν
1289 2335 1448 2391 θείων
1511 2335 1756 2407 συνήθως
1784 2334 1885 2387 δω-

308 2425 453 2497 ρεῶν
498 2425 813 2490 ἀπολαύειν,
855 2427 958 2489 ἕως
997 2426 1062 2481 ἂν
1102 2430 1280 2481 ἐκεῖνο
1306 2428 1366 2481 τὸ
1389 2428 1602 2480 ἀνόσιον
1628 2428 1723 2480 καὶ
1765 2445 1887 2498 φρι-

304 2516 483 2580 κῶδες
526 2517 770 2588 τολμήσῃ
830 2519 1106 2588 τόλμημα,
1157 2518 1247 2574 τὸν
1300 2521 1444 2573 κατὰ
1498 2520 1592 2574 τοῦ
1637 2520 1887 2591 Σωτῆρος

237 2610 243 2617 ’
309 2609 516 2679 φημι⁶¹
546 2610 796 2679 σταυρὸν,
822 2609 881 2673 δς
914 2610 1108 2679 ’Ἄγιος
1135 2611 1305 2681 ἁγίων
1345 2611 1761 2682 ὀνομαζόμενος,
1790 2612 1885 2666 ἆτε

308 2700 378 2772 δὴ
403 2701 705 2770 ἁγιωσύνης
754 2702 1015 2773 ὑπάρχων
1055 2702 1239 2775 πηγὴ,
1272 2702 1483 2776 χρίεται
1531 2705 1628 2775 μὲν
1660 2705 1801 2758 κατὰ
1827 2709 1888 2759 τὸ

301 2792 646 2864 ἀνθρώπειον
677 2796 721 2828 ⁸⁸
751 2794 830 2866 τῷ
865 2797 1007 2866 ἁγίῳ
1044 2794 1343 2866 Πνεύματι,
1380 2798 1669 2867 σφραγίζει
1704 2799 1759 2851 δὲ
1792 2800 1886 2852 καὶ

304 2883 523 2954 βεσαιοί
556 2884 655 2948 τὰς
698 2886 935 2949 παλαιὰς
994 2888 1356 2958 προφητείας,
1407 2889 1631 2958 πληρῶν
1668 2888 1888 2942 ἅπαντα

302 2976 376 3029 τά
416 2976 508 3029 ὑπ’
535 2976 763 3029 ἐκείνων
817 2980 1275 3049 προηγορευμένα
1292 2979 1359 3042 ⁸³,
1387 2979 1581 3048 ἄφεσιν
1620 2980 1677 3034 δὲ
1708 2983 1888 3052 ἁμαρ-

298 3068 574 3137 τημάτων
625 3071 739 3131 τοῖς
792 3072 872 3132 εἰς
919 3070 1085 3124 αὑτὸν
1138 3073 1523 3126 πεπιστευκόσι
1580 3074 1884 3146 χαρίζεται.

1987 612 2184 668 passus
2240 607 2409 663 esset,
2470 612 2592 666 quae
2668 597 2948 667 prephetae
3005 596 3397 666 praedixerunt,
3455 612 3563 649 non

1985 696 2208 743 ostensa
2240 687 2435 741 l‘uiSSet
2468 690 2671 742 veritas
2728 688 3146 758 prophetarum.
3184 685 3406 743 Perﬁcit
3461 688 3563 739 ita-

1985 799 2111 854 que.
2147 790 2203 838 et
2242 783 2399 852 quasi
2454 783 2707 853 obsignat
2767 798 2832 837 ae
2890 783 3185 837 conﬁrmat
3215 798 3247 836 a
3277 782 3563 852 prophetis

1986 872 2269 940 praedicta,
2326 875 2513 927 omnia
2554 874 2763 928 faciens
2794 888 2856 927 ae
2905 875 3119 944 patiens
3157 889 3276 942 qua:
3312 873 3389 925 illi
3424 874 3563 926 vati-

1986 962 2155 1016 cinati
2185 963 2424 1017 fuerant.
2461 963 2558 1018 llis
2585 980 2777 1018 rursus
2817 964 3058 1034 adjecit:
3097 982 3115 1015 ι
3156 963 3222 1017 Ει
3253 965 3318 1017 ad
3352 980 3563 1034 ungen-

1985 1052 2114 1108 dum
2150 1054 2409 1109 Sanetum
2454 1065 2796 1110 sanctorum.
2835 1072 2854 1105 ›
2887 1055 3022 1121 Quis
3077 1065 3258 1110 autem
3321 1066 3404 1110 est
3462 1056 3564 1109 iste

1988 1143 2226 1200 Sanetus
2260 1148 2615 1201 sanctorum?
2645 1147 2833 1202 dicant
2865 1146 3038 1202 Judai
3066 1166 3080 1203 :
3114 1147 3259 1218 quod
3307 1148 3353 1204 si
3408 1147 3564 1216 igno~

1987 1243 2136 1303 rant,
2171 1236 2394 1293 discant
2422 1255 2453 1293 a
2485 1241 2670 1305 nobis,
2705 1241 2891 1310 ipsum.
2925 1256 3047 1294 esse
3080 1240 3369 1294 Dominum
3405 1240 3564 1294 Chri-

1988 1337 2159 1394 stum,
2200 1346 2295 1400 per
2318 1329 2513 1386 lsaiam
2551 1330 2979 1400 prmdicentem:
3018 1351 3035 1382 ι
3074 1329 3318 1402 Spiritus
3351 1331 3565 1385 Domini

1989 1436 2157 1490 super
2212 1438 2319 1483 me.
2359 1430 2649 1492 pmpterca
2692 1423 2854 1485 [unxit
2910 1438 2996 1476 me
3045 1421 3306 1476 Dominus
3326 1432 3370 1476 τ.
3410 1441 3427 1473 ι
3466 1422 3566 1475 Cui

1994 1509 2397 1591 lzﬁzetiam
2429 1509 2598 1565 David
2629 1511 3003 1564 testimonium
3031 1512 3304 1580 perhibet,
3336 1511 3563 1566 dicens:

1991 1621 2012 1653 ¢
2040 1601 2234 1655 Dilexit
2261 1601 2558 1671 justitiam,
2588 1610 2642 1656 et
2664 1602 2784 1655 odit
2829 1602 3200 1671 iniquitatem,
3225 1612 3278 1657 et
3314 1613 3569 1672 propter-

1989 1710 2053 1749 ea
2094 1703 2298 1749 unctus
2358 1704 2442 1749 est
2482 1695 2608 1750 oleo
2661 1694 2862 1749 laetitias
2920 1711 3031 1764 pra:
3093 1696 3260 1750 sociis
3314 1696 3431 1751 suis
3456 1708 3502 1748 ιι.
3543 1717 3562 1747 ι

1993 1786 2193 1840 Beatus
2220 1801 2439 1856 quoque
2467 1785 3072 1856 Petrus,apostolorum
3109 1787 3390 1856 princeps,
3412 1790 3568 1841 testis

1990 1885 2096 1942 est,
2169 1893 2296 1932 cum
2363 1877 2496 1931 dicit
2534 1894 2547 1930 :
2582 1894 2601 1927 ι
2636 1875 2823 1932 Jesum
2861 1893 2891 1933 e
2917 1877 3190 1932 Nazareth
3214 1919 3228 1943 ,
3288 1879 3568 1947 quomodo

1990 1968 2146 2021 unxit
2180 1982 2305 2020 eum
2367 1965 2510 2022 Deus
2564 1968 2775 2038 Spiritu
2832 1978 3023 2022 saneto
3076 1979 3125 2022 et
3185 1969 3432 2024 virtute:
3470 1971 3565 2040 qui

1988 2058 2206 2112 transiit
2233 2057 2614 2124 benefaciens,
2649 2068 2703 2112 et
2735 2074 2943 2113 sanans
2972 2074 3165 2113 omnes
3209 2074 3508 2128 Oppl‘CSSOS
3534 2078 3563 2113 ιι

1987 2150 2230 2217 diabolo,
2280 2150 2539 2219 quoniam
2595 2149 2742 2205 Deus
2771 2157 3041 2204 eratcum
3083 2150 3236 2205 illob.
3276 2170 3295 2201 ι
3327 2149 3566 2205 Docetur

1986 2244 2172 2312 itaque
2199 2242 2395 2296 beatus
2447 2240 2637 2295 Daniel
2700 2241 2986 2312 prepheta,
3035 2243 3217 2297 visum
3272 2257 3397 2297 esse
3457 2242 3567 2298 Deo

1985 2346 2207 2405 tempus
2257 2334 2789 2405 quadringentorum
2843 2341 2897 2388 et
2946 2336 3245 2407 nonaginta
3296 2350 3565 2390 annorum

1986 2424 2381 2494 Hierosolyma
2409 2423 2848 2489 concedendum,
2896 2439 3005 2493 quo
3037 2425 3124 2478 illa
3174 2423 3376 2479 usitato
3414 2441 3568 2499 more

1986 2516 2198 2571 divinis
2233 2516 2478 2585 potiatur
2504 2514 2852 2579 muneribus,
2886 2515 3060 2568 donec
3098 2514 3369 2570 nefarium
3428 2516 3566 2569 illul

1982 2621 2042 2668 et
2100 2612 2336 2666 maxime
2373 2611 2638 2665 horribile
2691 2610 2909 2666 facinus
2966 2625 3100 2664 ausa
3158 2611 3251 2669 sit.
3320 2625 3565 2672 erucem,

1986 2706 2232 2774 inquam,
2252 2711 2449 2757 contra
2471 2701 2839 2767 Salvatorem,
2857 2705 2948 2772 qui
2975 2700 3204 2755 Sanctus
3229 2715 3530 2758 sanctorum
3548 2707 3566 2723 ‘

1986 2804 2363 2865 nuncupatus,
2398 2803 2587 2866 utpote
2627 2795 2945 2849 sanctitatis
2992 2793 3135 2856 fons,
3176 2796 3404 2862 ungitur
3432 2796 3563 2863 qui-

1986 2886 2110 2943 dem
2155 2888 2458 2943 secundum
2510 2885 2908 2941 humanitatem
2945 2883 3154 2954 Spiritu
3196 2894 3407 2948 sancto,
3471 2888 3571 2940 oh-

1986 2979 2171 3049 signat
2232 2985 2415 3032 autem
2455 2985 2508 3032 et
2564 2976 2854 3031 conﬁrmat
2918 2976 3176 3047 antiquas
3229 2979 3569 3047 prophetias,

1987 3070 2171 3126 omnia
2197 3084 2321 3140 quae
2358 3084 2454 3139 per
2483 3068 2610 3123 illos
2640 3066 2899 3139 praedicta
2931 3075 3061 3122 sunt
3113 3068 3426 3137 perliciens,
3481 3084 3571 3123 re—

304 3154 442 3213 Εἶτα
486 3158 729 3213 διδάσκει
756 3163 783 3213 6
817 3161 958 3224 θεῖος
1002 3161 1343 3232 ἀρχάγγελος
1367 3204 1380 3224 .
1411 3164 1573 3219 πόθεν
1618 3166 1885 3237 ἄρξασθαι

1992 3162 2427 3230 missionemque
2457 3168 2811 3229 peccatorum
2842 3158 2910 3214 iis
2943 3159 3036 3228 qui
3092 3159 3145 3213 in
3197 3176 3321 3215 eum
3381 3159 3570 3216 credi-

300 3252 389 3305 δεῖ
409 3252 504 3305 τοῦ
533 3253 581 3285 ⁸³
602 3253 712 3307 τῶν
735 3254 1107 3326 ἑϐδομήκοντα
1137 3254 1448 3328 ἑϐδομάδων
1481 3257 1739 3330 ἀριθμοῦ.

380 3524 478 3574 κε’.
518 3537 539 3571 ι
567 3519 678 3573 Καὶ
704 3518 908 3592 γνώσῃ,
939 3523 1093 3590 φησὶ,
1127 3523 1218 3575 καὶ
1259 3522 1530 3593 συνήσεις,
1559 3524 1666 3577 ἀπὸ
1709 3525 1888 3591 ἐξόδου

305 3612 546 3680 λόγωνη⁶⁵
597 3611 693 3665 τοῦ
731 3613 1115 3685 ἀποκριθῆναι,
1166 3615 1257 3668 καὶ
1284 3614 1379 3668 τοῦ
1410 3601 1892 3688 οίκοδομηθῆναισδ

319 3704 699 3774 Ἰερουσαλὴμ,
723 3703 828 3767 ἓως
846 3705 1082 3775 Χριστοῦ
1102 3708 1427 3777 ἡγουμένου,
1443 3707 1735 3778 ἑϐδομάδες
1752 3708 1893 3763 ἑπτά

263 3784 270 3789 ⁴
310 3796 410 3848 καὶ
439 3795 728 3865 ὲὸδομάδες
755 3796 1018 3868 ἑξήκοντα
1049 3797 1193 3853 δύο.»
1212 3799 1368 3863 Τινὲς
1402 3799 1500 3870 μὲν
1530 3796 1622 3854 οὖν
1651 3800 1896 3873 ὑπολαμ-

313 3886 539 3939 ϐάνουσι
579 3889 676 3958 τὴν
733 3890 825 3942 ἐπὶ
870 3889 1053 3961 Κύρου
1089 3892 1391 3962 γενομένην
1423 3892 1523 3962 τῆς
1573 3893 1888 3963 οἰκοδομίας

308 3974 515 4049 ἀρχὴν,
545 3978 720 4049 ἀρχὴν
745 3975 884 4035 εἶναι
917 3980 1009 4034 τοῦ
1043 3981 1153 4036 τῶν
1186 3982 1495 4052 ἑϐδομάδων
1522 3985 1780 4055 ἀριθμοῦ,
1809 4002 1894 4038 τι·

308 4067 408 4129 νὲς
434 4067 489 4120 δὲ
534 4068 643 4123 ἀπὸ
690 4069 852 4125 ἕκτου
898 4071 1050 4136 ἔτους
1074 4071 1175 4141 τῆς
1225 4070 1500 4141 βασιλείας
1546 4074 1771 4143 Δαρείου
1799 4074 1892 4128 τοῦ

320 4155 636 4210 Ὑστάσπου
657 4156 751 4211 τοῦ
770 4158 1006 4231 ἀριθμοῦ
1035 4161 1292 4231 ἄρχονται
1314 4177 1326 4190 ’
1349 4161 1649 4233 τηνικαῦτα
1671 4162 1780 4234 γὰρ
1799 4163 1893 4217 τοῦ

303 4247 445 4303 ναοῦ
479 4249 512 4320 ἡ
560 4251 819 4322 οἰκοδομὴ
841 4252 884 4283 ⁵⁷
915 4252 1070 4317 τέλος
1114 4252 1273 4307 ἔλασε
1315 4253 1375 4306 τὸ
1428 4254 1727 4325 προσῆκον,
1783 4254 1893 4308 τῶν

303 4342 608 4414 περιοίκων
658 4340 747 4395 διὰ
777 4341 876 4414 τὴν
911 4342 1050 4414 πρὸς
1090 4344 1376 4408 Ἰουδαίους
1413 4343 1736 4416 δυσμένειαν
1789 4346 1893 4416 ἐμ-

304 4433 492 4488 ποδὼν
518 4437 582 4507 τῇ
611 4436 890 4508 οἰκοδομίᾳ
918 4437 975 4489 ἐν
1000 4436 1077 4507 τῷ
1109 4436 1258 4508 μέσῳ
1283 4438 1459 4508 χρόνῳ
1484 4437 1891 4509 γεγενημένων,

1990 3255 2121 3309 dere
2174 3251 2521 3321 impertiens.
2561 3249 2768 3305 Deinde
2802 3250 2961 3305 docet
3000 3249 3223 3306 divinus
3272 3251 3573 3321 archange-

1991 3344 2096 3406 lus,
2133 3340 2281 3397 unde
2314 3339 2560 3395 exordiri
2596 3346 2849 3409 oporteat
2873 3338 3225 3409 septuaginta
3262 3338 3568 3395 hebdoma-

1991 3435 2119 3490 dum
2149 3448 2458 3487 numerum.

2062 3522 2229 3580 Vens.
2261 3523 2352 3578 25.
2387 3541 2405 3572 ι
2446 3521 2512 3575 Ει
2566 3536 2886 3591 cognosces,
2929 3520 3128 3592 inquit,
3179 3529 3234 3579 et
3269 3522 3567 3592 intelliges.

1993 3620 2062 3674 ab
2096 3617 2250 3674 exitu
2283 3615 2580 3680 sermonis,
2614 3623 2675 3668 ut
2700 3613 3128 3685 respondeatur,
3180 3624 3233 3671 et
3268 3617 3570 3672 aediﬁcetur

1992 3707 2395 3778 Hierosolyma,
2428 3720 2605 3776 usque
2631 3704 2697 3759 ad
2732 3705 3013 3761 Christum
3051 3706 3246 3761 ducem
3278 3707 3573 3763 hebdoma-

1993 3801 2092 3858 des
2159 3811 2367 3870 septem
2432 3807 2487 3853 et
2549 3797 2922 3853 hebdomades
2990 3799 3273 3869 sexaginta
3344 3799 3495 3855 dum;
3546 3821 3565 3853 ι

1994 3895 2227 3962 Quidam
2287 3893 2584 3965 opinantur
2654 3891 2873 3945 initium
2940 3892 3362 3958 aediﬁcationis,
3425 3897 3574 3965 quod

1994 3987 2197 4042 factum
2225 3994 2336 4049 est,
2366 3992 2634 4054 regnante
2654 3984 2823 4053 Cyro,
2842 3983 3176 4054 principium
3210 4000 3334 4040 esse
3356 3989 3568 4042 numeri

1994 4073 2677 4141 ltebdomaduttt;quidam
2715 4080 2899 4126 autem
2939 4086 2968 4124 a
3013 4081 3169 4127 sexto
3225 4088 3372 4129 anno
3418 4078 3569 4144 regni

1995 4168 2139 4224 Darii
2236 4165 2526 4237 Hystaspis
2628 4178 2929 4219 munerare
3000 4164 3268 4234 incipiunt
3345 4185 3357 4221 :
3442 4176 3573 4221 tunc

1998 4257 2209 4330 1243
2234 4256 2377 4313 enim
2407 4253 2705 4310 aedificatio
2739 4254 2926 4325 templi
2985 4254 3232 4324 legitimo
3277 4257 3442 4312 modo
3475 4259 3571 4312 ab-

1993 4351 2176 4408 soluta
2213 4354 2319 4413 est,
2365 4342 2455 4399 cui
2497 4340 2742 4409 ﬁnitimi,
2800 4351 3024 4412 propter
3079 4342 3270 4398 odium
3317 4360 3446 4415 erga
3478 4345 3574 4401 Ju-

1993 4440 2159 4505 dteos,
2187 4447 2433 4507 tempore
2450 4432 2595 4504 quod
2621 4431 2939 4487 intercessit
2973 4432 3368 4504 impedimento
3398 4435 3569 4499 fuere,

303 4524 411 4577 καὶ
437 4524 740 4596 Καμϐύσου
772 4526 828 4579 δὲ
860 4526 957 4580 τοῦ
989 4525 1174 4597 Κύρου
1204 4528 1362 4591 υἰὲως
1408 4527 1514 4580 ὑπὸ
1562 4527 1767 4581 τούτων
1806 4527 1889 4592 ἐξα

1996 4544 2050 4590 et
2077 4530 2376 4600 Cambyses
2401 4525 2529 4598 Cyri
2554 4525 2698 4579 illius
2726 4524 2795 4579 ab
2842 4523 2980 4595 ipsis
3026 4525 3288 4597 deceptus
3316 4529 3571 4585 aedificari

307 4615 694 4685 απατηθέντος
735 4616 830 4670 καὶ
865 4617 965 4689 τὴν
1009 4617 1322 4689 οἰκοδομίαν
1348 4617 1707 4682 κωλύσαντος.
1752 4619 1892 4672 Ἀλλ’

303 4704 467 4759 οὐδὲν
494 4706 698 4761 τούτων
726 4707 837 4778 ἔχει
861 4710 920 4761 τὸ
945 4707 1166 4778 ἀληθές.
1198 4709 1421 4780 Πρῶτον
1443 4709 1540 4780 μὲν
1569 4710 1678 4782 γὰρ
1706 4709 1894 4765 πλειό-

305 4816 423 4852 νων
489 4801 627 4854 ἑτῶν
676 4802 930 4873 ἀριθμὸς,
979 4804 1034 4857 εἰ
1054 4820 1131 4868 τις
1183 4802 1432 4857 ἐντεῦθεν
1473 4804 1774 4875 ἀριθμῆσαι
1803 4805 1895 4860 θε-

305 4891 551 4960 λήσειεν,
578 4894 971 4965 εὑρεθήσεται*
1003 4894 1196 4950 ἔπειτα
1244 4896 1344 4950 οὐκ
1390 4895 1540 4949 ἔστιν
1578 4899 1758 4968 εὖρεῖν
1804 4899 1893 4952 ἐπ’

304 4983 480 5036 ἄλλου
532 4985 805 5055 ἒξάλειψιν
860 4988 1269 5059 ἁμαρτημάτων
1331 4989 1740 5060 γεγενημένην,
1800 4992 1895 5044 καὶ

307 5075 514 5145 ἄφεσιν
542 5078 916 5150 ἀδικημάτων,
962 5081 1058 5135 καὶ
1087 5080 1432 5151 δικαιοσύνης
1478 5082 1695 5136 αἰωνίου
1725 5083 1892 5147 δόσιν,

282 5168 414 5223 ’καὶ
460 5167 741 5241 πλήρωσιν
790 5171 901 5224 τῶν
935 5172 1289 5242 προφητικῶν
1336 5164 1769 5242 θεσπισμάτων,
1800 5175 1895 5227 καὶ

324 5258 518 5328 Ἀγίου
544 5261 715 5331 ἁγίων
748 5262 1005 5334 χρίσιν,ῆ
1036 5263 1128 5317 ἐπὶ
1157 5264 1318 5334 μόνου
1347 5261 1439 5317 τοῦ
1467 5265 1736 5321 Δεσπότου
1763 5265 1900 5336 Χριφ

1996 4621 2305 4697 prohibuit.
2351 4617 2459 4675 Sed
2507 4616 2648 4672 nihil
2693 4615 2890 4670 horum
2934 4632 3122 4672 verum
3167 4626 3272 4674 est.
3327 4617 3570 4683 Primum

1997 4717 2142 4774 enim
2168 4713 2408 4785 plurium
2442 4723 2712 4764 annorum
2745 4724 3030 4774 numerus,
3064 4709 3109 4764 si
3137 4710 3261 4779 quis
3294 4710 3420 4765 hinc
3470 4728 3573 4765 nu-

1998 4822 2213 4863 merare
2247 4804 2394 4871 velit,
2446 4803 2775 4872 reperietur.
2831 4799 3037 4856 Deinde
3085 4816 3194 4856 non
3253 4800 3378 4857 licet
3414 4803 3574 4858 nobis

1997 4900 2247 4956 invenire
2299 4896 2369 4951 ab
2396 4895 2509 4950 alio
2549 4900 2777 4965 peccata
2809 4890 3011 4958 deleta,
3044 4894 3280 4949 remissa
3339 4895 3570 4959 scelera,

2001 4994 2260 5049 donatam
2303 4987 2578 5059 justitiam
2624 4984 3036 5055 sempiternam,
3076 4984 3295 5057 impleta
3337 4990 3572 5060 prophe—

2000 5096 2184 5140 tarum
2252 5079 2498 5143 oracula,
2559 5091 2739 5146 neque
2795 5084 3022 5130 unctum
3085 5078 3256 5135 fuisse
3312 5078 3574 5136 Sanctum

2003 5181 2345 5234 sanctorum,
2383 5168 2587 5224 nisi-de
2621 5167 2741 5223 solo
2771 5164 2991 5223 Christo
3023 5169 3140 5225 base
3172 5153 3571 5242 intelligantur.

2008 5262 2165 5330 Quod
2194 5260 2238 5316 si
2262 5259 2378 5313 haec
2413 5258 2486 5312 ita
2511 5271 2572 5312 se
2611 5255 2833 5321 habent,
2886 5263 2940 5311 et
2984 5263 3340 5316 consentiunt
3360 5262 3469 5332 qui
3495 5261 3572 5316 ita

396 5427 420 5454 ι
453 5417 557 5474 lsa.
581 5433 692 5485 ιιι,
725 5420 745 5474 l
777 5437 792 5486 ;
825 5418 957 5476 Luc.
998 5437 1069 5486 tv,
1113 5419 1201 5475 18.
1279 5434 1303 5461 ι
1332 5420 1477 5506 Psal.
1510 5428 1661 5487 ruv,‘
1688 5421 1741 5475 8.
1821 5422 1848 5466 δ
1880 5421 2001 5478 Act.
2030 5435 2083 5482 χ,
2117 5418 2206 5474 38.

1585 5552 1819 5609 VARIAE
1857 5551 2267 5609 LECTIONES.
2324 5597 2329 5601 .

393 5642 637 5719 "ﬁagiv.
672 5645 794 5712 Des,
830 5649 884 5701 in
921 5647 978 5701 Β.
1054 5648 1115 5719 ⁸⁷ξ
1137 5648 1288 5703 Ἰουδ.
1385 5647 1675 5719 ρταιιιιηοί.
1751 5645 1798 5719 ‘_'
1991 5641 2128 5719 Pes.
2162 5642 2244 5719 _in
2265 5640 2324 5719 Β.
2400 5643 2445 5680 δ’
2477 5642 2550 5711 ἠγ

2557 5683 2592 5705 .,
2649 5660 2703 5695 κ.
2755 5659 2806 5693 τ.
2839 5639 2890 5694 λ.
2921 5639 3091 5694 Aliter
3122 5639 3157 5691 I.
3183 5654 3231 5690 ιι.
3260 5637 3360 5705 leg.
3441 5637 3484 5668 "
3517 5653 3567 5695 τ.

300 5712 512 5788 Δἀπηιιι
615 5707 960 5788 ροειᾲκορυφ.
991 5717 1232 5788 ponitur.
1310 5718 1356 5751 “
1385 5705 1552 5788 ἶρημί.
1759 5716 1814 5768 iu
1849 5705 2109 5788 B.'U“_B_
2152 5705 2538 5788 ἀνθρώπινονῗ
2560 5712 2636 5788 ,⁸³
2756 5709 3245 5783 προαγορευθέντα.
3322 5708 3365 5738 ⁸⁵
3399 5705 3573 5783 Βτόν,

317 5792 378 5837 et
407 5782 602 5840 deinde
615 5779 884 5857 ’ἀριθμόν.
917 5779 928 5787 ’
959 5779 1009 5821 ’δ
1037 5779 1286 5859 Δλόγου.
1364 5779 1415 5820 ’ί
1430 5779 1861 5856 Βόἰκοδομῆσαι.
1939 5785 1983 5817 ⁸⁷
2014 5783 2056 5834 Β
2086 5783 2119 5853 ἠ
2148 5779 2402 5834 τοῦναοῦ
2437 5783 2735 5853 οἰκοδομία.
