4092 6404
320 382 457 447 ῙίῖἸ

1520 388 1595 449 [Ν
1642 384 1999 450 DANIELIS
2037 386 2193 449 CAP.
2238 387 2341 449 IX.

3435 384 3569 453 14ῖό

315 494 418 563 τῆς
450 486 678 555 πόλεως,
711 487 814 552 ’ἐως
844 488 1070 560 Δαρείου
1106 490 1199 544 τοῦ
1230 492 1526 564 Ἀράμου,
1558 496 1616 549 ὃν
1655 496 1894 564 Ἀλέξαν·

2013 495 2068 547 ad
2099 494 2291 549 Caium
2318 493 2523 549 Iulium
2554 492 2848 559 Caesarem,
2900 492 3138 565 primum
3184 493 3570 566 imperatorem

313 585 448 652 δρος
471 585 500 635 ὁ
537 580 805 636 Μακεδὼν
837 581 1042 635 ἀνελὼν
1072 584 1173 653 τὴν
1213 583 1321 637 τῶν
1367 587 1593 658 Περσῶν
1636 589 1898 642 κατέλυσε

319 674 620 746 βασιλείαν,
652 671 748 741 ἔτη
780 672 896 725 ἐστὶ
921 673 1155 744 τέτταρα
1186 675 1278 727 καὶ
1309 676 1440 730 δέκα
1467 680 1601 750 πρὸς
1629 683 1739 742 τοῖς
1774 681 1900 733 ἑκα-

313 766 441 820 τόνο
477 764 587 819 ἀπὸ
619 764 677 817 δὲ
710 764 870 817 ἕκτου
903 763 1056 828 ἔτους
1097 766 1467 838 Ἀλεξάνδρου,
1514 773 1571 823 ἐν
1603 764 1647 839 ᾧ
1680 775 1901 843 Δαρεῖος

314 854 588 927 ἀνῃρέθη,
619 853 723 915 ἕως
753 854 910 906 Γαΐου
930 853 1145 907 Ἰουλίου
1173 857 1471 928 Καίσαρος,
1502 860 1901 932 αὐτοκράτορος

317 946 545 1018 πρώτου
580 945 903 1015 Ῥωμαίων,
954 945 1046 1015 ἔτη
1093 946 1164 1000 τὰ
1211 949 1384 1002 πάντα
1435 952 1532 1021 τῆς
1579 953 1902 1007 Μακεδόνων

319 1036 605 1106 βασιλείας
629 1035 875 1089 διακόσια
907 1036 1232 1107 ὀγδοήκοντα
1262 1038 1356 1092 δύο
1381 1057 1393 1070 ·
1427 1042 1536 1095 ἀπὸ
1580 1043 1636 1096 δὲ
1668 1044 1769 1114 τῆς
1804 1045 1903 1116 ἁρ-

318 1129 434 1198 χῆς
490 1128 706 1181 Ἰουλίου
751 1129 1029 1200 Καίσαρος
1059 1130 1164 1193 ἓως
1213 1133 1698 1188 πεντεκαιδεκάτου
1751 1135 1904 1197 ἔτους

321 1219 582 1289 Τιϐερίου
629 1218 930 1289 Καίσαρος,
992 1221 1155 1290 ἡνίκα
1208 1223 1463 1295 Ἰωάννης
1505 1227 1543 1294 id
1592 1226 1901 1298 Βαπτιστὴς

315 1310 458 1382 ἦ).οε
488 1311 632 1381 παρὰ
658 1312 748 1364 τὸν
784 1311 1054 1383 Ἰορδάνην
1091 1314 1383 1384 κηρύσσων
1419 1314 1702 1388 βάπτισμα
1735 1335 1903 1387 μετα-

318 1406 498 1467 νοίας,
523 1404 617 1457 καὶ
665 1402 831 1473 βοῶν·
870 1424 889 1455 ι
917 1404 1016 1458 Ἴδε
1063 1405 1091 1457 ὁ
1139 1405 1311 1475 ἀμνὸς
1350 1405 1444 1460 τοῦ
1474 1408 1628 1475 Θεοῦ,
1653 1410 1681 1463 ὁ
1736 1408 1904 1480 αῐρων

319 1497 429 1566 τὴν
473 1496 747 1567 ἁμαρτίαν
769 1495 864 1549 τοῦ
915 1496 1142 1565 κόσμου,
1169 1517 1189 1549 ι
1218 1496 1313 1568 ἔτη
1348 1500 1465 1552 ἐστὶ
1537 1500 1904 1572 ἑϐδομήκοντα

320 1588 473 1659 τρία,
507 1585 695 1640 Ταῦτα
759 1588 895 1658 ὁμοῦ
917 1588 964 1619 ⁸⁸
1005 1589 1352 1659 συναγόμενα
1407 1596 1550 1645 ποιεῖ
1607 1595 1743 1647 ἐτῶν
1786 1595 1906 1666 ἀρι-

322 1680 466 1749 θμὸν
516 1680 881 1751 τετρακοσίων
933 1681 1195 1752 ἑξήκοντα
1243 1683 1338 1736 καὶ
1390 1684 1588 1739 ὲννέα·
1621 1685 1793 1740 ταῦτα
1847 1687 1905 1740 δὲ

338 1772 608 1843 Ἐὅραῖκά
638 1771 730 1842 ἔτη
759 1774 904 1825 ποιεῖ
934 1774 1260 1842 τετρακόσια
1282 1775 1607 1847 ὁγδοήκοντα
1632 1778 1759 1850 τρία
1782 1794 1795 1807 ο
1816 1797 1906 1832 ,το-

326 1838 506 1917 σαῦτα
535 1863 591 1916 δὲ
628 1838 875 1917 ποιοῦσιν
908 1866 964 1917 αἱ
998 1838 1137 1918 ἐνττά
1167 1867 1263 1920 καὶ
1309 1838 1569 1939 έξήκοντα
1615 1838 1707 1922 δάο
1753 1869 1902 1923 ὲϐδο-
1933 1838 1981 1898 Β

330 1956 519 2026 μάδες.
558 1954 767 2008 Εἱδέναι
799 1954 906 2026 γὰρ
934 1955 1060 2026 χρὴ,
1101 1957 1176 2020 ὡς
1212 1958 1476 2029 Ἑϐραῖοι,
1505 1959 1646 2013 κατὰ
1688 1960 1781 2015 τὸν
1808 1964 1906 2033 τῆς

330 2050 565 2121 σελήνης
608 2050 808 2120 δρόμον
860 2050 1220 2122 ἀριθμοῦντες
1273 2053 1365 2106 τὸν
1405 2053 1670 2119 ἐνιαυτὸν,
1716 2055 1908 2109 ἕνδεκα

329 2145 545 2218 ἡμέρας
586 2146 849 2216 περιττὰς
879 2147 1291 2215 ἀποφαίνουσιν,
1322 2147 1388 2214 ἃς
1417 2150 1514 2204 καὶ
1557 2152 1716 2221 ἡμεῖς
1745 2154 1909 2223 ἐμϐο-

328 2238 525 2309 λίμους
556 2236 857 2308 καλοῦμεν⁸
888 2239 915 2290 ό
945 2238 1054 2307 γάρ
1077 2238 1176 2309 τῆς
1225 2239 1452 2311 σελήνης
1485 2241 1685 2312 δρόμος
1726 2244 1783 2296 ἐν
1827 2244 1907 2298 εἷ-

331 2346 490 2384 κοσιν
536 2329 692 2383 ἐννέα
726 2329 960 2400 ἡμέραις
1007 2330 1101 2383 καὶ
1147 2329 1319 2403 ὥραις
1357 2332 1415 2399 ἓξ
1469 2334 1906 2406 συμπληροῦται.

332 2420 496 2474 Οὕτω
527 2421 583 2474 δὲ
612 2419 972 2492 ἀριθμοῦντες
1000 2423 1330 2493 τριακοσίων
1366 2424 1457 2477 καὶ
1490 2425 1536 2457 ⁸⁵
1567 2428 1909 2496 πεντήκοντα

336 2512 437 2567 καὶ
465 2511 744 2593 τεσσάρων
766 2512 988 2583 ἡμερῶν
1022 2511 1234 2566 ποιοῦσι
1263 2513 1358 2567 τὸν
1385 2517 1653 2570 ἐνιαυτόν.
1690 2519 1908 2590 Ἐπειδὴ

338 2601 517 2654 τοίνυν
542 2603 570 2654 ὁ
604 2602 760 2669 ἅγιος
795 2602 1130 2672 ἀρχάγγελος
1159 2602 1236 2673 τῷ
1272 2606 1530 2678 μακαρίῳ
1558 2608 1757 2679 Δανιὴλ
1785 2608 1907 2661 δια-

347 2693 637 2763 λεγόμενος
667 2693 824 2763 ἀνδρὶ
868 2692 1124 2765 Ἑϐραίῳ,
1160 2695 1253 2748 καί
1302 2696 1569 2751 διδάσκων
1599 2699 1759 2751 αὑτὸν
1792 2701 1912 2770 ἀρι-

336 2786 473 2855 θμὸν
500 2784 609 2838 τῶν
640 2785 799 2852 ἐτῶν,
830 2785 924 2838 τὸν
958 2787 1161 2859 συνήθη
1208 2788 1425 2852 πάντως
1451 2789 1634 2857 ἔλεγεν
1658 2790 1910 2862 ἀριθμὸν,

332 2877 650 2947 ἀναγκαίως
691 2878 1005 2949 προσθεῖναι
1052 2879 1133 2932 δεί⁹
1174 2878 1240 2933 τά
1275 2880 1383 2934 ἀπὸ
1435 2879 1543 2934 τῶν
1600 2881 1912 2952 ἐμϐολίμων

333 2967 681 3039 συναγόμενα
738 2968 832 3037 έτη
858 2986 872 2999 ·
911 2968 1116 3024 τούτων
1168 2972 1276 3043 γὰρ
1327 2971 1790 3043 προστιθεμένων,
1845 2972 1914 3026 τά

330 3056 462 3128 τρία
488 3058 583 3111 καὶ
604 3057 935 3129 ὀγδοήκοντα
965 3059 1100 3130 πρὸς
1130 3061 1241 3125 τοῖς
1269 3061 1645 3131 τετρακοσίοις
1676 3060 1912 3133 εὑρεθή-

2000 587 2398 654 Romanorum,
2460 589 2589 643 anni
2636 604 2829 645 munes
2864 590 3014 660 regni
3054 588 3413 645 Macedonum
3467 589 3571 645 du-

2000 682 2444 749 centioctuginta
2487 680 2597 734 duo
2624 698 2638 736 :
2664 689 2721 735 et
2750 682 2821 736 ab
2877 681 3111 751 imperio
3144 678 3275 734 Julii
3333 678 3579 736 Caesaris

2004 788 2176 843 usque
2232 772 2299 827 ad
2358 772 2631 828 decimum
2707 774 2961 843 quintum
3045 773 3253 828 Tiberii
3312 774 3578 837 Caesaris,

2002 864 2223 936 quando
2258 863 2503 920 Joannes
2539 865 2783 936 Baptista
2822 867 2973 920 venit
3013 865 3080 919 ad
3104 864 3399 921 Iordanem
3433 881 3575 935 prsea

2002 954 2196 1009 dicans
2256 955 2592 1024 baptismum
2663 956 3029 1025 poenitentiae,
3082 964 3129 1011 et
3195 958 3570 1012 exclamans:

2010 1064 2027 1096 ι
2064 1043 2203 1101 Ecce
2248 1060 2423 1115 agnus
2456 1044 2550 1100 Dei
2634 1046 2726 1117 qui
2778 1046 2916 1099 tollit
2959 1055 3185 1116 peccata
3237 1046 3426 1101 mundi
3456 1049 3504 1110 ε,
3548 1064 3569 1097 ι
3662 1050 3665 1053 ’

2005 1136 2131 1190 anni
2169 1137 2523 1192 intercedunt.
2551 1138 2908 1207 septuaginta
2942 1147 3075 1201 tres,
3109 1139 3201 1208 qui
3252 1140 3416 1193 simul
3462 1140 3577 1192 col-

2004 1229 2131 1284 lecti
2159 1226 2695 1299 quadringentorum
2747 1228 3032 1297 sexaginta
3062 1242 3252 1281 novem
3290 1243 3574 1283 numerum

2006 1321 2307 1376 coniiciunt
2332 1339 2345 1374 :
2371 1329 2426 1375 et
2451 1321 2503 1373 hi
2536 1318 2835 1375 chraicos
2867 1334 3046 1374 annos
3069 1318 3281 1373 faciunt
3311 1319 3578 1389 quadrin-

2005 1413 2238 1485 gentos'
2290 1411 2574 1481 octoginta
2651 1420 2800 1474 tres,
2858 1410 3201 1480 totidemque
3275 1411 3580 1464 coniiciunt

2006 1511 2213 1573 septem
2253 1511 2305 1555 et
2339 1501 2622 1571 sexaginta
2674 1501 2798 1555 dum
2834 1500 3230 1556 hebdomadas.
3281 1499 3579 1555 Sciendum

2008 1602 2093 1649 est
2155 1595 2300 1648 enim
2324 1592 2584 1648 Hebraeos
2611 1592 2915 1647 secundum
2960 1593 3102 1646 lunae
3133 1607 3358 1646 cursum
3389 1607 3582 1647 nume-

2007 1694 2195 1741 rantes
2251 1701 2482 1750 annum,
2540 1685 2795 1739 undecim
2856 1685 2974 1740 dics
3032 1685 3235 1740 habere
3296 1685 3579 1754 reliquos,

2009 1791 2151 1847 quos
2190 1778 2353 1830 etiam
2399 1790 2500 1829 nos
2535 1774 2899 1829 intercalares
2929 1789 3194 1829 vocamus
3224 1792 3236 1827 :
3268 1789 3392 1828 nam
3440 1764 3587 1828 nm

2010 1883 2214 1923 cursus
2261 1866 2454 1936 viginti
2482 1880 2678 1920 novem
2703 1865 2898 1920 diebus
2932 1880 2996 1920 ac
3028 1881 3123 1921 sex
3162 1865 3316 1920 horis
3356 1865 3583 1920 confici-

2010 1973 2119 2018 tur.
2154 1960 2249 2014 Sic
2287 1969 2470 2013 autem
2531 1966 2910 2018 numerantes,
2973 1967 3343 2014 trecentorum
3411 1961 3581 2027 quin-

2008 2053 2274 2122 quaginta
2331 2057 2573 2119 quatuor
2608 2048 2825 2102 dierum
2883 2048 3126 2103 efﬁciunt
3174 2066 3399 2105 annum.
3444 2050 3580 2105 Cum

2010 2145 2197 2213 itaque
2249 2126 2480 2195 sanctus
2527 2139 2912 2209 archangelus,
2965 2156 3089 2195 cum
3151 2141 3312 2196 beato
3364 2141 3585 2197 Danicle

2009 2236 2131 2291 viro
2163 2232 2395 2289 Hebraeo
2435 2233 2780 2302 colloquens,
2835 2232 3123 2302 ipsumque
3162 2234 3373 2290 ducens
3415 2250 3591 2290 anno-7

2010 2344 2133 2384 rum
2164 2341 2476 2389 numerum,
2504 2326 2770 2379 usitatum
2795 2325 3021 2378 omnino
3047 2325 3246 2379 dixerit
3269 2341 3591 2389 numerum,

2013 2417 2673 2477 convenienter-addendi
2717 2424 2847 2471 sunt
2877 2419 3006 2471 anni
3034 2417 3132 2480 ilii,
3165 2420 3256 2488 qui
3291 2433 3355 2472 ex
3411 2420 3585 2474 inter-

2013 2513 2291 2569 calaribus
2327 2512 2689 2581 colliguntur,
2724 2509 2929 2578 quibus
2961 2508 3165 2565 additis
3191 2519 3300 2566 tres
3332 2519 3385 2566 et
3429 2521 3588 2567 octo-

2013 2603 2165 2672 ginta
2194 2616 2361 2672 supra
2389 2599 2824 2669 quadringentos
2855 2600 3196 2667 reperientur
3231 2599 3444 2671 125,6
3492 2615 3591 2653 an-

2014 2693 2109 2747 ni:
2145 2693 2491 2761 totidemque
2536 2690 2884 2744 constituunt
2927 2698 3136 2757 septem
3201 2698 3254 2743 et
3305 2692 3588 2760 sexaginta

2014 2784 2137 2839 dua:
2164 2783 2555 2839 hebdomades.
2584 2782 2734 2848 Quas
2760 2781 2978 2852 quidem
3011 2797 3118 2835 non
3155 2790 3358 2836 temere
3378 2784 3589 2848 divisit,

2015 2877 2111 2933 sed
2154 2885 2216 2931 ut
2260 2875 2626 2946 quarumdam
2687 2890 2871 2929 rerum
2907 2873 3368 2945 prmsigniﬁcaret
3406 2883 3593 2929 mnta-

2015 2972 2216 3027 tiones.
2266 2967 2404 3023 Nam
2440 2969 2511 3022 ab
2545 2966 2915 3023 :editicatione
2960 2966 3138 3037 ipsius
3183 2967 3592 3039 Hierosolymae,

2018 3075 2139 3130 quae
2164 3058 2401 3114 Neemiae
2432 3064 2488 3114 et
2538 3057 2727 3113 Esdra:
2774 3066 3021 3127 tempore
3075 3056 3221 3113 facta
3271 3067 3374 3124 est,
3418 3074 3597 3129 usque

333 3164 490 3202 σεται
521 3148 616 3220 ἔτη
639 3160 663 3181 ο⁶
685 3149 923 3203 τοσαῦτα
954 3149 1011 3204 δὲ
1045 3151 1367 3221 συνάγουσιν
1400 3153 1456 3206 αἱ
1488 3153 1629 3206 ἐπτά
1667 3154 1759 3208 καὶ
1794 3152 1913 3226 ἑξή-

2020 3151 2087 3206 ad
2117 3149 2449 3222 Hyrcanum.
2474 3149 2731 3205 ultimum
2781 3164 2846 3205 ex
2892 3149 3237 3206 Asamonaeis
3285 3150 3595 3221 principem

333 3257 504 3295 κοντα
553 3240 648 3294 δύο
694 3240 1007 3312 ἐϐδομάδες.
1039 3243 1213 3297 Διεῖλε
1259 3243 1317 3297 δὲ
1369 3245 1536 3309 αὐτάς
1582 3245 1680 3316 οὐχ
1706 3245 1914 3312 ἁπλῶς,

334 3333 475 3388 ἀλλὰ
528 3333 872 3405 πραγμάτων
926 3335 1082 3389 ἐνίων
1140 3335 1532 3407 προσημαίνων
1591 3337 1913 3408 μεταϐολάς.

348 3423 484 3479 Ἀπὸ
510 3424 621 3495 γάρ
645 3424 746 3495 τῆς
769 3424 1077 3495 οἰκοδομίας
1098 3425 1197 3497 τῆς
1235 3427 1609 3497 Ἰερουσαλὴμ,
1640 3427 1674 3498 ἣ
1703 3414 1919 3497 ἐγένετο

335 3517 433 3569 ἐπὶ
460 3515 698 3586 Νεεμίου
728 3515 824 3568 καὶ⁵
858 3516 1111 3586 Ἐσδρου,
1145 3516 1338 3587 μέχρις
1384 3516 1652 3587 Ὑρκανοῦ
1685 3518 1780 3572 τοῦ
1826 3536 1918 3572 τε-

336 3609 589 3662 λευταίου
629 3611 693 3661 ἐκ
724 3607 834 3661 τῶν
866 3607 1241 3678 Ἀσαμοναίων
1269 3609 1593 3679 ἀρχιερέως,
1618 3609 1676 3663 ὃν
1709 3611 1917 3665 ἀνεῖλεν

350 3700 617 3771 Ἡρώδης,
635 3701 664 3752 ὁ
690 3699 798 3753 τῶν
824 3699 918 3753 δύο
942 3700 1036 3752 καὶ
1065 3697 1326 3771 ἑξήκοντα
1357 3701 1662 3773 ἑϐδομάδων
1690 3703 1922 3775 ἀριθμὸς

343 3790 764 3861 συμπληροῦται
797 3807 812 3822 ·
842 3792 951 3845 ἀπὸ
978 3790 1034 3845 δὲ
1077 3791 1178 3863 τῆς
1228 3792 1438 3847 ἐκείνου
1477 3795 1713 3864 σφαγῆς,
1760 3795 1921 3868 μέχρι

343 3884 445 3952 τῆς
480 3883 573 3935 τοῦ
607 3883 859 3956 Σωτῆρος
888 3882 1043 3954 ἡμῶν
1100 3884 1440 3952 ἐπιφανείας,
1479 3886 1573 3938 καὶ
1619 3887 1718 3956 τῆς
1775 3889 1854 3951 είς
1874 3889 1922 3927 ⁸ο

344 3973 445 4027 τὸν
488 3975 755 4046 Ἰορδάνην
786 3976 1048 4045 ἀφίξεως,
1097 3977 1154 4028 αἱ
1202 3975 1388 4027 λοιπαὶ
1443 3976 1586 4030 ἑπτά
1631 3976 1923 4049 ἐϐδομάδες

342 4067 407 4120 τὸ
432 4066 584 4130 τέλος
612 4066 996 4137 λαμϐάνουσιν.
1035 4068 1123 4121 Ἐν
1155 4066 1210 4119 δὲ
1244 4065 1416 4137 τούτῳ
1447 4066 1525 4136 τῷ
1553 4068 1750 4138 χρόνῳ,
1785 4069 1923 4139 μετά

339 4159 444 4229 τὴν
482 4158 773 4228 Ὑρκανοῦ,
801 4161 964 4228 φημὶ,
996 4158 1294 4230 ἀναίρεσιν,
1335 4159 1496 4229 μέχρι
1529 4158 1628 4228 τῆς
1678 4158 1772 4213 τοῦ
1805 4160 1922 4212 Σω-

340 4254 510 4323 τῆρος
540 4251 697 4322 ἡμῶν
736 4251 1075 4320 ἐπιφανείας,
1114 4251 1444 4322 παρανόμως
1490 4250 1676 4304 λοιπὸν
1715 4252 1764 4304 οἱ
1824 4252 1925 4323 ἀρ-

343 4344 547 4414 χιερεῖς
582 4341 841 4410 ἐγίνοντο.
863 4341 968 4395 Τοῦ
1000 4341 1109 4411 γάρ
1137 4342 1301 4413 νόμου
1329 4339 1642 4404 κελεύοντος
1675 4340 1764 4393 διά
1806 4339 1922 4411 βίου

340 4431 471 4495 τοὺς
501 4431 794 4503 ἀρχιερέας
824 4430 1127 4502 ἱερατεύειν
1141 4432 1210 4494 ⁸⁷,
1234 4431 1333 4485 καὶ
1370 4430 1506 4502 μετὰ
1527 4430 1626 4502 τὴν
1667 4431 1925 4504 τελευτὴν

2020 3242 2418 3306 sacerdotum,
2478 3256 2641 3310 quem
2702 3240 2903 3296 occidit
2933 3238 3205 3303 Herodes,
3264 3242 3501 3297 duarum
3542 3252 3602 3297 et

2020 3331 2305 3402 sexaginta
2358 3328 2766 3384 bebdomadum
2823 3345 3094 3386 numerus
3115 3329 3366 3400 expletur
3401 3339 3498 3385 :et
3525 3332 3599 3399 ab

2019 3422 2168 3479 illius
2204 3422 2428 3477 interitu
2456 3436 2630 3492 usque
2666 3421 2733 3474 ad
2766 3428 2988 3490 tempus
3014 3419 3170 3485 illud,
3192 3435 3303 3490 quo
3340 3419 3601 3474 Salvator

2018 3519 2212 3567 noster
2243 3510 2312 3565 ad
2347 3508 2643 3566 Iordanem
2695 3508 2966 3564 accedens
3027 3506 3309 3578 apparuit,
3372 3508 3600 3575 reliquae

2021 3611 2229 3675 septem
2277 3602 2641 3674 perﬁciuntur
2687 3598 3092 3656 hebdomades.
3124 3600 3302 3669 Atque
3343 3598 3446 3652 hoc
3478 3598 3599 3667 ipso

2022 3708 2291 3766 tempore,
2320 3706 2443 3766 post
2482 3694 2717 3766 Hyrcani
2748 3677 2974 3757 easdem,
3026 3692 3277 3763 inquam,
3325 3705 3505 3760 usque
3534 3689 3601 3745 ad

2024 3798 2244 3860 tempus
2287 3787 2426 3843 illud
2490 3802 2602 3858 quo
2643 3774 2900 3840 Salvator
2929 3790 3118 3839 noster
3150 3782 3432 3853 apparuit,
3465 3796 3605 3836 con-

2026 3890 2112 3937 tra
2136 3882 2309 3946 legem
2366 3879 2630 3950 deinceps
2684 3876 3038 3933 sacerdotum
3105 3873 3388 3944 principes
3442 3887 3603 3928 crea-

2025 3975 2251 4029 bantur.
2294 3972 2431 4027 Cut‘n
2460 3972 2607 4026 enim
2641 3970 2732 4026 lex
2776 3969 3021 4039 juberet,
3059 3975 3119 4021 ut
3178 3965 3460 4035 principes
3511 3979 3604 4019 sa-

2025 4065 2312 4121 cerdotum
2342 4077 2437 4132 per
2469 4075 2687 4115 omnem
2717 4061 2884 4115 vitam
2938 4054 3253 4112 sacerdotio
3299 4054 3602 4123 fungeren-

2029 4169 2140 4223 tur,
2175 4162 2383 4225 etpost
2430 4153 2643 4208 obitum
2701 4163 3061 4219 successores
3116 4147 3455 4216 acciperent,
3499 4144 3608 4201 lle-

2026 4247 2214 4312 rodes,
2245 4253 2302 4302 et
2340 4254 2466 4316 pust
2501 4242 2652 4296 illum
2702 4239 2964 4304 Romani,
2999 4236 3323 4308 pontificatu
3358 4235 3609 4290 maximo

2026 4340 2207 4397 venali
2245 4338 2416 4403 facto,
2451 4342 2709 4390 auctores
2747 4339 2907 4387 erant
2931 4339 2993 4385 ut
3031 4329 3243 4385 crebra:
3288 4328 3605 4384 successio-

2027 4447 2128 4488 nes
2186 4430 2400 4495 tierent,
2432 4438 2486 4483 et
2537 4425 2810 4498 quosdam
2862 4423 3050 4489 etiam,
3088 4422 3182 4491 qui
3211 4436 3242 4476 e
3273 4418 3605 4476 sacerdotali

341 4522 472 4584 τοὺς
503 4521 780 4592 διαδόχους
797 4519 1402 4593 λαμϐάνειν,Ἠρὼδης,
1433 4521 1527 4575 καὶ
1553 4522 1603 4574 οί
1637 4523 1752 4592 μετ’
1783 4523 1913 4576 ἐκεῖ·

2032 4538 2233 4597 genere
2283 4520 2512 4576 minime
2562 4527 2719 4575 erant
2769 4515 3015 4581 oriundi,
3058 4513 3411 4570 sacerdotum
3450 4511 3605 4580 prin-

344 4631 438 4668 νον
458 4615 506 4648 ⁸⁸
547 4613 832 4685 Ῥωμαῖοι,
869 4614 1086 4685 ὠνητὰς
1112 4613 1213 4676 τὰς
1240 4613 1654 4685 ἀρχιερωσύνας
1692 4614 1913 4687 ποιησὼ

2027 4619 2180 4687 cipes
2206 4613 2538 4684 deligebam.
2574 4609 2743 4680 quue
2771 4608 2982 4665 docens
3031 4604 3324 4674 Iosephus.
3360 4602 3610 4672 scriptor

349 4722 524 4776 μενοι,
554 4706 755 4776 συχνὰς
778 4704 958 4758 αὐτῶν
990 4703 1267 4758 ἐποιοῦντο
1299 4703 1547 4774 διαδοχάς
1565 4704 1608 4738 ⁸⁸
1630 4722 1644 4735 ·
1667 4705 1842 4770 ἐνίους
1871 4705 1913 4759 δὲ

2029 4708 2316 4766 Hebraeus.
2350 4705 2431 4760 sic
2476 4703 2633 4757 aith:
2671 4722 2691 4753 ι
2738 4699 2984 4756 Herodes
3024 4706 3210 4752 autem
3261 4712 3292 4750 a
3338 4693 3609 4749 Romanis

345 4797 470 4850 οὐδὲ
501 4799 566 4851 ὲκ
594 4797 688 4852 τοῦ
731 4798 1009 4869 ἱερατικοῦ
1060 4796 1252 4866 γένους
1294 4797 1706 4868 καταγομένους
1740 4799 1913 4870 ἀρχιε-

2030 4807 2259 4870 accepto
2292 4810 2483 4866 regno,
2533 4810 2641 4849 non
2696 4793 2936 4863 amplius
2981 4805 3078 4845 eos
3103 4789 3194 4859 qui
3231 4788 3300 4842 ab
3329 4787 3606 4841 Asamone

349 4888 480 4960 ρέας
511 4889 966 4960 προεχειρίζοντο.
997 4890 1107 4943 Καὶ
1143 4888 1300 4942 τοῦτο
1324 4888 1593 4943 διδάσκων
1624 4888 1913 4960 Ίώσηπποέ

2028 4906 2204 4965 genus
2270 4887 2539 4942 ducerent
2587 4885 2646 4955 (ii
2699 4891 2883 4938 autem
2927 4890 3105 4943 erant,
3159 4878 3252 4949 qui
3310 4876 3607 4933 Machaba‘i

346 4983 379 5035 ὁ
421 4981 667 5051 Ἐϐραῖος
699 4984 1046 5053 συγγραφεὺς
1072 4981 1214 5036 οὕτω
1260 4982 1424 5053 φησί’
1464 5001 1481 5032 ι
1513 4981 1623 5053 Τὴν
1649 4980 1913 5053 βασιλείαη

2036 4978 2422 5049 vocabantur).
2463 4975 2818 5035 sacerdotum
2852 4971 3135 5042 principes
3161 4969 3472 5031 constituit,
3507 4965 3609 5022 scd

361 5071 606 5142 Ἡρώδης
650 5075 802 5146 παρὰ
839 5070 1121 5143 Ῥωμαίων
1150 5073 1533 5145 ἐγχειρισθεὶς,
1563 5074 1748 5127 οὐκέτι
1803 5073 1913 5137 τοὺς

2037 5070 2307 5142 quosdam
2349 5067 2575 5138 ignobili
2610 5066 2733 5119 ioco
2776 5074 2958 5124 natos,
2995 5062 3087 5130 qui
3125 5067 3338 5114 tantum
3388 5074 3452 5113 ex
3500 5056 3604 5113 Hc-

348 5167 418 5218 ὲκ
451 5166 542 5218 τοῦ
584 5167 952 5237 Ἀσαμωναίου
983 5168 1175 5236 γένους
1200 5162 1365 5235 (οὗτοι
1400 5166 1456 5219 δὲ
1486 5161 1626 5236 ἦσαν
1653 5167 1705 5219 οἱ
1736 5166 1901 5220 καλοῦ

2040 5162 2206 5221 bra2is
2240 5167 2423 5215 erant.
2466 5176 2485 5211 ι
2521 5156 2586 5212 Et
2612 5155 2776 5225 paulo
2816 5162 2941 5224 post
2978 5167 3173 5208 rursus
3226 5155 3301 5206 ita
3332 5150 3450 5205 ait:
3488 5167 3508 5201 ι
3546 5148 3615 5203 Et

354 5273 509 5327 μενοι
547 5259 918 5323 Μακκαϐαῖοι)
958 5257 1278 5328 καθίστησιν
1310 5257 1625 5328 ἀρχιερέας,
1675 5256 1810 5311 ἀλλά
1848 5274 1913 5311 τι·

2042 5257 2291 5312 imitatus
2332 5262 2416 5307 est
2449 5247 2719 5304 Herodem
2757 5247 2810 5300 in
2857 5244 3116 5301 creandis
3148 5242 3383 5298 summis
3430 5239 3611 5311 ponti—

352 5365 441 5402 σιν
489 5349 721 5421 ἀσήμοις
777 5352 873 5405 καὶ
921 5351 1078 5421 μόνον
1110 5350 1167 5417 ἐξ
1209 5348 1541 5421 ἘϐραίωνΜ
1570 5344 1710 5404 οὖσι.
1743 5367 1762 5403 ι
1820 5351 1913 5404 Ka‘

2043 5334 2237 5404 ticibus
2271 5345 2589 5401 Iudaeorum
2638 5339 2948 5395 Archelaus
3000 5336 3123 5408 ejus
3176 5336 3321 5392 ﬁlius
3344 5374 3363 5401 ,
3395 5342 3450 5388 et
3484 5337 3613 5402 post

429 5493 455 5535 8
483 5482 646 5541 Ioan.
679 5502 719 5551 ι,
753 5486 843 5541 29.
924 5487 951 5526 δ
977 5484 1202 5555 Ioseph.
1228 5484 1409 5555 Antiq.
1448 5482 1578 5537 Iud.
1616 5484 1655 5538 Ι.
1694 5500 1786 5547 xx,
1829 5500 1879 5540 c.
1912 5486 1967 5543 8.

1643 5593 1876 5647 VARI/li
1917 5591 2319 5650 LECTIONES.

428 5716 475 5748 ⁸⁸
495 5718 586 5785 ὀμ.
626 5715 669 5767 Β
698 5715 777 5770 δέ.
800 5784 815 5785 7
852 5715 898 5748 ⁸⁸
927 5711 1041 5767 καί.
1074 5713 1199 5785 Des.
1230 5713 1285 5765 in
1318 5709 1377 5762 li.
1428 5780 1439 5785 ᾳ
1467 5709 1643 5785 ⁸⁸-εἱς.
1674 5712 1711 5763 Β
1744 5715 1909 5785 παρά.
2018 5714 2062 5749 ⁸⁷
2102 5712 2139 5765 Β
2170 5709 2421 5782 ἱερεύειν.
2499 5705 2543 5738 ⁸³
2573 5703 2617 5759 Β
2641 5704 2877 5758 ἐκείνου.
2955 5702 3000 5733 ⁸⁹
3038 5700 3077 5751 Β
3111 5691 3325 5748 ἒπῦίουν
3347 5688 3445 5752 τὰς
3470 5686 3609 5742 ala-5o

348 5792 400 5826 ³ο
449 5779 774 5858 Ἐϐρ.Δριιᾱ
791 5784 1110 5854 Iosephum,
1138 5784 1174 5836 Ι.
1206 5798 1281 5848 c.,
1312 5788 1396 5835 est
1428 5779 1637 5850 ἱερέων.
