4092 6468
431 407 566 473 1483

1406 403 1893 464 THEODORETI
1929 401 2271 461 EPISCOPI
2306 404 2674 463 CYRENSIS

3567 409 3712 478 1481

429 531 618 581 custos
666 518 964 581 assidebat,
1020 517 1194 586 gratia
1229 517 1555 582 recesserit,-
1587 525 1640 571 et
1695 515 2012 569 communia

2121 533 2276 584 γονεν
2309 517 2448 584 ὑπὲρ
2479 517 2574 570 τοῦ
2608 519 2813 588 κόσμου
2851 518 3054 581 παντὸς
3094 518 3190 589 τῆς
3225 520 3412 584 θυσίας
3445 541 3712 593 προσενε-

433 619 524 670 illa
557 616 696 669 facta
729 613 862 676 sint,
894 611 958 665 ad
995 625 1114 680 qua:
1151 608 1362 678 pridem
1397 608 1500 662 soli
1546 607 1786 677 principi
1824 620 2011 659 sacer-

432 713 621 768 dotmn
662 707 845 761 aditus
906 703 1141 774 patebat.
1199 700 1313 754 lloc
1375 709 1560 755 autem
1601 699 1856 768 contigit,
1887 712 2012 751 cum

433 781 764 857 sacriﬁcium
803 779 913 866 pro
967 795 1229 848 universo
1289 793 1500 848 mundo
1564 801 1713 847 esset
1744 792 2011 844 oblatum.

432 893 586 960 Quod
613 892 657 945 si
685 890 810 959 quis
835 889 1001 943 etiam
1028 896 1250 957 tempus
1272 886 1489 940 discere
1513 888 1722 954 cupiat.
1741 900 1807 938 ex
1839 883 2014 936 Evan-

434 985 574 1054 gelio
602 979 835 1036 Joannis
881 988 1273 1049 cognoscatur.
1317 978 1456 1032 Cum
1493 979 1638 1032 enim
1691 989 1868 1030 annos
1906 975 2015 1028 cir-

429 1077 572 1130 citer
599 1084 710 1129 tres
738 1089 864 1127 cum
895 1071 1124 1126 dimidio
1151 1070 1514 1142 prazdicasset
1548 1069 1837 1128 Dominus,
1888 1083 2014 1121 san-

432 1167 657 1236 ctosque
689 1178 822 1220 suos
853 1157 1158 1232 discipulos
1195 1161 1448 1217 doctrina
1476 1169 1532 1216 et
1564 1161 1845 1215 miraculis
1880 1175 2015 1213 cnn-

431 1257 728 1320 lirmassel,
767 1264 898 1308 tunc
933 1268 1130 1322 passus
1170 1261 1279 1315 est,
1341 1268 1404 1307 ac
1463 1261 1588 1323 post
1653 1267 1897 1317 crucem,
1962 1260 2016 1305 et

430 1356 686 1407 mortem.
721 1354 775 1400 et
806 1344 1301 1406 resurrectionem,
1326 1353 1378 1398 et
1408 1343 1473 1396 ad
1504 1345 1675 1398 emlos
1699 1359 2012 1407 ascensum,

432 1445 488 1495 et
525 1433 864 1494 Sanctissimi
908 1431 1149 1503 Spiritus
1180 1433 1473 1487 adventum
1499 1471 1513 1494 ,
1548 1433 1818 1501 reliquum
1880 1432 2014 1486 heb-

434 1529 688 1585 domadis
719 1536 934 1598 tempus
965 1525 1142 1580 sancti
1180 1525 1414 1594 apostoli
1445 1522 1839 1595 Hierosolymis
1873 1539 2010 1594 prae-

432 1624 681 1678 dicantes
741 1629 795 1675 et
857 1619 1123 1672 miracula
1178 1616 1428 1680 edentes,
1483 1615 1673 1669 multis
1729 1616 2011 1670 hominum

436 1714 680 1768 millibus
733 1711 800 1766 ad
851 1710 1217 1780 evangelicam
1276 1708 1582 1762 doctrinam
1635 1707 1844 1769 ductis,
1878 1706 2011 1760 Novi

437 1805 774 1863 Tcstamcnti
801 1820 1000 1858 munus
1031 1801 1321 1871 impertiti,
1343 1808 1403 1854 ut
1427 1801 1766 1856 sanctissimi
1794 1815 2014 1870 quoque

433 1897 784 1968 baptismatis
812 1895 1038 1965 gratiam
1059 1901 1536 1962 consequerentur
1557 1899 1817 1946 auctores
1840 1891 2012 1946 fuere.

435 1991 660 2054 Deinde,
690 2003 813 2043 eum
845 1985 1016 2040 Judaei
1050 1986 1104 2040 in
1139 1996 1393 2039 sanctum
1443 1983 1784 2054 Stephanum
1847 1984 2014 2052 impia

422 2081 520 2135 illa
577 2082 822 2135 facinora
877 2079 995 2132 ausi
1059 2075 1311 2138 fuissent,
1380 2075 1578 2144 reliqui
1636 2075 1861 2144 quidem
1920 2089 2016 2144 per

440 2167 646 2245 1251
679 2171 877 2240 oppida
906 2168 1110 2222 ludam
1149 2168 1402 2236 dissipati
1445 2177 1594 2227 sunt.
1657 2166 1767 2220 divi
1832 2173 2012 2218 autem

431 2265 666 2335 apostoli
703 2263 868 2316 breve
928 2269 1145 2328 tempus
1209 2258 1604 2329 Hierosolymis
1663 2255 2013 2319 commorati,

435 2356 739 2411 Samariam
778 2363 832 2408 et
881 2353 1204 2418 Carsaream,
1248 2350 1491 2420 Lyddam
1539 2357 1594 2404 et
1641 2347 1869 2420 Joppcm
1917 2349 2014 2403 oh—

430 2456 649 2508 eunles,
685 2444 942 2497 omnibus
977 2441 1299 2495 hominibus
1335 2438 1529 2493 afferre
1587 2439 1854 2493 salutaria
1918 2438 2015 2492 de-

431 2547 586 2592 creta
622 2535 980 2590 festinabant.
1012 2519 1387 2597 Quamobrem
1433 2531 1594 2584 dirus
1646 2529 2014 2601 archangelus

433 2631 591 2685 beato
621 2626 862 2680 Danieli:
895 2643 913 2676 ι
949 2622 1333 2686 Conﬁrmabit,
1363 2623 1560 2692 inquit,
1598 2621 2011 2676 Testamentum

432 2718 621 2775 multis
659 2717 958 2772 hebdomas
1029 2730 1158 2774 una,
1215 2733 1232 2764 ι
1287 2724 1530 2783 tempore
1594 2723 1721 2768 ante
1785 2729 2011 2768 crucem

435 2810 672 2872 Domini,
725 2817 778 2862 et
814 2822 926 2877 quo
984 2807 1162 2860 sancti
1226 2804 1460 2874 apostoli
1520 2815 1640 2874 post
1706 2803 2015 2858 Salvatoris

435 2902 896 2957 resurrectionem
957 2896 1355 2967 Hierosolymis
1425 2896 1784 2958 docuerunt,
1848 2895 2014 2949 simul

433 3002 675 3065 sumpto.
737 2990 878 3045 Tum
937 2987 1191 3044 bifariam
1249 2987 1441 3042 dividit
1491 2987 1926 3052 hebdomadem,
1962 2994 2017 3041 et

435 3090 547 3142 ait:
587 3106 605 3137 ι
646 3083 709 3139 Et
749 3084 802 3136 in
838 3081 1069 3134 dimidio
1107 3080 1465 3136 hebdomadis
1499 3079 1790 3136 auferetur
1841 3079 2016 3133 sacri-

439 3185 622 3236 ﬁcium
654 3187 707 3231 et
731 3179 968 3230 libamen
1004 3193 1016 3231 :
1054 3195 1072 3228 ι
1130 3174 1314 3229 oblato
1343 3175 1487 3229 enim
1546 3190 1680 3229 vero
1709 3173 2010 3240 sacriﬁcio,
2041 3208 2082 3265 C

435 3272 598 3326 ﬁnem
629 3266 852 3321 habebit
883 3265 1074 3319 umbra
1105 3265 1260 3336 legis.
1308 3264 1392 3319 Ad
1442 3264 1560 3320 htec
1590 3266 1668 3317 ait
1702 3281 1716 3318 :
1773 3282 1792 3314 ι
1833 3261 2013 3331 Super

435 3365 698 3434 templum
742 3360 1077 3416 abominatio
1122 3358 1508 3414 desolationis.
1569 3375 1589 3409 ι
1630 3355 1861 3425 Propter
1909 3355 2012 3410 hoc

433 3458 600 3519 enim,
635 3454 834 3524 inquit,
865 3451 1220 3518 sacriﬁcium,
1255 3465 1365 3506 non
1398 3451 1579 3506 solum
1628 3446 1765 3501 illud
1803 3445 2015 3501 sacriﬁ-

431 3551 578 3606 cium
613 3547 851 3611 deﬁciet,
905 3543 998 3601 sed
1059 3545 1226 3600 etiam
1287 3539 1619 3597 abominatia
1667 3536 2014 3592 desolationis

436 3656 600 3712 super
631 3638 892 3706 templum
943 3635 1191 3702 dabitur,
1223 3635 1329 3689 hoc
1364 3641 1472 3698 est,
1518 3631 1655 3686 illud
1689 3629 1818 3685 olim
1850 3644 2014 3684 vene-

434 3731 664 3786 randum
700 3736 753 3783 et
785 3727 1048 3782 horribile
1074 3725 1386 3797 (templum)
1435 3724 1663 3778 omnino
1696 3720 2008 3777 deseretur.

432 3828 656 3897 Signum
685 3831 865 3876 autem
897 3818 1247 3874 desolationis
1278 3823 1444 3871 erunt
1472 3814 1740 3883 imagines
1763 3814 2011 3883 quaedam

431 3914 642 3983 legibus
678 3911 981 3966 interdicta:
1023 3909 1077 3962 in
1118 3908 1300 3977 ipsum
1355 3905 1535 3960 illatae.
1599 3902 1760 3971 Quod
1803 3903 2013 3962 Pilatus

434 4003 585 4066 fecit,
618 4004 709 4073 qui
751 4011 916 4056 noctu
942 4001 997 4054 in
1029 4013 1250 4054 sacrum
1292 3995 1385 4052 Dei
1425 3996 1686 4066 templum
1743 3996 2012 4068 imagines

433 4097 824 4168 imperatorum
859 4099 1055 4149 contra
1101 4087 1348 4143 divinam
1406 4088 1580 4159 legem
1632 4088 1838 4143 intulit.
1897 4087 2014 4144 Hoc

432 4190 560 4245 item
597 4188 860 4241 Dominus
897 4184 952 4237 in
1007 4182 1228 4237 sacris'
1277 4178 1590 4252 Evangeliis
1639 4182 1848 4236 sanctis
1894 4181 2012 4237 suis

432 4280 720 4351 discipulis
745 4275 1033 4350 praedixit:
1065 4293 1083 4326 ι
1112 4274 1246 4330 Cum
1271 4273 1521 4328 videritis
1550 4275 2010 4331 abominationem

433 4372 810 4435 desolationis.
867 4382 990 4440 qua:
1038 4365 1182 4423 dicta
1239 4374 1325 4423 est
1373 4382 1400 4419 a
1447 4365 1670 4422 Daniele
1715 4369 2007 4438 propheta,

439 4466 759 4540 cognoscite
789 4462 1235 4534 appropinquare
1259 4459 1652 4516 desolationem
1677 4460 1822 4531 ejus.
1857 4463 2013 4516 Tunc

2118 609 2360 679 χθείσης.
2399 611 2460 662 Εἰ
2488 610 2543 663 δέ
2569 627 2652 673 τις
2681 611 2773 664 καὶ
2807 611 2896 664 τὸ]
2922 612 3114 682 χρόνον
3145 614 3483 684 καταμαθεῖν
3505 618 3550 649 ’³
3578 619 3708 672 ἐθέ-

2118 700 2218 759 λει,
2274 702 2338 753 ὲκ
2389 702 2482 754 τοῦ
2523 703 2666 756 κατά
2712 703 2968 774 Ἰωάννην
3007 705 3339 774 Εὑαγγελίου
3377 707 3704 778 μαθήσεται.

2129 793 2217 854 Ὠς
2244 795 2371 863 περὶ
2398 794 2466 846 τὰ
2495 795 2623 866 τρία
2651 795 2743 866 ἔτη
2767 796 2812 829 ²¹⁵
2835 797 2930 849 καὶ
2951 797 3123 867 ἥμισυ
3144 797 3388 868 κηρύξας
3415 800 3443 852 ὁ
3475 801 3706 872 Κύριος,

2119 887 2212 938 καὶ
2247 887 2374 948 τοὺς
2403 886 2594 954 ἁγίους
2631 887 2795 940 αὐτοῦ
2839 887 3086 958 μαθητὰς
3131 891 3196 959 τῇ
3243 889 3564 962 διδασκαλίᾳ
3605 893 3708 946 καὶ

2117 979 2230 1039 τοῖς
2255 977 2498 1048 θαύμασι
2539 978 2876 1049 βεϐαιώσας,
2925 980 3045 1034 τότε
3091 983 3151 1035 τὸ
3194 982 3366 1046 πάθος
3403 984 3706 1053 ὑπέμεινε·

2123 1071 2264 1139 μετὰ
2291 1071 2347 1124 δὲ
2377 1071 2468 1124 τὸν
2496 1072 2729 1142 σταυρὸν
2761 1073 2855 1125 καὶ
2881 1073 2974 1126 τὸν
3009 1073 3240 1126 θάνατον
3259 1114 3272 1136 ,
3323 1076 3415 1128 καὶ
3442 1075 3543 1146 τὴν
3569 1078 3711 1130 ἀνά-

2121 1180 2330 1224 στασιν,
2377 1166 2471 1218 καὶ
2495 1166 2594 1235 τὴν
2621 1167 2701 1226 είς
2726 1167 2992 1235 οὐρανοὺς
3018 1165 3307 1228 ἀνάϐασιν,
3352 1167 3444 1219 καὶ
3480 1168 3579 1238 τήν
3607 1168 3709 1220 tofi

2119 1255 2276 1322 ἁγίου
2319 1255 2637 1325 ῐῐνεύματος
2668 1256 3036 1326 ὲπιφοίτησιν,
3074 1257 3167 1310 τὸν
3203 1257 3389 1310 λοιπὸν
3429 1257 3529 1325 τῆς
3562 1258 3712 1310 ἑϐδο-

2123 1350 2287 1417 μάδος
2321 1349 2513 1418 χρόνον
2540 1349 2589 1401 οί
2623 1349 2768 1414 ἅγιοι
2793 1349 2837 1379 ³³
2883 1347 3172 1400 ἀπόστολοι
3207 1349 3266 1400 ἐν
3306 1349 3710 1420 Ἰεροσολύμοις

2118 1441 2481 1513 κηρύττοντές
2529 1458 2588 1493 τε
2636 1441 2731 1494 καὶ
2778 1439 3359 1511 θαυματουργοῦντες,
3398 1441 3598 1503 πολλάς
3643 1458 3708 1492 τε

2118 1532 2421 1604 ἀνθρώπων
2446 1532 2693 1603 χιλιάδας
2722 1534 2804 1596 εἰς
2837 1532 2937 1601 τήν
2967 1531 3331 1603 εὐαγγελικὴν
3359 1531 3707 1601 ποδηγήσανο

2117 1641 2208 1686 τες
2234 1623 2605 1681 διδασκαλίαν.
2628 1625 2725 1693 τῆς
2747 1623 2893 1686 Νέας
2917 1621 3195 1693 Διαθήκης
3219 1623 3460 1692 ἠξίωσαν
3487 1624 3580 1675 καὶ
3602 1625 3706 1692 τῆς

2116 1716 2211 1768 τοῦ
2236 1715 2503 1784 παναγίου
2526 1715 2898 1785 βαπτίσματος
2915 1714 3138 1785 χάριτος
3154 1718 3336 1784 τυχεῖν
3365 1714 3708 1786 παρεσκεύα-

2120 1825 2238 1861 σαν.
2269 1803 2400 1860 Εἶτα
2432 1806 2539 1859 τῶν
2579 1806 2720 1860 κατά
2751 1806 2842 1859 τὸν
2884 1808 3038 1874 ἅγιον
3061 1809 3106 1838 ’⁸
3157 1807 3428 1874 Στέφανον
3463 1806 3566 1858 ὑπὸ
3594 1807 3708 1859 τῶν

2130 1899 2401 1953 Ἰουδαίων
2447 1899 2847 1970 τολμηθὲν-ξων,
2895 1899 3272 1970 διεσπάρησαν
3321 1899 3418 1968 μὲν
3457 1899 3506 1951 oi
3554 1899 3706 1952 ἄλλον.

2119 1989 2260 2043 κατά
2287 1988 2384 2052 τὰς
2410 1988 2593 2052 πόλεις
2625 1989 2726 2058 τῆς
2777 1988 3058 2051 Ἰουδαίας,
3090 1988 3139 2040 oi
3169 1988 3225 2040 δὲ
3251 1987 3384 2040 θεῖοι
3414 1987 3707 2040 ἀπόστολοι

2121 2080 2355 2150 σμικρὸν
2398 2080 2456 2131 έν
2505 2078 2899 2149 Ἰεροσολύμοις
2940 2079 3322 2149 διατρίψαντες
3361 2079 3575 2149 χρόνον,
3623 2081 3707 2140 εἰς

2117 2172 2216 2243 τὴν
2271 2171 2587 2242 Σαμάρειαν
2648 2170 2741 2224 καὶ
2800 2171 3162 2242 Καισάρειαν,
3225 2170 3433 2223 Λύδδαν
3495 2187 3556 2222 τε
3607 2171 3707 2222 καὶ

2130 2265 2372 2335 Ἰώππην
2403 2263 2728 2336 περιιόντες,
2776 2264 2981 2317 ἆπασιν
3015 2261 3324 2332 ἀνθρώποις
3359 2261 3427 2315 τὰ
3458 2263 3704 2332 σωτήρια

2117 2358 2363 2430 δόγματα
2390 2357 2722 2428 προσφέρειν
2740 2355 3048 2426 ἠπείγοντο.
3086 2355 3289 2408 Τούτου
3324 2355 3483 2424 χάριν
3510 2357 3537 2407 ό
3558 2355 3705 2417 θεῖος

2119 2450 2462 2522 ἀρχάγγελος
2503 2449 2580 2518 τῷ
2623 2448 2880 2519 μακαρίῳ
2919 2449 3052 2518 φησὶ
3081 2447 3297 2517 Δανιὴλ,
3341 2447 3422 2498 ὄτι
3475 2463 3492 2494 ι
3531 2449 3706 2498 Δυνα-

2123 2538 2293 2610 μώσει
2320 2539 2586 2608 διαθήκην
2616 2537 2830 2599 πολλοῖς
2875 2535 3110 2605 έϐδομάς
3144 2535 3263 2605 μία,
3303 2554 3322 2585 ι
3362 2535 3455 2587 τόν
3495 2552 3553 2586 τε
3595 2537 3705 2604 πρδ

2117 2631 2214 2684 τοῦ
2240 2628 2474 2700 σταυροῦ
2517 2628 2610 2681 τοῦ
2660 2628 2868 2698 Κυρίου
2919 2627 3134 2696 χρόνον,
3167 2625 3379 2678 καὶτὸν
3427 2625 3564 2694 μετά
3604 2623 3703 2693 τήν

2119 2724 2414 2778 ἀνάστασιν
2457 2719 2552 2774 τοῦ
2603 2719 2856 2791 Σωτῆρος
2907 2718 3015 2770 τῶν
3069 2718 3242 2785 ἁγίων
3276 2717 3590 2770 ἀποστόλων
3639 2719 3701 2768 ἐν

2131 2811 2523 2882 Ἰεροσολύμοις
2550 2809 2900 2862 διδασκαλίαν
2931 2808 3073 2860 κατά
3118 2809 3314 2862 ταύτὸν
3350 2807 3698 2876 συναγαγών.

2119 2901 2254 2957 Εἶτα
2292 2903 2491 2972 διαιρεῖ
2523 2901 2645 2970 διχά
2665 2902 2710 2933 ³⁷
2741 2899 2840 2970 τὴν
2870 2899 3161 2969 ἑϐδομάδα,
3196 2901 3288 2954 καί
3321 2917 3488 2972 φησιο
3530 2919 3546 2950 ι
3592 2902 3702 2953 Καὶ

2121 2999 2177 3049 ἐν
2217 2995 2294 3064 τῷ
2343 2995 2530 3064 ἡμίσει
2563 2994 2664 3064 τῆς
2708 2994 3001 3062 ἑϐδομάδος
3047 2994 3347 3064 ἀρθήσεται
3399 2994 3563 3048 θυσία
3603 2999 3699 3049 xtl

2121 3087 2343 3154 σπονδή·
2382 3105 2399 3136 ⁸
2433 3085 2544 3155 Τῆς
2574 3084 2684 3155 γὰρ
2713 3084 2974 3155 ἀληθινῆς
3001 3086 3455 3156 προσφερομένης
3487 3087 3695 3151 θυσίας,

2120 3179 2272 3240 τέλος
2301 3177 2535 3248 λήψεται
2566 3178 2599 3247 ή
2636 3175 2731 3229 τοῦ
2780 3176 2947 3245 νόμου
3001 3177 3150 3232 σκιά.
3207 3178 3318 3231 Καὶ
3357 3179 3451 3231 ἐπὶ
3492 3178 3700 3241 τούτοις

2121 3270 2285 3341 φησίν
2308 3287 2320 3300 ο
2363 3289 2382 3322 ι
2437 3270 2563 3324 Ἐπὶ
2593 3269 2654 3323 τὸ
2686 3270 2833 3341 ἱερὸν
2869 3269 3148 3339 βδέλυγμα
3183 3271 3278 3340 τῆς
3309 3268 3641 3340 ἐρημώσεως
3674 3291 3692 3319 ι

2119 3363 2220 3416 Διά
2251 3363 2456 3432 ταύτην
2489 3361 2622 3433 γάρ,
2664 3363 2818 3431 φησὶ,
2863 3365 2959 3432 τήν
2991 3361 3184 3415 θυσίαν
3225 3361 3285 3414 οὐ
3322 3361 3482 3431 μόνον
3513 3362 3692 3430 ἐκείνη

2119 3458 2155 3525 ἡ
2188 3455 2349 3508 θυσία
2377 3453 2734 3523 παυθήσεται,
2755 3453 2890 3506 ἀλλά
2915 3453 3011 3505 καὶ
3027 3452 3336 3521 βδέλυγμα
3363 3449 3471 3518 τῆς
3495 3453 3540 3484 ’⁸
3566 3454 3698 3521 ἐρη-

2116 3547 2365 3616 μώσεως
2405 3543 2498 3596 ὲπὶ
2523 3543 2584 3596 τὸ
2619 3543 2761 3614 ἱερὸν
2790 3543 3094 3613 δοθήσεται,
3137 3542 3404 3607 τουτέστι,
3440 3544 3501 3596 τὺ
3530 3544 3694 3597 πάλαι

2121 3633 2320 3691 σεπτὸν
2372 3637 2466 3690 καὶ
2525 3635 2796 3706 φρικῶδες
2845 3635 3050 3706 ἔρημον
3102 3636 3533 3706 ἀναφανήσεται.
3585 3639 3697 3703 Ση-

2123 3729 2292 3797 μεῖον
2328 3728 2384 3781 δὲ
2425 3726 2534 3795 τῆς
2561 3727 2808 3795 ἐρημίας
2843 3727 3136 3796 γενήσεται
3170 3727 3375 3790 εἰκόνες
3408 3727 3550 3790 τινὲς
3603 3728 3701 3780 ἀπ-

2122 3820 2490 3893 ηγορευμέναι
2533 3819 2610 3890 τῷ
2657 3818 2809 3890 νόμῳ
2862 3820 2945 3883 εἰς
2981 3819 3172 3872 τοῦτον
3227 3819 3697 3890 είσκομιζόμεναι.

2119 3913 2290 3968 Τοῦτο
2335 3913 2392 3966 δὲ
2447 3911 2716 3982 πεποίηκε
2764 3911 2996 3976 Πιλάτος
3029 3911 3244 3983 νύκτωρ
3286 3913 3368 3974 είς
3413 3911 3506 3964 τὸν
3553 3910 3697 3964 θεῖον

2119 4003 2257 4059 νεὼν
2289 4004 2387 4064 τὰς
2425 4003 2714 4073 βασιλικάς
2736 4004 2780 4035 ’⁸
2817 4003 3140 4074 εἰσκομίσας
3181 4003 3399 4065 εἰκόνας
3433 4003 3585 4071 παρά
3611 4004 3700 4055 τὸν

2121 4095 2261 4150 θεῖον
2289 4097 2469 4166 νόμον.
2520 4093 2693 4147 Τοῦτο
2720 4094 2777 4147 δὲ
2813 4095 2906 4148 καὶ
2950 4096 2979 4146 ό
3029 4093 3231 4165 Κύριος
3275 4095 3334 4147 ὲν
3375 4097 3489 4158 τοῖς
3536 4095 3700 4164 ἱεροῖς

2121 4186 2476 4254 Εὐαγγελίοις
2509 4187 2620 4246 τοῖς
2661 4183 2838 4252 άγίοις
2882 4184 3046 4238 αὑτοῦ
3081 4184 3347 4254 προέλεγε
3392 4183 3696 4255 μαθηταῖς

2126 4298 2145 4333 ι
2173 4282 2344 4333 Ὅταν
2379 4278 2524 4348 ἴδητε
2555 4277 2618 4329 τὸ
2655 4276 2930 4347 βδέλυγμα
2962 4276 3064 4345 τῆς
3091 4276 3426 4347 ἐρημώσεως
3456 4275 3517 4329 τὸ
3548 4278 3699 4347 εἰρη-

2123 4372 2285 4441 μένον
2309 4369 2354 4401 ³⁰
2406 4367 2495 4422 διὰ
2525 4368 2725 4438 Δανιὴλ
2766 4367 2862 4422 τοῦ
2903 4367 3207 4438 προφήτου,
3257 4365 3571 4436 γινώσκετε,
3618 4368 3699 4420 ὅτι

2121 4463 2352 4532 ήγγικεν
2396 4463 2427 4530 ἡ
2476 4461 2758 4530 ἐρήμωσις
2790 4459 2982 4529 αὐτῆς.
3017 4458 3151 4511 Τότε
3184 4459 3234 4513 oi
3265 4461 3322 4512 έν
3352 4460 3416 4529 τῇ
3469 4459 3700 4530 Ἰουδαία

433 4560 527 4630 qui
582 4559 637 4614 in
693 4557 880 4612 Judaea
937 4561 1067 4610 sunt
1125 4553 1338 4622 fugiant
1393 4551 1458 4604 ad
1507 4561 1762 4617 montes,
1819 4562 1875 4608 et
1917 4552 2012 4621 qui

2122 4554 2470 4622 φευγέτωσαν
2515 4553 2596 4614 είς
2623 4551 2691 4604 τά
2720 4549 2854 4621 ὅρη,
2908 4549 3066 4602 xui.“
3113 4550 3142 4602 ό
3177 4549 3272 4602 ἐπὶ
3312 4547 3404 4603 τοῦ
3451 4549 3699 4619 δώματος

435 4655 488 4707 in
533 4659 678 4707 tecto
711 4659 796 4704 est
825 4663 936 4702 non
980 4643 1281 4699 descendat
1319 4642 1531 4713 1252
1577 4644 1771 4698 tollere
1805 4642 2012 4712 aliquid

433 4747 508 4821 de
530 4744 694 4799 domo
722 4755 821 4796 sua
848 4748 909 4791 -.
949 4757 968 4789 ι
1006 4736 1133 4790 Haec
1165 4743 1346 4790 autem
1395 4736 1650 4799 dicebat,
1697 4742 1756 4789 ut
1807 4734 2016 4804 signiﬁ-

433 4845 628 4900 caret,
694 4848 858 4904 quam
921 4827 1204 4884 celerrime
1258 4827 1824 4896 appropinquatnrum
1893 4838 2016 4878 esse

435 4932 678 5000 ipsorum
705 4922 1006 4984 excidium,
1052 4934 1161 4991 quo
1191 4918 1445 4974 funditus
1517 4925 1703 4972 essent
1764 4915 2012 4982 perituri.

435 5023 503 5076 Et
527 5019 688 5090 paulo
721 5023 848 5070 ante
900 5012 1015 5066 ait:
1053 5029 1071 5062 ι
1134 5007 1548 5077 Hierosolyma,
1611 5005 2011 5076 Hierosolyma,

435 5125 556 5178 quae
585 5103 794 5160 occidis
831 5102 1150 5173 prophetas,
1176 5106 1230 5152 et
1253 5095 1467 5167 lapidas
1499 5110 1618 5158 eos,
1644 5095 1738 5165 qui
1765 5095 1832 5149 ad
1864 5097 2013 5152 illam

437 5200 589 5254 missi
637 5203 787 5260 sunt,
819 5195 1038 5264 quoties
1093 5189 1241 5244 volui
1277 5202 1617 5259 congregare
1674 5187 1816 5242 ﬁlios
1861 5197 2012 5254 tuos,

435 5287 895 5361 quemadmodum
923 5283 1126 5356 gallina
1171 5287 1469 5352 congregat
1496 5280 1681 5351 pullos
1721 5295 1855 5336 suos
1909 5281 2015 5335 sub

510 5437 548 5464 πι
576 5422 768 5477 Matth.
805 5437 952 5486 εχιτ,
993 5417 1186 5482 15-Π;
1219 5418 1346 5473 coll.
1374 5417 1509 5473 Luc.
1539 5433 1651 5480 ut,
1676 5416 1766 5480 20,
1799 5417 1890 5471 2|.

2127 4645 2201 4714 μὴ
2231 4643 2525 4712 καταϐήτω
2545 4643 2590 4674 ³⁸
2629 4638 2759 4712 ἀραί
2801 4659 2852 4693 τι
2885 4640 2994 4694 ἀπὸ
3014 4640 3060 4672 ³⁸
3100 4641 3200 4711 τῆς
3235 4640 3411 4704 οἰκίας
3447 4641 3635 4694 αὑτοῦ.
3675 4659 3694 4693 ι

2123 4732 2312 4787 Ταῦτα
2344 4733 2400 4784 δὲ
2443 4731 2599 4799 ἔλεγε
2648 4730 2928 4801 σημαίνων
2958 4730 3018 4783 τὸ
3045 4731 3211 4799 τάχος
3245 4731 3345 4800 τῆς
3389 4729 3699 4800 καταληψο.

2127 4827 2297 4896 μένης
2332 4823 2528 4887 αὐτοὺς
2555 4823 2951 4894 πανωλεθρίας.
2991 4823 3099 4876 Καὶ
3130 4822 3323 4892 μικρὸν
3351 4823 3405 4876 δὲ
3437 4823 3543 4894 πρὸ
3572 4823 3698 4876 τού-

2124 4933 2233 4970 των
2267 4915 2431 4986 φησίν
2452 4935 2464 4946 ·
2505 4935 2523 4968 ι
2565 4914 2940 4985 Ἰερουσαλὴμ,
2981 4914 3357 4985 Ἰερουσαλὴμ,
3385 4917 3418 4985 ή
3444 4915 3697 4968 ἀποκτείο

2122 5025 2290 5063 νουσα
2347 5008 2474 5071 τοὺς
2531 5010 2835 5078 προφήτας,
2884 5009 2980 5061 καὶ
3024 5007 3376 5061 λιθοϐολοῦσα
3425 5010 3552 5072 τοὺς
3595 5011 3701 5062 ἀπ-

2121 5099 2488 5171 εσταλμένους
2523 5097 2658 5169 πρὸς
2698 5099 2892 5169 αὐτὴν,
2929 5099 3162 5163 ποσάκις
3204 5099 3446 5170 ἠθέλησα
3481 5101 3701 5153 ἐπισυν-

2121 5195 2346 5261 αγαγεῖν
2373 5192 2439 5246 τὰ
2463 5192 2628 5246 τέκνα
2655 5209 2747 5246 σου
2791 5193 2850 5246 ὂν
2877 5193 3078 5263 τρόπον
3107 5192 3255 5264 ὅρνις
3283 5193 3599 5262 ἐπισυνάγει
3633 5193 3702 5246 τά

2121 5285 2308 5338 νοσσία
2339 5285 2543 5356 ἑαυτῆς
2591 5285 2698 5339 ὑπὸ
2741 5287 2835 5347 τὰς
2881 5284 3182 5356 πτέρυγας,
3232 5284 3329 5338 καὶ
3370 5287 3470 5340 οὐκ
3499 5285 3697 5356 ἠθελή-

1697 5533 1926 5592 VARUE
1967 5534 2258 5591 LECTION
2266 5537 2366 5592 ES.

509 5660 554 5690 ³³
584 5677 703 5712 κατ.
737 5657 780 5710 Β
811 5671 995 5725 przcm.
1027 5653 1288 5725 ἀκριϐῶς.

437 5727 479 5760 ’⁷
519 5731 557 5780 Β
585 5730 727 5798 διχῆ.
813 5723 868 5757 V“
914 5723 1034 5798 τῆς.
1063 5723 1188 5798 D_es_.
1219 5725 1270 5798 i_n
1299 5726 1365 5776 Β.

997 5743 1034 5784 _:.
1063 5723 1184 5793 Des.
1219 5725 1270 5776 in
1299 5726 1365 5776 Β.
1460 5730 1502 5757 ’δ
1524 5723 1576 5776 Β
1611 5723 1934 5793 βασιλείους.

440 5792 835 5851 καταϐαινέτω.
924 5792 1123 5848 “timo.
1157 5793 1194 5845 Β
1225 5795 1308 5846 ἐκ.

1363 5655 1407 5687 ²¹⁶
1443 5655 1556 5725 ἔτη,
1601 5653 1659 5707 In
1693 5655 1734 5706 Β
1781 5663 1899 5720 post
1933 5652 2101 5722 ἥμισυ
2155 5655 2392 5722 ponitur.
2470 5656 2515 5684 ’⁵
2549 5652 2641 5719 ἆγ.
2695 5651 2736 5703 Β
2775 5652 3053 5725 μακάριοι.
3129 5654 3176 5685 ²⁶
3210 5653 3300 5720 ἀγ.
3337 5653 3378 5704 Β
3407 5654 3695 5723 μακάριον.

1363 5764 1365 5774 .
1460 5730 1502 5757 ’δ
1535 5727 1576 5776 Β
1611 5723 1934 5793 βασιλείους.
2033 5724 2074 5753 ³ο
2101 5727 2203 5793 εξρ.
2240 5722 2383 5779 Loco
2413 5725 2508 5777 cit.
2539 5731 2619 5777 est
2669 5722 2852 5793 ῥηθέν.
2967 5725 3006 5755 ³¹
3037 5723 3148 5777 καί.
3186 5723 3303 5778 [)es.
3343 5724 3396 5777 in
3430 5723 3490 5778 Β.
3585 5724 3627 5754 ³⁸
3660 5725 3695 5775 ii

2101 5741 2203 5794 ειρ.
2241 5738 2383 5779 Loco
2413 5738 2508 5777 Cll.
2539 5738 2619 5777 ρει
2669 5738 2852 5793 ρηυεν.

2967 5725 3006 5755 ³¹
3037 5723 3148 5777 καί.
3186 5723 3303 5778 [)es.
3343 5724 3396 5777 in
3430 5723 3490 5778 Β.
3585 5724 3627 5754 ³⁸
3660 5725 3699 5775 Β
