4092 6462
504 431 655 497 ’1489

1741 432 1824 493 ΙΝ
1844 431 2225 498 .DANlELlS
2264 431 2423 490 CAP.
2467 432 2534 491 Χ.

3632 416 3775 481 Μθθ

514 521 721 592 θυμιῶν
747 520 847 575 οὒκ
869 520 1093 591 ἔφαγον,
1124 522 1215 575 καὶ
1245 521 1409 593 κρέας
1445 521 1539 575 καὶ
1561 516 1701 586 οἶνος
1723 524 1824 575 οὐκ
1851 522 2080 593 εἰσῆλθεη

2200 520 2409 574 riorum
2439 535 2550 573 non
2585 517 2822 580 comedi,
2853 523 2905 571 et
2936 530 3089 581 caro,
3125 522 3177 569 et
3207 513 3393 568 viuum
3419 526 3529 566 non
3565 509 3778 564 introiit

514 613 594 676 εἰς
624 612 687 666 τὸ
718 612 895 684 στόμα
930 631 1052 684 μου,
1087 614 1183 666 καὶ
1211 612 1455 685 ἄλειμμα
1482 614 1584 667 οὐκ
1613 613 1944 685 ὴλειψὰμην,
1988 613 2095 676 ἓως

513 702 680 774 τριῶν
709 704 1023 775 ἑϐδομάδων
1048 706 1153 775 ήμε
1165 704 1292 776 ρῶν.
1325 722 1343 754 ι
1395 704 1715 772 ’Λναγκαίον
1741 705 1971 775 ζητῆσαι
1995 706 2093 775 τὴν

510 793 602 846 τοῦ
633 793 863 857 πένθους
892 796 1071 849 αἰτίαν
1095 812 1109 825 ο
1148 795 1374 864 ἀσαφῶς
1399 796 1508 867 γὰρ
1534 796 1701 867 αὐτὴν
1728 797 1762 868 ἡ
1788 795 2094 868 προφητεία

510 885 775 939 διδάσκει.
816 885 1040 956 Πρῶτον
1079 886 1176 955 μὲν
1216 887 1326 958 γὰρ
1367 886 1486 939 οὐδὲ
1518 887 1832 940 ὲπέκειτό⁸³
1859 904 1939 950 τις
1974 886 2096 940 ἁθυο

511 975 640 1043 μίας
693 977 957 1048 ἀφορμή·
1014 978 1042 1030 ὃ
1084 995 1143 1030 τε
1188 981 1300 1049 γὰρ
1345 977 1599 1049 βασιλεὺς
1647 978 1853 1050 ἥμερός
1891 996 1950 1031 τε
2000 982 2095 1033 καὶ

508 1069 911 1142 φιλάνθρωπα,
943 1069 1037 1123 καὶ
1061 1070 1128 1124 τὰ
1154 1070 1276 1127 θεῖα
1304 1070 1507 1141 τιμῶν,
1532 1070 1629 1131 καὶ
1651 1069 1746 1124 τοῦ
1769 1070 1966 1141 Δανιὴλ
1995 1072 2093 1143 τὴν

504 1159 688 1226 φιλίαν
750 1159 879 1231 περὶ
945 1158 1141 1215 πολλοῦ
1230 1158 1548 1230 ποιούμενος
1576 1200 1591 1224 ,
1660 1161 1757 1213 καὶ
1822 1161 1940 1223 ὅλος
1968 1162 2014 1191 ⁵⁸
2067 1162 2093 1213 ὁ

504 1248 631 1315 λαὸς
661 1250 888 1323 εἰρήνης
917 1249 1117 1315 πολλῆς
1146 1249 1233 1304 διὰ
1258 1252 1356 1321 τὴν
1390 1249 1484 1303 τοῦ
1521 1249 1789 1321 βασιλέως
1813 1252 2091 1323 ἀπήλαυεν

504 1341 774 1411 ἡπιότητα
799 1359 812 1373 ·
855 1342 1054 1412 μᾶλλον
1087 1341 1163 1405 δὲ,
1200 1341 1359 1405 εἴτις
1386 1344 1678 1413 προσέχειν
1710 1341 1989 1413 ἐθελήσειε
2023 1347 2090 1416 τῇ

500 1447 564 1483 τε
595 1430 689 1484 τοῦ
727 1432 1001 1502 μακαρίου
1056 1431 1321 1502 Ἱερεμίου
1367 1433 1695 1504 προφητεία,
1748 1433 1842 1486 καὶ
1883 1436 1948 1505 τῇ
1982 1434 2091 1487 τῶν

506 1524 1001 1596 Ιίαραλειπομένων
1034 1525 1264 1601 ἱστορίᾳ,
1316 1524 1412 1581 καί
1457 1528 1525 1595 τῇ
1565 1525 1661 1578 τοῦ
1709 1526 1914 1595 Ἔσδρα
1961 1545 2090 1598 συγ-

502 1619 710 1688 γραφῇ,
747 1616 970 1687 εὑρήσει
1016 1616 1107 1669 τδν
1138 1614 1319 1685 Κῦρον
1376 1616 1432 1667 ἐν
1481 1615 1557 1686 τῷ
1603 1615 1803 1691 πρώτῳ
1846 1602 1955 1671 ἔτει
1988 1619 2089 1689 τῆς

495 1708 803 1778 βασιλείας,
851 1707 1028 1762 ἅπασι
1070 1711 1184 1772 τοῖς
1250 1707 1598 1778 βουλομένοις
1652 1709 1760 1762 τῶν
1819 1710 2087 1763 Ἰουδαίων

500 1799 965 1872 παρεγγυήσαντα
990 1797 1089 1870 τὴν
1121 1798 1451 1868 ἐνεγκοῦσαν
1483 1798 1831 1865 καταλαϐεῖν,
1870 1802 1962 1853 καὶ
1994 1801 2085 1867 τὸν

494 1890 643 1951 θεῖον
688 1892 970 1962 ἀνεγεῖραι
1015 1888 1182 1955 νεὼν,
1232 1888 1375 1945 ὥστε
1426 1891 1764 1961 πανταχόθεν
1817 1892 2086 1963 θυμηδίας

496 1982 525 2035 ἐξ
550 1999 644 2049 ,ειν
667 1982 923 2055 ἀφορμὰς
954 1981 1044 2035 τὸν
1077 1983 1382 2052 προφήτην.
1421 1982 1583 2036 Ἀλλὰ
1611 1983 1720 2055 γὰρ
1747 1984 1902 2048 εἴτις
1931 1988 2087 2057 ἀκρι-

497 2073 608 2137 ϐῶς
633 2073 838 2127 τούτων
861 2072 1093 2127 ἕκαστον
1126 2072 1455 2138 ἐξετάσειεν,
1490 2074 1631 2127 αὐτὰ
1656 2073 1829 2128 ταῦτα
1862 2076 2085 2147 εὑρήσει

497 2164 646 2219 αἴτια
675 2167 773 2237 τῆς
801 2164 896 2219 τοῦ
928 2165 1127 2236 Δανιὴλ
1157 2166 1448 2237 ἀχθηδόνος
1482 2185 1496 2199 ο
1552 2168 1643 2221 τοῦ
1678 2170 1787 2240 γὰρ
1820 2168 2086 2239 βασιλέως

494 2257 889 2328 ἐπιτρέψαντος
914 2258 1087 2313 ἅπασι
1116 2261 1228 2322 τοῖς
1256 2259 1500 2312 ἐθέλουσι
1534 2261 1630 2330 τὴν
1655 2261 1968 2333 ἐλευθερίαν
1991 2264 2086 2327 καὶ

496 2349 595 2419 τὴν
640 2348 923 2413 ἐπάνοδον,
972 2349 1023 2401 οἰ
1075 2349 1174 2419 μὲν
1226 2349 1448 2414 πλείους
1487 2351 1665 2415 οἰκίας
1699 2353 1758 2404 ἐν
1806 2350 2083 2407 Βαϐυλῶνι

494 2441 813 2512 δειμάμενοι
829 2440 898 2504 ⁸⁸,
926 2440 1021 2494 καὶ
1046 2440 1253 2494 τούτων
1274 2440 1351 2512 τῷ
1378 2440 1559 2511 δεσμῴ
1583 2444 1958 2513 κατεχόμενοι,
1984 2444 2083 2515 τῆς

499 2531 759 2585 ἐπανόδου
806 2532 1342 2603 καταφρονήσαντες,
1396 2533 1494 2602 τὴν
1542 2532 1700 2604 ξένην
1734 2534 1834 2604 τῆς
1875 2536 2083 2599 οἰκείας

503 2623 805 2693 προείλοντο
832 2636 845 2651 ⁸
892 2622 1044 2694 μόνοι
1079 2623 1135 2676 δὲ
1166 2627 1214 2680 oi
1256 2625 1355 2692 τῆς
1393 2624 1678 2688 εὐσεϐείας
1707 2627 1954 2697 ἐρασταὶ,
1989 2628 2083 2680 καὶ

499 2713 605 2768 τῶν
629 2713 897 2785 πατρῴων
922 2715 1104 2785 νόμων
1132 2715 1390 2784 φύλακες,
1420 2713 1527 2769 τῶν
1553 2717 1611 2769 ὲν
1642 2716 1919 2770 Βαϐυλῶνι
1947 2736 2080 2790 κτη-

499 2807 683 2875 μάτων
708 2807 1247 2881 καταφρονήσαντες,
1282 2809 1381 2878 τὴν
1409 2809 1509 2879 τῆς
1554 2810 1811 2881 πατρίδος
1844 2811 2081 2881 ἐρημίαν

496 2896 588 2949 καὶ
614 2897 783 2968 αὐτῆς
812 2898 912 2969 τῆς
946 2899 1222 2968 βασιλείας
1253 2901 1656 2972 προύτίμησαν.
1702 2901 1873 2956 Τοῦτο
1900 2902 2080 2957 τοίνυν

492 2986 574 3057 τῷ
600 2989 860 3061 μακαρίῳ
882 2989 1080 3061 Δανιὴλ
1114 2991 1370 3062 μέγιστον
1402 2993 1696 3063 εἰργάσατο
1723 2993 1917 3057 πένθος
1935 3012 1949 3024 ο
1978 2994 2080 3063 τῆς

493 3094 551 3130 τε
582 3078 691 3150 γὰρ
723 3077 874 3144 θείας
906 3066 1241 3151 ἐπαγγελίας
1286 3082 1349 3136 τὸ
1381 3080 1614 3152 ἀψευδὲς
1657 3082 1820 3156 ὁρῶν,
1863 3085 1956 3138 καὶ
1985 3085 2076 3139 τοῦ

2198 615 2252 668 in
2287 631 2351 669 os
2408 629 2611 677 meum,
2651 621 2703 666 et
2742 616 3022 680 unguento
3054 622 3163 661 non
3195 614 3397 660 unctus
3432 617 3577 667 sum,
3600 617 3779 671 usque

2197 707 2262 759 ad
2290 706 2455 759 trium
2494 703 2898 759 hebdomadum
2928 702 3067 756 dies.
3116 718 3133 752 ›
3175 698 3370 768 Opera:
3403 696 3634 766 pretium
3668 704 3772 757 est,

2197 799 2383 855 luctus
2418 813 2686 861 causam,
2720 812 2884 867 quam
2942 793 3231 865 prophetia
3298 792 3537 847 obscure
3591 790 3777 851 docet,

2196 889 2507 959 inquirere.
2556 887 2800 953 Primum
2862 886 3006 943 enim
3040 886 3189 939 nulla
3256 883 3496 937 tristitia:
3554 881 3778 937 suberat

2196 995 2388 1034 causa.
2437 978 2721 1050 Siquidem
2766 994 2859 1034 rex
2893 986 3239 1043 mansuetus,
3277 984 3331 1030 et
3376 976 3671 1038 humanus,
3713 988 3777 1027 ac

2195 1070 2378 1124 divina
2406 1071 2461 1124 in
2497 1070 2708 1125 honore
2734 1069 2968 1132 habens,
3026 1066 3272 1123 Dauielis
3319 1066 3614 1121 amicitiam
3656 1064 3774 1134 plu-

2197 1164 2320 1216 rimi
2364 1162 2621 1228 faciebal,
2651 1170 2706 1216 et
2734 1170 2969 1215 cunctus
2991 1161 3223 1231 populus
3251 1159 3321 1213 ob
3354 1157 3500 1229 regis
3520 1170 3774 1211 mansue-

2197 1256 2441 1309 tudinem
2476 1269 2609 1324 pace
2637 1251 2785 1307 haud
2821 1251 3084 1306 mediocri
3111 1251 3437 1317 fruebatur;
3474 1264 3539 1303 ac
3571 1249 3774 1318 potius,

2195 1341 2242 1396 si
2282 1343 2412 1411 quis
2446 1342 2576 1396 velit
2606 1341 2673 1395 ad
2711 1342 2855 1396 beati
2895 1339 3147 1397 Jeremia:
3176 1340 3546 1411 prOphetiam,
3578 1338 3643 1392 ad
3672 1337 3770 1391 Pa-

2192 1434 2577 1500 ralipomenon
2610 1431 2926 1495 historiam,
2960 1438 3016 1484 et
3071 1430 3138 1484 ad
3202 1429 3391 1485 Esdrae
3442 1426 3774 1497 scripturam

2192 1528 2436 1580 animum
2481 1526 2790 1591 attendere,
2854 1525 3096 1579 inveniet
3155 1522 3357 1595 Cyrum
3420 1521 3598 1591 primo
3632 1533 3776 1572 anno

2190 1618 2349 1688 regni
2396 1615 2603 1672 Judseis
2645 1617 2910 1671 omnibus
2959 1617 3278 1686 quicunque
3320 1614 3523 1667 vellent
3571 1626 3774 1681 praece-

2191 1709 2358 1779 pisse,
2393 1709 2531 1761 utin
2558 1708 2791 1777 patriam
2821 1706 3029 1762 reversi
3058 1712 3313 1760 sanctum
3357 1702 3455 1757 Dei
3509 1702 3775 1772 templum

2191 1816 2385 1854 rursus
2430 1800 2790 1863 aedificarent,
2833 1797 2911 1851 ita
2942 1804 3002 1852 ut
3031 1796 3297 1868 propheta
3321 1795 3568 1863 undique
3607 1793 3772 1847 animi

2188 1893 2387 1946 laetitiae
2425 1907 2624 1946 causas
2673 1891 2948 1947 habuerit.
3026 1888 3517 1945 Verumenimvcro
3557 1889 3603 1941 si
3638 1880 3773 1955 quis

2190 1985 2304 2038 bare
2345 1984 2560 2053 singula
2595 1982 2895 2052 diligenter
2945 1980 3369 2044 cxaminaverit,
3426 1979 3545 2033 haec
3583 1979 3771 2032 eadem

2186 2077 2488 2145 comperiet
2521 2073 2728 2129 Danieli
2768 2073 2977 2127 doloris
3007 2087 3209 2127 causas
3241 2071 3434 2126 luisse.
3460 2070 3597 2125 Cum
3624 2069 3771 2123 enim

2187 2182 2281 2220 rex
2320 2167 2599 2229 omnibus,
2631 2164 2950 2236 quicunque
2984 2163 3204 2239 1256
3230 2169 3520 2237 cuperent,
3558 2162 3770 2216 liberta-

2188 2270 2294 2313 tem
2321 2273 2383 2312 ac
2409 2257 2644 2313 reditum
2669 2258 2724 2311 in
2753 2257 2987 2327 patriam
3013 2256 3405 2318 concessisset,
3436 2252 3770 2322 complures.

2186 2350 2280 2419 qui
2315 2350 2415 2402 sibi
2453 2349 2507 2403 in
2554 2346 2831 2420 Babylone
2863 2348 3058 2401 domos
3103 2355 3551 2407 conStruxeraut,
3583 2358 3770 2397 earum

2185 2441 2345 2511 quasi
2372 2441 2596 2495 vinculo
2628 2441 2893 2501 devincti,
2932 2440 3185 2510 neglecto
3217 2439 3273 2492 in
3307 2438 3538 2508 patriam
3567 2436 3769 2500 reditu,

2183 2542 2426 2587 exteram
2474 2534 2748 2603 regionem
2806 2532 3000 2602 patriae
3054 2531 3427 2601 praetulerant.
3466 2518 3595 2582 seu
3638 2542 3769 2581 vero

2184 2625 2403 2698 pietatis
2431 2633 2738 2689 amatores,
2790 2625 3212 2694 patriarumque
3260 2622 3442 2692 legum
3485 2620 3769 2687 custodes,

2184 2718 2509 2788 postpositis
2535 2732 2673 2786 quas
2695 2717 2973 2789 Babylone
2999 2715 3357 2786 possidebant
3386 2712 3766 2783 facultatibus,

2183 2812 2420 2882 patriam
2463 2811 2819 2865 solitudinem
2855 2810 2936 2864 vel
2979 2810 3084 2880 ipsi
3121 2824 3291 2881 regno
3332 2807 3768 2878 anteponendam

2174 2898 2413 2961 duxere.
2452 2902 2566 2957 Hoc
2599 2903 2789 2972 itaque
2823 2901 2983 2956 beato
3020 2899 3231 2955 Dauieli
3266 2900 3566 2953 maximqu
3590 2897 3768 2952 attulit

2182 2992 2419 3048 luctum.
2454 2992 2663 3049 Videns
2712 2994 2861 3049 enim
2902 2992 3105 3048 divinae
3154 2991 3571 3063 pollicitationis
3623 2989 3768 3045 veri-

2181 3093 2386 3152 tatem,
2413 3094 2468 3140 et
2501 3086 2644 3157 regis
2686 3086 3166 3141 mansuetudinem
3196 3091 3361 3154 atque
3389 3081 3765 3146 clementiam,

495 3168 761 3238 βασιλέως
803 3170 865 3224 τὸ
888 3172 1101 3246 ἥμερον
1136 3174 1229 3229 καὶ
1259 3173 1662 3246 φιλάνθρωπον,
1699 3174 1794 3229 καὶ
1825 3175 1920 3230 τοῦ
1951 3176 2079 3230 λαοῦ

2187 3178 2485 3248 populique
2552 3178 2832 3248 ingenium
2913 3184 3212 3232 contumax
3277 3182 3333 3231 et
3391 3173 3764 3234 eﬂ‘renatum,

492 3262 552 3312 τὸ
583 3261 872 3326 δυσπειθὲς
910 3265 1007 3318 καὶ
1034 3263 1305 3334 δυσήνιον,
1340 3265 1544 3336 σφόδρα
1587 3265 1685 3338 τὴν
1714 3266 1892 3339 ψυχὴν
1922 3268 2082 3340 ἐτρύ-

494 3371 642 3423 χετο,
679 3355 773 3409 καὶ
804 3355 1017 3410 πενθῶν
1059 3359 1151 3410 καὶ
1183 3357 1398 3429 θρηνῶν
1424 3357 1671 3412 διετέλει.
1713 3361 2008 3431 Ζητήσειεν
2033 3361 2079 3415 δ’

492 3445 558 3505 ἄν
589 3462 674 3510 τις
701 3445 951 3511 εἰκότως,
980 3449 1033 3501 τί
1062 3448 1263 3520 δήποτε
1295 3449 1403 3504 τῶν
1440 3449 1616 3503 ἄλλων
1642 3450 1853 3515 ἕνεκεν,
1883 3452 1959 3516 ὡς
1988 3454 2079 3524 εί)-

494 3537 892 3610 ρᾳθυμηκότων
922 3542 1018 3595 καὶ
1049 3544 1148 3615 τῆς
1191 3542 1452 3601 ἐπανόδου
1485 3544 2075 3616 καταπεφρονηκότων,

492 3630 707 3702 θρηνῶν
734 3633 831 3685 κ’.ιί⁴
872 3632 1291 3705 ὀλοφυρόμενος,
1328 3635 1489 3697 αὐτὸς
1531 3635 1631 3687 οὐκ
1662 3633 1964 3706 ἐπανῆλθεν
1999 3638 2078 3702 εἰς

492 3721 589 3793 τήν
615 3722 869 3793 πατρίδα.
920 3724 1158 3795 Εὑρήσει
1182 3725 1240 3778 δὲ
1258 3724 1354 3796 τὴν
1373 3725 1547 3789 λύσιν,
1571 3726 1743 3793 αὐτῆς
1765 3725 1862 3797 τῆς
1882 3727 2080 3798 αἰχμα-

492 3812 694 3876 λωσίας
720 3814 820 3886 τὴν
845 3814 1029 3869 αἰτίαν
1058 3815 1451 3886 σκοπούμενος.
1497 3817 1713 3888 Ὥσπερ
1742 3818 1852 3889 γὰρ
1897 3818 1960 3871 ού
1988 3818 2079 3873 διὰ

495 3899 594 3964 τὰς
621 3903 830 3967 οἰκείας
865 3902 1248 3975 πλημμελείας
1279 3904 1462 3957 εἴασεν
1492 3905 1654 3960 αὑτὸν
1685 3909 1714 3961 ό
1738 3907 1871 3972 Θεὸς
1930 3908 2082 3980 δορυ-

494 3992 700 4046 άλωτον
727 3994 1000 4064 γενέσθαι,
1024 3995 1160 4049 ἀλλὰ
1194 3997 1293 4065 τῆς
1320 3997 1413 4050 τοῦ
1458 3996 1589 4051 λαοῦ
1623 3992 2078 4070 προμηθούμενος

491 4081 781 4151 ὡφελείας,
812 4085 905 4139 καὶ
931 4079 1042 4139 οἷόν
1071 4104 1192 4141 τινα
1219 4087 1491 4157 κηδεμόνα
1520 4089 1614 4140 καὶ
1641 4089 1959 4143 διδάσκαλον
1986 4093 2075 4145 αὐο

492 4176 602 4238 τοῖς
651 4176 999 4248 συμπέμπων
1034 4197 1046 4209 ·
1098 4177 1244 4232 οὕτω
1289 4180 1384 4231 καί⁵
1431 4168 1503 4232 ὲν¹
1538 4178 1618 4250 τῷ
1668 4182 1766 4249 τῆς
1815 4183 2072 4235 ἐπανόδου

490 4266 690 4337 καιρῷ,
737 4268 845 4323 τῶν
878 4269 1138 4325 πλειόνων
1186 4270 1286 4343 τήν
1315 4269 1529 4340 οἴκησιν
1580 4272 1677 4342 τὴν
1706 4273 1763 4325 ἐν
1792 4272 2073 4326 Βαϐυλῶνι

491 4356 855 4427 στερξάντων)
897 4360 1061 4414 πάλιν
1101 4362 1129 4412 ὁ
1178 4361 1321 4424 θεῖος
1366 4362 1650 4434 προφήτης
1698 4362 2097 4431 συνδιὰγειν⁸⁶ς

2185 3270 2371 3326 animo
2434 3269 2788 3325 vehementer
2851 3269 3175 3340 augebatur,
3228 3282 3408 3337 neque
3462 3267 3648 3336 lugere
3701 3279 3766 3317 ac

2184 3360 2472 3415 lamentari
2540 3360 2868 3418 desistebat.
2920 3360 2985 3413 Et
3032 3359 3159 3429 jure
3218 3359 3422 3428 aliquis
3482 3355 3766 3428 quaesierit

2180 3466 2301 3517 cur,
2341 3466 2466 3511 cum
2500 3451 2736 3504 aliorum
2766 3464 2955 3512 causa,
2992 3449 3086 3517 qui
3127 3462 3187 3503 se
3229 3442 3483 3517 scguitiéi
3524 3443 3766 3498 tradide-

2181 3549 2326 3605 rant,
2358 3548 2413 3597 et
2472 3542 2709 3597 reditum
2745 3541 2800 3593 in
2839 3539 3114 3609 patriam‘
3175 3536 3457 3608 aspernati
3518 3535 3760 3599 fuerant,

2174 3628 2393 3704 lugeret
2426 3650 2490 3687 ac
2533 3634 2965 3696 lamentaretur,
2995 3632 3115 3701 ipse
3149 3630 3204 3687 in
3254 3631 3487 3701 patriam
3531 3644 3640 3683 non
3690 3627 3762 3681 sit

2182 3725 2501 3783 reversus?
2536 3725 2643 3779 Sed
2696 3726 2837 3779 hanc
2896 3724 3258 3794 quaestionem
3319 3721 3480 3776 facile
3534 3720 3759 3774 dissolvn

2181 3831 2348 3887 posse
2376 3814 2699 3885 comperiet,
2723 3815 2769 3869 si
2796 3813 3134 3884 captivitatis
3169 3824 3397 3867 causam
3428 3807 3757 3864 consideret.

2180 3906 2657 3972 Quemadmodum
2689 3906 2835 3960 enim
2878 3922 2987 3959 non
3023 3913 3247 3975 propter
3279 3901 3503 3975 propria
3539 3909 3761 3970 peccata

2178 3998 2434 4068 permisit
2463 3999 2617 4052 illum
2651 3995 2797 4051 Deus
2830 3998 2974 4050 bello
3000 3995 3145 4067 capi,
3187 3994 3285 4051 sed
3320 3992 3506 4065 populi
3542 3991 3760 4061 prospi-

2174 4090 2329 4144 ciens
2389 4089 2633 4153 utilitati,
2680 4097 2735 4141 et
2774 4089 2940 4141 veluti
2981 4086 3278 4158 quemdam
3337 4092 3651 4137 curatorem
3705 4091 3760 4136 et

2177 4179 2498 4247 magistrum
2553 4177 2720 4232 simul
2779 4192 2904 4229 eum
2968 4177 3104 4258 ipsis
3163 4176 3433 4228 mittens:
3477 4174 3550 4227 ita
3589 4172 3755 4227 etiam

2177 4279 2422 4338 tempore
2448 4269 2678 4333 reditus,
2707 4284 2831 4321 cum
2866 4268 3056 4337 plures
3086 4268 3143 4321 in
3176 4266 3452 4336 Babylone
3481 4264 3753 4327 habitare,

2173 4378 2236 4415 ea
2264 4361 2605 4416 habitatione
2634 4360 2907 4424 contenti,
2944 4360 3343 4421 decrevissent,
3380 4374 3576 4413 rursus
3617 4356 3757 4411 diri-

487 4449 673 4514 αὺτοῖς
700 4451 1092 4522 ἀναγκάζεται,
1121 4453 1208 4514 ἵνα
1242 4454 1317 4525 μὴ
1342 4451 1539 4525 ἔρημοι
1562 4453 1661 4522 τῆς
1693 4456 2068 4526 πνευματικῆς

2183 4468 2282 4509 nus
2310 4453 2577 4524 prapheta
2603 4468 2728 4513 cum
2758 4450 2866 4506 illis
2898 4453 3097 4522 degere
3125 4449 3500 4520 compellitur,
3545 4464 3613 4503 ne
3645 4449 3756 4517 spi-

488 4542 812 4614 κηδεμονίας
834 4548 1117 4616 γενόμενοι
1147 4547 1227 4609 εἰς
1254 4546 1513 4601 ἀσέϐειαν
1542 4546 1821 4619 παντελῶς
1851 4545 2069 4621 ὲξωκεί-

486 4630 640 4687 λωσι.
671 4632 876 4688 Τούτου
903 4633 1084 4706 χάριν,
1121 4636 1216 4687 καὶ
1250 4634 1517 4703 βασιλέως
1546 4635 1648 4707 τὴν
1676 4629 1958 4690 εὐσέϐειαν
1988 4654 2069 4691 τι·

490 4722 698 4792 μῶντος
732 4726 827 4778 τοῦ
862 4726 1116 4795 τηνικάδε
1149 4726 1475 4798 κρατοῦντος
1497 4767 1510 4790 ,
1561 4727 1656 4782 καὶ
1709 4728 1888 4781 πᾶσαν
1921 4728 2068 4801 αὐτῷ

486 4812 783 4884 θεραπείαν
814 4815 1237 4887 προσφέροντος,
1280 4816 1376 4869 καὶ
1407 4817 1516 4869 τῶν
1543 4815 1718 4871 ἄλλων
1752 4818 2059 4889 προτιμῶν-

485 4905 638 4968 τος⁸⁷
674 4904 950 4971 ἁπάντων,
1002 4907 1258 4978 οὐδεμίαν
1300 4909 1329 4961 ὁ
1372 4909 1643 4979 μακάριος
1683 4908 1884 4980 Δανιὴλ
1932 4909 2066 4982 λαμ-

487 4997 640 5051 ϐάνει
666 4998 1019 5072 παραψυχὴν,
1056 5001 1170 5054 ἀλλ’
1200 5001 1325 5072 ἀνιᾷ
1360 5002 1454 5054 καὶ
1488 5000 1609 5055 λίαν
1640 4992 1802 5057 αὐτὸν
1839 5003 2063 5071 ἀλγύνει

486 5088 579 5142 τοῦ
630 5088 763 5165 λαοῦ
808 5090 870 5145 τὸ
917 5091 1225 5157 δυσπειθὲς,
1261 5092 1356 5145 καὶ
1409 5095 1443 5164 ή
1493 5094 1591 5165 τῆς
1642 5092 1803 5162 ἁγίας
1855 5094 2062 5164 πόλεως

486 5178 643 5252 λήθη.
695 5175 769 5239 Οἵ)
800 5182 964 5254 χάριν
994 5183 1087 5237 καὶ
1130 5185 1281 5255 τρεῖς
1327 5183 1630 5255 ἑϐδομάδας
1677 5184 1860 5249 ἄσιτος
1891 5184 2059 5239 διετέ-

488 5271 642 5325 λεσεν
662 5288 676 5302 ο
725 5292 744 5325 ι
772 5274 969 5344 Ἀρτον
998 5274 1126 5345 γὰρ,
1160 5274 1314 5345 φησί,
1356 5274 1664 5344 ἐπιθυμιῶν
1705 5275 1807 5329 οὐκ
1837 5274 2061 5344 ἔφαγον,

486 5358 580 5409 καὶ
615 5359 786 5430 κρέας
832 5363 928 5415 καὶ
956 5358 1100 5426 οἰνος
1146 5362 1247 5416 οὐκ
1293 5362 1543 5434 εἰσῆλθεν
1594 5365 1675 5427 εἰς
1715 5363 1776 5417 τὸ
1824 5363 2000 5435 στόμα
2018 5365 2064 5397 ⁵⁸

488 5462 614 5515 μου,
642 5449 735 5505 καὶ
755 5451 998 5522 ἄλειμμα
1017 5453 1114 5507 οὐκ
1136 5451 1446 5525 ήλειψάμην
1466 5452 1570 5519 ἓως
1590 5454 1756 5527 τριῶν
1775 5455 2001 5525 ἡμερῶν
2016 5456 2064 5492 ³³

2177 4544 2364 4600 rituali
2395 4559 2531 4600 cura
2570 4558 2802 4614 prorsus
2832 4543 3106 4606 destituti,
3143 4544 3196 4596 in
3235 4541 3572 4612 impietatem
3601 4540 3756 4610 peni—

2172 4643 2262 4692 tus
2298 4635 2637 4691 laberentur.
2685 4634 2797 4689 Hae
2842 4636 2910 4689 de
2959 4651 3126 4690 causa
3157 4648 3282 4688 cum
3327 4649 3447 4699 rex,
3482 4633 3578 4704 qui
3623 4640 3755 4687 tunc

2172 4728 2464 4798 imperium
2535 4726 2848 4792 obtinebat,
2908 4730 2963 4782 in
3018 4726 3230 4782 honore
3278 4727 3432 4782 illum
3509 4727 3751 4789 habens,

2169 4817 2432 4887 omnique
2464 4819 2818 4873 observantia
2863 4819 3073 4883 colens,
3131 4810 3567 4875 aliis'omnibus
3623 4836 3750 4874 eum

2175 4909 2495 4978 anteferret,
2553 4910 2757 4963 nullam
2818 4910 3010 4966 beatus
3070 4908 3264 4965 Daniel
3297 4910 3508 4983 1257
3542 4911 3752 4966 invenit

2171 5002 2610 5058 consolationem
2643 5022 2656 5057 :
2692 5003 2785 5059 sed
2814 5004 2994 5073 ipsum
3017 5004 3175 5060 valde
3202 5005 3355 5076 angit
3387 5014 3443 5060 et
3470 5007 3755 5061 excruciat

2173 5093 2358 5163 populi
2416 5093 2785 5160 contumacia,
2838 5102 2894 5151 et
2949 5103 3156 5150 sancta:
3208 5096 3453 5159 civitatis
3524 5097 3748 5153 oblivio.

2171 5183 2303 5239 Ideo
2338 5200 2434 5256 per
2468 5193 2579 5241 tres
2612 5201 2833 5257 quoque
2868 5184 3080 5241 dierum
3117 5187 3493 5247 hebdomadas
3527 5189 3750 5261 jejunus

2171 5274 2499 5342 permansit.
2548 5272 2684 5329 Nam
2754 5295 2775 5329 ι
2839 5275 3041 5333 Panem
3077 5277 3503 5351 desideriorum,
3540 5280 3750 5351 inquit,

2172 5381 2280 5419 non
2308 5367 2547 5433 comedi,
2583 5374 2637 5422 et
2664 5382 2797 5423 caro
2833 5377 2888 5423 et
2926 5370 3114 5425 vinum
3153 5386 3263 5426 non
3301 5371 3636 5427 introierunt
3690 5371 3746 5425 in

2172 5469 2238 5511 os
2268 5472 2474 5522 meum,
2521 5474 2698 5529 neque
2747 5468 3026 5531 unguento
3056 5471 3257 5519 unctus
3299 5477 3420 5516 sum
3450 5477 3623 5532 usque
3683 5467 3750 5522 ad

1784 5609 2013 5667 VARUE
2046 5611 2454 5669 LECTIONES.

561 5750 608 5781 ⁵³
645 5755 683 5809 Β
705 5759 977 5815 ὑπέκειτο.
1049 5761 1097 5792 ⁸⁷⁸
1125 5762 1203 5816 ὄλ.
1246 5761 1371 5819 Des.
1401 5763 1456 5819 in
1484 5763 1546 5818 Β.

483 5827 767 5898 συνάγειν.Δ
834 5832 880 5864 ⁸⁷
919 5830 962 5884 Β
991 5831 1356 5905 προτιθέντος.

1622 5765 1668 5839 ἐι
1694 5765 1837 5839 δειμ.
1938 5764 2106 5831 addit,
2137 5768 2230 5839 καὶ
2253 5768 2457 5839 ἀγροὺς
2491 5768 2851 5839 κεκτημένος.

1462 5836 1509 5867 ⁸⁸
1536 5834 1578 5889 Β
1612 5837 1669 5889 ὲν
1704 5834 1791 5906 τῷ
1822 5837 2071 5907 στόματι.
2145 5838 2192 5870 ⁸³³
2228 5834 2415 5909 ήμζἸη
2434 5837 2472 5892 Β
2498 5852 2620 5910 post
2650 5834 2767 5895 ἕϐδ.
2795 5840 3033 5910 ponitur.

2947 5770 2995 5803 ⁸⁸
3019 5769 3162 5826 συνδ.
3189 5770 3266 5823 ita
3296 5767 3337 5822 B
3369 5765 3532 5824 habet
3573 5764 3719 5822 Sirm
