4092 6400
372 401 512 469 1493

1612 402 1689 461 ΙΝ
1719 398 2078 460 DANIELIS
2125 398 2285 457 CAP.
2313 397 2387 457 Χ.

3492 392 3627 457 1494

366 513 501 579 φθον
536 505 823 579 ἐκομίζετο
859 507 1099 581 χρυσίον.
1155 526 1173 559 ι
1206 509 1318 561 Καὶ
1345 507 1405 562 τὸ
1435 508 1725 580 πρόσωπον
1758 508 1814 559 δὲ
1854 507 1951 558 αὖα

2078 522 2080 552 ε
2125 502 2188 556 Εῑ
2219 502 2385 556 facies
2448 503 2663 575 1259
2711 503 2832 573 ejus
2870 504 3018 559 velut
3053 502 3268 573 species
3316 503 3566 575 fulguris.
3606 527 3624 559 ι

364 600 484 663 τοῦ,
517 599 594 661 ὡς
624 592 766 660 εἶδος
796 599 1103 670 ἀστραπῆς.
1155 617 1173 649 ι
1228 598 1421 667 Λῖγλη,
1468 601 1621 669 φησὶ,
1660 597 1957 667 φωτοειδὴς

364 691 433 742 ὲκ
463 689 557 742 τοῦ
600 687 894 760 προσώπου
929 690 1174 761 ἐφέρετο.
1223 710 1239 741 ι
1273 691 1381 743 Καὶ
1406 692 1461 743 οἱ
1490 690 1759 760 ὀφθαλμοὶ
1793 688 1956 742 αὑτοῦ

365 782 501 834 ώσεὶ
532 780 814 851 λαμπάδες
844 781 1036 851 πυρὸς,
1065 783 1158 835 καὶ
1188 783 1237 835 οί
1266 783 1549 853 βραχίονες
1579 781 1744 836 αὐτοῦ
1773 782 1865 835 καὶ
1890 780 1960 833 τὰ

369 871 540 941 σκέλη
565 869 641 934 ὡς
672 871 863 942 ὅρασις
888 872 1088 941 χαλκοῦ
1125 873 1452 937 στίλϐοντος,
1486 874 1577 926 καὶ
1606 876 1638 943 ἡ
1666 872 1819 944 φωνὴ
1850 873 1960 925 τῶν

366 962 543 1028 λόγων
571 961 758 1025 αὐτοῦ,
791 962 930 1025 ώς⁷⁸
962 962 1114 1034 φωνὴ
1140 963 1318 1033 ὄχλου.
1353 984 1370 1016 ι
1406 961 1534 1034 Εἶχε
1567 964 1645 1030 δὲ,
1678 966 1832 1035 φησὶ,
1865 963 1960 1019 καὶ

367 1051 497 1114 τοὺς
530 1050 842 1122 ὀφθαλμοὺς
871 1051 982 1122 πῦρ
1012 1052 1292 1123 ἀφιέντας,
1322 1055 1446 1120 τοὺς
1475 1054 1532 1108 δὲ
1569 1054 1858 1126 βραχίονας
1880 1055 1961 1126 τῷ

372 1140 650 1214 καλλίστῳ
694 1143 882 1214 χαλκῷ
916 1145 1165 1210 ἐοικότας
1192 1163 1205 1177 ο
1257 1146 1443 1210 ἔδοξας
1481 1145 1590 1199 δ’⁷⁶
1626 1147 1693 1202 ἂν
1721 1146 1962 1219 πλήθους

373 1231 597 1286 ἀκούειν
627 1233 826 1286 πολλοῦ
858 1234 1244 1306 διαλεγομένου
1261 1237 1306 1268 ⁷⁷
1338 1236 1576 1290 ἁκούων.

448 1324 512 1389 ζ’.
550 1343 569 1377 ‹
606 1324 718 1379 Καὶ
760 1319 902 1379 εἶδον
938 1325 1056 1395 ἐγὼ
1103 1327 1304 1399 Δανιὴλ
1347 1327 1508 1398 μόνος
1541 1327 1640 1400 τὴν
1668 1328 1959 1392 ὀπτασίαν,

375 1415 474 1468 καὶ
514 1417 564 1469 οἱ
590 1415 785 1487 ἄνδρες
819 1419 866 1470 οἱ
900 1419 1019 1487 μετ’
1053 1418 1188 1489 ἐμοῦ
1213 1421 1315 1473 οὐκ
1350 1415 1490 1473 εἶδον
1533 1418 1633 1490 τὴν
1668 1418 1958 1481 ὀπτασίαν,

376 1505 496 1558 ἀλλ’
534 1506 569 1576 ἢ
598 1505 856 1571 ἔκστασις
889 1507 1099 1579 μεγάλη
1144 1508 1419 1562 ἐπέπεσεν
1455 1509 1542 1562 ἐπ’
1583 1509 1781 1572 αὐτοὺς
1802 1550 1818 1574 ,
1867 1509 1962 1563 καὶ

378 1596 582 1663 ἔφυγον
620 1596 680 1647 ὲν
714 1595 884 1666 φόϐῳ.
929 1613 949 1649 ι
999 1596 1142 1651 Ἀλλ’
1190 1597 1319 1662 ίσως
1372 1598 1440 1652 ἄν
1491 1615 1576 1662 τις
1618 1598 1795 1652 εἶπον
1851 1597 1962 1651 Καὶ

378 1683 434 1735 τί
479 1683 677 1754 δήποτε
712 1682 950 1752 ἔφυγον,
1009 1685 1110 1755 τὴν
1163 1686 1431 1740 ὀπτασίαν
1464 1686 1540 1759 μὴ
1593 1687 1959 1757 θεασάμενοις

395 1774 535 1827 Ἀλλ’
569 1773 714 1839 είκὸς
754 1773 915 1829 τοῦτο
958 1776 1122 1830 πλέον
1155 1777 1340 1841 αὐτοῖς
1375 1779 1792 1849 ἀπεργάσασθαι
1812 1781 1860 1812 ⁷⁸
1902 1779 1964 1833 τὸ

2062 592 2355 662 Splendor,
2389 595 2588 665 inquit,
2638 595 2956 650 illuminans
2985 611 3015 648 a
3053 594 3192 649 facie
3234 594 3355 664 ejus
3407 595 3629 651 fluebat.

2066 706 2083 734 ι
2127 683 2190 736 Et
2228 685 2370 738 oculi
2400 685 2521 753 ejus
2563 686 2722 755 quasi
2777 685 3060 756 lampades
3115 686 3280 756 ignis,
3310 692 3363 740 et
3408 685 3632 741 brachia

2059 777 2180 846 ejus
2207 788 2258 830 et
2290 793 2474 843 crura,
2503 779 2661 847 quasi
2701 778 2845 833 visio
2877 778 3004 833 teris
3043 776 3411 848 splendentis,
3441 786 3495 831 et
3531 792 3633 830 vox

2060 884 2378 924 sermonum
2408 869 2528 938 ejus
2559 870 2720 939 quasi
2746 884 2848 923 vox
2869 870 3064 924 turbae.
3098 888 3117 918 ι
3141 867 3393 923 llabebat
3422 876 3632 930 autem,

2061 960 2264 1030 inquit,
2302 961 2492 1015 oculos
2525 961 2703 1031 ignem
2750 960 3084 1027 emittentes,
3143 969 3198 1016 et
3237 958 3462 1015 brachia
3511 960 3636 1029 pul-

2061 1050 2339 1105 cherrimo
2380 1050 2474 1106 aeri
2513 1050 2755 1105 similia:
2790 1050 2944 1106 visus
2995 1052 3092 1106 tibi
3146 1066 3304 1107 esses
3354 1051 3507 1103 illum
3537 1065 3637 1105 au-

2061 1141 2223 1197 diens
2257 1141 2489 1197 multam
2521 1140 2742 1197 turbam
2772 1141 3176 1213 colloquentem
3207 1140 3421 1197 audire.

2134 1333 2300 1390 Vens.
2348 1335 2404 1393 7.
2451 1354 2471 1389 ι
2505 1333 2573 1389 Ει
2611 1335 2723 1391 vidi
2756 1350 2859 1406 ego
2902 1334 3095 1392 Daniel
3135 1336 3409 1392 visionem
3458 1334 3635 1400 solus,

2061 1438 2115 1483 et
2141 1428 2242 1482 viri
2277 1427 2378 1493 illi,
2408 1428 2505 1496 qui
2533 1441 2750 1481 mecum
2782 1435 2968 1494 erant,
3007 1442 3118 1482 non
3160 1426 3420 1483 viderunt
3466 1427 3637 1483 visio-

2062 1518 2337 1586 nem,.sed
2364 1518 2612 1573 exstasls
2651 1531 2849 1587 magna
2873 1516 3072 1572 incidit
3129 1516 3189 1571 in
3227 1531 3345 1578 eos,
3368 1524 3433 1571 .et
3485 1514 3637 1585 fuge-

2063 1617 2193 1666 runt
2246 1619 2416 1665 metu.
2466 1628 2484 1665 ι
2519 1607 2629 1665 Sed
2656 1608 2857 1679 aliquis
2887 1608 3124 1665 fortasse
3150 1608 3382 1673 dixerit,
3413 1622 3518 1662 cur
3550 1607 3638 1661 fu-

2062 1703 2243 1777 gerint
2274 1703 2335 1769 ii,
2366 1702 2463 1773 qui
2486 1702 2753 1759 visionem
2781 1716 2892 1757 non
2915 1700 3218 1758 viderunt?
3246 1700 3313 1755 At
3337 1698 3640 1756 verisimile

2066 1800 2175 1860 est,
2213 1793 2320 1848 hoc
2350 1793 2474 1863 ipso
2505 1792 2774 1862 maiorem
2827 1792 2938 1848 illis
2987 1800 3192 1848 metum
3227 1791 3398 1846 fuisse
3450 1790 3642 1847 incus-

378 1864 499 1927 δέος
526 1881 540 1894 ·
588 1864 797 1936 μηδένα
835 1865 944 1938 γὰρ
988 1864 1288 1937 θεώμενοι,
1334 1869 1429 1921 καὶ
1464 1845 1650 1940 φωνῆς
1697 1870 1962 1940 μεγίστης

2078 1897 2190 1939 sum
2219 1899 2234 1936 :
2261 1882 2473 1936 nullum
2502 1882 2649 1936 enim
2678 1878 3007 1951 conspicati,
3041 1885 3098 1933 et
3123 1877 3419 1933 maximam
3449 1890 3639 1930 vocem

383 1955 716 2022 ἀκούοντες,
766 1956 993 2021 εἰκότως
1065 1958 1564 2030 ὲκδειματωθέντες
1624 1961 1959 2034 ἀπέδρασαν.

388 2051 730 2103 Ἕκστασιν
767 2048 826 2102 δὲ
872 2047 1109 2104 ἐνταῦθα
1138 2050 1297 2103 καλεῖ
1319 2052 1381 2104 οὑ
1406 2052 1507 2124 τὴν
1534 2052 1737 2108 δειλίαν
1770 2054 1961 2126 μόνην,

382 2138 522 2193 ἀλλὰ
555 2140 652 2193 καὶ
701 2139 801 2211 τὴν
856 2140 1161 2210 άορασίαν·
1221 2140 1365 2195 ἔοικε
1417 2142 1474 2196 δὲ
1520 2143 1696 2198 ταῦτα
1723 2146 1834 2208 τοῖς
1872 2143 1966 2197 ἐπὶ

383 2228 480 2282 τοῦ
516 2228 787 2307 μακαρίου
834 2229 1049 2283 Παύλου
1094 2232 1487 2303 γεγενημένοις
1532 2233 1672 2288 κατὰ
1715 2233 1815 2304 τὴν
1846 2233 1966 2287 ὁδὸν

382 2322 484 2392 τὴν
523 2320 935 2391 πλησιάζουσαν
979 2323 1047 2393 τῇ
1095 2323 1398 2394 Δαμασκῷ’
1440 2325 1536 2377 καὶ
1575 2324 1685 2396 γὰρ
1728 2325 1847 2379 ἐκεῖ
1870 2326 1967 2379 αύ-

384 2415 474 2477 τὸς
491 2414 537 2446 ⁷⁸
561 2408 670 2467 εἶδε
710 2414 1131 2485 περιαστράψαν
1170 2415 1335 2468 αὑτὸν
1363 2415 1478 2484 φῶς
1500 2433 1514 2448 ·
1546 2419 1597 2471 oi
1626 2417 1684 2471 δὲ
1716 2417 1966 2483 συνόντες

388 2504 819 2575 ἐθεάσαντο’μὲν
852 2506 1028 2570 οὐδὲν,
1061 2505 1228 2576 μόνης
1257 2507 1316 2559 δὲ
1347 2508 1587 2578 ἥκουσαν
1618 2510 1717 2579 τῆς
1759 2510 1962 2581 φωνῆς.

394 2594 502 2647 Καὶ
529 2595 763 2649 ἐνταῦθα
790 2594 974 2650 τοίνυν
1007 2594 1273 2659 ὡσαύτως
1299 2597 1595 2666 φεύγουσιν
1620 2595 1668 2629 ⁸⁰
1693 2599 1743 2652 oi
1779 2599 1966 2653 συνόν-

389 2702 482 2750 τες
506 2685 583 2763 τῷ
608 2687 740 2759 θείῳ
766 2688 1046 2759 προφήτῃ,
1077 2687 1246 2759 μόνης
1277 2686 1610 2753 ἀκούσαντες
1632 2689 1731 2759 τῆς
1758 2688 1968 2762 φωνῆς,

391 2777 540 2847 μένει
568 2777 626 2831 δὲ
657 2780 820 2849 μόνος
846 2778 1029 2842 αὐτός.

339 2873 343 2876 ’
458 2876 528 2940 η’.
567 2889 586 2922 ι
639 2869 782 2939 Ἐγὼ
828 2871 974 2941 γὰρ,
1022 2872 1222 2942 φησὶν,
1250 2869 1584 2942 ὑπελείφθην
1632 2870 1826 2942 μόνος,
1875 2873 1971 2927 καὶ

390 2958 531 3016 εἶδον
571 2961 671 3036 τὴν
702 2963 973 3017 ὀπτασίαν
1009 2963 1109 3035 τὴν
1154 2964 1398 3034 μεγάλην
1443 2962 1683 3036 ταύτην,
1735 2966 1833 3017 καὶ
1872 2965 1972 3036 οὐχ

392 3053 696 3124 ὑπελείφθη
716 3053 760 3086 ⁸¹
808 3053 866 3106 ὲν
913 3054 1038 3126 ἐμοὶ
1084 3054 1269 3124 ἰσχὺς,
1323 3053 1418 3109 καὶ
1457 3054 1492 3124 ἡ
1536 3050 1663 3118 δόξα
1694 3070 1796 3124 μου
1843 3071 1973 3125 μετ-

391 3143 642 3215 επράφη
670 3146 751 3208 είς
783 3143 1104 3217 διαφθορὰν,
1145 3144 1240 3199 καὶ
1265 3145 1364 3197 οὐκ
1395 3143 1676 3216 ἐκράτησα
1711 3144 1912 3216 ἰσχύος.
1948 3165 1967 3198 ι

394 3233 659 3288 Τοσοῦτον
696 3235 806 3306 γάρ
859 3253 952 3306 μοι
1007 3234 1291 3290 ἔνέπεσε⁸²
1357 3234 1477 3299 δέος
1541 3234 1637 3288 ἀπ’
1660 3235 1707 3268 ⁸³
1762 3237 1977 3308 ἐκείνης

394 3324 496 3396 τῆς
548 3325 817 3398 θεωρίας,
872 3327 949 3391 ὡς
997 3326 1319 3397 διαλυθῆναι
1367 3327 1464 3397 μὲν
1489 3324 1536 3358 ⁸⁵
1593 3326 1702 3380 τῶν
1759 3327 1980 3400 ἄρθρων

264 3464 288 3483 ,
395 3416 497 3488 τὴν
557 3417 865 3493 ἁρμονίαν,
918 3418 1258 3490 ἀμειφθῆναι
1310 3419 1368 3472 δὲ
1427 3418 1527 3488 τῆς
1576 3417 1671 3472 τοῦ
1726 3419 1981 3491 σώματος

398 3509 724 3578 ἐπιφανείας
753 3509 817 3565 τὸ
848 3510 1048 3583 χρῶμα
1072 3551 1088 3579 ,
1136 3512 1316 3585 πάσης
1353 3510 1411 3566 δὲ
1460 3511 1644 3585 ίσχύος
1678 3511 1884 3587 ἔρημόν
1914 3530 1982 3585 με

408 3597 672 3655 γενέσθαι.

437 3615 672 3655 ενεσυαι.

399 3615 437 3676 γ
470 3686 536 3741 θ’.
572 3704 593 3740 ι
628 3688 741 3743 Καὶ
791 3688 1038 3760 ἥκουσα,
1085 3688 1254 3760 φησί,
1299 3689 1400 3762 τὴν
1448 3690 1632 3763 φωνὴν
1667 3691 1778 3746 τῶν
1808 3691 1984 3762 λόγων

320 3810 341 3817 —
403 3777 590 3845 αὐτοῦ,
621 3779 715 3833 καὶ
750 3778 809 3833 ὲν
843 3778 922 3852 τῷ
960 3778 1195 3835 ἀκοῦσαί
1232 3799 1301 3853 με
1316 3782 1362 3814 ⁸³
1396 3784 1546 3855 ήμην
1576 3784 1985 3856 κατανενυγμέ-

406 3884 495 3932 νος
527 3868 618 3922 ἐπὶ
647 3870 937 3943 πρόσωπόν
967 3888 1070 3942 μου
1093 3870 1164 3936 ⁸⁸,
1203 3875 1298 3927 καὶ
1342 3873 1402 3926 τὸ
1433 3875 1728 3948 πρόσωπόν
1763 3893 1866 3946 μου
1895 3877 1987 3929 ἐπὶ

406 3957 507 4030 τὴν
540 3959 667 4031 γῆν.
703 3979 723 4014 ι
762 3962 1095 4034 Παραυτίκα
1150 3962 1299 4034 γὰρ,
1354 3966 1524 4035 φησι,
1572 3965 1672 4036 τῆς
1719 3967 1987 4037 μεγίστης

408 4048 621 4122 ἐκείνης
663 4050 905 4115 ἀκούσας
957 4052 1161 4122 φωνῆς,
1197 4051 1368 4106 ἔπεσα
1412 4053 1513 4122 μὲν
1565 4054 1809 4124 πρηνής·
1860 4052 1988 4107 ἰδεῖν

403 4140 463 4193 δὲ
496 4141 573 4221 μὴ
597 4140 901 4213 δυνάμενος
929 4142 1028 4215 τὴν
1058 4141 1309 4216 φρικώδη
1347 4141 1602 4214 θεωρίαν,
1637 4144 1717 4206 εἰς
1750 4143 1849 4216 τὴν
1886 4144 1989 4215 γῆν

409 4248 513 4303 μου
532 4231 595 4285 τὸ
632 4233 925 4307 πρόσωπον
966 4234 1208 4289 τέθεικα.

480 4323 534 4378 ι’.
573 4343 594 4378 ‹
628 4308 741 4379 καὶ
774 4325 886 4383 ἰδοὺ
914 4325 1037 4401 χεὶρ
1074 4325 1359 4397 ἁπτομένη
1398 4342 1522 4398 μου,
1566 4325 1661 4379 καὶ
1686 4324 1878 4398 ἤγειρέ
1920 4344 1989 4396 με

409 4416 502 4477 ἐπὶ
529 4416 599 4470 τὰ
636 4417 843 4487 γόνατά,
873 4435 976 4488 μου
1001 4459 1015 4484 ,
1055 4419 1148 4472 καὶ
1169 4418 1216 4452 ⁸⁷
1260 4419 1354 4474 ὲπὶ
1381 4419 1451 4473 τὰ
1485 4416 1604 4491 ίχνη
1632 4419 1742 4472 τῶν
1792 4419 1992 4491 χειρῶν

2070 1972 2401 2036 audientes,
2460 1970 2665 2026 merito
2719 1978 2931 2026 terrore
2988 1967 3229 2039 perculsi
3285 1964 3639 2034 aufugerunt.

2072 2063 2332 2119 Exslasin
2359 2073 2539 2119 autem
2571 2062 2663 2117 hic
2693 2068 2855 2117 vocat
2887 2075 2996 2115 non
3042 2057 3392 2114 timiditatem
3426 2054 3641 2121 solam,

2073 2154 2166 2210 sed
2204 2163 2258 2209 et
2310 2152 2640 2209 caecitatem.
2695 2151 2763 2207 Et
2818 2152 3019 2206 similia
3055 2155 3184 2203 sunt
3236 2146 3353 2200 haec
3407 2144 3476 2199 iis
3523 2156 3646 2212 quae

2073 2244 2239 2299 beato
2269 2242 2440 2298 Paulo
2475 2243 2533 2297 in
2564 2241 2767 2297 itinere
2809 2239 3154 2304 acciderunt,
3201 2251 3328 2292 cum
3368 2234 3645 2305 Damasco

2074 2334 2561 2406 appropinquaret.
2598 2332 2814 2388 Etenim
2844 2331 2922 2386 ibi
2949 2329 3082 2385 vidit
3116 2329 3236 2398 ipse
3258 2327 3470 2386 lumen,
3495 2320 3644 2392 quod

2072 2442 2197 2481 eum
2237 2424 2629 2489 circumfulsit,
2669 2423 2764 2479 ‘et
2791 2420 2885 2493 qui
2926 2436 3053 2476 cum
3088 2433 3156 2475 eo
3184 2423 3342 2473 erant
3394 2414 3533 2470 nihil
3564 2413 3646 2466 vi-

2074 2517 2269 2572 dentes
2300 2516 2475 2570 solam
2502 2529 2692 2571 vocem
2724 2514 3020 2569 audierunt
3047 2511 3090 2566 ί.
3122 2508 3294 2580 Igitur
3317 2508 3407 2562 hic
3427 2518 3648 2576 quoque

2077 2606 2291 2678 fugiunt
2322 2605 2579 2661 similiter
2606 2604 2702 2676 qui
2741 2619 2869 2658 cum
2918 2601 3107 2656 divino
3152 2598 3417 2669 pr0pbeta
3466 2602 3645 2655 erant,

2076 2699 2193 2753 sola
2222 2695 2416 2752 audita
2451 2711 2619 2752 voce:
2654 2696 2773 2766 ipse
2801 2703 2983 2748 autem
3017 2691 3172 2747 solus
3204 2694 3410 2743 manet.

2149 2876 2321 2934 Vens.
2354 2878 2409 2933 8.
2444 2894 2463 2929 ι
2499 2875 2615 2946 Ego
2640 2875 2788 2930 enim
2818 2874 3048 2929 relictus
3075 2884 3223 2935 sum,
3246 2864 3451 2937 inquit,
3475 2863 3647 2926 solus,

2077 2979 2131 3024 et
2165 2968 2276 3023 vidi
2307 2967 2574 3023 visionem
2600 2967 2746 3019 banc
2770 2977 3046 3034 magnam,
3074 2969 3129 3015 et
3152 2964 3364 3019 nonest
3399 2955 3649 3010 relictqu

2081 3061 2137 3115 in
2175 3075 2261 3114 me
2295 3059 2487 3122 robur,
2511 3066 2569 3112 et
2595 3055 2770 3126 gloria
2799 3069 2921 3109 mea
2961 3064 3225 3108 conversa
3250 3057 3336 3104 est
3367 3050 3424 3103 in
3455 3059 3651 3101 corru-

2083 3151 2350 3221 ptionem,
2377 3156 2433 3203 et
2453 3162 2569 3203 non
2596 3145 2812 3200 obtinui
2845 3143 3012 3198 vires.
3051 3161 3073 3194 ι
3099 3141 3310 3198 Tantus
3341 3138 3487 3195 enim
3519 3133 3655 3188 milli

2082 3250 2264 3296 metus
2297 3238 2495 3294 incidit
2519 3252 2583 3292 ex
2612 3251 2675 3291 ea
2698 3235 2935 3300 visione,
2968 3240 3030 3287 ut
3050 3232 3423 3287 membrorum
3456 3223 3655 3282 dissol-

2083 3338 2306 3386 veretur
2363 3327 2577 3399 1260
2612 3324 2922 3390 harmonia,
2977 3330 3032 3377 et
3064 3323 3220 3377 color
3254 3321 3369 3382 ille,
3396 3317 3490 3387 qui
3538 3325 3659 3369 erat

2084 3423 2140 3477 in
2178 3419 2427 3491 corporis
2451 3414 2772 3487 superficie,
2801 3420 3137 3478 mutaretur,
3186 3420 3351 3482 atque
3396 3407 3658 3468 orlinillus

2084 3513 2300 3569 viribus
2337 3509 2690 3566 destituerer.

2157 3688 2328 3745 Vens.
2353 3688 2408 3745 9.
2438 3705 2458 3740 ι
2495 3688 2565 3743 Ει
2594 3684 2804 3751 audivi,
2840 3684 3038 3754 inquit,
3094 3695 3283 3736 vocem
3344 3690 3662 3734 sermonum

2087 3783 2233 3853 ejus,
2266 3787 2320 3837 et
2345 3796 2470 3837 cum
2495 3778 2745 3835 audirem
2779 3791 2903 3849 ego,
2926 3788 3078 3831 eram
3109 3777 3476 3842 compunctus
3499 3781 3666 3836 super

2092 3873 2287 3928 faciem
2325 3886 2525 3933 meam,
2565 3877 2622 3924 et
2649 3868 2820 3924 facies
2855 3880 2977 3921 mea
3006 3879 3178 3934 super
3203 3870 3373 3917 terra.
3412 3877 3430 3909 ι
3466 3857 3664 3912 Statim

2089 3966 2237 4021 enim
2271 3963 2484 4028 audita,
2510 3960 2711 4030 inquit,
2751 3958 2988 4014 maxima
3024 3956 3116 4010 illa
3155 3968 3306 4017 voce,
3334 3965 3543 4021 pronus
3568 3963 3665 4001 ce-

2090 4036 2223 4119 cidi,
2255 4059 2456 4109 etcum
2507 4051 2760 4120 aspicere
2803 4047 3092 4118 nequirem
3124 4042 3445 4098 horribilem
3498 4039 3666 4095 visio-

2095 4163 2240 4210 nem,
2271 4162 2335 4203 os
2365 4159 2548 4200 meum
2590 4142 2645 4196 in
2677 4151 2880 4196 terram
2904 4136 3122 4193 demisi.

2168 4318 2335 4383 Vsus.
2372 4317 2456 4374 i0.
2511 4334 2530 4367 ι
2591 4314 2657 4368 Et
2688 4328 2816 4368 ecce
2855 4327 3053 4368 manus
3111 4309 3388 4380 attingens
3451 4322 3569 4373 me,
3616 4315 3673 4360 et
3755 4350 3759 4354 .

2093 4412 2271 4475 erexit
2329 4426 2415 4465 me
2463 4424 2631 4479 super
2680 4420 2858 4477 genua
2900 4418 3055 4471 mea,
3109 4410 3167 4458 et
3226 4416 3393 4471 super
3444 4398 3668 4468 vestigia

412 4525 516 4580 μου
540 4507 741 4580 ἔστησὲ
765 4504 913 4583 μειβ.
955 4528 974 4562 ι
1009 4507 1184 4576 υῦτω,
1222 4510 1378 4584 φησὶ,
1430 4489 1971 4582 διακείμενοςίῂσθα·

2101 4517 2363 4559 ιιιιιιιιιυιη
2390 4513 2639 4554 mearum
2670 4496 2864 4552 statuit
2891 4511 2997 4550 me.
3039 4513 3057 4549 ι
3090 4494 3191 4559 ita,
3218 4493 3421 4563 inquit,
3446 4489 3672 4545 affectus

410 4594 584 4667 νόμην
621 4589 736 4651 οἷόν
764 4612 910 4660 τινος
956 4597 1140 4669 χειρὸς
1187 4597 1503 4670 ἁπτομένης
1533 4614 1634 4668 μου
1654 4638 1670 4663 ,
1704 4599 1800 4651 καὶ
1834 4601 1994 4674 ἀνορ-

2099 4595 2279 4652 sentio
2314 4591 2481 4647 veluti
2527 4604 2747 4644 manum
2782 4587 3079 4658 quamdam
3113 4601 3201 4642 me
3258 4593 3573 4655 tangentem
3618 4589 3675 4635 et

412 4682 640 4760 θούσηςο
699 4686 813 4765 ἐγὼ
869 4688 929 4742 δὲ
982 4691 1096 4754 τοῖς
1159 4706 1219 4744 τε
1276 4690 1469 4760 γόνασι
1519 4691 1614 4743 καὶ
1658 4691 1778 4754 ταῖς
1837 4707 1971 4762 χερσ

2097 4687 2443 4759 erigentem,
2473 4689 2528 4737 et
2583 4695 2684 4751 ego
2741 4678 2977 4748 genibus
3034 4677 3402 4747 manibusque
3449 4674 3676 4729 innixus

413 4777 701 4853 χρώμενος
727 4777 963 4855 (διέλυσέ
1007 4797 1078 4853 με
1127 4776 1237 4852 γὰρ
1267 4781 1329 4837 τδ
1355 4780 1533 4855 δέος),
1559 4779 1879 4859 ἐπειρώμην
1904 4783 2000 4837 ἀν·

419 4870 691 4935 ίστασθαι.

487 4932 578 5019 ια’.
614 4981 634 5018 ι
677 4963 740 5019 '0
771 4964 829 5019 δὲ
858 4959 983 5019 εἷπε
1034 4964 1174 5037 πρός
1222 4984 1291 5038 με
1321 4984 1337 4999 ο
1366 4932 1594 5043 Δανιὴλ,
1646 4967 1786 5041 ἀνὴρ
1805 4967 1850 4999 θ’
1884 4967 2004 5019 ἑπι-

2102 4776 2459 4852 (dissolveret
2480 4774 2629 4831 enim
2663 4787 2755 4828 me
2787 4772 3010 4840 metus),
3067 4784 3357 4841 resurgere
3411 4767 3673 4823 conabar.

2177 4956 2343 5011 Vens.
2394 4953 2481 5006 ll.
2525 4970 2544 5003 ι
2586 4949 2682 5004 Ille
2719 4955 2901 5003 autem
2937 4945 3076 5000 dixit
3114 4942 3183 4997 ad
3217 4958 3303 5001 me
3337 4957 3352 4996 ι
3386 4942 3573 4998 Daniel
3599 4942 3681 4995 vir

419 5054 652 5127 θυμιῶν,
683 5055 841 5122 σύνες
867 5057 928 5111 ὲν
948 5058 1062 5123 τοῖς
1081 5034 1265 5129 λόγοις
1288 5060 1502 5125 τούτοις
1518 5034 1592 5129 ἶ(⁵,
1619 5056 1703 5124 οἷς
1724 5034 1834 5130 ἐγὼ
1859 5057 1971 5112 λαλι

2108 5045 2533 5105 desideriorum,
2594 5038 2837 5108 intellige
2880 5037 2934 5091 in
2978 5034 3329 5091 sermonibus
3367 5034 3488 5101 his,
3541 5047 3683 5103 quos

419 5126 560 5220 πρὸς
583 5147 681 5217 σὲ,
720 5148 817 5202 καὶ
851 5147 1011 5219 στῆθι
1054 5126 1207 5204 snt“
1250 5152 1321 5232 τῇ
1355 5150 1544 5213 στάσει
1578 5126 1679 5204 ⁷σου
1707 5190 1723 5216 ,
1764 5126 1859 5203 ’ὅτι
1909 5145 1971 5200 νῦ

2109 5154 2210 5211 ego
2238 5138 2433 5213 loquar
2466 5132 2533 5193 ad
2572 5141 2659 5198 te,
2687 5136 2741 5185 et
2778 5138 2858 5184 sla
2896 5127 2951 5183 in
2978 5126 3217 5188 statione
3247 5133 3362 5192 tua,
3388 5128 3518 5198 quia
3539 5138 3685 5181 nunc

496 5283 519 5323 ¹
543 5282 666 5346 Act.
692 5297 772 5350 Ix.
798 5281 840 5347 ὅ,
861 5294 979 5357 seq.

1677 5492 1686 5499 _
1729 5429 1965 5487 VARI/1'3
2004 5425 2406 5485 LECTIONES.

516 5608 567 5641 ⁷⁸
597 5606 637 5660 Β
663 5605 816 5661 ὡσεί.
905 5604 954 5638 ⁷⁸
997 5603 1041 5658 Β
1085 5603 1239 5671 ἔδοξα
1275 5604 1352 5658 δέ.
1433 5602 1477 5634 ⁷⁷
1512 5601 1556 5655 Α
1607 5600 1992 5670 διαλεγομένου
2042 5594 2238 5650 πολλοῦ
2309 5589 2372 5625 ⁷⁸·
2399 5591 2440 5644 Β
2487 5575 2908 5661 ἐνεργάσασθαι.

516 5676 662 5721 οεύν-
700 5676 739 5721 Β
769 5675 895 5721 add-
933 5674 1050 5721 μέν-
1150 5675 1195 5707 ³⁸
1236 5672 1357 5721 Βοὐ
1389 5671 1734 5721 κατελείφθη.
1849 5671 1895 5702 ⁸³
1928 5670 1965 5721 Β
1996 5667 2282 5721 ἐπέπεσεν.
2387 5663 2433 5694 ⁸³
2463 5660 2502 5713 Β
2539 5662 2652 5714 ὑπ’.
2755 5659 2803 5691 ⁸⁸
2843 5658 2908 5721 μέ

2029 5684 2282 5721 πεπεσεν.

428 5675 473 5709 ιο
502 5676 664 5747 φεύγ.
697 5676 739 5730 Β
769 5675 895 5747 add.
931 5674 1050 5747 μέν.

429 5743 633 5820 φωνὴν
664 5743 951 5820 ρημότωνξ
976 5743 1141 5820 adeo?)
1152 5785 1163 5796 .

434 5822 480 5854 σε
503 5813 615 5870 ἔστ.
654 5813 752 5886 μεῖ
777 5816 901 5870 Des.
939 5814 991 5869 in
1022 5813 1078 5868 Β.

1150 5675 1195 5707 ⁵⁸
1236 5672 1357 5727 Bob
1389 5671 1734 5741 κατελείφθη.

1265 5744 1312 5775 ε·
1341 5744 1434 5796 ἐπὶ
1494 5758 1589 5812 πρ.

1189 5814 1232 5846 ⁸⁹
1262 5812 1302 5866 Β
1336 5813 1421 5868 ἅνε
1434 5830 1481 5883 ρ.

1628 5733 1747 5811 μου.
1820 5740 1954 5811 ους.
1972 5810 1980 5811 ί
2001 5739 2161 5811 ίηηΑ.
2196 5736 2284 5811 ηοξ
2313 5733 2437 5811 κεν
2458 5762 2520 5811 ._-

1560 5802 1784 5864 ⁹⁰’τούτ.
1819 5809 1939 5864 Des.
1971 5810 2022 5862 iu
2058 5805 2116 5858 Β.
2196 5806 2234 5835 θ’
2268 5804 2377 5856 ἐπί.
2402 5802 2440 5854 Β
2475 5803 2550 5854 ἐν.

3014 5587 3058 5618 ⁷⁷
3105 5585 3225 5637 αύτ.
3282 5579 3322 5633 Β
3373 5579 3497 5632 add.
3563 5577 3681 5646 μέν.

2755 5659 2803 5691 ⁸⁸
2843 5658 2960 5729 μέν.
3075 5671 3197 5723 μου.
3248 5651 3320 5729 ,⁸³
3470 5647 3511 5728 il
3558 5647 3687 5701 add.

2714 5745 2801 5801 με.
2843 5722 2895 5783 Ἀ
2936 5726 3032 5780 καὶ
3074 5722 3319 5794 ταρσοὺς
3340 5722 3532 5789 χειρῶν
3560 5732 3682 5787 μου.

2387 5663 2433 5694 ⁸³
2463 5660 2502 5713 Β
2539 5660 2652 5714 ὑπ’.

2556 5731 2669 5783 ἔστ.
