4092 6428
391 420 525 484 1499

1379 424 1867 487 THEODORETI
1894 426 2235 488 EPISCOPI
2270 427 2638 490 CYRENSIS

3507 415 3649 486 two

386 548 540 594 nnn,
585 529 680 585 sed
726 549 743 582 ι
769 547 893 585 cum
936 532 1181 601 principe
1220 535 1368 602 regni
1422 533 1756 599 Persarum,
1785 554 1804 588 ι
1853 536 1961 590 hoc

2068 537 2204 604 σῶν,
2251 538 2387 591 ἀλλά
2422 558 2439 590 ι
2478 537 2555 608 τῷ
2580 536 2799 606 ἄρχοντι
2847 534 3122 604 βασιλείας
3167 533 3428 605 Περσῶν,
3468 551 3485 584 ι
3516 531 3642 586 ἀντὶ

385 636 492 685 est,
523 624 613 676 cui
641 624 808 677 etiam
843 625 895 677 in
938 627 1119 694 ipsum
1150 623 1446 679 Persarum
1478 640 1664 697 regem
1697 628 1963 683 commis-

386 730 508 766 sum
539 720 624 768 est
660 714 973 783 imperium.

460 804 623 861 Vens.
657 806 742 860 15.
790 825 809 858 ι
836 806 1089 872 Cumque
1123 807 1446 876 loqueretur
1477 808 1596 878 ipse
1629 824 1847 865 mecum
1879 824 1968 865 sc-

385 897 627 951 cnndnm
663 898 830 953 verba
866 899 1001 962 haec,
1035 898 1163 954 dedi
1198 898 1398 954 laciem
1434 915 1612 956 meam
1647 902 1703 956 in
1736 911 1963 967 terram,

386 999 439 1042 et
467 998 834 1059 compunctus
862 1006 1007 1046 sum.
1035 1009 1054 1041 ι
1083 991 1221 1045 Cum
1245 991 1410 1045 'enim
1444 992 1725 1049 audissem
1745 1036 1762 1061 ,
1797 1009 1965 1064 ange-

388 1081 564 1135 lorum
603 1096 826 1152 qnoque
880 1082 1162 1152 principes
1199 1098 1343 1153 aegre
1378 1081 1524 1139 t‘erre
1560 1099 1684 1139 eam
1725 1100 1961 1150 curam,

385 1188 507 1242 qua:
556 1173 856 1228 haberetur
911 1188 1038 1243 erga
1099 1175 1362 1243 populum
1395 1214 1412 1239 ,
1468 1176 1713 1231 tristitiae
1768 1191 1966 1232 rursus

385 1267 580 1334 plenus
596 1264 813 1332 dejecto
843 1264 899 1318 in
930 1272 1136 1319 terram
1166 1269 1319 1321 vultu
1343 1269 1580 1333 stabam,
1610 1282 1713 1323 nec
1737 1283 1965 1323 sursum

383 1353 635 1423 aspicere
670 1362 921 1424 poterant
934 1395 947 1408 .

457 1444 625 1501 Vens.
681 1446 785 1511 l6,
844 1445 923 1500 l7.
988 1467 1006 1498 ι
1043 1445 1107 1499 Ει
1140 1461 1271 1501 ecce
1302 1446 1465 1515 quasi
1500 1446 1809 1503 similitudo
1840 1445 1966 1503 Filii

385 1540 400 1558 ’
435 1539 676 1614 hominis
699 1538 881 1608 tetigit
906 1540 1047 1594 labia
1083 1555 1201 1593 mea
1222 1581 1239 1605 ,
1279 1549 1332 1592 et
1357 1541 1578 1593 loeutus
1600 1556 1746 1603 sum,
1770 1549 1825 1594 et
1852 1540 1967 1595 dixi

385 1630 453 1683 ad
489 1638 726 1685 stantem
747 1645 935 1683 coram
962 1645 1084 1685 me:
1114 1629 1363 1697 Domine,
1388 1631 1442 1684 in
1464 1632 1679 1686 visione
1711 1641 1804 1685 tua
1834 1647 1969 1686 cou-

386 1736 543 1776 versa
579 1732 703 1775 sunt
746 1721 1007 1775 interiora
1043 1735 1160 1775 mea
1184 1721 1241 1774 in
1274 1737 1381 1787 me,
1416 1730 1470 1776 et
1501 1737 1633 1778 ecce
1654 1739 1762 1778 non
1793 1723 1970 1778 habeo

385 1813 574 1866 robur.
611 1810 675 1864 Et
722 1812 1003 1879 quomodo
1026 1812 1247 1881 poterit,
1287 1811 1537 1878 Domine,
1582 1828 1783 1869 servus
1814 1820 1965 1881 tuus,

386 1903 533 1971 loqui
561 1916 687 1956 cum
726 1900 960 1955 Domino
986 1915 1107 1956 meo
1147 1900 1290 1955 hoc?
1329 1911 1384 1955 ct
1413 1917 1516 1971 ego
1555 1902 1851 1959 imbecillis
1883 1904 1971 1959 fa-

383 2004 508 2048 ctus
546 2008 701 2059 sum,
732 2000 787 2046 et
820 2007 887 2047 ex
925 1993 1032 2046 hoc
1064 2000 1314 2062 tempore
1339 2008 1451 2047 non
1477 1994 1752 2049 consistet
1789 1995 1845 2050 iu
1883 2011 1971 2051 me

386 2084 593 2150 robur,
636 2092 693 2137 et
740 2083 975 2152 spiritus
1026 2098 1137 2136 non
1175 2092 1265 2138 est
1309 2084 1538 2138 relictus
1577 2086 1733 2139 mihi.
1762 2104 1783 2138 ι
1832 2085 1969 2141 Cum

386 2175 635 2241 vidisset,
664 2175 867 2245 inquit,
896 2190 981 2229 me
997 2174 1182 2229 denuo
1203 2176 1374 2229 animi
1403 2177 1682 2232 anxietate
1704 2178 1968 2246 cruciari,

385 2283 450 2322 ae
473 2268 638 2322 veluti
672 2266 913 2320 humana
943 2265 1182 2335 quadam
1220 2281 1387 2321 manu
1420 2268 1566 2322 labia
1602 2284 1722 2323 mea
1750 2270 1971 2341 attigist-

384 2367 486 2420 set,
516 2357 673 2412 dedit
705 2356 838 2409 mihi
868 2355 1225 2426 colloquendi
1268 2356 1613 2422 facultatem,
1639 2369 1695 2413 et
1719 2358 1834 2413 dixi
1865 2360 1916 2415 ei
1951 2380 1971 2416 ι

385 2445 555 2501 Solus
580 2455 919 2516 conspectus
949 2456 1080 2500 tuus
1111 2460 1308 2501 omnes
1353 2446 1489 2500 mihi
1535 2447 1681 2503 vires
1721 2449 1967 2516 ademit,

383 2537 745 2607 animumque
774 2536 1110 2593 confusione
1144 2551 1211 2592 ac
1247 2537 1667 2606 perturbatione
1700 2540 1968 2610 implevit,

380 2641 436 2683 et
495 2630 730 2700 pristino
787 2629 989 2684 decore
1045 2629 1443 2699 cogitationem
1497 2630 1777 2697 nudavit;
1827 2631 1971 2688 adeo

380 2721 526 2773 enim
558 2720 850 2775 imbecillis
887 2735 998 2788 pra:
1025 2728 1172 2775 metu
1203 2719 1432 2774 ell'cctus
1470 2736 1593 2774 sum
1613 2760 1629 2784 ,
1659 2728 1722 2774 ut
1751 2737 1821 2778 ne
1850 2723 1963 2780 usi-

383 2820 498 2865 tato
526 2811 748 2879 quidem
799 2825 952 2864 more
996 2808 1204 2878 possim
1236 2809 1492 2878 spiritum
1533 2809 1737 2866 dueere
1776 2831 1788 2866 :
1829 2828 1969 2882 quo-

382 2902 546 2955 modo
580 2902 748 2972 igitur
775 2913 971 2971 potero
995 2943 1010 2966 ,
1043 2916 1168 2971 qua:
1220 2915 1248 2954 a
1303 2909 1358 2955 te
1410 2901 1625 2972 1265
1671 2904 1967 2973 dicantur,

384 2992 731 3061 intelligere,
779 2998 877 3044 aut
933 3005 1254 3060 congruens
1310 2990 1546 3045 reddere
1603 2998 1969 3061 responsum?

382 3078 554 3132 Νιιιιιιι
579 3086 760 3134 autem
789 3079 1100 3145 existimet,
1152 3080 1247 3147 qui
1279 3079 1350 3134 ab
1380 3094 1447 3134 eo
1477 3092 1812 3152 conspectus
1848 3099 1962 3155 est,

384 3171 534 3222 illum
558 3184 683 3225 esse
709 3169 1033 3267 Dominum,
1065 3179 1354 3240 propterea
1379 3173 1525 3241 quod
1556 3173 1744 3231 Daniel
1779 3179 1958 3249 ipsum
1991 3210 2034 3267 ο

385 3260 671 3314 Dominum
710 3262 964 3330 appellet.
1001 3260 1093 3318 Sic
1122 3264 1269 3316 enim
1310 3263 1427 3332 ipse
1463 3265 1517 3319 in
1556 3265 1662 3322 [ine
1691 3270 1962 3328 visionis:

388 3371 405 3403 ι
453 3352 738 3420 Sublatis,
784 3354 1004 3422 inquit,
1045 3354 1304 3411 manibus
1344 3357 1465 3412 suis
1511 3357 1565 3413 in
1605 3360 1839 3430 emtum,
1868 3377 1966 3433 per

385 3444 617 3501 Vireme
641 3464 670 3498 ιι
708 3445 1007 3501 υοιιιίιιιιιιι
1032 3446 1241 3515 jnravit
1267 3489 1283 3514 ,
1320 3466 1339 3500 ι
1395 3465 1555 3519 aequo
1587 3453 1774 3508 animo
1808 3470 1965 3511 suam

382 3540 656 3592 conlitens
679 3539 1028 3593 servitutem.
1070 3538 1353 3593 Dominum
1380 3539 1564 3611 itaque
1592 3543 1743 3598 illum
1767 3555 1926 3601 vocat
1947 3524 1981 3615 ,ι

385 3644 493 3681 non
525 3637 584 3681 ut
614 3627 821 3695 Deum,
850 3630 946 3684 sed
983 3630 1251 3684 honorem
1289 3631 1369 3684 illi
1411 3631 1655 3687 debitum
1691 3636 1963 3694 tribuens.

387 3718 598 3774 Etenim
639 3736 742 3775 nos
791 3721 961 3775 etiam
1008 3736 1133 3775 cum
1182 3722 1578 3779 illustrioribus
1613 3727 1746 3783 viris
1793 3730 1968 3786 collo-

385 3820 618 3880 quentes
654 3811 757 3865 hac
784 3813 1158 3881 appellatione
1191 3813 1272 3865 uti
1302 3817 1700 3872 consuevimus
1731 3838 1743 3873 :
1773 3836 1967 3890 quem-

386 3901 680 3957 admodum
714 3903 879 3958 etiam
913 3904 1112 3959 beatus
1145 3904 1420 3957 Abraham
1447 3909 1671 3977 angelos
1702 3918 1761 3964 nt
1798 3912 1970 3966 homi-

386 4008 486 4047 nes
511 3993 899 4063 conspicatus,
924 4003 980 4048 et
1009 4011 1135 4049 eum
1172 3997 1311 4065 ipsis
1337 4037 1352 4061 ,
1387 4006 1450 4051 ut
1485 4015 1613 4053 cum
1648 4002 1968 4062 hominibus

385 4083 745 4154 colloquens:
785 4102 805 4136 ι
833 4086 1096 4152 Obsecro,
1130 4089 1290 4159 dixit,
1330 4091 1559 4147 Donine
1580 4137 1594 4160 ,
1625 4093 1670 4148 si
1704 4094 1967 4151 invenero

383 4171 615 4240 gratiam
645 4173 789 4241 apud
822 4180 877 4228 te
896 4214 910 4237 ,
945 4190 1015 4229 ne
1044 4185 1303 4235 transeas
1336 4196 1520 4236 coram
1553 4197 1714 4239 servo
1739 4193 1835 4239 tuo
1864 4194 1915 4243 1.
1941 4205 1962 4239 ι

387 4261 452 4315 Et
489 4262 647 4318 beata
681 4263 930 4321 Rebecca
972 4267 1118 4322 beati
1155 4270 1459 4327 Abrahami
1494 4288 1652 4330 servo
1687 4294 1701 4331 :
1738 4296 1759 4329 ι
1796 4276 1964 4347 Bibe,

2066 626 2185 693 τοῦ,
2220 630 2313 682 καὶ
2342 628 2508 682 αὐτοῦ
2546 625 2641 681 τοῦ
2689 626 2956 697 βασιλέως
2996 626 3221 696 Περσῶν
3262 624 3452 698 ἄρχειν
3474 624 3513 656 "
3548 641 3647 679 πε-

2067 721 2434 792 πιστευμένῳ.

2140 818 2222 865 ιε’.
2262 830 2282 864 ι
2319 814 2429 866 Καὶ
2479 813 2540 865 ὲν
2590 810 2668 881 τῷ
2710 809 2941 878 λαλῆσαι
2995 809 3158 865 αὑτὸν
3190 808 3308 879 μετ’
3335 805 3471 878 ἐμοῦ
3504 807 3647 861 κατά

2066 902 2192 966 τοὺς
2223 902 2414 971 λόγους
2466 901 2689 965 τούτους
2714 943 2728 962 ,
2780 902 2958 954 ἔδωκα
3006 901 3067 953 τὸ
3099 899 3394 971 πρόσωπόν
3430 916 3531 969 μου
3566 899 3649 961 είς

2065 993 2167 1066 τὴν
2196 996 2335 1065 γῆν,
2393 996 2488 1049 καὶ
2518 993 2841 1065 κατενύγην.
2881 1011 2899 1042 ι
2948 990 3215 1055 Ἀκούσας
3244 990 3386 1062 γὰρ,
3433 989 3515 1042 ὅτι
3553 989 3649 1042 καὶ

2067 1085 2178 1138 τῶν
2203 1084 2452 1154 ἀγγέλων
2482 1086 2531 1138 οί
2558 1083 2763 1155 πρῶτοι
2786 1081 3199 1153 δυσχεραίνουσι
3233 1080 3332 1151 τὴν
3354 1077 3649 1150 γινομένην

2068 1177 2149 1239 είς
2179 1175 2271 1228 τὸν
2320 1174 2445 1227 λαὸν
2493 1174 2848 1244 κηδεμονίαν,
2897 1171 3135 1241 ἀθυμίας
3190 1170 3350 1225 πάλιν
3402 1169 3648 1239 ἀναπλη-

2070 1266 2218 1329 σθεὶς
2272 1268 2631 1335 συγκεκυφὼς
2681 1266 2989 1335 εἱστήκειν,
3056 1264 3152 1317 καὶ
3202 1262 3532 1316 ἀναϐλέπειν
3585 1260 3648 1314 ού

2066 1357 2382 1428 δυνάμενος.

2141 1454 2240 1513 ις’,
2275 1446 2358 1511 ιζ’.
2403 1466 2423 1498 ι
2463 1448 2573 1500 Καὶ
2614 1447 2725 1501 ίδοὺ
2754 1445 2830 1509 ὼς
2874 1445 3132 1516 ὁμοίωσις
3181 1444 3313 1498 Υἱοῦ
3359 1441 3649 1514 ἀνθρώπου

2067 1537 2246 1608 ἥψατο
2272 1537 2381 1591 τῶν
2412 1536 2637 1606 χειλέων
2670 1552 2791 1607 μου,
2819 1536 2915 1589 καὶ
2944 1535 3183 1606 ἐλάλησα
3209 1534 3275 1602 ⁸⁸,
3304 1534 3403 1590 καί
3429 1529 3585 1587 εἷπον
3607 1534 3650 1566 ⁸³

2069 1625 2208 1696 πρὸς
2241 1626 2330 1680 τὸν
2370 1628 2579 1680 ἑστῶτα
2608 1626 2849 1681 ἐναντίον
2888 1644 2990 1697 μου
3015 1644 3028 1657 ·
3082 1625 3289 1696 Κύριε,
3318 1627 3377 1678 ἐν
3419 1628 3484 1697 τῇ
3515 1624 3649 1695 6ρά-

2072 1735 2155 1772 σει
2175 1718 2222 1750 ²⁰
2268 1735 2362 1771 σου
2406 1718 2648 1789 ἐστράφη
2675 1719 2743 1771 τὰ
2774 1720 2927 1783 ἐντός
2960 1735 3063 1788 μου
3112 1718 3171 1770 ὲν
3219 1717 3344 1789 ἐμοὶ
3365 1755 3380 1781 ,
3411 1717 3508 1769 καὶ
3538 1715 3653 1769 ἰδοὺ

2071 1811 2172 1863 οὐκ
2204 1811 2371 1880 ἔχωἰ
2407 1812 2580 1881 ἰσχύν.
2610 1811 2719 1865 Καὶ
2747 1811 2864 1873 πῶς
2890 1810 3201 1881 δυνήσεται,
3232 1808 3429 1880 Κύριε,
3459 1809 3489 1861 ό
3522 1811 3651 1871 παῖς

2075 1919 2170 1955 σου
2217 1902 2449 1974 λαλῆσαι
2499 1902 2638 1973 μετά
2682 1901 2776 1956 τοῦ
2817 1902 3023 1972 Κυρίου
3057 1918 3161 1971 μου
3181 1902 3228 1936 ³³
3254 1900 3491 1966 τούτους
3541 1899 3651 1954 Καὶ

2072 1989 2184 2059 ἐγὼ
2214 1990 2511 2063 ἠσθένησα,
2556 1992 2651 2044 καὶ
2673 1991 2718 2023 ³⁸
2766 1991 2875 2045 ἀπὸ
2922 1990 3019 2045 τοῦ
3063 1989 3160 2044 νῦν
3195 1991 3254 2045 ού
3288 1991 3547 2057 στήσεται
3592 1990 3649 2042 ὲν

2070 2082 2196 2153 ἐμοὶ
2227 2082 2398 2152 ἰσχὺς,
2440 2082 2535 2136 καὶ
2562 2082 2700 2152 πνοὴ
2728 2082 2829 2152 ούχ
2853 2081 3156 2153 ὑπελείφθη
3185 2083 3244 2134 ἐν
3274 2081 3420 2151 ἐμοί.
3457 2099 3476 2132 ι
3513 2079 3651 2132 Θεα-

2072 2171 2308 2241 σάμενός
2347 2189 2414 2243 με
2439 2211 2454 2236 ,
2495 2173 2663 2242 φησὶ,
2710 2172 2874 2226 πάλιν
2904 2172 3145 2240 ἀγωνίας
3174 2170 3462 2225 ἀνάπλεων
3486 2209 3501 2234 ,
3537 2163 3652 2222 οἷόν

2065 2280 2175 2318 τινι
2217 2263 2532 2334 ἀνθρωπεία
2583 2263 2726 2333 χειρὶ
2771 2262 2881 2317 τῶν
2932 2261 3158 2333 χειλέων
3209 2279 3309 2332 μου
3350 2261 3647 2332 ἁψάμενος,

2068 2355 2342 2410 ἑντέθεικέ
2382 2373 2473 2426 μοι
2520 2356 2805 2421 διαλέξεως
2837 2355 3068 2427 δύναμιν
3094 2395 3109 2420 ,
3161 2355 3255 2409 καί⁸
3287 2350 3440 2406 εἷπον
3478 2352 3648 2422 αύτιῖι,

2068 2449 2151 2501 ὅτι
2189 2450 2298 2502 Καὶ
2327 2450 2465 2519 μόνη
2496 2466 2590 2502 σου
2622 2450 2656 2520 ἡ
2702 2448 2907 2519 θεωρία
2950 2447 3235 2518 δυνάμεως
3291 2445 3391 2516 μὲν
3430 2444 3649 2514 ἀπάσης

2068 2541 2273 2613 ἔρημόν
2316 2559 2385 2613 με
2444 2542 2750 2612 κατέστησε
2771 2543 2840 2606 ³⁸,
2896 2538 3126 2610 θορύϐου
3179 2555 3240 2592 τε
3276 2538 3368 2592 καί
3399 2538 3650 2607 ταραχῆς

2066 2631 2165 2704 τὴν
2189 2632 2368 2704 ψυχὴν
2399 2632 2671 2704 ἀνέπλησε
2688 2633 2734 2664 ’⁸
2758 2672 2773 2698 ,
2818 2632 2914 2686 καὶ
2955 2631 3057 2701 τῆς
3088 2630 3359 2702 προτέρας
3396 2627 3649 2693 εὐταξίας

2067 2726 2163 2780 τὸν
2192 2724 2451 2795 λογισμὸν
2495 2724 2835 2796 ἐγύμνωσεν.
2886 2723 3168 2795 Τοσαύτην
3205 2722 3316 2792 γὰρ
3363 2720 3650 2776 ἀσθένειαν

2067 2814 2134 2867 ἐκ
2165 2813 2260 2867 τοῦ
2302 2814 2459 2877 δέους
2490 2814 2758 2886 ἐδεξάμην
2779 2854 2794 2877 ,
2825 2813 2903 2877 ὡς
2941 2813 3076 2883 μηδὲ
3115 2812 3361 2881 συνήθως
3391 2810 3651 2864 ἀναπνεῖν

2065 2904 2327 2959 δύνασθαι
2355 2905 2447 2959 τὸν
2475 2904 2616 2979 ἀέρα
2638 2921 2655 2939 ·
2706 2906 2823 2969 πῶς
2855 2900 2949 2959 οὖν
2977 2903 3316 2972 δυνήσομαι,
3345 2901 3379 2969 ἢ
3413 2898 3650 2953 συνιέναι

2064 2996 2174 3052 τῶν
2209 2997 2317 3052 ὑπὸ
2376 2999 2470 3052 σοῦ
2524 2998 2878 3069 λεγομένων,
2923 2996 2958 3067 ἢ
2996 2996 3290 3067 ἀπόκρισιν
3316 2994 3418 3064 τὴν
3443 2992 3652 3064 ἁρμότ-

2064 3107 2265 3144 τουσαν
2293 3089 2600 3143 ἀντιδοῦναι
2623 3104 2641 3156 ;
2667 3088 2873 3161 Μηδεὶς
2897 3087 2954 3141 δὲ
2978 3085 3271 3157 νομιζέτω,
3297 3085 3392 3138 τὸν
3415 3082 3653 3152 ὀφθέντα

2066 3182 2229 3239 αύτδν
2275 3178 2418 3235 εἶναι
2443 3180 2536 3234 τὸν
2585 3180 2892 3252 Δεσπότην,
2931 3178 3117 3248 ἐπειδὴ
3163 3178 3385 3246 Κύριον
3428 3175 3592 3229 αὐτὸν
3623 3173 3655 3225 ό

2068 3272 2269 3344 Δανιὴλ
2297 3270 2718 3343 προσαγορεύει.
2752 3263 2923 3334 υῦτος
2965 3269 3075 3340 γὰρ
3121 3268 3283 3331 αὐτὸς
3311 3268 3369 3321 ὲν
3400 3266 3480 3337 τῷ
3511 3263 3654 3319 τέλει

2066 3367 2164 3436 τῆς
2192 3364 2456 3428 ὀπτασίας
2481 3380 2495 3395 ·
2534 3382 2554 3415 ι
2602 3361 2936 3426 Ἀνατείνας,
2969 3360 3158 3432 φησὶν,
3195 3361 3278 3423 είς
3300 3358 3393 3412 τὸν
3423 3356 3655 3429 οὐρανὸν

2067 3454 2167 3518 τὰς
2202 3456 2393 3527 χεῖρας
2431 3452 2635 3518 αὐτοῦ,
2688 3451 2907 3524 ὤμοσεν
2939 3452 2997 3504 ὲν
3029 3448 3108 3520 τῷ
3163 3448 3328 3514 ζῶντι
3376 3447 3587 3519 Κυρίῳ,
3629 3464 3649 3496 ι

2068 3547 2168 3617 τὴν
2192 3545 2438 3600 δουλείαν
2487 3544 2850 3614 εὐγνωμόνως
2886 3540 3189 3613 ὁμολογῶν.
3228 3540 3446 3609 Κύριον
3473 3538 3655 3591 τοίνυν

2068 3638 2231 3692 αὐτὸν
2266 3637 2532 3691 ἀποκαλεί
2551 3638 2620 3702 ⁸⁸,
2670 3636 2771 3706 οὐχ
2817 3635 2894 3698 ὡς
2919 3633 3090 3698 Θεὸν,
3138 3631 3277 3687 ἀλλὰ
3324 3632 3492 3700 τιμὴν
3521 3631 3656 3683 ἀπο-

2068 3730 2250 3798 νέμων
2292 3729 2392 3799 τὴν
2423 3727 2828 3798 προσήκουσαν.
2875 3723 2987 3779 Καὶ
3035 3722 3146 3793 γὰρ
3179 3723 3340 3793 ἡμεῖς
3371 3722 3484 3783 τοῖς
3514 3721 3657 3775 ὲντι-

2073 3821 2323 3892 μοτέροις
2348 3819 2458 3874 τῶν
2484 3818 2789 3890 ἀνθρώπων
2816 3815 3211 3886 διαλεγόμενοι,
3241 3812 3419 3883 τούτῳ
3453 3812 3656 3883 κεχρῆ-

2072 3913 2195 3967 σθαι
2215 3911 2487 3982 εἰώθαμεν
2507 3910 2586 3982 τῷ
2604 3910 2974 3982 προσρήματι,
2999 3907 3189 3977 ὥσπερ
3212 3905 3308 3959 καὶ
3333 3908 3361 3959 ό
3385 3904 3655 3976 μακάριος

2082 4003 2335 4076 ’Δϐραάμ
2372 4004 2499 4066 τοὺς
2531 4001 2798 4071 ἀγγέλους
2826 3999 2904 4063 ὡς
2935 3999 3136 4069 ἀνδρας
3166 3997 3522 4068 θεασάμενος,
3558 3997 3657 4051 καὶ

2070 4097 2146 4161 ὠς
2170 4096 2396 4168 ἀνδράσι
2439 4094 2819 4164 διαλεγόμενος
2843 4108 2860 4125 ο
2896 4111 2916 4144 ι
2962 4089 3163 4161 Δέομαί
3188 4129 3204 4156 ,
3241 4089 3410 4159 Κύριε
3434 4128 3452 4154 ,
3479 4084 3654 4152 εἶπεν,

2071 4190 2121 4241 εί
2153 4189 2261 4260 ἄρα
2291 4181 2460 4259 ηὗρον
2491 4185 2652 4257 χάριν
2683 4183 2926 4239 ἐναντίον
2956 4198 3050 4235 σου
3073 4223 3088 4247 ,
3130 4180 3206 4252 μὴ
3250 4180 3530 4252 παρέλθῃς
3560 4178 3657 4233 τὸν

2071 4278 2239 4333 παῖδά
2264 4278 2308 4309 ³⁷
2343 4294 2458 4330 σου.
2496 4295 2515 4329 ι
2546 4276 2658 4330 Καὶ
2679 4278 2712 4346 ἡ
2739 4273 2987 4345 μακαρία
3008 4275 3054 4306 ’⁸
3087 4272 3352 4327 Ῥεϐέκκα
3373 4270 3448 4341 τῷ
3468 4271 3659 4343 οἰκέτῃ

386 4354 594 4422 inquit,
625 4353 867 4421 domine,
894 4365 949 4411 et
978 4360 1206 4416 camelis
1229 4363 1341 4417 tuis
1369 4364 1622 4419 hauriam
1642 4380 1841 4436 aquam
1867 4377 1911 4422 ι.
1939 4388 1959 4421 ι

2068 4372 2164 4424 τοῦ
2201 4369 2475 4441 μακαρίου
2522 4367 2810 4438 ’Δϐραάμο
2852 4384 2872 4417 ι
2921 4365 3057 4430 Πίε,
3102 4363 3274 4434 φησὶ,
3325 4362 3521 4434 κύριε,
3561 4363 3658 4415 καὶ

386 4446 560 4513 Igitur
588 4446 693 4502 hoc
720 4448 891 4502 etiam
921 4448 1046 4505 loco
1080 4451 1334 4508 Dominus
1365 4470 1476 4510 non
1506 4471 1686 4512 rerum
1718 4463 1964 4515 omnium

2068 4466 2189 4526 ταῖς
2217 4463 2486 4534 καμήλοις
2512 4476 2607 4513 σου
2635 4458 2989 4529 ὑδρεύσομαι.
3020 4476 3039 4509 ι
3063 4454 3274 4510 υύκοῦν
3303 4457 3395 4509 καὶ
3419 4454 3655 4509 ὲνταῦθα

384 4545 665 4593 auctorem
702 4540 988 4611 significat
1036 4541 1207 4599 Deum
1239 4561 1253 4597 :
1304 4547 1454 4617 quod
1485 4550 1731 4619 apertius
1760 4569 1824 4607 ex
1862 4553 1967 4608 ﬁne

2069 4554 2131 4607 τὸ
2182 4553 2400 4621 Κύριος
2445 4552 2507 4605 οὐ
2552 4550 2645 4604 τδν
2696 4549 2807 4602 τῶν
2841 4550 2978 4602 ὅλων
3033 4546 3290 4618 σημαίνει
3331 4548 3464 4601 Θεόν
3487 4563 3501 4577 ·
3558 4547 3657 4600 καὶ

384 4643 803 4696 cognoscemus,
841 4633 1065 4689 interim
1094 4643 1277 4691 autem
1310 4638 1626 4695 inStitutum
1659 4657 1964 4713 persequa-

2068 4641 2228 4697 τοῦτο
2279 4643 2616 4711 σαφέστερον
2664 4641 2730 4693 ὲκ
2793 4637 2888 4691 τοῦ
2944 4638 3137 4701 τέλους
3184 4636 3653 4708 γνωρισόμεθαυ,

387 4737 530 4775 ιιιιιιε.
2068 4733 2207 4797 τέως
2235 4734 2294 4787 δὲ
2323 4734 2423 4803 τῆς
2459 4730 2779 4793 ἀκολουθίας
2812 4728 3087 4799 ἐχώμεθα.

2140 4831 2233 4897 ιη’,
2268 4825 2355 4879 ιθί.
2394 4842 2414 4876 ι
2446 4824 2559 4879 Καὶ
2584 4822 2901 4893 προσέθετο,
2927 4822 3082 4891 φησὶ,
3107 4820 3204 4874 καὶ
3234 4819 3413 4890 ἣψατό
3444 4836 3546 4889 μου
3575 4819 3656 4883 ὼς

384 4906 603 4972 quidam
637 4908 813 4964 instar
836 4910 1103 4977 hominis,
1154 4921 1205 4967 et
1243 4916 1629 4971 corroboravit
1658 4932 1762 4981 me,
1793 4927 1847 4973 et
1881 4918 1968 4974 di-

2068 4920 2251 4992 ὅρασις
2290 4915 2601 4987 ἀνθρώπου,
2669 4914 2767 4966 καὶ
2825 4912 3073 4983 ὲνίσχυσέ
3110 4928 3200 4981 με,
3235 4912 3332 4964 καὶ
3358 4906 3482 4963 εἶπέ
3517 4927 3610 4980 μοι
3634 4926 3649 4943 ·

390 4998 466 5049 xit
494 4998 629 5053 mihi
667 4997 782 5055 :Ne
831 5002 1048 5070 timeas,
1087 5004 1170 5057 vir
1211 5004 1639 5069 desideriorum,
1695 5022 1796 5076 pax
1844 5010 1965 5079 tibi,

2068 5011 2157 5084 Μὴ
2185 5009 2376 5080 φοϐοῦ,
2402 5008 2544 5079 ἀνὴρ
2572 5007 2617 5039 ³⁰
2649 5005 2979 5076 ἐπιθυμιῶν,
3009 5005 3202 5076 εἰρήνη
3246 5019 3351 5069 σοι,
3376 5003 3652 5073 ἀνδρίζου,

389 5088 618 5142 viriliter
640 5100 827 5160 agc,et
847 5100 968 5148 esto
997 5093 1280 5149 robustus.
1310 5095 1454 5150 olloc
1484 5108 1588 5160 est,
1614 5114 1680 5153 ne
1696 5101 1968 5160 sollicitus

2073 5106 2171 5160 καὶ
2193 5103 2365 5175 ἴσχυε.
2396 5120 2415 5153 ι
2459 5099 2605 5155 Ἀντί
2656 5097 2751 5152 τοῦ
2773 5115 2788 5127 ⁸
2841 5095 3026 5168 Μηδὲν
3067 5094 3415 5167 ἀγωνιάσῃςο
3439 5095 3502 5149 ού
3541 5095 3661 5167 γὰρ

387 5179 486 5246 sis,
521 5195 698 5250 neque
719 5182 866 5237 enim
899 5192 955 5238 ut
985 5184 1302 5240 detrimenti
1331 5189 1538 5259 aliquid
1577 5190 1676 5246 tibi
1714 5192 1963 5251 aﬂ'errem

2073 5198 2168 5251 ἐπὶ
2194 5195 2344 5267 λύμῃ
2375 5211 2469 5248 σου
2501 5190 2907 5266 παρεγενόμην,
2938 5187 3054 5246 ἀλλ’
3078 5186 3222 5241 ὥστε
3249 5186 3517 5258 γνωρίσαι
3543 5203 3649 5252 σοι,

461 4812 624 4870 ναις.
650 4815 738 4881 18,
768 4817 851 4871 l9.
886 4836 906 4870 ι
932 4819 999 4873 Et
1037 4819 1271 4886 addidit,
1310 4822 1512 4893 inquit.
1557 4833 1611 4878 et
1645 4825 1826 4894 tetigit
1877 4842 1964 4883 me

457 5339 487 5382 1
516 5333 652 5390 Gen.
673 5349 830 5402 xvm,
857 5335 910 5390 5.
990 5345 1012 5373 ι
1040 5334 1174 5393 Gen.
1200 5355 1348 5408 xxiv,
1382 5341 1472 5399 44.

1707 5498 1941 5557 VARI/li
1978 5498 2379 5556 LECTIONES.

483 5589 526 5663 ξ’
569 5586 610 5641 Β
641 5587 930 5663 ἀρχήνιὶη-
960 5588 1202 5663 margine
1235 5592 1445 5662 ἄρχειν.
1528 5594 1572 5627 ’⁸
1603 5593 1682 5647 ὲλ.
1712 5593 1761 5663 Α,
1790 5604 1843 5647 ct
1869 5593 1908 5644 Β
1927 5608 2110 5657 pran
2134 5595 2227 5648 καὶ
2259 5594 2445 5663 ηνοιξα
2474 5594 2534 5647 τὸ
2562 5595 2895 5663 στόμαγνμου.
2920 5662 2927 5663 7
2977 5591 3019 5663 ’τ
3054 5591 3094 5646 Α
3120 5599 3174 5646 et
3198 5586 3410 5663 Βεῒπα.
3488 5591 3641 5663 "dp.

394 5663 431 5732 ι)
465 5658 745 5732 ﬁrmata."
770 5658 791 5732 ί
820 5658 861 5732 ’ξ
895 5660 945 5732 ,Λ
988 5659 1164 5728 ἔσχον.
1240 5658 1286 5732 ’ἦ
1310 5658 1448 5731 μου.
1486 5664 1610 5718 Des.
1645 5664 1699 5717 in
1744 5662 1783 5714 Β
1880 5664 1926 5693 ³³
1957 5662 2079 5732 ἡσθ.
2116 5664 2231 5717 καί.
2281 5658 2405 5718 Des.
2438 5665 2489 5716 in
2522 5670 2582 5717 Α.
2661 5658 2706 5695 δ”
2735 5658 2785 5714 Π
2809 5679 2874 5731 με
2902 5661 3183 5732 ἀπέφηνεν
3212 5661 3439 5732 ἔρημον,
3531 5658 3649 5714 ΤΒ

392 5727 570 5796 ψυχήν
619 5727 720 5797 μόυ
777 5729 1112 5852 ἀπλἼξωσεν-
1191 5727 1408 5786 "dicit
1494 5734 1532 5786 Β
1574 5750 1761 5804 prtem.
1812 5733 1840 5786 ό
1902 5727 2095 5804 Δανιήλ
2194 5734 2236 5765 ²⁷
2280 5735 2459 5789 παῖδα.
2511 5732 2550 5785 Β
2586 5727 2820 5789 ϐούλοι’
2868 5731 2913 5761 ’⁸⁸
2963 5727 3094 5801 μακζ
3147 5730 3185 5782 Β
3218 5727 3338 5786 ιιίΙιΪ.
3378 5731 3453 5786 δέ.
3533 5733 3576 5764 ’⁵
3608 5733 3652 5784 Β

397 5795 737 5864 γνωσόμεθα.
816 5799 861 5830 ³ο
965 5798 1114 5867 ἄνερ.
