4092 6392
413 368 545 432 1500

1637 371 1724 430 ῘΝ
1762 370 2122 430 ΒΛΝΙΕΙᾸΞ
2158 368 2314 430 CAP.
2353 372 2458 432 XI.

3527 373 3660 438 1510

408 489 464 540 λε
477 492 658 557 μαῖον,
691 489 1060 560 ἐπικληθέντα
1111 489 1167 542 δὲ
1197 490 1261 520 ⁶⁹⁶
1328 487 1631 556 Ἐπιφανῆ,
1661 486 1982 540 κακοπαθεῖη

2100 487 2270 540 multa
2303 488 2660 550 sustinerent,
2695 496 2748 541 et
2780 489 2974 543 eodem
3027 501 3153 549 tam,
3190 491 3335 543 victo
3378 505 3540 560 quam
3589 495 3668 546 νὶ-

407 581 724 634 συνέϐαινεν
746 582 950 644 αὐτοῖς,
974 581 1068 633 καὶ
1095 579 1352 642 νικῶντος
1375 579 1536 632 αὐτοῦ
1555 580 1602 610 ⁷ο
1634 579 1726 631 καὶ
1761 579 1988 632 πταίον-

404 687 498 734 τος
528 673 594 724 τά
639 673 778 725 αὐτὰ
837 671 1089 740 πάσχειν.
1129 689 1148 722 ι
1175 671 1283 725 Καὶ
1309 671 1448 740 μετά
1498 670 1703 740 βραχέα
1723 688 1735 699 ·
1767 689 1785 720 ι
1819 669 1991 740 Νική-

406 780 508 826 σας
563 764 768 833 μέντοι,
813 764 947 834 φησὶ
979 765 1046 825 ⁷⁸,
1097 763 1187 814 τὸν
1227 763 1561 832 Πτολεμαῖον
1611 765 1639 815 ὁ
1698 761 1988 830 Ἀντίοχος,

405 855 507 923 τὴν
559 853 822 906 Ἰουδαίαν
878 853 1238 922 προσάγεται.
1297 852 1732 920 Τελευτήσαντος
1779 850 1835 902 δὲ
1895 848 1986 902 τοῦ

401 945 774 1017 Φιλοπάτορος
804 947 832 998 6
861 947 988 1008 παῖς
1020 943 1188 997 αὑτοῦ
1244 944 1488 1012 μεγάλην
1520 941 1793 1010 ἐξέπεμψε
1831 941 1989 994 δύνα-

409 1055 524 1106 μιν,
558 1037 652 1089 καὶ
697 1034 1004 1105 στρατηγὸν
1036 1033 1128 1086 τὸν
1157 1035 1226 1065 ⁷⁸·
1254 1034 1470 1086 Σκοπᾶν
1507 1031 1598 1084 ἐπὶ
1639 1030 1766 1092 τοὺς
1821 1032 1876 1082 ἐν
1920 1032 1986 1099 τῇ

407 1129 576 1198 Κοίλῃ
621 1127 791 1197 Συρίᾳ
812 1141 825 1155 ·
849 1126 907 1188 ὃς
953 1124 1155 1188 πολλάς
1185 1142 1245 1177 τε
1276 1124 1454 1177 αὐτῶν
1477 1123 1660 1186 πόλεις
1686 1121 1866 1181 ἔλαϐε,
1893 1121 1987 1174 καὶ

403 1218 467 1270 τὸ
520 1218 789 1288 ἡμέτερον
829 1216 1016 1279 ἔθνοςο
1051 1214 1460 1284 πολεμούμενον
1498 1214 1606 1284 γὰρ
1635 1211 1783 1281 αύτῷ
1821 1230 1985 1282 προσ-

404 1307 580 1361 έθετο.
628 1308 763 1360 Μετ’
792 1308 850 1359 ού
886 1307 1021 1359 πολὺ
1044 1305 1101 1359 δὲ
1131 1306 1221 1357 τὸν
1251 1307 1468 1357 Σκοπᾶν
1491 1306 1519 1355 6
1557 1304 1826 1372 Ἀντίοχος
1860 1305 1987 1373 νικᾷ⁴

405 1398 700 1468 συμϐαλὼν
747 1397 896 1467 αὑτῷ
954 1398 1091 1466 πρὸς
1148 1400 1267 1458 ταῖς
1315 1398 1517 1465 πηγαῖς
1547 1394 1638 1446 τοῦ
1695 1393 1980 1465 Ἰορδάνου,

403 1489 499 1540 καὶ
533 1487 734 1557 πολλὴν
764 1486 926 1539 αὑτοῦ
950 1487 1050 1556 τὴν
1075 1485 1366 1556 στρατείαν
1391 1488 1436 1517 ’¹²
1460 1485 1791 1555 διέφθειρενσ
1831 1483 1986 1536 ὓστε-

407 1591 502 1641 ρον
548 1573 624 1633 δὲ.
665 1574 938 1642 Ἀντιόχου
979 1576 1392 1644 χειρωσαμένου
1453 1573 1551 1637 τὰς
1598 1575 1656 1626 ὲν
1703 1577 1770 1644 τῇ
1815 1574 1984 1644 Κοίλῃ

405 1664 574 1734 Συρίᾳ
608 1665 810 1727 πόλεις,
834 1663 900 1727 ἃς
924 1665 951 1716 6
984 1666 1201 1728 Σκοπᾶς
1239 1667 1592 1735 κατεσχήκει,
1634 1665 1729 1717 καὶ
1764 1663 1860 1734 τὴν
1883 1667 1987 1716 Ea-

406 1756 660 1826 μάρειαν,
715 1755 977 1818 ἑκουσίως
1031 1755 1180 1826 αὐτῷ
1232 1756 1560 1826 προσέθεντο
1621 1756 1865 1808 Ἰουδαῖοι
1915 1756 1982 1821 ⁷³,

2093 583 2248 632 ctore
2281 578 2475 632 eadem
2517 586 2859 650 paterentur.
2898 600 2914 631 ι
2947 580 3024 634 Ac
3057 583 3218 650 paulo
3258 594 3420 650 post:
3451 602 3469 634 ‹
3496 584 3665 637 (Ium-

2091 682 2198 735 que
2251 668 2496 735 vicisset,
2549 671 2750 742 inquit,
2811 671 3164 728 Ptolematum
3199 674 3530 732 Antiochus.
3577 676 3669 730 Ju-

2090 755 2260 811 dtL-am
2317 756 2632 829 occupavit.
2693 763 2812 816 Vita
2861 779 2992 817 vero
3045 764 3233 819 tuneto
3293 766 3663 836 Philopatore,

2093 847 2234 902 ﬁlius
2269 849 2390 917 ejus
2423 867 2679 921 magnum
2717 855 2868 908 misit
2909 857 3237 920 exercitum,
3275 857 3418 913 duce
3463 859 3662 928 Scopa.

2088 949 2283 994 contra
2317 947 2521 1013 eosqui
2551 954 2710 998 erant
2739 947 2794 999 in
2833 947 3173 1019 Caele-Syria
3201 969 3214 1004 :
3252 951 3346 1020 qui
3381 958 3434 1004 et
3463 953 3666 1008 multas

2088 1046 2280 1085 eorum
2300 1033 2442 1102 cepit
2462 1035 2646 1098 urbes,
2677 1046 2731 1090 et
2763 1046 3007 1091 nostram
3057 1047 3296 1107 gentem,
3325 1053 3443 1108 qua;
3487 1041 3667 1095 debel-

2089 1121 2198 1174 lata
2255 1123 2519 1193 adjuncta
2566 1134 2649 1180 est
2685 1127 2756 1181 ei.
2795 1126 2905 1182 Nec
2952 1131 3128 1184 multo
3187 1141 3309 1200 post
3357 1132 3666 1187 Antiochus

2091 1211 2320 1282 Scopam
2357 1215 2490 1269 vicit
2521 1217 2586 1270 ad
2629 1216 2814 1273 fontes
2864 1218 3122 1277 Jordanis
3154 1237 3278 1276 cum
3310 1238 3376 1277 eo
3405 1239 3664 1294 congres-

2089 1319 2209 1370 sus,
2263 1320 2327 1358 ac
2381 1322 2632 1376 magnam
2668 1309 2816 1362 illius
2865 1312 3140 1365 exercitus
3191 1321 3397 1380 partem
3439 1314 3661 1366 occidit.

2087 1393 2278 1449 Postea
2313 1413 2443 1450 vero
2479 1412 2601 1450 eum
2637 1398 2950 1455 Antiochus
3003 1404 3165 1456 urbes
3221 1404 3272 1456 in
3325 1405 3664 1474 Coele-Syria

2088 1478 2596 1559 subegissetfquas
2632 1491 2842 1561 Scopas
2877 1505 3198 1564 occuparat.
3245 1504 3300 1549 et
3335 1496 3664 1556 Samariam.

2088 1590 2282 1647 SpOItle
2317 1581 2382 1634 ad
2422 1597 2546 1634 eum
2583 1599 2642 1637 se
2671 1585 2976 1652 aaljunxere
3006 1585 3204 1652 Judzei,
3244 1598 3577 1658 receptoque
3615 1590 3665 1640 in

2087 1671 2310 1725 civitate
2339 1672 2486 1724 omni
2530 1677 2652 1741 ejus
2696 1677 2967 1740 exercitu,
3021 1685 3074 1732 et
3122 1680 3414 1744 militibus,
3466 1685 3523 1733 et
3561 1679 3668 1733 elc-

2088 1759 2332 1829 phantis,
2370 1761 2589 1817 abunde
2619 1773 2988 1820 commeatum
3029 1767 3333 1836 prmbuere,
3379 1776 3434 1821 et
3475 1770 3664 1836 praesi-

407 1845 498 1895 κα¹ι
527 1846 591 1913 τῇ
620 1845 771 1896 πόλει
803 1844 1110 1914 δεξάμενοι,
1145 1845 1326 1897 πᾶσαν
1357 1843 1426 1874 ⁷³⁶
1452 1844 1622 1897 αὑτοῦ
1645 1846 1714 1914 τῇ
1737 1860 1794 1895 τε
1828 1860 1982 1913 στρα-

2088 1850 2176 1904 dia
2205 1865 2235 1904 a
2265 1849 2441 1922 Scopa
2483 1854 2537 1907 in
2573 1870 2700 1911 arce
2735 1856 3240 1928 Hierosolymorum
3291 1859 3484 1912 relicta
3518 1861 3666 1912 obsi—

400 1935 522 2004 τεία
553 1935 646 1986 καὶ
681 1936 793 1996 τοῖς
821 1935 1077 2002 ἐλέφασιν
1111 1934 1372 2002 ἀφθονίαν
1409 1933 1704 2003 παρέσχον,
1741 1933 1985 1996 καὶτοὺς

401 2026 507 2077 ὑπὸ
553 2025 649 2077 τοῦ
677 2025 724 2056 ⁷⁵
755 2026 942 2078 Σκοπᾶ
989 2025 1451 2094 καταλειφθέντας
1479 2027 1536 2077 ὲν
1566 2027 1632 2094 τῇ
1683 2024 1829 2094 ἄκρᾳ
1875 2023 1985 2076 τῶν

418 2116 808 2187 Ἰεροσολύμων
886 2116 1158 2187 φρουροὺς
1236 2115 1613 2187 πολιορκοῦντι
1689 2113 1985 2186 προθύμως

2091 1941 2237 1996 denti
2289 1944 2552 1999 alacriter
2596 1962 2753 2016 apem
2804 1949 2999 2004 tulere.
3049 1969 3066 2000 ι
3110 1949 3175 2002 Ει
3206 1966 3278 2004 ne
3325 1952 3430 2004 alia
3478 1963 3666 2020 perse-

2091 2049 2268 2102 quens
2323 2036 2467 2090 ultra
2522 2039 2746 2093 modum
2800 2043 3093 2096 extendam
3125 2043 3403 2108 volumen,
3456 2044 3521 2096 ad
3575 2044 3667 2095 illa

2091 2125 2365 2180 volentem
2405 2129 2646 2184 remitto.

401 2209 840 2278 συνεμάχησαν.»
875 2210 988 2261 Kal.
1009 2209 1096 2261 ἵνα
1126 2207 1203 2279 μή
1225 2209 1319 2261 καὶ
1351 2210 1420 2262 τὰ
1449 2208 1583 2261 ἄλλα
1614 2207 1790 2276 λέγων
1842 2208 1986 2280 πέρα
2023 2217 2119 2268 τοῦ
2193 2218 2396 2290 μέτρου
2470 2222 2696 2292 μηκύνω
2722 2223 2783 2276 τὸ
2809 2224 3167 2297 σύγγραμμα,
3211 2227 3291 2289 εἰς
3343 2224 3526 2280 ἐκεῖνα
3577 2225 3668 2277 τὶν

401 2298 727 2369 βουλόμενον
752 2301 1110 2370 παραπέμπω
1131 2301 1198 2355 ⁷⁸.

474 2395 541 2456 θ’,
571 2402 653 2448 ι’.‹
693 2397 802 2448 Kal.
827 2395 1218 2457 εἰσελεύσεται,
1247 2395 1432 2465 φησιν,
1464 2395 1544 2457 εἰς
1575 2394 1676 2464 τὴν
1701 2393 1984 2463 βασιλείαν

412 2487 506 2539 τοῦ
540 2487 802 2557 βασιλέως
834 2489 880 2520 ⁷⁸
911 2487 1003 2540 τοῦ
1031 2487 1203 2540 Νότου
1227 2527 1242 2551 ,
1274 2489 1368 2540 καὶ
1398 2486 1727 2556 ἀναστρέψει
1773 2487 1853 2550 εἰς
1883 2488 1982 2559 τὴν

403 2579 509 2648 γῆν
536 2579 723 2634 αὑτοῦ.
753 2581 864 2634 Καὶ
892 2581 942 2633 οἰ
976 2581 1083 2634 υἱοὶ
1111 2581 1278 2633 αὑτοῦ
1332 2579 1652 2644 συνάξουσιν
1699 2581 1855 2650 ὄχλον
1885 2583 1979 2636 δυο

403 2673 620 2743 νάμεων
651 2674 914 2727 πολλῶν.»
959 2673 1134 2740 Υἱοὺς
1160 2673 1214 2726 δὲ
1263 2673 1448 2726 αὐτοῦ
1475 2673 1630 2726 καλεῖ
1676 2675 1776 2744 τὴν
1811 2693 1982 2746 στρα-

398 2762 552 2816 τείαν
575 2765 640 2796 ⁷⁶⁴
672 2764 1160 2833 πεπιστευμένους,
1194 2764 1268 2827 ὡς
1323 2765 1472 2826 υἱοὺς
1503 2764 1807 2834 ἀνθρώπων
1854 2767 1982 2828 τοὺς

399 2855 746 2928 ἀνθρώπους,
779 2856 873 2910 καὶ
907 2857 1056 2919 υἰοὺς
1109 2857 1218 2908 τῶν
1247 2857 1291 2888 ⁷⁷
1327 2857 1623 2927 προφητῶν
1673 2858 1799 2919 τοὺς
1849 2875 1986 2928 προ-

399 2947 616 3016 φήτας⁹
657 2946 855 3017 ίδίωμα
905 2947 1014 3017 γάρ
1063 2949 1178 3000 ἐστι
1211 2947 1310 3014 τῆς
1364 2947 1629 3016 Ἐδραίων
1675 2947 1979 3008 διαλέκτου,

404 3058 428 3092 ι
465 3041 574 3094 Καὶ
617 3039 985 3092 εἰσελεύσεται
1033 3039 1346 3108 ἐρχόμενος,
1388 3040 1484 3091 καὶ
1535 3037 1916 3100 κατακλύξων.
1957 3058 1974 3090 ι

2161 2398 2328 2458 Vens.
2371 2405 2424 2464 9.
2483 2404 2568 2459 10.
2611 2423 2630 2456 ‹
2679 2403 2746 2458 Ει
2797 2406 3163 2476 ingredietur,
3214 2402 3414 2478 inquit,
3475 2407 3528 2462 in
3581 2423 3667 2464 re-

2083 2510 2250 2566 gnum
2286 2497 2430 2565 regis
2460 2497 2667 2562 Austri,
2702 2506 2757 2550 et
2792 2507 3103 2553 revertetur
3137 2499 3204 2554 ad
3247 2510 3449 2554 terram
3486 2516 3664 2556 suam.

2089 2587 2150 2640 Et
2184 2587 2418 2654 ﬁliiejus
2449 2598 2647 2658 cogent
2680 2591 2899 2644 turbam
2925 2592 3270 2646 exercituum
3301 2595 3659 2648 multoruma

2089 2677 2255 2732 Filios
2293 2689 2472 2733 autem
2499 2681 2612 2748 ejus
2643 2690 2802 2735 vocat
2832 2699 2952 2746 eos,
2988 2683 3191 2753 quibus
3229 2684 3508 2740 militandi
3545 2702 3666 2741 mu-

2085 2787 2191 2825 nus
2227 2771 2544 2843 impositum
2592 2774 2796 2839 fuerat,
2847 2776 3010 2830 sicuti
3058 2776 3203 2832 ﬁlios
3239 2777 3524 2831 hominum
3568 2777 3668 2830 ho—

2089 2862 2286 2925 mines,
2340 2870 2394 2917 et
2425 2863 2568 2918 ﬁlios
2613 2865 3009 2934 prophetarum
3046 2867 3365 2936 prophetas,
3399 2868 3546 2937 quod
3580 2877 3666 2923 est

2089 2948 2438 3005 Hebraeorum
2475 2953 2677 3020 linguae
2711 2952 2937 3007 idioma.
2988 2950 3205 3026 1274
3237 2974 3256 3007 ι
3300 2955 3363 3008 Et
3392 2957 3666 3026 ingredie-

2087 3049 2178 3094 tur
2214 3042 2456 3104 veniens,
2493 3051 2545 3095 et
2589 3043 2886 3098 inundans.
2939 3062 2958 3095 ι
2994 3041 3111 3097 Hoc
3156 3052 3262 3109 est,
3293 3060 3417 3098 cum
3461 3045 3662 3116 impetu

418 3130 571 3182 ’Λντὶ
618 3129 736 3193 τοῦ,
776 3129 922 3200 ῥύμῃ
947 3129 1267 3199 φερόμενος,
1291 3130 1384 3181 καὶ
1411 3128 1799 3197 κατακλυσμοῦ
1828 3129 1982 3200 δίκην

2091 3131 2331 3189 irruens.
2383 3143 2434 3186 et
2486 3132 2678 3186 diluvii
2733 3135 2907 3188 instar
2951 3137 3136 3189 omnia
3186 3136 3501 3192 destruens.
3545 3156 3562 3188 ι
3603 3137 3667 3190 Ει

321 3251 324 3254 ~
399 3223 619 3277 ἅπαντα
640 3221 986 3292 διαφθείρων.
1019 3240 1035 3272 t
1069 3223 1178 3274 Καὶ
1202 3221 1622 3289 παρελεύσεται,
1653 3223 1748 3275 καὶ
1783 3223 1984 3276 καθιεῖ-

398 3332 513 3378 ται,
561 3313 657 3366 καὶ
689 3313 1142 3382 συμπλακήσεται
1190 3313 1295 3375 ἕως
1349 3313 1452 3382 τῆς
1505 3312 1688 3382 ἰσχύος
1738 3313 1923 3366 αὑτοῦ.
1957 3334 1976 3365 ι

417 3405 561 3458 Ἀντὶ
618 3405 758 3465 τοῦ,
815 3404 979 3456 παντὶ
1033 3404 1210 3456 σθένει
1261 3402 1540 3473 χρώμενος
1591 3404 1826 3473 ὁρμήσει
1885 3405 1982 3473 μὲν

399 3497 546 3550 κατὰ
577 3498 676 3566 τῆς
705 3493 1001 3561 Αἰγύπτου,
1039 3495 1241 3564 σπουδῇ
1271 3493 1329 3546 δὲ
1377 3492 1854 3564 στρατοπεδεύσει,
1887 3495 1981 3546 καὶ

402 3591 461 3640 ἐν
492 3586 674 3656 ἐκείνῃ
705 3587 771 3656 τῇ
805 3583 959 3656 χώρᾳ⁵
988 3584 1284 3656 μεταθήσει
1324 3584 1416 3638 τὸν
1459 3583 1711 3655 πόλεμον.
1760 3584 1983 3647 Τούτοις

401 3677 605 3746 ἐπάγει
624 3694 641 3710 ο

476 3767 565 3832 ια’,
593 3767 678 3839 ιβ’.
710 3787 729 3819 ι
768 3768 877 3822 Καὶ
920 3765 1342 3838 ἀγριανθήσεται
1396 3766 1425 3818 6
1456 3766 1524 3797 ⁷⁷⁶
1580 3763 1832 3836 βασιλεὺς
1885 3765 1978 3818 τοῦ

407 3857 600 3920 Νότου,
632 3857 726 3911 καὶ
779 3855 1140 3922 ἐξελεύσεται,
1194 3855 1288 3907 καὶ
1337 3853 1637 3924 πολεμήσει
1688 3855 1826 3924 μετά
1887 3854 1980 3906 τοῦ

409 3947 672 4020 βασιλέως
694 3945 789 4000 τοῦ
833 3946 1035 4018 Eappa,
1067 3946 1160 4000 καὶ
1203 3945 1392 4015 στήσει
1443 3944 1600 4014 δχλον
1652 3944 1839 4007 πολὺν,
1888 3946 1982 3996 καὶ

405 4037 844 4108 παραδοθήσεται
875 4036 1032 4106 ὄχλος
1062 4035 1108 4067 ’⁸
1145 4035 1202 4087 ὲν
1231 4035 1373 4104 χειρὶ
1403 4033 1587 4086 αὐτοῦ.
1615 4033 1726 4085 Καὶ
1754 4033 1978 4103 λήψεται

402 4128 559 4199 δχλον
586 4130 751 4181 πολὺν
771 4129 838 4192 ⁷⁸,
871 4126 967 4180 και
997 4126 1339 4201 ὑψωθήσεται
1365 4127 1399 4195 ή
1436 4123 1634 4193 καρδία
1658 4122 1846 4186 αὐτοῦ,
1880 4123 1976 4176 καὶ

403 4217 701 4271 καταϐαλεῖ
733 4215 1020 4286 μυριάδας,
1053 4214 1148 4267 καὶ
1172 4213 1274 4266 οὐκ
1305 4211 1515 4282 ἰσχύσει
1541 4211 1608 4265 ⁸ο.
1641 4229 1660 4262 ι
1714 4209 1820 4263 Τοῦ
1871 4210 1979 4280 γὰρ

404 4308 671 4377 βασιλέως
700 4308 792 4360 τοῦ
822 4307 995 4359 Νότου
1024 4302 1634 4374 ἀντιπαραταττομένου
1662 4301 1798 4372 μετὰ
1838 4304 1978 4371 πλή-

404 4400 534 4462 θους
564 4397 781 4460 πολλοῦ,
813 4396 1255 4466 περιγενήσεται,
1281 4394 1464 4463 φησὶν,
1499 4395 1528 4446 6
1563 4392 1853 4462 Ἀντίοχος,
1884 4391 1978 4445 καὶ

401 4489 632 4561 λήψεται
684 4488 778 4542 τὸν
823 4489 978 4558 ὄχλον
1027 4486 1360 4560 ὑποχείριον,
1411 4485 1505 4538 καὶ
1558 4485 1634 4547 ὡς
1681 4483 1981 4554 νενικηκὼς

402 4581 752 4652 ὑπερηφανία
785 4582 1050 4651 χρήσεται
1078 4620 1092 4644 ,
1124 4578 1218 4632 καὶ
1252 4579 1294 4609 ⁸¹
1345 4575 1545 4639 πολλὰς
1602 4575 1982 4630 κατακοντίσει

407 4674 696 4743 μυριάδας.
745 4672 884 4726 Ἀλλ’
917 4671 1067 4741 ὅμως
1113 4670 1175 4722 ού
1227 4668 1644 4739 περιγενήσεται
1677 4666 1776 4736 τῆς
1811 4665 1980 4734 Αἰγύ-

403 4779 564 4826 πτου,
595 4763 714 4815 οὐδὲ
741 4763 1002 4832 κρατήσει
1033 4761 1129 4830 τῆς
1173 4757 1265 4811 τοῦ
1295 4756 1632 4826 Πτολεμαίου
1663 4754 1941 4825 βασιλείας
1963 4774 1977 4787 ·

401 4847 464 4906 οὗ
489 4853 648 4922 χάριν
673 4851 1040 4921 δυσχεραίνων
1073 4849 1255 4910 πάλιν,
1287 4847 1451 4916 φησίν
1471 4859 1488 4877 ο

477 4947 565 5008 ιγ’.
605 4959 623 4991 ι
674 4939 1023 5010 Ἐπιστρέψει
1068 4937 1319 5008 βασιλεὺς
1361 4935 1456 4988 τοῦ
1504 4933 1704 5004 Βορῤᾶ,
1740 4935 1833 4987 καὶ
1860 4933 1978 4999 ἄξει

401 5033 558 5103 ὄχλον
583 5032 751 5085 πολὺν
776 5033 916 5102 ὑπὲρ
939 5031 1028 5083 τὸν
1053 5030 1335 5100 πρότερον,
1369 5027 1461 5080 καὶ
1489 5027 1569 5090 εἰς
1602 5025 1665 5078 τὸ
1697 5025 1849 5088 τέλος
1872 5025 1981 5078 τῶν

401 5125 631 5194 καιρῶν,
667 5124 756 5177 καὶ
800 5122 847 5154 δ’
879 5122 1226 5176 ἐπελεύσεται
1255 5119 1460 5172 εἰσόδια
1510 5120 1570 5170 ὲν
1617 5117 1843 5188 δυνάμει
1881 5134 1980 5186 με-

401 5217 544 5288 γάλῃ
563 5217 658 5269 καὶ
683 5218 741 5268 ἐν
762 5215 993 5284 ὑπάρξει
1022 5212 1246 5282 πολλῇ.»
1283 5207 1446 5273 Αὖθις
1473 5209 1604 5279 γὰρ,
1627 5209 1782 5280 φησι,
1804 5207 1979 5279 μείζω

2093 3223 2413 3290 prarteribit,
2450 3230 2504 3276 et
2553 3223 2786 3281 sedebit.
2852 3231 2906 3278 et
2957 3225 3346 3295 congredietur
3387 3241 3564 3296 usque
3597 3227 3664 3279 ad

2092 3315 2262 3367 robur
2299 3314 2440 3380 ejus.
2500 3334 2518 3367 ι
2571 3314 2684 3369 1100
2725 3329 2830 3382 est,
2869 3319 3132 3376 omnibus
3180 3319 3396 3374 viribus
3444 3318 3665 3372 invadet

2091 3405 2412 3476 Aﬁgyptnm,
2469 3416 2524 3462 et
2581 3409 2867 3463 celeritate
2932 3410 3174 3465 adhibita
3227 3421 3408 3466 castra
3467 3421 3662 3481 ponet,

2091 3499 2357 3552 translato
2386 3499 2440 3552 in
2475 3513 2594 3554 eam
2628 3500 2904 3569 regionem
2940 3501 3101 3556 bello.
3137 3501 3231 3559 llis
3257 3502 3520 3573 subjicit:

2161 3757 2328 3814 Vens.
2376 3760 2464 3825 ll,
2500 3759 2586 3814 12.
2643 3780 2662 3813 ι
2733 3760 2797 3815 Ει
2847 3761 3156 3818 irritabitur
3205 3780 3297 3818 rex
3345 3765 3549 3830 Austri,
3611 3776 3665 3821 et

2088 3851 2420 3920 egredietur,
2460 3859 2516 3905 et
2549 3852 2814 3922 pugnabit
2850 3853 2995 3907 bello
3027 3869 3152 3907 cum
3199 3870 3322 3923 rege
3351 3853 3659 3924 Aquilonis.

2088 3950 2143 3994 et
2179 3949 2385 3995 statuet
2432 3943 2649 3995 turbam
2704 3944 2955 4006 multam,
3007 3953 3061 3998 et
3100 3947 3344 4000 tradetur
3391 3949 3551 4003 turba
3607 3945 3678 4002 in’

2089 4045 2309 4083 manum
2339 4031 2480 4098 ejus.
2516 4031 2580 4084 Et
2612 4033 2788 4101 capiet
2812 4035 3024 4087 turbam
3069 4036 3316 4100 multam,
3362 4045 3417 4091 et
3450 4039 3663 4093 exalta-

2087 4120 2237 4175 bitur
2269 4135 2366 4174 cor
2403 4121 2546 4188 ejus,
2596 4131 2651 4178 et
2719 4123 2942 4190 tlejiciet
2997 4127 3170 4179 multa
3232 4128 3422 4190 millia,
3481 4114 3678 4200 neque.

2085 4211 2554 4266 corroborabitur.
2596 4231 2618 4264 ι
2645 4212 2781 4267 Cum
2807 4215 2951 4268 enim
2983 4231 3076 4269 rex
3106 4217 3295 4272 Austri
3331 4219 3656 4274 instructam

2087 4304 2301 4358 turbam
2343 4304 2570 4358 multam
2622 4305 2674 4358 in
2709 4306 2828 4360 acie
2864 4309 3207 4376 apposuerit,
3264 4312 3542 4378 superabit
3577 4315 3658 4366 in-

2067 4393 2224 4462 .quit,
2259 4393 2584 4460 Antiochus,
2633 4410 2696 4449 ac
2726 4395 3132 4450 multitudinem
3169 4398 3315 4451 illam
3349 4400 3453 4454 sibi
3491 4403 3658 4470 subji~

2083 4483 2212 4548 ciet,
2254 4493 2310 4538 et
2341 4485 2500 4552 quasi
2538 4485 2714 4540 victor
2744 4486 3000 4556 superbia
3043 4485 3220 4541 elatus
3268 4489 3437 4541 multa
3485 4490 3658 4543 homi-

2084 4589 2216 4628 num
2269 4575 2439 4628 millia
2494 4576 2767 4631 conﬁciet.
2816 4575 3202 4632 Verumtamen
3263 4594 3370 4632 non
3423 4581 3659 4648 potietur

2082 4664 2341 4736 Egypto,
2375 4683 2551 4736 neque
2579 4669 2850 4723 obtinebit
2899 4669 3173 4725 Ptolemaei
3230 4687 3481 4742 regnum.
3540 4673 3658 4738 Qua

2081 4757 2150 4814 de
2184 4776 2351 4815 causa
2387 4761 2704 4832 indignatus
2732 4777 2925 4818 rursus
2953 4781 2965 4816 :

2161 4935 2326 4991 Vens.
2377 4936 2460 4990 15.
2498 4953 2519 4986 ι
2567 4933 2910 4996 Revertetur,
2957 4935 3158 5004 inquit,
3215 4953 3306 4991 rex
3349 4937 3658 5006 Aquilonis,

2089 5035 2143 5082 ct
2170 5025 2404 5080 adducet
2441 5024 2658 5078 turbam
2690 5023 2950 5092 majorem
2989 5026 3179 5094 priori,
3215 5035 3269 5080 et
3305 5028 3359 5080 in
3390 5027 3496 5082 ﬁne
3520 5036 3658 5082 tem-

2089 5132 2282 5187 porum
2316 5115 2656 5186 ingredietur
2687 5115 3041 5183 ingretlicmlo
3063 5118 3116 5169 in
3146 5118 3348 5172 virtute
3378 5135 3572 5187 magna
3606 5127 3660 5171 ct

2087 5209 2141 5263 in
2171 5208 2479 5264 substantia
2508 5207 2698 5260 multa.
2723 5223 2745 5259 ι
2775 5205 2987 5262 Rursus
3032 5207 3175 5261 enim
3219 5209 3435 5278 majori,
3461 5211 3660 5278 inquit,

1677 5360 1910 5415 νΑιιιΑε
1950 5358 2360 5416 LECTIONES.

476 5490 542 5519 ον’
577 5488 758 5542 ἐπικλ.
789 5489 866 5542 δέ.
900 5488 1052 5558 Apud
1083 5486 1336 5558 Jostlcg.
1370 5485 1461 5538 τὸν
1495 5484 1780 5558 κληθέντα.

404 5558 459 5625 in
503 5558 543 5610 Β
578 5567 631 5610 et
669 5561 810 5625 apud
836 5558 951 5611 Jos.

1859 5483 1903 5513 7°
1941 5481 2060 5536 αὐτ.
2108 5481 2229 5536 Des.
2268 5481 2409 5550 apud
2436 5480 2552 5536 Jos.
2625 5483 2668 5514 "

1045 5559 1091 5588 "
1124 5556 1272 5626 Βτῆς
1289 5551 1750 5626 ’στρατείαςμιοε
1798 5553 1832 5605 Ι.
1867 5565 1939 5626 ῃε.
1987 5551 2087 5626 τῆς
2131 5553 2412 5626 στρατιᾶς.

2739 5483 2854 5553 ησί.
2895 5485 3016 5538 Des.
3057 5484 3108 5538 in
3136 5483 3196 5538 Β.
3297 5484 3363 5516 ’ν
3393 5483 3502 5536 τόν.
3533 5481 3656 5553 Des.

2524 5553 2577 5622 ’ξ
2605 5552 2770 5606 Ἰουδ.
2807 5552 2848 5605 Β
2895 5569 3081 5622 praem.
3115 5554 3164 5606 οἰ
3194 5553 3336 5622 quod
3360 5554 3475 5606 des.
3514 5552 3656 5618 apud

403 5624 518 5698 .103.
596 5629 663 5660 ⁷³⁸
692 5620 845 5698 Apud
886 5625 1002 5698 Jos.
1037 5629 1140 5698 leg.
1173 5620 1323 5698 πάσῃ
1356 5620 1526 5698 αὑτοῦΔ
1556 5625 1623 5693 τῇ
1667 5621 1962 5698 στρατιᾷ.λ
1989 5620 2668 5698 "eoﬁz‘DcSLapud‘Jos.
2746 5622 2793 5698 ξ’
2826 5620 3275 5698 Β-ξπαρατεέμιμυ.
3350 5623 3428 5698 ⁷³-
3450 5638 3500 5673 τ.
3535 5623 3658 5687 βας.

576 5698 629 5751 in
667 5677 1233 5764 τὴν
1262 5677 1623 5761 στρατηγίανῗ
1691 5677 1889 5743 ⁷⁷’τῶν’.
1930 5690 2051 5743 Des.
2079 5691 2130 5742 in
2163 5691 2224 5742 Β.
2316 5693 2382 5721 ⁷⁷⁸
2413 5677 2459 5743 6.
2503 5689 2561 5744 Dt

407 5767 456 5818 ὑ.
533 5769 577 5798 ⁷⁹
616 5767 737 5821 πολ.
766 5767 886 5822 Des.
909 5768 964 5822 in
990 5767 1030 5819 A
1065 5776 1118 5820 et
1159 5766 1221 5818 11.
1314 5765 1358 5796 ⁸⁸
1389 5765 1432 5815 Α
1462 5763 1519 5814 ού
1557 5761 1890 5827 κατισχύσει.
1991 5761 2032 5791 ⁸³
2066 5760 2176 5813 καί.
2207 5762 2264 5810 Β.
2303 5761 2426 5814 add.
2453 5760 2561 5827 γάρ

407 5767 456 5818 6.
533 5769 577 5798 ⁷⁹
616 5767 964 5822 πολ.1)υε.ἱη
990 5767 1030 5819 A
1065 5776 1118 5820 et
1159 5761 1221 5818 11.
1314 5765 1358 5796 ⁸⁸
1389 5765 1432 5815 Α
1462 5763 1519 5814 ού
1557 5761 1890 5830 κατισχύσει.

2316 5693 2382 5721 ⁷⁷⁸
2413 5694 2459 5743 6.
2503 5689 2624 5745 Des.
2651 5693 2703 5745 in
2734 5693 2773 5745 Α
2811 5703 2862 5745 et
2882 5693 2938 5745 Β.
2986 5689 3059 5722 ’⁷⁸
3082 5689 3197 5760 δχλζ
3227 5695 3268 5744 Λ
3299 5701 3352 5746 οι
3391 5691 3433 5741 Β
3469 5707 3656 5760 νιῖυιιισ

2690 5763 2734 5794 ⁸⁸
2770 5763 2881 5817 καί.
2923 5761 3045 5815 Des.
3087 5762 3138 5813 in
3175 5762 3236 5814 A.
